4044 6324
674 329 780 383 675

1693 331 1751 385 S.
1789 328 2161 385 EUSTATHII
2201 329 2508 385 EPISCOPI
2546 326 2964 384 ANTIOCHENI
3801 329 3892 383 676

673 445 934 501 divinitas
963 445 1020 499 in
1042 445 1219 500 tribus
1243 446 1496 516 personis
1541 454 1596 502 et
1624 445 2012 517 hypostasibus
2037 449 2234 518 praedi-

2344 446 2528 518 θεότης
2560 447 2617 497 ἐν
2645 445 2790 516 τρισὶ
2824 444 3134 515 προσώποις
3169 446 3263 499 καὶ
3289 445 3612 499 ὑποστάσεσι
3644 442 3895 511 κηρύττε-

674 544 854 591 catur.
905 535 1010 591 Per
1057 551 1201 599 eam,
1252 538 1568 605 imperator,
1613 540 1856 592 munitur
1887 547 1992 593 tua:
2020 541 2238 608 pietatis

676 627 997 695 imperium;
1026 641 1144 679 eam
1177 627 1333 680 nobis
1355 644 1512 682 serva
1547 630 1878 684 inviolatam.
1917 628 2108 685 Nullus
2131 632 2239 684 ha:-

675 721 878 772 reticns
929 719 982 771 in
1025 717 1325 772 Eeclesiam
1373 719 1692 774 subintrans
1747 737 1912 774 unum
1959 723 2162 790 aliquid
2207 736 2237 775 a

676 805 945 860 Trinitate
977 805 1213 868 auferat,
1239 806 1356 860 sine
1381 807 1587 861 honore
1621 808 1980 876 afTectumqne
2011 807 2239 876 ignomi-

675 899 768 950 nia
800 898 1138 968 relinquens,
1164 896 1310 966 quod
1339 905 1422 952 est
1447 899 1735 966 reliquum.
1769 898 1932 952 Arius
1966 899 2123 951 nobis
2143 899 2237 967 qui

675 1004 707 1042 a
739 988 921 1043 furore
945 1004 1143 1044 nomen
1178 989 1410 1058 accepit,
1442 990 1706 1044 orationis
1725 1003 1890 1042 causa
1923 998 2007 1044 est
2031 998 2084 1043 et
2106 1005 2240 1042 con-

675 1087 914 1144 ventus;
955 1079 1054 1148 qui
1083 1081 1272 1134 nescio
1299 1079 1595 1149 quomodo,
1629 1079 1684 1132 in
1715 1071 1988 1132 Ecclesim'
2010 1080 2241 1132 Alexan-

677 1171 851 1224 drina:
894 1171 1298 1240 presbyterium
1347 1171 1597 1234 allectus,
1639 1171 2009 1225 nescientibus
2054 1170 2238 1234 nobis,

679 1260 890 1314 alienus
934 1275 962 1312 a
1005 1261 1253 1314 doctrina
1281 1261 1722 1316 beatissimorum
1753 1261 2138 1330 prophetarum
2182 1270 2239 1315 et

677 1353 1051 1420 apostolorum
1086 1353 1338 1408 inventus
1385 1353 1507 1407 fuit.
1565 1351 1913 1423 Unigenitum
1959 1354 2102 1407 enim
2151 1351 2242 1405 Fi-

679 1444 810 1497 lium
845 1453 897 1498 et
933 1443 1168 1499 Verbum
1199 1442 1376 1498 Patris
1417 1460 1525 1498 non
1572 1456 1790 1499 veretur
1837 1444 2081 1513 ejusdem
2113 1459 2240 1498 cum

677 1534 856 1590 Patris
883 1537 1203 1590 substantiae
1245 1537 1525 1592 consortio
1557 1539 1788 1607 privare,
1821 1546 1874 1591 et
1903 1536 2233 1599 Creatorem,

677 1635 940 1680 creatum
967 1628 1166 1690 cultor,
1198 1629 1482 1682 contendit
1510 1632 1708 1686 creatis
1755 1644 2064 1684 accensere.
2105 1627 2239 1681 Eum

678 1724 859 1770 autem
910 1720 1272 1787 persuaseris,
1319 1720 1637 1790 imperator,
1701 1730 1907 1774 mutata
1973 1720 2239 1776 sententia

2338 555 2447 591 ται.
2477 536 2662 606 Ταύτῃ
2687 536 2998 606 τειχίζεται,
3031 535 3266 605 βασιλεῦ,
3292 536 3352 589 τδ
3384 537 3482 606 τῆς
3509 534 3788 596 εὐσεϐείας
3814 551 3893 590 σου

2340 629 2535 700 κράτος
2558 645 2572 657 ·
2630 628 2830 696 ταύτην
2888 629 2919 697 ἡ
2931 631 3021 697 μίν
3065 628 3258 682 ἀσυλον
3307 627 3652 697 διαφύλαττε.
3703 625 3894 694 Μηδεὶς

2337 719 2629 792 αἱρετικδς.
2663 719 2859 782 ὑποδὺς
2907 721 3006 790 τὴν
3043 719 3381 788 Ἐκκλησίαν,
3422 719 3480 771 ἐν
3524 736 3576 770 τι
3614 718 3708 787 τῆς
3741 718 3894 787 Τριά-

2337 813 2424 875 δος
2450 812 2770 882 ἀφαιρείτω,
2806 811 3226 881 καταλιμπάνων
3256 812 3318 864 τὸ
3337 812 3649 880 λειπόμενον
3687 811 3892 877 ἄτιμον.

2345 901 2561 970 ’Ἄρειος
2600 902 2728 970 ἡμῖν
2754 902 2782 951 ὁ
2812 899 2912 968 τῆς
2951 901 3145 970 μανίας
3188 899 3468 969 ἐπώνυμος
3501 898 3592 952 τοῦ
3626 900 3788 966 λόγου
3816 897 3893 949 καὶ

2340 993 2438 1060 τῆς
2473 991 2832 1053 συνελεύσεως
2865 991 3065 1054 αίτιος’
3105 991 3184 1054 ὃς,
3220 991 3294 1053 ὡς
3312 992 3414 1043 οὐκ
3448 991 3601 1060 ῐσμεν
3633 991 3804 1052 ὅπως,
3829 989 3894 1057 τῷ

2342 1080 2716 1152 πρεσϐυτερίῳ
2761 1082 2861 1150 τῆς
2912 1080 3294 1153 Ἀλεξανδρέων
3341 1082 3715 1150 ἐγκαταλεγεὶς
3789 1080 3896 1133 Ἐκ·

2341 1169 2585 1240 κλησίας,
2637 1171 2921 1224 ἐλάνθανεν
2967 1173 3142 1242 ἡμᾶς,
3192 1174 3291 1242 τῆς
3336 1172 3443 1225 τῶν
3498 1170 3895 1242 τρισμακαρίων

2341 1263 2633 1332 προφητῶν
2664 1265 2758 1315 καὶ
2787 1265 3096 1317 ἀποστόλων
3119 1263 3458 1326 διδασκαλίας
3479 1265 3728 1334 ὑπάρχων
3757 1263 3895 1316 ἁλλό-

2339 1371 2508 1423 τριος.
2533 1355 2634 1406 Τδν
2660 1355 2768 1424 γὰρ
2796 1353 3051 1424 μονογενῆ
3091 1354 3217 1405 Υίδν
3245 1355 3338 1406 καὶ
3367 1355 3534 1421 Λόγον
3559 1353 3648 1405 τοῦ
3687 1351 3894 1423 Πατρὸς

2340 1445 2659 1514 ἀποστερεῖν
2687 1447 2784 1515 τῆς
2812 1445 3222 1514 όμοουσιότητος
3246 1445 3337 1497 τοῦ
3366 1445 3571 1514 Πατρδς
3598 1445 3696 1495 οὐκ
3720 1444 3895 1511 ἐντρέ-

2343 1553 2525 1600 πεται,
2558 1538 2651 1588 καὶ
2673 1540 2735 1607 τῇ
2766 1537 2936 1589 κτίσει
2967 1536 3059 1589 τὸν
3081 1536 3300 1606 κτίστην
3319 1537 3348 1587 ό
3376 1536 3760 1605 κτιοτολάτρης
3788 1552 3896 1586 συν-

2341 1626 2592 1698 αριθμείν
2621 1627 2918 1695 ἐπείγεται.
2943 1627 3138 1679 Τοῦτον
3160 1627 3224 1680 ἀν
3250 1629 3506 1690 πείσειας,
3527 1627 3893 1696 αὐτοκράτωρ.

2346 1721 2801 1791 μεταφρονοῦντα,
2838 1724 2949 1784 τοῖς
2980 1721 3349 1782 ἀποπολικοῖς
3382 1720 3454 1790 μὴ
3484 1719 3797 1773 ἀντιτείνειν
3827 1717 3894 1770 δι·

679 1821 787 1859 non
817 1823 1122 1877 repugnare
1162 1811 1482 1880 apostolicis
1512 1809 1807 1878 doctrinis;
1857 1817 1951 1864 aut
1994 1811 2040 1864 si
2072 1811 2126 1864 in
2163 1810 2239 1864 si-

2344 1812 2607 1881 δάγμασιν
2625 1830 2638 1842 ·
2682 1811 2714 1881 ἦ
2747 1814 2856 1875 τοῖς
2891 1813 2948 1864 ἐν
2975 1807 3054 1875 οἷς
3084 1811 3223 1865 ἐάλω
3250 1811 3559 1875 κακοδοξίας
3590 1809 3894 1879 ἐγκείμενον

678 1898 867 1952 nistrat
893 1900 1165 1967 opinionis
1196 1901 1355 1969 cujus
1383 1911 1463 1956 est
1483 1902 1786 1965 convictus,
1817 1902 2092 1973 impietate
2114 1917 2241 1972 pera

2347 1903 2702 1974 ἀσεϐήμασιν,
2725 1904 2893 1973 ἄρδην
2915 1903 3014 1973 τῆς
3041 1903 3273 1975 Χριστοῦ
3299 1905 3390 1957 καὶ
3411 1903 3564 1974 ἡμῶν
3589 1902 3896 1968 ἀφανίσειας

679 1989 901 2051 stiterit,
930 2006 960 2042 ι
991 1990 1197 2045 Christi
1226 2001 1280 2046 et
1306 2004 1496 2047 nostro
1521 2000 1665 2046 metu
1714 2007 1941 2062 prorsus
1976 1994 2262 2048 externi--

678 2081 918 2149 naveris,
944 2097 1010 2137 ne
1034 2084 1424 2154 simpliciorum
1455 2087 1669 2142 animus
1692 2087 1929 2141 turbidis
1949 2086 2239 2142 verborum

678 2185 903 2226 suorum
939 2173 1227 2229 lenociniis
1249 2173 1549 2245 depraedari
1571 2176 1875 2246 contingat.

2347 1994 2643 2056 ἐπαύλεως,
2683 1993 2757 2056 ὡς
2791 1993 2856 2045 ἂν
2889 1994 2964 2066 μὴ
2992 1996 3088 2064 τῆς
3116 1994 3334 2065 θολερᾶς
3362 1994 3522 2046 αὑτοῦ
3544 1992 3896 2060 λογοθωπείας

2344 2085 2443 2150 τὰς
2468 2085 2575 2138 τῶν
2603 2083 2982 2157 ἁπλουστέρων
3009 2085 3185 2156 ψυχὰς
3213 2086 3508 2157 ἐργάσηται
3542 2085 3775 2156 θέραμα.

1867 2495 2739 2611 FRAGMENTA

1053 2734 1163 2796 EX
1197 2732 1450 2794 LIBRIS
1491 2733 1558 2794 S.
1603 2730 2027 2793 EUSTATHII
2090 2727 2438 2792 EPISCOPI
2510 2728 3009 2793 ANTIOCHENI
3038 2730 3513 2794 DEPERDITIS

819 2974 876 3030 In
906 2974 1038 3030 illud
1066 2973 1325 3029 Proverb.
1360 2987 1480 3037 vnt,
1504 2972 1597 3035 22,
1629 2973 1882 3027 Dominus
1914 2974 2107 3027 creavit
2141 2991 2239 3028 me.
2270 3003 2339 3014 —
2371 2973 2526 3043 Apud
2561 2972 2974 3039 Theodoritum,
3015 2973 3112 3028 lib.
3151 2989 3168 3028 t
3207 2971 3348 3028 Hist.
3377 2975 3526 3037 εστι,
3561 2989 3681 3044 cap.
3714 2977 3766 3030 8.

749 3085 974 3144 Veniam
1007 3097 1188 3143 autem
1217 3101 1361 3141 nunc
1389 3086 1458 3141 ad
1487 3103 1550 3142 ea
1581 3103 1700 3158 quae
1729 3097 1879 3158 gesta
1916 3099 2062 3144 sunt.
2097 3089 2239 3156 Quid

2416 3087 2712 3159 Βαδιοῦμαι
2757 3088 2813 3140 δὲ
2865 3087 3110 3141 ἐντεῦθεν
3160 3088 3258 3158 ἠδη
3304 3088 3395 3140 καὶ
3437 3089 3529 3141 ἐπὶ
3586 3088 3652 3140 τά
3697 3103 3898 3158 πεπρα-

677 3181 890 3251 igitur?
937 3180 1074 3234 Cum
1108 3180 1178 3236 ob
1203 3195 1295 3235 eas
1329 3196 1416 3234 res
1449 3181 1683 3233 maxima
1732 3181 1972 3250 synodus
2006 3181 2239 3235 Nic-mam

678 3273 1044 3334 convenisset,
1099 3272 1349 3326 ducentis
1380 3271 1600 3325 circiter
1632 3286 1694 3324 ac
1728 3272 2072 3341 septuaginta
2123 3273 2240 3341 epi-

679 3366 861 3433 scopis
890 3366 1092 3433 (neque
1118 3363 1264 3417 enim
1297 3379 1581 3416 numerum
1615 3369 1766 3417 certo
1785 3362 1988 3416 referre
2020 3378 2240 3432 possum

678 3459 750 3511 ob
780 3458 1050 3527 ingentem
1075 3464 1375 3509 conventus
1408 3456 1554 3508 illius
1593 3455 2015 3517 multitudinem,
2043 3457 2242 3524 quippe

677 3564 804 3602 cum
833 3563 931 3601 nec
952 3548 1005 3600 in
1041 3562 1108 3601 eo
1129 3547 1502 3616 investigando
1530 3546 1685 3600 valde
1714 3548 1969 3602 curiosus
2001 3546 2238 3615 fuerim),

678 3649 970 3710 postquam
996 3639 1061 3694 de
1085 3637 1245 3692 modo
1282 3638 1402 3692 fidei
1433 3640 1601 3708 quaari
1627 3645 1865 3708 emptum
1893 3646 1997 3704 est,
2029 3630 2242 3691 libellus

681 3731 902 3785 Eusebii
941 3729 1185 3799 prolatus
1216 3735 1301 3782 est
1335 3728 1391 3780 in
1441 3727 1699 3790 medium,
1747 3727 1867 3796 ejus
1894 3726 2244 3796 blasphemia:

678 3821 1044 3874 certissimum
1075 3825 1474 3887 argumentum.
1509 3817 1766 3881 Quicum
1802 3818 1976 3886 palam
2020 3815 2245 3870 audien-

677 3913 825 3965 tibtts
857 3909 1072 3963 cunctis
1131 3909 1392 3962 recitatus
1426 3906 1649 3970 fuisset,
1688 3909 1868 3962 statim
1906 3907 2244 3962 auditoribus

677 4006 895 4076 quidem
933 4006 1261 4058 immensum
1323 4002 1568 4055 dolorem
1625 4004 1806 4056 attulit
1862 4003 1931 4055 ob
1981 4003 2244 4055 doctrinae

677 4101 996 4170 pravitatem
1031 4117 1042 4149 :
1080 4105 1354 4150 auctorem
1385 4105 1564 4149 autem
1602 4097 1780 4164 ipsum
1811 4095 2012 4163 ingenti
2039 4094 2244 4162 pudore

679 4208 743 4246 ac
789 4192 1052 4245 dedecore
1084 4187 1280 4243 affecit.
1336 4187 1509 4243 Porro
1541 4203 1664 4240 cum
1697 4187 2125 4241 Eusebianorum
2157 4187 2240 4240 of-

680 4286 839 4340 ﬁcina
865 4283 976 4351 jam
1000 4282 1210 4335 detecta
1242 4288 1409 4344 esset,
1435 4289 1488 4335 et
1515 4279 1712 4348 impius
1749 4278 1961 4332 libellus
2003 4278 2057 4331 in
2105 4293 2239 4356 con-

678 4384 865 4444 spectu
899 4371 1141 4425 omnium
1199 4369 1552 4438 discerptus;
1615 4368 1835 4437 quidam
1886 4367 2240 4428 nihilominus

2348 3179 2544 3249 γμένα.
2582 3179 2646 3230 Τί
2680 3174 2803 3242 οὗνς
2836 3179 3019 3249 ἐπειδὴ
3042 3178 3129 3232 διά
3153 3180 3320 3231 ταῦτα
3352 3178 3562 3240 σύνοδος
3583 3181 3663 3239 είς
3691 3179 3788 3248 τὴν
3813 3178 3901 3229 Νι-

2348 3273 2524 3326 καέων
2553 3273 2858 3340 ἀφικνεῖται
2892 3273 3148 3342 μεγίστη,
3193 3273 3479 3325 διακοσίων
3515 3274 3640 3341 μήτι
3694 3290 3758 3338 γε
3820 3275 3904 3324 καὶ

2349 3363 2714 3431 ἐϐδομήκοντα
2741 3362 2829 3413 τὸν
2855 3363 3083 3433 ἀριθμὸν
3110 3363 3271 3432 ὁμόσε
3298 3363 3681 3432 συναχθέντων·
3717 3364 3777 3416 τδ
3805 3363 3904 3433 γάρ

2350 3453 2516 3521 σαφὲς
2554 3451 2642 3503 διά
2685 3452 2775 3505 τὸν
2823 3452 2922 3520 τῆς
2964 3453 3320 3523 πολυανδρίας
3362 3453 3514 3522 ὄχλον
3545 3455 3641 3522 οὐχ
3697 3449 3808 3516 οἷός
3850 3456 3905 3506 τέ

2347 3545 2462 3612 εἰμι
2486 3542 2734 3611 γράφειν,
2753 3542 2935 3612 ἐπειδὴ
2959 3541 3032 3612 μὴ
3063 3543 3235 3614 πάντη
3258 3543 3413 3595 τοῦτο
3435 3544 3906 3615 περισπουδάστως

2348 3633 2655 3701 ἀνίχνευον·
2692 3633 2766 3693 ὡς
2802 3633 2856 3684 δέ
2904 3631 3148 3701 ἐζητεῖτο
3190 3633 3288 3702 τῆς
3345 3634 3576 3695 πίστεως
3623 3636 3649 3686 ό
3690 3635 3907 3704 τρόπος,

2349 3720 2579 3790 ἐναργὴς
2612 3720 2715 3790 μὴν
2750 3721 2966 3789 ἐλεγχος
2997 3721 3057 3773 τὸ
3085 3722 3314 3792 γράμμα
3340 3723 3438 3791 τῆς
3465 3723 3722 3775 Εὐσεϐίου
3756 3725 3910 3796 πρού-

2350 3810 2571 3863 ϐάλλετο
2606 3810 2968 3880 βλασφημίας.
3031 3812 3153 3864 Ἐπὶ
3197 3813 3411 3865 πάντων
3453 3812 3510 3865 δὲ
3542 3813 3906 3880 ἀναγνωσθέν,

2349 3902 2546 3954 αὐτίκα
2599 3901 2880 3972 συμφορὰν
2937 3902 3041 3972 μὴν
3097 3901 3439 3973 ἀστάθμητον
3487 3906 3585 3974 τῆς
3637 3906 3909 3976 ἐκτροπῆς

2349 3994 2510 4046 ἕνεκα
2563 3997 2673 4056 τοῖς
2706 3995 2992 4062 αὑτηκόοις
3027 3994 3340 4065 προύξένει·
3387 3998 3647 4068 αἰσχύνην
3693 3998 3738 4049 δ’
3782 4000 3908 4069 ἀνή-

2350 4099 2536 4134 κεστον
2568 4083 2644 4153 τῷ
2677 4084 2947 4154 γράψαντι
2989 4087 3264 4154 παρεῖχεν.
3317 4086 3527 4156 Ἐπειδὴ
3563 4086 3619 4138 δὲ
3648 4087 3710 4139 τὸ
3745 4089 3907 4159 ἐργα-

2352 4177 2570 4244 στήριον
2597 4175 2704 4227 τῶν
2729 4176 2868 4244 ἀμφὶ
2896 4176 2986 4228 τὸν
3011 4177 3266 4228 Εὐσέϐιον
3287 4178 3470 4245 σαφῶς
3495 4178 3654 4241 ἑάλω,
3683 4180 3780 4232 τοῦ
3810 4199 3908 4232 πα-

2348 4267 2583 4336 ρανόμου
2614 4268 2937 4337 γράμματος
2976 4267 3357 4337 διαρῤαγέντος
3389 4269 3479 4321 ὑπ’
3520 4269 3638 4337 ὄψει
3669 4273 3904 4332 πάντων,

2347 4358 2480 4426 ὁμοῦ
2515 4376 2656 4420 τινες
2691 4360 2754 4410 ἐκ
2787 4359 3071 4427 πσκευῆς,
3096 4359 3329 4428 τοῦνομα
3360 4360 3782 4432 προϐαλλόμενοι
3814 4364 3905 4432 τῆς

676 4481 745 4520 ex
777 4464 1080 4531 composito
1115 4477 1310 4516 nomen
1342 4463 1495 4531 pacis
1550 4458 1946 4528 praztendentes
1968 4497 1982 4521 ,
2018 4458 2241 4526 reliquis

2351 4451 2592 4520 εἰρήνης,
2627 4449 2988 4518 κατεσίγησαν
3028 4450 3126 4519 μὲν
3165 4451 3408 4513 ἅπαντας
3440 4453 3564 4514 τοὺς
3597 4454 3798 4522 ἄριστα
3825 4454 3906 4508 λέ-

676 4556 932 4610 omnibus
960 4553 1053 4623 qui
1089 4554 1292 4622 optima
1331 4553 1513 4607 dicere
1571 4555 1973 4604 consueverant
2000 4588 2016 4613 ,
2076 4549 2245 4604 silen-

677 4646 814 4701 tium
851 4647 1249 4715 imposuerunt.
1281 4643 1469 4696 Ariani
1499 4657 1649 4704 vero,
1685 4647 1988 4695 metuentes
2044 4655 2132 4699 ne,
2165 4648 2244 4694 tot

677 4739 949 4808 episcopis
995 4739 1052 4791 in
1089 4753 1255 4790 unum
1279 4735 1643 4804 congregatis,
1679 4734 1783 4803 ipsi
1818 4732 2058 4786 Ecclesia
2083 4732 2245 4800 ejiceo

679 4837 888 4894 rentur,
911 4828 965 4880 in
992 4827 1227 4881 medium
1257 4827 1624 4896 prosilientes,
1647 4825 1840 4893 dogma
1871 4823 2012 4892 quod
2041 4823 2244 4891 impro-

679 4921 864 4975 batum
889 4917 1086 4979 fuerat,
1118 4917 1462 4970 anathemate
1483 4916 1834 4977 damnarunt,
1855 4923 1908 4967 et
1941 4913 2123 4966 libello
2150 4914 2242 4981 qui

679 5011 925 5065 unanimi
949 5011 1192 5063 omnium
1222 5023 1493 5062 consensu
1526 5007 1871 5075 conscriptus
1898 5004 2088 5066 fuerat,
2119 5020 2245 5074 pro-

679 5104 796 5173 pria
826 5117 989 5156 manu
1008 5099 1474 5168 subscripserunt.
1504 5096 1706 5151 Verum
1739 5098 2035 5168 episcopali
2065 5097 2246 5166 digni-

678 5200 792 5246 tate
825 5208 920 5261 per
963 5191 1226 5244 ambitum
1255 5195 1309 5243 et
1335 5188 1590 5244 assiduas
1640 5187 2099 5256 interpellationes
2154 5201 2241 5239 re-

679 5292 852 5347 tenta,
894 5298 1018 5336 cum
1049 5295 1146 5335 eos
1180 5281 1552 5350 pmnitentiam
1579 5294 1738 5348 agere
1767 5285 2060 5348 oporteret,
2091 5278 2245 5332 dam~

680 5383 839 5431 natas
895 5374 1178 5442 opiniones
1221 5386 1365 5425 nunc
1414 5371 1576 5433 clam,
1631 5385 1778 5424 nunc
1823 5380 2006 5439 aperte
2053 5369 2242 5423 defen-

680 5466 837 5526 dunt,
862 5465 1030 5517 variis
1050 5460 1611 5533 argumentationibus
1638 5460 1979 5514 insidiantes.
2015 5459 2246 5528 Cupien-

680 5565 766 5611 tes
798 5563 972 5609 autem
1003 5555 1340 5608 zizaniorum
1372 5555 1576 5607 semina
1605 5552 1868 5615 stabilire,
1917 5553 2120 5621 peritos
2144 5552 2242 5604 ho-

679 5649 855 5701 mines
871 5643 1244 5707 reformidant,
1269 5653 1322 5698 et
1343 5658 1566 5713 sagaces
1583 5645 1917 5711 inspectores
1931 5642 2203 5711 refugiunt
2224 5661 2235 5694 :

680 5746 843 5807 atque
876 5735 1078 5792 idcirco
1108 5732 1326 5804 pietatis
1354 5747 1636 5803 praecones
1659 5731 1801 5787 bello
1829 5738 2106 5802 appetunt.
2138 5728 2240 5784 Ve-

2345 4559 2460 4610 γειν
2488 4541 2761 4603 είωθότας.
2793 4543 2854 4593 Oi
2888 4541 2932 4595 δ’
2975 4543 3369 4612 ’Ᾱρειομανῖται
3396 4543 3684 4607 δείσαντες,
3713 4549 3903 4616 μήπως

2346 4635 2451 4703 ἄρα
2499 4633 2764 4701 τοσαύτης
2812 4635 2868 4685 ἐν
2912 4632 3090 4704 ταύτῷ
3134 4635 3348 4687 συνόδου
3398 4640 3903 4708 συγκεκροτημένης

2347 4722 2828 4792 ἐξοπρακισθεῖεν,
2857 4720 3307 4791 ἁναθεματίζουσι
3336 4722 3433 4792 μὲν
3463 4723 3904 4793 προπηδήσαντες

2344 4815 2406 4866 τὸ
2469 4814 2908 4884 ἀπηγορευμένον
2968 4813 3160 4883 δόγμα,
3224 4811 3532 4884 συμφώνοις
3585 4815 3901 4884 γράμμασιν

2348 4906 2754 4975 ὑπογράψαντες
2817 4906 3109 4975 αὐτοχειρί.
3179 4903 3297 4958 Τῶν
3357 4904 3414 4956 δέ
3471 4904 3765 4976 προεδριῶν
3819 4906 3900 4958 διά

2347 4994 2602 5062 πλείστης
2633 4995 2761 5063 ὅσης
2789 4994 3121 5064 περιδρομῆς
3150 4995 3540 5064 κρατήσαντες,
3567 4993 3682 5046 δέον
3707 4995 3899 5055 αὐτοὺς

2346 5088 2656 5140 ὑπόπτωσιν
2695 5085 3013 5154 λαμϐάνειν,
3045 5083 3165 5136 τοτὲ
3214 5083 3312 5153 μὲν
3345 5083 3659 5152 λεληθότως,
3700 5086 3820 5137 τοτέ
3846 5085 3898 5137 δὲ

2347 5180 2634 5250 προφανῶς
2673 5179 2770 5241 τάς
2809 5177 3281 5249 ἁποψηφισθείσας
3332 5176 3684 5247 πρεσϐεύουσι
3713 5177 3893 5241 δόξας,

2344 5270 2617 5339 διαφόροις
2651 5267 3083 5330 ἐπιϐουλεύοντες
3123 5270 3233 5329 τοῖς
3280 5266 3536 5334 ἐλέγχοις.
3585 5265 3891 5334 Βουλόμενοι

2342 5361 2398 5413 δὲ
2438 5361 2714 5428 παγιῶσαι
2745 5358 2813 5412 τὰ
2844 5358 3129 5427 ζιζανιώδη
3157 5359 3428 5428 φυτουργή
3439 5374 3602 5426 ματα,
3637 5357 3892 5409 δεδοίκασι

2341 5455 2466 5516 τοὺς
2497 5452 2892 5521 ἐπιγνώμονας,
2915 5453 3007 5516 καὶ
3030 5450 3330 5504 ἐκκλίνουσι
3362 5453 3485 5513 τοὺς
3515 5451 3736 5520 ἐφόρους
3755 5466 3769 5478 ·
3806 5451 3890 5503 καὶ

2340 5546 2512 5618 ταύτῃ
2557 5546 2682 5607 τοὺς
2728 5545 2826 5613 τῆς
2878 5542 3154 5605 εὐσεϐείας
3197 5544 3439 5613 κήρυκας
3484 5542 3886 5610 ὲκπολεμοῦσιν.

2343 5641 2453 5708 Ούχ
2486 5638 2626 5690 οὓτω
2656 5637 2711 5688 δὲ
2747 5635 3090 5705 πιστεύομεν,
3131 5635 3204 5697 ὡς
3240 5634 3558 5704 ἀνθρώπους
3585 5634 3775 5696 ἀθέους
3803 5632 3886 5684 δύο

2342 5728 2534 5783 νασθαι
2577 5726 2845 5798 κρατῆσαι
2891 5727 3104 5780 πώποτε
3155 5724 3248 5779 τοῦ
3294 5724 3459 5778 θείου.
3490 5725 3614 5780 Κᾶν
3652 5725 3760 5790 γὰρ
3795 5727 3884 5780 πό-
