4044 6324
139 361 261 421 677

1569 359 1993 417 FRAGMENTA
2006 404 2018 416 .

3281 367 3385 421 078

140 478 239 536 λιν
273 480 553 550 ἰσχύσωσι,
596 480 690 532 καὶ
717 479 876 532 πάλιν
911 479 1299 551 ἡττηθήσονται
1342 480 1479 534 κατὰ
1503 482 1594 533 τὸν
1637 498 1723 533 σε-

1833 495 1946 532 rum
1976 495 2044 534 ne
2078 479 2159 534 sic
2186 480 2402 549 quidem
2433 482 2728 548 credimus,
2780 483 2978 553 impios
3031 482 3281 538 homines
3305 488 3390 537 di-

141 573 436 646 βνόφωνον
464 574 748 644 προφήτην
778 574 1020 627 Ἡσαΐαν.

1829 572 2011 624 vinum
2048 587 2248 626 numen
2303 587 2540 642 unquam
2596 589 2757 643 posse
2815 574 3386 644 superare.~Quamvie

1825 663 1968 717 enim
1984 663 2129 715 vires
2145 662 2322 716 denuo
2343 673 2681 733 comparent,
2708 665 2887 721 denuo
2902 666 3210 734 vincentur,
3230 667 3388 737 juxta

1824 752 2169 822 magniﬁcum
2198 754 2516 824 prophetam
2549 752 2764 810 Isaiam.

854 856 1004 934 Apud
1037 857 1286 912 eumdem
1310 853 1720 914 Theodoritum.

1833 865 1901 918 al.
1939 865 2134 936 ι.ομρ.
2167 877 2295 921 ιοιη.
2321 867 2412 932 ιν,
2441 884 2563 940 pag.
2596 868 2686 923 '58.

147 965 270 1022 Τοῦ
299 962 490 1022 αὐτοῦ
537 965 607 1020 ἐκ
637 963 744 1017 τοῦ
769 967 953 1031 λόγου
986 967 1072 1031 εὶς
1102 968 1187 1018 τό-
1219 983 1238 1016 ι
1284 969 1496 1034 Κύριος
1524 969 1726 1026 ἐκτισέ

214 1099 228 1110 .
539 1073 616 1124 με
654 1056 851 1126 ἀρχὴν
879 1059 1035 1110 ὁδῶν
1061 1056 1270 1110 αὐτοῦ.
1315 1078 1332 1110 ι

221 1148 288 1199 ΕΞ
317 1147 417 1216 μὲν
444 1143 536 1200 οὖν
569 1148 740 1218 ἀρχὴν
767 1149 865 1218 τῆς
891 1149 1190 1219 γεννήσεως
1219 1143 1439 1221 εἴληφεν
1471 1153 1499 1204 6
1531 1153 1721 1221 Λόγος,

138 1241 247 1310 ἀφ’
276 1237 338 1294 οὗ
377 1240 464 1293 διὰ
497 1242 594 1310 τῆς
640 1241 896 1312 μητρῴας
923 1242 1194 1306 διοδεύσας
1224 1244 1455 1315 γαστρὸς
1487 1245 1587 1308 τὰς
1616 1263 1720 1297 σω-

145 1331 395 1398 ματικὰς
436 1331 691 1402 ὲφόρεσεν
736 1333 1021 1402 ἁρμονίας,
1067 1334 1418 1404 συνέστηκεν,
1453 1335 1532 1387 ὅτι
1564 1335 1718 1402 γέγο-

143 1436 244 1470 νεν
275 1421 340 1471 ὲκ
367 1419 649 1486 γυναικός-⁸
686 1422 734 1472 εί
765 1419 822 1472 δὲ
860 1419 1028 1486 Λόγος
1071 1420 1164 1472 καὶ⁸
1193 1419 1322 1482 Θεὸς
1352 1415 1417 1488 ἦν
1459 1420 1720 1472 ἀνέκαθεν

146 1513 311 1589 παρὰ
341 1511 419 1582 τῷ
451 1511 645 1582 Πατρὶ,
694 1513 785 1564 καὶ
824 1510 893 1563 τὰ
934 1510 1220 1580 σύμπαντα
1257 1511 1322 1564 δι’
1367 1511 1528 1564 αὑτοῦ
1562 1529 1720 1579 γεγε-

146 1604 353 1674 νῆσθαί
384 1621 595 1673 φαμεν,
633 1605 732 1657 οὐκ
763 1606 871 1675 ἄρα
899 1604 1116 1671 γέγονεν
1158 1606 1223 1657 ὲκ
1263 1605 1516 1673 γυναικὸς
1553 1606 1582 1657 6
1624 1605 1719 1666 ὢν,

147 1695 253 1747 καὶ
281 1698 393 1757 τοῖς
424 1699 696 1765 γεννητοῖς
737 1695 937 1747 ἅπασιν
976 1694 1145 1760 αῐτιος
1179 1695 1254 1748 ὢν
1274 1713 1288 1726 ·
1321 1696 1434 1749 ἀλλ’
1477 1696 1589 1748 ἐστι
1627 1696 1725 1766 τὴν

1832 974 2104 1045 Ejusdem,
2128 993 2192 1031 ex
2218 995 2451 1060 rerumne
2477 982 2532 1060 in
2567 980 2700 1032 illud
2718 996 2737 1032 :
2765 999 2783 1030 ι
2816 979 3068 1034 Dominus
3095 983 3286 1035 creauit
3311 1000 3389 1037 mc

2249 1052 2452 1101 initium
2476 1053 2676 1103 viarum
2698 1067 2930 1103 suarum.
2947 1073 2966 1102 ι

1902 1135 1958 1190 Si
1982 1152 2110 1208 ergo
2138 1131 2504 1208 generationis
2535 1141 2860 1210 principium
2887 1143 3096 1212 accepit
3129 1140 3385 1206 Verbum,

1829 1243 1896 1282 ex
1917 1244 2025 1299 quo
2071 1245 2166 1299 per
2194 1237 2498 1285 maternum
2531 1234 2806 1287 transiens
2841 1241 3052 1287 uterum
3085 1236 3390 1303 corporalia

1826 1321 2068 1379 membra
2102 1322 2354 1392 gestavit,
2386 1332 2600 1377 constat
2627 1324 2771 1394 quod
2823 1323 2998 1380 factus
3029 1334 3112 1379 est
3152 1343 3216 1380 ex
3270 1343 3391 1380 mu-

1829 1411 1979 1466 liere.
2015 1412 2081 1465 At
2112 1413 2158 1466 si
2204 1410 2440 1466 Verbum
2472 1424 2524 1466 et
2556 1413 2696 1470 Deus
2739 1423 2899 1469 antea
2945 1423 3061 1469 erat
3101 1417 3241 1484 apud
3289 1415 3393 1469 Pa-

1829 1511 1966 1556 trem
1997 1511 2049 1556 et
2084 1503 2335 1557 universa
2367 1518 2462 1572 per
2488 1505 2661 1572 ipsum
2689 1503 2828 1558 facta
2855 1521 2976 1560 esse
2999 1506 3254 1568 dicimus,
3281 1521 3390 1559 non

1828 1603 1912 1650 est
1940 1596 2122 1665 utique
2173 1593 2349 1649 factus
2378 1610 2443 1649 ex
2468 1596 2692 1651 muliere
2719 1637 2732 1660 ,
2769 1598 2864 1667 qui
2901 1605 3004 1660 est,
3039 1605 3092 1651 et
3122 1598 3392 1654 creaturis

1830 1687 2083 1743 omnibus
2113 1698 2170 1742 ut
2204 1689 2315 1742 sint
2346 1702 2565 1742 causam
2594 1689 2834 1756 praebet:
2882 1689 2977 1744 sed
3010 1688 3152 1745 Deus
3197 1703 3392 1744 natura

147 1785 318 1854 φύσιν
352 1788 482 1850 Θεὸς
515 1788 812 1858 αὐτάρκης,
844 1786 1085 1858 ἄπειρος,
1120 1789 1469 1860 ἀπερινόητος
1489 1805 1501 1818 ο
1540 1791 1603 1841 ὲκ
1630 1806 1726 1856 γυ-

1833 1780 2374 1844 cst,omuibusbonis
2391 1779 2695 1845 abundans,
2728 1782 2990 1846 inﬁnitus,
3023 1791 3077 1838 et
3103 1785 3394 1852 quimente

147 1880 343 1941 ναικὸς
372 1880 426 1931 δὲ
464 1880 684 1947 γέγονεν
715 1878 1016 1950 ἄνθρωπος,
1045 1882 1073 1933 6
1107 1883 1164 1934 ὲν
1195 1884 1259 1952 τῇ
1292 1881 1588 1954 παρθενικῇ
1622 1884 1724 1952 μή..

147 1983 263 2039 τρᾳ
288 1969 564 2040 Πνεύματι
594 1970 790 2038 παγεὶς
824 1969 982 2039 ἁγίῳ.

1831 1871 2213 1942 comprehendi
2247 1872 2434 1940 nequit
2461 1891 2473 1925 :
2505 1887 2570 1925 ex
2601 1873 2827 1927 muliere
2872 1883 3050 1928 autem
3105 1873 3280 1929 factus
3310 1882 3395 1927 est

1831 1959 2014 2023 homo,
2039 1961 2131 2030 qui
2162 1960 2217 2013 in
2237 1959 2491 2032 virginali
2519 1967 2675 2015 utero
2694 1961 2898 2031 Spiritu
2917 1970 3106 2018 sancto
3131 1963 3396 2050 formatus

1829 2058 1935 2105 est.

1663 2163 1867 2217 Inlusit.

421 2278 529 2332 Τοῦ
560 2279 776 2342 αὐτοῦ,
805 2280 872 2334 ἐκ
913 2281 1018 2336 τοῦ
1057 2281 1243 2335 αὑτοῦ
1271 2283 1476 2350 λόγου.

230 2369 378 2432 Ναὺς
409 2370 517 2442 γὰρ
546 2370 748 2441 κυρίως
773 2374 802 2425 6
830 2372 1066 2445 καθαρὸς
1094 2374 1186 2425 καὶ
1213 2374 1493 2444 ἄχραντος,
1528 2374 1561 2442 ἡ
1588 2371 1730 2424 κατὰ

154 2459 252 2511 τὸν
290 2458 571 2528 ἄνθρωπόν
602 2461 715 2510 ἐστι
749 2460 875 2528 περὶ
905 2460 996 2512 τὸν
1023 2461 1192 2527 Λόγον
1226 2461 1417 2528 σκηνὴ,
1443 2458 1568 2510 ἔνθα
1598 2474 1730 2526 προ-

159 2549 348 2617 φανῶς
378 2549 681 2620 σκηνὼσας,
709 2550 920 2621 ᾤκησεν
952 2553 980 2604 6
1012 2551 1161 2614 Θεός.
1195 2552 1303 2603 Καὶ
1338 2550 1508 2602 ταῦτα
1540 2551 1639 2601 οὐκ
1666 2551 1730 2600 ἐκ

157 2642 270 2694 τῶν
314 2642 536 2694 εἰκότων
569 2643 766 2713 φαμέν.
801 2644 1001 2697 Τούτου
1052 2643 1160 2713 γὰρ
1193 2645 1220 2694 6
1261 2642 1417 2709 φύσει
1453 2641 1547 2692 τοῦ
1595 2641 1729 2694 Θεοῦ

162 2727 312 2792 Υἱὸς,
369 2729 466 2798 τὴν
518 2729 667 2782 λύσιν
715 2733 808 2784 καὶ
868 2733 1160 2785 ἀνάστασιν
1205 2731 1591 2801 προαγορεύων
1636 2731 1729 2785 τοῦ

161 2816 300 2880 νεὼ,
355 2820 736 2886 ἀναμφιὸὀλως
783 2823 930 2889 ἡμᾶς
981 2821 1246 2873 διδάσκων
1298 2820 1564 2887 ὲφοδιάςει
1618 2825 1731 2885 τοῖς

163 2910 472 2980 μιαιφόνοις
520 2912 740 2978 φάσκων
797 2911 1102 2974 Ἰουδαίοις·
1146 2912 1381 2965 Λύσατε
1425 2912 1531 2963 τὸν
1581 2912 1731 2967 ναὸν

163 3001 401 3068 τοῦτον,
435 3001 531 3056 καὶ
562 3004 630 3055 ἐν
659 3004 853 3071 τρισὶν
878 3002 1122 3072 ἡμέραις
1149 3004 1329 3074 ἐγερῶ
1355 3007 1558 3059 αὐτόν.

2183 2276 2455 2345 Ejusdem,
2487 2294 2550 2332 ea:
2584 2279 2761 2332 eodem
2789 2296 3042 2334 sermone.

1903 2368 2182 2440 Templum
2206 2370 2350 2424 enim
2375 2370 2589 2441 proprie
2616 2372 2877 2426 mundum
2897 2381 2949 2427 et
2967 2374 3393 2440 immaculatum,

1833 2470 1916 2515 est
1951 2461 2245 2514 humanum
2287 2459 2447 2515 Verbi
2478 2463 2911 2527 tabernaculum,
2943 2465 2998 2518 in
3028 2481 3136 2533 quo
3171 2481 3228 2522 sc
3260 2482 3393 2520 con-

1835 2553 2171 2621 spiciendum
2194 2553 2440 2621 praebens
2461 2552 2723 2607 habitavit
2741 2553 2904 2609 Deus.
2927 2553 3110 2624 Neque
3132 2573 3259 2609 vero
3282 2557 3398 2610 limo

1832 2643 2205 2712 probabilibus
2236 2644 2384 2697 ducti
2420 2645 2750 2712 coniecturis
2781 2645 3033 2699 dicimus.
3066 2645 3199 2700 Nam
3239 2648 3285 2701 is
3303 2649 3397 2718 qui

1832 2742 2027 2787 natura
2075 2732 2243 2787 Filius
2274 2733 2365 2788 Dei
2401 2745 2513 2795 est,
2550 2735 2715 2802 hujus
2753 2737 2936 2805 templi
2969 2737 3398 2794 destructionem

1830 2832 1886 2877 et
1914 2825 2364 2879 instaurationem
2393 2825 2714 2894 praedicens,
2764 2829 2883 2882 sine
2913 2829 3020 2881 ulla
3045 2831 3399 2900 ambiguitate

1837 2932 1937 2970 nos
1967 2917 2068 2970 hac
2101 2917 2168 2969 de
2188 2933 2243 2970 rc
2273 2917 2474 2978 docuit,
2505 2919 2748 2973 cruentis
2777 2918 2978 2974 Iudaeis
3011 2921 3199 2976 dicens
3227 2942 3238 2977 :
3277 2921 3400 2978 Sol—

1837 3009 1935 3060 uite
1971 3010 2217 3074 templum
2264 3009 2392 3076 hoc,
2425 3019 2473 3063 et
2505 3012 2560 3063 in
2593 3011 2760 3066 tribus
2810 3012 2991 3066 diebus
3040 3015 3281 3069 excitabo
3320 3016 3399 3084 ip-

1762 3083 1802 3136 (ἶ
1839 3115 1954 3149 sum
1989 3100 2053 3150 ⁷⁷.

1668 3211 1868 3267 [Βωειι.

411 3323 521 3376 Τοῦ
566 3323 785 3386 αὐτοῦ,
835 3323 905 3376 ἐκ
943 3324 1050 3377 τοῦ
1085 3325 1268 3395 αὐτοῦ
1295 3326 1500 3393 λόγου.

243 3413 514 3484 ὐπηνίκα
545 3410 636 3466 οὖν
667 3414 756 3465 τὸν
794 3413 1074 3484 ἄνθρωπον
1105 3417 1446 3484 ναουργήσας
1473 3417 1732 3487 ὲφόρεσεν

165 3509 193 3558 6
216 3507 405 3573 Λόγος,
437 3503 646 3574 σώματι
676 3506 773 3575 μὲν
798 3507 908 3568 τοῖς
931 3505 1232 3575 ἀνθρώποις
1262 3507 1571 3574 ἐπιφοιτῶν,
1598 3527 1732 3562 παν-

165 3597 402 3659 meum;
435 3597 678 3666 ἀοράτως
720 3597 1161 3666 θαυματουργίας
1203 3597 1577 3663 ἐπεδείκνυτο,
1610 3603 1732 3663 τοὺς

166 3689 222 3740 δὲ
272 3688 597 3750 ἀποστόλους
643 3689 890 3758 κήρυκας
940 3688 1040 3756 τῆς
1077 3688 1246 3741 ἀϊδίου
1298 3688 1569 3756 βασιλείας
1615 3691 1729 3755 ἐξέ-

169 3796 373 3850 πεμπε.

2230 3331 2502 3395 Ejusdem,
2542 3347 2607 3385 ea:
2634 3331 2811 3385 eodem
2845 3330 2998 3383 libro.

1909 3420 2134 3487 Quando
2182 3424 2345 3492 igitur
2388 3425 2661 3479 hominem
2718 3432 2975 3491 tanquam
3026 3422 3285 3492 templum
3322 3422 3401 3476 fa-

1837 3513 2108 3568 bricatum
2129 3511 2365 3569 Verbum
2429 3515 2702 3585 gestavit,
2746 3529 2975 3582 corpore
3007 3514 3223 3582 quidem
3259 3515 3400 3568 inter

1841 3603 2088 3659 homines
2111 3616 2385 3659 versatum
2401 3601 2673 3666 est,varia
2701 3613 2880 3658 autem
2917 3603 3175 3657 miracula
3208 3605 3400 3658 invisi-

1837 3695 2018 3748 biliter
2070 3696 2237 3750 edidit
2292 3706 2344 3752 et
2375 3697 2649 3765 apostolos
2695 3696 2884 3750 aeterni
2935 3695 3085 3766 regni
3124 3711 3402 3764 putt-ones

1840 3786 2008 3840 misit.

1077 3890 1232 3959 Apud
1264 3904 1512 3946 eumdem
1541 3892 1949 3962 Thcodoritum,
1989 3899 2130 3954 hiat.
2159 3917 2218 3965 ll,
2249 3917 2370 3971 pag.
2397 3901 2486 3956 90.

173 4032 285 4087 Τοῦ
325 4029 529 4101 αὐτοῦ,
573 4030 639 4101 ἐκ
682 4028 787 4101 τοῦ
832 4029 1171 4101 λόγου-τοῦ
1203 4031 1290 4095 εἰς
1339 4033 1421 4084 τό·
1462 4050 1479 4082 ι
1519 4035 1732 4101 Κύριος

435 4099 634 4152 ἐκτισέ
656 4116 732 4166 με
759 4098 954 4166 ἀρχὴν
989 4097 1142 4150 ὁδῶν
1187 4101 1390 4154 αὑτοῦ.
1443 4121 1460 4153 ι

239 4211 315 4264 06
348 4210 455 4281 γὰρ
489 4205 638 4262 εἶπεν
667 4228 694 4261 ο
727 4210 936 4272 Παῦλος
967 4211 1320 4282 συμμόρφους
1347 4213 1438 4265 τοῦ
1479 4214 1608 4268 Υἱοῦ
1641 4215 1733 4268 τοῦ

168 4303 326 4364 Θεοῦ,
353 4303 484 4355 ἀλλα
513 4303 902 4371 συμμόρφους
926 4300 1031 4369 τῆς
1062 4305 1294 4368 εἰκόνος
1327 4305 1431 4358 τοῦ
1477 4307 1613 4359 Υἱοῦ
1637 4311 1737 4361 αὑ-

171 4396 310 4449 τσῦ’
353 4395 478 4448 ἄλλο
516 4394 614 4464 μέν
643 4411 694 4446 τι
725 4393 981 4446 δεικνύων
1013 4395 1104 4446 τὸν
1140 4394 1265 4446 Υἱὸν
1307 4390 1464 4459 εἶναι,
1510 4397 1638 4450 ἄλλο
1673 4399 1729 4450 δὲ

169 4487 268 4557 τὴν
298 4489 481 4538 εἰκονα
526 4484 706 4537 αὑτοῦ·
751 4487 780 4538 ὁ
811 4486 908 4554 μὲν
941 4485 1045 4558 γὰρ
1077 4485 1224 4550 Υἱὸς,
1253 4486 1317 4538 τὰ
1348 4487 1465 4541 θεῖα
1507 4489 1604 4558 τῆς
1639 4506 1740 4542 πα-

170 4577 353 4648 τρῴας
396 4576 591 4646 ἀρετῆς
630 4577 982 4647 γνωρίσματα
1027 4577 1229 4648 φέρων,
1281 4580 1440 4632 εἰκών
1486 4582 1600 4632 ἐστι
1645 4581 1738 4634 τοῦ

171 4668 404 4738 Ματρὸς,
447 4667 635 4737 ἐπειδὴ
683 4669 776 4722 καὶ
817 4669 989 4738 ὅμοιοι
1033 4667 1092 4732 ἐξ
1142 4670 1341 4738 ὁμοίιον
1388 4671 1738 4770 γξιιώμενοι,

173 4759 380 4822 εἰκόνες
432 4761 481 4810 oi.
538 4759 842 4828 τικτόμενοι
899 4759 1178 4826 φαίνονται
1235 4760 1341 4812 τῶν
1401 4759 1740 4832 γέννητόρων

173 4849 412 4918 ἀληθεῖς.
462 4847 519 4900 Ὅ
548 4849 604 4901 δὲ
652 4847 952 4918 ἄνθρωπος,
990 4847 1048 4898 ὃν
1092 4848 1376 4919 ὲφόρησεν,
1415 4849 1576 4901 εἰκών
1621 4851 1737 4902 ἐστι

172 4942 269 4996 τοῦ
325 4940 491 5002 Υίοῦ,
543 4939 633 4992 τοῦ
685 4927 779 4992 καὶ
832 4937 891 5002 ἐξ
954 4938 1217 5008 ἀνομοίων
1277 4940 1738 5010 κηρογραφεῖσθαι

172 5031 482 5106 χρωμάτων
520 5032 758 5092 εἰκόνας·
797 5030 891 5081 καὶ
923 5028 1020 5091 τὰς
1058 5029 1153 5098 μὲν
1196 5025 1330 5081 εἶναι
1371 5028 1514 5082 θέσει
1559 5049 1737 5101 χειρο-

172 5125 454 5185 τεὺκτους,
480 5121 579 5182 τὰς
619 5121 672 5173 δὲ
706 5120 862 5189 φύσει
893 5121 985 5172 καὶ⁵
1027 5121 1301 5189 ὁμοιότητι
1347 5122 1737 5192 γεγενημένας.

179 5215 386 5276 Ἄλλως
418 5229 477 5264 τε
520 5213 613 5264 καὶ
653 5211 811 5274 αὐτὸς
849 5213 876 5263 6
909 5210 1009 5278 τῆς
1043 5209 1292 5279 ἀληθείας
1339 5209 1482 5262 τοῦθ’
1536 5211 1741 5278 ὑπαγο-

177 5306 326 5380 ρεύει
377 5303 594 5372 θεσμός.
646 5303 720 5354 Οὐ
785 5300 893 5371 γὰρ
947 5300 1006 5353 τὸ
1062 5300 1348 5370 ἀσώματον
1393 5301 1490 5370 τῆς
1551 5303 1740 5370 σοφίας

178 5397 394 5466 πνεῦμα
465 5394 782 5464 σύμμορφον
857 5395 971 5456 τοῖς
1045 5394 1374 5462 σωματικοῖς
1434 5392 1741 5463 ἀνθρώποις

177 5488 349 5550 ἐστὶν,
386 5485 498 5540 ἀλλ’
529 5487 556 5538 6
593 5485 670 5555 τῷ
712 5483 979 5552 πνεύματι
1021 5483 1488 5552 σωματοποιηθεὶς
1532 5483 1740 5552 ἄνθρω-

1841 4036 2114 4107 Ejuadem,
2145 4054 2210 4092 ex
2236 4055 2471 4092 sermone
2502 4055 2552 4090 in
2581 4037 2748 4090 illud:
2771 4055 2788 4085 ι
2818 4036 3067 4090 Dominus
3102 4039 3289 4092 creavit
3324 4057 3401 4094 me

2223 4111 2431 4162 initium
2456 4109 2656 4162 viarum
2685 4124 2924 4160 suarum.
2956 4127 2974 4158 ι

1911 4197 2030 4251 Non
2059 4199 2203 4252 enim
2237 4198 2376 4251 dixit
2410 4197 2632 4260 Paulus,
2665 4197 2972 4252 conformes
2996 4196 3129 4252 Filio
3162 4197 3275 4262 Dei,
3306 4201 3398 4255 sed

1842 4288 2134 4355 conformes
2161 4287 2380 4356 imagini
2402 4285 2529 4338 Filii
2560 4286 2723 4353 ipsius
2749 4284 2825 4336 ’δε
2870 4284 3013 4336 aliud
3048 4285 3250 4339 docens
3279 4301 3400 4340 esse

1766 4362 1810 4416 D
1840 4379 2038 4432 Filium
2061 4378 2175 4441 Dei,
2196 4379 2341 4432 aliud
2368 4378 2654 4446 imaginem
2683 4375 2822 4444 ejus.
2855 4374 2988 4428 Nam
3023 4373 3193 4429 Filius
3217 4377 3396 4430 divina

1835 4481 2072 4542 paterna:
2095 4471 2313 4525 virtutis
2377 4470 2609 4538 insignia
2633 4481 2850 4536 gerens,
2880 4467 3058 4534 imago
3079 4474 3163 4521 est
3182 4463 3396 4532 Patris;

1835 4566 1964 4635 quia
1996 4565 2200 4619 similes
2230 4579 2296 4618 ex
2322 4562 2593 4617 similibus
2618 4560 2805 4629 geniti,
2833 4573 2973 4614 verm
3011 4558 3272 4627 imagines
3304 4557 3398 4613 ﬁlii

1837 4667 1966 4715 sunt
2011 4664 2315 4728 parentum.
2351 4654 2524 4708 Homo
2565 4670 2694 4709 vero
2727 4669 2887 4723 quem
2929 4651 3179 4722 gestavit,
3223 4651 3402 4720 imago

1834 4758 1920 4805 est
1936 4751 2088 4814 Filii;
2144 4747 2402 4817 quoniam
2436 4753 2489 4800 et
2517 4762 2584 4799 ex
2613 4744 2972 4800 dissimilibus
3007 4743 3302 4810 pinguntur
3345 4741 3400 4795 in

1841 4854 1968 4895 cera
1987 4839 2544 4907 coloribusimagincs
2581 4857 2592 4890 :
2642 4847 2694 4891 et
2725 4838 2806 4889 ha:
2840 4833 3056 4904 quidem
3087 4849 3248 4885 manu
3291 4831 3402 4884 for-

1844 4932 2212 4996 mantur,ali2
2241 4944 2369 4985 vero
2397 4937 2661 4984 naturaet
2691 4925 3048 4981 similitudine
3080 4923 3232 4977 ﬁunt.
3257 4921 3402 4975 Prat-

1842 5036 1986 5082 terea
2016 5029 2101 5082 lex
2133 5028 2249 5096 ipsa
2293 5026 2535 5080 veritatis
2563 5026 2665 5078 hoc
2709 5019 3117 5077 declarat.-Non
3141 5021 3281 5073 enim
3316 5019 3402 5070 in-

1842 5133 2135 5188 corporeus
2171 5118 2448 5190 sapientiae
2497 5117 2721 5185 spiritus
2769 5111 3068 5167 conformis
3096 5121 3177 5164 est
3207 5124 3404 5178 corpo-

1843 5211 1953 5264 reis
1987 5210 2297 5265 hominibaa
2326 5229 2340 5263 :
2377 5208 2472 5263 sed
2496 5208 2586 5277 qui
2609 5222 2704 5276 per
2734 5205 2984 5275 spiritum
3027 5201 3293 5255 formatus
3317 5205 3402 5253 est

1843 5300 2006 5355 homo
2034 5301 2350 5362 character,
2384 5299 2477 5368 qui
2520 5299 2640 5351 aliis
2670 5295 2923 5349 omnibus
2976 5290 3126 5360 paria
3175 5302 3401 5342 numero

1843 5392 2087 5448 membra
2123 5393 2278 5462 gerit,
2314 5399 2369 5447 et
2397 5390 2628 5446 similem
2656 5386 2950 5455 unicuique
2976 5381 3202 5437 formam
3240 5378 3403 5432 indu-

1844 5492 1934 5538 tus
1965 5493 2068 5540 est.

178 5602 278 5648 πος
319 5581 632 5654 χαρακτὴρ,
668 5581 697 5631 6
726 5583 836 5645 τοῖς
878 5577 1054 5640 ἄλλοις
1119 5578 1321 5630 ἅπασιν
1375 5577 1634 5648 ἰσάριθμα
1677 5578 1813 5650 μέλη
1851 5579 2052 5650 φορῶν,
2111 5578 2205 5633 καὶ
2253 5579 2350 5648 τὴν
2405 5577 2593 5646 ὁμοίαν
2652 5575 2897 5634 ἑκάστοις
2945 5560 3399 5638 περιϐεϐλημένος

180 5683 343 5737 ἰδέαν.

251 5797 294 5828 ⁷⁷
330 5793 488 5850 loan.
545 5807 605 5855 ll,
646 5788 732 5846 19.
811 5787 857 5819 ’⁸
891 5785 1040 5841 Rom.
1085 5799 1206 5850 vni,
1246 5784 1345 5841 σθ.
