4044 6324
123 369 253 431 σω
1515 366 1959 426 FRAGMENTA.
3269 363 3380 426 09‘

1054 484 1131 542 Ex
1158 501 1262 541 ιιιι.
1299 484 1432 540 νιιι.
1459 516 1529 526 -
1551 485 1704 555 Apud
1732 487 1968 542 eumdem
1996 482 2310 540 Facundum
2341 483 2381 541 Ι.
2413 499 2464 540 a.

221 601 329 668 Qui
359 600 721 674 (Eustathius)
751 610 935 656 octauo
965 619 1167 673 quoque
1193 601 1330 656 libro
1363 602 1440 655 sic
1471 602 1546 655 ait
1581 618 1600 654 :
1635 601 2128 673 Contemplandum
2151 609 2334 657 autem
2371 603 2645 673 quomodo
2677 604 2907 675 loquens
2942 600 3054 658 Deo
3081 609 3137 657 et
3162 600 3373 668 dicens,

125 691 215 750 Et
247 695 483 749 ciuitates
504 693 821 750 destruxisti
851 695 922 762 “,
953 712 1146 751 rursus
1180 697 1411 752 alterum
1445 696 1744 751 introducit
1773 697 2062 751 Dominum
2119 695 2386 760 inferens,
2421 693 2491 749 Et
2525 695 2781 752 Dominus
2811 698 2864 751 in
2892 705 3144 752 talentum
3175 706 3373 752 manet.

123 786 372 842 Paravit
400 788 454 841 in
471 786 682 856 judicio
701 787 876 842 sedent
900 805 1052 842 suam
1081 789 1149 845 ".
1179 788 1622 846 Manifestissime
1649 790 1794 846 enim
1825 790 1916 843 alii
1949 790 2018 845 de
2047 790 2155 844 alio
2179 791 2411 860 loquens
2446 796 2672 860 apparet
2707 807 2721 843 :
2776 789 3102 859 significavit
3127 789 3256 858 quia
3287 788 3376 858 ju-

121 877 246 935 ἀει
271 887 379 941 est.
409 883 503 950 qui
531 883 858 951 praeparavit
889 883 938 937 ei
975 884 1157 938 sedem
1190 893 1448 955 tanquam
1494 885 1649 954 prius
1677 901 1786 939 non
1813 884 2035 940 habenti
2066 884 2211 938 hunc
2237 883 2501 938 honorem
2533 900 2549 938 :
2578 883 2657 939 sic
2686 883 2972 938 videbatur
3001 884 3148 954 loqui
3176 902 3190 938 :
3215 884 3375 952 quasi

122 989 243 1044 per
273 974 479 1044 ﬁguras
507 974 655 1029 enim
683 976 964 1032 indicabat
995 978 1365 1047 prepneticas,
1400 979 1656 1048 quoniam
1683 978 1850 1033 homo
1871 993 1938 1031 ex
1970 976 2479 1045 membrisjustitia
2507 975 2772 1046 templum
2806 973 3058 1033 decenter
3086 977 3286 1038 factus,
3319 985 3377 1032 et

122 1066 525 1123 sacratissimo
551 1068 806 1125 habitans
838 1067 1046 1136 Verbo;
1080 1069 1302 1124 virtutis
1337 1070 1448 1141 (εδ)
1477 1070 1705 1140 adeptus
1726 1077 1810 1125 est
1840 1076 2161 1139 perpetuum
2185 1067 2406 1123 solium.

214 1153 361 1212 Item
386 1159 442 1212 in
463 1159 645 1214 eodem
676 1160 813 1216 libro
836 1177 855 1215 :
882 1161 1000 1215 Non
1030 1161 1200 1224 enim,
1237 1163 1336 1223 ait.
1369 1162 1461 1232 qui
1493 1162 1643 1230 regni
1673 1161 1857 1216 sedem
1891 1161 2076 1225 habet,
2103 1159 2330 1214 alteram
2355 1159 2458 1215 sibi
2490 1166 2721 1229 apparat
2747 1165 2982 1225 sortem;
3013 1157 3107 1213 sed
3139 1159 3228 1214 cui
3265 1174 3376 1212 non

122 1243 299 1300 adest
331 1246 478 1302 sedis
500 1249 766 1318 potentia.
797 1247 942 1318 Ergo
973 1249 1090 1304 haec
1120 1246 1188 1302 ad
1218 1249 1495 1304 hominem
1520 1248 1724 1303 Christi
1758 1247 2048 1302 manifeste
2078 1248 2398 1317 respiciunt.
2446 1246 2635 1318 Neque
2663 1255 2848 1302 autem
2869 1247 3234 1317 Omnipotenii
3260 1248 3376 1302 haec

120 1338 459 1408 reponenda
487 1347 637 1402 sunt,
669 1339 950 1410 proprium
987 1339 1208 1395 habenti
1241 1349 1548 1411 sceptrum:
1581 1356 1757 1410 neque
1798 1338 1980 1394 Verbo
2025 1338 2206 1409 ipsum
2236 1353 2463 1410 regnum
2499 1337 2746 1403 habenti,
2808 1336 2956 1407 quod
3007 1337 3171 1392 etiam
3214 1336 3378 1394 Pater

121 1429 338 1493 habet;
364 1429 462 1485 sed
489 1431 545 1486 in
574 1430 797 1488 Christo
823 1431 1139 1498 dicendum,
1161 1434 1412 1488 Dominus
1443 1436 1499 1488 in
1525 1436 1652 1488 ctrlo
1673 1434 1988 1502 prtrpararit
2015 1433 2188 1488 sedem
2210 1449 2382 1486 suout.
2402 1431 2536 1486 Nam
2557 1432 2801 1487 omnium
2825 1431 2986 1487 simul
3005 1441 3375 1487 creaturarum

119 1521 453 1578 dominator
482 1531 710 1594 propter
735 1524 908 1580 divini
937 1524 1103 1581 Verbi
1137 1527 1597 1582 commistionent.

475 1653 630 1706 ALIA
660 1654 1052 1709 FRAGMENTA
1085 1657 1168 1709 EX
1200 1659 1415 1710 IISDEM
1441 1658 1643 1708 LIBRIS
1667 1656 2000 1710 ADVERSUS
2025 1654 2301 1706 ABIANOS
2327 1653 2689 1705 INDEFINITE
2713 1652 3042 1706 EXCITATA.

215 1779 412 1857 Apud
439 1781 767 1846 Gelasium
795 1786 886 1845 De
916 1785 1161 1848 duabus
1195 1790 1447 1850 naturis
1477 1790 1544 1850 in
1575 1790 2062 1933 Christ‘oéhBt'bl.
2094 1791 2224 1853 PP.
2256 1791 2467 1853 Paris.
2506 1788 2682 1865 16bit,
2715 1795 2868 1851 tom.
2905 1789 3014 1863 ιν,
3052 1785 3211 1867 part.
3244 1806 3288 1864 ι,

1601 1887 1742 1933 una.
1893 1917 1910 1933 .

1591 1887 1742 1948 pag.
1773 1887 1910 1934 ozlt.

881 2009 1152 2065 Eustathii
1173 2012 1402 2080 episcopi
1434 2011 1743 2066 Antioehcni
1771 2012 2116 2080 confessoris,
2147 2020 2339 2066 contra
2369 2011 2630 2066 Arianos.

205 2091 554 2166 Quapropter
580 2112 855 2169 congruas
884 2104 1115 2159 virtutes
1141 2112 1196 2158 et
1227 2105 1648 2174 gubernationes
1673 2107 1913 2175 gentium
1938 2115 1992 2160 et
2023 2106 2369 2174 populorum,
2398 2111 2454 2159 et
2484 2102 2769 2156 mistarum
2810 2099 3072 2169 plebium,
3104 2103 3158 2154 et
3191 2113 3374 2156 rerum

125 2183 526 2240 universarum
558 2191 846 2260 imperium
871 2195 1036 2249 homo
1066 2199 1400 2267 percipiebat
1429 2198 1632 2255 Christi
1662 2201 1862 2270 palam,
1893 2209 1950 2256 et
1978 2200 2073 2270 qui
2101 2199 2359 2267 sapientia
2393 2205 2445 2252 et
2478 2204 2636 2253 tetate
2677 2194 2955 2265 gratiaque
2978 2193 3207 2263 proﬁcit,
3231 2193 3376 2250 sicut

130 2272 425 2346 Evangelii
451 2278 646 2336 littera:
677 2283 724 2317 “
757 2283 958 2340 docent
987 2291 1414 2358 particulariter.

1304 2387 1556 2458 Ejusdem
1585 2402 1770 2447 contra
1799 2410 1992 2447 eos.—
2014 2391 2239 2447 Ibidem.

211 2465 282 2521 Et
316 2468 512 2524 iterum
534 2487 659 2526 cum
686 2473 892 2530 dicitur
917 2476 1077 2533 Iesus
1103 2482 1272 2537 sciens
1299 2485 1424 2553 quia
1453 2490 1631 2540 omnia
1660 2489 1803 2542 dedit
1828 2490 1875 2542 ei
1907 2487 2068 2542 Pater
2100 2490 2156 2542 in
2181 2504 2368 2542 manus
2395 2487 2466 2555 ",
2498 2494 2661 2559 atque
2690 2495 2750 2543 ut
2793 2487 2869 2543 ita
2909 2485 3238 2547 introducit;
3273 2483 3372 2537 ho-

134 2558 312 2651 rninis
344 2568 666 2629 potestatem
695 2563 936 2620 declarat
967 2587 980 2622 :
1014 2585 1135 2640 qua:
1163 2575 1436 2642 quomodo
1456 2578 1645 2631 aeterni
1677 2594 1900 2635 sumens
1927 2590 2201 2651 sceptrum
2224 2579 2461 2650 imperii,
2492 2558 2736 2635 omnium
2765 2579 2992 2636 haberet
3019 2578 3373 2634 commissum

130 2649 432 2721 judicium.

1294 2753 1545 2823 Ejusdem
1563 2768 1749 2812 contra
1781 2775 1889 2814 eos.
1907 2791 1978 2801 —
1994 2758 2220 2816 Ibidem.

217 2833 280 2888 Si
315 2837 461 2888 enim
485 2837 542 2889 in
577 2835 812 2901 Christo,
847 2839 1025 2909 inquit
1055 2845 1124 2906 '°,
1166 2843 1436 2912 plenitudo
1466 2848 1762 2904 divinitatis
1794 2851 2096 2918 inhabitat;
2128 2855 2275 2909 aliud
2307 2870 2438 2910 vero
2469 2853 2821 2909 inhabitatur.
2847 2850 2905 2905 Si
2932 2865 3064 2905 vero
3099 2846 3371 2911 naturali-

138 2934 231 2982 ter
256 2927 517 2981 ditierunt
544 2929 615 2985 ab
642 2932 921 2987 alterutris
940 2973 955 2997 ,
991 2952 1170 3008 neque
1191 2941 1381 2994 mortis
1411 2942 1743 3011 passionem,
1779 2960 1956 3015 neque
1982 2948 2089 3002 cibi
2116 2950 2436 3018 appetitum.
2470 2963 2646 3018 neque
2668 2945 2995 3002 desiderium
3026 2942 3368 3013 poculorum.

141 3033 256 3072 non
293 3033 570 3082 somnum,
601 3036 709 3075 non
741 3025 1044 3091 tristitiam,
1069 3043 1176 3081 non
1211 3029 1603 3100 fatigationem,
1629 3049 1736 3087 non
1769 3035 2133 3107 lacrymarum
2162 3038 2474 3103 eil'usiones,
2506 3054 2615 3093 non
2655 3038 2818 3092 aliam
2861 3034 3160 3106 quamlibet
3195 3039 3373 3086 muta-

142 3109 352 3165 tionem
387 3112 711 3180 plenitudini
741 3115 1046 3173 divinitatis
1089 3123 1425 3178 coexsistere
1457 3123 1535 3176 fas
1551 3133 1654 3187 est,
1686 3141 1810 3179 cum
1850 3130 1923 3182 sit
1954 3129 2384 3186 inconvertibilis
2417 3146 2512 3199 per
2540 3138 2813 3184 naturam.
2847 3125 3064 3181 Homini
3103 3139 3231 3180 vero
3257 3123 3373 3177 haec

143 3203 473 3273 applicanda
500 3214 629 3259 sunt
659 3210 896 3279 proprie,
931 3213 1022 3279 qui
1054 3228 1120 3265 ex
1143 3216 1322 3267 anima
1354 3226 1569 3271 constat
1596 3226 1652 3273 et
1679 3235 1910 3289 corpore
1947 3241 1961 3276 :
1997 3224 2251 3292 congruit
2293 3225 2437 3277 enim
2481 3239 2548 3277 ex
2600 3222 2732 3292 ipsis
2761 3219 3016 3273 humanis
3047 3225 3102 3273 et
3131 3215 3368 3270 innoxiis

144 3295 388 3444 actibus
419 3296 833 3440 idemonstrare,
865 3303 989 3371 quia
1036 3319 1142 3357 non
1180 3307 1516 3376 phantastice
1562 3318 1615 3366 et
1662 3314 1923 3381 putative,
1976 3313 2070 3369 sed
2106 3316 2223 3387 ipsa
2265 3317 2493 3372 veritate
2516 3323 2691 3370 totum
2725 3313 3004 3369 hominem
3035 3309 3258 3367 indutus
3286 3316 3370 3366 est

229 3404 293 3444 us
322 3403 414 3444 Der
439 3396 557 3444 ecte
584 3405 892 3444 assumens.

229 3404 293 3444 us
321 3396 557 3457 perfecte
584 3405 892 3446 assumens.

1442 3487 1505 3542 In
1534 3489 1759 3544 eosdem.
1778 3522 1846 3532 —
1869 3492 2090 3549 Ibidem.

217 3571 485 3639 Quocirca
516 3572 664 3628 aliud
689 3573 904 3642 quidem
933 3575 1037 3628 erit
1072 3578 1318 3639 mortale.
1365 3581 1512 3636 aliud
1561 3583 1779 3652 quidem
1829 3596 2026 3656 praeter
2056 3589 2158 3642 hoc
2189 3589 2520 3645 immortale.
2550 3589 2962 3658 Consequenter
2991 3592 3174 3640 autem
3201 3595 3252 3638 et
3277 3580 3371 3635 Ti.

150 3666 372 3720 motheo
404 3670 648 3723 eamdem
674 3669 922 3722 scribens
951 3670 1258 3738 epistolam,
1296 3675 1638 3742 prospiciens
1665 3675 1937 3731 deiferum
1967 3681 2243 3736 hominem
2270 3681 2640 3751 proclamabat
2681 3681 2727 3713 "
2762 3697 2778 3734 :
2817 3675 3022 3734 Memor
3049 3684 3160 3731 esto
3187 3672 3371 3728 Ῑεειιπι

150 3755 419 3811 Christum
443 3763 795 3816 resurrezisse
823 3780 856 3815 α
889 3765 1108 3817 mortuis
1144 3780 1209 3817 ea:
1235 3768 1429 3819 semine
1465 3768 1652 3835 David,
1676 3771 1961 3825 secundum
1996 3772 2338 3846 Evangelium
2379 3792 2570 3829 meum.

1376 3880 1444 3934 Et
1471 3892 1586 3950 post
1612 3900 1800 3951 pauca.
1833 3917 1900 3926 —
1923 3887 2146 3944 Ibidem.

218 3961 396 4020 liomo
417 3975 598 4022 autem
630 3968 799 4025 Deum
835 3971 1033 4035 ferens,
1066 3972 1158 4042 qui
1189 3975 1378 4027 mortis
1404 3977 1709 4044 passionem
1747 3989 1940 4048 sponte
1964 3984 2178 4037 censuit
2209 3984 2478 4040 sustinere
2499 3991 2720 4054 propter
2747 3983 3029 4039 hominum
3059 3983 3366 4048 utilitatem,

152 4056 384 4151 palmam
413 4059 630 4128 quidem
663 4072 713 4116 et
731 4065 1067 4125 certaminis,
1093 4073 1146 4117 ut
1178 4065 1249 4117 ita
1277 4066 1566 4121 dicendum
1598 4070 1689 4133 sit,
1728 4071 2014 4140 honorem,
2045 4082 2100 4130 et
2123 4083 2446 4146 petestatem
2482 4078 2741 4147 percepit.
2765 4076 2828 4132 Et
2851 4078 2940 4132 ubi
2967 4077 3229 4151 recipitur
3258 4078 3376 4149 glo-

151 4149 254 4217 ria,
282 4166 444 4222 quam
463 4168 804 4225 nequaquam
833 4157 987 4224 prius
1014 4158 1296 4212 habuerat.

1167 4289 1319 4359 Apud
1350 4295 1597 4346 iuuenix-an
1629 4293 1966 4369 Ceuswuﬂ.
2005 4311 2209 4368 (ξηρᾶς.
2240 4297 2362 4352 429.

1062 4430 1332 4485 Enstathii
1358 4432 1587 4498 episcopi
1618 4431 1953 4501 Antiocheni,
1984 4445 2172 4489 contra
2197 4434 2449 4490 Arianos.

222 4516 388 4581 Deus,
421 4519 610 4587 inquit,
649 4519 884 4577 Verbum
917 4524 1162 4578 eamdem
1197 4541 1359 4593 quam
1391 4527 1606 4593 genitor
1637 4534 1818 4593 portat
1848 4529 2169 4598 imaginem;
2200 4529 2380 4598 imago
2434 4530 2634 4599 quippe
2683 4535 2956 4584 exsistens
2998 4529 3195 4584 divinre
3243 4529 3374 4584 snio-

149 4609 368 4662 stantiae
399 4628 413 4663 :
446 4627 635 4666 verum
667 4622 846 4669 autem
872 4615 989 4683 eius
1018 4621 1277 4686 tempham
1306 4617 1467 4670 homo
1490 4619 1782 4683 exsisteus,
1822 4636 1930 4674 non
1963 4621 2104 4676 idem
2135 4623 2276 4692 quod
2300 4623 2486 4692 templi
2513 4620 2812 4676 fabricator
2841 4629 2947 4687 est,
2996 4622 3250 4678 dissimili
3284 4639 3372 4674 or-

153 4706 234 4753 tus
269 4714 337 4751 ex
360 4715 573 4770 genere.

1164 4796 1364 4851 Rursus
1395 4797 1624 4866 ejusdem
1671 4810 1786 4868 post
1826 4817 2013 4869 pauca.
2037 4832 2108 4842 —
2133 4801 2357 4858 Ibidem.

221 4881 331 4935 Sed
358 4885 644 4951 poteste‘is
674 4884 1013 4952 maiestatem
1047 4887 1396 4942 introducere
1431 4890 1638 4951 volens.
1671 4901 1725 4944 et
1755 4893 1932 4959 ipsum
1963 4909 2164 4962 corpus
2199 4894 2586 4949 mortificatqu
2629 4897 2714 4952 hic
2747 4895 2943 4953 Filium
2977 4900 3114 4957 dixit
3144 4921 3159 4958 :
3195 4903 3370 4973 ipsum

154 4975 369 5044 quidem
395 4978 746 5035 subiimitatis
775 4995 971 5033 nomen
1004 4982 1310 5048 imponens.
1338 4981 1390 5032 id
1413 4990 1495 5035 est
1537 4984 1833 5039 habitantis
1855 4986 1909 5038 in
1941 5002 2006 5041 eo
2037 4987 2128 5041 Dei
2164 4987 2492 5041 decibiliter.

1370 5097 1438 5150 Ει
1476 5113 1589 5167 post
1624 5115 1902 5166 pauca.-—--
1929 5101 2150 5156 Ibidem.

219 5182 360 5237 Putta
392 5194 594 5249 autem,
622 5187 808 5254 inquis,
842 5202 944 5241 nec
995 5188 1184 5242 insane
1225 5189 1511 5259 quisquam
1546 5200 1596 5243 et
1648 5192 1851 5247 furiose
1889 5194 2256 5251 debacchatus
2316 5196 2515 5251 dixerit
2573 5197 2886 5268 aliquando,
2919 5198 3042 5267 quia
3073 5199 3369 5259 divinitatis

161 5278 434 5346 plenitudo
462 5278 655 5332 mortis
678 5294 836 5348 passa
868 5280 1214 5348 dispendium
1244 5290 1347 5337 est.
1379 5282 1518 5351 Ergo
1546 5296 1833 5339 vesanaunt
1864 5297 1915 5341 ei
1948 5290 2290 5343 bacchantur
2335 5298 2389 5344 et
2423 5289 2653 5353 fil-riunt,
2703 5298 2755 5344 et
2816 5290 3098 5346 insaniunt
3152 5304 3205 5348 et
3258 5299 3366 5353 suis

161 5371 428 5428 mentibus
461 5384 837 5437 excesserunt,
869 5378 960 5443 qui
993 5373 1105 5428 Deo
1139 5373 1316 5429 Verbo
1348 5380 1656 5444 passionem
1687 5380 1962 5449 applicare
2003 5391 2362 5454 praesumunt.

218 5560 265 5591 "
297 5557 448 5611 1³³ιί-
487 5564 570 5620 IK;
616 5557 666 5610 Ἰ.
740 5558 789 5591 ⁸⁸
819 5560 958 5615 Ibid.
983 5562 1036 5616 8.
1072 5561 1122 5614 9.
1199 5561 1243 5592 ’δ
1271 5558 1396 5613 Luc.
1426 5575 1484 5623 ιι,
1510 5560 1596 5612 53:.
1672 5560 1717 5589 "
1743 5558 1902 5615 Jonn.
1938 5581 2054 5630 xm,
2091 5566 2142 5621 5.
2217 5567 2264 5599 ’³⁸
2297 5565 2502 5622 Coloss.
2541 5583 2595 5632 il,
2630 5565 2682 5621 9.
2761 5565 2888 5622 "II
2910 5565 3045 5621 Tim.
3096 5581 3159 5633 tt,
3185 5566 3241 5626 8.

223 5741 330 5809 (23)
373 5739 617 5794 Virtutis.
659 5740 840 5796 Codex
885 5741 1106 5807 Verum,
1148 5744 1353 5813 timur,
1389 5743 1528 5809 quod
1553 5747 1719 5809 magis
1762 5746 1952 5809 placet.
