4044 6324
156 364 250 420 ’Μ

224 479 479 550 Populus.
513 482 708 540 Amen.

221 571 502 630 Sacerdos.
528 573 593 628 Et
618 576 840 630 mictum
860 577 1007 647 quod
1031 589 1117 636 est
1146 582 1202 636 in
1225 581 1327 636 hoc
1341 581 1533 647 calice,
1549 579 1716 637 faciat

147 665 470 736 sanguinem
501 665 705 721 Christi
729 666 823 724 Dei
856 673 1051 729 nostri.

221 755 478 825 Populus.
510 759 703 815 Amen.

218 849 505 904 Sacerdos.
560 849 732 906 Nobis
765 861 944 908 autem
995 869 1094 924 per
1137 855 1354 910 illorum
1412 856 1716 926 susceptio~

146 954 299 999 stent,
331 939 423 991 det
455 942 667 996 veniam
688 930 1030 1007 delictorum,
1064 949 1439 1003 remissionem
1473 959 1718 1018 peccato-

148 1030 591 1092 rum,sI‘ientiam
621 1049 804 1088 veram
848 1033 994 1096 ﬁdei,
1045 1039 1333 1107 telumque
1388 1039 1711 1095 laudabilem

147 1121 456 1190 religionis.
492 1131 542 1178 et
575 1125 1048 1195 participationem
1080 1129 1204 1184 vita:
1236 1138 1473 1186 aeterna.

215 1210 482 1278 Populus.
505 1217 694 1270 Amen.

218 1302 483 1359 Sacerdos
511 1308 818 1365 inclinatus.
846 1309 944 1371 Da.
977 1312 1226 1376 Domine,
1260 1311 1518 1369 Ecclesia:
1541 1321 1714 1369 tutect

149 1395 480 1462 pmnlihus
523 1385 666 1465 ejus,
717 1408 772 1453 ut
797 1401 951 1467 juxta
983 1403 1358 1470 prarscriptum
1394 1403 1571 1473 legum
1601 1412 1714 1457 tua.

150 1498 270 1536 nun
299 1499 363 1539 se
392 1496 601 1555 gerant,
632 1491 887 1546 omnibus
901 1493 1094 1546 diebus
1120 1492 1243 1545 vitae
1261 1507 1395 1546 sum.

220 1573 453 1630 Eleans
505 1594 698 1636 vocem.
750 1579 816 1635 Et
854 1583 1044 1638 oculos
1090 1583 1490 1639 intellrctuales
1513 1584 1713 1639 mentis

153 1674 353 1720 nostrae
391 1668 656 1734 illumina,
690 1672 946 1736 Domine,
975 1682 1035 1728 ut
1060 1676 1499 1745 contemplemur
1547 1676 1712 1730 mira—

151 1757 268 1809 rula
304 1758 483 1828 legum
517 1770 733 1817 tuarum
759 1764 1066 1820 divinarum
1100 1785 1112 1819 :
1148 1775 1201 1821 et
1224 1781 1253 1820 a
1286 1767 1428 1836 lupis
1456 1768 1714 1837 spiritua-

1590 377 1938 434 LITURGIA.

1745 498 1790 552 Α
1889 489 2112 542 [iterans
2140 503 2331 542 vocem.
2367 485 2566 540 Eorum
2601 485 2694 556 qui
2727 462 2977 540 doctores
3014 487 3127 540 veri
3156 484 3375 540 fuerunt

3277 374 3377 428 ’202

1823 580 2075 633 Ecclesia:
2119 588 2224 634 tua:
2270 585 2510 638 sanctte,
2544 585 2597 630 et
2651 591 2681 630 a
2711 576 3118 630 seductionibus
3169 579 3374 632 erroris

1818 684 1936 723 eam
1968 675 2368 730 converterunt,
2392 675 2447 720 et
2474 667 2590 721 vias
2619 674 2797 721 rectas
2837 664 2906 720 ad
2945 668 3109 720 vitam
3151 667 3375 721 immor-

1819 761 2002 821 talem,
2027 760 2101 812 illi
2132 760 2642 815 demonstraverunt
2667 776 2680 812 :
2715 767 3026 814 numeratos
3051 759 3213 830 igitur
3234 762 3373 815 inter

1818 851 2039 903 ordines
2088 866 2275 904 eorum
2311 851 2394 904 fac
2445 864 2567 911 nos,
2603 855 2663 902 ut
2687 865 2811 903 cum
2843 849 2951 904 illis
2981 857 3034 903 et
3064 849 3204 904 inter
3249 849 3374 904 illos

1818 940 2115 994 referamus
2142 941 2237 993 tibi
2260 941 2508 1009 gloriam,
2538 946 2643 994 etc.

1889 1031 2142 1098 Populus.
2173 1031 2364 1087 Amen.

1888 1121 2144 1176 Sacerdos
2186 1123 2489 1175 inclinatas.
2523 1119 2779 1174 Miserere
2809 1129 2864 1174 et
2901 1135 3086 1190 parce,
3125 1118 3372 1183 Domine,

1820 1227 1914 1282 per
1949 1212 2051 1265 hoc
2101 1211 2452 1273 sacriﬁcium,
2485 1211 2741 1264 omnibus
2787 1209 3063 1264 defunctis
3101 1209 3372 1271 ﬁdelibus,

1818 1306 1911 1374 qui
1950 1302 2158 1373 pridem
2191 1302 2587 1367 deeubuerunt,
2614 1317 2740 1358 cum
2771 1316 2869 1373 spe
2897 1310 3010 1364 tua,
3042 1301 3099 1355 in
3134 1300 3237 1355 [ide
3283 1317 3374 1356 or—

1817 1395 2071 1448 thodoxa.

1888 1482 2110 1535 ειειιαιιε
2132 1497 2318 1535 vocem.
2336 1479 2533 1536 Omnes
2554 1479 2824 1550 aspiciens
2839 1492 2961 1533 cum
2981 1476 3373 1539 misericordia,

1817 1582 2076 1642 tanquam
2111 1571 2360 1627 conditor
2400 1570 2699 1623 animarum
2731 1577 2785 1624 et
2814 1583 3106 1639 corporum
3137 1567 3372 1620 illorum.

1819 1666 2080 1732 Acceptas
2109 1664 2270 1730 igitur
2295 1661 2432 1714 habe
2458 1661 2592 1714 istas
2615 1661 2938 1721 oblationes,
2991 1674 3112 1728 quae
3139 1673 3238 1727 pro
3268 1656 3375 1710 illis

1818 1757 1914 1809 tibi
1939 1755 2240 1810 offeruntur
2269 1771 2280 1806 :
2318 1758 2372 1806 et
2404 1759 2594 1820 praesta
2624 1750 2731 1802 illis
2772 1750 2912 1803 bona
2957 1749 3227 1819 promissa
3251 1748 3378 1801 dili-

153 1847 293 1904 libus
324 1851 642 1907 universum
675 1870 888 1925 gregem
929 1864 1083 1911 tuum
1116 1872 1382 1912 conserva
1409 1877 1423 1914 :
1463 1867 1518 1913 et
1550 1859 1714 1914 simul

1819 1846 2066 1915 gentibus
2114 1843 2391 1898 Christum
2448 1849 2601 1895 tuum
2629 1858 2647 1906 ;
2691 1855 2787 1908 per
2815 1855 2998 1909 quem,
3030 1848 3084 1893 et
3113 1854 3236 1892 cum
3266 1853 3377 1906 quo

154 1936 454 1994 referemus
481 1943 575 1996 tibi
605 1944 834 2012 gloriam
864 1955 918 2000 et
947 1945 1186 2012 laudem,
1220 1957 1328 2002 etc.

223 2026 481 2096 Populus.
504 2040 698 2089 Amen.

222 2121 488 2178 Sacerdos
526 2127 833 2181 inclinatus.
873 2127 1180 2192 Memento,
1237 2127 1482 2192 Domine,
1527 2142 1720 2183 eorum

156 2213 243 2280 qui
275 2213 532 2269 invocant
575 2223 630 2272 te
657 2233 781 2272 cum
816 2219 918 2275 lide
946 2237 1103 2285 vera,
1136 2229 1190 2277 et
1229 2221 1370 2276 bona
1416 2229 1716 2292 operantur

156 2307 372 2367 propter
398 2317 594 2358 nomen
624 2312 774 2360 tuum
802 2317 1072 2364 sanctum.

225 2388 448 2445 Elevans
476 2410 671 2450 vocem.
701 2394 903 2454 Oiniies
929 2415 1146 2470 quoque
1168 2399 1407 2468 reliquos
1455 2397 1719 2455 orthodo-

158 2495 252 2534 χοε
272 2483 478 2537 auxilio
512 2493 606 2538 tuo
634 2486 922 2556 adjuvans,
953 2489 1202 2552 Domine,
1241 2491 1468 2546 benedic
1503 2506 1600 2546 eos
1621 2490 1714 2561 qui

155 2571 340 2636 juvant
396 2572 695 2642 Ecclesiam
745 2587 892 2633 tuam
932 2592 1210 2636 sanctam:
1258 2592 1316 2634 ut
1356 2583 1424 2636 ab
1459 2582 1716 2637 omnibus

159 2663 494 2728 tttoriliceris,
523 2681 646 2720 cum
683 2670 960 2740 unigenito
994 2671 1130 2726 Filio
1155 2681 1269 2738 tuo,
1304 2681 1357 2728 et
1387 2673 1593 2743 Spiritu
1621 2682 1716 2726 tuo

160 2762 364 2815 Sancto,
392 2765 499 2812 etc.

225 2841 476 2909 Populus.
515 2845 706 2900 Amen.

226 2930 502 2987 Sacerdos.
567 2935 772 2993 Coerce
827 2949 881 2994 et
933 2942 1088 2997 aufer
1145 2959 1176 2997 a
1232 2939 1411 3011 nobis,
1467 2945 1715 3009 Domine,

163 3037 365 3077 onmem
407 3034 731 3094 potestatein
766 3031 1043 3086 inimicam
1075 3046 1404 3106 pugnantem
1459 3038 1717 3094 adversus

163 3128 275 3168 nos.

230 3204 451 3262 Elevans
483 3225 673 3266 vocem.
711 3211 774 3265 Et
793 3214 1048 3278 concede,
1073 3214 1318 3283 Domine,
1342 3220 1714 3275 liberationem
1743 3172 1784 3226 Ο

166 3297 449 3364 perlectam
503 3315 532 3352 a
588 3301 766 3363 bellis,
799 3307 1145 3370 tumultibus,
1191 3316 1246 3362 et
1289 3310 1692 3364 incursionibus

167 3389 533 3456 barbarorum,
560 3393 761 3461 populo
790 3402 883 3447 tuo
914 3395 1056 3450 ﬁdeli
1096 3415 1109 3451 :
1152 3407 1313 3468 atque
1340 3401 1394 3453 in
1429 3415 1716 3469 paee,qu:e

167 3495 192 3530 a
222 3490 269 3534 te
297 3489 399 3545 est,
433 3496 694 3537 conserva
728 3499 940 3538 omnem
969 3503 1183 3557 gregem
1208 3498 1394 3544 tuum:
1428 3492 1716 3546 utassidue

169 3573 517 3635 alorilicemus
569 3581 642 3638 te,
685 3578 1133 3650 unigenitumque
1183 3580 1378 3636 Filium
1433 3591 1619 3650 tuum,
1662 3593 1719 3639 et

170 3661 413 3731 Spiritum
445 3667 874 3722 sanctissimum.

237 3751 478 3818 Populus.
512 3755 706 3807 Amen.

231 3837 478 3893 Sacerdos
524 3841 824 3897 inclinatus.
869 3843 1159 3911 Memento,
1216 3847 1463 3914 Domine,
1516 3859 1720 3904 sanctae

171 3927 446 3985 Ccnitricis
494 3929 588 3984 Dei
633 3931 835 3998 Mariae,
891 3946 945 3990 et
988 3948 1303 3993 sanctorum
1352 3943 1717 4011 apostolorum

172 4029 394 4083 tuorum,
430 4027 494 4074 ut
541 4021 702 4075 etiam
739 4023 953 4079 illorum
1005 4029 1099 4098 qui
1130 4030 1270 4084 inter
1311 4045 1407 4086 eos
1451 4032 1720 4085 recenseri

174 4121 498 4166 meruerunt.

236 4202 450 4260 Eleraus
482 4225 678 4263 vocem.
698 4208 808 4265 Nos
833 4209 995 4263 etiam
1020 4208 1236 4271 robora,
1266 4216 1322 4261 ut
1353 4208 1583 4278 gloriose
1600 4226 1724 4279 per-

176 4291 404 4349 titiamur
427 4298 480 4352 in
512 4300 740 4354 scientia
773 4315 922 4365 vera,
955 4310 1005 4353 ct
1032 4301 1366 4354 conscientia
1392 4301 1603 4352 sincera
1636 4309 1722 4355 :ut

175 4398 228 4433 ra
249 4386 450 4440 ratione
481 4388 691 4442 similes
708 4388 884 4442 effecti
911 4389 1117 4442 sanctis
1141 4389 1270 4449 tuis,
1288 4392 1376 4456 qui
1398 4389 1490 4440 tibi
1512 4395 1720 4452 rivunt,

175 4485 219 4525 et
248 4479 379 4544 apud
413 4489 462 4534 te
490 4481 774 4548 custoditi,
827 4497 950 4535 cum
1000 4482 1107 4534 illis
1154 4481 1452 4536 referamus
1476 4481 1572 4535 tibi
1603 4483 1719 4550 glo-
1752 4509 1797 4562 ι)

179 4567 320 4631 riam,
351 4577 456 4625 etc.

238 4657 482 4725 Populus.
509 4664 708 4718 Anien.

239 4747 485 4808 Sacerdos
541 4757 846 4811 inclinatus.
884 4755 1173 4820 Memento,
1208 4756 1455 4817 Domine,
1499 4755 1720 4808 Patrum

180 4850 471 4898 sanctorum
525 4856 578 4900 et
622 4847 937 4912 beatorum,
982 4848 1074 4915 qui
1111 4848 1466 4916 spiritualiter
1498 4863 1598 4899 nos
1632 4863 1726 4914 ge—

180 4942 413 5067 Buerunt,
443 4937 834 5006 educat'erunt,
859 4946 914 4994 et
944 4940 1219 5002 aluerunt,
1251 4940 1303 4992 in
1337 4941 1483 4992 omni
1530 4942 1726 4994 timore

222 5035 284 5067 BI.

222 5035 284 5072 ει.

183 5193 559 5255 Eucharistiam
581 5202 691 5269 jam
723 5215 1116 5263 consecratam.
1172 5220 1368 5271 corpus
1401 5212 1453 5257 et
1506 5206 1724 5269 sangui-

186 5281 294 5320 nem
338 5273 540 5348 tiliristi
576 5273 855 5348 designare
899 5276 1048 5333 dicit,
1087 5283 1232 5348 errat
1287 5277 1440 5340 longe
1485 5274 1722 5328 deterius

187 5351 242 5412 eo
267 5344 362 5412 qui
382 5356 543 5409 super
564 5344 702 5394 dona
739 5347 1031 5412 proposita,
1055 5345 1237 5397 verbis
1261 5345 1459 5395 Christi
1481 5358 1508 5394 a
1540 5359 1723 5395 sarcr-

188 5404 299 5479 dote
326 5410 423 5464 rite
450 5404 849 5478 'pronttntiatis'
873 5424 1189 5467 consecrata
1221 5453 1234 5472 ,
1283 5412 1522 5465 invocari
1555 5428 1724 5479 posse

188 5477 342 5550 credit
370 5477 627 5546 Spiritum
662 5491 929 5540 sanctum,
962 5493 1020 5535 ut
1061 5485 1253 5550 illapsu
1290 5498 1390 5535 suo
1409 5477 1721 5550 mystcrium

192 5545 344 5618 plena
359 5545 784 5604 sanctiﬁcatione
806 5555 1107 5605 conlirmet.
1144 5545 1327 5618 Neque
1364 5545 1601 5603 invocari
1631 5566 1723 5617 po-

192 5620 285 5691 test
319 5614 542 5684 Spiritus
565 5630 810 5686 sant-tus,
840 5630 932 5673 aut
961 5624 1103 5675 illius
1139 5614 1329 5686 illapsu
1357 5630 1408 5672 et
1431 5614 1724 5672 obumbra-

193 5691 322 5738 tlone
367 5703 497 5753 opus
525 5699 626 5747 est.
665 5701 723 5741 ttt
747 5693 898 5757 panis
919 5701 972 5744 et
992 5693 1173 5743 vinum
1204 5693 1502 5758 signiﬁcent
1525 5705 1724 5754 corpus

195 5759 241 5805 et
258 5759 558 5826 sanguinem
590 5760 814 5815 Christi.
849 5760 979 5815 Nam
997 5763 1222 5832 mystica
1250 5762 1358 5816 lucc
1383 5760 1722 5814 adumbratio

1819 1936 2244 1992 misericordiam
2273 1934 2533 2003 consequi
2584 1946 2888 2001 speramus,
2919 1941 2973 1984 et
3001 1930 3375 1984 remissionem

1816 2037 2161 2098 peccatorum
2200 2043 2318 2096 qua?
2352 2036 2570 2095 propter
2593 2039 2716 2078 eum
2750 2029 2854 2089 est,
2891 2031 2944 2076 et
2978 2020 3139 2075 nobis
3166 2029 3218 2075 et
3248 2021 3372 2074 illis.

1893 2119 2143 2186 Populus.
2175 2118 2419 2183 Quietem
2451 2123 2669 2184 pra'sta.

1888 2211 2164 2267 Sacerdos.
2190 2209 2458 2278 Propitius
2489 2210 2651 2278 igitur
2679 2214 2797 2261 esto
2828 2204 3083 2261 omnibus
3117 2203 3378 2273 iniquita--

1817 2306 1962 2360 tibus
1991 2303 2192 2357 nostris
2249 2313 2300 2356 et
2345 2301 2583 2363 illorum,
2610 2299 2852 2362 Domine,
2881 2314 3052 2366 neque
3082 2298 3134 2350 in
3169 2311 3377 2349 memo-

1818 2400 1949 2449 riam
1985 2409 2205 2449 revoces
2233 2393 2462 2444 erimiua
2511 2407 2630 2458 qua-
2661 2405 2688 2442 a
2722 2387 2878 2444 nobis
2917 2397 2968 2442 et
2997 2387 3065 2439 ab
3088 2387 3194 2440 illis
3224 2400 3376 2438 com-

1817 2489 1981 2542 missa
2007 2493 2132 2541 sunt
2153 2504 2166 2540 ;
2190 2499 2376 2537 verum
2401 2498 2525 2552 rege
2557 2497 2655 2535 nos
2681 2481 2732 2533 iu
2764 2481 2866 2534 hoc
2895 2479 3094 2533 saeculo
3118 2477 3318 2530 liberos
3344 2490 3372 2526 a

1811 2577 2035 2648 judiciis
2059 2588 2110 2629 et
2138 2575 2428 2644 angustiis,
2455 2581 2508 2626 ct
2548 2574 2599 2625 in
2637 2574 2820 2624 futuro
2849 2570 2930 2623 fac
2965 2583 3064 2622 nos
3092 2565 3375 2635 pervenire

1817 2670 1882 2720 ad
1920 2667 2221 2720 habitacula
2245 2666 2403 2724 lucis,
2431 2663 2610 2733 gaudii
2635 2670 2686 2714 et
2722 2662 2918 2713 lietitiae
2946 2679 2958 2711 :
2990 2667 3048 2710 ut
3075 2658 3160 2710 hic
3183 2666 3234 2709 et
3265 2657 3376 2708 illic

1819 2759 2198 2826 glorificetnus,
2262 2756 2565 2814 laudemus,
2602 2767 2923 2803 veneremur
2955 2758 3006 2803 et
3051 2748 3376 2800 extollantus

1820 2863 2013 2901 nomen
2043 2854 2195 2898 tuum
2226 2844 2377 2897 valde
2393 2841 2768 2895 honorandum
2809 2846 2859 2890 et
2900 2836 3263 2895 benedictum,
3302 2834 3378 2887 si-

1820 2939 2037 3006 tnulquc
2068 2934 2278 2988 Domini
2322 2932 2495 2988 nostri
2527 2929 2654 2986 Jesu
2689 2928 2916 2993 Christi,
2940 2937 2992 2983 et
3033 2925 3268 2998 Spiritus
3299 2925 3376 2978 tui

1820 3027 2015 3081 sancti.

1891 3117 2145 3182 Populus.
2185 3113 2359 3169 Sicut.

1892 3196 2169 3259 Sacerdos.
2206 3203 2339 3258 Pax.

1888 3297 2146 3365 Papa/its.
2185 3296 2247 3348 Et
2269 3309 2390 3349 cum
2425 3290 2617 3361 spiritu
2651 3297 2763 3344 tuo.

1888 3389 2164 3443 Sacerdos.
2194 3385 2575 3442 Misericordia
2606 3382 2698 3436 Dei
2724 3381 2851 3435 sint.

1886 3481 2080 3534 Postea
2111 3480 2307 3548 frangit
2337 3478 2568 3531 oblatam
2615 3484 2663 3528 et
2711 3476 2884 3544 signat
2932 3470 3106 3520 dicens
3132 3482 3150 3519 :
3187 3463 3375 3520 Credi-

1816 3584 1958 3621 ιηιιε.

1890 3660 2153 3714 Diaconus
2187 3659 2312 3710 dicit
2343 3655 2692 3710 Catholicam.

1939 3752 2191 3804 Sacerdos
2225 3750 2352 3800 dicit
2383 3748 2674 3818 ora/iuueni
2713 3751 2833 3794 ante
2865 3738 3025 3791 Pater
3048 3748 3253 3789 nOStcr.

1886 3840 2144 3909 Princeps
2175 3854 2365 3908 magne
2392 3846 2446 3892 et
2471 3821 2635 3889 Pater
2667 3848 2790 3887 vere
2837 3831 3122 3897 utriusque
3168 3824 3376 3885 saaculi,

1822 3932 2064 3995 Domine,
2098 3933 2188 4002 qui
2220 3946 2320 3985 nos
2354 3945 2419 3984 ex
2443 3928 2615 3982 nihilo
2652 3923 2910 3985 eduxisti,
2947 3929 3006 3975 ut
3025 3933 3294 3988 essemus,
3326 3923 3379 3969 et

1819 4027 1936 4079 vias
1969 4034 2141 4079 rectas
2167 4024 2380 4085 salutis,
2410 4037 2502 4090 per
2528 4019 2722 4073 Filium
2746 4025 2899 4072 tuum
2927 4013 3264 4083 unigenitum
3283 4010 3380 4063 do-

1821 4117 1980 4170 cuisti
2004 4130 2102 4169 nos
2139 4135 2149 4165 :
2183 4122 2239 4166 tu
2271 4126 2415 4165 nunc
2446 4112 2608 4164 etiam
2645 4124 2739 4177 per
2779 4106 3006 4175 gratiam
3051 4112 3199 4156 tuam
3230 4116 3380 4154 com-

1821 4205 2029 4273 patiens
2060 4199 2614 4266 nobiscum,Domrne,
2651 4184 2928 4252 sane-tilica
2960 4201 3168 4248 mentes
3196 4199 3250 4245 et
3280 4191 3386 4243 lin-—

1821 4311 1954 4366 guas
1994 4304 2228 4356 nostras,
2262 4308 2325 4345 eo
2354 4291 2458 4345 ﬁne
2500 4299 2556 4343 ut
2602 4306 2734 4360 pure
2777 4293 3092 4343 invocemus
3125 4293 3179 4339 te
3213 4283 3379 4336 Deum

1821 4387 2030 4442 Patrem
2107 4387 2547 4455 omnipotentem,
2608 4391 2892 4443 sanctum,
2956 4391 3279 4446 oremusque
3327 4381 3387 4429 et

1823 4477 2100 4530 dicamus:
2139 4475 2295 4529 Pater
2323 4482 2503 4528 noster
2525 4474 2613 4541 qui
2638 4489 2696 4528 es
2728 4473 2783 4525 in
2818 4472 2989 4525 cmlis.

1899 4568 2147 4635 Populus.
2187 4567 2584 4621 Sanctificetur.

1895 4660 2172 4715 Sacerdos.
2214 4659 2436 4728 Semper
2454 4667 2571 4713 esto
2596 4663 2871 4708 armatura
2900 4659 3106 4712 nostra,
3126 4649 3383 4703 Domine:

1826 4753 2133 4810 auxiliator,
2166 4759 2217 4803 et
2240 4750 2481 4817 adjutor;
2504 4755 2557 4802 et
2591 4763 2618 4799 a
2651 4745 3044 4800 tentationihus
3083 4756 3380 4810 praeserva—

1827 4852 1911 4895 tor
1957 4852 2010 4898 et
2057 4844 2360 4896 liberator:
2404 4841 2526 4908 quia
2574 4848 2725 4891 tuum
2776 4844 2860 4891 est
2907 4850 3153 4903 regnum,
3194 4840 3246 4886 et
3286 4847 3382 4900 po-

1828 4945 1992 4988 testas
2027 4943 2079 4986 et
2115 4935 2253 4995 laus,
2312 4931 2679 5000 unigenitique
2723 4926 2842 4980 Filii
2897 4927 2998 4989 tui,
3043 4934 3095 4979 et
3146 4922 3384 4993 Spiritus

1827 5028 1921 5087 tui,
1947 5035 2052 5079 ριν.

1831 5203 2012 5255 statim
2041 5201 2106 5250 ab
2137 5199 2292 5251 initio
2317 5197 2566 5264 litnrgire,
2603 5192 2839 5264 etiamin
2876 5188 3257 5264 praeparatoria
3287 5203 3379 5240 ac-

1828 5278 1993 5330 tione,
2016 5285 2107 5336 per
2149 5285 2334 5336 preces
2365 5275 2414 5319 et.
2447 5260 2793 5336 cmreinonias
2825 5260 3379 5336 satisnsignilicalur:

1831 5351 1885 5392 nt
1939 5326 2057 5392 cuin
2094 5326 2247 5403 panis
2281 5337 2343 5388 ad
2369 5338 2536 5388 altare
2582 5332 2831 5389 infertur,
2864 5339 2916 5383 et
2941 5330 3139 5403 dicitur
3171 5347 3209 5403 :__
3240 5326 3382 5378 Tan-

1826 5427 1982 5476 quam
2007 5395 2111 5460 ovis
2137 5408 2203 5458 ad
2225 5407 2531 5476 occisionem
2555 5403 2741 5476 ductus
2772 5409 2888 5452 est:
2928 5407 2978 5476 et
3011 5398 3074 5476 ad
3110 5395 3383 5476 calicem}

1833 5464 1977 5531 iu'nus
2003 5478 2228 5528 militum
2262 5478 2440 5527 lancea
2461 5475 2596 5524 latus
2625 5473 2737 5538 ejus
2767 5466 3197 5538 aperuitgrtalia
3229 5464 3383 5538 siriti-

1828 5551 1917 5608 lia,
1954 5549 2154 5600 (ludum
2185 5558 2306 5596 ante
2339 5561 2497 5611 quam
2526 5533 2943 5608 pronunticntur
2970 5536 3170 5589 Christi
3192 5533 3379 5585 verbal.

1827 5619 1961 5670 Tota
2013 5619 2117 5667 imo
2151 5615 2379 5680 liturgite
2430 5627 2597 5666 series
2631 5625 2695 5682 eo
2748 5615 2984 5682 spectat,
3021 5619 3142 5682 cuin
3177 5618 3385 5682 repnte

1827 5687 2060 5740 SPnlutiO
2109 5687 2175 5738 sit
2207 5673 2371 5738 totius
2405 5682 2654 5735 humanae
2686 5673 2855 5747 ipsius
2883 5676 2936 5730 in
2973 5674 3133 5728 terris
3160 5673 3386 5741 dispen-

1829 5769 2073 5812 sationis.
