4044 6324
651 367 754 419 705
1497 360 1556 415 ε.
1596 359 2038 419 ευετλτηιυε
2075 357 2248 414 ΑΝτιε

2310 353 2565 412 IHENUS
2602 347 2999 406 EPISCOPUS.
3803 346 3907 399 τω

721 476 977 547 Populus.
1008 477 1198 532 Amen.
2247 481 2292 536 Α
2322 469 2701 541 spiritualibus
2719 465 3020 522 divinitatis
3044 471 3169 519 tua.
3191 463 3391 521 Przsta
3416 479 3514 520 nos
3541 463 3709 534 igitur
3741 465 3908 516 ineo-

722 566 1000 623 Sacerdos.
1028 565 1158 620 Pax.
2324 564 2498 618 lumes
2522 561 2589 615 ab
2622 561 2745 630 igne
2771 559 2864 612 illo
2906 557 3356 626 tnexstinguibili.
3390 572 3486 628 per
3519 556 3672 611 istud
3702 559 3908 612 convi-

719 659 975 726 Populus.
1015 660 1076 712 Et
1107 673 1230 712 eum
1255 657 1452 727 spiritu
1485 665 1598 712 tuo.
2325 655 2468 708 vium
2495 671 2508 706 :
2532 659 2586 705 et
2615 649 2916 704 referemus
2937 649 3034 702 tibi
3063 647 3315 718 gloriam,
3343 656 3450 705 etc.

719 749 1012 804 Diaconos.
1045 748 1328 803 Incliuate.
2393 741 2648 809 Populus.
2677 741 2869 794 Amen.

719 840 957 906 Pupulus
1011 840 1209 894 Coram
1241 847 1314 897 te.
1352 838 1578 892 Domine
2391 831 2674 888 Sacerdos.
2696 829 2830 886 Pax.

722 930 1004 985 Sacerdos.
1059 930 1347 984 Adorande
1378 930 1468 998 qui
1497 937 1578 980 ter
1611 925 1880 987 adoraris,
1930 936 1984 979 et
2029 932 2220 980 sancte
2389 921 2646 984 Populus.
2679 918 2743 972 Et
2775 933 2900 971 cum
2922 915 3118 986 spiritu
3146 923 3260 971 tuo.

654 1021 994 1090 glorilicaris.
1029 1021 1306 1076 sanetitica
1326 1063 1340 1085 ,
1381 1020 1634 1080 Homine.
1665 1017 1876 1070 animas
1903 1025 1957 1069 et
1987 1031 2221 1085 corpora
2391 1008 2685 1064 Diacsnus.
2720 1005 2876 1060 Post.

653 1129 840 1166 eorum
869 1116 960 1182 qui
1003 1128 1183 1166 eorum
1228 1121 1282 1168 te
1310 1111 1552 1166 inclinati
1599 1118 1748 1171 sunt,
1786 1117 1844 1161 ut
1889 1116 2077 1162 sancte
2106 1123 2222 1179 my-
2392 1099 2670 1155 Sacerdos.
2700 1099 2948 1160 Domine,
2979 1095 3196 1153 custodi
3241 1097 3498 1165 populum
3554 1105 3704 1150 tuum
3767 1091 3908 1146 ﬁde-

655 1204 836 1258 steiils
883 1203 1002 1257 istis
1020 1204 1520 1266 communieemus,
1547 1206 1604 1255 et
1633 1197 1936 1255 referemus
1971 1197 2068 1254 tibi
2103 1198 2221 1270 glo—
2320 1192 2447 1254 lem.
2475 1200 2530 1246 et
2565 1192 2712 1248 salva
2744 1207 2841 1248 nos
2869 1204 3061 1244 omnes
3089 1189 3157 1241 ab
3190 1187 3337 1241 omni
3367 1187 3569 1241 timore
3604 1195 3658 1240 et
3689 1193 3909 1238 tremo-

654 1296 811 1351 riam.
845 1303 952 1349 etc.
2321 1299 2418 1338 re:
2443 1283 3003 1350 tranquillitati-mque
3028 1289 3084 1334 et
3113 1293 3298 1348 pacem
3326 1278 3568 1332 concede
3588 1277 3746 1331 nobis
3779 1291 3906 1330 orn-

723 1382 980 1449 l’opulus,
1016 1383 1208 1440 Amen.
2324 1375 2504 1438 nibus,
2537 1371 3047 1442 lieuediCtionesque
3093 1368 3287 1430 bonas.
3338 1369 3538 1439 gaudia
3569 1377 3626 1424 et
3650 1371 3906 1424 exsulta-

723 1471 1002 1529 δαεενάοε,
1038 1473 1421 1529 Misericordia
1445 1472 1536 1528 Dei
1559 1474 1689 1528 sint.
2323 1465 2525 1518 tionem
2560 1481 2572 1515 :
2610 1473 2665 1515 ut
2693 1477 2792 1531 pro
2823 1463 3077 1516 omnibus
3108 1460 3477 1515 retribuamus
3505 1462 3604 1514 tibi
3640 1462 3902 1531 gloriam.

726 1563 1016 1620 Diaconus.
1044 1565 1432 1635 Unusquisque
1459 1580 1586 1618 cum
1617 1565 1832 1619 timore.
2323 1557 2559 1617 laudem,
2602 1553 2980 1606 exultationem
3018 1559 3071 1606 et
3104 1552 3400 1621 gratiarum
3427 1553 3721 1615 actionem,
3754 1550 3910 1606 Deo-

726 1655 1005 1711 Sacerdos.
1041 1656 1238 1710 Sancta
1274 1657 1497 1712 sanctis.
2321 1663 2428 1718 que
2471 1646 2616 1700 Patri
2677 1644 2912 1716 genitori
2963 1650 3096 1707 tuo,
3156 1653 3214 1698 et
3261 1640 3488 1713 Spiritui
3535 1649 3633 1697 tuo
3677 1649 3901 1705 sancto.

727 1745 985 1811 Populus.
1021 1747 1172 1803 Unus
1195 1746 1356 1802 Pater
1392 1756 1636 1808 sanctus,
1657 1753 1762 1799 etc.
2325 1752 2492 1797 nunc.
2525 1747 2632 1792 etc.

760 1838 1017 1893 Sacerdos
1061 1839 1187 1890 dicit
1220 1840 1510 1891 orationem
1534 1838 1831 1905 gratiarum
1867 1831 2109 1886 actionis.
2246 1813 2296 1873 Β
2393 1829 2646 1896 Populus.
2676 1826 2866 1880 Amen.

724 1927 953 1983 Omnem
1000 1929 1210 1982 laudem
1264 1928 1682 1989 indelicientem,
1733 1925 1922 1995 gratiae
1981 1935 2087 1977 tuae
2135 1923 2221 1975 in-
2389 1919 2678 1973 Diaconus.
2714 1916 2964 1978 Benedic.
2989 1913 3235 1969 Domine.

653 2020 946 2072 enarrabili
979 2019 1276 2080 ollerimus,
1306 2019 1671 2086 Itaniiuezqui
1698 2032 1792 2087 per
1816 2015 2219 2082 susceptionem
2387 2010 2666 2066 Sacerdos.
2703 2008 2932 2062 Benedic
2963 2007 3120 2061 nobis
3153 2007 3428 2064 erunibus.

655 2109 819 2178 liuius
863 2111 1104 2180 mySterii
1152 2109 1475 2164 illuminasti
1531 2110 1744 2162 animas
1776 2115 1994 2162 nostras
2047 2104 2218 2158 radiis
2384 2101 2675 2158 Ducarius.
2712 2099 3035 2154 Benedicam
3063 2099 3377 2157 Dominum.

1257 2303 1575 2314 ...ὴ-Ἀ

2133 2320 3613 2344 ww

837 2934 935 3083 S.
1029 2932 1646 3086 EUSTA'I‘llll
1720 2932 2620 3092 COMMENTARIUS
2704 2932 2839 3086 IN
2919 2775 3684 3083 llEXAillllEllllN

720 3222 906 3278 (Edidit
938 3223 1038 3273 Leo
1066 3225 1313 3285 ALLA‘I’IUS,
1335 3223 1561 3287 Lugduni
1590 3224 1878 3292 ίίῖΞἿηῑη-ι,
1912 3226 2082 3274 Eidem
2105 3227 2337 3292 volumini
2382 3225 2513 3273 inest
2537 3221 2777 3292 Eustalliii
2806 3227 2979 3292 Contra
3003 3220 3260 3287 Origenem
3281 3222 3351 3273 De
3372 3219 3747 3286 engastrimytlro
3778 3217 3900 3270 Dis-

1594 3288 1792 3348 putatio,
1819 3300 1961 3348 quam
1983 3292 2168 3348 primus
2193 3290 2239 3336 in
2265 3292 2425 3335 lucem
2450 3291 2653 3348 protulit
2673 3288 2925 3344 Allatius.)

1986 3557 2540 3647 LECTORI.

723 3743 1062 3813 Eustathius,
1097 3747 1444 3801 Antiochenze
1479 3745 1734 3800 Ecclesia:
1764 3761 2011 3800 summus
2052 3746 2302 3806 antistes,
2337 3744 2495 3813 cujus
2537 3744 2677 3814 apud
2721 3753 2932 3798 veteres
2960 3747 3177 3814 copiosa
3230 3753 3283 3800 et
3313 3745 3607 3800 honoriﬁca
3641 3745 3893 3806 mentio.

650 3838 898 3891 eamdem
935 3854 1055 3890 cum
1090 3840 1211 3894 aliis
1244 3839 1420 3906 magni
1467 3840 1702 3892 nominis
1737 3839 2121 3907 scriptoribus,
2155 3841 2394 3907 iniquam
2439 3836 2831 3906 adversamque
2875 3837 3144 3889 fortunam
3175 3847 3430 3906 expertus
3451 3849 3550 3891 est.
3583 3839 3711 3903 Quae
3744 3839 3904 3891 enim

655 3923 772 3994 ipse
807 3929 1057 3983 maximis
1093 3930 1289 3996 vigiliis
1324 3943 1625 3997 magnaque
1648 3929 1927 3996 diligentia
1964 3928 2018 3979 in
2050 3926 2334 3979 catholicae
2361 3925 2612 3978 veritatis
2639 3933 3043 3994 oppugnatores
3076 3937 3425 3981 monumenta
3456 3929 3775 3995 reliquerat.
3822 3927 3904 3980 vel

656 4017 920 4071 bonorum
954 4021 1181 4082 incuria,
1216 4023 1422 4072 utinam
1458 4037 1563 4073 non
1600 4021 1863 4073 malorqu
1900 4019 2355 4084 inimicorumque
2380 4017 2660 4068 hominum
2695 4019 2890 4070 studia
2915 4017 3241 4087 fraudequel
3276 4020 3560 4081 interiere;
3593 4019 3670 4070 vel
3705 4026 3903 4072 tractu

655 4106 774 4174 ipso
808 4110 1086 4175 temporis,
1113 4120 1165 4162 et
1194 4125 1373 4163 rerum
1414 4110 1769 4161 humanarum
1804 4111 2017 4177 ingenio
2055 4115 2182 4162 sunt
2212 4109 2517 4173 absompta.
2553 4105 2763 4174 Saepius
2804 4109 3034 4177 legeram
3069 4111 3121 4161 in
3168 4111 3512 4177 antiquorum
3547 4122 3898 4162 commenta-

653 4199 752 4252 riis
786 4198 1119 4253 liustuthium
1159 4202 1318 4260 hunc.
1357 4202 1526 4254 divite.
1555 4202 1839 4254 verborum
1874 4217 1935 4254 ac
1962 4199 2354 4253 sententiarum
2387 4200 2567 4266 copia.
2600 4199 2943 4267 elegantique
2972 4198 3296 4253 eruditionis
3327 4201 3579 4252 varietate
3600 4199 3664 4251 ad
3697 4216 3906 4257 amus-

652 4289 754 4343 sim
787 4292 950 4358 per-fe.
974 4303 1046 4350 ta,
1078 4304 1234 4360 atque
1261 4292 1324 4344 ad
1359 4308 1630 4346 summum
1665 4293 1932 4350 absoluta.
1961 4306 2133 4359 eaque
2169 4291 2219 4341 in
2245 4305 2437 4357 magno
2467 4306 2691 4342 numero
2722 4292 2923 4360 scripta
2950 4292 3318 4347 elucubrasse.
3361 4294 3551 4358 Quaero
3593 4294 3822 4348 awdius
3857 4296 3900 4350 si

651 4382 778 4450 quid
810 4384 998 4451 reliqui
1027 4393 1129 4444 est,
1164 4399 1286 4436 nam
1319 4386 1496 4435 omnia
1523 4383 2172 4451 exspectaredesip'mntis
2197 4381 2668 4449 essejudieabam.
2702 4381 2956 4435 Refertur
2986 4399 3013 4434 a
3046 4385 3480 4452 prudentissimis
3509 4386 3654 4444 viris,
3682 4401 3899 4442 nomen

652 4478 862 4523 tantum
900 4489 1207 4542 superesse.
1245 4485 1593 4528 monumenta
1639 4476 1911 4528 excidisse
1946 4477 2151 4526 omnia.
2191 4471 2421 4527 lndolui.
2450 4473 2588 4538 Quid
2623 4476 2766 4526 enim
2811 4474 3044 4529 facerem
3069 4476 3095 4527 ?-
3120 4475 3435 4546 Magnorum
3467 4485 3744 4530 auctorum
3780 4480 3901 4533 rui-

652 4575 753 4614 nas
784 4578 888 4613 non
924 4566 1040 4616 sine
1071 4565 1257 4618 dolore
1309 4569 1597 4619 miseratus
1631 4581 1770 4618 sum.
1809 4568 1874 4618 At
1914 4581 2190 4635 praesagus
2233 4566 2450 4618 animus
2503 4565 2678 4634 magis
2714 4568 2995 4635 magisque
3034 4568 3236 4635 inopia,
3276 4584 3374 4621 ceu
3424 4569 3650 4637 quodam
3687 4569 3904 4623 incita.

653 4661 837 4702 mento
862 4667 1124 4707 accensus
1160 4657 1336 4722 sagaci
1374 4658 1606 4723 quadam
1631 4657 1954 4708 curiosrtate
1971 4657 2153 4706 omnia
2182 4654 2564 4721 perlustraliat,
2587 4672 2628 4705 si
2657 4654 2790 4722 quid
2825 4657 2957 4706 tanti
2995 4656 3093 4707 viri
3119 4656 3436 4709 olfenderet.
3471 4655 3643 4721 Quare
3672 4656 3901 4723 impen-

654 4743 770 4796 sius
809 4747 1210 4813 manuscriptus
1238 4747 1476 4804 codices.
1507 4764 1629 4800 cum
1674 4748 1861 4800 liceret
1887 4749 2224 4806 CVOth'balll,
2268 4747 2647 4814 agitabamque
2691 4748 2976 4798 intentius.
3015 4744 3123 4798 Nec
3156 4761 3281 4815 spes
3312 4746 3378 4798 ad
3421 4747 3625 4797 irritmu
3660 4747 3895 4799 occidit.

660 4830 822 4886 Forte
854 4836 998 4886 enim
1028 4836 1152 4888 dum
1178 4835 1362 4890 Romae
1395 4839 1773 4892 bibliothecam
1814 4839 2103 4908 quamdam
2134 4841 2416 4901 libroruin,
2442 4848 2494 4891 ct
2523 4840 2664 4906 typis
2686 4838 2981 4899 editorum,
3006 4844 3058 4890 et
3091 4853 3303 4890 manuSi
3323 4839 3580 4906 riptorum
3607 4839 3750 4889 omni
3790 4856 3891 4908 ge-

650 4939 779 4978 nere
827 4927 1239 4982 ref-_-rtissiinani
1284 4930 1443 4982 amici
1476 4932 1757 4997 cujusdam
1812 4933 2077 4986 beneﬁcio
2107 4933 2322 4985 videndi
2355 4931 2527 4998 gratia
2561 4931 2717 4990 adeo,
2756 4930 2810 4981 in
2841 4931 2957 4998 ipso
2992 4931 3262 4996 ingressu,
3299 4928 3444 4981 dolet
3491 4942 3716 4995 namque
3747 4928 3893 4982 dum

649 5027 862 5083 tempus
895 5019 1005 5070 abit
1049 5021 1218 5078 iners.
1257 5021 1394 5073 libro
1429 5022 1585 5074 obvio
1617 5038 1719 5075 non
1763 5024 1956 5091 grandi
1990 5026 2264 5078 volumine
2299 5041 2492 5077 manus
2535 5023 2744 5090 injicin,
2785 5023 2996 5090 aperio,
3025 5021 3176 5090 lego;
3208 5037 3327 5090 qua:
3370 5020 3543 5088 primo
3589 5034 3895 5076 occurrere

651 5121 758 5159 non
799 5106 1107 5175 displicent.
1161 5109 1502 5179 Prosequor;
1539 5112 1857 5166 dill‘unditur
1900 5130 2073 5174 mens,
2111 5117 2324 5168 animus
2365 5116 2613 5183 erigitur.
2648 5121 2702 5167 et
2739 5128 2898 5166 aures
2948 5113 3204 5167 dictionis
3234 5127 3388 5173 sono.
3423 5113 3574 5180 quasi
3609 5112 3895 5180 Voluptate

651 5199 959 5260 t.tillantes,
1003 5200 1363 5254 oblectamur.
1401 5200 1546 5252 Nihil
1575 5203 1627 5255 in
1671 5219 1735 5256 eo
1764 5206 1972 5263 tritum.
2013 5206 2146 5259 nihil
2176 5207 2415 5273 vulgare,
2464 5220 2644 5256 rerum
2678 5204 2841 5255 etiam
2881 5203 3121 5270 ipsarum
3151 5202 3408 5255 materies
3436 5202 3613 5254 ciebat
3645 5200 3894 5256 admira-

653 5289 872 5341 tionem.
912 5289 1156 5345 Recurro
1182 5294 1246 5345 ad
1283 5292 1513 5345 frontem
1561 5294 1702 5354 libri,
1737 5306 2012 5350 auctorem
2043 5312 2328 5364 perqurro;
2367 5306 2442 5360 et,
2475 5312 2507 5348 ο
2546 5296 2724 5348 laetum
2767 5298 3038 5353 nuntium,
3073 5307 3107 5345 ο
3152 5293 3481 5345 fortunatum
3525 5293 3687 5349 diem.
3729 5308 3760 5346 ο
3796 5297 3890 5350 in-

655 5389 932 5446 Speratum
968 5383 1255 5450 gaudium!
1297 5384 1488 5437 titulus
1521 5383 1608 5435 hic
1637 5394 1755 5437 erat
1785 5401 1798 5434 ε
1832 5387 2124 5441 Εὐσταθίου
2161 5391 2252 5456 ἀρ)

2294 5388 2591 5438 επισκόπου
2635 5384 2962 5452 Ἀντιοχείας
2987 5385 3066 5446 εἰς
3097 5382 3192 5452 τὴν
3239 5382 3541 5454 ἑξαήμερον
3586 5383 3891 5455 ὑπόμνημα

654 5470 796 5521 πάνυ
827 5471 1157 5540 Θαυμαστόν.
1193 5472 1290 5526 Diu
1318 5475 1530 5528 luerens
1555 5474 1794 5536 substiti,
1828 5477 2104 5545 inopinato
2137 5487 2335 5531 eventu
2365 5479 2670 5547 perculsus,
2701 5478 2919 5529 tandem
2954 5475 3020 5527 ad
3052 5475 3206 5528 linem
3234 5475 3354 5526 libri
3381 5490 3632 5542 propero,
3664 5475 3712 5528 si
3747 5473 3890 5526 forte

657 5563 835 5614 onmia
874 5572 1058 5618 essent
1095 5563 1384 5619 Eustathii.
1416 5565 1614 5618 Prazter
1641 5567 1785 5619 hunc
1811 5577 2122 5631 tractatum.
2155 5581 2346 5623 caetera
2379 5570 2609 5622 aliorum
2654 5584 2774 5622 esse
2806 5568 3068 5634 comperi,
3094 5582 3213 5634 quae
3262 5569 3314 5620 in
3349 5581 3414 5619 eo
3446 5567 3723 5622 volumine
3752 5580 3889 5622 eor.-

658 5651 992 5706 tinebantur.
1027 5653 1267 5726 Exiguus
1303 5666 1464 5725 potus
1502 5659 1645 5711 sitim
1681 5659 1838 5713 valde
1866 5661 2124 5722 sitientis,
2161 5677 2269 5716 non
2306 5661 2590 5718 exstinxit.
2629 5659 2722 5713 sed
2772 5661 2942 5712 auxit.
2980 5657 3070 5711 Sic
3110 5661 3153 5713 si
3185 5659 3464 5728 paululum
3501 5675 3655 5728 aqua:
3689 5675 3888 5731 magno

659 5742 766 5806 iiifni
799 5741 1072 5808 infundas,
1112 5749 1376 5804 acccmles
1425 5765 1547 5804 cum
1581 5752 1760 5816 potius
1813 5768 1974 5815 quam
2021 5757 2354 5824 exstingues.
2390 5754 2646 5818 Quamvis
2677 5754 2857 5818 itaque
2895 5767 3072 5806 meum
3109 5749 3440 5805 desiderium
3475 5765 3582 5806 non
3628 5754 3886 5825 explerit,
