4044 6324
142 411 244 466 Ὶῡδ
1063 408 1338 470 SPURIA.
1367 445 1436 457 —-
1458 413 1816 472 COMXENT.
1854 413 1920 472 IN
1956 413 2432 473 HEXAEHERON
3275 419 3378 476 ωδ

137 529 329 584 lenivit
360 536 570 592 tamen.
609 540 664 586 et
685 528 813 585 dum
849 533 1032 582 metuo
1059 543 1242 584 moras
1271 530 1556 585 celerrime
1585 545 1684 595 nec
1709 531 1878 586 invito
1912 528 2160 592 custode.
2189 531 2476 598 exscribo;
2505 530 2680 602 deque
2709 532 2855 590 illius
2879 534 2936 590 in
2963 534 3202 604 linguam
3233 532 3382 589 Lati-

139 635 264 675 nam
311 622 570 676 versione
609 619 808 689 cogito.
855 617 1062 673 Interea
1101 619 1156 674 in
1205 621 1328 674 aliis
1355 620 1516 675 etiam
1546 620 1890 676 bibliothecis
1929 623 2249 692 perquirens
2281 621 2420 676 idem
2461 639 2598 693 opus
2626 624 2800 680 eidem
2833 627 3040 680 auctori
3077 625 3380 696 ascriptum

138 714 344 770 iuveni.
377 723 432 767 et
483 714 534 765 in
564 713 730 764 totius
761 712 910 768 orbis
942 722 1208 767 terrarum
1258 714 1682 768 instructissima
1712 730 1776 768 ac
1827 716 2174 770 celeberrima
2211 716 2541 771 bibliotheca
2590 718 2867 786 Vaticana,
2909 736 3118 775 necnon
3155 720 3382 776 nobilis-

137 806 273 859 sima
308 803 664 858 Vallit-ellana
699 802 911 870 Romae;
947 815 1000 859 et
1029 822 1151 860 cum
1186 806 1571 860 bibliothecam
1628 806 1926 862 Palatinam
1961 806 2189 862 Romam
2234 810 2580 872 adveherent,
2613 811 2880 866 Monac-hii
2919 815 2969 868 in
3005 814 3377 869 illus'rissima

135 895 423 950 Bavarii-a.
463 893 640 959 Quare
669 901 724 946 et
755 896 1055 964 promptior
1091 896 1332 950 laborem
1368 898 1674 965 amplexus,
1707 906 1938 953 conatus
1966 914 2083 952 sum
2113 899 2179 954 de
2212 898 2488 969 republica
2523 902 2783 956 litteraria
2824 905 2958 958 bene
2988 907 3205 961 mereri.

203 986 529 1040 lnstitutum
567 999 745 1037 meum
797 987 916 1047 fuit.
952 996 1184 1041 mentem
1216 1003 1280 1040 ac
1315 990 1640 1042 sententiam
1677 990 1941 1052 auctoris.
1981 990 2325 1058 simpliciter,
2376 990 2605 1044 fideliter
2633 1007 2696 1045 ac
2737 993 3021 1062 perspicue
3051 993 3373 1059 transferre,

134 1079 276 1147 quod
315 1079 555 1146 primum
600 1081 1040 1149 praecipuumque
1069 1093 1269 1131 munus
1299 1093 1421 1133 esse
1462 1079 1776 1149 interpretis
1810 1095 2024 1150 semper
2067 1081 2397 1142 existimavi.
2427 1083 2500 1136 ita
2530 1090 2708 1137 tamen
2740 1086 2882 1152 quod
2918 1087 3121 1138 uullmu
3149 1087 3220 1140 sit
3253 1102 3376 1141 ver-

137 1173 264 1226 bum
296 1171 450 1239 quod
481 1187 588 1224 non
635 1173 976 1241 explicarim,
1008 1171 1327 1239 nullumque
1369 1172 1669 1225 addiderim
1715 1186 1744 1224 a
1787 1171 2054 1225 sententia
2095 1173 2353 1231 alienum.
2390 1170 2490 1224 libi
2531 1189 2717 1228 rerum
2767 1177 2921 1233 crdo.
2950 1178 3033 1231 vel
3063 1179 3378 1234 obscuritas

135 1263 393 1318 dictionis
439 1263 493 1316 id
526 1266 804 1333 poscebat,
833 1265 1131 1319 blandienti
1165 1265 1572 1333 luxuriantique
1601 1265 1833 1318 orationi
1883 1263 2089 1332 aliquid
2129 1266 2399 1318 concessi.
2430 1263 2778 1336 Quapropter
2814 1283 2912 1322 nec
2945 1269 3126 1324 verbis
3168 1285 3253 1325 me
3285 1285 3374 1326 as-

133 1357 319 1415 trioxi.
355 1371 460 1410 nec
488 1356 726 1425 periodis
756 1357 1030 1427 colligavi,
1068 1357 1365 1414 dummodo
1401 1359 1726 1411 sententiam
1749 1357 2076 1423 explicarem
2102 1376 2126 1412 :
2159 1373 2317 1428 quam
2349 1359 2695 1427 antiquorqu
2725 1368 2782 1413 ut
2806 1361 2952 1430 potui
2976 1370 3027 1417 et
3048 1359 3206 1416 Plinii
3231 1378 3373 1431 pra:-

134 1448 318 1500 sertim
349 1450 540 1502 verbis
565 1451 830 1518 expressi.
871 1449 949 1502 Ad
987 1466 1168 1504 rerum
1196 1453 1342 1505 enim
1379 1460 1606 1504 naturas
1641 1451 1966 1521 ingenioque
1989 1451 2305 1522 exponenda
2339 1451 2587 1504 Pliniano
2609 1453 2756 1524 stjlo
2782 1455 2968 1509 nullus
2996 1454 3125 1508 mihi
3160 1454 3375 1511 videtur

134 1541 326 1607 aptior.
359 1541 549 1595 nullus
579 1541 1065 1604 accommodatior,
1103 1543 1463 1612 opportunior
1487 1543 1691 1598 nullus.
1723 1541 1880 1608 Quod
1913 1557 1982 1596 an
2012 1543 2116 1596 sim
2148 1552 2431 1596 assecutus
2463 1545 2875 1612 tequusjudicet
2909 1544 3095 1598 lector.
3133 1545 3191 1600 In
3221 1555 3240 1598 t
3276 1558 3372 1600 xtu

134 1629 318 1683 Gnaeo
364 1631 505 1684 nihil
547 1633 849 1700 immutavi,
883 1637 1015 1689 nihil
1048 1636 1388 1697 detruncavi.
1419 1636 1553 1690 nihil
1587 1636 1791 1691 addidi.
1839 1634 1946 1690 Sed
1977 1644 2035 1690 ut
2063 1637 2248 1698 habui,
2285 1638 2466 1690 omnia
2510 1653 2642 1706 pure
2683 1636 2829 1691 dedi.
2859 1636 3130 1704 Quoniam
3188 1648 3372 1692 autem

134 1722 317 1775 multis
346 1725 400 1776 in
439 1725 570 1779 lOCla
604 1734 789 1780 textus
818 1738 932 1781 erat
963 1730 1208 1790 mutilus.
1244 1729 1560 1790 lacunosus,
1594 1728 1866 1792 inversus,
1901 1730 2195 1797 multisque
2227 1729 2391 1782 etiam
2419 1733 2708 1788 obscurus,
2745 1745 2812 1783 ne
2839 1738 3097 1799 tanquam
3135 1745 3246 1784 rem
3273 1730 3372 1785 de-

135 1826 402 1881 speratam
439 1818 822 1884 abjiceremus,
857 1831 1014 1874 notas
1041 1829 1093 1875 et
1121 1820 1454 1874 collectanea
1499 1821 1777 1887 subjuuxi.
1811 1821 2012 1891 quibus
2060 1822 2152 1876 illa
2188 1823 2305 1876 loca
2342 1823 2425 1878 vel
2468 1821 2847 1882 emendantur.
2889 1824 2972 1876 vel
3007 1823 3368 1891 supplentur,

135 1907 211 1958 vel
247 1909 311 1960 ad
345 1909 634 1976 pristinam
668 1912 894 1964 formam
928 1911 1304 1976 reducuntur;
1332 1909 1493 1978 idque
1525 1911 1755 1963 aliorum
1782 1909 2002 1964 Patrum
2039 1914 2476 1980 scriptorumque
2505 1909 2673 1964 fultus
2704 1910 3009 1976 sententiis,
3045 1911 3374 1980 quandoque

132 2000 289 2054 etiam
327 2000 465 2053 meis
496 2016 788 2070 aggressus
815 2019 959 2062 sum.
991 2011 1043 2055 et
1077 2018 1450 2071 saepenumero
1479 2006 1640 2056 etiam
1665 2004 1927 2058 divinavi.
1962 2002 2052 2057 Sat
2083 2005 2197 2058 scio
2219 2019 2399 2058 meum
2431 2002 2697 2065 studium,
2723 2012 2776 2055 et
2805 2002 3127 2056 industriam
3158 2003 3373 2071 iniquos

136 2106 407 2144 venenoso
445 2091 598 2146 hiatu
641 2096 891 2162 rictuque
937 2094 1354 2154 dilaceratur-os.
1387 2109 1510 2148 cum
1551 2094 1653 2162 ipsi
1690 2111 1798 2148 non
1828 2097 2040 2159 possint
2073 2095 2320 2151 meliora.
2353 2093 2471 2148 Non
2499 2095 2760 2150 desistam
2804 2101 2986 2148 tamen
3015 2095 3367 2159 abstenritus,

135 2186 258 2251 quin
297 2187 534 2240 alacrior
561 2193 624 2240 de
645 2188 767 2240 aliis
796 2187 934 2241 bene
969 2188 1161 2241 mereri
1193 2188 1454 2240 conabor.
1492 2187 1549 2240 In
1582 2189 1725 2242 notis
1760 2187 1837 2241 fui
1861 2188 2156 2257 prolixior;
2182 2188 2351 2240 multa
2383 2203 2615 2256 namque
2649 2202 2768 2256 quae
2791 2186 3151 2240 oecurrcbaut
3184 2203 3373 2242 neces-

136 2277 296 2336 saria.
341 2287 396 2330 et
432 2277 599 2332 dubia
633 2279 900 2346 explicavi
935 2279 1166 2331 aliorum
1208 2286 1492 2331 auctorum
1539 2280 1852 2344 collatione,
1885 2294 2119 2349 quorum
2159 2279 2274 2332 loca
2322 2278 2614 2346 exscripsi,
2653 2294 2720 2330 ne
2762 2277 2952 2339 lector,
2985 2278 3067 2331 vel
3115 2285 3371 2330 aut-tores

136 2368 380 2424 habendo
416 2373 584 2426 nimis
625 2372 929 2440 fatigareris
959 2373 1010 2424 in
1045 2373 1152 2425 illis
1200 2372 1561 2434 inveniendis.
1593 2374 1674 2426 vel
1722 2389 1829 2427 non
1879 2371 2152 2433 habendo,
2189 2370 2524 2425 fraudareris
2564 2386 2683 2440 spe.
2717 2379 2770 2425 et
2811 2369 3084 2425 desiderio
3128 2371 3250 2424 illos
3284 2371 3367 2423 vi-

137 2463 312 2516 dendi.
355 2462 634 2532 Quidquid
672 2472 853 2516 tamen
888 2465 979 2526 sit,
1017 2463 1161 2531 quod
1197 2464 1265 2515 ab
1299 2464 1420 2516 aliis
1454 2465 1506 2516 in
1537 2463 1874 2532 exponendis
1923 2463 2244 2517 auctoribus
2276 2457 2712 2530 exoptassemus.
2755 2462 2853 2515 hoc
2888 2479 2988 2518 nos
3033 2479 3088 2517 in
3137 2463 3367 2516 aliorum

137 2567 290 2608 usum
313 2555 618 2607 eti'ecimus.
655 2553 854 2623 Sicque
879 2554 931 2606 in
967 2553 1305 2622 corrigendis
1341 2555 1464 2608 aliis
1488 2562 1668 2614 caute,
1705 2554 1758 2604 in
1788 2551 2252 2620 reprehendendis
2298 2550 2563 2614 modeste,
2595 2552 2648 2603 iu
2691 2552 2976 2607 laudandis
2999 2552 3234 2607 olIiciose
3268 2569 3370 2606 nos

138 2647 434 2716 gessimus,
469 2647 926 2715 quemadmodum
961 2656 1015 2701 et
1053 2647 1476 2700 obtrectatorum
1513 2661 1564 2698 ιιι
1593 2645 1726 2698 alios
1754 2646 2038 2697 maledicta
2062 2643 2416 2711 negleximus.

202 2740 594 2807 Argumentum
631 2739 796 2805 hujus
821 2739 1002 2808 operis
1025 2750 1130 2801 est,
1159 2739 1327 2792 divini
1367 2736 1618 2790 Numinis
1651 2737 1704 2789 in
1748 2735 2042 2788 humanam
2088 2746 2338 2811 naturam
2383 2734 2641 2790 beneficia
2673 2735 2869 2790 collata
2905 2737 3080 2806 palam
3113 2737 3367 2791 omnibus

140 2824 341 2894 facere;
375 2830 608 2899 ejusque
653 2830 977 2891 bonitatem,
1011 2828 1342 2898 potentiam,
1378 2828 1729 2896 sapientiam,
1777 2827 2142 2892 clementiam,
2193 2827 2539 2881 tolerantiam
2595 2829 2906 2896 ostendere;
2951 2830 3092 2898 quod
3132 2845 3198 2884 ex
3248 2833 3368 2902 ipsa

138 2933 310 2973 rerum
341 2925 643 2982 creatione.
668 2921 1062 2975 elementorum
1099 2921 1311 2975 scilicet
1355 2918 1734 2988 productione,
1777 2927 1973 2972 ornatu
1995 2918 2218 2981 mundi,
2245 2927 2425 2974 motus
2455 2919 2844 2989 aequabilitate.
2873 2921 3022 2985 solis,
3050 2922 3190 2978 luna:
3223 2923 3368 2978 side-

141 3027 357 3081 rumque
375 3015 621 3067 omnium
644 3013 1046 3083 pulchritudine
1067 3026 1130 3064 ac
1155 3012 1228 3070 vi.
1257 3011 1424 3064 maris
1437 3018 1599 3076 atque
1622 3018 1892 3064 terrarum
1925 3009 2318 3080 magnitudine,
2338 3013 2652 3064 animalium
2667 3012 3113 3081 proprietatibus.
3129 3013 3366 3068 hominis

143 3113 429 3165 structura.
456 3107 869 3176 propagatione,
895 3102 1369 3172 multipliCatione,
1399 3113 1462 3153 ac
1489 3099 1706 3154 tandem
1737 3101 1824 3154 via
1861 3101 1927 3154 ad
1963 3103 2216 3170 gratiam,
2252 3117 2372 3172 quae
2407 3119 2502 3171 per
2537 3103 2822 3157 Christum
2849 3104 3046 3166 illuxit,
3079 3106 3366 3160 coulirmat

142 3205 188 3248 et
216 3199 552 3267 comprobat.
588 3200 718 3263 Quae
758 3198 938 3249 omnia
970 3196 1042 3247 ita
1073 3192 1340 3247 acerrimo
1366 3193 1583 3259 ingenio
1617 3190 1936 3246 Eustathius
1965 3192 2265 3254 adinvenit,
2299 3193 2542 3262 disponit
2575 3202 2628 3247 et
2669 3194 3038 3262 prosequitur,
3071 3202 3129 3247 ut
3154 3195 3223 3248 ab
3247 3196 3366 3265 ipso

145 3286 242 3341 Deo
274 3305 451 3343 rerum
487 3300 807 3356 natur-atque
834 3288 1028 3356 opiﬁce
1057 3301 1118 3340 ea
1163 3284 1428 3338 didicisse
1471 3283 1736 3336 videatur.
1767 3284 1931 3337 Multa
1966 3285 2019 3338 in
2053 3285 2177 3338 aliis
2207 3293 2260 3339 et
2292 3279 2695 3351 elegantissime
2728 3287 2928 3354 scripta
2972 3294 3029 3340 et
3056 3287 3370 3354 prudentis-

143 3380 266 3437 sime
301 3383 505 3437 dictata
544 3384 807 3442 invenies.
842 3390 895 3433 at
923 3381 1085 3433 dictis
1126 3377 1414 3439 Eustathii,
1448 3376 1590 3429 absit
1623 3376 1789 3429 verbo
1813 3377 2036 3444 injuria.
2077 3377 2212 3429 nihil
2243 3385 2325 3428 est
2355 3377 2735 3443 praestabilius,
2769 3377 2900 3429 nihil
2937 3377 3242 3445 pulchrius,
3269 3377 3366 3431 seJ

144 3487 204 3526 ne
223 3475 446 3543 cogitari
487 3475 708 3542 quidem
735 3474 926 3526 melius
963 3479 1158 3540 potest.
1191 3468 1343 3522 Unde
1367 3484 1475 3522 ιιοιι
1511 3468 1781 3521 immerito
1811 3475 2078 3521 tractatus
2104 3467 2190 3520 hic
2219 3467 2361 3520 inter
2395 3468 2531 3521 alios
2563 3467 2792 3520 aliorum
2822 3468 2887 3520 de
2917 3467 3103 3521 eadem
3138 3470 3366 3521 materia

143 3564 276 3618 solus
306 3566 606 3634 ’ξιπόμνημα
653 3566 792 3617 πάνυ
828 3562 1137 3632 θαυμαστόν
1168 3561 1354 3613 vocari
1396 3563 1614 3624 meruit,
1657 3575 1740 3627 qui

1762 3557 1803 3612 id
1845 3561 1899 3612 in
1939 3558 2194 3614 omnibus
2232 3558 2354 3614 cod.
2393 3561 2670 3628 praeﬁxum
2722 3569 2844 3628 post
2887 3560 3104 3612 titulum
3145 3562 3359 3630 legitur.

143 3652 246 3712 Non
275 3656 524 3717 deerunt.
551 3657 643 3726 qui
673 3655 725 3709 id
759 3654 874 3708 tieri
905 3652 1115 3724 potest?
1146 3652 1238 3720 qui
1269 3667 1338 3705 ne
1367 3664 1570 3703 morem
1597 3651 1848 3720 perdant,
1898 3649 2103 3720 aliquid
2134 3649 2418 3705 Eustatbio
2453 3651 2733 3720 objicient,
2769 3659 2821 3705 et
2851 3667 2972 3704 cum
3005 3667 3112 3705 non
3149 3653 3366 3722 possint

145 3763 230 3801 nec
254 3751 514 3806 orationis
554 3757 908 3809 structuram,
949 3761 1049 3801 nec
1101 3745 1346 3798 ordinem
1379 3759 1560 3798 rerum
1599 3742 2018 3812 reprehendere.
2059 3745 2329 3797 notabant
2374 3760 2556 3798 rerum
2595 3762 2738 3814 quas
2768 3752 2968 3799 tractat
3014 3745 3365 3799 iucertitudi-

143 3856 274 3907 nem,
309 3843 751 3912 contendentque
780 3841 1026 3910 vulgaria
1056 3852 1179 3893 esse
1201 3844 1256 3892 et
1278 3837 1446 3890 anilia
1471 3851 1594 3906 qua:
1620 3836 1710 3890 hic
1733 3837 2106 3901 continentur,
2131 3838 2250 3891 viro
2271 3836 2649 3892 ecclesiastico
2678 3847 2730 3892 et
2758 3847 2910 3894 tanto
2939 3838 3084 3892 Patri
3117 3838 3361 3908 indigna.

145 3929 247 3986 Hoc
277 3934 399 3988 item
450 3935 760 4005 Epiphanio
802 3934 855 3988 in
888 3931 1205 4002 Phyaiologo
1239 3927 1514 3998 objectum
1544 3937 1629 3982 est
1669 3944 1700 3980 a
1735 3927 2085 3997 quibusdam,
2123 3929 2413 3998 acriusque
2445 3928 2500 3983 in
2549 3930 2698 3982 illum
2730 3931 3187 3985 animadversum.
3221 3928 3364 3984 inter

141 4038 225 4077 eos
248 4024 530 4080 Conradus
557 4026 852 4090 Gesnerus,
881 4033 934 4080 et
966 4038 1076 4077 non
1119 4021 1286 4075 intimi
1328 4019 1565 4073 nominis
1599 4027 1792 4073 auctor
1819 4017 2100 4081 Pererius.
2130 4020 2224 4089 qui
2257 4021 2310 4073 in
2345 4017 2528 4074 Cenes.
2559 4035 2680 4089 cap.
2716 4037 2844 4084 xxx,
2877 4023 3016 4091 disp.
3047 4022 3099 4086 l,
3124 4023 3316 4079 scribit
3342 4036 3358 4073 :

145 4109 244 4166 Nec
273 4115 556 4168 admodum
577 4117 870 4186 quempiam
902 4122 1103 4168 moveat
1132 4109 1417 4179 Epipltanii
1445 4111 1738 4162 auctoritas
1772 4109 1826 4166 id
1852 4108 2107 4162 tradentis
2133 4109 2188 4162 in
2211 4107 2561 4180 Physiologo.
2593 4109 2863 4163 Nimirum
2887 4112 2938 4164 is
2963 4128 3062 4165 non
3093 4121 3200 4164 tant
3224 4113 3276 4164 iu
3298 4127 3361 4163 eo

143 4203 266 4258 libro
304 4208 528 4276 diligens
561 4219 607 4262 et
648 4212 889 4263 curiosus
921 4209 1020 4277 fuit
1050 4206 1286 4260 veritatis
1314 4202 1546 4256 historia:
1569 4218 1751 4256 earum
1779 4219 1954 4256 rerum
1982 4218 2112 4266 quas
2143 4201 2214 4254 ibi
2251 4211 2523 4263 memorat,
2547 4219 2703 4270 quant
2739 4219 2834 4255 eas
2871 4219 2952 4256 res
2979 4202 3361 4270 interpretandi

142 4304 356 4368 apposite
372 4303 556 4371 pieque
581 4300 864 4356 secundum
887 4296 1283 4367 intelligentiam
1306 4293 1640 4360 allegoricam
1670 4303 1718 4346 et
1751 4292 2150 4360 tropologicum.
2196 4290 2376 4356 Quare
2405 4291 2746 4359 proprietates
2791 4291 3104 4344 animalium
3124 4302 3172 4345 et
3200 4293 3355 4360 plan-

143 4404 297 4445 tarum
323 4395 468 4463 vulgo
499 4395 750 4456 creditas.
774 4402 823 4446 et
846 4392 1064 4446 consilio
1093 4397 1141 4442 et
1171 4388 1438 4456 proposito
1462 4403 1556 4438 suo
1581 4383 2008 4437 accommodatas
2043 4384 2260 4436 libenter
2286 4383 2590 4447 assumpsit.
2625 4381 2729 4435 Sed
2765 4398 2863 4450 pro
2885 4383 3190 4451 Epiphanio
3220 4386 3357 4440 satis

141 4501 391 4554 superque
421 4487 718 4557 respondet
747 4484 1052 4539 Consalvus
1076 4478 1306 4534 Pontius
1344 4475 1669 4531 Prazfatione
1698 4474 1765 4528 ad
1798 4477 2081 4537 lectorem,
2113 4476 2169 4528 iu
2202 4473 2446 4543 ejusdem
2483 4471 2767 4542 Epiphanii
2804 4471 3151 4544 Physiologo.

202 4578 322 4642 Qua:
351 4580 416 4634 de
451 4578 881 4649 proprietatibus
909 4573 1227 4629 animalium
1259 4580 1314 4624 et
1341 4568 1653 4624 Judaeorum
1689 4569 2034 4636 antiquitate.
2065 4566 2302 4635 aliisque
2328 4567 2608 4621 nonnullis
2631 4567 2886 4621 edisserit
2913 4566 3253 4627 Eustathius.
3291 4583 3356 4622 ea

141 4678 252 4723 sunt
283 4672 578 4725 multorum
625 4677 906 4723 auctorum
941 4667 1152 4720 lirmata
1196 4679 1490 4718 consensu.
1532 4659 1688 4724 Quod
1713 4669 1771 4713 ut
1809 4658 2004 4728 magis,
2043 4672 2108 4712 ac
2158 4655 2331 4726 magis
2377 4656 2686 4711 innotescat
2720 4655 2777 4709 in
2819 4657 2965 4710 notis
3011 4657 3225 4712 laudavi
3258 4672 3356 4708 au-

139 4770 304 4816 ctores
329 4763 472 4817 unde
511 4761 886 4829 desumpsisse
918 4757 1158 4818 videtur,
1195 4768 1406 4808 necnon
1439 4759 1491 4806 ct
1513 4765 1608 4805 eos
1636 4749 1731 4819 qui
1767 4749 1836 4803 ab
1879 4747 2164 4802 Eustatbio
2209 4759 2307 4799 sua
2361 4746 2590 4797 mutuati
2649 4752 2796 4798 sunt.
2829 4743 3014 4799 Rebus
3053 4745 3196 4799 enim
3250 4744 3354 4800 hoc

140 4853 272 4908 addit
302 4858 592 4910 maximam
617 4855 1018 4912 auctoritatem.
1056 4849 1268 4903 habere
1287 4848 1436 4900 viros
1478 4842 1748 4907 laudatos,
1783 4843 1874 4912 qui
1909 4854 2017 4895 una
2061 4846 2242 4894 tecum
2292 4835 2528 4891 sentiant
2559 4835 2855 4904 eademque
2878 4841 3119 4889 narrent.
3156 4835 3350 4888 Mirum

140 4957 298 5003 amem
323 4960 404 5005 est
433 4952 486 5006 in
514 4952 770 5006 omnibus
798 4965 924 5004 acre
948 4949 1090 5001 tanti
1119 4944 1302 4999 Patris
1321 4940 1592 5012 judicium
1613 4939 1764 5008 eligit
1789 4937 2011 4992 meliora
2033 4941 2279 5002 tutaque.
2303 4930 2465 4986 veluti
2483 4927 2808 4996 margaritas
2837 4942 2867 4980 e
2892 4927 3023 4984 luto.
3057 4926 3110 4978 in
3143 4939 3352 4993 suaque

142 5041 322 5111 scripta
359 5043 642 5108 transfert,
668 5051 862 5097 caetera
896 5047 954 5094 ut
985 5044 1221 5109 abiecta,
1252 5038 1379 5091 vilia
1411 5037 1725 5103 nulliusque
1760 5026 2022 5083 momenti
2052 5026 2281 5094 despicit
2314 5021 2667 5093 negligitque.
2688 5027 2962 5111 accuratae
2993 5017 3198 5111 ejusin
3233 5032 3354 5111 oin-

140 5107 281 5185 nibus
307 5133 600 5203 diligentia:
628 5107 996 5202 exquisitique
1026 5107 1196 5185 studii
1233 5134 1637 5198 argumentum.
1671 5122 1842 5180 Alias.
1873 5124 2148 5172 annuente
2179 5115 2308 5175 Deo.
2341 5122 2396 5169 et
2437 5111 2795 5181 benignitate.
2923 5109 3259 5162 humanitate
3286 5107 3350 5161 il-

143 5222 428 5281 lustrissimi
457 5242 525 5282 ac
554 5224 989 5280 reverendissimi
1021 5221 1306 5277 Francisci
1336 5218 1631 5275 cardinalis
1683 5213 1740 5266 l3:

1750 5211 1988 5273 .rbarini,
2033 5207 2093 5263 S.
2126 5206 2194 5263 Β.
2225 5205 2286 5259 Ε.
2312 5203 2735 5266 bibliothecarii,
2757 5202 2922 5270 cujus
2966 5206 3096 5254 nutu
3129 5215 3347 5264 securo,

142 5311 447 5370 felicissimis
495 5315 697 5370 studiis
727 5314 1098 5384 auspiciisque
1129 5311 1407 5366 muniﬁcis
1455 5324 1544 5361 res
1595 5304 1874 5360 litterariae
1918 5308 2181 5369 reparata
2232 5295 2531 5350 fundantur
2575 5301 2629 5348 et
2667 5292 3078 5384 confirmantur,
3113 5289 3344 5384 favente.

147 5405 378 5460 nonnulla
409 5409 514 5462 alia
563 5383 839 5476 ejusdem,
861 5412 915 5459 et
961 5404 1262 5475 praesci'tim
1293 5419 1413 5472 qua:
1452 5399 1704 5454 adversus
1752 5395 2027 5464 Origenem
2054 5390 2123 5444 de
2149 5383 3350 5482 .engaalrim—ytho.disertissime-piissimeque

143 5497 438 5566 composuit,
469 5474 648 5565 dabo;
683 5498 882 5568 quibus
912 5474 970 5550 et
1006 5496 1121 5550 haec
1155 5509 1277 5550 mea
1298 5493 1521 5552 addam.
1561 5502 1614 5545 et
1645 5488 1892 5550 meliora,
1922 5495 1974 5538 et
2002 5479 2395 5538 emendatiora.
2430 5477 2577 5542 Haec,
2625 5477 2814 5540 lector,
2848 5474 3093 5530 volebam
3132 5474 3351 5529 nescius

148 5602 205 5640 ne
227 5602 383 5645 esses.
417 5588 563 5644 Vale.

1538 5730 1968 5758 —--.°-"—
