4044 6324
690 415 795 469 ’113

1553 417 1609 470 5.
1655 416 2093 472 EL'STATHIUS
2131 417 2616 476 ANTIOCHENUS
2656 424 3044 480 EPISCOPUS.

3803 439 3902 495 τη

687 533 868 586 liabet.
931 529 1123 585 Cicuta
1188 546 1417 600 namque
1474 539 1774 600 pascuntur
1801 532 1976 586 sturni
2026 540 2231 602 proptei

2351 534 2679 604 συνεϐλάστη
2689 553 2743 588 σε
2761 541 2872 600 τοῖς
2904 538 3186 607 τροφίμοις
3207 539 3272 591 τά
3293 539 3610 614 δηλητήρια,
3635 539 3746 599 οἷον
3765 548 3902 605 ἐλλι-

686 623 938 692 corporis
988 622 1472 684 constitutionem;
1523 623 1724 675 etenim
1771 638 1894 674 eum
1932 627 2041 675 sint
2099 624 2248 690 poris

684 719 828 771 circa
855 731 948 770 cor
979 715 1244 784 angustis,
1279 715 1378 767 hac
1406 714 1618 768 ratione
1660 728 1772 767 rem
1811 714 2121 782 absorpiam
2155 730 2249 768 ex-

683 815 935 862 cernunt.
967 805 1195 860 Veratro
1227 804 1536 859 coturnices
1560 812 1854 858 vescuntur
1874 847 1888 868 ,
1921 808 2249 874 propriaque

681 900 927 968 corporis
951 897 1356 963 temperatione,
1389 897 1536 949 nullo
1554 895 1856 948 adiciuntur
1881 897 2244 958 incmumodo,

681 991 875 1044 Medici
907 989 1265 1057 mandragora
1292 1002 1540 1041 somnum
1581 987 1890 1048 conciliant,
1944 989 2070 1055 cpio
2099 1003 2248 1042 Sum-

683 1097 801 1136 mos
833 1081 1048 1135 dolores
1073 1083 1315 1150 sopiunt,
1351 1087 1531 1132 Cicuta
1558 1081 1823 1133 immanes
1856 1081 2047 1133 sedant
2078 1096 2245 1148 appe-

684 1176 836 1233 titus,
862 1181 916 1226 et
946 1182 1126 1224 tamen
1181 1185 1396 1224 veratro
1445 1170 1773 1224 inwteratos
1823 1169 2050 1224 allectus
2098 1171 2246 1222 miti—

681 1271 828 1332 gant.
869 1262 933 1314 Et
967 1262 1161 1330 lignum
1213 1260 1541 1328 fructiferum
1601 1259 1800 1325 faciens
1861 1260 2086 1326 fructum
2119 1261 2253 1322 ",et

681 1369 790 1406 uno
813 1352 1071 1420 temporis
1119 1360 1341 1420 puncto,
1376 1365 1496 1418 qua:
1553 1365 1704 1417 prius
1756 1351 1974 1404 minime
2002 1359 2177 1410 erant,
2216 1369 2246 1405 e

682 1455 824 1498 terra
853 1453 977 1496 nata
1000 1451 1148 1506 sunt,
1181 1445 1294 1496 suis
1325 1456 1551 1509 quaeque
1579 1442 2002 1510 proprietatibus
2041 1449 2094 1493 et
2138 1440 2248 1493 for-

680 1535 806 1598 mis,
839 1535 1038 1603 quibus
1079 1532 1235 1602 quasi
1285 1531 1628 1586 naturalibus
1682 1534 1824 1588 notis
1856 1549 1883 1586 a
1913 1536 2077 1586 rebus
2120 1535 2248 1586 reli-

679 1626 804 1693 quis
829 1634 1034 1678 secreta
1071 1623 1488 1691 dignoscuntur.
1521 1622 1674 1676 Oliva
1723 1635 1778 1676 et
1833 1626 2030 1692 palma,
2054 1629 2107 1677 et
2145 1640 2243 1677 cu-

679 1731 923 1784 pressus,
957 1715 1010 1766 in
1040 1715 1206 1766 altum
1252 1715 1646 1783 provehuntur,
1689 1724 1743 1768 et
1786 1715 1977 1768 harum
2013 1717 2095 1768 lue
2124 1717 2245 1784 qui-

677 1811 799 1863 dem
829 1822 929 1862 nec
959 1807 1142 1860 multis
1177 1809 1346 1862 ramis
1374 1823 1473 1860 nec
1499 1806 1675 1868 nodis,
1712 1816 1768 1859 ut
1800 1809 1980 1868 abies,
2017 1824 2241 1876 cupres-

2352 626 2527 694 Gopo;,
2559 628 2652 678 καὶ
2683 629 2946 691 ἀκόνιτον,
2983 631 3073 682 καὶ
3112 632 3504 702 μανδραγόρας,
3549 637 3770 705 καὶτῆς
3810 647 3903 712 μή.

2351 733 2516 778 κωνος
2543 720 2570 768 ὁ
2595 719 2744 781 ὀπὸς,
2779 720 2926 772 οὐδὲν
2953 721 3157 773 τούτων
3196 724 3275 784 εἰς
3300 723 3492 793 χρῆσιν
3523 727 3689 800 ἀργὸν
3719 737 3904 799 παρείς

2349 805 2567 874 ληπται.
2599 809 2674 864 Τὸ
2705 811 2803 877 μὲν
2845 811 3037 864 κώνιον
3085 813 3133 864 οἱ
3162 813 3330 884 ψᾶρες
3359 813 3642 881 βόσκονται
3685 823 3771 875 διά

2351 897 2688 967 κατασκευὴν
2721 900 2811 950 τοῦ
2849 900 3126 970 σώματος·
3156 903 3384 968 λεπτοὺς
3405 907 3513 977 γὰρ
3549 910 3762 980 ἔχοντες
3783 915 3908 975 τοὺς

2349 987 2439 1038 ἐπὶ
2476 987 2572 1057 τὴν
2615 989 2836 1058 καρδίαν
2885 992 3082 1061 πόρους
3105 1034 3118 1057 ,
3155 995 3472 1064 ἀποπέμψαι
3506 998 3566 1050 τὸ
3609 1003 3906 1056 καταποθὲν

2350 1078 2638 1145 φθάνουσι’
2674 1081 2761 1132 τὸν
2793 1080 2846 1132 δὲ
2891 1083 3166 1153 ἐλλέϐορον
3212 1085 3475 1138 ἐσθίουσιν
3517 1091 3766 1160 ὖρτυγες,
3815 1096 3906 1147 καὶ

2348 1168 2442 1236 οὐχ
2473 1169 2788 1234 ὑφίστανται
2834 1171 3057 1242 βλάϐην,
3096 1176 3324 1244 ἰδιότητα
3378 1179 3622 1246 κράσεως
3676 1185 3902 1253 ἔχοντες·

2348 1259 2443 1310 Διὰ
2476 1259 2530 1311 δὲ
2557 1260 2650 1312 τοῦ
2691 1261 3066 1332 μανδραγόρου
3108 1265 3268 1317 ὕπνον
3303 1270 3470 1339 ἰατροὶ
3514 1277 3894 1342 κατεπάγουσι,

2349 1350 2439 1402 καὶ
2464 1349 2539 1428 τῷ
2565 1351 2702 1421 ὀπίῳ
2724 1351 2819 1415 τὰς
2856 1355 3084 1423 magici;
3108 1356 3297 1419 ὀδύνας
3322 1362 3780 1428 κατακοιμίζουσι.
3808 1367 3893 1428 Τῷ

2346 1439 2400 1490 δὲ
2429 1441 2606 1509 κωνίῳ
2631 1443 2726 1505 τὰς
2752 1442 3036 1506 λυσσώδεις
3064 1447 3266 1516 ὀρέξεις
3294 1454 3776 1520 καταμαραίνουσι,
3809 1458 3898 1509 καὶ

2347 1531 2424 1599 τῷ
2468 1532 2732 1605 ἐλλεϐόρῳ
2775 1534 2842 1586 τά
2886 1537 3072 1604 χρόνια
3113 1537 3256 1606 πάθη
3301 1543 3756 1611 καταπραΰνουσι.
3799 1550 3903 1602 Kal

2348 1622 2537 1684 ξύλον
2565 1625 2859 1694 κάρπιμον
2907 1628 3118 1680 ποιοῦν
3168 1633 3413 1695 καρπόν.
3465 1634 3574 1685 Καὶ
3622 1637 3799 1689 πάντα
3852 1641 3904 1690 ἐν

2351 1715 2446 1782 μιᾷ
2479 1715 2671 1785 καιροῦ
2707 1718 2843 1785 ῥοπῇ
2876 1717 3079 1786 ἀνεφύη
3109 1720 3171 1768 ἐκ
3195 1720 3291 1787 τῆς
3327 1722 3448 1791 γῆς,
3483 1725 3582 1776 οὐκ
3617 1726 3745 1780 ὄντα
3776 1730 3906 1798 πρὸ·

2346 1823 2522 1875 τερον,
2561 1808 2694 1876 μετά
2723 1808 2821 1876 τῆς
2855 1811 3057 1873 οἰκείας
3094 1811 3315 1864 ἕκαστον
3353 1814 3627 1884 ἰδιότητος,
3663 1822 3758 1871 καὶ
3795 1821 3907 1888 ἰδίῳ

678 1918 794 1964 sus,
817 1909 870 1954 et
898 1899 1222 1970 quandoque
1246 1901 1420 1967 palma
1449 1900 1868 1964 constipantur;
1899 1899 2002 1951 illa:
2033 1915 2231 1968 senipel

2349 1898 2651 1968 χαρακτῆρι
2683 1898 2905 1950 ἕκαστον
2935 1901 3348 1969 γνωριζόμενον.
3383 1905 3442 1955 ἸΙ
3477 1906 3575 1974 μὲν
3607 1908 3781 1972 ἐλαία,
3817 1885 3904 1963 καὶ

676 1993 957 2045 virescunt
995 1992 1197 2052 :oliva,
1260 1990 1434 2057 palma
1461 2028 1474 2050 ,
1541 1989 1748 2052 laurus,
1802 1998 2034 2058 myrtus,
2069 1991 2239 2059 picea,

674 2099 990 2152 cupressus,
1023 2084 1192 2143 abies,
1221 2083 1528 2149 juniperus,
1563 2081 1781 2150 tliya,et
1805 2097 1966 2150 quam
2004 2083 2240 2138 Arcades

673 2175 968 2247 pliillodrin
997 2174 1289 2245 appellant.
1326 2171 1420 2226 His
1446 2171 1582 2225 adde
1607 2173 1929 2229 oleastrum.
1986 2174 2232 2238 cedrum,

671 2268 882 2336 pinum,
917 2267 1142 2327 buxum,
1188 2264 1386 2325 ilicem,
1433 2278 1668 2326 aracem,
1717 2264 2064 2318 cicerculam.
2095 2264 2236 2320 Rosa

671 2362 791 2414 sine
814 2359 987 2427 spinis
1039 2365 1170 2409 tunc
1221 2364 1339 2411 orta
1367 2367 1471 2418 est,
1507 2372 1627 2424 qua:
1671 2355 1887 2409 tandem
1915 2355 2064 2410 ﬂoris
2122 2357 2239 2425 pul-

669 2451 965 2506 chritudini
1022 2458 1149 2502 sunt
1207 2448 1451 2516 adjecta),
1488 2455 1545 2499 ut
1587 2440 1842 2517 jucundis
1869 2463 2037 2515 prope
2072 2448 2237 2501 situm

669 2558 960 2596 mererem
984 2558 1104 2594 esse
1156 2549 1462 2601 cernentes,
1504 2539 1712 2606 peccati
1750 2553 1857 2590 non
1891 2538 2237 2592 obliviscere-

668 2650 811 2696 mur,
844 2633 1000 2701 cujus
1035 2647 1196 2685 causa
1252 2632 1436 2700 spinas
1474 2639 1527 2683 et
1570 2629 1798 2682 tribulos
1854 2629 2012 2682 nobis
2035 2638 2234 2684 terram

667 2721 856 2775 ellerrc
922 2721 1223 2789 iudicatum
1291 2729 1393 2773 est.
1476 2719 1658 2773 Floret
1737 2722 1912 2788 prima
1989 2722 2232 2774 omnium

667 2813 970 2882 amygdala,
1030 2823 1409 2881 postremaque
1461 2825 1679 2878 pomum
1744 2817 2004 2873 maturat,
2064 2810 2233 2879 litque

665 2905 840 2958 dulcis
884 2919 950 2957 ex
985 2917 1192 2966 amara,
1250 2905 1355 2956 ima
1419 2908 1572 2970 paite
1617 2901 1798 2970 stipite
1846 2901 2232 2956 circumforato

663 3011 944 3063 cuneoque
990 3010 1056 3049 ex
1112 2995 1261 3063 picea
1297 2995 1492 3047 arbore
1526 2993 1720 3048 idoneo
1751 2994 1806 3046 in
1842 2994 2087 3047 internas
2119 3010 2233 3062 par-

663 3095 745 3142 tes
770 3089 960 3142 adacto
1011 3103 1184 3155 usque
1224 3086 1290 3138 ad
1349 3086 1638 3139 medullam
1671 3103 1683 3148 ;
1720 3086 1792 3138 ita
1842 3087 1986 3139 enim
2037 3102 2232 3141 succos

2347 1987 2534 2053 φοῖνιξ,
2576 1989 2668 2040 καὶ
2700 1990 3024 2059 κυπάριττος
3051 1992 3128 2051 εἰς
3162 1991 3290 2058 ὕψος
3327 1993 3594 2058 αὔξονται.
3632 2001 3743 2052 Καὶ
3784 2003 3905 2054 τού·

2342 2093 2447 2127 των
2481 2078 2546 2128 τά
2581 2079 2676 2147 μέν
2715 2080 2858 2130 ἐστιν
2895 2081 2953 2132 ού
2999 2081 3246 2144 πολύοζα,
3276 2084 3392 2136 οὐδὲ
3433 2087 3760 2153 πολύκλαδα,
3796 2086 3908 2145 οἷον

2343 2166 2532 2237 ἐλάτη,
2582 2171 2673 2221 καὶ
2718 2172 2748 2240 ἡ
2790 2173 3151 2240 κυπάριττος,
3198 2173 3308 2224 ἔσθ’
3358 2176 3442 2227 ὅτε
3475 2177 3530 2228 δὲ
3575 2182 3666 2232 καὶ
3711 2183 3902 2248 φοῖνιξ.

2354 2260 2636 2325 Ἀείφυλλα
2668 2262 2725 2312 δέ
2763 2264 2906 2315 ἐστιν
2953 2264 3126 2327 ἐλαία,
3172 2266 3363 2332 φοῖνιξ,
3399 2269 3492 2321 καὶ
3531 2271 3726 2342 δάφνη,
3765 2277 3905 2346 μυρο

2341 2350 2480 2418 ῥίνη,
2518 2354 2712 2420 πεύκη,
2740 2356 3086 2425 κυπάριττος,
3117 2357 3297 2424 ἐλάτη,
3323 2361 3600 2429 ἄρκευθος,
3631 2364 3776 2428 θυία,
3817 2368 3906 2418 καὶ

2340 2440 2402 2508 ἣν
2441 2441 2695 2511 ’Λρκάδες
2733 2444 2978 2513 φιλὸιδρυν
3013 2446 3288 2512 λέγουσιν·
3329 2448 3405 2499 ἐτι
3455 2451 3664 2517 φύλεος,
3694 2454 3902 2524 κέδρος,

2337 2531 2514 2595 πίτυς,
2554 2534 2736 2597 πύξος,
2774 2540 2958 2606 πρῖνος
2982 2580 2995 2601 ,
3038 2539 3236 2606 ἁράκη,
3272 2538 3520 2609 λάθυρος,
3552 2543 3624 2593 Τὸ
3656 2542 3712 2594 δὲ
3756 2546 3907 2614 ῥόδον

2335 2620 2460 2672 ἄνευ
2501 2623 2595 2691 τῆς
2629 2625 2866 2694 ἀκάνθης
2908 2630 3025 2681 τότε
3062 2633 3420 2704 ἐϐλάστησενθ
3452 2636 3676 2708 ὕστερον
3728 2639 3782 2690 δὲ
3833 2641 3908 2706 τῷ

2336 2713 2518 2765 κάλλει
2549 2715 2639 2767 τοῦ
2689 2717 2879 2781 ἄνθους
2927 2725 3326 2797 παρεζεύχθηὴ
3365 2727 3598 2781 ἄκανθα’
3635 2731 3785 2793 ὅπως
3830 2731 3910 2800 τῷ

2333 2805 2544 2875 τερπνῷ
2598 2813 3007 2882 παρακειμένην
3048 2815 3142 2885 τὴν
3197 2816 3370 2888 λύπην
3418 2819 3629 2888 ἔχοντες
3690 2839 3878 2891 μνημο

2335 2893 2571 2968 νεύωμεν
2604 2897 2701 2965 τῆς
2734 2901 3023 2970 ἁμαρτίας,
3047 2904 3110 2956 δι’
3151 2906 3215 2975 ἣν
3243 2909 3478 2971 ἀκάνθας
3505 2913 3597 2963 καὶ
3623 2912 3909 2982 τριϐόλους

2335 2986 2463 3054 ἡμῖν
2495 2988 2527 3056 ἡ
2563 2989 2631 3058 γῆ
2663 2991 2963 3044 ἀνατέλλειν
3002 2997 3382 3069 κατεδικάσθη.
3422 3001 3483 3052 Ἡ
3514 3001 3568 3053 δὲ
3611 3004 3905 3075 ἀμυγδαλῆ

2334 3079 2520 3146 πρώττι
2543 3082 2640 3150 μὲν
2659 3084 2959 3151 βλαστάνει,
2992 3090 3189 3158 ὑστέρα
3218 3092 3272 3142 δὲ
3301 3092 3518 3162 ἐκφέρει
3547 3094 3634 3146 τὸν
3662 3098 3904 3165 καρπόν.

662 3181 885 3234 minime
915 3180 1174 3233 amabiles
1218 3179 1272 3230 in
1327 3178 1512 3232 dulces
1548 3178 1778 3246 ciboque
1832 3177 2056 3231 idoneos
2085 3193 2230 3232 com-

2344 3171 2406 3223 'H
2432 3172 2488 3225 δὲ
2517 3175 2686 3244 πικρά
2711 3177 2992 3246 ἀμυγδαλῆ
3019 3182 3355 3248 τυγχάνουσα
3380 3184 3437 3234 τὸ
3462 3183 3592 3253 πρὸς
3618 3186 3717 3254 τὴν
3747 3187 3908 3255 ῥίζαν

661 3284 853 3327 mutat.
885 3271 997 3326 Hoc
1021 3273 1160 3325 idem
1192 3271 1430 3324 salutare
1466 3279 1568 3331 est,
1595 3265 1654 3323 et
1685 3270 1826 3322 malo
1861 3270 2059 3338 punico
2087 3270 2230 3324 acris

661 3371 832 3432 succi,
867 3369 956 3421 ubi
1007 3383 1238 3436 namque
1285 3367 1495 3433 excepit
1522 3381 1754 3418 cuneum
1777 3408 1789 3430 ,
1830 3366 1989 3418 dulce
2021 3365 2224 3420 evadit.

658 3455 843 3510 Palma
875 3456 1070 3509 femina
1114 3462 1269 3507 nutat
1303 3455 1356 3506 in
1392 3469 1596 3506 marem
1647 3470 1838 3523 prona,
1891 3456 2046 3522 quasi
2084 3455 2229 3512 illius

658 3547 975 3616 complexus
1033 3545 1304 3599 desiderio
1329 3553 1626 3602 teneretur,
1679 3552 1732 3596 et
1783 3545 2034 3612 agricola:
2061 3544 2227 3598 maris

659 3639 869 3693 fructus
896 3639 1063 3691 ramis
1091 3638 1235 3690 illius
1272 3636 1538 3697 inserunt,
1598 3635 1786 3703 sicque
1823 3636 2109 3704 pristinam
2149 3635 2228 3686 illi

658 3739 973 3799 rectamque
1024 3729 1253 3782 formam
1307 3729 1618 3782 restituunt.
1675 3727 1808 3780 Mori
1853 3726 2005 3780 tarde
2036 3728 2230 3796 genui-

658 3833 813 3889 nant,
852 3831 1030 3877 tamen
1056 3823 1107 3875 in
1143 3821 1322 3874 fructu
1361 3821 1586 3874 ferendo
1639 3836 1749 3874 non
1807 3829 1936 3873 sunt
1978 3820 2098 3872 aliis
2130 3833 2226 3886 po-

659 3920 936 3973 steriores.
971 3915 1143 3978 Oliva,
1175 3914 1309 3975 tilia,
1377 3914 1631 3982 populus,
1687 3913 1869 3966 ulmus
1912 3917 2034 3978 post
2083 3911 2228 3963 aesti-

659 4027 784 4065 vum
834 4009 1124 4063 solstitium
1187 4005 1313 4060 folia
1370 4006 1558 4071 supina
1625 4001 1935 4065 deﬂectunt,
1992 4009 2225 4068 suntque

646 4086 912 4156 'omnibus
926 4106 1244 4168 argumento
1275 4097 1565 4150 solstitium
1589 4095 1836 4147 :estivum
1872 4091 2219 4161 prmteriisse.

656 4191 819 4245 Ficus
850 4188 1134 4243 domestici
1170 4186 1397 4250 fructus,
1431 4201 1499 4237 ne
1537 4183 1811 4243 decidant,
1839 4183 1940 4234 hoc
1967 4189 2225 4250 praestant

656 4283 943 4353 agricolae:
982 4294 1200 4345 grossos
1225 4294 1286 4330 ex
1317 4276 1574 4345 caprifice
1607 4275 1891 4342 decerptos
1908 4282 1959 4326 et
1992 4274 2133 4325 inter
2166 4288 2225 4325 se

654 4375 938 4441 colligatos
972 4372 1073 4424 lico
1097 4370 1363 4438 injiciunt.
1395 4365 1607 4418 Animal
1629 4365 1772 4418 enim
1790 4363 1932 4431 quod
1951 4365 2004 4415 in
2030 4377 2221 4430 grosso

653 4474 738 4520 est
761 4463 1183 4517 minutissimum
1209 4459 1374 4512 fundo
1397 4457 1481 4510 ﬁci
1509 4456 1794 4511 domestici
1823 4456 2086 4517 insidens,
2124 4469 2218 4507 au-

653 4571 767 4609 ram
802 4569 922 4623 qua:
965 4551 1296 4606 circumfusa
1355 4549 1526 4617 spirat
1580 4546 1822 4615 impedit.
1891 4560 1960 4597 ne
2016 4543 2216 4597 fructui
2249 4565 2293 4618 ι)

653 4643 911 4697 molestiae
938 4645 1029 4701 sit.
1055 4642 1294 4709 licusque
1319 4650 1607 4707 antequam
1653 4643 2001 4697 maturescat,
2032 4636 2212 4699 cadat,

651 4743 705 4790 et
733 4749 854 4788 eum
886 4734 975 4786 hic
1005 4735 1215 4787 fructus
1245 4732 1422 4786 mollis
1446 4731 1536 4791 sit,
1570 4728 1935 4782 crassitudine
1964 4725 2214 4780 foliorum

651 4821 934 4889 operitur;
970 4821 1062 4873 ubi
1115 4820 1272 4872 nucis
1317 4817 1522 4872 solidus
1575 4817 1675 4869 levi
1696 4815 1949 4870 foliorum
1981 4814 2217 4883 tegmine

651 4912 877 4965 velatur.
935 4909 1043 4964 Nec
1095 4911 1198 4962 alia
1251 4922 1416 4961 causa
1455 4906 1640 4959 lolium
1675 4907 1802 4960 vitis
1842 4907 2075 4960 scissum
2109 4913 2213 4966 est,

650 5003 754 5057 nisi
791 5010 848 5054 ut
883 5002 948 5054 ab
979 5002 1119 5053 aeris
1174 4998 1532 5053 incommodis
1582 5012 1686 5049 uva
1721 5013 1779 5051 se
1814 4997 2087 5059 defendat,
2126 5013 2216 5050 so-

651 5094 826 5162 lisque
846 5092 1026 5147 radios
1051 5093 1272 5144 raritate
1293 5089 1549 5157 excipiat.
1577 5088 1667 5142 Sic
1691 5089 1824 5142 nihil
1846 5097 1930 5142 est
1967 5090 2021 5142 in
2051 5089 2214 5142 rebus

654 5183 834 5244 inane,
877 5183 971 5236 sed
1000 5182 1180 5234 omnia
1214 5181 1355 5235 Deus
1389 5183 1677 5251 sapientia,
1711 5196 1872 5249 quam
1928 5178 2078 5234 elfari
2105 5195 2213 5232 non

653 5285 962 5340 possumus,
1009 5272 1310 5324 exornavit.
1345 5269 1462 5324 Una
1521 5271 1720 5339 quippe
1763 5285 1923 5338 aqua,
1961 5285 2081 5337 qua»
2120 5284 2214 5337 per

652 5359 863 5412 radices
884 5359 1060 5412 delata
1098 5360 1406 5422 attrahitur,
1445 5361 1551 5413 alio
1588 5360 1749 5413 modo
1803 5367 2054 5413 truncum
2080 5359 2210 5422 alit,

650 5450 756 5503 alio
786 5451 1095 5510 medullam,
1125 5452 1229 5504 alio
1258 5452 1539 5513 corticem,
1577 5452 1683 5504 alio
1710 5450 1937 5519 lignum,
1979 5452 2085 5504 alio
2125 5466 2214 5503 ra-

647 5542 798 5594 dices
854 5543 1037 5608 ipsas;
1069 5551 1122 5594 et
1183 5558 1245 5595 ex
1284 5543 1472 5596 eodem
1508 5541 1735 5596 humore
1777 5542 1832 5594 in
1867 5542 1969 5595 vite
1992 5541 2211 5610 quidem

648 5633 831 5686 vinum
857 5635 1164 5698 conlicitur,
1198 5633 1249 5686 in
1275 5636 1413 5686 oliva
1446 5634 1623 5687 oleum
1644 5673 1656 5696 ,
1691 5641 1743 5686 et
1782 5633 1836 5686 in
1886 5634 1992 5688 alio
2022 5632 2166 5686 aliud
2195 5649 2208 5697 ;

726 5837 767 5867 '°
807 5836 920 5889 Gezs
974 5836 1124 5896 1,“.

2338 3265 2582 3335 στέλεχος
2613 3269 2977 3338 διατρηθεῖσα,
3016 3274 3190 3340 σφῆνα
3219 3274 3273 3326 δὲ
3307 3275 3514 3345 πεύκης
3543 3277 3774 3347 λιπαρὸν
3810 3281 3908 3347 τῆς

2333 3358 2656 3428 ἐντεριώνης
2707 3362 2874 3429 μέσης
2923 3364 3190 3416 ἐλαθέντα·
3223 3365 3484 3436 δεξαμένη
3509 3407 3524 3428 ,
3555 3370 3911 3449 τοὺςὶάηδξῖς

2333 3453 2535 3518 χυμοὺς
2591 3455 2669 3514 εἰς
2722 3455 3027 3526 γλυκύτητα
3075 3459 3393 3525 μεταϐάλλει
3452 3461 3729 3529 ἐδώδιμον.
3793 3464 3910 3532 Τὴν

2330 3541 2495 3608 αὐτὴν
2521 3542 2574 3592 δὲ
2601 3541 2892 3612 θεραπείαν
2921 3549 3012 3598 καὶ
3045 3549 3075 3615 ἡ
3101 3546 3256 3617 ὀξύ-δη
3289 3549 3407 3617 sua:
3450 3550 3738 3622 δεξαμένη,
3781 3556 3910 3626 τρέ-

2329 3648 2486 3683 πεται
2528 3635 2607 3694 εἰς
2653 3635 2977 3704 γλυκύτητα.
3026 3640 3089 3690 ’Π
3135 3639 3189 3690 δὲ
3229 3640 3412 3709 θήλεια
3459 3641 3625 3707 φοῖνιξ
3667 3646 3908 3714 καθίησι

2328 3721 2450 3781 τοὺς
2501 3720 2727 3786 κλάδους
2771 3726 2928 3776 οἱονεὶ
2978 3727 3074 3797 τῆς
3135 3729 3446 3799 συμπλοκῆς
3491 3732 3753 3803 ἐφιεμένῃ
3815 3736 3910 3788 τοῦ

2326 3807 2579 3878 ἄρρενος·
2619 3812 2712 3862 καὶ¹
2755 3816 2802 3864 οἱ
2832 3817 3098 3886 γεωργοὶ,
3136 3818 3260 3880 τοὺς
3307 3818 3479 3886 ψῆνας
3523 3817 3613 3870 τοῦ
3660 3820 3911 3891 ἄρρενας

2327 3903 2437 3961 τοῖς
2469 3902 2681 3965 κλάδοις
2713 3905 3066 3973 ἐμϐάλλοντες
3099 3909 3288 3976 αὐτῆς,
3325 3910 3458 3978 πρὸς
3483 3910 3539 3961 τὸ
3567 3912 3782 3964 οἰκεῖον
3811 3914 3909 3980 τῆς

2324 3991 2610 4061 ὀρθότητος
2635 3995 2816 4064 σχῆμα
2846 3996 3168 4049 καθιστῶσιν
3207 4001 3390 4069 αὑτήν.
3427 3999 3559 4051 Ἡδὲ
3592 4001 3908 4070 συκὰμιυης

2326 4081 2420 4149 ὀψὲ
2452 4083 2548 4150 μέν
2587 4082 2889 4152 βλαστάνει,
2931 4088 3030 4138 οὐκ
3084 4089 3297 4158 ὑστερεῖ
3343 4090 3398 4142 δέ
3432 4088 3534 4141 τῶν
3580 4088 3769 4143 ἄλλων
3821 4093 3907 4153 εἰς

2302 4174 2706 4243 .καρπογονίαν.
2736 4176 2796 4226 Ἡ
2820 4175 2873 4227 δὲ
2896 4176 3069 4237 ἐλαία,
3094 4178 3184 4229 καὶ
3212 4181 3244 4246 ἡ
3277 4178 3493 4247 φιλύρα,
3515 4178 3603 4229 καὶ
3631 4180 3662 4245 ἡ
3692 4178 3754 4230 λε
3771 4179 3902 4246 ύκη,

2324 4267 2417 4316 καὶ
2443 4265 2636 4316 πτελέα
2664 4267 2948 4336 στρέφουσι
2984 4268 3118 4338 μετὰ
3150 4270 3354 4339 τροπὰς
3383 4269 3591 4339 θερινάς
3613 4267 3679 4320 τὰ
3716 4271 3900 4338 φύλλα

2324 4355 2487 4408 ὖπτια
2509 4374 2520 4385 ⁸
2551 4359 2643 4408 καὶ
2676 4359 2731 4408 ἐν
2759 4357 2928 4427 τούτῳ
2959 4359 3151 4421 πάντες
3181 4358 3545 4427 γνωρίζουσιν,
3575 4359 3655 4410 ὅτι
3683 4364 3900 4430 τροπαὶ

2323 4448 2527 4518 θεριναὶ
2566 4451 2898 4519 γεγένηνται.
2939 4452 3046 4520 Τῆς
3085 4451 3140 4502 δὲ
3173 4451 3377 4521 ἡμέρου
3421 4451 3585 4519 συκῆς
3612 4450 3707 4502 τὸν
3761 4471 3903 4525 καρ-

2324 4540 2421 4592 πὸν
2469 4543 2763 4612 άρρευστον
2796 4544 2844 4592 οἱ
2882 4544 3104 4610 γηπῦνοι
3147 4541 3285 4595 οὖτω
3335 4541 3684 4609 φυλάττουσιν
3710 4560 3726 4571 ’
3771 4549 3900 4606 τοὺς

2321 4632 2567 4694 ὀλύνθους
2601 4633 2696 4702 τῆς
2718 4634 2914 4703 ἀγρίας
2942 4637 3108 4704 συκῆς
3134 4633 3470 4696 ἐκδύσαντες,
3493 4634 3745 4685 ἄπτωτον
3778 4635 3899 4687 δια-

2324 4725 2500 4792 μένειν
2545 4726 3036 4796 παρασκευάζουσι.
3085 4725 3156 4778 Τὸ
3201 4725 3308 4795 γὰρ
3349 4725 3490 4776 ἔνδον
3532 4723 3621 4774 τοῦ
3653 4723 3898 4777 ὀλύνθου

2321 4817 2562 4886 ὑπάρχον
2612 4817 2751 4880 ζῶον
2803 4819 3121 4887 μικρότατον
3149 4817 3224 4886 τῷ
3275 4816 3504 4885 πυθμένι
3537 4814 3625 4866 τοῦ
3666 4816 3894 4886 ἡμέρου

2325 4910 2576 4980 προσίζον
2633 4909 2793 4962 σύκου
2847 4909 2942 4979 τὴν
2998 4908 3193 4973 ἔξωθεν
3255 4903 3426 4978 αὖραν
3482 4905 3894 4976 περιπνέουσαν

2320 5003 2603 5071 ἀπείργει,
2660 5002 2794 5071 πρὸς
2848 5002 2906 5053 τὸ
2964 5001 3036 5071 μὴ
3088 5000 3226 5069 ἀηδῆ
3271 4999 3552 5069 γενόμενον
3599 4996 3658 5048 τὸ
3715 4997 3895 5050 σῦκον

2319 5095 2627 5146 ἀποπεσεῖν.
2697 5091 2909 5162 Ἐπειδὴ
2961 5093 3016 5144 δὲ
3054 5090 3257 5153 ἁπαλός
3313 5092 3428 5142 ἐστι
3479 5089 3576 5156 τῆς
3629 5091 3818 5159 συκῆς
3864 5093 3893 5142 ὁ

2320 5189 2545 5258 καρπὸς,
2594 5187 2754 5256 πάχει
2790 5185 2999 5254 φύλλιον
3037 5184 3390 5236 κεκάλυπται’
3426 5182 3524 5251 τῆς
3556 5181 3610 5232 δὲ
3643 5183 3890 5251 καρύας,

2318 5277 2502 5347 ἐπειδὴ
2547 5277 2798 5344 τυγχάνει
2834 5272 3059 5345 στερρὰ,
3099 5271 3303 5342 ἐλαφρᾷ
3356 5270 3563 5340 φύλλων
3601 5267 3891 5339 προσϐολῇ

2320 5363 2596 5416 σκέπεται.
2627 5361 2725 5413 Διά
2763 5361 2826 5430 δὴ
2855 5361 3010 5412 τοῦτο
3038 5361 3131 5412 καὶ
3163 5361 3220 5411 τὸ
3253 5359 3446 5426 φύλλον
3489 5358 3582 5426 τῆς
3629 5359 3888 5426 ἀμπέλου

2319 5451 2577 5520 ἔσχισται,
2609 5452 2695 5503 ἴνα
2725 5450 2816 5501 καὶ
2849 5448 3029 5510 τὰςὲκ
3054 5447 3147 5499 τοῦ
3197 5448 3356 5517 ἀέρος
3412 5447 3632 5518 ἐκκλίνῃ
3673 5446 3889 5514 βλάϐας

2313 5546 2341 5596 ὁ
2391 5544 2598 5615 βότρυς,
2648 5543 2741 5594 καὶ
2789 5540 2884 5610 τὴν
2938 5540 3166 5611 ⁴ἡλιακὴν
3215 5539 3405 5590 ἀκτῖνα
3457 5538 3763 5607 εἰσδέχηται
3818 5543 3882 5604 τῆ

2315 5635 2611 5705 ἀραιότητι.
2636 5632 2817 5694 Οὕτως
2836 5631 2983 5685 οὐδὲν
3014 5630 3199 5701 ἀργὸν,
3223 5629 3357 5682 ἀλλὰ
3383 5635 3558 5683 πάντα
3584 5631 3887 5702 ἀπορρήτῳ
