4044 6324
167 364 261 417 717

1096 363 1363 420 SPURlA.
1399 395 1467 406 -—
1498 361 1851 420 COMMENT.
1891 359 1958 415 IN
1995 359 2489 416 'HEXAEMERON.

3266 372 3370 424 718

162 485 314 555 σοφίᾳ⁵
345 485 376 537 ό
406 484 537 548 Θεὸς
588 485 961 556 διεκόσμησεν.
1004 488 1097 540 Ἐν
1128 488 1232 557 γάρ
1279 488 1450 558 ὕδωρ,
1500 485 1586 538 διὰ
1616 488 1708 554 τῆς

1814 493 1867 536 et
1897 484 1950 536 in
1983 485 2113 552 ipsis
2142 483 2387 537 dulcibus
2413 481 2698 544 fructibus,
2751 485 2886 538 mira
2909 495 2991 539 est
3023 487 3370 556 pinguedinis

159 574 308 646 ῥίζης
339 577 633 648 φερςμενον
666 580 697 648 ἦ
728 580 1030 649 ἑλκόμενον,
1072 579 1241 640 ἄλλως
1292 581 1387 648 μὲν
1429 578 1615 648 τρέφει
1649 580 1707 631 τὸ

159 666 421 736 στέλεχος,
450 668 621 730 ἄλλως
661 670 760 736 τὴν
795 670 1130 740 ἐντεριώνην,
1178 670 1348 732 ἄλλως
1375 669 1462 722 τὸν
1509 669 1706 737 φλοιὸν,

158 755 321 818 ἄλλως
349 757 410 808 τὸ
447 757 618 820 ξύλον,
643 758 814 820 ἄλλως
839 759 935 829 τὴν
973 760 1123 829 ῥίζαν
1157 760 1321 829 αὑτήν
1343 776 1354 787 ³
1395 761 1488 812 καὶ
1516 762 1579 811 ὲκ
1612 761 1710 828 τῆς

159 845 318 916 αὐτῆς
338 848 540 910 νοτίδος
566 851 621 900 ἐν
655 849 750 918 μὲν
782 853 844 919 τῇ
877 851 1104 919 ἀμπέλῳ
1136 845 1274 912 οἶνος
1299 850 1624 912 συνίσταται,
1655 853 1709 902 ὲν

158 937 207 989 δὲ
239 941 300 1006 τῇ
327 938 483 1008 ἐλαίᾳ
513 938 703 1002 ἔλαιον,
737 942 829 992 καὶ
853 943 908 992 ἐν
937 941 1078 1009 ἄλλῳ
1119 940 1261 992 ἄλλο.
1309 941 1416 992 Καὶ
1445 943 1500 991 ὲν
1531 941 1711 1002 αὐτοῖς

158 1030 260 1089 τοῖς
309 1027 531 1093 γλυκέσι
579 1032 806 1098 καρποῖς
848 1031 1121 1098 ἀμύθητος
1166 1032 1198 1098 ἡ
1250 1029 1565 1097 παραλλαγὴ
1614 1030 1712 1098 τῆς

160 1118 400 1186 πιότητος
419 1135 433 1147 ο
466 1119 592 1170 ἄλλο
617 1119 723 1188 γὰρ
747 1121 807 1172 τὸ
837 1122 893 1172 ὲν
918 1122 1144 1189 ἀμπέλῳ
1165 1123 1353 1186 γλυκὺ,
1379 1121 1471 1172 καὶ
1503 1119 1624 1172 ἄλλο
1651 1123 1706 1174 ὲν

162 1207 347 1278 μηλέᾳ,
373 1210 468 1260 καὶ
498 1210 554 1260 ὲν
586 1215 723 1280 συκῇ
757 1214 847 1266 καὶ
877 1213 952 1281 τῷ
985 1213 1182 1281 φοίνικι
1206 1212 1408 1280 ἕτερον.
1437 1212 1544 1262 Καὶ
1570 1211 1706 1264 αὐτὰ

159 1297 211 1348 δὲ
241 1299 346 1350 τῶν
392 1299 622 1370 δένδρων
651 1302 876 1376 διάφορά
908 1307 1021 1358 ἐστι
1063 1304 1129 1354 τά
1162 1303 1397 1372 δάκρυα·
1446 1302 1572 1355 ἄλλο
1601 1304 1705 1374 γὰρ

1815 577 2068 637 varietas,
2102 575 2244 628 aliud
2274 591 2507 644 namque
2557 576 2713 630 dulce
2743 586 2824 630 est
2856 578 2996 646 quod
3033 579 3085 631 in
3120 582 3229 632 vite
3267 596 3368 647 gu-

1816 677 2009 729 statur,
2039 668 2182 721 aliud
2208 668 2260 720 in
2281 682 2460 735 pomo,
2497 667 2641 720 aliud
2675 666 2724 720 in
2758 668 2879 730 ﬁcu,
2909 669 3053 722 aliud
3086 670 3137 722 in
3163 673 3366 738 palma.

1809 758 1936 812 Item
1981 761 2140 812 variae
2166 767 2294 815 sunt
2315 764 2366 811 et
2397 761 2652 812 arborum
2685 759 2952 827 lacrymre,
2976 761 3175 813 ctenim
3219 761 3367 813 aliud

1809 860 1891 905 est
1937 850 2146 904 lentisci
2204 851 2461 918 lacrynza,
2522 849 2664 901 aliud
2725 849 2947 902 balsami
3005 865 3224 912 succus,
3272 850 3367 917 qui

1811 944 2049 996 omnium
2087 948 2476 1009 unguentorum
2506 942 2980 1008 praestantissimus
3007 952 3109 1006 est,
3138 942 3366 1008 ejusque

1812 1033 1954 1102 apud
1999 1032 2249 1088 lliericlio
2309 1032 2614 1102 largissima
2678 1032 2850 1099 capia.
2903 1031 3172 1100 Indigenis
3230 1031 3363 1084 illud

1813 1132 1972 1176 acuto
1998 1124 2167 1191 lapide
2196 1139 2259 1177 ex
2283 1123 2516 1177 surculis
2549 1122 2880 1186 secantibus,
2941 1136 3142 1175 succus
3175 1120 3358 1174 eﬂluit.

1813 1212 2059 1267 Tradunt
2093 1213 2308 1281 quidam
2341 1221 2393 1268 et
2426 1213 2705 1267 succinum
2738 1212 3036 1280 plantarum
3074 1227 3194 1266 esse
3239 1225 3363 1264 suc-

1814 1320 1962 1367 cum,
1995 1310 2086 1374 qul
2123 1304 2175 1356 in
2208 1313 2454 1356 naturam
2489 1303 2682 1372 lapidis
2709 1312 3042 1356 concrescat.

159 1386 252 1454 τῆς
280 1387 458 1455 σχίνου
491 1390 550 1442 τὸ
580 1391 830 1462 δάκρυον,
874 1394 967 1445 καὶ
1013 1392 1167 1454 ἄλλος
1218 1396 1244 1444 ὀ
1290 1393 1384 1462 τῆς
1437 1392 1710 1461 βαλσάμου
1766 1393 1916 1455 ὀπὸς,
1952 1394 2086 1462 ὅπερ
2127 1393 2337 1444 πάντων
2383 1391 2488 1442 τῶν
2550 1391 2732 1461 μύρων
2781 1392 3011 1460 ὑπάρχει
3065 1393 3360 1457 κάλλιστον,

161 1483 247 1534 καὶ
278 1484 558 1547 πλεονάζει
608 1488 698 1539 ἐπὶ
725 1489 820 1557 τῆς
855 1485 1060 1557 Ἱεριχὼ
1092 1488 1393 1556 γενόμενον.
1445 1489 1755 1556 Τεμνόντων
1782 1489 1836 1539 δὲ
1877 1489 2004 1540 αὐτὸ
2035 1492 2097 1540 ἐκ
2137 1487 2241 1538 τῶν
2303 1485 2515 1554 θάμνων
2563 1485 2689 1555 λίθῳ
2724 1485 2833 1548 ὀξεῖ
2881 1486 2986 1537 τῶν
3035 1489 3359 1556 ἐπιχωρίων,

159 1577 278 1639 ὀπὸς
322 1579 632 1649 αναποδοίη.
674 1580 962 1651 ἰστοροῦσι
995 1580 1048 1633 δέ
1091 1599 1231 1643 τινες
1261 1583 1352 1634 καὶ
1385 1582 1444 1634 διὸ
1477 1581 1732 1652 ἤλεκτρον
1784 1584 1913 1635 ὀπὸν
1973 1579 2108 1633 εἶναι
2151 1580 2328 1648 φυτῶν
2353 1621 2367 1644 ,
2416 1582 2490 1642 εἰς
2542 1581 2698 1646 φύσιν
2766 1579 2909 1632 λίθου
2944 1584 3361 1651 μεταπηγνυμε-

159 1687 259 1723 νον.

223 1760 273 1815 ι.
313 1762 390 1832 Τῇ
429 1762 485 1815 δὲ
515 1761 750 1836 τετάρτῃ
793 1764 971 1835 ἡμέρᾳ
1010 1766 1037 1816 ό
1067 1765 1197 1826 Θεὸς
1241 1765 1379 1830 τοὺς
1415 1764 1708 1833 μεγάλους

1885 1759 1937 1811 4.
1974 1755 2178 1821 Quarto
2201 1755 2285 1808 die
2310 1754 2450 1808 Deus
2477 1753 2578 1806 duo
2619 1756 2899 1806 luminaria
2933 1773 3121 1823 magna
3167 1765 3357 1816 creavit

158 1847 258 1902 δύο
285 1849 601 1917 φωστῆρας
631 1852 1118 1919 ἐδημιούργησεν,
1153 1850 1328 1916 ἥλιόν
1373 1867 1436 1902 τε
1474 1850 1568 1902 καὶ
1613 1866 1711 1902 σε-

158 1940 344 2006 λήνην
368 1941 439 1992 ἐν
466 1943 546 2006 τῷ
573 1941 924 2009 στερεώματι
953 1942 1054 1994 τοῦ
1080 1943 1355 2008 οὐρανοῦ,
1375 1946 1458 2006 εις
1489 1944 1712 2008 gamm-

161 2032 249 2084 ἐπὶ
280 2031 388 2098 τῆς
424 2033 556 2102 γῆς,
589 2033 693 2086 τοῦ
721 2032 1077 2102 διαχωρίζειν
1109 2035 1412 2102 ἀναμέσων
1439 2032 1545 2100 τῆς
1570 2033 1708 2102 ἠμέ-

153 2139 260 2188 ρας
287 2124 383 2176 καὶ
416 2124 722 2194 ἀναμέσων·
760 2125 868 2192 τῆς
905 2127 1136 2191 νυκτός.
1180 2125 1346 2178 Τοῦτο
1387 2124 1446 2177 τὸ
1493 2125 1710 2196 ήλιακδν

161 2216 286 2281 φῶς,
315 2217 499 2287 ὄχημα
550 2219 740 2287 ἐκείνῳ
799 2217 875 2286 τῷ
918 2219 1055 2286 φωτὶ
1095 2217 1169 2288 τῷ
1217 2218 1539 2287 πρωτογόνῳ
1579 2235 1712 2287 παρ-

160 2307 494 2362 εσκεύασται.
539 2308 627 2370 Ὠς
649 2308 754 2378 γὰρ
786 2308 909 2362 ἄλλο
940 2308 996 2360 τὸ
1019 2308 1146 2378 πῦρ,
1179 2308 1269 2361 καὶ
1298 2311 1324 2360 ό
1343 2308 1530 2378 λύχνος
1553 2308 1707 2362 ἄλλο’

159 2397 215 2450 τὸ
244 2399 336 2468 μὲν
370 2399 480 2470 γὰρ
512 2402 608 2470 τὴν
631 2399 723 2452 τοῦ
749 2399 999 2466 φωτίζειν
1036 2399 1257 2468 δύναμιν
1287 2400 1416 2468 ἔχει,
1445 2400 1505 2451 τὸ
1527 2399 1582 2452 δὲ
1613 2403 1710 2471 τὴν

159 2488 245 2540 τοῦ
276 2490 635 2558 παραφαίνειν
677 2494 786 2552 τοῖς
824 2489 1138 2559 χρῄζουσιν
1174 2490 1265 2542 καὶ
1304 2492 1377 2553 ὡς
1427 2489 1611 2560 ἔτερόν
1659 2510 1708 2544 τι

160 2583 190 2648 ὴ
217 2579 488 2652 λευκότης,
523 2581 704 2651 ἕτερον
733 2581 790 2633 δὲ
826 2581 886 2632 τὸ
923 2581 1338 2652 λελευκασμένον
1367 2581 1543 2651 σῶμα,
1571 2583 1709 2634 οὕτω

163 2672 248 2722 καὶ
268 2671 438 2724 ταῦτα
468 2672 695 2740 διάφορα
718 2672 845 2724 ὂντα
872 2675 937 2741 τῇ
965 2671 1119 2740 φύσει
1145 2673 1374 2740 ἥνωνται
1399 2677 1461 2743 τῇ
1489 2674 1708 2742 δυνάμει

162 2762 246 2814 τοῦ
269 2762 563 2824 κτίσαντος.
583 2761 688 2814 Καὶ
718 2763 898 2832 μηδεὶς
924 2762 1117 2835 νομίσῃ
1132 2765 1324 2816 ταυτὸν
1346 2764 1449 2834 μέ
1460 2782 1555 2834 ραν
1572 2761 1708 2816 εἶναι

164 2857 247 2906 καί
271 2853 434 2924 ἥλιον.
464 2854 683 2922 Πρῶτον
710 2855 806 2921 μὲν
831 2853 937 2923 γὰρ
963 2857 991 2906 ό
1015 2855 1339 2924 δημιουργὸς
1367 2855 1568 2908 ἁπλοῦν
1596 2856 1710 2922 φῶς

163 2945 572 3006 κατεσκεύασεν,
603 2944 630 2994 ὃ
654 2945 715 3015 δὴ
750 2947 843 2998 καὶ
868 2943 1075 3015 ἡμέραν
1100 2945 1374 3007 ἐκάλεσεν,
1404 2945 1590 2997 ἔπειτα
1616 2944 1707 2996 τὸν

161 3035 300 3103 ἣλιον
335 3037 396 3088 ὲκ
422 3035 516 3088 τοῦ
545 3037 712 3106 πυρὸς
739 3035 832 3088 καὶ
874 3035 1046 3104 φωτὸς
1078 3035 1446 3103 συγκείμενον.
1487 3036 1571 3097 Ὠς
1602 3035 1709 3104 γάρ

1812 1847 1971 1899 solem
2017 1857 2061 1898 et
2090 1847 2265 1898 luna‘m
2297 1847 2348 1897 in
2385 1847 2711 1913 ﬁrmamento
2745 1847 2876 1906 ca'li,
2919 1857 2974 1898 ut
3019 1850 3241 1904 (urerent
3273 1871 3362 1906 su-

1809 1955 1900 2006 per
1933 1947 2125 1990 (errant
2179 1936 2244 1988 ad
2292 1935 2620 1988 dividendum
2661 1937 2795 1989 diem
2835 1946 2880 1987 el
2918 1946 3113 1989 noctem
3141 1941 3200 1992 1‘.
3251 1941 3362 1997 liuc

1810 2031 1942 2085 solis
1969 2031 2148 2083 lumen
2183 2029 2429 2096 utprimo
2462 2029 2536 2080 illi
2590 2041 2715 2080 nato
2742 2029 2927 2080 lumini
2957 2032 3110 2097 quasi
3149 2033 3360 2086 vehicu-

1811 2124 1919 2176 lum
1947 2121 2262 2180 deservi'ret,
2292 2120 2596 2173 ordinatum
2636 2127 2737 2174 est.
2768 2118 2974 2172 Etenim
3019 2123 3183 2176 veluti
3215 2124 3363 2178 aliud

1808 2221 1890 2268 est
1925 2212 2086 2280 ignis,
2112 2217 2165 2263 ct
2209 2211 2422 2262 lucerna
2449 2209 2613 2270 aliud,
2640 2209 2724 2261 hic
2744 2210 2885 2262 enim
2920 2213 3022 2263 vim
3045 2213 3201 2265 habet
3237 2215 3361 2267 illu-

1810 2301 2075 2362 minandi,
2109 2299 2196 2351 illa
2217 2299 2497 2366 egentibus
2523 2299 2699 2351 lumen
2725 2298 3038 2366 pralferendi
3063 2319 3075 2362 ;
3101 2309 3151 2353 et
3177 2317 3363 2368 quem-

1809 2393 2096 2448 admodum
2127 2391 2270 2443 aliud
2303 2398 2384 2442 est
2417 2389 2620 2442 candor
2680 2398 2732 2442 et
2766 2389 2910 2442 aliud
2947 2405 3143 2459 corpus
3187 2392 3364 2446 candi-

1809 2490 1956 2549 dum,
1979 2490 2056 2543 sic
2085 2495 2137 2540 et
2165 2487 2298 2548 luce,
2327 2486 2572 2554 quamvis
2600 2482 2824 2537 diversa
2856 2493 3060 2537 natura:
3091 2484 3361 2541 Creatoris

1809 2580 2037 2634 facultas
2056 2581 2107 2632 in
2127 2594 2292 2632 unum
2315 2577 2559 2646 copulata
2585 2576 2881 2643 conjunxit.
2909 2574 3190 2629 Etcavene
3211 2588 3361 2644 putes

1810 2673 1951 2727 idem
1978 2687 2098 2726 esse
2145 2671 2285 2723 diem
2343 2678 2396 2722 et
2447 2671 2634 2721 solem.
2694 2665 2934 2719 Primum
2995 2667 3136 2719 enim
3173 2666 3362 2733 Opifnx

1809 2764 2036 2832 simplex
2094 2763 2273 2815 lumen
2330 2759 2591 2821 condidit,
2647 2757 2788 2825 quod
2844 2764 2895 2809 et
2945 2757 3084 2808 diem
3131 2758 3359 2818 vocavit,

1809 2854 2066 2920 deinceps
2114 2852 2282 2904 solem
2345 2867 2406 2902 ex
2465 2849 2666 2901 lumine
2707 2848 2881 2915 ignem
2920 2861 3037 2912 quze
3092 2847 3363 2900 conﬂavit.

1809 2941 2274 3008 Quemadmodum
2305 2941 2448 2994 enim
2471 2947 2669 2992 terram
2713 2939 2879 3004 ipsam
2917 2939 2969 2989 in
3030 2953 3128 2991 suo
3161 2941 3366 3007 gremio

1811 3032 1986 3102 ignem
2020 3031 2218 3084 factum
2254 3030 2518 3083 foventem
2567 3031 2859 3092 cernimus,
2899 3029 2970 3079 ita
2996 3038 3048 3082 et
3079 3023 3242 3083 solem
3281 3031 3362 3082 lu-

163 3125 250 3195 τὴν
284 3126 384 3195 γῆν
425 3127 637 3196 ὁρῶμεν
665 3126 773 3196 πῦρ
822 3130 878 3179 ὲν
907 3128 1017 3188 τοῖς
1064 3125 1302 3195 στέρνοις
1350 3127 1530 3189 αὐτοῖς
1559 3126 1708 3196 δεδη-

1815 3139 1936 3177 men
1972 3130 2293 3192 gestantem.
2321 3119 2453 3173 Cum
2486 3121 2628 3174 enim
2692 3119 2868 3172 lumen
2923 3129 2974 3172 et
3031 3122 3168 3190 ignis
3205 3122 3362 3175 simul

168 3234 380 3288 μιουργη
391 3218 549 3287 μένον
566 3217 686 3286 ἔχου
695 3234 811 3279 σαν,
828 3217 965 3270 οὕτω
983 3219 1074 3270 καὶ
1096 3218 1183 3270 τὸν
1201 3218 1347 3287 ἣλιον
1364 3217 1706 3297 φῶςὶὲχονταο

167 3310 269 3377 φῶς
299 3311 402 3382 γάρ
443 3309 694 3362 συνελθὸν
725 3309 861 3378 μετὰ
892 3309 1059 3378 πυρὸς
1087 3309 1176 3360 τὸν
1208 3310 1498 3377 φανότατον
1523 3310 1708 3378 ἐποίη-

167 3416 248 3450 σεν
272 3400 435 3468 ἥλιον.
477 3399 613 3450 Ἀλλ’
646 3398 770 3462 ἴσως
803 3401 1017 3467 ἀντερεῖ
1054 3414 1165 3459 τις’
1209 3399 1318 3450 Καὶ
1363 3398 1522 3450 πόθεν
1554 3397 1710 3450 τοῦτο

166 3487 324 3558 δῆλον,
369 3491 430 3542 οὑ
477 3490 809 3559 βλεπομένης
857 3490 954 3556 τῆς
986 3489 1329 3559 διαιρέσεωςς
1374 3491 1470 3559 οὐχ
1515 3491 1708 3560 ὁρᾶται

168 3582 263 3650 γὰρ
291 3581 430 3644 ἰδίως
467 3583 563 3651 μὲν
595 3581 654 3634 τὸ
699 3581 830 3649 φῶς,
869 3581 1012 3643 ἰδίως
1041 3581 1095 3632 δὲ
1138 3582 1199 3633 τὸ
1255 3582 1382 3651 πῦρ.
1425 3581 1584 3634 Ἀλλὰ
1626 3600 1708 3649 γι-

169 3672 406 3724 νωσκέτω
426 3675 454 3724 ὁ
485 3671 744 3733 τοιοῦτος,
780 3672 919 3723 πόσα
951 3671 1010 3722 τὸ
1043 3671 1151 3742 πῦρ
1188 3674 1242 3724 ἐν
1267 3672 1440 3741 ἑαυτῷ
1473 3673 1708 3743 προϐάλ-

171 3758 322 3825 λεται,
353 3762 548 3830 αὐγὴν,
590 3760 921 3830 θερμότητα,
966 3758 1256 3827 ξανθότητα
1279 3803 1290 3823 ,
1325 3760 1478 3812 ἅτινα
1509 3762 1705 3814 πανσό-

171 3862 270 3912 φως
293 3849 319 3899 ὁ
343 3850 587 3919 τεχνίτης
617 3849 975 3922 διαμερίζων)
1015 3847 1340 3916 ὑπεμφαίνει
1385 3849 1585 3900 τούτων
1613 3850 1708 3919 τὴν

173 3938 416 3992 σύνθεσιν.
446 3943 573 3992 Ὅτε
602 3941 708 4010 γὰρ
733 3940 872 3992 θέλει
896 3940 1156 4010 θερμᾶναι
1180 3941 1239 3991 τὸ
1263 3939 1416 4004 ζῶον,
1447 3941 1708 4009 λαμϐάνει

169 4027 252 4079 τοῦ
283 4030 442 4100 πυρὸς
467 4031 525 4082 τὺ
554 4031 769 4102 θερμὸν,
805 4032 898 4082 καὶ
931 4031 988 4081 τὸ
1014 4030 1110 4098 μὲν
1136 4030 1332 4099 θερμὸν
1363 4031 1470 4099 ἔχει
1499 4031 1707 4090 τούτου,

170 4117 221 4170 τὲ
259 4119 310 4171 δὲ
354 4121 466 4189 φῶς
506 4122 606 4173 οὐκ
649 4121 778 4189 ἔχει.
820 4121 955 4172 Ἀλλ’
991 4121 1248 4190 ἐμερίσθη
1283 4123 1338 4172 ἐν
1387 4122 1462 4191 τῷ
1511 4122 1630 4191 ςώῳ
1675 4127 1706 4192 ἡ

171 4208 329 4279 Θέρμη
371 4213 476 4263 ἀπὸ
506 4210 601 4265 τοῦ
643 4211 894 4288 φέγγους,
930 4211 1086 4262 πάλιν
1115 4211 1376 4280 λαμϐάνει
1409 4211 1467 4262 τὸ
1502 4211 1706 4276 ξανθόν.

172 4301 269 4354 Καὶ
303 4303 512 4372 ὁρῶμέν
550 4319 630 4354 τοι
654 4302 714 4354 τὸ
754 4301 960 4364 ξανθὸν,
994 4303 1174 4354 οὐκέτι
1203 4304 1258 4354 δὲ
1293 4303 1352 4353 τὸ
1398 4302 1594 4372 θερμὸν
1623 4305 1712 4355 κειὶ

172 4394 360 4458 φαῖνον.
392 4395 497 4446 Καὶ
529 4393 688 4445 πάλιν
721 4393 1040 4462 ἀπομερίζει
1091 4394 1188 4460 τὴν
1218 4393 1423 4463 θέρμῃν
1447 4434 1460 4455 ,
1507 4397 1596 4446 καὶ
1632 4391 1711 4445 δί-

1814 3216 1868 3267 in
1930 3228 2094 3266 unum
2131 3211 2550 3270 convenissent,
2606 3207 3079 3276 splendidissimus
3130 3210 3209 3263 sol
3241 3227 3363 3278 pro-

1812 3307 2009 3360 ductus
2044 3313 2146 3358 est.
2181 3302 2285 3356 Sed
2307 3303 2536 3354 fortasse
2568 3299 2762 3369 aliquis
2787 3301 3117 3352 contradicat
3146 3320 3156 3352 :
3194 3299 3366 3353 Unde-

1810 3412 1934 3450 nam
1965 3397 2068 3450 hoc
2099 3395 2444 3449 manifestum
2485 3401 2588 3455 est,
2623 3406 2743 3443 cum
2771 3393 2916 3443 nulla
2971 3392 3214 3444 videatur
3274 3390 3356 3442 di-

1809 3490 1988 3554 visio;
2065 3503 2240 3557 neque
2321 3485 2462 3539 enim
2522 3484 2700 3537 lumen
2761 3483 2828 3535 ab
2903 3484 3022 3551 igne
3073 3466 3363 3549 separatim

1813 3582 2171 3652 perscriptum
2228 3592 2401 3645 neque
2458 3577 2632 3644 ignem
2695 3590 2723 3626 a
2785 3574 2984 3625 lumine
3057 3575 3362 3641 scjunctum

1808 3673 2192 3740 conspicimus.
2272 3665 2470 3720 Verum
2523 3669 2569 3718 is
2634 3666 2769 3717 sciat
2830 3679 3071 3732 quaenam
3119 3665 3256 3733 ignis
3309 3666 3364 3718 in

1809 3767 2100 3834 semetipso
2164 3763 2474 3824 contineat,
2525 3759 2862 3826 splendidum
2942 3760 3184 3823 scilicet,
3235 3758 3367 3812 cali-

1809 3858 1958 3920 dum,
1990 3855 2209 3916 ﬂavum,
2231 3867 2348 3920 qut‘c
2380 3850 2778 3919 sapientissime
2797 3848 2985 3902 artifex
3012 3850 3363 3914 secernendo,

1810 3961 1995 4001 eorum
2031 3942 2476 4012 compositionem
2529 3939 2858 3992 manifestat.
2891 3940 3024 3993 Cum
3074 3943 3216 3994 enim
3251 3946 3369 3996 ani-

1812 4038 1937 4090 mali
1966 4036 2199 4088 calorem
2235 4033 2418 4085 indere
2449 4032 2618 4098 cupit,
2651 4030 2788 4097 ignis
2818 4031 3049 4083 calorem
3089 4034 3271 4094 sumit,
3314 4042 3367 4085 et

1813 4129 2046 4181 calorem
2088 4127 2250 4186 illius,
2294 4139 2402 4176 non
2449 4132 2627 4174 tamen
2665 4123 2841 4173 lumen
2887 4123 3143 4190 possidet.
3181 4124 3284 4176 Sed
3312 4124 3365 4176 in

1813 4219 2031 4270 animali
2083 4216 2230 4269 calor
2267 4230 2293 4265 a
2322 4213 2524 4266 lumine
2554 4214 2887 4280 sejungitur,
2948 4228 3136 4265 rursus
3168 4213 3366 4264 ﬂavum

1814 4311 2060 4379 suscipit,
2096 4318 2150 4362 et
2195 4308 2388 4360 ﬂavum
2447 4307 2698 4374 quidem,
2741 4322 2846 4357 non
2909 4315 3085 4358 autem
3131 4306 3364 4358 calidum

1813 4402 2260 4471 splendidumque
2301 4399 2563 4451 videmus.
2610 4397 2806 4450 lterum
2843 4396 3024 4448 calore
3065 4405 3363 4464 segregato.

169 4482 284 4534 δωσι
315 4485 477 4555 μόνην
513 4484 612 4554 τὴν
651 4485 842 4553 αὐγὴν,
875 4480 982 4535 οἷον
1010 4485 1083 4545 ὠς
1128 4485 1270 4536 ἐστιν
1314 4485 1438 4536 ἰδεῖν
1483 4487 1573 4536 ἐπὶ
1611 4487 1706 4553 τῆς

1813 4493 2150 4563 Splendorem
2187 4501 2392 4544 tantum
2424 4490 2664 4548 exhibet,
2722 4497 2779 4540 ut
2819 4488 3002 4540 videre
3058 4497 3139 4542 est
3184 4489 3236 4539 in
3268 4488 3364 4541 iul—

171 4573 466 4644 ἀστραπῆς,
520 4575 598 4625 ὅτι
649 4573 999 4641 ἐκλάμπουσα
1047 4575 1199 4642 μόνον
1232 4575 1476 4641 φωτίζει,
1509 4576 1567 4624 οὐ
1605 4573 1706 4643 μὴν

169 4661 218 4713 δὲ
245 4665 329 4716 καὶ
358 4665 657 4736 θερμαίνει.
688 4667 760 4717 Τὸ
787 4666 830 4718 δ’
857 4666 985 4718 αὐτὸ
1006 4665 1345 4734 παράδειγμα
1377 4665 1468 4717 καὶ
1494 4666 1584 4717 ἐπὶ
1610 4667 1708 4733 τῆς

173 4755 379 4826 σελήνης
427 4759 750 4827 καθέστηκε.
799 4759 906 4810 Καὶ
950 4757 1056 4828 γάρ
1101 4757 1235 4826 αὕτη
1275 4757 1376 4808 ὑπὸ
1424 4757 1515 4808 τοῦ
1559 4758 1707 4826 ἡλίου

174 4846 492 4918 φωτιζομένη
541 4848 888 4918 φανερωτέρα
937 4848 1176 4914 γίνεται,
1228 4847 1410 4916 ὥσπερ
1462 4849 1562 4898 ὑπὸ
1612 4848 1710 4915 τῆς

172 4938 364 5008 ἡμέρας
395 4943 422 4992 ὁ
466 4941 635 5010 ἥλιος.
673 4942 744 4992 Τὸ
776 4941 881 5010 γὰρ
923 4942 1019 5009 τῆς
1071 4940 1292 5008 σελήνης
1326 4935 1463 5000 εἶδος
1510 4939 1708 5008 ἀνθρα-

173 5033 359 5092 κοειδὲς
386 5033 664 5102 τυγχάνει,
697 5034 769 5095 ὼς
795 5033 937 5084 ἐστιν
984 5029 1107 5082 ίδεῖν
1142 5031 1232 5083 ἐπὶ
1260 5030 1355 5100 τῆς
1387 5030 1674 5097 ἐκλείψεως
1695 5049 1706 5059 ·

174 5124 373 5194 ἀπάρας
418 5127 527 5195 γάρ
580 5127 670 5176 ἀπ’
715 5124 882 5193 αὐτῆς
923 5123 981 5177 τὸ
1027 5125 1218 5177 οἰκεῖον
1263 5121 1460 5190 φέγγος
1489 5125 1516 5173 ὀ
1565 5122 1709 5190 ἥλιος

176 5215 408 5284 ἀμαυρὰν
439 5217 606 5284 αὐτὴν
652 5216 966 5282 καθίστησι·
1000 5213 1242 5281 φωτίζων
1266 5213 1320 5264 δὲ
1349 5212 1512 5281 αὐτὴν
1533 5250 1546 5270 ,
1580 5213 1713 5279 πλη-

179 5307 327 5374 σῑφαῆ
388 5305 773 5376 ἀπεργάζεται.
849 5305 1162 5373 Ἑνδυομένη
1217 5303 1322 5371 γάρ
1359 5319 1471 5362 πως
1542 5302 1600 5352 τὸ
1651 5304 1713 5370 ὴ-

178 5394 341 5448 λιακδν
394 5398 506 5464 φῶς
555 5397 877 5467 φαιδροτέρα
929 5394 1270 5447 καθίσταται·
1314 5391 1403 5442 τὸν
1452 5390 1610 5442 αὑτὸν
1649 5391 1710 5460 δὴ

175 5484 353 5550 τρόπον
377 5488 466 5539 καὶ
497 5490 526 5540 ό
556 5489 703 5556 ἣλιος
729 5528 742 5548 ,
782 5488 880 5556 τῆς
911 5488 1116 5556 ἡμέρας
1148 5487 1208 5536 τὸ
1235 5484 1347 5552 φῶς
1381 5483 1710 5550 ἐνδυόμενος,

177 5571 524 5647 λαμπρότερος
575 5579 859 5647 τυγχάνει,
907 5578 1004 5647 τῆς
1058 5577 1264 5646 ἡμέρας
1318 5575 1527 5644 ἐκείνης
1578 5574 1709 5645 μήτε

243 5750 276 5780 ³⁸
310 5750 431 5807 Cen.
470 5772 504 5817 I,
545 5755 624 5809 16.

1816 4586 1980 4644 mine,
2009 4581 2149 4651 quod
2175 4578 2622 4634 ubiscintillando
2644 4577 2906 4646 eruperit,
2935 4584 3140 4628 tantum
3161 4576 3361 4637 lumen,

1813 4691 1918 4728 non
1949 4682 2126 4727 autem
2153 4674 2386 4725 calorem
2442 4670 2730 4740 progignit.
2784 4667 2977 4720 Eodem
3034 4669 3279 4735 exemplo
3306 4678 3359 4720 et

1813 4769 1866 4820 in
1907 4767 2033 4818 luna
2076 4765 2479 4818 demonstratur
2512 4762 2564 4814 id
2624 4763 2764 4829 quod
2821 4759 3050 4811 dicimus
3096 4759 3363 4826 ejusmodi

1813 4872 1951 4910 esse.
1985 4853 2108 4908 Haae
2145 4855 2339 4922 quippe
2384 4853 2515 4907 solis
2567 4853 2768 4906 lumine
2823 4853 3132 4906 collustrata
3169 4853 3365 4907 clarior

1815 4947 1872 5000 ﬁt
1901 4987 1915 5012 ,
1949 4944 2398 5014 quemadmodum
2447 4952 2500 4996 et
2556 4942 2756 4996 lumine
2814 4942 2916 4996 diei
2968 4942 3065 4996 sol.
3099 4943 3381 5009 Aspec.us

1813 5041 1957 5093 enim
1982 5038 2121 5090 luna:
2160 5035 2352 5089 similis
2397 5041 2480 5087 est
2525 5034 2743 5087 carboni
2771 5072 2784 5094 ,
2812 5041 2868 5084 ut
2912 5033 2962 5084 in
3000 5033 3118 5099 ejus
3150 5031 3380 5090 defectu

1813 5128 1994 5181 videre
2015 5134 2098 5180 est
2133 5142 2144 5175 ι
2180 5140 2302 5177 nam
2335 5124 2413 5177 sol
2435 5124 2525 5176 ubi
2557 5123 2622 5176 ab
2649 5138 2708 5175 ea
2733 5123 3004 5190 proprium
3038 5123 3216 5176 lumen
3265 5127 3383 5179 sub-

1813 5218 2062 5277 traxerit,
2112 5230 2229 5269 eam
2279 5215 2575 5278 obscurat;
2631 5215 2720 5266 ubi
2761 5214 3044 5266 illustrarit
3071 5223 3240 5267 totum
3289 5232 3381 5268 or-

1813 5309 1932 5362 beru
1962 5305 2252 5374 implendo,
2316 5303 2583 5356 accendit.
2649 5303 2879 5356 lnduens
2938 5319 3170 5372 namque
3247 5323 3381 5374 quo-

1813 5397 2099 5451 dammodo
2130 5395 2262 5448 solis
2299 5393 2499 5447 lumen.
2526 5393 2862 5462 splendidior
2893 5393 2950 5444 ﬁt
2979 5411 2993 5457 ;
3021 5409 3125 5446 non
3149 5395 3250 5447 alia
3286 5411 3378 5447 γει-ο

1815 5493 1981 5550 tione,
2013 5497 2064 5541 e'.
2095 5489 2172 5538 sol
2209 5486 2388 5537 lumen
2452 5484 2558 5537 diei
2608 5485 2999 5553 circumseptus
3033 5488 3231 5539 clarior
3295 5497 3379 5540 est

1816 5589 1868 5636 et
1900 5575 2294 5641 illustrior,die
2347 5575 2435 5628 illa
2473 5591 2646 5644 neque
2697 5588 2904 5641 urente,
2960 5592 3129 5645 neque
3160 5577 3378 5632 calcia-
