4044 6324
612 292 715 348 719

1475 290 1530 344 S.
1573 285 2013 345 EL‘STATHIUS
2053 284 2539 342 ANTIOCHENUS
2574 286 2970 345 EPISCOPUS.

3740 295 3835 351 τευ

609 416 803 478 ciente,
834 413 929 469 sed
958 422 1169 467 tantum
1219 412 1579 467 illuminante.
1640 411 1822 467 Solent
1879 420 2059 465 autem
2107 426 2174 463 ex

2284 406 2459 478 οὔσης.
2498 410 2631 478 μήτε
2670 411 2832 464 πάλιν
2860 410 3271 482 θερμπιύσης,
3301 380 3445 471 ani
3464 418 3633 487 μόνον
3670 434 3831 487 φατι·

608 508 733 577 igne
751 506 1031 571 constitui,
1064 506 1197 559 illud
1254 516 1574 575 argumento
1622 513 1706 561 est
1740 504 1886 575 quod
1919 504 2174 558 incendat

608 606 663 654 ει
690 608 915 653 ωτι-εει.

677 691 761 744 Ad
787 690 1122 745 dividendum
1165 689 1304 744 diem
1367 700 1417 744 et
1471 698 1691 751 noctem,
1755 688 1914 758 quasi
1946 687 2170 753 diceret,

608 784 779 838 solem
803 782 911 837 diei
952 783 1224 847 terminis,
1268 781 1454 835 lunam
1505 780 1684 836 noctis
1711 780 1961 845 inclusit;
2000 796 2176 849 neque

608 873 758 927 aliud
780 881 865 929 est
886 888 994 927 nox
1023 886 1185 942 quam
1218 880 1378 926 terra
1412 872 1625 933 umbra,
1667 869 1799 925 solis
1825 868 2008 925 radios
2031 878 2174 925 terra

608 966 939 1036 interpositu
972 980 1071 1021 suo
1116 964 1417 1022 auferente.
1472 963 1542 1018 Ut
1565 962 1709 1019 enim
1740 964 1794 1017 in
1822 963 1929 1027 die,
1965 963 2011 1017 si
2052 962 2177 1032 quis

608 1057 789 1111 lumen
823 1056 1171 1120 intercludat,
1204 1058 1398 1112 umbra
1417 1056 1711 1111 eﬂ‘unditur
1736 1056 2028 1126 lumenque
2050 1071 2177 1111 eva-

608 1148 800 1215 nescit,
831 1146 913 1201 sic
935 1155 989 1201 et
1010 1162 1116 1201 nox
1146 1162 1273 1203 aere
1303 1149 1450 1201 circa
1482 1154 1684 1201 terram
1706 1131 1950 1201 tenebris
2007 1147 2171 1201 obvo-

609 1240 745 1303 luto,
780 1238 1157 1304 constituitur,
1213 1246 1267 1293 et
1299 1238 1379 1293 sol
1433 1235 1577 1307 quod
1603 1252 1633 1291 a
1681 1238 1859 1307 primo
1892 1253 2005 1293 suae
2024 1253 2178 1293 crea-

610 1332 779 1387 tionis
797 1331 1024 1386 exordio
1047 1332 1230 1386 lumen
1260 1346 1291 1385 a
1340 1330 1599 1385 Creatore
1626 1330 1858 1400 accepit,
1896 1330 1950 1383 in
1979 1338 2179 1385 semet-

608 1426 729 1495 ipso
758 1424 1021 1478 continuo
1052 1430 1343 1478 conservat
1367 1421 1633 1486 abditum,
1668 1420 1813 1491 quod
1845 1422 1986 1476 lunae
2009 1422 2177 1477 dene~

610 1524 794 1587 gatum
824 1525 927 1578 est,
958 1531 1077 1585 quae
1101 1514 1231 1569 illud
1252 1529 1395 1585 saepe
1415 1511 1713 1569 crescendo
1734 1521 1789 1567 et
1812 1510 2178 1568 decrescendo

609 1610 827 1663 amittit.
1100 1588 1121 1601 Ἠ

685 1699 752 1754 Et
784 1700 889 1755 sint
919 1700 974 1754 in
1011 1700 1164 1770 signa
1212 1708 1261 1752 et
1292 1700 1348 1753 in
1396 1708 1647 1767 tempora,
1701 1709 1749 1753 et
1780 1700 1833 1752 in
1879 1698 2014 1760 dies,
2046 1704 2096 1749 et
2126 1696 2177 1748 in

611 1810 776 1848 annos
808 1794 875 1848 “.
903 1790 1187 1861 Temporis
1234 1791 1313 1846 sol
1344 1798 1398 1845 et
1436 1792 1560 1844 luna
1585 1790 1740 1860 origo
1768 1796 1917 1842 sunt.
1968 1787 2179 1843 Etenim

610 1887 742 1943 dum
796 1900 994 1940 cursus
1038 1885 1288 1937 ordinate
1345 1883 1609 1943 feruntur,
1651 1889 1829 1936 certos
1876 1888 2180 1950 temporum

611 1977 792 2030 exitus
843 1971 1099 2035 elliciunt,
1137 1980 1471 2040 vocaturque
1512 1978 1729 2039 tempus
1756 1968 1975 2039 quando
2012 1968 2181 2022 veluti

611 2067 847 2138 quodam
902 2066 956 2120 in
1008 2064 1215 2119 circulo
1273 2063 1498 2118 alternis
1564 2063 1810 2132 beneque
1867 2060 2183 2116 constitutis

613 2158 1059 2215 successionibus
1090 2156 1323 2211 volvitur
1376 2155 1610 2225 primum
1666 2154 1733 2209 ad
1782 2152 2103 2218 secundum,
2128 2158 2182 2207 et

612 2251 833 2304 tertium
858 2249 922 2302 ad
946 2247 999 2302 id
1026 2248 1169 2317 quod
1196 2244 1463 2315 sequitur.

682 2340 841 2405 lllud,
872 2343 978 2395 sint
1007 2340 1064 2392 in
1085 2340 1235 2407 signa
1260 2379 1274 2403 ,
1301 2337 1555 2407 quoniam
1586 2335 1860 2389 ineuntem
1890 2340 2181 2402 tempesta-

614 2441 722 2487 tem
752 2447 965 2501 semper
1000 2430 1343 2501 significant;
1389 2428 1561 2496 caligo
1610 2439 1844 2494 namque
1868 2424 1979 2478 aeri
2008 2422 2181 2477 oll‘usa

613 2524 746 2579 solis
777 2521 955 2576 radios
971 2519 1407 2575 circumcludens
1436 2518 1616 2570 minus
1648 2516 1867 2569 luminis
1899 2514 2177 2584 relinquit,

611 2616 775 2671 veluti
812 2614 904 2684 qui
936 2613 1267 2667 carbonibus
1320 2610 1517 2666 similis
1568 2624 1763 2663 cruore
1803 2608 2059 2679 perfusus
2090 2623 2181 2661 ru-

614 2704 810 2768 bescit,
848 2718 972 2757 cum
1014 2717 1193 2756 aerem
1250 2700 1736 2769 vaporibusterra:
1786 2698 2180 2753 condensatum

613 2796 885 2851 discutere
938 2794 1344 2862 dissolverequc
1392 2800 1643 2861 nequeat.
1697 2790 1825 2845 lude
1884 2797 2181 2861 tempestas

619 2888 927 2944 ostenditur
958 2886 1173 2951 futura;
1203 2892 1257 2938 et
1310 2899 1434 2938 cum
1469 2899 1605 2953 quas
1636 2884 1825 2938 dicunt
1853 2899 2004 2936 areas
2032 2885 2183 2948 (sunt

614 2995 745 3035 vero
798 2981 1336 3049 circumscriptiones
1369 2977 1614 3047 quaedam
1671 2975 1904 3029 rotundo
1952 2974 2179 3039 ambitu,

2274 500 2489 569 εούσης.
2525 504 2644 555 ’Ότι
2675 503 2730 556 δὲ
2768 507 2830 556 ὲκ
2864 506 3033 575 πυρὸς
3058 505 3435 578 συνέστηκενὸ
3467 508 3646 581 ἥλως,

2273 594 2336 644 ἐκ
2360 592 2453 644 τοῦ
2489 594 2715 665 πυροῦν,
2749 597 2846 669 καὶ
2866 595 3106 667 φλέγέιεζ.
3160 664 3163 665 ν

2306 728 2313 737 .
2352 687 2462 739 Τοῦ
2514 671 2881 755 διαχωριςευ-
2923 683 3235 760 ἀταμίευ-
3289 692 3399 761 τῆς
3444 692 3676 766 W
3734 692 3834 746 ιιι

2272 778 2579 845 ἀναμέσον
2606 778 2720 846 τῆς
2744 770 3136 849 malum
3170 783 3271 835 ’τὸν
3304 785 3462 853 ἥλιον
3488 787 3592 856 si};

2272 869 2382 929 τοῖς
2417 867 2636 937 μέτροις
2683 864 3020 933 ἒταεειέααὶ
3060 872 3163 940 ’τὴν
3212 873 3437 943 σελήνην
3482 876 3589 944 τῆς
3626 876 3833 935 ν’·ικείξο

2277 960 2432 1011 Ἔστι
2461 959 2517 1011 δὲ
2546 962 2583 1029 ἡ
2631 959 2728 1025 νὺξ
2756 961 2998 1031 σκίασμα
3040 963 3141 1032 τῆς
3171 964 3302 1033 γῆς,
3358 967 3833 1039 tmpore-acutum

2274 1049 2367 1101 τοῦ
2412 1049 2581 1119 ἡλίου.
2623 1050 2709 1114 Ὠς
2746 1053 2855 1122 γὰρ
2893 1054 2953 1105 ἐν
3006 1055 3074 1123 τῇ
3119 1054 3338 1125 ἡμέρᾳ,
3384 1058 3836 1130 ἀντιφράσωντός

2275 1158 2438 1204 τινος,
2469 1141 2595 1195 σκιὰ
2617 1144 2845 1209 γίνεται,
2866 1145 2960 1197 καὶ
2983 1144 3047 1196 τὸ
3068 1145 3185 1213 φῶς
3207 1149 3611 1216 παρυφίσταται
3630 1168 3645 1180 ·
3670 1151 3833 1213 οὕτως

2276 1234 2310 1304 ἡ
2350 1233 2465 1299 νὺξ,
2506 1234 2861 1305 σκιαζομένου
2899 1236 2990 1289 τοῧ
3019 1237 3181 1307 ἀέρος
3214 1238 3309 1290 τοῦ
3359 1242 3487 1312 περὶ
3532 1243 3677 1312 γῆν,
3720 1260 3834 1296 ουν-

2280 1325 2506 1381 ίσταται.
2536 1329 2645 1381 Καὶ
2676 1331 2704 1381 ὁ
2735 1330 2833 1399 μὲν
2859 1330 3028 1400 ἥλιος,
3061 1332 3231 1404 ὅσπερ
3262 1332 3323 1396 ἐξ
3342 1334 3515 1404 ἀρχῆς
3544 1337 3663 1405 φῶς
3696 1340 3837 1409 παρά

2277 1415 2371 1469 τοῦ
2406 1418 2626 1490 ποιητοῦ
2657 1419 2863 1489 εἴληφε,
2884 1420 3039 1475 τοῦτο
3067 1422 3180 1493 ἔχει
3198 1422 3285 1477 διὰ
3315 1426 3512 1488 παντὸς
3532 1430 3836 1499 ἐγκεκρυμ-

2282 1511 2440 1581 μένον
2468 1515 2525 1566 ἐν
2566 1513 2744 1583 ἑαυτῷ
2765 1532 2777 1544 ’
2809 1515 2842 1583 ἡ
2883 1514 2940 1566 δὲ
2971 1515 3165 1586 σελήνη
3187 1516 3286 1585 οὐχ
3316 1516 3508 1582 οὕτως,
3544 1520 3683 1573 ἀλλά
3724 1537 3839 1575 συν-

2280 1601 2418 1672 εχῶς
2441 1604 2750 1667 ἀποδύεται,
2780 1604 3033 1669 αὔξουσα,
3068 1607 3161 1659 καὶ
3194 1609 3506 1679 μειουμένη.

2356 1696 2675 1750 Ἔστωσαν
2700 1695 2767 1749 δὲ
2803 1699 2892 1763 εὶς
2930 1698 3167 1766 mutem,
3206 1699 3303 1752 καὶ
3335 1703 3422 1765 εὶς
3448 1701 3713 1769 καιροὺς,
3749 1702 3841 1754 καὶ

2286 1789 2373 1853 εἰς
2397 1788 2640 1857 ἡμέρας,
2672 1790 2768 1842 καί
2800 1792 2887 1855 εἰς
2912 1790 3243 1856 ἐνιαυτούς.
3276 1791 3477 1861 Χρόνον
3504 1793 3562 1845 δὲ
3580 1792 3732 1863 ἣλιος
3757 1794 3843 1847 καὶ

2286 1879 2482 1950 σελήνη
2520 1882 2684 1951 γεννᾷ
2716 1880 2921 1937 τοῦτον.
2957 1882 3275 1955 Ἐλκόμεναι
3304 1884 3635 1955 συμμέτρως
3657 1884 3763 1955 γὰρ
3791 1888 3842 1937 αἱ

2283 1974 2447 2044 φοραὶ
2478 1975 2814 2045 τεταγμένας
2844 1974 2951 2027 τῶν
2991 1976 3194 2045 καιρῶν
3220 1977 3319 2040 τὰς
3357 1976 3570 2041 ἐξόδους
3596 1979 3839 2045 γεννῶσι.

2282 2064 2482 2133 Χρόνος
2514 2063 2570 2116 δὲ
2603 2064 2875 2127 καλεῖται,
2918 2065 3101 2135 ἐπειδὴ
3135 2065 3345 2136 ὥσπερ,
3359 2068 3451 2119 ἐπί
3494 2085 3618 2120 τινα
3652 2067 3841 2119 κύκλον

2283 2154 2600 2224 ἐπαλλήλοις
2622 2156 2841 2207 εἱλεῖται
2870 2155 3149 2218 εὐτάκτοις
3167 2156 3455 2226 διαδοχαῖς,
3480 2158 3697 2227 πρῶτος
3717 2157 3842 2227 πρὸς

2280 2244 2547 2315 δεύτερον,
2579 2246 2671 2300 καὶ
2704 2247 2883 2317 τρίτος
2919 2248 3053 2320 πρὸς
3085 2247 3175 2299 τὸν
3210 2249 3354 2319 ἑξῆς.

2353 2337 2425 2388 Τὸ
2457 2336 2542 2400 δὲ,
2570 2336 2850 2390 ἔστωσαν
2879 2341 2965 2404 εἰς
3011 2339 3247 2409 σημεῖα,
3282 2339 3467 2409 ἐπειδὴ
3505 2340 3609 2409 τὴν
3647 2356 3841 2411 παρου-

2285 2427 2403 2480 σίαν
2423 2427 2517 2480 τοῦ
2564 2429 2830 2497 χειμῶνος
2857 2430 2943 2481 ἀεὶ
2981 2430 3469 2501 προσημαίνουσιν·
3506 2429 3677 2500 ἀχλὺς
3722 2434 3839 2501 γὰρ,

2282 2517 2357 2589 τῷ
2384 2519 2884 2591 άέρι“ὲγγενομένη,
2916 2522 3007 2574 τοῦ
3040 2522 3190 2593 ἡλίου
3224 2521 3322 2585 τὰς
3342 2523 3567 2587 ἀκτῖνας
3594 2525 3840 2596 ἀμαυροῖ.

2283 2611 2376 2663 καὶ
2429 2611 2673 2680 φαίνεται
2725 2613 3076 2685 ἀνθρακώδης
3123 2616 3216 2667 καὶ
3273 2614 3545 2685 ὖφαιμος,
3585 2617 3659 2687 μὴ
3700 2614 3845 2669 δυνά-

2287 2719 2443 2771 μενος
2465 2703 2554 2755 τὸν
2584 2702 2721 2773 ἀέρα
2758 2705 2821 2758 ὲκ
2844 2705 2950 2758 τῶν
2978 2706 3164 2775 ἀτμῶν
3186 2706 3285 2776 τῆς
3304 2708 3408 2776 γῆς
3429 2708 3845 2777 πεπυκνωμένον

2283 2793 2521 2865 διαχέαι·
2580 2797 2689 2849 κάκ
2734 2797 2922 2849 τούτου
2974 2802 3194 2868 σημεῖον
3236 2799 3501 2868 χειμῶνος
3555 2797 3842 2850 δείκνυται.

2286 2885 2526 2938 Ὅτανδὲ
2560 2889 2614 2939 αἱ
2643 2887 2926 2957 λεγόμεναι
2958 2889 3082 2951 ἅλῳ
3116 2889 3461 2961 (στρογγύλαι
3488 2890 3546 2942 δὲ
3583 2892 3687 2943 είσί
3708 2908 3846 2952 τινες

2286 2976 2619 3045 περιγραφαὶ
2647 2977 2828 3045 ὅμοιαι
2866 2977 3010 3047 ἆλῳ,
3043 2978 3107 3029 ὲκ
3152 2978 3339 3030 τούτου
3374 2979 3481 3049 γάρ
3514 2978 3689 3043 οὕτως
3729 2983 3846 3032 ἐπο-

616 3073 760 3128 areis
796 3074 1022 3134 similes,
1056 3080 1109 3126 et
1136 3088 1201 3125 ex
1229 3071 1333 3124 hoc
1362 3086 1557 3124 nomen
1591 3068 1797 3137 adeptae
1831 3067 1978 3135 sunt)
2013 3066 2179 3120 solem

2288 3068 2650 3137 νομάζονται)
2698 3068 2788 3120 τὸν
2821 3069 2969 3138 ἥλιον
3021 3070 3496 3141 περιστοιχίσωσι,
3556 3074 3845 3144 σφώρότης

615 3165 905 3225 cinxerint,
943 3174 1132 3217 ventos
1162 3163 1318 3217 nobis
1341 3164 1571 3216 innuunt
1604 3177 1775 3217 szcvos
1807 3175 1870 3213 ac
1896 3159 2184 3213 vehemen-

615 3265 733 3323 tes;
764 3270 863 3309 nec
898 3270 1009 3309 non
1036 3262 1088 3307 et
1114 3254 1339 3307 anthelii
1372 3254 1568 3317 vocati,
1628 3253 1672 3306 si
1717 3266 1883 3305 cursu
1914 3246 2046 3306 solis
2075 3263 2184 3303 una

615 3348 879 3409 ferantur,
906 3360 1084 3400 aerem
1105 3346 1262 3398 nobis
1311 3345 1550 3398 futurum
1610 3344 1914 3397 maleﬁcum
1938 3356 2183 3412 pronun-

616 3439 789 3504 tiant;
820 3446 873 3492 et
924 3452 1117 3491 rursus
1147 3436 1191 3488 si
1219 3436 1383 3504 virga:
1412 3435 1594 3488 colore
1652 3433 1811 3487 Iridis
1846 3433 1993 3486 circa
2022 3446 2184 3486 auro-

617 3546 734 3585 ram
769 3530 911 3584 inter
942 3529 1113 3582 nubes
1144 3528 1454 3597 conspicua:
1491 3533 1806 3588 cernantur,
1844 3525 1929 3578 vel
1960 3523 2181 3587 imbres,

617 3623 701 3677 vel
731 3620 1198 3691 tempestates,ch
1233 3627 1289 3672 ut
1317 3620 1608 3688 plurimum
1632 3619 1773 3672 aeris
1825 3616 2183 3671 mutationem

619 3716 975 3783 praesignant.

689 3803 841 3856 Luna
876 3804 921 3857 si
957 3802 1117 3857 tertio
1162 3800 1247 3854 die
1287 3802 1468 3856 tenuis
1521 3801 1780 3856 cornibus
1810 3814 2054 3870 puroque
2096 3800 2184 3853 ni-

620 3905 739 3950 tore
780 3896 1013 3959 fulserit,
1080 3896 1328 3950 stabilem
1389 3912 1452 3949 ac
1496 3898 1704 3948 lirmam
1739 3894 2187 3964 tranquillitatem

623 3985 924 4056 promittit;
967 3984 1049 4038 sin
1092 3998 1219 4037 vero
1268 3997 1472 4036 cornua
1524 3983 1798 4035 crassiora
1855 3978 2190 4049 subrufaque

620 4081 741 4133 visa
778 4076 996 4139 fuerint,
1033 4091 1298 4146 aquarum
1332 4073 1675 4144 repentinum
1706 4075 1961 4143 impetum
2011 4072 2191 4127 borri-

622 4171 857 4238 damque
920 4174 1296 4237 tempestatem
1352 4164 1647 4235 portendit.
1700 4163 1947 4234 Suntque
1994 4164 2192 4219 instru-

623 4269 805 4315 menta
861 4268 1165 4328 temporum
1217 4259 1298 4313 sol
1348 4267 1401 4313 et
1445 4258 1612 4321 luna;
1666 4265 1903 4326 tempus,
1953 4255 2187 4320 dierum,

623 4352 916 4414 mensium,
969 4365 1268 4416 annorum;
1316 4349 1517 4411 sidera,
1574 4348 1865 4414 mensium,
1899 4348 2189 4415 seminum,

622 4446 903 4499 messium.

699 4532 1060 4603 Vergiliarum
1096 4542 1366 4594 exortum,
1404 4533 1600 4586 messis
1628 4532 2023 4602 vindemiaque
2050 4540 2191 4586 tem-

2285 3161 2391 3212 τῶν
2423 3159 2639 3229 ἀνέμων
2673 3161 3026 3229 σημαίνεται·
3079 3163 3215 3215 ἐπὰν
3239 3162 3293 3214 δὲ
3326 3162 3419 3215 καὶ
3450 3163 3500 3214 οί
3531 3163 3846 3235 καλούμενοι

2286 3250 2525 3319 ἀνθὴλιοι
2574 3252 2639 3319 τῇ
2672 3249 2763 3302 τοῦ
2808 3252 2959 3321 ἡλίου
2994 3254 3133 3322 φορᾷ
3181 3255 3541 3323 συντρέχωσι,
3595 3271 3848 3324 συμπτω-

2289 3344 2473 3412 μάτων
2531 3342 2729 3413 ἀερίων
2786 3348 3007 3413 σημεῖον
3056 3346 3286 3413 γίνεται·
3341 3347 3433 3399 καὶ
3482 3347 3643 3401 πάλιν
3692 3349 3851 3416 ἡνίκα

2288 3435 2498 3505 ῥάϐδοις
2522 3438 2749 3489 ἐοικυῖα*
2771 3437 2909 3489 κατά
2926 3435 3022 3506 τὴν
3043 3438 3203 3507 χρόαν
3224 3438 3323 3507 τῆς
3342 3439 3536 3512 Ἴριδος
3557 3441 3639 3502 είς
3662 3440 3851 3511 ὄρθρον

2284 3529 2396 3589 τοῖς
2428 3526 2646 3595 νέφεσιν
2680 3528 3073 3597 ὲμφαινόμεναι
3100 3527 3402 3597 δειχθῶσιν,
3431 3529 3651 3600 ὄμϐροι,
3682 3531 3715 3600 ἣ
3747 3547 3849 3600 χει-

2290 3616 2495 3687 μῶνες,
2533 3619 2565 3688 ἢ
2622 3618 2887 3689 μεταϐολὴ
2937 3618 3353 3673 ὲπιπλεῖον’τοῦ
3386 3620 3545 3690 ἀέρος
3594 3624 3849 3692 σημαίνε-

2286 3726 2393 3764 ται.

2369 3800 2431 3852 Ἦ
2464 3799 2519 3852 δὲ
2552 3800 2745 3871 σελήνη
2766 3843 2781 3866 ,
2816 3802 3033 3855 ὲπειδάν
3081 3804 3137 3854 ὲν
3166 3804 3233 3873 τῇ
3274 3802 3425 3874 τρίτῃ
3454 3803 3642 3874 ἡμέρᾳ
3688 3800 3849 3874 λεπτὴ

2288 3894 2381 3945 καὶ
2404 3892 2616 3964 καθαρά
2644 3897 2761 3956 ταῖς
2783 3894 3029 3964 κεραίαις
3047 3895 3361 3965 ἀποδειχθῇ,
3382 3894 3651 3966 σταθερὰν
3678 3895 3849 3947 εὐδίαν

2290 3984 2816 4052 κατεπαγγέλλεται·
2850 3988 3048 4054 παχεῖα
3069 3984 3124 4037 δὲ
3153 3988 3273 4048 ταῖς
3299 3986 3569 4057 κεραίαις,
3598 3988 3695 4039 καὶ
3725 3984 3848 4039 ὺπέ-

2292 4076 2485 4147 ρυθρος
2522 4079 2765 4144 φανεῖσα,
2797 4076 2937 4147 ὕδωρ
2970 4076 3165 4147 λάϐρον
3190 4077 3221 4146 ἢ
3252 4078 3402 4131 νότον
3432 4076 3603 4145 βίαιον
3632 4078 3851 4145 εὐαγγε-

2290 4163 2513 4228 λίζεται.
2540 4168 2782 4237 Ὄργανα
2824 4163 2917 4220 οὖν
2944 4169 3147 4239 χρόνων
3179 4169 3326 4239 ἥλιος
3372 4170 3465 4223 καὶ
3504 4168 3705 4241 σελήνη
3729 4169 3848 4223 καθ·

2297 4258 2533 4311 ίσταται·
2573 4258 2761 4331 χρόνος
2806 4259 2861 4311 δὲ
2896 4260 3144 4332 ἡμερῶν,
3184 4260 3363 4331 μηνῶν
3382 4301 3403 4323 ,_
3444 4261 3540 4313 καὶ
3564 4261 3847 4315 ἐνιαυτῶν·

2293 4346 2362 4399 τὰ
2390 4348 2443 4399 δὲ
2485 4348 2680 4419 ἄστρα,
2718 4350 2811 4402 καὶ
2869 4350 3088 4421 μηνῶν,
3131 4351 3223 4403 καὶ
3265 4352 3515 4420 σπόριον,
3567 4352 3665 4403 καὶ
3717 4352 3847 4423 bur,-

2220 4441 2271 4500 D
2296 4439 2423 4491 τῶν.

2370 4534 2477 4586 Καὶ
2496 4535 2552 4586 αί
2572 4532 2847 4595 Πλειάδες,
2878 4531 3260 4584 ἀνατέλλουσαι
3287 4530 3386 4601 μὲν
3410 4531 3624 4601 ἀμητοῦ
3654 4532 3855 4602 καιρὸν,

630 4639 732 4694 pus
758 4638 955 4677 occasu
982 4622 1524 4677 seminisdenuntiari
1560 4621 1783 4675 scimus.
1805 4620 2181 4691 Navigantibut

2296 4624 2546 4676 δύνουσαι
2589 4623 2645 4675 δὲ
2688 4625 2911 4693 σπόρου,
2940 4621 3258 4675 δεικνύουσι.
3294 4620 3402 4673 Καὶ
3436 4624 3549 4684 τοῖς
3590 4621 3850 4675 ναυτιλλο-

627 4712 943 4771 Plaustrum
966 4711 1118 4767 sidus
1148 4712 1290 4765 viam
1322 4712 1510 4781 aperit.
1543 4710 1713 4766 Locos
1739 4711 1882 4765 enim
1927 4698 2106 4767 sidera
2123 4713 2181 4765 si-

2301 4717 2480 4786 μένοις
2529 4716 2665 4786 μετά
2714 4715 2814 4784 τῆς
2854 4713 3095 4784 Ἀμάξης
3144 4715 3366 4784 σημεῖον
3410 4711 3654 4785 γίνεται·
3690 4714 3859 4765 τόπων

627 4808 887 4879 gniﬁcant
917 4812 972 4861 et
986 4805 1301 4861 ostendunt.
1324 4803 1459 4857 Ursa
1485 4804 1626 4856 enim
1644 4804 2062 4873 septentrionem
2090 4804 2181 4871 pla

2298 4808 2405 4877 γὰρ
2438 4808 2635 4877 σημεῖα
2668 4806 2763 4858 καὶ
2788 4804 3068 4875 δεικτήρια
3088 4803 3153 4856 τὰ
3177 4806 3350 4874 ἄστρα
3377 4798 3606 4870 γίνεται.
3634 4806 3857 4873 ’Δρκτος

627 4914 749 4966 eam
779 4898 1039 4953 insinuat.
1058 4894 1417 4964 Vergiliarum
1442 4910 1566 4962 pars
1581 4896 1885 4946 acuminata
1918 4894 1982 4946 ad
2008 4894 2181 4947 Orien-

2305 4900 2400 4970 μὲν
2449 4898 2556 4969 γὰρ
2606 4899 2804 4969 ἄρκτον
2854 4897 3123 4950 δείκνυσι·
3177 4895 3274 4963 τῆς
3323 4894 3379 4946 δὲ
3430 4894 3687 4957 Πλειάδος
3734 4892 3856 4962 πρὸς

629 5004 737 5044 tcm
765 4997 1039 5059 spectans,
1063 4987 1165 5041 hoc
1196 4987 1335 5039 idem
1360 4986 1626 5039 enuntiat.
1655 4983 1830 5052 ipsius
1864 4986 1990 5037 item
2048 4982 2181 5037 Ursa

2301 4990 2559 5062 ἀνατολὴν
2589 4990 2800 5061 βλέπων
2820 4990 2879 5042 τὺ
2904 4988 2996 5052 ὀξὺ
3020 4990 3119 5059 τὴν
3148 4987 3344 5057 ἄρκτον
3371 4986 3641 5039 δείκνυσιν
3660 5004 3674 5015 ·
3699 4984 3855 5052 αὐτῆς

632 5082 781 5135 ﬂexa:
813 5094 1006 5142 cornu,
1037 5090 1090 5134 et
1115 5078 1255 5132 lunae
1282 5093 1408 5147 pars
1438 5092 1556 5147 quae
1578 5078 1899 5139 illustratur,
1926 5075 2181 5132 Orienten

2302 5088 2357 5139 δὲ
2388 5087 2485 5156 τῆς
2517 5084 2717 5155 ἄρκτου
2757 5080 3125 5153 στρεφομένης
3165 5077 3225 5131 τὸ
3273 5078 3439 5145 κέρας
3468 5077 3569 5148 τὴν
3608 5074 3851 5141 ἀνατολὴν

636 5180 953 5242 praemonet.
977 5170 1283 5240 Antequam
1311 5186 1437 5225 vero
1457 5172 1567 5222 haec
1602 5170 1810 5232 ﬁerent,
1839 5179 2053 5238 tempus
2092 5185 2181 5221 nor

2302 5172 2557 5235 δείκνυσι,
2596 5171 2688 5225 καὶ
2713 5170 2811 5240 τῆς
2841 5170 3063 5237 σελήνης
3102 5167 3161 5219 τὸ
3197 5165 3541 5235 λαμπόμενον
3581 5164 3742 5235 μέρος
3765 5162 3846 5229 τὴν

638 5273 772 5327 erat,
809 5262 905 5317 sed
934 5262 1167 5332 spatium
1201 5271 1440 5329 aetasque
1485 5260 1711 5313 nimium
1742 5276 1803 5313 ea
1841 5262 1996 5329 longa
2032 5267 2181 5326 extra

2305 5261 2566 5333 ἀνατολὴν
2616 5261 2885 5332 σημαίνει.
2920 5260 3032 5328 Πρὸ
3079 5258 3132 5310 δὲ
3176 5257 3378 5309 τούτων
3409 5257 3601 5327 χρόνος
3645 5256 3740 5308 οὐκ
3769 5248 3844 5321 ἦν,

637 5370 742 5424 que
768 5371 930 5409 omne
960 5362 1193 5422 tempus.
1229 5350 1293 5405 Et
1320 5354 1421 5406 hoc
1449 5352 1515 5405 de
1547 5353 1717 5421 signis
1748 5354 1952 5407 dictum
1989 5355 2081 5408 sit.

2305 5356 2436 5408 ἀλλά
2482 5355 2753 5426 διάστημα
2777 5394 2791 5417 ,
2826 5354 2919 5406 καὶ
2966 5351 3097 5403 αἰὼν
3133 5351 3337 5420 μακρός
3368 5368 3450 5412 τις
3496 5350 3593 5403 καὶ
3626 5349 3842 5418 ἄχρονος-

2308 5448 2531 5519 Εἴρηται
2565 5444 2657 5500 οὖν
2689 5446 2816 5517 περὶ
2842 5445 2948 5497 τῶν
2977 5445 3234 5513 σημείων.

710 5532 977 5602 Tempora
1032 5548 1192 5601 porro
1256 5533 1531 5593 horartvu,
1568 5532 1679 5583 sive
1730 5533 1989 5601 temporis
2036 5532 2174 5600 ipsiu

2377 5540 2613 5611 Καιροὺς
2651 5540 2705 5592 δὲ
2757 5536 2933 5605 λέγειν
2973 5534 3246 5602 ἡγούμεθα
3288 5534 3385 5596 τὰς
3425 5530 3720 5600 ὲναλὴιγάς
3760 5523 3848 5577 etin

717 5714 758 5745 "
790 5712 913 5765 Gen.
950 5715 1105 5776 1,14.
