  <div class='ocr_page' id='page_1' title='image "/cluster/home/n/w/nwhite01/storage/ocr_20150623/18/pst.000005712038/368.png"; bbox 0 0 4044 6324; ppageno 0'>
   <div class='ocr_carea' id='block_1_1' title="bbox 151 389 251 452">
    <p class='ocr_par' dir='ltr' id='par_1_1' title="bbox 151 389 251 452">
     <span class='ocr_line' id='line_1_1' title="bbox 151 389 251 452; baseline 0.03 -3"><span class='ocrx_word' id='word_1_1' title='bbox 151 389 251 452; x_wconf 64' lang='grc'><strong>721</strong></span> 
     </span>
    </p>
   </div>
   <div class='ocr_carea' id='block_1_2' title="bbox 141 505 1566 608">
    <p class='ocr_par' dir='ltr' id='par_1_2' title="bbox 141 505 1566 608">
     <span class='ocr_line' id='line_1_2' title="bbox 141 505 1566 608; baseline 0.022 -48"><span class='ocrx_word' id='word_1_2' title='bbox 141 505 343 608; x_wconf 74' lang='grc' dir='ltr'>ὡρῶν,</span> <span class='ocrx_word' id='word_1_3' title='bbox 376 513 681 608; x_wconf 79' lang='grc' dir='ltr'>χειμῶνος,</span> <span class='ocrx_word' id='word_1_4' title='bbox 738 516 924 591; x_wconf 66' lang='grc' dir='ltr'>ἔαρος,</span> <span class='ocrx_word' id='word_1_5' title='bbox 973 522 1193 595; x_wconf 72' lang='grc' dir='ltr'>θέρους,</span> <span class='ocrx_word' id='word_1_6' title='bbox 1231 534 1566 608; x_wconf 74' lang='grc' dir='ltr'><strong>μετοπώρου.</strong></span> 
     </span>
    </p>
   </div>
   <div class='ocr_carea' id='block_1_3' title="bbox 143 601 1724 704">
    <p class='ocr_par' dir='ltr' id='par_1_3' title="bbox 143 601 1724 704">
     <span class='ocr_line' id='line_1_3' title="bbox 143 601 1724 704; baseline 0.023 -53"><span class='ocrx_word' id='word_1_7' title='bbox 143 601 356 672; x_wconf 74' lang='grc' dir='ltr'>χειμὼν</span> <span class='ocrx_word' id='word_1_8' title='bbox 409 606 508 674; x_wconf 74' lang='grc' dir='ltr'>μὲν</span> <span class='ocrx_word' id='word_1_9' title='bbox 540 607 750 675; x_wconf 83' lang='grc' dir='ltr'>γίνεται</span> <span class='ocrx_word' id='word_1_10' title='bbox 801 615 912 677; x_wconf 82' lang='grc' dir='ltr'>τοῖς</span> <span class='ocrx_word' id='word_1_11' title='bbox 965 616 1156 682; x_wconf 82' lang='grc' dir='ltr'><strong>νοτίοις</strong></span> <span class='ocrx_word' id='word_1_12' title='bbox 1198 622 1385 694; x_wconf 82' lang='grc' dir='ltr'><strong>μέρεσι</strong></span> <span class='ocrx_word' id='word_1_13' title='bbox 1429 601 1523 682; x_wconf 74' lang='grc' dir='ltr'><strong>τοῦ</strong></span> <span class='ocrx_word' id='word_1_14' title='bbox 1575 631 1724 704; x_wconf 88' lang='grc' dir='ltr'>ἡλίου</span> 
     </span>
    </p>
   </div>
   <div class='ocr_carea' id='block_1_4' title="bbox 145 692 1727 793">
    <p class='ocr_par' dir='ltr' id='par_1_4' title="bbox 145 692 1727 793">
     <span class='ocr_line' id='line_1_4' title="bbox 145 692 1727 793; baseline 0.021 -51"><span class='ocrx_word' id='word_1_15' title='bbox 145 692 696 767; x_wconf 78' lang='grc' dir='ltr'>προσδιατρίσοντος,</span> <span class='ocrx_word' id='word_1_16' title='bbox 743 703 834 755; x_wconf 82' lang='grc' dir='ltr'>καὶ</span> <span class='ocrx_word' id='word_1_17' title='bbox 880 704 1011 759; x_wconf 88' lang='grc' dir='ltr'>πολὺ</span> <span class='ocrx_word' id='word_1_18' title='bbox 1039 708 1100 762; x_wconf 84' lang='grc' dir='ltr'>τὸ</span> <span class='ocrx_word' id='word_1_19' title='bbox 1143 692 1452 785; x_wconf 76' lang='grc' dir='ltr'>νυκτερινὸν</span> <span class='ocrx_word' id='word_1_20' title='bbox 1485 692 1727 793; x_wconf 75' lang='grc' dir='ltr'>σκίασμα</span> 
     </span>
    </p>
   </div>
   <div class='ocr_carea' id='block_1_5' title="bbox 145 784 1725 875">
    <p class='ocr_par' dir='ltr' id='par_1_5' title="bbox 145 784 1725 875">
     <span class='ocr_line' id='line_1_5' title="bbox 145 784 1725 875; baseline 0.021 -40"><span class='ocrx_word' id='word_1_21' title='bbox 145 784 278 856; x_wconf 69' lang='grc' dir='ltr'>περὶ</span> <span class='ocrx_word' id='word_1_22' title='bbox 308 785 400 839; x_wconf 75' lang='grc' dir='ltr'>τὸν</span> <span class='ocrx_word' id='word_1_23' title='bbox 437 787 561 841; x_wconf 84' lang='grc' dir='ltr'>καθ’</span> <span class='ocrx_word' id='word_1_24' title='bbox 595 792 744 860; x_wconf 77' lang='grc' dir='ltr'>ἡμᾶς</span> <span class='ocrx_word' id='word_1_25' title='bbox 775 791 946 849; x_wconf 85' lang='grc' dir='ltr'>τόπον</span> <span class='ocrx_word' id='word_1_26' title='bbox 981 784 1397 871; x_wconf 82' lang='grc' dir='ltr'>ἀποτελοῦντος,</span> <span class='ocrx_word' id='word_1_27' title='bbox 1441 809 1516 875; x_wconf 85' lang='grc' dir='ltr'><strong>ὡς</strong></span> <span class='ocrx_word' id='word_1_28' title='bbox 1558 784 1725 868; x_wconf 70' lang='grc' dir='ltr'>κατα-</span> 
     </span>
    </p>
   </div>
   <div class='ocr_carea' id='block_1_6' title="bbox 140 873 1722 978">
    <p class='ocr_par' dir='ltr' id='par_1_6' title="bbox 140 873 1722 978">
     <span class='ocr_line' id='line_1_6' title="bbox 140 873 1722 978; baseline 0.037 -33"><span class='ocrx_word' id='word_1_29' title='bbox 140 873 413 978; x_wconf 67' lang='grc' dir='ltr'><strong>ψύχξσθαι</strong></span> <span class='ocrx_word' id='word_1_30' title='bbox 448 879 547 948; x_wconf 72' lang='grc' dir='ltr'>μὲν</span> <span class='ocrx_word' id='word_1_31' title='bbox 581 881 672 934; x_wconf 80' lang='grc' dir='ltr'>τδν</span> <span class='ocrx_word' id='word_1_32' title='bbox 701 886 828 957; x_wconf 69' lang='grc' dir='ltr'>περι</span> <span class='ocrx_word' id='word_1_33' title='bbox 860 890 956 978; x_wconf 70' lang='grc' dir='ltr'><strong>τὴν</strong></span> <span class='ocrx_word' id='word_1_34' title='bbox 983 891 1088 961; x_wconf 80' lang='grc' dir='ltr'><strong>γῆν</strong></span> <span class='ocrx_word' id='word_1_35' title='bbox 1120 894 1279 966; x_wconf 78' lang='grc' dir='ltr'><strong>ἀέρα»</strong></span> <span class='ocrx_word' id='word_1_36' title='bbox 1306 899 1398 952; x_wconf 70' lang='grc' dir='ltr'>και</span> <span class='ocrx_word' id='word_1_37' title='bbox 1428 873 1525 966; x_wconf 62' lang='grc' dir='ltr'><strong>τάξ</strong></span> <span class='ocrx_word' id='word_1_38' title='bbox 1552 906 1722 978; x_wconf 65' lang='grc' dir='ltr'>ὑγράς</span> 
     </span>
    </p>
   </div>
   <div class='ocr_carea' id='block_1_7' title="bbox 142 965 1716 1066">
    <p class='ocr_par' dir='ltr' id='par_1_7' title="bbox 142 965 1716 1066">
     <span class='ocr_line' id='line_1_7' title="bbox 142 965 1716 1066; baseline 0.022 -49"><span class='ocrx_word' id='word_1_39' title='bbox 142 965 539 1038; x_wconf 72' lang='grc' dir='ltr'><strong>ἀναθυμιάσεις</strong></span> <span class='ocrx_word' id='word_1_40' title='bbox 578 977 970 1048; x_wconf 77' lang='grc' dir='ltr'><strong>συνισταμένας</strong></span> <span class='ocrx_word' id='word_1_41' title='bbox 1008 965 1262 1056; x_wconf 76' lang='grc' dir='ltr'>ὄμϐρων,</span> <span class='ocrx_word' id='word_1_42' title='bbox 1310 991 1404 1044; x_wconf 82' lang='grc' dir='ltr'>καὶ</span> <span class='ocrx_word' id='word_1_43' title='bbox 1455 965 1716 1066; x_wconf 69' lang='grc' dir='ltr'>κρυμιῦν,</span> 
     </span>
    </p>
   </div>
   <div class='ocr_carea' id='block_1_8' title="bbox 143 1057 1719 1142">
    <p class='ocr_par' dir='ltr' id='par_1_8' title="bbox 143 1057 1719 1142">
     <span class='ocr_line' id='line_1_8' title="bbox 143 1057 1719 1142; baseline 0.02 -33"><span class='ocrx_word' id='word_1_44' title='bbox 143 1057 242 1110; x_wconf 78' lang='grc' dir='ltr'>καὶ</span> <span class='ocrx_word' id='word_1_45' title='bbox 285 1060 524 1129; x_wconf 81' lang='grc' dir='ltr'>νιφάδων</span> <span class='ocrx_word' id='word_1_46' title='bbox 567 1066 744 1131; x_wconf 76' lang='grc' dir='ltr'>αἰτίας</span> <span class='ocrx_word' id='word_1_47' title='bbox 788 1069 1065 1137; x_wconf 79' lang='grc' dir='ltr'>γίνεσθαι-</span> <span class='ocrx_word' id='word_1_48' title='bbox 1117 1077 1336 1132; x_wconf 77' lang='grc' dir='ltr'>ἐπειδὰν</span> <span class='ocrx_word' id='word_1_49' title='bbox 1378 1083 1433 1136; x_wconf 85' lang='grc' dir='ltr'>δὲ</span> <span class='ocrx_word' id='word_1_50' title='bbox 1485 1057 1719 1142; x_wconf 61' lang='grc' dir='ltr'>ἐπανιὼν</span> 
     </span>
    </p>
   </div>
   <div class='ocr_carea' id='block_1_9' title="bbox 145 1148 1717 1249">
    <p class='ocr_par' dir='ltr' id='par_1_9' title="bbox 145 1148 1717 1249">
     <span class='ocr_line' id='line_1_9' title="bbox 145 1148 1717 1249; baseline 0.02 -47"><span class='ocrx_word' id='word_1_51' title='bbox 145 1148 310 1204; x_wconf 81' lang='grc' dir='ltr'>πάλιν</span> <span class='ocrx_word' id='word_1_52' title='bbox 341 1153 450 1206; x_wconf 78' lang='grc' dir='ltr'><strong>ἀπὸ</strong></span> <span class='ocrx_word' id='word_1_53' title='bbox 481 1155 589 1210; x_wconf 81' lang='grc' dir='ltr'>τῶν</span> <span class='ocrx_word' id='word_1_54' title='bbox 625 1161 1008 1233; x_wconf 69' lang='grc' dir='ltr'>μεσημϐρινῶν</span> <span class='ocrx_word' id='word_1_55' title='bbox 1033 1167 1246 1239; x_wconf 89' lang='grc' dir='ltr'>χωρίων</span> <span class='ocrx_word' id='word_1_56' title='bbox 1277 1174 1366 1238; x_wconf 74' lang='grc' dir='ltr'><strong>ἐπὶ</strong></span> <span class='ocrx_word' id='word_1_57' title='bbox 1410 1174 1500 1228; x_wconf 90' lang='grc' dir='ltr'><strong>τοῦ</strong></span> <span class='ocrx_word' id='word_1_58' title='bbox 1550 1178 1717 1249; x_wconf 83' lang='grc' dir='ltr'>μέσου</span> 
     </span>
    </p>
   </div>
   <div class='ocr_carea' id='block_1_10' title="bbox 141 1238 1718 1341">
    <p class='ocr_par' dir='ltr' id='par_1_10' title="bbox 141 1238 1718 1341">
     <span class='ocr_line' id='line_1_10' title="bbox 141 1238 1718 1341; baseline -0.009 -26"><span class='ocrx_word' id='word_1_59' title='bbox 141 1238 393 1313; x_wconf 61' lang='grc' dir='ltr'><strong>γένηται,</strong></span> <span class='ocrx_word' id='word_1_60' title='bbox 445 1245 702 1319; x_wconf 78' lang='grc' dir='ltr'>ἰσημερία</span> <span class='ocrx_word' id='word_1_61' title='bbox 745 1251 984 1319; x_wconf 84' lang='grc' dir='ltr'>γίνεται,</span> <span class='ocrx_word' id='word_1_62' title='bbox 1039 1257 1134 1310; x_wconf 77' lang='grc' dir='ltr'>καὶ</span> <span class='ocrx_word' id='word_1_63' title='bbox 1191 1260 1300 1332; x_wconf 79' lang='grc' dir='ltr'>ὅσῳ</span> <span class='ocrx_word' id='word_1_64' title='bbox 1325 1266 1438 1328; x_wconf 80' lang='grc' dir='ltr'>τοῖς</span> <span class='ocrx_word' id='word_1_65' title='bbox 1481 1238 1573 1320; x_wconf 56' lang='grc' dir='ltr'><strong>ἐπὶ</strong></span> <span class='ocrx_word' id='word_1_66' title='bbox 1615 1270 1718 1341; x_wconf 72' lang='grc' dir='ltr'>γῆς</span> 
     </span>
    </p>
   </div>
   <div class='ocr_carea' id='block_1_11' title="bbox 143 1333 1715 1428">
    <p class='ocr_par' dir='ltr' id='par_1_11' title="bbox 143 1333 1715 1428">
     <span class='ocr_line' id='line_1_11' title="bbox 143 1333 1715 1428; baseline 0.018 -42"><span class='ocrx_word' id='word_1_67' title='bbox 143 1333 469 1408; x_wconf 64' lang='grc' dir='ltr'>ἐνδιατρίϐει</span> <span class='ocrx_word' id='word_1_68' title='bbox 519 1339 736 1407; x_wconf 87' lang='grc' dir='ltr'>τόποις,</span> <span class='ocrx_word' id='word_1_69' title='bbox 785 1345 1022 1418; x_wconf 83' lang='grc' dir='ltr'>τοσούτῳ</span> <span class='ocrx_word' id='word_1_70' title='bbox 1067 1349 1205 1403; x_wconf 85' lang='grc' dir='ltr'>κατὰ</span> <span class='ocrx_word' id='word_1_71' title='bbox 1245 1353 1407 1424; x_wconf 77' lang='grc' dir='ltr'>μέρος</span> <span class='ocrx_word' id='word_1_72' title='bbox 1453 1333 1715 1428; x_wconf 70' lang='grc' dir='ltr'>ἐπανάγει</span> 
     </span>
    </p>
   </div>
   <div class='ocr_carea' id='block_1_12' title="bbox 141 1425 1716 1517">
    <p class='ocr_par' dir='ltr' id='par_1_12' title="bbox 141 1425 1716 1517">
     <span class='ocr_line' id='line_1_12' title="bbox 141 1425 1716 1517; baseline 0.017 -40"><span class='ocrx_word' id='word_1_73' title='bbox 141 1425 243 1498; x_wconf 76' lang='grc' dir='ltr'><strong>τὴν</strong></span> <span class='ocrx_word' id='word_1_74' title='bbox 281 1429 605 1500; x_wconf 78' lang='grc' dir='ltr'>εὐκρασίαν,</span> <span class='ocrx_word' id='word_1_75' title='bbox 658 1434 753 1487; x_wconf 73' lang='grc' dir='ltr'><strong>καὶ</strong></span> <span class='ocrx_word' id='word_1_76' title='bbox 794 1435 1000 1502; x_wconf 85' lang='grc' dir='ltr'>γίνεται</span> <span class='ocrx_word' id='word_1_77' title='bbox 1044 1438 1182 1512; x_wconf 76' lang='grc' dir='ltr'>ἔαρ,</span> <span class='ocrx_word' id='word_1_78' title='bbox 1224 1447 1337 1508; x_wconf 81' lang='grc' dir='ltr'>τοῖς</span> <span class='ocrx_word' id='word_1_79' title='bbox 1391 1447 1489 1517; x_wconf 84' lang='grc' dir='ltr'>μὲν</span> <span class='ocrx_word' id='word_1_80' title='bbox 1531 1425 1716 1516; x_wconf 83' lang='grc' dir='ltr'>φυτοῖς</span> 
     </span>
    </p>
   </div>
   <div class='ocr_carea' id='block_1_13' title="bbox 139 1517 1709 1608">
    <p class='ocr_par' dir='ltr' id='par_1_13' title="bbox 139 1517 1709 1608">
     <span class='ocr_line' id='line_1_13' title="bbox 139 1517 1709 1608; baseline 0.018 -39"><span class='ocrx_word' id='word_1_81' title='bbox 139 1517 398 1588; x_wconf 74' lang='grc' dir='ltr'>παρέχων</span> <span class='ocrx_word' id='word_1_82' title='bbox 425 1521 736 1595; x_wconf 79' lang='grc' dir='ltr'>βλάστησιν,</span> <span class='ocrx_word' id='word_1_83' title='bbox 764 1530 876 1591; x_wconf 87' lang='grc' dir='ltr'>τοῖς</span> <span class='ocrx_word' id='word_1_84' title='bbox 913 1529 969 1582; x_wconf 80' lang='grc' dir='ltr'>δὲ</span> <span class='ocrx_word' id='word_1_85' title='bbox 1007 1531 1240 1605; x_wconf 83' lang='grc' dir='ltr'>δένδροις</span> <span class='ocrx_word' id='word_1_86' title='bbox 1272 1537 1368 1608; x_wconf 75' lang='grc' dir='ltr'>τὴν</span> <span class='ocrx_word' id='word_1_87' title='bbox 1397 1539 1709 1598; x_wconf 74' lang='grc' dir='ltr'>ἀναῦίωσιν.</span> 
     </span>
    </p>
   </div>
   <div class='ocr_carea' id='block_1_14' title="bbox 151 1605 1713 1708">
    <p class='ocr_par' dir='ltr' id='par_1_14' title="bbox 151 1605 1713 1708">
     <span class='ocr_line' id='line_1_14' title="bbox 151 1605 1713 1708; baseline 0.019 -48"><span class='ocrx_word' id='word_1_88' title='bbox 151 1605 392 1665; x_wconf 79' lang='grc' dir='ltr'><strong>Ἐκεῖθεν</strong></span> <span class='ocrx_word' id='word_1_89' title='bbox 414 1612 469 1666; x_wconf 72' lang='grc' dir='ltr'>δὲ</span> <span class='ocrx_word' id='word_1_90' title='bbox 497 1614 598 1687; x_wconf 84' lang='grc' dir='ltr'><strong>ἡδη</strong></span> <span class='ocrx_word' id='word_1_91' title='bbox 633 1618 768 1688; x_wconf 79' lang='grc' dir='ltr'>πρὸς</span> <span class='ocrx_word' id='word_1_92' title='bbox 799 1619 898 1684; x_wconf 85' lang='grc' dir='ltr'>τὰς</span> <span class='ocrx_word' id='word_1_93' title='bbox 924 1620 1138 1694; x_wconf 82' lang='grc' dir='ltr'>θερινὰς</span> <span class='ocrx_word' id='word_1_94' title='bbox 1170 1605 1378 1698; x_wconf 75' lang='grc' dir='ltr'>τροπάς</span> <span class='ocrx_word' id='word_1_95' title='bbox 1413 1631 1498 1684; x_wconf 80' lang='grc' dir='ltr'><strong>ἐπ’</strong></span> <span class='ocrx_word' id='word_1_96' title='bbox 1545 1635 1713 1708; x_wconf 80' lang='grc' dir='ltr'>αὐτὴν</span> 
     </span>
    </p>
   </div>
   <div class='ocr_carea' id='block_1_15' title="bbox 138 1697 1711 1796">
    <p class='ocr_par' dir='ltr' id='par_1_15' title="bbox 138 1697 1711 1796">
     <span class='ocr_line' id='line_1_15' title="bbox 138 1697 1711 1796; baseline 0.018 -45"><span class='ocrx_word' id='word_1_97' title='bbox 138 1697 237 1770; x_wconf 76' lang='grc' dir='ltr'>τὴν</span> <span class='ocrx_word' id='word_1_98' title='bbox 285 1701 520 1774; x_wconf 81' lang='grc' dir='ltr'>’Δρκτον</span> <span class='ocrx_word' id='word_1_99' title='bbox 545 1707 756 1778; x_wconf 76' lang='grc' dir='ltr'>τρέχων</span> <span class='ocrx_word' id='word_1_100' title='bbox 789 1712 817 1764; x_wconf 85' lang='grc' dir='ltr'><strong>ό</strong></span> <span class='ocrx_word' id='word_1_101' title='bbox 872 1713 1022 1782; x_wconf 85' lang='grc' dir='ltr'>ἡλιος</span> <span class='ocrx_word' id='word_1_102' title='bbox 1071 1715 1169 1780; x_wconf 80' lang='grc' dir='ltr'><strong>τὰς</strong></span> <span class='ocrx_word' id='word_1_103' title='bbox 1209 1697 1456 1789; x_wconf 87' lang='grc' dir='ltr'>μεγάλας</span> <span class='ocrx_word' id='word_1_104' title='bbox 1501 1697 1711 1796; x_wconf 76' lang='grc' dir='ltr'>ἡμέρας</span> 
     </span>
    </p>
   </div>
   <div class='ocr_carea' id='block_1_16' title="bbox 133 1790 1709 1883">
    <p class='ocr_par' dir='ltr' id='par_1_16' title="bbox 133 1790 1709 1883">
     <span class='ocr_line' id='line_1_16' title="bbox 133 1790 1709 1883; baseline 0.016 -42"><span class='ocrx_word' id='word_1_105' title='bbox 133 1790 269 1860; x_wconf 78' lang='grc' dir='ltr'>ἡμῖν</span> <span class='ocrx_word' id='word_1_106' title='bbox 297 1793 614 1866; x_wconf 81' lang='grc' dir='ltr'>παρίστησι,</span> <span class='ocrx_word' id='word_1_107' title='bbox 646 1799 740 1850; x_wconf 69' lang='grc' dir='ltr'><strong>καί</strong></span> <span class='ocrx_word' id='word_1_108' title='bbox 772 1799 860 1853; x_wconf 86' lang='grc' dir='ltr'>διὰ</span> <span class='ocrx_word' id='word_1_109' title='bbox 889 1801 950 1856; x_wconf 79' lang='grc' dir='ltr'>τὸ</span> <span class='ocrx_word' id='word_1_110' title='bbox 977 1803 1156 1858; x_wconf 84' lang='grc' dir='ltr'>πλεῖον</span> <span class='ocrx_word' id='word_1_111' title='bbox 1180 1807 1340 1861; x_wconf 81' lang='grc' dir='ltr'>αὑτὸν</span> <span class='ocrx_word' id='word_1_112' title='bbox 1368 1790 1709 1883; x_wconf 80' lang='grc' dir='ltr'>προσομιλεῖν</span> 
     </span>
    </p>
   </div>
   <div class='ocr_carea' id='block_1_17' title="bbox 135 1879 1785 1976">
    <p class='ocr_par' dir='ltr' id='par_1_17' title="bbox 135 1879 1785 1976">
     <span class='ocr_line' id='line_1_17' title="bbox 135 1879 1785 1976; baseline 0.018 -44"><span class='ocrx_word' id='word_1_113' title='bbox 135 1879 221 1952; x_wconf 83' lang='grc' dir='ltr'><strong>τῷ</strong></span> <span class='ocrx_word' id='word_1_114' title='bbox 250 1882 397 1954; x_wconf 81' lang='grc' dir='ltr'>ἀέρι,</span> <span class='ocrx_word' id='word_1_115' title='bbox 425 1885 593 1939; x_wconf 75' lang='grc' dir='ltr'>αὐτὸν</span> <span class='ocrx_word' id='word_1_116' title='bbox 629 1890 987 1962; x_wconf 83' lang='grc' dir='ltr'>καταφρίσσει</span> <span class='ocrx_word' id='word_1_117' title='bbox 1021 1895 1111 1948; x_wconf 82' lang='grc' dir='ltr'>τὸν</span> <span class='ocrx_word' id='word_1_118' title='bbox 1144 1898 1311 1970; x_wconf 79' lang='grc' dir='ltr'>ἀέρα,</span> <span class='ocrx_word' id='word_1_119' title='bbox 1345 1879 1436 1954; x_wconf 62' lang='grc' dir='ltr'><strong>καλ</strong></span> <span class='ocrx_word' id='word_1_120' title='bbox 1479 1879 1574 1975; x_wconf 77' lang='grc' dir='ltr'>τὴν</span> <span class='ocrx_word' id='word_1_121' title='bbox 1605 1906 1706 1976; x_wconf 80' lang='grc' dir='ltr'>γῆν</span> <span class='ocrx_word' id='word_1_122' title='bbox 1742 1886 1785 1945; x_wconf 76' lang='grc' dir='ltr'><strong>Β</strong></span> 
     </span>
    </p>
   </div>
   <div class='ocr_carea' id='block_1_18' title="bbox 133 1973 1707 2067">
    <p class='ocr_par' dir='ltr' id='par_1_18' title="bbox 133 1973 1707 2067">
     <span class='ocr_line' id='line_1_18' title="bbox 133 1973 1707 2067; baseline 0.017 -42"><span class='ocrx_word' id='word_1_123' title='bbox 133 1973 316 2027; x_wconf 68' lang='grc' dir='ltr'>πᾶσαν</span> <span class='ocrx_word' id='word_1_124' title='bbox 340 1976 743 2049; x_wconf 77' lang='grc' dir='ltr'>καταξηραίνει,</span> <span class='ocrx_word' id='word_1_125' title='bbox 764 1982 858 2042; x_wconf 57' lang='grc' dir='ltr'><strong>καὶ⁷</strong></span> <span class='ocrx_word' id='word_1_126' title='bbox 890 1985 1067 2039; x_wconf 89' lang='grc' dir='ltr'>πάντα</span> <span class='ocrx_word' id='word_1_127' title='bbox 1088 1991 1298 2059; x_wconf 87' lang='grc' dir='ltr'>καρπὸν</span> <span class='ocrx_word' id='word_1_128' title='bbox 1322 1991 1516 2063; x_wconf 86' lang='grc' dir='ltr'>ὡραῖον</span> <span class='ocrx_word' id='word_1_129' title='bbox 1533 1973 1707 2067; x_wconf 78' lang='grc' dir='ltr'>άπερ-</span> 
     </span>
    </p>
   </div>
   <div class='ocr_carea' id='block_1_19' title="bbox 131 2062 1706 2153">
    <p class='ocr_par' dir='ltr' id='par_1_19' title="bbox 131 2062 1706 2153">
     <span class='ocr_line' id='line_1_19' title="bbox 131 2062 1706 2153; baseline 0.017 -37"><span class='ocrx_word' id='word_1_130' title='bbox 131 2062 359 2134; x_wconf 74' lang='grc' dir='ltr'>γάζεται</span> <span class='ocrx_word' id='word_1_131' title='bbox 391 2067 822 2137; x_wconf 77' lang='grc' dir='ltr'>φλογωδέστατος</span> <span class='ocrx_word' id='word_1_132' title='bbox 860 2073 954 2141; x_wconf 82' lang='grc' dir='ltr'>ὢν,</span> <span class='ocrx_word' id='word_1_133' title='bbox 1001 2079 1094 2132; x_wconf 73' lang='grc' dir='ltr'>καὶ</span> <span class='ocrx_word' id='word_1_134' title='bbox 1135 2062 1391 2152; x_wconf 82' lang='grc' dir='ltr'>βραχείας</span> <span class='ocrx_word' id='word_1_135' title='bbox 1435 2091 1578 2141; x_wconf 82' lang='grc' dir='ltr'>ποιεῖ</span> <span class='ocrx_word' id='word_1_136' title='bbox 1608 2062 1706 2153; x_wconf 73' lang='grc' dir='ltr'><strong>τάς</strong></span> 
     </span>
    </p>
   </div>
   <div class='ocr_carea' id='block_1_20' title="bbox 132 2157 1706 2252">
    <p class='ocr_par' dir='ltr' id='par_1_20' title="bbox 132 2157 1706 2252">
     <span class='ocr_line' id='line_1_20' title="bbox 132 2157 1706 2252; baseline 0.017 -44"><span class='ocrx_word' id='word_1_137' title='bbox 132 2157 294 2220; x_wconf 79' lang='grc' dir='ltr'>σκιὰς</span> <span class='ocrx_word' id='word_1_138' title='bbox 323 2159 414 2228; x_wconf 81' lang='grc' dir='ltr'><strong>ἀφ’</strong></span> <span class='ocrx_word' id='word_1_139' title='bbox 449 2160 654 2232; x_wconf 74' lang='grc' dir='ltr'>ὑψηλοῦ</span> <span class='ocrx_word' id='word_1_140' title='bbox 706 2166 1095 2237; x_wconf 83' lang='grc' dir='ltr'>καταλάμπων.</span> <span class='ocrx_word' id='word_1_141' title='bbox 1142 2173 1230 2225; x_wconf 89' lang='grc' dir='ltr'><strong>Ἐν</strong></span> <span class='ocrx_word' id='word_1_142' title='bbox 1256 2174 1361 2246; x_wconf 83' lang='grc' dir='ltr'><strong>γὰρ</strong></span> <span class='ocrx_word' id='word_1_143' title='bbox 1409 2181 1527 2242; x_wconf 85' lang='grc' dir='ltr'>ταῖς</span> <span class='ocrx_word' id='word_1_144' title='bbox 1576 2180 1706 2252; x_wconf 87' lang='grc' dir='ltr'>βρα-</span> 
     </span>
    </p>
   </div>
   <div class='ocr_carea' id='block_1_21' title="bbox 128 2248 1703 2334">
    <p class='ocr_par' dir='ltr' id='par_1_21' title="bbox 128 2248 1703 2334">
     <span class='ocr_line' id='line_1_21' title="bbox 128 2248 1703 2334; baseline 0.016 -35"><span class='ocrx_word' id='word_1_145' title='bbox 128 2248 392 2316; x_wconf 83' lang='grc' dir='ltr'>χυτάταις</span> <span class='ocrx_word' id='word_1_146' title='bbox 416 2252 650 2325; x_wconf 80' lang='grc' dir='ltr'>ἡμέραις</span> <span class='ocrx_word' id='word_1_147' title='bbox 682 2258 738 2309; x_wconf 85' lang='grc' dir='ltr'>αἱ</span> <span class='ocrx_word' id='word_1_148' title='bbox 773 2260 922 2311; x_wconf 73' lang='grc' dir='ltr'>σκιαὶ</span> <span class='ocrx_word' id='word_1_149' title='bbox 946 2263 1281 2331; x_wconf 85' lang='grc' dir='ltr'>μακρόταται</span> <span class='ocrx_word' id='word_1_150' title='bbox 1308 2248 1703 2334; x_wconf 46' lang='grc' dir='ltr'>γίνονταιξΚαὶ</span> 
     </span>
    </p>
   </div>
   <div class='ocr_carea' id='block_1_22' title="bbox 127 2337 1702 2430">
    <p class='ocr_par' dir='ltr' id='par_1_22' title="bbox 127 2337 1702 2430">
     <span class='ocr_line' id='line_1_22' title="bbox 127 2337 1702 2430; baseline 0.016 -40"><span class='ocrx_word' id='word_1_151' title='bbox 127 2337 294 2393; x_wconf 85' lang='grc' dir='ltr'>πάλιν</span> <span class='ocrx_word' id='word_1_152' title='bbox 319 2341 430 2395; x_wconf 83' lang='grc' dir='ltr'><strong>ἀπὸ</strong></span> <span class='ocrx_word' id='word_1_153' title='bbox 451 2343 561 2396; x_wconf 85' lang='grc' dir='ltr'><strong>τῶν</strong></span> <span class='ocrx_word' id='word_1_154' title='bbox 601 2350 982 2420; x_wconf 84' lang='grc' dir='ltr'>προσαρκτίων</span> <span class='ocrx_word' id='word_1_155' title='bbox 1029 2353 1120 2405; x_wconf 78' lang='grc' dir='ltr'><strong>ἐπὶ</strong></span> <span class='ocrx_word' id='word_1_156' title='bbox 1153 2354 1221 2407; x_wconf 85' lang='grc' dir='ltr'>τὰ</span> <span class='ocrx_word' id='word_1_157' title='bbox 1267 2357 1416 2411; x_wconf 86' lang='grc' dir='ltr'>νότια</span> <span class='ocrx_word' id='word_1_158' title='bbox 1459 2378 1702 2430; x_wconf 84' lang='grc' dir='ltr'>παραγε-</span> 
     </span>
    </p>
   </div>
   <div class='ocr_carea' id='block_1_23' title="bbox 61 2428 1700 2518">
    <p class='ocr_par' dir='ltr' id='par_1_23' title="bbox 61 2428 1700 2518">
     <span class='ocr_line' id='line_1_23' title="bbox 61 2428 1700 2518; baseline 0.016 -40"><span class='ocrx_word' id='word_1_159' title='bbox 61 2445 84 2456; x_wconf 58' lang='grc' dir='ltr'><strong><em>υ</em></strong></span> <span class='ocrx_word' id='word_1_160' title='bbox 126 2428 378 2498; x_wconf 85' lang='grc' dir='ltr'>νομένου,</span> <span class='ocrx_word' id='word_1_161' title='bbox 409 2434 723 2506; x_wconf 84' lang='grc' dir='ltr'>μετόπωρον</span> <span class='ocrx_word' id='word_1_162' title='bbox 754 2438 978 2505; x_wconf 85' lang='grc' dir='ltr'>γίνεται,</span> <span class='ocrx_word' id='word_1_163' title='bbox 1015 2442 1111 2512; x_wconf 86' lang='grc' dir='ltr'>τῆς</span> <span class='ocrx_word' id='word_1_164' title='bbox 1146 2443 1352 2516; x_wconf 83' lang='grc' dir='ltr'>Θέρμης</span> <span class='ocrx_word' id='word_1_165' title='bbox 1385 2449 1502 2501; x_wconf 78' lang='grc' dir='ltr'>κατ’</span> <span class='ocrx_word' id='word_1_166' title='bbox 1526 2428 1700 2518; x_wconf 81' lang='grc' dir='ltr'>όλίγον</span> 
     </span>
    </p>
   </div>
   <div class='ocr_carea' id='block_1_24' title="bbox 122 2519 1701 2607">
    <p class='ocr_par' dir='ltr' id='par_1_24' title="bbox 122 2519 1701 2607">
     <span class='ocr_line' id='line_1_24' title="bbox 122 2519 1701 2607; baseline 0.016 -37"><span class='ocrx_word' id='word_1_167' title='bbox 122 2519 227 2588; x_wconf 81' lang='grc' dir='ltr'>τῆς</span> <span class='ocrx_word' id='word_1_168' title='bbox 259 2521 458 2593; x_wconf 85' lang='grc' dir='ltr'>πολλῆς</span> <span class='ocrx_word' id='word_1_169' title='bbox 490 2524 943 2600; x_wconf 83' lang='grc' dir='ltr'>άμαυρουμὲνης,</span> <span class='ocrx_word' id='word_1_170' title='bbox 979 2535 1071 2584; x_wconf 74' lang='grc' dir='ltr'>καὶ</span> <span class='ocrx_word' id='word_1_171' title='bbox 1110 2535 1200 2586; x_wconf 87' lang='grc' dir='ltr'><strong>τοῦ</strong></span> <span class='ocrx_word' id='word_1_172' title='bbox 1233 2538 1496 2607; x_wconf 85' lang='grc' dir='ltr'>χειμῶνος</span> <span class='ocrx_word' id='word_1_173' title='bbox 1537 2541 1701 2595; x_wconf 80' lang='grc' dir='ltr'>ἀϐλα-</span> 
     </span>
    </p>
   </div>
   <div class='ocr_carea' id='block_1_25' title="bbox 124 2607 537 2678">
    <p class='ocr_par' dir='ltr' id='par_1_25' title="bbox 124 2607 537 2678">
     <span class='ocr_line' id='line_1_25' title="bbox 124 2607 537 2678; baseline 0.017 -18"><span class='ocrx_word' id='word_1_174' title='bbox 124 2607 237 2675; x_wconf 75' lang='grc' dir='ltr'><strong>ϐῶς</strong></span> <span class='ocrx_word' id='word_1_175' title='bbox 275 2612 537 2678; x_wconf 78' lang='grc' dir='ltr'>ἐπιόντος.</span> 
     </span>
    </p>
   </div>
   <div class='ocr_carea' id='block_1_26' title="bbox 193 2725 1698 2812">
    <p class='ocr_par' dir='ltr' id='par_1_26' title="bbox 193 2725 1698 2812">
     <span class='ocr_line' id='line_1_26' title="bbox 193 2725 1698 2812; baseline 0.015 -36"><span class='ocrx_word' id='word_1_176' title='bbox 193 2725 267 2777; x_wconf 85' lang='grc' dir='ltr'><strong>Οὐ</strong></span> <span class='ocrx_word' id='word_1_177' title='bbox 323 2729 468 2780; x_wconf 84' lang='grc' dir='ltr'>ποιεῖ</span> <span class='ocrx_word' id='word_1_178' title='bbox 512 2728 569 2782; x_wconf 84' lang='grc' dir='ltr'>δὲ</span> <span class='ocrx_word' id='word_1_179' title='bbox 612 2730 710 2800; x_wconf 84' lang='grc' dir='ltr'>τὴν</span> <span class='ocrx_word' id='word_1_180' title='bbox 745 2733 953 2804; x_wconf 78' lang='grc' dir='ltr'>ἡμέραν</span> <span class='ocrx_word' id='word_1_181' title='bbox 991 2737 1020 2788; x_wconf 82' lang='grc' dir='ltr'>ὁ</span> <span class='ocrx_word' id='word_1_182' title='bbox 1071 2737 1253 2806; x_wconf 72' lang='grc' dir='ltr'>ἥλιος·</span> <span class='ocrx_word' id='word_1_183' title='bbox 1293 2742 1480 2812; x_wconf 81' lang='grc' dir='ltr'>μηδεὶς</span> <span class='ocrx_word' id='word_1_184' title='bbox 1526 2744 1698 2809; x_wconf 77' lang='grc' dir='ltr'>οὕτως</span> 
     </span>
    </p>
   </div>
   <div class='ocr_carea' id='block_1_27' title="bbox 122 2814 1693 2904">
    <p class='ocr_par' dir='ltr' id='par_1_27' title="bbox 122 2814 1693 2904">
     <span class='ocr_line' id='line_1_27' title="bbox 122 2814 1693 2904; baseline -0.009 -2"><span class='ocrx_word' id='word_1_185' title='bbox 122 2814 909 2897; x_wconf 63' lang='grc' dir='ltr'><strong>δτωλάδη·πρεσ⁶υτερεῖγάρ</strong></span> <span class='ocrx_word' id='word_1_186' title='bbox 938 2828 1128 2880; x_wconf 77' lang='grc' dir='ltr'>τούτου</span> <span class='ocrx_word' id='word_1_187' title='bbox 1168 2833 1200 2900; x_wconf 71' lang='grc' dir='ltr'>ἡ</span> <span class='ocrx_word' id='word_1_188' title='bbox 1234 2833 1414 2904; x_wconf 82' lang='grc' dir='ltr'>ἡμέρα</span> <span class='ocrx_word' id='word_1_189' title='bbox 1447 2836 1541 2888; x_wconf 76' lang='grc' dir='ltr'>καὶ</span> <span class='ocrx_word' id='word_1_190' title='bbox 1568 2835 1693 2902; x_wconf 78' lang='grc' dir='ltr'>νύξ’</span> 
     </span>
    </p>
   </div>
   <div class='ocr_carea' id='block_1_28' title="bbox 119 2906 1698 2998">
    <p class='ocr_par' dir='ltr' id='par_1_28' title="bbox 119 2906 1698 2998">
     <span class='ocr_line' id='line_1_28' title="bbox 119 2906 1698 2998; baseline 0.016 -39"><span class='ocrx_word' id='word_1_191' title='bbox 119 2906 255 2961; x_wconf 80' lang='grc' dir='ltr'>άλλά</span> <span class='ocrx_word' id='word_1_192' title='bbox 290 2910 553 2982; x_wconf 81' lang='grc' dir='ltr'>κατάρχει</span> <span class='ocrx_word' id='word_1_193' title='bbox 588 2913 744 2984; x_wconf 86' lang='grc' dir='ltr'>μόνον</span> <span class='ocrx_word' id='word_1_194' title='bbox 776 2917 875 2986; x_wconf 83' lang='grc' dir='ltr'>τῆς</span> <span class='ocrx_word' id='word_1_195' title='bbox 905 2921 1143 2991; x_wconf 84' lang='grc' dir='ltr'>ἡμέρας,</span> <span class='ocrx_word' id='word_1_196' title='bbox 1177 2923 1358 2989; x_wconf 87' lang='grc' dir='ltr'>καθὼς</span> <span class='ocrx_word' id='word_1_197' title='bbox 1393 2929 1483 2981; x_wconf 72' lang='grc' dir='ltr'><strong>καὶ</strong></span> <span class='ocrx_word' id='word_1_198' title='bbox 1507 2931 1534 2981; x_wconf 89' lang='grc' dir='ltr'>ὁ</span> <span class='ocrx_word' id='word_1_199' title='bbox 1564 2929 1698 2998; x_wconf 73' lang='grc' dir='ltr'>ψαλ-</span> 
     </span>
    </p>
   </div>
   <div class='ocr_carea' id='block_1_29' title="bbox 123 2998 1695 3085">
    <p class='ocr_par' dir='ltr' id='par_1_29' title="bbox 123 2998 1695 3085">
     <span class='ocr_line' id='line_1_29' title="bbox 123 2998 1695 3085; baseline 0.014 -34"><span class='ocrx_word' id='word_1_200' title='bbox 123 2998 296 3070; x_wconf 71' lang='grc' dir='ltr'>μιρδὸς</span> <span class='ocrx_word' id='word_1_201' title='bbox 329 3002 637 3075; x_wconf 82' lang='grc' dir='ltr'>διαγορεύει</span> <span class='ocrx_word' id='word_1_202' title='bbox 679 3009 808 3078; x_wconf 83' lang='grc' dir='ltr'>ἡμῖν</span> <span class='ocrx_word' id='word_1_203' title='bbox 827 3027 840 3040; x_wconf 88' lang='grc'><strong>·</strong></span> <span class='ocrx_word' id='word_1_204' title='bbox 870 3013 1094 3078; x_wconf 83' lang='grc' dir='ltr'>Ἕθετο,</span> <span class='ocrx_word' id='word_1_205' title='bbox 1124 3015 1296 3085; x_wconf 81' lang='grc' dir='ltr'>λέγων</span> <span class='ocrx_word' id='word_1_206' title='bbox 1316 3056 1330 3080; x_wconf 91' lang='grc'><strong>,</strong></span> <span class='ocrx_word' id='word_1_207' title='bbox 1367 3017 1474 3072; x_wconf 82' lang='grc' dir='ltr'>τὸν</span> <span class='ocrx_word' id='word_1_208' title='bbox 1520 3019 1695 3085; x_wconf 78' lang='grc' dir='ltr'>ἣλιον</span> 
     </span>
    </p>
   </div>
   <div class='ocr_carea' id='block_1_30' title="bbox 116 3091 1692 3178">
    <p class='ocr_par' dir='ltr' id='par_1_30' title="bbox 116 3091 1692 3178">
     <span class='ocr_line' id='line_1_30' title="bbox 116 3091 1692 3178; baseline 0.015 -35"><span class='ocrx_word' id='word_1_209' title='bbox 116 3093 206 3156; x_wconf 80' lang='grc' dir='ltr'>εις</span> <span class='ocrx_word' id='word_1_210' title='bbox 224 3091 515 3156; x_wconf 80' lang='grc' dir='ltr'>ἐξουσίαν</span> <span class='ocrx_word' id='word_1_211' title='bbox 539 3095 648 3164; x_wconf 81' lang='grc' dir='ltr'>τῆς</span> <span class='ocrx_word' id='word_1_212' title='bbox 679 3098 920 3168; x_wconf 77' lang='grc' dir='ltr'>ἡμέρας,</span> <span class='ocrx_word' id='word_1_213' title='bbox 955 3104 1069 3172; x_wconf 81' lang='grc' dir='ltr'>τὴν</span> <span class='ocrx_word' id='word_1_214' title='bbox 1098 3108 1391 3176; x_wconf 77' lang='grc' dir='ltr'><strong>σελήνην,</strong></span> <span class='ocrx_word' id='word_1_215' title='bbox 1426 3113 1521 3164; x_wconf 78' lang='grc' dir='ltr'>καὶ</span> <span class='ocrx_word' id='word_1_216' title='bbox 1554 3113 1692 3178; x_wconf 79' lang='grc' dir='ltr'>τοὺς</span> 
     </span>
    </p>
   </div>
   <div class='ocr_carea' id='block_1_31' title="bbox 1078 411 2483 498">
    <p class='ocr_par' dir='ltr' id='par_1_31' title="bbox 1078 411 2483 498">
     <span class='ocr_line' id='line_1_31' title="bbox 1078 411 2483 498; baseline 0.023 -32"><span class='ocrx_word' id='word_1_217' title='bbox 1078 411 1350 475; x_wconf 79' lang='lat' dir='ltr'><strong>SPURIA.</strong></span> <span class='ocrx_word' id='word_1_218' title='bbox 1386 452 1457 465; x_wconf 88' lang='lat'><strong>--</strong></span> <span class='ocrx_word' id='word_1_219' title='bbox 1485 424 1843 488; x_wconf 68' lang='lat' dir='ltr'><strong>COMMENT.</strong></span> <span class='ocrx_word' id='word_1_220' title='bbox 1884 431 1948 486; x_wconf 77' lang='grc' dir='ltr'><strong>ΙΝ</strong></span> <span class='ocrx_word' id='word_1_221' title='bbox 1989 430 2483 498; x_wconf 68' lang='lat' dir='ltr'><strong>HEXAEMERON.</strong></span> 
     </span>
    </p>
   </div>
   <div class='ocr_carea' id='block_1_32' title="bbox 3293 458 3396 516">
    <p class='ocr_par' dir='ltr' id='par_1_32' title="bbox 3293 458 3396 516">
     <span class='ocr_line' id='line_1_32' title="bbox 3293 458 3396 516; baseline 0.029 -2"><span class='ocrx_word' id='word_1_222' title='bbox 3293 458 3396 516; x_wconf 70' lang='grc' dir='ltr'><strong>ἸΞΞ</strong></span> 
     </span>
    </p>
   </div>
   <div class='ocr_carea' id='block_1_33' title="bbox 1615 542 3393 644">
    <p class='ocr_par' dir='ltr' id='par_1_33' title="bbox 1615 542 3393 644">
     <span class='ocr_line' id='line_1_33' title="bbox 1615 542 3393 644; baseline 0.022 -51"><span class='ocrx_word' id='word_1_223' title='bbox 1615 542 1725 594; x_wconf 77' lang='grc' dir='ltr'><strong>Καὶ</strong></span> <span class='ocrx_word' id='word_1_224' title='bbox 1754 550 1800 606; x_wconf 76' lang='grc' dir='ltr'>Α</span> <span class='ocrx_word' id='word_1_225' title='bbox 1829 552 2176 618; x_wconf 85' lang='lat' dir='ltr'><strong>mutationes,</strong></span> <span class='ocrx_word' id='word_1_226' title='bbox 2205 570 2270 610; x_wconf 91' lang='lat' dir='ltr'><strong>ac</strong></span> <span class='ocrx_word' id='word_1_227' title='bbox 2298 557 2467 620; x_wconf 83' lang='lat' dir='ltr'><strong>vices,</strong></span> <span class='ocrx_word' id='word_1_228' title='bbox 2498 557 2693 618; x_wconf 81' lang='lat' dir='ltr'><strong>hiemis</strong></span> <span class='ocrx_word' id='word_1_229' title='bbox 2708 557 2939 636; x_wconf 81' lang='lat' dir='ltr'><strong>scilicet,</strong></span> <span class='ocrx_word' id='word_1_230' title='bbox 2974 571 3136 639; x_wconf 83' lang='lat' dir='ltr'><strong>veris.</strong></span> <span class='ocrx_word' id='word_1_231' title='bbox 3167 578 3393 644; x_wconf 66' lang='lat' dir='ltr'><strong>astatis,</strong></span> 
     </span>
    </p>
   </div>
   <div class='ocr_carea' id='block_1_34' title="bbox 1828 645 3393 724">
    <p class='ocr_par' dir='ltr' id='par_1_34' title="bbox 1828 645 3393 724">
     <span class='ocr_line' id='line_1_34' title="bbox 1828 645 3393 724; baseline 0.019 -30"><span class='ocrx_word' id='word_1_232' title='bbox 1828 645 2097 711; x_wconf 79' lang='lat' dir='ltr'><strong>autumni,</strong></span> <span class='ocrx_word' id='word_1_233' title='bbox 2131 645 2510 718; x_wconf 84' lang='lat' dir='ltr'><strong>intelligendas</strong></span> <span class='ocrx_word' id='word_1_234' title='bbox 2539 667 2661 710; x_wconf 83' lang='lat' dir='ltr'><strong>esse</strong></span> <span class='ocrx_word' id='word_1_235' title='bbox 2705 670 3011 718; x_wconf 79' lang='lat' dir='ltr'><strong>censemus.</strong></span> <span class='ocrx_word' id='word_1_236' title='bbox 3043 662 3228 721; x_wconf 82' lang='lat' dir='ltr'><strong>Hiems</strong></span> <span class='ocrx_word' id='word_1_237' title='bbox 3260 675 3393 724; x_wconf 88' lang='lat' dir='ltr'><strong>tunc</strong></span> 
     </span>
    </p>
   </div>
   <div class='ocr_carea' id='block_1_35' title="bbox 1826 731 3387 826">
    <p class='ocr_par' dir='ltr' id='par_1_35' title="bbox 1826 731 3387 826">
     <span class='ocr_line' id='line_1_35' title="bbox 1826 731 3387 826; baseline 0.02 -41"><span class='ocrx_word' id='word_1_238' title='bbox 1826 731 2007 799; x_wconf 79' lang='lat' dir='ltr'><strong>irruit,</strong></span> <span class='ocrx_word' id='word_1_239' title='bbox 2034 751 2158 822; x_wconf 84' lang='lat' dir='ltr'><strong>cum</strong></span> <span class='ocrx_word' id='word_1_240' title='bbox 2190 739 2274 794; x_wconf 87' lang='lat' dir='ltr'><strong>sol</strong></span> <span class='ocrx_word' id='word_1_241' title='bbox 2293 741 2350 794; x_wconf 90' lang='lat' dir='ltr'><strong>in</strong></span> <span class='ocrx_word' id='word_1_242' title='bbox 2383 743 2631 811; x_wconf 79' lang='lat' dir='ltr'><strong>partibus</strong></span> <span class='ocrx_word' id='word_1_243' title='bbox 2655 752 2987 809; x_wconf 73' lang='lat' dir='ltr'><strong>australibus</strong></span> <span class='ocrx_word' id='word_1_244' title='bbox 3001 769 3387 826; x_wconf 71' lang='lat' dir='ltr'><strong>commoratur,</strong></span> 
     </span>
    </p>
   </div>
   <div class='ocr_carea' id='block_1_36' title="bbox 1824 818 3386 920">
    <p class='ocr_par' dir='ltr' id='par_1_36' title="bbox 1824 818 3386 920">
     <span class='ocr_line' id='line_1_36' title="bbox 1824 818 3386 920; baseline 0.02 -41"><span class='ocrx_word' id='word_1_245' title='bbox 1824 818 2381 898; x_wconf 81' lang='lat' dir='ltr'><strong>noctisqueumbram</strong></span> <span class='ocrx_word' id='word_1_246' title='bbox 2419 837 2560 907; x_wconf 87' lang='lat' dir='ltr'><strong>apud</strong></span> <span class='ocrx_word' id='word_1_247' title='bbox 2599 856 2701 898; x_wconf 88' lang='lat' dir='ltr'><strong>nos</strong></span> <span class='ocrx_word' id='word_1_248' title='bbox 2757 845 2892 901; x_wconf 86' lang='lat' dir='ltr'><strong>satis</strong></span> <span class='ocrx_word' id='word_1_249' title='bbox 2937 847 3029 903; x_wconf 81' lang='lat' dir='ltr'><strong>diu</strong></span> <span class='ocrx_word' id='word_1_250' title='bbox 3062 818 3386 920; x_wconf 76' lang='lat' dir='ltr'><strong>productam</strong></span> 
     </span>
    </p>
   </div>
   <div class='ocr_carea' id='block_1_37' title="bbox 1823 915 3387 1002">
    <p class='ocr_par' dir='ltr' id='par_1_37' title="bbox 1823 915 3387 1002">
     <span class='ocr_line' id='line_1_37' title="bbox 1823 915 3387 1002; baseline 0.021 -33"><span class='ocrx_word' id='word_1_251' title='bbox 1823 915 2121 988; x_wconf 83' lang='lat' dir='ltr'><strong>longiorem</strong></span> <span class='ocrx_word' id='word_1_252' title='bbox 2144 924 2367 981; x_wconf 87' lang='lat' dir='ltr'><strong>omnino</strong></span> <span class='ocrx_word' id='word_1_253' title='bbox 2400 926 2548 994; x_wconf 85' lang='lat' dir='ltr'><strong>facit,</strong></span> <span class='ocrx_word' id='word_1_254' title='bbox 2578 931 2653 987; x_wconf 90' lang='lat' dir='ltr'><strong>ita</strong></span> <span class='ocrx_word' id='word_1_255' title='bbox 2687 943 2744 988; x_wconf 91' lang='lat' dir='ltr'><strong>ut</strong></span> <span class='ocrx_word' id='word_1_256' title='bbox 2769 949 2863 991; x_wconf 84' lang='lat' dir='ltr'><strong>aer</strong></span> <span class='ocrx_word' id='word_1_257' title='bbox 2886 940 3034 995; x_wconf 87' lang='lat' dir='ltr'><strong>circa</strong></span> <span class='ocrx_word' id='word_1_258' title='bbox 3055 949 3260 999; x_wconf 87' lang='lat' dir='ltr'><strong>terram</strong></span> <span class='ocrx_word' id='word_1_259' title='bbox 3289 945 3387 1002; x_wconf 80' lang='lat' dir='ltr'><strong>fri-</strong></span> 
     </span>
    </p>
   </div>
   <div class='ocr_carea' id='block_1_38' title="bbox 1821 1019 3387 1108">
    <p class='ocr_par' dir='ltr' id='par_1_38' title="bbox 1821 1019 3387 1108">
     <span class='ocr_line' id='line_1_38' title="bbox 1821 1019 3387 1108; baseline 0.022 -48"><span class='ocrx_word' id='word_1_260' title='bbox 1821 1019 2024 1077; x_wconf 79' lang='lat' dir='ltr'><strong>gescat,</strong></span> <span class='ocrx_word' id='word_1_261' title='bbox 2054 1027 2389 1087; x_wconf 83' lang='lat' dir='ltr'><strong>vaporesque</strong></span> <span class='ocrx_word' id='word_1_262' title='bbox 2413 1019 2619 1076; x_wconf 89' lang='lat' dir='ltr'><strong>humidi</strong></span> <span class='ocrx_word' id='word_1_263' title='bbox 2651 1027 2890 1093; x_wconf 83' lang='lat' dir='ltr'><strong>excitati,</strong></span> <span class='ocrx_word' id='word_1_264' title='bbox 2927 1033 3162 1102; x_wconf 87' lang='lat' dir='ltr'><strong>pluvias,</strong></span> <span class='ocrx_word' id='word_1_265' title='bbox 3186 1038 3387 1108; x_wconf 76' lang='lat' dir='ltr'><strong>glacies</strong></span> 
     </span>
    </p>
   </div>
   <div class='ocr_carea' id='block_1_39' title="bbox 1820 1098 3386 1186">
    <p class='ocr_par' dir='ltr' id='par_1_39' title="bbox 1820 1098 3386 1186">
     <span class='ocr_line' id='line_1_39' title="bbox 1820 1098 3386 1186; baseline 0.02 -32"><span class='ocrx_word' id='word_1_266' title='bbox 1820 1098 2081 1170; x_wconf 84' lang='lat' dir='ltr'><strong>nivesque</strong></span> <span class='ocrx_word' id='word_1_267' title='bbox 2133 1105 2454 1173; x_wconf 83' lang='lat' dir='ltr'><strong>producant.</strong></span> <span class='ocrx_word' id='word_1_268' title='bbox 2507 1109 2611 1168; x_wconf 91' lang='lat' dir='ltr'><strong>Sed</strong></span> <span class='ocrx_word' id='word_1_269' title='bbox 2654 1116 2746 1171; x_wconf 83' lang='lat' dir='ltr'><strong>ubi</strong></span> <span class='ocrx_word' id='word_1_270' title='bbox 2783 1098 3001 1177; x_wconf 79' lang='lat' dir='ltr'><strong>rursum</strong></span> <span class='ocrx_word' id='word_1_271' title='bbox 3027 1139 3057 1180; x_wconf 90' lang='lat' dir='ltr'><strong>a</strong></span> <span class='ocrx_word' id='word_1_272' title='bbox 3084 1098 3386 1186; x_wconf 61' lang='lat' dir='ltr'><strong>meridiana</strong></span> 
     </span>
    </p>
   </div>
   <div class='ocr_carea' id='block_1_40' title="bbox 1818 1190 3386 1288">
    <p class='ocr_par' dir='ltr' id='par_1_40' title="bbox 1818 1190 3386 1288">
     <span class='ocr_line' id='line_1_40' title="bbox 1818 1190 3386 1288; baseline 0.023 -47"><span class='ocrx_word' id='word_1_273' title='bbox 1818 1190 1975 1260; x_wconf 78' lang='lat' dir='ltr'><strong>plaga</strong></span> <span class='ocrx_word' id='word_1_274' title='bbox 2005 1194 2349 1264; x_wconf 79' lang='lat' dir='ltr'><strong>remigrando</strong></span> <span class='ocrx_word' id='word_1_275' title='bbox 2385 1202 2620 1258; x_wconf 91' lang='lat' dir='ltr'><strong>medium</strong></span> <span class='ocrx_word' id='word_1_276' title='bbox 2663 1208 2785 1264; x_wconf 62' lang='lat' dir='ltr'><strong>caeli</strong></span> <span class='ocrx_word' id='word_1_277' title='bbox 2814 1222 3094 1282; x_wconf 82' lang='lat' dir='ltr'><strong>permeat,</strong></span> <span class='ocrx_word' id='word_1_278' title='bbox 3140 1220 3386 1288; x_wconf 65' lang='lat' dir='ltr'><strong>aequino-</strong></span> 
     </span>
    </p>
   </div>
   <div class='ocr_carea' id='block_1_41' title="bbox 1817 1280 3385 1375">
    <p class='ocr_par' dir='ltr' id='par_1_41' title="bbox 1817 1280 3385 1375">
     <span class='ocr_line' id='line_1_41' title="bbox 1817 1280 3385 1375; baseline 0.02 -44"><span class='ocrx_word' id='word_1_279' title='bbox 1817 1281 1984 1333; x_wconf 89' lang='lat' dir='ltr'><strong>ctium</strong></span> <span class='ocrx_word' id='word_1_280' title='bbox 2009 1280 2085 1344; x_wconf 82' lang='lat' dir='ltr'><strong>tit,</strong></span> <span class='ocrx_word' id='word_1_281' title='bbox 2112 1280 2436 1358; x_wconf 78' lang='lat' dir='ltr'><strong>frigorisque</strong></span> <span class='ocrx_word' id='word_1_282' title='bbox 2475 1299 2530 1346; x_wconf 91' lang='lat' dir='ltr'><strong>et</strong></span> <span class='ocrx_word' id='word_1_283' title='bbox 2564 1294 2764 1352; x_wconf 88' lang='lat' dir='ltr'><strong>caloris</strong></span> <span class='ocrx_word' id='word_1_284' title='bbox 2809 1301 3029 1356; x_wconf 92' lang='lat' dir='ltr'><strong>modum</strong></span> <span class='ocrx_word' id='word_1_285' title='bbox 3078 1280 3385 1375; x_wconf 76' lang='lat' dir='ltr'><strong>temperant</strong></span> 
     </span>
    </p>
   </div>
   <div class='ocr_carea' id='block_1_42' title="bbox 1815 1370 3386 1455">
    <p class='ocr_par' dir='ltr' id='par_1_42' title="bbox 1815 1370 3386 1455">
     <span class='ocr_line' id='line_1_42' title="bbox 1815 1370 3386 1455; baseline 0.02 -32"><span class='ocrx_word' id='word_1_286' title='bbox 1815 1370 2015 1426; x_wconf 89' lang='lat' dir='ltr'><strong>modici</strong></span> <span class='ocrx_word' id='word_1_287' title='bbox 2044 1373 2189 1432; x_wconf 89' lang='lat' dir='ltr'><strong>illius</strong></span> <span class='ocrx_word' id='word_1_288' title='bbox 2216 1391 2472 1436; x_wconf 88' lang='lat' dir='ltr'><strong>accessus</strong></span> <span class='ocrx_word' id='word_1_289' title='bbox 2496 1384 2580 1438; x_wconf 82' lang='lat' dir='ltr'><strong>vel</strong></span> <span class='ocrx_word' id='word_1_290' title='bbox 2636 1385 2924 1455; x_wconf 79' lang='lat' dir='ltr'><strong>recessus;</strong></span> <span class='ocrx_word' id='word_1_291' title='bbox 2966 1391 3093 1448; x_wconf 88' lang='lat' dir='ltr'><strong>hinc</strong></span> <span class='ocrx_word' id='word_1_292' title='bbox 3133 1410 3228 1450; x_wconf 86' lang='lat' dir='ltr'><strong>ver</strong></span> <span class='ocrx_word' id='word_1_293' title='bbox 3259 1411 3386 1455; x_wconf 82' lang='lat' dir='ltr'><strong>esse</strong></span> 
     </span>
    </p>
   </div>
   <div class='ocr_carea' id='block_1_43' title="bbox 1815 1465 3382 1555">
    <p class='ocr_par' dir='ltr' id='par_1_43' title="bbox 1815 1465 3382 1555">
     <span class='ocr_line' id='line_1_43' title="bbox 1815 1465 3382 1555; baseline 0.017 -35"><span class='ocrx_word' id='word_1_294' title='bbox 1815 1465 2028 1538; x_wconf 87' lang='lat' dir='ltr'><strong>incipit,</strong></span> <span class='ocrx_word' id='word_1_295' title='bbox 2080 1485 2189 1540; x_wconf 92' lang='lat' dir='ltr'><strong>quo</strong></span> <span class='ocrx_word' id='word_1_296' title='bbox 2241 1472 2420 1530; x_wconf 62' lang='lat' dir='ltr'><strong>herbe</strong></span> <span class='ocrx_word' id='word_1_297' title='bbox 2467 1478 2775 1546; x_wconf 78' lang='lat' dir='ltr'><strong>germinant</strong></span> <span class='ocrx_word' id='word_1_298' title='bbox 2813 1484 3147 1555; x_wconf 83' lang='lat' dir='ltr'><strong>arboresque</strong></span> <span class='ocrx_word' id='word_1_299' title='bbox 3178 1489 3382 1545; x_wconf 88' lang='lat' dir='ltr'><strong>revivi-</strong></span> 
     </span>
    </p>
   </div>
   <div class='ocr_carea' id='block_1_44' title="bbox 1815 1558 3380 1639">
    <p class='ocr_par' dir='ltr' id='par_1_44' title="bbox 1815 1558 3380 1639">
     <span class='ocr_line' id='line_1_44' title="bbox 1815 1558 3380 1639; baseline 0.016 -27"><span class='ocrx_word' id='word_1_300' title='bbox 1815 1567 1994 1639; x_wconf 85' lang='lat' dir='ltr'><strong>scunt.</strong></span> <span class='ocrx_word' id='word_1_301' title='bbox 2037 1558 2167 1616; x_wconf 92' lang='lat' dir='ltr'><strong>lnde</strong></span> <span class='ocrx_word' id='word_1_302' title='bbox 2193 1561 2303 1631; x_wconf 85' lang='lat' dir='ltr'><strong>jam</strong></span> <span class='ocrx_word' id='word_1_303' title='bbox 2344 1566 2551 1621; x_wconf 82' lang='lat' dir='ltr'><strong>aestivis</strong></span> <span class='ocrx_word' id='word_1_304' title='bbox 2581 1570 2920 1639; x_wconf 87' lang='lat' dir='ltr'><strong>temporibus</strong></span> <span class='ocrx_word' id='word_1_305' title='bbox 2961 1573 3274 1635; x_wconf 88' lang='lat' dir='ltr'><strong>ineuntibus</strong></span> <span class='ocrx_word' id='word_1_306' title='bbox 3312 1580 3380 1637; x_wconf 89' lang='lat' dir='ltr'><strong>ad</strong></span> 
     </span>
    </p>
   </div>
   <div class='ocr_carea' id='block_1_45' title="bbox 1813 1638 3374 1738">
    <p class='ocr_par' dir='ltr' id='par_1_45' title="bbox 1813 1638 3374 1738">
     <span class='ocr_line' id='line_1_45' title="bbox 1813 1638 3374 1738; baseline 0.016 -35"><span class='ocrx_word' id='word_1_307' title='bbox 1813 1638 1985 1720; x_wconf 86' lang='lat' dir='ltr'><strong>ipsam</strong></span> <span class='ocrx_word' id='word_1_308' title='bbox 2011 1651 2206 1709; x_wconf 88' lang='lat' dir='ltr'><strong>Ursam</strong></span> <span class='ocrx_word' id='word_1_309' title='bbox 2241 1657 2321 1711; x_wconf 94' lang='lat' dir='ltr'><strong>sol</strong></span> <span class='ocrx_word' id='word_1_310' title='bbox 2341 1672 2573 1714; x_wconf 90' lang='lat' dir='ltr'><strong>cursans</strong></span> <span class='ocrx_word' id='word_1_311' title='bbox 2606 1676 2828 1730; x_wconf 82' lang='lat' dir='ltr'><strong>magnos</strong></span> <span class='ocrx_word' id='word_1_312' title='bbox 2866 1664 3022 1720; x_wconf 91' lang='lat' dir='ltr'><strong>nobis</strong></span> <span class='ocrx_word' id='word_1_313' title='bbox 3048 1667 3211 1725; x_wconf 77' lang='lat' dir='ltr'><strong>eilicit</strong></span> <span class='ocrx_word' id='word_1_314' title='bbox 3233 1670 3374 1738; x_wconf 89' lang='lat' dir='ltr'><strong>dies,</strong></span> 
     </span>
    </p>
   </div>
   <div class='ocr_carea' id='block_1_46' title="bbox 1811 1745 3378 1828">
    <p class='ocr_par' dir='ltr' id='par_1_46' title="bbox 1811 1745 3378 1828">
     <span class='ocr_line' id='line_1_46' title="bbox 1811 1745 3378 1828; baseline 0.014 -31"><span class='ocrx_word' id='word_1_315' title='bbox 1811 1751 1864 1797; x_wconf 93' lang='lat' dir='ltr'><strong>et</strong></span> <span class='ocrx_word' id='word_1_316' title='bbox 1887 1759 2010 1799; x_wconf 92' lang='lat' dir='ltr'><strong>cum</strong></span> <span class='ocrx_word' id='word_1_317' title='bbox 2039 1745 2247 1804; x_wconf 86' lang='lat' dir='ltr'><strong>diutius</strong></span> <span class='ocrx_word' id='word_1_318' title='bbox 2300 1749 2357 1802; x_wconf 91' lang='lat' dir='ltr'><strong>in</strong></span> <span class='ocrx_word' id='word_1_319' title='bbox 2389 1765 2514 1806; x_wconf 89' lang='lat' dir='ltr'><strong>aere</strong></span> <span class='ocrx_word' id='word_1_320' title='bbox 2561 1761 2831 1819; x_wconf 82' lang='lat' dir='ltr'><strong>versetur,</strong></span> <span class='ocrx_word' id='word_1_321' title='bbox 2884 1759 3064 1828; x_wconf 87' lang='lat' dir='ltr'><strong>ipsum</strong></span> <span class='ocrx_word' id='word_1_322' title='bbox 3097 1767 3291 1827; x_wconf 89' lang='lat' dir='ltr'><strong>torret,</strong></span> <span class='ocrx_word' id='word_1_323' title='bbox 3323 1770 3378 1819; x_wconf 91' lang='lat' dir='ltr'><strong>et</strong></span> 
     </span>
    </p>
   </div>
   <div class='ocr_carea' id='block_1_47' title="bbox 1813 1838 3377 1911">
    <p class='ocr_par' dir='ltr' id='par_1_47' title="bbox 1813 1838 3377 1911">
     <span class='ocr_line' id='line_1_47' title="bbox 1813 1838 3377 1911; baseline 0.017 -25"><span class='ocrx_word' id='word_1_324' title='bbox 1813 1842 1956 1889; x_wconf 87' lang='lat' dir='ltr'><strong>terra</strong></span> <span class='ocrx_word' id='word_1_325' title='bbox 2004 1838 2260 1895; x_wconf 87' lang='lat' dir='ltr'><strong>universa</strong></span> <span class='ocrx_word' id='word_1_326' title='bbox 2312 1842 2611 1908; x_wconf 80' lang='lat' dir='ltr'><strong>exsiccata,</strong></span> <span class='ocrx_word' id='word_1_327' title='bbox 2671 1845 2883 1905; x_wconf 88' lang='lat' dir='ltr'><strong>fructus</strong></span> <span class='ocrx_word' id='word_1_328' title='bbox 2912 1861 3157 1907; x_wconf 89' lang='lat' dir='ltr'><strong>maturos</strong></span> <span class='ocrx_word' id='word_1_329' title='bbox 3197 1853 3377 1911; x_wconf 89' lang='lat' dir='ltr'><strong>reddit</strong></span> 
     </span>
    </p>
   </div>
   <div class='ocr_carea' id='block_1_48' title="bbox 1813 1931 3374 2010">
    <p class='ocr_par' dir='ltr' id='par_1_48' title="bbox 1813 1931 3374 2010">
     <span class='ocr_line' id='line_1_48' title="bbox 1813 1931 3374 2010; baseline 0.014 -31"><span class='ocrx_word' id='word_1_330' title='bbox 1813 1940 2027 1983; x_wconf 88' lang='lat' dir='ltr'><strong>summo</strong></span> <span class='ocrx_word' id='word_1_331' title='bbox 2083 1931 2305 2001; x_wconf 90' lang='lat' dir='ltr'><strong>calore;</strong></span> <span class='ocrx_word' id='word_1_332' title='bbox 2339 1935 2653 2006; x_wconf 60' lang='lat' dir='ltr'><strong>umbraque</strong></span> <span class='ocrx_word' id='word_1_333' title='bbox 2703 1947 2873 1995; x_wconf 74' lang='lat' dir='ltr'><strong>curta:</strong></span> <span class='ocrx_word' id='word_1_334' title='bbox 2907 1940 3208 2010; x_wconf 73' lang='lat' dir='ltr'><strong>iaciuntur,</strong></span> <span class='ocrx_word' id='word_1_335' title='bbox 3247 1960 3374 2000; x_wconf 91' lang='lat' dir='ltr'><strong>cum</strong></span> 
     </span>
    </p>
   </div>
   <div class='ocr_carea' id='block_1_49' title="bbox 1809 2017 3370 2102">
    <p class='ocr_par' dir='ltr' id='par_1_49' title="bbox 1809 2017 3370 2102">
     <span class='ocr_line' id='line_1_49' title="bbox 1809 2017 3370 2102; baseline 0.016 -32"><span class='ocrx_word' id='word_1_336' title='bbox 1809 2017 1891 2071; x_wconf 92' lang='lat' dir='ltr'><strong>sol</strong></span> <span class='ocrx_word' id='word_1_337' title='bbox 1920 2018 1998 2072; x_wconf 84' lang='lat' dir='ltr'><strong>illi</strong></span> <span class='ocrx_word' id='word_1_338' title='bbox 2021 2019 2140 2075; x_wconf 90' lang='lat' dir='ltr'><strong>loco</strong></span> <span class='ocrx_word' id='word_1_339' title='bbox 2182 2027 2614 2093; x_wconf 84' lang='lat' dir='ltr'><strong>supraverticem</strong></span> <span class='ocrx_word' id='word_1_340' title='bbox 2651 2029 2722 2084; x_wconf 88' lang='lat' dir='ltr'><strong>sit</strong></span> <span class='ocrx_word' id='word_1_341' title='bbox 2749 2030 3045 2102; x_wconf 89' lang='lat' dir='ltr'><strong>lumenque</strong></span> <span class='ocrx_word' id='word_1_342' title='bbox 3097 2035 3370 2095; x_wconf 86' lang='lat' dir='ltr'><strong>demittat.</strong></span> 
     </span>
    </p>
   </div>
   <div class='ocr_carea' id='block_1_50' title="bbox 1806 2106 3375 2195">
    <p class='ocr_par' dir='ltr' id='par_1_50' title="bbox 1806 2106 3375 2195">
     <span class='ocr_line' id='line_1_50' title="bbox 1806 2106 3375 2195; baseline 0.014 -33"><span class='ocrx_word' id='word_1_343' title='bbox 1806 2106 1866 2162; x_wconf 91' lang='lat' dir='ltr'><strong>ln</strong></span> <span class='ocrx_word' id='word_1_344' title='bbox 1895 2109 2231 2168; x_wconf 85' lang='lat' dir='ltr'><strong>brevissimis</strong></span> <span class='ocrx_word' id='word_1_345' title='bbox 2262 2116 2407 2170; x_wconf 90' lang='lat' dir='ltr'><strong>enim</strong></span> <span class='ocrx_word' id='word_1_346' title='bbox 2441 2117 2632 2175; x_wconf 81' lang='lat' dir='ltr'><strong>diebus</strong></span> <span class='ocrx_word' id='word_1_347' title='bbox 2671 2121 2878 2176; x_wconf 62' lang='lat' dir='ltr'><strong>umbrae</strong></span> <span class='ocrx_word' id='word_1_348' title='bbox 2911 2123 3242 2195; x_wconf 65' lang='lat' dir='ltr'><strong>longissima:</strong></span> <span class='ocrx_word' id='word_1_349' title='bbox 3279 2144 3375 2184; x_wconf 81' lang='lat' dir='ltr'><strong>ca-</strong></span> 
     </span>
    </p>
   </div>
   <div class='ocr_carea' id='block_1_51' title="bbox 1805 2199 3370 2288">
    <p class='ocr_par' dir='ltr' id='par_1_51' title="bbox 1805 2199 3370 2288">
     <span class='ocr_line' id='line_1_51' title="bbox 1805 2199 3370 2288; baseline 0.013 -34"><span class='ocrx_word' id='word_1_350' title='bbox 1805 2199 1959 2254; x_wconf 89' lang='lat' dir='ltr'><strong>dunt.</strong></span> <span class='ocrx_word' id='word_1_351' title='bbox 1996 2201 2193 2258; x_wconf 88' lang='lat' dir='ltr'><strong>lterum</strong></span> <span class='ocrx_word' id='word_1_352' title='bbox 2219 2221 2248 2259; x_wconf 90' lang='lat' dir='ltr'><strong>a</strong></span> <span class='ocrx_word' id='word_1_353' title='bbox 2281 2207 2599 2266; x_wconf 87' lang='lat' dir='ltr'><strong>meridianis</strong></span> <span class='ocrx_word' id='word_1_354' title='bbox 2660 2211 2717 2272; x_wconf 82' lang='lat' dir='ltr'><strong>in</strong></span> <span class='ocrx_word' id='word_1_355' title='bbox 2771 2216 3041 2271; x_wconf 89' lang='lat' dir='ltr'><strong>australes</strong></span> <span class='ocrx_word' id='word_1_356' title='bbox 3071 2227 3254 2288; x_wconf 89' lang='lat' dir='ltr'><strong>partes</strong></span> <span class='ocrx_word' id='word_1_357' title='bbox 3278 2221 3370 2274; x_wconf 91' lang='lat' dir='ltr'><strong>illo</strong></span> 
     </span>
    </p>
   </div>
   <div class='ocr_carea' id='block_1_52' title="bbox 1806 2302 3366 2373">
    <p class='ocr_par' dir='ltr' id='par_1_52' title="bbox 1806 2302 3366 2373">
     <span class='ocr_line' id='line_1_52' title="bbox 1806 2302 3366 2373; baseline 0.013 -28"><span class='ocrx_word' id='word_1_358' title='bbox 1806 2302 2106 2362; x_wconf 85' lang='lat' dir='ltr'><strong>remeante,</strong></span> <span class='ocrx_word' id='word_1_359' title='bbox 2133 2304 2427 2356; x_wconf 88' lang='lat' dir='ltr'><strong>autumnus</strong></span> <span class='ocrx_word' id='word_1_360' title='bbox 2443 2302 2700 2373; x_wconf 78' lang='lat' dir='ltr'><strong>gignitur,</strong></span> <span class='ocrx_word' id='word_1_361' title='bbox 2733 2306 2905 2367; x_wconf 82' lang='lat' dir='ltr'><strong>multo</strong></span> <span class='ocrx_word' id='word_1_362' title='bbox 2952 2307 3134 2364; x_wconf 87' lang='lat' dir='ltr'><strong>calore</strong></span> <span class='ocrx_word' id='word_1_363' title='bbox 3155 2311 3366 2366; x_wconf 82' lang='lat' dir='ltr'><strong>sensim</strong></span> 
     </span>
    </p>
   </div>
   <div class='ocr_carea' id='block_1_53' title="bbox 1804 2389 3365 2463">
    <p class='ocr_par' dir='ltr' id='par_1_53' title="bbox 1804 2389 3365 2463">
     <span class='ocr_line' id='line_1_53' title="bbox 1804 2389 3365 2463; baseline 0.015 -27"><span class='ocrx_word' id='word_1_364' title='bbox 1804 2394 2180 2453; x_wconf 83' lang='lat' dir='ltr'><strong>evanescente,</strong></span> <span class='ocrx_word' id='word_1_365' title='bbox 2200 2389 2484 2463; x_wconf 87' lang='lat' dir='ltr'><strong>hiemeque</strong></span> <span class='ocrx_word' id='word_1_366' title='bbox 2513 2395 2633 2450; x_wconf 82' lang='lat' dir='ltr'><strong>sine</strong></span> <span class='ocrx_word' id='word_1_367' title='bbox 2689 2395 2800 2452; x_wconf 90' lang='lat' dir='ltr'><strong>ullo</strong></span> <span class='ocrx_word' id='word_1_368' title='bbox 2835 2398 3181 2457; x_wconf 90' lang='lat' dir='ltr'><strong>incommodo</strong></span> <span class='ocrx_word' id='word_1_369' title='bbox 3206 2416 3365 2459; x_wconf 89' lang='lat' dir='ltr'><strong>acce—</strong></span> 
     </span>
    </p>
   </div>
   <div class='ocr_carea' id='block_1_54' title="bbox 1801 2472 2074 2531">
    <p class='ocr_par' dir='ltr' id='par_1_54' title="bbox 1801 2472 2074 2531">
     <span class='ocr_line' id='line_1_54' title="bbox 1801 2472 2074 2531; baseline 0.029 -7"><span class='ocrx_word' id='word_1_370' title='bbox 1801 2472 1980 2531; x_wconf 90' lang='lat' dir='ltr'><strong>dente.</strong></span> <span class='ocrx_word' id='word_1_371' title='bbox 2055 2502 2074 2518; x_wconf 73' lang='grc' dir='ltr'>ι»</span> 
     </span>
    </p>
   </div>
   <div class='ocr_carea' id='block_1_55' title="bbox 1869 2734 3362 2813">
    <p class='ocr_par' dir='ltr' id='par_1_55' title="bbox 1869 2734 3362 2813">
     <span class='ocr_line' id='line_1_55' title="bbox 1869 2734 3362 2813; baseline 0.017 -25"><span class='ocrx_word' id='word_1_372' title='bbox 1869 2734 1960 2790; x_wconf 90' lang='lat' dir='ltr'><strong>Sol</strong></span> <span class='ocrx_word' id='word_1_373' title='bbox 1982 2737 2087 2792; x_wconf 87' lang='lat' dir='ltr'><strong>diei</strong></span> <span class='ocrx_word' id='word_1_374' title='bbox 2119 2756 2284 2796; x_wconf 85' lang='lat' dir='ltr'><strong>causa</strong></span> <span class='ocrx_word' id='word_1_375' title='bbox 2317 2759 2585 2813; x_wconf 87' lang='lat' dir='ltr'><strong>nusquam</strong></span> <span class='ocrx_word' id='word_1_376' title='bbox 2618 2754 2720 2811; x_wconf 89' lang='lat' dir='ltr'><strong>est,</strong></span> <span class='ocrx_word' id='word_1_377' title='bbox 2757 2764 2914 2805; x_wconf 92' lang='lat' dir='ltr'><strong>nemo</strong></span> <span class='ocrx_word' id='word_1_378' title='bbox 2964 2752 3016 2806; x_wconf 91' lang='lat' dir='ltr'><strong>id</strong></span> <span class='ocrx_word' id='word_1_379' title='bbox 3047 2753 3120 2807; x_wconf 91' lang='lat' dir='ltr'><strong>ita</strong></span> <span class='ocrx_word' id='word_1_380' title='bbox 3161 2769 3220 2810; x_wconf 82' lang='lat' dir='ltr'><strong>se</strong></span> <span class='ocrx_word' id='word_1_381' title='bbox 3263 2757 3362 2812; x_wconf 79' lang='lat' dir='ltr'><strong>ha-</strong></span> 
     </span>
    </p>
   </div>
   <div class='ocr_carea' id='block_1_56' title="bbox 1800 2824 3357 2917">
    <p class='ocr_par' dir='ltr' id='par_1_56' title="bbox 1800 2824 3357 2917">
     <span class='ocr_line' id='line_1_56' title="bbox 1800 2824 3357 2917; baseline 0.017 -38"><span class='ocrx_word' id='word_1_382' title='bbox 1800 2824 1928 2882; x_wconf 81' lang='lat' dir='ltr'><strong>bere</strong></span> <span class='ocrx_word' id='word_1_383' title='bbox 1956 2830 2237 2898; x_wconf 87' lang='lat' dir='ltr'><strong>opinetur;</strong></span> <span class='ocrx_word' id='word_1_384' title='bbox 2271 2834 2414 2888; x_wconf 87' lang='lat' dir='ltr'><strong>hunc</strong></span> <span class='ocrx_word' id='word_1_385' title='bbox 2457 2839 2654 2891; x_wconf 81' lang='lat' dir='ltr'><strong>ctenim</strong></span> <span class='ocrx_word' id='word_1_386' title='bbox 2685 2839 2803 2894; x_wconf 89' lang='lat' dir='ltr'><strong>dies</strong></span> <span class='ocrx_word' id='word_1_387' title='bbox 2829 2834 3106 2910; x_wconf 57' lang='lat' dir='ltr'><strong>praecedit,</strong></span> <span class='ocrx_word' id='word_1_388' title='bbox 3139 2855 3192 2900; x_wconf 89' lang='lat' dir='ltr'><strong>et</strong></span> <span class='ocrx_word' id='word_1_389' title='bbox 3216 2864 3357 2917; x_wconf 87' lang='lat' dir='ltr'><strong>nox;</strong></span> 
     </span>
    </p>
   </div>
   <div class='ocr_carea' id='block_1_57' title="bbox 1799 2917 3357 3007">
    <p class='ocr_par' dir='ltr' id='par_1_57' title="bbox 1799 2917 3357 3007">
     <span class='ocr_line' id='line_1_57' title="bbox 1799 2917 3357 3007; baseline 0.015 -36"><span class='ocrx_word' id='word_1_390' title='bbox 1799 2917 1895 2971; x_wconf 91' lang='lat' dir='ltr'><strong>sed</strong></span> <span class='ocrx_word' id='word_1_391' title='bbox 1929 2928 2013 2973; x_wconf 93' lang='lat' dir='ltr'><strong>est</strong></span> <span class='ocrx_word' id='word_1_392' title='bbox 2039 2920 2149 2974; x_wconf 82' lang='lat' dir='ltr'><strong>dux</strong></span> <span class='ocrx_word' id='word_1_393' title='bbox 2175 2930 2228 2975; x_wconf 91' lang='lat' dir='ltr'><strong>et</strong></span> <span class='ocrx_word' id='word_1_394' title='bbox 2257 2927 2505 2995; x_wconf 86' lang='lat' dir='ltr'><strong>princeps</strong></span> <span class='ocrx_word' id='word_1_395' title='bbox 2541 2935 2592 2981; x_wconf 82' lang='lat' dir='ltr'><strong>et</strong></span> <span class='ocrx_word' id='word_1_396' title='bbox 2620 2930 2931 2986; x_wconf 88' lang='lat' dir='ltr'><strong>moderator</strong></span> <span class='ocrx_word' id='word_1_397' title='bbox 2961 2931 3129 2999; x_wconf 90' lang='lat' dir='ltr'><strong>illius,</strong></span> <span class='ocrx_word' id='word_1_398' title='bbox 3165 2953 3357 3007; x_wconf 88' lang='lat' dir='ltr'><strong>quem-</strong></span> 
     </span>
    </p>
   </div>
   <div class='ocr_carea' id='block_1_58' title="bbox 1797 3009 3358 3085">
    <p class='ocr_par' dir='ltr' id='par_1_58' title="bbox 1797 3009 3358 3085">
     <span class='ocr_line' id='line_1_58' title="bbox 1797 3009 3358 3085; baseline 0.016 -25"><span class='ocrx_word' id='word_1_399' title='bbox 1797 3009 2087 3082; x_wconf 71' lang='lat' dir='ltr'><strong>admodum</strong></span> <span class='ocrx_word' id='word_1_400' title='bbox 2118 3021 2171 3066; x_wconf 90' lang='lat' dir='ltr'><strong>et</strong></span> <span class='ocrx_word' id='word_1_401' title='bbox 2192 3012 2512 3070; x_wconf 85' lang='lat' dir='ltr'><strong>Psalmodus</strong></span> <span class='ocrx_word' id='word_1_402' title='bbox 2565 3020 2723 3075; x_wconf 86' lang='lat' dir='ltr'><strong>nobis</strong></span> <span class='ocrx_word' id='word_1_403' title='bbox 2764 3023 3026 3080; x_wconf 86' lang='lat' dir='ltr'><strong>insinuat.</strong></span> <span class='ocrx_word' id='word_1_404' title='bbox 3063 3027 3249 3082; x_wconf 79' lang='lat' dir='ltr'><strong>Posuit</strong></span> <span class='ocrx_word' id='word_1_405' title='bbox 3274 3031 3358 3085; x_wconf 91' lang='lat' dir='ltr'><strong>di-</strong></span> 
     </span>
    </p>
   </div>
   <div class='ocr_carea' id='block_1_59' title="bbox 1793 3103 3358 3177">
    <p class='ocr_par' dir='ltr' id='par_1_59' title="bbox 1793 3103 3358 3177">
     <span class='ocr_line' id='line_1_59' title="bbox 1793 3103 3358 3177; baseline 0.015 -25"><span class='ocrx_word' id='word_1_406' title='bbox 1793 3114 1923 3154; x_wconf 90' lang='lat' dir='ltr'><strong>cens</strong></span> <span class='ocrx_word' id='word_1_407' title='bbox 1953 3103 2116 3156; x_wconf 81' lang='lat' dir='ltr'><strong>solem</strong></span> <span class='ocrx_word' id='word_1_408' title='bbox 2169 3106 2223 3158; x_wconf 84' lang='lat' dir='ltr'><strong>in</strong></span> <span class='ocrx_word' id='word_1_409' title='bbox 2251 3105 2537 3161; x_wconf 83' lang='lat' dir='ltr'><strong>dominium</strong></span> <span class='ocrx_word' id='word_1_410' title='bbox 2579 3111 2704 3177; x_wconf 84' lang='lat' dir='ltr'><strong>diei,</strong></span> <span class='ocrx_word' id='word_1_411' title='bbox 2741 3113 2919 3168; x_wconf 85' lang='lat' dir='ltr'><strong>lunam</strong></span> <span class='ocrx_word' id='word_1_412' title='bbox 2973 3126 3022 3172; x_wconf 87' lang='lat' dir='ltr'><strong>et</strong></span> <span class='ocrx_word' id='word_1_413' title='bbox 3068 3121 3250 3176; x_wconf 75' lang='lat' dir='ltr'><strong>stellas</strong></span> <span class='ocrx_word' id='word_1_414' title='bbox 3301 3123 3358 3176; x_wconf 81' lang='lat' dir='ltr'><strong>iu</strong></span> 
     </span>
    </p>
   </div>
   <div class='ocr_carea' id='block_1_60' title="bbox 118 3181 1691 3292">
    <p class='ocr_par' dir='ltr' id='par_1_60' title="bbox 118 3181 1688 3270">
     <span class='ocr_line' id='line_1_60' title="bbox 118 3181 1688 3270; baseline 0.012 -33"><span class='ocrx_word' id='word_1_415' title='bbox 118 3181 380 3251; x_wconf 79' lang='grc' dir='ltr'>ἀστέρας</span> <span class='ocrx_word' id='word_1_416' title='bbox 410 3189 497 3253; x_wconf 80' lang='grc' dir='ltr'>εὶς</span> <span class='ocrx_word' id='word_1_417' title='bbox 519 3187 808 3251; x_wconf 75' lang='grc' dir='ltr'>ἐξουσίαν</span> <span class='ocrx_word' id='word_1_418' title='bbox 836 3193 946 3261; x_wconf 84' lang='grc' dir='ltr'>τῆς</span> <span class='ocrx_word' id='word_1_419' title='bbox 975 3201 1212 3264; x_wconf 74' lang='grc' dir='ltr'>νυκτός.</span> <span class='ocrx_word' id='word_1_420' title='bbox 1252 3201 1402 3270; x_wconf 86' lang='grc' dir='ltr'>Ἔχει</span> <span class='ocrx_word' id='word_1_421' title='bbox 1442 3202 1498 3253; x_wconf 83' lang='grc' dir='ltr'>δὲ</span> <span class='ocrx_word' id='word_1_422' title='bbox 1538 3198 1688 3266; x_wconf 76' lang='grc' dir='ltr'>οὗτος</span> 
     </span>
    </p>
   </div>
   <div class='ocr_carea' id='block_1_61' title="bbox 1792 3181 3356 3292">
    <p class='ocr_par' dir='ltr' id='par_1_61' title="bbox 1792 3191 3356 3282">
     <span class='ocr_line' id='line_1_61' title="bbox 1792 3191 3356 3282; baseline 0.015 -39"><span class='ocrx_word' id='word_1_423' title='bbox 1792 3191 2081 3248; x_wconf 84' lang='lat' dir='ltr'><strong>dominium</strong></span> <span class='ocrx_word' id='word_1_424' title='bbox 2108 3199 2295 3252; x_wconf 78' lang='lat' dir='ltr'><strong>noctis.</strong></span> <span class='ocrx_word' id='word_1_425' title='bbox 2325 3197 2474 3255; x_wconf 87' lang='lat' dir='ltr'><strong>Illius</strong></span> <span class='ocrx_word' id='word_1_426' title='bbox 2497 3209 2674 3258; x_wconf 86' lang='lat' dir='ltr'><strong>autem</strong></span> <span class='ocrx_word' id='word_1_427' title='bbox 2730 3205 2936 3263; x_wconf 84' lang='lat' dir='ltr'><strong>obtinet</strong></span> <span class='ocrx_word' id='word_1_428' title='bbox 2966 3210 3356 3282; x_wconf 88' lang='lat' dir='ltr'><strong>principatum,</strong></span> 
     </span>
    </p>
   </div>
   <div class='ocr_carea' id='block_1_62' title="bbox 116 3275 1691 3365">
    <p class='ocr_par' dir='ltr' id='par_1_62' title="bbox 116 3275 1682 3362">
     <span class='ocr_line' id='line_1_62' title="bbox 116 3275 1682 3362; baseline 0.013 -34"><span class='ocrx_word' id='word_1_429' title='bbox 116 3275 218 3346; x_wconf 81' lang='grc' dir='ltr'>τὴν</span> <span class='ocrx_word' id='word_1_430' title='bbox 267 3276 512 3341; x_wconf 74' lang='grc' dir='ltr'>ἐξουσίαν</span> <span class='ocrx_word' id='word_1_431' title='bbox 553 3280 610 3333; x_wconf 86' lang='grc' dir='ltr'>τὸ</span> <span class='ocrx_word' id='word_1_432' title='bbox 644 3281 756 3350; x_wconf 82' lang='grc' dir='ltr'>φῶς</span> <span class='ocrx_word' id='word_1_433' title='bbox 789 3287 1095 3358; x_wconf 80' lang='grc' dir='ltr'>περιφέρων</span> <span class='ocrx_word' id='word_1_434' title='bbox 1135 3294 1192 3343; x_wconf 84' lang='grc' dir='ltr'>ὲν</span> <span class='ocrx_word' id='word_1_435' title='bbox 1226 3293 1417 3362; x_wconf 77' lang='grc' dir='ltr'>ἑαυτῷ·</span> <span class='ocrx_word' id='word_1_436' title='bbox 1465 3295 1682 3348; x_wconf 76' lang='grc' dir='ltr'>ἐπειδάν</span> 
     </span>
    </p>
   </div>
   <div class='ocr_carea' id='block_1_63' title="bbox 1792 3275 3354 3365">
    <p class='ocr_par' dir='ltr' id='par_1_63' title="bbox 1792 3283 3354 3365">
     <span class='ocr_line' id='line_1_63' title="bbox 1792 3283 3354 3365; baseline 0.017 -30"><span class='ocrx_word' id='word_1_437' title='bbox 1792 3283 1972 3339; x_wconf 90' lang='lat' dir='ltr'><strong>lumen</strong></span> <span class='ocrx_word' id='word_1_438' title='bbox 2002 3287 2055 3340; x_wconf 90' lang='lat' dir='ltr'><strong>in</strong></span> <span class='ocrx_word' id='word_1_439' title='bbox 2083 3296 2253 3344; x_wconf 87' lang='lat' dir='ltr'><strong>semet</strong></span> <span class='ocrx_word' id='word_1_440' title='bbox 2273 3290 2585 3362; x_wconf 88' lang='lat' dir='ltr'><strong>deportans,</strong></span> <span class='ocrx_word' id='word_1_441' title='bbox 2618 3296 2708 3365; x_wconf 91' lang='lat' dir='ltr'><strong>qui</strong></span> <span class='ocrx_word' id='word_1_442' title='bbox 2758 3313 2878 3352; x_wconf 91' lang='lat' dir='ltr'><strong>cum</strong></span> <span class='ocrx_word' id='word_1_443' title='bbox 2913 3301 2969 3353; x_wconf 91' lang='lat' dir='ltr'><strong>in</strong></span> <span class='ocrx_word' id='word_1_444' title='bbox 2997 3310 3243 3357; x_wconf 88' lang='lat' dir='ltr'><strong>nostrum</strong></span> <span class='ocrx_word' id='word_1_445' title='bbox 3288 3304 3354 3360; x_wconf 74' lang='lat' dir='ltr'><strong>ﬁ-</strong></span> 
     </span>
    </p>
   </div>
   <div class='ocr_carea' id='block_1_64' title="bbox 118 3370 1683 3456">
    <p class='ocr_par' dir='ltr' id='par_1_64' title="bbox 118 3370 1683 3456">
     <span class='ocr_line' id='line_1_64' title="bbox 118 3370 1683 3456; baseline 0.016 -38"><span class='ocrx_word' id='word_1_446' title='bbox 118 3383 249 3419; x_wconf 80' lang='grc' dir='ltr'>ποτε</span> <span class='ocrx_word' id='word_1_447' title='bbox 281 3370 371 3421; x_wconf 82' lang='grc' dir='ltr'><strong>τὸν</strong></span> <span class='ocrx_word' id='word_1_448' title='bbox 404 3370 526 3424; x_wconf 79' lang='grc' dir='ltr'>καθ’</span> <span class='ocrx_word' id='word_1_449' title='bbox 553 3375 695 3442; x_wconf 84' lang='grc' dir='ltr'>ἡμᾶς</span> <span class='ocrx_word' id='word_1_450' title='bbox 734 3374 981 3445; x_wconf 79' lang='grc' dir='ltr'>ὁρίζοντα</span> <span class='ocrx_word' id='word_1_451' title='bbox 1021 3381 1298 3453; x_wconf 79' lang='grc' dir='ltr'>ὑπεράρῃ,</span> <span class='ocrx_word' id='word_1_452' title='bbox 1339 3385 1548 3456; x_wconf 77' lang='grc' dir='ltr'>ἡμέραν</span> <span class='ocrx_word' id='word_1_453' title='bbox 1583 3406 1683 3442; x_wconf 89' lang='grc' dir='ltr'>πα-</span> 
     </span>
    </p>
   </div>
   <div class='ocr_carea' id='block_1_65' title="bbox 121 3458 979 3532">
    <p class='ocr_par' dir='ltr' id='par_1_65' title="bbox 121 3458 979 3532">
     <span class='ocr_line' id='line_1_65' title="bbox 121 3458 979 3532; baseline 0.014 -23"><span class='ocrx_word' id='word_1_454' title='bbox 121 3458 264 3530; x_wconf 82' lang='grc' dir='ltr'>ρέχει</span> <span class='ocrx_word' id='word_1_455' title='bbox 297 3461 652 3528; x_wconf 82' lang='grc' dir='ltr'>διασκεδάσας</span> <span class='ocrx_word' id='word_1_456' title='bbox 683 3467 743 3518; x_wconf 87' lang='grc' dir='ltr'>τὸ</span> <span class='ocrx_word' id='word_1_457' title='bbox 771 3469 979 3532; x_wconf 78' lang='grc' dir='ltr'>σκότος.</span> 
     </span>
    </p>
   </div>
   <div class='ocr_carea' id='block_1_66' title="bbox 197 3571 1682 3662">
    <p class='ocr_par' dir='ltr' id='par_1_66' title="bbox 197 3571 1682 3662">
     <span class='ocr_line' id='line_1_66' title="bbox 197 3571 1682 3662; baseline 0.016 -39"><span class='ocrx_word' id='word_1_458' title='bbox 197 3571 261 3624; x_wconf 84' lang='grc' dir='ltr'>Ἡ</span> <span class='ocrx_word' id='word_1_459' title='bbox 286 3571 344 3624; x_wconf 86' lang='grc' dir='ltr'>δὲ</span> <span class='ocrx_word' id='word_1_460' title='bbox 375 3574 591 3648; x_wconf 78' lang='grc' dir='ltr'>σελήνη,</span> <span class='ocrx_word' id='word_1_461' title='bbox 621 3579 837 3634; x_wconf 79' lang='grc' dir='ltr'>ἐπειδὰν</span> <span class='ocrx_word' id='word_1_462' title='bbox 863 3581 1158 3648; x_wconf 79' lang='grc' dir='ltr'>δωδεκάκις</span> <span class='ocrx_word' id='word_1_463' title='bbox 1187 3587 1278 3640; x_wconf 76' lang='grc' dir='ltr'><strong>τὸν</strong></span> <span class='ocrx_word' id='word_1_464' title='bbox 1303 3589 1500 3662; x_wconf 77' lang='grc' dir='ltr'>ἑαυτῆς</span> <span class='ocrx_word' id='word_1_465' title='bbox 1531 3593 1682 3646; x_wconf 76' lang='grc' dir='ltr'>ἐκτε-</span> 
     </span>
    </p>
   </div>
   <div class='ocr_carea' id='block_1_67' title="bbox 113 3660 1678 3756">
    <p class='ocr_par' dir='ltr' id='par_1_67' title="bbox 113 3660 1678 3756">
     <span class='ocr_line' id='line_1_67' title="bbox 113 3660 1678 3756; baseline 0.016 -41"><span class='ocrx_word' id='word_1_466' title='bbox 113 3660 243 3737; x_wconf 67' lang='grc' dir='ltr'>λέσῃ</span> <span class='ocrx_word' id='word_1_467' title='bbox 269 3664 489 3736; x_wconf 83' lang='grc' dir='ltr'>δρόμον,</span> <span class='ocrx_word' id='word_1_468' title='bbox 525 3670 767 3724; x_wconf 75' lang='grc' dir='ltr'>ἐνιαυτοῦ</span> <span class='ocrx_word' id='word_1_469' title='bbox 797 3675 1054 3744; x_wconf 82' lang='grc' dir='ltr'>τυγχάνει</span> <span class='ocrx_word' id='word_1_470' title='bbox 1097 3681 1349 3752; x_wconf 87' lang='grc' dir='ltr'>ποιητικὴ</span> <span class='ocrx_word' id='word_1_471' title='bbox 1371 3723 1386 3749; x_wconf 87' lang='grc'><strong>,</strong></span> <span class='ocrx_word' id='word_1_472' title='bbox 1598 3687 1678 3740; x_wconf 83' lang='grc' dir='ltr'>ὅτι</span> 
     </span>
    </p>
   </div>
   <div class='ocr_carea' id='block_1_68' title="bbox 117 3756 1679 3847">
    <p class='ocr_par' dir='ltr' id='par_1_68' title="bbox 117 3756 1679 3847">
     <span class='ocr_line' id='line_1_68' title="bbox 117 3756 1679 3847; baseline 0.017 -41"><span class='ocrx_word' id='word_1_473' title='bbox 117 3756 282 3828; x_wconf 85' lang='grc' dir='ltr'>μηνὸς</span> <span class='ocrx_word' id='word_1_474' title='bbox 318 3758 608 3831; x_wconf 75' lang='grc' dir='ltr'>ἐμϐολίμου</span> <span class='ocrx_word' id='word_1_475' title='bbox 641 3761 806 3817; x_wconf 83' lang='grc' dir='ltr'>δεῖται</span> <span class='ocrx_word' id='word_1_476' title='bbox 842 3767 973 3837; x_wconf 86' lang='grc' dir='ltr'>πρὸς</span> <span class='ocrx_word' id='word_1_477' title='bbox 1009 3768 1108 3840; x_wconf 81' lang='grc' dir='ltr'><strong>τὴν</strong></span> <span class='ocrx_word' id='word_1_478' title='bbox 1152 3772 1352 3844; x_wconf 74' lang='grc' dir='ltr'>ἀκριϐῆ</span> <span class='ocrx_word' id='word_1_479' title='bbox 1382 3775 1489 3830; x_wconf 78' lang='grc' dir='ltr'>τῶν</span> <span class='ocrx_word' id='word_1_480' title='bbox 1522 3777 1679 3847; x_wconf 84' lang='grc' dir='ltr'>ὡρῶν</span> 
     </span>
    </p>
   </div>
   <div class='ocr_carea' id='block_1_69' title="bbox 113 3849 1676 3925">
    <p class='ocr_par' dir='ltr' id='par_1_69' title="bbox 113 3849 1676 3925">
     <span class='ocr_line' id='line_1_69' title="bbox 113 3849 1676 3925; baseline 0.017 -26"><span class='ocrx_word' id='word_1_481' title='bbox 113 3849 434 3922; x_wconf 87' lang='grc' dir='ltr'>συνδρομήν.</span> <span class='ocrx_word' id='word_1_482' title='bbox 478 3851 535 3905; x_wconf 90' lang='grc' dir='ltr'>Ὀ</span> <span class='ocrx_word' id='word_1_483' title='bbox 568 3853 675 3924; x_wconf 83' lang='grc' dir='ltr'><strong>γὰρ</strong></span> <span class='ocrx_word' id='word_1_484' title='bbox 706 3856 926 3925; x_wconf 82' lang='grc' dir='ltr'>ἡλιακὸς</span> <span class='ocrx_word' id='word_1_485' title='bbox 955 3861 1196 3925; x_wconf 76' lang='grc' dir='ltr'>ἐνιαυτὸς</span> <span class='ocrx_word' id='word_1_486' title='bbox 1229 3865 1338 3918; x_wconf 83' lang='grc' dir='ltr'><strong>ἀπὸ</strong></span> <span class='ocrx_word' id='word_1_487' title='bbox 1375 3867 1468 3921; x_wconf 89' lang='grc' dir='ltr'><strong>τοῦ</strong></span> <span class='ocrx_word' id='word_1_488' title='bbox 1512 3871 1676 3924; x_wconf 80' lang='grc' dir='ltr'>αὑτοῦ</span> 
     </span>
    </p>
   </div>
   <div class='ocr_carea' id='block_1_70' title="bbox 111 3941 1667 4032">
    <p class='ocr_par' dir='ltr' id='par_1_70' title="bbox 111 3941 1667 4032">
     <span class='ocr_line' id='line_1_70' title="bbox 111 3941 1667 4032; baseline 0.017 -42"><span class='ocrx_word' id='word_1_489' title='bbox 111 3941 335 4010; x_wconf 79' lang='grc' dir='ltr'>σημείου</span> <span class='ocrx_word' id='word_1_490' title='bbox 364 3945 455 3996; x_wconf 79' lang='grc' dir='ltr'>ἐπὶ</span> <span class='ocrx_word' id='word_1_491' title='bbox 490 3944 550 3997; x_wconf 81' lang='grc' dir='ltr'><strong>τὸ</strong></span> <span class='ocrx_word' id='word_1_492' title='bbox 575 3946 705 4000; x_wconf 83' lang='grc' dir='ltr'>αὐτὸ</span> <span class='ocrx_word' id='word_1_493' title='bbox 737 3952 957 4020; x_wconf 86' lang='grc' dir='ltr'>σημεῖον</span> <span class='ocrx_word' id='word_1_494' title='bbox 980 3954 1121 4007; x_wconf 83' lang='grc' dir='ltr'>κατὰ</span> <span class='ocrx_word' id='word_1_495' title='bbox 1146 3957 1245 4025; x_wconf 83' lang='grc' dir='ltr'>τὴν</span> <span class='ocrx_word' id='word_1_496' title='bbox 1284 3959 1489 4013; x_wconf 76' lang='grc' dir='ltr'>οἰκείαν</span> <span class='ocrx_word' id='word_1_497' title='bbox 1524 3963 1667 4032; x_wconf 81' lang='grc' dir='ltr'>κίνη-</span> 
     </span>
    </p>
   </div>
   <div class='ocr_carea' id='block_1_71' title="bbox 111 4034 1676 4124">
    <p class='ocr_par' dir='ltr' id='par_1_71' title="bbox 111 4034 1676 4124">
     <span class='ocr_line' id='line_1_71' title="bbox 111 4034 1676 4124; baseline 0.017 -43"><span class='ocrx_word' id='word_1_498' title='bbox 111 4047 193 4083; x_wconf 84' lang='grc' dir='ltr'><strong>σιν</strong></span> <span class='ocrx_word' id='word_1_499' title='bbox 216 4034 309 4086; x_wconf 87' lang='grc' dir='ltr'><strong>τοῦ</strong></span> <span class='ocrx_word' id='word_1_500' title='bbox 335 4035 486 4103; x_wconf 84' lang='grc' dir='ltr'>ἡλίου</span> <span class='ocrx_word' id='word_1_501' title='bbox 519 4039 664 4093; x_wconf 75' lang='grc' dir='ltr'>ἐστὶν</span> <span class='ocrx_word' id='word_1_502' title='bbox 702 4043 1162 4110; x_wconf 83' lang='grc' dir='ltr'>ἀποκατάστασις.</span> <span class='ocrx_word' id='word_1_503' title='bbox 1202 4050 1311 4120; x_wconf 84' lang='grc' dir='ltr'><strong>Τῆς</strong></span> <span class='ocrx_word' id='word_1_504' title='bbox 1350 4051 1407 4104; x_wconf 84' lang='grc' dir='ltr'>δὲ</span> <span class='ocrx_word' id='word_1_505' title='bbox 1448 4053 1676 4124; x_wconf 84' lang='grc' dir='ltr'>σελήνης</span> 
     </span>
    </p>
   </div>
   <div class='ocr_carea' id='block_1_72' title="bbox 107 4121 1674 4209">
    <p class='ocr_par' dir='ltr' id='par_1_72' title="bbox 107 4121 1674 4209">
     <span class='ocr_line' id='line_1_72' title="bbox 107 4121 1674 4209; baseline 0.017 -38"><span class='ocrx_word' id='word_1_506' title='bbox 107 4121 394 4193; x_wconf 82' lang='grc' dir='ltr'>ληγούσης,</span> <span class='ocrx_word' id='word_1_507' title='bbox 417 4127 697 4197; x_wconf 86' lang='grc' dir='ltr'>άραιοῦται</span> <span class='ocrx_word' id='word_1_508' title='bbox 728 4133 835 4187; x_wconf 80' lang='grc' dir='ltr'><strong>τῶν</strong></span> <span class='ocrx_word' id='word_1_509' title='bbox 862 4134 1012 4198; x_wconf 75' lang='grc' dir='ltr'>ζώων</span> <span class='ocrx_word' id='word_1_510' title='bbox 1043 4137 1112 4191; x_wconf 82' lang='grc' dir='ltr'><strong>τὰ</strong></span> <span class='ocrx_word' id='word_1_511' title='bbox 1145 4137 1390 4209; x_wconf 86' lang='grc' dir='ltr'>σώματα,</span> <span class='ocrx_word' id='word_1_512' title='bbox 1422 4145 1516 4196; x_wconf 76' lang='grc' dir='ltr'>καὶ</span> <span class='ocrx_word' id='word_1_513' title='bbox 1543 4121 1674 4198; x_wconf 78' lang='grc' dir='ltr'>ύπό-</span> 
     </span>
    </p>
   </div>
   <div class='ocr_carea' id='block_1_73' title="bbox 105 4216 1672 4303">
    <p class='ocr_par' dir='ltr' id='par_1_73' title="bbox 105 4216 1672 4303">
     <span class='ocr_line' id='line_1_73' title="bbox 105 4216 1672 4303; baseline 0.017 -40"><span class='ocrx_word' id='word_1_514' title='bbox 105 4228 237 4266; x_wconf 84' lang='grc' dir='ltr'>κενα</span> <span class='ocrx_word' id='word_1_515' title='bbox 289 4216 525 4282; x_wconf 81' lang='grc' dir='ltr'>γίνεται·</span> <span class='ocrx_word' id='word_1_516' title='bbox 580 4220 883 4297; x_wconf 79' lang='grc' dir='ltr'>αὐξομένης</span> <span class='ocrx_word' id='word_1_517' title='bbox 925 4228 1016 4293; x_wconf 83' lang='grc' dir='ltr'>δὲ,</span> <span class='ocrx_word' id='word_1_518' title='bbox 1058 4230 1477 4303; x_wconf 78' lang='grc' dir='ltr'>ἀναπληροῦται.</span> <span class='ocrx_word' id='word_1_519' title='bbox 1531 4237 1672 4290; x_wconf 88' lang='grc' dir='ltr'>Διότι</span> 
     </span>
    </p>
   </div>
   <div class='ocr_carea' id='block_1_74' title="bbox 106 4303 1672 4395">
    <p class='ocr_par' dir='ltr' id='par_1_74' title="bbox 106 4303 1672 4395">
     <span class='ocr_line' id='line_1_74' title="bbox 106 4303 1672 4395; baseline 0.017 -42"><span class='ocrx_word' id='word_1_520' title='bbox 106 4303 381 4376; x_wconf 77' lang='grc' dir='ltr'>ὑγρότητα</span> <span class='ocrx_word' id='word_1_521' title='bbox 418 4309 554 4378; x_wconf 78' lang='grc' dir='ltr'>μετὰ</span> <span class='ocrx_word' id='word_1_522' title='bbox 585 4312 919 4386; x_wconf 83' lang='grc' dir='ltr'>θερμότητος</span> <span class='ocrx_word' id='word_1_523' title='bbox 955 4321 1343 4392; x_wconf 85' lang='grc' dir='ltr'>κεκραμμένην</span> <span class='ocrx_word' id='word_1_524' title='bbox 1375 4323 1672 4395; x_wconf 80' lang='grc' dir='ltr'>λεληθότως</span> 
     </span>
    </p>
   </div>
   <div class='ocr_carea' id='block_1_75' title="bbox 103 4395 1673 4486">
    <p class='ocr_par' dir='ltr' id='par_1_75' title="bbox 103 4395 1673 4486">
     <span class='ocr_line' id='line_1_75' title="bbox 103 4395 1673 4486; baseline 0.022 -41"><span class='ocrx_word' id='word_1_525' title='bbox 103 4395 336 4466; x_wconf 76' lang='grc' dir='ltr'>ἐνίησιν·</span> <span class='ocrx_word' id='word_1_526' title='bbox 370 4401 419 4453; x_wconf 77' lang='lat' dir='ltr'><strong>oi</strong></span> <span class='ocrx_word' id='word_1_527' title='bbox 451 4402 558 4474; x_wconf 81' lang='grc' dir='ltr'><strong>γὰρ</strong></span> <span class='ocrx_word' id='word_1_528' title='bbox 583 4405 937 4472; x_wconf 77' lang='grc' dir='ltr'>καθεύδοντες</span> <span class='ocrx_word' id='word_1_529' title='bbox 976 4411 1080 4465; x_wconf 83' lang='grc' dir='ltr'><strong>ὑπὸ</strong></span> <span class='ocrx_word' id='word_1_530' title='bbox 1115 4412 1338 4485; x_wconf 86' lang='grc' dir='ltr'>σελήνην</span> <span class='ocrx_word' id='word_1_531' title='bbox 1378 4415 1673 4486; x_wconf 84' lang='grc' dir='ltr'>ὑγρότητος</span> 
     </span>
    </p>
   </div>
   <div class='ocr_carea' id='block_1_76' title="bbox 102 4490 1666 4582">
    <p class='ocr_par' dir='ltr' id='par_1_76' title="bbox 102 4490 1666 4582">
     <span class='ocr_line' id='line_1_76' title="bbox 102 4490 1666 4582; baseline 0.019 -45"><span class='ocrx_word' id='word_1_532' title='bbox 102 4490 367 4561; x_wconf 81' lang='grc' dir='ltr'>περισσῆς</span> <span class='ocrx_word' id='word_1_533' title='bbox 393 4493 722 4565; x_wconf 78' lang='grc' dir='ltr'>πληροῦνται</span> <span class='ocrx_word' id='word_1_534' title='bbox 752 4498 850 4564; x_wconf 85' lang='grc' dir='ltr'><strong>τὰς</strong></span> <span class='ocrx_word' id='word_1_535' title='bbox 874 4503 1132 4570; x_wconf 79' lang='grc' dir='ltr'>κεφαλὰς,</span> <span class='ocrx_word' id='word_1_536' title='bbox 1179 4508 1272 4560; x_wconf 74' lang='grc' dir='ltr'><strong>καὶ</strong></span> <span class='ocrx_word' id='word_1_537' title='bbox 1299 4507 1366 4560; x_wconf 76' lang='grc' dir='ltr'><strong>τὰ</strong></span> <span class='ocrx_word' id='word_1_538' title='bbox 1397 4513 1666 4582; x_wconf 74' lang='grc' dir='ltr'>νεοσφαγῆ</span> 
     </span>
    </p>
   </div>
   <div class='ocr_carea' id='block_1_77' title="bbox 1790 3378 3284 3460">
    <p class='ocr_par' dir='ltr' id='par_1_77' title="bbox 1790 3378 3284 3460">
     <span class='ocr_line' id='line_1_77' title="bbox 1790 3378 3284 3460; baseline 0.015 -30"><span class='ocrx_word' id='word_1_539' title='bbox 1790 3378 2023 3434; x_wconf 89' lang='lat' dir='ltr'><strong>nitorem</strong></span> <span class='ocrx_word' id='word_1_540' title='bbox 2060 3387 2388 3452; x_wconf 81' lang='lat' dir='ltr'><strong>pervenerit,</strong></span> <span class='ocrx_word' id='word_1_541' title='bbox 2424 3390 2664 3444; x_wconf 90' lang='lat' dir='ltr'><strong>tenebris</strong></span> <span class='ocrx_word' id='word_1_542' title='bbox 2685 3389 2901 3460; x_wconf 78' lang='lat' dir='ltr'><strong>fugatis,</strong></span> <span class='ocrx_word' id='word_1_543' title='bbox 2942 3395 3085 3449; x_wconf 90' lang='lat' dir='ltr'><strong>diem</strong></span> <span class='ocrx_word' id='word_1_544' title='bbox 3107 3395 3284 3454; x_wconf 80' lang='lat' dir='ltr'><strong>affert.</strong></span> 
     </span>
    </p>
   </div>
   <div class='ocr_carea' id='block_1_78' title="bbox 1853 3579 3350 3667">
    <p class='ocr_par' dir='ltr' id='par_1_78' title="bbox 1853 3579 3350 3667">
     <span class='ocr_line' id='line_1_78' title="bbox 1853 3579 3350 3667; baseline 0.011 -33"><span class='ocrx_word' id='word_1_545' title='bbox 1853 3579 2026 3646; x_wconf 88' lang='lat' dir='ltr'><strong>Luna,</strong></span> <span class='ocrx_word' id='word_1_546' title='bbox 2055 3584 2147 3639; x_wconf 92' lang='lat' dir='ltr'><strong>ubi</strong></span> <span class='ocrx_word' id='word_1_547' title='bbox 2171 3584 2462 3641; x_wconf 88' lang='lat' dir='ltr'><strong>duodecies</strong></span> <span class='ocrx_word' id='word_1_548' title='bbox 2485 3595 2656 3643; x_wconf 89' lang='lat' dir='ltr'><strong>totum</strong></span> <span class='ocrx_word' id='word_1_549' title='bbox 2693 3606 2853 3645; x_wconf 90' lang='lat' dir='ltr'><strong>suum</strong></span> <span class='ocrx_word' id='word_1_550' title='bbox 2884 3594 3122 3651; x_wconf 75' lang='lat' dir='ltr'><strong>confecit</strong></span> <span class='ocrx_word' id='word_1_551' title='bbox 3161 3603 3216 3651; x_wconf 90' lang='lat' dir='ltr'><strong>et</strong></span> <span class='ocrx_word' id='word_1_552' title='bbox 3253 3612 3350 3667; x_wconf 61' lang='lat' dir='ltr'><strong>pe»</strong></span> 
     </span>
    </p>
   </div>
   <div class='ocr_carea' id='block_1_79' title="bbox 1785 3675 3350 3754">
    <p class='ocr_par' dir='ltr' id='par_1_79' title="bbox 1785 3675 3350 3754">
     <span class='ocr_line' id='line_1_79' title="bbox 1785 3675 3350 3754; baseline 0.014 -28"><span class='ocrx_word' id='word_1_553' title='bbox 1785 3675 2023 3744; x_wconf 77' lang='lat' dir='ltr'><strong>ragravit</strong></span> <span class='ocrx_word' id='word_1_554' title='bbox 2044 3676 2166 3740; x_wconf 88' lang='lat' dir='ltr'><strong>iter,</strong></span> <span class='ocrx_word' id='word_1_555' title='bbox 2196 3678 2322 3732; x_wconf 84' lang='lat' dir='ltr'><strong>anni</strong></span> <span class='ocrx_word' id='word_1_556' title='bbox 2355 3681 2587 3749; x_wconf 87' lang='lat' dir='ltr'><strong>spatium</strong></span> <span class='ocrx_word' id='word_1_557' title='bbox 2642 3685 2891 3738; x_wconf 83' lang='lat' dir='ltr'><strong>terminat</strong></span> <span class='ocrx_word' id='word_1_558' title='bbox 2917 3705 2932 3754; x_wconf 85' lang='lat'><strong>;</strong></span> <span class='ocrx_word' id='word_1_559' title='bbox 2957 3703 3139 3744; x_wconf 91' lang='lat' dir='ltr'><strong>mense</strong></span> <span class='ocrx_word' id='word_1_560' title='bbox 3169 3698 3350 3748; x_wconf 90' lang='lat' dir='ltr'><strong>tamen</strong></span> 
     </span>
    </p>
   </div>
   <div class='ocr_carea' id='block_1_80' title="bbox 1785 3767 3348 3837">
    <p class='ocr_par' dir='ltr' id='par_1_80' title="bbox 1785 3767 3348 3837">
     <span class='ocr_line' id='line_1_80' title="bbox 1785 3767 3348 3837; baseline 0.013 -21"><span class='ocrx_word' id='word_1_561' title='bbox 1785 3778 1921 3832; x_wconf 83' lang='lat' dir='ltr'><strong>Opus</strong></span> <span class='ocrx_word' id='word_1_562' title='bbox 1935 3767 2362 3836; x_wconf 88' lang='lat' dir='ltr'><strong>estintercalari,</strong></span> <span class='ocrx_word' id='word_1_563' title='bbox 2387 3771 2454 3825; x_wconf 86' lang='lat' dir='ltr'><strong>ad</strong></span> <span class='ocrx_word' id='word_1_564' title='bbox 2482 3771 2739 3827; x_wconf 87' lang='lat' dir='ltr'><strong>horarum</strong></span> <span class='ocrx_word' id='word_1_565' title='bbox 2769 3790 3071 3834; x_wconf 90' lang='lat' dir='ltr'><strong>concursus</strong></span> <span class='ocrx_word' id='word_1_566' title='bbox 3100 3791 3348 3837; x_wconf 77' lang='lat' dir='ltr'><strong>exactam</strong></span> 
     </span>
    </p>
   </div>
   <div class='ocr_carea' id='block_1_81' title="bbox 1784 3856 3348 3929">
    <p class='ocr_par' dir='ltr' id='par_1_81' title="bbox 1784 3856 3348 3929">
     <span class='ocr_line' id='line_1_81' title="bbox 1784 3856 3348 3929; baseline 0.013 -21"><span class='ocrx_word' id='word_1_567' title='bbox 1784 3856 2049 3912; x_wconf 90' lang='lat' dir='ltr'><strong>rationem</strong></span> <span class='ocrx_word' id='word_1_568' title='bbox 2092 3861 2541 3929; x_wconf 88' lang='lat' dir='ltr'><strong>perspiciendam.</strong></span> <span class='ocrx_word' id='word_1_569' title='bbox 2592 3865 2782 3921; x_wconf 86' lang='lat' dir='ltr'><strong>Annus</strong></span> <span class='ocrx_word' id='word_1_570' title='bbox 2833 3868 2978 3922; x_wconf 92' lang='lat' dir='ltr'><strong>enim</strong></span> <span class='ocrx_word' id='word_1_571' title='bbox 3044 3870 3239 3928; x_wconf 90' lang='lat' dir='ltr'><strong>solaris</strong></span> <span class='ocrx_word' id='word_1_572' title='bbox 3278 3874 3348 3927; x_wconf 88' lang='lat' dir='ltr'><strong>ab</strong></span> 
     </span>
    </p>
   </div>
   <div class='ocr_carea' id='block_1_82' title="bbox 1781 3949 3346 4030">
    <p class='ocr_par' dir='ltr' id='par_1_82' title="bbox 1781 3949 3346 4030">
     <span class='ocr_line' id='line_1_82' title="bbox 1781 3949 3346 4030; baseline 0.011 -27"><span class='ocrx_word' id='word_1_573' title='bbox 1781 3949 1968 4003; x_wconf 84' lang='lat' dir='ltr'><strong>eodem</strong></span> <span class='ocrx_word' id='word_1_574' title='bbox 1997 3951 2174 4020; x_wconf 83' lang='lat' dir='ltr'><strong>signo,</strong></span> <span class='ocrx_word' id='word_1_575' title='bbox 2234 3953 2299 4007; x_wconf 90' lang='lat' dir='ltr'><strong>ad</strong></span> <span class='ocrx_word' id='word_1_576' title='bbox 2339 3953 2482 4010; x_wconf 90' lang='lat' dir='ltr'><strong>idem</strong></span> <span class='ocrx_word' id='word_1_577' title='bbox 2537 3957 2835 4013; x_wconf 89' lang='lat' dir='ltr'><strong>secundum</strong></span> <span class='ocrx_word' id='word_1_578' title='bbox 2899 3963 3178 4030; x_wconf 90' lang='lat' dir='ltr'><strong>proprium</strong></span> <span class='ocrx_word' id='word_1_579' title='bbox 3214 3965 3346 4020; x_wconf 90' lang='lat' dir='ltr'><strong>solis</strong></span> 
     </span>
    </p>
   </div>
   <div class='ocr_carea' id='block_1_83' title="bbox 1783 4046 3342 4112">
    <p class='ocr_par' dir='ltr' id='par_1_83' title="bbox 1783 4046 3342 4112">
     <span class='ocr_line' id='line_1_83' title="bbox 1783 4046 3342 4112; baseline 0.012 -19"><span class='ocrx_word' id='word_1_580' title='bbox 1783 4050 1986 4096; x_wconf 91' lang='lat' dir='ltr'><strong>motum</strong></span> <span class='ocrx_word' id='word_1_581' title='bbox 2012 4048 2254 4099; x_wconf 89' lang='lat' dir='ltr'><strong>reversio</strong></span> <span class='ocrx_word' id='word_1_582' title='bbox 2280 4054 2382 4101; x_wconf 87' lang='lat' dir='ltr'><strong>est.</strong></span> <span class='ocrx_word' id='word_1_583' title='bbox 2437 4046 2587 4102; x_wconf 89' lang='lat' dir='ltr'><strong>Luna</strong></span> <span class='ocrx_word' id='word_1_584' title='bbox 2651 4050 2999 4107; x_wconf 86' lang='lat' dir='ltr'><strong>decrescente</strong></span> <span class='ocrx_word' id='word_1_585' title='bbox 3027 4055 3342 4112; x_wconf 86' lang='lat' dir='ltr'><strong>animalium</strong></span> 
     </span>
    </p>
   </div>
   <div class='ocr_carea' id='block_1_84' title="bbox 1780 4144 3338 4216">
    <p class='ocr_par' dir='ltr' id='par_1_84' title="bbox 1780 4144 3338 4216">
     <span class='ocr_line' id='line_1_84' title="bbox 1780 4144 3338 4216; baseline 0.01 -30"><span class='ocrx_word' id='word_1_586' title='bbox 1780 4147 2010 4202; x_wconf 90' lang='lat' dir='ltr'><strong>corpora</strong></span> <span class='ocrx_word' id='word_1_587' title='bbox 2091 4147 2374 4191; x_wconf 88' lang='lat' dir='ltr'><strong>rarescunt</strong></span> <span class='ocrx_word' id='word_1_588' title='bbox 2457 4148 2742 4194; x_wconf 87' lang='lat' dir='ltr'><strong>extenuata</strong></span> <span class='ocrx_word' id='word_1_589' title='bbox 2807 4151 2860 4196; x_wconf 87' lang='lat' dir='ltr'><strong>et</strong></span> <span class='ocrx_word' id='word_1_590' title='bbox 2916 4144 3338 4216; x_wconf 83' lang='lat' dir='ltr'><strong>exinaniuntur;</strong></span> 
     </span>
    </p>
   </div>
   <div class='ocr_carea' id='block_1_85' title="bbox 1779 4230 3342 4299">
    <p class='ocr_par' dir='ltr' id='par_1_85' title="bbox 1779 4230 3342 4299">
     <span class='ocr_line' id='line_1_85' title="bbox 1779 4230 3342 4299; baseline 0.009 -22"><span class='ocrx_word' id='word_1_591' title='bbox 1779 4231 2078 4288; x_wconf 88' lang='lat' dir='ltr'><strong>crescente,</strong></span> <span class='ocrx_word' id='word_1_592' title='bbox 2106 4237 2373 4295; x_wconf 77' lang='lat' dir='ltr'><strong>augentur</strong></span> <span class='ocrx_word' id='word_1_593' title='bbox 2403 4230 2635 4299; x_wconf 78' lang='lat' dir='ltr'><strong>expleta.</strong></span> <span class='ocrx_word' id='word_1_594' title='bbox 2673 4230 2824 4286; x_wconf 85' lang='lat' dir='ltr'><strong>Clam</strong></span> <span class='ocrx_word' id='word_1_595' title='bbox 2881 4233 3024 4287; x_wconf 90' lang='lat' dir='ltr'><strong>enim</strong></span> <span class='ocrx_word' id='word_1_596' title='bbox 3055 4236 3342 4290; x_wconf 85' lang='lat' dir='ltr'><strong>humidita-</strong></span> 
     </span>
    </p>
   </div>
   <div class='ocr_carea' id='block_1_86' title="bbox 1777 4316 3339 4389">
    <p class='ocr_par' dir='ltr' id='par_1_86' title="bbox 1777 4316 3339 4389">
     <span class='ocr_line' id='line_1_86' title="bbox 1777 4316 3339 4389; baseline 0.01 -23"><span class='ocrx_word' id='word_1_597' title='bbox 1777 4321 1883 4368; x_wconf 92' lang='lat' dir='ltr'><strong>tem</strong></span> <span class='ocrx_word' id='word_1_598' title='bbox 1913 4316 2080 4369; x_wconf 90' lang='lat' dir='ltr'><strong>calori</strong></span> <span class='ocrx_word' id='word_1_599' title='bbox 2114 4321 2452 4374; x_wconf 89' lang='lat' dir='ltr'><strong>commistam</strong></span> <span class='ocrx_word' id='word_1_600' title='bbox 2480 4321 2649 4389; x_wconf 91' lang='lat' dir='ltr'><strong>indit;</strong></span> <span class='ocrx_word' id='word_1_601' title='bbox 2683 4323 2811 4378; x_wconf 83' lang='lat' dir='ltr'><strong>hinc</strong></span> <span class='ocrx_word' id='word_1_602' title='bbox 2850 4323 2907 4377; x_wconf 87' lang='lat' dir='ltr'><strong>fit</strong></span> <span class='ocrx_word' id='word_1_603' title='bbox 2926 4325 3027 4380; x_wconf 89' lang='lat' dir='ltr'><strong>sub</strong></span> <span class='ocrx_word' id='word_1_604' title='bbox 3051 4327 3180 4381; x_wconf 89' lang='lat' dir='ltr'><strong>luna</strong></span> <span class='ocrx_word' id='word_1_605' title='bbox 3209 4329 3339 4384; x_wconf 86' lang='lat' dir='ltr'><strong>dor-</strong></span> 
     </span>
    </p>
   </div>
   <div class='ocr_carea' id='block_1_87' title="bbox 1777 4405 3341 4483">
    <p class='ocr_par' dir='ltr' id='par_1_87' title="bbox 1777 4405 3341 4483">
     <span class='ocr_line' id='line_1_87' title="bbox 1777 4405 3341 4483; baseline 0.011 -28"><span class='ocrx_word' id='word_1_606' title='bbox 1777 4405 2055 4459; x_wconf 88' lang='lat' dir='ltr'><strong>mientium</strong></span> <span class='ocrx_word' id='word_1_607' title='bbox 2108 4407 2278 4462; x_wconf 88' lang='lat' dir='ltr'><strong>multa</strong></span> <span class='ocrx_word' id='word_1_608' title='bbox 2327 4408 2649 4464; x_wconf 86' lang='lat' dir='ltr'><strong>humiditate</strong></span> <span class='ocrx_word' id='word_1_609' title='bbox 2706 4411 2884 4482; x_wconf 88' lang='lat' dir='ltr'><strong>capita</strong></span> <span class='ocrx_word' id='word_1_610' title='bbox 2913 4414 3142 4483; x_wconf 88' lang='lat' dir='ltr'><strong>oppleri,</strong></span> <span class='ocrx_word' id='word_1_611' title='bbox 3167 4424 3221 4470; x_wconf 87' lang='lat' dir='ltr'><strong>et</strong></span> <span class='ocrx_word' id='word_1_612' title='bbox 3253 4433 3341 4472; x_wconf 89' lang='lat' dir='ltr'><strong>re-</strong></span> 
     </span>
    </p>
   </div>
   <div class='ocr_carea' id='block_1_88' title="bbox 1775 4498 3338 4576">
    <p class='ocr_par' dir='ltr' id='par_1_88' title="bbox 1775 4498 3338 4576">
     <span class='ocr_line' id='line_1_88' title="bbox 1775 4498 3338 4576; baseline 0.01 -26"><span class='ocrx_word' id='word_1_613' title='bbox 1775 4506 1960 4551; x_wconf 90' lang='lat' dir='ltr'><strong>center</strong></span> <span class='ocrx_word' id='word_1_614' title='bbox 1985 4498 2354 4568; x_wconf 74' lang='lat' dir='ltr'><strong>iugulatorum</strong></span> <span class='ocrx_word' id='word_1_615' title='bbox 2403 4516 2618 4566; x_wconf 90' lang='lat' dir='ltr'><strong>carnes,</strong></span> <span class='ocrx_word' id='word_1_616' title='bbox 2656 4512 2710 4558; x_wconf 90' lang='lat' dir='ltr'><strong>et</strong></span> <span class='ocrx_word' id='word_1_617' title='bbox 2754 4505 3017 4576; x_wconf 88' lang='lat' dir='ltr'><strong>quidquid</strong></span> <span class='ocrx_word' id='word_1_618' title='bbox 3059 4509 3204 4563; x_wconf 86' lang='lat' dir='ltr'><strong>aliud</strong></span> <span class='ocrx_word' id='word_1_619' title='bbox 3250 4510 3338 4566; x_wconf 86' lang='lat' dir='ltr'><strong>his</strong></span> 
     </span>
    </p>
   </div>
   <div class='ocr_carea' id='block_1_89' title="bbox 102 4577 1691 4670">
    <p class='ocr_par' dir='ltr' id='par_1_89' title="bbox 102 4577 1665 4670">
     <span class='ocr_line' id='line_1_89' title="bbox 102 4577 1665 4670; baseline 0.015 -42"><span class='ocrx_word' id='word_1_620' title='bbox 102 4577 156 4629; x_wconf 84' lang='grc' dir='ltr'>δὲ</span> <span class='ocrx_word' id='word_1_621' title='bbox 182 4579 292 4632; x_wconf 83' lang='grc' dir='ltr'>τῶν</span> <span class='ocrx_word' id='word_1_622' title='bbox 306 4582 501 4652; x_wconf 84' lang='grc' dir='ltr'>κρεῶν,</span> <span class='ocrx_word' id='word_1_623' title='bbox 529 4587 623 4639; x_wconf 77' lang='grc' dir='ltr'><strong>καὶ</strong></span> <span class='ocrx_word' id='word_1_624' title='bbox 639 4590 746 4641; x_wconf 79' lang='grc' dir='ltr'>πᾶν</span> <span class='ocrx_word' id='word_1_625' title='bbox 769 4590 885 4642; x_wconf 78' lang='grc' dir='ltr'>εἴτι</span> <span class='ocrx_word' id='word_1_626' title='bbox 908 4593 1162 4655; x_wconf 84' lang='grc' dir='ltr'>τοιοῦτον,</span> <span class='ocrx_word' id='word_1_627' title='bbox 1180 4598 1245 4666; x_wconf 81' lang='grc' dir='ltr'>τῇ</span> <span class='ocrx_word' id='word_1_628' title='bbox 1275 4588 1543 4670; x_wconf 76' lang='grc' dir='ltr'>προσϐολῇ</span> <span class='ocrx_word' id='word_1_629' title='bbox 1567 4600 1665 4668; x_wconf 78' lang='grc' dir='ltr'>τῆς</span> 
     </span>
    </p>
   </div>
   <div class='ocr_carea' id='block_1_90' title="bbox 1792 4577 3338 4670">
    <p class='ocr_par' dir='ltr' id='par_1_90' title="bbox 1792 4590 3338 4666">
     <span class='ocr_line' id='line_1_90' title="bbox 1792 4590 3338 4666; baseline 0.011 -24"><span class='ocrx_word' id='word_1_630' title='bbox 1792 4605 1879 4643; x_wconf 83' lang='grc' dir='ltr'>ιοιι</span> <span class='ocrx_word' id='word_1_631' title='bbox 1934 4590 2205 4656; x_wconf 87' lang='lat' dir='ltr'><strong>absimile,</strong></span> <span class='ocrx_word' id='word_1_632' title='bbox 2263 4594 2404 4648; x_wconf 72' lang='lat' dir='ltr'><strong>luna:</strong></span> <span class='ocrx_word' id='word_1_633' title='bbox 2443 4604 2664 4666; x_wconf 89' lang='lat' dir='ltr'><strong>aspectu</strong></span> <span class='ocrx_word' id='word_1_634' title='bbox 2692 4598 2872 4654; x_wconf 90' lang='lat' dir='ltr'><strong>subito</strong></span> <span class='ocrx_word' id='word_1_635' title='bbox 2931 4601 3228 4665; x_wconf 87' lang='lat' dir='ltr'><strong>immutari,</strong></span> <span class='ocrx_word' id='word_1_636' title='bbox 3284 4615 3338 4659; x_wconf 93' lang='lat' dir='ltr'><strong>et</strong></span> 
     </span>
    </p>
   </div>
   <div class='ocr_carea' id='block_1_91' title="bbox 103 4670 1669 4763">
    <p class='ocr_par' dir='ltr' id='par_1_91' title="bbox 103 4670 1669 4763">
     <span class='ocr_line' id='line_1_91' title="bbox 103 4670 1669 4763; baseline 0.015 -42"><span class='ocrx_word' id='word_1_637' title='bbox 103 4670 330 4742; x_wconf 77' lang='grc' dir='ltr'>σελήνης</span> <span class='ocrx_word' id='word_1_638' title='bbox 361 4676 570 4746; x_wconf 83' lang='grc' dir='ltr'>ταχέως</span> <span class='ocrx_word' id='word_1_639' title='bbox 609 4680 887 4751; x_wconf 84' lang='grc' dir='ltr'>τρέπεται.</span> <span class='ocrx_word' id='word_1_640' title='bbox 928 4686 1157 4756; x_wconf 82' lang='grc' dir='ltr'>Ὁμοίως</span> <span class='ocrx_word' id='word_1_641' title='bbox 1201 4689 1258 4741; x_wconf 84' lang='grc' dir='ltr'>δὲ</span> <span class='ocrx_word' id='word_1_642' title='bbox 1291 4690 1383 4741; x_wconf 77' lang='grc' dir='ltr'>καὶ</span> <span class='ocrx_word' id='word_1_643' title='bbox 1428 4691 1496 4744; x_wconf 87' lang='grc' dir='ltr'><strong>τὰ</strong></span> <span class='ocrx_word' id='word_1_644' title='bbox 1543 4693 1669 4763; x_wconf 79' lang='grc' dir='ltr'>περὶ</span> 
     </span>
    </p>
   </div>
   <div class='ocr_carea' id='block_1_92' title="bbox 101 4763 1667 4853">
    <p class='ocr_par' dir='ltr' id='par_1_92' title="bbox 101 4763 1667 4853">
     <span class='ocr_line' id='line_1_92' title="bbox 101 4763 1667 4853; baseline 0.013 -37"><span class='ocrx_word' id='word_1_645' title='bbox 101 4763 188 4816; x_wconf 75' lang='grc' dir='ltr'>τὸν</span> <span class='ocrx_word' id='word_1_646' title='bbox 211 4765 350 4838; x_wconf 84' lang='grc' dir='ltr'>άέρα</span> <span class='ocrx_word' id='word_1_647' title='bbox 375 4767 520 4840; x_wconf 85' lang='grc' dir='ltr'>πάθη</span> <span class='ocrx_word' id='word_1_648' title='bbox 542 4771 794 4844; x_wconf 84' lang='grc' dir='ltr'>τοιαύτης</span> <span class='ocrx_word' id='word_1_649' title='bbox 821 4775 996 4839; x_wconf 80' lang='grc' dir='ltr'>αἰτίας</span> <span class='ocrx_word' id='word_1_650' title='bbox 1020 4778 1667 4853; x_wconf 86' lang='grc' dir='ltr'>συνίσταται.Νουμηνίας</span> 
     </span>
    </p>
   </div>
   <div class='ocr_carea' id='block_1_93' title="bbox 101 4856 1667 4943">
    <p class='ocr_par' dir='ltr' id='par_1_93' title="bbox 101 4856 1667 4943">
     <span class='ocr_line' id='line_1_93' title="bbox 101 4856 1667 4943; baseline 0.015 -36"><span class='ocrx_word' id='word_1_651' title='bbox 101 4856 202 4930; x_wconf 85' lang='grc' dir='ltr'><strong>γὰρ</strong></span> <span class='ocrx_word' id='word_1_652' title='bbox 218 4859 506 4931; x_wconf 72' lang='grc' dir='ltr'>ἐνστάσης,</span> <span class='ocrx_word' id='word_1_653' title='bbox 524 4860 763 4936; x_wconf 79' lang='grc' dir='ltr'>γαλήνης</span> <span class='ocrx_word' id='word_1_654' title='bbox 781 4865 948 4940; x_wconf 80' lang='grc' dir='ltr'>οῦσης</span> <span class='ocrx_word' id='word_1_655' title='bbox 966 4871 1527 4943; x_wconf 79' lang='grc' dir='ltr'>σταθερᾶς,αἰφνιδίων</span> <span class='ocrx_word' id='word_1_656' title='bbox 1548 4875 1667 4929; x_wconf 85' lang='grc' dir='ltr'><strong>ἀνέ-</strong></span> 
     </span>
    </p>
   </div>
   <div class='ocr_carea' id='block_1_94' title="bbox 103 4953 1665 5033">
    <p class='ocr_par' dir='ltr' id='par_1_94' title="bbox 103 4953 1665 5033">
     <span class='ocr_line' id='line_1_94' title="bbox 103 4953 1665 5033; baseline 0.012 -33"><span class='ocrx_word' id='word_1_657' title='bbox 103 4963 213 5016; x_wconf 84' lang='grc' dir='ltr'><strong>μων</strong></span> <span class='ocrx_word' id='word_1_658' title='bbox 258 4953 495 5022; x_wconf 78' lang='grc' dir='ltr'>ταραχαὶ</span> <span class='ocrx_word' id='word_1_659' title='bbox 533 4953 773 5021; x_wconf 86' lang='grc' dir='ltr'>γίνονται</span> <span class='ocrx_word' id='word_1_660' title='bbox 813 4957 918 5012; x_wconf 86' lang='grc' dir='ltr'><strong>τῶν</strong></span> <span class='ocrx_word' id='word_1_661' title='bbox 949 4960 1122 5028; x_wconf 72' lang='grc' dir='ltr'>νεφῶν</span> <span class='ocrx_word' id='word_1_662' title='bbox 1168 4963 1533 5033; x_wconf 80' lang='grc' dir='ltr'>κλονουμένων</span> <span class='ocrx_word' id='word_1_663' title='bbox 1571 4968 1665 5018; x_wconf 74' lang='grc' dir='ltr'>καὶ</span> 
     </span>
    </p>
   </div>
   <div class='ocr_carea' id='block_1_95' title="bbox 102 5042 1664 5126">
    <p class='ocr_par' dir='ltr' id='par_1_95' title="bbox 102 5042 1664 5126">
     <span class='ocr_line' id='line_1_95' title="bbox 102 5042 1664 5126; baseline 0.012 -35"><span class='ocrx_word' id='word_1_664' title='bbox 102 5042 520 5108; x_wconf 78' lang='grc' dir='ltr'>συμπιπτόντων</span> <span class='ocrx_word' id='word_1_665' title='bbox 560 5045 836 5117; x_wconf 73' lang='grc' dir='ltr'><strong>ἀλλήλοις⁸</strong></span> <span class='ocrx_word' id='word_1_666' title='bbox 874 5051 966 5102; x_wconf 71' lang='grc' dir='ltr'>καὶ</span> <span class='ocrx_word' id='word_1_667' title='bbox 1001 5052 1238 5120; x_wconf 89' lang='grc' dir='ltr'>γίνονται</span> <span class='ocrx_word' id='word_1_668' title='bbox 1268 5056 1393 5126; x_wconf 77' lang='grc' dir='ltr'>περὶ</span> <span class='ocrx_word' id='word_1_669' title='bbox 1427 5056 1555 5118; x_wconf 72' lang='grc' dir='ltr'>τοὺς</span> <span class='ocrx_word' id='word_1_670' title='bbox 1577 5058 1664 5109; x_wconf 87' lang='grc' dir='ltr'>εύ-</span> 
     </span>
    </p>
   </div>
   <div class='ocr_carea' id='block_1_96' title="bbox 101 5128 1660 5221">
    <p class='ocr_par' dir='ltr' id='par_1_96' title="bbox 101 5128 1660 5221">
     <span class='ocr_line' id='line_1_96' title="bbox 101 5128 1660 5221; baseline 0.014 -41"><span class='ocrx_word' id='word_1_671' title='bbox 101 5128 288 5198; x_wconf 84' lang='grc' dir='ltr'>ρίπους</span> <span class='ocrx_word' id='word_1_672' title='bbox 308 5133 640 5206; x_wconf 70' lang='grc' dir='ltr'>παλίρροιαι,</span> <span class='ocrx_word' id='word_1_673' title='bbox 659 5140 751 5191; x_wconf 76' lang='grc' dir='ltr'>καὶ</span> <span class='ocrx_word' id='word_1_674' title='bbox 772 5158 834 5192; x_wconf 89' lang='grc' dir='ltr'><strong>πε</strong></span> <span class='ocrx_word' id='word_1_675' title='bbox 846 5142 896 5211; x_wconf 84' lang='grc' dir='ltr'>ρ“ι</span> <span class='ocrx_word' id='word_1_676' title='bbox 915 5142 1002 5195; x_wconf 74' lang='grc' dir='ltr'><strong>τὸν</strong></span> <span class='ocrx_word' id='word_1_677' title='bbox 1019 5144 1256 5198; x_wconf 86' lang='grc' dir='ltr'>ὠκεανὸν</span> <span class='ocrx_word' id='word_1_678' title='bbox 1274 5147 1545 5219; x_wconf 75' lang='grc' dir='ltr'>ἀναδρομὴ</span> <span class='ocrx_word' id='word_1_679' title='bbox 1566 5150 1660 5221; x_wconf 83' lang='grc' dir='ltr'>τῆς</span> 
     </span>
    </p>
   </div>
   <div class='ocr_carea' id='block_1_97' title="bbox 97 5218 1660 5308">
    <p class='ocr_par' dir='ltr' id='par_1_97' title="bbox 97 5218 1660 5308">
     <span class='ocr_line' id='line_1_97' title="bbox 97 5218 1660 5308; baseline 0.012 -35"><span class='ocrx_word' id='word_1_680' title='bbox 97 5218 389 5295; x_wconf 82' lang='grc' dir='ltr'>θαλάσσης.</span> <span class='ocrx_word' id='word_1_681' title='bbox 433 5226 498 5278; x_wconf 86' lang='grc' dir='ltr'><strong>Εί</strong></span> <span class='ocrx_word' id='word_1_682' title='bbox 545 5227 601 5280; x_wconf 85' lang='grc' dir='ltr'>δὲ</span> <span class='ocrx_word' id='word_1_683' title='bbox 652 5230 746 5283; x_wconf 74' lang='grc' dir='ltr'>καὶ</span> <span class='ocrx_word' id='word_1_684' title='bbox 788 5231 881 5285; x_wconf 91' lang='grc' dir='ltr'><strong>τοῦ</strong></span> <span class='ocrx_word' id='word_1_685' title='bbox 919 5233 1066 5303; x_wconf 81' lang='grc' dir='ltr'>ἡλίου</span> <span class='ocrx_word' id='word_1_686' title='bbox 1108 5232 1344 5305; x_wconf 72' lang='grc' dir='ltr'>ἔκλειψις</span> <span class='ocrx_word' id='word_1_687' title='bbox 1371 5218 1660 5308; x_wconf 84' lang='grc' dir='ltr'>νουμηνίας</span> 
     </span>
    </p>
   </div>
   <div class='ocr_carea' id='block_1_98' title="bbox 96 5312 1658 5402">
    <p class='ocr_par' dir='ltr' id='par_1_98' title="bbox 96 5312 1658 5402">
     <span class='ocr_line' id='line_1_98' title="bbox 96 5312 1658 5402; baseline 0.013 -39"><span class='ocrx_word' id='word_1_688' title='bbox 96 5312 254 5384; x_wconf 77' lang='grc' dir='ltr'>οὔσης</span> <span class='ocrx_word' id='word_1_689' title='bbox 287 5317 518 5384; x_wconf 88' lang='grc' dir='ltr'>γίνεται,</span> <span class='ocrx_word' id='word_1_690' title='bbox 557 5319 885 5394; x_wconf 66' lang='grc' dir='ltr'>σφοδροτέρα</span> <span class='ocrx_word' id='word_1_691' title='bbox 928 5324 1241 5394; x_wconf 78' lang='grc' dir='ltr'>συμϐαίνει·</span> <span class='ocrx_word' id='word_1_692' title='bbox 1281 5328 1520 5382; x_wconf 83' lang='grc' dir='ltr'>κάτωθεν</span> <span class='ocrx_word' id='word_1_693' title='bbox 1553 5330 1658 5402; x_wconf 86' lang='grc' dir='ltr'><strong>γὰρ</strong></span> 
     </span>
    </p>
   </div>
   <div class='ocr_carea' id='block_1_99' title="bbox 96 5404 1584 5486">
    <p class='ocr_par' dir='ltr' id='par_1_99' title="bbox 96 5404 1584 5486">
     <span class='ocr_line' id='line_1_99' title="bbox 96 5404 1584 5486; baseline 0.01 -29"><span class='ocrx_word' id='word_1_694' title='bbox 96 5404 124 5473; x_wconf 79' lang='grc' dir='ltr'><strong>ἠ</strong></span> <span class='ocrx_word' id='word_1_695' title='bbox 158 5406 357 5480; x_wconf 78' lang='grc' dir='ltr'>σελήνη</span> <span class='ocrx_word' id='word_1_696' title='bbox 395 5409 697 5464; x_wconf 84' lang='grc' dir='ltr'>ὑπελθοῦσα</span> <span class='ocrx_word' id='word_1_697' title='bbox 718 5412 1017 5484; x_wconf 81' lang='grc' dir='ltr'>ἐμφράττει</span> <span class='ocrx_word' id='word_1_698' title='bbox 1044 5415 1192 5486; x_wconf 89' lang='grc' dir='ltr'>ἡλίου</span> <span class='ocrx_word' id='word_1_699' title='bbox 1219 5417 1318 5480; x_wconf 82' lang='grc' dir='ltr'>τὰς</span> <span class='ocrx_word' id='word_1_700' title='bbox 1343 5419 1584 5480; x_wconf 85' lang='grc' dir='ltr'>ἀκτῖνας,</span> 
     </span>
    </p>
   </div>
   <div class='ocr_carea' id='block_1_100' title="bbox 155 5495 1654 5578">
    <p class='ocr_par' dir='ltr' id='par_1_100' title="bbox 155 5495 1654 5578">
     <span class='ocr_line' id='line_1_100' title="bbox 155 5495 1654 5578; baseline 0.01 -30"><span class='ocrx_word' id='word_1_701' title='bbox 155 5495 317 5565; x_wconf 80' lang='grc' dir='ltr'>Μέγα</span> <span class='ocrx_word' id='word_1_702' title='bbox 345 5499 405 5552; x_wconf 79' lang='grc' dir='ltr'>δέ</span> <span class='ocrx_word' id='word_1_703' title='bbox 432 5517 483 5554; x_wconf 86' lang='grc' dir='ltr'><strong>τι</strong></span> <span class='ocrx_word' id='word_1_704' title='bbox 512 5502 605 5554; x_wconf 72' lang='grc' dir='ltr'>καὶ</span> <span class='ocrx_word' id='word_1_705' title='bbox 636 5501 771 5574; x_wconf 72' lang='grc' dir='ltr'>αὕτη</span> <span class='ocrx_word' id='word_1_706' title='bbox 813 5506 845 5574; x_wconf 86' lang='grc' dir='ltr'><strong>ἡ</strong></span> <span class='ocrx_word' id='word_1_707' title='bbox 883 5506 1078 5577; x_wconf 84' lang='grc' dir='ltr'>σελήνη</span> <span class='ocrx_word' id='word_1_708' title='bbox 1123 5507 1444 5578; x_wconf 66' lang='grc' dir='ltr'>καθέστηκε.</span> <span class='ocrx_word' id='word_1_709' title='bbox 1482 5509 1654 5562; x_wconf 89' lang='grc' dir='ltr'>Μῦθοι</span> 
     </span>
    </p>
   </div>
   <div class='ocr_carea' id='block_1_101' title="bbox 91 5582 1656 5673">
    <p class='ocr_par' dir='ltr' id='par_1_101' title="bbox 91 5582 1656 5673">
     <span class='ocr_line' id='line_1_101' title="bbox 91 5582 1656 5673; baseline 0.012 -34"><span class='ocrx_word' id='word_1_710' title='bbox 91 5582 141 5639; x_wconf 69' lang='grc' dir='ltr'>δὲ</span> <span class='ocrx_word' id='word_1_711' title='bbox 170 5587 435 5659; x_wconf 77' lang='grc' dir='ltr'>ληρώδεις</span> <span class='ocrx_word' id='word_1_712' title='bbox 467 5592 570 5647; x_wconf 79' lang='grc' dir='ltr'><strong>ὑπὸ</strong></span> <span class='ocrx_word' id='word_1_713' title='bbox 617 5594 918 5665; x_wconf 87' lang='grc' dir='ltr'>μεθυόντων</span> <span class='ocrx_word' id='word_1_714' title='bbox 951 5599 1208 5670; x_wconf 86' lang='grc' dir='ltr'>γραῖδίων</span> <span class='ocrx_word' id='word_1_715' title='bbox 1243 5603 1517 5673; x_wconf 73' lang='grc' dir='ltr'>πανταχοῦ</span> <span class='ocrx_word' id='word_1_716' title='bbox 1552 5605 1656 5657; x_wconf 87' lang='grc' dir='ltr'>διε-</span> 
     </span>
    </p>
   </div>
   <div class='ocr_carea' id='block_1_102' title="bbox 93 5675 1654 5767">
    <p class='ocr_par' dir='ltr' id='par_1_102' title="bbox 93 5675 1654 5767">
     <span class='ocr_line' id='line_1_102' title="bbox 93 5675 1654 5767; baseline 0.013 -38"><span class='ocrx_word' id='word_1_717' title='bbox 93 5675 360 5750; x_wconf 81' lang='grc' dir='ltr'>σώθησαν·</span> <span class='ocrx_word' id='word_1_718' title='bbox 409 5685 492 5737; x_wconf 86' lang='grc' dir='ltr'>ὅτι</span> <span class='ocrx_word' id='word_1_719' title='bbox 541 5687 896 5754; x_wconf 85' lang='grc' dir='ltr'>μαγγανείαις</span> <span class='ocrx_word' id='word_1_720' title='bbox 943 5691 1052 5743; x_wconf 73' lang='grc' dir='ltr'>τισὶ</span> <span class='ocrx_word' id='word_1_721' title='bbox 1093 5692 1190 5762; x_wconf 79' lang='grc' dir='ltr'>τῆς</span> <span class='ocrx_word' id='word_1_722' title='bbox 1247 5694 1449 5758; x_wconf 79' lang='grc' dir='ltr'>οἰκείας</span> <span class='ocrx_word' id='word_1_723' title='bbox 1495 5696 1654 5767; x_wconf 75' lang='grc' dir='ltr'>ἕδρας</span> 
     </span>
    </p>
   </div>
   <div class='ocr_carea' id='block_1_103' title="bbox 93 5768 1651 5854">
    <p class='ocr_par' dir='ltr' id='par_1_103' title="bbox 93 5768 1651 5854">
     <span class='ocr_line' id='line_1_103' title="bbox 93 5768 1651 5854; baseline 0.011 -32"><span class='ocrx_word' id='word_1_724' title='bbox 93 5768 442 5843; x_wconf 78' lang='grc' dir='ltr'>ἁποκινεῖται,</span> <span class='ocrx_word' id='word_1_725' title='bbox 497 5779 590 5831; x_wconf 81' lang='grc' dir='ltr'>καὶ</span> <span class='ocrx_word' id='word_1_726' title='bbox 642 5779 777 5851; x_wconf 82' lang='grc' dir='ltr'>πρὸς</span> <span class='ocrx_word' id='word_1_727' title='bbox 821 5781 920 5851; x_wconf 79' lang='grc' dir='ltr'>τὴν</span> <span class='ocrx_word' id='word_1_728' title='bbox 965 5783 1066 5854; x_wconf 81' lang='grc' dir='ltr'>γῆν</span> <span class='ocrx_word' id='word_1_729' title='bbox 1113 5785 1492 5854; x_wconf 68' lang='grc' dir='ltr'>καταφέρεται.</span> <span class='ocrx_word' id='word_1_730' title='bbox 1545 5790 1651 5840; x_wconf 75' lang='grc' dir='ltr'><strong>Καὶ</strong></span> 
     </span>
    </p>
   </div>
   <div class='ocr_carea' id='block_1_104' title="bbox 96 5862 1647 5950">
    <p class='ocr_par' dir='ltr' id='par_1_104' title="bbox 96 5862 1647 5950">
     <span class='ocr_line' id='line_1_104' title="bbox 96 5862 1647 5950; baseline 0.012 -36"><span class='ocrx_word' id='word_1_731' title='bbox 96 5862 238 5925; x_wconf 65' lang='lat' dir='ltr'><strong>mlo:</strong></span> <span class='ocrx_word' id='word_1_732' title='bbox 274 5863 341 5919; x_wconf 77' lang='grc' dir='ltr'>ἂν</span> <span class='ocrx_word' id='word_1_733' title='bbox 385 5866 542 5932; x_wconf 83' lang='grc' dir='ltr'>τόπος</span> <span class='ocrx_word' id='word_1_734' title='bbox 574 5869 933 5941; x_wconf 81' lang='grc' dir='ltr'>καταχθεῖσαν</span> <span class='ocrx_word' id='word_1_735' title='bbox 972 5874 1139 5944; x_wconf 79' lang='grc' dir='ltr'>αὐτὴν</span> <span class='ocrx_word' id='word_1_736' title='bbox 1193 5875 1516 5943; x_wconf 70' lang='grc' dir='ltr'>ὑπεδέξατος</span> <span class='ocrx_word' id='word_1_737' title='bbox 1558 5879 1647 5950; x_wconf 80' lang='grc' dir='ltr'><strong>Μὴ</strong></span> 
     </span>
    </p>
   </div>
   <div class='ocr_carea' id='block_1_105' title="bbox 1771 4681 3336 4761">
    <p class='ocr_par' dir='ltr' id='par_1_105' title="bbox 1771 4681 3336 4761">
     <span class='ocr_line' id='line_1_105' title="bbox 1771 4681 3336 4761; baseline 0.01 -27"><span class='ocrx_word' id='word_1_738' title='bbox 1771 4681 1917 4750; x_wconf 88' lang='lat' dir='ltr'><strong>ipsas</strong></span> <span class='ocrx_word' id='word_1_739' title='bbox 1942 4683 2084 4738; x_wconf 89' lang='lat' dir='ltr'><strong>aeris</strong></span> <span class='ocrx_word' id='word_1_740' title='bbox 2114 4683 2423 4740; x_wconf 80' lang='lat' dir='ltr'><strong>affectiones</strong></span> <span class='ocrx_word' id='word_1_741' title='bbox 2447 4687 2596 4742; x_wconf 91' lang='lat' dir='ltr'><strong>illius</strong></span> <span class='ocrx_word' id='word_1_742' title='bbox 2634 4705 2798 4744; x_wconf 87' lang='lat' dir='ltr'><strong>causa</strong></span> <span class='ocrx_word' id='word_1_743' title='bbox 2825 4693 3159 4761; x_wconf 81' lang='lat' dir='ltr'><strong>contingere.</strong></span> <span class='ocrx_word' id='word_1_744' title='bbox 3199 4693 3336 4749; x_wconf 89' lang='lat' dir='ltr'><strong>Nam</strong></span> 
     </span>
    </p>
   </div>
   <div class='ocr_carea' id='block_1_106' title="bbox 1771 4769 3327 4847">
    <p class='ocr_par' dir='ltr' id='par_1_106' title="bbox 1771 4769 3327 4847">
     <span class='ocr_line' id='line_1_106' title="bbox 1771 4769 3327 4847; baseline 0.011 -25"><span class='ocrx_word' id='word_1_745' title='bbox 1771 4769 1896 4822; x_wconf 86' lang='lat' dir='ltr'><strong>luna</strong></span> <span class='ocrx_word' id='word_1_746' title='bbox 1913 4780 2189 4838; x_wconf 84' lang='lat' dir='ltr'><strong>nascente,</strong></span> <span class='ocrx_word' id='word_1_747' title='bbox 2221 4775 2263 4828; x_wconf 91' lang='lat' dir='ltr'><strong>si</strong></span> <span class='ocrx_word' id='word_1_748' title='bbox 2283 4777 2647 4844; x_wconf 88' lang='lat' dir='ltr'><strong>tranquillitas</strong></span> <span class='ocrx_word' id='word_1_749' title='bbox 2673 4779 2988 4847; x_wconf 87' lang='lat' dir='ltr'><strong>plenissima</strong></span> <span class='ocrx_word' id='word_1_750' title='bbox 3014 4781 3175 4837; x_wconf 91' lang='lat' dir='ltr'><strong>fuerit</strong></span> <span class='ocrx_word' id='word_1_751' title='bbox 3203 4800 3327 4838; x_wconf 89' lang='lat' dir='ltr'><strong>ven-</strong></span> 
     </span>
    </p>
   </div>
   <div class='ocr_carea' id='block_1_107' title="bbox 1767 4865 3335 4939">
    <p class='ocr_par' dir='ltr' id='par_1_107' title="bbox 1767 4865 3335 4939">
     <span class='ocr_line' id='line_1_107' title="bbox 1767 4865 3335 4939; baseline 0.01 -27"><span class='ocrx_word' id='word_1_752' title='bbox 1767 4868 1968 4924; x_wconf 88' lang='lat' dir='ltr'><strong>torum,</strong></span> <span class='ocrx_word' id='word_1_753' title='bbox 1992 4865 2257 4932; x_wconf 86' lang='lat' dir='ltr'><strong>repentini</strong></span> <span class='ocrx_word' id='word_1_754' title='bbox 2287 4867 2552 4928; x_wconf 90' lang='lat' dir='ltr'><strong>turbines,</strong></span> <span class='ocrx_word' id='word_1_755' title='bbox 2591 4869 2826 4925; x_wconf 86' lang='lat' dir='ltr'><strong>nubibus</strong></span> <span class='ocrx_word' id='word_1_756' title='bbox 2885 4872 3057 4939; x_wconf 88' lang='lat' dir='ltr'><strong>pulsis</strong></span> <span class='ocrx_word' id='word_1_757' title='bbox 3107 4881 3160 4925; x_wconf 90' lang='lat' dir='ltr'><strong>et</strong></span> <span class='ocrx_word' id='word_1_758' title='bbox 3190 4872 3335 4928; x_wconf 89' lang='lat' dir='ltr'><strong>inter</strong></span> 
     </span>
    </p>
   </div>
   <div class='ocr_carea' id='block_1_108' title="bbox 1768 4953 3332 5031">
    <p class='ocr_par' dir='ltr' id='par_1_108' title="bbox 1768 4953 3332 5031">
     <span class='ocr_line' id='line_1_108' title="bbox 1768 4953 3332 5031; baseline 0.008 -25"><span class='ocrx_word' id='word_1_759' title='bbox 1768 4967 1826 5006; x_wconf 90' lang='lat' dir='ltr'><strong>se</strong></span> <span class='ocrx_word' id='word_1_760' title='bbox 1875 4953 2312 5010; x_wconf 87' lang='lat' dir='ltr'><strong>conflictantibus</strong></span> <span class='ocrx_word' id='word_1_761' title='bbox 2345 4997 2360 5019; x_wconf 92' lang='lat'><strong>,</strong></span> <span class='ocrx_word' id='word_1_762' title='bbox 2397 4969 2594 5024; x_wconf 88' lang='lat' dir='ltr'><strong>erunt;</strong></span> <span class='ocrx_word' id='word_1_763' title='bbox 2633 4959 2870 5030; x_wconf 79' lang='lat' dir='ltr'><strong>fientque</strong></span> <span class='ocrx_word' id='word_1_764' title='bbox 2899 4963 2952 5014; x_wconf 92' lang='lat' dir='ltr'><strong>in</strong></span> <span class='ocrx_word' id='word_1_765' title='bbox 3002 4963 3208 5031; x_wconf 88' lang='lat' dir='ltr'><strong>euripis</strong></span> <span class='ocrx_word' id='word_1_766' title='bbox 3255 4981 3332 5019; x_wconf 89' lang='lat' dir='ltr'><strong>re-</strong></span> 
     </span>
    </p>
   </div>
   <div class='ocr_carea' id='block_1_109' title="bbox 1766 5046 3330 5122">
    <p class='ocr_par' dir='ltr' id='par_1_109' title="bbox 1766 5046 3330 5122">
     <span class='ocr_line' id='line_1_109' title="bbox 1766 5046 3330 5122; baseline 0.008 -22"><span class='ocrx_word' id='word_1_767' title='bbox 1766 5046 2162 5116; x_wconf 77' lang='lat' dir='ltr'><strong>ciprocationes</strong></span> <span class='ocrx_word' id='word_1_768' title='bbox 2232 5065 2492 5120; x_wconf 88' lang='lat' dir='ltr'><strong>aquarum</strong></span> <span class='ocrx_word' id='word_1_769' title='bbox 2581 5068 2970 5122; x_wconf 75' lang='lat' dir='ltr'><strong>regressusque</strong></span> <span class='ocrx_word' id='word_1_770' title='bbox 3040 5056 3207 5110; x_wconf 89' lang='lat' dir='ltr'><strong>maris</strong></span> <span class='ocrx_word' id='word_1_771' title='bbox 3276 5057 3330 5112; x_wconf 88' lang='lat' dir='ltr'><strong>in</strong></span> 
     </span>
    </p>
   </div>
   <div class='ocr_carea' id='block_1_110' title="bbox 1764 5136 3326 5212">
    <p class='ocr_par' dir='ltr' id='par_1_110' title="bbox 1764 5136 3326 5212">
     <span class='ocr_line' id='line_1_110' title="bbox 1764 5136 3326 5212; baseline 0.005 -20"><span class='ocrx_word' id='word_1_772' title='bbox 1764 5136 2014 5205; x_wconf 90' lang='lat' dir='ltr'><strong>Oceano;</strong></span> <span class='ocrx_word' id='word_1_773' title='bbox 2042 5141 2188 5209; x_wconf 89' lang='lat' dir='ltr'><strong>quod</strong></span> <span class='ocrx_word' id='word_1_774' title='bbox 2234 5143 2281 5195; x_wconf 91' lang='lat' dir='ltr'><strong>si</strong></span> <span class='ocrx_word' id='word_1_775' title='bbox 2335 5144 2461 5196; x_wconf 91' lang='lat' dir='ltr'><strong>luna</strong></span> <span class='ocrx_word' id='word_1_776' title='bbox 2492 5143 2786 5199; x_wconf 81' lang='lat' dir='ltr'><strong>novissima</strong></span> <span class='ocrx_word' id='word_1_777' title='bbox 2811 5144 3049 5212; x_wconf 86' lang='lat' dir='ltr'><strong>primave</strong></span> <span class='ocrx_word' id='word_1_778' title='bbox 3081 5145 3211 5200; x_wconf 92' lang='lat' dir='ltr'><strong>solis</strong></span> <span class='ocrx_word' id='word_1_779' title='bbox 3233 5146 3326 5200; x_wconf 90' lang='lat' dir='ltr'><strong>de-</strong></span> 
     </span>
    </p>
   </div>
   <div class='ocr_carea' id='block_1_111' title="bbox 1765 5229 3324 5306">
    <p class='ocr_par' dir='ltr' id='par_1_111' title="bbox 1765 5229 3324 5306">
     <span class='ocr_line' id='line_1_111' title="bbox 1765 5229 3324 5306; baseline 0.005 -24"><span class='ocrx_word' id='word_1_780' title='bbox 1765 5229 1943 5285; x_wconf 86' lang='lat' dir='ltr'><strong>fectus</strong></span> <span class='ocrx_word' id='word_1_781' title='bbox 1989 5231 2099 5296; x_wconf 86' lang='lat' dir='ltr'><strong>ﬁet,</strong></span> <span class='ocrx_word' id='word_1_782' title='bbox 2146 5233 2261 5286; x_wconf 73' lang='lat' dir='ltr'><strong>haec</strong></span> <span class='ocrx_word' id='word_1_783' title='bbox 2321 5234 2503 5288; x_wconf 86' lang='lat' dir='ltr'><strong>omnia</strong></span> <span class='ocrx_word' id='word_1_784' title='bbox 2542 5235 2942 5296; x_wconf 86' lang='lat' dir='ltr'><strong>vehementiora</strong></span> <span class='ocrx_word' id='word_1_785' title='bbox 2972 5236 3324 5306; x_wconf 74' lang='lat' dir='ltr'><strong>contingunt;</strong></span> 
     </span>
    </p>
   </div>
   <div class='ocr_carea' id='block_1_112' title="bbox 1766 5321 3326 5395">
    <p class='ocr_par' dir='ltr' id='par_1_112' title="bbox 1766 5321 3326 5395">
     <span class='ocr_line' id='line_1_112' title="bbox 1766 5321 3326 5395; baseline 0.006 -21"><span class='ocrx_word' id='word_1_786' title='bbox 1766 5321 2074 5378; x_wconf 87' lang='lat' dir='ltr'><strong>interventu</strong></span> <span class='ocrx_word' id='word_1_787' title='bbox 2107 5325 2308 5395; x_wconf 80' lang='lat' dir='ltr'><strong>quippe</strong></span> <span class='ocrx_word' id='word_1_788' title='bbox 2343 5327 2484 5381; x_wconf 65' lang='lat' dir='ltr'><strong>lunae</strong></span> <span class='ocrx_word' id='word_1_789' title='bbox 2535 5328 2666 5382; x_wconf 83' lang='lat' dir='ltr'><strong>solis</strong></span> <span class='ocrx_word' id='word_1_790' title='bbox 2715 5326 2852 5380; x_wconf 89' lang='lat' dir='ltr'><strong>radii</strong></span> <span class='ocrx_word' id='word_1_791' title='bbox 2880 5327 3135 5381; x_wconf 88' lang='lat' dir='ltr'><strong>occultati</strong></span> <span class='ocrx_word' id='word_1_792' title='bbox 3163 5328 3326 5383; x_wconf 82' lang='lat' dir='ltr'><strong>hebe-</strong></span> 
     </span>
    </p>
   </div>
   <div class='ocr_carea' id='block_1_113' title="bbox 1757 5414 1962 5469">
    <p class='ocr_par' dir='ltr' id='par_1_113' title="bbox 1757 5414 1962 5469">
     <span class='ocr_line' id='line_1_113' title="bbox 1757 5414 1962 5469; baseline 0.024 -5"><span class='ocrx_word' id='word_1_793' title='bbox 1757 5414 1962 5469; x_wconf 88' lang='lat' dir='ltr'><strong>tantu&#39;r.</strong></span> 
     </span>
    </p>
   </div>
   <div class='ocr_carea' id='block_1_114' title="bbox 1830 5505 3324 5580">
    <p class='ocr_par' dir='ltr' id='par_1_114' title="bbox 1830 5505 3324 5580">
     <span class='ocr_line' id='line_1_114' title="bbox 1830 5505 3324 5580; baseline 0.003 -21"><span class='ocrx_word' id='word_1_794' title='bbox 1830 5505 2161 5562; x_wconf 83' lang='lat' dir='ltr'><strong>Immensum</strong></span> <span class='ocrx_word' id='word_1_795' title='bbox 2190 5508 2319 5578; x_wconf 92' lang='lat' dir='ltr'><strong>quid</strong></span> <span class='ocrx_word' id='word_1_796' title='bbox 2351 5518 2434 5564; x_wconf 90' lang='lat' dir='ltr'><strong>est</strong></span> <span class='ocrx_word' id='word_1_797' title='bbox 2465 5519 2518 5564; x_wconf 92' lang='lat' dir='ltr'><strong>et</strong></span> <span class='ocrx_word' id='word_1_798' title='bbox 2547 5511 2661 5580; x_wconf 87' lang='lat' dir='ltr'><strong>ipsa</strong></span> <span class='ocrx_word' id='word_1_799' title='bbox 2693 5511 2853 5575; x_wconf 83' lang='lat' dir='ltr'><strong>luna;</strong></span> <span class='ocrx_word' id='word_1_800' title='bbox 2891 5525 3046 5580; x_wconf 74' lang='lat' dir='ltr'><strong>nugae</strong></span> <span class='ocrx_word' id='word_1_801' title='bbox 3076 5524 3236 5564; x_wconf 69' lang='lat' dir='ltr'><strong>merae</strong></span> <span class='ocrx_word' id='word_1_802' title='bbox 3260 5511 3324 5564; x_wconf 93' lang='lat' dir='ltr'><strong>il-</strong></span> 
     </span>
    </p>
   </div>
   <div class='ocr_carea' id='block_1_115' title="bbox 1759 5600 3322 5670">
    <p class='ocr_par' dir='ltr' id='par_1_115' title="bbox 1759 5600 3322 5670">
     <span class='ocr_line' id='line_1_115' title="bbox 1759 5600 3322 5670; baseline 0.004 -19"><span class='ocrx_word' id='word_1_803' title='bbox 1759 5600 1823 5654; x_wconf 85' lang='lat' dir='ltr'><strong>lae</strong></span> <span class='ocrx_word' id='word_1_804' title='bbox 1854 5607 1980 5656; x_wconf 87' lang='lat' dir='ltr'><strong>sunt</strong></span> <span class='ocrx_word' id='word_1_805' title='bbox 2000 5602 2264 5670; x_wconf 70' lang='lat' dir='ltr'><strong>planeque</strong></span> <span class='ocrx_word' id='word_1_806' title='bbox 2314 5601 2448 5667; x_wconf 65' lang='lat' dir='ltr'><strong>liras,</strong></span> <span class='ocrx_word' id='word_1_807' title='bbox 2479 5603 2634 5656; x_wconf 83' lang='lat' dir='ltr'><strong>nobis</strong></span> <span class='ocrx_word' id='word_1_808' title='bbox 2664 5617 2694 5654; x_wconf 90' lang='lat' dir='ltr'><strong>a</strong></span> <span class='ocrx_word' id='word_1_809' title='bbox 2723 5603 3032 5657; x_wconf 90' lang='lat' dir='ltr'><strong>temulentis</strong></span> <span class='ocrx_word' id='word_1_810' title='bbox 3090 5602 3322 5657; x_wconf 83' lang='lat' dir='ltr'><strong>aniculis</strong></span> 
     </span>
    </p>
   </div>
   <div class='ocr_carea' id='block_1_116' title="bbox 1760 5692 3322 5763">
    <p class='ocr_par' dir='ltr' id='par_1_116' title="bbox 1760 5692 3322 5763">
     <span class='ocr_line' id='line_1_116' title="bbox 1760 5692 3322 5763; baseline 0.001 -18"><span class='ocrx_word' id='word_1_811' title='bbox 1760 5694 2177 5755; x_wconf 89' lang='lat' dir='ltr'><strong>traditi,lunam</strong></span> <span class='ocrx_word' id='word_1_812' title='bbox 2235 5694 2509 5748; x_wconf 84' lang='lat' dir='ltr'><strong>veneficiis</strong></span> <span class='ocrx_word' id='word_1_813' title='bbox 2554 5695 2876 5762; x_wconf 80' lang='lat' dir='ltr'><strong>quibusdam</strong></span> <span class='ocrx_word' id='word_1_814' title='bbox 2919 5692 3138 5763; x_wconf 87' lang='lat' dir='ltr'><strong>pr0pria</strong></span> <span class='ocrx_word' id='word_1_815' title='bbox 3193 5693 3322 5747; x_wconf 81' lang='lat' dir='ltr'><strong>sede</strong></span> 
     </span>
    </p>
   </div>
   <div class='ocr_carea' id='block_1_117' title="bbox 1759 5785 3317 5855">
    <p class='ocr_par' dir='ltr' id='par_1_117' title="bbox 1759 5785 3317 5855">
     <span class='ocr_line' id='line_1_117' title="bbox 1759 5785 3317 5855; baseline 0.001 -17"><span class='ocrx_word' id='word_1_816' title='bbox 1759 5785 1963 5839; x_wconf 91' lang='lat' dir='ltr'><strong>moveri</strong></span> <span class='ocrx_word' id='word_1_817' title='bbox 1997 5793 2050 5840; x_wconf 91' lang='lat' dir='ltr'><strong>et</strong></span> <span class='ocrx_word' id='word_1_818' title='bbox 2081 5787 2134 5839; x_wconf 91' lang='lat' dir='ltr'><strong>in</strong></span> <span class='ocrx_word' id='word_1_819' title='bbox 2161 5793 2358 5839; x_wconf 87' lang='lat' dir='ltr'><strong>terram</strong></span> <span class='ocrx_word' id='word_1_820' title='bbox 2390 5787 2601 5852; x_wconf 90' lang='lat' dir='ltr'><strong>delabi;</strong></span> <span class='ocrx_word' id='word_1_821' title='bbox 2636 5793 2689 5839; x_wconf 88' lang='lat' dir='ltr'><strong>et</strong></span> <span class='ocrx_word' id='word_1_822' title='bbox 2714 5785 2962 5855; x_wconf 88' lang='lat' dir='ltr'><strong>quisnam</strong></span> <span class='ocrx_word' id='word_1_823' title='bbox 2994 5785 3138 5838; x_wconf 86' lang='lat' dir='ltr'><strong>illam</strong></span> <span class='ocrx_word' id='word_1_824' title='bbox 3164 5785 3317 5839; x_wconf 78' lang='lat' dir='ltr'><strong>locus</strong></span> 
     </span>
    </p>
   </div>
   <div class='ocr_carea' id='block_1_118' title="bbox 1761 5872 3314 5950">
    <p class='ocr_par' dir='ltr' id='par_1_118' title="bbox 1761 5872 3314 5950">
     <span class='ocr_line' id='line_1_118' title="bbox 1761 5872 3314 5950; baseline -0.001 -20"><span class='ocrx_word' id='word_1_825' title='bbox 1761 5877 2035 5948; x_wconf 80' lang='lat' dir='ltr'><strong>delapsam</strong></span> <span class='ocrx_word' id='word_1_826' title='bbox 2066 5878 2373 5949; x_wconf 80' lang='lat' dir='ltr'><strong>exceperit?</strong></span> <span class='ocrx_word' id='word_1_827' title='bbox 2400 5894 2572 5950; x_wconf 70' lang='lat' dir='ltr'><strong>neque</strong></span> <span class='ocrx_word' id='word_1_828' title='bbox 2602 5893 2695 5948; x_wconf 89' lang='lat' dir='ltr'><strong>per</strong></span> <span class='ocrx_word' id='word_1_829' title='bbox 2718 5892 2957 5932; x_wconf 81' lang='lat' dir='ltr'><strong>errorem</strong></span> <span class='ocrx_word' id='word_1_830' title='bbox 2993 5876 3044 5929; x_wconf 91' lang='lat' dir='ltr'><strong>in</strong></span> <span class='ocrx_word' id='word_1_831' title='bbox 3073 5872 3314 5928; x_wconf 80' lang='lat' dir='ltr'><strong>fraudem</strong></span> 
     </span>
    </p>
   </div>
  </div>
