4044 6324
707 425 806 479 ἳζῧ

1540 424 1598 478 S.
1639 421 2081 480 EUSTATHIUS
2115 424 2598 485 ANTIOCIIENUS
2635 423 3031 484 EPISCOPUS.

3811 424 3905 478 72‘

703 540 957 603 inourrit,
983 556 1158 610 neque
1179 539 1325 611 quod
1354 541 1548 596 visioni
1583 557 1806 611 parvum
1851 553 2087 597 externa:
2118 541 2260 599 vide-

2365 548 2470 618 γὰρ
2521 547 2826 618 ἐξηπάτησε
2876 545 2936 598 τὸ
2984 543 3296 614 φαινόμενον
3346 540 3420 603 ὡς
3461 536 3658 610 μικρὸν
3690 556 3741 592 τι
3780 532 3908 591 εἶναι

702 639 812 694 tur,
847 648 1070 702 parvum
1126 633 1176 686 id
1224 649 1346 688 esse
1393 633 1651 688 indicato.
1687 632 1879 688 Nostra
1901 633 2046 688 enim
2097 636 2257 699 visio,

703 737 827 776 cum
862 725 973 792 ipsa
998 739 1158 792 parva
1196 726 1285 787 sit,
1315 740 1475 793 parva
1507 725 1671 778 etiam
1705 732 1758 780 et
1792 739 1852 779 ea
1888 740 2008 793 quae
2033 740 2262 780 cernen-

704 820 812 875 tur,
848 821 906 866 ut
953 817 1237 882 Opinemur
1268 831 1409 876 esse.
1468 814 1649 877 eﬂicit,
1701 816 1979 885 proprium
2013 815 2256 869 morbum

701 903 864 958 rebus
897 906 1027 960 visis
1057 908 1498 970 communicaris;
1540 921 1772 974 namque
1804 907 1964 960 etiam
2011 906 2056 960 si
2080 907 2201 975 quis
2229 921 2261 960 e

704 998 1010 1051 summitate
1041 1002 1302 1050 montium
1339 1012 1558 1066 campos
1583 1005 1843 1065 patentes.
1885 1005 1937 1052 et
1962 997 2014 1050 in
2046 997 2153 1050 illis
2186 996 2262 1050 si-

703 1086 813 1138 mul
850 1087 1013 1142 boves
1047 1098 1327 1156 pascentes
1358 1088 1684 1156 despexerit.
1745 1086 1997 1142 formicas
2031 1087 2134 1140 sibi
2182 1087 2260 1139 vi-

703 1173 832 1228 dere
857 1174 1146 1230 videbitur.
1183 1176 1338 1232 Visio
1366 1179 1508 1231 enim
1542 1191 1637 1246 per
1665 1191 1841 1229 aerem
1873 1185 2184 1239 extenuata,
2206 1182 2260 1228 et

703 1265 860 1330 quasi
901 1281 1252 1332 evanescens,
1288 1283 1374 1321 res
1420 1269 1522 1321 sibi
1552 1266 1796 1333 objectas
1827 1267 2102 1334 percipere
2152 1281 2258 1320 non

703 1355 862 1409 valet.
901 1355 1096 1410 Verum
1132 1359 1273 1413 lume
1292 1375 1489 1428 corpus
1519 1359 1813 1413 maximum
1837 1373 1958 1411 esse
1989 1358 2077 1410 illa
2100 1372 2260 1427 argu-

705 1455 886 1498 mento
923 1457 1071 1502 sunt.
1115 1449 1373 1504 Civitates
1397 1450 1540 1503 enim
1565 1451 1621 1503 in
1653 1458 1919 1503 terrarum
1961 1449 2092 1502 orbe
2118 1449 2258 1502 mul-

703 1544 817 1588 tum
854 1537 997 1592 inter
1027 1555 1086 1594 se
1133 1540 1398 1595 distantes
1429 1543 1693 1610 longeque
1725 1543 2004 1610 sejunctaz,
2075 1542 2260 1611 strigis

704 1644 823 1697 quae
849 1627 1122 1686 Orientem
1151 1634 1636 1703 respiciunt,:nque
1675 1648 1865 1688 omnes
1913 1633 2052 1686 luna:
2080 1633 2260 1686 lumen

703 1721 1006 1790 excipiunt;
1030 1732 1083 1777 et
1113 1723 1362 1780 similiter
1385 1740 1615 1780 occasus
1668 1733 1721 1776 et
1754 1724 2174 1779 meridianarum
2207 1731 2261 1778 et

705 1814 1026 1868 australium
1058 1817 1292 1885 partium
1316 1819 1506 1871 incola:
1529 1826 1790 1886 spectant.

2360 638 2724 710 νομιζόμενον.
2760 635 2946 707 Μικρὰ
2971 635 3076 705 γὰρ
3108 635 3140 704 ὴ
3183 632 3302 701 ὄψις
3331 630 3481 701 ἡμῶν
3511 630 3790 698 γινομένη,
3825 646 3906 697 μι-

2362 727 2466 797 κρὰ
2495 726 2715 796 εποίησε
2748 722 3055 795 νομίζεσθαι
3103 721 3196 774 καὶ
3224 721 3291 774 τὰ
3320 720 3590 790 ὁρώμενα,
3623 719 3686 770 τὺ
3723 720 3906 772 οἰκεῖον

2363 819 2530 881 πάθος
2564 820 2676 880 τοῖς
2715 818 2927 888 ὁρατοῖς
2968 814 3317 883 ἐπιφέρουσα.
3358 811 3569 881 ’Ὥσπερ
3595 809 3706 880 γὰρ
3748 809 3801 862 ετ
3833 826 3908 871 τις

2361 912 2446 962 ἐπ’
2477 908 2783 980 ἀκρωρείας
2810 906 3050 958 θεάσοιτο
3079 904 3235 955 πεδία
3263 903 3352 955 καί
3385 900 3514 970 βόας
3551 901 3642 952 ἐπὶ
3683 901 3743 952 τὸ
3786 901 3908 954 αὐτὸ

2360 1002 2677 1071 νεμομένας,
2696 1000 2844 1070 οὐχὶ·
2867 999 2941 1061 ὡς
2964 999 3262 1068 μυρμήκων
3281 993 3578 1062 φαντασίαν
3596 995 3728 1063 ὁρᾷν
3746 994 3903 1046 δοκεῖ·

2361 1090 2781 1160 ὲνδαπανηθεῖσα
2833 1089 2936 1158 γὰρ
2987 1087 3065 1156 τῷ
3113 1087 3232 1155 ἀέρι
3275 1088 3308 1154 ἡ
3341 1084 3478 1152 ὄψις,
3534 1083 3626 1135 καὶ
3675 1082 3909 1152 ἐξίτηλος

2360 1183 2645 1254 γενομένη,
2677 1180 2811 1251 πρὸς
2854 1179 2952 1250 τὴν
2980 1177 3180 1248 ἀκριϐῆ
3210 1175 3534 1242 κατανόησιν
3561 1172 3672 1224 τῶν
3703 1174 3909 1242 ὁρωμέ-

2361 1295 2464 1328 νων
2497 1277 2594 1327 οὐκ
2628 1272 2860 1345 ἐξαρκεῖ.
2906 1271 3016 1324 Καὶ
3053 1272 3134 1323 ὅτι
3175 1265 3521 1338 παμμέγεθες
3552 1263 3652 1332 τῆς
3691 1263 3909 1333 σελήνης

2359 1367 2418 1418 τὸ
2450 1365 2607 1435 σῶμά
2652 1367 2785 1425 ἐστι,
2825 1361 3012 1432 μαθεῖν
3055 1362 3120 1413 ὲκ
3154 1357 3461 1429 τεκμηρίων
3502 1355 3670 1406 ἔστιν.
3702 1355 3764 1404 Δί
3804 1357 3908 1422 γὰρ

2360 1460 2503 1513 κατὰ
2530 1460 2626 1529 τὴν
2656 1456 2976 1524 οἰκουμένην
3003 1453 3181 1514 πόλεις
3213 1450 3456 1504 πλεῖστον
3484 1445 3728 1514 ἀλλήλων
3762 1445 3908 1513 ἀπῳ-

2362 1549 2633 1618 κισμέναι,
2675 1549 2794 1610 ταῖς
2827 1545 2966 1599 κατὰ
2996 1545 3094 1614 τὴν
3126 1540 3386 1610 ἀνατολὴν
3412 1535 3785 1607 τετραμμέναι
3813 1537 3902 1604 ῥυ-

2363 1635 2664 1711 μοτομίαις,
2697 1639 2756 1704 ἐξ
2797 1640 2912 1691 ῐσου
2942 1639 3110 1689 πᾶσαι
3148 1636 3208 1686 τὺ
3251 1633 3526 1701 σεληναῖον
3564 1628 3681 1696 φῶς
3726 1627 3910 1679 om-

2360 1749 2561 1802 χονται,
2593 1733 2684 1785 καὶ
2714 1731 2913 1802 ὁμοίως
2940 1729 3105 1799 αὐτὴν
3133 1728 3182 1779 οἱ
3207 1725 3303 1796 τὴν
3333 1724 3480 1777 δύσιν
3509 1720 3785 1782 οἰκοῦντες
3818 1720 3912 1771 καὶ

2360 1823 2427 1875 τὰ
2459 1821 2798 1892 μεσημϐρινὰ
2823 1821 2916 1873 καὶ
2945 1817 3162 1888 ἁρκτῷα
3199 1816 3334 1886 μέρη
3365 1811 3676 1883 θεωροῦσιν.

775 1901 975 1968 Quinto
1003 1917 1182 1960 autem
1219 1908 1323 1970 die,
1361 1909 1498 1961 Deus
1521 1909 1668 1978 aquis
1724 1917 1782 1959 ut
1843 1909 2136 1960 animarum
2192 1908 2260 1961 vi-

2432 1913 2509 1981 Τῇ
2537 1911 2582 1963 δ’
2607 1912 2786 1982 ἡμέρᾳ
2818 1913 2882 1980 τῇ
2912 1909 3133 1978 πέμπτῃ
3155 1901 3519 1973 προσέταξεν
3548 1905 3581 1954 ό
3610 1899 3753 1964 Θεύς
3773 1898 3913 1962 ἐξαρ-

710 1997 932 2048 oentium
967 1998 1173 2064 reptilia
1217 1999 1499 2052 secundant
1542 2013 1700 2068 genus
1734 1999 2072 2066 producerent
2096 1999 2260 2066 jussit

711 2086 753 2117 "
775 2089 1103 2168 ;_statimque
1135 2105 1282 2145 mare
1309 2093 1461 2144 varia
1485 2091 1839 2144 animantium
1874 2105 2069 2160 genera
2103 2106 2263 2159 pepe-

708 2176 798 2227 rit.
829 2175 1028 2229 llorum
1065 2179 1307 2248 quaedam
1338 2194 1444 2234 non
1476 2181 1656 2233 minus
1685 2179 1849 2232 humo
1880 2194 2039 2247 quam
2069 2186 2263 2248 stagno

708 2277 1096 2333 consuescunt,
1126 2270 1291 2322 veluti
1323 2270 1470 2322 vituli
1503 2269 1714 2330 marini,
1743 2283 1878 2338 quos
1911 2275 2105 2322 vocant
2132 2269 2262 2336 pho-

708 2372 835 2422 cas;
867 2358 1148 2422 crocodili,
1172 2362 1296 2428 equi
1319 2359 1623 2424 ﬂuviatiles,
1648 2375 1746 2413 nec
1776 2375 1884 2414 non
1929 2367 1981 2412 et
2017 2373 2179 2423 ranae,
2209 2367 2264 2412 et

709 2448 914 2508 cancri,
950 2447 1147 2516 quibus
1194 2448 1415 2502 natandi
1455 2464 1562 2502 non
1624 2449 1762 2503 inest
1817 2447 2082 2514 facultas;
2139 2464 2260 2502 eum

708 2537 852 2590 enim
882 2546 1074 2592 natura
1097 2539 1148 2591 id
1196 2540 1428 2593 habeant
1471 2546 1528 2593 ut
1560 2547 1770 2607 repant,
1807 2537 1972 2592 ductu
1998 2554 2260 2607 aquarum

709 2628 1024 2683 trahuntur.
1055 2630 1311 2695 Qumdam
1348 2631 1598 2685 animalia
1649 2633 1888 2702 pariunt,
1921 2631 2086 2683 veluti
2109 2631 2261 2683 vituli

709 2718 929 2782 marini,
957 2719 1214 2788 delphini,
1242 2723 1566 2790 torpedines,
1598 2731 1650 2777 et
1674 2725 1756 2778 his
1786 2721 2000 2778 similia.
2030 2719 2262 2776 Tantum

712 2805 854 2860 Deus
875 2808 1059 2876 jussit,
1088 2817 1139 2864 et
1162 2813 1338 2879 pisces
1361 2828 1568 2876 omnes,
1605 2814 1718 2867 sive
1767 2814 1844 2868 illi
1880 2813 1934 2865 in
1965 2811 2074 2864 alto
2106 2814 2260 2874 mari.

711 2893 824 2946 sive
855 2895 905 2946 in
935 2895 1134 2958 littore,
1169 2899 1281 2952 sive
1311 2900 1365 2952 in
1415 2899 1538 2952 imis
1587 2902 1853 2968 partibus,
1896 2903 2009 2956 sive
2037 2905 2091 2957 in
2117 2905 2263 2957 saxis

710 2989 969 3054 gregatim
1005 2989 1085 3042 vel
1117 2991 1343 3059 sparsim
1360 2993 1568 3055 vivunt,
1599 2993 1710 3045 sive
1742 2994 2018 3050 immensae
2054 2996 2258 3063 magni-

709 3080 917 3133 tudinis
946 3089 1082 3145 cete,
1112 3082 1224 3136 sive
1255 3083 1602 3136 minutissimi
1647 3083 1972 3152 prodi-bant;
2029 3083 2260 3138 naturali

709 3169 940 3239 quadam
975 3183 1097 3222 cum
1150 3171 1304 3238 aquis
1334 3169 1590 3225 afﬁnitate
1622 3172 1921 3240 coniuncti.
1981 3169 2263 3240 Paulisper

708 3260 850 3308 enim
881 3257 926 3309 si
960 3257 1028 3310 ab
1050 3259 1206 3325 aquis
1228 3268 1569 3328 separentur,
1605 3261 1846 3329 spirandi
1882 3260 2139 3315 facultate
2167 3260 2257 3314 de-

708 3344 901 3409 stituti,
938 3346 1237 3411 intereunt;
1289 3362 1411 3400 nam
1440 3348 1828 3402 branchiarum
1859 3349 2176 3403 dilatatione
2208 3356 2262 3402 et

708 3435 1078 3490 contractione
1113 3436 1378 3505 recipiunt
1401 3453 1595 3507 aquam
1623 3448 1676 3493 et
1721 3440 1994 3504 emittunt,
2021 3441 2262 3494 vitalem-

709 3541 813 3593 que
843 3525 984 3579 hunc
1007 3527 1247 3581 habitum
1283 3528 1550 3594 reddunt;
1588 3530 1770 3585 nullus
1805 3532 1942 3585 inter
1981 3546 2074 3585 eos
2096 3530 2261 3582 dimi-

707 3618 884 3672 diatos
939 3618 1099 3671 habet
1153 3619 1363 3680 dentes,
1403 3619 1495 3674 sed
1547 3637 1736 3676 omnes
1780 3622 1889 3675 illis
1941 3621 2262 3675 acuminatis

705 3705 1047 3771 muniuntur,
1099 3722 1164 3760 ne
1218 3706 1308 3759 ditt
1362 3708 1416 3761 in
1453 3708 1758 3762 mandendo
1784 3709 2045 3778 impediti,
2081 3709 2262 3762 cibum

705 3797 1031 3852 difﬂuentem
1085 3797 1369 3862 amittant;
1405 3812 1535 3851 sane
1568 3799 1710 3851 enim
1757 3805 1887 3851 tunc
1940 3799 2091 3852 cibus
2127 3797 2264 3851 male

706 3889 1043 3960 perderetur.
1084 3887 1243 3942 Solus
1271 3890 1496 3957 piscium
1528 3905 1718 3945 scarus
1743 3889 1941 3943 dicitur
1963 3890 2260 3953 ruminare,

711 3980 1087 4048 alimentisque
1120 3980 1261 4042 aliis,
1292 3981 1380 4032 alii
1430 3981 1532 4033 sibi
1583 3983 1968 4035 consentaneis
2014 3989 2258 4034 utuntur.

707 4069 938 4133 Quidam
969 4070 1110 4123 enim
1142 4070 1256 4122 luto
1276 4080 1587 4134 vescuntur,
1644 4072 1731 4124 alii
1785 4073 1926 4141 alga,
1960 4072 2048 4125 alii
2082 4072 2264 4126 herbis

706 4178 825 4229 qua:
853 4161 907 4214 in
939 4175 1076 4231 aqua
1127 4167 1400 4224 crescunt,
1433 4162 1652 4230 quidam
1687 4161 1850 4215 etiam
1908 4176 2029 4215 sese
2075 4171 2264 4215 mutuo

706 4253 984 4308 devorant.

779 4346 988 4398 Habent
1042 4347 1165 4400 item
1197 4353 1250 4400 et
1281 4360 1407 4398 suas
1464 4345 1840 4414 proprietates.
1877 4343 2038 4397 Serra
2087 4344 2255 4412 piscis

706 4441 821 4494 alas
859 4440 1018 4492 habet
1037 4439 1296 4507 oblongas
1319 4479 1332 4499 ,
1359 4437 1404 4491 si
1442 4452 1630 4490 navem
1657 4435 1910 4510 secundis
1942 4437 2118 4490 ventis
2147 4451 2266 4489 cur-

2362 2002 2562 2072 ταγεῖν
2589 2001 2659 2054 τὰ
2696 2001 2887 2054 ὕδατα
2919 1999 3134 2066 ἑρπετὰ
3168 1991 3380 2062 ψυχῶν
3409 1989 3611 2052 ζωσῶν
3647 1990 3796 2043 κατὰ
3821 1986 3916 2057 rd»

2360 2110 2484 2160 νος·
2516 2094 2610 2146 καὶ
2636 2091 2834 2153 εὐθέως
2865 2092 2897 2160 ὴ
2935 2091 3031 2160 μὲν
3060 2087 3300 2142 θάλασσα
3331 2085 3556 2136 παντοῖα
3589 2081 3741 2147 ζώων
3779 2081 3915 2150 γένη

2361 2185 2586 2254 διάφορα
2628 2181 2923 2250 ἀπεκύησε.
2964 2180 3083 2233 Τῶν
3120 2179 3226 2248 γὰρ
3274 2175 3494 2230 ἐναλίων
3518 2172 3588 2226 τὰ
3627 2173 3726 2242 μέν
3766 2175 3915 2224 ἐστιν

2362 2275 2614 2346 ἀμφίϐια,
2643 2269 2751 2326 οἷον
2793 2272 2990 2340 φῶκαι.
3031 2269 3124 2322 καὶ
3154 2265 3498 2338 κροκόδειλοι,
3529 2262 3623 2315 καὶ
3664 2262 3713 2313 οἱ
3745 2275 3916 2312 ποτα-

2365 2371 2530 2437 μιαῖοι
2553 2367 2727 2425 ἵπποι,
2758 2362 2836 2414 ἔτι
2869 2361 2926 2413 δὲ
2952 2363 3000 2413 oi
3042 2359 3317 2429 βάτραχοι,
3352 2355 3445 2408 καὶ
3470 2354 3520 2406 oi
3551 2353 3819 2423 καρκῖνοι,
3853 2349 3914 2401 οὗ

2365 2461 2542 2529 μέντοι
2586 2457 2647 2509 τὸ
2684 2452 2934 2524 νηκτικὺν
2965 2451 3166 2520 έχουσι·
3216 2443 3514 2518 ἑρπυστικέι
3559 2443 3667 2512 γάρ
3702 2445 3816 2495 ἐστι
3850 2442 3916 2509 τῇ
3963 2437 3980 2464 ‘

2362 2550 2538 2619 φύσει,
2569 2546 2647 2617 τῷ
2690 2547 2931 2616 ήγήματι
2975 2540 3066 2594 τοῦ
3099 2536 3286 2600 ὕδατος
3327 2535 3694 2606 ἐπισυρόμενα
3714 2550 3728 2562 ·
3759 2533 3832 2584 τὰ
3857 2531 3916 2584 δὲ

2361 2640 2619 2705 ζωοτ6κα,
2660 2632 2770 2689 οἷον
2809 2635 3006 2704 φῶκαι,
3038 2631 3131 2684 καὶ
3157 2631 3414 2697 δελφῖνες,
3449 2626 3543 2680 καὶ⁸
3575 2627 3790 2695 νάρκαι,
3824 2624 3919 2676 καὶ

2361 2734 2428 2788 τὰ
2449 2736 2604 2803 ὅμοια
2633 2730 2830 2791 αὐτοῖς,
2861 2729 3033 2782 Μόνον
3061 2727 3118 2779 δὲ
3151 2720 3474 2796 προσέταξεν
3503 2721 3532 2772 ό
3552 2718 3705 2781 Θεὸς,
3731 2717 3829 2769 καὶ
3854 2715 3920 2768 τὰ

2363 2826 2611 2893 πελάγια,
2656 2822 2751 2874 καὶ
2779 2820 2846 2872 τὰ
2886 2815 3199 2887 αἱγιαλώδη,
3226 2814 3294 2867 τὰ
3322 2812 3499 2883 βύθια,
3539 2811 3610 2863 τὰ
3639 2805 3918 2878 ττετριὲιδη,

2360 2919 2428 2972 τὰ
2445 2917 2690 2985 ἀγελαῖα,
2718 2914 2785 2967 τὰ
2806 2908 3208 2983 σποραδικὰ,τὰ
3238 2908 3399 2977 κήτη,
3424 2904 3491 2957 τὰ
3518 2902 3822 2973 ὑπέρογκα,
3851 2898 3924 2952 τὰ

2360 3010 2656 3062 λεπτότατα
2699 3004 2805 3058 τῶν
2852 3003 3046 3073 ἰχθύων
3086 2999 3281 3070 προΐει,
3333 2993 3648 3063 συγγένειαν
3684 2991 3823 3062 πρὸς
3863 2989 3924 3043 τὺ

2362 3098 2502 3170 ὕδωρ
2531 3096 2760 3166 φυσικὴν
2793 3094 3001 3163 ἔχοντα.
3025 3089 3234 3162 Μικρὸν
3262 3087 3370 3158 γὰρ
3399 3089 3446 3140 εἰ
3471 3085 3563 3138 τοῦ
3593 3084 3784 3146 ὓδατος
3811 3100 3923 3152 χω-

2287 3229 2330 3284 C
2366 3190 2543 3262 ρισθῇ,
2574 3188 2646 3259 μὴ
2674 3187 2862 3257 ἔχοντα
2887 3183 3176 3252 ἀναπνοὴν,
3203 3178 3588 3284 διαφθείρεταισ
3613 3174 3790 3284 vel?
3815 3172 3926 3284 ἰῶν

2366 3279 2638 3350 βραγχίων
2666 3279 2844 3338 αὐτοῖς
2885 3273 3151 3341 διαστολὴ,
3185 3271 3279 3324 καὶ
3320 3268 3622 3332 ὲπίπτυξις,
3650 3265 3924 3335 δεχομένη

2361 3371 2421 3423 τὸ
2453 3370 2614 3438 ὕδωρ,
2658 3369 2748 3420 καὶ
2813 3365 3024 3425 διιεῖσα,
3057 3361 3258 3431 ταύτην
3286 3360 3381 3430 τὴν
3408 3358 3678 3425 ἀναπνοὴν
3725 3357 3925 3426 κέκτη-

2360 3478 2469 3515 ται.
2505 3459 2665 3512 Οὐδὲν
2689 3456 2818 3529 παρ’
2845 3457 3022 3517 αὐτοῖς
3046 3452 3103 3519 ἐξ
3125 3450 3372 3522 ἡμισείας
3397 3449 3506 3519 ἔχει
3525 3448 3651 3509 τοὺς
3675 3446 3927 3507 ὀδόντας,

2361 3550 2497 3604 ἀλλὰ
2536 3549 2710 3603 πάντα
2741 3545 2945 3599 ὀδοῦσιν
2973 3543 3115 3610 ὀξέσι
3146 3539 3654 3600 καταπεπύκνωται,
3690 3535 3836 3607 πρὸς
3869 3535 3929 3587 τὸ

2366 3643 2439 3712 μὴ
2467 3639 2733 3710 διαρῤέειν
2759 3640 2824 3706 τῇ
2853 3636 3037 3707 χρονία
3069 3633 3300 3703 μασήσει
3319 3629 3414 3699 τὴν
3436 3629 3659 3698 τροφήν.
3687 3624 3929 3695 Ἔμελλε

2363 3733 2470 3803 γὰρ
2519 3734 2575 3784 ὲν
2626 3733 2690 3800 τῇ
2739 3728 2909 3798 λεπτῇ
2967 3727 3194 3796 μασήσει
3235 3717 3634 3790 διαφθείρεσθαι
3678 3717 3792 3770 ὑπὸ
3831 3716 3928 3770 τοῦ

2365 3824 2570 3885 ὓδατος.
2613 3823 2702 3891 Μη
2713 3819 2916 3890 ρυκίζει
2971 3817 3025 3869 δὲ
3052 3815 3202 3870 οὐδὲν
3228 3813 3354 3867 ἄλλο
3384 3813 3512 3882 παρ’
3535 3811 3719 3872 αὐτοῖς
3747 3811 3799 3861 ει
3851 3809 3927 3877 μὴ

2362 3917 2391 3967 ὸ
2419 3913 2635 3984 σκάρος.
2671 3910 2825 3962 Ἐστι
2854 3907 2910 3960 δὲ
2943 3907 3035 3960 καὶ
3063 3908 3094 3976 ή
3137 3902 3310 3975 τροφὴ
3345 3900 3474 3970 ἄλλη
3515 3897 3688 3959 ἄλλοις
3715 3897 3930 3949 κατάλ-

2363 4006 2539 4075 ληλος.
2565 4005 2628 4056 Οἱ
2661 4003 2757 4073 μὲν
2786 4001 2893 4071 γὰρ
2924 3999 3026 4052 ἱλύῖ
3045 3999 3352 4070 τρέφονται,
3381 3994 3428 4046 oi
3460 3992 3516 4044 δὲ
3541 3993 3650 4052 τοῖς
3677 3991 3928 4056 φυκίοις,

2364 4101 2508 4154 ἄλλοι
2538 4100 2658 4160 ταῖς
2688 4096 2933 4166 βοτάναις
2953 4097 3070 4157 ταῖς
3091 4091 3448 4163 τρεφομέναις
3478 4086 3553 4158 τῷ
3586 4084 3742 4138 ὕδατι
3762 4101 3778 4114 ·
3813 4084 3932 4135 ἓτε-

2368 4210 2447 4262 ροι
2472 4191 2526 4244 δέ
2555 4193 2689 4243 εἰσιν
2718 4187 3095 4258 ἁλληλοφάγοι.

2439 4349 2592 4400 Ἔστι
2619 4345 2674 4398 δὲ
2703 4343 2882 4396 αὐτῶν
2920 4341 3013 4394 καὶ
3053 4341 3282 4408 διάφορα
3322 4336 3595 4406 ἰδιώματα.
3636 4333 3698 4385 '0
3745 4327 3929 4400 πριὼν

2367 4441 2638 4511 πτέρυγας
2665 4438 2775 4507 ἔχει
2806 4435 3035 4506 μακράς·
3063 4432 3155 4485 καὶ
3180 4429 3508 4498 θεασάμενος
3533 4424 3711 4476 πλοῖον
3745 4424 3930 4493 οὐριο-

705 4547 826 4586 sum
853 4538 1121 4583 tenentem
1155 4544 1310 4582 suum
1346 4529 1558 4585 viderit.
1589 4528 1760 4581 alisin
1786 4529 1953 4580 altum
2001 4527 2260 4590 extensis,

2364 4529 2617 4600 δρομοῢν,
2669 4529 2762 4580 καὶ
2806 4525 2966 4589 αὐτὸς
3007 4521 3223 4592 ὑψὼσας
3263 4517 3452 4572 ἑαυτοῦ
3485 4515 3578 4576 τὰς
3614 4512 3925 4581 πτέρυγας,

707 4622 862 4674 navis
883 4620 1061 4674 varios
1087 4618 1434 4688 ingrediendo
1467 4626 1647 4672 motus
1679 4625 1839 4687 atque
1864 4618 2062 4687 ﬁguras
2085 4619 2262 4671 imita-

706 4719 818 4770 tur.
849 4719 900 4764 et
928 4725 1050 4763 cum
1088 4711 1218 4776 ipsis
1246 4709 1626 4777 navigantibus
1655 4709 1720 4763 de
1741 4725 1904 4763 cursu
1936 4716 2134 4769 certat;
2159 4709 2259 4776 qui

709 4804 800 4855 ubi
833 4801 1191 4871 quadraginta
1240 4802 1536 4856 stadiorum
1571 4802 1804 4870 spatium
1836 4801 2152 4870 expleverit,
2191 4801 2262 4851 la-

709 4895 838 4946 bore
865 4892 1139 4961 fatigatus,
1165 4892 1264 4946 alis
1307 4892 1565 4953 dimissis,
1615 4906 1826 4945 summa
1873 4905 2014 4961 aqua
2041 4899 2256 4956 natans,

703 4984 758 5040 in
799 4984 1075 5052 proprium
1103 4983 1278 5035 locum
1310 4991 1455 5037 retro
1481 4993 1633 5038 actus
1664 4983 1903 5052 appellit.

777 5073 987 5128 Baiana
1031 5088 1192 5141 quam
1224 5073 1710 5140 Aspidecbelonam
1763 5073 1981 5142 quidam
2044 5073 2252 5130 dicunt.

706 5167 762 5218 in
795 5166 1107 5219 immensam
1143 5165 1564 5232 magnitudinem
1599 5164 1879 5226 adolescit,
1909 5164 1982 5216 ita
2017 5173 2074 5216 ut
2107 5164 2259 5217 navi-

705 5257 958 5326 gantibus
1006 5257 1238 5324 speciem
1275 5256 1510 5324 ingentis
1543 5255 1734 5308 insula:
1758 5265 2128 5324 repraesentet.
2183 5254 2267 5307 Ex‘

703 5347 970 5418 profundo
998 5362 1226 5416 namque
1257 5362 1539 5415 emergens
1580 5347 1779 5399 eminet
1813 5346 1974 5400 dorso
2031 5346 2257 5398 multum

703 5456 867 5509 supra
896 5455 1084 5508 aquas,
1113 5437 1252 5507 quod
1284 5437 1436 5491 duris
1475 5439 1790 5506 asperisque
1819 5439 1965 5491 saxis
2005 5437 2258 5490 vestitum

702 5512 955 5593 videtur;
985 5538 1038 5582 et
1087 5530 1140 5582 in
1181 5545 1244 5583 eo
1277 5529 1394 5582 lixis
1441 5529 1580 5597 palis
1627 5542 1792 5582 naves
1841 5521 2083 5596 alligant,
2141 5540 2260 5594 quae

703 5622 883 5674 statim
910 5623 960 5674 in
992 5636 1188 5689 aquam
1217 5629 1520 5688 emergunt,
1545 5635 1666 5674 cum
1689 5619 1893 5672 balaena
1926 5618 2260 5687 apricatione

704 5713 989 5766 ini-aluerit
1016 5727 1180 5781 seque
1229 5713 1280 5766 in
1311 5711 1636 5780 profundum
1676 5710 2038 5767 immerserit:
2099 5709 2260 5765 habet

779 5806 819 5841 "
852 5803 976 5860 Cen.
1016 5821 1055 5872 1,
1093 5806 1173 5862 15.

2371 4625 2612 4692 μιμεῖται
2658 4621 2757 4688 τῆς
2801 4617 2925 4688 νηὸς
2964 4616 3030 4668 τὰ
3057 4616 3324 4684 ⁴σχήματα
3361 4611 3462 4678 τῆς
3499 4606 3788 4675 κινήσεως,
3835 4603 3929 4656 καὶ

2367 4711 2532 4783 ἐρίζει
2559 4712 2670 4772 τοῖς
2714 4707 2949 4760 πλέουσι.
2981 4706 3217 4773 Ποιήσας
3242 4697 3333 4754 οὖν
3377 4697 3616 4757 σταδίους
3641 4694 3925 4764 τεσσαρα-

2368 4819 2545 4862 κοντα,
2585 4800 2676 4854 καὶ
2709 4799 2994 4860 κοπιάσας,
3033 4795 3278 4863 καθίησιν
3306 4789 3467 4845 αὑτοῦ
3494 4788 3586 4850 τὰς
3617 4783 3924 4854 πτέρυγας,

2365 4895 2456 4948 καὶ
2504 4893 2724 4964 φέρεται
2771 4891 2876 4944 ὑπὸ
2913 4889 3026 4943 τῶν
3072 4887 3327 4957 κυμάτων
3369 4885 3449 4945 εἰς
3487 4881 3574 4932 τὸν
3616 4876 3790 4929 τόπον
3838 4876 3928 4928 τὸν

2365 4989 2513 5041 ἴδιον.

2433 5075 2505 5128 Τὸ
2535 5074 2589 5127 δὲ
2621 5075 2782 5144 κῆτος
2815 5072 3053 5125 καλεῖται
3077 5065 3175 5134 μὲν
3200 5059 3615 5132 Ἀσπιδοχελώνη
3642 5060 3804 5129 παρά
3843 5075 3925 5111 τι-

2363 5186 2475 5222 σιν·
2514 5167 2628 5219 ἐστι
2662 5166 2718 5219 δὲ
2749 5166 2815 5233 τῇ
2847 5162 3005 5230 φύσει
3043 5155 3576 5228 παμμεγεθέστατον,
3610 5152 3681 5212 ὡς
3719 5151 3924 5205 πολλά-

2361 5279 2447 5321 κις
2489 5249 2600 5323 τοῖς
2645 5254 3074 5323 ναυτιλλομένοις
3122 5254 3284 5322 νήσου
3337 5247 3576 5319 μεγάλης
3621 5247 3924 5311 φαπασέαν

2362 5353 2673 5420 ἐμποιῆσαι.
2725 5347 3101 5407 Ἀναδύσαντος
3143 5343 3252 5416 γὰρ
3291 5341 3452 5396 αὑτοῦ
3494 5342 3559 5394 ὲκ
3594 5336 3684 5390 τοῦ
3730 5334 3922 5404 βυθοῦ.

2366 5438 2439 5501 ὡς
2463 5439 2598 5491 λίθοι
2618 5440 2837 5508 τραχεῖς
2858 5436 2918 5488 τὸ
2944 5430 3097 5504 σῶμα
3123 5433 3284 5486 αὑτοῦ
3311 5431 3644 5500 ὲκφαίνεται,
3669 5425 3766 5477 καὶ
3798 5441 3923 5494 περι

2368 5529 2497 5582 αὐτὸ
2541 5529 2739 5591 πάλους
2779 5525 3216 5596 καταπηγνύντες
3245 5519 3563 5591 ὲκδεσμοῢσι
3595 5516 3662 5569 τὰ
3709 5516 3919 5582 σκάφη.

2369 5619 2518 5672 ἅτινα
2576 5618 2907 5690 παραχρῆμα
2957 5614 3244 5686 βυθίζεται,
3287 5611 3379 5664 τοῦ
3429 5611 3627 5679 κήτους
3680 5604 3790 5657 ὑπὸ
3830 5601 3920 5655 τοῦ

2375 5708 2524 5779 ἡλίου
2545 5708 3039 5780 διαθερμανθέντος,
3071 5706 3163 5758 καὶ
3183 5705 3260 5765 είς
3285 5700 3373 5755 τὸν
3400 5697 3562 5768 βυθὸν
3585 5693 3910 5750 καταδύσαν-
