4044 6324
166 303 276 365 723

1075 303 1346 361 ειυιιιλ.
1381 333 1450 344 --
1491 299 1846 358 COMMENT.
1882 299 1950 354 IN
1985 298 2484 359 HEXAEMERON.

3299 302 3407 359 720

160 445 294 492 τος·
332 428 439 501 εχει
467 430 526 483 δὲ
565 425 718 494 αὗτδ,
766 428 860 482 καὶ
888 426 1046 497 φύσει
1116 427 1337 499 βαρεῖαν
1373 426 1578 497 φωνὴν,
1636 425 1729 477 καὶ

1849 431 1886 477 ει
1909 437 2096 478 vocem
2117 436 2361 494 gravem,
2391 430 2447 477 et
2487 419 2630 476 tame
2669 435 2732 476 os
2763 420 2960 491 aperit,
2993 419 3411 476 suavissimum-

161 521 432 591 πεινῆσαν
490 522 727 590 ἀνοίγειν
767 521 828 573 τὸ
882 519 1084 590 στόμα,
1148 520 1243 572 καὶ
1300 517 1580 589 ἀποφορὰν
1638 519 1731 568 ὲκ-

160 614 410 684 πέμπειν
455 613 847 684 ιὺωδεστάτην.
894 612 1032 666 ὥστε
1085 611 1210 675 τοὺς
1269 611 1497 682 μικροὺς
1548 608 1734 679 ίχθύας

159 705 515 775 ἀφέλκεσθαι,
563 707 657 759 καὶ
697 707 777 768 είς
817 704 876 758 τὸ
921 705 1096 774 στόμα
1147 703 1342 765 αὐτοὺς
1388 702 1542 764 ὅλους
1571 699 1732 754 αὐτοῦ

156 795 628 860 ιπιστισάζεσθαι.
659 798 916 850 Κατοικεῖ
942 796 998 849 δὲ
1039 794 1196 848 τοῦτο
1226 795 1297 848 τά
1335 793 1616 847 Ἀτλάντια
1639 809 1734 845 πε-

156 886 302 959 λάγη
335 887 421 941 διὰ
444 887 508 941 τὺ
542 889 786 960 μέγεθος.

230 978 329 1050 Τῷ
364 980 422 1032 δὲ
462 981 704 1052 καρκίνῳ
735 983 766 1052 ὴ
809 979 944 1052 σὰρξ
983 979 1078 1034 τοῦ
1119 979 1340 1048 ὀστρέου
1375 977 1522 1030 ἐστὶν
1554 974 1736 1029 ἐδώδι-

162 1084 286 1139 μος,
317 1071 412 1124 καὶ
441 1070 516 1141 μὴ
551 1071 748 1142 ἰσχύων
781 1069 988 1136 ἀνοῖξαι
1031 1068 1139 1122 τῶν
1178 1070 1394 1138 κόγχων
1431 1065 1594 1120 αὑτοῦ
1636 1067 1736 1137 τὴν

160 1157 493 1229 σύμπτυξιν,
538 1161 786 1230 ἐπιτηρεῖ
830 1159 927 1222 τὰς
977 1157 1188 1228 πτυχὰς
1233 1156 1397 1210 αὑτοῦ
1450 1155 1737 1219 ἀνοίξαντα

158 1250 219 1303 ὲν
264 1253 383 1313 τοῖς
425 1251 724 1321 ἀπηνέμοις
765 1251 969 1313 τόποις,
1011 1248 1105 1301 καὶ
1144 1252 1209 1319 τῇ
1258 1249 1398 1318 αὐγῇ
1442 1246 1535 1300 τοῦ
1585 1247 1737 1317 ἡλίου

157 1343 517 1412 τερπόμενον,
556 1343 650 1394 καὶ
689 1338 867 1394 λαϐὼν
903 1339 1112 1409 ψηφῖδα
1153 1337 1393 1410 ἐντίθησι
1443 1335 1735 1405 λαθραίως,

160 1434 256 1488 καὶ
284 1435 486 1488 κωλύει
514 1434 613 1505 τὴν
668 1431 991 1504 σύμπτυξιν,
1035 1431 1130 1485 καὶ
1177 1429 1319 1483 οὕτω
1374 1427 1571 1501 ῥᾳδίως
1609 1426 1740 1481 αὐτὸ

161 1527 472 1581 κατέδεται.

242 1618 302 1672 ⁸0
326 1619 388 1671 δὲ
428 1622 602 1690 ὲχῖνος
661 1617 1022 1690 προγινώσκει
1050 1615 1145 1669 τοῦ
1190 1612 1454 1686 χειμῶνος
1482 1611 1576 1682 τὴν
1619 1611 1740 1680 ἐφο-

1835 531 1940 587 que
1977 515 2203 572 odorem
2258 513 2489 580 emittit;
2525 514 2604 577 ita
2629 521 2690 568 ut
2739 512 3010 584 pisciculi,
3062 512 3209 567 illius
3239 511 3410 568 odore

1835 607 2005 670 ducti,
2057 622 2253 662 omnes
2301 604 2466 661 simul
2519 605 2575 659 in
2605 604 2724 674 ejus
2769 619 2866 659 ore
2915 605 3410 674 constipentur;et

1838 705 2062 770 propter
2095 697 2420 754 immensam
2462 695 2658 752 molem
2696 695 3027 749 Atlanticum
3075 709 3227 750 mare
3255 694 3410 750 inco-

1836 788 1916 842 lit.

1910 987 2111 1043 Cancri
2169 995 2478 1042 ostrearum
2533 987 2754 1040 aluntur
2795 986 3074 1048 carnibus,
3117 986 3233 1056 qui,
3284 999 3409 1039 cum

1837 1094 2028 1133 earum
2058 1086 2233 1134 testas
2259 1078 2411 1135 ﬁrme
2444 1086 2762 1132 contractas
2796 1078 3011 1149 aperire
3039 1091 3148 1131 non
3168 1076 3408 1141 valeant,

1839 1173 1896 1227 in
1921 1186 2110 1227 earum
2137 1172 2310 1242 plicas
2350 1172 2404 1226 in
2442 1172 2579 1227 locis
2604 1171 2832 1231 placidis
2855 1179 2915 1225 'et
2945 1171 3076 1226 solis
3109 1169 3279 1224 radiis
3315 1184 3414 1242 pa-

1841 1270 2040 1325 tentes,
2073 1262 2345 1317 calculum
2380 1271 2658 1333 arreptum
2684 1263 2822 1316 clam
2867 1263 3177 1332 imponunt,
3211 1274 3416 1330 easque

1841 1355 2044 1410 frustra
2081 1371 2140 1411 se
2173 1355 2497 1410 contrahere
2530 1360 2803 1410 tentantes
2833 1352 3146 1409 comedunt.

1914 1613 2109 1669 Echini
2162 1616 2430 1670 saevitiam
2483 1617 2652 1672 maris
2704 1618 3056 1687 praesagiunt,
3088 1617 3414 1688 lapillosque

160 1708 270 1772 δον,
307 1709 405 1761 καὶ
424 1709 632 1781 ψηφῖδα
658 1710 950 1782 ὑπέρχεται
975 1708 1109 1781 πρὸς
1131 1708 1192 1760 τὸ
1219 1706 1294 1777 μὴ
1316 1705 1419 1757 ὑπὸ
1444 1703 1545 1773 τῆς
1569 1704 1738 1774 φορᾶς

1849 1706 2079 1761 subeunt
2129 1707 2296 1773 amri,
2347 1723 2417 1762 ne
2465 1722 2732 1778 aquarum
2788 1707 3127 1762 volutatione
3183 1707 3413 1763 mobiles

162 1799 268 1853 τῶν
296 1801 558 1871 κυμάτων
592 1803 754 1855 αὐτὸν
781 1799 1158 1873 περιάγεσθαι.

243 1888 304 1944 ’0
348 1892 408 1944 δὲ
456 1893 750 1957 πολύπους,
799 1892 1184 1964 προσπελάσας
1217 1891 1390 1961 πέτρᾳ
1433 1889 1558 1951 τινὶ,
1606 1889 1736 1958 ὁμό-

164 1999 320 2054 χρους
355 1985 494 2056 αὐτῇ
542 1985 868 2056 καθέστηκε,
920 1986 1013 2038 καὶ
1043 1986 1167 2046 τοὺς
1199 1983 1517 2051 ἐγγίζοντας
1550 1981 1737 2052 ἰχθύας

165 2075 227 2144 τῇ
261 2075 442 2146 πέτρᾳ
469 2076 772 2130 κατέδεται.

230 2165 576 2236 Μικρότατον
615 2167 671 2220 δὲ
717 2169 784 2237 τῇ
823 2165 980 2235 φύσει
1014 2168 1046 2236 ὴ
1093 2164 1300 2234 ἐχενηῒς
1333 2163 1608 2234 τυγχάνει,
1645 2164 1737 2216 καὶ⁹

166 2257 230 2310 τά
264 2256 499 2328 μέγιστα
525 2257 634 2311 τῶν
665 2243 862 2310 πλοίων
889 2258 946 2323 ἐξ
986 2258 1172 2327 οὐρίας
1205 2256 1479 2328 φερόμενα
1504 2257 1736 2326 ἵστησιν,

167 2346 300 2402 ὥστε
329 2348 506 2401 δοκεῖν
529 2350 589 2402 τὸ
620 2349 800 2401 πλοῖον
832 2347 1149 2419 ὲρηρεῖσθαι
1176 2351 1255 2410 είς
1283 2347 1346 2400 τὸ
1374 2347 1625 2416 πέλαγος.

237 2438 430 2509 ’Υδρις
471 2438 528 2490 δὲ
578 2437 723 2491 ἔστιν
765 2439 820 2490 ὲν
856 2438 934 2508 τῷ
984 2437 1234 2508 ποταμῷ,
1284 2439 1498 2509 μορφὴν
1543 2436 1736 2507 ἔχουσα

171 2530 359 2596 κυνὸς,
409 2531 533 2600 ἦτις
577 2529 670 2582 τοῦ
719 2530 1060 2600 κροκοδείλου
1106 2529 1274 2601 ἐχθρὰ
1320 2531 1595 2598 τυγχάνει,
1644 2529 1738 2580 καὶ

169 2621 378 2690 ἀναιρεῖ
409 2618 595 2672 τοῦτον
641 2618 987 2673 καθεύδοντα.
1034 2619 1107 2672 Τὸ
1156 2619 1264 2690 γὰρ
1315 2619 1492 2690 στόμα
1539 2618 1735 2672 ἑαυτοῦ

169 2709 435 2775 διανοίξας
485 2712 514 2764 ό
559 2711 895 2780 κροκόδειλος
937 2711 1216 2764 καθεύδει·
1263 2711 1358 2764 καὶ
1389 2712 1422 2781 ἡ
1457 2711 1624 2782 ὒδρις,
1658 2713 1737 2774 είς

173 2799 336 2870 πηλὸν
378 2799 577 2870 ἑαυτὴν
625 2800 982 2866 ὲγκωλύσασα
1034 2799 1099 2873 [Ῑ.
1155 2800 1529 2871 ὲγκυλίσασα],
1566 2802 1646 2864 είς
1679 2801 1739 2853 τὺ

173 2890 346 2960 στόμα
385 2889 550 2942 αὐτοῦ
607 2891 858 2961 είσπηδᾷ,
915 2891 1007 2942 καὶ
1052 2890 1227 2943 πάντα
1264 2889 1331 2942 τά
1387 2890 1533 2953 tm;
1573 2889 1737 2945 αὑτοῦ

174 2981 531 3036 κατεσθίουσα
566 2982 778 3052 ἀναιρεῖ
808 2983 987 3035 αὐτόν.

245 3072 400 3128 Ἐστι
428 3071 487 3123 δὲ
518 3073 547 3124 ὁ
569 3071 905 3142 κροκόδειλος
939 3071 1123 3143 θηρίον
1155 3072 1287 3142 ὁμοῦ
1319 3073 1410 3126 καὶ
1442 3071 1609 3141 ἰχθὺς,
1648 3073 1741 3124 καί⁵

183 3167 318 3236 μέγα
351 3164 461 3217 ἀπὺ
493 3162 735 3233 κεφαλῆς
765 3162 892 3232 ἄχρι
937 3164 1122 3233 οὐρᾶς·
1152 3165 1211 3214 ού
1245 3165 1342 3232 μὲν
1375 3163 1484 3232 ἔχει
1509 3165 1568 3215 τὸ
1603 3163 1742 3216 πλά-

179 3273 263 3321 τος
290 3253 384 3306 τοῦ
419 3254 682 3324 μεγέθους
719 3255 996 3321 ἀνάλογον.
1041 3255 1106 3306 Ἡ
1137 3255 1193 3306 δὲ
1233 3255 1364 3324 δορὰ
1399 3254 1561 3309 αὐτοῦ
1589 3255 1743 3317 λεπὶς

179 3346 428 3416 τυγχάνει
460 3345 616 3416 ρυτὴ,
651 3347 744 3398 καὶ
776 3348 809 3416 ἡ
839 3346 994 3416 χροιὰ
1033 3346 1124 3397 τοῦ
1166 3345 1333 3398 νώτου
1365 3346 1527 3399 αὑτοῦ
1570 3347 1743 3418 πέτρᾳ

185 3436 402 3507 μελαίνῃ
436 3436 633 3499 ἔοικεν,
674 3437 707 3507 ὴ
747 3434 804 3487 δὲ
832 3435 1043 3505 γαστὴρ
1085 3434 1270 3506 λευκῇ.
1301 3435 1463 3497 Πὸδες
1497 3435 1554 3487 δὲ
1579 3435 1743 3488 αὑτοῦ

184 3527 284 3579 εἰσὶ
320 3527 602 3598 τέσσαρες,
653 3528 732 3588 είς
779 3525 840 3578 τὸ
879 3525 1104 3594 πλάγιον
1145 3525 1325 3596 ἡρέμα
1366 3527 1739 3596 κυρτούμενοι·

183 3611 356 3676 καθὼς
387 3614 493 3684 τῆς
518 3613 775 3684 χερσαίας
806 3612 1065 3684 χελώνης,
1097 3613 1235 3684 οὑρά
1279 3615 1469 3685 μακρὰ
1509 3617 1603 3668 καὶ
1641 3633 1748 3669 πα-

185 3708 316 3775 χεῖα·
357 3707 458 3776 τῆς
505 3707 712 3776 ῥάχεως
761 3706 870 3778 γάρ
910 3709 1056 3759 ἐστιν
1104 3707 1224 3770 ἑνὸς
1262 3709 1450 3761 ὀστέου
1497 3712 1742 3781 τελευτή.

199 3797 546 3868 Ἐντέτμηται
584 3799 641 3850 δὲ
671 3797 874 3852 ἄνωθεν
907 3801 988 3862 εἰς
1026 3798 1286 3864 ἀκάνθας,
1321 3800 1416 3852 καὶ
1445 3801 1582 3854 εἰσὶν
1613 3801 1746 3854 ώσεὶ

188 3888 288 3944 τῶν
311 3893 547 3962 πριόνων
572 3893 765 3964 ἀκμαί,
796 3895 888 3951 καὶ
913 3890 1104 3944 τύπτει
1137 3893 1194 3943 ὲν
1222 3893 1357 3963 αὐτῇ
1388 3893 1524 3964 πρὸς
1552 3892 1645 3956 οὓς
1681 3892 1747 3946 ἂν

189 3981 400 4054 παλαίῃ.
433 3984 549 4036 Μία
581 3984 637 4036 δὲ
672 3985 834 4037 αὑτοῦ
860 3986 975 4037 ἐστὶ
1009 3984 1214 4055 κεφαλὴ
1250 3987 1362 4047 τοῖς
1407 3984 1597 4048 νώτοις
1626 4001 1748 4037 συν-

193 4076 536 4147 υφαινομὲνη,
583 4077 676 4129 καὶ
715 4079 795 4141 εἰς
839 4078 965 4147 μίαν
1007 4077 1290 4147 ίθυνομένη
1340 4077 1604 4148 στάθμην·
1655 4078 1749 4129 καὶ

195 4169 271 4236 ἐφ’
292 4167 412 4221 ὅσον
439 4169 500 4220 οὺ
531 4167 747 4237 κέχηνε,
777 4167 966 4239 θηρίου
994 4169 1108 4220 ἐστὶ
1129 4167 1359 4238 κεφαλήν
1391 4167 1486 4220 ἐὰν
1507 4168 1563 4220 δὲ
1588 4167 1746 4240 χάνῃ,

193 4258 304 4313 ὃλον
349 4259 523 4329 στόμα
577 4259 808 4327 γίνεται,
863 4257 1025 4331 μέχρι
1076 4261 1184 4314 τῶν
1229 4258 1395 4329 ὤμων
1445 4259 1505 4310 τὸ
1563 4259 1749 4329 χάσμα

197 4367 431 4406 ποιουσα.

1771 1771 1813 1826 Β
1844 1794 1973 1848 hinc
1993 1794 2120 1849 inde
2153 1771 2458 1850 trahantur.

1913 1884 2150 1958 Polypus
2187 1887 2255 1940 ad
2280 1887 2696 1943 similitudinem
2729 1888 2834 1942 loci
2863 1903 3025 1958 quem
3056 1889 3271 1958 attingit
3319 1904 3413 1942 co-

1843 1981 2013 2034 lorem
2047 1987 2240 2047 mutat,
2296 1980 2726 2050 adnatantesque
2769 1981 3063 2050 pisciculos
3104 1979 3170 2034 ad
3203 1987 3411 2050 petram

1843 2082 2093 2127 venatur.

1915 2164 2011 2220 Est
2047 2170 2249 2233 parvus
2279 2162 2569 2218 admodum
2605 2163 2770 2232 piscis
2800 2161 3054 2216 echeneis
3083 2160 3410 2231 appellatus,

1846 2256 2093 2325 ingentes
2115 2270 2282 2310 naves
2311 2255 2498 2324 plenas
2533 2255 2708 2307 ventis
2738 2253 3021 2310 adhaerens
3043 2261 3309 2317 moratur,
3337 2252 3412 2306 ita

1846 2358 1905 2402 ut
1935 2347 2243 2401 immobiles
2264 2356 2408 2402 stare
2426 2347 2734 2400 videantur.

1917 2435 2117 2508 llydris
2144 2438 2200 2490 in
2234 2436 2552 2492 ﬂuminibus
2585 2437 2738 2499 vivit,
2767 2436 2965 2491 canino
2991 2436 3188 2506 capite,
3223 2449 3416 2493 croco~

1845 2530 1956 2584 dilo
1977 2529 2192 2585 infensa
2213 2545 2373 2601 quem
2401 2537 2455 2584 et
2483 2545 2676 2585 somno
2707 2531 2942 2600 sopitum
2972 2530 3252 2585 interimit.
3281 2531 3419 2585 Cro-

1844 2623 2057 2678 codilus
2085 2623 2231 2678 enim
2263 2623 2461 2678 dormit
2492 2623 2662 2676 hianti
2691 2637 2804 2689 ore,
2841 2630 2894 2677 et
2926 2622 3131 2693 hydrus
3159 2624 3274 2678 luto
3302 2610 3418 2680 cte-

1846 2729 2024 2783 noque
2052 2712 2329 2775 obvoluta,
2365 2713 2421 2766 in
2450 2728 2513 2768 os
2542 2713 2734 2778 insilit,
2773 2720 2826 2767 et
2851 2713 3205 2769 interioribus
3236 2714 3414 2768 omni-

1845 2806 1951 2861 bus
1980 2806 2158 2860 exesis
2189 2805 2410 2860 occidit.

1917 3071 2188 3126 Caeterum
2231 3069 2542 3125 crocodilus
2573 3076 2656 3123 est
2692 3068 2871 3122 bellua
2913 3069 3078 3123 simul
3125 3076 3178 3124 et
3214 3069 3412 3141 piscis;

1845 3163 2067 3232 longum
2100 3162 2242 3216 inter
2273 3171 2436 3230 caput
2463 3169 2515 3214 et
2537 3161 2766 3214 caudam
2822 3163 3055 3228 spatium
3088 3162 3413 3226 intercedit;

1847 3253 1940 3308 sed
1967 3253 2293 3322 longitudini
2321 3250 2552 3305 latitudo
2592 3252 2943 3320 proportione
2994 3252 3412 3323 haudquaquam

1845 3344 2177 3415 respondet;
2212 3342 2356 3396 culis
2393 3343 2638 3411 squamis
2658 3342 2870 3411 asperis
2909 3343 3233 3409 obducitur;
3266 3343 3418 3400 color

1847 3435 1997 3490 dorsi
2035 3441 2201 3503 petra:
2231 3434 2397 3502 nigra:
2461 3432 2658 3487 similis
2716 3440 2822 3496 est,
2855 3433 3010 3486 alvus
3061 3433 3222 3499 alba;
3251 3432 3416 3501 pedes

1846 3534 2103 3596 quatuor,
2134 3524 2188 3579 in
2215 3525 2493 3593 obliquum
2531 3524 2733 3580 sensim
2767 3523 3000 3589 curvati,
3040 3523 3218 3591 qualis
3251 3530 3419 3577 terre—

1848 3617 1980 3672 stris
2030 3615 2360 3681 testudinis;
2399 3615 2572 3670 cauda
2625 3616 2857 3685 oblonga
2901 3623 2954 3669 et
3005 3630 3212 3678 crassa,
3249 3616 3418 3683 spinae

1848 3710 1991 3764 enim
2029 3708 2192 3762 unius
2221 3707 2365 3761 ossis
2391 3718 2476 3761 est
2509 3707 2799 3770 terminus,
2834 3706 2993 3773 cujus
3019 3706 3267 3774 superior
3289 3719 3419 3775 pars

1849 3806 2089 3854 serratas
2151 3800 2310 3855 habet
2367 3801 2585 3860 cristas,
2648 3798 2864 3866 illisque
2919 3798 3083 3850 veluti
3141 3811 3417 3851 serrarum

1850 3891 2218 3953 acuminibus,
2257 3905 2366 3959 quo
2401 3905 2524 3941 cum
2556 3898 2748 3951 certat,
2790 3888 3045 3956 percutit.
3076 3888 3248 3956 Caput
3271 3889 3420 3947 illius,

1851 3981 2094 4034 humeris
2120 3979 2456 4048 adjungitur,
2489 3986 2542 4032 et
2597 3978 2663 4030 ad
2694 3977 2958 4031 amussim
3003 3977 3269 4032 directum
3311 3984 3424 4038 est,

1849 4070 2000 4123 nullo
2029 4075 2325 4138 apparente
2376 4066 2728 4131 discrimine;
2769 4072 2823 4119 et
2869 4064 3108 4134 Quandiu
3141 4079 3249 4117 non
3281 4063 3416 4128 hiat,

1849 4162 2041 4215 bellum
2069 4170 2232 4230 caput
2258 4169 2380 4225 est;
2410 4158 2500 4212 ubi
2542 4158 2725 4220 hiarit,
2759 4163 2934 4210 totum
2980 4173 3042 4212 os
3086 4158 3163 4221 iit,
3199 4167 3262 4211 ut
3292 4164 3418 4228 pote

1849 4254 1943 4324 qui
1974 4254 2043 4306 ad
2067 4253 2325 4307 humeros
2356 4267 2528 4321 usque
2556 4251 2762 4303 hiatum
2797 4248 3089 4319 protendit.

268 4443 326 4495 '0
351 4442 405 4495 δὲ
435 4441 726 4512 λεγόμενος
753 4442 1128 4512 ίπποπόταμος
1166 4443 1332 4494 ἵππου
1370 4442 1468 4511 μὲν
1493 4442 1617 4504 τοὺς
1648 4441 1745 4492 πό-

1923 4432 2360 4504 Hippopotamus
2417 4431 2631 4501 equinis
2689 4429 2920 4500 pedibus
2968 4436 3024 4482 et
3049 4435 3256 4490 ventre,
3314 4427 3421 4482 nisi

194 4532 282 4596 δας
307 4531 413 4604 ἔχει
441 4533 536 4586 καὶ
567 4533 666 4603 τὴν
692 4533 949 4604 γαστέρα,
987 4533 1084 4603 τὴν
1124 4533 1180 4584 δὲ
1217 4531 1386 4602 ὁπλὴν
1422 4531 1643 4600 σχιστὴν
1674 4531 1748 4595 ώς

197 4624 373 4698 χηλὴν,
404 4623 571 4694 οὐρὰν
610 4629 838 4694 παχεῖαν
871 4626 965 4677 καὶ
1006 4624 1152 4696 ξιιλὴν
1191 4624 1412 4694 τριχῶν,
1443 4625 1522 4675 ὃτι
1556 4624 1651 4677 καὶ
1692 4625 1753 4676 τὸ

198 4718 296 4769 πᾶν
339 4715 430 4770 τοῦ
481 4713 732 4784 σώματος
779 4717 949 4780 οὕτως
996 4717 1131 4786 ἔχει,
1186 4716 1426 4786 κεφαλὴν
1481 4717 1751 4787 περιφερῆ

202 4809 381 4880 μικρὸν
414 4807 514 4877 τῆς
563 4807 730 4860 ἵππου
778 4809 1009 4880 παρειάς
1049 4807 1324 4879 διάφορον,
1371 4807 1464 4860 καὶ
1517 4807 1629 4877 ἔχει
1663 4825 1753 4860 κε-

201 4899 388 4968 χηνότα
438 4899 532 4951 τὸν
581 4899 851 4970 μυκτῆρα,
905 4899 1129 4969 πυρώδη
1174 4899 1396 4962 καπνὸν,
1439 4899 1512 4962 ώς
1560 4901 1623 4952 ὲκ
1658 4917 1756 4952 κα-

204 4989 368 5058 μίνου,
436 4989 687 5055 πνέοντα,
736 4992 896 5058 γένυν
961 4991 1238 5044 πλατεῖαν·
1291 4992 1447 5062 μέχρι
1495 4992 1602 5063 γὰρ
1646 4992 1755 5044 τῶν

202 5083 473 5153 κροτάφων
539 5081 740 5148 ἀνοίγει
801 5082 862 5135 τὸ
924 5084 1116 5153 στόμα.
1196 5083 1401 5136 Ὀδοῦσι
1485 5083 1542 5135 δὲ
1611 5083 1756 5137 ἔνδον

201 5173 388 5243 τριχῶς
420 5171 796 5235 πεπύκνωται,
840 5174 975 5243 ἔχων
1008 5174 1145 5246 πρὸς
1171 5174 1380 5237 τούτοις
1420 5173 1512 5228 δύο
1544 5175 1759 5236 ὀδόντας

203 5261 522 5334 ἐπικαμπεῖς
555 5262 630 5326 ὼς
664 5262 805 5325 συός.
839 5266 950 5317 Καὶ
976 5265 1120 5316 ἔστιν
1136 5263 1586 5335 ἀῶηφαγώτατον
1615 5264 1756 5327 ὅλον,

205 5349 341 5421 λήϊον
392 5355 579 5408 ποιοῦν
630 5354 852 5422 τροφήν.
901 5354 1108 5426 Ἀπάτη
1144 5355 1198 5406 δὲ
1249 5355 1480 5426 θηρᾶται
1516 5353 1756 5426 τοιαύτῃ.

219 5442 586 5515 Ἐπιτηροῦσιν
653 5443 817 5496 αὐτοῦ
889 5446 987 5509 τὰς
1032 5445 1333 5515 διατριϐὰς,
1392 5449 1487 5500 καὶ
1547 5447 1761 5517 ὄρυγμα

211 5535 428 5601 πιοῦσι,
456 5539 551 5592 καί
593 5536 811 5607 καλάμῃ
850 5538 980 5590 αὐτὸ
1017 5538 1355 5604 στεγάζουσι,
1401 5540 1494 5590 καὶ
1535 5543 1762 5610 ἐπιχών-

214 5625 382 5681 νὺουσι
430 5630 666 5702 ψάμμῳ,
701 5630 794 5682 καὶ
832 5627 1037 5693 ξύλινον
1069 5630 1252 5684 ἰστῶσι
1290 5630 1529 5683 κάτωθεν
1559 5632 1763 5703 οἴκημα

218 5718 328 5795 (xcv
367 5726 716 5800 ἀνεῳγμένας
749 5722 846 5787 τὰς
883 5723 1053 5796 θύρας
1079 5727 1157 5789 είς
1189 5723 1278 5774 τὸν
1306 5720 1498 5792 ὄροφον
1550 5721 1642 5775 τοῦ
1677 5723 1764 5793 βό-

1854 4525 2000 4595 quod
2033 4525 2254 4594 ungulis
2284 4523 2484 4588 biﬂdis,
2519 4523 2709 4592 quales
2759 4521 2966 4586 bobus;
2999 4521 3169 4575 cauda
3212 4523 3260 4575 ei
3303 4521 3426 4576 bre-

1853 4620 1936 4672 vis
1965 4624 2068 4679 est,
2100 4625 2154 4670 et
2184 4618 2413 4685 pilorum
2446 4616 2756 4684 asperitate,
2776 4614 3230 4682 quemadmodum
3258 4615 3422 4668 etiam

1854 4723 2054 4778 corpus
2080 4708 2370 4777 reliquum,
2403 4723 2625 4772 carens;
2652 4714 2814 4775 caput
2830 4705 3142 4767 rotundum,
3175 4720 3422 4772 parvum,

1856 4799 1923 4851 ab
1944 4796 2160 4865 equinis
2205 4785 2444 4850 maxillis
2500 4794 2808 4856 diversum;
2838 4807 2998 4846 narcs
3032 4808 3290 4860 perquam
3328 4809 3424 4861 pa-

1856 4889 2002 4953 tulae,
2026 4903 2086 4941 ac
2117 4889 2344 4957 ignitum
2369 4887 2599 4948 fumum,
2617 4894 2874 4953 tanquam
2903 4884 3043 4954 ignis
3065 4884 3426 4952 scaturigines

1856 4982 2122 5052 quaedam,
2161 4981 2454 5049 spirantes,
2482 4987 2720 5034 mentum
2750 4979 2940 5040 latum,
2975 4976 3172 5029 etenim
3198 4975 3263 5027 ad
3289 4985 3426 5028 tem-

1859 5088 1992 5145 pora
2013 5089 2186 5141 usque
2212 5073 2419 5125 hiatum
2455 5069 2748 5139 protendit,
2781 5078 2833 5122 et
2889 5068 3030 5120 trina
3061 5066 3305 5121 dentium
3338 5081 3428 5119 sc-

1858 5170 1940 5221 rie
2003 5166 2390 5235 constipatur:
2444 5172 2638 5232 praeter
2692 5162 2876 5231 hoset
2925 5160 3123 5228 gemini
3157 5157 3427 5226 prodeunt

1860 5260 2010 5313 curvi
2036 5258 2285 5327 aprugni,
2320 5271 2457 5325 quos
2492 5255 2716 5308 cauinos
2757 5259 2978 5316 vocant;
3020 5251 3185 5303 nullis
3229 5249 3428 5304 bestia-

1862 5366 1982 5405 rum
2016 5351 2316 5403 voracitate
2351 5347 2598 5410 inferior,
2634 5346 2707 5398 ita
2738 5351 2796 5396 ut
2827 5349 3007 5412 segete
3029 5342 3245 5410 plenum
3275 5354 3429 5392 cam-

1862 5459 1989 5514 pum
2041 5445 2312 5503 absumat,
2369 5442 2692 5510 capiturque
2745 5438 2848 5491 hoc
2904 5435 3050 5490 dolo.
3111 5431 3429 5487 Observatis

1864 5536 2009 5590 enim
2039 5535 2175 5589 locis
2205 5535 2258 5586 in
2296 5534 2496 5602 quibus
2526 5532 2693 5601 degit,
2718 5537 3006 5583 venatores
3039 5525 3240 5580 fossam
3266 5537 3431 5575 exca-

1865 5633 2015 5690 vant,
2070 5625 2540 5699 arundinibusque
2611 5623 2768 5690 quasi
2815 5626 3018 5674 tectum
3075 5616 3427 5683 contignaut,

1867 5731 2136 5789 arenaun
2157 5716 2510 5786 cooperiunt;
2535 5715 2588 5768 in
2615 5727 2783 5783 caque
2806 5723 2990 5765 arcam
3033 5709 3266 5776 ligneam
3302 5703 3434 5758 θυι).
