4044 6324
617 234 722 289 τςτ
1487 237 1544 293 S.
1588 235 2032 294 EUSTATHIUS
2069 229 2559 292 ANTIOCHENUS
2598 231 2990 290 EPISCOPUS.

3749 239 3846 297 τυ

611 351 825 419 jiciunt.
855 350 1014 420 cujus
1031 351 1175 408 fores
1198 354 1254 407 in
1285 355 1568 424 superiore
1596 361 1754 424 parte
1791 353 1858 408 ad
1891 353 2053 409 fossa:
2103 350 2183 404 al-

2289 346 2432 419 θρου·
2467 351 2560 402 καὶ
2598 351 2791 414 ὲπιὸἀς
2823 353 2850 403 ὁ
2881 349 2980 421 θὴρ
3009 349 3220 419 ἀφελῶς
3243 351 3528 420 ἐμπίπτει,
3556 351 3658 404 καί
3688 354 3770 416 εἰς
3791 357 3848 407 τὸ

611 440 900 496 titudinem
961 441 1231 513 adaperta:
1280 453 1440 508 sunt;
1474 452 1530 498 et
1573 444 1750 499 bellua
1811 458 1928 498 eam
1961 457 2185 512 supera—

616 532 929 588 scendendo
958 534 1360 589 inconsiderate
1403 535 1627 598 decidit,
1675 543 1730 589 et
1789 537 1842 589 in
1890 548 2074 588 arcam
2101 533 2188 586 de-

615 623 746 688 lata,
782 624 1100 679 includitur.
1134 623 1542 696 Venatoresque
1563 627 1810 682 celeriter
1838 635 2186 681 accurrentes

615 716 982 784 concludunt;
1017 719 1318 772 secundum
1349 720 1493 773 enim
1525 719 1594 774 ab
1622 720 1908 788 elephanle
1944 716 2078 772 Indo
2099 733 2188 771 ro-

613 804 762 859 boris
831 805 1010 860 locum
1069 808 1315 870 obtinet,
1395 809 1882 879 magnitudineque
1938 805 2186 878 corporis

617 897 916 950 maximum
941 911 1210 969 quemque
1242 898 1432 953 bovem
1455 900 1776 970 aequiparat.

689 986 877 1043 Pisces
934 990 1212 1046 continent
1265 991 1322 1046 in
1353 1007 1413 1047 se
1467 1008 1716 1064 magnam
1770 994 1878 1048 vim
1906 993 2104 1050 caloris
2133 1000 2186 1048 et

618 1082 870 1143 acutam;
901 1093 1069 1148 quare
1093 1089 1146 1133 et
1175 1079 1442 1138 citissime
1497 1095 1619 1152 quae
1645 1085 1933 1150 devorant,
1983 1091 2186 1155 puncto

618 1167 878 1234 temporis
902 1169 1198 1226 esculentis
1221 1170 1278 1226 in
1321 1179 1507 1229 ventre
1543 1175 1989 1244 putrescentibus
2033 1176 2185 1247 dige-

616 1262 763 1310 runt.

688 1345 892 1418 Vulpes
919 1351 1167 1416 marinae,
1202 1351 1294 1406 ubi
1317 1354 1610 1424 piscatoris
1652 1355 1884 1412 insidias
1906 1355 2187 1413 declinare

617 1449 730 1490 non
762 1439 964 1504 valent,
1017 1439 1181 1494 hamo
1207 1440 1490 1509 devorato,
1526 1444 1843 1501 exsilientes
1893 1454 1950 1501 et
1991 1462 2188 1503 excur-

618 1535 823 1591 rentes,
857 1529 1040 1584 funem
1065 1530 1384 1601 prazrodunt
1407 1541 1464 1589 et
1487 1534 1709 1590 abeunt.

685 1707 1006 1764 Crocodilus
1027 1709 1205 1765 bellua
1235 1719 1320 1766 est
1363 1712 1643 1765 hominum
1677 1726 1861 1767 vorax.
1922 1709 2188 1782 Tempore
2217 1683 2261 1740 Β

619 1797 818 1861 coitus,
848 1814 1134 1869 emergens
1187 1817 1218 1856 e
1262 1801 1502 1867 ﬂumine,
1533 1803 1789 1857 feminam
1839 1818 2006 1872 prope
2041 1805 2189 1873 ripas

619 1887 902 1950 adversam
935 1890 1186 1958 projicit;
1223 1891 1312 1945 hic
1336 1908 1570 1962 namque
1597 1893 1748 1947 solus
1779 1893 2013 1963 supinus
2039 1908 2190 1948 cem-

619 1980 781 2048 plexu
811 1994 1045 2035 venereo
1066 1980 1354 2050 jungitur;
1375 1981 1635 2052 deinceps
1667 1983 1923 2040 manibus
1945 1998 2063 2039 eam
2103 1999 2190 2039 su-

617 2075 909 2124 stentatam
937 2085 1134 2128 rursus
1161 2076 1468 2142 convertit;
1501 2075 1549 2130 si
1597 2090 1720 2129 eum
1747 2075 1854 2131 alio
1895 2091 2016 2131 eam
2061 2092 2192 2132 con-

617 2159 874 2216 cubuisse
903 2166 1252 2234 compererit,
1309 2166 1530 2221 avidum
1571 2183 1631 2222 se
1689 2184 1812 2224 esse
1865 2167 2094 2224 Veneris
2122 2168 2192 2223 si-

617 2251 856 2316 mulans,
922 2253 1380 2321 quemadmodum
1440 2255 1612 2326 prius,
1681 2257 1965 2310 adversam
2023 2257 2190 2310 odore

617 2341 978 2409 deprehendit
1005 2343 1112 2413 (est
1151 2346 1298 2400 enim
1356 2347 1503 2402 circa
1553 2348 1656 2401 hoc
1685 2347 1937 2400 acerrimi
1967 2346 2190 2417 sensus)

616 2432 828 2486 incesto
855 2432 1061 2504 ﬂagitio
1091 2444 1144 2490 et
1171 2445 1363 2507 stupro
1413 2439 1712 2508 pollutam;
1747 2439 1877 2492 hinc
1916 2439 2188 2508 unguibus

620 2521 744 2576 alvo
764 2521 997 2591 disjecta
1044 2527 1256 2580 viscera
1284 2528 1432 2582 illius
1461 2528 1708 2583 devorat.
1761 2527 1820 2582 ln
1861 2537 2047 2583 ventre
2084 2537 2191 2585 ete-

615 2613 943 2694 nimlmollis
975 2624 1081 2681 est,
1117 2619 1408 2689 tenuisque
1431 2620 1577 2675 cutis
1616 2620 1934 2675 crocodilo:
1963 2621 2186 2675 dorsum

614 2705 737 2776 ejus
762 2707 996 2762 maxima
1016 2724 1371 2778 squamarum
1395 2711 1651 2766 ﬁrmitate
1679 2719 1951 2765 armatum
1989 2721 2090 2777 est,
2115 2712 2189 2765 ita

617 2805 678 2853 ut
704 2804 759 2854 et
783 2801 1162 2856 acutissimum
1187 2801 1393 2858 ferrum
1433 2803 1685 2859 adactum
1716 2804 2034 2871 hebescens,
2065 2811 2189 2859 cute

616 2893 819 2961 injecta
846 2893 1200 2962 repercutiet.

681 3065 1000 3121 Producant
1029 3086 1178 3140 aqua:
1208 3071 1448 3126 volatilia
1471 3073 1771 3127 animarum
1802 3074 2080 3129 viventium
2120 3073 2185 3140 τι,

615 3167 670 3215 ei
691 3161 814 3215 sine
841 3162 948 3215 ulla
976 3177 1128 3217 mora
1159 3163 1444 3217 volucrum
1474 3167 1655 3220 omnis
1708 3168 1922 3236 generis
1954 3182 2046 3222 aer
2077 3167 2190 3238 ple-

614 3251 899 3310 nilsimus.
940 3251 1050 3308 Illa:
1079 3269 1146 3309 ex
1181 3256 1339 3324 aquis
1389 3263 1569 3311 ortum
1603 3257 1823 3320 habent,
1860 3265 1988 3312 sunt
2042 3256 2189 3312 enim

615 3358 744 3400 cum
775 3346 1020 3415 piscibus
1040 3349 1370 3418 cognatione
1414 3350 1649 3419 quadam
1677 3359 1731 3405 et
1777 3350 2033 3406 aﬂinitate
2057 3366 2190 3406 con-

611 3434 836 3503 junctis.
887 3435 1074 3493 Pisces
1119 3440 1320 3509 quippe
1365 3440 1575 3494 alarum
1610 3449 1792 3495 meatu
1843 3456 2018 3514 aquas
2045 3441 2187 3497 divi-

614 3528 796 3583 dendo
826 3537 1153 3596 transnant;
1187 3531 1267 3586 sic
1289 3539 1344 3586 et
1385 3531 1638 3587 volucres
1663 3521 1857 3603 pennis
1888 3549 1984 3603 per
2008 3547 2186 3590 aerem

615 3624 1081 3691 transvehuntur;
1126 3624 1321 3677 harum
1377 3625 1646 3694 quaedam,
1706 3627 2028 3690 carnivo‘raa,
2083 3640 2188 3681 suo

617 3724 798 3783 aptam
821 3715 1040 3783 ingenio
1070 3717 1425 3784 moribusque
1445 3716 1912 3770 accommodatam
1944 3715 2192 3786 corporis

615 3805 1062 3861 constitutionem
1092 3814 1268 3860 nacta:
1297 3813 1446 3873 sunt,
1497 3807 1760 3876 unguium
1815 3806 2191 3870 tenacitatem,

614 3908 918 3954 rostrorum
974 3900 1370 3963 aduncitatem,
1430 3903 1640 3955 alarum
1695 3901 2103 3971 pernicitatem,
2129 3909 2190 3955 ut

616 3990 877 4047 facillimo
925 3992 1144 4065 negotio
1176 3993 1438 4059 tenaciter
1490 3995 1730 4062 arripere
1761 4004 1925 4063 atque
1979 3991 2190 4048 discer-

616 4100 745 4154 pere
771 4084 986 4155 possint
1013 4093 1068 4140 et
1091 4084 1371 4150 lacerare;
1425 4085 1674 4157 quaedam
1724 4085 2025 4157 frugilegaa,
2067 4087 2188 4141 alias

614 4176 701 4231 his
751 4175 1006 4231 omnibus
1037 4176 1259 4230 aluntur
1316 4183 1372 4230 et
1429 4185 1826 4242 sustentantur,
1858 4184 1912 4232 et
1935 4187 2188 4232 constru-

616 4273 797 4324 ctione
830 4269 972 4324 inter
1005 4284 1065 4324 se
1110 4268 1370 4323 diﬂerunt
1423 4284 1636 4324 omnes.
1669 4268 1939 4326 Praeterea
1988 4271 2183 4325 harum

2286 442 2490 512 οἴκημα
2513 442 2887 495 κατακλείεται
2922 442 3217 513 φερόμενος
3241 443 3408 495 κάτω.
3440 443 3552 495 Καὶ
3583 445 3634 495 οἱ
3664 442 3844 512 θηρευ-

2285 534 2372 586 ταὶ
2405 534 2562 596 εὐθυς
2593 534 2958 588 ἀποκλείουσι.
2987 535 3263 604 Δεύτερον.
3306 573 3320 586 .

2285 627 2346 678 τὸ
2367 626 2549 695 θηρίον
2583 627 2642 678 τὸ
2677 627 2920 696 μέγεθος.

3350 533 3845 606 ...βοὺςδὲεχει

2369 973 2453 1025 Ἐν
2483 974 2538 1027 δὲ
2573 976 2681 1036 τοῖς
2718 973 2896 1044 ἰχθύσι
2928 973 3095 1046 πολλή
3125 990 3210 1039 τις
3239 975 3538 1046 ἐνυπάρχει
3563 974 3742 1048 θέρμη
3770 977 3847 1031 εν-

2284 1061 2457 1129 δοθεν,
2506 1066 2597 1118 καὶ
2625 1064 2789 1129 ὀξεῖα·
2823 1067 2902 1120 διὸ
2943 1067 3037 1121 καὶ
3079 1067 3267 1121 θᾶττον
3313 1067 3780 1132 καταπέπτουσιν,
3814 1069 3848 1122 ἀ

2285 1153 2574 1218 ἐσθίουσιν,
2608 1155 2805 1219 εὐθέως
2830 1156 3237 1228 διασηπομένων
3260 1154 3366 1208 τῶν
3396 1155 3673 1208 ἐδωδίμων
3700 1155 3758 1207 ὲν
3786 1158 3846 1226 τῇ

2284 1247 2480 1316 γαστρὶ
2509 1245 2704 1300 αὐτῶν.

2361 1337 2428 1389 Ἦ
2457 1337 2514 1390 δὲ
2549 1339 2886 1402 θαλαπιαίος
2913 1338 3159 1409 ἀλώπηξ,
3189 1339 3326 1392 ἐπὰν
3374 1339 3449 1409 μὴ
3485 1337 3716 1409 δύνηται
3740 1338 3849 1393 δια-

2283 1429 2478 1500 δράσαι
2511 1432 2607 1502 τὴν
2637 1431 2831 1502 ἀγραν,
2876 1431 3216 1484 καταπιοῦσα
3261 1431 3321 1482 τὸ
3349 1431 3660 1501 ἄγχιστρον,
3711 1428 3848 1495 ἔξαλα

2285 1519 2486 1594 λομένη
2536 1523 2628 1576 καὶ
2665 1523 3057 1595 ἀνατρέχουσα,
3097 1521 3405 1594 ἀποτρώγει
3437 1521 3535 1593 τὴν
3573 1521 3848 1593 μήρινθον,

2288 1614 2380 1666 καὶ
2412 1613 2710 1683 διαφεύγει.
3636 1597 3650 1624 ’

2368 1706 2426 1758 '0
2454 1705 2510 1757 δὲ
2543 1707 2879 1777 κροκόδειλος
2905 1705 3314 1780 ἁνθρωτωόὁρον
3359 1705 3457 1777 μέν
3494 1707 3611 1758 ἐστι
3643 1704 3850 1776 θηρίον,

2288 1798 2415 1852 ὃταν
2457 1799 2514 1850 δὲ
2561 1800 2729 1873 μέλλῃ
2770 1800 3037 1854 ποιεῖσθαι
3079 1800 3176 1863 τὰς
3216 1797 3413 1869 ὀχείας,
3450 1795 3852 1868 ἀνανηξάμενον

2289 1891 2612 1964 ἀναστρέφει
2650 1892 2746 1962 τὴν
2780 1893 2997 1962 θήλειαν
3041 1894 3133 1946 ἐπὶ
3173 1896 3288 1955 ταῖς
3319 1891 3524 1960 ὄχθαις
3559 1890 3721 1960 μόνος
3750 1888 3854 1960 γὰρ

2288 1974 2438 2044 οὗτος
2475 1978 2661 2044 ὕπτιος
2704 1980 3018 2052 πλησιάζειν
3048 1983 3275 2051 πέφυκε,
3308 1982 3400 2033 καὶ
3433 1979 3573 2050 μετά
3607 1982 3709 2051 τὴν
3737 1980 3854 2049 ὁμι-

2289 2073 2407 2126 λίαν
2452 2071 2610 2126 πάλιν
2658 2075 2776 2136 ταῖς
2815 2074 3002 2142 χερσὶν
3049 2072 3213 2143 αὐτὴν
3239 2070 3606 2140 ἐπικουφίζων
3637 2085 3855 2122 συνεπι·

2291 2166 2538 2237 στρέφει·
2571 2164 2788 2218 ἐπειδὰν
2828 2165 2886 2217 δὲ
2931 2165 3098 2235 αὐτὴν
3131 2164 3273 2233 ἄλλῳ
3321 2161 3727 2233 συγγενομένην
3769 2163 3854 2214 ol-
3899 2203 3902 2211 .

2291 2259 2503 2328 σθῆται,
2552 2257 3004 2326 καθυποκρίνεται
3057 2256 3396 2325 συμμιγῆναι
3441 2255 3602 2324 αὐτῇ,
3653 2253 3752 2305 xci.
3781 2251 3855 2322 τῷ

2289 2346 2436 2416 αὐτῷ
2477 2346 2659 2416 τρόπῳ
2710 2344 3050 2416 ἀναστρέψας
3096 2345 3264 2415 αὐτὴν
3316 2341 3572 2412 γινώσκει
3625 2343 3720 2397 διὰ
3760 2343 3850 2409 τῆς

2288 2440 2456 2510 ὀδμῆς
2484 2431 2633 2508 (ἔχει
2661 2438 2766 2511 γὰρ
2794 2438 3060 2507 ὀξυτάτην
3081 2438 3210 2508 περὶ
3255 2435 3414 2489 10610
3434 2437 3534 2506 τὴν
3581 2436 3854 2507 αἴσθησιν)

2290 2531 2377 2599 ὑφ’
2431 2530 2614 2601 ἑτέρου
2652 2530 2969 2600 μιανθεῖσαν
3002 2530 3192 2599 αὐτὴν,
3226 2529 3319 2581 καὶ
3347 2531 3461 2592 10k
3509 2528 3657 2594 ὄνυξι
3703 2527 3849 2599 διαρ-

2291 2621 2455 2693 ρήξας
2477 2621 2572 2691 τὴν
2599 2621 2842 2693 γαστέρα
2865 2622 3058 2692 αὐτῆς,
3073 2621 3251 2675 πάντα
3269 2619 3341 2673 τὰ
3358 2620 3509 2684 ἐντὸς
3537 2620 3715 2689 αὐτῆς
3737 2634 3855 2672 καύ-

2287 2711 2474 2764 εσθίει.
2528 2712 2663 2782 Περὶ
2731 2711 2840 2782 γάρ
2885 2712 2984 2783 τὴν
3034 2712 3270 2782 γαστέρα
3325 2711 3442 2764 ἐστὶ
3484 2711 3758 2783 τρυφερὸν
3797 2709 3854 2762 τὸ

2288 2805 2425 2868 ζῶον
2447 2822 2459 2834 ·
2492 2807 2521 2858 δ
2553 2804 2661 2876 γὰρ
2693 2805 2860 2869 νῶτος
2900 2804 3064 2858 αὑτοῦ
3104 2804 3385 2875 πιὸαραῖς
3408 2803 3620 2857 λεπίσιν
3651 2802 3856 2856 ἐνδέδυ-

2288 2911 2398 2959 ται,
2431 2894 2570 2948 ὥστε
2602 2896 2806 2950 καὶτὸν
2839 2894 3092 2960 ὀξύτατον
3124 2895 3337 2966 σίδηρον
3371 2894 3737 2965 ἐπενεχθέντα
3762 2893 3856 2962 ἀμ.-

2213 3008 2262 3073 c
2291 2982 2594 3038 σλύνεσθαι.

2371 3073 2737 3145 Ἐξαγαγέτω
2774 3075 2846 3128 τὰ
2882 3073 3072 3127 ὕδατα
3110 3073 3351 3128 πετεινὰ
3390 3072 3607 3141 ψυχῶν
3634 3071 3852 3134 ζωῶν,

2289 3164 2383 3217 καὶ
2414 3163 2622 3234 ἀθρόως
2650 3166 2677 3216 ὁ
2707 3163 2812 3234 ἀὴρ
2848 3163 3100 3216 παντοίου
3132 3164 3319 3231 γένους
3351 3163 3459 3214 τῶν
3495 3161 3730 3233 ὀρνίθων
3765 3178 3856 3212 πε-

2288 3255 2591 3325 πλήρωται.
2624 3255 2830 3307 Ἔδωκε
2860 3253 2914 3305 δὲ
2943 3254 3122 3315 αὐτοῖς
3163 3254 3227 3303 ἐκ
3251 3251 3357 3303 τῶν
3401 3251 3608 3304 ὑδάτων
3640 3253 3744 3324 τὴν
3771 3252 3855 3320 γέ·-

2288 3363 2456 3410 νεσιν,
2486 3346 2670 3416 ἐπειδὴ
2712 3344 3030 3414 συγγένειάν
3071 3359 3193 3396 τινα
3230 3343 3366 3414 πρὸς
3397 3344 3524 3406 τοὺς
3554 3343 3746 3414 ἰχθύας
3773 3359 3856 3394 κε-

2289 3438 2612 3510 κλήρωνται.
2673 3438 2759 3500 Ὡς
2796 3436 2905 3507 γὰρ
2947 3437 2998 3490 oi
3047 3435 3230 3507 ἰχθύες
3278 3435 3336 3487 ὲν
3375 3438 3446 3506 τῇ
3495 3437 3714 3507 κινήσει
3752 3434 3854 3488 τῶν

2290 3529 2574 3602 πτερύγων
2603 3530 2664 3583 τὸ
2709 3529 2852 3599 ὕδωρ
2884 3529 3158 3599 τέμνουσι,
3188 3527 3283 3580 καὶ
3312 3527 3672 3598 διανήχονται,
3721 3526 3856 3581 οὕτω

2289 3621 2359 3675 τὰ
2387 3621 2604 3681 πετεινὰ
2628 3623 2740 3685 τοῖς
2773 3623 2992 3692 πτεροῖς
3023 3619 3112 3672 τὸν
3143 3620 3281 3690 ἀέρα
3304 3620 3666 3690 διανήχονται.
3703 3621 3854 3674 Ἐστι

2290 3714 2348 3768 δὲ
2374 3715 2553 3781 αὐτῶν¹
2585 3713 2654 3767 τὰ
2682 3714 2779 3785 μὲν
2824 3713 3145 3786 σαρκοφάγα
3174 3712 3486 3783 πρέπουσαν
3512 3711 3854 3780 κατασκευὴν

2290 3805 2384 3858 τοῦ
2433 3806 2638 3877 τρόπου
2685 3805 2784 3875 τῆς
2846 3804 2995 3874 σφῶν
3051 3803 3260 3875 διαίτης
3310 3804 3597 3874 ἐπέχοντα,
3649 3804 3856 3875 ὀνύχων

2292 3896 2494 3966 ἀκμαῖς
2512 3899 2552 3960 ⁹,
2577 3898 2670 3949 καὶ
2694 3896 2864 3967 χεῖλος
2896 3895 3151 3965 ἀγγύλον,
3175 3897 3268 3948 καὶ
3295 3896 3491 3966 πτερὸν
3511 3896 3605 3962 ὀξὺ
3639 3896 3777 3970 πρὸς
3798 3894 3855 3948 τὸ

2293 3987 2489 4058 ῥᾳδίως
2536 3986 2863 4058 ἀναρπάσαι,
2905 3987 3002 4040 καὶ
3037 3986 3332 4040 διασπάσαι
3373 3986 3648 4040 δύνασθαι·
3695 3988 3769 4042 τὰ
3802 3986 3854 4040 Gl

2292 4078 2657 4150 σπερμολόγα,
2701 4079 2768 4131 τὰ
2807 4078 2864 4131 δὲ
2903 4081 2970 4132 ὲκ
3005 4081 3202 4143 παντὸς
3237 4077 3563 4153 τρεφόμενα.
3605 4080 3718 4133 Καὶ
3742 4078 3856 4134 τού-

2288 4188 2395 4226 των
2423 4173 2698 4242 ἑκατέρων
2742 4174 2778 4244 ἡ
2821 4171 3134 4243 κατασκευὴ
3170 4173 3469 4243 διενήκνογεσ
3521 4174 3614 4227 καί
3653 4175 3723 4227 τα
3765 4173 3854 4243 μέν

2291 4265 2437 4318 ἐστιν
2470 4265 2680 4336 ἀναρχα
2711 4263 2804 4316 καὶ
2844 4265 3134 4335 αὐτόνομα,
3173 4263 3242 4316 τά
3275 4263 3331 4316 δὲ
3365 4265 3454 4333 ὑφ’
3500 4264 3747 4335 ἡγεμόνα
3774 4261 3853 4316 τέ·-

615 4359 861 4428 quzdam
923 4358 1234 4428 principatu
1292 4374 1402 4422 non
1457 4367 1732 4428 tenentur,
1783 4359 1880 4415 sed
1931 4361 2016 4415 sui
2047 4361 2189 4431 juris

2293 4374 2510 4421 τακται,
2554 4356 2650 4411 καὶ
2685 4353 2753 4409 τὰ
2794 4354 2892 4426 μέν
2933 4357 3081 4409 ἐστιν
3121 4352 3509 4426 ὲπιδημῃτικά,
3549 4355 3618 4407 τὰ
3667 4355 3729 4408 δὲ
3772 4354 3853 4421 εγ-

612 4458 772 4518 sunt;
795 4450 1040 4522 quaedam
1066 4450 1494 4506 dominationem
1519 4452 1741 4508 alterius
1783 4453 1986 4517 ferunt,
2017 4466 2071 4507 et
2105 4454 2189 4508 hac

617 4540 838 4611 quidem
892 4541 1188 4597 invectitiz
1225 4551 1279 4598 et
1319 4545 1753 4614 peregrinantes,
1803 4544 1924 4598 alia:
1975 4545 2182 4616 indigeo

615 4647 720 4686 ne.

687 4721 993 4792 Superbum
1020 4720 1152 4792 quid
1175 4727 1260 4777 est
1283 4722 1494 4792 gallus;
1522 4731 1580 4777 at
1630 4723 1892 4795 accipiter
1922 4723 2188 4796 singulari

615 4812 991 4870 benevolentia
1022 4814 1274 4869 homines
1314 4815 1705 4884 prosequitur;
1744 4817 1968 4871 tradunt
2015 4819 2188 4885 enim,

613 4907 904 4978 accipitres
926 4907 1020 4977 qui
1048 4907 1103 4960 in
1135 4903 1368 4960 Thracia
1423 4915 1575 4971 sunt,
1606 4923 1760 4977 seque
1818 4908 2071 4965 homines
2099 4926 2190 4965 so-

614 4999 814 5056 cietate
834 4999 1068 5068 quadam
1101 5000 1385 5067 aucupari;
1424 4998 1479 5052 in
1520 4999 1674 5062 silvis
1707 5014 1942 5071 namque
1970 5001 2188 5056 densis-

616 5091 773 5146 simis
821 5091 1206 5156 immorantur,
1257 5106 1398 5160 quas
1458 5091 1762 5145 volatilium
1811 5108 1972 5149 omne
2013 5108 2188 5163 genus

615 5182 764 5244 colit,
797 5189 852 5235 et
889 5181 1097 5236 habitat
1126 5180 1588 5252 frequentissime,
1618 5193 1673 5237 et
1717 5198 1824 5246 una
1853 5199 1978 5240 cum
2017 5199 2188 5240 aucu-

615 5272 870 5340 pantibus
900 5281 1247 5339 exercentur,
1282 5275 1350 5329 ad
1402 5275 1842 5342 similitudinem,
1875 5278 2081 5334 bellica
2103 5278 2188 5332 di-

617 5365 880 5434 sciplinm,
922 5373 982 5420 ut
1007 5375 1236 5423 venatus
1270 5382 1480 5437 aquam
1513 5375 1737 5438 partem,
1753 5371 2060 5440 accipiant;
2088 5371 2186 5428 ho-

615 5454 790 5509 mines
832 5454 1089 5524 quatiunt
1154 5456 1402 5522 arbores,
1457 5457 1585 5512 hinc
1629 5458 1880 5525 volucres
1937 5461 2188 5517 excitata

689 5622 734 5654 “'
764 5621 890 5680 Gen.
919 5641 959 5688 ι⁴
983 5625 1071 5682 20.

2293 4448 2481 4521 χώρια.

2361 4714 2570 4786 Γαῦρον
2596 4716 2628 4767 ό
2659 4709 2991 4787 αλεκπρυὼν,
3025 4713 3055 4765 ὁ
3089 4711 3148 4765 δὲ
3175 4710 3326 4782 ἱέραξ
3356 4710 3712 4775 εὐνούστατος
3737 4725 3851 4778 τυτ-

2295 4808 2443 4878 χάνει
2471 4808 2598 4881 περὶ
2629 4806 2719 4860 τὸν
2755 4804 3061 4878 ἄνθρωπον.
3103 4803 3393 4876 Ἱστοροῦσι
3419 4804 3524 4873 γὰρ
3553 4806 3682 4867 τοὺς
3707 4807 3763 4857 ὲν
3791 4803 3848 4872 τῇ

2294 4899 2485 4973 Θρᾴκῃ
2511 4901 2730 4972 ἱέρακας
2754 4897 2862 4960 τοῖς
2883 4894 3257 4966 ὀρνιθοθήραις
3278 4895 3406 4965 περὶ
3422 4896 3520 4966 τὴν
3538 4894 3718 4967 ἄγραν
3740 4912 3850 4948 συν-

2295 4991 2540 5066 αίρεσθαι
2561 5007 2573 5020 °
2608 4990 2882 5044 ποιοῦνται
2917 4988 3014 5058 μὲν
3040 4985 3156 5059 γὰρ
3177 4985 3283 5046 ητάς
3303 4986 3582 5057 διατριϐὰς
3623 4989 3682 5040 ὲν
3710 4985 3848 5048 ὕλαις

2294 5084 2636 5145 δασυτάταις,
2665 5080 2793 5135 ἔνθα
2825 5080 2957 5149 γένη
2983 5079 3091 5132 τῶν
3116 5078 3343 5152 ὀρνίθων
3377 5077 3733 5138 ἐνδιαιτᾶται,
3768 5077 3847 5132 καὶ

2294 5177 2405 5238 τοῖς
2450 5175 2542 5228 ἐπὶ
2574 5174 2672 5246 τὴν
2713 5173 2889 5244 ἄγραν
2939 5170 3077 5225 ἰοῦσι
3115 5170 3515 5230 συντάττονται,
3553 5167 3845 5239 ισομοιρίαν

2293 5265 2385 5318 τοῦ
2407 5265 2760 5337 ἀγρευθέντος
2784 5262 3035 5326 δέξασθαι
3051 5278 3063 5290 ·
3090 5262 3182 5313 καὶ
3211 5260 3316 5314 τῶν
3349 5257 3628 5329 θηρευτῶν
3651 5256 3724 5310 τά
3745 5256 3845 5312 δέν-

2293 5360 2395 5429 δρα
2439 5356 2802 5421 διασειόντων,
2831 5355 2881 5407 οἱ
2922 5353 3100 5427 ὄρνεις
3137 5351 3513 5423 τινασσόμενοι
3555 5349 3844 5409 σοϐοῦνται,

2295 5454 2387 5512 καὶ
2411 5452 2752 5516 ἀνίπτανται,
2780 5452 2870 5504 καὶ
2896 5451 2944 5503 oi
2979 5448 3194 5522 ἱέρακες
3220 5446 3359 5502 κατὰ
3389 5444 3633 5516 κεφαλῆς
3662 5443 3846 5498 τούτων
