4044 6324
138 371 237 426 πο

1062 368 1333 424 SPURIA.
1375 398 1445 411 —-
1481 370 1836 426 COMMENT.
1881 372 1945 426 lN
1979 371 2473 428 HEXAEMERON.

3229 361 3339 412 730

139 492 579 564 δπεριπτάμενοι,
607 491 706 555 τὰς
738 492 975 560 κεφαλὰς
1013 492 1192 545 αὐτῶν
1224 492 1571 556 κολάπτουσι,
1598 494 1678 544 κατ

1796 494 2085 563 abiguntur
2114 503 2166 547 et
2187 493 2423 556 evolant,
2477 492 2761 560 accipitres
2792 494 3201 562 supervolantes
3251 496 3343 551 de-

135 586 211 648 εις
233 585 339 656 γῆν
367 586 813 657 καταρρίπτουσι,
847 584 941 637 καὶ
967 582 1195 653 εὔθηρον
1240 584 1338 654 τὴν
1376 584 1549 655 άγραν
1579 587 1690 647 τοῖς

132 676 431 747 ἀνθρώποις
459 676 981 747 παρασκευάζουσιν·
1008 678 1054 728 οἱ
1077 675 1132 728 δὲ
1157 676 1379 745 ἄσμενοι
1400 677 1495 747 τῆς
1516 677 1689 747 ἄγρας

129 768 294 838 αὐτῆς
316 767 657 838 παραχρῆμα
690 766 1075 838 μεταδιδόασιν.

191 1034 508 1089 Φιλότεκνον
540 1034 570 1085 6
601 1030 854 1085 πελεκάψ
891 1029 1244 1108 τρέφωνύγὰρ
1262 1029 1385 1092 τοὺς
1412 1030 1684 1093 νεοσσοὺς,

127 1127 381 1181 τύπτεται
416 1127 507 1179 ὑπ’
540 1125 718 1180 αὐτῶν
744 1127 861 1187 ταῖς
901 1122 1157 1194 πτέρυξιν
1184 1126 1262 1185 είς
1294 1122 1354 1175 τὸ
1377 1123 1682 1193 πρόσωπον·

127 1224 153 1274 6
195 1220 249 1273 δὲ
299 1219 587 1273 κολάπτων
632 1218 825 1283 αὐτοὺς
870 1218 1101 1287 ἀναιρεῖ,
1140 1217 1233 1269 κα)⁸
1271 1215 1685 1285 σπλαγχνισθεὶς

130 1311 304 1365 πενθεῖ
326 1312 419 1364 ἐπὶ
442 1312 588 1382 τρεῖς
610 1309 820 1381 ἡμέρας
842 1309 1054 1371 αὐτούς.
1090 1308 1154 1361 Ἠ
1174 1308 1229 1360 δὲ
1256 1308 1436 1379 μήτηρ
1458 1304 1686 1359 ἐλθοῦσα

126 1402 299 1454 ἐπάνω
336 1401 519 1455 αὐτῶν
560 1404 784 1472 ῥήγνυσι
826 1401 924 1471 τὴν
956 1400 1193 1469 πλευρὰν
1224 1398 1411 1467 αὐτῆς,
1446 1399 1537 1451 καὶ
1562 1399 1683 1450 ἐπιτ-

130 1494 301 1556 στάζει
343 1493 405 1545 τὸ
428 1490 568 1563 αἷμα
602 1494 773 1560 αὐτῆς
818 1495 908 1545 ἐπὶ
946 1493 1071 1553 τοὺς
1114 1490 1386 1551 νεοσσοὺς,
1429 1490 1524 1542 καὶ
1553 1489 1685 1552 ζωο-

125 1586 413 1654 γονοῦνται.
447 1582 603 1640 Οὗτοι
645 1587 700 1638 δὲ
729 1586 777 1637 οί
822 1585 1117 1645 πελεκᾶνες
1150 1582 1245 1644 τὰς
1287 1581 1489 1650 κόγχας
1513 1580 1685 1650 τούτῳ

124 1677 194 1745 τῷ
223 1679 408 1749 τρόπῳ
439 1678 699 1729 ἐσθίουσυ
740 1676 812 1746 μὴ
853 1675 1139 1744 δυνάμενοι
1181 1671 1271 1725 διὰ
1299 1672 1357 1723 τὸ
1396 1671 1683 1741 ἐσφίγχθαι

124 1768 279 1831 αὑτὰς
314 1770 547 1821 ἀνελεῖν
596 1766 978 1819 καταπίνουσιν
1009 1763 1176 1826 αὑτὰς
1216 1763 1498 1833 πρότερον,
1536 1764 1681 1824 ὅπως

1791 583 2051 650 primunt,
2104 597 2241 651 quas
2272 589 2452 635 rostro
2500 580 2776 648 perforato
2818 582 2997 648 capite
3051 583 3103 634 in
3145 591 3349 640 terram

1791 671 2104 741 projiciunt,
2164 672 2348 739 sicque
2378 669 2484 722 illis
2518 668 2824 723 hominibus
2872 668 2998 723 felix
3029 677 3085 723 et
3110 670 3345 726 faustum

1790 762 2077 829 aucupium
2108 770 2462 829 comparant;
2494 759 2569 811 illi
2601 766 2785 826 captas
2820 774 3059 828 aucupes
3113 760 3348 816 divisas-

1786 865 1894 921 que
1952 852 2134 907 statim
2183 850 2462 918 mqualiter
2515 864 2639 902 cum
2690 848 3040 917 accipitribus
3090 851 3351 918 partiun-

1786 953 1895 997 tur.

1854 1035 2137 1090 Palicanus
2196 1032 2427 1086 ﬁliorum
2469 1031 2875 1087 amantissimus
2926 1039 3044 1097 est;
3076 1032 3167 1085 hic
3205 1034 3351 1088 enim

1785 1127 1914 1182 dum
1944 1126 2123 1196 pullos
2147 1124 2264 1189 alit,
2312 1123 2379 1176 ab
2412 1122 2517 1177 illis
2549 1122 2649 1176 alis
2700 1122 2754 1174 in
2790 1122 2980 1175 faciem
3030 1124 3349 1193 percutitur,

1786 1217 1879 1287 qui
1912 1223 2092 1271 rostro
2122 1231 2218 1269 eos
2248 1227 2600 1284 repercussos
2631 1212 2912 1277 interimit,
2960 1220 3013 1265 et
3038 1214 3352 1268 misericoro

1785 1310 1873 1363 dia
1921 1316 2220 1378 permotus,
2250 1306 2467 1361 eosdem
2526 1318 2556 1358 a
2590 1318 2647 1357 se
2686 1302 2899 1357 occisos
2929 1304 3073 1372 luget
3125 1320 3219 1373 per
3251 1305 3354 1357 tri—

1784 1401 1976 1455 duum.
2022 1399 2305 1453 Postremo
2356 1404 2526 1450 mater
2573 1394 2886 1460 adveniens,
2939 1394 3081 1449 latus
3114 1397 3354 1465 graviter

1782 1493 2124 1547 vulneratum
2159 1491 2363 1551 effodit,
2390 1499 2443 1543 et
2477 1489 2797 1557 sanguinem
2831 1502 2991 1542 suum
3029 1502 3192 1555 super
3225 1503 3353 1558 par-

1782 1584 1938 1637 vulos
1970 1582 2168 1642 fundit,
2191 1598 2298 1651 quo
2346 1581 2421 1634 illi
2448 1579 2674 1650 perfusi,
2710 1580 3057 1634 reviviscunt.
3098 1578 3159 1632 lii
3214 1595 3349 1634 con-

1783 1672 1901 1727 chis
1931 1673 2032 1726 hac
2072 1674 2283 1726 ratione
2324 1680 2615 1726 vescuntur
2642 1688 2655 1725 :
2688 1685 2813 1724 cum
2844 1671 2966 1724 illas
3013 1671 3192 1725 valide
3216 1684 3352 1726 con-

1784 1764 2001 1819 strictas
2045 1765 2309 1833 perimere
2338 1778 2445 1817 non
2474 1764 2701 1833 possint,
2728 1764 2878 1831 prius
2900 1779 2992 1816 eas
3020 1762 3349 1833 deglutiunt,

123 1864 181 1931 τῇ
210 1826 332 1929 περὶ
355 1859 449 1913 τὸν
475 1860 730 1929 φάρυγγα
754 1857 1046 1927 θερμότητι
1084 1826 1309 1925 διατακῇ
1344 1826 1443 1923 μεν
1466 1855 1499 1923 ἡ
1531 1853 1678 1905 συνέ-

1784 1864 1843 1909 ut
1877 1856 2112 1910 faucium
2155 1857 2354 1918 calore,
2380 1856 2538 1925 quasi
2567 1856 2776 1924 glutino
2806 1854 3191 1909 ferruminatas
3222 1869 3351 1930 ape-

122 1967 279 2021 χουσα
317 1948 507 2020 κόλλη,
551 1950 823 2002 ἁνεθεῖσαι
871 1946 927 2000 δὲ
971 1948 1027 2000 αι
1075 1945 1272 2015 κόγχαι
1319 1943 1676 2014 χαλασθῶσινο

1781 1946 1950 2012 riant;
1987 1962 2107 2017 quae
2140 1948 2351 2008 laxataa,
2388 1948 2628 2001 claustra
2683 1945 3000 2006 resolvunt;
3035 1942 3228 1998 deinde
3254 1958 3353 1999 eas

123 2042 467 2112 ἕξιμέααντες
493 2036 587 2094 οὖν
613 2040 804 2104 αὑτάς,
835 2036 1089 2109 εὐμαρῶς
1117 2037 1179 2090 τὸ
1221 2035 1475 2105 ἐδώδιμον
1502 2034 1678 2088 αὐτῶν

1779 2045 2054 2100 evomunt,
2079 2046 2132 2090 et
2175 2052 2243 2091 ex
2284 2037 2369 2092 his
2397 2052 2516 2106 qua
2543 2042 2674 2089 sunt
2730 2034 3031 2099 esculenta,
3091 2034 3212 2089 sine
3238 2033 3349 2089 ulla

124 2134 508 2190 κατεσθίωσιν.

1779 2124 2095 2182 difficultate
2117 2129 2344 2197 eligunt,
2375 2136 2430 2183 et
2459 2126 2648 2182 edunt.

184 2226 245 2277 Αί
269 2224 324 2278 δὲ
353 2224 563 2294 φάσσαι
594 2224 694 2276 οὐκ
714 2220 843 2276 ἔνθα
868 2221 1138 2275 τίκτουσιν
1163 2216 1519 2284 ὲπωάζονται,
1544 2215 1678 2271 ἀλλὰ

1850 2215 2139 2273 Palumbes
2156 2235 2262 2274 non
2282 2218 2371 2273 ubi
2394 2221 2609 2289 pariunt
2631 2215 2982 2286 pullationem
3004 2214 3232 2279 faciunt,
3249 2212 3346 2271 sed

126 2316 471 2383 μεταστᾶσαι,
494 2314 580 2367 διὰ
606 2312 667 2366 τὸ
703 2312 902 2383 πλῆθος
917 2311 1026 2364 τῶν
1054 2310 1350 2382 θηρευτῶν,
1382 2310 1461 2371 εἰς
1492 2307 1678 2378 ἕτερον

1779 2327 2000 2387 propter
2026 2311 2426 2367 multitudinem
2450 2315 2783 2372 venatorum,
2802 2308 2935 2361 locis
2958 2306 3200 2370 mutatis,
3218 2306 3348 2362 alibi

122 2408 292 2473 τόπον,
326 2406 651 2476 ἐκτρέφουσι
700 2405 827 2467 τοὺς
856 2401 1123 2465 νεοττούς.
1178 2401 1288 2454 Καὶ
1334 2400 1555 2454 ἐπειδὰν
1588 2398 1675 2452 al-

1779 2406 2032 2475 parvulos
2076 2402 2353 2466 nutriunt;
2394 2399 2485 2453 ubi
2524 2405 2810 2455 venatores
2859 2396 3057 2451 fuerint
3083 2396 3349 2464 odorata,

126 2498 341 2551 σθωνται
374 2500 457 2561 είς
498 2498 671 2567 θήραν
719 2494 1053 2565 ἀφιγμένους
1085 2493 1237 2555 τινὰς
1276 2492 1382 2545 τῶν
1424 2492 1674 2553 νεοττῶν,

1779 2504 1901 2551 ante
1928 2495 2103 2565 pullos
2132 2500 2483 2548 excurrentes
2512 2489 2748 2552 evolant,
2781 2494 2835 2542 et
2878 2486 2931 2540 in
2968 2494 3139 2541 semet
3183 2502 3350 2540 vena-

124 2588 446 2653 ἀνίπτανται,
476 2590 573 2641 καὶ
600 2588 696 2659 τὴν
729 2586 837 2639 τῶν
864 2584 1139 2655 θηρευτῶν
1174 2584 1407 2655 σπουδὴν
1442 2586 1523 2646 εἰς
1560 2585 1678 2635 ἑαυ-

1779 2597 1951 2643 torum
1972 2587 2227 2655 impetum
2246 2593 2299 2640 et
2314 2584 2553 2640 studium
2574 2588 2919 2645 convertunt,
2939 2580 3159 2634 interim
3183 2578 3345 2644 ﬁlios,

123 2684 208 2744 τὰς
241 2682 569 2753 περισπῶσι,
600 2681 787 2751 καιρὸν
816 2682 991 2749 φυγῆς
1015 2683 1127 2742 τοῖς
1155 2682 1387 2741 νεοττοῖς
1414 2680 1677 2751 παρέχου-

1779 2683 1899 2751 fuga
1922 2688 2109 2751 parata
2140 2685 2406 2740 tutantur,
2436 2677 2634 2746 quibus
2663 2675 2717 2727 in
2756 2673 2938 2744 fugam
2982 2674 3147 2737 datis,
3178 2673 3347 2728 auda-

126 2790 227 2839 σαι,
260 2775 351 2826 καὶ
379 2775 725 2841 ἐκφυγόντων
765 2773 873 2827 τῶν
907 2774 1156 2834 νεοττῶν,
1200 2772 1341 2841 μάλα
1361 2766 1675 2842 θαρσαλέως

1779 2782 1893 2826 cter
1968 2772 2183 2823 volatus
2237 2784 2426 2822 eorum
2476 2776 2678 2820 matres
2726 2773 3052 2837 prosecutae,
3115 2766 3337 2822 sublimi

126 2864 210 2916 σὺν
230 2866 336 2926 τοῖς
360 2867 616 2927 νεοττοῖς,
649 2863 948 2934 ἁπάρασαι,
980 2861 1439 2933 αἰθεροϐατοῦσιν.

1779 2861 1889 2914 aeri
1923 2875 1981 2913 se
2018 2858 2388 2911 committunt.

183 2955 461 3010 Φιλόκαλον
511 2958 541 3010 6
583 2956 725 3019 ταὼς
758 2956 815 3021 ἐξ
876 2954 1051 3008 Ἰνδῶν
1091 2953 1424 3023 ὁρμώμενος.
1476 2942 1672 3015 Οὗτος,

1848 2949 1957 3003 Sua
1987 2948 2160 3003 forma
2206 2948 2500 3018 gloriosum
2532 2962 2796 3017 pavonem
2830 2948 2948 3002 Indi
2991 2946 3173 3003 ferunt
3200 2963 3215 3013 ;
3248 2946 3342 3002 hic

124 3050 495 3122 ἀναπτερώσας
526 3049 586 3103 τὸ
622 3049 815 3111 κάλλος
860 3048 953 3101 κα)⁵
993 3047 1100 3099 τῶν
1147 3045 1361 3115 πτερῶν
1404 3045 1675 3109 ἐπιδείξας

1779 3050 2026 3095 ornatum
2082 3040 2348 3109 pandens,
2396 3048 2449 3094 et
2494 3053 2790 3109 pennarum
2833 3040 3140 3108 speciosum
3185 3039 3341 3091 thea-

122 3142 175 3195 τὸ
205 3140 439 3213 θέατρον,
489 3140 752 3207 ἐπάγεται
786 3137 920 3210 πρὸς
963 3137 1244 3191 συνουσίαν
1294 3134 1390 3207 τὴν
1436 3135 1671 3206 θήλειαν,

1779 3147 1919 3191 trum
1975 3143 2281 3202 ostentans,
2327 3136 2577 3192 dilectam
2623 3152 2653 3190 a
2706 3152 2765 3191 se
2814 3137 3083 3190 femellam
3133 3136 3343 3201 allicit;

125 3229 294 3302 ὥσπερ
314 3231 553 3303 λειμῶνα
588 3229 678 3283 τὸν
717 3228 1098 3298 καλλωπισμὸν
1123 3226 1310 3280 τοῦτον
1364 3226 1673 3289 ἐπιδεικνὺς

1779 3228 2235 3311 pulchritudinem
2271 3230 2408 3282 hanc
2439 3230 2604 3283 veluti
2630 3244 2931 3298 pennarum
2965 3235 3178 3298 pratum
3219 3243 3344 3298 spe-

125 3322 273 3393 αὑτῇ·
311 3322 421 3375 ἐστι
453 3321 565 3391 γὰρ
612 3320 795 3389 σχεδὸν
830 3318 1092 3389 λειμῶνος
1123 3321 1152 3372 6
1183 3316 1327 3381 ταὼς
1367 3318 1676 3371 εὐανθέστε-

1779 3321 2028 3377 ctandam
2058 3336 2406 3392 proponens;
2439 3336 2680 3390 saneque
2706 3321 2933 3389 pavonis
2964 3330 3177 3389 pratum
3202 3334 3344 3389 quo-

130 3430 220 3480 ρος.
243 3413 711 3484 Περιπεφύτευται
739 3411 847 3482 γὰρ
885 3408 1031 3479 αὑτῷ
1073 3410 1270 3481 χρυσὸς
1288 3412 1399 3472 τοῖς
1433 3410 1669 3479 πτεροῖς,

1779 3412 1855 3467 vis
1896 3413 2003 3467 alio
2049 3421 2207 3482 prato
2249 3414 2407 3483 longe
2458 3413 2710 3468 ﬂoridius
2750 3418 2870 3477 est;
2922 3412 2975 3464 in
3026 3412 3144 3481 ejus
3194 3412 3339 3465 enim

126 3506 207 3557 καὶ
236 3507 412 3577 κύκλῳ
430 3506 490 3558 τὸ
527 3504 787 3575 ἁλουργὲς
812 3501 1050 3572 περιθέει
1084 3499 1394 3572 πορφυροῦν
1421 3500 1512 3552 τὸν
1544 3516 1673 3569 χρυ-

1779 3504 1964 3574 pennis
1990 3518 2183 3557 aurum
2217 3503 2538 3568 seminatur,
2574 3512 2627 3558 et
2652 3508 2800 3557 omni
2823 3518 2887 3557 ex
2918 3511 3072 3571 parte
3097 3516 3337 3572 purpura

126 3597 234 3648 σόν·
267 3599 356 3651 καὶ
387 3598 493 3650 ὑπὸ
525 3596 619 3649 τοῦ
650 3595 848 3667 χρυσοῦ
878 3596 1183 3665 περίκειται
1214 3593 1274 3645 τὸ
1308 3593 1419 3645 ῐσον
1445 3590 1665 3655 κύκλον,

1779 3595 2050 3664 aequaliter
2080 3595 2415 3649 convestitur
2444 3604 2497 3649 et
2537 3594 2722 3659 vestit,
2752 3595 3003 3662 inestque
3036 3593 3145 3647 illis
3177 3592 3338 3662 quasi

128 3688 209 3739 καὶ
237 3686 374 3741 ἔστιν
402 3687 679 3757 ὀφθαλμὸς
723 3690 779 3740 ὲν
827 3687 1032 3758 πτερῷ.

1779 3687 2051 3739 oculorum
2077 3685 2307 3753 species.

189 3781 241 3833 '0
266 3780 319 3834 δὲ
350 3780 524 3849 φοῖνιξ
560 3779 785 3850 μέγεθος
806 3780 900 3850 μὲν
933 3780 1043 3849 ἔχει
1069 3778 1295 3841 ταῶνος,
1336 3778 1578 3848 διαφέρει
1615 3776 1671 3829 δὲ

1841 3778 2065 3832 Phoenix
2098 3781 2325 3847 pavonis
2356 3787 2613 3833 narratur
2641 3781 3035 3850 magnitudine,
3066 3781 3161 3835 sed
3188 3794 3217 3832 a
3239 3794 3339 3850 pa-

122 3870 191 3941 τῷ
215 3872 389 3927 κάλλει
414 3872 511 3925 τοῦ
529 3871 729 3934 ταῶνος
747 3874 812 3941 τῇ
838 3873 995 3941 χροιᾷ
1010 3887 1025 3901 ο
1055 3871 1383 3941 κεκέρασται
1402 3870 1508 3939 γὰρ
1525 3867 1672 3938 αὐτῷ

1779 3884 1910 3925 vone
1964 3869 2371 3939 pulchritudine
2423 3878 2477 3925 et
2530 3871 2713 3924 colore
2778 3871 3077 3926 secundus.
3120 3869 3341 3926 Pennas

122 3964 287 4035 χρυσῷ
306 3966 395 4018 καὶ
411 3963 668 4036 πορφύρᾳ
688 3963 754 4017 τὰ
770 3963 963 4035 πτερὰ,
993 3962 1181 4031 εὐφυεῖ
1192 3962 1248 4014 δὲ
1276 3960 1459 4029 κύκλῳ
1484 3960 1673 4026 στεφά-

1779 3961 1915 4015 enim
1968 3975 2102 4015 auro
2150 3968 2205 4015 et
2256 3976 2499 4031 purpura
2560 3962 2879 4031 interpictas
2925 3961 3110 4029 habet,
3170 3969 3337 4032 caput

1770 4052 2040 4106 concinno
2095 4052 2249 4121 apice
2308 4053 2675 4123 undequaque
2726 4061 2781 4109 et
2836 4069 3038 4109 corona
3092 4053 3332 4109 cohone-

1770 4148 1987 4209 statur;
2019 4144 2260 4199 circulus
2284 4146 2466 4199 colore
2490 4146 2721 4201 caeruleo
2742 4153 2829 4201 est
2850 4154 2904 4201 et
2927 4146 3072 4202 rosis
3097 4146 3337 4212 similis;

1768 4232 1851 4287 sic
1884 4244 2104 4302 aspectu
2136 4234 2402 4304 jucundo,
2432 4244 2487 4290 et
2517 4236 2699 4291 radios
2726 4236 3023 4307 projiciens
3053 4236 3220 4290 veluti
3251 4237 3335 4290 sol

1768 4323 1823 4376 in
1851 4338 2066 4379 summo
2099 4340 2158 4378 se
2186 4325 2447 4391 collocat;
2478 4327 2551 4379 ita
2584 4334 2642 4379 ut
2670 4334 2723 4381 et
2747 4327 2838 4381 alii
2874 4326 3104 4382 formam
3136 4340 3334 4396 corpo-

1767 4414 1847 4467 ris
1887 4413 2035 4468 illius
2077 4415 2424 4480 tradiderint,
2470 4432 2634 4486 quam
2683 4417 2837 4473 hisce
2887 4417 3074 4475 verbis
3118 4416 3333 4475 descri-

1698 4513 1742 4569 D
1770 4520 1962 4576 psere:

123 4070 200 4105 νου
226 4056 482 4127 ἠκεφαλὴ
512 4054 674 4109 αὑτοῦ
708 4055 1042 4125 κεκόσμηται
1064 4052 1323 4122 φυσικῶς.
1367 4052 1522 4105 Ἐστι
1562 4050 1619 4103 δὲ
1643 4053 1671 4103 6

123 4144 297 4209 κύκλος
325 4148 572 4209 κυάνεος,
588 4144 683 4198 καὶ
704 4145 875 4215 ῥόδοις
901 4143 1402 4215 ὲμφερής.Εὐειδὴς
1435 4143 1493 4195 δὲ
1511 4140 1668 4211 ῶντῇ

121 4233 222 4306 θέᾳ,
235 4239 322 4291 καὶ
334 4238 515 4293 ἀκτῖσι
537 4239 741 4310 κομῶν,
760 4238 947 4311 ὥσπερ
962 4238 1110 4308 ἥλιος
1136 4239 1221 4305 ἐφ’
1237 4235 1403 4305 ὕψους
1422 4236 1634 4287 ἵσταται
1651 4250 1665 4263 ’

120 4325 183 4387 ὦς
209 4330 481 4401 ἱστορῆσαι
515 4331 610 4384 καὶ
652 4331 842 4393 ἄλλους
872 4328 970 4400 τὴν
1001 4329 1214 4401 μορφὴν
1243 4326 1407 4381 αὑτοῦ
1440 4326 1534 4379 τοῦ
1559 4325 1668 4378 σώ-

122 4434 289 4487 ματος,
318 4422 503 4487 ὡςκαὶ
526 4423 678 4476 αὐτοὶ
705 4423 1092 4495 διαγράφοντες
1120 4422 1415 4490 φάσκουσιν
1457 4418 1631 4483 οὕτως
1650 4435 1663 4448 ·

1767 4618 1944 4687 Dupla
1972 4620 2155 4690 quippe
2182 4628 2260 4673 est
2287 4620 2396 4688 fere
2417 4620 2611 4689 aquin
2644 4621 3031 4690 magnitudine.

1762 4690 1879 4760 4lis
1911 4700 2084 4741 autem
2115 4690 2299 4751 rariis,
2326 4701 2481 4760 atque
2502 4690 2788 4757 coloribus,

1764 4757 1965 4827 Corpus
1992 4760 2136 4823 illius
2174 4757 2578 4813 interscribitur.

1765 4827 1955 4881 Pectus
1981 4845 2097 4882 vero
2125 4828 2268 4881 illius
2297 4844 2614 4896 purpureum
2644 4831 2792 4883 ni'tet.

1765 4896 1940 4968 Crura
1965 4900 2173 4968 signata
2198 4914 2263 4951 ea:
2288 4900 2459 4961 mitto,
2501 4909 2551 4953 et
2582 4902 2722 4953 circa
2756 4903 2974 4968 collum,

1765 4967 1956 5023 Croceo
1986 4967 2160 5036 pinna:
2183 4969 2377 5021 vellere.
2394 4971 2694 5023 decoratur.

1762 5038 1933 5107 Caput
1962 5040 2075 5107 ejus
2104 5039 2206 5090 diei
2235 5039 2395 5091 cubili
2426 5055 2529 5093 non
2559 5040 2838 5106 dissimile,

1764 5106 2095 5161 Etlmelineis
2121 5108 2331 5176 papillis
2362 5110 2725 5165 contuebatur.

1765 5176 1833 5251 ξι
1857 5180 1995 5251 circa
2018 5195 2106 5230 eas
2139 5177 2483 5251 undequaque
2504 5181 2655 5251 quasi
2687 5197 2870 5234 caecus
2902 5180 3316 5251 cli/fundebatur.

1765 5245 2044 5321 guttisque
2070 5245 2381 5321 animalium
2400 5245 2524 5321 erat
2552 5250 2772 5321 pulchra
2798 5268 2915 5305 voce
2944 5245 3186 5321 inferior.

1765 5315 1873 5386 Rea:
1898 5315 2058 5386 igitur
2082 5319 2313 5371 omnium
2343 5320 2514 5370 avium
2538 5315 2649 5373 esse
2680 5320 2974 5383 videbatur.

1768 5385 1836 5440 Ut
1861 5385 2162 5455 conjectura
2178 5387 2413 5457 judicari
2446 5398 2644 5457 potest;
2683 5392 2862 5445 omnia
2893 5392 3033 5447 enim
3080 5395 3321 5450 volatilia

3062 5461 3251 5534 [simul

122 4619 361 4689 Διπλοῦν
391 4620 505 4689 γάρ
536 4620 668 4673 ἐστι
702 4619 768 4673 τὸ
790 4619 987 4689 μῆκος
1015 4620 1191 4674 ἀετοῦ
1220 4618 1464 4689 σχεδόν.

121 4688 338 4759 ῌζεροῖς
349 4688 416 4744 δὲ
437 4688 823 4754 ποικίλοισικ,
854 4690 963 4757 ἠδὲ
989 4688 1311 4759 χρώμασιν,

119 4756 274 4836 ζῶμα
295 4760 481 4836 αὐτοῦ
514 4760 815 4836 nexuerat:

119 4825 323 4899 ζτῆθος
333 4830 459 4899 μὲν
486 4830 600 4883 οὖν
626 4830 811 4884 αὐτοῦ
842 4830 1190 4899 πορφυροῦν
1208 4831 1501 4899 φαίνεται,

120 4895 292 4969 {tua
321 4895 388 4952 es
406 4902 804 4969 μιλτόχρωτα,
835 4895 931 4953 καὶ
958 4895 1084 4953 κατ’
1111 4895 1357 4966 αὐχένα,

118 4964 485 5037 {Romularem
513 4964 841 5037 pdiloiatr
870 4964 1280 5037 εὐτρεπίζεέάι.

118 5033 264 5121 ἐξὲξ»
290 5033 586 5121 δὲκίξιτίις
614 5038 833 5121 Miser
863 5033 1261 5121 παὸεμεξείίὴςν

119 5101 211 5179 {ea
228 5108 451 5179 Mm
469 5101 587 5178 ab?
616 5101 689 5177 {ﬁ
717 5101 864 5179 Ξιόρῃ
907 5101 1297 5179 ipsaseas;

342 5171 895 5248 essematerich
923 5171 1003 5245 ὦς
1030 5180 1326 5248 ἐφαίνετο.

121 5242 311 5319 ξων-ὴν
331 5244 397 5319 δὲ
423 5242 668 5319 ξᾶνξῳν
686 5246 851 5318 εἶχεν
870 5242 1450 5319 ὲίὺκρεᾶτεδεστάτην.

121 5310 393 5388 egeam
412 5315 481 5388 ge
510 5310 1000 5388 πάντῳοῗόρνέωαῖ
1015 5321 1308 5388 ἐφαίνετο,

134 5377 303 5452 uti}?
333 5377 553 5456 νοῆσαι
572 5403 588 5417 °
620 5377 817 5442 πάντα
843 5389 954 5459 γὰρ
974 5377 1274 5458 ω’πτηνὰ
1295 5377 1454 5461 ’ὁμοῦ

1762 5523 1891 5580 Post
1921 5542 2040 5581 eum
2082 5536 2322 5581 contento
2348 5542 2505 5581 cursu
2533 5527 2821 5582 irruebant.

1761 5597 1830 5667 ᾼι
1851 5597 1959 5667 ipse
1987 5608 2108 5650 ante
2140 5614 2314 5651 omnes
2344 5607 2597 5667 tanquam
2622 5609 2804 5653 taurus
2840 5601 3145 5667 superbius

1761 5664 2037 5737 Pergebat,
2068 5666 2283 5721 celerem
2316 5664 2552 5737 gressum
2577 5670 2778 5724 volvens
2801 5664 2967 5739 pedis.

129 5509 387 5601 Ἠξςθεε
402 5516 1033 5601 αὐτᾳῦᾼόολιζεύονῖες
1061 5521 1421 5601 sacoma.

185 5759 338 5819 τοῦτο
363 5769 490 5839 φασὶ
507 5771 789 5842 μονογενὲς
818 5774 1081 5849 ὑπάρχειν
1108 5777 1264 5845 ζῶον,
1302 5778 1377 5851 μὴ
1414 5780 1655 5834 συνιστά⁴

1830 5775 1986 5833 Hunc
2022 5778 2209 5833 dicunt
2240 5777 2532 5849 unigcnum
2579 5780 2728 5835 nulla
2776 5782 3128 5839 successione
3158 5796 3325 5855 gene‘
