4044 6324
684 362 784 421 731

1539 361 1598 418 8.
1639 357 2085 417 BUSTA'I'BIUS
2115 355 2607 415 ANTIOCHENUS
2638 354 3036 414 EPISCOPUS.

3817 357 3914 412 731

678 480 816 546 rari,
856 477 952 539 sed
982 495 1105 538 esse
1133 480 1358 536 unicum
1389 485 1444 535 et
1482 478 1682 544 solum,
1710 485 1766 533 at
1795 476 2109 546 quingentis
2129 489 2250 530 eum

2360 491 2519 544 μενον
2577 473 2812 544 διαδοχῇ,
2855 471 2969 525 ἀλλ’
3008 471 3270 542 ὑπάρχειν
3299 471 3430 525 αὐτὸ
3473 469 3798 543 μονύνταων,
3829 473 3914 525 καὶ

677 574 890 628 durare
925 572 1104 628 anuis.
1139 569 1303 626 Iorti
1337 572 1641 641 proximus,
1673 569 1882 624 obitum
1913 567 2062 622 enim
2094 579 2255 620 suum

677 664 797 732 ipse
821 663 1126 734 prasentit,
1161 664 1215 717 in
1258 663 1491 718 sublime
1517 662 1753 722 delatus.
1785 660 1955 716 solem
1989 658 2255 712 orientem

679 754 929 822 intuens,
960 755 1199 812 surculis
1215 753 1508 809 odoriferis
1531 751 1803 806 construit
1825 749 2036 813 nidum,
2059 746 2256 802 deinde

682 846 867 902 asolis
906 846 1077 901 radiis
1108 854 1256 900 totus
1292 851 1586 906 crematur,
1635 853 1689 897 et
1719 845 1775 896 in
1823 841 2100 912 pulverem
2133 853 2256 891 om-

685 939 820 994 nino
835 939 1162 1002 resolvitur;
1194 953 1258 991 ex
1301 937 1522 1008 pulvere
1563 934 1758 989 deinde
1803 932 2134 988 vermiculus
2160 946 2256 985 na-

688 1028 881 1094 scitur,
911 1028 1035 1082 inde
1064 1027 1248 1098 pullus
1278 1028 1595 1098 primusque
1627 1026 1868 1096 phmnix.

754 1289 949 1362 Aquila
979 1291 1034 1345 in
1061 1290 1364 1346 educandis
1393 1291 1584 1347 liberis
1613 1289 1978 1360 iniustissima
2017 1296 2102 1342 est
2126 1305 2142 1354 ;
2172 1288 2255 1342 bi-

684 1397 788 1438 nos
811 1383 988 1452 pullos
1015 1384 1278 1444 excludit,
1303 1398 1537 1452 quorum
1566 1383 1797 1437 alterum
1837 1380 1943 1437 sibi
1977 1380 2254 1453 conciliat,

686 1473 917 1528 alterum
960 1474 1167 1527 alarum
1195 1474 1394 1528 ictibus
1423 1472 1571 1543 fugat
1613 1481 1666 1528 et
1698 1473 1943 1542 expellit,
1979 1470 2158 1525 labore
2203 1477 2256 1524 et

684 1563 868 1626 tadio,
899 1571 958 1617 ut
985 1564 1156 1624 aiunt.
1189 1562 1501 1629 nutriendi;
1553 1562 1648 1618 sed
1681 1577 1846 1632 quam
1880 1569 2078 1616 vocant
2113 1561 2256 1615 ossi-

687 1655 860 1725 fraga,
900 1665 958 1708 ut
984 1655 1164 1709 ferunt
1212 1657 1446 1721 ejectum
1491 1655 1911 1725 abdicatumque
1953 1656 2155 1723 excipit
2201 1646 2256 1707 ét

685 1745 884 1800 educat
912 1760 1037 1800 cum
1071 1747 1206 1801 suis.
1236 1745 1436 1800 Verum
1461 1747 1550 1800 ubi
1586 1747 1791 1816 pullum
1833 1747 2014 1817 aquila
2044 1745 2254 1800 enutri-

2359 567 2453 637 ἐτη
2484 567 2584 636 ζῇν
2614 566 2958 620 πεντακόσια.
2980 565 3089 618 Καὶ
3117 569 3174 619 ἐν
3206 565 3381 636 καιρῷ
3409 566 3500 618 τοῦ
3546 564 3757 635 μέλλειν
3791 566 3911 619 αὐτὸ

2356 657 2609 727 τελευτᾷν
2658 654 3106 727 (προαισθάνεται
3145 655 3253 726 γὰρ
3299 657 3397 726 τὴν
3440 655 3735 710 ἀποϐίωσιν
3751 657 3794 727 ),
3833 658 3905 722 ἐφ’

2357 749 2560 820 ὑψηλοῦ
2592 748 2735 811 τινὸς
2754 748 2918 800 τόπου
2935 749 3346 816 ἐστοχασμένος,
3369 749 3507 801 κατά
3540 749 3640 818 τὴν
3661 747 3908 816 ἀνατολὴν

2355 842 2447 896 τοῦ
2484 843 2660 913 ἡλίου,
2697 841 2762 906 ἐξ
2805 827 3172 913 ἀρωματικῶν
3209 842 3495 911 φρυγάνων
3539 842 3907 910 συμπηγνύναι

2353 935 2452 1005 τὴν
2480 934 2696 999 καλιὰν,
2726 935 2954 989 κᾶπειτα
2976 934 3080 986 ὑπὸ
3107 934 3204 1004 τῆς
3245 934 3458 996 ἀκτῖνος
3482 931 3908 996 ὁλοκαυτίζεσθαι

2354 1025 2448 1078 τοῦ
2478 1025 2655 1096 ἡλίου,
2682 1026 2776 1077 καὶ
2802 1027 2881 1087 εἰς
2919 1024 3065 1078 κόνιν
3097 1023 3370 1085 παντελῶς
3406 1022 3766 1076 ἀναλύεσθαι·
3803 1019 3911 1074 εἶτα

2356 1116 2420 1168 ὲκ
2451 1115 2548 1185 τῆς
2577 1115 2777 1176 κόνεως
2799 1112 3054 1184 σκώληκα
3087 1112 3386 1180 γίγνεσθαι,
3416 1113 3511 1166 καὶ
3550 1115 3615 1164 ἑκ
3647 1111 3740 1164 τοῦ
3776 1109 3910 1164 σκώ-

2356 1204 2518 1275 ληκος
2550 1207 2630 1266 εἰς
2662 1204 2752 1256 τὸν
2779 1203 2992 1274 πρῶτον
3019 1205 3233 1274 φοίνικα
3268 1204 3710 1274 μεταϐάλλεσθαι.

2439 1294 2497 1346 Ὀ
2527 1294 2584 1346 δὲ
2604 1295 2759 1357 ἀετὸς
2785 1296 2910 1365 περὶ
2939 1295 3037 1364 τὴν
3054 1293 3359 1364 ἀνατροφὴν
3382 1294 3490 1346 τῶν
3520 1295 3749 1348 νεοττῶν
3774 1297 3913 1348 ἐστιν

2356 1382 2716 1448 ἀδικώτατος·
2770 1385 2861 1438 δύο
2907 1385 3016 1456 γὰρ
3062 1388 3311 1457 ποιήσας,
3355 1385 3447 1438 τὸν
3486 1387 3585 1456 μὲν
3620 1388 3802 1458 ἕτερον
3836 1390 3909 1439 oi-

2358 1474 2620 1535 κειοῦται,
2671 1474 2761 1526 τὸν
2787 1477 2842 1527 δὲ
2879 1476 3061 1547 ἕτερον
3101 1476 3369 1546 μαστίζων
3405 1481 3516 1540 τοῖς
3545 1483 3762 1549 πτεροῖς
3782 1483 3910 1534 ἀπο-

2357 1567 2658 1636 πέμπεται,
2686 1566 2771 1620 διά
2807 1567 2906 1637 τῆς
2942 1570 3164 1638 τροφῆς,
3196 1569 3270 1632 ὡς
3290 1570 3441 1637 φασὶ,
3468 1571 3528 1622 τὸ
3549 1573 3818 1627 ἐπίπονον.
3854 1578 3912 1629 Ἠ

2354 1658 2410 1711 δὲ
2445 1660 2610 1728 φήνη,
2653 1660 2744 1711 τὸν
2783 1660 3181 1729 ἀποποιηθέντα
3225 1661 3524 1732 δεξαμένη,
3552 1666 3666 1726 τοῖς
3702 1668 3913 1730 οἰκείοις

2358 1748 2472 1817 ἀμα
2534 1750 2787 1820 ἐκτρέφει
2834 1755 3088 1816 νεοσσοῖς.
3144 1751 3357 1822 Θρέψας
3412 1753 3469 1805 δὲ
3518 1753 3611 1806 τὸν
3640 1758 3852 1810 νεοττὸν
3891 1761 3916 1810 ὁ

684 1837 1178 1907 vitapprebensum
1212 1839 1394 1891 volatu
1429 1837 1486 1890 in
1523 1837 1810 1891 sublimem
1840 1851 2020 1892 aerem
2053 1834 2250 1896 defert,

2357 1839 2534 1901 ἀετὸς,
2572 1839 2910 1905 συνίπταται,
2933 1841 3094 1893 αὐτὸν
3117 1842 3248 1911 πρὸς
3277 1842 3366 1893 τὸν
3387 1843 3578 1914 αἰθέρα
3604 1843 3910 1915 λαμϐάνων·

684 1937 739 1982 et
760 1930 945 1983 sieum
966 1930 1229 1984 adversus
1259 1930 1392 1983 solis
1421 1929 1602 1982 radios
1627 1927 1782 1981 lirma
1807 1928 1924 1983 acie
1947 1928 2245 1981 intuentem

685 2019 1054 2089 conspexerit,
1085 2027 1141 2074 et
1170 2035 1296 2074 acra
1329 2021 1524 2091 pennis
1557 2020 1820 2074 audacter
1849 2027 2146 2078 secantem.
2176 2019 2254 2072 uti

684 2112 978 2181 gcnuinum
1010 2112 1105 2165 alit
1135 2111 1402 2173 fovendo:
1443 2113 1490 2167 si
1518 2115 1898 2169 conniventem
1932 2111 2256 2165 liumectan-

2362 1931 2454 1983 καὶ
2483 1933 2532 1982 εἰ
2552 1931 2794 1984 θεασοιτο
2819 1933 2952 2002 πρὸς
2971 1932 3067 2000 τὴν
3083 1933 3435 2003 λαμπρότητα
3463 1935 3557 1986 τοῦ
3590 1936 3739 2006 ἡλίου
3758 1940 3916 1992 αὐτὸν

2358 2022 2752 2092 ὀξυοπὴσαντα,
2801 2026 2893 2076 καὶ
2916 2025 3190 2096 εὐτόλμως
3228 2027 3319 2078 τὸν
3349 2027 3486 2098 ἀέρα
3511 2029 3913 2100 διανηχόμενον,

2356 2112 2429 2175 ὼς
2459 2114 2655 2165 οἰκεῖον
2681 2118 3036 2184 περιποιεῖται
3057 2132 3071 2145 ·
3103 2117 3150 2168 εἰ
3182 2115 3238 2169 δὲ
3267 2117 3453 2171 ἄτονον
3475 2119 3610 2190 πρὸς
3628 2121 3821 2188 ταῦτα,
3845 2123 3917 2186 ὡς

682 2209 900 2271 temque
940 2203 1402 2266 animadverterit,
1443 2203 1523 2257 uti
1559 2201 1926 2258 adulterinum
1961 2211 2124 2271 atque
2164 2201 2250 2254 de-

2357 2203 2509 2256 νόθον
2539 2204 2851 2259 ἀποϐάλλει.

683 2307 937 2363 generem
963 2297 1210 2365 expellit.

759 2383 963 2440 Ferunt
1008 2387 1246 2455 aquilam
1280 2386 1436 2441 senio
1466 2385 1770 2442 confectam
1812 2386 2093 2440 oculorum
2139 2383 2257 2438 acie

686 2475 936 2537 obtundi.
972 2477 1196 2546 alasque
1243 2476 1364 2544 ejus
1391 2476 1804 2545 ingravescere;
1833 2475 1958 2528 hinc
1987 2489 2108 2528 eain
2134 2471 2254 2526 fon-

683 2577 768 2623 tes
799 2570 1146 2637 investigare,
1176 2570 1494 2638 delatasque
1522 2570 1576 2622 in
1608 2583 1786 2622 aerem
1815 2568 1931 2620 alas
1965 2580 1994 2618 a
2024 2565 2138 2618 sole
2169 2565 2254 2618 in-

685 2674 882 2714 censas
926 2661 1104 2723 exuri,
1135 2672 1188 2714 et
1219 2660 1398 2716 visum
1445 2672 1793 2727 recuperare;
1843 2653 2041 2710 deinde
2071 2654 2254 2707 subito

687 2751 857 2818 petito
884 2733 1054 2814 fonte,
1089 2750 1311 2804 tertium
1351 2749 1544 2819 mergi,
1584 2754 1638 2800 et
1675 2745 1959 2808 renovari;
1993 2757 2162 2812 quare
2200 2748 2255 2794 et

685 2842 953 2910 psalmum
985 2840 1190 2896 dixisse
1223 2840 1446 2895 tradunt
1476 2859 1489 2894 :
1519 2835 1872 2892 Renorabitur
1898 2835 2034 2888 sicut
2059 2832 2251 2903 aquilis

675 2933 921 3001 juventus
948 2942 1038 2987 tua
1063 2934 1128 2987 ¹⁸.

754 3129 953 3185 Yultur
979 3140 1142 3186 vento
1189 3132 1448 3200 concipit,
1495 3143 1670 3200 neque
1707 3144 1830 3184 cum
1875 3127 2014 3182 mari
2047 3142 2248 3199 corpus

683 3221 1024 3287 commiscet,
1055 3221 1297 3290 vivitque
1330 3221 1488 3274 annis
1529 3229 1781 3282 centum;
1818 3218 1874 3271 in
1904 3217 2134 3273 excelsis
2163 3225 2250 3270 at-

682 3326 791 3384 que
816 3312 941 3366 altis
968 3312 1199 3382 rupibus
1231 3318 1533 3382 pernoctat,
1567 3319 1620 3367 et
1658 3325 1818 3366 nemo
1842 3311 2063 3364 ubinam
2094 3310 2250 3363 habi-

681 3410 780 3465 tet,
814 3405 1101 3473 comperit.
1129 3403 1227 3458 Ubi
1253 3405 1583 3473 conceperit,
1619 3404 1674 3457 in
1703 3400 1909 3456 Indiam
1945 3401 2251 3472 proﬁcisci—

680 3504 792 3556 tur,
844 3501 899 3547 et
934 3492 1169 3562 lapidem
1218 3508 1379 3562 quem
1425 3500 1620 3547 vocant
1665 3492 1940 3546 cutocium
1995 3492 2246 3560 suscipit,

681 3599 848 3655 super
879 3601 1061 3654 quem,
1097 3585 1225 3639 dum
1257 3585 1540 3640 doloribus
1581 3571 1770 3652 partus
1816 3583 2116 3644 cruciatur,
2163 3598 2248 3637 se-

680 3676 771 3730 det
803 3685 856 3730 et
905 3677 1067 3745 parit.
1123 3675 1219 3730 Est
1248 3685 1426 3729 autem
1461 3677 1599 3744 lapis
1644 3676 1732 3728 hic
1774 3675 2042 3728 rotundus
2080 3674 2248 3726 veluti

682 3784 817 3831 nux,
864 3777 1068 3823 etcum
1101 3769 1364 3837 quatitur,
1399 3769 1564 3821 veluti
1592 3767 2018 3820 tintinnabulum
2049 3780 2245 3820 sonum

680 3857 815 3920 edit,
841 3858 949 3912 alio
983 3860 1038 3912 in
1079 3867 1236 3911 utero
1277 3858 1454 3927 lapide
1490 3866 1739 3913 sonante.
1773 3857 1939 3910 Aiunt
1970 3857 2247 3912 vulturem

683 3966 839 4007 rosea
869 3959 1142 4022 unguenta
1168 3950 1455 4006 odoratum
1506 3951 1766 4017 interimi,
1816 3965 1996 4020 neque
2027 3950 2246 4015 semini,

681 4058 860 4114 neque
911 4045 1110 4098 viventi
1142 4059 1266 4098 esse
1317 4043 1704 4112 perniciosum,
1739 4041 1833 4097 sed
1870 4050 1924 4096 et
1973 4051 2247 4095 mortuum

681 4149 845 4189 omne
880 4135 1099 4190 volatile
1142 4141 1363 4205 propter
1412 4135 1722 4188 allinitatem
1761 4134 2074 4188 abhorrere.
2110 4134 2246 4186 Cum

680 4242 814 4282 vero
846 4227 1095 4280 homines
1129 4227 1185 4280 in
1218 4229 1389 4281 aciem
1427 4229 1796 4288 instruuntur,
1834 4227 2102 4295 sequitur,
2147 4240 2247 4279 nec

681 4321 753 4375 ab
781 4319 914 4384 illis,
945 4319 1194 4373 carnium
1224 4319 1363 4374 edax
1394 4335 1516 4372 cum
1561 4321 1652 4384 sit,
1683 4319 2034 4389 disjungitur.

2423 2380 2560 2433 Φασὶ
2589 2380 2697 2452 γὰρ
2721 2382 3038 2453 γηράσαντα
3088 2386 3180 2438 τὸν
3211 2386 3367 2439 ἀετὸν
3417 2389 3800 2462 ἀμαυροῦσθαι
3825 2393 3920 2454 τὰς

2354 2471 2524 2540 ὄψεις,
2578 2475 2673 2527 καὶ
2716 2474 2995 2546 βαρεῖσθαι
3046 2476 3208 2530 αὐτοῦ
3243 2479 3342 2542 τὰς
3386 2482 3682 2552 πτέρυγας,
3712 2485 3809 2536 καὶ
3845 2486 3917 2546 εἰς

2355 2566 2537 2635 πηγὴν
2597 2567 2959 2634 ἀφικνεῖσθαι,
3009 2570 3104 2621 καὶ
3136 2572 3214 2632 εἰς
3241 2572 3331 2623 τὸν
3370 2572 3562 2641 αἰθέρα
3626 2575 3921 2645 ἀνιπτάμε·

2355 2674 2463 2720 νον,
2496 2657 2600 2708 ὑπὸ
2631 2658 2721 2709 τοῦ
2747 2659 2894 2727 ἡλίου
2919 2659 3017 2721 τὰς
3043 2660 3315 2730 πτέρυγας
3346 2664 3798 2731 καταφλέγεσθαι,
3833 2666 3920 2719 καὶ

2354 2749 2708 2813 ἀναϐλέπειν,
2762 2745 2856 2800 εἶτ’
2913 2753 3074 2814 εὐθὺς
3113 2754 3204 2803 ἐπὶ
3242 2753 3340 2822 τὴν
3385 2756 3565 2825 πηγὴν
3609 2757 3922 2813 καταϐάντα

2353 2839 2533 2907 τρίτον
2589 2838 2962 2908 βαπτίζεσθαι,
3012 2841 3103 2894 καὶ
3146 2842 3528 2895 ἀνανεοῦσθαι·
3578 2845 3657 2897 διὸ
3697 2848 3796 2899 καὶ
3837 2848 3922 2900 τὸν

2353 2927 2565 2997 ψαλμὸν
2582 2929 2809 2997 φάσκειν
2830 2930 3009 2998 φασίν·
3045 2932 3624 3000 Ἀναιαινισθήσεται
3647 2937 3729 3002 ὡς
3747 2938 3922 2991 ἀετοῦ

2355 3021 2395 3087 ἠ
2427 3020 2641 3086 νεότης
2677 3037 2814 3073 σου.

2445 3111 2503 3164 '0
2532 3112 2587 3164 δὲ
2619 3111 2728 3181 γὺψ
2768 3113 3062 3184 ὑπηνέμιον
3095 3115 3193 3185 τὴν
3224 3115 3384 3186 γονὴν
3421 3116 3701 3188 κέκτηται,
3736 3121 3838 3174 καὶ
3869 3122 3924 3174 οὗ

2354 3203 2608 3272 γινώσκει
2625 3206 2910 3258 συνουσίαν
2937 3206 3184 3276 ἄρρενος,
3205 3208 3295 3259 καὶ
3323 3207 3515 3261 ἑκατὸν
3541 3211 3612 3262 τὰ
3646 3210 3747 3281 ἐτη
3800 3211 3924 3281 βιοῖ.

2353 3295 2639 3358 Λὺλίςεται
2699 3297 2755 3348 δὲ
2809 3297 2901 3348 ἐπὶ
2931 3297 3037 3348 τῶν
3071 3296 3307 3369 ὑψηλῶν,
3358 3301 3453 3352 καὶ
3483 3300 3802 3373 μετεώρων,
3837 3306 3929 3359 καὶ

2352 3387 2526 3449 οὐδεὶς
2571 3384 2678 3440 οἶδε
2741 3388 2844 3440 ποῦ
2893 3392 3037 3441 ποιεῖ
3075 3389 3172 3460 τὴν
3205 3390 3540 3462 κατοίκησιν.
3583 3394 3694 3447 Καὶ
3730 3395 3928 3465 ἔγγυος

2351 3479 2636 3548 γενόμενος
2667 3480 2956 3548 πορεύεται
2983 3482 3064 3542 είς
3094 3481 3190 3551 τὴν
3223 3481 3469 3552 Ἰνδικὴν,
3507 3482 3601 3536 καὶ
3631 3484 3820 3538 λαϐὼν
3840 3488 3928 3538 τὸν

2351 3570 2591 3621 εὑτόκιον
2627 3568 2768 3621 λίθον
2791 3570 2931 3622 οὕτω
2964 3570 3312 3640 καλούμενον,
3349 3573 3530 3625 ἐπάνω
3574 3574 3744 3626 αὐτοῦ
3775 3577 3934 3629 καθέ-

2351 3658 2498 3720 ζεται
2535 3658 2886 3730 συνεχόμενος
2929 3660 3101 3722 ὠδῖσι,
3145 3661 3237 3712 καὶ
3273 3660 3571 3714 ἀποτίκτει.
3618 3663 3784 3716 Ἔστι
3826 3665 3932 3717 6ὲό

2351 3747 2495 3810 λίθος
2549 3748 2847 3818 περιφερὴς
2910 3748 2984 3810 ὡς
3039 3750 3262 3820 κάρυον,
3308 3753 3403 3804 καὶ
3447 3751 3766 3822 κινούμενος
3797 3752 3931 3824 ἦχον

2351 3839 2622 3906 ἐκπέμπει
2673 3838 2745 3899 ὡς
2783 3838 2987 3902 κώδων,
3035 3840 3243 3895 ἔνδοθεν
3270 3842 3454 3913 ἑτέρου
3495 3842 3641 3896 λίθου
3663 3848 3930 3917 κινουμέ-

2351 3947 2463 3982 νου.
2498 3931 2635 3983 Φασὶ
2673 3932 2728 3984 δὲ
2777 3931 2866 3984 τὸν
2911 3932 3060 4002 γῦπα
3099 3933 3166 3988 τὰ
3210 3935 3392 4004 ρὁινα
3444 3935 3588 4006 μύρα
3627 3939 3929 4008 χρισθέντα

2350 4021 2715 4090 ἀποθνήσκειν
2734 4039 2746 4051 ·
2775 4024 3062 4094 σπέρματα
3093 4025 3148 4077 δὲ
3183 4026 3257 4096 μὴ
3285 4024 3539 4101 βλάπτειν
3559 4027 3749 4092 αὑτὸν,
3795 4030 3928 4100 μηδὲ

2348 4128 2400 4163 τι
2430 4111 2667 4182 ἔμψυχον
2697 4113 3152 4184 διαλυμαίνεσθαι,
3182 4117 3277 4170 καὶ
3310 4117 3444 4189 μηδὲ
3471 4118 3648 4189 νεκρῷ
3675 4125 3924 4193 προσέρο

2350 4203 2537 4273 χεσθαι
2567 4206 2792 4274 πετεινῷ
2807 4205 2893 4259 διὰ
2909 4208 3006 4277 τὴν
3038 4209 3372 4275 συγγένειαν.
3415 4209 3600 4261 Ἦνίκα
3624 4209 3699 4274 δὲ,
3732 4214 3924 4278 φασιν,

2349 4293 2540 4363 ἄνδρες
2570 4296 2650 4357 είς
2679 4296 2910 4365 πόλεμον
2951 4299 3407 4367 παρατάσσονται,
3437 4299 3805 4354 ἐπακολουθεῖ
3836 4305 3924 4356 αὑ-

2348 4389 2478 4450 τοῖς,
2510 4386 2605 4439 καὶ
2633 4389 2731 4440 οὐκ
2760 4388 3072 4457 ἀφίσταται,
3107 4390 3437 4461 ταρκοϐόρος
3461 4390 3550 4442 ὧν.

752 4499 992 4556 Ciconiae
1026 4515 1301 4556 consensu
1347 4514 1456 4553 uno
1485 4508 1538 4553 et
1569 4499 1796 4552 veniunt
1827 4508 1881 4552 et
1913 4498 2242 4564 discedunt;

2420 4481 2481 4531 Οἱ
2503 4478 2561 4531 δὲ
2589 4480 2849 4552 πελαργοὶ
2882 4481 2975 4533 καὶ
3007 4481 3086 4531 ἑνὶ
3114 4481 3434 4552 ἐπιδημοῦσι
3464 4480 3805 4550 συνθήματι,
3838 4486 3924 4537 καὶ

683 4594 780 4649 bas
812 4593 1248 4647 concomitantur
1281 4591 1612 4653 coturnices,
1660 4601 1733 4653 et,
1764 4598 1824 4643 ut
1853 4606 1950 4660 par
1981 4598 2086 4654 est,
2119 4604 2243 4642 cum

679 4687 792 4744 illis
833 4685 1026 4740 avibus
1079 4683 1308 4738 infensis
1358 4683 1522 4738 simul
1574 4681 1712 4735 bella
1765 4690 1990 4750 gerunt;
2046 4681 2247 4737 saucia:

678 4777 880 4832 etenim
906 4781 1274 4829 revertuntur.
1301 4773 1540 4827 Ciconim
1565 4771 1616 4825 in
1643 4780 1857 4825 senecta
1881 4786 2070 4841 penna?
2098 4771 2247 4825 exci-

678 4871 837 4935 dunt,
867 4875 923 4922 et
965 4867 1058 4920 (illi
1108 4867 1336 4922 suismet
1381 4867 1482 4920 alis
1523 4865 1918 4918 circumdatam
1952 4863 2157 4926 fovent,
2193 4870 2246 4916 et

679 4962 864 5016 cibum
923 4959 1141 5014 abunde
1194 4959 1447 5026 lauteque
1496 4957 1950 5022 subministrant;
2006 4958 2058 5009 in
2123 4955 2245 5024 ipso

676 5056 806 5107 item
833 5052 1016 5106 volatu
1053 5052 1256 5106 sensim
1298 5051 1558 5121 utrinque
1582 5066 1702 5106 eam
1733 5051 2082 5105 sublevantes
2115 5050 2240 5113 alis,

673 5143 983 5200 subsidium
1021 5144 1095 5196 illi
1127 5149 1409 5211 prcestant.

750 5405 926 5462 Grues
954 5406 1116 5460 simul
1149 5422 1342 5461 omnes
1373 5421 1526 5476 mqua
1567 5406 1774 5460 ratione
1807 5406 2024 5470 volant;
2074 5408 2241 5475 agmi-

681 5497 768 5552 nis
798 5498 908 5552 dux
941 5505 994 5552 ct
1026 5496 1312 5567 praefectus
1343 5514 1448 5552 una
1481 5513 1668 5552 earum
1704 5505 1805 5563 est,
1835 5513 1956 5565 qua:
1986 5498 2075 5551 ubi
2108 5513 2245 5566 pra:-

682 5589 889 5656 scripto
912 5597 1150 5658 tempore
1167 5589 1344 5655 duxit,
1370 5591 1422 5643 in
1454 5597 1754 5645 extremum
1779 5589 2007 5660 agminis
2032 5589 2240 5652 abiens,

759 5761 802 5792 ³⁸
824 5757 974 5813 Psal.
996 5776 1090 5829 cn.
1117 5761 1169 5816 5.

2347 4571 2424 4625 ἑνὶ
2457 4570 2769 4641 ἀπαίρουσι.
2818 4570 3206 4641 Προπέμπουσί
3243 4588 3302 4623 τε
3334 4572 3525 4633 αὐτοὺς
3560 4573 3613 4622 αἱ
3650 4575 3922 4642 κορῶναι,

2347 4662 2460 4726 καὶ,
2493 4662 2569 4725 ὠς
2602 4662 2764 4726 είκδς,
2802 4661 3173 4731 συμμαχοῦσιν
3201 4663 3382 4724 αὐτοῖς
3415 4663 3547 4732 πρός
3572 4679 3726 4726 τινας
3759 4668 3923 4719 πολε-

2350 4757 2501 4826 μίους
2552 4755 2796 4824 ὄρνιθας·
2846 4756 3374 4826 τετραυματισμέναι
3423 4756 3531 4828 γὰρ
3579 4760 3922 4830 ἐπανέρχον-

2344 4865 2454 4900 ται.
2505 4848 2629 4899 Ἐἀν
2672 4847 2732 4898 δὲ
2771 4845 2987 4918 γηράσῃ
3030 4849 3058 4898 ὁ
3101 4847 3390 4916 πελαργὸς,
3432 4851 3783 4919 πτερορρυεῖ,
3837 4856 3922 4906 καὶ

2344 4943 2412 4996 τὰ
2464 4940 2629 4992 τέκνα
2664 4938 2823 4991 αὐτοῦ
2889 4939 3220 5008 περιστάντα
3263 4941 3374 5000 τοῖς
3422 4939 3632 5001 οἰκείοις
3683 4949 3924 5016 πτεροῖς

2347 5031 2757 5102 περιθάλπουσι,
2793 5030 2884 5084 καὶ
2913 5031 3012 5092 τὰς
3037 5029 3242 5101 τροφὰς
3269 5029 3516 5100 ἀφθόνως
3541 5032 3919 5100 παρέχουσιν·

2345 5126 2402 5178 ὲν
2435 5128 2489 5178 δὲ
2519 5128 2586 5195 τῇ
2636 5126 2828 5196 πτήσει
2879 5121 3229 5176 ὑποκάτωθεν
3261 5124 3422 5176 αὑτὸν
3454 5124 3918 5193 ὺωϐαπὰζουσι,

2344 5217 2573 5279 καὶτοῖς
2609 5216 2759 5280 ἰδίοις
2804 5218 3019 5287 πτεροῖς
3057 5214 3238 5286 ἠρέμα
3267 5216 3427 5269 αὑτὸν
3461 5216 3921 5284 ὑποκουφίζουσιν

2346 5310 2701 5381 ἑκατέρωθεν.

2415 5401 2478 5450 Αἰ
2507 5399 2563 5451 δὲ
2596 5399 2809 5468 γέρανοι
2851 5395 2986 5469 ὁμοῦ
3031 5399 3200 5450 πᾶσαι
3233 5400 3290 5464 ἐξ
3333 5397 3447 5451 ίσου
3485 5401 3761 5463 ῖπτανται,
3823 5402 3914 5472 μία

2344 5490 2400 5543 δὲ
2423 5492 2737 5560 προηγεῖται
2767 5489 2963 5554 αὐτῶν,
3008 5489 3105 5542 καὶ
3147 5489 3342 5542 τακτόν
3382 5507 3502 5544 τινα
3527 5492 3715 5564 χρόνον
3741 5512 3914 5567 προη-

2345 5580 2628 5652 γησαμὲνη
2660 5581 2736 5642 εἰς
2782 5581 2842 5632 τὸ
2872 5580 3097 5634 κατόπιν
3131 5580 3485 5653 περιελθοῦσα
3508 5586 3576 5655 τῇ
3599 5584 3715 5656 μετ’
3743 5585 3914 5656 αὐτὴν
