4044 6324
188 346 291 404 733
1144 346 1413 405 SPUBM.
1437 382 1499 394 —
1532 350 1884 408 COMMENT.
1922 354 1987 408 ΙΝ
2028 354 2514 412 llEXAEMERON.
3332 364 3435 422 736

184 464 283 534 τὴν
309 465 633 534 ἠγεμονίαν
661 465 760 535 τῆς
781 465 901 519 ὀδοῦ
933 464 1312 536 παραδίδωσιν.
1357 468 1442 519 Ἑν
1473 469 1529 520 δὲ
1559 468 1636 537 τῷ
1662 469 1776 521 καθ-

1896 471 2082 541 prima
2124 478 2248 542 post
2285 472 2669 526 seducendum
2714 488 2904 543 agmen
2941 475 3244 530 committit.
3298 481 3433 534 Dum

182 555 364 611 εὐδειν
406 558 445 628 ή
485 557 595 626 μία
629 556 756 621 ὅλας
805 556 1149 627 περιέρχεται
1198 558 1641 630 άσφαλιζομένη·
1693 562 1776 614 καὶ

1886 564 2182 628 dormiunt,
2223 579 2331 616 una
2380 578 2571 617 omnes
2621 562 2960 619 defendendo
3005 566 3289 634 circumit;
3341 571 3434 623 ubi

181 653 410 705 ιπειδὰν
445 652 511 704 τὸ
548 654 752 723 μέτρον
792 653 854 704 τὸ
884 652 1083 722 ἀρκοῦν
1105 652 1196 705 τοῦ
1244 652 1607 723 διαστήματος
1646 654 1776 725 πλη-

1888 670 2196 709 mensuram
2256 656 2415 723 spatii
2459 655 2639 708 datam
2681 656 2996 723 expleverit,
3046 659 3330 720 acclamat,
3378 668 3435 714 et

184 741 417 813 ρὼσασα
458 740 566 811 βοή
577 758 669 815 σῃ,
693 742 826 813 πρὸς
842 741 1007 794 ῦπνον
1034 742 1313 811 τρέπεται,
1340 743 1432 795 καὶ
1458 742 1590 813 άλλη
1624 744 1776 796 πάλιν

1884 758 2133 797 somnum
2160 744 2324 811 capit,
2367 751 2421 798 et
2457 744 2561 797 alia
2600 759 2793 798 rursus
2819 746 3181 801 intermissam
3214 750 3437 816 provin-

178 832 507 901 διαδέχεται
534 834 646 903 τὴν
672 832 924 901 τοιαύτην
957 832 1279 903 ὑπηρεσίαν.

1882 834 2022 886 ciam
2057 833 2418 886 administrat.

249 924 326 976 Τὸ
373 923 437 975 δὲ
503 925 625 977 τῶν
674 924 851 993 χηνῶν
882 924 1034 990 γένος
1068 924 1299 993 ὑπάρχει
1344 924 1638 993 ἄγρυπνον,
1685 924 1776 976 καὶ¹

1952 916 2045 970 Est
2068 927 2121 970 et
2146 920 2324 971 anseri
2349 919 2472 987 vigil
2502 934 2653 980 cura.
2688 926 2742 973 et
2766 921 2915 974 velox
2942 920 3192 976 audiendi
3215 937 3433 990 sensus,

174 1007 450 1079 όξυήκοαν
487 1010 711 1079 ταχέως
739 1009 843 1061 τῶν
860 1011 1185 1080 προσιόντων
1219 1010 1420 1073 ἁπλῶς,
1454 1010 1486 1080 ἢ
1520 1012 1627 1063 τῶν
1667 1016 1776 1064 ἑπι-

1882 1008 1956 1060 ita
1988 1016 2045 1059 ut
2076 1010 2154 1062 vel
2185 1011 2358 1061 solum
2393 1010 2673 1075 adeuntes,
2722 1012 2867 1079 ipsos
2895 1013 3055 1064 etiam
3097 1013 3441 1073 insidiatores

174 1099 392 1152 δούλων
406 1100 514 1170 τὴν
534 1101 729 1170 ἔφοδον
749 1100 1126 1171 αἰσθανομένη.
1158 1102 1344 1164 Οὕτως
1364 1100 1493 1168 γοῦν
1510 1102 1776 1171 πολεμίων

1881 1098 2171 1163 irruentes,
2200 1098 2640 1167 deprehendant;
2676 1101 2780 1151 hac
2826 1100 2988 1169 igitur
3017 1101 3230 1155 ratione
3272 1104 3441 1159 hosti-

172 1192 343 1245 τινῶν
366 1193 443 1245 δι’
483 1194 781 1263 ὑπονόμων
810 1192 1135 1253 ὑποδύντων,
1189 1192 1281 1243 καὶ
1324 1192 1636 1262 ’μελλόντων
1669 1210 1776 1262 χει-

1880 1189 1982 1242 bus
2017 1204 2113 1258 per
2159 1191 2443 1245 cnniculos
2494 1191 2778 1259 ingressis.
2825 1202 2878 1245 et
2910 1190 3135 1246 Romam
3186 1209 3437 1263 magnam

176 1281 417 1353 ροῦσθαι
468 1283 699 1353 Ῥώμην
728 1282 827 1353 τὴν
885 1281 1259 1353 μεγαλόπολιν,
1294 1277 1437 1336 οὗτοι
1482 1286 1547 1353 τῇ
1577 1287 1776 1354 φυσικῇ

1879 1280 2065 1333 urbem
2092 1290 2301 1335 vastare
2329 1283 2681 1344 tentantibus,
2722 1283 2776 1335 bi
2824 1297 3019 1338 sensus
3048 1287 3279 1338 naturali
3321 1288 3443 1342 acio

171 1371 405 1443 ὀξύτητι
476 1375 590 1443 τῆς
646 1373 945 1441 αἰσθήσεως
1002 1372 1422 1445 περιεσώσαντο,
1484 1377 1551 1443 τῇ
1607 1373 1776 1444 ἀθρόα

1878 1370 2201 1425 incolumem
2254 1380 2559 1436 servarunt,
2604 1375 2883 1443 repentina
2919 1388 3053 1429 voce
3090 1376 3442 1433 insidiatores

174 1464 331 1532 φωνῇ
360 1464 715 1535 παραδόντες
736 1465 861 1527 τοὺς
891 1463 1208 1527 έπιόούλους
1238 1468 1349 1527 τοῖς
1379 1464 1630 1532 φύλαξιν.

1878 1463 2197 1517 custodibus
2230 1464 2539 1533 prodentes.

258 1553 523 1607 ’Δλκυών
554 1557 671 1607 έστι
700 1554 978 1607 θαλάττιον
1000 1555 1204 1625 ὄρνεον,
1226 1555 1318 1607 καὶ
1347 1552 1497 1624 παρὰ
1529 1553 1653 1617 τοὺς
1677 1553 1776 1624 τῆς

1946 1553 2171 1623 Alcyon,
2218 1555 2423 1606 marina
2453 1555 2590 1617 avis,
2640 1558 2814 1610 media
2866 1558 3039 1612 hieme
3081 1560 3226 1613 circa
3272 1560 3442 1616 maris

176 1642 466 1716 θαλάττης
498 1646 749 1698 νοσσεύει
785 1646 1081 1714 αἰγιαλοὺς,
1103 1644 1196 1697 τοῦ
1222 1644 1483 1714 χειμῶνος
1516 1646 1773 1715 μεσάζον-

1877 1657 2026 1696 oram
2060 1643 2310 1711 fetilicat;
2337 1660 2460 1698 cum
2492 1646 2674 1714 itaque
2701 1663 2801 1701 ova
2833 1648 3071 1713 inenliat,
3104 1650 3250 1704 venti
3289 1665 3443 1704 com-

175 1754 292 1799 τος.
322 1738 507 1791 Ὅταν
528 1734 623 1791 οὖν
648 1738 977 1809 ὲπωάζηται,
999 1739 1047 1791 οἱ
1076 1739 1171 1808 μὲν
1198 1737 1385 1807 ἄνεμοι
1419 1734 1771 1806 κοιμίζονται,

1876 1736 2203 1803 primuntur,
2237 1751 2385 1788 mare
2432 1736 2550 1789 sine
2581 1737 2686 1789 ulla
2736 1740 3143 1805 perturbatione
3193 1756 3285 1809 per
3319 1742 3441 1795 dies

178 1831 211 1897 ἡ
232 1828 289 1881 δὲ
311 1829 575 1883 θάλαττα
600 1832 838 1901 γαλήνην
887 1830 997 1901 ἔχει
1050 1829 1336 1899 σταθερὰν,
1371 1830 1529 1899 ἄχρις
1551 1828 1775 1899 ἡμερῶν

1880 1834 2083 1894 septem
2120 1827 2521 1895 lranquillatur,
2551 1843 2673 1880 cum
2703 1837 2860 1882 antea
2886 1830 3235 1885 validissimis
3265 1834 3440 1887 ventis

180 1918 347 1982 ἑπτὰ,
377 1922 446 1972 τὸ
476 1923 611 1987 πρὶν
642 1923 856 1992 ἀνέμων
888 1921 1127 1991 σφοδρῶν
1155 1921 1526 1991 ταραττόντων
1559 1920 1656 1989 τὴν
1686 1918 1779 1971 θά-

179 2008 409 2064 λατταν.
461 2012 717 2065 Ἐπειδὰν
749 2008 840 2066 οὖν
887 2012 1189 2084 περιγλύψῃ
1224 2012 1348 2075 τοὺς
1389 2011 1635 2071 νεοττοὺς
1676 2011 1780 2062 πά-

180 2098 265 2152 λιν
285 2100 465 2165 ἄλλας
516 2103 654 2155 ἑπτὰ
702 2103 929 2174 ἡμέρας,
954 2106 983 2155 ό
1008 2102 1138 2165 Θεὸς
1174 2102 1431 2173 νηνεμίαν
1462 2101 1775 2171 παρέχεται,

180 2190 289 2257 ἕως
315 2195 582 2268 ἐκθρέψῃ
603 2197 730 2259 τοὺς
750 2196 1020 2259 νεοττούς.

253 2286 497 2359 Δολερδν
530 2292 560 2342 ό
593 2289 797 2359 πέρδιξ,
826 2290 918 2341 καὶ
949 2287 1276 2359 ζηλότυπον,
1308 2287 1401 2339 κα)⁸
1449 2284 1773 2357 κακοῦργον,

188 2378 577 2447 συμπράττων
607 2382 719 2442 τοῖς
761 2379 1049 2450 θηρευταίς
1077 2378 1212 2449 πρὸς
1235 2376 1332 2447 τὴν
1364 2376 1573 2447 άγραν.’
1601 2376 1775 2429 Ἀλλό-

190 2482 319 2538 τρια
366 2468 429 2521 δὲ
466 2469 716 2523 κλέπτων
765 2470 849 2523 ὠά
882 2471 1215 2532 νοσσοποιεῖ,
1260 2470 1350 2522 καί
1381 2470 1702 2537 αὐξηθέντες
1725 2471 1774 2521 οἱ

191 2561 424 2622 νεοττοὶ,
461 2560 694 2621 ἕκαστος
724 2560 863 2613 κατὰ
896 2560 1047 2628 γένος
1086 2560 1222 2629 πρὸς
1251 2560 1374 2621 τοὺς
1400 2559 1629 2621 οἰκείους
1660 2556 1774 2612 ἀνε-

191 2665 417 2713 τπαται,
448 2652 544 2703 καὶ
570 2652 771 2721 ἔρημον
802 2653 961 2704 αὐτὸν
1001 2651 1521 2721 καταλιμπάνουσιν.

262 2739 484 2808 Δάγνον
517 2743 828 2811 περιστερά.
871 2743 1023 2795 Ἐστι
1055 2743 1110 2794 δὲ
1148 2743 1360 2813 δένδρον
1391 2743 1447 2792 ὲν
1480 2744 1545 2810 τῇ
1581 2740 1771 2809 Ἰνδικῇ

194 2830 537 2901 καλούμενον
577 2832 894 2901 περιδέξιον,
938 2833 1151 2899 γλυκεῖς
1182 2833 1343 2902 φέρον
1384 2833 1649 2902 καρποὺς,
1682 2832 1774 2882 καὶ

195 2922 370 2993 τούτῳ
407 2924 468 2975 αἱ
516 2924 833 2993 περιστεραὶ
859 2923 1169 2994 τέρπονται,
1206 2923 1298 2974 καὶ
1345 2920 1774 2991 καταεκηνοῦσιν

200 3012 284 3064 ἔπ’
315 3012 508 3066 αὐτοῦ.
530 3014 687 3065 Ἐστι
706 3013 761 3065 δὲ
793 3016 820 3065 ὁ
840 3012 1051 3082 δράκων
1070 3014 1265 3082 ἐχθρος
1295 3011 1395 3080 τῆς
1424 3012 1768 3081 περιστερᾶς,

200 3102 292 3195 καὶ
318 3102 579 3166 δεδοικὼς
602 3103 663 3155 τὸ
686 3103 896 3173 δένδρον
927 3104 1026 3156 οὐκ
1051 3103 1338 3186 ἐπέρχεται
1357 3118 1371 3131 ’
1407 3104 1485 3195 εἰς
1522 3096 1631 3155 οἷον
1663 3100 1772 3195 γὰρ
1798 3139 1842 3195 C

206 3189 368 3262 μέρος
414 3191 513 3245 τοῦ
540 3192 758 3264 δένδρου
790 3194 825 3263 ἡ
857 3192 982 3245 σκιὰ
1015 3192 1259 3263 γένηται,
1288 3182 1315 3243 ό
1346 3192 1559 3263 δράκων
1585 3190 1772 3259 φεύγει

204 3280 557 3352 φοὸούμενος.
591 3286 654 3336 Al
689 3282 746 3336 δὲ
794 3285 1115 3355 περιστεραὶ
1170 3286 1248 3346 εἰς
1274 3284 1333 3337 τὸ
1379 3282 1558 3346 κλὶτος
1600 3284 1776 3335 έκεῖνο

201 3371 295 3443 τῆς
319 3377 483 3437 σκιᾶς
507 3374 855 3444 μεθίστανται
871 3391 883 3404 ·
916 3375 1009 3427 ἐὰν
1025 3374 1132 3445 γὰρ
1154 3373 1461 3444 χωρισθῶσι
1484 3373 1583 3442 τῆς
1618 3373 1775 3435 σκιᾶς

202 3461 551 3533 ἀναιροῦνται
576 3464 680 3515 ὑπὸ
706 3464 800 3516 τοῦ
827 3463 1132 3535 δράκοντος.
1160 3465 1259 3517 Οἴα
1292 3464 1348 3516 δέ
1374 3466 1520 3516 ἐστιν
1550 3466 1584 3534 ἡ
1616 3463 1775 3532 φύσις

203 3552 297 3623 τῆς
327 3557 656 3626 περιστερᾶς
704 3555 975 3623 θαυμάσαι
1000 3556 1176 3619 ἄξιον·
1208 3557 1297 3609 τὸν
1324 3556 1431 3627 γὰρ
1464 3556 1682 3625 αὐχένα,
1719 3557 1773 3607 ὲν

202 3641 453 3713 ἡλιακαῖς
498 3645 970 3715 καταλαμφθέντα,
1017 3648 1232 3717 μυρίαις
1261 3646 1563 3717 χρωμάτων
1612 3645 1776 3707 ἰδέαις

204 3734 608 3803 ποικιλλόμενον
663 3734 921 3797 δείκνυσι,
972 3735 1214 3806 φοινικῷ,
1256 3734 1469 3804 κυανῷ,
1506 3734 1772 3805 πυρωπῷ,

203 3820 587 3894 ἁνθρακοειδεί,
608 3824 771 3895 ὠχρῷ
805 3842 864 3877 τε
894 3826 987 3877 καὶ
1020 3824 1253 3897 ἐρυθρῷ,
1284 3826 1377 3879 καὶ
1428 3825 1606 3888 ἀλλοις
1638 3842 1776 3876 παν-

203 3913 451 3979 τοδαποῖς
483 3916 754 3987 χρώμασι.

270 4007 585 4061 Φιλότεκνον
629 4009 663 4075 ὴ
701 4006 913 4079 κορώνη
957 4007 1050 4061 καὶ
1095 4008 1421 4080 μόνανδρονο
1464 4009 1777 4079 έκθρέψασα

206 4096 310 4169 γάρ
342 4102 471 4161 τοὺς
486 4100 1037 4171 νεοττοὺς,κηδομένη
1070 4100 1245 4152 αὐτῶν
1269 4101 1329 4152 ού
1362 4100 1593 4153 παύεται
1653 4102 1776 4173 τρέ-

208 4204 372 4255 φουσα
402 4190 618 4253 αὐτοὺς,
648 4191 740 4242 καὶ
772 4191 858 4241 ἀεὶ
892 4191 1257 4261 συνιπταμένη
1287 4192 1488 4255 αὐτοῖς.

281 4278 338 4332 '0
392 4280 452 4334 δὲ
502 4279 827 4350 νυκτικόραξ
878 4281 1028 4349 φίλον
1072 4281 1189 4334 ἐστὶ
1222 4282 1322 4351 τῆς
1362 4283 1552 4345 νυκτὸς
1594 4283 1627 4353 ἢ
1676 4282 1775 4352 τῆς

206 4367 433 4442 ἡμέραςο

1883 1930 2211 1971 concussum
2259 1918 2660 1973 intumesceret.
2704 1917 2999 1989 Postquam
3041 1922 3229 1975 eduxit
3261 1923 3439 1991 pullos

1880 2022 1975 2075 per
2007 2008 2145 2060 alios
2179 2019 2381 2077 septem
2416 2010 2554 2074 dies,
2592 2009 2684 2065 Dei
2727 2027 2973 2075 munere,
3024 2015 3175 2066 nulla
3222 2029 3289 2069 ne
3332 2017 3438 2068 mi—

1879 2098 2025 2151 nima
2054 2098 2271 2161 quidem
2300 2114 2431 2153 aura
2473 2101 2668 2158 ﬂuctus
2711 2108 3015 2158 commovet
3042 2105 3283 2173 quandiu
3313 2106 3429 2175 pul-

1880 2189 1961 2243 los
1998 2190 2111 2244 alit.

1948 2278 2150 2335 Perdix
2178 2281 2323 2347 d'olo,
2359 2282 2735 2339 obtrectationi
2762 2294 2817 2340 et
2844 2286 3061 2341 malitize
3095 2287 3284 2353 servit,
3308 2302 3433 2341 cum

1876 2371 2012 2441 ipsis
2034 2373 2355 2443 venantibus
2387 2374 2590 2429 auxilio
2628 2377 2732 2441 sit;
2762 2376 2936 2430 aliena
2966 2391 3067 2430 ova
3092 2378 3231 2430 clam
3254 2386 3442 2446 erepta

1875 2464 2086 2531 educit;
2132 2464 2224 2519 ubi
2256 2480 2382 2520 vero
2410 2466 2542 2536 pulli
2582 2466 2935 2530 adoleverint,
2970 2467 3038 2520 ad
3070 2482 3198 2521 suos
3240 2482 3434 2521 secun-

1874 2553 2001 2607 dum
2049 2569 2218 2623 genus
2262 2564 2513 2623 parentes
2559 2556 2834 2622 advolant,
2865 2573 3092 2627 eamque
3140 2557 3339 2612 nudam
3380 2565 3437 2611 et

1875 2657 2100 2695 vacuam
2134 2644 2460 2699 destituunt.

1945 2731 2272 2787 Libidinosa:
2316 2736 2600 2788 columbas.
2663 2736 2838 2790 Arbor
2881 2746 2964 2791 est
3000 2737 3057 2790 in
3110 2736 3293 2791 Indica
3344 2752 3437 2794 re-

1874 2823 2050 2891 gione,
2093 2839 2254 2892 quam
2285 2832 2478 2877 tocant
2504 2825 2839 2893 peridexion,
2872 2825 3064 2881 dulces
3100 2826 3286 2882 ferens
3321 2826 3439 2881 fru—

1873 2922 2027 2978 ctus;
2057 2913 2156 2966 hac
2186 2915 2449 2969 columba
2507 2915 2742 2985 gaudent
2774 2927 2827 2970 et
2871 2920 2928 2969 in
2975 2932 3039 2971 ea
3088 2932 3433 2972 commoran-

1873 3012 1980 3058 tur.
2014 3004 2280 3060 Caeterum
2311 3007 2499 3068 draco,
2531 3008 2797 3061 columbis
2836 3007 3104 3069 infensus,
3158 3018 3303 3062 metu
3346 3008 3443 3063 de-

1874 3098 2043 3151 clinat
2073 3099 2360 3163 arborem;
2397 3114 2611 3168 semper
2639 3100 2784 3154 enim
2818 3101 3011 3154 timore
3045 3100 3114 3153 ab
3150 3115 3216 3155 ea
3264 3108 3441 3170 parte.

1876 3187 2043 3243 draco
2067 3190 2375 3256 expellitur,
2399 3204 2560 3259 quam
2595 3190 2758 3244 arbor
2796 3191 2996 3259 patulis
3045 3190 3241 3245 dill‘usa
3273 3190 3441 3245 ramis

1877 3288 2091 3350 Opacat.
2137 3278 2242 3344 Sed
2286 3281 2548 3335 columba:
2580 3296 2698 3335 eam
2733 3282 2937 3335 umbrae
2972 3290 3177 3351 partem
3221 3290 3439 3336 sectan-

1877 3376 1996 3422 tur:
2038 3370 2085 3422 si
2112 3372 2257 3423 enim
2304 3371 2372 3424 ab
2409 3385 2473 3423 ea
2515 3381 2858 3440 separentur,
2908 3386 2938 3425 a
2972 3372 3209 3426 dracone
3240 3371 3439 3426 interi-

1876 3468 2119 3514 muntur.
2152 3460 2322 3532 Digna
2351 3476 2482 3516 sane
2508 3471 2591 3515 est
2620 3477 2727 3531 qua
2752 3477 3191 3515 commoveamur
3218 3467 3428 3515 colum-

1876 3551 1959 3606 ba:
1996 3554 2447 3618 natura;collum
2481 3555 2610 3608 solis
2651 3554 2825 3607 radiis
2862 3554 3191 3607 illustratum
3226 3555 3438 3611 crebris

1876 3645 2145 3706 colorum,
2183 3644 2461 3713 purpurei,
2502 3644 2713 3714 eyanei,
2760 3643 2921 3711 ignei,
2968 3645 3133 3697 veluti
3179 3646 3435 3701 carbonis

1876 3736 2168 3798 rutilantis,
2198 3736 2350 3799 lutei,
2381 3737 2554 3800 rubei,
2586 3742 2640 3788 et
2664 3734 2996 3803 reliquorum
3026 3738 3268 3787 omnium
3314 3752 3435 3789 mu-

1876 3827 2177 3880 tationibus
2202 3841 2267 3880 ac
2296 3828 2578 3895 speciebus
2611 3824 2895 3895 ﬁguratum
2928 3824 3281 3895 spectandum
3310 3840 3437 3894 pro-

1874 3918 2050 3987 ponit.
2656 3910 2657 3913 “

1946 4006 2148 4059 Cornix
2182 4006 2380 4060 liberos
2424 4005 2818 4059 humanissime
2865 4012 3030 4067 amat,
3077 4013 3130 4060 et
3161 4019 3268 4057 uno
3317 4005 3441 4059 viro

1876 4106 2130 4152 contenta
2162 4109 2283 4163 est;
2324 4099 2501 4167 pullos
2542 4097 2685 4151 enim
2709 4096 2821 4164 jam
2864 4098 3133 4150 enutritos
3176 4104 3439 4166 perpetuo

1874 4189 2068 4257 pascit,
2105 4202 2292 4241 eorum
2324 4201 2510 4240 curam
2536 4201 2730 4255 gerens
2762 4193 2814 4240 et
2845 4202 2953 4239 una
2986 4187 3198 4240 volans.

1943 4276 2268 4347 Nycticorax
2309 4276 2478 4344 magis
2508 4278 2685 4330 noctis
2724 4290 2888 4347 quam
2930 4276 3037 4329 diei
3083 4276 3295 4331 amicus
3326 4285 3433 4331 est.

269 4463 622 4534 Φιλόστοργος
661 4464 690 4515 ὁ
731 4461 901 4531 ἔποψ·
931 4462 1273 4532 γηράσαντας
1308 4462 1417 4533 γὰρ
1447 4464 1570 4524 τοὺς
1598 4469 1773 4529 γονεῖς

1947 4448 2136 4518 Upupa
2170 4449 2286 4503 avis
2319 4448 2709 4503 humanissima
2737 4457 2855 4514 est;
2894 4458 3144 4518 parentes
3179 4451 3325 4505 enim
3351 4466 3435 4508 sc-

208 4552 518 4624 τιτερυγίζει
570 4552 668 4621 μὲν
712 4552 943 4623 πρῶτον,
973 4549 1090 4607 εἶτα
1122 4555 1187 4623 τῇ
1226 4552 1439 4625 γλώττῃ
1468 4551 1768 4621 καταψύχει

205 4643 379 4697 αὐτῶν
411 4646 539 4706 τοὺς
575 4644 901 4715 ὀφθαλμοὺς,
941 4645 1129 4699 ἔπειτα
1158 4646 1373 4699 θάλπων
1413 4646 1607 4707 αὐτοὺς
1649 4646 1772 4698 άνα-

207 4739 328 4790 Vtut.

284 4827 350 4883 Ἦ
380 4829 440 4882 δὲ
468 4829 686 4899 χελιδὼν
714 4827 863 4893 ᾇπαξ
882 4830 1045 4901 γεννᾷ
1072 4828 1163 4882 τοῦ
1202 4826 1417 4898 καιροῦ,
1450 4827 1768 4898 πηγνυμένη

206 4914 260 4971 Gl
283 4921 387 4990 τὴν
427 4920 619 4973 καλιὰν
648 4922 716 4974 τὰ
752 4922 849 4991 μὲν
900 4920 1082 4990 κάρφη
1112 4920 1263 4990 φέρει
1294 4918 1370 4987 τῷ
1408 4919 1655 4989 στόματι,
1682 4917 1770 4971 τὸν

207 5005 257 5061 ﬁt
298 5009 472 5080 πηλὸν
513 5011 592 5081 τῷ
628 5011 839 5082 πτερῷο
870 5011 931 5063 τὸ
966 5011 1075 5082 γὰρ
1116 5011 1278 5080 ἄκρον
1319 5010 1485 5079 αὐτῆς
1532 5006 1770 5080 βρέξασα

210 5095 377 5164 ὕδατι,
425 5104 492 5173 τῇ
549 5101 714 5174 λεπτῇ
766 5102 911 5155 κόνει
958 5102 1256 5162 ὲνειλείται,
1308 5102 1402 5155 καὶ
1452 5099 1622 5163 οὕτως
1668 5102 1769 5170 τὴν

210 5195 393 5263 χρείαν
452 5196 656 5247 ἐπινοεῖ
702 5192 795 5247 τοῦ
867 5195 1069 5266 πηλοῖν
1118 5195 1211 5247 καὶ
1273 5194 1411 5247 κατὰ
1463 5194 1654 5263 μικρὸν
1703 5192 1799 5245 τὰδ

208 5282 391 5359 κάρφη
429 5280 539 5339 οἷον
585 5287 750 5359 κόλλῃ
779 5287 885 5339 τινὶ
920 5285 1287 5356 συνδεσμοῦσα
1310 5285 1385 5355 τῷ
1413 5284 1586 5354 πηλῷ,
1620 5283 1766 5335 συνί-

214 5389 365 5448 στησι
386 5378 484 5448 τὴν
511 5377 724 5441 καλιὰν,
751 5378 845 5430 καὶ
875 5379 1129 5449 ἐκτρέφει
1160 5378 1284 5439 τοὺς
1307 5376 1556 5438 νεοσσούς

270 5468 578 5540 Μόνανδρος
618 5471 651 5539 ἡ
700 5467 911 5539 τρυγών
934 5486 945 5498 ·
976 5468 1085 5521 εἴτε
1114 5468 1223 5540 γὰρ
1251 5469 1279 5520 ὁ
1302 5467 1472 5538 ἄρρην
1498 5463 1763 5537 ἀποθάνῃ,

213 5554 311 5614 ατε
333 5559 589 5631 ήθήλεια,
611 5559 786 5631 ἑτέρῳ
809 5559 870 5636 οὐ
882 5558 1229 5612 συνάπτεται.

274 5738 332 5791 Ai
370 5738 423 5793 δὲ
452 5736 774 5794 κατοικίδιοι
819 5736 992 5806 ὄρνεις
1028 5738 1118 5790 ἐπὶ
1146 5735 1343 5798 παντὸς
1367 5730 1459 5787 τοῦ
1483 5732 1672 5805 καιροῦ
1704 5732 1763 5784 τὸ

1876 4549 2161 4595 nescentes
2196 4541 2429 4609 primum
2479 4541 2580 4594 alis
2630 4543 2824 4609 operit,
2874 4540 3067 4594 deinde
3112 4543 3290 4611 lingua
3335 4556 3435 4596 eo-

1874 4648 1994 4686 rum
2038 4634 2227 4687 oculos
2272 4632 2464 4685 leniter
2497 4630 2799 4700 demulcet;
2843 4634 3058 4687 tandem
3104 4632 3292 4688 fovens
3338 4648 3435 4690 eos

1872 4725 2115 4795 pristina:
2138 4724 2410 4792 juventuti
2443 4725 2698 4778 restituit.

1941 4814 2188 4868 Hirundo
2217 4816 2381 4869 semel
2424 4829 2568 4868 anno
2610 4815 2787 4883 parit;
2819 4814 2948 4868 dum
2988 4816 3174 4869 nidum
3222 4818 3434 4871 contino

1870 4906 1968 4975 git,
2009 4922 2103 4960 ore
2133 4915 2449 4969 stramenta,
2483 4907 2654 4960 lutum
2702 4910 2891 4976 pennis
2918 4908 3224 4977 prehendit,
3254 4918 3435 4963 extm—

1871 4999 1974 5051 mis
2008 5000 2151 5051 enim
2181 5012 2319 5067 aqua
2358 4999 2673 5054 madefactis
2702 5001 3062 5054 subtilissimo
3104 4998 3309 5068 pulveri
3355 4999 3433 5051 in-

1870 5089 2124 5153 volvitur,
2154 5092 2341 5159 sicque
2373 5091 2467 5145 luti
2509 5107 2665 5147 usum
2707 5093 3122 5162 sibtexcogitat,
3157 5100 3209 5146 et
3240 5093 3431 5160 paula-

1870 5182 1989 5245 tim,
2023 5190 2318 5236 stramenta
2350 5183 2461 5236 luto
2491 5184 2656 5236 veluti
2687 5184 2899 5252 glutino
2930 5184 3300 5249 consolidaus,
3343 5184 3430 5238 ni-

1870 5272 1999 5326 dum
2025 5280 2294 5329 construit
2326 5285 2379 5329 et
2410 5276 2584 5345 pullos
2612 5275 2723 5328 alit.

1938 5450 2142 5505 Turtur
2194 5451 2355 5505 unius
2407 5458 2613 5504 tantum
2663 5450 2953 5504 concubitu
3009 5455 3268 5505 contenta
3314 5454 3425 5517 est,

1866 5547 2064 5598 etenim
2101 5545 2213 5599 sive
2252 5560 2389 5606 mas,
2434 5544 2547 5598 sive
2592 5543 2793 5597 femina
2831 5541 3111 5607 occiderit,
3141 5555 3419 5609 nunquam

1868 5637 2001 5689 ﬁdes
2032 5635 2268 5704 conjugii
2297 5635 2549 5689 violatur.

1936 5728 2076 5784 Aves
2114 5728 2421 5784 domestica:
2456 5726 2601 5782 omni
2637 5732 2879 5799 tempore
2901 5724 3225 5783 concubitus
3261 5738 3419 5794 appe-
