4044 6324
591 331 698 390 ’138

1440 329 1496 385 8.
1533 327 1974 386 EUSTATHIUS
2010 319 2500 383 ANTIOCBENUB
2530 317 2927 376 EPISCOPUS.

3715 312 3831 370 758

585 455 732 503 tunt.
763 445 1062 520 Aquatica,
1092 445 1258 502 veluti
1289 453 1480 501 anates
1507 455 1560 501 et
1590 445 1775 517 cygni,
1799 453 1852 501 et
1881 445 1968 501 lii;
1991 446 2148 502 simi-

2260 437 2687 495 πυνουσιαστικδν
2726 436 2956 508 έχουσιν.
3001 433 3082 488 Τά
3106 433 3163 488 δὲ
3189 431 3430 505 φίλυδρα,
3456 426 3570 486 οἷον
3594 431 3829 502 νῆσσαι,

589 539 693 605 les,
717 540 924 595 divisos
962 537 1127 610 pedes
1158 553 1268 593 non
1298 538 1521 601 habent,
1559 537 1654 593 sed
1704 538 1864 593 latos.
1895 547 1952 592 et
1995 553 2157 591 mem-

588 630 764 685 brana
790 630 1137 698 conjunctos,
1169 639 1228 682 ut
1261 628 1479 683 facilius
1525 630 1577 682 in
1625 629 1782 698 aquis
1812 637 1999 682 natare
2029 643 2156 698 pos-

590 721 722 785 sint,
765 720 1100 777 membranis
1128 721 1326 793 pedum
1355 721 1513 793 quasi
1554 721 1719 775 remis
1752 735 2016 791 aquarum
2045 719 2156 773 vim

592 812 873 882 pellentes.

661 902 881 972 Cygnus
920 903 1119 957 collum
1161 902 1389 974 pedibus
1433 901 1646 974 longius
1688 902 1998 973 protendit,
2049 918 2158 975 quo

592 991 772 1064 pisces
801 1008 832 1048 e
855 993 1023 1050 fundo
1055 995 1244 1064 arripit
1273 996 1478 1066 plures.

663 1084 856 1138 Avium
893 1087 1076 1140 multa:
1107 1094 1353 1156 tempore
1395 1086 1522 1140 anni
1573 1091 1786 1139 mutant
1826 1091 1880 1139 et
1917 1086 2156 1140 colorem

591 1181 647 1229 et
685 1191 891 1230 vocem.
928 1174 1128 1231 Merula
1159 1193 1392 1246 namque
1419 1193 1487 1232 ex
1519 1178 1672 1248 nigra
1716 1175 1982 1238 ruﬂ‘escit,
2009 1184 2061 1231 et
2089 1191 2158 1230 ex

591 1280 793 1320 canora
834 1267 1084 1321 balbutit.
1119 1267 1392 1322 Luscinia:
1421 1270 1546 1323 item
1580 1284 1684 1322 vox
1713 1276 1770 1323 et
1795 1269 1947 1323 color
1976 1269 2159 1323 solsti-

594 1357 670 1411 tio
691 1364 992 1422 mutantur,
1026 1365 1082 1413 et
1112 1360 1167 1413 in
1190 1359 1396 1415 somnis
1429 1359 1768 1414 modulatum
1797 1359 1910 1415 edit
1938 1373 2155 1414 sonum.

664 1618 921 1686 Quaedam
959 1621 1125 1676 etiam
1169 1637 1295 1678 aves
1335 1623 1527 1679 bruma
1559 1639 1669 1679 non
1711 1612 1983 1687 esuriunt,
2035 1638 2160 1679 aere

595 1708 735 1770 solo.
764 1717 818 1763 et
853 1725 920 1764 eo
954 1725 1076 1765 rore
1117 1712 1210 1780 qui
1241 1712 1436 1768 herbas
1461 1714 1619 1781 rigat,
1668 1712 1776 1767 illis
1817 1712 2011 1767 famem
2041 1713 2157 1783 pel—

2257 533 2349 586 καὶ
2375 529 2582 593 κύκνοι,
2611 528 2706 580 καὶ
2729 527 2801 580 τά
2827 526 2984 597 ὃμοια
3008 526 3209 588 αὐτοῖς,
3229 523 3353 586 τοὺς
3381 523 3544 586 πόδας
3561 524 3834 593 ισχισμέ.

2255 639 2376 685 νους
2414 622 2514 675 οὐκ
2560 619 2788 689 ἔχουσιν,
2821 615 2957 670 ἀλλά
2988 617 3226 680 πλατεῖς,
3264 613 3551 685 ὑμενώδεις
3589 615 3738 686 πρὸς
3769 615 3832 669 τὸ

2257 712 2510 784 εὐμαρῶς
2524 713 2635 774 τοῖς
2669 709 2818 763 ὓδασι
2847 707 3122 779 νήχεσθαι,
3145 707 3306 760 οἱονεὶ
3329 705 3540 770 κώπαις
3573 707 3690 760 τισὶ
3712 709 3832 772 τοῖς

2257 804 2420 876 ὑμέσι
2446 803 2555 855 τῶν
2583 800 2760 854 ποδῶν
2785 800 2846 853 τὸ
2867 797 3030 870 ὑγρὸν
3053 798 3405 868 διωθούμενα.

2338 894 2396 948 Ὀ
2423 893 2479 946 δὲ
2502 892 2698 955 κύκνος
2747 890 3080 962 μακρῶερον
3106 887 3212 940 τῶν
3246 888 3422 942 ποδῶν
3445 887 3554 958 ἔχει
3576 888 3672 942 τὸν
3697 888 3834 960 τρό-

2256 977 2438 1058 χήλον,
2473 983 2610 1056 πρὸς
2649 984 2710 1036 τὸ
2735 984 2798 1035 ὲκ
2829 979 2922 1035 τοῦ
2955 979 3146 1050 βάθους
3177 981 3421 1050 ἀνασπᾷν
3446 981 3568 1043 τοὺς
3605 978 3827 1050 ἰχθύας.

2326 1075 2446 1130 Τῶν
2484 1075 2541 1128 δὲ
2584 1074 2784 1146 ὀρνέων
2821 1072 2991 1126 πολλά
3045 1070 3162 1124 κατ’
3211 1069 3327 1132 ἔτος
3367 1068 3684 1139 μεταϐάλλει
3726 1071 3833 1141 τήν

2259 1167 2441 1240 φωνήν
2473 1167 2566 1221 καὶ
2595 1167 2695 1237 τὴν
2725 1161 2936 1236 χροιάν.
2994 1163 3052 1217 '0
3080 1161 3188 1232 γάρ
3215 1161 3475 1230 κόττυφος
3499 1164 3560 1214 ὲκ
3588 1163 3833 1232 μέλανος

2260 1256 2450 1321 ξανθὸς
2493 1257 2835 1320 καθίσταται,
2876 1255 2969 1308 καὶ
3000 1254 3060 1318 ἐξ
3096 1253 3290 1324 ᾠδικοῦ
3317 1254 3624 1322 κρακτικός.
3668 1252 3740 1304 Ἦ
3771 1250 3830 1303 δὲ

2258 1346 2434 1417 ἀηδὼν
2483 1347 2545 1400 τὸ
2591 1347 2788 1418 χρῶμα
2837 1346 2932 1399 καὶ
2968 1345 3065 1415 τὴν
3100 1345 3280 1415 φωνὴν
3332 1343 3650 1415 μεταϐάλλει
3697 1346 3831 1406 ταῖς

2256 1442 2516 1509 τροπαίςο
2571 1441 2664 1493 καὶ
2718 1438 2863 1491 ιστιν
2921 1438 3193 1508 ἄγρυπνον
3238 1439 3304 1505 τῇ
3359 1434 3590 1508 μελῳδίᾳ
3629 1435 3830 1504 σχολά-

2291 1547 2447 1584 ουσα.

2291 1547 2447 1584 ουσα.

2259 1529 2292 1595 ζ
2332 1622 2491 1674 Ἔνια
2529 1621 2586 1674 δὲ
2623 1621 2732 1674 τῶν
2773 1621 2974 1693 ὀρνέων
3009 1618 3108 1682 τὰς
3142 1618 3449 1701 χειμερινὰς
3479 1618 3536 1671 οὐ
3594 1618 3828 1672 πεινῶσι

2258 1711 2486 1784 τροπὰς,
2517 1711 2595 1781 τῷ
2623 1712 2748 1782 ἀέρι
2794 1711 2937 1781 μόνῳ
2964 1710 3266 1782 τρεφόμενα
3291 1710 3383 1761 καί
3423 1710 3488 1779 τῇ
3535 1708 3674 1761 κατά
3719 1707 3828 1771 τὰς

594 1797 778 1866 lente;
835 1801 931 1856 sed
976 1810 1029 1856 et
1090 1779 1298 1859 ventris
1351 1779 1721 1872 voluptatibus
1783 1779 2149 1858 dominantur.

2260 1779 2589 1875 χλοηφαγίας
2621 1779 3009 1874 ἐνυπαρχούσή
3041 1779 3222 1864 νοτίδι,
3253 1799 3387 1853 ἀλλά
3415 1800 3509 1851 καὶ
3548 1798 3645 1862 τάς
3682 1799 3826 1850 ὑπο-

591 1888 929 1955 Quibusdam
950 1895 1093 1947 enim
1116 1910 1260 1962 vere,
1285 1903 1341 1950 et
1366 1903 1630 1950 autumno
1650 1896 1981 1968 aequinoctio
2012 1896 2152 1967 ipso,

2260 1894 2542 1966 γαστρίους
2564 1893 2852 1965 κρατοῦσιν
2873 1893 3078 1964 ήδονάς.
3106 1894 3260 1946 Ἔνια
3293 1892 3392 1962 μὲν
3422 1890 3530 1961 γὰρ
3559 1890 3698 1960 ἔαρι,
3727 1888 3826 1943 καὶ

591 1981 918 2050 quibusdam
952 1984 1118 2038 semel
1165 2001 1261 2055 per
1303 1997 1548 2056 tempora
1581 1989 1706 2042 anni
1741 1988 1866 2042 stati
1897 1989 2155 2042 concubi-

2260 1983 2558 2056 μετοπώρῳ
2614 1984 2754 2038 κατὰ
2807 1984 2904 2048 τάς
2960 1982 3265 2056 ίσημερίας,
3314 1981 3429 2034 ἔνια
3460 1982 3515 2034 δὲ
3547 1981 3689 2045 απαξ
3723 1981 3823 2035 τοῦ

589 2079 699 2129 tns.
744 2074 890 2130 Aves
939 2075 1151 2133 feminae
1189 2094 1474 2148 quousque
1527 2081 1898 2151 conceperint.
1949 2097 2155 2136 marem

2260 2079 2409 2141 ἔτους
2443 2078 2726 2130 ἐπιϐαίνει.
2757 2077 2822 2129 Δί
2864 2075 2921 2128 δὲ
2961 2075 3172 2145 θήλειαι
3213 2075 3389 2144 δρνεις
3420 2072 3579 2144 μέχρι
3629 2071 3825 2142 συλλή-

589 2163 900 2232 admittunt,
942 2177 1229 2238 postquam
1243 2171 1609 2241 conceperint,
1640 2179 1978 2228 aversantur.

2260 2171 2401 2242 ψεως
2433 2172 2499 2240 τῇ
2533 2168 2685 2239 ὀχείᾳ
2700 2167 2931 2237 ἔχονται,
2960 2168 3055 2220 καὶ
3081 2166 3242 2230 εὐθὺς
3266 2167 3394 2228 τοὺς
3413 2165 3651 2236 ἄρρενας
3680 2162 3822 2215 ἀπο-

2255 2261 2560 2332 τρέφονται.

662 2343 930 2398 Scarabaei
958 2360 1182 2402 rosaceo
1207 2347 1326 2401 illiti
1351 2356 1567 2418 repente
1591 2347 1986 2403 exanimantur.
2011 2346 2154 2418 Apes

2325 2337 2387 2405 όί
2410 2350 2467 2404 δὲ
2498 2349 2778 2421 κάνθαροι,
2812 2351 2907 2403 ὲάν
2935 2350 3123 2420 ῥοδίνῳ
3148 2346 3459 2420 χρισθῶσιν,
3489 2346 3650 2410 εὐθὺς
3687 2347 3824 2399 ἀπο-

588 2439 643 2488 et
665 2449 841 2503 vespa:
863 2436 983 2490 oleo
1012 2436 1350 2502 madefactae,
1379 2439 1649 2495 meatibus
1677 2437 1914 2494 occlusis
1954 2454 2155 2494 consu-

2260 2441 2596 2513 θνήσκουσιν.
2626 2443 2691 2494 Δί
2717 2442 2773 2496 δὲ
2807 2441 3054 2512 μέλισσαι
3085 2441 3178 2494 καὶ
3212 2440 3434 2510 σφῆκες,
3466 2439 3633 2509 ἐλαίῳ
3661 2455 3823 2492 κατα-

589 2534 850 2594 muntur;
881 2543 1002 2597 qum
1025 2530 1071 2584 si
1114 2539 1268 2585 aceto
1300 2537 1680 2600 aspergantur,
1737 2531 1901 2584 vitam
1929 2546 2154 2601 recupe-

2260 2532 2562 2606 ϐρεχθέἷσαι
2613 2533 2942 2605 φθείρονται,
2991 2535 3099 2588 τῶν
3147 2533 3326 2604 πόρων
3370 2531 3820 2604 ἀποφραγέντων.

586 2625 730 2682 rant,
760 2626 812 2672 et
835 2621 1133 2689 respirandi
1151 2621 1405 2677 facultate
1432 2623 1652 2692 privatae
1673 2637 1797 2677 aere
1817 2623 2150 2677 nutriuntur.

2260 2627 2405 2691 Ὀξει
2437 2622 2529 2680 οὖν
2547 2625 2826 2679 ἀναϐιοῦσι
2848 2625 3187 2697 βρεχόμεναιο
3214 2625 3498 2697 τρέφονται
3523 2625 3578 2677 δὲ
3595 2623 3675 2694 τῷ
3699 2623 3822 2694 ἀερι

586 2706 730 2775 Apes
747 2722 926 2777 regem
953 2709 1172 2772 habent,
1196 2718 1249 2766 et
1261 2727 1600 2766 communem
1618 2712 1879 2776 volatum,
1911 2727 2154 2766 commu-

2260 2718 2522 2788 ἀναπνοὴν
2548 2719 2646 2770 οὐκ
2667 2717 3129 2787 ἔχουσαι.Ἔχουσι
3150 2718 3206 2770 δὲ
3231 2716 3447 2785 βασιλέα
3469 2717 3524 2768 αἱ
3547 2715 3822 2784 μέλισσαι,

589 2810 821 2865 nemque
847 2808 1064 2852 servant
1092 2801 1346 2867 domum;
1383 2817 1557 2878 neque
1589 2801 1698 2853 ulla
1723 2802 1928 2855 exitum
1958 2808 2151 2868 tentat,

2260 2809 2349 2861 καὶ
2377 2808 2558 2878 κοινὴν
2588 2809 2685 2878 μὲν
2717 2808 2989 2861 ποιοῦνται
3017 2808 3112 2878 τὴν
3150 2809 3364 2876 π-ιῆσιν,
3398 2805 3579 2876 κοινὴν
3623 2805 3685 2857 δὲ
3726 2803 3824 2873 τὴν

587 2893 876 2956 antequam
909 2903 1003 2942 rex
1032 2888 1145 2957 ipse
1160 2891 1396 2944 volatum
1446 2875 1731 2960 i'ncazperit
1761 2909 1776 2957 ;
1802 2891 1894 2960 qui
1931 2906 2041 2945 non
2088 2893 2155 2947 ab

2260 2898 2462 2968 οἴκησιν
2483 2915 2496 2927 ·
2518 2875 2613 2950 καί
2635 2898 2854 2968 οὐδεμία
2884 2875 3185 2968 προχείρως
3209 2875 3372 2959 ἔξεισι
3399 2895 3526 2964 πρὶν
3545 2896 3578 2963 ἢ
3607 2895 3702 2946 τὸν
3731 2892 3824 2963 βα-

588 2975 697 3031 illis
718 2978 956 3048 eligitur,
980 2982 1074 3035 sed
1104 2990 1297 3036 natura
1312 2983 1556 3038 omnium
1587 2991 1737 3038 tenet
1765 2983 2150 3054 principatum,

2260 2984 2408 3039 σιλέα
2431 2986 2526 3055 τῆς
2560 2987 2808 3056 πτήσεως
2842 2984 3392 3055 κατάρξασθαι.”Εστι
3420 2985 3477 3036 δὲ
3506 2983 3700 3046 αὐταῖς
3733 2977 3823 3034 οῦ-

588 3071 798 3125 caeteris
836 3073 1030 3140 major,
1073 3072 1245 3127 forma
1273 3088 1592 3142 morumque
1621 3074 1842 3128 lenitate
1881 3074 2002 3129 illas
2036 3075 2152 3129 vin-

2260 3092 2344 3138 τος
2371 3075 2778 3148 ἀχειροτόνητος
2808 3079 2872 3129 ὲκ
2903 3076 3112 3146 φύσεως
3153 3075 3289 3146 ἔχων
3315 3076 3411 3146 τὴν
3441 3073 3580 3128 κατά
3605 3074 3824 3126 πάντων

592 3175 756 3228 cens;
783 3161 946 3216 habet
979 3164 1120 3216 enim
1149 3164 1418 3226 aculeum,
1452 3179 1561 3234 quo
1591 3171 1770 3218 tamen
1793 3163 1859 3217 ad
1885 3164 2155 3220 ulciscen-

2260 3168 2450 3240 ἀρχὴν,
2487 3167 2726 3238 μεγέθει,
2754 3167 2848 3220 καὶ
2875 3169 3133 3238 σχήματι,
3157 3167 3251 3220 καὶ
3271 3169 3336 3236 τῇ
3357 3165 3449 3218 τοῦ
3471 3165 3632 3236 ήθους
3654 3164 3826 3237 πραό-

591 3251 722 3306 dum
750 3267 858 3306 non
892 3252 1082 3306 utitur.
1101 3253 1268 3309 Ceras
1289 3270 1355 3309 ex
1388 3255 1645 3309 arborum
1675 3263 2029 3325 satorumque
2056 3254 2153 3309 ﬁo-

2260 3276 2374 3328 τητι
2423 3258 2694 3328 διαφέρων
2732 3257 2943 3311 αὐτῶνο
2975 3256 3088 3311 ἔστι
3123 3257 3221 3328 μὲν
3264 3257 3371 3327 γὰρ
3393 3256 3613 3328 κέντρον
3650 3255 3821 3325 αὐτῷ,

589 3340 740 3397 ribus
772 3343 1110 3414 conﬁngunt,
1141 3353 1195 3400 et
1245 3361 1440 3416 aquam
1472 3354 1762 3416 guttasque
1796 3347 1971 3400 instar
2000 3347 2141 3402 roris

2260 3345 2363 3399 ἀλλ’
2396 3345 2456 3397 οὐ
2485 3346 2683 3417 χρῆται
2713 3343 2886 3416 τούτῳ
2911 3345 3046 3416 πρὸς
3083 3346 3312 3416 ἄμυναν.
3342 3345 3636 3414 Συνάγουσι
3669 3345 3728 3397 δὲ
3760 3345 3822 3397 ἐκ

585 3433 810 3489 floribus
844 3434 1117 3500 diffusam,
1141 3452 1235 3491 ore
1264 3438 1644 3503 convehentes,
1664 3453 1908 3493 cerarum
1926 3437 2150 3493 alveolis

2260 3434 2355 3488 τῶν
2387 3434 2562 3488 ἀνθῶν
2595 3436 2685 3488 τὸν
2728 3435 2894 3506 κηρὸν
2922 3435 2977 3491 αἱ
3013 3433 3285 3504 μέλισσαι,
3321 3435 3416 3488 κα)⁸
3452 3436 3550 3504 τὴν
3588 3435 3818 3504 δροσοει-

588 3532 922 3592 exonerant;
955 3527 1082 3581 hinc
1116 3530 1384 3598 principio
1419 3530 1701 3584 humidum
1741 3536 1844 3592 est,
1882 3529 1976 3584 sed
2009 3537 2146 3584 tem-

2260 3524 2352 3587 ῑῶς
2396 3525 2802 3596 ὲνεσπαρμένην
2853 3525 3031 3578 νοτίδα
3074 3528 3187 3588 τοῖς
3220 3525 3433 3578 ἄνθεσιν
3473 3525 3550 3595 τῷ
3593 3525 3823 3594 στόματι

589 3627 720 3680 pore
743 3614 1050 3672 hominibus
1082 3634 1181 3672 usu
1211 3619 1442 3683 efﬁcaci,
1493 3629 1817 3673 maturatum
1863 3618 2148 3674 dulcescit.

2260 3616 2716 3686 ὲπισπασὰμεναι,
2735 3617 2851 3678 ταῖς
2878 3616 3146 3685 κοιλότησι
3166 3617 3272 3669 τῶν
3296 3616 3477 3687 κηρῶν
3498 3616 3666 3685 αὐτὴν
3687 3617 3828 3668 ἐνιᾶ-

591 3702 764 3761 Mellis
793 3707 922 3761 item
956 3724 1165 3762 summa
1195 3696 1480 3780 prudentia
1502 3711 1790 3780 studioque
1811 3711 2150 3779 receptacula

2260 3724 2342 3759 σιν
2362 3724 2374 3736 ·
2406 3708 2525 3762 ὅθεν
2576 3708 2665 3759 καῖ
2716 3707 2880 3777 ὑγρόν
2909 3709 3022 3759 ἐστι
3051 3707 3145 3778 τὴν
3173 3707 3366 3778 ἀρχὴν,
3401 3705 3515 3760 εἶτα
3536 3706 3615 3776 τῷ
3645 3709 3824 3778 χρόνῳ

589 3797 850 3862 condunt,
878 3814 1055 3854 ceram
1092 3801 1145 3854 in
1191 3802 1602 3857 Subtilissimam
1654 3801 2022 3855 membranam
2053 3817 2143 3855 ex.

2260 3798 2625 3867 καταπεφθὲν,
2660 3799 2756 3868 ήδὺ
2783 3799 3006 3866 γίνεται,
3041 3800 3134 3852 καὶ
3155 3798 3451 3871 εὔχρηστον
3479 3803 3590 3862 τοῖς
3611 3799 3822 3870 ἀνθρώ-

594 3889 910 3958 tendentes;
939 3893 1161 3947 crebras
1193 3902 1247 3946 et
1274 3894 1562 3947 continuas
1611 3892 1855 3946 favorum
1914 3899 2155 3945 structu-

2261 3908 2401 3952 ποις.
2440 3889 2626 3958 Σαφῶς
2653 3889 2709 3942 δὲ
2738 3890 2829 3942 καὶ
2864 3889 2959 3953 τὰς
3003 3890 3282 3960 ἀποθήκας
3327 3890 3692 3961 φιλοτεχνοῦσι
3731 3890 3822 3944 τοῦ

589 3983 684 4033 ηε
717 3980 1029 4044 conﬁciunt,
1072 3992 1130 4037 ut
1180 3985 1341 4038 simul
1377 3985 1632 4038 lateribus
1676 3983 1851 4037 afﬁxa;
1892 3982 2148 4036 haereant.

2263 3981 2508 4051 μέλιτος·
2562 3985 2642 4045 είς
2687 3981 2881 4037 λεπτὸν
2909 3982 3081 4053 ὑμένα
3121 3983 3215 4035 τὸν
3252 3984 3418 4054 κηρὸν
3447 3983 3820 4044 διατείνουσαι,

596 4076 802 4141 πυκνὰς
832 4077 925 4130 καὶ
967 4081 1208 4148 συνεχεῖς
1236 4080 1490 4151 ἀλλήλαις
1517 4083 1641 4145 τοὺς
1695 4079 1950 4150 σίμϐλους
1996 4077 2385 4146 οίκοδομοῦσιν,
2439 4077 2514 4140 ὡς
2564 4077 2625 4129 τὸ
2653 4079 2844 4149 μικρὸν
2873 4079 2970 4148 τῆς
3019 4077 3127 4130 τῶν
3165 4078 3503 4150 μικροτάτων
3545 4079 3680 4150 πρὸς
3733 4075 3814 4130 ἀλ·

596 4165 730 4236 ληλα
752 4168 947 4233 δέσεως
973 4170 1269 4242 ἐδράζεται.

667 4260 914 4321 Locusta:
937 4279 1046 4320 uno
1068 4280 1337 4320 consensu
1365 4265 1608 4329 sublata,
1637 4273 1812 4320 terras
1837 4279 1932 4333 per
1959 4263 2149 4316 latitu-

2326 4259 2391 4312 Ai
2436 4259 2493 4312 δὲ
2522 4258 2738 4329 ἀκρίδες
2771 4259 2851 4313 ἐνὶ
2881 4258 3179 4330 συνθήματι
3213 4259 3353 4312 κατὰ
3391 4258 3448 4311 τὸ
3484 4260 3685 4324 πλάτος
3727 4261 3821 4333 τῆς

592 4343 775 4406 dinem
798 4354 1074 4418 infestant,
1107 4355 1461 4425 procedentes
1488 4371 1709 4424 campos
1735 4355 1870 4409 alios
1889 4354 2154 4408 fructibus

2260 4350 2440 4421 χώρας
2482 4350 2984 4420 στρατοπεδεύουσι.
3013 4349 3325 4419 Περιιοῦσαι
3355 4350 3412 4402 δὲ
3439 4351 3640 4422 ὁρῶσιν
3666 4352 3822 4424 ἕτερα

594 4452 822 4522 onustos
848 4447 1214 4516 conspiciunt,
1244 4461 1343 4500 nec
1362 4453 1590 4514 tangunt
1621 4446 1860 4501 exitiosae
1884 4485 1898 4510 ,
1959 4447 2052 4500 sed
2086 4446 2154 4499 ad

596 4533 908 4600 praescripta
939 4535 1043 4588 illis
1075 4535 1191 4588 loca
1214 4549 1426 4588 summo
1459 4550 1600 4588 nexu
1636 4534 1990 4596 contendunt,
2018 4550 2153 4604 qua-

596 4620 644 4672 si
673 4620 868 4677 divinis
887 4623 1134 4692 jussibus
1155 4624 1342 4693 pulsa),
1363 4640 1537 4693 neque
1561 4634 1846 4693 antequam
1872 4625 1979 4678 illis
1997 4624 2155 4678 detur

599 4709 850 4777 facultas,
883 4729 1090 4769 messes
1125 4715 1439 4786 fructusque
1478 4717 1764 4771 erodentes
1785 4724 2018 4770 vastant.
2052 4714 2156 4769 Eas

598 4803 829 4860 seleucis
850 4805 966 4861 avis
992 4807 1287 4863 insatiabili
1312 4809 1608 4862 voracitate
1639 4809 1884 4864 insecuta
1917 4847 1934 4872 ,
1966 4823 2156 4862 omnes

597 4895 853 4952 absumit.

669 5071 912 5137 Noctua,
938 5083 997 5128 ut
1033 5076 1232 5140 ferunt,
1287 5079 1460 5132 oculis
1490 5078 1726 5132 interdiu
1787 5079 1961 5149 caligo
1989 5077 2159 5135 offen-

607 5160 768 5224 tlitur,
808 5171 971 5217 noctu
1004 5179 1122 5217 eam
1152 5167 1272 5221 visu
1299 5167 1498 5221 valere.

672 5250 805 5305 Cum
837 5256 1244 5324 vespertiliones
1289 5259 1531 5311 cubitum
1583 5264 1734 5322 eunt,
1789 5268 1976 5312 mutuo
2009 5274 2160 5314 com-

605 5342 760 5409 plexu
795 5347 1220 5414 suspenduntur,
1245 5358 1298 5403 et
1327 5351 1373 5404 si
1402 5365 1562 5421 quem
1587 5351 1655 5403 ab
1674 5363 1739 5404 eo
1768 5348 1960 5404 ordine
1979 5351 2160 5405 divelli

606 5434 911 5503 contigerit.
943 5439 1134 5509 reliqui
1165 5441 1472 5507 clamitant;
1506 5441 1695 5496 eadem
1724 5441 1840 5496 sola
1877 5442 2158 5496 volucrum

606 5525 908 5596 quadrupes
933 5537 1014 5584 est
1043 5538 1097 5584 et
1117 5529 1368 5587 dentibus
1398 5532 1636 5587 fulcitur.

679 5698 889 5757 Cicada
912 5702 1084 5760 imbre
1107 5715 1451 5776 generantur,
1480 5715 1533 5764 et
1566 5710 1967 5774 obmutescunt,
1991 5725 2158 5783 quan-

2255 4443 2380 4512 λήῖα
2419 4441 2495 4510 τῷ
2524 4441 2720 4510 καρπῷ
2762 4441 3033 4512 βρίθοντα,
3061 4441 3155 4494 καὶ
3195 4441 3294 4493 οὐκ
3325 4440 3679 4509 ἐφάπτονται,
3712 4442 3820 4497 ἀλλ’

2260 4533 2352 4585 ἐπὶ
2380 4532 2468 4584 τὸν
2498 4531 2797 4602 ὡρισμένον
2820 4534 3007 4595 αὐταῖς
3034 4533 3195 4584 τόπον
3212 4532 3616 4596 σπουδάζουσιν,
3641 4533 3821 4605 ὥσπερ

2261 4625 2326 4675 ὲκ
2365 4621 2506 4674 θείου
2551 4622 2966 4693 προστάγματος
3000 4624 3368 4692 ἐπειγόμεναι.
3404 4623 3514 4675 Καὶ
3545 4625 3606 4675 οὐ
3639 4623 3821 4695 πρότε-

2267 4729 2354 4782 ρον
2377 4709 2471 4763 τοῦ
2497 4710 2705 4782 καρποῦ
2738 4711 3015 4772 ἅπτονται,
3045 4712 3171 4782 πρὶν
3192 4711 3232 4782 ’ἠ
3262 4710 3479 4781 δοθῆναι
3509 4715 3700 4777 αὑταῖς
3729 4715 3820 4786 τὴν

2263 4800 2624 4872 συγχώρησιν.
2659 4803 2968 4856 Μετέπειτα
3013 4803 3069 4856 δὲ
3112 4803 3300 4865 αὑταῖς
3344 4804 3589 4868 σελευκὶς
3628 4809 3822 4858 ἐπαπο-

2264 4891 2560 4957 στέλλεται,
2591 4891 2684 4945 καὶ
2716 4893 2891 4955 πάσας
2917 4891 3187 4946 κατεσθίει
3215 4893 3401 4958 αῦτάς,
3422 4895 3712 4965 ἀκόρεστον
3733 4894 3821 4964 τὴν

2266 4981 2424 5050 φύσιν
2453 4983 2666 5052 ἔχουσα.

2337 5075 2447 5145 Τὴν
2480 5074 2690 5141 γλαῦκά
2731 5091 2861 5142 φασι
2911 5074 3011 5146 τὴν
3058 5073 3274 5146 ἡμέραν
3318 5075 3695 5146 ἀμαυροῦσθαι
3731 5079 3820 5148 τὴν

2266 5161 2408 5235 δψιν,
2430 5163 2527 5236 τὴν
2559 5165 2615 5216 δὲ
2646 5163 2815 5217 νύκτα
2845 5164 3161 5235 ρώννυσθαι.

2349 5258 2540 5311 Ἢνίκα
2582 5259 2626 5312 δ’
2653 5261 2706 5310 αί
2754 5239 3062 5338 νυκτερίδες
3104 5259 3466 5323 καθεύδουσιν,
3501 5257 3561 5323 εξ
3588 5258 3822 5329 ἀλλήλων

2266 5347 2377 5422 ἀπή
2389 5364 2635 5418 ρτηνται·
2667 5349 2761 5414 καὶ
2780 5350 2827 5400 εί
2851 5347 2976 5417 μίαν
3008 5347 3186 5419 συμϐῇ
3212 5347 3307 5400 τοῦ
3325 5346 3564 5418 ὁρμαθοῦ
3582 5349 3819 5402 ἀποσπα-

2268 5436 2456 5506 σθῆναι
2504 5436 2703 5500 αύτῶν,
2731 5438 2787 5490 αἱ
2819 5437 2999 5489 λοιπαὶ
3041 5437 3396 5491 καταϐοῶσιν.
3439 5435 3612 5489 Μόνον
3641 5436 3698 5489 δὲ
3722 5433 3821 5487 τῶν

2267 5528 2526 5581 πετεινῶν
2550 5517 2904 5596 τετρασκελές
2931 5529 3182 5599 ὑπάρχει,
3209 5528 3302 5581 καὶ¹
3334 5526 3510 5580 ὀδοῦσι
3540 5524 3822 5582 κατακεκό-

2267 5636 2486 5673 causam

2383 5636 2486 5673 ται.

2305 5636 2402 5762 μὲί
2423 5708 2476 5761 δὲ
2499 5710 2734 5780 τέττιγες
2763 5712 2820 5764 έν
2840 5709 3112 5782 ὲπομϐρίᾳ
3137 5709 3392 5778 γίνονται,
3427 5701 3814 5778 ἡσυχάζουσιᾶ
