4044 6324
709 385 814 441 739

1566 380 1628 436 S.
1670 379 2108 436 EUSTATHIUS
2144 379 2627 440 ANTIOCHENUS
2665 383 3059 444 EPISCOPUS.
3835 396 3912 450 7ιο

703 509 926 564 gressus
951 495 1006 548 in
1040 492 1233 548 faciem
1259 491 1474 555 efﬂans,
1513 492 1733 547 videndi
1768 494 1875 547 vim
1912 495 1988 547 illi
2021 509 2243 548 commu‘

2368 498 2600 568 ίστησιν.
2620 500 2809 552 Ἡνίκα
2836 501 2891 552 δὲ
2920 503 3187 574 ἀνθρώπῳ
3216 507 3249 575 ἡ
3269 523 3373 558 τινι
3401 505 3507 558 τῶν
3533 507 3683 572 ζώων
3716 511 3911 582 ἐπέρχο-

703 588 868 639 nicat.
906 584 1134 650 Quando
1166 599 1292 638 vero
1323 583 1596 638 hominem
1622 585 1706 637 vel
1738 585 1882 638 aliud
1936 588 2131 638 animal
2181 601 2273 655 ag-

701 677 968 744 greditur,
999 684 1169 729 semet
1202 677 1353 745 prius
1379 675 1550 728 cauda
1583 691 1677 729 seu
1697 677 1929 744 quodam
1953 678 2271 732 incitamen-

702 773 760 817 to
790 765 1043 834 ﬂagellat,
1078 774 1137 818 ut
1167 775 1320 835 poeta
1361 766 1557 819 cecinit
1588 766 1664 805 "2

774 873 962 929 Cauda
985 894 1102 930 vero
1127 877 1395 945 lateraque
1417 887 1466 930 et
1495 878 1697 945 lumbos
1726 879 1966 945 utrinque

782 945 1054 1008 Verberat,
1079 964 1226 1016 seque
1242 944 1412 1013 ipsum
1442 944 1636 1001 excitat
1662 949 1730 999 ad
1766 944 2123 1016 pugnandum.

700 1056 759 1111 In
789 1067 1028 1122 senecta,
1088 1060 1343 1128 quoniam
1372 1061 1438 1114 ad
1491 1064 1891 1131 persequendas
1941 1062 2082 1117 feras
2122 1063 2265 1118 vires

702 1165 810 1202 non
842 1158 1120 1218 superant,
1153 1154 1316 1206 urbes
1345 1153 1574 1218 obsidet,
1629 1154 1940 1210 hominibus
1980 1155 2044 1207 ad
2093 1157 2254 1206 vitam

699 1241 1129 1294 conservandam
1166 1241 1402 1303 inhians,
1424 1258 1740 1312 semperque
1771 1246 1914 1299 illius
1932 1261 1992 1299 os
2015 1246 2268 1315 gravissi-

699 1345 844 1383 mum
864 1331 1102 1384 omnium
1113 1329 1352 1386 redditet
1366 1334 1581 1386 odorem
1599 1341 1652 1386 et
1671 1336 1892 1388 halitum
1910 1353 1922 1400 ;
1939 1337 2125 1388 oculos
2141 1349 2262 1387 cum

696 1419 917 1484 dormit,
944 1430 1190 1492 patentes
1220 1426 1398 1478 habet.
1425 1424 1616 1479 Leana
1652 1427 1740 1478 vix
1763 1427 2086 1495 diﬂicileque
2105 1426 2263 1479 unius

695 1514 1098 1582 catulipartum
1139 1517 1420 1582 sustinet;
1467 1517 1521 1569 in
1577 1517 1693 1585 ipso
1748 1520 1890 1570 enim
1948 1520 2109 1571 cnixu
2161 1532 2261 1570 un-

695 1604 879 1670 guium
914 1607 1029 1659 acie
1059 1606 1196 1660 fetus
1223 1609 1366 1660 illius
1395 1608 1654 1662 dilacerat
1679 1620 1909 1662 uterum.

767 1693 1010 1751 Pardalis
1043 1699 1332 1753 vehemens
1354 1707 1511 1754 estet
1558 1703 1838 1770 repentino
1881 1701 2084 1770 impetu
2126 1716 2263 1771 praev-

2377 605 2486 651 ται,
2524 589 2769 659 μαστίζει
2794 594 2858 662 τῇ
2895 592 3022 663 σοδῇ
3052 595 3239 648 ἑαυτὸν
3265 597 3523 670 πρότερον
3541 600 3680 653 κατά
3701 602 3758 653 τδ
3782 621 3908 671 ποιη-

2376 682 2526 733 τικόν
2541 697 2553 710 ·

2553 875 2678 953 μὴν
2704 878 2966 953 πέευράς
2984 896 3064 953 -τε-
3083 881 3180 934 καὶ
3213 884 3378 951 ἰσχία
3401 885 3815 953 ἀμφοτέρωθεν

2373 949 2718 1009 Μαστίεται,
2748 946 2808 998 ἒε
2847 947 2897 999 δ’
2927 950 3112 1002 αὑτὸν
3132 946 3851 1024 ὲποτρὑνείῂαχέὲασθαι.

2370 1054 2623 1124 Γηράσας
2643 1055 2718 1118 δὲ,
2750 1057 2840 1108 καὶ
2863 1056 2939 1118 εἰς
2961 1056 3134 1127 ἀγραν
3165 1058 3397 1127 βαδίζειν
3423 1062 3622 1114 ἀτονῶν
3652 1065 3905 1135 ἐφεδρεύει

2369 1150 2486 1208 ταῖς
2517 1147 2752 1210 πόλεσιν,
2789 1147 3034 1216 θηρεύειν
3079 1152 3157 1212 είς
3207 1151 3390 1220 βίωσίν
3443 1155 3564 1216 τοὺς
3613 1154 3904 1226 ἀνθρώποις

2370 1236 2866 1306 γλιχόμενος.Ἔστι
2895 1239 2950 1289 δὲ
2976 1239 3137 1292 αὑτοῦ
3171 1243 3228 1294 τὸ
3258 1244 3425 1313 στόμα
3454 1247 3674 1298 πάντοτε
3699 1247 3904 1300 δυσωδέ-

2373 1344 2563 1381 στατον
2581 1345 2594 1356 ·
2629 1328 2901 1381 καθεύδων
2922 1329 2976 1382 δὲ
3001 1333 3342 1396 ἀναπετάσας
3367 1336 3559 1404 ἔχειτά
3585 1337 3840 1409 βλέφαρα.
3855 1341 3902 1391 Ἡ

2368 1419 2424 1472 δὲ
2454 1420 2636 1474 λέαινα
2667 1421 2816 1490 μόλις
2847 1421 2963 1484 ἐνὸς
2993 1423 3227 1492 σκύμνου
3277 1427 3533 1497 ὑπομένει
3568 1430 3666 1500 τὴν
3699 1432 3900 1503 κύησιν·

2371 1512 2575 1581 προῖὼν
2607 1513 2713 1583 γὰρ
2743 1515 2818 1575 εὶς
2847 1513 2906 1564 τὸ
2928 1513 3031 1578 ἔξω
3070 1519 3190 1578 ταῖς
3220 1520 3421 1587 ἀκμαῖς
3452 1522 3558 1574 τῶν
3589 1523 3794 1593 ὀνύχων
3823 1528 3903 1595 τὴν

2373 1603 2587 1672 μήτραν
2615 1604 3008 1675 διασπαράσσει
3044 1608 3227 1676 αὐτῆς.

2449 1696 2792 1762 Ῥαγδαλαῖον
2840 1700 2872 1766 ή
2917 1697 3176 1768 πάρδαλις
3225 1703 3311 1754 καὶ
3357 1703 3647 1775 ὀξύρροπον
3682 1709 3801 1769 ταῖς
3841 1708 3907 1776 ὁρ-

696 1801 858 1856 ceps;
887 1796 1083 1842 cetera
1107 1790 1364 1843 animalia
1411 1793 1694 1845 tremenda
1738 1794 1909 1846 vincit
1955 1795 2238 1847 velocitate

2365 1791 2509 1857 μαῖς,
2541 1791 2766 1842 καὶτῶν
2798 1790 2968 1844 ἄλλων
2997 1792 3266 1863 διαφέρων
3301 1794 3534 1869 ὀξύτητι,
3579 1801 3671 1852 καὶ
3705 1801 3794 1854 ἐπὶ
3825 1801 3904 1859 τὰς

692 1883 746 1926 et
781 1884 904 1928 ante
937 1886 1252 1932 venatorum
1289 1881 1478 1934 oculos
1506 1881 1580 1932 ita
1611 1881 1806 1949 pedum
1841 1882 1979 1934 valet
2027 1880 2263 1950 pernici-

691 1971 822 2030 tate,
852 1975 909 2018 ut
942 1969 1123 2022 volare
1150 1971 1381 2039 quisque
1406 1971 1628 2025 diceret.

762 2055 915 2111 Ursae
949 2069 1142 2112 natura
1167 2064 1350 2130 segnis
1375 2069 1428 2114 et
1453 2064 1762 2131 peculiaris,
1821 2078 2002 2119 mores
2051 2067 2258 2119 malitia

690 2146 938 2211 solertes,
965 2163 1166 2218 corpus
1195 2166 1377 2220 grave.
1409 2150 1754 2222 Smpeitaque
1779 2154 2115 2222 gravissimis
2143 2157 2259 2210 vul-

688 2236 914 2290 neribus
961 2239 1230 2304 conlecta,
1267 2242 1368 2294 sibi
1395 2247 1554 2311 parat
1605 2243 2020 2305 medicamenta,
2065 2246 2256 2300 siccis-

689 2325 828 2381 simo
858 2331 1118 2384 verbasco
1146 2331 1465 2384 vulneribus
1496 2333 1798 2397 obturatis;
1847 2333 1974 2385 dum
2029 2349 2257 2405 congre-

686 2416 835 2471 ditur
877 2428 931 2473 et
982 2421 1240 2484 luctatur,
1290 2423 1581 2477 artiliciose
1639 2424 1803 2492 pedes
1855 2425 2162 2492 complicat,
2203 2435 2255 2480 et

683 2526 808 2565 eum
834 2513 1054 2580 quicum
1087 2522 1280 2579 certat,
1309 2516 1643 2585 supplantat,
1691 2524 1745 2569 et
1794 2517 2026 2569 medium
2081 2519 2255 2572 valide

683 2614 990 2672 correptum
1015 2606 1242 2672 impetit.

756 2693 970 2748 Taurus
993 2697 1274 2760 cornibus,
1300 2697 1499 2764 quibus
1525 2697 1711 2752 hostes
1741 2699 2044 2764 ulciscitur,
2071 2714 2251 2754 arma-

689 2793 798 2851 tur,
834 2787 1170 2856 pedibusque
1201 2789 1523 2842 athletarum
1562 2805 1711 2843 more
1739 2791 2011 2859 pulverem
2061 2793 2114 2844 in
2169 2790 2250 2845 a1-

682 2885 796 2928 tnm
830 2879 1057 2947 spargit,
1083 2879 1578 2946 desideatustorvis
1601 2881 1774 2934 oculis
1802 2879 2113 2940 ardescens,
2134 2894 2250 2932 cor-

682 2967 844 3020 nibus
875 2968 1171 3030 inclinatis,
1204 2975 1258 3021 et
1289 2969 1370 3020 ira
1429 2968 1709 3038 gliscente,
1769 2976 1879 3022 toto
1913 2981 2139 3036 corpore
2166 2967 2249 3020 di-

681 3057 1029 3110 micationem
1062 3057 1259 3126 poscit.

2367 1879 2516 1948 ὄψεις
2548 1879 2655 1932 τῶν
2690 1880 2968 1951 θηρευτῶν
2997 1883 3375 1953 ὲφιπτάμενον.

2435 2056 2631 2130 Νωθρά
2657 2058 2689 2126 ἡ
2727 2057 2884 2126 φύσις
2913 2059 3010 2127 τῆς
3036 2059 3252 2129 ἄρκτου,
3286 2063 3376 2114 καὶ
3416 2066 3726 2137 ίδιὸτροπος,
3752 2071 3836 2123 καί
3856 2071 3904 2122 τδ

2363 2142 2492 2218 ἦθος
2527 2147 2774 2211 ὕπουλος,
2807 2150 2898 2201 καὶ
2952 2149 3138 2220 βαρεῖα
3166 2151 3243 2220 τῷ
3273 2153 3500 2222 σώματι.
3537 2159 3799 2222 Πολλάκις
3827 2157 3902 2212 οὖν

2365 2239 2687 2309 βαθυτάταις
2715 2241 2980 2312 τρωθεῖσα
3010 2243 3260 2312 πληγαῖς,
3295 2247 3524 2316 ἰατρεύει
3577 2252 3771 2320 ἑαυτὴν
3821 2251 3901 2319 ξη-

2364 2331 2568 2402 ροτὰτῳ
2602 2333 2787 2402 φλὸμῳ
2816 2332 2913 2395 τὰς
2945 2334 3169 2397 ὠτειλὰς
3202 2333 3571 2405 παραϐύουσα.
3612 2343 3902 2396 Παλαίουαα

2359 2423 2413 2475 δὲ
2441 2421 2716 2476 διαπλέκει
2747 2425 2872 2488 τοὺς
2904 2425 3066 2488 πόδας
3099 2427 3387 2496 τεχνικῶς,
3423 2432 3514 2482 καὶ
3554 2431 3900 2496 ὑποσκελίζει,

2359 2511 2452 2580 καί
2486 2512 2857 2580 μεσολαὸοὖσα
2889 2514 3160 2584 κραταιῶς
3189 2515 3476 2573 καθάπτει.

2437 2687 2495 2739 Ὀ
2538 2688 2732 2760 ταῦρος
2765 2693 2873 2752 τοῖς
2907 2691 3097 2771 κέρασι
3130 2692 3262 2762 πρὸς
3297 2693 3504 2763 ἄμυναν
3536 2695 3641 2749 τῶν
3689 2699 3904 2752 ἀντιπά-

2355 2775 2459 2827 λων
2487 2777 2874 2842 καθώπλισται,
2908 2783 3019 2842 τοῖς
3049 2780 3103 2831 δὲ
3137 2783 3289 2832 ποσὶν
3325 2782 3555 2853 ἀθλητοῦ
3597 2786 3796 2856 τρόπον
3836 2805 3910 2840 κιρ

2354 2868 2585 2931 νίζεται·
2625 2869 3055 2940 ὑπόλεπόμενος
3084 2872 3138 2923 δὲ
3173 2879 3447 2943 ττυρωποίς
3474 2876 3700 2946 ὄμμασι,
3725 2881 3817 2932 καὶ
3851 2881 3907 2933 τὰ

2353 2960 2557 3031 κέρατα
2587 2961 2932 3030 ὲγκεκλικὼς,
2967 2963 3059 3015 καί¹
3086 2964 3218 3027 ζέων
3246 2966 3418 3037 θυμῷ,
3445 2970 3656 3040 ἐφορμᾷ
3687 2972 3795 3041 ὅλῳ
3839 2971 3907 3040 τῷ

2354 3066 2585 3120 σωματι.

750 3151 894 3216 Aper
923 3149 969 3202 si
991 3149 1196 3202 locatos
1220 3147 1436 3202 insidiis
1463 3156 1749 3202 venatores
1769 3147 1931 3202 fuerit
1969 3147 2243 3209 odoratus1

2424 3143 2528 3205 Σῦς
2557 3142 2633 3203 δὲ,
2659 3145 2784 3196 ὃταν
2815 3145 2898 3216 ἴδῃ
2930 3148 3194 3216 κυνηγοὺς
3217 3148 3272 3199 ὲν
3293 3151 3409 3211 ταῖς
3438 3149 3588 3213 ὕλαις
3616 3151 3907 3222 λοχῶντας.

676 3241 884 3295 viribus
917 3241 1190 3304 excitatis,
1225 3241 1409 3294 nullus
1445 3239 1546 3292 init
1588 3241 2012 3304 contentionem,
2069 3239 2247 3307 prius-

675 3349 840 3403 quam
877 3333 942 3386 ad
968 3334 1176 3387 vicinas
1207 3335 1431 3386 arbores
1461 3333 1652 3386 dentes
1684 3331 1980 3386 exacuerit.

745 3425 1051 3491 Antholops
1085 3424 1262 3476 bellua
1283 3433 1366 3477 est
1388 3423 1885 3484 vehementissima,
1916 3429 2112 3474 venatu
2145 3418 2244 3471 dif-

675 3513 853 3577 ﬁcilis,
883 3513 1133 3581 oblongis
1163 3513 1442 3575 cornibus,
1491 3527 1767 3566 serrarum
1817 3511 2008 3572 instar,
2045 3508 2241 3579 quibus

675 3605 814 3657 altas
845 3605 1202 3672 ingentesque
1230 3606 1594 3658 circumsecat
1619 3603 1864 3656 arbores.
1895 3600 2095 3654 Sitiens
2143 3598 2242 3651 Eu-

674 3696 920 3760 phratem
957 3695 1178 3748 ﬂuvium
1219 3696 1372 3764 petit,
1411 3697 1639 3764 indeque
1686 3702 1813 3763 potu
1859 3692 2052 3746 hausto
2097 3692 2239 3744 inter

671 3787 926 3847 ericnlas,
965 3802 1084 3853 qua:
1106 3787 1250 3838 circa
1274 3785 1513 3840 ﬂuminis
1558 3788 1703 3854 ripas
1753 3786 2046 3847 virescunt,
2103 3782 2238 3834 ludit

671 3878 846 3946 iisque
875 3879 1180 3946 colligatur.
1216 3877 1425 3931 Etenim
1460 3891 1582 3930 cum
1618 3877 1727 3929 sint
1754 3875 2008 3929 tenuibus
2047 3881 2099 3926 et
2127 3875 2237 3926 len—

670 3969 742 4020 tis
775 3969 1031 4029 surculis,
1061 3968 1202 4021 inter
1237 3984 1293 4021 se
1349 3967 1610 4021 cornibus
1672 3965 1817 4018 illius
1865 3965 2232 4034 implicantur,

667 4061 759 4115 illa
792 4075 1012 4130 gemens
1054 4061 1349 4112 clamorem
1386 4059 1527 4122 edit;
1578 4055 1721 4125 quod
1777 4071 1899 4109 cum
1951 4062 2235 4108 venatores

665 4150 1057 4220 persenserint,
1087 4149 1231 4201 illico
1262 4163 1379 4200 eam
1420 4147 1868 4214 comprehensam
1894 4144 2229 4197 interimunt.

736 4240 832 4294 Est
859 4249 915 4294 et
935 4239 1078 4307 apud
1114 4238 1364 4308 Scythas,
1393 4253 1532 4306 quos
1563 4234 1705 4289 Loos
1736 4245 1949 4297 vocant,
1985 4233 2117 4297 fera,
2152 4243 2232 4286 ta-

662 4333 870 4388 randus
899 4333 1138 4393 nomine,
1177 4333 1263 4384 cui
1299 4327 1614 4398 magnitudo
1635 4342 1753 4394 quae
1784 4326 1927 4388 bovi,
1977 4337 2229 4393 aspectus

661 4425 752 4494 qui
786 4439 981 4487 cervo;
1026 4423 1189 4490 ﬁtquc
1237 4419 1493 4474 assimilis
1526 4418 1831 4483 cuicunque
1876 4417 1951 4468 rei
1987 4419 2228 4483 proxime

2346 3231 2768 3304 διανιστάμενος,
2801 3238 2860 3288 οὐ
2894 3238 3151 3307 πρότερον
3180 3241 3392 3309 ὲφορμᾷ
3426 3243 3609 3312 πρὶνῆ
3643 3245 3760 3306 ⁸ἳςιῖς
3787 3243 3910 3311 πλη-

2349 3322 2460 3374 σίον
2497 3323 2730 3394 δένδροις
2758 3327 3043 3399 παραθηξῃ
3072 3332 3196 3390 τοὺς
3225 3329 3460 3392 ὀδόντας.

2417 3415 2570 3466 Ἔστι
2590 3416 2644 3468 δὲ
2662 3417 2796 3476 ζῶον
2827 3419 3053 3487 ἀνθόλοψ
3081 3422 3281 3492 σφόδρα
3311 3423 3629 3492 δριμύτατον
3657 3431 3753 3479 καὶ
3788 3426 3910 3477 δυσ-

2345 3503 2598 3573 θήρατον,
2649 3506 2767 3575 ἕχον
2805 3508 2861 3559 δὲ
2898 3509 3080 3578 μακρὰ
3107 3511 3308 3579 κέρατα
3339 3513 3497 3580 ὅμοια
3524 3515 3768 3583 πρίοσιν,
3802 3515 3910 3570 δέν-

2343 3593 2444 3663 δρα
2475 3597 2719 3666 μετέωρα
2749 3599 2840 3650 καὶ
2877 3601 3082 3668 μεγάλα
3113 3602 3323 3672 πρίζει·
3357 3604 3579 3672 arcem
3602 3606 3657 3658 δὲ
3689 3607 3909 3678 ἔρχεται

2343 3687 2433 3736 ἐπὶ
2481 3688 2570 3739 τὸν
2623 3689 2910 3760 Εὐφράτην
2943 3693 3200 3760 ποταμὸν,
3235 3694 3326 3746 καὶ
3373 3695 3508 3747 πιὼν
3559 3698 3742 3760 παίζει
3793 3702 3908 3760 ταῖς

2341 3778 2654 3846 ὲρεικίναις,
2681 3783 2798 3842 ταῖς
2831 3781 3015 3842 οὔσαις
3044 3782 3192 3852 παρά
3219 3785 3336 3844 ταῖς
3381 3783 3564 3853 ὄχθαις
3604 3786 3700 3837 τοῦ
3741 3805 3908 3841 mta—

2343 3866 2465 3935 μοῦ,
2520 3868 2612 3919 καὶ
2666 3869 2940 3939 δεσμεῖται
2993 3872 3083 3923 ὑπ’
3134 3872 3332 3928 αὐτῶν.
3387 3875 3748 3929 Λεπτὸκλονοι
3803 3877 3908 3948 γὰρ

2341 3958 2696 4028 ὑπάρχουσαι,
2731 3961 3086 4029 ἐμπλέκονται
3111 3963 3272 4015 αὐτοῦ
3301 3965 3425 4034 περὶ
3454 3965 3518 4016 τὰ
3551 3967 3786 4035 κέρατα,
3819 3969 3908 4021 καὶ

2340 4048 2471 4118 βοᾷ·
2513 4051 2604 4102 καὶ
2635 4053 2683 4102 οἱ
2715 4053 2958 4122 κυνηγοὶ,
2989 4053 3321 4124 αἰσθόμενοι,
3357 4056 3554 4118 εὐθέως
3591 4058 3760 4110 αὑτὸν
3796 4059 3907 4111 συλ-

2286 4168 2292 4173 -
2338 4139 2690 4208 λαμϐάνουσι,
2728 4143 2820 4193 καὶ
2845 4144 3170 4213 ἀναιροῦσιν.

2408 4232 2561 4283 Ἔστι
2594 4232 2647 4284 δὲ
2694 4235 2750 4283 ὲν
2792 4237 2902 4295 τοῖς
2941 4234 3168 4296 Σκύθαις
3195 4239 3303 4298 τοῖς
3335 4237 3684 4304 καλουμένοις
3729 4240 3904 4293 Athos:

2336 4318 2469 4381 ζῶον
2518 4322 2841 4391 καλούμενον
2888 4323 3162 4393 τάρανδος,
3205 4326 3427 4394 μέγεθος
3465 4328 3585 4396 ἕχον
3625 4329 3773 4396 βοὸς,
3811 4333 3902 4399 τὴν

2333 4412 2387 4463 δὲ
2416 4413 2534 4480 ὅφιν
2559 4414 2654 4482 τῆς
2681 4414 2772 4466 τοῦ
2804 4415 2999 4482 ἐλάερου
3045 4418 3437 4488 παραπλήσιον.
3474 4419 3582 4471 Καὶ
3616 4422 3732 4473 ἐστι
3781 4421 3900 4474 δυτ-

663 4471 752 4494 γτ-
792 4471 981 4487 η--νι
1026 4471 1186 4490 --μιμ-
1259 4471 1363 4474 νηη
1747 4471 1760 4483 .
1989 4471 2003 4483 .

659 4517 890 4576 venerit,
927 4515 1272 4581 coloremque
1295 4512 1532 4563 omnium
1565 4511 1760 4571 reddit,
1794 4511 1905 4562 sive
1932 4507 2018 4559 illa
2042 4509 2224 4569 arbor,

2347 4471 2585 4571 ιὴρατον,
2614 4471 2698 4573 ’τῷ
2736 4507 2873 4577 πρὸς
2908 4471 2975 4558 τὰ
3019 4471 3206 4579 δένδρα
3251 4471 3342 4560 καὶ
3386 4511 3579 4580 χωρία,
3614 4513 3707 4563 καὶ
3765 4515 3899 4583 ape;

652 4609 773 4660 sive
804 4615 968 4667 terra,
1002 4605 1113 4657 sive
1136 4603 1338 4670 aliquid
1371 4600 1516 4653 aliud
1547 4600 1645 4666 sit;
1675 4601 1798 4652 hinc
1832 4599 2007 4651 evenit
2041 4606 2099 4650 ut
2121 4596 2226 4649 dif—

655 4697 876 4750 liculter
909 4695 1028 4764 capi
1058 4694 1252 4763 possit,
1301 4693 1706 4759 multorumque
1758 4690 2003 4742 notitiam
2033 4687 2221 4756 fugiat.

726 4868 930 4923 Eadem
963 4869 1177 4921 ratione
1205 4873 1259 4920 et
1277 4864 1606 4918 chamazleon
1633 4871 1808 4916 mutat
1837 4863 2072 4917 colorem
2103 4862 2224 4917 red-

656 4961 839 5030 ditque
900 4973 1280 5027 quemcunque
1352 4955 1598 5026 proxime
1657 4955 1893 5023 attingit,
1946 4954 2061 5007 sive
2128 4968 2224 5022 per

654 5060 934 5120 pratorum
967 5049 1315 5111 viriditatem,
1357 5047 1471 5102 sive
1504 5061 1600 5115 per
1637 5046 1738 5099 soli
1773 5046 2073 5098 siccitatem
2102 5058 2220 5098 ser-

653 5156 766 5216 pat.

723 5238 898 5292 Cervo
924 5237 1063 5291 inest
1091 5250 1188 5290 sua
1223 5232 1509 5293 timiditas,
1535 5245 1843 5300 quanquam
1875 5230 1944 5282 sit
1969 5229 2217 5283 acerrimi

651 5329 805 5383 visus
836 5342 1180 5397 pugnamque
1228 5340 1352 5378 cum
1409 5322 1732 5375 animalibus
1761 5335 1881 5389 quae
1926 5320 2072 5372 humi
2130 5335 2218 5373 re-

650 5431 787 5492 punt
840 5419 1160 5475 committat.
1187 5417 1243 5470 Si
1273 5415 1491 5485 quando
1529 5429 1649 5467 eum
1685 5427 1928 5481 serpens,
1955 5412 2010 5464 in
2053 5425 2216 5465 saxo--

651 5528 770 5566 rum
800 5512 992 5564 rimam
1022 5511 1319 5578 ingressus,
1359 5505 1610 5575 fugiendo
1641 5503 1944 5566 declinat-it,
1999 5503 2090 5556 siti
2122 5517 2211 5554 ar-

650 5605 782 5657 dens
815 5601 880 5654 ad
909 5599 1083 5652 fontes
1105 5614 1163 5652 se
1193 5597 1425 5662 confert,
1479 5596 1714 5666 graviter
1758 5609 1990 5665 namque
2009 5596 2096 5650 siti
2129 5595 2212 5646 iu-

756 5777 793 5806 "
832 5774 983 5827 lloni.
1019 5772 1176 5825 Iliad.
1209 5772 1268 5836 Υ,
1303 5770 1502 5829 v.170.

2329 4594 2505 4645 πάντα
2539 4589 2616 4656 οἷς
2649 4596 2714 4646 ἂν
2746 4596 2932 4665 ἐγγίζῃ
2961 4597 3056 4665 τὴν
3090 4598 3273 4666 χροιὰν
3311 4599 3682 4667 μεταϐάλλειν,
3712 4604 3814 4655 καὶ

2327 4684 2545 4735 ἐκείνων
2578 4685 2963 4754 ἀφομοιοῦσθαι
3001 4688 3141 4756 ἰδέᾳ,
3178 4689 3269 4740 καὶ
3295 4689 3380 4741 διὰ
3403 4689 3558 4742 τοῦτο
3589 4688 3733 4744 εἶναι
3773 4695 3898 4745 πολ-

2326 4772 2436 4836 λοῖς
2462 4777 2878 4841 ἀνεπίγνωστον.

2407 4869 2636 4936 Ὁμοίως
2679 4869 2735 4920 δὲ
2773 4869 2865 4921 καὶ
2916 4872 2944 4921 ὁ
2991 4871 3297 4941 χαμαιλέων
3325 4873 3402 4934 είς
3438 4873 3578 4936 οἴους
3624 4874 3688 4926 ἂν
3749 4875 3895 4946 ipsa;

2323 4955 2607 5025 λειμῶνας,
2641 4961 2734 5011 καὶ
2761 4960 2928 5029 ἐδάφη
2952 4958 3108 5030 ξηρὰ,
3132 4965 3227 5030 τὴν
3251 4963 3437 5031 χροιὰν
3473 4962 3687 5015 ἐκείνων
3727 4981 3894 5033 μετα-

2321 5048 2386 5100 λα
2393 5051 2605 5118 μὸἀνει.
2851 5073 2853 5076 ί

2389 5229 2568 5282 Δειλὸν
2601 5231 2633 5297 ἡ
2661 5229 2852 5296 ἔλαφος
2885 5229 2976 5280 καὶ
2999 5228 3296 5298 ὀξυδερκὲς,
3333 5229 3427 5282 καὶ
3461 5231 3596 5299 πρὸς
3623 5230 3686 5282 τὰ
3718 5233 3884 5300 ἑρπε-

2317 5319 2384 5371 τὰ
2417 5319 2576 5388 θηρία
2612 5319 2894 5387 πολέμιον’
2942 5319 3036 5370 καὶ
3080 5320 3127 5370 εί
3156 5318 3392 5390 διαφύγῃ
3421 5320 3587 5388 αὐτὴν
3609 5320 3755 5387 ὄφις,
3793 5325 3883 5375 καὶ

2316 5413 2394 5472 εἰς
2439 5411 2640 5479 ραγάδα
2685 5411 2976 5480 παρεισδύῃ
3019 5412 3238 5481 πέτρας,
3279 5414 3584 5478 ἀφικνεῖται
3610 5413 3884 5482 διψήσασα

2315 5505 2392 5565 εἰς
2424 5506 2519 5566 τὰς
2555 5503 2732 5570 πηγάς
2753 5519 2765 5531 °
2805 5504 2944 5555 πάνυ
2981 5504 3083 5575 γάρ
3117 5507 3229 5555 ἐστι
3269 5504 3402 5573 πρὸς
3433 5504 3530 5573 τὴν
3564 5505 3724 5572 δίψαν
3770 5507 3855 5559 διὰ

2314 5611 2504 5663 πυρος,
2535 5595 2609 5656 ὡς
2633 5593 2726 5647 καὶ
2744 5593 2840 5664 τὴν
2890 5594 3128 5664 γλῶτταν
3159 5594 3433 5648 ἐκϐάλλειν
3468 5596 3558 5647 τοῦ
3590 5597 3882 5667 στόματος,

3579 5814 3609 5828 κ
