4044 6324
126 463 218 518 7η

1028 456 1298 512 SPURIA.
1337 485 1407 498 --
1442 452 1798 510 COMMENT.
1840 451 1907 506 IN
1947 445 2438 506 IlEXAEIERON.

3239 449 3343 504 7η

121 580 246 650 πρὸς
295 577 357 630 τὸ
405 575 512 629 ὑπὸ
543 576 640 644 τῆς
674 573 1006 644 ψυχρότητος
1039 573 1131 625 τοῦ
1167 573 1323 642 ἀέρος
1356 572 1526 639 αὐτὴν
1554 572 1683 622 ἀνα-

1799 565 2115 630 ﬂammatur,
2140 565 2214 617 ita
2245 571 2304 616 ut
2336 566 2522 615 exerta
2575 557 2759 627 lingua
2821 562 3034 620 aestuet,
3098 564 3157 610 ut
3202 561 3345 614 aeris

121 666 398 738 ψύχεσθαι.
417 665 824 735 Ἑμπλησθεῖσα
846 660 936 716 οὖν
961 662 1054 714 τοῦ
1083 662 1291 723 ὓδατος,
1317 662 1532 730 ἔρχεται
1560 659 1684 711 ἔνθα

119 764 142 814 ὁ
167 762 288 828 ὄφις
317 760 644 830 κρύπτεται,
675 757 768 810 καὶ
799 756 1156 808 ἀνασπάσασα
1187 752 1344 806 αὑτὸν
1377 756 1439 805 ἐκ
1470 753 1566 821 τῆς
1593 754 1686 820 ῥα-

119 852 293 920 γάδας,
333 850 697 920 συειπατοῦσα
737 850 964 918 ἀναιρεῖ.
1001 848 1061 898 El
1094 847 1148 897 δὲ
1173 847 1263 896 καὶ
1304 844 1408 895 τῶν
1442 844 1685 912 κεράτων

118 946 281 1012 αὐτῆς
319 943 520 1012 μικρὸν
549 958 603 992 τι
635 940 668 1010 ἦ
696 940 803 991 τῶν
841 937 1038 1009 τριχῶν
1090 938 1174 988 ἐπ’
1197 934 1367 996 οἰκίας
1413 935 1682 1000 κατακαῇ,

117 1035 165 1086 εἴ
195 1050 295 1085 που
349 1033 417 1084 ἂν
460 1030 764 1100 ὲμφωλεύει
810 1029 1015 1099 θηρίον,
1045 1022 1686 1096 διαδιδράσκει.Ἑπειδαν

117 1125 168 1176 δὲ
196 1122 448 1189 ἁποόἁλῃ
485 1122 554 1174 τὰ
588 1122 812 1189 κέρατα,
852 1119 1073 1188 μόνασιν
1121 1117 1289 1184 ζητεῖ,
1325 1115 1416 1167 καὶ
1446 1112 1686 1184 κρημνὸν

118 1214 410 1284 ἀπρόσιτον
443 1210 864 1280 καταλαμϐάνει,
897 1209 988 1260 καὶ
1022 1207 1216 1259 ἄϐατον
1258 1205 1490 1274 ἐρημίαν
1528 1219 1689 1272 μετα-

119 1304 320 1364 διώκει,
354 1303 434 1366 ὡς
468 1301 812 1357 ἀποῦαλοῦσα
845 1300 979 1368 πρδς
1001 1299 1066 1350 τὰ
1086 1297 1215 1350 ἄλλα
1242 1296 1401 1366 θηρία
1429 1296 1490 1346 τὸ
1517 1297 1687 1362 ἀμυν-

121 1395 322 1467 τήριον.
342 1395 504 1447 Ἐπεὶ
535 1390 627 1446 οὖν
655 1393 790 1463 πρὸς
821 1391 916 1452 τὰς
958 1389 1110 1458 ῥίζας
1142 1388 1249 1440 τῶν
1280 1385 1690 1455 ἀποϐληθέντων

122 1488 368 1557 κεράτιον
402 1487 544 1539 είσὶν
577 1484 848 1546 έλκώσεις,
885 1485 962 1544 είς
1007 1480 1349 1550 πολύδενδρον
1383 1480 1544 1530 τόπον
1591 1493 1690 1526 κα-

124 1582 402 1648 τασκηνοῖ,
442 1580 580 1650 πρὸς
621 1579 681 1630 τὸ
733 1577 807 1648 μὴ
859 1575 960 1627 ὑπὸ
1014 1572 1184 1643 μυιῶν
1228 1566 1572 1641 ἐκμυζείσθαι
1626 1567 1693 1620 τὰ

124 1672 436 1740 τραύματα,
488 1670 580 1722 καὶ
618 1669 809 1730 νυκτὸς
840 1667 1056 1735 νέμεται
1090 1665 1268 1716 ἄνεσιν
1307 1663 1691 1731 ἔχουσα.”οταν

125 1762 178 1812 δὲ
209 1761 425 1832 ὲκφύσῃ
461 1760 530 1811 τὰ
561 1761 784 1829 κέρατα,
819 1756 1092 1826 θαρροὖσα
1119 1756 1326 1824 πρόεισι
1355 1753 1445 1805 καὶ
1484 1769 1692 1820 μεσημ-

129 1853 300 1920 ϐρίας.
335 1853 644 1921 Βουλομένη
677 1851 732 1902 δὲ
763 1849 1049 1917 δοκιμάσαι
1081 1851 1130 1899 εἰ
1163 1846 1440 1915 πεπηγότα
1465 1845 1598 1912 αύτῆ
1624 1843 1689 1894 τὰ

128 1943 354 2011 κέρατα,
389 1943 637 2013 τρυφερὰ
673 1944 771 2010 γὰρ
803 1941 929 1992 ὄντα
966 1939 1068 1991 ὑπὸ
1111 1939 1203 1991 τοῦ
1257 1940 1401 2008 ἡλίου
1435 1937 1692 2007 θραύεται

130 2033 628 2102 καταφλεγόμεναι·
667 2033 901 2104 δένδρεσι
933 2032 988 2085 δὲ
1021 2031 1350 2102 παραῦάλλει
1383 2030 1482 2099 τὴν
1525 2045 1691 2095 κεφα-

129 2120 240 2192 λὴν,
277 2126 374 2176 καὶ
426 2125 659 2194 ὲντρίὸει
704 2124 1025 2186 ἁντιτύπως,
1061 2122 1364 2193 πειρωμένη
1390 2120 1610 2188 γνῶναι,
1646 2121 1693 2171 εἰ

132 2216 362 2283 βεϐαίως
397 2219 730 2288 ἐρήρεισται.
764 2217 904 2287 Πρὸς
928 2216 981 2267 δὲ
1007 2216 1073 2267 τὰ
1099 2215 1348 2285 δήγματα
1366 2212 1471 2265 τῶν
1493 2212 1695 2281 φαλαγ-

129 2307 280 2373 γίων,
318 2312 580 2378 καρκῖνον
611 2307 859 2361 ἐσθίουσα
890 2309 1054 2364 ἰᾶται.

210 2506 276 2556 Ἦ
309 2505 367 2557 δὲ
409 2504 499 2568 αἲξ
543 2507 576 2574 ὴ
616 2505 780 2575 ἀγρία
818 2506 956 2557 κατὰ
995 2505 1090 2574 τὴν
1125 2506 1380 2574 Κρήτην,
1428 2503 1522 2556 ἐὰν
1556 2503 1695 2572 βέλει

132 2596 391 2666 διαπαρῇ,
415 2597 475 2647 τὸ
496 2597 821 2665 καλούμενον
849 2596 1106 2666 δίκταμον
1135 2594 1474 2666 ὲμφαγοῦσα,
1502 2593 1696 2664 ῥᾳδίως

133 2683 190 2734 τὸ
218 2683 446 2754 τραῦμα
477 2683 851 2753 θεραπεύεται.

202 2797 268 2846 Αἱ
294 2796 350 2847 δὲ
375 2796 666 2865 παρδάλεις
693 2796 960 2867 θηρῶνται
989 2797 1241 2866 εὐμαρῶς
1261 2797 1326 2850 τὰ
1348 2795 1478 2860 ζῶα.
1505 2799 1697 2866 Σαφῶς

137 2884 241 2952 γὰρ
276 2885 472 2936 εἰδυῖαι
499 2889 615 2946 ταῖς
650 2887 743 2937 ἀπ’
774 2886 949 2937 αὐτῶν
973 2886 1160 2954 ὀδμαῖς
1186 2887 1441 2954 χαίροντα
1470 2887 1537 2938 τὰ
1565 2888 1698 2939 ἄλλα

139 2977 268 3039 ζῶα,
301 2977 519 3045 βαθέσιν
549 2980 760 3048 ἄντροις
797 2980 1015 3049 ἱδρούσι·
1052 2980 1120 3030 τὰ
1150 2980 1225 3040 δὲ,
1253 2975 1337 3031 οἷα
1367 2981 1588 3047 κνίσσης
1619 2984 1699 3032 αἱ·

140 3067 390 3136 σθόμεναι,
427 3068 714 3137 ρινηλατεῖ,
755 3071 843 3120 καὶ
876 3070 1161 3134 ὲγγίσαντα
1201 3069 1276 3137 τῷ
1304 3071 1470 3138 τόπῳ,
1503 3069 1701 3132 εὐθέως

140 3158 240 3208 ὑπὸ
272 3159 384 3211 τῶν
414 3159 727 3228 παρδάλεων
753 3159 1143 3213 κατεσθίονται.

219 3336 276 3389 Ὀ
318 3338 376 3389 δὲ
423 3339 634 3403 πάνθηρ
684 3333 832 3402 φίλον
865 3333 962 3402 μέν
995 3335 1106 3386 ἐστι
1139 3334 1352 3386 πάντων
1383 3333 1492 3386 τῶν
1522 3332 1695 3401 ζώων,

143 3424 328 3494 ἔχθρδν
358 3425 416 3477 δὲ
445 3424 536 3476 τοῦ
565 3425 869 3494 δράκοντος.
909 3424 1061 3476 Ἐστι
1091 3424 1147 3475 δὲ
1189 3423 1265 3493 τῷ
1302 3423 1511 3494 σώματι
1541 3425 1700 3477 ἀστε-

147 3518 318 3584 ρωπὸν
361 3517 457 3567 καὶ
497 3517 636 3568 πάνυ
680 3515 917 3584 ἡσύχιον.
965 3517 1074 3567 Καὶ
1115 3515 1218 3576 ἕως
1265 3513 1360 3582 μὲν
1404 3514 1464 3565 οὐ
1509 3512 1698 3582 χρῄζει

144 3607 363 3674 τροφῆς,
407 3607 554 3674 μένει
587 3605 842 3658 καθεῦδον
873 3609 930 3658 ἐν
968 3605 1046 3675 τῷ
1089 3603 1293 3672 φωλείῖν
1335 3609 1397 3673 τῇ
1444 3603 1501 3656 δὲ
1542 3604 1698 3675 τρίτῃ

150 3695 329 3765 ἡμέρᾳ⁴
364 3698 623 3748 πεινάσαν
668 3697 853 3760 ἔξεισι,
887 3695 980 3748 καὶ
1023 3694 1230 3765 μεγάλῃ
1279 3696 1423 3763 φωνῇ
1463 3692 1577 3762 βοᾷ,
1606 3693 1697 3745 καὶ

148 3785 206 3835 ἐκ
228 3785 318 3837 τοῦ
349 3786 612 3855 στόματος
639 3785 797 3837 αὑτοῦ
823 3786 1013 3837 εὐωδία
1036 3803 1116 3847 τις
1137 3785 1329 3848 ἔξεισιν
1353 3784 1695 3853 ἁρωματικὴ,

147 3873 210 3924 δι’
237 3869 302 3944 ἦς
332 3880 403 3926 τὰ
438 3874 570 3927 ἄλλα
597 3875 707 3938 ζῶα
734 3875 1030 3944 θελγόμενα
1058 3874 1125 3925 τὰ
1157 3875 1320 3939 ἐγγὺς
1354 3873 1444 3924 καὶ
1473 3871 1538 3924 τὰ
1567 3871 1700 3940 πόρ-

150 3964 314 4032 ρωθεν
343 3966 650 4032 ἐγγίζουσιν
677 3965 841 4033 αὐτῷ,
883 3966 974 4017 καὶ
1005 3966 1221 4017 ἕπονται
1257 3964 1564 4033 τερπόμενα
1601 3965 1698 4014 αὺ-

147 4055 234 4107 τοῦ
264 4060 328 4126 τῇ
360 4056 598 4127 ποικιλίᾳ
626 4057 718 4108 τοῦ
744 4056 1008 4126 σώματος.
1058 4059 1114 4108 Ὀ
1143 4056 1198 4107 δὲ
1226 4055 1396 4123 πάνθη
1407 4072 1436 4121 ρ
1453 4055 1626 4121 ὀλίγον
1649 4072 1700 4107 τι

148 4148 598 4216 προηγησάμενος
637 4148 814 4200 αὐτῶν
855 4147 1269 4217 ὑποστρέφεται,
1306 4148 1397 4198 καὶ¹
1429 4149 1698 4216 ἐπιτηρεῖ,

148 4238 236 4289 καὶ
266 4240 314 4302 ὂ,
343 4241 389 4292 τ’
415 4239 480 4292 ἂν
508 4239 615 4290 τῶν
650 4239 801 4302 ζώων
826 4239 996 4311 ἀρέσῃ
1017 4239 1183 4310 αύτῷ,
1219 4238 1539 4305 ἐπιπιδήσας
1569 4239 1704 4302 λαμ-

150 4329 312 4382 eam.

227 4531 283 4584 '0
309 4531 366 4584 δὲ
404 4530 599 4599 ἐλέφας
631 4533 919 4600 ὲγκυμονεῖ
959 4531 1054 4600 μὲν
1086 4531 1290 4600 χρόνῳ,
1325 4533 1402 4592 είς
1434 4531 1563 4582 δέκα
1595 4529 1702 4605 γὰρ
1737 4565 1777 4619 D

151 4619 237 4691 Ξτη
267 4621 451 4673 πέττει
473 4622 571 4691 τὴν
604 4621 828 4691 σπορὰν,
861 4622 953 4672 καὶ
975 4622 1102 4673 ὅταν
1124 4622 1152 4671 ὁ
1175 4620 1327 4683 τόκος
1350 4621 1523 4690 γέρων
1546 4621 1702 4688 γένη-

149 4727 252 4773 ται,
300 4712 424 4764 τότε
472 4712 770 4762 ἀποτίκτει·
821 4712 980 4781 ἡνίκα
1025 4711 1068 4762 δ’
1109 4709 1174 4762 ἂν
1216 4712 1271 4772 ές
1314 4710 1499 4781 βόθρον
1545 4727 1704 4762 κατε-

149 4800 331 4869 ντχθῇ,
372 4801 463 4852 καί
489 4800 642 4862 ἄλλος
670 4800 864 4867 ἐλέφας
895 4799 1173 4869 θεάσηται,
1225 4802 1506 4868 πορευθεὶς
1547 4799 1705 4851 συνά-

151 4907 230 4957 γει
259 4891 486 4953 πολλοὺς
518 4891 832 4959 ἐλέφαντας,
868 4892 960 4942 καὶ
995 4889 1235 4953 ἐλθόντες
1264 4891 1352 4942 τὸν
1383 4892 1703 4943 πεπτωκότα

149 4980 462 5033 ἀνασπῶσιν
495 4979 671 5050 ἠρέμα
695 4980 1158 5049 ὑποκουφίζοντες.

228 5092 283 5144 '0
321 5091 377 5143 δὲ
402 5090 612 5160 δράκων
644 5093 672 5143 ὁ
700 5092 840 5143 κατὰ
868 5092 963 5160 τὴν
1003 5092 1188 5143 Ἰνδίαν
1213 5093 1339 5162 περὶ
1361 5091 1428 5144 τὰ
1448 5091 1590 5146 νῶτα
1611 5095 1704 5146 τοῦ

152 5180 434 5250 ιλέφαντος
460 5182 705 5252 ἀνέρπει,
730 5184 823 5234 καὶ
840 5185 937 5253 τὴν
958 5184 1118 5253 νηδὺν
1135 5185 1308 5237 πᾶσαν
1337 5186 1702 5256 περιειλεῖται,

154 5275 238 5325 καὶ
259 5274 338 5354 ,ἣν
365 5273 429 5324 ἂν
459 5273 598 5343 τύχῃ
624 5273 792 5340 φλέϐα
816 5274 1004 5326 διελεῖν
1024 5315 1039 5335 .
1072 5275 1356 5345 ἀπλήστως
1388 5279 1705 5348 ἐμφορεῖται

152 5364 239 5416 τοῦ
266 5365 516 5433 αἵματος,
553 5364 928 5434 ἐπισπώμενος
968 5365 1125 5435 βιαίῳ
1153 5368 1437 5435 πνεύματι,
1466 5370 1558 5421 καὶ
1583 5387 1704 5422 συν-

155 5456 282 5525 τόνῳ
332 5455 510 5526 ροίςῳ.
555 5456 616 5507 ’0
645 5456 701 5507 δὲ
742 5455 935 5524 ἐλέφας
978 5459 1190 5526 σκιρτᾷ,
1235 5460 1325 5511 καὶ
1360 5462 1423 5528 τῇ
1461 5464 1702 5530 προνομῇ

155 5547 339 5601 τύπτει
378 5547 445 5599 τὰ
490 5546 714 5617 πλευρὰ,
755 5549 829 5610 ὡς
863 5549 957 5602 τοῦ
996 5550 1281 5619 δράκοντος
1308 5551 1702 5620 καθεζόμενος⁹’

159 5634 267 5693 εἶτα
297 5640 687 5708 ὲκκενουμένου
718 5639 809 5692 τοῦ
836 5641 1082 5709 αἵματος,
1121 5642 1299 5693 οὐκέτι
1338 5641 1508 5711 πηδᾷν
1546 5641 1704 5693 δυνά-

163 5747 326 5796 μενος,
351 5734 568 5803 τρέμων
593 5734 822 5796 ἵσταται,
852 5733 1041 5801 μικρὸν
1063 5734 1118 5784 δὲ
1142 5732 1364 5801 ὕστερον
1386 5733 1590 5794 πίπτει,
1615 5733 1708 5786 καὶ

159 5821 256 5875 τῶν
289 5825 491 5879 σκελῶν
524 5823 1012 5894 ἐξασθενησάντων·
1044 5820 1162 5878 εἶτα
1185 5827 1276 5877 καὶ
1305 5824 1590 5895 ἀποψύχει,
1617 5825 1706 5876 καὶ

1789 657 2088 724 frigiditate
2120 659 2412 706 recreetur.
2447 648 2678 717 Depulsa
2711 648 2890 714 itaque
2917 652 3067 714 potu,
3111 645 3224 709 siti,
3277 646 3347 702 ad

1786 746 2056 816 serpentis
2081 744 2317 798 latebras
2349 754 2708 808 recessusque
2738 737 2966 798 accedit,
2994 734 3120 790 inde
3164 743 3348 789 extra-

1785 843 1936 891 ctum
1982 835 2322 907 pedibusque
2353 831 2731 885 conculcatum
2772 828 3047 884 interficit.
3095 825 3226 882 Etsi
3264 828 3347 880 vel

1786 943 2051 982 cornuum
2085 926 2318 980 frustum
2350 923 2430 975 vel
2461 922 2689 990 pilorum
2716 921 2770 973 in
2802 919 2962 972 domo
2985 925 3197 978 uratur,
3229 917 3348 983 ejus

1789 1021 1999 1084 nidore,
2031 1017 2282 1071 animalia
2325 1029 2443 1084 qua:
2475 1014 2705 1075 latitant,
2751 1011 3022 1078 fugantur.
3074 1006 3349 1062 Cornibus

1790 1111 2029 1173 amissis,
2064 1106 2412 1162 solitudinem
2465 1103 2676 1170 quaerit,
2732 1107 3000 1169 praerupta
3034 1112 3161 1150 saxa
3197 1097 3349 1148 inac-

1790 1213 2056 1266 ceasaque
2115 1193 2389 1255 convenit,
2427 1190 2938 1256 desertissimasque
2991 1186 3177 1238 incolit
3213 1184 3348 1237 soli-

1790 1291 2027 1351 tudines,
2061 1287 2218 1356 quasi
2249 1300 2334 1350 eo,
2360 1297 2467 1351 quo
2493 1297 2548 1336 se
2577 1281 2645 1335 ab
2674 1281 2907 1333 aliarum
2940 1276 3178 1330 ferarum
3207 1274 3351 1341 inju-

1791 1385 1871 1436 ria
1904 1395 2086 1434 arcere
2123 1376 2312 1447 possit,
2347 1373 2737 1442 deperdito;et
2765 1386 2886 1422 cum
2935 1369 2988 1420 in
3022 1366 3348 1420 amissorum

1792 1487 2055 1527 cornuum
2081 1468 2355 1522 radicibus
2380 1465 2556 1516 ulcera
2593 1463 2905 1530 gignantur,
2932 1461 3110 1512 locum
3166 1457 3352 1512 multis

1793 1564 2084 1620 arboribus
2103 1560 2374 1615 consitura
2401 1557 2626 1617 habitat,
2677 1569 2745 1606 ne
2795 1567 2824 1604 a
2868 1553 3072 1604 muscis
3125 1550 3352 1602 vulnera

1793 1668 2191 1729 exsurgantur,
2250 1664 2523 1724 noctuque
2573 1653 2815 1723 pascitur
2870 1649 3258 1719 pacatissima;
3299 1654 3356 1700 at

1793 1767 1922 1806 vero
1955 1766 2076 1803 cum
2108 1763 2310 1803 cornua
2328 1747 2623 1815 eruperint,
2665 1743 2917 1796 audacter
2953 1748 3007 1794 et
3031 1740 3218 1802 libere,
3242 1755 3357 1791 me-

1804 1844 2046 1912 ridieque
2067 1843 2181 1910 ipso
2205 1840 2446 1910 procedit
2473 1839 2537 1890 ad
2564 1835 2779 1906 pabula;
2810 1833 3095 1902 experiens
3117 1831 3162 1886 si
3195 1838 3356 1884 enata

1795 1949 2001 1987 cornua
2038 1933 2141 1985 fixa
2176 1930 2398 1984 firmiter
2428 1935 2554 1982 sunt
2580 1927 2727 1995 (dum
2778 1924 2926 1977 enim
2961 1922 3142 1976 mollia
3175 1921 3355 1972 incre-

1797 2031 1975 2086 scunt,
2009 2037 2038 2074 a
2069 2022 2200 2077 solis
2217 2021 2395 2078 calore
2415 2027 2608 2071 exusta
2629 2012 3007 2084 franguntur);
3035 2013 3102 2065 ad
3133 2013 3358 2064 arbores

1795 2117 2049 2170 collatum
2084 2120 2246 2182 caput
2288 2112 2622 2180 comprobat,
2676 2109 3072 2172 adversamque
3123 2103 3354 2164 afl‘ricat,

1796 2205 2233 2276 repercutiendo,
2265 2211 2483 2258 tentans
2511 2200 2804 2270 periclitari
2841 2200 2886 2250 si
2923 2198 3148 2249 firmiter
3176 2195 3359 2247 adlim-

1796 2305 1971 2353 reant.
1998 2295 2417 2364 Phalangiorum
2450 2290 2720 2344 morsibus
2744 2301 2944 2340 cancro
2971 2292 3158 2337 vorato
3178 2282 3360 2337 mede-

1797 2399 1906 2445 tur.

1868 2504 2043 2573 Capra
2071 2501 2346 2558 silvestris
2393 2499 2449 2552 in
2477 2496 2656 2558 Creta,
2691 2493 2813 2548 telis
2837 2493 2963 2557 icta,
2997 2490 3162 2545 herba
3194 2503 3357 2559 quam

1796 2595 2092 2648 dictamum
2130 2604 2388 2645 vocamus
2418 2594 2573 2658 pasta
2593 2625 2608 2651 ,
2643 2584 2794 2638 nullo
2815 2583 2996 2636 labore
3029 2581 3232 2634 excutit
3265 2593 3359 2631 ac-

1797 2694 1953 2755 cepta
1983 2684 2110 2739 tela.

1866 2797 2115 2851 Pardalis
2164 2792 2422 2864 perfacile
2463 2790 2606 2857 capit
2650 2786 2924 2840 animalia.
2981 2783 3192 2836 Etenim
3231 2797 3357 2835 cum

1799 2896 1884 2943 sat
1923 2887 2133 2940 noverit
2175 2892 2403 2937 cunctas
2444 2877 2823 2948 quadrupedes
2867 2877 2985 2943 ejus
3024 2875 3190 2928 odore
3226 2874 3362 2927 mire

1800 2979 2105 3038 sollicitari,
2139 2977 2194 3028 in
2227 2972 2508 3044 profundis
2539 2970 2782 3022 cavernis
2817 2969 3064 3028 insudat,
3113 2967 3194 3020 hae
3231 2978 3365 3020 vero

1801 3069 1955 3139 quasi
1996 3068 2187 3120 nidore
2236 3063 2469 3133 quodam
2520 3063 2792 3122 invitatae,
2853 3059 3124 3128 sagaciter
3176 3071 3367 3126 perse-

1804 3169 2065 3230 quuntur,
2105 3157 2194 3210 ubi
2234 3161 2522 3225 preperato
2548 3154 2602 3206 in
2633 3152 2752 3206 loca
2779 3150 2956 3204 vicina
2984 3149 3362 3214 convenerint,

1726 3245 1768 3302 C
1802 3252 1984 3306 subito
2014 3256 2293 3316 correptas
2321 3245 2547 3298 mandit.

1871 3341 2142 3395 Panthera
2175 3353 2298 3391 cum
2328 3336 2537 3390 caateris
2567 3333 2935 3388 animantibus
2955 3371 2968 3394 ,
3003 3345 3112 3384 uno
3137 3337 3363 3398 excepto

1801 3418 2057 3491 dracone,
2087 3428 2355 3480 amicitias
2377 3433 2430 3478 et
2456 3420 3109 3490 consuetudinesjungit;
3138 3419 3362 3472 minutis

1800 3521 2134 3576 macularum
2170 3517 2342 3571 oculis
2365 3556 2379 3579 ,
2411 3515 2565 3584 quasi
2603 3513 2773 3567 stellis
2804 3517 3144 3581 superpieta,
3179 3511 3362 3564 valde-

1800 3627 1904 3680 que
1926 3611 2105 3672 cicur,
2140 3616 2194 3662 et
2242 3606 2484 3677 quandiu
2527 3605 2654 3659 cibo
2694 3620 2803 3657 non
2845 3611 3003 3672 eget,
3050 3604 3103 3655 in
3136 3602 3361 3655 latebris

1799 3701 2032 3764 dormit;
2082 3698 2175 3753 sed
2200 3707 2319 3767 post
2345 3705 2457 3750 tres
2487 3697 2602 3750 dies
2623 3734 2638 3758 ,
2672 3695 2811 3746 fame
2837 3693 3169 3755 dominante,
3204 3708 3358 3760 egre-

1801 3786 1948 3839 ditur
1974 3785 2314 3852 maximeque
2347 3785 2576 3845 clamat,
2613 3781 2845 3848 indeque
2878 3797 2942 3833 ex
2974 3796 3069 3834 ore
3118 3782 3360 3834 suavitas

1805 3877 2086 3946 quaedam,
2134 3876 2315 3928 odoris
2383 3877 2558 3928 instar
2603 3883 2904 3927 aromatum
2948 3872 3186 3935 efflatur,
3241 3889 3352 3941 quo

1803 3965 2055 4018 animalia
2087 3965 2315 4032 pellecta
2346 3965 2632 4031 capiantur
2657 4005 2670 4026 ,
2723 3973 2776 4015 et
2813 3969 2924 4013 tum
2977 3961 3188 4022 vicina.
3245 3973 3359 4015 tum

1804 4056 2177 4126 longinquiora
2239 4055 2484 4123 proxime
2547 4053 2848 4114 accedunt,
2915 4063 3360 4123 sequunturque,

1803 4148 2048 4216 corporis
2093 4147 2353 4198 varietate
2399 4145 2683 4199 delectata.
2736 4143 2935 4197 Verum
2968 4146 3225 4212 panthera
3275 4147 3364 4198 via

1805 4256 1910 4293 non
1943 4240 2099 4308 longa
2134 4239 2434 4308 procedens
2470 4237 2779 4297 revertitur,
2832 4243 3141 4304 attenteque
3181 4237 3365 4294 consi-

1804 4330 1995 4391 derat,
2040 4339 2093 4382 et
2120 4345 2185 4382 ex
2225 4328 2550 4380 animalibus
2585 4326 2727 4395 quod
2760 4327 2837 4379 illi
2881 4327 3182 4380 collibitum
3237 4335 3360 4392 est,

1806 4423 2008 4489 impetu
2040 4419 2204 4483 facto,
2232 4418 2663 4486 comprehendit.

1879 4533 1976 4585 Diu
2009 4534 2273 4603 gravescit
2324 4540 2478 4584 utero
2509 4531 2728 4599 elephas
2749 4570 2762 4592 ,
2797 4529 2980 4584 decem
3026 4531 3169 4584 enim
3203 4531 3363 4585 annis

1805 4632 1998 4694 gestat,
2049 4638 2339 4692 semenque
2367 4623 2679 4692 concoquit,
2712 4629 2765 4675 et
2799 4630 3166 4676 senescentem
3194 4621 3361 4676 fetum

1804 4716 2073 4785 parturit,
2123 4730 2246 4768 cum
2299 4717 2354 4768 in
2402 4713 2610 4768 foveam
2639 4711 2942 4766 decrrando
2975 4713 3268 4774 ceciderit,
3313 4713 3362 4767 si

1805 4808 1943 4860 alius
1965 4806 2182 4874 elephas
2205 4807 2498 4874 inspexerit
2527 4805 2614 4856 via
2638 4810 2852 4872 arrepta
2885 4804 3085 4858 multos
3115 4804 3168 4855 in
3192 4820 3361 4857 unum

1805 4899 2120 4966 elephantes
2143 4899 2295 4967 cogit
2327 4899 2418 4966 qui
2449 4912 2571 4950 eum
2607 4897 2700 4964 qui
2730 4895 3024 4959 ceciderit,
3066 4895 3279 4959 leniter,
3309 4905 3366 4949 et

1805 4990 1986 5059 quiete
2014 4990 2361 5043 sustollentes
2400 4987 2709 5041 extrahunt.

1876 5099 2048 5151 Draco
2077 5097 2218 5166 apud
2241 5096 2398 5151 lndos
2421 5097 2474 5149 in
2500 5096 2801 5165 elephantis
2833 5105 2979 5166 terga
3008 5096 3132 5150 salit
3155 5102 3363 5149 totum-

1805 5205 1911 5258 que
1959 5198 2202 5243 ventrem
2259 5187 2606 5242 circumﬂexu
2643 5188 2799 5241 facile
2830 5188 3016 5249 ambit,
3049 5196 3103 5241 et
3132 5202 3199 5241 ex
3228 5201 3365 5240 vena

1807 5277 1967 5350 quam
1998 5279 2252 5333 inciderit
2278 5318 2293 5340 ,
2325 5279 2634 5333 avidissime
2691 5277 2896 5346 absque
2931 5278 3176 5332 satietate
3235 5293 3363 5332 san-

1808 5373 2021 5440 guinem
2052 5376 2234 5437 captat
2261 5368 2501 5421 violento
2531 5367 2722 5435 spiritu
2756 5367 3014 5420 hauriens
3049 5367 3360 5437 ingentique

1807 5463 2056 5530 strepitu.
2103 5459 2170 5511 At
2222 5459 2438 5526 elephas
2464 5458 2681 5520 exsilit,
2716 5457 3148 5525 proboscideque
3191 5457 3362 5510 latera

1807 5557 2072 5616 verberat,
2091 5553 2242 5621 quasi
2260 5551 2545 5604 draconem
2564 5556 2967 5617 prostraturus;
2991 5547 3081 5600 sed
3102 5548 3361 5616 sanguine

1808 5646 2126 5705 deficiente,
2170 5657 2294 5695 cum
2343 5641 2542 5694 saltare
2583 5654 2688 5692 non
2717 5638 2926 5709 possit,
2981 5645 3097 5689 toto
3133 5651 3364 5706 corpore

1812 5737 2012 5798 tremit,
2033 5750 2128 5788 nec
2155 5733 2321 5786 multo
2353 5740 2472 5801 post
2507 5731 2635 5790 ruit,
2659 5731 3019 5797 cruribusque
3042 5729 3361 5792 debilitatis,

1811 5842 2026 5891 unaque
2067 5840 2250 5879 secum
2280 5824 2459 5878 obruit
2483 5822 2768 5876 draconem
2794 5861 2809 5884 ,
2841 5831 2893 5875 et
2925 5821 3088 5874 draco
3132 5819 3367 5879 vinculis
