4044 6324
140 448 235 508 ιιι

1028 444 1295 501 SPURIA.
1330 473 1401 485 --
1440 432 1793 497 COMHENT.
1831 430 1899 489 ΙΝ
1937 425 2433 489 HEXAEMERON.

3259 428 3362 485 766

211 562 268 615 ’0
289 564 345 616 δὲ
373 562 773 635 μυρμηκολέων
798 566 1007 635 πατέρα
1034 564 1145 634 ἔχει
1176 564 1463 634 πρόσωπον
1488 558 1698 616 λέοντος

1872 548 2285 622 Myrmecoleoui
2348 553 2503 617 pater
2553 552 2670 611 est,
2722 547 2810 599 cui
2861 553 3112 615 aspectas
3175 548 3267 616 qui
3309 561 3365 604 et

135 652 340 725 ἔχοντα.
376 654 474 723 τήν
500 652 808 737 δὲφμητέρα
841 652 1148 724 μύρμηκος.
1184 655 1291 705 Καὶ
1327 652 1355 703 6
1390 652 1485 719 μὲν
1518 654 1695 718 πατὴρ

138 746 474 816 σαρκοφάγος
502 745 671 807 ἐστὶν,
700 744 807 815 ἠδὲ
838 746 1015 816 μήτηρ
1043 744 1430 819 όσπριοφάγος,
1460 743 1551 795 καὶ
1577 758 1699 809 γεν-

135 832 259 887 νῶσι
295 832 459 902 διφυῆ
490 824 595 886 τὸν
637 833 1107 904 μυρμηκολέοντα,
1155 834 1215 887 τὸ
1264 834 1361 903 μὲν
1414 832 1698 902 πρόσωπον

136 924 317 995 ἔχοντα
346 924 583 987 λέοντος,
617 925 677 977 τὸ
722 925 781 978 δὲ
827 927 988 997 μέρος
1024 927 1083 979 τὸ
1125 924 1346 978 ὄπισθεν
1391 922 1693 994 μύρμηκος·

138 1017 224 1070 καὶ
258 1016 330 1085 μὴ
362 1015 658 1086 δυνάμενος
692 1019 825 1089 μήτε
880 1006 1015 1089 κρέα
1064 1018 1200 1087 μήτε
1246 1016 1448 1085 δσπρια
1480 1014 1696 1078 ἐσθίειν,

135 1108 483 1178 ἀποθνήσκει.

203 1202 258 1253 '0
289 1203 345 1254 δὲ
373 1201 607 1273 δνσγρος
639 1199 949 1275 ἀγελάρχης
979 1198 1115 1262 ἐστὶ,
1146 1198 1240 1251 καλ⁵
1264 1195 1372 1249 τῶν
1390 1195 1690 1266 γενομένων

130 1293 365 1365 ἀρρένων
398 1293 501 1364 θλᾷ
532 1294 601 1348 τά
625 1295 818 1358 αἰδοῖα,
853 1293 947 1345 καὶ
980 1291 1041 1343 ού
1073 1287 1550 1361 σπερματίζουσιν.

194 1472 249 1526 '0
278 1474 333 1527 δε
351 1479 529 1545 ὲχίνος
561 1479 635 1540 ὡς
663 1478 867 1548 σφαῖρά
905 1480 1019 1529 ἐστι
1050 1474 1125 1547 τῷ
1152 1475 1384 1545 σώματι,
1415 1476 1509 1527 καὶ
1532 1477 1561 1527 6
1582 1474 1683 1526 νῶ-

119 1568 204 1631 τός
229 1568 373 1621 ἐστιν
402 1569 571 1622 αὐτοῦ
604 1570 934 1639 ὁλόκεντρος,
971 1568 1076 1620 τῶν
1105 1568 1341 1639 κέντρων
1374 1566 1571 1636 ὁμοίων
1600 1568 1684 1618 δν-

120 1671 220 1710 των
246 1662 355 1720 τοῖς
387 1658 499 1711 τῶν
532 1658 831 1712 θαλαττίων
860 1656 1051 1726 ἐχίνων
1089 1656 1351 1728 κέντροις.
1391 1655 1686 1726 Πορεύεται

124 1746 241 1816 γοῦν
264 1750 354 1801 ἐπὶ
389 1737 484 1802 τὸν
520 1749 711 1820 βότρυν
739 1748 837 1818 τῆς
867 1749 1134 1819 ἀμπέλου,
1173 1749 1266 1801 καὶ
1307 1749 1558 1818 κατασπᾷ
1588 1749 1657 1817 ρᾶ
1676 1776 1687 1784 -

123 1852 237 1904 γας,
307 1841 404 1892 καὶ
458 1838 801 1907 ὲγκυλισθεὶς
849 1838 1155 1910 περιπείρει
1203 1838 1303 1902 τὰς
1353 1838 1526 1909 ράγας
1574 1842 1685 1903 τοῖς

128 1930 359 2001 κέντροις
396 1932 492 1983 καὶ
524 1933 851 1999 ἀφικνεῖται.

197 2033 421 2105 Δολερδν
442 2032 717 2105 ήάλώπηξ
747 2032 835 2085 διά
875 2033 1087 2087 τοιᾶσδε
1130 2034 1375 2105 μηχανῆς
1406 2034 1696 2105 θηρωμένη

130 2127 247 2189 τοὺς
274 2126 516 2205 δρνιθας.
547 2124 795 2197 Εύροῦσα
816 2123 922 2195 γὰρ
944 2124 1255 2195 τελμιστὴν,
1284 2126 1590 2193 ὲγκυλίεται
1618 2128 1698 2189 είς

134 2218 314 2289 αὐτὴν,
348 2218 443 2271 καὶ
472 2216 633 2270 πάλιν
662 2216 942 2269 ὲνειλεῖται
983 2215 1285 2287 λεπτοτάτῃ
1329 2217 1471 2268 κόνει
1502 2218 1534 2285 ἢ
1568 2218 1700 2285 ἀχύο·

138 2326 261 2380 ροις,
292 2310 387 2363 καὶ
414 2309 630 2380 τίθησιν
670 2310 761 2361 ἐπὶ
796 2308 889 2360 τοῦ
922 2309 1101 2361 πεδίου
1141 2308 1336 2378 ἑαυτὴν
1377 2308 1444 2361 τὰ
1481 2309 1699 2379 ὄμματα

136 2403 536 2463 ἀναπετάσασα,
561 2402 594 2471 ἢ
626 2402 718 2454 καὶ
740 2402 800 2454 τὸ
821 2401 1037 2471 πνεῦμα
1057 2403 1137 2477 εἰς
1159 2402 1358 2472 ἑαυτὴν
1388 2401 1695 2467 ὲπισπῶσα,

135 2490 204 2554 ὡς
248 2493 578 2563 φυσηθεῖσαν
621 2493 789 2564 αὐτὴν
817 2494 921 2547 ὑπὸ
952 2494 1056 2546 τῶν
1091 2494 1347 2547 πετεινῶν
1378 2494 1698 2564 νομισθῆναι

137 2584 346 2654 νεκρὰν,
381 2586 541 2638 ἆτινα
571 2585 664 2639 καὶ
697 2586 1047 2639 καταπτάντα
1074 2588 1159 2638 ἐπ’
1182 2586 1348 2655 αὐτὴν
1374 2587 1575 2650 εὐθέως
1603 2604 1699 2645 κα-

134 2675 328 2728 τεσθίει
358 2678 679 2748 ἁρπάσασα.

213 2791 276 2843 Ἦ
325 2791 503 2862 σαῦρα
550 2792 838 2863 γηράσασα
884 2794 1173 2864 πηροῦται,
1231 2795 1322 2846 καὶ
1370 2794 1447 2855 εἰς
1491 2792 1699 2861 ῥαγάδα

140 2879 307 2950 τοίχου
324 2884 459 2951 πρὸς
477 2883 741 2947 ἀνατολὰς
766 2886 1175 2954 ὲστοχασμένως
1198 2884 1466 2953 βλέπουσα
1489 2884 1697 2945 εἴσεισι,

144 2974 231 3025 καὶ
284 2972 378 3026 τοῦ
432 2975 585 3045 ἡλίου
635 2976 942 3046 ἀνίσχοντος
995 2976 1403 3036 ἀναπετάσασα,
1457 2976 1561 3027 om
1604 2975 1697 3043 τῆς

143 3062 348 3127 ἀκτῖνος
374 3064 471 3133 τῆς
512 3062 740 3132 ἡλιακῆς
774 3050 1212 3131 καταυγασθεῐσα
1241 3063 1579 3134 ἀνηλεοῦται,
1610 3065 1702 3113 καὶ

144 3150 291 3221 ὑγιὴς
331 3152 782 3209 ἀποκαθίσταται.
818 3146 973 3205 Οὕτω
1016 3151 1079 3223 δὴ
1110 3151 1201 3204 καὶ
1232 3153 1316 3213 σὺ,
1350 3144 1393 3201 ὦ
1430 3149 1702 3219 ἄνθρωπε,

144 3240 263 3294 ὅταν
289 3244 537 3315 γηράσῃς
563 3246 619 3294 ὲν
650 3240 965 3312 ἁμαρτίαις,
1003 3244 1097 3295 καὶ
1135 3240 1419 3309 τυφλωθῇς
1454 3239 1551 3309 τὴν
1591 3238 1702 3290 διά-
1731 3273 1773 3328 C

150 3346 303 3393 νοιαν,
320 3333 417 3401 τῆς
439 3331 783 3403 δικαιοσύνης
806 3330 956 3402 ζήτει
983 3332 1073 3384 τὸν
1096 3329 1299 3393 Ἥλιον,
1332 3332 1415 3381 ἵνα
1431 3329 1703 3382 ἀνακαινι-

151 3419 274 3490 σθῇς
306 3424 363 3475 ὲν
388 3422 723 3495 δικαιοσύνῃ,
754 3424 1005 3485 ἀτενίσας
1040 3423 1118 3485 είς
1146 3422 1307 3475 αὑτὸν
1358 3424 1450 3475 καὶ
1476 3423 1587 3482 τοῖς
1608 3420 1704 3488 τῆς

149 3512 313 3583 ψυχῆς
340 3514 646 3585 ἀναϐλέψῃς
677 3515 986 3586 ὀφθαλμοῖς.

215 3629 430 3682 Πάντων
460 3630 515 3683 δὲ
542 3631 646 3684 τῶν
679 3631 880 3702 θηρίων
912 3630 1422 3699 πνευματικώτατον
1450 3630 1703 3699 τυγχάνει

154 3719 237 3772 καὶ
280 3722 705 3792 πυρωδέστατον,
753 3722 847 3775 καὶ
883 3722 1142 3774 ποικίλων
1180 3721 1470 3791 σχημάτων
1506 3720 1706 3783 τύπους

154 3808 391 3862 ἀποτελεῖ
412 3815 440 3864 6
467 3812 682 3881 δράκων
711 3812 1020 3880 ἑλικοειδὴς,
1051 3814 1143 3864 καὶ
1171 3812 1337 3862 ποιων
1360 3812 1455 3880 τῆς
1483 3812 1706 3879 πορείας

153 3901 242 3966 τὰς
262 3903 455 3972 ὁρμάς,
486 3903 713 3972 τάχιστα
743 3905 827 3972 ἐφ’
864 3897 908 3971 ᾧ
941 3903 1185 3973 βούλεται
1217 3902 1440 3954 ἔπεισιν.
1472 3902 1705 3953 "Barros

154 3993 239 4045 καὶ
260 3994 623 4065 πολυχρόνιον’
655 3995 716 4047 ού
755 3994 911 4063 μόνον
944 3995 1052 4064 γὰρ
1075 3994 1136 4046 τὸ
1160 3994 1333 4064 γῆρας
1363 3992 1707 4063 ἀπαμφίσκε-

155 4100 253 4148 ται,
280 4084 411 4137 ἀλλά
438 4085 533 4137 καὶ
560 4082 784 4154 αὔξησιν
813 4083 1030 4153 μείζονα
1055 4082 1378 4151 ἐπιδέχεται.
1425 4082 1588 4133 Ἐπάν
1616 4077 1707 4134 οὖν

154 4172 237 4224 τὸν
262 4173 560 4245 ὡρισμένον
585 4174 682 4242 τῆς
712 4169 853 4242 ζωῆς
883 4171 1139 4244 ἐκτελέσῃ
1166 4172 1372 4241 χρόνον,
1407 4173 1486 4232 είς
1520 4170 1707 4222 ἑαυτὸν

155 4263 529 4319 ἀναλίσκεται·
572 4265 634 4316 οὑ
661 4265 768 4334 γὰρ
805 4264 918 4334 ἰδίῳ
954 4264 1281 4333 ἀποθνήσκει
1314 4262 1453 4314 τέλει
1490 4263 1595 4331 πρὸ
1615 4260 1706 4314 τοῦ

156 4359 244 4427 τῆς
275 4358 416 4429 ζωῆς
454 4359 801 4430 ἐκπληρῶσαι
833 4359 922 4412 τὸν
959 4360 1103 4429 ὅρον,
1142 4360 1189 4410 εί
1224 4358 1295 4427 μὴ
1328 4356 1417 4426 βία
1449 4356 1705 4426 ἀναιρεθῇ

156 4450 249 4501 ὑπό
274 4468 432 4515 τινος.
463 4451 649 4520 Τούτῳ
678 4454 706 4503 6
737 4451 1002 4522 ἰχνεύμων
1035 4449 1353 4520 μονομαχεῖ,
1378 4448 1571 4518 χρίσας
1592 4449 1709 4499 ἐαυ-

153 4539 235 4591 τὸν
258 4542 428 4612 πηλῷ,
446 4541 680 4603 καὶτοὺς
712 4542 991 4612 μυκτῆρας
1007 4544 1073 4610 τῇ
1101 4540 1279 4609 κέρκῳ
1308 4537 1700 4590 ἐπικαλύπτων.

1801 642 1967 706 leoni,
1997 650 2171 695 mater
2198 640 2287 693 cui
2326 637 2581 692 formicae.
2636 636 2796 691 Pater
2823 638 3067 691 carnium
3093 676 3106 701 ,
3141 638 3367 708 legumi-

1801 747 1929 786 num
1959 742 2129 785 mater
2170 743 2366 791 vorax,
2400 727 2663 797 amboque
2687 736 2948 799 generant
2975 730 3369 798 myrmecoleo-

1800 838 1921 877 nem
1940 862 1955 887 ,
1979 821 2116 876 facie
2146 820 2351 884 leonis,
2376 821 2767 889 posterioribus
2799 820 3043 890 partibus
3089 819 3364 883 formicas,

1799 913 1890 981 qui
1920 928 2046 967 cum
2083 928 2261 983 neque
2292 912 2552 966 carnibus
2575 950 2589 973 ,
2627 926 2800 982 neque
2827 910 3192 983 leguminibus
3218 911 3365 965 vesci

1802 1004 2009 1073 possit,
2034 1003 2245 1073 jejunio
2286 1004 2449 1057 vitam
2490 1002 2626 1056 linit.

1872 1198 2088 1269 Onager
2109 1199 2362 1270 gregibus
2392 1200 2665 1269 imperitat
2694 1205 3083 1269 “armentorum,
3114 1212 3167 1259 et
3188 1204 3366 1259 editos

1803 1309 1984 1349 mares
2015 1300 2297 1349 truncatos
2330 1294 2607 1348 mordicus
2646 1295 2824 1364 privat
2856 1297 3085 1351 testibus
3107 1336 3121 1362 ,
3159 1312 3228 1352 ne
3258 1313 3367 1367 qua

1805 1387 2037 1442 facultas
2064 1394 2282 1440 maneat
2315 1383 2627 1453 generandi.

1872 1478 2113 1533 Echinus
2159 1476 2315 1546 quasi
2357 1475 2465 1544 pila
2511 1487 2743 1541 corpore
2781 1472 2981 1543 tegitur
3029 1487 3125 1540 per
3170 1487 3363 1526 omnes

1801 1579 1985 1642 partes
2039 1570 2211 1641 spinis
2270 1569 2515 1630 hirsuto,
2569 1580 2689 1635 quae
2735 1564 2907 1635 spinis
2943 1564 3121 1618 echini
3170 1565 3363 1618 marini

1801 1662 2116 1718 consimiles
2166 1668 2328 1725 sunt;
2372 1658 2439 1712 ad
2494 1671 2741 1711 racemos
2796 1655 2921 1709 vitis
2979 1656 3362 1726 proficiscitur,

1804 1752 1930 1807 hinc
1959 1752 2149 1806 acinos
2176 1750 2420 1805 divulsos
2449 1748 2733 1819 spinisque
2778 1762 2879 1802 suo
2906 1747 3151 1802 volutatu
3183 1746 3364 1817 perfo-

1803 1854 1952 1899 ratos
1982 1844 2254 1913 deportat.

1868 2025 2053 2080 Fallax
2100 2036 2153 2082 et
2183 2028 2428 2099 improba
2454 2030 2671 2099 vulpes,
2700 2046 2818 2100 qum
2842 2026 2935 2084 tali
2962 2029 3360 2085 machinatione

1798 2133 1924 2173 aves
1954 2130 2202 2173 venatur.
2252 2119 2309 2173 In
2339 2121 2511 2174 lutum
2544 2121 2838 2191 sordesque
2873 2137 2993 2191 quae
3023 2124 3361 2176 occurrerint

1798 2210 2171 2278 immergitur,
2219 2213 2524 2281 aspergitur
2556 2213 2683 2267 inde
2729 2213 3097 2268 minutissimo
3141 2214 3362 2284 pulvere

1800 2308 1892 2353 aut
1938 2300 2130 2368 paleis,
2184 2301 2409 2370 soloque
2438 2318 2496 2355 se
2532 2304 2852 2372 prosternit,
2887 2307 3200 2373 patentibus
3228 2321 3361 2359 ocu-

1800 2389 1903 2455 lis,
1937 2390 2021 2443 vel
2068 2392 2263 2460 spiritu
2312 2392 2365 2444 in
2402 2407 2462 2446 se
2511 2402 2829 2457 contracto,
2871 2400 2929 2447 ut
2958 2395 3208 2449 volucres
3247 2396 3359 2465 jam

1801 2479 2150 2534 tumefactam
2181 2490 2448 2535 mortuam
2485 2498 2608 2537 esse
2638 2482 2871 2547 ducant,
2911 2500 3082 2553 quas,
3115 2487 3242 2539 dum
3294 2486 3361 2538 ad

1799 2584 1919 2626 eam
1945 2571 2316 2636 convolarint,
2347 2572 2525 2626 statim
2560 2580 2840 2642 correptas
2871 2575 3115 2629 devorat.

1870 2766 2129 2822 Lacertus
2168 2778 2357 2822 exacta
2384 2776 2541 2822 aetate
2568 2806 2582 2831 ,
2612 2781 2789 2822 caecus
2814 2766 3064 2832 efficitur,
3090 2769 3142 2821 in
3172 2770 3363 2822 rimam

1802 2859 1943 2913 muri
1995 2859 2062 2911 ad
2090 2868 2243 2913 ortus
2274 2860 2404 2913 solis
2427 2868 2735 2928 vergentem
2767 2867 3019 2914 accurate
3044 2861 3365 2930 ingreditur,

1801 2958 1855 3003 et
1896 2950 2021 3002 dum
2050 2951 2131 3003 sol
2164 2951 2370 3013 oritur,
2405 2951 2592 3004 oculos
2642 2952 2842 3020 aperit,
2879 2952 3167 3021 lumenque
3201 2954 3366 3017 illud,

1803 3040 2093 3110 radiosque
2125 3043 2420 3111 excipiens,
2449 3042 2753 3097 illustratus
2790 3043 2931 3096 redit
2960 3044 3025 3097 ad
3057 3046 3367 3099 sanitatem.

1804 3130 1931 3183 Pari
1965 3130 2177 3186 ratione
2201 3172 2215 3194 ,
2249 3140 2301 3185 et
2329 3140 2419 3195 tu,
2451 3146 2485 3185 ο
2524 3132 2722 3198 homo,
2756 3131 2884 3186 dum
2926 3135 3200 3202 peccando
3238 3150 3369 3189 con-

1808 3226 2096 3285 senueris,
2156 3231 2441 3293 menteque
2510 3222 2680 3279 fueris
2748 3224 3084 3288 obcaecatus,
3146 3226 3369 3295 iustitia:

1808 3314 2036 3382 quazrito
2080 3312 2301 3378 Solem,
2345 3322 2404 3367 ut
2448 3315 2502 3367 in
2538 3314 2751 3383 justitia
2794 3318 3106 3379 renoveris,
3160 3319 3215 3370 in
3244 3334 3365 3373 eum

1808 3408 2079 3477 aspiciens
2100 3446 2113 3472 ,
2139 3407 2420 3477 oculisque
2448 3409 2615 3463 animi
2649 3410 2835 3465 videas
2868 3410 3191 3465 illustratus.

1878 3628 2043 3684 Feras
2104 3644 2295 3685 omnes
2350 3630 2541 3699 spiritu
2606 3639 2660 3684 et
2736 3634 2916 3687 calore
2978 3633 3146 3687 draco
3205 3649 3369 3703 supe-

1806 3729 1924 3783 rat,
1962 3720 2251 3789 variasque
2284 3720 2576 3789 figurarum
2609 3720 2809 3775 formas
2836 3723 3089 3790 exprimit
3117 3724 3373 3794 obliquus

1808 3821 1862 3866 et
1910 3819 2225 3876 tortuosus;
2274 3816 2329 3865 et
2380 3810 2509 3864 dum
2574 3812 2678 3864 iter
2736 3811 3056 3879 ingreditur,
3110 3814 3375 3870 citissime

1809 3912 2005 3955 metam
2057 3915 2220 3968 quam
2280 3899 2383 3953 sibi
2433 3900 2715 3968 proposuit
2750 3902 2993 3969 attingit;
3026 3909 3078 3955 et
3111 3906 3243 3960 satis
3279 3906 3373 3959 diu

1808 3992 1969 4057 vivit;
2001 4006 2109 4044 non
2145 3996 2355 4044 tantum
2398 3990 2541 4044 enim
2575 3998 2849 4044 senectam
2886 3994 3069 4056 exuit,
3107 3996 3202 4049 sed
3234 4003 3286 4049 et
3317 3997 3372 4050 in

1809 4082 1926 4139 dies
1959 4082 2203 4153 singulos
2251 4082 2624 4152 magnitudine
2663 4084 2909 4153 corporis
2942 4088 3172 4152 crescit;
3218 4095 3375 4142 aetate

1809 4189 1938 4228 vero
1976 4173 2262 4229 confectus
2293 4189 2389 4243 per
2416 4174 2500 4227 sui
2550 4176 2930 4229 resolutionem
2971 4177 3179 4233 deficit:
3227 4196 3374 4234 nun-

1810 4282 1975 4336 quam
2030 4266 2173 4320 enim
2246 4274 2534 4335 antequam
2595 4273 2858 4321 statutum
2909 4270 3030 4323 vitae
3077 4273 3371 4327 terminum

1812 4359 2156 4427 impleverit,
2209 4366 2383 4413 morte
2430 4361 2645 4428 propria
2696 4359 2943 4425 aﬂicitur,
2988 4364 3091 4417 nisi
3135 4366 3204 4419 ab
3266 4368 3375 4419 alio

1809 4451 2073 4504 violenter
2116 4454 2363 4504 necetur.
2412 4448 2547 4503 Cum
2600 4450 2703 4503 hoc
2746 4451 3032 4507 ichneumo
3081 4455 3243 4509 habet
3290 4457 3376 4509 in-
3482 4490 3495 4498 ε

1811 4541 2149 4595 ternecinum
2199 4540 2421 4603 bellum,
2471 4540 2563 4594 ubi
2611 4557 2669 4595 se
2699 4540 2753 4594 in
2789 4542 2918 4596 limo
2952 4545 3234 4610 merserit,
3270 4563 3371 4600 na-

166 4631 315 4687 ’Δλλὰ
345 4636 448 4705 μὴν
481 4637 575 4689 καὶ
617 4635 749 4706 πρὸς
780 4634 878 4705 τὴν
910 4634 1210 4703 Αἰγυπτίαν
1242 4631 1443 4684 ἀσπίδα
1476 4633 1703 4681 ποιεῖται

1808 4645 2005 4701 resque
2060 4632 2233 4686 cauda
2270 4631 2557 4684 obturarit.
2603 4631 2803 4686 Verum
2848 4639 2902 4685 et
2947 4647 3069 4688 cum
3119 4633 3373 4705 £gyptixt

158 4725 499 4795 συμπληγάδα
548 4727 785 4781 τοιῶσδε’
828 4726 975 4795 Αὕτη
1008 4726 1103 4796 μὲν
1132 4724 1337 4776 ἔπεισιν
1364 4722 1511 4790 αὐτῷ
1533 4720 1708 4790 πολλῷ

160 4817 309 4889 ῥοίζῳ
346 4820 439 4892 τὴν
476 4820 648 4891 ούράν
676 4817 977 4879 ὲλικοειδῶς
1024 4814 1375 4885 ἐπισύρουσα,
1416 4812 1485 4865 τὰ
1522 4813 1564 4865 δ’
1604 4811 1707 4864 ἀπὸ

160 4912 355 4980 στηθῶν
399 4914 531 4983 πρὸς
562 4914 628 4983 τῇ
662 4911 867 4980 κεφαλῇ
903 4910 1012 4962 ἄνω
1044 4907 1269 4975 πηδῶσα
1299 4905 1586 4974 μετέωρος,
1619 4901 1706 4953 εὖ-

162 5004 363 5073 στερνός
390 5022 447 5056 τε
482 5006 574 5057 καὶ
609 5004 952 5073 πλατυαύχην
1003 4998 1387 5069 ὲκφυσηθεῖσα,
1438 4992 1609 5064 θυμοῦ
1650 5010 1707 5045 τε

160 5094 395 5165 ἔμπλεως
420 5098 686 5167 γενομένη
708 5096 1015 5167 ἐπέρχεται,
1040 5092 1403 5163 περιφέρουσα
1431 5087 1526 5157 τὴν
1550 5085 1713 5153 γλῶτ-

160 5200 249 5239 ταν
283 5188 415 5257 μετά
449 5190 697 5241 συντόνου
741 5184 1025 5259 συριγμοῖν
1074 5186 1101 5234 6
1132 5184 1186 5235 δὲ
1224 5182 1508 5251 ἰχνεύμων,
1540 5178 1710 5250 ὀρθώ-

164 5291 253 5341 σας
286 5278 379 5349 τὴν
413 5280 631 5349 κέρκον,
667 5278 895 5332 ἐπισείει
922 5275 1141 5328 ἀπατῶν
1178 5273 1365 5342 αὐτὴν,
1394 5272 1489 5324 καὶ
1526 5270 1711 5340 μεθέλι

163 5383 283 5429 κων,
335 5372 444 5432 τοῖς
491 5369 548 5421 δὲ
594 5368 897 5439 ἔμπροσθεν
928 5367 1162 5428 ὀκλάσας
1196 5365 1349 5416 ποσὶν
1373 5362 1709 5429 ἐπιφέρεται,

164 5469 248 5513 καί
271 5461 616 5524 ταπεινωθεὶς
642 5461 759 5523 ὅλος
790 5462 888 5531 τὴν
918 5460 1037 5529 ὃψιν
1073 5458 1236 5528 μόνην
1266 5454 1512 5516 ἐκτείνει,
1542 5468 1714 5522 καρα-

164 5549 320 5606 δοκῶν
348 5554 420 5623 μὴ
450 5553 629 5623 φθάσῃ
658 5551 866 5621 πληγὴν
897 5550 1114 5620 καιρίαν
1146 5546 1418 5611 δέξασθαι.
1462 5543 1712 5596 Ἐπειδὰν

164 5638 247 5695 οὖν
276 5645 354 5717 ἴδῃ
385 5648 485 5716 τὴν
513 5643 732 5704 ἀσπίδα,
754 5642 829 5704 ὼς
852 5641 986 5709 πρὸς
1010 5641 1196 5712 θηρίον
1217 5638 1312 5708 τὴν
1342 5638 1534 5707 κέρκον
1564 5634 1715 5705 ἁμιλ-

165 5734 393 5809 λωμένην
440 5737 749 5808 προθύμως,
802 5735 1078 5802 αἰφνιδίως
1108 5732 1448 5802 ἐπιπηδήσας
1489 5730 1579 5783 τὸν
1615 5728 1710 5780 αύ-

173 5828 284 5892 κὲνα
314 5830 478 5899 αὐτῆς
503 5828 697 5892 πιέζει,
729 5825 822 5879 καὶ
856 5826 1165 5893 ἀποπνίγει.

466 5994 731 6053 Par-non.
777 5990 893 6052 Gn.
927 5988 1150 6051 Xl’lll.

1810 4723 1997 4793 aspide
2051 4722 2257 4792 praeliis
2306 4722 2408 4775 hac
2439 4722 2649 4776 ratione
2694 4723 2961 4791 decertat;
2995 4725 3085 4778 illa
3138 4743 3376 4797 namque

1811 4813 2015 4884 ingenti
2045 4813 2272 4883 strepitu
2291 4853 2304 4874 ,
2337 4812 2601 4867 tractibus
2630 4815 2908 4868 circulatis
2941 4816 3168 4871 caudam
3199 4826 3376 4873 attra-

1809 4902 1980 4967 hens,
2028 4918 2059 4957 e
2120 4910 2341 4971 pectore
2393 4918 2567 4972 usque
2610 4904 2678 4957 ad
2727 4914 2890 4973 caput
2939 4944 2953 4965 .
3018 4907 3215 4961 saliens
3265 4910 3373 4962 alta

1810 4993 2169 5061 excelsaque,
2218 4991 2397 5059 amplo
2446 4999 2685 5059 pectore,
2719 4992 2840 5046 latis
2879 4995 3182 5049 cervicibus
3230 4996 3375 5048 intu-

1811 5099 2091 5145 mescens,
2138 5086 2215 5136 ira
2248 5084 2520 5137 cumulata
2542 5124 2557 5147 ,
2591 5084 2859 5153 sibiloque
2916 5086 3193 5140 concitato
3216 5127 3230 5150 ,
3268 5088 3375 5145 lin-

1810 5191 1968 5246 guam
2002 5175 2253 5237 vibrans,
2280 5175 2538 5244 impetum
2568 5174 2723 5241 facit;
2749 5184 2802 5228 at
2833 5176 3122 5231 ichneumo
3144 5179 3373 5232 caudam

1812 5267 2039 5328 tollens,
2072 5266 2216 5319 ictus
2250 5265 2436 5317 irritos
2462 5280 2687 5319 aversus
2729 5267 2963 5335 excipit,
3004 5282 3103 5321 nec
3130 5283 3238 5321 non
3275 5284 3375 5320 an-

1812 5356 2107 5412 terioribus
2136 5355 2365 5426 pedibus
2394 5354 2567 5418 ﬂexis,
2594 5363 2851 5426 totusque
2879 5368 3206 5428 prostratus,
3244 5374 3379 5412 ocu-

1813 5451 1895 5505 los
1939 5456 2152 5502 tantum
2185 5448 2406 5517 conjicit
2429 5488 2444 5512 ,
2479 5448 2581 5501 sibi
2628 5463 2829 5503 cavens
2873 5465 2940 5502 ne
2972 5449 3193 5502 vulnere
3225 5450 3378 5517 gravi

1813 5550 2037 5610 excepto
2066 5543 2437 5607 exanimetur;
2476 5540 2570 5595 sed
2608 5540 2699 5594 ubi
2752 5540 2991 5609 aspidem
3033 5556 3154 5594 cum
3201 5541 3377 5595 cauda

1814 5634 1968 5702 quasi
2002 5647 2124 5685 cum
2158 5631 2270 5685 fera
2300 5632 2668 5685 decertantem
2700 5632 3024 5702 inspexerit,
3048 5641 3293 5701 prompte
3323 5640 3379 5685 et

1814 5736 2011 5796 praeter
2040 5725 2505 5795 exspectationem
2538 5725 2778 5791 irruens,
2815 5724 3023 5778 invadit
3071 5724 3125 5777 in
3178 5724 3374 5779 fauces

1814 5819 2010 5889 quibus
2043 5816 2323 5873 obstrictis
2344 5854 2359 5882 ,
2392 5813 2644 5871 suﬂ‘ocat.

3030 5978 3107 6037 2's
