4044 6324
639 399 741 454 ’147
1475 389 1532 443 S.
1575 382 2015 443 EUSTATIIIUS
2055 369 2536 435 ANTIOCIIENUS
2577 365 2974 422 EPISCOPUS.
3763 357 3860 410 748

710 513 970 566 Laccrtus
1020 521 1178 578 quem
1231 505 1462 559 dicimus
1501 503 1936 561 salamandram,
1986 499 2098 551 sive
2141 496 2238 549 ini

2367 486 2546 554 Σαῦρα
2567 484 2622 535 δὲ
2645 484 2678 551 ὴ
2704 483 2968 552 λεγομένη
2996 476 3362 549 σαλαμανδρα,
3391 473 3484 524 ἐὰν
3509 474 3589 534 εἰς
3616 487 3856 540 rapam,

640 607 914 659 fornacem
943 643 958 665 ,
991 603 1105 655 sive
1133 601 1188 653 in
1220 599 1472 652 balneum
1503 598 1782 666 ingressus
1809 593 1990 652 fuerit,
2025 589 2203 656 ignem

639 703 846 749 tactum
873 735 887 756 ,
918 709 1026 747 non
1055 692 1162 745 alio
1200 689 1362 742 modo
1387 704 1549 757 quam
1577 687 1777 756 glacies
1799 679 2114 748 exstinguit.

711 789 875 842 Aiunt
916 786 1156 854 viperam
1202 797 1297 851 per
1349 797 1414 835 os
1458 782 1624 834 maris
1675 791 1858 831 semen
1921 773 2208 839 excipere;

642 879 991 946 membroque
1037 873 1222 930 exciso
1243 914 1258 938 ,
1291 874 1441 926 illum
1481 868 1760 932 occidere;
1793 879 1914 935 qua:
1955 862 2046 918 ubi
2079 876 2212 916 con-

645 971 934 1040 reperit,a
986 967 1111 1021 filiis
1162 965 1492 1019 interimitur
1537 981 1551 1027 ς
1601 973 1836 1028 namque
1895 955 2104 1012 exclusi
2158 954 2212 1007 in

646 1073 820 1127 utero,
869 1062 1063 1115 abrasa
1105 1059 1265 1112 vulva
1289 1097 1302 1120 ,
1341 1055 1668 1123 eil‘ractoquc
1717 1057 2058 1117 ventre,per
2099 1046 2213 1101 dis-

647 1163 802 1222 rupta
835 1152 1000 1205 latera
1034 1156 1346 1218 erumpunt.

717 1304 953 1373 Serpens
1021 1302 1329 1357 obcaecatur
1383 1308 1538 1353 artate
1591 1300 1998 1368 ingravescente
2031 1333 2047 1356 ,
2123 1293 2214 1363 qui

647 1399 1003 1471 quadraginta
1033 1395 1151 1450 dies
1181 1395 1403 1465 jejuniis
1450 1404 1680 1460 corpore
1727 1390 1908 1442 laxato
1932 1426 1946 1449 ,
1973 1385 2089 1440 saxi
2140 1384 2216 1437 ri-

648 1505 790 1545 mam
832 1491 998 1543 intrat
1040 1497 1344 1556 angustiam,
1366 1483 1526 1551 vique
1569 1496 1627 1536 se
1663 1479 1997 1534 contrahens
2026 1475 2216 1546 pellem

650 1591 1033 1650 senectamque
1078 1578 1227 1634 exuit
1260 1586 1314 1630 et
1353 1582 1678 1636 renovatur;
1710 1572 1839 1625 dum
1887 1571 2036 1634 sitit,
2070 1567 2219 1637 prius

648 1688 860 1728 veneno
882 1670 1149 1740 deposito,
1172 1665 1410 1718 fontanis
1429 1663 1585 1732 aquis
1610 1662 1756 1716 sitim
1781 1655 2219 1728 depellit.Captis

652 1761 951 1826 musculis,
987 1757 1176 1815 oculos
1209 1760 1352 1810 eruit
1384 1753 1684 1822 nutritque,
1717 1749 1863 1804 etiis
1896 1747 2018 1800 cibo
2054 1745 2222 1798 utitur

2309 580 2340 646 ἦ
2378 576 2650 645 βαλανεῖον
2671 573 2976 643 ἐπεισέλθῃ,
3002 568 3385 640 ἀποψυχραίνει
3423 565 3572 617 αὑτό,

2379 754 2515 808 Φασὶ
2550 753 2606 805 δὲ
2641 751 2737 820 τὴν
2765 749 2971 819 ἔχιδναν
3003 747 3088 800 διὰ
3129 746 3391 815 στὸματος
3416 742 3509 794 τοῦ
3529 740 3753 810 ἄρρενος
3778 738 3865 806 τῇ

2312 846 2473 914 γονὴν
2513 840 2782 912 δέχεσθαι,
2819 837 2910 890 καὶ
2945 835 3367 888 σνναποκόπτειν
3392 833 3505 891 τοῖς
3540 827 3716 879 ὀδοῦσι
3748 824 3867 877 αύτο

2311 941 2371 990 τὸ
2406 937 2612 1006 μόριον,
2647 932 2740 983 καὶ
2771 927 3110 980 ἀποκτείνειν
3143 925 3321 980 αὐτόν.
3370 920 3518 988 Αὕτη
3556 918 3633 978 δὲ,
3682 917 3867 982 ἔγγυος

2313 1027 2601 1097 γενομένη,
2636 1021 2742 1074 ὑπὸ
2770 1019 2877 1071 τῶν
2916 1017 3118 1068 τέκνων
3150 1015 3467 1084 ἀναιρεῖται*
3498 1010 3578 1062 ἔτι
3602 1008 3710 1076 γάρ
3735 1009 3788 1058 ἐν
3807 1007 3866 1073 τῇ

2315 1118 2489 1188 κοιλία
2527 1115 2694 1184 αὐτῆς
2739 1111 3049 1180 ὑπάρχοντα
3095 1109 3190 1178 τὴν
3236 1109 3446 1176 μήτραν
3474 1097 3868 1166 καταφαγόντα,

2319 1209 2524 1278 καιτὴν
2539 1205 2746 1259 κοιλίαν
2777 1200 3152 1272 ἀναρρήξαντα
3173 1198 3259 1250 διὰ
3283 1197 3380 1265 τῆς
3408 1193 3647 1263 πλευρᾶς
3693 1188 3867 1253 ἔξεισι.

2387 1300 2636 1369 Γηράσας
2680 1296 2736 1348 δὲ
2783 1296 2812 1344 ὁ
2847 1294 2968 1361 ὅφις
3010 1289 3385 1358 ὲκτυφλοῦται,
3443 1287 3537 1338 καὶ
3579 1281 3871 1353 νηστεύσας

2317 1389 2525 1458 ἡμέρας
2551 1386 2954 1454 τεσσαράκοντα
2986 1378 3274 1450 χαυνοῦται
3303 1377 3380 1446 τῷ
3407 1374 3639 1444 σώματι,
3661 1371 3755 1422 καὶ
3774 1370 3871 1420 είσ-

2322 1478 2536 1549 ἐρχεται
2569 1477 2646 1537 εἰς
2680 1473 2888 1545 ραγάδα
2922 1472 3125 1539 πέτρας
3169 1466 3392 1533 στενὴν,
3435 1464 3527 1516 καὶ
3559 1465 3627 1530 τῇ
3657 1459 3748 1528 βία
3773 1457 3875 1508 διαο

2323 1543 2614 1636 συρόμενος
2660 1543 2719 1614 τὺ
2755 1562 2929 1629 δέρμα
2966 1557 3027 1609 τὸ
3068 1554 3379 1625 γεροντικὸν
3425 1549 3746 1603 ἀποδύεται,
3793 1543 3876 1594 καὶ

2321 1657 2660 1712 άνανεοῦται.
2702 1655 2867 1705 Ὅταν
2904 1649 2959 1701 δὲ
2991 1648 3210 1716 διψήσῃ,
3241 1643 3328 1696 τὴν
3358 1642 3432 1693 ίὸν
3462 1639 3726 1709 πρότερον
3755 1637 3876 1685 άπο-

2321 1750 2546 1809 τίθεται,
2590 1748 2701 1799 καὶ·
2725 1742 2894 1804 οὕτως
2930 1740 3137 1792 ἐκπίνει
3175 1736 3236 1788 τὸ
3269 1734 3410 1803 ὕδωρ
3442 1734 3504 1784 ὲκ
3543 1730 3645 1797 τῆς

653 1851 885 1908 maturis
931 1857 984 1903 et
1001 1845 1359 1918 pinguefactis
1379 1862 1394 1909 ;
1412 1843 1682 1895 hominem
1705 1837 1910 1892 nudum
1930 1836 1977 1890 si
1995 1847 2218 1903 aspexe-

2336 1839 2603 1910 ’Λγρεύων
2635 1838 2689 1904 δὲ
2723 1836 2847 1896 τοὺς
2883 1830 3110 1902 μυοξοὺς
3159 1825 3411 1892 ἐκτυφλοῖ
3435 1822 3529 1874 καὶ
3559 1819 3768 1888 τρέφει,
3793 1811 3878 1863 καὶ

3179 1914 3189 1918 -
3295 1910 3373 1918 __.
3454 1908 3491 1918 ,,
3686 1905 3698 1918 ,
3767 1901 3811 1918 λγ

652 1947 756 2007 rit,
797 1957 907 1996 non
951 1939 1083 2004 adit,
1115 1937 1373 1992 vestitum
1402 1929 1733 2002 aggreditur.

2201 1979 2228 2010 \\

727 2233 1023 2288 Basiliscus
1069 2241 1337 2282 venenum
1388 2220 1706 2293 pestiferum
1739 2217 1911 2270 oculis
1949 2213 2074 2282 jacil
2101 2252 2114 2273 ,
2150 2212 2224 2263 ita

660 2338 719 2382 ut
752 2327 1025 2382 hominem
1055 2322 1138 2376 vel
1164 2321 1281 2376 solo
1311 2322 1530 2387 aspectu
1559 2313 1743 2366 statim
1771 2309 2063 2362 interimat.
2097 2305 2222 2372 Spi—

659 2422 799 2475 ritus
821 2418 939 2487 ejus
965 2418 1174 2485 igneus.
1197 2419 1398 2466 terram
1430 2406 1630 2466 exurit,
1661 2410 1714 2457 et
1743 2401 1960 2459 herbas.
1991 2406 2044 2451 ct
2070 2396 2226 2448 arbo-

661 2527 770 2567 res.
824 2508 887 2560 Et
927 2507 1029 2559 hoc
1078 2503 1238 2557 modo
1280 2499 1424 2571 gigni
1479 2494 1722 2550 historiis
1770 2490 2042 2560 proditum
2091 2494 2222 2540 est:

661 2616 784 2655 eum
850 2599 1030 2668 plures
1077 2609 1281 2662 angues
1337 2594 1389 2644 in
1441 2603 1607 2643 unum
1664 2582 1932 2641 conclusi,
1984 2579 2230 2645 fameque

662 2693 838 2748 vexati
891 2689 1088 2743 fuerint
1135 2689 1240 2753 (est
1293 2682 1440 2737 enim
1495 2676 1692 2732 animal
1733 2667 2226 2736 scelestissimum),

664 2786 805 2838 alius
833 2783 996 2836 alium
1033 2778 1136 2833 sibi
1172 2775 1484 2828 viciniorem
1515 2768 1772 2830 comedit,
1795 2765 2097 2831 fortiorque
2129 2760 2230 2812 im-

667 2876 946 2933 becilliore
1011 2877 1234 2929 vorato,
1295 2865 1537 2918 omnium
1598 2859 1887 2929 anguium,
1927 2869 2063 2924 quos
2113 2850 2232 2903 loco

667 2969 773 3024 cibi
803 2964 1068 3026 adhibuit,
1100 2958 1320 3015 venenis
1361 2956 1551 3023 plenus
1580 2966 1642 3005 ac
1681 2949 1920 3003 refectus
1946 2988 1958 3012 ,
1996 2943 2052 2996 fit
2089 2941 2233 2994 basi-

672 3065 880 3124 liscus,
910 3069 1176 3111 venenum
1231 3051 1440 3104 habens
1474 3040 2021 3116 perniciosissimum.
2070 3036 2140 3088 ita
2175 3041 2233 3085 ut

670 3153 755 3208 vel
797 3149 916 3206 solo
962 3151 1117 3199 necet
1156 3146 1401 3209 aspectu.

744 3239 1049 3296 Scarabeus
1075 3249 1138 3288 ev
1182 3231 1382 3285 bovino
1423 3237 1690 3285 stercore,
1723 3216 1966 3272 rotunda:
2013 3213 2194 3280 ligura:
2220 3251 2232 3270 ,

674 3332 875 3405 pilulas
907 3326 1074 3381 volvit
1117 3335 1377 3384 aversus;
1413 3318 1590 3371 ferunt
1634 3313 1779 3366 hunc
1826 3323 1918 3364 sex
1960 3302 2237 3358 mensibus

675 3439 837 3496 super
863 3430 1008 3476 terra
1045 3411 1346 3473 immorari,
1379 3421 1674 3475 semenque
1704 3404 1758 3457 in
1789 3409 2116 3455 stercoreani
2159 3393 2239 3462 pi-

676 3521 782 3573 lam
831 3514 1097 3572 emittere,
1134 3507 1367 3573 indeque
1398 3502 1575 3554 oritur
1602 3512 1717 3550 mas
1757 3491 2081 3552 scarabeus,
2109 3501 2239 3538 nus—

675 3624 838 3680 quam
875 3606 1018 3659 enim
1055 3600 1373 3656 scarabeum
1413 3592 1668 3649 feminam
1697 3583 1940 3639 invenire
1971 3586 2073 3633 est.
2106 3574 2242 3628 Pro-

679 3711 796 3772 pter
836 3700 976 3752 hanc
1005 3696 1124 3763 ejus
1163 3700 1408 3746 naturam
1456 3679 1692 3753 Aigyptii
1735 3673 2056 3729 scarabeum
2096 3668 2238 3719 inter

1950 3771 1956 3772 γ
2182 3751 2237 3772 κ,

680 3792 904 3848 numina
945 3787 1165 3846 colunt,
1215 3781 1314 3835 soli
1367 3775 1599 3831 similem
1651 3771 2061 3823 asseverantes,
2097 3751 2238 3825 quod

683 3888 950 3957 sphmram
975 3882 1190 3941 volvat,
1221 3883 1268 3930 et
1314 3871 1493 3927 sidera
1523 3862 1855 3934 serpentium
1889 3855 2075 3925 figuris
2105 3849 2244 3904 assi-

683 3946 895 4038 milant,
951 3970 1095 4041 quod
1145 3975 1451 4022 tortuosum
1490 3965 1543 4010 et
1592 3953 1870 4021 obliquum
1931 3946 2002 3998 sit
2056 3952 2243 3994 eorum

689 4070 814 4121 iter.

755 4155 1018 4211 Formica:
1038 4191 1052 4213 ,
1086 4149 1214 4203 dum
1245 4144 1572 4197 frumentum
1597 4133 1947 4201 congregant,
1980 4134 2244 4176 annosum

687 4264 873 4308 semen
920 4243 1199 4301 dividunt,
1233 4251 1301 4291 ne
1334 4245 1526 4287 rursus
1583 4222 1942 4280 madefactum
1979 4215 2034 4268 in
2066 4213 2248 4281 fruges

685 4351 842 4398 exeat
872 4354 902 4393 e
931 4346 1112 4397 terra;
1148 4332 1323 4384 hieme
1356 4341 1463 4379 non
1489 4318 1860 4390 egrediuntur,
1891 4307 2035 4380 quod
2064 4313 2249 4360 mstate

688 4433 790 4490 sibi
818 4431 997 4485 cibum
1033 4425 1167 4479 satis
1202 4415 1544 4473 commodum
1577 4405 1965 4478 compararim.

759 4523 962 4577 llirudo
1009 4534 1074 4572 ex
1125 4525 1320 4585 genere
1351 4505 1615 4562 vermium
1662 4498 1860 4553 animal
1905 4497 1960 4548 in
1999 4490 2247 4547 dulcibus
2280 4499 2324 4552 ι)

688 4618 844 4688 aquis
875 4612 1047 4682 degit;
1083 4609 1125 4660 si
1158 4607 1280 4676 quis
1331 4594 1563 4655 sitiendo
1597 4591 1750 4647 avide
1785 4586 2010 4646 biberit,
2044 4596 2148 4636 una
2195 4586 2248 4633 et

689 4708 861 4777 ipsam
910 4675 1208 4758 combibit,
1257 4706 1375 4760 qua:
1419 4692 1635 4757 prapter
1701 4679 1924 4733 nimiam
1977 4675 2246 4727 levitatem

690 4812 815 4855 uim
846 4807 983 4864 aqua
1019 4798 1139 4860 pota
1178 4785 1451 4843 illabitur;
1484 4776 1610 4831 inde
1643 4771 1876 4826 maxima
1908 4758 2250 4819 incommoda

691 4882 1058 4949 molestiaeque
1096 4873 1362 4928 accedunt
1403 4862 1614 4934 corpori
1636 4902 1648 4923 ,
1684 4861 1774 4913 illa
1807 4855 2123 4924 sanguinem
2157 4865 2252 4902 ex-

693 4981 953 5044 sugente,
986 4977 1038 5025 et
1085 4970 1441 5035 augescente,
1493 4951 1786 5009 insatiabili
1840 4959 2072 5014 namque
2126 4956 2252 4995 san—

692 5067 874 5139 guinis
925 5033 1208 5116 hauriendi
1258 5050 1555 5122 cupiditate
1598 5050 1831 5101 tenetur,
1879 5044 1933 5093 et
1978 5033 2252 5088 multoties

694 5120 724 5139 υ
1332 5120 1348 5122 _

693 5157 883 5215 allisa,
919 5166 1018 5206 nec
1061 5148 1329 5207 evellitur,
1383 5155 1482 5194 nec
1535 5133 1855 5191 detrahitur,
1907 5126 2008 5183 etsi
2057 5120 2251 5177 medici

694 5249 1009 5306 obnitantur
1030 5285 1042 5302 .
1073 5244 1244 5295 donec
1288 5235 1526 5307 pondere
1559 5230 1675 5298 ipso
1707 5221 1988 5293 sanguinis
2019 5218 2255 5272 disrum-

694 5349 874 5412 patur.

768 5435 908 5487 lnter
942 5426 1180 5497 aspidem
1215 5429 1514 5486 cmteraque
1560 5424 1788 5482 quorum
1843 5417 2057 5458 morsus
2110 5399 2257 5453 ulce-

697 5533 871 5591 rat,et
902 5523 1056 5579 felem
1081 5517 1229 5588 jugis
1252 5510 1545 5568 discordia.
1579 5507 1618 5556 Λ
1647 5498 2008 5569 serpentibus,
2036 5490 2258 5546 locustis

697 5618 985 5687 erucisque
1005 5611 1234 5669 dissidet
1263 5606 1384 5659 ibis.
1413 5598 1673 5658 Cerastis,
1706 5589 2082 5660 scorpionibus
2112 5583 2259 5636 aliis-

699 5726 805 5780 que
836 5674 1060 5762 miuutis
1104 5699 1386 5772 reptilibus
1431 5691 1691 5758 accipiter
1723 5684 1987 5741 exitiosus
2019 5686 2136 5742 est;
2169 5674 2259 5729 hic

702 5801 937 5857 hominis
969 5790 1436 5852 commiseratione
1461 5783 1731 5844 ﬂet-titur;
1785 5778 1828 5830 si
1875 5776 2015 5828 enim
2049 5772 2103 5824 in
2134 5781 2257 5823 eum

2326 1928 2692 1988 πεπανθέντας
2721 1920 2994 1976 κατεσθίει
3033 1914 3248 1976 αὐτούς.
3295 1910 3418 1964 'an
3450 1908 3505 1960 δὲ
3533 1905 3738 1974 γυμνὸν
3767 1901 3878 1952 θεά⁴

2326 2039 2482 2092 σηται
2519 2019 2824 2088 ἄνθρωπον,
2866 2012 2926 2065 οὐ
2972 2009 3278 2079 πρόσεισιν·
3332 2004 3378 2054 εί
3423 2000 3482 2053 δὲ
3525 1993 3876 2063 ἐνδεδυμένον,

2326 2116 2389 2179 ὲφ
2398 2112 2630 2164 ἅλλεται.

2407 2206 2463 2256 Ὀ
2497 2203 2552 2254 δὲ
2604 2198 2908 2270 βασιλίσκος
2954 2194 3029 2244 ίὸν
3065 2183 3431 2255 θανατηφόρον
3461 2177 3777 2243 ἀποπέμπει
3812 2170 3878 2238 τῷ

2327 2292 2607 2363 ὀφθαλμῷ,
2652 2290 2790 2342 ὥστε
2835 2287 2925 2339 τὸν
2967 2280 3298 2348 θεασάμενον
3330 2269 3667 2342 παραχρῆμα
3699 2267 3879 2317 ἀπονε-

2328 2355 2609 2456 κροῦσθαι.
2645 2382 2718 2434 Τὸ
2759 2380 2816 2432 δὲ
2866 2377 3091 2445 φύσημα
3139 2367 3300 2421 αὑτοῦ
3347 2364 3600 2432 τυγχάνει
3647 2355 3878 2426 πύρινον,

2328 2445 2663 2546 καταφλέγον
2692 2473 2892 2543 χώρας,
2926 2469 3018 2521 καὶ
3043 2465 3208 2516 τόπον
3237 2455 3560 2524 σύνδενδρον.
3604 2445 3882 2517 Ἱστοροῦσι

2328 2572 2382 2624 δὲ
2421 2570 2578 2623 αὐτὸν
2610 2566 2832 2634 τοιούτῳ
2879 2561 3063 2631 τρόπῳ
3103 2549 3467 2607 συνίστασθαι.
3531 2543 3702 2597 Ἐπάν
3745 2539 3886 2607 ὄφεις

2333 2663 2570 2722 πλείονες
2597 2651 3058 2710 κατακλεισθῶσιν
3073 2645 3229 2716 ὁμοῦ,
3254 2643 3345 2695 καὶ
3361 2636 3702 2708 λοιμώξωσιν
3730 2633 3885 2701 (ἒπει-

2331 2756 2503 2825 δήπερ
2528 2751 2586 2802 τὸ
2614 2747 2750 2810 ζῶόν
2777 2747 2892 2796 ἐστι
2915 2735 3274 2810 παμμίαρον),
3302 2724 3528 2788 ἕκαστος
3557 2725 3645 2777 τὸν
3672 2719 3885 2787 πλησίον

2334 2841 2625 2898 κατεσθίει·
2679 2837 2773 2890 καὶ
2819 2837 2848 2886 ὁ
2897 2829 3242 2901 ἰσχυρότερος
3287 2820 3589 2876 ἀναλίσκων
3636 2813 3760 2880 ὄφις
3802 2813 3886 2860 τὸν

2335 2935 2741 3003 ἀσθενέστερον,
2768 2930 2862 2980 καὶ
2891 2921 3192 2993 πληρωθεὶς
3223 2916 3434 2968 πάντων
3457 2910 3567 2961 τῶν
3591 2907 3764 2972 δφεων
3791 2898 3885 2960 ἰού,

2302 3023 2407 3079 τίὲν
2451 3022 2790 3092 κατεδήδοκε,
2839 3014 3146 3087 βασιλίσκος
3177 3009 3418 3076 γίγνεται
3461 3001 3536 3055 ἱὸν
3567 2999 3702 3067 ἔχων
3742 2991 3890 3063 χαλε·

2339 3119 2604 3178 πώτατον,
2636 3113 2711 3176 ὡς
2740 3113 2833 3164 καὶ
2860 3108 2966 3160 ἀπὸ
3003 3105 3161 3175 μόνου
3191 3100 3282 3153 τοῦ
3311 3093 3586 3165 ὀφθαλμοῦ
3613 3084 3888 3141 θανατοῦν.

2421 3211 2477 3262 Ὀ
2509 3208 2566 3259 δὲ
2613 3205 2900 3274 κάνθαρος,
2945 3202 3008 3251 ἐκ
3052 3198 3150 3267 τῆς
3186 3194 3362 3265 βοείας
3394 3186 3547 3242 ὄνθου
3582 3174 3892 3246 κυκλοτερὲς
3913 3207 3924 3218 ρ

2343 3303 2528 3372 σχῆμα
2558 3297 2923 3365 πλασάμενος,
2958 3287 3367 3354 ἀντιπρόσωπος
3400 3277 3649 3333 κυλινδει.
3680 3271 3815 3326 φασὶ
3844 3268 3892 3320 ἑὲ

2340 3391 2500 3442 αὐτὸν
2527 3386 2797 3455 ἑξάμηνον
2837 3381 3021 3434 ἐπάνω
3044 3377 3144 3445 τῆς
3169 3376 3295 3442 γῆς,
3323 3372 3416 3424 καὶ
3446 3364 3796 3436 σπερμαίνειν
3826 3362 3894 3420 εἰς

2338 3485 2436 3553 τὴν
2467 3480 2642 3533 δνθιον
2670 3477 2922 3546 σφαῖραν,
2952 3470 3044 3523 καὶ
3075 3469 3277 3520 τίκτειν
3304 3465 3504 3533 ἄρρενα
3526 3455 3813 3526 κάνθαρον·
3841 3451 3895 3501 ού

2339 3543 2446 3646 γάρ
2472 3573 2636 3642 θῆλυς
2670 3543 2899 3637 ὑπάρχει
2930 3560 3194 3628 κάνθαρος
3229 3555 3465 3607 πώποτε.
3508 3547 3618 3602 Καὶ
3653 3548 3702 3598 οἱ
3734 3543 3896 3611 Αίγύ-

2342 3683 2487 3718 πτιοι
2529 3662 2616 3716 διὰ
2655 3660 2753 3730 τὴν
2789 3652 3040 3721 τοιαύτην
3073 3649 3231 3717 φύσιν
3266 3641 3428 3698 αὑτοῦ
3468 3639 3713 3692 σέϐονται
3744 3633 3899 3686 αὑτὸν

2341 3761 2418 3818 είς
2446 3756 2594 3824 ἥλιον
2622 3727 3199 3821 μετασχηματίζοντες,
3237 3734 3419 3803 ἐπειδὴ
3451 3729 3622 3784 κυλίει
3652 3727 3896 3796 σφαῖραν,

2343 3851 2436 3901 καὶ
2475 3846 2542 3898 τὰ
2579 3845 2753 3913 ἄστρα
2795 3839 2969 3905 ὄφεων
3008 3833 3276 3901 σχήμασιν
3319 3820 3694 3884 ἀπεικάζουσι,
3727 3817 3815 3868 διὰ
3846 3813 3899 3864 τὸ

2343 3939 2500 4008 λοξὴν
2537 3931 2799 3990 ποιεῖσθαι
2827 3928 2924 3997 τὴν
2956 3923 3178 3995 πορείαν
3203 3913 3417 3976 αὐτούς.

2416 4120 2478 4170 Οἱ
2509 4115 2565 4168 δὲ
2610 4113 2894 4184 μύρμηκες
2938 4109 3027 4158 τον
3075 4103 3217 4152 σῖτον
3265 4094 3582 4160 συνάγοντες
3625 4085 3714 4139 διὰ
3745 4083 3894 4155 μέσον

2347 4209 2451 4262 τῶν
2501 4207 2713 4259 κόκκων
2757 4201 3034 4269 τέμνουσι,
3084 4191 3218 4262 πρὸς
3266 4186 3329 4240 τὸ
3373 4183 3448 4255 μὴ
3487 4180 3719 4249 ὲκφύσαι
3749 4175 3895 4229 αὐτὸν

2348 4298 2699 4366 νοτιζόμενον·
2737 4292 2830 4343 καί¹
2858 4287 3074 4358 μένουσι
3105 4282 3196 4334 τὸν
3231 4276 3469 4348 χειμῶνα
3514 4270 3781 4339 ἁπρόῖτοι,
3821 4265 3895 4317 διὰ

2347 4390 2440 4442 τοῦ
2472 4363 2661 4458 θέρους
2691 4382 2931 4451 αὐτάρκη
2964 4375 3062 4446 τὴν
3090 4375 3292 4444 τροφὴν
3321 4363 3692 4435 πορισάμενοι.

2431 4480 2494 4534 'H
2529 4481 2582 4533 δὲ
2619 4476 2827 4547 βδέλλα,
2874 4463 3257 4536 σκωληκοειδὲς
3297 4459 3432 4524 ζῶον
3474 4453 3807 4524 ὑπάρχουσα,
3847 4449 3892 4498 ὲν

2350 4578 2459 4636 τοῖς
2494 4569 2742 4640 γλυκέσιν
2785 4559 3114 4614 ὲκδιαιτᾶται
3149 4553 3320 4606 ὖδασν
3365 4547 3458 4601 καὶ
3497 4544 3665 4596 πίνων
3698 4559 3780 4604 τις
3813 4539 3892 4590 λά-

2352 4667 2496 4737 ϐρως
2540 4655 2924 4728 συγκαταπίνει
2964 4647 3114 4711 αύτὺ,
3153 4643 3240 4698 διὰ
3281 4642 3381 4711 τὴν
3425 4635 3621 4706 πολλὴν
3661 4633 3894 4700 levisnec:

2355 4746 2737 4812 συνολισθαίνει
2768 4747 2846 4816 τῷ
2888 4740 3158 4810 πινομένῳ
3193 4729 3491 4787 ὕδατι.ἰίιύ⁸
3524 4728 3584 4780 οὐ
3622 4724 3814 4795 μικρὰν
3844 4720 3891 4783 ἐξ

2355 4845 2516 4901 αὑτοῦ
2567 4840 2767 4912 βλάϐην
2819 4834 3125 4902 ὑφίσταται,
3169 4827 3268 4896 τῆς
3309 4820 3507 4892 σαρκὸς
3546 4816 3639 4869 τοῦ
3688 4817 3891 4884 αἵματος

2356 4934 2715 5007 ἐκμιυζοῦντος
2742 4925 2925 4990 αὑτοῦ,
2956 4923 3051 4976 καὶ
3073 4919 3261 4972 τούτου
3287 4912 3556 4976 αὔξοντος
3585 4908 3890 4977 άχὸρταστον

2355 5031 2411 5082 δὲ
2425 4993 2685 5094 ζτυγχάνει
2713 5019 2847 5092 πρὸς
2871 5015 3026 5086 δίψαν
3061 5012 3309 5082 αἵματος.
3348 5005 3456 5057 Καὶ
3493 4999 3748 5060 πολλάκις
3779 4993 3891 5048 αύσὺ

2355 5120 2455 5188 τῆς
2481 5086 2816 5185 ἀφαιρέσεως
2840 5106 3110 5178 δεομένοις
3141 5101 3343 5171 ἰατροῖς
3369 5097 3468 5149 οὐκ
3497 5092 3775 5163 ἀνιμᾶται,
3804 5086 3890 5145 ἓως

2356 5213 2476 5264 ὅτου
2500 5203 2837 5278 διαρραγείη.

2430 5393 2559 5451 Ταῖς
2592 5388 2647 5439 δὲ
2677 5367 2868 5437 ἀσπίσι
2894 5379 2986 5431 καὶ
3033 5375 3143 5435 τοῖς
3176 5369 3353 5430 ἄλλοις
3378 5368 3488 5426 τοῖς
3525 5361 3788 5432 δηκτικοῖς
3817 5356 3888 5421 ἑρ-

2363 5487 2540 5544 πετοῖς
2590 5473 2838 5544 αἴλουρός
2877 5471 2990 5521 ἐστι
3025 5463 3293 5532 πολέμιος.
3335 5457 3456 5509 Τῶν
3490 5454 3549 5507 δὲ
3592 5453 3790 5518 ὗφεων,
3816 5444 3888 5496 καὶ

2362 5537 2758 5642 τῶνοάκρίδων,
2782 5563 2875 5618 καὶ
2905 5560 3012 5614 τῶν
3045 5554 3280 5626 καμπῶν
3309 5551 3338 5602 ὁ
3371 5548 3497 5610 ἴϐις.
3529 5547 3651 5607 Τοῖς
3675 5543 3731 5597 δὲ
3756 5537 3890 5609 κερά-

2366 5682 2534 5727 σταις,
2579 5661 2673 5715 καὶ
2722 5651 3016 5725 σκορπίοις,
3053 5647 3146 5700 καὶ
3175 5647 3284 5704 τοῖς
3317 5639 3495 5702 ἄλλοις
3524 5635 3733 5705 μικροῖς
3756 5631 3890 5695 ἕρπε·

2363 5765 2471 5824 τοῖς
2499 5760 2526 5809 ὁ
2553 5753 2699 5827 ἱέραξ
2723 5715 3089 5814 θανατηφόρος
3115 5736 3465 5804 καθέστηκεν.
3495 5728 3650 5780 Ἔστι
3682 5723 3733 5775 δὲ
3761 5715 3891 5772 τοῦτθ
