4044 6324
658 360 750 415 731
1520 364 1573 416 S.
1623 364 2058 419 EUSTATIIIL'S
2097 361 2579 418 ANTIOCHENUS
2617 361 3010 417 EPISCOPUS.

3800 357 3898 409 751

659 492 903 535 naturam
934 488 986 535 et
1017 482 1137 552 igne
1168 487 1220 533 et
1246 494 1383 548 aqua
1416 482 1922 547 exterminaturum,
1948 483 2072 537 ﬁliis
2105 484 2217 535 suis

2321 484 2375 533 ἐν
2428 481 2611 550 κόσμῳ
2658 480 2816 547 φύσιν
2871 479 3187 545 ἀπαλείφειν
3236 474 3364 545 πυρὶ
3424 474 3511 525 καὶ
3574 472 3765 526 ὕδατι·
3806 476 3893 526 καί

658 574 1014 636 vaticinatur;
1045 587 1153 641 quo
1192 571 1396 635 audito,
1432 573 1523 642 qui
1556 588 1662 625 una
1696 589 1817 627 cum
1854 572 1980 625 Setl:
2020 580 2174 625 erant
2199 612 2213 634 ,

656 668 793 719 duas
820 672 1110 719 erexerunt
1142 664 1442 727 columnas,
1480 680 1638 719 unam
1678 666 1895 733 quidem
1927 679 1987 716 ex
2015 664 2213 732 lapide.

658 760 880 810 alteram
910 756 1180 810 caesilibus
1212 754 1489 808 laterculis
1521 764 1853 810 exstructam
1876 794 1889 816 ,
1932 763 1985 808 et
2045 755 2097 806 in
2135 755 2217 809 liis

656 862 847 902 omnes
900 848 1019 900 εωιὶ
1075 852 1252 900 motus
1312 846 1735 914 inscripserunt,
1802 862 1868 899 ne
1924 860 2110 899 eorum
2164 846 2216 897 in

659 947 927 993 astrorum
958 938 1183 993 scientia
1220 938 1626 991 observationes
1660 938 1981 1006 inventaque
2038 938 2216 1006 aliqua

657 1032 972 1082 obscuraret
1017 1028 1236 1082 oblivio.
1294 1028 1350 1081 Si
1394 1028 1534 1081 enim
1566 1043 1704 1096 aqua
1757 1029 1936 1081 omnia
1968 1029 2217 1081 consumi

657 1119 993 1188 contigisset,
1022 1119 1233 1189 lapidea
1264 1120 1352 1172 illa
1383 1118 1631 1171 columna
1674 1129 2121 1185 conservaretur;
2173 1120 2216 1174 si

660 1211 815 1278 igne,
861 1220 1124 1275 testacea;
1175 1225 1297 1263 cum
1341 1210 1521 1277 itaque
1580 1224 1731 1279 aquae
1774 1212 1969 1279 pluvia:
2022 1222 2217 1264 terram

660 1301 1033 1363 inundassent,
1070 1302 1275 1369 lapidea
1306 1300 1621 1368 permansit,
1652 1317 1771 1370 quae
1805 1304 1871 1357 ad
1904 1305 2015 1357 haec
2050 1319 2219 1373 usque

658 1402 900 1461 tempora
936 1392 988 1445 in
1027 1401 1169 1445 terra
1205 1390 1413 1443 Sciriad
1437 1398 1617 1445 erecta
1641 1394 1995 1463 conspicitur.

728 1483 925 1538 Genuit
958 1499 1119 1553 porro
1169 1484 1304 1538 Cain
1357 1482 1560 1549 Enocb,
1594 1492 1647 1537 et
1688 1484 1871 1539 Eiioch
1898 1484 2103 1539 Gaidad
2124 1528 2136 1549 ,
2168 1493 2221 1539 et

660 1575 867 1628 Gaidad
899 1576 1153 1641 Maleleel,
1184 1584 1236 1629 et
1281 1574 1517 1630 Maleleel
1548 1576 1870 1641 Mathusala,
1911 1586 1965 1631 et
2005 1578 2091 1630 hic
2122 1577 2221 1630 La-

660 1666 837 1727 mecli,
873 1668 965 1735 qui
1010 1666 1144 1719 duas
1174 1666 1328 1719 duxit
1376 1683 1572 1722 uxores
1616 1668 1767 1722 Adan
1803 1676 1854 1723 et
1909 1668 2105 1726 Selan.
2157 1685 2221 1723 ex

658 1758 857 1825 quibus
912 1768 1021 1812 tres
1084 1759 1269 1813 habuit
1316 1760 1471 1823 lilios,
1506 1776 1569 1814 ex
1605 1761 1756 1813 Adan
1796 1760 1967 1823 Jobcl,
2004 1764 2095 1830 qui
2126 1763 2219 1830 ju-

662 1856 839 1902 menta
863 1865 962 1903 suo
992 1850 1171 1903 studio
1198 1851 1481 1913 educabat,
1505 1861 1556 1905 et
1584 1850 1741 1905 Jubal
1778 1852 1867 1922 qui
1902 1851 2217 1920 psalterium
2250 1830 2290 1883 Β

659 1941 1028 2011 citharamque
1053 1944 1255 1995 invenit
1281 1960 1294 2005 ;
1329 1959 1393 1995 ex
1414 1942 1571 1997 Selan
1594 1942 1816 2004 Tliobel,
1837 1943 1927 2012 qui
1956 1943 2218 1998 malleolis

658 2051 733 2089 ms
763 2036 1069 2103 ferrumque
1100 2036 1341 2088 excussit
1373 2036 1434 2087 ”.
1487 2035 1654 2089 Adam
1682 2044 1858 2089 autem
1896 2052 2018 2089 cum
2050 2037 2216 2090 vixis-

660 2136 742 2181 set
764 2128 921 2181 annis
950 2128 1234 2181 duodecim
1262 2138 1313 2181 et
1344 2129 1648 2197 nongentis,
1677 2130 1783 2181 vita
1800 2129 2013 2185 functus
2041 2136 2126 2184 est
2152 2130 2213 2183 ⁸⁸.

732 2372 896 2436 Enos,
929 2374 1068 2428 {ilius
1093 2371 1221 2429 Seth
1248 2415 1262 2438 ,
1313 2391 1507 2429 nomen
1555 2374 1764 2428 Domini
1801 2378 2035 2444 speravit
2068 2377 2220 2429 invo-

660 2469 787 2518 tare
816 2464 856 2496 "
890 2483 902 2519 :
932 2467 1022 2535 qui
1053 2482 1175 2519 cum
1206 2467 1427 2521 vixisset
1444 2467 1598 2534 annis
1651 2480 1787 2528 ειν,
1842 2476 2090 2521 mortuus
2116 2478 2217 2533 est,

658 2566 709 2607 et
736 2555 876 2607 filius
902 2556 1071 2623 ipsius
1105 2555 1309 2609 Cainan
1341 2557 1472 2608 vixit
1503 2558 1659 2609 anuis
1710 2572 1869 2619 cum,
1892 2565 1943 2608 et
1972 2566 2219 2612 mortuus

658 2644 774 2711 est;
806 2644 1043 2699 Maleleel
1084 2647 1222 2699 filius
1247 2647 1364 2716 ejus
1398 2647 1553 2700 annis
1595 2662 1859 2711 nccxcxv,
1891 2658 1943 2704 et
1974 2658 2219 2703 mortuus

657 2744 759 2791 est.
794 2736 963 2807 Hujus
1019 2738 1159 2792 filius
1190 2736 1351 2793 Jared
1391 2740 1521 2793 vixit
1577 2742 1733 2794 anuis
1807 2756 1941 2804 cux,
1993 2749 2045 2796 et
2074 2756 2219 2793 mor-

658 2834 786 2883 tuus
815 2838 924 2893 eSt;
977 2829 1117 2884 ﬁlius
1146 2828 1305 2884 Jared
1340 2830 1545 2893 Enoch,
1574 2848 1697 2887 cum
1731 2832 1872 2902 apud
1904 2831 2066 2886 Deum
2103 2834 2221 2901 plu-

659 2919 855 2973 rimum
883 2921 1049 2989 gratia
1078 2922 1375 2989 potuisset,
1409 2923 1703 2977 translatus
1738 2929 1841 2984 est,
1872 2921 2029 2989 cujus
2082 2922 2221 2975 ﬁlius

660 3008 963 3064 Mathusala
998 3011 1131 3063 vixit
1207 3015 1364 3064 annis
1406 3028 1662 3077 nccexnx,
1709 3020 1762 3067 et
1808 3020 2054 3065 mortuus
2100 3020 2218 3077 est;

656 3098 969 3155 etLamech
1020 3102 1161 3155 ﬁlius
1228 3104 1568 3170 Mathusalae,
1617 3116 1742 3158 cum
1815 3105 1973 3158 annis
2028 3118 2220 3157 necuit

656 3192 903 3255 vixisset,
935 3192 1067 3246 obiit
1102 3193 1167 3246 ".

725 3365 956 3422 Lamech
1005 3368 1145 3423 ﬁlius
1174 3368 1305 3431 Noe.
1341 3372 1430 3441 qui
1466 3371 1628 3427 rebus
1658 3372 2107 3426 administrandis
2138 3388 2223 3427 re-

654 3459 910 3527 gendisve
932 3472 1149 3513 summa
1180 3460 1409 3524 virtute,
1440 3469 1515 3525 et,
1546 3473 1603 3515 ut
1634 3452 1907 3531 par‘erat,
1938 3478 2059 3516 cum
2090 3479 2222 3533 gau-

654 3549 766 3611 dio,
800 3549 1052 3603 omnibus
1083 3550 1323 3603 omnium
1366 3566 1624 3619 generum
1667 3552 1987 3605 mortalibus
2013 3591 2026 3615 ,
2082 3536 2221 3605 utia

654 3640 799 3695 vitiis
825 3641 1201 3703 abhorrerent,
1232 3642 1485 3696 virtutem
1520 3642 1995 3710 amplecterentur,
2024 3644 2219 3698 suade-

656 3732 781 3797 bat;
820 3733 887 3786 ad
938 3733 1221 3801 septimam
1282 3732 1425 3786 enim
1477 3742 1693 3788 atatem
1742 3750 1914 3803 usque
1974 3734 2219 3790 homines

657 3821 824 3875 Deum
855 3837 1037 3876 rerum
1065 3823 1306 3875 omnium
1345 3823 1626 3877 Dominum
1658 3837 1781 3879 esse
1813 3824 1916 3879 sibi
1953 3824 2085 3893 ipsis
2113 3835 2222 3878 sta-

654 3912 899 3979 tuebant,
919 3914 1297 3981 iustitiamque
1318 3915 1663 3981 expetebant.

728 4001 970 4057 Tandem
1030 4004 1325 4072 longinquo
1377 4006 1639 4071 temporis
1684 4019 1807 4066 usu,
1858 4006 2113 4060 omnibus
2162 4021 2219 4059 se

654 4092 805 4147 vitiis
834 4093 1211 4161 inquinarunt,
1239 4109 1269 4145 a
1298 4094 1492 4161 quibus
1522 4109 1616 4146 eos
1646 4109 1768 4146 cum
1806 4092 1937 4156 Noe,
1965 4104 2021 4146 ut
2052 4095 2220 4147 absti-

656 4189 873 4245 nerent,
926 4198 1033 4235 non
1089 4191 1273 4251 posset
1318 4183 1596 4246 inducere,
1659 4198 1849 4237 eorum
1905 4186 2217 4237 societatem

656 4274 1050 4337 stomachatus,
1089 4275 1145 4326 in
1194 4275 1329 4328 alios
1380 4290 1440 4329 se
1483 4281 1751 4328 terrarum
1802 4275 1940 4328 situs
1967 4276 2213 4327 contulit.

655 4366 793 4419 Huic
816 4366 955 4421 Deus
974 4366 1267 4429 mandavit,
1286 4374 1344 4419 ut
1372 4381 1550 4419 aream
1580 4366 2211 4433 azdilicaret""‘,tecto-

2320 572 2648 632 ἀκούσαντες
2693 572 2742 621 οἱ
2787 571 2914 639 περὶ
2954 570 3044 620 τὸν
3085 567 3188 637 Σὴθ
3231 566 3321 617 δύο
3366 564 3563 633 στήλας
3598 564 3891 631 ἐποίησαν,

2318 666 2415 733 τὴν
2460 663 2555 731 μὲν
2600 664 2662 714 ἐκ
2712 660 2891 720 λίθου,
2940 660 3038 729 τὴν
3079 659 3134 711 δὲ
3163 658 3220 721 ἐξ
3249 656 3417 726 ὀπτῆς
3448 654 3667 706 πλίνθου
3718 671 3889 705 κατα-

2322 751 2695 811 σκευάσαντες·
2716 750 2806 800 καὶ
2823 750 2879 798 ἐν
2894 747 3112 809 ταύταις
3132 749 3305 799 πᾶσαν
3326 744 3420 815 τὴν
3442 744 3499 795 ού
3509 745 3576 813 pa
3586 760 3693 794 nov
3722 744 3893 812 φορὰν

2320 839 2670 912 ἐνεχάραξαν,
2702 841 2836 908 πρὸς
2880 840 2941 890 τὸ
2985 841 3058 909 μὴ
3084 839 3310 907 ἄληστον
3352 838 3449 906 τὴν
3494 837 3592 904 τῆς
3627 836 3893 903 ἀστρονοο

2324 934 2449 1004 μίας
2495 932 2671 985 αὐτῶν
2718 929 2967 996 γενέσθαι
3004 930 3235 999 εὓρεσιν·
3278 929 3393 992 ἵνα,
3420 930 3468 979 εί
3506 928 3604 995 μὲν
3638 926 3804 978 ὕδατι
3830 924 3895 975 τὰ

2319 1024 2493 1075 πάντα
2524 1021 2821 1091 φθείρεται,
2868 1020 2900 1088 ἡ
2936 1018 3131 1081 λίθινος
3171 1018 3334 1088 στήλη
3366 1018 3727 1086 φυλάττηται,
3768 1017 3816 1067 εί
3839 1014 3891 1066 δὲ

2318 1115 2470 1182 πυρὶ,
2507 1115 2539 1181 ή
2570 1110 2932 1181 ὀστρακώδης.
2962 1110 3259 1179 Γενομένης
3290 1106 3380 1161 οὖν
3404 1112 3499 1177 τῆς
3521 1108 3890 1179 κατομερίας,

2319 1204 2350 1271 ἡ
2383 1202 2578 1262 λίθινος
2616 1198 3097 1271 στήληνδιὲμεινεν,
3125 1201 3243 1268 ἥτις
3267 1201 3391 1271 ἄχρι
3423 1200 3517 1270 τῆς
3546 1198 3709 1269 δεῦρο
3742 1196 3893 1267 μένει

2318 1270 2375 1343 ἐν
2411 1295 2479 1362 γῇ
2516 1294 2578 1361 τῇ
2612 1270 2859 1361 Σηῖρειάδ
2885 1289 3248 1359 ἐστηλωμένη.

2403 1471 2684 1540 Ἐγέννησε
2712 1468 2766 1521 δὲ
2803 1470 2831 1520 ὁ
2858 1470 2995 1521 Κάῖν
3034 1469 3122 1523 τὸν
3170 1469 3354 1540 Ἑνὼχ,
3400 1472 3491 1522 καὶ
3515 1473 3542 1523 ὁ
3586 1467 3765 1538 Ἐνίυχ
3803 1468 3894 1521 τὸν

2319 1562 2531 1623 Γαῖδάδ,
2561 1562 2655 1614 καὶ
2682 1563 2709 1612 6
2747 1560 2939 1613 Γαϊδὰδ
2964 1561 3051 1612 τὸν
3078 1561 3374 1630 Μαλελεὴλ,
3418 1562 3509 1614 καὶ
3544 1563 3572 1613 6

2318 1654 2409 1705 τὸν
2438 1652 2791 1716 Μαθουσάλα,
2821 1652 2914 1705 καὶ
2953 1646 3104 1713 οὗτος
3136 1652 3225 1704 τὸν
3255 1653 3464 1721 Λάμεχ.
3494 1653 3602 1705 Καὶ
3636 1653 3664 1703 6
3691 1650 3892 1719 Arias}

2320 1744 2412 1796 δύο
2438 1747 2695 1812 γυναῖκας
2729 1743 2981 1810 ἠγάγετο,
3024 1741 3179 1793 Ἀδὰν
3210 1743 3302 1793 καὶ
3331 1742 3514 1803 Σελὰν,
3554 1741 3648 1793 καὶ
3688 1740 3753 1804 ἐξ
3796 1741 3893 1792 αύ-

2319 1834 2426 1885 τῶν
2469 1836 2614 1902 τρεῖς
2666 1832 2854 1893 παῖδας
2900 1830 3170 1899 ἐποίησεν,
3214 1831 3277 1881 ἐκ
3322 1832 3417 1899 μὲν
3446 1831 3545 1900 τῆς
3594 1829 3754 1881 Ἄδαν
3801 1828 3891 1878 τὸν

2333 1924 2539 1993 Ἰωϐήλ,
2572 1918 2719 1985 ὅστις
2746 1920 3106 1992 κτηνοτρόφος
3135 1919 3346 1985 ἐγένετο
3364 1961 3378 1983 ,
3410 1922 3501 1972 καὶ
3527 1920 3616 1972 τὸν
3654 1917 3890 1978 Ἰούϐαλ,

2319 2018 2377 2078 ὃς
2399 2015 2691 2084 ψαλτήριον
2712 2015 2804 2066 καὶ
2833 2013 3058 2083 κιθάραν
3088 2012 3321 2084 ἐξεῦρεν.
3368 2013 3458 2064 Ἐκ
3500 2013 3557 2063 δὲ
3596 2012 3693 2080 τῆς
3717 2011 3891 2063 Σελέιν

2320 2103 2409 2153 τὸν
2459 2100 2652 2163 Θόϐελ,
2699 2102 2845 2161 ὅστις
2892 2100 3228 2170 σφυροκόπος
3268 2099 3466 2170 χαλκοῦ
3522 2100 3615 2150 καὶ
3667 2100 3890 2169 σιδήρου

2321 2192 2554 2259 ἐγένετο.
2600 2193 2655 2247 Ὀ
2683 2193 2735 2243 δέ
2771 2193 2957 2260 Ἀδὰμ,
2993 2191 3161 2260 ζήσας
3189 2192 3279 2261 ἐτη
3311 2192 3588 2244 ἐννακόσια
3620 2192 3755 2243 δέκα
3776 2191 3891 2254 δύο,

2320 2283 2607 2338 ἀπέθανεν.

2402 2372 2564 2435 Ἕνὼς
2609 2374 2665 2425 δέ
2715 2374 2827 2437 υἱὸς
2873 2372 2965 2425 τοῦ
3008 2372 3113 2443 Σὴθ
3157 2372 3378 2444 ῆλπισεν
3410 2372 3785 2426 ἐπικαλεῖσθαι
3829 2369 3893 2424 τὺ

2320 2468 2489 2537 ὄνομα
2520 2466 2741 2536 Κυρίοψ
2788 2466 2955 2535 ζήσας
2998 2466 3053 2519 δὲ
3098 2466 3191 2536 ἔτη
3236 2466 3517 2519 ἐννακόσια
3546 2466 3707 2517 πέντε
3754 2466 3891 2518 ἀπέ-

2322 2559 2468 2611 θανε.
2503 2558 2612 2610 Καὶ
2640 2560 2666 2607 6
2690 2558 2801 2619 υἱὸς
2834 2554 2997 2609 αὑτοῦ
3030 2557 3255 2619 Καϊνὰν,
3282 2557 3450 2627 ζήσας
3481 2556 3570 2625 ἔτη
3599 2557 3889 2608 ἐννακόσια

2320 2649 2469 2709 δέκα,
2500 2647 2815 2718 ἐτελεύτησε
2835 2689 2847 2700 .
2899 2649 3021 2699 Καὶ
3047 2650 3075 2700 6
3108 2648 3221 2709 υἱὸς
3246 2648 3547 2716 Μαλελεήλ,
3580 2646 3752 2717 ζήσας

2323 2741 2614 2793 ἑπτακόσια
2662 2741 3005 2809 ἐννενήκοντα
3037 2740 3189 2794 πέντε
3215 2780 3229 2802 ,
3273 2739 3558 2792 ἀπέθανεν.
3595 2740 3653 2791 ὐ
3684 2740 3740 2792 δὲ
3771 2740 3896 2794 τούς

2322 2850 2414 2885 του
2441 2835 2551 2896 υἱὸς
2579 2833 2769 2903 Ἰάρεδ,
2798 2832 2889 2902 ἐτη
2926 2832 3128 2902 βιώσας
3153 2833 3432 2886 ἐννακόσια
3464 2833 3744 2902 ἐξήκοντα,
3776 2834 3893 2885 ἐτε-

2322 2925 2600 2995 λεύτησεν.
2632 2924 2737 2976 Τοῦ
2784 2924 2840 2975 δὲ
2897 2923 3065 2993 Ἰἀρεδ
3110 2924 3221 2984 υἱὸς
3280 2922 3466 2991 Ἑνὼχ,
3516 2924 3894 2993 εύαρεστήσας

2323 3008 2399 3079 τῷ
2443 3008 2589 3078 Θεῷ,
2640 3008 2919 3078 μετετέθη.
2962 3010 3018 3060 '0
3060 3008 3115 3061 δέ
3166 3009 3275 3071 υἱὸς
3317 3009 3480 3061 αὐτοῦ
3524 3008 3893 3071 Μαθουσάλα,

2326 3099 2497 3169 ζήσας
2529 3098 2621 3169 ἐτη
2667 3101 2962 3153 ἑπτακόσια
3010 3101 3103 3152 καὶ
3148 3099 3404 3170 ἐξήκοντα
3439 3100 3629 3165 ἐννέα,
3679 3102 3895 3153 ἐτελεύ-

2324 3209 2473 3261 τησε.
2505 3192 2693 3262 Λάμεχ
2738 3192 2793 3244 δὲ
2819 3193 2847 3244 6
2873 3192 2986 3253 υίὸς
3018 3190 3363 3253 Μαθουσάλα,
3396 3190 3565 3261 ζήσας
3596 3192 3691 3263 ἔτη
3724 3194 3899 3244 ἐπτα-

2324 3281 2479 3333 κόσια
2510 3282 2838 3348 πεντήκοντα
2862 3280 3008 3349 τρία.
3042 3279 3327 3336 ἀπέθανεν.

2392 3370 2576 3439 Τούτῳ
2608 3370 2685 3440 τῷ
2714 3371 2905 3440 Λάμεχ
2948 3371 3061 3432 υίὸς
3098 3369 3219 3422 Νῶε
3258 3371 3473 3436 ἐγένετο
3497 3370 3718 3439 ἀρεταῖς
3752 3373 3897 3439 ἀγα-

2323 3460 2429 3513 θῶν
2469 3462 2717 3531 πράξεων
2771 3461 3056 3530 ἡδόμενος,
3106 3460 3164 3521 ὃς
3212 3458 3390 3511 ἔπειθε
3442 3460 3501 3511 τὸ
3554 3459 3895 3530 ἀνθρώπινον

2321 3555 2474 3621 γένος
2529 3550 2924 3621 μεταϐληθῆναι
2970 3550 3078 3602 ἀπὸ
3139 3550 3235 3618 τῆς
3293 3549 3486 3612 κακίας
3538 3553 3614 3613 εἰς
3663 3552 3893 3621 ἀρετήν·

2320 3648 2444 3714 ἄχρι
2474 3643 2580 3713 γὰρ
2606 3643 2837 3712 ἑϐδόμης
2863 3643 3054 3709 γενεᾶς
3080 3630 3128 3693 οἱ
3173 3640 3443 3711 ἄνθρωποι
3476 3642 3736 3712 δεσπύτην
3781 3643 3897 3695 τῶν

2321 3737 2573 3789 ἁπάντων
2623 3735 2712 3787 τὸν
2775 3734 2904 3786 Θεὸν
2953 3731 3353 3802 ἐπεγράφοντο,
3402 3734 3495 3787 καὶ
3544 3733 3893 3801 δικαιοσύνης

2322 3824 2646 3896 ἐφρόντιζον.

2392 4007 2653 4077 ’Ύστερον
2684 4005 2740 4057 δὲ
2778 4004 2864 4056 τοῦ
2916 4004 3103 4075 χρόνου
3142 4003 3415 4073 προϊόντος
3457 4004 3536 4064 είς
3573 4002 3747 4053 πᾶσαν
3775 4017 3889 4051 πα-

2322 4098 2581 4169 ρανομίαν
2626 4094 2934 4162 ἐξώκειλαν.
2978 4094 3063 4159 Ὠς
3103 4093 3195 4149 οὖν
3232 4097 3258 4147 6
3297 4096 3416 4146 Νῶε
3449 4096 3545 4146 ούκ
3576 4092 3754 4144 ἔπειθε
3783 4089 3887 4159 τῆς

2320 4188 2517 4248 κακίας
2546 4186 2841 4255 ἀποστῆναι
2868 4185 3092 4246 αὐτοὺς,
3120 4186 3215 4253 τὴν
3249 4183 3530 4235 συνουσίαν
3564 4180 3738 4233 αὐτῶν
3768 4181 3885 4249 βδε-

2319 4277 2613 4347 λυξάμενος
2641 4279 2716 4337 είς
2742 4276 2906 4345 ἄλλην
2930 4278 3031 4345 γῆν
3060 4274 3391 4345 ἀνεχώρησε.
3424 4274 3531 4326 Καὶ
3561 4272 3881 4343 προστάττει

2320 4370 2468 4439 αὐτῷ
2519 4372 2545 4422 6
2589 4370 2718 4431 Θεὸς
2768 4369 3170 4421 κατασκευάσαι
3220 4365 3446 4418 κιϐωτὸν
3494 4363 3877 4435 τετράστεγον,

654 4474 775 4512 rum
804 4464 1065 4526 quatuor,
1100 4458 1439 4525 longitudine
1470 4466 1836 4512 trecentorum
1883 4460 2215 4525 cubitorum,

2324 4462 2549 4534 ἔχουσαν
2577 4463 2637 4514 τὸ
2665 4461 2759 4531 μὲν
2796 4461 2965 4530 μῆκος
2987 4459 3310 4528 τριακοσίων
3336 4457 3544 4526 πηχῶν,
3576 4457 3636 4508 τὺ
3668 4457 3721 4509 δὲ
3745 4454 3877 4507 πλά-

654 4551 943 4605 latitudine
973 4550 1393 4620 quinquaginta,
1425 4550 1711 4604 altitudine
1738 4552 1990 4619 triginta,
2050 4559 2108 4604 ut
2159 4554 2211 4603 in

649 4658 717 4697 ea
740 4642 902 4697 simul
925 4658 1046 4697 cum
1071 4642 1219 4695 omni
1248 4641 1572 4711 cognatione
1600 4643 1879 4705 occlusus,
1912 4644 2212 4711 perieulum

650 4732 796 4803 quod
829 4749 898 4787 ex
921 4733 1273 4787 inundatione
1297 4732 1633 4794 imminebat,
1662 4733 2087 4803 subterlugeret;
2112 4735 2213 4787 hoc
2229 4805 2245 4816 ι

648 4824 793 4877 enim
824 4824 1089 4892 supplicio
1112 4822 1251 4876 Deus
1288 4824 1533 4879 homines
1556 4826 1646 4893 qui
1678 4823 1733 4877 id
1766 4824 2026 4891 temporis
2060 4825 2211 4877 vive-

650 4914 803 4978 bant,
838 4915 1031 4983 punire
1063 4915 1351 4984 delereque
1384 4917 1657 4984 cupiebat.
1697 4914 1893 4969 Verum
1947 4930 2067 4968 cum
2104 4923 2211 4967 ter-

650 5020 764 5057 ram
796 5004 1152 5058 iuundassent
1171 5020 1324 5074 aquae
1344 5007 1682 5059 summitates
1712 5006 1997 5066 montium,
2024 5020 2211 5059 earum

649 5097 797 5148 ﬂuxu
825 5096 1021 5149 abditae
1046 5098 1382 5166 occultatque
1442 5107 1570 5151 sunt
1625 5097 1691 5150 ³⁸.
1744 5096 1979 5159 Nam.,et
2011 5096 2211 5149 nosu'is

651 5186 801 5239 hisce
832 5187 1169 5254 temporibus
1196 5188 1251 5241 in
1280 5190 1483 5242 vertice
1514 5188 1705 5242 Libani
1744 5188 1947 5257 lapides
1992 5187 2211 5257 quidam

2318 4573 2407 4619 τος
2438 4556 2785 4624 πεντήκοντα,
2818 4552 2911 4605 καὶ
2942 4552 3002 4604 τὸ
3047 4549 3206 4619 βάθος
3248 4549 3556 4619 τριάκοντα,
3593 4550 3751 4609 ὅπως,
3786 4547 3876 4597 ἐπ’

2320 4648 2483 4716 αὐτῆς
2518 4648 2631 4714 ἅμα
2662 4646 2724 4713 τῇ
2782 4642 3065 4710 συγγενείᾳ
3120 4638 3281 4692 αὕτοῦ
3332 4636 3621 4708 καθείρξας
3670 4634 3871 4695 ἑαυτὸν,

2320 4741 2529 4808 ἐκφύγῃ
2562 4738 2650 4789 τὸν
2685 4738 2747 4788 ἐκ
2775 4735 2869 4787 τοῦ
2898 4731 3277 4800 κατακλυσμοῦ
3309 4730 3567 4783 κίνδυνον.
3609 4726 3875 4781 Ἐϐούλετο

2319 4832 2425 4901 γάρ
2454 4833 2481 4882 6
2512 4830 2642 4891 Θεὸς
2671 4826 2889 4896 τοιαύτῃ
2925 4824 3162 4894 τιμωρίᾳ
3202 4822 3299 4892 τὴν
3334 4822 3594 4891 πονηρίαν
3626 4819 3723 4871 τῶν
3746 4818 3870 4869 τότε

2320 4920 2657 4988 ἐξαφανίσαι.
2699 4914 3104 4985 Ἐπενεχθέντος
3136 4914 3191 4965 δέ
3224 4912 3316 4963 τοῦ
3346 4907 3719 4979 κατακλυσμοῦ
3738 4907 3869 4959 ἐκα-

2319 5012 2491 5083 λύςρθη
2527 5013 2591 5063 τὰ
2641 5009 2817 5078 ὑψηλὰ
2866 5007 2969 5059 τῶν
3013 5008 3181 5078 ὀρέων
3223 5004 3327 5057 ὑπὸ
3371 5002 3463 5055 τοῦ
3517 5002 3715 5061 ὓδατος.
3745 4998 3871 5050 Ἔτι

2320 5103 2426 5173 γάρ
2459 5104 2552 5154 καὶ
2584 5102 2677 5154 νῦν
2711 5101 2801 5152 ἐπὶ
2825 5100 2923 5168 τῆς
2951 5098 3261 5167 ἀκρωρείας
3305 5094 3397 5147 τοῦ
3440 5093 3663 5147 Λιϐάνου
3696 5088 3873 5151 λίθους

2315 5197 2393 5255 εἰς
2441 5192 2727 5260 οἰκοδομήν
2764 5206 2910 5251 τινες
2939 5186 3310 5256 ἐκτέμνοντες,
3345 5183 3639 5237 θαλαττίων
3681 5175 3871 5250 ἰχθύων

647 5277 715 5329 ad
754 5278 1134 5331 aedificandum
1193 5280 1531 5343 excidentes,
1587 5280 1922 5333 marinorum
1980 5280 2215 5348 piscium

2320 5286 2443 5354 γένη
2472 5284 2834 5355 εὑρίσκουσιν,
2864 5279 2956 5342 οὓς
2998 5278 3192 5347 συνέϐη
3217 5281 3296 5341 είς
3334 5278 3401 5330 τὰ
3438 5277 3737 5348 κοιλώματα
3762 5271 3867 5325 τῶν

649 5370 798 5422 varia
849 5385 1045 5441 genera
1097 5371 1403 5435 inveniunt,
1451 5388 1587 5441 quos
1629 5381 1756 5424 tunc
1796 5373 1851 5424 in
1906 5373 2053 5424 cavis
2102 5371 2209 5423 illis

650 5464 917 5517 montium
950 5466 1063 5519 luto
1096 5465 1303 5520 deﬁxos
1326 5481 1678 5521 concrescere
1708 5465 1952 5533 contigit.

712 5669 754 5699 ”
779 5667 903 5723 Gen.
936 5687 1006 5731 iv,
1033 5670 1082 5731 7,
1149 5669 1234 5729 19,
1275 5668 1366 5721 ‘22.

648 5752 723 5801 vi,
782 5739 861 5791 14.
939 5740 982 5770 ³⁵
1014 5739 1135 5792 Gen.
1171 5754 1267 5803 vn,
1297 5739 1381 5790 19.

2314 5376 2482 5445 ὀρέων
2519 5360 2965 5441 συναποπαγῆναι
2994 5371 3059 5439 τῇ
3096 5367 3219 5421 ίλύῐ.

1443 5670 1485 5701 ³⁸
1519 5667 1643 5723 Gen.
1673 5684 1723 5733 v,
1760 5668 1811 5722 5.
1886 5669 1925 5700 ’λ
1954 5665 2079 5722 Gen.
2118 5682 2218 5737 tv,‘

2380 5670 2421 5701 ³¹
2458 5669 2584 5724 Gen.
2617 5684 2667 5733 γ,
2703 5668 2788 5732 Η,
2818 5666 2904 5732 14,
2946 5663 3034 5730 17,
3063 5662 3154 5730 20,
3182 5661 3272 5730 24,
3299 5662 3392 5728 27,
3442 5662 3535 5719 51.
3612 5653 3861 5713 ³⁸·’δσιιυ
