4044 6324
143 457 237 515 ἶ53

1045 446 1312 502 SPURIA.
1356 476 1422 484 —
1459 439 1812 499 COMMENT.
1856 438 1921 493 IN
1961 433 2452 493 HEXAEMERON.

3253 413 3373 489 754‘

214 574 276 625 Ἡ
320 572 378 626 δζ
407 568 669 630 κιϐωτὸς,
706 566 1042 637 ἀνυψωθεῖσα
1090 564 1191 617 ὑπὸ
1224 563 1316 615 τοῦ
1372 562 1579 625 ὓδατος,
1618 561 1688 623 εἰς

1871 555 1975 611 Sed
2006 571 2154 620 arca,
2190 555 2346 623 aquis
2383 552 2544 609 altius
2578 557 2901 613 sustentata,
2934 550 2988 603 in
3041 551 3353 603 summitate

132 664 303 732 ἄκραν
328 658 450 713 τινὰ
480 658 638 726 ὅρους
664 655 752 708 τοῦ
782 654 921 707 κατά
943 654 1040 725 τὴν
1081 652 1368 722 Ἀρμενίαν
1415 651 1567 721 ἔστη,
1607 650 1698 703 καὶ

133 750 476 819 λωφήσαντος
524 746 616 798 τοῦ
666 745 887 810 ὓδατος,
936 747 982 797 οἱ
1033 747 1089 797 ὲν
1135 746 1200 813 τῇ
1244 741 1458 812 κιϐωτῷ
1500 742 1699 803 πάντες

132 838 588 910 ἑξεπορεύθησαν.
623 835 732 888 Καὶ
775 836 865 889 τὸν
905 836 1065 888 τόπον
1099 836 1178 887 ἔτι
1224 833 1316 885 καὶ
1363 832 1456 884 νῦν
1496 834 1697 884 ἐκεῖνον

144 927 534 996 Ἀποϐατήριον
569 928 615 978 οἱ
648 925 928 996 ἐπιχώριοι
964 922 1459 996 προσαγορεύουσι,
1489 921 1582 973 καὶ
1629 918 1697 972 τὰ

132 1019 348 1086 λείψανα
375 1017 475 1087 τῆς
507 1016 737 1070 κιϐωτοῦ
764 1016 1179 1079 ἐπιδεικνύουσι,
1214 1014 1305 1067 καὶ
1334 1016 1399 1083 τῇ
1442 1011 1697 1082 ἀσφάλτῳ

132 1109 294 1177 αὑτῆς
322 1109 403 1169 είς
440 1108 915 1178 ἀποτροπιασμοὺς
949 1108 1260 1178 κέχρηνται.

208 1200 264 1251 '0
302 1198 361 1251 δὲ
391 1199 519 1251 Νῶε
557 1199 899 1269 ἐτελεύτησεν
943 1200 1036 1267 ἔτη
1080 1200 1249 1268 ζήσας
1296 1198 1577 1251 ἐννακόσια
1604 1198 1697 1251 καὶ

134 1292 487 1359 πεντήκοντα,
529 1291 624 1343 καὶ
656 1292 704 1342 οί
746 1292 849 1343 υίοὶ
892 1290 1079 1355 αὑτοῦ,
1114 1290 1415 1352 δεδοικότας
1447 1290 1570 1352 τοὺς
1605 1289 1696 1342 άλ-

133 1386 249 1446 λους
276 1383 487 1445 πάντας
508 1383 614 1435 ἀπὸ
635 1382 725 1435 τοῦ
747 1382 901 1453 ὅρους
918 1381 1333 1451 μεταναστῆναι,
1356 1380 1696 1449 (ὑπώπτευον

134 1478 234 1547 γὰρ
277 1476 475 1546 ἐτέρας
510 1472 660 1537 αὖθις
682 1475 1037 1543 πειρασθῆναι
1070 1471 1424 1543 ἐπομϐρίας)
1453 1471 1696 1524 πείθουσι

135 1567 441 1629 κατελθεῖν,
476 1569 570 1620 καὶ
617 1567 713 1635 τὴν
744 1565 1069 1634 ήπλωμένην
1112 1562 1415 1615 κατοικίσαι
1451 1562 1694 1617 πεδιάδα.

137 1659 243 1709 Ἱνα
273 1656 329 1708 δὲ
470 1654 858 1726 πληθυνθέντες
889 1652 1073 1705 στάσιν
1118 1650 1232 1721 μετ’
1271 1650 1513 1719 ἀλλήλων
1547 1654 1697 1722 κινή-

133 1763 281 1809 σωσι,
312 1748 682 1818 προσέταττεν
714 1746 891 1809 αὐτοῖς
938 1746 966 1797 ὁ
1012 1744 1143 1806 Θεὸς
1185 1743 1438 1805 ἀποικίας
1472 1746 1696 1813 ποιήσα-

135 1834 270 1887 σθαι.
307 1836 371 1887 Οἱ
418 1834 477 1887 δὲ
524 1836 620 1903 οὑχ
654 1835 986 1904 ὑπήκουσαν,
1024 1833 1127 1902 γῆν
1175 1833 1341 1903 καλήν
1385 1834 1695 1903 γεωργοῦν-ρ

132 1940 237 1986 τες,
265 1924 359 1977 καὶ
387 1924 619 1995 καρπῶν
654 1924 910 1993 ἀφθονίαν
961 1925 1218 1995 μεγίστην
1266 1926 1494 1997 ἔχοντες.
1526 1916 1693 1981 Πάλιν

132 2011 218 2067 οὖν
248 2017 505 2086 συμφορᾷ
535 2016 739 2086 χαλεπῇ
789 2016 1077 2069 ὑποϐάλλει
1116 2018 1309 2081 αὑτοὺς
1344 2018 1478 2088 πρὸς
1508 2019 1567 2072 τὸ
1596 2019 1693 2089 τὴν

133 2104 383 2156 ἀποικίαν
434 2104 762 2158 στείλασθαι.
820 2108 886 2158 Οί
928 2108 985 2159 δὲ
1031 2106 1141 2160 οὐδ’
1189 2107 1359 2170 οὕτως
1404 2107 1550 2174 εἶξαν
1600 2111 1691 2163 τοῦ

132 2196 257 2248 Θεοῦ
288 2196 366 2263 τῷ
416 2196 735 2269 βουλήματι,
765 2199 860 2269 τὴν
907 2200 1163 2270 εὐφορίαν
1206 2201 1304 2270 τῆς
1332 2202 1433 2271 γῆς
1472 2204 1534 2255 οὑ
1573 2204 1692 2256 κατ’

132 2287 409 2356 εὐμένειαν
440 2286 536 2339 τοῦ
568 2288 721 2354 Θεοὺ,
758 2289 891 2342 ἀλλά
930 2292 1048 2343 κατ’
1080 2290 1212 2342 ίδίαν
1252 2293 1403 2361 ίσχὺν
1429 2296 1693 2363 περιεῖναι

130 2375 303 2438 αὐτοῖς
348 2378 749 2447 ὑπελάμϐανον.
803 2379 1012 2450 Ταύτην
1062 2380 1117 2432 δὲ
1169 2381 1267 2451 τὴν
1323 2381 1497 2451 οἴησιν
1550 2383 1693 2453 ἔχειν

132 2464 319 2527 αὐτοὺς
366 2466 595 2538 Νεϐρὼο
640 2467 851 2521 ἔπειθεν
892 2471 919 2520 ὁ
958 2469 1137 2536 γίγας,
1177 2470 1443 2541 τολμηρός
1476 2489 1559 2536 τις
1594 2472 1689 2537 ὢν,

82 2630 87 2637 ο
134 2554 219 2607 καὶ
246 2555 386 2609 κατὰ
417 2560 577 2627 χεῖρα
604 2562 861 2626 γενναῖος,
878 2560 936 2623 ὃς
966 2562 1080 2626 καὶ,
1105 2562 1195 2614 τοῦ
1220 2562 1353 2615 Θεοῦ
1381 2564 1693 2633 ἀποστήσας

131 2646 336 2711 αὑτοὺς,
372 2649 525 2720 αὑτῷ
546 2651 623 2720 τῷ
659 2651 817 2715 σέϐας
868 2654 1261 2724 περιποιεῖσθαι
1294 2656 1489 2720 αὑτοὺς
1526 2658 1692 2727 ἠνάγ-

134 2750 277 2797 κασε,
310 2740 404 2791 καὶ
446 2739 512 2810 δὴ
552 2741 756 2812 πύργον
791 2744 985 2807 αὑτοὺς
1022 2745 1300 2816 ἐπιτρέπει
1330 2749 1690 2818 τεκτήνασθαι

133 2826 203 2895 τῷ
226 2826 345 2895 ὕψει
372 2830 468 2882 τοῦ
506 2832 732 2901 ούρανοῦ
777 2834 1126 2903 ἐπιψαύοντα,
1163 2837 1399 2889 ἀπειλῶν
1434 2839 1521 2892 τὸν
1560 2840 1690 2893 Θεὸν

133 2918 556 2990 ἁνταμύνασθαι,
601 2925 650 2975 εί
688 2924 847 2976 πάλιν
880 2923 957 2995 τῷ
991 2924 1180 2995 κόσμῳ
1225 2928 1493 2999 ἐπενέγκῃ
1528 2947 1691 2981 κατα-

134 3008 383 3080 κλυσμόν.

198 3101 299 3155 Τοῦ
326 3102 457 3172 γοῦν
484 3103 719 3174 πλήθους
755 3106 919 3176 πολλῇ
956 3108 1155 3178 σπουδῇ
1190 3112 1253 3178 τῇ
1302 3110 1467 3181 μανίᾳ
1508 3129 1692 3183 συνερ-

134 3192 343 3257 γοῦντος
382 3194 553 3264 αὑτῷ,
587 3197 679 3248 καὶ
719 3196 875 3263 λόγου
917 3197 1106 3250 θᾶττον
1150 3199 1240 3251 τὸν
1286 3201 1495 3271 πύργον
1527 3220 1691 3255 κατα-

1802 647 2001 702 montis
2033 646 2318 717 cujusdam
2362 644 2455 714 qui
2503 643 2559 696 in
2603 642 2861 697 Armenia
2887 650 2990 703 est,
3016 640 3166 695 stetit
3202 640 3265 702 “,
3300 650 3355 693 et

1801 754 1943 808 aqua
1977 755 2100 794 cum
2131 744 2423 799 cessasset,
2454 734 2545 805 qui
2572 736 2625 788 in
2653 749 2716 790 ea
2738 740 2912 797 erant,
2942 746 3133 787 omnes
3148 732 3352 800 egressi

1798 839 1925 883 sunt
1957 832 2021 898 ⁸⁷,
2068 838 2121 885 et
2156 831 2333 884 locum
2378 828 2528 881 illum
2574 826 2629 879 in
2671 824 2925 895 praesenti
2970 822 3355 892 Apobateriuin

1799 921 1989 976 incolat
2021 928 2359 993 nuncupant,
2384 934 2630 988 areasque
2659 918 2918 988 reliquias
2937 922 3265 977 monstrant,
3300 922 3357 972 et

1798 1012 1916 1081 ejus
1940 1013 2205 1067 bitumine
2230 1010 2296 1066 ad
2353 1008 2758 1066 averruncanda
2789 1009 2929 1062 mala
2954 1014 3200 1061 utuntur.

1867 1190 1979 1245 Noe
2009 1206 2135 1246 vero
2183 1206 2214 1246 e
2261 1190 2373 1243 vita
2404 1188 2660 1260 migravit
2688 1185 2984 1255 nongentis
3008 1192 3060 1239 et
3087 1185 3357 1253 quinqua~

1798 1285 1945 1356 ginta
1978 1283 2136 1338 annis
2166 1280 2376 1337 exactis
2405 1280 2471 1347 ⁸⁸,
2510 1288 2563 1334 et
2599 1277 2693 1332 lilii
2724 1276 2843 1345 ejus
2874 1276 3010 1329 alios
3055 1290 3243 1329 omnes
3288 1274 3355 1326 ti-

1797 1376 1972 1430 midos
2002 1383 2164 1445 atque
2213 1375 2460 1444 ignavos,
2513 1372 2672 1424 aliam
2715 1368 2861 1424 enim
2909 1366 3143 1421 futuram
3175 1374 3353 1419 terra-

1796 1483 1919 1520 rum
1950 1467 2361 1521 inundationem
2395 1463 2840 1533 suspicabantur,
2872 1469 2931 1513 ut
2967 1475 2996 1513 e
3028 1466 3209 1511 monte
3240 1457 3353 1510 dis-

1796 1559 2069 1620 cederent,
2108 1557 2532 1627 planissimaque
2562 1554 2803 1607 colerent
2828 1554 2968 1607 loca.
3001 1548 3350 1619 persuadent.

1798 1650 1938 1705 Deus
1984 1650 2051 1703 ad
2088 1648 2351 1704 sedandas
2394 1648 2709 1710 seditiones,
2754 1658 2876 1715 quae
2919 1650 3136 1713 propter
3163 1656 3353 1695 eorum

1796 1739 2201 1793 multitudinem
2246 1734 2469 1793 conﬂari
2528 1742 2772 1805 possent,
2822 1734 2875 1788 in
2924 1733 3059 1787 alias
3104 1730 3354 1799 regiones

1797 1833 2042 1886 colonias
2075 1830 2340 1886 deducere
2381 1828 2639 1897 jubebat;
2694 1834 2748 1881 at
2802 1826 2854 1879 hi
2904 1840 3010 1878 non
3066 1822 3355 1876 audierunt

1795 1932 2082 1993 praecepta,
2112 1938 2234 1977 cum
2267 1922 2525 1990 optimam
2552 1928 2752 1973 terram
2786 1917 3049 1980 colerent,
3074 1921 3126 1967 et
3154 1912 3352 1967 uberes

1794 2014 2168 2083 maximosque
2205 2012 2544 2082 perciperent
2586 2008 2830 2072 fructus;
2864 2007 3023 2061 novis
3048 2006 3231 2073 itaque
3257 2018 3352 2057 eos

1794 2104 2192 2159 calamitatibus
2216 2111 2393 2165 vexat,
2425 2109 2484 2155 ut
2509 2101 2776 2154 coloniam
2797 2099 3103 2162 mitterent;
3134 2095 3225 2166 qui
3250 2108 3351 2148 nec

1794 2198 1874 2252 sic
1901 2198 2097 2251 divinae
2132 2195 2398 2249 voluntati
2426 2192 2707 2256 obediunt,
2756 2198 2810 2243 et
2854 2205 2972 2243 eam
2999 2198 3160 2243 terra:
3188 2186 3351 2242 uber-

1794 2294 1956 2341 tatem
1995 2285 2433 2353 fertilitatemquc
2460 2296 2567 2336 non
2595 2280 2793 2335 divinis
2818 2279 3053 2349 placitis,
3078 2278 3172 2332 sed
3207 2278 3351 2332 suis-

1794 2388 1904 2435 met
1942 2378 2154 2433 viribus
2198 2374 2577 2443 industriaque
2620 2371 2799 2442 parari
2854 2370 3246 2439 opinabantur;
3294 2370 3348 2421 in

1792 2485 2021 2539 eamque
2060 2482 2155 2522 eos
2195 2464 2514 2521 sententiam
2547 2461 2874 2534 perducebat
2905 2460 3165 2522 Nebroth,
3197 2462 3349 2530 gigas

1793 2560 2114 2615 temerarius
2138 2565 2192 2612 et
2219 2556 2417 2619 audax,
2473 2554 2830 2623 maximisque
2885 2553 3095 2607 viribus
3138 2554 3346 2615 valens,

1792 2653 1883 2721 qui
1912 2666 2007 2705 eos
2034 2656 2092 2703 ut
2125 2648 2329 2702 cultum
2360 2634 2464 2701 sibi
2498 2644 2756 2699 oﬂ‘errent
2790 2658 2821 2696 a
2852 2643 2963 2698 Deo
2992 2656 3211 2697 aversos
3235 2659 3352 2697 coe-

1793 2740 1869 2811 git
1896 2738 1962 2791 ⁸⁹.
1997 2735 2138 2801 Quin
2166 2744 2218 2790 et
2250 2734 2445 2787 turrim
2492 2733 2600 2787 illis
2638 2731 3077 2786 exaediﬁcandam
3110 2733 3352 2785 commit-

1792 2828 1877 2889 tit,
1908 2839 2027 2894 quze
2043 2824 2352 2879 summitate
2373 2814 2569 2876 cmlum
2599 2820 2906 2888 attingeret,
2931 2820 3146 2888 jactans
3176 2818 3345 2874 Deum

1792 2917 2055 2979 ulturum,
2102 2915 2149 2967 si
2185 2914 2381 2967 iterum
2427 2910 2629 2965 mundo
2680 2910 3091 2964 inundationem
3141 2917 3348 2966 tentas-

1794 3014 1877 3061 set
1906 3009 1971 3059 ⁸ο.

1865 3094 2209 3149 Multitudine
2250 3093 2413 3164 igitur
2443 3108 2656 3149 summo
2690 3092 2869 3147 studio
2909 3107 2972 3146 ac
3005 3092 3350 3148 contentione

1795 3188 1941 3241 illius
1968 3186 2193 3240 insania:
2235 3200 2390 3254 opem
2430 3182 2656 3247 ferente,
2690 3192 2744 3237 et
2778 3184 2923 3237 dicto
2956 3183 3118 3238 citius
3149 3185 3345 3237 turrim

136 3250 548 3348 σκευάζοντοςίὸ
569 3283 697 3346 Θεὸς
724 3250 820 3355 τὴν
849 3284 1121 3343 διάλεκτον
1146 3287 1324 3341 αὑτῶν
1352 3250 1688 3363 πάραχρῆμα

1791 3285 2124 3341 exstruente,
2175 3274 2317 3330 Deus
2368 3275 2567 3344 linguae
2607 3291 2794 3329 eorum
2826 3276 3211 3345 proprietatem
3255 3292 3347 3333 rer

138 3374 362 3442 συνέχεε,
400 3377 497 3427 καὶ
538 3376 641 3427 ὑπὸ
670 3377 766 3446 τῆς
788 3377 1273 3447 ἀνομοιογλωσσίας
1313 3380 1688 3455 διεσκεδάσθη-

137 3476 245 3526 σαν,
275 3463 380 3515 κάκ
404 3464 596 3517 τούτου
620 3466 648 3517 ό
678 3466 839 3528 τόπος
871 3466 1159 3522 Βαϐυλῶνα
1192 3471 1288 3539 τὴν
1322 3472 1510 3543 κλῆσιν
1542 3474 1687 3547 εἴλης-

138 3571 252 3619 cev.
295 3553 404 3607 τῶν
446 3554 712 3625 Ἐϐραίων
754 3558 852 3627 τὴν
874 3560 1178 3628 σύγχυσιν
1200 3562 1454 3617 Βαϐυλὼν
1489 3565 1685 3636 ὀνομα-

138 3643 339 3707 ζόντων.

202 3732 457 3797 Ἕκαστος
503 3734 631 3801 γοῦν
683 3734 777 3805 τὴν
826 3739 1329 3809 προστυγχάνουσαν
1392 3744 1494 3813 γῆν
1528 3762 1685 3799 κατε-

137 3820 394 3890 λάμϐανε,
447 3826 543 3877 καὶ
594 3825 858 3896 ἐπλήρουν
916 3830 1093 3881 πᾶσαν
1149 3832 1411 3900 παράλιόν
1469 3851 1528 3885 τε
1592 3837 1685 3888 καὶ

171 3928 363 3985 πειρον,
404 3916 485 3969 ἑτι
537 3916 594 3968 δὲ
640 3918 734 3969 καὶ
782 3917 877 3982 τὰς
928 3920 1143 3989 νήσους·
1190 3921 1250 3973 τὸ
1295 3924 1401 3994 γὰρ
1451 3924 1685 3993 πέλαγος

137 4001 322 4066 πλοίοις
346 4005 831 4077 διαπορθμεύοντες
862 4010 1083 4073 ταύταις
1106 4012 1592 4085 ὲγκαθωρμίζοντο.

201 4093 346 4146 Ἔνια
407 4094 537 4163 γοῦν
586 4097 690 4149 τῶν
742 4098 908 4153 ἐθνῶν
963 4100 1121 4165 σώζει
1172 4102 1268 4167 τὰς
1317 4107 1685 4177 προσηγορίας

134 4180 230 4232 τῶν
250 4185 566 4248 κτισάντων,
604 4186 718 4239 ἔνια
748 4189 803 4241 δὲ
828 4192 920 4243 καὶ
942 4191 1238 4259 μετέϐαλε,
1277 4194 1382 4246 τῶν
1422 4195 1683 4266 Ἐλλήνων

137 4268 261 4334 μετά
289 4270 459 4325 ταῦτα
484 4276 897 4347 κρατησάντων,
928 4279 1019 4331 καὶ¹
1049 4280 1193 4343 ἰδίοις
1226 4282 1448 4351 ὀνόμασι
1480 4284 1683 4338 καλλω-

136 4360 388 4416 πισάντων
432 4365 503 4417 τὰ
552 4366 713 4437 ἔθνη,
760 4371 854 4422 καὶ
901 4372 1094 4442 νόμους
1137 4373 1193 4426 δὲ
1242 4376 1421 4438 αὑτοῖς
1452 4378 1682 4441 οἰκείους

132 4447 310 4504 ἔθεσαν
358 4456 495 4525 πρὸς
544 4457 639 4527 τὴν
688 4459 843 4523 δόξαν
874 4460 973 4531 τῆς
1010 4462 1235 4526 κτίσεως
1266 4467 1679 4537 σφετερίσασθαι

132 4540 331 4607 αὐτοὺς,
362 4546 436 4609 ὡς
472 4549 739 4619 μηδεμίαν
770 4552 1019 4607 ὑπόνοιαν
1052 4556 1488 4627 προγενεστέρων
1516 4577 1680 4612 κατα-

133 4628 291 4685 λιπεῖν
322 4640 432 4699 τοῖς
466 4640 777 4708 μετέπειτα.
834 4633 849 4646 ’

206 4723 472 4791 Ἐγένοντο
496 4727 589 4783 οὖν
616 4732 691 4803 τῷ
716 4734 838 4786 Νῶε
869 4737 1013 4807 τρεῖς
1040 4738 1162 4801 υἱοὶ,
1197 4738 1335 4809 Σήμ,
1370 4738 1516 4809 Χάμ,
1570 4742 1674 4794 Ἰάκ-

134 4812 238 4881 φεθ·
271 4818 375 4871 ἀπὸ
409 4822 621 4893 Ταύρου
650 4826 739 4877 καὶ
784 4827 1059 4896 Ἀμμανοῢ
1092 4829 1197 4882 τῶν
1220 4830 1358 4899 ὀρῶν
1384 4830 1677 4902 ἀρξάμενοι

128 4904 354 4978 ᾤκησαν,
385 4913 478 4963 καὶ
513 4915 774 4984 προῆλθον
805 4919 897 4969 ἐπὶ
943 4918 1039 4987 μὲν
1071 4919 1168 4987 τῆς
1210 4921 1388 4984 Ἀσίας
1424 4922 1549 4993 ἄχρι
1578 4941 1676 4979 που

130 5000 286 5067 ταμοῦ
314 5003 591 5069 Τανάϊδος,
627 5008 717 5059 ἐπὶ
743 5010 799 5061 δὲ
823 5009 917 5079 τῆς
947 5010 1211 5082 Εὐρώπης
1235 5013 1359 5083 ἄχρι
1390 5013 1674 5084 Γαδείρων.

194 5196 301 5249 Εἰσὶ
341 5200 395 5252 δὲ
438 5195 602 5254 οὗτοι·
642 5204 857 5275 Γαμὲρ,
904 5210 1051 5271 ὅστις
1092 5211 1380 5281 Γαμαρεῖς,
1416 5214 1537 5274 τοὺς
1576 5212 1670 5266 νῦν

132 5286 384 5355 Γαλάτας,
441 5296 784 5364 συνέστησεν·
846 5302 1013 5368 Ἀγὼδ
1062 5303 1370 5369 Μαγώδεις,
1413 5306 1535 5368 τοὺς
1576 5306 1671 5359 νῦν

133 5380 335 5447 Σκύθας·
379 5385 526 5440 Ἀδαῖ
571 5388 868 5455 Μαδαίους,
916 5396 1041 5456 τοὺς
1088 5394 1181 5448 νῦν
1232 5396 1476 5467 Μήδους·
1527 5399 1670 5451 Ούάν

143 5471 324 5526 Ἰωνίαν
356 5515 371 5539 ,
438 5491 535 5529 και
588 5481 711 5542 τοὺς
755 5482 1051 5553 Ἕλληνας·
1123 5487 1274 5539 Ὀϐὲλ
1337 5488 1623 5553 Θεοϐέλους
1652 5484 1677 5555 ,”

132 5566 242 5627 τοὺς
279 5565 368 5618 νῦν
404 5569 665 5642 Ἰϐηραςο
715 5574 867 5643 Ὀσὸχ
917 5578 1307 5649 Μεσχηναίους,
1369 5583 1493 5651 τους
1573 5582 1665 5634 νῦν

222 5744 260 5815 ξ⁶
289 5742 409 5802 Gen.
438 5766 561 5814 vm,
596 5750 647 5803 4.
729 5752 770 5782 ⁸⁷
814 5753 946 5811 Ibid.
990 5761 1072 5815 i7,

222 5761 260 5771 ἠ
289 5761 409 5802 ben.
438 5766 561 5814 vin,
596 5761 647 5803 4.
729 5761 768 5782 ³⁷
814 5761 946 5811 Ibid.
990 5761 1072 5815 l7.
1155 5762 1197 5804 ³⁸
1232 5761 1356 5817 Gen.
1388 5778 1439 5816 ix
1491 5763 1579 5817 29.

137 5809 171 5839 “
198 5810 311 5865 Cen.
346 5835 395 5865 τ.
436 5822 481 5865 l-
565 5820 607 5851 ιι
648 5820 775 5865 Ibid.
803 5825 851 5865 9,
1450 5805 1462 5829 ’

238 5831 311 5870 en.
346 5835 395 5883 τ,
436 5822 482 5876 l.
565 5820 607 5851 ν’
648 5820 775 5875 (bid.
803 5825 854 5877 2.

1663 5764 1704 5797 ⁸³
1740 5762 1865 5819 Cm.
1904 5782 1959 5830 Χ,
1994 5768 2045 5819 8.

1788 3378 1947 3439 pente
1991 3367 2270 3433 confudit;
2318 3381 2488 3435 quare
2532 3366 2601 3420 ob
2661 3366 2969 3436 linguarum
3026 3368 3344 3421 varietatem

1787 3459 2021 3527 dispersi
2056 3465 2183 3513 sunt
2218 3459 2285 3525 δ’,
2338 3457 2570 3526 indeque
2626 3458 2779 3511 locus
2814 3473 3012 3511 nomen
3056 3456 3345 3529 Babylonis

1787 3550 2014 3618 adeptus
2048 3555 2132 3603 est
2181 3548 2245 3599 θ’.
2299 3547 2628 3617 Babylonem
2678 3547 2821 3600 enim
2851 3545 3209 3615 confusionem
3239 3545 3345 3601 Ec-

1786 3642 1919 3695 braai
1946 3640 2249 3693 nominant.

1858 3732 2247 3801 Unusquisque
2282 3731 2464 3798 itaque
2494 3738 2695 3785 terram
2726 3729 2830 3783 sibi
2858 3729 3074 3784 obviam
3108 3744 3347 3800 occupa-

1786 3823 1899 3886 bat,
1933 3824 2123 3891 sicque
2153 3821 2488 3876 continentia
2536 3822 2677 3882 loca,
2720 3832 2881 3889 atque
2910 3821 3204 3886 maritima,
3241 3837 3345 3876 nec

1786 3931 1896 3970 non
1926 3923 1979 3969 et
2010 3916 2218 3969 insulas
2263 3914 2591 3984 implebant;
2632 3912 2863 3967 navibus
2895 3912 3039 3975 enim
3071 3928 3166 3982 per
3195 3928 3346 3968 mare

1786 4006 1998 4075 trajecti
2032 4006 2087 4059 in
2116 4021 2211 4059 eas
2243 4005 2667 4060 advehebantur.

1856 4097 2108 4152 Gentium
2132 4107 2308 4174 autem
2334 4097 2576 4167 quaedam
2599 4097 2942 4151 conditorum
2975 4097 3194 4151 nomina
3227 4114 3345 4153 ser-

1784 4198 1935 4253 vant,
1984 4189 2229 4259 quazdam
2264 4190 2355 4243 illa
2410 4196 2836 4251 commutarunt,
2886 4187 3196 4243 Graecorum
3249 4190 3346 4243 im-

1785 4283 1935 4351 perio
1968 4282 2281 4345 subsecuto,
2311 4280 2404 4350 qui
2451 4285 2565 4335 suis
2612 4279 2921 4336 nominibus
2968 4282 3218 4351 gentibus
3247 4296 3344 4335 or-

1786 4380 2100 4425 namentum
2122 4370 2468 4436 addiderunt,
2495 4372 2748 4441 legesque
2780 4371 2886 4425 illis
2916 4373 3164 4441 proprias
3195 4387 3345 4426 com-

1785 4465 2154 4527 municarunt,
2183 4470 2242 4517 ut
2287 4463 2513 4533 gloriam
2545 4465 2887 4519 conditorum
2919 4465 3020 4518 sibi
3054 4464 3344 4518 tribuendo

1785 4563 2085 4624 captarent,
2116 4570 2215 4609 nec
2245 4555 2409 4611 ullam
2444 4556 2680 4624 posteris
2707 4555 2774 4610 de
2817 4556 3115 4624 majoribus
3163 4556 3344 4626 suspi-

1787 4646 1962 4700 cionis
1992 4661 2182 4699 ansam
2212 4646 2602 4714 relinquerent.

1856 4734 1967 4789 Noe
1996 4735 2198 4789 liberos
2240 4736 2549 4807 procreavit
2600 4742 2735 4800 tres,
2796 4735 2943 4799 Sem,
2999 4735 3189 4798 Cham.
3247 4735 3342 4790 Ja-

1782 4826 1942 4895 phetb
1974 4826 2040 4888 ⁴³,
2071 4826 2161 4895 qui
2197 4841 2226 4878 a
2275 4823 2455 4880 Tauro
2497 4835 2550 4879 et
2578 4827 2843 4881 Ammano
2874 4828 3151 4881 montibus
3184 4828 3343 4881 initio

1781 4917 1945 4973 ducto
1977 4916 2313 4980 habitarunt,
2352 4926 2405 4972 et
2439 4919 2491 4971 in
2523 4918 2705 4973 Asiam
2740 4919 3011 4989 progressi
3063 4927 3190 4973 sunt
3240 4935 3339 4974 us-

1779 5023 1884 5077 que
1925 5007 1992 5061 ad
2019 5006 2227 5062 Tanain
2253 5007 2472 5073 ﬂumen,
2499 5017 2552 5063 et
2583 5010 2637 5064 in
2666 5008 2879 5081 Europa
2903 5026 3075 5079 usque
3117 5010 3183 5065 ad
3234 5008 3343 5065 Ga-

1779 5104 1916 5158 dira.

1849 5216 2091 5269 Fuerunt
2121 5223 2301 5269 autem
2334 5216 2387 5267 lii
2423 5214 2467 5247 “
2501 5235 2512 5267 :
2548 5216 2764 5281 Camer,
2818 5220 2912 5287 qui
2958 5219 3338 5280 Gamerenses,

1777 5324 1913 5379 quos
1943 5323 2087 5362 nunc
2112 5308 2330 5362 Galatas
2359 5324 2641 5373 vocamus,
2672 5311 2957 5365 constituit
2995 5330 3007 5377 ;
3037 5310 3187 5382 Agod
3224 5312 3339 5365 Ma»

1776 5401 2065 5470 godenses,
2098 5415 2235 5469 quos
2280 5414 2425 5453 nunc
2454 5399 2716 5471 Scythas;
2748 5401 2881 5454 Adai
2911 5401 3164 5464 Iliada-os,
3198 5418 3337 5469 quos

1774 5508 1920 5547 nunc
1944 5492 2163 5558 Medos;
2190 5491 2361 5545 Javan
2392 5494 2615 5556 ioniam,
2647 5501 2701 5547 et
2732 5491 2980 5557 Grzecos;
3011 5491 3336 5547 ObelTheo—

1774 5585 1946 5652 belos,
1981 5596 2117 5657 quas
2149 5566 2290 5639 nunc
2319 5584 2523 5651 Iberos;
2558 5585 2739 5639 Osoch
2778 5571 3163 5648 Meschenzeos,
3194 5600 3337 5654 quos

2619 5764 2662 5795 “
2692 5760 2830 5815 Ibid.
2868 5762 2916 5818 7.
3029 5762 3069 5793 ⁵³
3102 5759 3237 5815 Ibid.
3277 5760 3313 5817 9

2125 5765 2169 5797 ”
2201 5761 2327 5821 Gen.
2364 5780 2436 5829 vi,
2462 5764 2513 5818 3.
