4044 6324
661 395 767 453 759

1545 395 1605 450 S.
1649 395 2087 454 EUSTATHIUS
2123 401 2607 458 ANTIOCHENUS
2641 398 3033 456 EPISCOPUS.

3809 397 3912 451 τω

661 515 762 568 lini
814 527 1171 571 numerantur
1227 512 1354 565 anni
1403 526 1594 567 cculx
1664 524 1718 570 et
1767 517 2205 585 quemadmodun

2326 520 2416 589 ἐτη
2453 519 2568 572 ἐστὶ
2616 517 2744 581 σξθθ.
2779 519 2985 589 Ὠσπερ
3011 517 3066 570 δὲ
3096 519 3124 570 ὁ
3165 516 3348 577 Ἰωνᾶς
3376 515 3522 585 τρεῖς
3547 512 3782 584 ἡμέρας
3813 515 3911 564 καὶ

655 603 824 660 Jonas
864 605 1037 657 tribus
1071 601 1262 656 diebus
1318 608 1373 656 et
1413 602 1591 658 tribus
1635 608 1885 661 noctibus
1929 606 1985 660 in
2030 619 2218 662 ventre

657 696 764 748 ceti
797 702 1187 756 commoratus,
1224 693 1410 749 salvus
1449 697 1734 751 restitutus
1773 706 1877 759 est,
1915 696 1995 751 sic.
2031 706 2084 752 et
2118 715 2218 755 nos

654 802 847 841 omnes
873 785 1049 839 tribus
1080 785 1339 856 temporis
1385 787 1683 842 intervallis
1710 788 1763 840 in
1790 795 1934 842 terra
1964 804 2220 844 consum-

655 876 783 944 ptis.
819 888 1188 942 resurgemus,
1219 889 1448 942 quorum
1483 877 1721 945 symbola
1749 875 1998 931 Salvator
2033 887 2222 932 noster

655 963 922 1031 expressit
955 962 1132 1016 tribus
1158 961 1368 1025 diebus,
1402 971 1456 1017 et
1494 958 1669 1026 tribus
1706 966 1958 1020 noctibus
1987 969 2219 1036 peractis

654 1053 758 1106 sub
792 1062 956 1117 terra,
993 1053 1127 1106 satis
1159 1051 1397 1108 dilucide
1443 1054 1698 1111 erudiens
1731 1055 2004 1124 prmdietis
2049 1057 2218 1111 inter-

653 1143 811 1197 vallis
837 1144 1096 1212 temporis
1133 1145 1439 1213 completis,
1484 1147 1940 1202 resurrectionem
1969 1157 2216 1203 nostram

655 1233 983 1299 adfuturam,
1015 1235 1199 1289 saeculi
1224 1238 1608 1308 consequentis
1633 1238 1979 1308 principium.

720 1493 972 1549 Jectan“
995 1496 1193 1552 liberos
1225 1497 1415 1554 habuit
1447 1497 1759 1560 Salmodad,
1796 1512 1862 1551 ex
1909 1513 2018 1567 quo
2058 1495 2171 1552 Indi
2199 1517 2213 1564 ;

654 1587 871 1655 Saleph,
905 1604 971 1641 ex
1000 1604 1108 1658 quo
1136 1588 1316 1644 Bactri
1343 1608 1357 1656 ;
1393 1589 1699 1652 Asarmoth,
1728 1604 1794 1642 ex
1837 1604 1945 1658 quo
1977 1589 2214 1655 Arabes;

653 1676 859 1739 lat-ach,
896 1696 963 1733 ex
1001 1695 1108 1748 quo
1154 1681 1443 1745 Garmani;
1485 1680 1716 1743 Odorra,
1751 1696 1816 1733 ex
1861 1695 1970 1748 quo
2013 1679 2214 1744 Mardi;

653 1769 796 1836 lezjl,
821 1785 885 1823 ex
918 1787 1026 1838 quo
1054 1771 1304 1835 Arriani;
1343 1771 1524 1835 Decla,
1555 1787 1620 1825 ex
1663 1786 1771 1838 quo
1800 1769 2078 1835 Cedrusii;
2111 1769 2214 1823 Ge-

2318 614 2464 682 τρεῖς
2483 609 2681 670 νύκτας
2707 609 2764 659 ὲν
2790 610 2853 677 τῇ
2879 607 3052 677 κοιλίᾳ
3081 606 3174 659 τοῦ
3198 607 3393 676 κήτους
3419 603 3716 673 διατρίψας
3744 602 3907 671 ὑγιὴς

2321 699 2576 770 ἀπεδόθη,
2635 698 2776 751 οὕτω
2823 698 2917 748 καὶ
2976 699 3136 767 ἡμεῖς
3182 697 3398 758 πάντες,
3445 694 3543 756 τὰς
3590 695 3759 762 τρεῖς
3813 691 3903 744 τοι]

2321 792 2512 852 αἰῶνος
2552 788 2857 848 διαστάσεις
2897 788 3217 856 ποιήσαντες
3253 787 3312 838 ὲν
3345 787 3410 855 τῇ
3445 787 3533 854 γῇ,
3581 782 3902 850 ἀναστησᾶ-

2325 879 2480 948 μεθα.
2530 878 2668 948 Τρία
2709 876 2818 947 γὰρ
2843 875 2933 928 τοῦ
2983 876 3175 946 χρόνου
3214 877 3330 930 ἐστὶ
3366 875 3626 930 καθολικα
3661 873 3901 942 eum-

2323 987 2487 1040 ματα,
2518 967 2764 1031 ἐνεστὼς,
2796 965 3154 1037 παρῳχηκὼς,
3193 966 3420 1036 μέλλων,
3446 959 3519 1042 ὧν
3546 966 3616 1017 τὰ
3643 963 3900 1034 σύμϐολα

2320 1061 2348 1114 ὁ
2389 1059 2574 1129 Σωτὴρ
2609 1059 2762 1129 ἡμῶν
2795 1059 3140 1127 ᾠκονόμησε,
3174 1059 3322 1129 τρεῖς
3365 1045 3576 1128 ἡμέρας
3612 1057 3714 1108 καὶ
3753 1057 3901 1121 τρεῖς

2319 1149 2516 1212 νύκτας
2550 1151 2778 1218 ποιήσας
2812 1150 2960 1218 ὲνὴῇ
2993 1150 3084 1216 γῇ,
3117 1146 3377 1200 διδάσκων
3408 1147 3615 1216 σαφῶς,
3645 1149 3760 1208 ὅτι,
3789 1146 3900 1196 τῶν

2319 1237 2730 1308 προειρημένων
2774 1233 3181 1305 περαιωθέντων
3212 1233 3590 1302 διαστημάτων
3624 1232 3722 1285 τοῦ
3765 1231 3898 1300 χρὸ-

2321 1346 2431 1392 νον,
2474 1329 2622 1380 ἔσται
2652 1325 2804 1398 ἡμῶν
2836 1328 2868 1396 ἡ
2901 1325 3213 1388 ἀνάστασις,
3245 1323 3338 1377 τοῦ
3373 1323 3658 1393 μέλλοντος
3695 1322 3898 1382 αἰῶνος

2319 1417 2458 1492 ἀρχὴ
2494 1419 2829 1490 ὑπάρχουσα.

2391 1512 2507 1562 Υἱοὶ
2539 1510 2596 1562 δὲ
2646 1509 2888 1576 ἐγένοντο
2927 1505 3006 1576 τῷ
3066 1503 3286 1566 ’1εκτάν,
3335 1503 3651 1574 Σαλμωδὰδ,
3698 1505 3804 1571 ἀφ’
3837 1498 3898 1555 οὗ

2331 1601 2510 1652 Ἰνδοί⁶
2544 1600 2740 1668 Σάλεφ,
2782 1601 2874 1666 ἀφ’
2905 1591 2966 1650 οὗ
3010 1596 3272 1669 Βάκτροι·
3337 1595 3640 1673 Ἀσαρμὼθ,
3700 1595 3804 1662 ἀφ’
3836 1587 3896 1646 οὗ

2322 1690 2583 1760 Ἄραϐες·
2639 1689 2841 1760 ἰαρὰχ,
2892 1690 2982 1756 ἀφ’
3033 1681 3092 1740 οὗ
3133 1685 3435 1755 Καρμανοί⁸
3498 1685 3752 1755 Ὀδορρα,
3801 1685 3896 1752 ἀφ’

2318 1774 2379 1834 οὗ
2423 1781 2666 1852 Μάρδοιο
2727 1781 2930 1845 Ἰεζεὶλ,
2981 1781 3073 1848 ἀφ’
3119 1772 3180 1832 οὗ
3235 1775 3520 1850 Ἀρριανοι·
3549 1776 3750 1838 Δεκλὰ,
3800 1776 3894 1844 ἀφ’

651 1862 757 1922 bal,
783 1878 846 1914 ex
876 1877 983 1930 quo
1004 1862 1248 1930 Scythae;
1276 1862 1540 1920 Ahimeel.
1575 1877 1640 1914 ex
1667 1878 1774 1930 quo
1814 1861 2082 1929 Hyrcani;
2110 1861 2205 1914 Sa-

2310 1864 2372 1923 οὗ
2430 1871 2774 1940 Κέδρούσιοι·
2830 1871 3022 1934 Γεϐὰλ,
3072 1873 3166 1940 ἀφ’
3200 1864 3262 1923 οὗ
3307 1869 3538 1922 Σκύθαιο
3597 1867 3894 1938 Ἀὁιμεὴλ,

651 1952 750 2004 ben
793 1967 857 2005 ex
887 1967 995 2018 quo
1017 1951 1220 2004 Arabes
1253 1950 1478 2014 Felices;
1507 1950 1694 2020 Uphir,
1716 1968 1780 2007 ex
1813 1968 1921 2021 quo
1947 1952 2210 2016 Armenii;

648 2040 840 2104 Evilat,
876 2056 940 2094 ex
971 2057 1078 2111 quo
1103 2041 1602 2112 Gymnosopbistaa;
1627 2043 1681 2096 hi
1711 2058 1900 2097 omnes
1934 2041 2028 2096 filii
2063 2040 2210 2099 Sent.

715 2215 840 2268 Sala
885 2217 1070 2285 genuit
1110 2215 1318 2286 Ragau,
1355 2218 1541 2289 Ragau
1582 2219 1815 2283 Seruch,
1861 2218 2209 2274 Seruch-Na-

644 2308 862 2372 ebur",
893 2308 979 2362 cui
1005 2307 1380 2396 Chaldteorun}
1418 2311 1747 2366 vaticinandi
1779 2319 1949 2366 artem
1973 2320 2026 2364 et
2068 2313 2211 2367 side-

645 2411 765 2448 rum
805 2397 921 2450 vias
958 2397 1200 2450 tradidit.
1237 2397 1410 2466 llujus
1455 2399 1791 2467 temporibus
1835 2399 1926 2453 lilii
1957 2398 2067 2454 Noe
2094 2399 2210 2453 ido-

644 2486 818 2538 lorum
846 2487 1080 2552 cultibus
1103 2503 1161 2541 se
1190 2488 1405 2551 dedere,
1434 2489 1670 2558 vitiaque
1703 2491 1885 2543 omnia
1930 2505 2204 2553 exercere,

641 2576 807 2627 urbes
852 2582 1152 2636 exstruere,
1192 2591 1345 2644 reges
1390 2591 1599 2642 creare,
1650 2576 1936 2630 obsidione
1968 2578 2204 2647 cingere,

641 2664 892 2733 praedari,
931 2665 1228 2733 captivare.

712 2831 927 2885 Nacbor
955 2834 1138 2904 genuit
1173 2833 1458 2898 Tharra",
1492 2834 1698 2890 Tharra
1718 2837 2007 2901 Abraham,
2033 2849 2084 2893 et
2102 2839 2207 2892 Na-

640 2923 794 2986 clior,
817 2932 869 2977 et
898 2925 1081 2978 Aram.
1104 2932 1286 2990 Aram,
1306 2925 1427 2988 Lot,
1453 2933 1505 2980 et
1529 2926 1770 2986 Sarram.
1792 2937 1845 2981 et
1876 2929 2118 2983 Melchan
2136 2931 2200 2984 ⁵⁷.

638 3014 800 3064 Aram
846 3015 899 3066 in
941 3016 1076 3068 urbe
1119 3017 1530 3084 Chaldaeorum,
1572 3034 1691 3086 qua:
1732 3018 1857 3073 Urel
1901 3019 2202 3084 dicebatur,

637 3105 746 3155 vita
781 3104 1024 3167 privatus
1049 3107 1212 3170 est”,
1246 3106 1404 3173 cujus
1441 3115 1494 3160 et
1523 3107 1577 3160 in
1612 3109 1726 3162 haec
1761 3119 2002 3178 tempora
2033 3113 2205 3179 sepul-

2317 1962 2410 2029 ἀφ’
2434 1956 2494 2015 οὗ
2536 1963 2785 2034 Ὑρκανοί
2801 1980 2812 1992 ·
2829 1962 3038 2027 m5,
3063 1964 3155 2030 ἀφ’
3184 1956 3244 2015 οὗ
3274 1960 3506 2031 ’Δραδες
3522 1959 3890 2028 Εὐδαίμονες⁹

2315 2054 2509 2124 Οὑφὶρ,
2559 2053 2649 2121 ἀφ’
2677 2047 2738 2105 οὗ
2791 2053 3060 2123 Ἀρμένιοι
3084 2069 3097 2082 ⁸
3139 2052 3356 2116 Εὖῖλάτ,
3391 2054 3482 2120 ἀφ’
3511 2044 3572 2103 οὗ
3611 2067 3893 2120 γυμνοσο-

2315 2147 2521 2215 φισταί.
2563 2138 2720 2198 Οὗτοι
2751 2146 2948 2208 πάντες
2974 2145 3078 2196 υἱοὶ
3111 2146 3248 2216 Σήμ.

2384 2237 2528 2290 Ζαλα
2553 2237 2608 2289 δὲ
2651 2237 2902 2305 ἐγέννησε
2940 2237 3028 2288 τὸν
3071 2235 3293 2304 Ῥαγαῦ·
3339 2235 3538 2304 Ῥαγαῦ
3569 2237 3622 2288 δὲ
3651 2235 3743 2287 τὸν
3791 2236 3892 2297 Σε-

2319 2327 2446 2396 ρούχ
2466 2344 2478 2356 ο
2516 2327 2715 2396 Σεροὺχ
2741 2327 2796 2378 δὲ
2827 2327 2915 2379 τὸν
2949 2326 3169 2397 Ναχὼρ,
3204 2328 3294 2379 καὶ
3327 2326 3557 2390 ἐδίδαξεν
3586 2325 3749 2377 αὑτὸν
3788 2328 3895 2396 τὴν

2311 2418 2415 2471 τῶν
2462 2417 2740 2470 Χαλδαίων
2791 2418 3046 2484 μαντείαν
3119 2419 3213 2469 καὶ
3259 2416 3635 2487 ἀστρονομίαν.
3686 2415 3785 2468 Ἑν
3831 2417 3892 2470 δὲ

2309 2512 2416 2572 τοῖς
2461 2508 2670 2577 χρόνοις
2720 2508 2922 2577 Σεροὺχ
2954 2509 3002 2559 οί
3037 2509 3140 2559 υἱοὶ
3175 2507 3295 2558 Νῶε
3331 2506 3728 2577 εἰδωλολατρεῖν
3780 2510 3890 2578 ἡρ-

2309 2595 2465 2662 ξαντο
2497 2598 2590 2648 καὶ
2619 2595 2814 2648 κακίαν
2845 2599 3021 2648 πᾶσαν
3051 2595 3428 2666 μετέρχεσθαι,
3462 2598 3553 2648 καὶ
3575 2597 3895 2667 οἰκοδομεῖν

2308 2685 2509 2748 πόλεις,
2544 2685 2637 2738 καὶ
2681 2685 2918 2755 βασιλεῖς
2951 2685 3232 2754 καθιστᾷν,
3278 2685 3370 2737 καὶ
3417 2685 3752 2755 πολιορκεῖν,
3789 2687 3894 2738 καὶ

2309 2777 2591 2854 ἁρπάζειν,
2624 2778 2716 2830 καὶ
2749 2775 3186 2847 αίχμαλωτίζειν.

2377 2855 2577 2938 Naxi-ip
2620 2868 2675 2919 δὲ
2732 2867 2988 2936 ἐγέννησε
3055 2868 3145 2919 τὸν
3183 2867 3391 2938 eamea,
3455 2868 3643 2938 Θάρῤα
3687 2868 3744 2920 δὲ
3788 2867 3893 2922 τδν

2321 2957 2584 3028 Ἀϐραὰμ,
2609 2959 2700 3010 καὶ
2721 2959 2809 3010 τὸν
2832 2957 3050 3028 Ναχὼρ,
3073 2958 3165 3010 καὶ
3187 2959 3275 3009 τὸν
3309 2954 3487 3029 Ἀράν.
3519 2961 3572 3010 Ἀ
3584 2960 3679 3029 ραν
3705 2959 3767 3011 δὲ
3788 2958 3890 3011 τέν

2306 3045 2449 3108 Λὼτ,
2510 3048 2602 3098 καὶ
2640 3048 2739 3116 τὴν
2785 3049 3020 3118 Σάρραν.
3055 3049 3148 3100 καὶ
3197 3049 3434 3119 Μελχὰν.
3496 3050 3552 3102 Ὀ
3593 3050 3647 3101 δὲ
3707 3050 3887 3118 Ἀρὰν

2309 3136 2575 3194 ἀπέθανεν
2609 3138 2665 3188 ἐν
2711 3136 2858 3188 πόλει
2905 3136 3086 3207 Οὑρὴλ
3132 3135 3394 3208 λεγομένῃ
3425 3137 3531 3190 at»;
3569 3138 3886 3202 Χαλδαίων,

637 3209 791 3245 crum
824 3193 894 3245 ab
924 3195 1176 3248 omnibus
1214 3196 1427 3261 visitur,
1462 3196 1806 3266 decessitque
1835 3199 1889 3251 in
1933 3200 2204 3264 incendio,

2310 3229 2366 3278 ὲν
2474 3227 2552 3279 ἔτι
2591 3229 2684 3280 καὶ
2717 3229 2810 3279 νῦν
2841 3229 3008 3294 τάφος
3053 3226 3216 3280 αὑτοῦ
3259 3228 3551 3282 δείκνυται.
3609 3230 3887 3282 Ἀπέθανε

637 3301 748 3353 quo
803 3285 1003 3338 Abram
1034 3286 1175 3339 idola
1213 3288 1381 3354 patris
1415 3287 1498 3342 sui
1524 3289 1898 3358 conflagravit,
1933 3290 2060 3342 dum
2098 3291 2205 3345 illis

638 3384 696 3429 ut
729 3377 1040 3430 subveniret
1069 3378 1287 3432 domum
1328 3388 1474 3433 esset
1524 3380 1842 3450 ingressus;
1892 3397 2204 3453 uxoresque

635 3469 842 3519 ducunt
859 3482 1095 3530 sorores,
1113 3467 1356 3522 Melchan
1376 3468 1624 3535 Naehor;
1649 3470 1869 3524 Sarram
1917 3472 2190 3526 Abraham

636 3555 702 3604 δ’.
746 3553 930 3623 Neque
968 3554 1020 3607 id
1047 3568 1238 3623 pragter
1265 3557 1356 3626 jus
1379 3569 1562 3629 agunt,
1596 3575 1720 3613 cum
1751 3561 1898 3614 nulla
1916 3570 2072 3616 antea
2097 3564 2205 3617 lata

635 3652 780 3697 esset
816 3643 899 3697 lex
946 3660 1064 3714 qua:
1094 3659 1196 3699 nec
1244 3657 1472 3701 vetaret.
1522 3647 1734 3703 Etenim
1767 3650 1813 3704 si
1841 3651 1910 3705 ab
1961 3652 2203 3706 omnium

636 3735 908 3786 communi
953 3745 1174 3803 parente
1202 3737 1374 3790 Adam
1423 3739 1651 3807 ejusque
1674 3755 1846 3795 uxore
1884 3741 2060 3796 editos
2088 3749 2202 3795 tum

636 3838 837 3885 mares,
868 3833 984 3876 tum
1035 3825 1286 3887 feminas,
1322 3829 1572 3894 quamvis
1617 3837 1802 3882 essent
1839 3836 1893 3883 et
1927 3829 2124 3884 fratres
2151 3844 2205 3885 et

635 3929 854 3968 sorores
885 3916 952 3968 ad
988 3917 1355 3986 procreandos
1400 3919 1602 3974 liberos
1634 3928 1829 3974 natura
1861 3922 1976 3988 ipsa
2007 3921 2203 3976 fratres

635 4005 938 4069 sororibus,
997 4014 1054 4060 ut
1111 4009 1608 4077 conjungerentur,
1666 4011 2104 4081 collocarentque
2149 4013 2203 4066 in

635 4097 1002 4162 matrimonio,
1046 4101 1373 4153 necessitate
1423 4100 1654 4169 quadam
1712 4104 1994 4172 compulit,
2044 4103 2123 4157 sic
2152 4111 2202 4158 et

633 4189 723 4260 qui
757 4203 853 4245 eos
883 4191 1056 4245 secuti
1086 4201 1235 4255 sunt,
1266 4193 1394 4246 dum
1432 4195 1611 4249 adhuc
1642 4196 1696 4248 in
1733 4197 1905 4264 prima
1949 4197 2040 4251 illa
2075 4211 2203 4252 suc-

631 4280 879 4334 cessione
926 4281 1060 4351 legis
1097 4284 1342 4337 viverent
1383 4286 1654 4353 majorum
1693 4301 1873 4341 mores
1901 4296 2024 4357 apte
2071 4303 2206 4342 con-

629 4380 991 4441 gruenterque
1022 4373 1506 4442 amplectebantur.

697 4458 868 4514 Porro
925 4459 1132 4516 Tharra
1173 4463 1481 4518 Chaldaeam
1543 4466 1670 4520 odio
1719 4467 1924 4522 habens
1979 4475 2199 4538 propter

628 4553 886 4607 acerbum
907 4553 998 4606 filii
1034 4556 1262 4619 luctum,
1287 4557 1343 4609 in
1377 4555 1827 4628 MeSOpotamiam
1861 4574 1920 4613 se
1941 4562 2226 4625 contulit,_

629 4641 810 4709 ibique
837 4659 960 4696 cum
990 4647 1148 4702 annis
1177 4646 1428 4704 ducentis
1448 4657 1502 4703 et
1524 4651 1764 4720 quinque
1788 4651 2036 4715 vixisset,
2055 4651 2197 4706 diem

627 4750 786 4792 suum
820 4735 953 4790 obiit
968 4737 1032 4791 ⁸⁸.

696 4824 776 4878 Ex
829 4842 895 4881 eo
939 4829 1083 4882 enim
1117 4837 1359 4900 tempore
1408 4832 1519 4886 vita
1570 4833 1848 4888 hominum
1901 4835 2193 4890 contrahe-

622 4917 805 4980 batur,
835 4921 1352 4991 angustioribusque
1387 4924 1811 4978 concludebatur
1845 4925 2040 4980 ﬁnibus
2060 4967 2073 4989 ,
2101 4942 2193 4980 us-

622 5021 728 5073 que
775 5005 844 5059 ad
896 5007 1096 5079 Moysis
1139 5019 1340 5064 ortum.
1379 5010 1593 5066 Etenim
1628 5022 1751 5082 post
1789 5013 2026 5085 Moysem
2065 5016 2190 5070 vita:

623 5097 878 5152 humana:
907 5103 1176 5155 terminus
1199 5104 1536 5159 constitutus
1563 5114 1646 5159 est
1668 5121 1934 5159 annorum
1970 5119 2190 5165 centum

619 5197 675 5242 et
706 5189 917 5259 viginti,
957 5207 1094 5260 quos
1119 5209 1243 5247 cum
1273 5205 1325 5250 et
1361 5195 1478 5264 ipse
1518 5195 1729 5267 Moyses
1763 5201 2082 5269 peregisset,
2113 5203 2192 5254 vi-

619 5288 729 5332 tam
766 5298 890 5335 eum
923 5292 1094 5339 morte
1116 5289 1491 5341 commutavit.

693 5370 890 5427 Verum
958 5373 1229 5430 Abraham
1293 5388 1481 5448 terque
1529 5388 1828 5450 quaterque
1876 5381 2087 5444 beatus,
2133 5382 2187 5436 in

619 5475 896 5518 aurorum
930 5468 1156 5521 scientia
1186 5479 1304 5523 erat
1333 5472 1605 5525 excellens
1626 5483 1679 5526 et
1717 5474 2033 5542 singularis,
2072 5489 2186 5528 ma-

615 5557 938 5627 ,uu-ibusque
977 5576 1139 5630 quam
1173 5563 1263 5616 alii
1295 5564 1716 5633 cogitationibus
1743 5567 1931 5620 virtuti
1961 5583 2179 5637 Operam

688 5739 730 5768 ⁸⁵
765 5740 888 5793 Gen.
937 5760 988 5808 ι,
1013 5744 1102 5796 26.

1183 5747 1225 5777 ⁵⁵
1259 5745 1383 5800 Gen.
1425 5763 1497 5812 xu,
1536 5746 1624 5800 τε.
1705 5749 1751 5780 ll“
1782 5747 1917 5800 Ibid.
1952 5747 2039 5802 24.
2117 5751 2158 5781 ³⁷
2194 5748 2318 5805 Gen.
2370 5766 2446 5815 ιι,
2499 5747 2587 5803 ‘22.

2305 3319 2360 3372 δὲ
2410 3323 2466 3371 ἐν
2530 3318 2605 3388 τῷ
2670 3319 3033 3389 έμπυρισμῴ,
3081 3314 3126 3387 ᾧ
3176 3319 3490 3392 ἐνεπύρισεν
3557 3321 3770 3391 Ἀϐραμ
3812 3323 3887 3376 τὰ

2305 3410 2496 3461 εἴδωλα
2523 3409 2615 3461 τοῦ
2665 3411 2866 3480 πατρὸς
2907 3411 3068 3464 αὑτοῦ
3103 3413 3161 3464 ἐν
3187 3412 3262 3480 τῷ
3290 3411 3545 3463 εἰσελθεῖν
3590 3412 3889 3476 ἐξελέσθαι

2305 3503 2463 3554 αὐτὰ.
2511 3501 2751 3571 Γαμοῦσι
2790 3502 2846 3554 δὲ
2891 3502 2989 3564 τὰς
3037 3501 3269 3571 ἀδελφὰς
3315 3501 3534 3572 Μελχὰν
3595 3503 3690 3571 μὲν
3755 3503 3886 3555 Να-

2305 3595 2438 3665 χὼρ,
2499 3594 2712 3665 Σάρραν
2764 3593 2819 3646 δὲ
2868 3596 2895 3646 ὁ
2951 3595 3218 3665 Ἀϐραάμ.
3273 3593 3384 3647 Καὶ
3430 3595 3488 3646 οὐ
3538 3594 3887 3664 παρανόμως

2305 3684 2460 3736 τοῦτο
2518 3683 2790 3746 ποιοῦσιν,
2847 3683 3032 3754 ἐπειδὴ
3087 3684 3218 3753 μηδὲ
3265 3685 3429 3754 νόμος
3471 3679 3537 3753 ἦν
3579 3683 3805 3735 πώποτε
3854 3687 3887 3737 ὁ

2305 3775 2544 3827 κωλύων.
2595 3778 2654 3828 Εἰ
2687 3775 2793 3845 γὰρ
2829 3775 2951 3837 τοὺς
2992 3775 3098 3827 άπὸ
3142 3774 3233 3826 τοῦ
3278 3774 3456 3834 κοινοῦ
3505 3775 3718 3827 πάντων
3761 3792 3885 3826 πα·-

2305 3867 2429 3938 τρὸς
2481 3867 2650 3936 ’Λδάμ
2706 3867 2933 3936 καὶτῆς
2974 3867 3163 3918 τούτου
3202 3866 3459 3933 γυναικὸς
3517 3865 3886 3934 γεννηθέντας

2304 3953 2537 4022 ἄρρενας
2581 3953 2674 4006 καὶ
2720 3953 2957 4022 θηλείας,
3001 3953 3259 4022 ἀδελφοὺς
3299 3955 3457 4016 ὄντας
3487 3955 3580 4006 καὶ
3612 3954 3882 4021 ἀδελφὰς,

2305 4045 2337 4113 ἡ
2400 4044 2558 4112 φύσις
2604 4045 2696 4097 ἐπὶ
2751 4045 3090 4098 παιδοποιίαν
3125 4045 3556 4118 προκαλουμένη,
3609 4047 3883 4112 ἀδελφοὺς

2304 4137 2557 4203 ἀδελφαῖς
2597 4137 2806 4207 ἀνάγκῃ
2840 4138 2930 4190 ἐπὶ
2959 4139 3137 4208 γάμου
3188 4139 3468 4191 κοινωνίαν
3517 4141 3730 4221 ἐξῆγεν·
3764 4141 3879 4193 οὐκ

2303 4229 2526 4291 ἀπεικὸς
2587 4226 2678 4284 οὖν
2736 4231 2830 4282 καὶ
2874 4231 2999 4293 τοὺς
3063 4230 3200 4300 μετὰ
3269 4230 3442 4282 ταῦτα
3496 4231 3595 4300 τῆς
3647 4229 3880 4302 πρώτης

2303 4320 2661 4388 τυγχάνοντας
2699 4319 2950 4390 διαδοχῆς
2978 4320 3070 4373 τοῦ
3098 4321 3264 4392 νόμου
3299 4320 3405 4374 τῶν
3443 4323 3720 4393 προγόνων
3771 4340 3879 4375 κα-

2301 4410 2661 4464 τακολουθεῖν.

2385 4499 2441 4550 Ὀ
2479 4499 2535 4551 δὲ
2575 4499 2782 4570 Θάρρα,
2819 4501 3055 4571 μισήσας
3085 4502 3182 4572 τὴν
3214 4501 3485 4555 Χαλδαίαν
3527 4503 3615 4556 διὰ
3655 4504 3714 4555 τὺ
3744 4505 3874 4557 πέν-

2301 4586 2390 4650 θος
2422 4586 2514 4639 τοῦ
2547 4589 2684 4651 υἱοῦ,
2716 4591 2796 4652 εἰς
2824 4591 2922 4660 τὴν
2957 4592 3378 4661 Μεσοποταμίαν
3412 4592 3643 4661 μετῆλθε
3663 4632 3678 4656 ,
3706 4595 3874 4648 κάκεῖ

2299 4671 2633 4743 ἐτελεύτησε,
2671 4675 2869 4744 βιώσας
2899 4678 2992 4748 ἔτη
3030 4678 3190 4731 πέντε
3225 4681 3318 4732 καὶ
3349 4680 3616 4735 διακόσια.

2372 4849 2596 4923 Ἔκτοτε
2637 4852 2742 4922 γάρ
2777 4853 2883 4904 τῶν
2911 4853 3211 4924 ἀνθρώπων
3242 4855 3301 4908 τὸ
3337 4855 3435 4927 ζῇν
3490 4859 3868 4930 συνετέμνετο,

2297 4936 2389 4987 καὶ
2434 4937 2764 5010 βραχύτερον
2812 4941 3052 5007 ἐγένετο,
3093 4945 3218 5015 ἄχρι
3255 4946 3352 5015 τῆς
3403 4949 3676 5013 Μωῦσέως
3713 4953 3868 5018 γενέ-

2297 5044 2450 5090 σεως.
2497 5030 2650 5082 Μετὰ
2675 5031 2784 5101 γάρ
2818 5033 3054 5085 Μωῢσέα
3080 5035 3202 5105 ὅρος
3236 5037 3330 5088 τοῦ
3370 5037 3468 5107 ζῇν
3514 5041 3729 5107 ἐγένετο
3766 5043 3865 5117 ἐτη

2300 5124 2400 5184 ρκ’,
2445 5118 2598 5172 ἅτινα
2632 5123 2724 5173 καὶ
2757 5122 2916 5184 αὐτὸς
2946 5119 3100 5186 οὗτος
3140 5127 3327 5194 ζήσας,
3377 5129 3470 5181 τὸν
3524 5129 3713 5200 θνητὸν
3749 5132 3866 5201 βίον

2302 5207 2651 5277 μετήλλαξεν.

2379 5381 2627 5452 Ἀϐραὰμ
2659 5383 2713 5434 δὲ
2751 5386 2779 5436 ὁ
2831 5387 3224 5456 τρισμακάριος
3265 5389 3484 5460 ἄριστος
3529 5391 3863 5463 ἀστρονόμος

2295 5470 2575 5540 ἐτύγχανε,
2610 5473 2701 5524 καὶ
2739 5472 2906 5540 μείζω
2942 5474 3048 5524 τῶν
3095 5475 3265 5527 ἄλλων
3310 5476 3522 5547 φρονῶν
3563 5479 3620 5530 ἐν
3660 5479 3858 5549 ἀρετῇ·

2294 5568 2506 5618 πάντων
2530 5568 2634 5618 τῶν
2661 5568 2786 5618 υἱῶν
2811 5567 2929 5618 Νῶε
2955 5571 3031 5631 εἰς
3057 5569 3469 5640 δεισιδαιμονίαν
3499 5589 3566 5624 κα
3581 5587 3861 5625 uan

2669 5747 3004 5804 "ludes.
3079 5749 3416 5807 ““lbid.29.
3499 5753 3799 5807 ὀιὸἰώὅὲ
