4044 6324
132 439 226 493 ’161
1044 417 1312 481 SPURIA,
1350 446 1420 456 —
1461 410 1819 469 COMMENT.
1861 410 1926 463 IN
1970 408 2459 463 HEXAEMERON.

3258 410 3358 464 ἴδε

127 553 323 606 κάτων.
371 545 527 617 μόνος
572 536 725 603 οὗτος
759 533 1093 608 Δημιουργὸν
1141 530 1246 583 τῶν
1296 528 1511 580 πάντων
1557 524 1689 617 Θεὸν

1792 520 1971 575 dabat.
1993 520 2125 572 Cum
2145 532 2334 572 omnes
2358 518 2451 570 lilii
2479 516 2591 571 Noe
2612 517 2664 570 in
2693 517 3130 586 superstitiosum
3158 516 3357 573 dzeino-

124 616 443 707 ἀπεφὴνατο
466 633 625 693 εἶναι,
659 634 723 683 ὲκ
753 630 858 681 τῶν
886 626 1012 696 περὶ
1042 625 1188 693 ἦλιον
1220 622 1310 674 καὶ
1340 619 1563 689 σελήνην
1592 616 1687 671 ἀλ-

124 731 396 789 λοιώσεων
434 722 530 780 καὶ
559 727 621 776 ὲκ
667 722 774 773 τῶν
825 719 950 789 περὶ
980 717 1101 786 γῆν,
1137 716 1229 767 καὶ
1279 712 1433 781 ἀέρα,
1466 710 1558 762 καὶ
1597 709 1690 763 θά-

124 821 328 877 λατταν
386 812 724 884 παθημάτων
780 808 1020 869 εἰκάσας.
1078 805 1175 858 Διὰ
1219 804 1270 856 τί
1322 802 1451 872 γὰρ,
1501 800 1686 871 φησὶν,
1763 856 1770 863 ,

128 910 314 979 ἰσχύος
341 907 505 974 οὔσης
536 906 592 956 ὲν
624 903 801 961 αὐτοῖς
832 894 933 967 τῆξ
955 896 1160 952 ἑαυτῶν
1192 893 1440 956 εὐταξίας
1471 894 1531 949 οὐ
1563 908 1691 961 προ-

124 998 396 1059 νοοῦνται,
429 995 543 1047 ἀλλ’
567 988 913 1062 ὑστεροῦνται
938 988 1173 1054 ταύτης;
1213 987 1304 1037 Ἐκ
1328 983 1456 1052 γοῦν
1490 982 1691 1034 τούτων

126 1088 417 1158 γινώσκειν
448 1085 671 1150 ἔξεστιν,
702 1084 783 1135 ὅτι
813 1083 872 1133 ού
908 1080 1023 1134 κατ’
1060 1079 1197 1135 ἰδίαν
1245 1078 1395 1146 ἰσχὺν
1428 1075 1688 1135 συντελεῖ,

125 1184 172 1237 εἰ
207 1181 305 1232 καὶ
337 1179 482 1231 δοκεῖ
511 1178 812 1246 εὐεργετεῖν
841 1173 966 1236 τοὺς
1004 1168 1320 1241 ἀνθρώπους
1356 1170 1415 1220 ού
1458 1164 1687 1237 μικρῶς,

124 1271 261 1331 ἀλλὰ
292 1270 437 1323 κατά
464 1270 564 1340 τὴν
596 1267 845 1338 βούλησιν
867 1266 959 1319 τοῦ
1001 1267 1339 1335 ποιήσαντος.

198 1450 346 1521 Πρὸς
393 1449 521 1518 γοῦν
572 1447 668 1518 τὴν
721 1445 877 1511 δόξαν
908 1445 1073 1499 αὐτοῦ
1123 1444 1322 1511 ταύτην
1354 1445 1402 1494 οἱ
1436 1439 1690 1496 Χαλδαῖοι

125 1543 221 1595 καὶ
250 1544 300 1593 οἱ
330 1541 428 1610 τὴν
472 1540 890 1608 Μεσοποταμίαν
922 1537 1194 1602 οἰκοῦντες
1226 1536 1558 1607 διεφέροντο,
1599 1531 1691 1581 καὶ

125 1632 369 1699 ἀντεῖχον
428 1628 596 1699 αύτῷ.
639 1630 747 1682 Καὶ
798 1628 1031 1689 ἀναστάς
1086 1626 1290 1679 ἐκεῖθεν
1344 1624 1485 1675 κατὰ
1526 1622 1691 1692 πρόσ-

124 1739 310 1790 ταγμα
343 1721 479 1773 Θεοῦ
511 1721 605 1792 τὴν
639 1720 742 1787 γῆν
774 1718 879 1771 τῶν
912 1716 1223 1769 Χαναναίων
1254 1713 1560 1783 κατῴκησε.
1601 1715 1692 1765 Λι-

130 1811 226 1881 μοῦ
255 1812 313 1864 δὲ
348 1812 743 1873 καταλαϐόντος
783 1810 953 1862 δεινοῦ
974 1848 987 1870 ,
1018 1811 1098 1871 είς
1137 1809 1404 1874 Αἴγυπτον
1450 1807 1689 1875 παρεγέ-

1792 626 1920 666 num
1956 610 2157 663 cultum
2203 608 2567 671 corruissent,
2602 609 2752 662 solus
2803 607 2913 671 hic,
2958 604 3125 662 Deum
3173 624 3356 661 rerum

1790 702 2032 758 omnium
2062 716 2183 756 esse
2212 700 2527 756 Creatorem
2558 698 2770 752 deliniit
2828 713 2857 750 a
2916 697 3049 751 solis
3110 697 3357 766 lunaeque

1791 792 2307 848 commutationibus
2360 790 2694 858 reliquisque
2749 805 2869 858 quae
2920 790 2975 841 in
3012 797 3178 851 terra,
3208 802 3352 853 aere,

1792 884 2037 951 marique
2069 884 2412 951 contingunt,
2451 879 2787 946 coniectans.
2831 879 3134 944 Quidnam,
3178 881 3272 942 ait,
3305 879 3353 932 si

1792 976 2049 1035 facultas,
2092 942 2363 1043 raiurque
2396 973 2451 1025 in
2505 971 2612 1023 illis
2646 977 2748 1032 est,
2778 972 2981 1023 nullam
3027 970 3111 1025 sui
3144 970 3353 1023 ordinis

1792 1066 2350 1123 conservandicuram
2383 1073 2599 1135 gerunt,
2632 1061 2729 1116 sed
2761 1062 2849 1115 illa
2878 1061 3245 1115 frustrantur?
3275 1061 3351 1115 Ex

1792 1157 1878 1212 his
1911 1159 2089 1225 itaque
2120 1156 2397 1211 fatendum
2440 1164 2545 1219 est,
2574 1171 2637 1209 ea
2682 1168 2791 1207 non
2824 1153 3009 1205 innata
3048 1152 3124 1216 vi,
3156 1153 3259 1207 etsi
3287 1152 3355 1206 de

1791 1265 1987 1319 genere
2020 1250 2256 1302 humano
2283 1263 2446 1316 quam
2495 1248 2728 1300 maxime
2756 1246 2894 1299 bene
2940 1244 3136 1298 mereri
3167 1242 3358 1297 viden-

1791 1349 1899 1403 tur,
1935 1341 2027 1395 sed
2055 1339 2333 1394 Creatoris
2358 1340 2633 1393 voluntate
2670 1337 2949 1407 perlicere.

1859 1432 2059 1486 Contra
2086 1434 2225 1485 hanc
2244 1432 2569 1486 sententiam
2591 1431 2708 1498 ejus
2731 1429 2966 1483 Chaldaei
2986 1438 3038 1483 et
3054 1428 3361 1499 Mesopota-

1792 1526 1911 1577 miae
1929 1527 2114 1578 incolae
2139 1526 2292 1594 plura
2319 1523 2689 1593 disputabant,
2709 1524 2840 1575 etab
2874 1537 2938 1575 eo
2954 1521 3355 1589 discrepabant,

1792 1618 1883 1687 qui
1920 1616 2173 1673 mandato
2219 1615 2311 1669 Dei
2355 1616 2478 1669 inde
2508 1630 2763 1683 egressus
2796 1615 2860 1675 ⁸³,
2895 1621 3093 1666 terram
3144 1611 3357 1665 Chana-

1793 1724 2030 1761 nieorum
2080 1708 2370 1769 habitavit;
2414 1706 2609 1759 deinde
2651 1721 2774 1758 cum
2817 1704 2984 1758 fames
3017 1704 3205 1772 ingens
3240 1717 3360 1755 eam

1791 1800 2062 1867 regionem
2090 1806 2328 1859 vexaret,
2363 1797 2656 1866 Egyptum
2686 1795 2905 1849 advenit
2923 1796 2988 1858 ⁵⁸,
3014 1802 3175 1863 atque
3193 1790 3361 1862 Egy-

126 1905 265 1963 νετο,
300 1906 397 1957 καὶ
442 1906 567 1967 τοὺς
613 1903 936 1969 Αἰγυπτίους
975 1901 1220 1971 ἀλλήλοις
1262 1899 1685 1964 ἀντιδοξοῦντας,

1792 1892 1931 1959 ptios
1969 1891 2060 1958 qui
2110 1890 2256 1943 varia
2312 1890 2627 1950 sentientes,
2680 1888 2934 1956 legesque
2962 1887 3206 1954 proprias
3236 1898 3359 1952 pes-

124 1992 217 2045 καὶ
248 1993 317 2044 τὰ
362 1994 565 2062 νόμιμα
598 1992 802 2045 ἑαυτῶν
847 1992 1204 2053 διαπτύοντας
1236 1993 1327 2047 καὶ
1364 1991 1692 2061 ἀνατρέπον-

124 2100 221 2147 τας
247 2083 528 2149 ἀπέδειξεν
562 2085 806 2146 ἅπαντας
833 2085 1028 2146 αὐτοὺς
1061 2084 1221 2153 μηδὲν
1256 2082 1527 2150 ἀξιόλογον
1561 2083 1691 2153 μηδὲ

126 2177 492 2247 φρονοῦντας,
530 2176 662 2245 μηδὲ
696 2164 1065 2239 θεσπίζοντας.
1102 2178 1208 2228 Καὶ
1240 2175 1571 2243 θαυμασθεὶς
1601 2176 1692 2226 ἐπὶ

128 2268 337 2321 συνέσει
360 2269 454 2320 καὶ
483 2266 641 2337 σοφίᾳ
673 2266 857 2335 πολλῇ,
884 2266 981 2336 τὴν
1006 2266 1366 2336 ἀριθμητικὴν
1394 2266 1574 2327 αὐτοῖς
1600 2266 1691 2319 καὶ

124 2358 219 2428 τὴν
252 2358 617 2428 ἀστρονομίαν
664 2357 1029 2427 παραδίδωσι·
1070 2356 1173 2426 πρὸ
1210 2356 1316 2426 γὰρ
1350 2357 1445 2425 τῆς
1485 2374 1688 2425 παρου-

130 2450 243 2511 σίας
272 2448 439 2501 αὑτοῦ
473 2449 685 2519 ἄπειροι
720 2446 920 2500 τούτων
953 2446 1243 2515 ἐτύγχανον
1287 2450 1333 2498 οἱ
1371 2446 1684 2512 Αἰγύπτιοι·

129 2539 390 2606 μαθόντες
436 2539 492 2590 δὲ
548 2539 770 2608 ὕστερον
821 2541 931 2599 τοῖς
967 2537 1189 2605 Ἕλλησι
1240 2537 1686 2606 μεταδεδώκασιν

128 2632 523 2700 ὑποστρέψαντι
568 2630 623 2682 δὲ
656 2632 719 2683 ἐκ
751 2630 848 2699 τῆς
880 2631 1153 2695 Αἰγύπτου
1186 2630 1261 2697 τῷ
1303 2630 1551 2699 Ἀϐραὰμ
1579 2631 1688 2692 υίὸς

138 2719 361 2787 Ἰσμαὴλ
391 2718 602 2786 ἐγένετο
631 2721 693 2770 ὲκ
725 2719 824 2787 τῆς
868 2718 1158 2786 παιδίσκης
1205 2719 1397 2789 Ἀγαρ,
1434 2720 1491 2783 ἐξ
1532 2716 1597 2790 ἧς
1631 2722 1689 2774 τὸ

128 2809 274 2870 ἔθνος
334 2810 646 2880 Ἀγαρηνῶν
677 2827 737 2861 τε
766 2811 859 2861 καὶ
887 2809 1214 2879 Σαρακηνῶν
1252 2810 1475 2880 συνέστη
1500 2829 1511 2839 ·
1548 2812 1607 2862 τὸ
1634 2811 1690 2863 δὲ

126 2898 231 2949 τῶν
272 2899 623 2969 Ἰσμαηλιτῶν
659 2902 725 2952 ἐκ
748 2899 840 2951 τοῦ
885 2900 1124 2968 Ἰσμαήλ.

211 2992 266 3041 Ὀ
298 2991 356 3043 δὲ
390 2991 511 3042 Λὼτ
544 2992 833 3061 χωρίζεται
880 2991 972 3047 τοῦ
1026 2990 1289 3063 Ἀϐραὰμ,
1325 2994 1417 3045 καὶ
1458 2994 1555 3062 τὴν
1590 2992 1691 3062 χὼ-

133 3101 227 3154 ραν
249 3085 349 3153 τὴν
373 3083 677 3154 Σοδομηνὴν
697 3082 932 3154 ᾤκησεν,
958 3086 1076 3153 ἥτις
1102 3084 1332 3155 οὐρανίῳ
1358 3103 1427 3137 πυ
1438 3108 1455 3156 ι
1472 3087 1689 3155 πολήσει

130 3178 194 3229 δι’
226 3177 461 3245 ἄθεσμον
513 3177 852 3246 παρανομίαν
899 3176 1287 3246 κατεδικάσθη,
1339 3180 1431 3230 καὶ
1478 3179 1555 3229 ἔτι
1598 3179 1690 3230 καὶ

131 3269 221 3321 νῦν
268 3268 580 3339 κεκαυμένα
644 3270 813 3339 αὐτῆς
844 3268 911 3321 τὰ
956 3268 1075 3338 ἴχνη
1122 3269 1399 3337 φαίνεταιο
1432 3270 1543 3323 ἔστι
1586 3271 1690 3342 γὰρ

136 3362 255 3414 ἰδεῖν
287 3364 449 3415 πέντε
482 3362 687 3413 πόλεων
721 3361 898 3424 σκιὰς,
934 3364 991 3413 ὲν
1021 3356 1107 3424 αἶς
1140 3361 1419 3429 βλαστάνει
1460 3364 1688 3434 καρπὸς,

132 3451 185 3512 ὃς
212 3452 457 3519 φαίνεται
489 3453 585 3521 μὲν
626 3450 821 3515 ἔξωθεν
847 3451 1225 3521 παραπλήσιος
1249 3456 1359 3514 τοῖς
1389 3452 1687 3523 ὲδωδίμοις,

132 3539 349 3608 ληφθεὶς
378 3541 434 3592 δὲ
476 3542 595 3602 ταῖς
624 3542 831 3611 χερσὶν,
865 3544 944 3603 εἰς
978 3541 1182 3609 τέφραν
1212 3542 1304 3594 καὶ
1333 3544 1536 3594 καπνὸν
1559 3546 1689 3597 άνα-

132 3630 327 3685 λύεται.
369 3633 581 3702 Γειτνιᾷ.
625 3632 680 3683 δὲ
712 3632 883 3704 ταύτῃ
925 3635 957 3702 ἡ
1021 3633 1360 3700 Ἀσφαλτῖτις
1405 3635 1593 3705 λίμνη,
1653 3635 1686 3703 ἢ

135 3724 387 3791 πρότερον
431 3724 527 3789 μὲν
568 3718 635 3793 ἦν
688 3723 870 3785 κοιλὰς
909 3724 1115 3793 φρέατα
1166 3724 1363 3794 ἔχουσα
1398 3726 1687 3794 ἀσφάλτου,

135 3813 511 3882 ἀφανισθείσης
543 3813 598 3865 δὲ
638 3814 733 3883 τῆς
780 3814 981 3883 χώρας,
1016 3815 1181 3885 λίμνη
1220 3815 1525 3884 γεγένηται,
1569 3818 1691 3886 ἥτις

134 3907 219 3957 καὶ
256 3908 443 3978 Νεκρὰ
475 3905 719 3959 θάλασσα
757 3908 1235 3980 προσαγορεύεται.
1280 3909 1387 3961 Καὶ
1434 3909 1546 3961 ἔστι
1592 3910 1691 3978 μὲν

134 3997 426 4066 πικροτάτη
476 3998 634 4066 φύσει
680 4000 776 4050 καὶ
821 4000 1040 4066 ἄγονοςε
1092 3998 1290 4067 κοῦφον
1335 3999 1392 4051 δὲ
1437 4000 1497 4053 τὸ
1548 3999 1690 4071 ὓδωρ

131 4086 403 4158 κέκτηται,
438 4090 513 4151 ὡς
544 4092 650 4142 τῶν
687 4093 743 4143 ἐν
774 4092 913 4162 αὐτῇ
966 4094 1303 4161 ῥιπτομένων
1344 4092 1575 4164 βαρέων,
1609 4094 1689 4146 λί-

131 4175 278 4250 θουῆ
318 4181 559 4251 σιδήρου,
593 4184 753 4251 τυχὸν
802 4184 875 4253 μὴ
909 4184 1219 4236 καταδύνειν
1254 4187 1331 4246 εἰς
1364 4185 1456 4237 τὸν
1510 4186 1686 4255 βυθὸν,

130 4264 237 4317 ἀλλ’
267 4266 421 4332 αὖθις
451 4270 640 4343 ῶσπερ
688 4274 791 4325 ὑπὸ
823 4275 1129 4343 πνεύματος
1166 4277 1559 4343 ἀναφυσᾶσθαι,
1597 4280 1690 4331 καὶ

133 4356 504 4412 ἐπιπολᾶσθαι.
550 4360 819 4428 Ῥιφέντες
848 4363 955 4432 γὰρ
983 4364 1067 4414 ἐπ’
1096 4365 1228 4433 αύτῇ
1259 4362 1455 4427 ζῶντες
1484 4365 1690 4436 ἄνθρω-

132 4462 217 4499 ποι
277 4449 765 4504 ἀναὸλυστάνουσι·
821 4453 1003 4523 νεκροὶ
1056 4453 1109 4505 δὲ
1155 4455 1540 4508 καταδύνουσι·
1595 4458 1687 4508 καὶ

1794 1982 2128 2041 sumdantes,
2163 1981 2497 2040 avertebant,
2532 1979 2793 2033 instruxit
2822 1976 2958 2029 nihil
3007 1991 3099 2029 eos
3130 1974 3213 2027 vel
3239 1987 3359 2026 mo-

1792 2073 1978 2141 menti,
2026 2072 2109 2124 vel
2171 2070 2424 2139 ponderis
2487 2071 2747 2137 cogitare,
2806 2082 2981 2135 neque
3029 2066 3356 2128 decernere;

1792 2175 1958 2228 quare
2009 2170 2223 2232 propter
2273 2158 2615 2227 prudentiam
2667 2156 3114 2222 sapientiamque,
3146 2164 3358 2204 summa

1792 2264 1914 2302 cum
1949 2249 2308 2301 admiratione
2355 2248 2623 2305 laudatus,
2658 2243 3013 2296 arithmeticae
3046 2240 3153 2293 illis
3183 2249 3360 2291 astro—

1790 2355 2018 2410 rumque
2051 2347 2221 2392 artem
2254 2339 2455 2397 tradit;
2486 2345 2610 2389 ante
2660 2335 2805 2389 enim
2854 2333 2999 2386 illius
3052 2345 3355 2391 accessum,

1791 2431 1981 2484 harum
2008 2430 2359 2482 scientiarum
2389 2426 2626 2496 Egyptii
2663 2424 2823 2479 rudes
2849 2420 3238 2490 erant,quibus
3260 2419 3359 2470 im-

1790 2522 1903 2577 buti
1927 2536 2017 2574 eas
2048 2530 2232 2589 postea
2262 2535 2382 2572 cum
2408 2518 2609 2571 ercis
2638 2516 3143 2574 communicarunt;
3176 2524 3358 2563 rever-

1790 2626 1959 2679 soque
1982 2610 2254 2663 Abraham
2281 2625 2345 2662 ex
2378 2608 2609 2677 ASgypto
2623 2609 2690 2671 ⁸³,
2725 2606 2868 2658 {ilius
2892 2603 3081 2658 lsmael
3112 2600 3358 2655 nascitur

1788 2720 1852 2758 ex
1891 2704 2082 2756 ancilla
2118 2703 2276 2771 Agar,
2305 2720 2423 2773 quae
2440 2703 2701 2773 Agarenis
2731 2700 3145 2768 Saracenisque,
3169 2711 3359 2767 quem-

1791 2796 2080 2849 admodum
2118 2793 2407 2850 lsmaelitis
2434 2795 2648 2858 lsmael,
2683 2795 2837 2862 origo
2867 2792 2987 2845 fuit.

1860 3012 1978 3076 Lot,
2013 3012 2290 3080 sejunctus
2313 3012 2378 3065 ab
2406 3010 2754 3076 Abraham“,
2787 3009 3057 3076 regionem
3097 3004 3356 3058 Sodome-r

1790 3116 1914 3153 nam
1938 3102 2270 3155 domicilium
2296 3101 2503 3162 habuit,
2534 3116 2652 3169 qua:
2682 3108 2902 3169 propter
2946 3096 3211 3150 nefarium
3237 3111 3355 3149 sce—

1792 3191 1877 3245 lus
1898 3193 2103 3245 caelesti
2140 3193 2387 3245 incendio
2428 3190 2865 3260 conﬂagravit“,
2896 3197 2948 3242 et
2986 3187 3189 3241 nostris
3218 3194 3356 3240 tem-

1792 3284 2016 3352 poribus
2048 3282 2168 3349 ejus
2202 3282 2438 3337 incendii
2465 3284 2705 3351 reliquiaa
2730 3289 3052 3336 cernuntur.
3088 3279 3355 3334 Videntur

1792 3377 2024 3442 namque
2050 3375 2330 3427 civitatum
2368 3375 2606 3443 quinque
2636 3373 2884 3442 vestigia,
2918 3373 2973 3424 in
3009 3372 3208 3441 quibus
3239 3369 3355 3423 fru-

1790 3475 1909 3518 ctus
1936 3466 2194 3532 assurgit,
2221 3466 2311 3533 qui
2359 3466 2599 3518 exterius
2632 3463 2930 3517 esculentis
2962 3462 3157 3516 similis
3193 3476 3356 3530 appa-

1780 3561 1892 3619 ret,
1930 3563 2075 3608 tactu
2108 3571 2330 3624 pressus
2376 3554 2581 3608 fumum
2608 3555 2846 3617 exhalat,
2871 3562 2922 3606 et
2947 3552 3149 3606 fatiscit
3178 3551 3229 3604 in
3261 3568 3355 3605 va-

1791 3662 1915 3715 gum
1938 3647 2231 3715 pulverem.
2265 3646 2400 3700 Huic
2422 3647 2630 3714 regioni
2657 3645 2935 3714 proximus
2973 3651 3055 3697 est
3075 3642 3355 3711 Asphalti-

1790 3744 1872 3791 tes
1898 3738 2070 3802 lacus,
2102 3737 2191 3806 qui
2224 3738 2374 3806 prius
2396 3748 2510 3789 erat
2538 3736 2712 3796 vallis,
2748 3735 2925 3803 puteis
2952 3733 3217 3787 bitumine
3243 3732 3357 3799 ple-

1790 3829 1907 3892 nis;
1936 3844 2111 3883 mersa
2135 3830 2376 3898 regione,
2402 3829 2552 3882 lacus
2580 3828 2769 3892 crevit,
2796 3829 2886 3894 qui
2929 3832 2983 3879 et
3024 3838 3174 3878 mare
3212 3822 3346 3877 Mor-

1790 3926 1942 3970 tuum
1970 3925 2198 3971 vocatur
2236 3937 2248 3971 :
2285 3918 2437 3971 dirus
2481 3926 2708 3980 natura,
2743 3915 3073 3983 sterilisque,
3108 3924 3160 3968 et
3193 3913 3356 3969 undis

1790 4009 2021 4071 levibus,
2062 4009 2135 4061 ita
2168 4017 2226 4061 ut
2272 4010 2385 4063 sive
2428 4009 2658 4078 lapides,
2693 4008 2806 4061 sive
2853 4006 3078 4068 ferrum,
3109 4006 3221 4059 sive
3259 4007 3359 4058 ali-

1791 4097 1922 4167 quid
1974 4098 2122 4151 aliud
2164 4115 2327 4168 grave
2370 4100 2425 4152 in
2486 4100 2636 4152 illum
2687 4097 3061 4167 projieiantur,
3094 4112 3204 4150 non
3248 4095 3354 4148 ima

1790 4202 1991 4259 petere,
2027 4190 2121 4243 sed
2148 4206 2340 4245 rursus
2363 4198 2618 4260 tanquam
2654 4205 2683 4242 a
2707 4198 2867 4244 vento
2889 4190 3096 4244 elllatur
3126 4189 3180 4241 in
3206 4204 3356 4243 sum—

1789 4297 1988 4351 moque
2021 4281 2219 4346 ﬂuitat,
2249 4282 2302 4335 in
2320 4296 2549 4351 eamque
2577 4282 2686 4335 vivi
2724 4282 2971 4341 homines
3016 4280 3200 4348 iniecti
3234 4296 3356 4349 ege-

1790 4383 2004 4436 runtur,
2052 4374 2251 4426 mortui
2305 4380 2658 4441 merguntur;
2720 4373 3063 4441 lueernaeque
3115 4385 3358 4428 accensa:

1790 4471 2161 4532 supernatant,
2194 4463 2477 4516 exstincta:
2525 4464 2853 4517 obruuntur.
2889 4461 2982 4515 Sal
3018 4477 3262 4515 amarum
3302 4469 3357 4516 et

130 4536 302 4609 λύχνοι
335 4541 393 4593 δὲ
436 4542 711 4612 καιόμενοι
744 4543 1114 4613 ἐπιφέρονται,
1159 4545 1473 4608 σϐεσθέντες
1504 4546 1557 4598 δὲ
1593 4564 1688 4599 κα-

1792 4555 2005 4607 alumen
2032 4554 2424 4623 bituminisqne
2448 4556 2637 4625 globos
2676 4556 3010 4624 nigricanles
3033 4554 3204 4607 tauris
3237 4553 3356 4609 sine

130 4634 533 4687 ταποντοῦνται.
576 4635 860 4705 ’Λναφέρει
898 4636 955 4687 δὲ
996 4636 1126 4700 ἆλας
1175 4639 1385 4709 πικρὸν,
1435 4639 1528 4690 καὶ
1562 4656 1685 4690 στυ-

130 4726 382 4794 πτηρίαν,
436 4727 531 4779 καὶ
582 4727 679 4796 τῆς
723 4727 996 4794 ἀσφάλτου
1054 4727 1302 4797 μελαίνας
1338 4727 1559 4797 βώλους.
1610 4728 1685 4790 ὡς

130 4813 355 4867 ἑοικέναι
386 4817 606 4879 τούτους
638 4818 854 4886 ταύροις
884 4818 1172 4885 ἀκεφάλοις
1202 4819 1260 4870 τὸ
1293 4818 1537 4887 μέγεθος.
1575 4821 1685 4872 Καὶ

127 4908 172 4957 oi
214 4907 433 4971 ναῦται,
484 4908 580 4971 τὰς
620 4907 822 4978 βώλους
868 4909 1067 4971 ταύτας
1119 4910 1489 4980 δρασσόμενοι,
1549 4912 1683 4979 πλη-

132 4996 273 5065 ροῦσι
302 5000 375 5051 τὰ
405 5000 606 5071 σκάφη,
642 5001 733 5052 καὶ
758 5000 1002 5053 ἕλκουσιν
1035 5001 1128 5052 ἐπὶ
1150 5000 1246 5070 τὴν
1266 5002 1475 5072 χέρσον.
1511 5003 1685 5073 Προσ-

110 5088 393 5168 ⁸πήγνυται
437 5090 491 5141 δὲ
533 5090 611 5159 τῷ
648 5090 787 5158 ξύλῳ
824 5091 917 5143 τοῦ
965 5092 1147 5144 πλοίου
1191 5094 1221 5161 ἡ
1255 5093 1548 5161 ἄσφαλτος,
1591 5093 1685 5145 καὶ

130 5178 505 5242 ἁποξυλοῦται,
534 5181 607 5243 ὡς
640 5182 711 5253 μὴ
745 5181 999 5236 δύνασθαι
1032 5181 1203 5245 ἄλλως
1228 5185 1679 5255 ἀποκολληθῆναι,

132 5271 174 5319 εἰ
203 5271 273 5341 μὴ
305 5273 556 5344 βρεχθείη
583 5274 763 5344 οὔροις
793 5276 887 5327 καὶ
915 5276 1239 5342 γυναικείοις
1263 5278 1541 5346 ἐμμήνοις·
1567 5279 1685 5329 τού-

133 5378 231 5425 τοις
264 5366 374 5435 γάρ
410 5365 575 5416 εἴκειν
611 5367 789 5435 μόνοις
822 5366 1081 5436 πέφυκεν.
1128 5368 1425 5421 Ἀλλάττειν
1452 5370 1507 5421 δέ
1554 5388 1684 5438 φασι

1792 4646 1967 4713 capite
1994 4646 2199 4700 similes
2230 4647 2602 4715 magnitudine
2643 4648 2834 4716 gignit,
2859 4654 2912 4700 et
2959 4654 3137 4699 nauta:
3167 4647 3355 4714 globos

1791 4735 1955 4790 hosce
1986 4736 2260 4803 abreptos,
2298 4737 2527 4790 navibus
2569 4739 2781 4791 onustis
2810 4738 2863 4790 in
2895 4737 3045 4790 littus
3078 4737 3356 4794 trahentes

1791 4826 2059 4895 deferunt.
2092 4818 2365 4882 Νωνίουῑώ
2397 4844 2524 4882 vero
2554 4830 2711 4899 lignis
2741 4830 2985 4883 bitumen
3012 4840 3355 4899 compactum

1793 4919 2048 4981 adhzeret,
2078 4927 2131 4972 et
2162 4920 2348 4981 veluti,
2374 4921 2579 4990 lignum
2631 4921 2967 4985 obdurescit,
3002 4922 3073 4973 ita
3099 4931 3157 4973 ut
3200 4924 3359 4975 evelli

1790 5009 2129 5079 discindique
2169 5019 2419 5079 nequeat,
2454 5020 2811 5081 praeterquam
2850 5012 2996 5066 lotiis
3027 5015 3357 5068 menstruis-

1789 5116 1893 5168 que
1920 5102 2206 5154 mulierum
2229 5118 2533 5171 aspersum.
2570 5101 2693 5155 Sola
2718 5102 2861 5155 enim
2892 5102 2993 5155 hac
3028 5104 3075 5155 vi
3111 5106 3357 5171 superari

1788 5202 1983 5263 potest.
2020 5192 2265 5246 Tradunt
2297 5210 2489 5263 aquam
2519 5194 2759 5261 quotidie
2783 5194 2958 5248 tribus
2988 5197 3201 5250 vicibus
3237 5213 3355 5249 mu-

1790 5294 1905 5339 tare
1938 5286 2173 5345 colores,
2204 5286 2504 5354 crebraque
2545 5286 2758 5337 illorum
2792 5286 3089 5340 mutatione
3126 5287 3191 5339 ad
3224 5288 3353 5343 solis

1791 5377 1973 5429 radios
2005 5377 2331 5429 illustratam
2370 5378 2503 5429 mire
2554 5376 2849 5429 videntium
2891 5378 3080 5431 oculos
3120 5378 3349 5434 allicere.

135 5468 221 5521 της
262 5456 469 5525 ἡμέρας
524 5458 709 5529 χροιὰς
755 5464 901 5524 τρεῖς
952 5462 1011 5514 τὸ
1062 5462 1224 5533 ὕδωρ,
1274 5464 1365 5515 καὶ
1412 5464 1681 5517 ποικιλίαν
1714 5465 1885 5534 ὅψεως
1923 5469 2225 5537 ἐκπέμπειν
2261 5469 2391 5537 πρὸς
2446 5470 2543 5539 τὴν
2572 5471 2764 5521 ἀκτῖνα
2826 5468 2917 5519 τοῦ
2970 5468 3118 5519 ἡλίου
3153 5470 3349 5520 ἀνταυ-

136 5546 334 5612 γοῦσαν.

212 5641 262 5693 Ὀ
297 5646 349 5697 δὲ
394 5646 663 5715 Ἀϐραὰμ.
704 5648 1091 5717 ἑκατοντούτης
1122 5650 1423 5719 γενόμενος,
1471 5658 1687 5723 γνήσιον

204 5798 242 5830 ⁶¹
270 5797 389 5856 Gen.
420 5818 519 5867 xu,
560 5804 606 5857 l.
684 5805 727 5834 ⁶²
759 5801 900 5856 Ibid.
933 5804 1019 5859 10.

1098 5807 1141 5839 ⁸³
1174 5806 1300 5863 Gen.
1337 5825 1448 5875 va,
1484 5811 1533 5863 ἅ.

1610 5814 1651 5844 θ’*
1686 5811 1809 5866 Gcn.
1844 5827 1962 5877 xm,
2000 5809 2078 5867 ιο.

1868 5651 2062 5705 Verum
2094 5652 2363 5705 Abraham
2422 5652 2595 5705 relatis
2625 5668 2734 5707 sum
2769 5667 2909 5709 anno
2948 5651 3245 5708 centesimo
3271 5650 3349 5706 le-

2163 5811 2207 5842 "
2257 5810 2381 5869 Gen.
2418 5828 2525 5878 nx,
2562 5811 2653 5867 24.
