4044 6324
633 359 732 412 7ϋῖ

1506 360 1563 416 S.
1607 359 2049 416 EUSTATIIIUS
2089 359 2583 420 ANTIOCIIENUS
2621 362 3020 421 EPISCOPUS.

3794 365 3891 420 768

631 475 932 544 insignivit.
985 475 1106 528 Nati
1152 483 1280 530 sunt
1323 483 1377 530 et
1427 475 1554 531 ﬁliis
1583 477 1729 532 illius
1760 477 1852 530 ﬁlii
1895 477 2202 546 legitimi“,

2317 480 2414 549 τῆς
2461 450 2882 549 Μεσοποταμίας
2923 481 3305 546 ἐπανελθόντος
3353 483 3679 552 ὀμοσκηνεῖν
3713 483 3806 536 διὰ
3835 485 3889 535 τδ

632 563 850 635 Elipbas
882 567 1142 635 qui-nque,
1179 565 1457 633 Theman,
1521 565 1756 638 llymar,
1801 566 2048 636 Sophar,
2098 567 2207 624 Go-

632 658 802 720 ntoth,
827 655 1040 722 Ceuex,
1097 657 1240 710 inter
1268 673 1407 727 quos
1456 666 1510 712 et
1556 658 1780 728 spurius
1815 669 2208 714 annumeratur

631 746 847 799 Amalec
871 785 885 807 ,
922 761 1081 814 quem
1134 762 1164 800 e
1199 749 1390 816 pellice
1433 746 1678 803 Thamna
1709 757 2068 819 susceperat;
2102 750 2210 804 Ra-

630 836 772 904 gueli
801 844 886 888 :et
921 837 1022 905 ipsi
1066 847 1300 904 quatuor
1333 839 1422 892 ﬁlii
1459 841 1566 893 nati
1601 848 1729 893 sunt
1756 838 1973 905 Namin,
2004 840 2205 907 lares,

633 921 813 987 Some,
846 921 1062 990 Rhoze;
1095 924 1262 979 Edoni
1299 929 1586 981 undecim:
1617 927 1902 994 Thamma,
1935 929 2090 994 Gola,
2122 929 2208 986 lo-

629 1013 801 1078 thom,
845 1014 1189 1081 Aﬂlibreman,
1221 1018 1392 1081 Jolas,
1426 1017 1660 1082 Phinon,
1691 1020 1898 1091 Cenyx,
1927 1019 2196 1086 Theman,

629 1103 853 1169 Mazari,
891 1107 1149 1171 Maediel,
1189 1109 1520 1178 Zephonem.
1563 1110 1683 1166 Seir
1709 1112 1968 1169 Chorrzeo
1995 1116 2037 1146 ³⁷
2063 1155 2079 1179 ,
2113 1115 2206 1183 qui

629 1196 905 1264 regionem
941 1195 1128 1250 Lotam
1164 1199 1458 1264 habitavit,
1487 1200 1582 1254 ﬁlii
1611 1204 1853 1273 quinque
1883 1206 1993 1258 uati
2026 1214 2154 1260 sunt
2191 1225 2202 1258 :

627 1282 811 1335 Sobal.
839 1284 1106 1355 Sebegon,
1139 1288 1448 1352 Anadeson,
1480 1290 1637 1354 Aser,
1673 1292 1907 1358 Resom;
1958 1305 2011 1350 et
2036 1294 2208 1349 Lotan

628 1376 758 1437 duo,
789 1375 1002 1440 Chorri,
1034 1378 1256 1445 Emam;
1309 1381 1556 1438 Thamna
1591 1401 1720 1440 vero
1763 1402 1920 1440 soror
1949 1396 2066 1441 erat
2105 1385 2210 1439 Lo-

627 1475 742 1531 tan,
773 1483 894 1536 qua:
927 1469 1184 1539 Eliphazo
1218 1473 1438 1528 Amalec
1469 1477 1674 1545 genuit.
1722 1477 1885 1533 Sobal
1919 1478 2062 1533 ﬁlius
2090 1476 2209 1532 Seir

629 1557 868 1626 quinque
903 1559 1042 1613 ﬁlios
1071 1562 1278 1626 habuit,
1308 1562 1634 1629 Odomnam,
1665 1567 1906 1621 Nachath
1926 1610 1939 1628 ,
1971 1568 2169 1622 Cebeel
2191 1611 2206 1634 ,

631 1648 800 1717 Soph,
834 1648 1043 1704 Omnan
1067 1670 1080 1717 ;
1103 1663 1155 1705 et
1182 1653 1466 1725 Oscbegou
1496 1657 1635 1710 duos
1657 1695 1672 1719 ,
1712 1657 1838 1711 Aidi
1885 1665 1938 1712 et
1982 1656 2160 1711 Euan
2191 1698 2207 1723 ,

630 1742 722 1810 qui
766 1742 817 1793 in
857 1740 1037 1795 Jamin
1082 1744 1328 1811 jumenta
1378 1748 1548 1816 patris
1591 1748 1673 1802 sui
1711 1747 1954 1816 Sel-egon
1988 1763 2213 1817 pascen-

2309 569 2510 639 πλῆθος
2553 569 2658 621 τῶν
2688 569 3040 639 ὑπαρχόντων
3072 572 3272 634 αὐτοῖς.
3302 572 3535 641 Ποιήσας
3574 566 3672 623 οὖν
3709 573 3888 623 κάκεῖ-

2309 663 2397 715 Θεν
2430 663 2614 724 παῖδα,
2651 663 2713 714 ὲκ
2760 661 2858 730 τῆς
2910 661 3100 714 ἑαυτοῦ
3151 661 3458 732 ἐπωνυμίας
3499 660 3682 729 Ἐδὼμ
3728 661 3883 713 nimis

2308 752 2654 822 ἐπωνόμασε.
2673 751 2950 818 Ἐγένοντο
2979 750 3034 802 δὲ
3069 752 3298 816 καὶτοῖς
3330 754 3462 814 υἱοῖς
3494 751 3662 804 αὑτοῦ
3697 751 3881 813 παῖδες

2310 843 2540 910 γνήσιοι,
2569 841 2645 912 τῷ
2697 841 2794 910 μὲν
2833 839 3052 908 Ἐλιφὰς
3103 841 3282 905 πέντε,
3316 841 3745 912 Θεμὰν,’Υμὰρ,
3781 840 3881 892 Σω-

2308 934 2441 1004 φὰρ,
2473 932 2671 1002 Γομὺθ,
2713 930 2902 998 Κενέξ.
2937 933 2995 983 ἐν
3027 927 3108 1008 οἷς
3129 927 3196 1002 ἦν
3228 933 3321 985 καὶ
3353 933 3521 995 νόθος,
3545 932 3768 1002 τεχθεὶς
3789 932 3880 984 αύ-

2306 1025 2383 1094 τῷ
2431 1025 2674 1094 Ἀμαλὴκ
2721 1027 2783 1076 ἐκ
2834 1021 3150 1086 παλλακίδος
3185 1024 3404 1094 Θαμνᾶς
3429 1025 3684 1094 ὀνόματι·
3723 1022 3802 1092 τῷ
3826 1023 3877 1075 δὲ

2319 1116 2582 1184 Ῥαγουὴλ
2618 1116 2711 1168 καὶ
2740 1113 2885 1184 αὖτῷ
2916 1114 3175 1183 τέσσαρες
3201 1115 3385 1178 παῖδες
3419 1115 3738 1184 ἐτέχθησαν,
3773 1114 3877 1166 Mt-

2310 1207 2424 1277 μἰν,
2460 1207 2653 1278 Ζαρὲς,
2679 1207 2838 1276 Σομέ,
2857 1205 3009 1269 Ῥοζέ
3033 1223 3046 1234 ’
3083 1206 3175 1256 καὶ
3209 1204 3384 1275 Ἐδὼμ
3409 1207 3623 1268 ἕνδεκα,
3650 1205 3873 1274 Θαμμὰ,

2307 1298 2696 1368 Γωλὰ,Ἰοθὺμ,
2733 1296 3294 1368 Ᾱῐλιὸαιμὰν,’1ήλας,
3327 1298 3517 1361 Φίνων,
3553 1299 3755 1363 Κενὺξ,
3791 1299 3877 1349 Θε-

2311 1390 2438 1461 μὰν,
2471 1390 2763 1461 Μαζαριεὶ,
2799 1387 3057 1457 Μαεδιὴλ,
3101 1386 3355 1455 Ζεφονήν.
3384 1387 3472 1456 Τῷ
3515 1387 3569 1439 δὲ
3605 1387 3773 1457 Σηεὶρ
3803 1384 3873 1454 τῷ

2307 1484 2578 1555 Χωρραίῳ
2610 1483 2686 1552 τῷ
2729 1483 2824 1552 τὴν
2857 1482 2959 1550 γῆν
2996 1478 3086 1532 τοῦ
3123 1476 3312 1530 Λωτὰν
3343 1479 3727 1548 κατοικήσαντι
3777 1478 3875 1530 υἱοὶ

2309 1575 2468 1628 πέντε
2523 1574 2787 1642 ἐγένοντο,
2822 1571 3030 1633 Σὼὁαλ,
3063 1567 3329 1637 Σεϐεγὼν,
3349 1568 3871 1639 Ἀναδησὼν,’Δσὴρ,

2319 1653 2557 1732 Ῥησὼνθ
2613 1663 2705 1716 καὶ
2754 1661 2831 1732 τῷ
2885 1660 3074 1714 Λωτὰν
3117 1660 3228 1720 δύο,
3265 1660 3789 1730 Χωρῤεὶ,Ἐμάν.Ἡ
3822 1658 3874 1710 δὲ

2307 1753 2499 1822 Θαμνὰ
2531 1753 2731 1822 ἀδελφὴ
2757 1750 2851 1804 τοῦ
2877 1749 3065 1802 Λωτὰν
3094 1749 3406 1818 ἐτύγχανεν,
3438 1749 3556 1816 ἥτις
3587 1749 3682 1801 τὸν
3712 1749 3873 1817 Ἀμα-

629 1842 738 1884 tem
774 1832 985 1885 incidit.
1029 1833 1225 1888 Euam
1279 1852 1407 1890 vero
1457 1836 1653 1902 Deson,
1679 1848 1732 1892 et
1761 1838 2003 1893 Elibama
2039 1840 2202 1895 ﬁliam

2307 1844 2408 1913 λὴκ
2454 1842 2530 1912 τῷ
2567 1841 2788 1909 Ἐλιφὰζ
2841 1841 3218 1910 ὲγέννησεν.’0
3251 1839 3307 1890 δὲ
3340 1837 3526 1890 sum)
3569 1837 3596 1888 6
3641 1839 3753 1900 υἱὸς
3785 1837 3872 1890 τοῦ

628 1921 833 1976 habuit.
864 1921 1036 1977 Deson
1080 1925 1355 1990 Amadan,
1403 1929 1624 1992 Asbam,
1654 1928 1891 1983 Gethran
1929 1939 1982 1985 et
2027 1931 2195 1987 Char-

627 2029 762 2080 ran;
796 2015 930 2069 Aser
953 2026 1184 2086 quartus
1234 2018 1354 2073 Seir
1385 2018 1527 2074 ﬁlius
1553 2033 1806 2090 quatuor,
1838 2021 2024 2088 Balan,
2058 2023 2199 2078 Zuc-

627 2120 753 2168 ean,
783 2105 988 2177 Joycan
1008 2149 1020 2171 ,
1070 2107 1270 2177 licam;
1305 2110 1529 2180 quintus
1563 2119 1741 2167 autem
1765 2111 1905 2170 ﬁlius
1931 2115 2049 2171 Seir
2069 2115 2202 2171 Ore-

629 2213 769 2258 som,
801 2197 1062 2253 Ossaran.

2308 1937 2474 2006 Σηεὶρ
2507 1936 2666 1987 πέντε
2704 1934 2896 1996 παῖδας
2936 1927 3498 2007 ἐποίησεν,ὐδομνὰν,
3533 1928 3744 1998 Ναχὰθ,
3785 1927 3875 1978 Γε-

2308 2026 2458 2096 ϐεὴλ,
2512 2025 2909 2094 Σὼφ,Ὠμνᾶν·
2948 2023 3040 2075 καὶ
3092 2019 3389 2088 ὐσεὸεγὼν
3445 2018 3557 2081 δύο,
3590 2018 3736 2070 Αἱδεὶ
3783 2016 3872 2070 καὶ

2307 2118 2492 2181 Δξνὰν,
2527 2118 2672 2179 ὅστις
2706 2112 2858 2185 εὗρεν
2885 2116 2942 2167 ἐν
2972 2117 3036 2183 τῇ
3071 2114 3260 2185 ἐρήμῳ
3292 2112 3381 2164 τὸν
3409 2110 3563 2180 Ἀμὶν
3583 2109 3652 2162 τὰ
3676 2106 3872 2171 ὑποζύ-

2308 2223 2399 2274 για
2432 2206 2664 2275 νέμοντα
2694 2205 2786 2258 τοῦ
2820 2205 3024 2274 πατρὸς
3051 2204 3212 2257 αὐτοῦ
3233 2200 3495 2268 Σεὸεγών.
3521 2199 3683 2252 Αἰνὰν
3704 2199 3762 2251 δέ
3787 2199 3873 2250 τὸν

627 2288 816 2358 Δησὼν
869 2290 961 2341 καὶ
1007 2291 1266 2360 meum
1314 2294 1587 2363 θυγατέρα
1615 2295 1897 2365 ἐγέννησεν
1921 2313 1933 2326 ·
1970 2299 1998 2348 6
2030 2296 2084 2347 δὲ
2114 2295 2298 2365 Δησὼν
2328 2296 2416 2347 τὸν
2459 2295 2715 2364 ’Λμαδὰν,
2748 2295 2842 2345 καὶ
2882 2293 3098 2355 Ἀςϐὰν,
3168 2293 3261 2344 καὶ
3309 2292 3347 2342 Γ
3353 2290 3532 2361 εθρὰν,
3591 2291 3688 2342 καὶ
3732 2291 3873 2360 Χαρ-

629 2383 828 2452 ρἆν.”υ
857 2385 912 2434 δὲ
963 2383 1127 2454 Ἀσὴρ
1166 2387 1192 2436 ὁ
1223 2385 1476 2456 τέταρτος
1506 2387 1617 2449 υἱὸς
1663 2390 1755 2441 τοῦ
1803 2391 1986 2460 Σηεὶρ,
2015 2394 2282 2463 τέσσαρας
2338 2392 2531 2453 παῖδας
2590 2390 2896 2458 ἐγέννησεν,
2937 2388 3144 2458 Βαλὰμ,
3181 2385 3420 2455 Ζουκὰμ,
3492 2385 3730 2454 Ἰουκὰμ,
3785 2385 3872 2437 Οὐ-

629 2470 743 2543 κάμ
767 2491 780 2504 ·
813 2477 840 2526 6
870 2474 924 2526 δὲ
956 2476 1205 2545 πέμπτος
1238 2480 1349 2541 υἱὸς
1382 2479 1472 2530 τοῦ
1502 2481 1666 2553 Σηεὶρ
1696 2484 1936 2554 Ὀρήσων
1965 2487 2054 2537 τὸν
2089 2486 2373 2557 Ὠσσαράν.

699 2565 898 2620 Verum
930 2579 1218 2638 antequam
1265 2587 1419 2641 reges
1448 2583 1767 2628 crearentur
1807 2578 1860 2630 in
1903 2577 2063 2633 Israel
2093 2621 2106 2642 ,
2144 2581 2196 2633 hi

625 2665 923 2725 regnarunt
955 2660 1007 2712 in
1036 2659 1203 2714 Edom
1232 2661 1277 2693 ⁸⁸
1309 2682 1320 2715 :
1365 2663 1525 2718 Baiae
1555 2665 1697 2720 ﬁlius
1733 2666 1890 2732 Beor,
1915 2679 1969 2722 et
2004 2687 2198 2723 nomen

627 2749 774 2804 illius
802 2752 1038 2806 civitatis
1081 2753 1326 2820 Denaba;
1375 2755 1500 2810 huic
1544 2762 1810 2814 successit
1856 2761 2028 2815 Jobab
2061 2763 2200 2818 Illius

630 2841 793 2895 Sarra
826 2858 891 2895 ex
937 2843 1186 2914 Bossyra,
1223 2857 1510 2916 postquam
1539 2851 1701 2904 Asom
1732 2868 1795 2905 ex
1845 2851 2161 2907 Themanon
2183 2894 2198 2917 ,

631 2941 755 3002 post
789 2950 947 3002 quem
974 2936 1120 2988 Adad
1157 2936 1298 2990 ﬁlius
1328 2938 1520 3004 Barad,
1557 2941 1648 3009 qui
1703 2944 1755 2995 in
1810 2958 2003 3012 campo
2047 2943 2203 2998 Moab

631 3027 832 3079 excidit
861 3025 1113 3089 Madiam,
1145 3039 1196 3081 et
1223 3046 1419 3084 nomen
1451 3033 1690 3086 civitatis
1744 3035 1888 3090 illius
1914 3035 2160 3089 Getthem
2184 3076 2199 3099 ,

627 3129 751 3190 post
795 3121 940 3177 hunc
986 3122 1233 3178 Samalae
1267 3142 1333 3180 ex
1383 3126 1663 3195 Masecca;
1716 3139 1839 3198 post
1868 3147 2028 3200 quem
2073 3132 2200 3185 Saul

2375 2581 2485 2650 Πρὸ
2537 2580 2592 2632 δὲ
2622 2578 2712 2632 τοῦ
2765 2574 3077 2646 βασιλεῦσαι
3137 2573 3388 2644 βασιλέας
3414 2576 3469 2625 ἐν
3504 2570 3873 2653 Ἰσραὴλ.-τῇ

2317 2672 2493 2741 Ἐδὼμ
2547 2662 2693 2722 οὗτοι
2739 2670 2785 2721 οἱ
2834 2663 3070 2736 βασιλεῖς
3103 2665 3480 2718 ἐϐασίλευσαν·
3537 2662 3718 2714 Βαλὰκ
3766 2659 3872 2720 υἱὸς

2306 2763 2459 2834 Βεὼρ
2515 2763 2605 2814 καὶ
2638 2762 2806 2830 ὄνομα
2831 2763 2896 2829 τῇ
2921 2759 3072 2812 πόλει
3097 2757 3258 2810 αὑτοῦ
3285 2756 3511 2816 Δενὰὕα,
3539 2753 3654 2825 μεθ’
3675 2753 3735 2808 ὃν
3764 2753 3872 2804 Ἰω-

2308 2857 2410 2907 6ὰ6
2434 2856 2546 2918 υἱὸς
2560 2854 2859 2926 Ζαρρἁἐκ
2884 2850 3180 2922 Βοσσύρας,
3211 2849 3324 2920 μεθ’
3347 2850 3404 2901 ὃν
3438 2847 3602 2918 Ἀζδμ
3628 2851 3657 2901 6
3689 2849 3754 2899 ἐκ
3776 2847 3870 2915 γῆς

2307 2946 2586 3016 Θεμανὼν,
2645 2947 2758 3016 μεθ’
2792 2945 2849 2996 ὃν
2892 2943 3066 3006 ’Λδὰδ,
3103 2943 3216 3004 υἱὸς
3260 2941 3458 3010 Βαρὰδ,
3498 2941 3642 2999 ὅστις
3695 2940 3752 2989 ἐν
3802 2936 3870 3004 τῷ

2309 3038 2475 3107 πεδίῳ
2506 3035 2678 3089 Μωὰὸ
2710 3035 2931 3104 ἐξέκοψε
2957 3034 3054 3105 τὴν
3095 3031 3334 3100 Μαδιὰμ,
3370 3030 3462 3083 καὶ
3487 3029 3651 3098 ὄνομα
3685 3030 3752 3097 τῇ
3787 3026 3870 3076 πύ-

2307 3127 2388 3180 λει
2415 3128 2578 3181 αὑτοῦ
2605 3127 2812 3195 Γετθέμ
2829 3143 2841 3156 ’
2883 3126 3016 3195 μετὰ
3053 3123 3107 3175 δὲ
3133 3123 3317 3175 τοῦτον
3343 3121 3604 3192 Σαμαλὰκ
3624 3123 3651 3172 6
3675 3123 3738 3172 ἐκ
3757 3119 3871 3171 Ma-

627 3227 691 3264 ex
724 3211 957 3277 Roboth,
987 3231 1106 3284 qua:
1138 3224 1219 3270 est
1251 3234 1418 3286 prope
1459 3218 1657 3273 ﬁumen
1685 3239 1699 3285 ;
1744 3228 1868 3290 post
1909 3236 2068 3288 quem
2099 3221 2201 3273 Ba-

2308 3220 2527 3281 σέκκας,
2565 3219 2680 3288 μεθ’
2712 3218 2769 3270 ὃν
2816 3215 2985 3268 Σαοὺλ
3028 3216 3056 3268 6
3103 3217 3167 3267 ἐκ
3206 3213 3406 3265 Ῥοϐὼθ
3460 3212 3559 3280 τῆς
3608 3210 3758 3280 παρὰ
3785 3209 3871 3260 τὸν

628 3303 860 3356 lacnnon
897 3304 1037 3360 lilius
1071 3308 1339 3370 Ahochor,
1374 3312 1462 3362 cui
1495 3317 1612 3363 erat
1644 3326 1782 3363 uxor
1821 3311 2039 3365 nomine
2091 3311 2203 3365 Me-

629 3395 803 3448 tebeel
840 3395 948 3449 ﬁlia
982 3397 1216 3463 Matrad,
1276 3401 1367 3453 lilii
1416 3400 1697 3470 Mezooph,
1729 3401 1921 3455 horum
1962 3404 2204 3456 omnium

629 3487 754 3538 anni
795 3499 1176 3557 computantur
1216 3507 1442 3545 numero
1488 3508 1538 3546 ι).
1585 3491 1708 3545 Filii
1741 3509 1868 3546 vero
1897 3490 2064 3547 Jacob
2095 3492 2206 3545 fra-

626 3581 729 3631 tris
755 3578 954 3650 Joseph
979 3583 1120 3635 laudi
1147 3584 1439 3654 gloriaeque
1469 3583 1773 3638 invidentes
1802 3586 1846 3618 ⁸⁹
1868 3625 1882 3649 ,
1921 3601 2046 3640 eum
2074 3599 2206 3638 ven-

630 3673 765 3722 dunt
800 3670 1107 3734 lsmaelitis,
1141 3683 1194 3728 et
1233 3676 1336 3745 ipsi
1372 3676 1425 3728 in
1463 3674 1699 3747 Egypto
1729 3675 2055 3746 Pctephrin,
2112 3691 2207 3729 co—

631 3779 861 3832 quorum
891 3765 1120 3834 principi
1143 3767 1212 3818 9°.

705 3855 904 3908 Eadem
935 3863 1254 3924 tempestate
1277 3854 1444 3912 Judas
1476 3857 1541 3912 ad
1572 3857 1713 3916 Iram
1731 3857 2018 3926 quemdam
2045 3858 2207 3912 Odoi-

632 3948 873 4001 lamitcm
901 3947 1131 4009 accedit,
1166 3947 1350 4016 ibique
1396 3949 1675 4003 mulierem
1708 3948 2091 4011 Chananazam,
2116 3949 2205 4002 cui

637 4054 832 4103 nomen
861 4047 978 4092 erat
1010 4038 1149 4092 Saba
1177 4080 1191 4104 ,
1235 4039 1538 4107 inspectam
1587 4040 1743 4094 duxit
1783 4024 2028 4104 uxorem,
2057 4051 2109 4095 et
2138 4059 2205 4096 ex

635 4145 696 4182 ea
743 4137 978 4198 quatuor
1028 4130 1264 4198 suscepit
1293 4130 1493 4184 liberos
1523 4149 1535 4184 :
1576 4130 1702 4198 Her,
1735 4132 1951 4195 Aunan,
1990 4132 2202 4198 Selom,

633 4217 868 4285 Phares;
905 4226 957 4272 et
986 4217 1155 4274 Iudas
1187 4218 1294 4272 Her
1320 4235 1419 4273 suo
1450 4221 1811 4290 primogenito
1858 4224 2205 4278 matrimonio

633 4311 851 4378 copulat
875 4308 1128 4376 Thamar,
1153 4311 1245 4378 qui
1298 4320 1518 4380 propter
1544 4326 1756 4365 morum
1793 4313 2045 4368 eximiam
2099 4315 2202 4368 im-

634 4398 978 4468 probitatem,
1012 4398 1128 4453 sine
1152 4399 1274 4454 ﬁliis
1299 4401 1515 4467 occidit,
1550 4398 1659 4455 Deo
1686 4401 1837 4453 illum
1873 4403 1939 4458 ad
1972 4411 2200 4458 mortem

633 4489 919 4556 trudente;
978 4496 1032 4543 et
1077 4489 1243 4546 Iudas
1288 4492 1442 4546 Onan
1492 4493 1734 4546 secundo
1781 4491 1919 4556 ﬁlio,
1985 4503 2044 4547 ut
2094 4512 2199 4548 una

2310 3311 2570 3379 πταμὸν,
2602 3309 2718 3378 μεθ’
2744 3308 2802 3359 ὃν
2832 3305 3143 3359 Βαλαεννὼν
3175 3305 3289 3368 υἱὸς
3328 3301 3566 3372 Ἀὗοχὼρ
3609 3302 3746 3370 ἔχων
3779 3317 3868 3367 γυ-

2307 3404 2467 3454 ναῖκα
2503 3400 2724 3468 ὀνόματι
2767 3389 3074 3467 Μετεϐεὴλ,
3128 3394 3404 3464 θυγατέρα
3457 3392 3704 3464 Ματρὰδ,
3754 3389 3866 3443 υἱοῦ

2306 3486 2558 3555 Μεζοὼφ,
2591 3487 2639 3538 οἳ
2681 3487 2880 3548 πάντες
2913 3481 3054 3556 ἦσαν
3087 3484 3179 3554 ἐτη
3212 3482 3440 3554 ἁριθμδν
3480 3490 3550 3552 φ’.
3589 3485 3650 3535 Ol
3682 3483 3739 3534 δὲ
3771 3482 3867 3533 υἱοὶ

2319 3577 2530 3639 Ἰακὼϐ,
2571 3579 2658 3630 τὸν
2692 3577 2916 3644 ἀδελφὺν
2964 3576 3141 3630 αὐτῶν
3175 3575 3367 3645 Ἰωσὴφ
3399 3573 3574 3643 φθόνῳ
3610 3575 3866 3643 μισήσαν-

2305 3687 2415 3731 τες,
2457 3672 2568 3732 τοῖς
2606 3669 2971 3738 Ἰσμαηλίταις
3022 3668 3298 3721 ἀπέδοντο,
3334 3666 3426 3718 καὶ
3453 3666 3609 3718 αύῖοὶ
3656 3666 3735 3728 εἰς
3777 3665 3862 3716 Ατ-

2289 3758 2614 3828 γυπτονςῷ
2643 3761 2891 3828 Πετεφρῇ
2924 3758 2999 3828 τῷ
3029 3758 3409 3830 ἁρχιμαγείρῳ
3440 3754 3656 3826 Φαραώ.

2376 3851 2487 3903 Καὶ
2529 3853 2585 3903 ὲν
2617 3852 2692 3920 τῷ
2724 3851 2898 3922 χρόνῳ
2929 3851 3099 3920 τούτῳ
3145 3849 3341 3911 Ἰούδας
3381 3850 3683 3915 ἀφικνεῖται
3733 3847 3864 3916 πρὸς

2318 3942 2460 4013 Ἰράν
2485 3959 2602 3994 τινα
2640 3941 3018 4012 Ὀδολλαμίτην
3037 3959 3050 3970 ·
3080 3941 3172 3993 καὶ
3201 3941 3530 4009 θεασάμενος
3555 3941 3668 3991 ἐκεῖ
3688 3939 3860 3989 Χανα-

2307 4034 2461 4086 ναίαν
2494 4035 2726 4101 γυναῖκα
2759 4033 2934 4086 Σάϐαν
2985 4033 3226 4102 ὀνόματι,
3263 4030 3465 4099 ταύτην
3513 4030 3646 4100 πρὸς
3693 4027 3863 4096 γάμον

2306 4125 2514 4191 ἄγεται,
2557 4125 2648 4177 καὶ
2702 4127 2846 4176 ποιεῖ
2889 4123 3079 4186 παῖδας
3129 4122 3187 4188 ἐξ
3235 4123 3399 4190 αὐτῆς
3439 4119 3857 4190 τέσσαρας,Ἦρ,

2305 4216 2501 4278 Αύνὰν,
2559 4204 2774 4284 Σηλὼμ,
2826 4215 3018 4286 Φαρές.
3077 4217 3185 4268 Καὶ
3245 4215 3438 4278 Ἰούδας
3480 4215 3741 4284 λαμϐάνει
3790 4212 3860 4282 τῷ

2305 4304 2630 4376 πρωτοτόκῳ
2673 4305 2832 4359 αὑτοῦ
2876 4305 2975 4375 υἱῷ
3013 4307 3090 4376 τῷ
3117 4309 3183 4358 Ἢ
3190 4327 3221 4378 ρ
3253 4308 3483 4374 γυναῖκα
3512 4307 3733 4376 ὀνόματι
3760 4305 3858 4358 esp

2307 4413 2439 4467 μαρ,
2477 4399 2568 4449 καὶ
2605 4387 2700 4449 ’διὰ
2750 4398 3011 4467 πονηρίαν
3058 4399 3257 4468 πολλὴν
3303 4398 3409 4450 τῶν
3455 4397 3672 4468 τρόπων
3703 4393 3854 4451 αὑτοῦ

2304 4489 2470 4551 ἄπαις
2521 4489 2870 4559 ἀποθνήσκει,
2918 4488 3013 4541 τοῦ
3065 4489 3197 4541 Θεοῦ
3239 4489 3399 4541 αὑτὸν
3439 4487 3851 4549 θανατώσαντος.

632 4597 755 4636 cum
791 4581 1028 4636 Thamar
1058 4585 1462 4648 concumberet,
1489 4586 1717 4654 imponit
1751 4584 1818 4637 ad
1879 4585 2064 4641 fratris
2118 4589 2202 4641 sui

2307 4581 2416 4634 Kai.
2445 4582 2726 4652 ἐπιτρέπει
2754 4582 2782 4632 6
2821 4582 3016 4645 Ἰούδας
3046 4582 3122 4652 τῷ
3153 4581 3383 4650 δευτέρῳ
3407 4580 3569 4633 αὑτοῦ
3597 4579 3741 4632 παιδὶ
3764 4581 3853 4632 Αύ-

634 4690 820 4729 semen
894 4676 1262 4729 excitandum.
1339 4675 1444 4730 Sed
1497 4676 1651 4731 Onan
1708 4692 1831 4730 cum
1901 4677 2197 4732 liberorum

633 4768 1064 4836 procreationem
1093 4767 1157 4820 ad
1189 4785 1247 4823 se
1271 4785 1376 4822 non
1403 4769 1673 4837 pertinere
1705 4769 2074 4838 cognovisset,
2109 4771 2200 4824 ubi

631 4873 754 4912 cum
787 4860 1012 4914 muliere
1045 4876 1132 4914 res
1166 4869 1282 4914 crat
1307 4859 1574 4925 habenda,
1602 4875 1784 4913 semen
1811 4875 1975 4928 super
2001 4869 2198 4916 terram

631 4951 978 5018 effundebat;
1011 4968 1179 5022 quare
1230 4951 1372 5006 Deus
1407 4952 1671 5006 alienatus
1703 4958 1756 5005 et
1799 4953 2037 5006 oﬁensus
2075 4968 2199 5006 eum

631 5043 790 5096 morti
818 5043 1058 5096 tradidit.
1087 5043 1151 5095 Et
1189 5042 1357 5096 Judas
1381 5042 1617 5096 Thamar
1647 5043 1701 5095 in
1747 5043 1984 5110 paternis
2025 5043 2198 5096 domi-

635 5138 754 5195 bus,
779 5145 838 5188 ut
873 5135 1032 5188 vidua
1066 5137 1295 5196 sederet,
1329 5137 1500 5190 donec
1530 5134 1709 5189 Selom
1751 5144 2021 5190 cresceret
2060 5150 2200 5204 prae-

631 5229 784 5295 cipit,
815 5244 972 5295 quem
1011 5236 1250 5289 auctum,
1284 5235 1336 5281 et
1370 5228 1612 5281 adultum
1640 5270 1654 5293 ,
1719 5227 1910 5282 timore
1968 5228 2196 5286 ductus,

635 5329 794 5386 atque
817 5319 1249 5388 suspicione,ne
1287 5329 1338 5372 et
1394 5320 1439 5373 is
1486 5319 1762 5381 interiret,
1818 5321 2022 5373 nullum
2075 5336 2198 5373 cum

634 5410 871 5462 Thamar
903 5411 1213 5479 conjunxit;
1247 5426 1364 5480 quae
1398 5426 1539 5479 :egre
1592 5410 1694 5463 hoc
1736 5411 2067 5478 molesteque
2115 5408 2195 5463 fe-

634 5517 781 5566 rens,
813 5501 915 5555 hac
940 5501 1149 5555 ratione
1175 5501 1325 5555 .lndzc
1356 5504 1524 5555 vicem
1549 5501 1814 5569 rependit.
1843 5500 2050 5555 Etenim
2073 5516 2195 5553 cum

636 5593 784 5645 illum
821 5593 885 5647 ad
918 5608 1045 5648 oves
1081 5593 1382 5648 tondeutlas
1415 5595 1713 5662 profectum
1743 5602 1882 5647 "esse
1931 5589 2070 5645 fama
2107 5607 2197 5644 ac-

744 5751 786 5785 “
818 5750 939 5805 Gen.
979 5769 1158 5809 xvxvt.

1237 5754 1276 5785 ⁸⁷
1299 5752 1436 5807 Ibid.
1515 5755 1556 5786 "
1590 5752 1714 5807 Gen.
1749 5769 1928 5808 xxxvi.
2004 5755 2046 5786 ⁸⁸
2070 5751 2194 5807 Cen.
2232 5768 2435 5809 xxxv”.

2303 4675 2398 4733 νὰν
2423 4674 2841 4743 πνευνασθῆναι
2866 4676 2929 4743 τῇ
2966 4674 3180 4742 Θάμαρ,
3209 4671 3348 4724 ὥστε
3369 4671 3667 4739 ἀναστῆσαι
3702 4670 3851 4738 σπέρ-

2307 4782 2381 4833 μα
2408 4765 2483 4834 τῷ
2515 4763 2728 4833 ἀδελφῴ
2762 4763 2946 4816 αὑτοῦ.
2983 4763 3092 4814 Kal.
3125 4764 3154 4813 6
3196 4759 3373 4813 Αύνὰν
3409 4761 3590 4827 γνοὺς,
3639 4761 3719 4812 ὃτι
3761 4759 3849 4810 οὐκ

2302 4856 2449 4925 αὐτῷ
2483 4857 2777 4925 καθῆκενή
2809 4855 2916 4907 τῶν
2959 4853 3160 4906 τέκνων
3201 4852 3392 4922 σπορὰ,
3439 4854 3497 4904 ἐν
3545 4851 3622 4920 τῷ
3654 4850 3849 4920 μέλλειν

2304 4952 2536 5001 συνεῖναι
2568 4951 2633 5018 τῇ
2668 4947 2887 5014 γυναικὶ
2914 4946 3123 5015 ἐξέχεεν
3156 4945 3248 4996 ἐπὶ
3275 4945 3372 5010 τῆς
3406 4943 3509 5012 γῆς
3557 4943 3719 4996 αὑτοῦ
3762 4943 3846 5009 τὴν

2305 5041 2494 5108 γονήν·
2546 5039 2636 5090 καὶ
2688 5036 3006 5108 νεμεσηθεὶς
3038 5036 3128 5088 ἐπὶ
3173 5035 3326 5088 τοῦτο
3367 5035 3470 5087 ὑπὸ
3504 5035 3660 5099 Θεοῦ,
3690 5050 3840 5103 παρα-

2303 5131 2489 5200 χρῆμα
2521 5129 2806 5184 ἀπέθανεν.
2837 5129 2946 5182 Καὶ
2982 5131 3010 5180 6
3053 5126 3248 5190 Ἰούδας
3290 5126 3494 5180 κελεύει
3537 5127 3637 5196 τὴν
3667 5126 3844 5196 Θάμαρ

2301 5224 2358 5272 ἐν
2388 5225 2496 5283 τοῖς
2525 5222 2793 5292 πατρῴοις
2825 5221 2989 5283 οἴκοις
3003 5221 3184 5290 ’χήραν
3226 5219 3568 5283 καθέζεσθαι,
3593 5220 3698 5282 ἓως
3744 5211 3840 5270 οὗὸ

2303 5312 2500 5382 Σηλὼμ
2553 5313 2791 5375 αὒξεται.
2829 5311 3210 5380 Ἀνδρωθέντος
3257 5307 3348 5364 οὖν
3398 5311 3560 5363 αὑτοῦ
3618 5309 3839 5379 ἐφοϐήθη

2304 5406 2532 5473 savii/at
2563 5407 2723 5458 αὑτὸν
2754 5409 2817 5475 τῇ
2852 5405 3066 5476 Θάμαρ,
3103 5406 3444 5474 ὑποτοπήσας
3472 5406 3544 5475 μὴ
3587 5407 3679 5457 καὶ
3706 5399 3838 5463 οὗτος

2301 5499 2596 5550 ἀπολεῖται.
2617 5500 2677 5548 Ἠ
2701 5499 2755 5549 δὲ
2791 5499 2879 5550 ἐπὶ
2906 5497 3077 5567 τούτῳ
3104 5497 3329 5567 ἀχθεῖσα
3357 5497 3646 5567 ὀδυνηρῶς,
3674 5495 3840 5564 τοιῷδε

2296 5591 2478 5660 τρόπῳ
2521 5589 2608 5641 τὸν
2654 5588 2849 5641 Ἰούδαν
2870 5587 3169 5658 ἀμείϐεται.
3207 5587 3555 5658 Ἀ’ριχθέντος
3577 5585 3669 5642 οὖν
3694 5584 3839 5640 αὑτοῦ

2513 5752 2556 5784 ⁹⁰
2584 5749 2708 5805 (Ion.
2742 5766 2923 5806 “xxx.
