4044 6324
174 370 289 425 769

1099 366 1366 422 SPURIA.
1412 399 1480 409 —
1517 369 1870 424 COMMENT.
1914 371 1980 426 IN
2024 372 2510 430 HEXAEMERON.

3320 378 3426 432 770

166 483 271 534 ἐπὶ
300 482 396 554 τὴν
420 480 622 551 κουρὰν
644 479 750 531 τῶν
772 478 1076 548 προϐάτων,
1105 478 1381 533 ἀκούσασα
1410 481 1542 550 αὑτὴ
1565 483 1726 551 ἁπαμη

1856 486 2111 553 cepisset,
2144 496 2346 541 vestem
2392 486 2673 557 lugubrem
2715 496 2864 543 exuit
2908 489 3269 559 amiciturque
3307 506 3422 543 ma.

167 576 433 642 φίσκεται
468 577 564 646 μὲν
590 575 686 644 τὴν
717 572 913 642 ἐσθῆτα
946 574 1045 640 τὴν
1084 570 1360 640 πενθικὴν,
1392 572 1744 642 ἀμφιέννυται

161 667 228 720 δὲ
260 669 550 737 πολυτελῆ,
582 668 675 718 καὶ
702 665 838 735 πρὸς
863 667 982 726 ταῖς
1011 663 1205 727 πύλαις
1227 665 1323 732 τῆς
1350 664 1557 727 πόλεως
1585 667 1746 720 Αίνὰν

162 757 488 820 ἐκαθέζετο,
524 758 589 823 ἦν
614 757 643 807 6
687 754 887 816 Ἰούδας
919 754 1123 807 ἐκεῖθεν
1156 754 1365 825 παριὼν
1395 754 1743 825 θεασάμενος,

160 846 247 911 ι’»ς
286 849 506 920 ἑταίρας
545 846 756 917 ἠράσθη
791 846 974 916 αὐτῆς
1007 846 1067 896 τὸ
1098 846 1205 915 γὰρ
1254 845 1539 915 πρόσωπον
1579 844 1746 918 αὐτῆς

161 940 316 1008 πρὸς
348 940 410 991 τὸ
438 940 510 1009 μὴ
544 938 940 1007 ἐπιγνωσθῆναι
970 939 1295 1007 ἐπεκάλυψε,
1330 940 1421 991 καὶ
1447 941 1747 1011 ὑποσχόμε-

157 1047 258 1093 νος
304 1031 441 1099 αὐτῇ
471 1029 651 1098 ἔριφον
682 1030 1010 1089 ἀποστεῖλαι,
1036 1027 1185 1094 ἠξίου
1215 1028 1553 1095 συμμιγῆναι
1584 1032 1739 1100 αὐτῇ.

172 1118 249 1171 ἸΙ
283 1119 343 1172 δέ
379 1121 441 1171 οὐ
471 1120 733 1191 πρότερον
764 1114 926 1183 εἶξεν,
953 1121 1000 1170 εἰ
1038 1119 1112 1188 μὴ
1142 1117 1393 1188 ἐνέχυρον
1422 1119 1514 1170 τὸν
1544 1120 1742 1177 δακτύη

156 1211 306 1271 λιον,
346 1212 440 1264 καὶ
478 1212 569 1264 τὸν
608 1213 887 1283 ὁρμίσκον,
923 1212 1014 1262 καὶ
1047 1209 1141 1279 τὴν
1183 1209 1478 1282 βακτηρίαν
1504 1214 1738 1284 εἴληφεν.

169 1302 267 1364 Ὠς
310 1302 371 1355 δὲ
413 1303 677 1373 συνεμίγη
713 1292 870 1372 ain-ﬁ,
925 1300 1083 1361 αὐτὸς
1142 1300 1240 1369 μὲν
1282 1304 1360 1364 είς
1410 1304 1478 1355 τά
1518 1304 1741 1373 ποίμνια
1776 1364 1791 1383 ἱ

154 1392 337 1446 αὐτοῦ
387 1396 610 1462 ἀφίκετο
626 1398 653 1425 ·”
689 1398 721 1466 ἡ
755 1396 810 1447 δὲ
847 1390 1327 1464 μεταμφιεσαμένη
1366 1394 1523 1447 πάλιν
1554 1395 1619 1446 τὰ
1644 1397 1742 1466 τῆς

156 1485 345 1553 χήρας
394 1485 682 1555 ἐνδύματα,
717 1485 1016 1557 ἐκρύπτετο
1065 1480 1413 1537 λανθάνουσα.
1432 1486 1520 1547 Ὠς
1541 1486 1584 1537 δ’
1609 1487 1743 1538 ἁπο-

157 1576 389 1638 στείλας
433 1579 461 1629 6
503 1577 698 1639 Ἰούδας
732 1576 821 1628 τὸν
854 1576 1039 1647 ἔριφον
1074 1575 1328 1645 ἐπεζήτει
1361 1570 1451 1629 τὸν
1482 1577 1741 1647 ὁρμίσκον

154 1666 256 1718 καὶ
312 1667 382 1719 τά
425 1668 570 1737 ἑξῆς,
600 1670 691 1720 καὶ
739 1668 836 1736 οὐχ
886 1660 1062 1738 εὗρεν,
1099 1669 1189 1721 ἐπὶ
1220 1668 1298 1737 τῷ
1344 1668 1740 1740 παραλογισμῷ

152 1755 438 1828 διεπρίετο
487 1758 688 1826 μέντοι,
738 1759 1020 1830 ἐκαρτέρει
1068 1759 1125 1811 δὲ
1178 1761 1427 1829 φωρᾶσαι
1474 1758 1737 1823 παντοίως

1851 575 2081 644 gniﬁce,
2123 587 2175 631 et
2224 576 2546 647 Splendide,
2586 578 2833 646 seditque
2880 580 2947 633 ad
2989 577 3135 639 fores
3185 581 3423 634 civitatis

1848 663 2029 719 Enen
2058 668 2129 731 ἰ,
2162 682 2324 736 quam
2347 665 2516 723 ludas
2544 668 2669 722 inde
2699 671 3014 736 praeteriens
3046 679 3419 738 conspectam,

1849 757 1927 808 uti
1959 758 2293 813 meretricem
2318 758 2568 826 deperiit,
2595 759 2797 812 vultum
2822 760 2985 824 enim,
3016 777 3084 815 ne
3118 776 3421 830 cognosce-

1847 854 2017 909 retur,
2050 849 2382 912 obduxerat,
2415 865 2582 919 seque
2623 851 2837 905 haedum
2881 852 3175 906 missurum
3207 853 3419 921 pollici.

1847 946 1954 1000 tus,
1984 953 2101 991 eam
2139 947 2196 991 ut
2232 940 2341 993 sibi
2356 939 2781 1009 conjungeretur
2802 944 3294 1009 percunctabatur;
3327 942 3419 995 illa

1846 1028 2102 1092 abnuere,
2133 1028 2235 1082 nisi
2267 1030 2523 1087 annulus,
2562 1029 2754 1083 catella
2819 1030 3155 1100 baculusque
3210 1031 3409 1103 pignus

1845 1121 1913 1173 ab
1943 1134 2008 1172 eo
2030 1120 2132 1173 sibi
2158 1121 2415 1185 daretur;
2465 1129 2524 1174 ut
2557 1136 2670 1174 rem
2706 1120 2916 1183 habuit,
2955 1123 3070 1192 ipse
3096 1116 3314 1193 quidem
3348 1124 3418 1176 ad
3444 1124 3461 1135 ’

1836 1210 2035 1278 greges
2066 1211 2230 1273 abiit;
2266 1212 2355 1264 illa
2388 1212 2584 1265 iterum
2615 1213 2790 1267 viduae
2824 1214 3162 1270 vestimentis
3195 1217 3415 1280 amicta,

1844 1302 1897 1352 in
1920 1301 2135 1354 occulto
2158 1302 2355 1355 latebat
2391 1304 2591 1357 abdita.
2629 1304 2697 1356 At
2727 1302 2897 1358 Judas
2931 1312 2989 1356 ut
3017 1306 3187 1360 misso
3225 1308 3413 1369 haedo,
3496 1362 3501 1368 ,

1842 1392 2089 1445 catellam
2123 1393 2437 1462 reliquaque
2475 1394 2702 1463 pignora
2744 1410 3036 1464 reposcens
3058 1435 3073 1458 ,
3124 1412 3233 1450 non
3267 1400 3418 1452 inve-

1841 1484 1943 1545 uit,
1993 1484 2159 1540 variis
2216 1485 2634 1553 cogitationibus
2688 1486 3069 1551 afﬂictabatur,
3108 1490 3415 1543 sustinebat

1843 1585 2020 1629 tamen
2077 1576 2329 1639 omnino,
2382 1573 2779 1630 fraudationem
2836 1578 3239 1646 deprehendere
3296 1587 3415 1635 stu-

1841 1668 1997 1723 dens.
2054 1666 2239 1738 ltaque
2280 1684 2390 1722 non
2457 1676 2577 1737 post
2629 1671 2859 1723 multum
2915 1677 3131 1740 tempus
3181 1671 3419 1727 Thamar

1842 1758 2065 1829 gravida
2089 1760 2444 1829 comperitur,
2471 1758 2750 1831 Judasque
2783 1776 2901 1816 eam
2938 1761 3259 1816 fornicatam
3292 1779 3417 1817 cou-

154 1848 260 1914 τὴν
288 1848 505 1916 ἀπάτην
536 1849 869 1919 βουλόμενος.
906 1851 1109 1921 Χρόνου
1138 1847 1228 1903 οὖν
1272 1848 1625 1921 παρελθόντος
1654 1851 1726 1918 ἔγ-

1842 1851 2052 1919 cepisse
2086 1865 2209 1904 cum
2243 1851 2505 1915 audisset,
2535 1852 2713 1920 jubet,
2748 1860 2806 1908 ut
2838 1856 3025 1909 vivens
3057 1854 3412 1926 coullagrata,

156 1954 293 2003 γυος
348 1941 382 2008 ἡ
433 1940 628 2011 Θάμαρ
676 1941 903 2008 γίνεται,
937 1943 1029 1995 καὶ
1064 1942 1299 2005 ἀκούσας
1336 1945 1364 1995 6
1408 1942 1623 2005 Ἰούδας,
1652 1943 1732 1994 ὅτι

153 2032 220 2081 ἐκ
256 2030 513 2099 πορνείας
542 2032 843 2103 συνείληφε,
874 2034 1193 2104 προστάττει
1227 2034 1404 2097 ζῶσαν
1430 2036 1595 2104 αὐτὴν
1636 2053 1733 2086 κα-

151 2121 546 2192 ταφλεχθῆναι.
566 2126 629 2177 Ἠ
656 2126 711 2177 δὲ
734 2126 972 2196 ἀγομένη
1000 2126 1312 2179 ἀποστέλλει
1338 2127 1413 2195 τῷ
1446 2126 1612 2197 Ἰούδᾳ
1640 2125 1731 2180 τὸν

151 2205 445 2283 ὁρμίσκον,
474 2218 567 2269 καὶ
613 2218 702 2270 τὸν
751 2218 1051 2281 δακτύλιον,
1088 2219 1182 2270 καὶ
1225 2218 1323 2288 τὴν
1377 2218 1590 2288 ῥάϐδον,
1626 2222 1730 2288 φά-

156 2318 368 2358 σκουσα
387 2324 399 2336 ·
447 2307 540 2359 Ἐκ
570 2308 662 2360 τοῦ
688 2308 995 2379 ἀνθρώπου,
1025 2306 1228 2373 οὗτινος
1259 2310 1432 2362 ταῦτά
1461 2311 1598 2371 ἐστι,
1622 2308 1731 2377 ἐγὼ

156 2396 476 2465 ουνείληφα.
497 2396 782 2465 Ἐπίγνωθι
811 2396 902 2452 οὖν
931 2400 1073 2461 τίνος
1098 2402 1125 2453 6
1148 2398 1446 2462 δακτύλιος,
1476 2401 1569 2452 καὶ
1592 2399 1620 2449 6
1641 2400 1731 2468 όρ-

157 2486 376 2554 μίσκοςν
413 2489 506 2541 καὶ
542 2493 575 2559 ὴ
610 2490 899 2559 ρά6δος.⁰0
939 2492 994 2543 δὲ
1042 2491 1264 2553 Ἰούδας,
1293 2491 1610 2559 σχετλιάσας
1641 2484 1732 2540 ἐπὶ

1838 1940 2089 1995 incendio
2124 1941 2403 2007 concidat;
2437 1958 2556 2011 quae
2572 1959 2694 1996 cum
2719 1946 3029 2009 duceretur,
3055 1945 3225 2004 Iudae.
3247 1948 3417 2001 catel-

1837 2029 1966 2098 lam,
1998 2030 2247 2085 baculum
2275 2034 2643 2101 annulumque
2667 2036 2911 2100 remittit,
2943 2038 3131 2091 dicens
3158 2057 3172 2091 :
3205 2038 3283 2091 Ex
3313 2038 3412 2091 hoc

1837 2121 1981 2173 mine
2012 2121 2170 2189 cujus
2204 2122 2316 2175 haec
2346 2131 2491 2183 sunt,
2516 2137 2615 2191 ego
2644 2125 2889 2192 concepi,
2922 2125 3209 2193 cujusnam
3248 2127 3413 2195 igitur

1834 2212 2091 2273 annulus,
2123 2213 2316 2266 cateila
2343 2214 2677 2282 baculusque
2723 2224 2869 2277 sunt,
2903 2231 3087 2270 nosce.
3118 2217 3212 2271 His
3238 2215 3411 2271 Judas

1836 2303 2019 2356 animo
2048 2302 2296 2368 indoluit,
2339 2303 2677 2375 Numineque
2703 2307 2931 2370 afflatus,
2968 2314 3137 2362 semet
3170 2310 3236 2362 de
3265 2309 3412 2376 inju-

1837 2396 1985 2449 stitia
2017 2396 2346 2459 accusando,
2379 2395 2493 2449 haec
2524 2399 2699 2451 aiebat
2731 2416 2744 2450 :
2774 2397 2982 2451 Justior
3006 2406 3089 2453 est
3120 2414 3205 2452 me
3234 2415 3247 2450 :
3282 2416 3410 2468 pro-

1836 2496 2022 2556 pterea
2050 2487 2193 2555 quod
2218 2502 2325 2539 non
2349 2488 2469 2541 dedi
2493 2503 2610 2541 eam
2641 2488 2819 2542 Selom
2854 2490 2961 2542 lilio
2995 2505 3135 2544 meo.

153 2580 234 2649 τῷ
285 2586 591 2654 πράγματι.
628 2585 720 2638 καὶ
762 2584 947 2647 ἔνθους
995 2586 1301 2655 γενόμενος,
1349 2586 1507 2647 αὐτὸς
1540 2584 1728 2638 ἑαυτὸν
1762 2583 1854 2634 ἐπὶ
1901 2584 1965 2651 τῇ
2001 2581 2180 2652 ἀδικίᾳ
2215 2582 2616 2651 κατεμέμφετο,
2651 2582 2853 2649 λέγων·
2902 2582 3251 2636 Δεδικαίωται
3305 2582 3406 2635 αῦ-

151 2688 242 2743 τη,
277 2676 310 2745 ἦ
343 2674 474 2743 ἐγὼ,
496 2667 555 2727 οὗ
582 2676 766 2729 ἕνεκεν
788 2678 885 2729 οὐκ
918 2677 1089 2729 ἔδωκα
1116 2680 1284 2748 αὐτὴν
1310 2677 1507 2747 Σηλὼμ
1525 2676 1601 2746 τῷ
1625 2674 1725 2744 υἰῷ
1767 2692 1888 2745 μου.

224 2767 375 2836 Αὕτη
403 2768 480 2832 δὲ,
511 2768 773 2839 γενομένη
807 2769 1011 2835 ἐπίτεξ,
1046 2769 1300 2839 διδύμους
1331 2770 1387 2821 ἐν
1426 2769 1502 2838 τῷ
1523 2769 1724 2821 τίκτειν

154 2860 548 2930 προσήνεγκεν.
580 2857 691 2910 Καὶ
715 2861 743 2911 6
771 2859 868 2927 μὲν
896 2859 1112 2927 μείζων,
1156 2860 1429 2911 τουτέστιν
1453 2861 1481 2910 6
1510 2857 1724 2929 πρῶτος

154 2949 250 3019 τὴν
285 2953 441 3019 χεῖρα
470 2948 632 3001 αὑτοῦ
669 2948 1010 3019 προεξείϐαλε,
1046 2951 1140 3001 καὶ
1167 2952 1199 3018 ἡ
1241 2952 1369 3018 μαῖα
1409 2948 1563 3016 λῶμα
1600 2948 1726 2999 κόκ-

1898 2763 2004 2818 Sed
2031 2765 2266 2818 Thamar
2313 2765 2426 2835 jam
2458 2766 2788 2835 parturiens,
2815 2767 2953 2822 duos
2982 2770 3035 2822 in
3077 2778 3237 2840 partu
3270 2788 3403 2841 pro-

1828 2857 2058 2919 tulit",
2106 2872 2338 2924 quorum
2397 2858 2603 2927 major,
2663 2860 2872 2929 primus
2932 2862 3139 2916 scilicet
3181 2879 3406 2920 manum

1825 2949 2028 3012 emisit,
2061 2949 2431 3018 obstetrixque
2461 2965 2579 3003 eam
2610 2949 2820 3004 fimbria
2850 2967 3121 3020 purpurea
3152 2956 3401 3025 illigavit,

155 3058 303 3093 κινον
352 3044 417 3109 τῇ
470 3041 611 3111 χειρὶ
660 3039 821 3093 αὑτοῦ
868 3041 1186 3111 προσέδησε,
1213 3041 1526 3108 φάσκουσα⁸
1560 3035 1726 3100 Οὗτος

1828 3037 2047 3094 dicens:
2069 3038 2166 3094 llic
2188 3041 2396 3109 primus
2418 3042 2716 3110 egreditur,
2737 3042 3023 3111 subitoque
3050 3059 3185 3112 puer
3208 3061 3404 3101 manus

161 3130 489 3195 ἐξελεύσεται
531 3132 740 3202 πρῶτος
758 3149 772 3161 ·
810 3132 903 3184 καὶ
934 3130 1136 3194 εὐθέως
1160 3131 1220 3183 τὸ
1249 3132 1456 3184 παιδίον
1486 3130 1584 3201 τὴν
1616 3135 1724 3201 χεῖ-

160 3240 225 3291 ρα
254 3222 400 3275 ἔνδον
436 3225 725 3293 συνήγαγε,
756 3224 849 3276 καὶ
879 3224 1065 3294 ἐξῆλθε
1095 3223 1307 3291 πρῶτος
1333 3225 1360 3275 6
1389 3223 1608 3291 ἀδελφὸς
1628 3224 1725 3275 αὑ-

155 3311 245 3364 τοῦ
276 3314 369 3366 καὶ
394 3313 594 3384 ἐκλήθη
623 3314 683 3365 τὸ
708 3312 878 3382 ὄνομα
897 3312 1060 3367 αὑτοῦ
1091 3312 1264 3381 Φαρές
1283 3329 1294 3341 '
1327 3314 1419 3365 καὶ
1443 3312 1577 3382 μετά
1597 3311 1722 3364 τοῦ-

156 3419 243 3455 τον
289 3405 508 3475 ἐξῆλθεν
557 3406 585 3457 ὀ
633 3402 879 3472 ἀδελφὸς,
917 3404 1000 3471 ἐφ’
1031 3397 1075 3470 ᾧ
1100 3399 1167 3472 ἦν
1195 3402 1254 3455 τὸ
1292 3404 1539 3455 κόκκινον
1570 3405 1625 3455 ἐν
1654 3406 1718 3473 τῇ

158 3496 316 3565 χειρὶ,
351 3497 443 3549 καὶ
493 3496 848 3566 ἐπωνομάσθη
880 3496 1060 3567 Ζαρὰ.
1095 3495 1309 3547 Τούτων
1354 3494 1644 3564 ἐτύγχανεν
1694 3498 1723 3548 6

170 3584 360 3655 Ἰωσὴφ
391 3587 654 3655 ἀπόγονος
696 3589 724 3639 6
775 3589 1027 3657 μνήστωρ
1058 3587 1153 3655 τῆς
1184 3585 1451 3657 ἀχράντου
1484 3587 1717 3657 Μαρίας,

160 3674 215 3740 ἐξ
236 3671 301 3746 ἧς
329 3679 357 3728 6
385 3678 611 3747 Χριστὸς
637 3678 697 3730 τὸ
724 3677 945 3748 σαρκίον
971 3677 1280 3746 ἀνείληφεν.

224 3766 411 3835 Φαρὲς
437 3768 566 3835 γὰρ,
592 3766 667 3829 ὡς
697 3768 724 3819 6
750 3766 1138 3837 εὐαγγελιστὴς
1180 3766 1454 3828 Ματθαῖος
1498 3766 1716 3835 ἱστορεῖ,

155 3850 439 3926 ἐγέννησε
479 3857 587 3910 τὸν
632 3848 1121 3925 Ἐσρὼμ,Ὲσρὼμ
1169 3856 1237 3909 δὲ
1278 3856 1567 3925 ἐγέννησε
1615 3857 1720 3909 τὸν

168 3949 541 4018 Ἀρὰμ,Ἀρὰμ
573 3943 640 4001 δὲ
671 3948 958 4018 ἐγέννησε
1008 3949 1116 4001 τὸν
1153 3947 1481 4016 Ἀμιναδάϐ,
1501 3950 1720 4016 Ἀμινα-

155 4037 263 4092 δάϐ
286 4040 354 4093 δὲ
381 4040 671 4108 ἐγέννησε
696 4040 802 4093 τὸν
815 4038 1133 4102 Ναασσὼν,
1152 4039 1453 4092 Ναασσὼν
1468 4038 1535 4091 δὲ
1557 4039 1718 4105 ἐγέν-

156 4146 299 4196 νησε
318 4131 425 4183 τὸν
448 4128 715 4199 Σαλμὼν,
738 4128 989 4198 Σαλμὼν
1016 4128 1082 4181 δὲ
1108 4129 1399 4197 ἐγέννησε
1425 4129 1531 4181 τὸν
1552 4130 1713 4194 Βοὸζζ

158 4220 305 4281 Βοὸζ
319 4221 388 4273 δὲ
404 4220 690 4288 ἐγέννησε
717 4213 823 4273 τὸν
838 4218 1004 4287 Ὀὄὴδ
1022 4220 1089 4272 ἐκ
1110 4220 1218 4286 τῆς
1250 4221 1440 4283 Ῥοὺθ,
1469 4219 1636 4286 Ὀϐὴδ
1646 4220 1715 4272 δὲ

154 4311 435 4382 ἐγέννησε
447 4313 551 4366 τὸν
565 4314 777 4366 Ἰεσσαὶ
786 4354 799 4376 ,
817 4312 1024 4365 Ἰεσσαὶ
1042 4310 1107 4363 δὲ
1118 4310 1405 4379 ἐγέννησε
1417 4305 1524 4363 τὸν
1534 4311 1714 4364 Δαυῒδ

1828 3128 1977 3182 intus
2027 3131 2328 3193 contraxit,
2367 3134 2682 3202 primusque
2726 3132 2896 3187 frater
2936 3136 3058 3203 ejus
3093 3136 3294 3199 exivit,
3348 3146 3405 3192 et

1825 3230 2161 3276 vocatus-est
2194 3222 2434 3290 Phares;
2468 3234 2589 3293 post.
2620 3241 2778 3293 quem
2812 3227 2951 3280 alius
2992 3243 3247 3297 egressus
3277 3237 3359 3282 est
3386 3272 3399 3292 ,

1822 3312 1911 3364 cui
1941 3328 2135 3367 manus
2160 3329 2393 3383 purpura
2413 3323 2528 3369 erat
2549 3316 2769 3385 illigata,
2797 3326 2849 3372 et
2870 3322 3288 3389 cognominatus
3311 3330 3397 3377 est

1825 3405 1980 3458 Zara.
2010 3404 2093 3459 Ab
2121 3408 2205 3460 his
2258 3406 2417 3461 habet
2458 3416 2633 3461 ortum
2657 3402 2859 3478 Ioseph
2910 3425 3143 3478 sponsus
3189 3412 3379 3465 imma-

1822 3500 2014 3553 culatae
2052 3498 2307 3570 Virginis,
2341 3515 2404 3553 ex
2435 3514 2540 3569 qua
2572 3497 2823 3554 Christus
2866 3516 3085 3554 carnem
3131 3503 3394 3571 suscepit.

1892 3762 2091 3815 Phares
2118 3764 2289 3822 enim,
2335 3770 2395 3815 ut
2430 3762 2762 3830 evangelista
2806 3762 2971 3817 refert
3004 3762 3289 3821 Matthaeus
3316 3768 3384 3830 ’³.

1817 3856 1991 3922 genuit
2019 3852 2225 3913 Esrom,
2253 3851 2438 3905 Esrom
2464 3863 2637 3906 autem
2667 3855 2843 3921 genuit
2876 3856 3062 3921 Aram,
3096 3860 3261 3910 Aram
3296 3875 3394 3911 au-

1820 3954 1918 3997 tem
1952 3947 2127 4013 genuit
2157 3943 2475 4007 Aminadob,
2513 3944 2809 4013 Aminadab
2845 3954 3017 3997 autem
3060 3949 3238 4015 genuit
3279 3948 3397 4003 Na-

1817 4050 1994 4096 asson,
2026 4026 2275 4087 Naasson
2301 4042 2473 4086 autem
2493 4036 2669 4103 genuit
2698 4032 2941 4096 Salmon,
2970 4035 3189 4090 Solmon
3214 4048 3390 4092 autem

1816 4126 1990 4192 genuit
2022 4125 2183 4187 Booz,
2213 4125 2353 4178 Βοοε
2376 4134 2548 4179 autem
2580 4128 2753 4195 genuit
2790 4126 2932 4181 Obed
2961 4144 3024 4181 ex
3048 4128 3203 4192 Ruth,
3246 4131 3391 4184 Obed

1816 4227 1991 4269 autem
2034 4218 2210 4284 genuit
2254 4213 2592 4282 Iesse,lesse
2641 4226 2813 4268 autem
2864 4228 3039 4284 genuit
3086 4218 3259 4272 David
3306 4238 3391 4274 re-

1816 4320 1951 4373 gem,
1988 4303 2155 4357 David
2178 4315 2351 4357 autem
2392 4321 2482 4357 rex
2502 4306 2675 4373 genuit
2710 4304 3066 4372 Salomonem,
3098 4324 3162 4361 ea:
3188 4326 3248 4362 ea
3274 4326 3391 4378 quae

154 4401 254 4453 τὸν
274 4402 567 4465 βασιλέαο
619 4400 797 4454 Δαυῒδ
820 4400 887 4452 δὲ
908 4404 940 4453 ό
961 4400 1259 4465 βασιλεὺς
1300 4399 1586 4468 ἐγέννησε
1613 4401 1719 4453 τὸν

1827 4396 1921 4463 fuit
1963 4393 2123 4457 Uriaz,
2174 4394 2427 4449 Salomon
2485 4404 2659 4448 autem
2713 4397 2889 4465 genuit
2947 4396 3216 4465 Roboom,
3285 4399 3391 4453 Ro-

155 4486 465 4562 Σολομώνα
489 4494 557 4546 ἐκ
579 4486 685 4560 τῆς
701 4492 806 4546 τοῦ
837 4491 1071 4559 Οὐρίου,
1090 4492 1366 4559 Σολομὼν
1392 4490 1459 4543 δὲ
1474 4490 1714 4560 ἐγέννη-

155 4599 222 4638 σε
263 4586 371 4639 τὸν
414 4583 941 4653 Ῥοϐοὰμ,Ῥοϐοὰμ
970 4582 1036 4634 δὲ
1072 4583 1363 4651 ἐγέννησε
1391 4582 1496 4634 τόν
1541 4584 1709 4645 Ἀὸιὰ,

166 4674 306 4731 uete
347 4676 415 4729 δὲ
462 4672 750 4745 ἐγέννησε
799 4676 901 4728 τὸν
950 4676 1103 4737 Ἀσίι,
1123 4674 1259 4728 Ἀσὰ
1312 4675 1379 4727 δὲ
1424 4676 1711 4744 ἐγέννησε

154 4745 252 4818 1'61-
278 4760 579 4835 Ἰωσαφὰτ·
602 4766 879 4835 Ἰωσαφὰτ
917 4764 985 4817 δὲ
1017 4765 1305 4833 ἐγέννησε
1348 4768 1453 4818 τὸν
1490 4766 1705 4834 Ἰωρὰμ,

168 4856 355 4927 Ἰωρὰμ
376 4854 443 4910 δὲ
470 4852 757 4927 ἐγέννησε
789 4857 894 4911 τὸν
923 4856 1123 4920 Ὀζίαν,
1142 4856 1319 4922 Ὀζῖας
1333 4858 1401 4910 δὲ
1423 4858 1710 4926 ἐγέννησε

155 4948 251 5000 τὸν
264 4948 520 5017 Ἰωάθαμ,
538 4949 775 5017 Ἰωάθαμ
789 4952 854 5004 δὲ
864 4948 1150 5018 ἐγέννησε
1162 4948 1266 5001 τόν
1282 4947 1552 5010 Ἐζεκίαν,
1571 4950 1623 4998 Ἐ
1630 4947 1709 5007 ζε-

158 5039 276 5106 κίας
319 5039 391 5092 δὲ
432 5040 721 5108 ἐγέννησε
762 5042 869 5094 τὸν
922 5038 1244 5106 Μανασσῆ,
1272 5038 1607 5105 Μανασσῆς
1641 5040 1708 5092 δὲ

155 5126 434 5198 ἐγέννησε
473 5133 577 5185 τὸν
611 5131 1090 5201 Ἁμμὼν,Ἀμμὼν
1140 5131 1208 5183 δὲ
1275 5132 1563 5199 ἐγέννησε
1603 5132 1709 5185 τόν

170 5221 403 5285 Ἰωσίαν,
422 5222 643 5288 Ἰωσίας
690 5223 758 5274 δὲ
804 5221 1093 5291 ἐγέννησε
1138 5222 1243 5273 τὸν
1284 5223 1561 5290 Ἰεχονίαν
1609 5223 1707 5275 καὶ

158 5314 281 5381 τοὺς
315 5314 615 5383 ἀδελφοὺς
642 5314 825 5367 αὑτοῦ
856 5314 951 5366 ἐπὶ
981 5313 1089 5381 τῆς
1112 5314 1490 5381 μετοικεσίας
1526 5315 1709 5366 Βαϐυ-

158 5403 364 5472 λῶνος·
386 5407 535 5476 μετὰ
576 5404 643 5457 δὲ
658 5405 773 5473 τὴν
798 5408 1175 5473 μετοικεσίαν
1205 5405 1577 5471 Βαϐυλῶνος,
1617 5407 1708 5459 Ἰε-

161 5500 352 5562 χονίας
422 5496 709 5563 ἐγέννησε
753 5497 860 5548 τὸν
906 5496 1244 5562 Σιιλαθιὴλ,
1292 5496 1595 5564 Σαλαθιήλ
1640 5497 1709 5548 δὲ

161 5586 435 5657 ἐγέννησε
465 5588 571 5641 τὸν
594 5586 943 5655 Ζοροϐάϐελ,
975 5587 1301 5656 Ζοροϐάϐελ
1334 5587 1401 5640 δὲ
1419 5587 1707 5657 ἐγέννησε

221 5761 408 5822 “Gen.
438 5781 619 5820 xxm.
695 5766 740 5796 "
770 5762 894 5817 Gen.
933 5778 1163 5822 xxxvm.
1241 5764 1283 5796 ’³
1308 5761 1500 5816 Matth.
1537 5778 1573 5816 ι.

1816 4487 1965 4538 boam
1979 4494 2151 4539 auten:
2185 4488 2356 4554 genuit
2386 4486 2592 4547 Abiam,
2613 4486 2774 4539 Abias
2796 4497 2970 4541 autem
3006 4492 3180 4558 genuit
3201 4492 3385 4554 Asom,

1814 4579 1923 4631 Asa
1975 4586 2150 4631 autem
2186 4579 2361 4645 genuit
2389 4575 2683 4645 Iosophat,
2715 4575 2972 4645 Iosophat
3016 4591 3192 4633 autem
3211 4585 3387 4652 genuit

1810 4669 2019 4731 Joram,
2050 4667 2238 4720 .I'oram
2298 4678 2469 4720 autem
2517 4669 2694 4738 genuit
2736 4667 2924 4722 Oziam
2952 4709 2965 4733 ,
3017 4672 3179 4725 Ozias
3213 4686 3387 4727 autem

1811 4762 1987 4829 genuit
2016 4760 2290 4822 Joathom,
2317 4759 2569 4812 Joatham
2624 4770 2799 4813 autent
2842 4763 3015 4830 genuit
3064 4763 3385 4825 Esca/tiam.

1812 4853 2066 4906 Ezechias
2120 4862 2293 4905 autem
2321 4851 2497 4920 genuit
2529 4850 2853 4915 Manassem,
2888 4854 3164 4908 Monasses
3211 4868 3382 4909 autem

1810 4946 1985 5013 genuit
2012 4944 2255 5005 Ammon,
2280 4942 2500 4993 Ammon
2537 4953 2712 4995 autem
2735 4946 2912 5013 genuit
2938 4944 3165 5010 Josiam,
3199 4948 3382 4999 Josios

1810 5044 1985 5087 autem
2003 5032 2513 5103 genuitlechonium,
2537 5042 2583 5097 et
2605 5030 2793 5100 {r'atres
2811 5035 2919 5101 ejus
2946 5036 2996 5086 in
3035 5037 3383 5104 trans-migro-

1810 5128 1948 5177 tione
1976 5125 2290 5193 Babylonis,
2323 5134 2369 5176 et
2391 5132 2507 5192 post
2530 5126 3046 5192 transmigrationem
3068 5124 3377 5194 Bobglmis,

1809 5213 2087 5267 Jecltonias
2110 5215 2283 5282 genuit
2302 5213 2581 5275 Solatltiel,
2605 5212 2862 5266 Solathicl
2886 5224 3056 5266 autem
3079 5216 3255 5283 genuit
3278 5215 3383 5269 Zo-

1809 5306 2040 5367 robabet,
2069 5302 2355 5357 Zorobabel
2378 5313 2549 5355 autem
2573 5305 2749 5371 genuit
2774 5302 2967 5363 Abiud.
2998 5304 3170 5356 Abiud
3201 5317 3376 5357 autem

1809 5399 1983 5467 genuit
2014 5396 2297 5461 Elide/tim,
2336 5393 2595 5448 Eliachim
2629 5404 2803 5447 autem
2832 5397 3009 5464 genuit
3038 5399 3197 5459 Azor,
3240 5398 3377 5449 Azor
3426 5380 3429 5383 ἰ

1810 5498 1983 5539 autem
2012 5488 2184 5555 genuit
2200 5487 2389 5549 Sodoc,
2415 5482 2587 5539 sadoc
2600 5494 2771 5536 autem
2790 5486 2964 5553 genuit
2982 5485 3376 5553 Acltim,Ar/tint

1810 5589 1981 5633 autem
2005 5580 2176 5648 genuit
2203 5576 2550 5644 Eliud,Etiud
2570 5585 2743 5630 autem
2768 5575 2941 5646 genuit
2962 5575 3085 5629 Elea
3098 5575 3376 5642 zar,Eleao
