4044 6324
116 395 244 455 773

1046 398 1315 454 suum.
1356 429 1422 439 -ο
1462 398 1818 483 σοιιιιειιτ.
1866 399 1932 455 IN
1973 399 2467 459 nexamcnou.

3273 409 3382 465 ττι

111 513 414 582 ριέποντα,
461 515 672 586 πικρῶς
718 514 1038 581 στενάξασα,
1067 519 1160 570 καὶ
1209 518 1502 572 κωκύσασα
1546 515 1698 572 εἷπε·

1810 533 1995 572 amare
2045 523 2275 590 repetito
2309 521 2586 592 suspirio,
2621 522 2942 592 ejulansque
2966 523 3104 577 dixit
3143 544 3155 578 :
3195 544 3212 574 ‹
3239 526 3379 595 llud,

111 621 135 652 ι
154 601 238 657 Ὢ
271 605 356 677 δὴ,
393 607 585 678 Κύριε,
610 609 692 660 ὅτι
721 606 842 660 οὐδὲ
867 611 979 671 τοῖς
1009 613 1273 674 πετεινοῖς
1302 610 1512 676 τούτοις
1539 612 1704 681 ὡμοί-

101 709 281 760 ωμαι
318 696 563 765 γονίμοις
602 696 934 766 ὑπάρχουσιί
967 719 986 750 ι
1034 701 1143 753 Kal
1179 700 1351 754 ταῦτα
1380 700 1588 772 βοὼσης
1615 704 1708 756 αύ-

100 781 226 849 τῆς
265 784 402 854 πρὸς
449 785 540 836 τδν
573 784 726 848 Θεὸν,
758 787 986 855 ἄγγελος
1015 790 1220 862 Κυρίου
1249 792 1536 860 ἐπιφανεὶς
1569 795 1705 863 αὐτῇ

103 872 538 942 εὐαγγελίζεται
574 875 708 946 αύτῇ
743 879 1103 934 παιδοποιίαν.
1124 882 1186 934 Ἡ
1222 883 1280 934 δὲ
1307 883 1585 936 ἀκούσασα
1617 885 1706 936 εὑ-

103 960 218 1024 Οἰις
263 964 325 1014 τὺ
354 964 608 1032 γεννηθὲν
641 967 916 1020 ἀναθεῖναι
949 969 1026 1039 τῷ
1055 969 1174 1038 Θεῷ
1205 971 1579 1040 ἐπηγγείλατο.

188 1055 441 1108 Τοιαῦτα
461 1055 517 1107 δὲ
557 1057 649 1110 καὶ
675 1057 754 1127 τῷ
797 1059 1051 1131 Ἰωακεὶμ
1089 1062 1118 1112 6
1159 1061 1387 1129 ἄγγελος
1412 1064 1470 1114 ἑν
1491 1064 1568 1134 τῷ
1592 1065 1706 1138 ὄρει

100 1145 440 1215 διεσήμανε.
476 1148 598 1200 'Kal
655 1149 900 1211 καταϐάς
937 1152 1190 1222 Ἰωακεὶμ
1238 1153 1348 1205 ἀπὸ
1387 1154 1481 1206 τοῦ
1527 1155 1704 1225 ὅρους,

100 1235 254 1288 δέκα
289 1238 540 1306 άμνάδων
563 1238 753 1294 θυσίαν
776 1241 853 1311 τῷ
883 1241 1073 1311 Κυρίῳ
1099 1243 1459 1314 προσήνεγκε,
1483 1247 1707 1309 καὶτοῖς

107 1325 335 1394 ἱερεῦσι
367 1329 598 1399 μόσχους
623 1331 868 1394 δεκαδύο,
897 1332 992 1384 καὶ
1021 1335 1085 1403 τῇ
1121 1335 1382 1407 γερουσίᾳ
1413 1338 1507 1390 καὶ
1543 1339 1706 1391 παντὶ

102 1419 189 1486 τῷ
226 1420 349 1490 λαῷ
378 1423 568 1475 ἑκατὸν
595 1425 880 1495 χιμάρους.
905 1424 1016 1478 Kal
1044 1428 1359 1492 ἐπιτελέσας
1390 1431 1485 1494 τὰς
1519 1431 1704 1496 Θυσίας

103 1514 329 1578 ταύτας
361 1517 418 1567 ὲν
448 1515 524 1586 τῷ
549 1516 662 1587 ναῷ
690 1517 784 1570 τοῦ
814 1516 973 1580 Θεοῦ,
1005 1519 1312 1588 ἀφικνεῖται
1342 1524 1422 1586 εἰς
1444 1523 1534 1575 τὸν
1560 1520 1705 1576 οἷκον

101 1605 292 1656 αὑτοῦ
313 1624 326 1634 ·
370 1607 463 1660 καὶ
487 1610 647 1676 γνοὺς
672 1608 771 1678 τὴν
797 1611 1026 1677 γυναῖκα
1051 1611 1241 1672 αὐτοῦ,
1274 1617 1415 1666 ποιεῖ
1443 1614 1501 1680 ἐξ
1529 1615 1699 1684 αὐτῆς

104 1697 420 1780 Θυγατέρα,
445 1698 537 1751 καὶ
563 1697 816 1768 ὀνομάζει
837 1697 1008 1770 αὐτὴν
1030 1701 1284 1773 Μαριὰμ,
1306 1703 1497 1772 ἦντινα
1518 1705 1701 1775 τριετῆ

105 1791 425 1860 γενομένην
455 1789 532 1859 τῷ
571 1790 684 1859 ναῷ
717 1789 810 1842 τοῦ
843 1789 978 1844 Θεοῦ
1016 1792 1349 1863 ἀφιέρωσαν.

1814 606 2069 671 Domine,
2120 612 2338 682 quando
2395 627 2496 666 nec
2553 611 2706 666 hisce
2751 613 3069 669 volucribus
3133 616 3378 673 fecuudis

1810 694 2116 750 assimilor!
2149 719 2167 749 ι
2208 699 2269 752 Et
2297 700 2423 752 talia
2453 698 2684 766 dicenti,
2717 702 2941 771 angelus
2963 702 3177 759 Domini
3211 723 3382 778 appa-

1811 799 1939 838 rens
1960 825 1974 848 ,
2004 786 2298 844 liberorum
2331 791 2661 860 prmnuntiat
2688 792 3092 861 susceptionem
3117 836 3131 855 .
3174 799 3376 865 quibus

1810 875 2015 930 auditis
2073 878 2402 948 gignendum
2469 880 2617 935 illico
2676 880 2785 936 Deo
2849 884 3184 940 otlcrcndum
3245 903 3376 958 pro-

1810 967 1978 1021 misit.

1881 1054 2004 1110 lla-c
2029 1057 2216 1111 eadem
2270 1061 2323 1112 in
2373 1066 2558 1114 monte
2597 1057 2846 1114 Joachim
2894 1063 3121 1130 angelus
3155 1062 3357 1118 manife

1817 1145 2011 1209 stavit;
2056 1161 2224 1214 quare
2273 1149 2485 1204 rediens
2525 1159 2710 1206 monte
2748 1153 2933 1207 decem
2963 1170 3130 1224 agnas
3155 1155 3388 1212 Domino

1817 1234 2016 1300 praebet
2064 1238 2128 1290 ad
2177 1240 2498 1295 sacriﬁcium
2524 1283 2538 1304 ,
2585 1253 2639 1297 et
2683 1243 3054 1300 sacerdotibus
3099 1248 3380 1303 duodecim

1815 1322 2035 1387 vitulos,
2068 1339 2121 1381 et
2150 1331 2520 1393 senatoribus,
2565 1343 2618 1386 et
2647 1332 2844 1401 populo
2881 1336 3134 1390 universo
3167 1349 3381 1391 centum

1806 1414 2007 1470 hircos.
2064 1415 2162 1472 "is
2213 1418 2500 1472 sacrificiis
2557 1419 2612 1473 in
2668 1421 2868 1486 templo
2912 1419 3124 1474 Domini
3172 1421 3370 1484 factis,

1803 1503 2026 1560 domum
2059 1523 2212 1561 suam
2265 1510 2580 1574 revertitur,
2629 1518 2683 1564 et
2716 1526 2774 1564 re
2800 1526 2923 1566 cum
2949 1527 3120 1565 uxore
3156 1513 3373 1574 habita,

1803 1597 2034 1666 suscipit
2059 1613 2123 1653 ex
2154 1615 2216 1652 ea
2254 1599 2438 1662 ﬁliam,
2472 1609 2738 1671 vocatque
2772 1600 2992 1654 Mariam
3013 1641 3029 1666 ,
3062 1618 3226 1673 quam
3255 1604 3377 1673 jam

1804 1687 2077 1741 trimulam
2099 1688 2153 1742 in
2181 1690 2385 1761 templo
2414 1688 2526 1744 Deo
2554 1701 2967 1746 consecrarunt.

185 1881 498 1951 Γενομένης
546 1880 602 1933 δὲ
655 1881 826 1951 αὐτῆς
871 1883 1255 1948 δωδεκαετοῦς,
1281 1887 1328 1938 oi
1367 1886 1529 1957 ἱερεῖς
1561 1904 1697 1956 συμ-

1872 1870 2074 1927 Verum
2127 1873 2218 1927 illa
2267 1874 2554 1929 duodecim
2604 1890 2780 1931 annos
2841 1887 3001 1941 nata,
3061 1878 3374 1932 sacerdotes

106 1971 336 2025 δούλιον
366 1974 711 2044 ἐποιήσαντο,
734 1972 841 2027 τῶν
863 1973 969 2028 τίνι
1002 1976 1172 2046 αὐτὴν
1207 1977 1342 2046 πρὸς
1376 1978 1550 2046 γάμον
1575 1995 1700 2031 συν-

107 2064 324 2132 άψωσι.
354 2065 461 2118 Kal
506 2067 858 2137 ἐπιτρέπουσι
898 2065 990 2120 τὸν
1017 2068 1276 2139 ἀρχιερέα
1301 2071 1590 2139 Ζαχαρίαν,
1621 2072 1700 2135 είς

109 2157 182 2208 τά
211 2158 386 2223 Ἅγια
417 2157 525 2209 τῶν
555 2158 728 2224 άγίων
754 2157 1082 2220 εἰσελθόντα,
1108 2160 1432 2230 αἰτήσασθαι
1458 2161 1548 2212 τὸν
1569 2162 1703 2212 Θεὸν

108 2246 477 2317 ἀποκαλύψαι
506 2247 673 2317 αύτῷ,
693 2247 754 2301 τὸ
773 2248 877 2300 τίνι
907 2250 1172 2319 προσήκει
1198 2247 1488 2320 ζευχθῆναι
1512 2251 1696 2320 αὐτήν.

111 2336 228 2388 Καὶ
261 2337 359 2389 τοῦ
392 2339 660 2408 Ζαχαρίου
689 2338 1002 2408 εὐχομένου,
1037 2337 1266 2407 ἄγγελος
1300 2341 1581 2409 ἐπιφανεὶς
1608 2358 1702 2412 ση-

114 2429 304 2497 μαίνει
333 2431 538 2492 πάντας
565 2432 892 2499 συναγαγεῖν
910 2429 1005 2483 τοῦ
1036 2431 1165 2484 λαοῦ
1197 2433 1320 2495 τοὺς
1351 2433 1696 2502 χηρεύοντας,

108 2522 210 2573 καὶ
253 2522 504 2592 κατέχειν
529 2522 757 2575 ἕκαστον
815 2523 1008 2593 ῥάϐδον
1028 2541 1041 2553 ·
1073 2523 1166 2577 καὶ
1196 2516 1242 2590 ᾧ
1267 2523 1335 2576 ἂν
1363 2527 1390 2577 6
1421 2525 1552 2587 Θεὸς
1581 2526 1700 2576 ἐπι-

108 2611 266 2682 δείξῃ
298 2616 540 2682 σημεῖον,
573 2612 746 2683 τούτῳ
777 2614 1007 2683 συνάψαι
1039 2614 1138 2686 τὴν
1165 2614 1449 2686 παρθένον.

198 2702 464 2767 Ἐξελθὼν
495 2704 551 2756 δὲ
578 2706 607 2757 6
633 2705 906 2775 Ζαχαρίας
941 2707 1196 2777 ἐποίησεν
1225 2701 1416 2768 οὕτως,
1449 2703 1630 2768 καθὼς
1670 2707 1698 2757 6

114 2793 350 2860 ἄγγελος
397 2794 544 2863 αύτῷ
593 2793 910 2865 προσέταξε.
952 2795 1062 2850 Kal
1114 2794 1292 2848 λαϐὼν
1335 2797 1547 2848 πάντων
1599 2796 1697 2858 τὰς

117 2884 354 2951 ῥάϐδους
382 2884 582 2951 αὐτῶν,
613 2885 851 2955 ἀπῆλθεν
874 2888 932 2938 ὲν
961 2886 1039 2955 τῷ
1084 2886 1233 2956 ἱερῷ,
1265 2887 1359 2939 καὶ
1390 2884 1698 2956 προσηύξα-

117 2992 200 3037 το,
233 2976 330 3029 καὶ
351 2976 579 3040 ἐξελθὼν
607 2978 821 3047 ἑκάστῳ
861 2977 960 3048 τὴν
1010 2978 1146 3030 ίδίαν
1190 2977 1381 3046 ῥάϐδον
1416 2977 1693 3046 ἀπένειμε.

119 3066 443 3120 τελευταῖον
495 3069 551 3121 δὲ
598 3068 867 3132 ἐπιδιδοὺς
900 3069 997 3137 τὴν
1027 3067 1218 3139 ῥάϐδον
1241 3067 1319 3138 τῷ
1358 3067 1573 3137 Ἰωσὴφ,
1605 3084 1700 3137 ση-

124 3161 279 3228 μεῖον
327 3160 470 3229 μέγα
516 3159 750 3229 ἐγένετο.
770 3159 1003 3231 Ἀθρόως
1034 3160 1143 3230 γὰρ
1172 3160 1271 3230 τὴν
1306 3159 1500 3230 ῥάϐδον
1534 3158 1696 3212 αὑτοῦ
1724 3192 1769 3252 C

122 3251 275 3321 παρὰ
298 3252 395 3305 τοῦ
429 3253 616 3324 ἱερέως
636 3252 1019 3322 λαμϐάνοντος,
1041 3251 1335 3323 περιστερὰ
1367 3251 1564 3322 ἐξέπτη
1591 3250 1699 3302 ἀπὸ

120 3342 222 3411 τῆς
253 3342 472 3414 ῥάϐδου,
505 3344 597 3396 καὶ
624 3344 719 3395 ἐπὶ
745 3343 842 3414 τὴν
882 3342 1122 3413 κεφαλὴν
1155 3341 1424 3413 ἐκαθέσθη
1458 3339 1548 3393 τοῦ
1589 3342 1698 3392 Ἰω-

125 3432 265 3500 σήφ·
294 3433 387 3484 καὶ
412 3435 440 3483 6
464 3433 752 3503 ἀρχιερεὺς
792 3431 886 3485 καὶ
916 3433 1112 3494 πάντες
1143 3432 1192 3483 οί
1226 3431 1477 3493 συνόντες
1503 3431 1686 3500 ἱερεῖς,

124 3522 504 3592 θαυμάσαντες
549 3523 611 3577 τὸ
649 3523 889 3592 γεγονὸς,
920 3521 1082 3577 αὑτὸν
1133 3521 1381 3590 γενέσθαι
1413 3520 1695 3591 μνηστῆρα

122 3612 222 3684 τῆς
246 3615 414 3686 κόρης
443 3615 680 3685 ἔκριναν,
710 3615 777 3685 ἢν
805 3613 984 3666 λαϐὼν
1008 3617 1036 3667 ὁ
1062 3614 1257 3683 Ἰωσὴφ
1285 3612 1572 3682 ἐφύλασσε,
1601 3613 1695 3665 καὶ

125 3703 437 3755 καταλιπὼν
476 3706 533 3756 ὲν
563 3703 639 3773 τῷ
667 3704 801 3774 οίκῳ
836 3705 1000 3758 αὐτοῦ
1039 3705 1342 3772 ἀφικνεῖται
1366 3704 1463 3767 τὰς
1494 3702 1695 3756 οἰκοδο-

127 3794 231 3864 μὰς
263 3794 586 3848 ὲκτελέσων·
618 3792 685 3866 ἦν
713 3795 822 3866 γὰρ
848 3796 1055 3849 τέκτων
1078 3798 1144 3866 τῇ
1180 3795 1474 3867 ἐπιστήμῃ.

192 3883 329 3938 Κατ’
358 3887 561 3938 ἐκεῖνον
583 3885 639 3937 δὲ
669 3887 759 3938 τὸν
791 3885 979 3958 καιρὸν
1004 3885 1150 3949 έδοξε
1169 3888 1281 3947 τοῖς
1313 3883 1513 3954 ἱερεῦσι
1534 3901 1694 3936 κατα-

128 3975 490 4046 σκευασθῆναι
522 3976 627 4029 ὑπὸ
658 3974 838 4044 ἁγνῶν
866 3976 1148 4047 παρθένων
1173 3975 1252 4045 τῷ
1280 3973 1390 4044 ναῷ
1421 3973 1514 4026 τοῦ
1557 3973 1692 4026 Θεοῦ

126 4069 537 4137 καταπέτασμα,
567 4069 658 4121 καὶ
691 4067 990 4138 εὑρέθησαν
1019 4068 1076 4118 ὲν
1100 4069 1164 4136 τῇ
1198 4066 1335 4136 φυλῇ
1371 4065 1534 4118 Ἰούδα
1565 4082 1696 4134 παρ-

126 4155 262 4210 θένοι
307 4159 467 4212 ἑπτά.
506 4160 615 4212 Kal
644 4160 745 4229 τῆς
774 4160 992 4230 Μαρίας
1025 4157 1080 4210 δὲ
1113 4157 1369 4228 μνησθεὶς
1400 4157 1691 4227 Ζαχαρίας,

127 4249 373 4303 ἐκέλευσε
406 4251 500 4302 καὶ
536 4249 704 4321 αὐτὴν
731 4252 987 4321 παρεῖναι
1012 4252 1092 4311 εἰς
1115 4249 1206 4301 τὸν
1235 4247 1531 4315 κατάλογον
1549 4264 1565 4278 ο
1600 4245 1694 4299 καὶ

128 4340 430 4409 είσαγαγὼν
463 4340 632 4404 αὐτὰς
662 4343 744 4405 εἰς
768 4341 860 4394 τὸν
885 4330 1035 4394 οἷκον
1061 4339 1155 4392 τοῦ
1189 4337 1345 4404 Θεοῦ,
1374 4337 1574 4407 κλῆρον
1600 4336 1694 4407 βα-

125 4428 231 4482 λεῖν
259 4431 577 4502 προσέταξε,
604 4431 763 4484 ποίαν
788 4426 929 4484 οἷσαι
951 4431 1043 4483 τὸν
1065 4429 1265 4500 χρυσὸν
1297 4427 1390 4482 καὶ
1411 4427 1472 4480 τὸ
1494 4429 1692 4498 ἀμίαν-

1803 1964 2089 2020 consilium
2139 1967 2400 2036 capiunt,
2455 1968 2673 2022 cuinam
2724 1983 2843 2022 eam
2886 1970 3280 2039 conjungerent
3315 1972 3371 2024 in

1801 2056 2231 2110 matrimonium.
2264 2056 2651 2127 Zacharimque
2681 2059 2939 2128 primario
2972 2059 3243 2114 sacerdoti
3278 2059 3372 2114 de-

1802 2147 2085 2211 mandant,
2108 2149 2246 2201 utin
2282 2148 2481 2202 Sancta
2514 2158 2834 2205 sanctorum
2865 2150 3168 2218 ingressus,
3201 2151 3367 2204 Deum

1802 2249 2150 2310 precaretur,
2187 2247 2245 2292 ut
2292 2240 2396 2294 sibi
2456 2240 2718 2295 revelaret
2764 2240 2980 2293 cuinam
3019 2250 3164 2295 esset
3207 2242 3371 2296 collo-

1800 2332 1996 2397 cauda,
2020 2339 2073 2388 et
2092 2330 2374 2385 Zachariae
2403 2331 2615 2394 oranti,
2653 2332 2877 2401 angelus
2908 2346 3176 2401 apparens
3200 2347 3369 2402 expo-

1801 2423 1919 2483 nit,
1950 2437 2138 2475 omnes
2171 2421 2352 2490 populi
2391 2420 2584 2475 viduos
2629 2421 2681 2474 in
2714 2436 2881 2473 unum
2913 2422 3362 2491 congregandos,

1798 2528 2028 2583 quorum
2053 2514 2286 2583 quisque
2315 2513 2520 2581 virgam
2548 2527 2712 2565 manu
2739 2521 2978 2574 teneret,
3007 2513 3192 2582 illique
3215 2512 3369 2583 virgo

1798 2603 2064 2665 nuberet,
2098 2617 2261 2671 quem
2291 2600 2433 2656 Deus
2462 2601 2620 2670 signo
2647 2600 3073 2655 manifestasset.

1868 2691 2136 2760 Egressus
2185 2691 2478 2745 Zacharias
2537 2691 2712 2760 angeli
2761 2691 3015 2743 mandata
3076 2699 3369 2750 exsecutus

1796 2791 1911 2847 est,
1948 2784 2303 2853 omniumque
2335 2784 2504 2851 virgis
2555 2782 2793 2852 acceptis
2817 2823 2831 2845 ,
2865 2783 3128 2852 templum
3158 2783 3366 2854 ingres-

1798 2889 1915 2936 sus,
1948 2876 2144 2937 oravit,
2186 2874 2514 2943 rediensque
2539 2874 2832 2944 unicuique
2860 2877 3067 2944 virgam
3092 2878 3367 2946 prOpriam

1797 2965 2068 3032 reddidit;
2120 2965 2448 3035 tandemque
2498 2965 2588 3020 ubi
2632 2966 2836 3036 virgam
2888 2965 3128 3036 Josepho
3180 2969 3365 3022 consi-

1798 3063 2020 3127 gnasset
2061 3057 2259 3110 mirum
2303 3057 2434 3126 quid
2464 3055 2686 3111 accidit.
2745 3055 2917 3110 Simul
2952 3059 3098 3112 enim
3140 3066 3302 3126 atque
3336 3074 3366 3112 a

1800 3149 2084 3203 sacerdote
2126 3148 2330 3218 virgam
2365 3147 2607 3217 accepit,
2651 3163 2715 3201 ex
2770 3162 2835 3201 ea
2877 3148 3130 3202 columba
3177 3149 3366 3203 volans

1800 3238 1964 3306 capiti
1991 3233 2192 3305 Josepb
2249 3235 2481 3302 insedit;
2515 3252 2684 3306 quare
2708 3239 2962 3307 princeps
2991 3238 3364 3301 sacerdotum,

1799 3328 2224 3397 sacerdotesque
2253 3342 2443 3382 omnes
2475 3330 2566 3397 qui
2611 3336 2978 3384 convenerant
3021 3345 3138 3383 rem
3191 3331 3368 3383 admi-

1795 3420 1936 3484 rati,
1978 3420 2095 3490 pari
2131 3430 2255 3474 voto
2308 3420 2382 3473 illi
2435 3421 2668 3489 puellam
2705 3419 3147 3488 desponderunt,
3200 3435 3364 3489 quam

1793 3507 1994 3579 Joscpb
2024 3518 2300 3580 acceptam
2337 3509 2716 3576 custodiebat,
2762 3516 2817 3564 et
2845 3524 2909 3562 ea
2939 3509 3086 3562 domi
3132 3510 3324 3563 relicta
3345 3548 3363 3572 ,

1795 3600 1865 3654 ad
1896 3599 2230 3656 exstruenda
2251 3599 2480 3654 aedilicia
2509 3600 2663 3667 abit;
2697 3607 2818 3654 erat
2849 3600 3052 3670 quippe
3104 3599 3366 3654 exercitio

1794 3691 1966 3746 faber.

1864 3863 1968 3921 Per
1994 3864 2115 3920 illos
2148 3863 2265 3919 dies
2305 3863 2681 3919 sacerdotibus
2725 3861 3202 3918 immaculatarum
3252 3879 3365 3918 νιτ-

1795 3957 1982 4028 ginum
2012 3955 2340 4018 ministerio,
2372 3955 2548 4008 velum
2583 3953 2766 4023 templi
2811 3951 2902 4007 Dei
2945 3954 3362 4010 accommodan-

1794 4050 1922 4103 dum
1975 4064 2096 4104 esse
2128 4049 2306 4103 visum
2355 4057 2458 4111 est,
2489 4058 2544 4102 et
2574 4046 2728 4101 lectae
2758 4055 2886 4102 sunt
2927 4048 2981 4100 in
3030 4048 3176 4100 tribu
3219 4046 3361 4103 Juda

1793 4141 2031 4210 virgines
2060 4147 2288 4206 septem.
2331 4137 2434 4194 Sed
2470 4154 2594 4192 cum
2630 4137 2814 4192 Maria:
2847 4135 3143 4192 Zacharias
3172 4140 3362 4192 meati-

1793 4234 1996 4297 nissct,
2050 4247 2159 4286 una
2188 4245 2312 4286 cum
2367 4230 2476 4284 illis
2532 4230 2880 4284 annumerari
2937 4230 3110 4298 ipsam
3162 4229 3360 4298 jussit,

1793 4324 1992 4393 quibus
2023 4321 2242 4376 domum
2276 4320 2370 4374 Dei
2398 4319 2750 4383 introductis,
2787 4330 2964 4374 sortes
2989 4321 3174 4389 jacere
3204 4336 3360 4374 man-

1793 4416 1921 4479 dat,
1985 4428 2231 4484 qua‘nam
2287 4412 2497 4468 scilicet
2549 4427 2783 4473 aurum,
2833 4418 2887 4465 et
2937 4401 3273 4474 amianlum,
3307 4419 3361 4464 et

128 4537 230 4586 τον,
271 4525 368 4576 καὶ
393 4523 490 4594 τὴν
522 4521 738 4591 βύσσον,
771 4522 866 4576 καὶ
895 4522 955 4574 τὸ
982 4521 1226 4591 σηρικὸν,
1256 4521 1350 4572 καὶ
1378 4519 1475 4588 τὴν
1516 4518 1689 4590 ἀληθῆ

1799 4508 2039 4578 byssum.
2058 4513 2111 4560 et
2126 4508 2384 4567 sericum,
2412 4511 2468 4557 et
2488 4517 2668 4557 veram
2700 4516 3020 4571 purpuram,
3051 4510 3104 4556 ct
3136 4502 3363 4573 hyacin-

127 4613 430 4684 πορφύραν,
461 4615 555 4667 καὶ
597 4612 689 4665 τὸν
742 4610 1014 4675 ὑάκινθον,
1064 4613 1158 4664 καὶ
1197 4611 1287 4663 τὸν
1334 4609 1560 4675 κόκκον·
1593 4611 1688 4662 καὶ

129 4703 403 4777 ἐκληρώθη
427 4705 616 4777 Μαρία
634 4705 732 4776 τὴν
758 4705 1038 4776 πορφύραν
1067 4705 1161 4756 καὶ
1188 4703 1277 4756 τὸν
1306 4703 1499 4755 κόκκον
1530 4702 1689 4771 ἐργά-

128 4797 326 4860 ζεσθαι.
358 4800 467 4852 Kal
487 4799 552 4870 δὴ
574 4800 666 4852 ἐπὶ
693 4798 786 4852 τοῦ
807 4799 954 4851 οἴκου
982 4795 1355 4868 ἐργαζομένης
1374 4793 1545 4862 αὐτῆς
1570 4793 1684 4846 επι-

129 4893 308 4957 φανεὶς
357 4893 584 4960 ἄγγελος
628 4893 718 4944 τὸν
764 4888 1060 4961 παράδοξον
1087 4889 1241 4941 τόκον
1278 4884 1688 4955 εὐαγγελίζεται

127 4982 275 5053 αὐτῇ,
315 4981 494 5046 καθὼς
527 4984 728 5053 ἱστορεί
756 4982 825 5035 τά
858 4979 1183 5048 Εὑαγγέλια.

191 5073 262 5126 Τδ
301 5073 435 5142 γοῦν
476 5073 692 5144 ὁρισθὲν
730 5072 868 5143 αὐτῇ
923 5071 1082 5141 ἔργον
1129 5068 1479 5131 ὲκτελέσασα,
1511 5065 1692 5118 δίδωσι

131 5162 198 5232 τῷ
239 5167 506 5236 ἀρχιερεῖ,
547 5165 642 5218 καὶ
687 5161 1039 5233 εὐλογηθεῖσα
1098 5163 1224 5232 παρ’
1257 5157 1420 5213 αὐτοῦ
1468 5158 1689 5211 ἄπεισιο

131 5258 214 5309 καὶ
243 5258 384 5328 μετὰ
415 5257 604 5327 χρόνον
630 5256 802 5309 τίκτει
828 5253 918 5308 τὸν
939 5252 1167 5325 Χριστὸν
1195 5250 1333 5303 κατὰ
1362 5250 1556 5320 σάρκα.
1586 5246 1693 5300 Kal

132 5347 225 5402 τῶν
245 5351 435 5421 μάγων
453 5347 560 5402 ἀπὸ
587 5349 872 5417 Ἀνατολῆς
885 5347 961 5409 ὼς
985 5344 1193 5415 βασιλεῖ
1205 5340 1688 5414 προσκυνησάντων

137 5441 259 5506 μετὰ
291 5439 479 5510 δώρων
513 5440 679 5509 αὐτῷ,
723 5441 752 5490 ὁ
793 5436 1037 5509 Ἡρώδης
1075 5433 1367 5517 ἐταράχθη.
1402 5432 1496 5484 καὶ
1523 5431 1688 5482 διενο-

135 5531 229 5586 εῖτο
252 5533 464 5585 ἀνελεῖν
494 5531 832 5602 παραχρῆμα
861 5530 1118 5586 αὐτόν.’0
1149 5527 1206 5581 δὲ
1240 5526 1344 5579 ὑπὸ
1375 5523 1569 5592 Ἰωσὴφ
1596 5521 1689 5575 καὶ

135 5621 221 5693 τῆς
260 5625 477 5697 Μαρίας
519 5624 597 5685 είς
638 5622 910 5689 Αἴγυπτον
954 5616 1319 5688 ἀπεκομίσθη,
1353 5613 1445 5666 καὶ
1491 5611 1580 5664 τὸν
1630 5607 1689 5671 ἐξ

1794 4600 1970 4660 thum,
1999 4609 2051 4652 et
2073 4611 2296 4650 coccum
2323 4602 2692 4664 praeparatum
2719 4601 2869 4647 esset
2892 4634 2906 4653 ,
2938 4602 2992 4648 et
3021 4595 3153 4646 sorti
3180 4592 3294 4645 Mar
3316 4606 3362 4644 ae

1795 4704 2068 4761 purpura.
2110 4697 2163 4740 et
2207 4687 2356 4740 cocci
2411 4701 2549 4755 Opus
2577 4685 2815 4740 obvenit.
2846 4685 3024 4753 Atque
3057 4699 3181 4737 cum
3214 4681 3362 4737 domi

1795 4785 1882 4838 his
1917 4782 2079 4836 rebus
2109 4777 2331 4849 agendis
2362 4792 2582 4846 operam
2605 4777 2780 4835 daret.
2808 4791 3078 4845 apparens
3109 4776 3358 4844 angelus,

1796 4872 2165 4929 admirabilem
2192 4869 2269 4923 illi
2289 4879 2524 4939 partum,
2550 4875 2609 4920 ut
2633 4870 2687 4920 in
2720 4866 3028 4938 Evangeliis
3051 4865 3361 4926 habetur",

1791 4965 2138 5039 praenuntiat.

1860 5057 2045 5132 Itaque
2069 5072 2207 5128 opus
2253 5055 2358 5109 sibi
2404 5051 2720 5120 impositum
2759 5048 3065 5117 expletum,
3101 5041 3309 5099 sacerd:

1790 5161 1906 5207 tum
1939 5149 2169 5220 principi
2203 5144 2443 5201 exhibet.
2467 5149 2521 5197 et
2548 5139 2928 5195 benedictione
2956 5142 3179 5204 accepta
3202 5133 3356 5195 abiit,

1792 5251 1843 5297 et
1862 5243 2022 5312 paulo
2047 5248 2169 5310 post
2184 5236 2460 5293 Christum
2487 5230 2787 5287 secundum
2809 5242 3029 5282 carnem
3051 5222 3358 5281 enititur".

1793 5333 1929 5388 Eum
1964 5347 2086 5386 cum
2107 5329 2249 5400 magi
2284 5327 2353 5381 ab
2387 5325 2608 5380 Oriente
2641 5323 2715 5376 uti
2747 5335 2925 5391 regem
2953 5333 3079 5371 cum
3119 5313 3359 5368 muneri-

1794 5426 1898 5480 bus
1921 5422 2298 5478 adorarissent
2322 5419 2390 5484 ",
2420 5416 2661 5471 Herodes
2703 5412 2952 5466 turbatus
2991 5416 3106 5470 est,
3144 5420 3359 5461 secum-

1795 5532 1901 5586 que
1931 5516 2046 5585 ipse
2090 5512 2397 5582 cogitabat,
2453 5507 2601 5561 illico
2645 5507 2797 5558 illum
2831 5500 3127 5573 perimere,
3178 5495 3270 5565 qui
3322 5509 3355 5548 a

1794 5606 2029 5676 Josepho
2056 5611 2109 5659 et
2150 5601 2320 5656 Maria
2352 5603 2404 5655 in
2436 5596 2729 5667 ZEgyptum
2755 5592 2967 5649 delatus
3005 5590 3049 5622 ’⁷
3071 5628 3086 5654 ,
3125 5603 3190 5642 mi
3217 5598 3354 5648 rtem

200 5801 382 5859 "Luc.
409 5817 447 5866 ι,
489 5798 580 5854 26.
654 5795 854 5856 "Luc.
884 5812 945 5860 ιι,
978 5795 1029 5849 7.
1105 5795 1150 5828 "
1177 5792 1368 5848 Matth.
1397 5807 1458 5857 ιι,
1494 5792 1544 5847 l.
1620 5784 1834 5858 ",Ibid.
1865 5785 1946 5840 lt.
