4044 6324
728 367 833 426 ’Π5

1583 372 1641 426 S.
1687 370 2132 426 EUSTATHIUS
2172 367 2662 426 ANTIOCHENUS
2717 370 3112 429 EPISCOPUS.

3879 372 4003 425 πε

725 485 832 540 sibi
868 485 935 539 ab
971 484 1178 541 llerode
1209 485 1583 542 imminentem
1617 489 1838 558 depulit.
1889 487 2088 541 Verum
2124 487 2285 542 itero-

2405 487 2642 558 Ἢρὼὂον
2677 488 2894 555 διέφυγε
2946 488 3190 542 θάνατον.
3222 491 3394 554 Αὐτὸς
3445 490 3530 554 δὲ,
3565 489 3848 558 ἀγνοήσας
3880 489 3948 556 τῆτ
4003 440 4005 502 ἵ

727 577 846 637 des.
877 577 1122 640 ignorata
1182 575 1305 644 fuga
1333 617 1346 640 ,
1416 593 1616 646 pueros
1665 594 1854 634 omnes
1901 579 1994 647 qui
2044 587 2200 630 erant
2235 580 2289 631 in

729 668 1070 730 Bethlehem,
1127 678 1298 722 morte
1359 668 1494 723 allici
1527 670 1681 738 jubet
1709 672 1790 728 ".
1841 672 1981 723 inter
2013 685 2184 737 quos,
2234 678 2292 723 et

725 758 986 813 Joannem
1014 759 1190 812 adhuc
1226 761 1486 814 infantem
1522 763 1588 815 de
1629 763 1805 816 medio
1852 762 2041 813 tollere
2083 760 2289 814 niteba-

728 861 834 900 tur.
873 847 976 901 Sed
1011 848 1284 903 Elisabeth
1313 892 1326 912 ,
1347 867 1417 904 eo
1441 853 1682 920 abrepto,
1719 853 1773 904 in
1803 851 2148 904 solitudinem
2199 867 2291 904 au-

726 939 881 1007 fugit,
906 952 957 993 et
984 944 1236 1008 precibus
1262 942 1592 1004 fusis,mons
1615 945 1664 995 in
1693 944 1827 995 duas
1851 952 2029 1011 partes
2054 942 2284 1004 divisus,

722 1049 840 1085 cam
874 1049 979 1086 una
1011 1051 1134 1086 cum
1167 1049 1336 1103 puero
1373 1037 1607 1105 excepit,
1641 1044 1694 1089 et
1725 1051 1818 1089 eas
1844 1036 2067 1105 angelus
2100 1034 2286 1089 defen-

722 1123 900 1178 dendo
934 1126 1266 1193 protegebat.

795 1215 952 1268 Mittit
1017 1216 1196 1283 itaque
1243 1215 1308 1268 ad
1364 1213 1681 1268 Zachariam
1738 1214 1980 1269 Herodes
2016 1232 2027 1264 :
2062 1213 2285 1268 Tradito

722 1307 853 1359 mihi
887 1307 1053 1357 filium
1079 1316 1250 1371 tuum,
1282 1308 1370 1359 ubi
1398 1309 1647 1360 occultus
1675 1307 1822 1367 latet.
1853 1310 2101 1361 nuntiato
2128 1308 2280 1360 mihi.

720 1393 1014 1449 Zacharias
1050 1401 1126 1452 sic
1172 1399 1510 1466 percontanti
1574 1399 1864 1467 respondet
1905 1415 1915 1448 :
1951 1397 2061 1466 ligo
2108 1397 2172 1450 ad
2205 1398 2282 1448 ai-

719 1495 833 1540 tare
867 1490 1128 1541 continuo
1180 1491 1485 1550 assistens,
1532 1490 1660 1558 quid
1697 1500 1875 1542 actum
1934 1491 2005 1543 sit
2050 1489 2116 1542 de
2174 1489 2283 1542 filio

719 1595 860 1642 meo,
900 1596 1005 1632 non
1039 1583 1183 1634 novi.
1228 1581 1322 1635 llis
1355 1583 1622 1650 ingentem
1665 1583 1798 1634 iram
1830 1585 2075 1650 concepit
2120 1581 2282 1634 Hero-

717 1673 812 1725 des
833 1713 847 1731 ,
883 1689 1206 1742 rursumque
1232 1675 1294 1726 ad
1323 1692 1442 1728 cum
1472 1677 1656 1727 scribit
1688 1693 1696 1725 :
1732 1676 2077 1729 Exhibemihi
2113 1676 2278 1727 lilium

719 1771 895 1826 tuum;
931 1780 1108 1816 nonne
1137 1774 1472 1831 cmupertum
1509 1766 1601 1817 tibi
1633 1774 1736 1823 cst.
1762 1766 1900 1830 apud
1931 1780 2013 1816 me
2046 1764 2122 1815 tui
2155 1780 2279 1816 san-

2394 580 2589 650 φυγὴν,
2624 581 2799 634 πάντα
2822 581 2889 632 τὰ
2913 581 2969 632 ἐν
2999 584 3065 650 τῇ
3101 583 3346 654 Βηθλεὲμ
3387 583 3590 636 παιδία
3631 581 3943 650 ἀναιρεθῆναι
4004 579 4005 612 ἶ

2391 673 2722 741 προσέταξεν
2743 691 2757 704 ·
2792 677 2851 726 ἐν
2874 670 2954 736 οἷς
2988 674 3192 727 καὶτὸν
3228 676 3481 746 Ἰωάννην
3515 677 3608 728 ἔτι
3643 676 3836 743 νήπιον
3853 673 3942 724 ἅντε

2391 763 2596 816 ἀνελεῖν
2636 765 2979 826 ἐσπούδαζεν.
2998 765 3060 816 Ἦ
3105 766 3162 817 δὲ
3206 767 3509 829 Ἐλισάϐετ,
3557 767 3861 836 ἁρπάσασα
3884 767 3942 813 :4-

2388 856 2499 916 τὺν,
2535 857 2624 917 είς
2661 855 2758 925 τὴν
2804 856 3006 924 ἔρημον
3050 855 3250 921 ἔφυγες’
3285 858 3378 910 καὶ
3410 855 3745 926 εὐξαμένης
3789 852 3941 918 σῆς.

2388 945 2666 1014 διεσχίσθη
2695 946 2755 996 τὸ
2785 947 2925 1015 ὖῳς,
2960 947 3053 998 καὶ
3088 948 3224 1016 μετὰ
3261 947 3356 1000 τοῦ
3398 949 3632 1002 παιδίου
3683 946 3928 1014 αύτὴνὲδέ

2389 1034 2536 1099 ξατο,
2567 1038 2660 1088 καὶ
2689 1035 2914 1103 ἄγγελος
2947 1036 3039 1089 τοῦ
3071 1036 3208 1091 Θεοῦ
3237 1039 3602 1108 διεφύλαττεν
3633 1037 3846 1103 αὐτούς.

2458 1218 2672 1286 Πέμπει
2715 1218 2841 1284 γοῦν
2891 1217 3027 1287 πρὸς
3071 1187 3341 1286 Ζαχαρίαν
3364 1222 3392 1272 ό
3424 1219 3730 1290 Ἡρώδης·
3759 1218 3848 1280 Δὸς
3872 1215 3939 1266 τὲν

2385 1306 2495 1357 υἱόν
2529 1323 2622 1358 σου
2643 1325 2654 1335 ’
2687 1307 2788 1359 ποῦ
2825 1304 3068 1376 ἔκρυψας
3099 1305 3281 1371 αὑτὸν,
3320 1310 3672 1377 ἀπάγγειλόν
3708 1310 3877 1378 μοι.’0
3896 1308 3938 1356 δὲ
4006 1356 4007 1368 γ

2384 1401 2658 1470 Ζαχαρίας
2693 1399 3088 1452 ἀντεπιστέλλει
3121 1400 3342 1468 φάσκων
3376 1401 3520 1469 αὐτῷ
3543 1418 3559 1429 ο
3609 1401 3759 1468 Ἐγὼ
3782 1399 3939 1468 2133.91:-
4006 1401 4007 1456 ᾗ

2385 1490 2682 1558 σιαστηρίῳ
2717 1490 3088 1560 προσεδρεύων
3139 1490 3248 1552 ἀεὶ,
3283 1490 3335 1541 τί
3369 1491 3595 1555 ἐγένετο
3640 1494 3672 1544 ὁ
3708 1493 3818 1554 υἱός
3858 1508 3934 1560 μου

2381 1578 2479 1630 οὐκ
2513 1580 2829 1648 ἐπίσταμαι.
2864 1582 2971 1633 Καὶ
3000 1579 3271 1649 ὀργισθεὶς
3301 1582 3328 1631 ό
3359 1578 3619 1650 Ἡρώδης
3653 1579 3814 1631 πάλιν
3835 1580 3936 1628 ἐπέ-

2382 1670 2597 1723 στελλεν
2646 1671 2812 1740 αὐτῷ.
2858 1673 2953 1735 Δὸς
3004 1673 3126 1737 ἔξω,
3155 1671 3464 1739 λέγων,τὸν
3510 1672 3641 1724 υἱόν
3701 1689 3815 1730 σου,
3845 1672 3937 1721 Οὐκ

2378 1755 2542 1823 οἶδας,
2579 1763 2658 1813 ὅτι
2690 1763 2750 1814 τὸ
2779 1753 2914 1831 affui
2943 1779 3034 1814 σου
3066 1763 3170 1814 ὑπὸ
3195 1763 3292 1832 τὴν
3323 1763 3476 1831 χεῖρά
3506 1761 3617 1829 μού
3646 1765 3824 1823 estw;
3849 1761 3936 1811 Καὶ

715 1856 896 1923 guinis
938 1857 1244 1909 ell'umlendi
1296 1872 1416 1908 esse
1451 1857 1809 1924 potestatem?
1857 1855 2146 1908 Zacharias
2197 1870 2282 1908 re-

2381 1853 2408 1903 ὁ
2437 1852 2710 1921 Ζαχαρίας
2741 1853 2841 1923 ἔφη
2865 1844 3135 1924 (Μάρτυς
3164 1854 3278 1923 εἰμὶ
3310 1852 3401 1905 τοῦ
3427 1851 3588 1904 Θεοῦ.
3627 1855 3706 1905 Σὺ
3742 1855 3838 1922 μὲν
3859 1856 3935 1921 ἔχε

716 1948 937 2015 scripsit
969 1967 978 1998 :
1011 1948 1188 2001 Testis
1217 1963 1335 2000 sum
1362 1947 1478 2000 Dei.
1513 1947 1591 1998 Tu
1626 1963 1800 2000 meum
1837 1948 2153 2013 sanguinem
2175 1986 2188 2003 .
2225 1954 2279 1998 at

715 2035 965 2102 spiritum
997 2054 1173 2089 meum
1211 2037 1348 2089 Ilcus
1377 2037 1676 2105 possideat,
1712 2042 1794 2089 l'ac
1831 2049 1887 2089 ut
1921 2039 2086 2089 lubet.
2118 2035 2278 2089 Illud-

712 2144 819 2197 que
876 2139 925 2180 te
977 2145 1085 2181 non
1142 2130 1353 2198 fugiat,
1417 2132 1736 2197 sanguinem
1806 2129 2150 2181 innocentem
2224 2130 2277 2181 in

712 2221 998 2275 vestibulis
1026 2223 1207 2288 templi
1249 2221 1466 2274 Domini
1495 2232 1544 2274 te
1575 2221 1891 2274 elfusurum.
1926 2221 2161 2274 Herodes
2192 2220 2275 2271 his

711 2313 886 2381 magis
916 2327 977 2365 ac
1022 2316 1192 2381 magis
1226 2326 1614 2381 exasperatus,
1647 2322 1704 2365 ut
1737 2314 1876 2366 inter
1913 2313 2083 2364 altare
2117 2326 2275 2362 neca—

710 2411 863 2456 retur
892 2411 1180 2470 antequam
1213 2403 1327 2456 dies
1379 2405 1717 2456 illucescerct
1742 2443 1754 2464 ,
1792 2403 2142 2463 mandat,‘ne
2175 2418 2272 2469 po-

711 2493 870 2560 pulus
951 2493 1220 2545 obstando
1309 2494 1588 2560 impediret
1675 2492 1966 2561 quominus
2049 2491 2263 2544 occide-

709 2592 878 2635 retur.

776 2670 960 2748 Primo
987 2679 1166 2723 autem
1191 2670 1431 2723 diluculo
1466 2669 1776 2722 sacerdotes
1805 2669 1857 2721 in
1887 2668 2145 2736 templum
2177 2682 2270 2720 ve-

711 2765 923 2817 nientes
953 2764 1446 2832 obstupescebant,
1478 2764 1621 2832 quod
1657 2763 1761 2815 illis
1782 2801 1796 2823 ,
1833 2769 1890 2813 ut
1923 2761 2090 2812 moris
2117 2766 2268 2819 erat,

706 2870 818 2907 non
849 2855 1063 2906 obviam
1114 2855 1352 2923 prodiret
1413 2855 1621 2922 primus
1664 2852 1960 2914 sacerdos,
2028 2860 2081 2904 et
2138 2850 2270 2903 foris

704 2948 1113 3014 exspectabant.
1163 2944 1347 3016 Itaque
1379 2946 1513 2997 hora
1565 2945 1835 2998 dilabente
1857 2985 1870 3006 ,
1918 2959 2059 2997 unus
2090 2959 2153 2996 ex
2183 2942 2270 2997 his

706 3037 915 3107 ingredi
951 3055 1117 3093 ausus
1143 3047 1260 3097 est,
1304 3039 1393 3106 qui
1420 3039 1485 3090 ad
1513 3038 1682 3090 altare
1710 3045 2021 3089 concretum
2059 3037 2269 3103 sangui-

705 3144 828 3183 nem
853 3131 1136 3198 conspicit,
1163 3131 1421 3197 auditque
1440 3145 1625 3181 vocem
1649 3129 1913 3181 dicentem
1939 3145 1950 3180 ;
1977 3127 2267 3180 Zacharias

703 3218 921 3273 occisus
974 3227 1098 3284 est,
1154 3235 1254 3272 nec
1302 3221 1421 3287 ejus
1473 3219 1698 3286 sanguis
1749 3217 2039 3279 delehitur,
2095 3219 2265 3270 donec

703 3312 882 3364 veniat
919 3312 1094 3374 ultor;
1148 3310 1233 3364 his
1264 3311 1488 3364 vocibus
1541 3311 1724 3362 animo
1779 3309 2019 3374 fractus,
2081 3326 2264 3378 egres-

700 3415 904 3468 susque
947 3401 1320 3454 sacerdotibus
1376 3401 1619 3461 nuntiat,
1651 3399 1740 3468 qui
1772 3400 2107 3453 introeuntes
2139 3415 2264 3451 cor-

697 3506 800 3560 pus
834 3506 940 3543 non
982 3493 1200 3554 vident,
1237 3492 1330 3545 sed
1367 3493 1542 3545 solum
1574 3492 1891 3559 sanguinem
1919 3530 1932 3555 ,
1967 3489 2265 3558 scissisque

695 3583 1076 3646 vestimentis,
1124 3591 1351 3636 mei-tem
1409 3583 1556 3635 illius
1617 3583 1900 3651 lugebant,
1958 3582 2264 3650 populoque

695 3673 1054 3734 nuntiarunt,
1087 3681 1139 3726 et
1166 3674 1338 3726 tribus
1373 3673 1596 3737 diebus,
1635 3683 1686 3725 et
1711 3674 1885 3725 tribus
1930 3673 2178 3725 noctibus
2208 3673 2262 3723 in

695 3762 844 3816 luctu
893 3762 1132 3817 fuerunt.
1194 3763 1457 3833 Deinceps
1508 3762 1815 3817 Simeonem
1849 3771 1992 3816 sorte
2040 3764 2093 3815 in
2142 3762 2262 3831 ejus

694 3853 872 3906 locum
906 3863 1233 3921 posuerunt,
1285 3858 1378 3923 qui
1411 3869 1440 3907 a
1488 3855 1691 3920 Spiritu
1731 3862 1918 3906 sancto
1953 3853 2260 3907 admonitus

696 3950 1011 4011 acceperat,
1061 3959 1118 3997 se
1158 3960 1262 3996 non
1317 3945 1469 4013 prius
1501 3945 1746 3998 visurum
1795 3951 2021 3999 mortem
2051 3984 2065 4009 ,
2099 3959 2261 4014 quam

693 4030 972 4086 Christum
1003 4031 1217 4086 Domini
1253 4034 1446 4088 fuisset
1473 4035 1703 4088 intuitus
1727 4036 1792 4091 ".

763 4121 1030 4175 Narratur
1063 4132 1117 4177 et
1149 4124 1252 4176 alia
1294 4126 1536 4193 quzedam
1573 4126 1639 4179 de
1685 4119 1950 4180 Zacharia
1997 4126 2255 4181 historia:

692 4213 862 4267 fuisse
897 4215 952 4267 in
985 4216 1187 4283 templo
1220 4217 1396 4270 locum
1430 4217 1482 4269 in
1527 4233 1689 4286 quem
1726 4227 1934 4270 tantum
1958 4219 2259 4285 virginibus

691 4306 976 4376 ingressis,
1033 4305 1200 4361 Deum
1246 4309 1495 4371 adorare,
1531 4324 1638 4362 non
1668 4318 1845 4363 autem
1889 4311 2073 4380 nuptis
2097 4351 2111 4374 ,
2144 4311 2259 4380 lege

691 4399 958 4452 sancitum
1015 4414 1076 4451 ac
1129 4414 1452 4454 concessum
1513 4409 1647 4457 erat.
1686 4401 1852 4454 Maria
1911 4403 2074 4471 igitur
2135 4410 2258 4471 post

2384 1960 2482 2011 μου
2521 1943 2580 1993 τὸ
2613 1938 2770 2012 αἷμα,
2796 1945 2855 1996 τὸ
2882 1945 2938 1998 δὲ
2971 1944 3189 2015 πνεῦμά
3213 1963 3309 2014 μου
3337 1949 3364 1998 ὁ
3388 1943 3538 2008 Θεὸς.
3569 1945 3736 2009 Δέξαι
3765 1947 3819 1998 δὲ
3857 1946 3934 1997 καὶ

2379 2031 2632 2098 γίνωσκε,
2669 2034 2748 2084 ὅτι
2777 2033 2952 2085 ἀθῶον
2984 2032 3122 2104 αἷμα
3157 2035 3362 2105 ὲκχέεις
3384 2038 3462 2097 είς
3487 2035 3554 2086 τὰ
3590 2035 3841 2104 πρόθυρα
3859 2034 3932 2086 rei

2378 2123 2504 2174 ναοῦ
2538 2124 2760 2192 Κυρίου.
2796 2125 2902 2176 Καὶ
2934 2127 2963 2177 ὁ
3000 2125 3259 2204 ᾛρώδης,
3295 2126 3386 2177 ὲπί
3414 2124 3624 2187 τούτοις
3659 2124 3932 2203 ὀργισθεξ,

2381 2214 2579 2282 μεταξὺ
2611 2214 2701 2266 τοῦ
2737 2214 3118 2286 θυσιαστηρίου
3150 2216 3497 2287 ἀναιρεθῆναι
3524 2216 3694 2266 αὑτὸν
3732 2211 3834 2284 πρὸ
3855 2214 3932 2266 τώ

2375 2304 2666 2370 διαφαῦσαι
2702 2304 3042 2374 προσέταξεν,
3067 2305 3202 2376 πρὸς
3233 2307 3292 2359 τὸ
3321 2306 3392 2376 μὴ
3427 2306 3532 2357 ὑπὸ
3562 2304 3664 2356 τοῦ
3687 2304 3818 2358 λαοῦ
3843 2322 3934 2355 κω-

2375 2397 2599 2465 λυθῆγαι
2632 2397 2793 2448 αὑτοῦ
2831 2397 2927 2467 τὴν
2962 2397 3239 2464 ἀναίρεσιν
3539 2425 3547 2448 .
3721 2408 3724 2410 ⁷

2449 2683 2686 2754 Ὀρθρου
2719 2684 2773 2735 δὲ
2803 2685 2850 2736 οἱ
2909 2685 3073 2755 ἱερεῖς
3104 2685 3526 2755 παραγενόμενοι
3560 2687 3644 2747 είς
3671 2686 3765 2737 τὸν
3799 2684 3926 2746 ναὸν,

2372 2775 2689 2839 ὲξενίζοντο,
2727 2776 2864 2827 κατὰ
2894 2777 2954 2828 τὸ
2986 2777 3174 2839 εἰωθὸς
3207 2777 3280 2847 μὴ
3315 2777 3725 2847 ὑπαντήσαντος
3766 2778 3928 2838 αὐτοῖς

2372 2865 2464 2917 τοῦ
2497 2866 2818 2935 ἀρχιερέως,
2859 2867 2951 2918 καὶ
2985 2864 3584 2937 ἐπέμενον-ἒξω.Ὧρας
3619 2863 3714 2919 οὖν
3745 2867 3928 2937 παρεὶ-

2372 2953 2594 3023 κούσης,
2632 2951 2710 3017 εἷς
2742 2973 2821 3016 τις
2849 2955 2906 3021 ἐξ
2937 2956 3111 3008 αὐτῶν
3158 2955 3416 3008 εἰσελθεῖν
3465 2955 3864 3025 ἀπετόλμησεν.
3880 2955 3927 3005 Ὁ

2370 3045 2426 3096 δὲ
2461 3044 2653 3116 θεωρεῖ
2682 3040 2816 3114 αἷμα
2846 3046 3090 3115 πεπηγὸς
3114 3046 3262 3116 παρὰ
3306 3045 3367 3097 τὸ
3412 3044 3814 3117 θυσιαστήριον,
3848 3044 3928 3097 καὶ

2374 3137 2557 3189 ἀκούει
2608 3137 2789 3204 φωνῆς
2831 3137 3117 3206 λεγούσης·
3151 3137 3424 3208 Ζαχαρίας
3462 3137 3807 3204 πεφόνευται,
3844 3136 3927 3187 καὶ

2369 3228 2469 3279 οὐκ
2512 3227 2951 3297 ἐξαλειφθήσεται
2999 3228 3059 3279 τὸ
3103 3224 3239 3296 αἷμα
3285 3226 3471 3289 αὐτοῦ,
3514 3223 3619 3290 ἕως
3650 3227 3714 3280 ἂν
3747 3226 3924 3298 ἒλθῃὸ

2367 3320 2595 3381 ἔκδικος.
2616 3320 2846 3372 Ἀκούων
2892 3319 3022 3387 γοῦν
3060 3319 3230 3372 ταῦτα
3281 3319 3517 3389 ἐμφοὸος
3562 3320 3799 3385 ἐγένετο,
3842 3317 3924 3368 καὶ

2365 3409 2595 3474 ἐξελθὼν
2621 3413 2730 3471 τοῖς
2751 3411 2985 3480 ἱερεῦσιν
3012 3410 3357 3480 ἀπήγγειλεν.
3391 3414 3456 3462 0t
3481 3410 3556 3473 δὲ,
3581 3410 3922 3470 εἰσελθόντες.

2364 3504 2426 3554 τὸ
2460 3503 2557 3571 μὲν
2590 3504 2747 3571 σῶμα
2780 3505 2878 3554 οὐκ
2907 3499 3064 3565 εἶδον,
3095 3506 3144 3555 εἰ
3188 3504 3261 3573 μὴ
3291 3503 3351 3555 τὸ
3379 3500 3537 3573 αἷμα,
3575 3503 3668 3554 καὶ
3693 3503 3792 3564 τὰς
3824 3517 3926 3552 στο-

2364 3593 2458 3656 λὰς
2483 3594 2688 3644 ἑαυτῶν
2703 3594 2824 3664 διαῤ
2832 3595 3109 3663 ῥήξαντες,
3131 3594 3412 3661 ὲκόψαντο,
3426 3595 3519 3646 καὶ
3535 3593 3611 3662 τῷ
3633 3592 3746 3662 λαῷ
3766 3594 3924 3660 ἀνήτ-

2364 3684 2566 3752 γειλαν,
2595 3686 2690 3736 καὶ
2720 3686 2845 3754 τρία
2868 3683 3180 3755 νυχθήμερα
3219 3687 3306 3736 ἐπ’
3339 3685 3487 3754 αὐτῷ
3525 3684 3721 3754 θρῆνον
3744 3683 3924 3749 ἐποίη-

2367 3795 2482 3830 σαν.
2519 3779 2625 3830 Καὶ
2661 3779 2795 3848 μετὰ
2826 3778 2996 3831 ταῦτα
3034 3779 3292 3846 Συμεῶνα
3338 3778 3416 3838 είς
3461 3777 3559 3846 τὴν
3586 3774 3736 3839 τάξιν
3766 3771 3920 3826 αὐτοῦ

2363 3869 2547 3940 κλήρῳ
2581 3872 2934 3937 κατέστησαν,
2965 3871 3022 3931 ὃς
3049 3871 3289 3939 ὑπῆρχεν
3320 3867 3424 3920 ὑπὸ
3453 3866 3546 3918 τοῦ
3573 3866 3724 3932 ἁγίου
3756 3864 3918 3916 1]νεύ-

2366 3978 2532 4029 ματος
2566 3959 2952 4031 χρηματισθεὶς
2985 3961 3059 4030 μὴ
3085 3960 3210 4012 ἰδεῖν
3232 3959 3480 4021 θάνατον,
3509 3958 3609 4020 ἓως
3641 3957 3708 4008 ἂν
3735 3957 3816 4025 ἴδῃ
3837 3956 3919 4006 τὸν

2362 4052 2592 4122 Χριστὸν
2618 4053 2841 4121 Κυρίου.

2436 4143 2600 4212 ’Ἄλλη
2635 4143 2689 4193 δέ
2725 4160 2806 4204 τις
2854 4142 3061 4213 ἱστορία
3113 4141 3239 4212 περὶ
3270 4141 3362 4194 τοῦ
3396 4141 3665 4212 Ζαχαρίου
3699 4141 3917 4211 ἐμφέρε-

2359 4251 2478 4287 ται·
2527 4234 2602 4296 ὼς
2629 4235 2732 4304 ἄρα
2756 4229 2822 4303 ἦν
2849 4251 2930 4296 τις
2965 4235 3093 4305 περὶ
3121 4233 3213 4285 τὸν
3237 4232 3362 4286 ναὸν
3392 4231 3577 4294 τόπος,
3606 4231 3732 4284 ἔνθα
3762 4233 3912 4300 μόνας

2357 4325 2455 4387 τὰς
2489 4325 2787 4394 παρθένους
2831 4324 2958 4392 ὲξῆν
3001 4324 3272 4384 εἰσιούσας
3319 4324 3639 4393 προσκυνεῖν
3668 4320 3743 4389 τῷ
3773 4319 3908 4389 Θεῷ·

2356 4415 2454 4477 τὰς
2486 4417 2540 4467 δὲ
2571 4415 2907 4485 γαμηθείσας
2945 4415 3019 4484 μὴ
3057 4413 3196 4467 εἶναι
3235 4414 3481 4483 νόμιμον.
3501 4413 3563 4464 Ἡ
3598 4409 3688 4464 οὖν
3717 4411 3906 4482 Μαρία.

691 4490 1027 4543 Salvatorem
1059 4476 1300 4560 genitum
1335 4494 1502 4554 stetit,
1542 4493 1596 4546 in
1627 4495 1744 4546 loco
1777 4494 1898 4555 hoc,
1933 4510 2093 4562 quam
2125 4510 2248 4549 cum
2283 4512 2285 4561 ς

2369 4476 2666 4575 γεννήσασα
2711 4476 2801 4557 τὸν
2828 4476 3101 4575 ’Σωτῆ-ρα,
3136 4476 3386 4566 ἐλθοῦσα,
3415 4504 3543 4574 ἔστη
3579 4505 3634 4555 ἐν
3665 4502 3741 4573 τῷ
3776 4476 3906 4568 τόπῳ

689 4579 1054 4650 irnpedirent,
1113 4583 1207 4650 qui
1267 4598 1384 4635 eam
1444 4583 1556 4651 jam
1627 4586 1900 4653 peperisse
1953 4594 2250 4652 noverant,

689 4670 981 4726 Zacharias
1032 4671 1332 4737 fatebatur,
1365 4691 1483 4728 eam
1521 4675 1736 4744 dignam
1782 4693 1940 4742 esse,
1979 4691 2098 4746 qua:
2147 4694 2254 4732 una

686 4777 812 4815 cum
853 4763 1160 4831 virginibus
1192 4773 1643 4819 commoraretur.
1696 4767 1880 4836 Itaque
1917 4784 2038 4822 eum
2085 4769 2251 4822 veluti

682 4852 889 4920 jurium
920 4855 1234 4909 violatorem
1257 4895 1271 4919 ,
1314 4864 1366 4910 et
1408 4858 1460 4910 in
1494 4858 1669 4909 locum
1708 4858 1973 4926 virginum
2006 4860 2248 4928 iniquum

687 4944 828 4996 inter
879 4945 1051 4998 altare
1095 4947 1459 5002 trucidavere.
1506 4947 1571 5000 Et
1615 4949 1727 5001 hzec
1772 4966 1865 5018 per
1898 4959 2250 5005 transennam

684 5037 968 5104 obiterque
999 5037 1140 5091 dicta
1164 5050 1311 5094 sunt.

755 5124 925 5179 Porro
951 5125 1149 5195 Joseph
1175 5144 1204 5180 a
1239 5127 1502 5184 fratribus
1525 5131 1577 5183 in
1606 5131 1837 5202 Egypto
1881 5134 2136 5198 traditus,
2167 5135 2250 5189 di-

684 5217 812 5269 vino
844 5217 1053 5270 amatus
1074 5217 1324 5281 Numine,
1359 5219 1660 5276 Pharaonis
1679 5225 1902 5279 somniis
1926 5227 2249 5295 interpreta—

686 5304 831 5359 tione
864 5309 1145 5374 explicatis
1185 5311 1223 5374 ¹,
1248 5312 1418 5367 totius
1451 5313 1668 5383 ngypti
1710 5316 1959 5386 princeps
2001 5319 2250 5371 nomina-

685 5407 772 5452 tus
807 5405 913 5460 est,
948 5408 998 5451 et
1023 5399 1163 5454 fame
1215 5409 1386 5456 totum
1423 5414 1689 5458 terrarum
1725 5408 1910 5461 orbem
1959 5408 2244 5478 afﬂigente,

687 5486 881 5540 fratres
924 5489 976 5540 in
1010 5488 1301 5561 Egyptian]
1350 5510 1407 5548 se
1441 5495 1747 5560 conferunt,
1798 5497 2147 5563 frumentum,
2194 5507 2248 5554 et

687 5576 785 5643 ipsi
819 5587 875 5629 ut
904 5578 1031 5632 fami
1065 5581 1411 5636 mederentur
1431 5589 1663 5655 empturi
1689 5590 1840 5653 ’,eta
1865 5587 2126 5645 fratribus
2157 5607 2244 5646 re-

758 5753 804 5784 "
831 5753 964 5811 Ibid.
1007 5758 1090 5812 16.
1169 5761 1210 5791 θ’
1235 5760 1362 5816 Luc.
1392 5778 1452 5829 ιι,
1486 5764 1570 5818 14.
1657 5764 1824 5821 'Gen.
1855 5782 1962 5822 xu.
2039 5770 2059 5800 ³
2100 5766 2242 5822 Ibid.

2354 4599 2545 4668 τούτῷ.
2585 4598 2914 4651 Κωλυὸντων
2962 4595 3054 4650 οὖν
3094 4599 3260 4669 αὐτὴν
3288 4598 3395 4656 τῶν
3433 4597 3646 4650 εέδὸτων
3671 4612 3908 4664 γεγεννη-

2355 4693 2510 4742 κυῖαν
2539 4692 2727 4760 αὐτὴν,
2745 4689 2773 4739 ὁ
2794 4690 3062 4760 Ζαχαρίας
3087 4692 3270 4758 ἔλεγεν
3293 4691 3450 4754 ἀξίαν
3482 4690 3646 4759 αὐτὴν
3675 4686 3808 4742 εἶναι
3824 4688 3905 4740 τοῦ

2351 4783 2516 4834 τόπου
2539 4783 2644 4834 τῶν
2675 4783 2974 4854 παρθένων,
2990 4782 3078 4845 Ὦς
3105 4778 3197 4835 οὖν
3216 4781 3629 4853 παρανομοῦντα
3657 4781 3811 4832 αὑτὸν
3837 4781 3902 4838 εἰς

2350 4872 2441 4924 τὸν
2487 4874 2649 4925 τόπον
2681 4874 2787 4925 τῶν
2828 4874 3111 4943 παρθένων
3155 4873 3352 4943 μεταξὺ
3398 4873 3492 4925 τοῦ
3539 4872 3898 4942 θυσιαστηρίου

2352 4965 2694 5016 ἀπέκτειναν.
2732 4965 2840 5017 Καὶ
2870 4964 3042 5017 ταῦτα
3068 4964 3165 5035 μὲν
3198 4965 3272 5027 ὡς
3297 4967 3353 5017 ἐν
3379 4964 3596 5034 παρόδῳ
3618 4963 3816 5036 ἐλέχθη.

2432 5143 2627 5213 Ἰωσὴφ
2669 5142 2744 5205 δὲ,
2779 5142 3058 5206 ἀποδοθεὶς
3097 5144 3153 5194 ἐν
3202 5143 3457 5214 Αἰγύπτῳ
3498 5146 3603 5197 ὑπὸ
3635 5145 3736 5198 τῶν
3763 5141 3888 5196 ἀδελ-

2351 5233 2485 5301 φῶν,
2506 5233 2625 5303 θείᾳ
2649 5234 2857 5304 ἐπινοίᾳ
2881 5233 2959 5303 τῷ
2988 5233 3184 5304 Φαραὼ
3203 5235 3477 5305 διακρίνας
3493 5237 3756 5307 ὀνείρατα,
3783 5235 3886 5302 ἠγε-

2353 5323 2467 5393 μὼν
2513 5325 2693 5394 πάσης
2742 5326 2840 5396 τῆς
2885 5325 3156 5393 Αἰγύπτου
3198 5326 3541 5381 καθίσταται.
3603 5329 3708 5381 Καὶ
3755 5320 3881 5393 λιμσῖι

2349 5418 2526 5468 πᾶσαν
2560 5415 2836 5480 πιέζοντος
2855 5417 2953 5486 τὴν
2979 5418 3098 5487 γῆν,
3128 5420 3176 5470 οί
3207 5419 3423 5486 ἀδελφοὶ
3454 5419 3621 5472 αὑτοῦ
3655 5414 3880 5485 κατῆλθον

2349 5510 2426 5568 είς
2455 5508 2747 5576 Αἴγυπτον,
2791 5511 2934 5561 σῖτον
2963 5511 3056 5562 καὶ
3093 5512 3246 5564 αὐτοὶ
3284 5512 3372 5565 διὰ
3416 5512 3507 5565 τὸν
3535 5510 3688 5581 λιμὸν
3713 5504 3880 5575 ὠνησό-

2352 5615 2529 5668 μενοι·
2581 5601 2674 5654 καὶ
2717 5600 3138 5672 ἀναγνωρισθεὶς
3179 5603 3360 5667 αὐτοῖς
3410 5602 3642 5674 Ἰωσὴφ,
3691 5594 3878 5673 pedm!
