4044 6324
83 324 193 380 ’281

1041 318 1315 378 ερυιιιΑ.
1339 351 1410 363 -
1449 317 1807 378 COMMENT.
1852 315 1918 374 IN
1957 318 2451 380 HEXAEMERON.

3251 319 3354 378 782

79 448 204 502 ww,
235 435 349 492 καὶ
374 436 864 510 ὓπερθαυμάζοντα
900 437 962 489 τὸ
1003 437 1214 502 κάλλος.
1243 437 1515 506 Προσάγει
1541 438 1699 492 αὑτὸν

1809 437 1906 492 lert
1933 438 2002 492 ad
2025 447 2254 509 patrem,
2285 447 2345 494 ut
2368 439 2518 493 illum
2547 437 2698 512 regni
2733 438 2816 494 sui
2847 438 3109 495 scriberet
3131 449 3356 494 succes-

75 523 185 582 οὖν
218 528 539 600 αὐξηθέντα
578 531 612 600 ἡ
634 529 932 600 Θέρμουθις
966 528 1045 599 τῷ
1080 529 1245 600 πατρὶ
1261 529 1450 599 αὐτῆς,
1474 527 1697 593 ἀξιοῦσα

79 619 341 690 ποιῆσαι
377 621 539 673 αὐτὸν
577 619 676 691 τῆς
720 618 994 689 βασιλείας
1019 618 1181 672 αὑτοῦ
1209 619 1468 691 διάδοχον,
1497 620 1591 673 καὶ
1612 619 1696 674 τί-

79 710 262 783 θησιν
303 712 475 766 αὐτὸν
512 713 571 764 ἐν
606 713 725 774 ταῖς
752 711 938 782 χερσὶν
980 710 1165 764 αὐτοῦ.
1206 713 1263 765 '0
1286 711 1344 764 δὲ
1367 711 1569 774 λαϐὼν,
1604 712 1699 764 καὶ

79 805 661 875 προστερνισάμενος,
722 801 1034 870 κατεφίλει’
1085 801 1550 874 χαριεντιζόμενός
1597 814 1693 867 τε,

82 893 387 967 περιελὼν
415 895 511 965 τῆς
535 894 725 947 ἐαυτοῦ
769 895 1005 965 κεφαλῆς
1040 895 1102 947 τὸ
1144 894 1398 964 διάδημα,
1427 893 1697 964 ἐπιτίθησι

82 989 157 1058 τῇ
184 989 419 1040 ἐκείνου
441 986 670 1058 κεφαλῇ.
701 987 758 1039 '0
781 987 839 1039 δὲ
865 985 1124 1054 Μωῦσῆς,
1150 985 1458 1057 ἀπορρίψας
1486 986 1577 1038 ἐπὶ
1598 985 1698 1056 τῆς

82 1075 199 1143 γῆς
227 1070 585 1144 τδδιάδημα,
618 1075 930 1127 κατεπάτειε
961 1075 1070 1127 Καὶ
1095 1074 1124 1125 6
1150 1075 1526 1144 γραμματεὺς,
1551 1075 1579 1126 6
1601 1074 1697 1144 τὴν

86 1167 328 1234 γένεσιν
404 1165 569 1218 αὐτοῦ
635 1165 942 1236 προειπὼν,
986 1165 1316 1234 θεασάμενος
1375 1167 1470 1218 καὶ
1524 1167 1698 1229 συνεὶς

88 1259 321 1310 ἐκεῖνον
353 1252 493 1310 εἰναι
519 1257 609 1310 τὸν
640 1258 1023 1329 θεσπιζὸμενον
1057 1259 1156 1328 τῆς
1187 1257 1493 1326 Αἰγυπτίων
1527 1258 1699 1328 ἀρχῆς

93 1348 400 1418 πολέμιον,
427 1345 650 1417 ὥρμησε
698 1349 796 1418 μὲν
844 1351 1180 1412 ἀποκτεῖναι,
1207 1349 1299 1402 καὶ
1340 1350 1438 1401 ούκ
1475 1347 1658 1417 ἴσχυσε
1682 1361 1695 1376 θ

93 1438 322 1509 βοήσας
354 1437 412 1490 δέ
446 1437 548 1508 ἔφη
582 1438 660 1506 τῷ
692 1438 931 1507 βασιλεῖ’

176 1551 198 1582 ι
247 1525 430 1593 Οὗτος
454 1531 660 1593 ἐκεῖνός
688 1533 824 1595 ἐστι,
854 1530 1091 1601 βασιλεῦ,
1120 1533 1286 1603 ὅνπερ
1307 1533 1438 1602 ἡμῖν
1465 1532 1703 1602 ἀναφυῆι-

95 1640 188 1675 ναι
230 1625 306 1675 ἐκ
341 1621 456 1675 τῶν
495 1621 760 1693 Ἐϐραίων
787 1624 848 1674 τὸ
874 1623 1144 1693 δαιμόνιον
1176 1623 1371 1695 ἔχρησε
1413 1623 1512 1692 τῆς
1556 1623 1704 1692 βασι-

1798 541 1976 582 sorem
2039 542 2297 593 exorans,
2325 527 2694 598 infantemque
2722 527 2778 582 in
2823 530 2993 600 patris
3027 543 3221 584 manus
3259 532 3356 584 im-

1798 621 1996 689 posuit,
2027 620 2116 689 qui
2141 619 2231 675 ubi
2256 635 2378 674 eum
2406 622 2612 691 accepit
2645 621 2810 684 ulnis,
2845 621 3050 692 pectori
3071 622 3356 676 astrictum

1797 712 2172 777 osculabatur,
2203 720 2257 766 et
2282 712 2436 783 pueri
2481 714 2746 768 suavitate
2798 711 3063 768 hilaratus
3105 710 3357 767 diadema

1797 804 1961 874 capiti
1988 819 2088 858 suo
2109 804 2410 873 demptum,
2435 804 2581 858 illius
2606 805 2768 874 capiti
2798 804 3060 875 imponit;
3089 802 3185 859 sed
3210 801 3357 873 Moy-

1800 909 1887 949 ses
1911 894 2071 962 illud,
2108 895 2164 950 in
2212 903 2412 949 terram
2452 895 2777 965 projectum,
2829 895 3056 966 pedibus
3088 893 3354 958 calcabat,

1797 999 1907 1053 quo
1938 985 2051 1040 viso
2113 985 2312 1049 scriba,
2345 984 2438 1054 qui
2467 984 2586 1054 ejus
2631 992 2808 1038 ortum
2839 985 3179 1053 praedixerat,
3229 997 3356 1036 eum

1797 1091 1938 1139 esse,
1969 1077 2084 1145 qui,
2113 1084 2174 1130 ut
2206 1076 2443 1132 oraculis
2460 1083 2764 1145 acceperat,
2788 1073 3163 1145 Egyptiorum
3189 1085 3357 1142 regna

1799 1171 2055 1236 tanquam
2113 1167 2285 1221 hostis
2325 1174 2471 1222 esset
2525 1168 2816 1222 invasurus
2877 1179 3230 1236 cognoscens,
3287 1162 3356 1216 ad

1799 1271 1924 1311 eum
1952 1257 2310 1311 occidendum
2368 1272 2660 1327 aggressus
2694 1264 2798 1320 est,
2835 1257 2930 1311 sed
2956 1256 3166 1312 viribus
3196 1248 3357 1310 fessi!

1801 1347 2085 1414 abstinuit,
2115 1355 2170 1402 et
2205 1349 2444 1404 clamore
2472 1349 2618 1403 edito
2651 1347 2789 1403 dixit
2814 1348 2927 1418 regi
2957 1364 2970 1402 ι

1879 1541 1898 1574 ι
1922 1522 2017 1577 Hie
2051 1523 2165 1592 ipse
2195 1529 2298 1585 est,
2345 1537 2378 1576 ο
2417 1533 2536 1588 rex,
2593 1532 2750 1592 quem
2801 1519 2959 1576 nobis
2993 1535 3060 1576 ex
3117 1514 3362 1576 Hebraeis

1804 1615 2091 1669 oriundum
2119 1613 2359 1667 divinum
2411 1628 2609 1668 numen
2640 1612 2978 1683 praedixerat,
3003 1611 3154 1682 regni
3197 1611 3365 1680 Egya

100 1714 260 1778 λείας
303 1714 620 1782 Αἰγυπτίων
668 1714 979 1767 ἐπίϐουλον
1009 1716 1138 1783 ὅσγε
1177 1718 1270 1769 καὶ
1311 1716 1405 1769 νῦν
1442 1715 1702 1785 σύμϐολον

1809 1706 2041 1776 ptiorum
2096 1706 2495 1768 insidiatorem,
2526 1705 2616 1774 qui
2659 1713 2713 1759 et
2765 1718 2910 1757 nunc
2942 1717 3124 1758 rerum
3157 1703 3366 1785 futura}

99 1805 196 1859 τοῦ
229 1772 529 1877 μέλλοντος
561 1807 622 1858 ού
655 1806 848 1877 μικρὸν
883 1772 1211 1873 ἐπεδείξατο,
1237 1808 1366 1860 αύτὺ
1388 1807 1450 1878 δὴ
1474 1772 1572 1877 τῆς
1607 1807 1703 1877 βα-

1809 1811 1926 1848 rum
1959 1811 2068 1849 non
2095 1797 2210 1850 leve
2235 1796 2464 1865 prmbuit
2493 1801 2890 1864 argumentum,
2924 1794 3142 1865 quando
3187 1779 3365 1862 ipsum

107 1898 322 1961 σιλείας
349 1897 412 1950 τὸ
430 1897 675 1968 σύνθημα
700 1899 879 1970 ῥίψας,
905 1899 998 1950 καὶ
1021 1901 1410 1970 καταπατήσας
1431 1901 1508 1962 εἰς
1528 1900 1707 1952 1606a-

107 2005 228 2057 φος.
252 1989 465 2042 Τοῦτον
487 1989 616 2059 γοῦν
640 1990 860 2054 ἀνελὼν,
885 1991 1210 2058 Αἰγυπτίους
1239 1991 1334 2060 μὲν
1365 1991 1471 2042 τῶν
1491 1993 1707 2062 προσδο-

108 2081 390 2149 κωμένων
407 2083 686 2152 στερήσεις
711 2080 912 2144 κακῶν,
931 2081 1211 2152 Ἐϐραίους
1233 2081 1290 2134 δὲ
1318 2081 1582 2152 σφαλῆναι
1606 2082 1706 2152 τῆς

108 2169 333 2234 ἐλπίδος
365 2173 465 2242 τῆς
499 2173 585 2223 ἐπ’
610 2169 756 2241 αύτῷ
780 2174 1160 2241 καταστήσεις.
1213 2190 1231 2223 ι

184 2258 382 2310 Ταῦτα
413 2258 651 2320 εἰπόντος
692 2259 876 2321 αὑτοῦ,
913 2260 942 2310 6
995 2260 1090 2329 μὲν
1117 2259 1370 2329 βασιλεὺς
1399 2260 1544 2314 κατά
1570 2261 1703 2332 πρό·

114 2364 266 2402 νοιαν
317 2349 459 2401 Θεοῦ
507 2349 734 2421 ὀκνηρὸς
781 2350 914 2420 πρὸς
957 2343 1048 2403 τὸν
1100 2343 1258 2420 φόνον
1288 2353 1537 2420 ἐγένετο·
1573 2355 1606 2423 ἠ
1648 2355 1705 2407 δὲ

116 2440 450 2512 Θέρμουθις,
475 2441 582 2495 τῶν
633 2441 830 2512 χειρῶν
877 2442 969 2495 τοῦ
1023 2442 1285 2512 βασιλέως
1332 2443 1420 2498 τὸν
1467 2446 1706 2517 Μωῦσῆν

118 2532 506 2602 ἐξαρπάσασα,
535 2533 830 2603 ἐφύλαττεν
857 2534 1130 2603 ἀσφαλῶς.

191 2625 457 2688 Αἰθίοπες
487 2625 564 2689 δέ,
609 2625 889 2696 πρόσοικοι
915 2627 1028 2689 τοῖς
1066 2627 1382 2694 Αἰγυπτίοις
1417 2628 1709 2699 τυγχάνον-

120 2726 232 2779 τες.
279 2717 439 2786 ἄφνω
487 2714 818 2780 ἐπελθόντες,
863 2717 1212 2788 ἐπολιόρκουν
1263 2719 1361 2788 τὴν
1411 2719 1706 2786 Αἴγυπτον,

127 2807 217 2859 καὶ
263 2806 873 2876 ἀντιπαραταξαμένους
911 2808 1036 2869 τοὺς
1068 2809 1394 2875 Αἰγυπτίους
1424 2811 1708 2879 τροπωσά-

131 2911 300 2964 μενοι,
333 2896 642 2966 προέϐησαν
674 2896 799 2968 ἄχρι
833 2896 1108 2966 Μέμφεως
1143 2899 1234 2950 καὶ
1274 2900 1372 2968 τῆς
1415 2899 1706 2970 Θαλάσσης,
1734 2949 1740 2951 .

130 2986 236 3054 ὅσῳ
281 2986 571 3054 Αἰγύπτιοι
636 2986 776 3039 κατά
841 2988 1084 3056 χρησμὸν
1146 2989 1430 3059 σύμμαχον
1477 2991 1538 3042 τὸ
1600 2992 1708 3046 τῶν

1806 1885 1956 1956 regni
2018 1885 2228 1955 insigne
2283 1887 2339 1939 in
2409 1895 2610 1941 terram
2677 1886 2945 1956 dejectum
3003 1886 3360 1940 conculcavit.

1806 1975 1960 2030 Hunc
1983 1978 2027 2029 si
2053 1978 2171 2029 neci
2201 1977 2511 2040 tradideris,
2547 1977 2831 2048 Egyptios
2861 1979 2928 2031 ab
2951 1976 3364 2032 imminentibus

1806 2067 2063 2135 periculis
2095 2068 2374 2131 liberabis,
2407 2068 2753 2138 Hebraeisque
2786 2082 2960 2137 spem,
2992 2077 3046 2122 et
3087 2068 3362 2131 ﬁduciam,

1805 2172 1966 2226 quam
2000 2158 2053 2209 in
2082 2171 2147 2211 eo
2176 2165 2488 2226 posuerant,
2519 2158 2742 2212 adimes.
2783 2179 2802 2210 ι

1879 2245 2005 2300 Haec
2025 2261 2146 2300 cum
2187 2247 2278 2300 ille
2326 2247 2545 2308 diceret,
2581 2260 2696 2309 rex,
2742 2246 2816 2298 ita
2865 2245 3182 2315 providente
3228 2247 3360 2310 Deo.

1808 2339 2086 2393 remissior
2114 2339 2168 2392 in
2197 2354 2262 2393 eo
2284 2337 2583 2394 occidendo
2598 2337 2716 2391 fuit.
2743 2336 2808 2390 Et
2826 2334 3199 2402 Thermuthis,
3224 2353 3254 2393 e
3276 2354 3363 2394 res

1808 2431 1890 2501 gis
1934 2429 2188 2485 manibus
2246 2430 2484 2501 Moysem
2513 2430 2809 2493 sublatum,
2851 2444 3042 2486 secure
3097 2430 3359 2486 custodieé

1807 2521 1917 2576 bat.

1880 2609 2052 2667 Porro
2107 2610 2390 2681 Ethiopes
2434 2612 2708 2684 Egyptiis
2760 2612 3013 2676 ﬁnitimi,
3065 2612 3362 2681 improviso

1809 2701 2010 2770 impetu
2044 2700 2207 2766 facto,
2257 2702 2579 2756 obsidebant
2610 2702 2921 2773 Egyptum,
2974 2703 3366 2773 Egyptiosque

1808 2806 1876 2846 ex
1911 2792 2141 2846 adverso
2164 2793 2484 2858 instructos,
2511 2793 2565 2848 in
2592 2793 2771 2864 fugam
2803 2801 3073 2850 vertentes
3103 2810 3274 2863 usque
3298 2796 3366 2849 ad

1811 2881 2099 2952 Memphim
2121 2892 2175 2938 et
2207 2899 2355 2938 mare
2400 2885 2672 2955 progressi
2704 2893 2860 2951 sunt;
2894 2889 2966 2940 ita
3016 2891 3073 2938 ut
3125 2883 3366 2955 Aigyptii

1812 2975 2016 3027 oraculi
2049 2976 2256 3028 monitu
2283 2974 2628 3030 Hebraeorum
2664 2975 2964 3029 auxiliariis
3007 2975 3179 3042 copiis
3200 2974 3253 3026 in
3271 2980 3368 3027 eo.

142 3076 410 3147 Ἐϐραίων
452 3075 606 3145 γένος
645 3077 897 3140 λαϐόντες
946 3079 1202 3148 ἐπῄεσαν.
1254 3082 1362 3134 Καὶ
1407 3083 1435 3133 6
1490 3083 1707 3153 Φαραὼ,

1815 3065 2106 3120 irruerent.
2142 3064 2436 3120 EtPharao
2497 3074 2712 3135 tempus
2739 3065 2791 3119 id
2826 3074 3188 3134 opportunum
3220 3078 3364 3126 esse,

135 3173 320 3241 καιρὸν
348 3171 650 3242 ἐπιτήδειον
673 3171 961 3240 εὑρηκέναι
987 3171 1220 3242 νομίζων
1247 3171 1382 3244 πρὸς
1420 3173 1516 3244 τὴν
1555 3177 1714 3228 Μωῦ-

140 3263 270 3326 σέως
312 3265 611 3334 ἀναίρεσιν,
656 3263 754 3333 τὴν
795 3260 1128 3333 Θερμούθιδα
1171 3263 1370 3333 ἠξίωσε
1419 3269 1714 3336 παρασχεῖν

142 3355 284 3426 αύτῷ
347 3363 440 3408 τὸν
498 3357 774 3425 Μωῦσῆν,
824 3357 972 3418 ὅπως
1031 3352 1193 3410 αύτδν
1256 3357 1556 3426 στρατηγὸν
1605 3357 1713 3409 τῶν

155 3445 415 3517 Ἐϐραίων
459 3450 751 3518 ποιήσειεν,
793 3444 1164 3518 ἐπομνύμενος
1207 3448 1369 3516 μηδὲν
1412 3449 1715 3518 κακουργή-

148 3551 252 3589 σειν
297 3540 479 3602 αύτὸν,
516 3540 649 3592 ἀλλά
695 3540 983 3610 ταξίαρχον
1031 3538 1188 3609 μόνον
1237 3539 1569 3609 καταστῆσαι
1606 3539 1713 3592 τῶν

157 3626 414 3700 Ἑϐραίων
430 3671 443 3694 ,
471 3631 865 3700 ὑπολαμϐάνων
895 3631 1086 3702 ῥᾳδίως
1110 3630 1269 3682 αὑτὸν
1292 3631 1394 3683 ὑπὸ
1420 3631 1526 3683 τῶν
1557 3630 1714 3682 πολε-

154 3719 282 3787 μίων
311 3723 700 3793 φθαρήσεσθαι,
725 3721 799 3785 ὡς
827 3723 1004 3792 μάχης
1030 3723 1339 3792 ὑπάρχοντα
1365 3724 1608 3794 ἄπειρον.

237 3811 298 3864 Ἦ
353 3813 410 3866 δὲ
468 3813 634 3866 πολλά
694 3813 953 3884 πρότερον
1011 3812 1100 3864 τὸν
1161 3813 1372 3884 πατέρα
1430 3814 1525 3866 καὶ
1586 3813 1712 3876 τοὺς

153 3906 487 3969 γραμματεῖς
513 3903 837 3967 ὁνειδίσασα,
870 3905 950 3956 ὄτι
987 3903 1153 3970 ὅνπερ
1185 3902 1260 3964 ὼς
1295 3893 1548 3973 πολέμιον
1583 3901 1714 3955 ἀπο-

157 3991 348 4042 κτείναι
391 3992 687 4056 ἐϐούλοντο,
727 3992 820 4046 νῦν
882 3993 955 4056 ὼς
989 3991 1272 4062 ἐπίκουρον
1316 3993 1708 4060 παρακαλοῦσι,

155 4077 355 4133 δίδωσιν
414 4084 594 4145 αὐτοῖς
653 4084 742 4135 τὸν
808 4084 1066 4150 Μωῡσῆν.
1138 4081 1195 4135 Ὁ
1255 4083 1310 4135 δὲ
1367 4083 1461 4135 τοῦ
1512 4083 1710 4136 οἰκείου

161 4164 330 4234 ἔθνους
358 4174 658 4243 στρατηγὸς
687 4175 997 4246 προαχθεὶς,
1031 4173 1201 4242 λάθρα
1229 4173 1335 4224 τῶν
1348 4173 1614 4225 Αἰθιόπων
1643 4174 1711 4226 δι’

161 4260 339 4331 ἐτέρας
368 4264 490 4317 ὁδοῦ
524 4267 643 4334 ἄγει
673 4266 1068 4338 τὴν.στρατιάν,
1098 4266 1194 4334 τῆς
1221 4264 1419 4316 ἀϐάτου
1477 4266 1570 4317 καὶ
1619 4265 1711 4335 θη-

164 4354 390 4419 ριοτόκου
452 4357 652 4427 (πᾶσαν
710 4359 816 4430 γὰρ
880 4357 1080 4429 θηρίων
1131 4357 1380 4425 ἐκτρέφει
1426 4356 1606 4424 φύσιν,
1637 4357 1712 4419 ὡς

163 4437 287 4496 εἷναί
325 4465 445 4501 τινα
495 4450 550 4500 ἐν
580 4450 718 4520 αὐτῇ
754 4451 845 4502 καὶ
875 4446 1184 4517 πετόμενα),
1221 4449 1316 4500 καὶ
1343 4441 1477 4516 πρὸς

165 4533 476 4610 πλήττεσθαι
508 4534 611 4592 ὑπὸ
629 4539 736 4592 τῶν
763 4539 964 4610 θηρίων
997 4538 1138 4602 τινὰ,
1172 4538 1434 4601 κιϐιιηοὺς
1476 4539 1712 4600 πλεκτὰς

166 4607 472 4687 προστάττει
505 4630 729 4682 ἕκαστον
761 4607 1112 4698 ἐπιφέρεσθαι
1147 4629 1303 4681 ἴϐεων
1349 4623 1711 4698 πεπληρωμέ-

168 4727 271 4774 νας·
301 4715 409 4769 ἔστι
466 4719 572 4789 γὰρ
621 4721 775 4772 τοῦτο
804 4718 864 4770 τὸ
903 4717 1038 4782 ζῶον
1071 4720 1188 4781 ταῖς
1221 4714 1408 4770 ἀσπίσι
1437 4709 1708 4787 πολέμιον.

177 4800 255 4864 Ὧς
285 4800 372 4858 οὖν
402 4807 494 4860 τὸν
543 4825 704 4860 τοπον
746 4812 948 4861 ἐκεῖνον
978 4807 1243 4870 διώδευον,
1290 4807 1388 4868 τάς
1416 4805 1563 4868 ῐϐεας
1602 4809 1711 4869 τοῖς

171 4887 359 4960 θηρίοις
418 4900 724 4968 ἐπαφῆκαν,
763 4903 986 4953 κὰκεὶνα
1032 4899 1128 4969 τὴν
1161 4898 1342 4967 ἔφοδον
1387 4913 1586 4950 τουτων
1637 4898 1711 4967 μὴ

173 4981 535 5052 ὑπομείναντα,
585 4988 962 5063 διεφθείροντοο
994 4992 1085 5043 καὶ
1137 4991 1321 5041 τοὺτου
1376 4988 1466 5039 τὸν
1515 4989 1711 5058 τρόπον

173 5063 426 5139 διοδεύσας
476 5078 627 5144 ἄφνω
675 5081 1004 5148 προσπίπτει
1038 5081 1145 5141 τοῖς
1174 5077 1406 5144 Αἰθίοψι,
1441 5076 1533 5129 καὶ
1577 5078 1709 5128 πολὺ

176 5159 353 5230 πλῆθος
385 5168 561 5222 αὐτῶν
593 5170 958 5237 κατασφάξας,
1000 5171 1124 5233 τοὺς
1161 5166 1376 5230 λοιποὺς
1408 5168 1486 5229 εἰς
1537 5168 1712 5238 φυγὴν

178 5245 394 5319 ἔτρεψεν.

237 5342 292 5391 Οἱ
312 5343 363 5395 δὲ
391 5346 662 5408 Αἰθίοπες,
687 5345 836 5416 μόλις
863 5345 1019 5416 φόνον
1044 5353 1108 5419 τῇ
1140 5350 1283 5417 φυγῇ
1307 5345 1708 5415 διαδρᾶσαντες,

180 5423 262 5493 τὴν
289 5432 430 5486 πόλιν
478 5436 624 5486 Σαϐὰ
669 5437 1188 5506 καταλαμϐάνουσιν.
1239 5433 1344 5487 Ἱὶν
1383 5435 1489 5504 γὰρ
1537 5435 1710 5485 αὐτῶν

181 5514 298 5587 αὕτη
360 5521 641 5590 βασίλειος,
700 5525 1031 5598 ὠχυρωμένη
1087 5526 1252 5596 τείχει
1310 5508 1558 5596 κρατερῷ
1619 5525 1711 5578 καὶ

184 5601 416 5675 λῶμασιν,
450 5614 790 5684 ἀπρόσϐατος
817 5615 901 5668 διὰ
933 5615 1022 5666 τὸν
1055 5617 1240 5668 Νεῖλον
1279 5609 1486 5684 (ἐπειδὴ
1534 5615 1709 5664 πᾶσαν

184 5688 326 5748 αὐτὴν
354 5703 694 5775 περιτειχίζει
720 5702 796 5771 τῷ
833 5701 1104 5775 ῥεύματιγ
1133 5705 1318 5774 διόπερ
1353 5702 1442 5757 καὶ
1463 5701 1710 5754 δυσπολι-

1815 3171 1922 3224 quo
1954 3156 2164 3226 Moyses
2194 3165 2368 3211 morte
2393 3157 2756 3218 occumberet,
2805 3158 3078 3224 Opinatus,
3105 3153 3369 3208 Thermu‘

1813 3248 1931 3301 thin
1959 3250 2184 3317 rogavit,
2221 3256 2277 3302 ut
2325 3249 2427 3303 sibi
2462 3247 2696 3318 Moysem
2729 3249 3027 3310 exhiberet,
3088 3247 3168 3301 sic
3221 3247 3367 3300 enim

1813 3351 1934 3390 eum
1975 3337 2165 3390 ducem
2223 3336 2568 3390 Hebraeorum
2628 3336 2868 3405 eligeret,
2904 3343 2959 3391 et
3008 3334 3367 3403 jurejurando

1812 3428 2199 3494 comprobavit,
2233 3442 2291 3481 se
2339 3427 2414 3480 illi
2463 3425 2661 3478 malum
2697 3425 2901 3479 nullum
2943 3425 3239 3485 illaturum,
3274 3421 3369 3476 sed

1812 3523 2022 3569 tantum
2068 3517 2343 3585 copiarum
2402 3515 2787 3570 Hebraicarum
2850 3514 3130 3567 ductorem
3163 3513 3371 3565 constis

1812 3621 2050 3666 tuturnm
2076 3629 2090 3664 :
2120 3609 2408 3662 meditatus
2458 3597 2606 3661 eum'
2645 3606 2901 3661 facillimo
2948 3605 3184 3675 negotio,
3210 3606 3369 3675 quasi

1812 3699 2017 3752 militiae
2046 3697 2234 3751 rudem
2255 3697 2322 3751 ab
2346 3697 2592 3751 hostibus
2621 3696 2947 3749 trucidatum
2981 3696 3068 3748 iri.

1883 3785 2230 3841 Thermuthis
2282 3789 2442 3855 patri,
2473 3785 2771 3853 scribisque
2815 3783 3168 3852 exprobrans,
3226 3775 3370 3851 quod

1812 3893 1972 3947 quem
2025 3879 2191 3932 veluti
2248 3879 2454 3931 hostem
2503 3875 2806 3930 interficere
2849 3874 3192 3943 satagebant,
3224 3889 3370 3926 nunc

1809 3970 1974 4023 veluti
2045 3968 2344 4038 adjutorem
2389 3967 2794 4032 desiderarent,
2838 3964 3000 4018 tradit
3076 3964 3181 4018 illis
3221 3963 3370 4033 Moy-

1810 4075 1944 4123 sem,
1973 4060 2066 4128 qui
2128 4060 2357 4128 proprize
2410 4057 2646 4112 nationis
2701 4055 2810 4110 dux
2871 4056 3095 4118 electus,
3153 4054 3369 4108 xEthio-

1811 4150 1969 4218 pibus
2000 4149 2207 4210 insciis,
2241 4149 2423 4217 copias
2479 4147 2626 4200 ducit
2690 4161 2784 4215 per
2822 4144 2981 4197 aliam
3013 4145 3152 4196 viam
3175 4183 3189 4206 ,
3220 4144 3372 4196 inac-

1811 4255 2020 4295 ccssam
2077 4241 2316 4306 scilicet,
2369 4239 2666 4307 bestiisque
2719 4236 3012 4300 infamem,
3076 4235 3169 4288 alit
3225 4235 3370 4288 enim

1811 4333 2105 4387 bestiarum
2135 4346 2293 4384 omne
2314 4345 2504 4400 genus,
2529 4329 2602 4382 ita
2635 4337 2690 4381 ut
2710 4327 2955 4397 quaedam
2990 4342 3053 4379 ex
3096 4326 3180 4380 his
3205 4326 3371 4379 etiam

1526 4414 1604 4499 τε
1634 4414 1706 4516 μή
1741 4433 1784 4487 ι)
1813 4423 2025 4487 volent;
2059 4437 2125 4474 ne
2161 4423 2284 4490 quis
2313 4428 2490 4473 autem
2524 4433 2552 4471 a
2578 4419 2764 4471 bestiis
2807 4414 3121 4476 caederetur,
3173 4429 3372 4483 capsu.

1817 4515 1896 4569 las
1930 4513 2156 4582 plieatas
2189 4511 2364 4564 ibibus
2398 4510 2600 4578 plenas,
2635 4515 2693 4560 ut
2732 4506 2960 4574 quisque
3015 4519 3197 4558 secum
3250 4506 3371 4556 alie.

1817 4613 1921 4666 rat,
1945 4604 2117 4673 jubet.
2153 4602 2245 4656 Est
2287 4601 2429 4655 enim
2483 4600 2584 4653 hoc
2617 4599 2813 4652 animal
2857 4597 3031 4665 aspidi
3078 4595 3368 4649 infensum.

1815 4696 2042 4761 Quando
2075 4695 2237 4764 igitur
2283 4707 2378 4761 per
2419 4691 2536 4744 loca
2586 4690 2675 4742 illa
2722 4687 3219 4757 proﬁciscebantur,
3257 4685 3371 4739 ibes

1819 4790 1872 4840 in
1928 4787 2126 4841 bestias
2179 4785 2520 4844 dimiserunt,
2561 4795 2679 4849 qua:
2712 4795 2833 4832 cum
2885 4789 3069 4832 corum
3113 4777 3371 4841 impetum

1817 4878 1958 4930 ferre
1989 4891 2095 4929 non
2131 4883 2369 4944 possent,
2415 4871 2978 4928 comsummahantur:
3033 4875 3085 4921 et
3127 4868 3225 4919 hac
3283 4881 3373 4918 ra--

1815 4970 1959 5022 tione
1973 4976 2381 5036 praetergressus
2399 4967 2792 5032 inexspectatus
2810 4961 3088 5030 Ᾱτὶιιιίορεε
3109 4959 3370 5026 adoritur,

1818 5060 2032 5126 illisque
2081 5072 2276 5128 magna
2330 5057 2480 5110 clade
2528 5055 2674 5108 illata
2725 5055 2960 5122 reliquos
3011 5067 3230 5107 aversos
3288 5054 3376 5107 iu-

1815 5154 1975 5222 gavit.

1890 5328 2192 5397 Ethiopes,
2235 5328 2356 5398 iuga
2402 5327 2490 5380 vix
2540 5331 2710 5379 morte
2745 5323 2979 5393 repulsa,
3013 5323 3065 5375 in
3099 5322 3371 5375 civitatein

1819 5423 1955 5477 Saba
1988 5422 2336 5490 confugiunt;
2361 5420 2471 5472 hazc
2499 5418 2640 5471 enim
2671 5424 2788 5469 erat
2809 5431 2993 5469 eorum
3017 5416 3159 5482 regia
3189 5414 3375 5467 mmni-

1816 5519 1916 5571 bus
1975 5513 2324 5566 validissimis
2374 5508 2764 5578 aggeribusque
2806 5514 2988 5573 septa,
3046 5513 3099 5556 et
3157 5513 3373 5571 prOptcr

1817 5607 1991 5660 Nilum
2021 5607 2316 5665 inaccessa,
2353 5601 2567 5671 quando
2594 5613 2713 5652 eam
2744 5597 3101 5665 undequaque
3127 5597 3375 5648 circnm~

1818 5702 2009 5766 ﬂuens,
2044 5710 2194 5766 aeque
2241 5708 2304 5748 ac
2362 5707 2548 5748 murus
2578 5689 2872 5755 concludit,
2902 5701 3067 5756 quare
3108 5692 3164 5740 et
3207 5683 3359 5752 Egy-
