4044 6324
712 371 821 428 ’183

1587 367 1644 425 S.
1681 369 2119 427 EUSTATHIUS
2155 371 2646 430 ANTIOCHENUS
2685 373 3073 432 EPISCOPUS.

3848 373 3944 429 πι

712 486 839 555 ptiis
876 484 1106 540 obsessu
1153 481 1381 539 dillicilis
1419 493 1556 538 erat.
1602 483 1810 554 Moyses
1861 500 2038 539 rerum
2083 489 2247 543 consi-

2362 489 2591 558 όρκητος
2612 491 2724 551 τοῖς
2752 489 3063 556 Αἰγυπτίοις
3091 489 3402 561 ἐτύγχανεν.
3446 490 3505 544 '0
3541 489 3685 558 γοῦν
3741 491 3939 558 Μωσῆς

709 576 875 649 [iique
905 577 1081 645 inops,
1118 575 1171 630 in
1205 575 1368 642 hujus
1410 575 1701 643 provinciae
1748 575 2080 641 dimcultate,
2103 592 2261 633 exer-

704 669 873 721 citum
909 667 978 721 ad
1009 666 1194 720 urbem
1234 666 1516 729 conduxit,
1553 668 1808 737 variaque
1849 666 2115 737 Egyptiis
2153 683 2264 724 me-

703 753 1002 812 ditantibus
1063 771 1186 810 cum
1239 757 1375 810 nihil
1425 757 1506 811 eis
1563 758 1907 822 succederet,
1960 757 2064 810 lilia
2121 759 2264 828 regis

705 846 956 902 ‘l'harmis
983 847 1219 916 nomine,
1250 860 1306 901 ut
1335 864 1428 918 per
1458 858 1635 904 turres
1666 847 1898 919 Hoysem
1919 849 2073 915 vidit,
2118 850 2263 908 illius

702 941 899 993 eximia
936 938 1106 993 forma
1145 939 1426 1000 delectata.
1459 955 1559 994 nec
1616 956 1721 994 non
1749 947 1802 994 et
1850 940 1904 993 in
1935 939 2100 994 rebus
2147 956 2265 994 ma-

700 1027 824 1098 gnis
872 1027 1290 1097 cogitationibus
1315 1029 1744 1098 pervestigandis
1773 1027 2058 1082 consilium
2089 1027 2263 1082 admi-

700 1125 840 1176 rata,
873 1117 993 1187 ejus
1022 1133 1206 1172 amore
1236 1119 1442 1182 saucia,
1480 1134 1635 1173 servo
1669 1119 1931 1176 ﬁdissimo
1966 1121 2154 1179 misso.
2195 1120 2262 1176 de

699 1209 906 1276 nuptiis
935 1224 1057 1262 cum
1105 1224 1171 1262 eo
1224 1224 1528 1264 sermonem
1575 1209 1805 1264 confert.
1853 1209 2065 1281 Moyses
2105 1209 2158 1264 id
2204 1225 2259 1267 se

697 1295 968 1352 facturum
1017 1299 1319 1368 pollicetur,
1365 1301 1411 1354 si
1469 1302 1544 1354 illi
1595 1303 1865 1355 civitatem
1912 1300 2259 1361 tradidisset;

696 1387 788 1443 illa
815 1397 1034 1458 repente
1065 1389 1239 1445 lendus
1265 1389 1404 1455 ferit,
1429 1398 1481 1444 et
1502 1393 1688 1446 urbem
1719 1392 1884 1448 dedit.
1918 1391 2099 1462 Itaque
2122 1393 2260 1448 bello

696 1476 932 1540 sublato,
959 1487 1012 1533 et
1053 1478 1324 1550 Egyptiis
1357 1481 1408 1534 in
1442 1484 1658 1552 propria
1703 1482 1817 1536 loca
1851 1485 2105 1548 reversis,
2141 1499 2258 1538 eam

699 1569 752 1622 in
787 1569 1195 1624 matrimonium
1250 1571 1420 1634 ducit,
1464 1581 1517 1625 et
1565 1572 1838 1626 civitatem
1882 1573 2144 1636 asililicat,
2206 1583 2260 1630 et

699 1658 1049 1729 Hermupolin
1077 1661 1352 1727 nominat;
1392 1669 1465 1715 ita
1498 1663 1641 1716 enim
1673 1663 1738 1716 ab
1764 1661 2032 1734 Egyptiis
2055 1665 2260 1737 Moyses

2363 578 2606 649 προσῆγε
2633 583 2698 651 τῇ
2726 581 2876 633 πόλει
2897 582 2990 650 τήν
3017 584 3290 652 στρατιὰν,
3316 585 3374 636 ἐν
3387 583 3680 654 ἀμηχανίᾳ
3711 584 3934 652 μαγίσι-ξ

2361 667 2456 733 ὢν,
2483 669 2569 722 διὰ
2599 670 2662 744 τὸ
2683 667 2817 723 εἰναι
2848 671 3167 725 δυσάλωτον.
3196 673 3620 744 Μηχανωμένων
3646 669 3752 727 οὖν
3777 673 3938 725 πολλὰ

2359 760 2468 813 τῶν
2489 762 2815 830 Αἰγυπτίων,
2836 763 2929 815 καὶ
2954 763 3119 833 μηδὲν
3149 765 3456 832 ἰσχυόντων,
3489 765 3524 834 ἡ
3553 763 3820 835 θυγάτηρ
3852 764 3932 815 τοῦ

2362 851 2618 920 βασιλέως
2676 853 2911 923 Θάρμεις
2952 854 3193 923 ὀνόματι,
3251 857 3340 909 τὸν
3381 856 3622 910 Μωῡσὲα
3689 855 3788 908 διὰ
3838 855 3932 907 τῶν

2361 941 2583 1011 πύργων
2598 941 2924 1013 θεασαμένη,
2949 943 3039 994 καὶ
3055 942 3276 1012 ἡσθεῖσα
3307 946 3399 997 ἐπὶ
3422 945 3498 1014 τῷ
3526 944 3729 998 κάλλει
3751 941 3931 1008 αὐτώ,

2360 1034 2453 1086 καὶ
2475 1033 2796 1104 θαυμάσασα
2816 1033 2921 1087 τῶν
2946 1035 3331 1106 ἐπιχειρήσεων
3356 1037 3518 1090 αὐτοῦ
3541 1037 3641 1109 τήν
3665 1037 3931 1097 ἐπίνοιαν.

2357 1127 2439 1188 εἰς
2465 1124 2626 1178 ¹ιτόθον
2665 1126 2896 1197 ἔρχεται’
2930 1126 3024 1179 καὶ
3045 1128 3404 1182 ἀποστείλασα
3438 1130 3548 1182 τῶν
3575 1130 3816 1182 οἰκετῶν
3847 1129 3932 1180 τὸν

2360 1218 2696 1284 πιστότατον,
2727 1219 2852 1288 περὶ
2891 1217 3069 1288 γάμου
3100 1219 3232 1288 πρὸς
3261 1221 3416 1273 αὑτὸν
3437 1220 3708 1290 διελέχθη.
3766 1220 3828 1272 ’0
3880 1219 3932 1270 ἃ

2357 1309 2595 1379 Μωῦσῆς
2622 1310 2865 1380 ποιήσειν
2885 1308 3042 1376 τοῦτο
3063 1310 3342 1379 ὑπέσχετο,
3381 1313 3428 1363 εἰ
3471 1312 3570 1378 τὴν
3595 1310 3760 1363 πόλιν
3788 1309 3928 1378 αὐτῷ

2359 1401 2748 1472 παραδώσειεν.
2785 1401 2848 1453 Ἠ
2873 1400 2930 1453 δέ
2962 1401 3295 1471 παραχρῆμα
3318 1399 3413 1469 τὴν
3439 1401 3660 1470 εἰρήνην
3709 1399 3930 1452 σπένδει-

2358 1510 2468 1557 ται,
2497 1492 2589 1545 καὶ
2614 1493 2712 1561 τήν
2738 1491 2890 1544 πόλιν
2913 1491 3060 1561 αὐτῷ
3091 1492 3466 1562 παραδίδωσιν.
3508 1490 3794 1558 Λυθείσης
3842 1485 3927 1544 οὖν

2358 1584 2456 1654 τῆς
2475 1585 2673 1654 μάχης,
2695 1581 2908 1635 καὶτῶν
2922 1582 3230 1650 Αἰγυπτίων
3241 1583 3318 1645 εἰς
3338 1582 3462 1644 τοὺς
3473 1581 3709 1644 οἰκείους
3728 1582 3928 1643 τόπους

2358 1679 2775 1740 ἐπανελθόντων,
2801 1679 2990 1746 ἄγεται
3025 1679 3158 1750 πρὸς
3194 1678 3367 1749 γάμον
3393 1678 3579 1745 αὐτὴν,
3611 1679 3712 1729 καὶ
3755 1675 3927 1738 κτίζει

697 1759 1062 1820 nuncupatur,
1111 1759 1331 1820 propter
1385 1767 1665 1806 sacrarum
1725 1753 2060 1820 litterarum,
2093 1772 2247 1826 quam

2361 1772 2530 1834 πόλιν,
2582 1771 2674 1824 καὶ
2705 1768 3057 1840 Ἑρμούπολιν
3098 1769 3428 1839 άναγορεύει’
3478 1766 3619 1821 οὕτω
3671 1768 3794 1836 γὰρ
3825 1765 3929 1820 ὑπὸ

695 1839 903 1908 habuit,
935 1841 1456 1907 interpretationem.

764 2035 894 2091 Erat
915 2044 966 2092 et
1001 2038 1139 2106 apud
1177 2036 1457 2108 Ethiopas
1495 2046 1716 2107 propter
1755 2037 2123 2092 admirabilem
2155 2053 2256 2092 sa-

696 2127 953 2198 pientiam
1011 2128 1065 2180 in
1099 2142 1314 2182 summo
1354 2129 1579 2183 honore.
1614 2127 1777 2184 Usum
1831 2130 1974 2184 enim
2019 2130 2254 2196 navium,

692 2219 973 2272 machinas
1007 2217 1073 2270 ad
1122 2219 1324 2287 lapides
1371 2221 1719 2280 excidendos.
1752 2227 2053 2275 armaturas
2077 2220 2256 2292 {Egy—

693 2312 853 2379 ptias,
879 2311 1238 2365 instrumenta
1268 2309 1332 2361 ad
1358 2310 1684 2364 hauriendus
1715 2326 1905 2377 aquas,
1944 2327 2004 2363 ac
2045 2313 2252 2373 bellica,

691 2404 900 2472 primus
932 2403 1171 2455 omnium
1209 2403 1314 2455 illis
1350 2403 1692 2470 excogitavit.
1732 2401 1902 2456 Etiam
1948 2403 2251 2457 universam

697 2493 981 2563 Egyptum
1010 2496 1062 2547 in
1103 2495 1320 2562 triginta
1351 2493 1700 2562 pnefecturas
1720 2493 1920 2553 divisit.
1943 2492 2006 2545 ad
2032 2509 2250 2561 regnum

689 2584 1027 2654 Chenaphrm
1053 2584 1452 2646 stabiliendum,
1481 2597 1601 2635 cum
1629 2584 1830 2651 absque
1846 2583 2031 2635 ordine
2058 2597 2085 2633 a
2115 2578 2252 2650 regi—

688 2673 790 2727 bus
818 2680 1132 2742 regerentur
1155 2686 1251 2740 pro
1266 2669 1429 2722 animi
1455 2671 1676 2726 libidine
1707 2685 1880 2739 regem
1900 2671 2240 2738 appellantes,

684 2773 746 2818 et
759 2767 881 2818 item
907 2763 1250 2833 repndiantes
1262 2776 1421 2831 quem
1440 2757 1610 2827 magis
1626 2755 1840 2811 vellent.
1854 2755 2075 2824 Propter
2089 2761 2203 2817 haec
2219 2776 2249 2815 a

688 2851 1064 2906 sacerdotibus
1098 2859 1152 2904 ut
1186 2850 1324 2904 deus
1358 2850 1768 2910 observabatur,
1813 2850 1878 2902 ab
1904 2849 2248 2919 Ethiopibus

687 2950 746 2996 ut
782 2959 870 2996 rex
894 2958 906 2993 :
928 2943 1126 2996 etenim
1149 2951 1202 2994 et
1229 2941 1692 2994 circumcisionem
1719 2942 1786 2994 ab
1805 2956 1869 2993 eo
1892 2952 2165 3008 acceptam
2181 2941 2247 2993 ad

685 3033 830 3086 hunc
865 3033 1004 3086 diem
1044 3038 1387 3085 conservant.
1411 3031 1622 3085 Primus
1653 3046 1881 3100 namque
1914 3039 1971 3084 ut
2002 3031 2245 3085 historiis

684 3121 910 3174 tradidit
942 3120 1287 3190 Eupolemus,
1321 3122 1534 3187 sapiens
1580 3120 1696 3183 fuit,
1723 3129 1776 3174 et
1806 3123 2009 3189 primus
2042 3124 2246 3176 litteras

683 3211 940 3267 Hebraeos
978 3216 1195 3272 erudiit,
1223 3227 1340 3281 quae
1381 3215 1569 3265 beatus
1626 3212 1891 3264 Abraham
1927 3229 1955 3266 e
1985 3213 2248 3268 Chaldaeis

684 3304 970 3358 detulerat.
1006 3302 1204 3354 llarum
1253 3303 1395 3354 enim
1441 3302 1594 3369 primi
1629 3303 1933 3356 inventores
1965 3302 2200 3357 Chaldaei
2229 3321 2243 3369 ;

682 3411 747 3450 ex
804 3394 860 3446 Hl
885 3395 1043 3449 braais
1078 3391 1359 3447 thnices
1389 3393 1641 3454 habuere,
1676 3393 2016 3463 Cadmusque
2055 3397 2152 3450 has
2181 3397 2247 3450 ad

682 3486 899 3540 Grcccos
925 3485 1220 3538 transtulit.
1263 3482 1390 3537 Post
1419 3485 1678 3539 adversus
1721 3486 2000 3556 Aithiopas
2041 3489 2247 3542 exerci-

683 3583 797 3628 tum
843 3576 1063 3628 ductum
1099 3575 1153 3627 in
1201 3573 1491 3643 Egyptum
1534 3576 1769 3644 appellit,
1801 3583 1852 3629 et
1898 3577 2244 3646 Chenephras

683 3663 864 3718 verbis
920 3679 1043 3718 eum
1105 3663 1353 3717 laudibus
1386 3664 1557 3732 plenis
1604 3666 1820 3733 excipit,
1865 3681 1922 3718 re
1961 3675 2138 3721 tamen
2190 3669 2244 3721 in

680 3770 802 3807 eum
837 3764 1062 3808 mortem
1096 3754 1532 3820 machinabatur;
1561 3771 1682 3810 eum
1739 3758 1876 3810 enim
1939 3758 2244 3813 hominibus

679 3836 921 3909 ejusdem
952 3845 1162 3913 generis
1187 3846 1474 3914 spoliatum
1506 3846 1559 3899 in
1594 3845 1879 3915 Memphim
1925 3863 2108 3902 secum
2131 3849 2244 3902 dn—

680 3939 776 4000 cit,
810 3939 1233 4006 interrogatque,
1267 3937 1398 4004 quid
1440 3937 1688 3990 humanis
1729 3939 1918 4012 usibus
1946 3949 2090 3995 esset
2140 3957 2245 3994 ac-

679 4028 1112 4090 commodatum;
1170 4035 1222 4080 et
1271 4028 1359 4080 ille
1412 4030 1731 4096 respondit:
1769 4028 1989 4082 Boviuni
2049 4048 2239 4100 genus,

680 4119 783 4188 ipsi
812 4122 954 4173 enim
978 4126 1175 4171 terram
1216 4126 1369 4170 arant
1397 4128 1450 4172 et
1479 4121 1680 4174 colunt.
1706 4120 1870 4189 Igitur
1899 4122 2242 4190 (.‘henephres

678 4210 825 4264 tauri
895 4209 1084 4277 Apidis
1142 4208 1323 4261 fanum
1373 4218 1429 4261 ut
1469 4209 1862 4275 exmdiﬁcaret,
1909 4214 2240 4268 nmltitudini

677 4316 802 4354 cum
834 4301 1160 4361 mamlassel,
1191 4300 1387 4370 Moysis
1417 4302 1633 4356 virtutis
1686 4312 2033 4356 monumenta
2065 4304 2240 4373 (erant

676 4397 856 4442 autem
909 4388 1021 4440 haec
1068 4404 1172 4441 rere
1212 4390 1442 4442 conﬂata
1492 4391 1638 4443 ibunt
1669 4393 2114 4460 excogitationem
2138 4436 2152 4458 ,
2186 4402 2239 4449 et

2358 1861 2463 1914 τῶν
2513 1862 2820 1929 Αἰγυπτίων
2861 1863 2891 1914 6
2926 1861 3161 1932 Μωῡσῆς
3190 1858 3668 1931 προσαγορεύεται,
3710 1860 3806 1911 διὰ
3831 1858 3925 1927 τὴν

2359 1952 2423 2023 [Ῑ.
2452 1952 2535 2023 τὸ]
2563 1952 2668 2005 τῶν
2704 1951 2861 2022 ίερῶν
2880 1952 3218 2021 γραμμάτων
3257 1951 3540 2021 ἑρμηνείαν
3567 1952 3923 2020 ποιήσασθαι.

2439 2045 2690 2113 Ἐτιμᾶτο
2717 2043 2771 2095 δέ
2796 2045 2886 2097 καὶ
2915 2042 3064 2112 παρὰ
3096 2045 3206 2105 τοῖς
3224 2039 3461 2110 Αἰθίοψιν
3490 2041 3552 2094 οὐ
3588 2041 3809 2111 μικρῶς
3843 2041 3927 2092 διὰ

2354 2135 2453 2203 τὴν
2475 2133 2663 2200 σοφίαν
2689 2132 2786 2202 τήν
2813 2132 3157 2199 ἁξιάγαστον.
3190 2131 3393 2183 Πλοίων
3433 2130 3540 2200 γὰρ
3566 2130 3664 2200 τὴν
3693 2131 3922 2200 χρῆσιν,

2356 2224 2447 2275 καὶ
2478 2221 2719 2293 μηχανὰς
2743 2223 2879 2293 πρὸς
2900 2221 3216 2282 λιθοθεσίαν,
3237 2220 3330 2272 καὶ
3356 2220 3493 2273 ὅπλα
3511 2219 3810 2288 Αἰγύπτια,
3835 2221 3924 2272 καὶ

2354 2315 2560 2384 ὄργανα
2605 2313 2892 2383 ὑδρευτικὰ
2943 2313 3036 2365 καὶ
3065 2311 3292 2381 πολέμια
3333 2310 3541 2380 πρῶτος
3579 2312 3770 2372 αὐτοῖς
3831 2313 3925 2362 ἐπ-

2354 2402 2588 2471 ενόησεν.
2601 2403 2718 2454 Ἐτι
2738 2401 2794 2454 δέ
2813 2401 2905 2454 καὶ
2923 2400 3017 2470 τὴν
3039 2400 3310 2468 Αἴγυπτον
3333 2401 3507 2452 πᾶσαν
3527 2401 3605 2461 είς
3623 2399 3923 2470 τριάκοντα

2351 2488 2510 2542 διεῖλε
2558 2489 2772 2558 νομοὺς,
2818 2489 2951 2560 πρὸς
3001 2489 3060 2541 τὸ
3103 2488 3180 2558 τῷ
3205 2488 3451 2557 Χενεφρῇ
3501 2487 3598 2558 τήν
3638 2486 3923 2555 βασιλείαν

2356 2579 2661 2649 βεόαιῶσαι·
2699 2581 2884 2650 ἐπειδὴ
2923 2581 3170 2642 ἀτάκτως
3206 2578 3569 2633 ἐϐασιλεύοντο
3604 2578 3920 2647 Αἰγύπτιοι,

2351 2672 2539 2742 γνώμῃ
2594 2672 2955 2742 προσάγοντες
2998 2672 3089 2726 καὶ
3128 2669 3508 2741 καθαιροῦντες
3541 2669 3599 2722 δν
3650 2672 3717 2722 ἂν
3751 2669 3922 2741 προῄ-

2352 2779 2530 2834 ρηντο.
2567 2764 2644 2815 Δι’
2675 2762 2710 2815 ἃ
2734 2761 2862 2830 γοῦν
2896 2759 3003 2814 ὑπὸ
3033 2763 3129 2831 μὲν
3156 2761 3263 2812 τῶν
3304 2760 3489 2830 ἱερέων
3517 2759 3592 2822 ὡς
3633 2758 3760 2823 θεὸς
3810 2763 3919 2813 ἐτι-

2353 2855 2508 2921 μᾶτο,
2541 2852 2644 2903 ὑπὸ
2664 2852 2718 2904 δὲ
2741 2852 2850 2905 τῶν
2875 2851 3144 2904 Αἰθιόπων
3167 2852 3241 2913 ὡς
3271 2850 3533 2919 βασιλεύς·
3565 2849 3657 2902 καὶ
3677 2850 3796 2922 γὰρ
3830 2853 3922 2904 καὶ

2349 2947 2446 3016 τὴν
2478 2946 2772 3016 περιτομήν
2798 2949 2926 3016 παρ’
2960 2945 3122 2999 αὐτοῦ
3157 2946 3414 3016 μαθόντες
3449 2946 3573 3015 ἄχρι
3618 2943 3712 2997 τοῦ
3761 2943 3921 3015 δεῦρο

2349 3036 2720 3104 φυλάττουσιν.
2742 3037 2960 3106 Πρῶτος
2985 3036 3092 3106 γὰρ
3118 3029 3270 3099 οὗτος
3303 3034 3460 3104 σοφὸς
3486 3036 3802 3104 γεγένηται,
3847 3035 3920 3098 ὡς

2275 3152 2314 3205 C
2353 3127 2551 3194 ἱστορεῖ
2570 3128 2597 3177 6
2619 3125 2949 3194 Εὐπόλεμος,
2975 3126 3066 3177 καὶ
3080 3124 3378 3193 γράμματα
3399 3123 3607 3194 πρῶτος
3642 3121 3920 3192 Ἑϐραίοις

2356 3217 2750 3287 παραδέδωκεν,
2792 3217 2933 3286 ἅπερ
2968 3217 2995 3269 6
3044 3216 3306 3286 μακάριος
3369 3213 3613 3285 Ἀϐραὰμ
3657 3215 3772 3266 ἀπὸ
3812 3214 3918 3266 τῶν

2353 3305 2626 3358 Χαλδαίων
2658 3305 2898 3373 ἐκόμισε·
2931 3304 3132 3372 πρῶτοι
3189 3303 3297 3374 γὰρ
3344 3302 3559 3372 εὑρεταὶ
3609 3301 3819 3354 τούτων
3870 3305 3916 3356 οἰ

2352 3396 2600 3448 Χαλδαῖοι
2637 3394 2972 3464 γεγένηνται·
3023 3393 3172 3463 παρὰ
3202 3395 3257 3447 δὲ
3291 3394 3397 3446 τῶν
3428 3391 3697 3464 Ἐϐραίων
3722 3393 3918 3446 ἔλαὸον

2350 3486 2614 3548 Φοίνικεςο
2677 3486 2769 3538 καὶ
2821 3485 3037 3554 Κάδμος
3079 3485 3246 3537 ταῦτα
3305 3485 3607 3554 μετήγαγεν
3665 3485 3743 3545 εἰς
3791 3486 3919 3547 τοὺς

2353 3575 2634 3644 Ἕλληνας.
2652 3573 2805 3628 Μετὰ
2824 3574 2878 3626 δὲ
2899 3575 2997 3644 τὴν
3018 3573 3156 3625 κατὰ
3174 3573 3279 3624 τῶν
3295 3573 3560 3625 Αἰθιόπων
3582 3573 3917 3642 στρατηγίαν

2349 3667 2652 3732 ἀφικνεῖται
2683 3666 2761 3726 εἰς
2794 3663 3082 3731 Αἰγυπτονο
3115 3663 3208 3714 καὶ
3229 3663 3256 3713 6
3288 3662 3568 3732 Χενεφρῆς
3601 3660 3780 3727 λόγοις
3817 3661 3918 3730 μιν

2349 3757 2611 3825 εὐφήμοις
2643 3753 2904 3818 ἐδεξιοῦτο
2927 3751 3105 3814 αὑτὸν,
3125 3752 3306 3822 ἐργοις
3326 3751 3380 3802 δέ
3403 3751 3493 3803 τὸν
3515 3750 3739 3804 θάνατον
3773 3752 3916 3806 κατὰ

2348 3848 2511 3900 αὐτοῦ
2537 3849 2749 3918 ήρτυεν·
2775 3845 2977 3916 ἔρημον
2999 3844 3106 3914 γὰρ
3128 3843 3234 3896 τῶν
3261 3843 3540 3910 ὁμοφύλων
3567 3847 3914 3915 καταστήσας

2347 3935 2528 3999 αὑτὸν,
2585 3936 2664 3997 είς
2705 3935 2925 4004 Μέμφιν
2981 3934 3096 4002 μετ’
3169 3930 3330 3984 αὑτοῦ
3390 3933 3766 4000 παραγίνεται’
3818 3934 3911 3986 καὶ

2347 4028 2523 4097 ἐρωτᾷ
2555 4025 2735 4089 αὑτὸν,
2765 4026 2814 4077 τί
2852 4026 2962 4086 τοῖς
2999 4022 3301 4095 ἀνθρώποις
3331 4022 3562 4092 ὑπάρχει
3588 4021 3906 4093 εὔχρηστον.

2357 4119 2414 4171 '0
2445 4118 2500 4168 δὲ
2527 4118 2648 4185 ἔφη’
2686 4116 2804 4169 Τῶν
2835 4116 2972 4186 βοῶν
3004 4118 3065 4169 τὸ
3096 4117 3267 4184 γένος,
3295 4112 3381 4167 διὰ
3404 4113 3464 4166 τὸ
3503 4113 3779 4184 ἀρώσιμον
3809 4115 3908 4185 τὴν

2346 4209 2449 4276 γῆν
2475 4209 2563 4260 ὑπ’
2581 4207 2755 4260 αὐτῶν
2781 4206 3154 4260 καθίστασθαι.
3179 4205 3451 4266 Κελεῦσας
3471 4201 3562 4257 οῦν
3597 4208 3705 4268 τοῖς
3732 4205 3904 4276 ὄχλοις

2345 4299 2374 4349 6
2409 4298 2691 4368 Χενεφρῆς
2721 4297 2919 4368 ταύρου
2961 4296 3178 4358 Ἀπιδος
3219 4294 3383 4365 σηκὸν
3420 4295 3796 4363 τεκτήνασθαι,
3834 4295 3902 4349 τὰ

2344 4389 2436 4441 τοῦ
2463 4389 2738 4450 Μωῠσέως
2767 4388 2866 4456 τῆς
2895 4387 3093 4457 ἀρετῆς
3141 4387 3506 4454 ὑπομνήματα
3533 4381 3620 4456 (ἦν
3650 4385 3704 4437 δὲ
3735 4385 3900 4437 ταῦτα

674 4481 958 4536 historiam
976 4496 1152 4533 rerum
1173 4479 1379 4534 fortiter
1395 4482 1653 4534 adversus
1668 4481 1950 4551 Ethiopas
1966 4495 2236 4553 gestarum

2349 4475 2407 4526 ὲκ
2433 4474 2633 4544 χαλκοῦ
2666 4473 3028 4543 πεποιημένα,
3056 4471 3161 4522 τῶν
3197 4469 3353 4521 ἴϐεων
3395 4470 3492 4539 τὴν
3518 4470 3757 4520 ἐπίνοιαν
3778 4508 3790 4530 ,
3819 4468 3910 4520 καὶ

677 4571 974 4639 narrantia)
1009 4573 1111 4624 sub
1171 4572 1474 4638 pavimento
1515 4574 1696 4639 templi
1757 4574 1983 4637 abdidit,
2017 4586 2069 4628 ut
2119 4577 2237 4644 ejus

674 4678 764 4717 res
794 4671 974 4730 gestae,
1011 4661 1279 4715 oblivione
1309 4662 1727 4715 obscurarentur
1756 4680 1770 4729 ;
1812 4670 1862 4716 et
1894 4662 2236 4719 Hebraeorum

677 4750 1102 4811 multitudinem,
1134 4766 1252 4818 quae
1281 4767 1401 4803 eum
1437 4753 1703 4816 tuebatur,
1747 4751 1799 4803 in
1843 4753 1976 4806 duas
2008 4755 2239 4822 provin—

675 4844 789 4895 eius
835 4843 1068 4911 partitus
1101 4851 1220 4894 est:
1258 4844 1444 4910 partim
1479 4841 1618 4895 enim
1653 4842 1705 4893 in
1736 4840 2025 4910 Aithiopia:
2062 4855 2238 4898 custo-

674 4934 818 4986 diam
847 4935 1022 4993 misit,
1060 4936 1252 5003 partim
1305 4935 1356 4987 in
1389 4933 1541 4988 Jovis
1595 4935 1728 4988 urbe
1789 4933 1854 4985 ad
1912 4944 2236 4989 structuram

676 5023 882 5091 templi,
931 5025 1096 5092 quod,
1146 5033 1326 5076 monte
1348 5024 1525 5077 vicino
1558 5025 1610 5076 in
1646 5023 1848 5092 lapides
1881 5026 2082 5087 exciso,
2124 5034 2239 5078 erat

673 5116 1084 5170 exstruendum.
1130 5117 1255 5167 olim
1314 5115 1453 5166 enim
1499 5130 1564 5168 ex
1599 5118 1766 5167 coctis
1800 5116 2072 5170 laterculis
2124 5126 2239 5170 erat

673 5216 1042 5275 compactum;
1081 5209 1204 5259 item
1237 5223 1356 5259 eum
1397 5207 1663 5275 Egyptiis
1718 5208 1972 5259 nudatum
2026 5210 2235 5270 amicis,

672 5297 976 5350 interﬁcere
1008 5299 1598 5366 jubebatjurejurando
1624 5299 1777 5350 Iidem
1814 5301 2138 5368 astringens,
2174 5319 2237 5352 ne

672 5389 747 5442 illi
779 5388 1002 5442 insidias
1037 5389 1133 5443 has
1179 5388 1344 5459 Moysi
1390 5390 1706 5442 revelarent.
1752 5390 2010 5444 Omnibus
2060 5392 2239 5459 itaque

673 5477 960 5530 consilium
1024 5477 1123 5530 hoc
1184 5479 1561 5531 recurantibus
1593 5478 1970 5531 Chanenothcs
2016 5482 2232 5547 quidam

677 5568 957 5620 sententia:
992 5568 1145 5635 regia:
1169 5584 1384 5635 operam
1411 5568 1659 5620 daturum
1687 5585 1743 5621 se
1769 5571 2033 5635 promisit,
2072 5571 2236 5623 deio-

675 5674 781 5723 que
830 5658 998 5727 Moysi
1045 5669 1269 5712 mortem
1329 5661 1637 5724 illaturnm;
1693 5671 1816 5713 tunc
1878 5665 2133 5729 temporis
2183 5672 2236 5716 et

675 5745 853 5803 Meroe
892 5751 992 5820 (sic
1037 5751 1179 5804 enim
1216 5750 1566 5807 Thennuthis
1595 5752 1906 5821 vocabatur)
1957 5754 2230 5820 defuncta,

2345 4571 2441 4641 τὴν
2477 4569 2715 4640 ἱστορίαν
2746 4569 2842 4637 τῆς
2866 4566 2985 4620 κατ’
3018 4563 3288 4617 Αἰθιόπων
3328 4561 3686 4633 ἀνδραγαθίας
3717 4562 3910 4633 κηρύτ-

2345 4659 2523 4727 τοντα)
2570 4657 2674 4710 ὑπὸ
2721 4658 2779 4709 τὸ
2820 4657 3012 4722 ἔδαφος
3049 4653 3310 4723 ἐνέκρυψε
3362 4653 3455 4704 τοῦ
3511 4651 3638 4706 ναοῦ
3686 4652 3812 4721 πρὸς
3851 4651 3909 4702 τὸ

2346 4726 2481 4823 λήθῖῃ
2520 4749 2851 4821 παραδοῦναι
2887 4747 2955 4800 τὰ
3002 4746 3188 4799 τούτου
3223 4746 3491 4815 δράματα.
3531 4744 3634 4796 Τὸν
3663 4745 3720 4796 δέ
3756 4743 3904 4813 ὄχλον

2344 4843 2450 4894 τῶν
2489 4842 2752 4912 Ἑϐραίων
2783 4840 2872 4892 τὸν
2917 4837 3244 4909 περιέποντα
3287 4839 3467 4902 αὑτὸν,
3512 4841 3590 4901 εἰς
3640 4837 3730 4890 δύο
3773 4838 3900 4908 ἔργα

2345 4936 2610 5002 διένειμε·
2665 4932 2791 4994 τοὺς
2827 4934 2923 4999 μὲν
2968 4932 3074 4999 γὰρ
3117 4933 3197 4992 εἰς
3236 4929 3481 4998 φυλακὴν
3511 4929 3611 4999 τῆς
3635 4928 3899 4988 Αἰθιοπίας

2345 5027 2636 5096 ἐξέπεμψε,
2656 5026 2779 5086 τοὺς
2803 5024 2858 5076 δὲ
2882 5024 2970 5074 τὸν
2990 5026 3058 5090 ,ἐν
3083 5023 3204 5086 Διὸς
3225 5023 3375 5075 πόλει
3405 5021 3531 5075 ναὸν
3555 5023 3616 5075 ἐκ
3641 5021 3777 5074 λίθου
3800 5037 3895 5071 xa-

2341 5118 2692 5177 τασκευάσαι,
2716 5115 2920 5183 λατομή
2931 5131 3125 5177 σαντας
3144 5114 3204 5166 τὸ
3227 5114 3447 5182 πλησίον
3464 5115 3608 5184 ὅρος,
3629 5110 3894 5180 ἐπέτρεψ’

2341 5199 2501 5251 πάλαι
2520 5199 2624 5265 γὰρ
2640 5197 2698 5259 ἐξ
2712 5198 2879 5266 ὀπτῆς
2898 5195 3111 5250 πλίνθου
3129 5199 3154 5247 6
3170 5196 3290 5255 ναὸς
3308 5197 3720 5247 κατεσκεύαστο·
3740 5196 3882 5244 Ἀπο-

2342 5291 2572 5353 ξενώσας
2589 5289 2643 5339 δὲ
2663 5291 2751 5340 καὶ
2764 5289 2870 5340 τῶν
2888 5288 3189 5355 Αἰγυπτίων
3203 5286 3378 5348 αὐτὸν,
3398 5286 3604 5338 ἀνελεῖν
3620 5286 3766 5338 αὐτὸν
3777 5285 3878 5342 τοῖς

2342 5382 2514 5447 φίλοις
2540 5381 2700 5433 αὐτοῦ
2729 5381 3044 5440 ἐνετέλλετο,
3068 5380 3267 5439 πάντας
3280 5379 3626 5449 δρκωμοτῶν,
3649 5377 3718 5448 μὴ
3743 5377 3853 5440 ποιῆ

2342 5489 2426 5523 σαι
2452 5473 2594 5540 αὐτῷ
2618 5475 2713 5539 τὴν
2738 5470 3027 5522 κατόιῦτοῦ
3042 5473 3403 5542 τυρευομένην
3423 5468 3874 5538 κατάδηλονᾚάν·

2339 5584 2444 5618 των
2473 5562 2564 5617 οὖν
2595 5564 2687 5632 τὴν
2707 5564 2896 5632 βουλὴν
2923 5564 3119 5630 ταύτην
3142 5564 3546 5631 ἀπειπαμένων,
3578 5557 3876 5622 Χανενὼθζς

2337 5676 2418 5718 τις
2448 5655 2834 5723 διακονῆσαιτῇ
2857 5653 3044 5726 γνώμῃ
3072 5654 3160 5705 τοῦ
3182 5655 3440 5722 βασιλέως
3467 5648 3869 5708 κατέθετοβῡὶῦ·

2339 5747 2566 5820 φονῆσαι
2589 5747 2676 5799 τὸν
2698 5746 2930 5799 Μωῦσέσ.
2955 5746 3425 5815 ἐπαγγειλάμενος.
3447 5745 3574 5797 Τότε
3604 5744 3666 5814 δὴ
3691 5741 3774 5793 καὶ
3790 5737 3872 5806 τῆς
