4044 6324
110 408 217 466 785

1024 405 1293 463 SPURIA.
1339 439 1406 452 —
1441 401 1800 464 COMMENT.
1838 405 1907 462 IN
1946 405 2438 465 ﬂﬂAEMERON.

3232 406 3334 464 786

96 528 357 599 Μερρόης
385 525 712 597 (οὖτωγὰρὴ
725 525 1026 597 Θέρμουθις
1050 528 1314 599 ἐκαλεῖτο)
1355 529 1678 600 τελευτησάρ

1784 530 1969 600 ingens
2032 530 2273 585 oblatum
2347 543 2407 584 se
2466 535 2682 582 nactum
2747 526 2958 581 Pharao
3017 527 3336 585 existimans

97 623 456 695 σης,ἓρμαιον
467 625 497 676 6
515 623 590 674 Φα
599 622 711 690 ραὼ
721 621 810 674 16v
824 622 1008 693 καιρὸν
1025 624 1386 693 ἡγησάμενος,
1404 623 1670 694 προστάτ-

1773 628 2005 689 tempus,
2063 621 2234 693 Moysi
2281 628 2335 675 et
2376 619 2740 674 Chanenotha‘.
2784 620 2938 688 jubet
2990 626 3141 674 extra
3201 618 3336 674 fines

91 731 184 768 τει
217 716 420 784 Μωῦσῇ
442 713 534 766 καὶ
578 713 863 785 Χανενώθῃ
887 717 964 777 είς
979 717 1103 779 τοὺς
1127 717 1265 786 ὑπὲρ
1290 713 1564 782 Αἰγύπτου
1585 715 1669 768 τό-

1784 710 1988 786 Egypti
2033 713 2153 769 filia:
2199 715 2345 783 justa
2403 711 2600 767 facere.
2626 710 2744 776 Quo
2774 727 2894 765 cum
2941 712 3336 780 pervenissent,

92 823 239 871 πους
258 805 519 875 κηδεῦσαι
539 807 724 877 αὐτήν.
745 807 990 874 ’Δφικνου
998 807 1171 877 μένων
1185 807 1241 859 δὲ
1256 805 1450 870 αὐτῶν,
1473 801 1554 870 εἷς
1583 824 1667 870 τις

96 897 217 950 τῶν
239 894 550 949 συνειδότων
578 895 674 965 τὴν
702 895 924 968 γνώμην
956 898 1050 950 τοῦ
1081 897 1276 968 Φαραὼ
1293 899 1668 952 ἀνακοινοῦται

92 985 178 1056 τῷ
211 987 437 1056 Μωῦσῇ·
469 985 561 1038 καὶ
593 985 828 1055 φυλάξας
855 988 1044 1040 ἑαυτὸν
1074 988 1335 1042 πάντοθεν
1362 991 1390 1042 6
1410 990 1669 1059 Μωῦσῆς,

93 1077 201 1146 τὴν
235 1076 488 1146 Μερῤόην
515 1076 699 1146 ἔθαψε,
732 1077 938 1130 καὶτὸν
960 1078 1122 1130 τόπον
1179 1079 1273 1132 καὶ
1299 1077 1390 1131 τὸν
1431 1080 1671 1149 ποταμὸν

93 1163 358 1235 Μερρόην
393 1165 450 1230 ἐξ
478 1166 644 1235 αὐτῆς
667 1164 1122 1236 προσηγόρευσεν.
1160 1166 1330 1230 Αὐτὸς
1372 1166 1430 1220 δὲ
1471 1170 1535 1220 ἐκ
1577 1168 1675 1238 μὲν

93 1256 380 1325 Μέμφεως
419 1257 508 1310 τὸν
551 1256 739 1310 Νεῖλον
789 1256 1244 1327 διαπορθμεύσας,
1269 1258 1387 1311 καθ’
1422 1259 1675 1312 ὑπόθεσιν

108 1347 323 1418 Ἀαρὼν
349 1348 442 1400 τοῦ
460 1348 685 1416 ἀδελφοῦ
715 1347 900 1410 αὑτοῦ,
933 1352 1010 1411 είς
1030 1348 1126 1418 τὴν
1159 1349 1213 1400 ’Δ
1224 1349 1411 1418 ραϐίαν
1439 1351 1678 1417 ἀπέφευ-

95 1454 193 1504 γεν
219 1457 233 1468 ’
262 1441 291 1491 6
323 1438 379 1491 δὲ
412 1439 731 1511 Χανενὼθης
769 1439 1088 1508 πυθόμενος,
1110 1439 1400 1508 γυμνώσας
1423 1441 1483 1492 τὸ
1530 1441 1678 1510 ξίφος

96 1529 416 1592 ὑπαντιάξει
447 1529 611 1599 αὐτῷ·
652 1531 680 1582 ό
733 1530 790 1582 δὲ
820 1531 1057 1600 Μωῦσῆς
1099 1532 1346 1599 κατεῖχεν
1375 1531 1539 1584 αὐτοῦ
1581 1532 1678 1602 τὴν

95 1622 279 1690 χεῖρα,
307 1621 402 1673 καὶ
427 1621 705 1684 ὲκσπάσας
724 1621 786 1673 16
822 1619 971 1689 ξίφος
1009 1620 1174 1673 αὑτοῦ
1209 1621 1310 1690 τῆς
1353 1622 1551 1693 χειρὸς,
1601 1622 1678 1692 τῷ

96 1713 285 1781 οίκείῳ
334 1711 478 1779 ξίφει
521 1711 683 1765 αὑτὸν
733 1712 1114 1782 διεχειρίσατο,
1161 1713 1255 1766 καὶ¹
1283 1713 1365 1775 είς
1425 1713 1678 1784 Ἀραϐίαν

1772 825 1914 863 unus
1968 824 2034 861 ex
2085 807 2322 862 consciis
2361 813 2596 860 mentem
2649 804 2944 859 Pharaonis
2994 805 3067 857 illi
3098 819 3338 858 commu-

1774 903 1939 957 nicat.
1966 898 2177 970 Moyses
2217 896 2319 953 sibi
2358 895 2719 963 undequaque
2748 907 2946 946 cavens
2984 890 3216 945 Meroem
3254 904 3345 945 se-

1773 991 1957 1060 peliit,
1991 996 2044 1042 et
2081 987 2284 1047 locum,
2323 993 2378 1037 et
2416 982 2638 1036 fluvium
2680 979 2912 1034 Meroem
2952 995 3015 1032 ex
3057 994 3120 1032 ea
3161 979 3342 1032 nomi-

1777 1082 1942 1136 navit.
1983 1078 2215 1148 Ipseque
2251 1091 2316 1129 ex
2356 1073 2622 1142 Memphi,
2663 1071 2783 1125 Nilo
2824 1071 3080 1140 traiecto,
3121 1071 3345 1126 nomine

1776 1171 2008 1226 Aaronis
2049 1167 2234 1224 fratris
2283 1166 2338 1221 in
2385 1165 2640 1218 Arabiam
2684 1162 2846 1233 fugit;
2889 1163 3032 1232 quod
3075 1162 3162 1215 ubi
3204 1177 3339 1230 prae-

1777 1262 1948 1320 sensit
1966 1258 2367 1322 Chanenothes,
2395 1256 2583 1312 stricto
2610 1255 2789 1326 gladio
2813 1255 3070 1309 adversus
3097 1253 3342 1322 impetit:

1780 1365 1964 1402 verum
2036 1349 2247 1420 Moyses
2295 1350 2628 1418 deprehensa
2675 1363 2862 1412 manu,
2902 1361 3136 1415 enseque
3192 1344 3338 1399 illius

1779 1449 2013 1506 arrepto,
2048 1441 2276 1507 ejusmet
2300 1440 2442 1494 illius
2471 1439 2646 1510 gladio
2674 1438 2906 1507 jugulat,
2923 1445 2976 1492 et
3007 1439 3058 1489 in
3082 1435 3337 1489 Arabiam

1777 1531 1844 1584 ad
1879 1528 2166 1599 Raguelem
2208 1530 2442 1600 regionis
2487 1530 2784 1599 principem
2839 1529 3035 1596 migrat
3086 1527 3150 1585 ‘°,
3179 1533 3231 1579 et
3271 1540 3346 1579 ex.

1776 1621 1895 1689 ejus
1941 1620 2044 1674 tilia
2086 1620 2363 1691 Sepphora
2395 1621 2499 1677 sibi
2531 1621 2583 1674 in
2614 1620 3017 1675 matrimonium
3050 1617 3343 1680 collocata,

1777 1713 1913 1768 duos
1946 1715 2179 1783 suscepit
2202 1714 2358 1769 filios.

97 1803 238 1873 πρὸς
277 1803 602 1872 Ῥαγουῆλον
620 1804 710 1856 τὸν
736 1803 842 1862 τῶν
863 1803 1042 1857 τόπων
1067 1803 1303 1876 ἄρχοντα
1323 1806 1673 1875 παρεγένετο,
1725 1806 1815 1858 καὶ
1841 1804 1936 1876 τὴν
1960 1804 2228 1876 θυγατέρα
2255 1805 2417 1859 αὑτοῦ
2441 1804 2721 1876 Σεπφόραν
2747 1803 3028 1875 ἀγόμενος,
3055 1799 3113 1867 ἐξ
3169 1798 3339 1869 αὐτῆς

99 1889 192 1953 δῦο
221 1891 418 1956 παῖδας
447 1892 751 1964 ἐγέννησεν.

180 1986 242 2038 ‘0
265 1985 322 2036 δὲ
348 1983 563 2055 Φαραὼ,
591 1986 767 2037 πᾶσαν
793 1984 891 2054 τὴν
915 1983 1354 2056 δραματουργίαν
1381 1983 1476 2037 τοῦ
1505 1985 1668 2038 Mnib-

1838 1984 2046 2040 Pharao
2081 1985 2171 2040 ubi
2212 1986 2408 2057 Moysis
2437 1985 2635 2040 factum
2665 1983 2853 2048 audiit,
2884 1983 3018 2038 iram
3045 1983 3096 2037 in
3127 1982 3341 2037 Iudaeo-

103 2073 241 2137 σέως
271 2074 592 2145 πυθόμενος,
619 2075 710 2128 τὸν
740 2075 905 2145 θυμὸν
947 2077 1038 2128 ἐπὶ
1073 2077 1133 2128 τὸ
1165 2077 1364 2148 πλῆθος
1400 2077 1510 2132 τῶν
1549 2079 1679 2131 Ἰου-

100 2166 265 2218 δαίων
303 2165 445 2234 ἔχεε,
511 2167 604 2218 καὶ
651 2166 820 2235 ἄρδην
860 2167 1079 2230 τούτους
1120 2168 1458 2238 ἀναιρεῖσθαι
1505 2185 1676 2239 προσ-

107 2253 284 2318 έταξεο
319 2256 511 2324 μόνους
539 2255 646 2325 γὰρ
672 2257 866 2320 αὐτοὺς
892 2257 1039 2326 λινῆν
1067 2258 1266 2327 ἐσθῆτα
1297 2261 1482 2329 φορεῖν
1498 2258 1680 2314 κελεύ-

110 2361 207 2408 οις
235 2344 327 2398 διὰ
355 2346 416 2397 τὸ
451 2346 708 2416 εὔσημον,
755 2350 834 2410 είς
865 2349 1073 2417 σφαγὴν
1120 2349 1314 2412 αὐτοὺς
1363 2352 1474 2412 τοῖς
1515 2351 1681 2417 Λίγυ-

107 2435 282 2497 πτίοις
349 2436 654 2488 ἐκδίδωσινο
692 2437 777 2504 ἐφ’
827 2429 870 2503 ᾦ
919 2437 946 2488 6
999 2437 1130 2500 Θεὸς
1172 2439 1400 2509 μεγίστῃ
1442 2439 1682 2510 τιμωρίᾳ

105 2524 296 2578 τοῦτον
340 2525 563 2578 ἐκόλασε
583 2543 596 2554 ·
634 2525 848 2595 πρῶτος
878 2525 984 2596 γὰρ
1029 2528 1229 2589 παντὸς
1255 2528 1539 2600 ἀνθρώπου
1568 2530 1679 2581 ὲλε-

107 2615 407 2680 φαντιάσας
434 2617 462 2666 6
493 2614 710 2684 Φαραὼ,
754 2616 963 2685 αἰσχρῷ
995 2617 1085 2668 τὸν
1132 2616 1248 2685 βίον
1282 2618 1425 2671 τέλει
1457 2618 1682 2671 κατέλυ-

111 2722 219 2760 σεν.
270 2707 329 2757 '0
363 2706 416 2758 δὲ
469 2705 658 2758 τούτου
703 2706 800 2776 τὴν
840 2706 1006 2776 αὐτὴν
1051 2707 1222 2778 ἀρχὴν
1265 2708 1365 2777 τῆς
1410 2708 1682 2778 βασιλείας

108 2794 508 2864 διαδεξάμενος,
538 2794 670 2865 ὁμοῦ
701 2797 908 2866 καὶτῆς
937 2798 1198 2868 πονηρίας
1227 2801 1389 2853 αὑτοῦ
1414 2798 1480 2871 ἦν
1512 2801 1684 2854 διάδο-

111 2901 196 2952 χος
214 2901 228 2913 ⁸
248 2887 363 2946 τοῖς
379 2885 483 2955 γὰρ
513 2886 691 2947 αὐτοῖς
723 2889 908 2949 κακοῖς
937 2890 1061 2950 τοὺς
1093 2890 1374 2954 Ἰουδαίους
1397 2893 1681 2946 ὑπέϐαλλε.

179 2976 287 3028 Καὶ
319 2975 519 3046 θρήνου
559 2977 750 3030 πολλοῦ
778 2981 1118 3050 περιέχοντος
1146 2983 1360 3046 αὐτοὺς.
1401 2987 1428 3037 6
1458 2984 1588 3048 Θεὸς
1609 2981 1686 3039 οἶ-

114 3080 234 3115 κτον
279 3065 461 3118 λαϐὼν
507 3066 704 3131 αὐτῶν,
743 3068 835 3122 τὸν
881 3071 1118 3141 Μωῡσῆν
1146 3071 1447 3142 ἐξέπεμψεν
1472 3075 1551 3138 είς
1590 3075 1685 3145 τὴν

114 3154 404 3221 Αἴγυπτον,
435 3157 780 3226 προστάττων
803 3159 878 3229 τῷ
898 3161 1096 3231 Φαραὼ
1132 3164 1395 3218 ἀπολῦσαι
1423 3166 1530 3219 τῶν
1567 3169 1688 3220 ’1ου-

1779 2092 1900 2131 rum
1928 2077 2325 2132 multitudinem
2349 2076 2556 2139 eﬂudit,
2580 2091 2780 2144 eosque
2812 2073 3163 2127 internecioni
3195 2073 3337 2127 tradi

1778 2184 2003 2239 prorsus
2030 2167 2302 2222 mandavit
2322 2183 2336 2232 ;
2355 2174 2562 2220 tantum
2579 2166 2721 2219 enim
2751 2180 2842 2218 eos
2859 2163 2997 2216 lineo
3017 2163 3338 2216 vestimento

1779 2259 1930 2314 indui
1988 2258 2175 2329 jussit,
2219 2266 2278 2313 ut
2343 2257 2560 2312 facilius
2619 2260 3098 2324 cognoscerentur,
3149 2252 3340 2319 sicque

1778 2351 2103 2406 occidendos
2133 2349 2399 2420 Egyptiis
2425 2349 2620 2413 tradit;
2655 2360 2752 2415 pro
2782 2360 2890 2414 quo
2913 2343 3052 2397 Deus
3103 2343 3340 2395 maximo

1780 2439 2047 2508 supplicio
2075 2453 2198 2496 eum
2225 2437 2466 2506 punivit;
2490 2437 2730 2491 omnium
2753 2436 2894 2489 enim
2921 2432 3196 2485 hominum
3223 2429 3336 2498 pri-

1781 2546 1901 2584 mus
1930 2527 2162 2590 Pharao,
2211 2527 2593 2598 elephantiasi,
2653 2524 2953 2578 ftedissimo
3011 2521 3134 2585 line,
3170 2520 3336 2574 vitam

1781 2621 1981 2675 amisit.
2007 2619 2177 2688 Hujus
2199 2619 2252 2671 in
2286 2618 2562 2671 dominatu
2591 2629 2896 2678 successor,
2923 2612 3080 2666 simul
3102 2619 3155 2664 et
3189 2610 3340 2664 illius

1781 2712 2035 2766 vitiorum
2089 2712 2262 2766 haeres
2284 2710 2406 2764 fuit.
2444 2708 2642 2762 Iisdem
2691 2705 2888 2776 quippe
2925 2703 3083 2758 malis
3123 2700 3338 2756 Judmos

1784 2802 2128 2858 conﬁciebat.

1855 2980 1982 3035 Inde
2013 2979 2250 3033 maximo
2282 2978 2500 3048 planctu
2547 2975 2942 3046 interpellante.
2985 2971 3128 3026 Deus
3149 2983 3338 3026 eorum

1785 3072 2043 3126 misertus
2109 3067 2740 3140 Moysemin'J‘Egyptum
2799 3066 2945 3119 misit
2977 3065 3039 3130 “,
3071 3062 3340 3116 Pharaoni

1786 3161 2104 3232 praecipiens
2144 3159 2450 3214 Iudaeorum
2499 3158 2771 3211 nationem
2806 3157 3026 3210 liberam
3069 3152 3340 3207 dimittere

115 3250 272 3303 δαίων
327 3252 389 3304 16
443 3252 593 3316 ἔθνος
637 3255 717 3317 είς
761 3257 861 3325 τὴν
919 3255 1152 3327 ἔρημον,
1210 3257 1350 3311 ὥστε
1397 3260 1682 3332 λατρεῦσαι

1788 3253 1842 3304 in
1881 3253 2174 3314 desertum,
2201 3260 2258 3304 ut
2282 3251 2356 3304 illi
2387 3247 2706 3305 deserviret.

117 3339 280 3408 αὐτῷ.

196 3430 318 3484 Ἐπὶ
349 3431 480 3498 γοῦν
509 3434 575 3502 τῇ
605 3433 826 3506 τοιαύτη
852 3435 1003 3506 ῥήσει
1027 3435 1118 3488 τοῦ
1149 3437 1423 3501 Μωῦσέως
1451 3440 1686 3510 χαλεπή-

121 3538 211 3582 νας
249 3524 276 3574 6
317 3521 536 3592 Φαραὼ,
570 3525 648 3586 είς
690 3526 908 3596 εἱρκτὴν
974 3528 1311 3597 παραχρῆμα
1354 3529 1686 3600 ἐμϐληθῆναι

124 3612 274 3664 αὑτὸν
304 3613 600 3683 προσέταξε
623 3632 636 3644 ·
671 3618 764 3668 καὶ
795 3616 880 3668 διὰ
907 3618 1004 3686 τῆς
1039 3619 1228 3680 νυκτὸς
1260 3619 1464 3688 σεισμῷ
1492 3620 1686 3672 διεσεί-

129 3701 218 3769 σθη
245 3703 389 3754 πᾶσα
418 3705 451 3772 ή
484 3703 574 3772 γῆ,
608 3705 680 3767 ὡς
709 3705 857 3768 τινὰς
893 3706 999 3758 τῶν
1030 3707 1282 3772 φυλάκων
1313 3710 1375 3760 ὲκ
1411 3708 1504 3760 τοῦ
1537 3708 1688 3772 δέους

126 3792 549 3865 ψυχοῤῥαγῆσαι,
592 3797 742 3859 τινὰς
781 3797 836 3850 δὲ
878 3797 1026 3866 ὕπνῳ
1064 3797 1217 3866 βαθεῖ
1263 3798 1575 3868 παρεθεῖναι
1621 3799 1688 3852 τὰ

133 3885 286 3953 μέλη’
312 3886 483 3948 αὑτὰς
507 3886 563 3938 δὲ
596 3887 695 3949 τὰς
737 3887 906 3950 πύλας
939 3888 1033 3956 τῆς
1064 3890 1284 3958 είρκτῆς
1324 3890 1690 3962 ἀναπετασθῆ-

128 3987 225 4032 ναι,
279 3975 372 4026 καὶ
415 3975 646 4040 ἐξελθεῖν
689 3976 777 4028 τὸν
833 3977 1104 4046 Μωῦσῆν,
1139 3979 1231 4030 καὶ
1285 3980 1687 4050 παραγενέσθαι

130 4063 312 4124 νυκτὸς
346 4066 426 4126 είς
463 4065 530 4117 τὰ
577 4065 820 4134 βασίλεια
841 4083 853 4095 ·
882 4068 973 4119 καὶ
1009 4067 1114 4136 γὰρ
1144 4069 1396 4122 κάκείνου
1425 4072 1482 4122 ai
1527 4071 1686 4142 θύραι

132 4153 484 4226 κλονουμένης
504 4157 604 4226 τῆς
633 4158 734 4228 γῆς
755 4160 1066 4230 διέστησαν
1098 4160 1191 4212 καὶ
1215 4160 1429 4213 πάντων
1458 4162 1566 4214 τῶν
1595 4179 1688 4214 σω-

136 4249 520 4317 ματοφυλάκων
577 4253 969 4315 καθευδόντων,
1020 4254 1276 4324 διύπνησε
1334 4257 1426 4308 τὸν
1490 4256 1689 4327 Φαραὼ

134 4334 365 4403 λέγων’(
401 4338 606 4404 ὐΘεδς
644 4341 982 4407 ἐξαπέστειλε
1010 4359 1073 4411 με
1116 4341 1379 4395 ἀπολῦσαι
1425 4345 1690 4413 προστάτ-

135 4441 233 4477 των
263 4443 341 4480 σοι
389 4429 478 4482 τὸν
509 4429 617 4481 τῶν
657 4430 920 4484 Ἰουδαίων
947 4431 1090 4486 λαόν.
1116 4450 1136 4484 ι
1172 4432 1294 4488 Ὀδὲ
1323 4433 1689 4501 καταπλαγεὶς

136 4516 311 4586 ἠρώτα
356 4522 454 4574 καὶ
499 4526 647 4586 ποῖος
689 4516 841 4585 οὗτός
888 4527 1025 4586 ἐστι,
1067 4523 1159 4577 καὶ
1188 4525 1241 4576 τί
1275 4524 1335 4576 16
1384 4525 1551 4594 ὄνομα
1593 4526 1686 4578 τοῦ

135 4612 536 4676 αποστείλαντος
576 4616 733 4667 αὑτὸν
785 4615 952 4668 95013-
1007 4612 1035 4663 ὁ
1092 4614 1146 4666 δὲ
1187 4615 1441 4684 Μωῡσῆς,
1489 4613 1690 4686 προκύ-

134 4698 230 4767 ψας
262 4703 338 4764 είς
369 4702 468 4771 τὴν
492 4705 658 4774 ἀκοὴν
698 4704 882 4768 αὑτοῦ,
916 4705 1009 4757 τοῦ
1070 4705 1204 4760 Θεοῦ
1238 4705 1299 4756 16
1339 4705 1505 4776 ὄνομα
1544 4705 1690 4774 αὐτῷ

139 4793 449 4864 διεσάφησεο
481 4797 574 4848 καὶ
605 4797 678 4866 μὴ
699 4799 1041 4869 καρτερήσας
1073 4799 1170 4868 τὴν
1205 4798 1369 4868 ἀκοὴν
1401 4801 1430 4850 6
1467 4797 1683 4868 Φαραὼ,

140 4882 220 4934 ἰπὶ
249 4884 344 4954 τῆς
379 4885 484 4954 γῆς
519 4886 712 4940 ἔπεσεν
757 4889 987 4955 ἄφωνος.
1015 4889 1121 4942 Καὶ
1183 4887 1492 4958 προσελθὼν
1541 4889 1688 4958 ἤγει-

144 4988 225 5043 ραν
259 4975 416 5028 αὐτὴν
465 4978 494 5028 6
533 4976 791 5047 Μωῦσῆς,
845 4979 937 5031 καὶ
980 4980 1059 5041 είς
1105 4979 1286 5032 δέλτον
1315 4979 1375 5032 16
1429 4980 1688 5047 πανάγιω

142 5062 296 5132 ὅνομα
341 5065 669 5135 ἐγχαράξας,
732 5069 1057 5136 ὲσφράγισε·
1122 5071 1214 5121 καί
1269 5087 1352 5133 τις
1410 5070 1516 5121 τῶν
1559 5071 1688 5139 παρ’

144 5154 441 5222 Αἰγυπτίοις
475 5157 682 5226 ίερέων,
716 5160 970 5226 φαυλίσαι
1000 5160 1155 5213 τοῦτο
1187 5162 1458 5232 τολμήσας
1483 5162 1544 5214 16
1576 5161 1688 5214 ὄνο-

147 5262 232 5313 μα,
269 5251 552 5318 σπασμονῇ
584 5248 785 5312 εὐθέως
817 5251 908 5304 τὸν
939 5251 1050 5320 βίον
1073 5252 1351 5306 κατέλυσε.

214 5336 269 5388 '0
294 5337 350 5388 δὲ
374 5335 572 5405 Φαραὼ
601 5333 819 5408 ποιῆσαί
850 5357 904 5392 τι
938 5346 1160 5412 σημεῖον
1190 5343 1281 5396 τὸν
1333 5343 1572 5412 Μωῦσῆν
1602 5345 1690 5395 ὲπ-

149 5423 347 5493 ίτρεπε·
381 5430 477 5481 καὶ
502 5429 530 5480 6
555 5429 814 5499 Μωῦσῆς,
841 5431 907 5500 ἢν
945 5435 1162 5502 κατεῖχε
1194 5432 1386 5503 ῥάϐδον
1415 5435 1572 5503 ἀφεὶς
1600 5434 1690 5486 ἐπὶ

150 5514 236 5583 τῆς
255 5516 370 5586 γῆς,
401 5519 482 5580 είς
511 5517 632 5585 δφιν
665 5517 831 5588 αὐτὴν
875 5519 1163 5588 μετέϐαλε·
1199 5524 1291 5574 καὶ
1332 5522 1491 5576 πάλιν
1525 5522 1692 5591 αὐτῆς

154 5603 428 5675 ἁψάμενος,
454 5611 532 5671 είς
556 5609 616 5661 16
640 5610 863 5679 ἀρχαῖον
894 5611 1322 5683 ἀποκατέστησε.

222 5784 262 5818 ⁸⁸
286 5783 453 5845 Exod.
489 5803 549 5843 ιι.
629 5787 671 5821 ¹¹
701 5783 872 5845 Exod.
917 5803 998 5846 ιιι.
1077 5789 1116 5821 ¹¹
1144 5785 1317 5844 and.
1342 5805 1438 5847 vu.

1858 3423 1971 3479 Hoc
2001 3423 2201 3494 Moysis
2236 3423 2438 3478 dictum
2466 3438 2605 3492 κει-ο
2631 3425 2810 3477 ferens
2841 3418 3050 3473 Pharao
3095 3431 3343 3485 compre-

1785 3517 2016 3570 hensum
2047 3517 2192 3570 illico
2216 3518 2269 3568 in
2294 3516 2594 3569 custodiam
2629 3514 2846 3567 tradidit
2868 3511 3268 3571 includendum,
3287 3515 3344 3563 et

1786 3625 1881 3679 per
1915 3618 2124 3663 noctem
2157 3620 2312 3662 terrae
2338 3609 2574 3661 motibus
2621 3606 2908 3659 universus
2960 3611 3222 3656 terrarum
3252 3617 3343 3654 oro

1788 3703 1870 3758 bis
1893 3710 2287 3770 conquassatus
2310 3709 2413 3762 est,
2446 3700 2519 3752 ita
2548 3707 2607 3752 ut
2638 3698 2788 3752 multi
2818 3712 2881 3751 ex
2912 3695 3222 3750 custodibus
3275 3696 3342 3749 ti-

1789 3809 1938 3846 more
1965 3792 2220 3861 perculsi,
2253 3792 2485 3844 animam
2518 3788 2775 3851 efﬂarint,
2804 3789 2956 3841 multi
2990 3788 3151 3840 etiam
3192 3786 3339 3856 gravi

1789 3899 1981 3939 somno
2010 3883 2267 3952 correpti,
2330 3879 2588 3935 membris
2639 3879 2836 3932 fuerint
2891 3878 3158 3941 dissoluti,
3211 3881 3340 3944 ipsae

1789 3975 2051 4030 custodiae
2082 3973 2228 4027 fores
2254 3988 2408 4041 pares
2434 3978 2676 4040 patentes
2711 3977 2908 4036 aperta:
2942 3969 3069 4028 sint,
3105 3967 3342 4034 Moyses-

1789 4082 1894 4135 qne
1926 4073 2146 4134 ereptus
2171 4064 2237 4116 ad
2267 4064 2464 4132 regiam
2489 4063 2810 4130 pervenerit,
2839 4061 2994 4127 cujus
3019 4071 3184 4127 portae
3213 4058 3340 4109 dum

1789 4168 1931 4213 terra
1961 4156 2423 4219 contremisceret,
2457 4154 2642 4206 divisae
2670 4159 2824 4219 sunt;
2857 4162 2905 4206 et
2945 4151 3194 4205 omnibus
3247 4166 3343 4200 en-

1791 4251 2038 4305 stodibus
2065 4248 2311 4319 corporis
2343 4262 2532 4300 somno
2561 4246 2844 4316 correptis,
2881 4243 3092 4313 Moyses
3140 4242 3343 4295 excita-

1790 4343 1867 4396 vit
1899 4341 2255 4403 Pharaonem,
2282 4339 2469 4394 dicens
2497 4360 2509 4393 :
2539 4359 2556 4390 ι
2588 4339 2724 4393 Deus
2748 4339 2893 4390 misit
2916 4354 3018 4401 ine,
3051 4343 3106 4387 ut
3131 4333 3345 4387 Judan-

1790 4449 1908 4486 rum
1946 4433 2199 4501 populum
2233 4433 2493 4492 dimittas,
2529 4431 2623 4484 tibi
2678 4430 2975 4492 mandans;
3021 4446 3038 4477 ι
3094 4426 3181 4478 ille
3224 4440 3346 4493 per-

1791 4524 2112 4578 terrefactus
2146 4524 2437 4592 qumrebat,
2472 4523 2592 4590 quis
2612 4521 2698 4574 bic
2729 4528 2889 4582 esset,
2916 4527 2964 4572 et
2987 4517 3129 4587 quod
3152 4531 3345 4568 nomen

1796 4613 1908 4678 Dei,
1940 4613 2030 4682 qui
2057 4613 2205 4665 illum
2230 4613 2469 4668 miserat.
2506 4611 2713 4681 Moyses
2757 4627 2812 4665 se
2846 4611 2910 4662 ad
2961 4623 3144 4662 aurem
3199 4607 3344 4660 illius

1797 4703 2113 4767 admovens,
2150 4717 2342 4756 nomen
2368 4701 2460 4755 Dei
2490 4702 2885 4766 manifestavit;
2920 4699 3150 4759 Pharao,
3208 4696 3344 4748 tanti

1792 4795 2030 4849 nominis
2055 4793 2306 4847 audiendi
2342 4793 2532 4861 impar,
2573 4807 2701 4846 voce
2721 4793 2920 4844 amissa
2945 4793 2998 4842 in
3031 4800 3225 4843 terram
3253 4788 3345 4840 de-

1794 4887 1945 4947 cidit,
1972 4893 2026 4940 et
2070 4886 2336 4939 accedens
2391 4883 2621 4956 Moyses,
2648 4899 2770 4937 eum
2816 4883 3008 4942 erexit,
3046 4893 3347 4947 nomenque

1794 4976 2197 5032 sanctissimum
2259 4974 2459 5028 charta:
2499 4972 2814 5042 inscriptum
2871 4970 3045 5039 sigillo
3092 4967 3346 5035 obsigna-

1795 5070 1889 5132 vit,
1920 5077 1974 5122 et
2009 5082 2151 5121 unus
2179 5082 2242 5121 ex
2281 5066 2652 5119 sacerdotibus
2683 5062 2974 5133 Egyptiis,
3010 5075 3204 5114 nomen
3244 5059 3346 5112 hoc

1798 5160 1950 5228 parvi
1981 5157 2158 5214 facere
2187 5173 2374 5223 ausus,
2407 5157 2588 5213 statim
2618 5169 2834 5225 spasmo
2856 5154 3018 5206 vitam
3043 5149 3260 5219 abiecit.

1868 5339 2078 5393 Pharao
2102 5339 2314 5408 signum
2339 5351 2368 5390 a
2387 5335 2568 5408 Moyse
2595 5333 2869 5403 poscebat,
2903 5338 2956 5386 et
3001 5329 3210 5399 Moyses
3251 5327 3347 5381 ba-

1796 5432 2001 5491 culum,
2027 5444 2190 5506 guem
2220 5445 2332 5499 prae
2353 5429 2600 5483 manibus
2626 5425 2877 5488 habebat,
2909 5425 2958 5477 in
2985 5433 3180 5476 terram
3210 5433 3344 5473 con-

1793 5520 2017 5588 jectum,
2048 5522 2100 5573 in
2123 5529 2424 5589 serpentem
2457 5517 2803 5574 commutavit
2838 5516 2899 5581 ι’,
2951 5527 3108 5582 quem
3151 5511 3342 5565 iterum

1801 5624 1924 5665 cum
1959 5610 2244 5682 tetigisset,
2276 5611 2558 5680 pristinam
2590 5607 2667 5663 illi
2694 5605 2920 5662 fortnam
2950 5603 3206 5658 restituit.
