4044 6324
734 455 838 516 ΥΠ
1596 461 1651 517 8.
1695 459 2135 517 EUSTATHIUS
2172 457 2659 515 ANTIOCHENUS
2695 458 3088 517 EPISCOPUS.
3864 464 3943 517 783

801 572 972 630 Porro
998 587 1121 628 cum
1180 588 1355 642 neque
1402 573 1505 630 boc
1547 580 1762 633 cederet
1799 578 1867 632 ad
1900 577 2155 647 po’pulum
2204 577 2267 631 di-

2459 576 2659 629 τούτου
2695 576 2752 629 δι
2808 575 2900 629 ἰπὶ
2939 575 3096 629 τοῦτο
3142 577 3217 649 μὴ
3258 576 3500 645 εῐξαντος
3544 577 3832 631 ἀπολῦσαι
3875 590 3941 631 at»

732 662 1076 721 mittendum.
1108 671 1299 717 orante
1324 661 1507 733 Moyse
1522 662 1711 728 Deum,
1745 680 1972 735 magnus
1994 673 2151 720 terra:
2171 682 2267 721 mo

2385 666 2530 730 λαὸν,
2557 666 2852 736 εὐξαμένου
2879 666 2973 719 τοῦ
3006 667 3214 736 Μωῡσῆ
3260 669 3393 739 πρὸς
3417 670 3508 721 τὸν
3534 668 3703 731 Θεὸν,
3752 673 3937 735 σεισμὸς

734 758 823 805 tus
850 764 953 803 una
976 765 1097 804 cum
1122 750 1389 819 grandine
1418 751 1593 807 factus
1612 763 1697 809 est
1720 762 1777 807 ut
1793 755 1885 824 qui
1910 763 2065 811 terra:
2082 766 2267 811 motun

2387 758 2559 828 μέγας
2592 758 2728 828 μετά
2749 755 2985 826 χαλάζης
3010 756 3321 827 ἐνέσκηψεν,
3350 757 3423 820 ὡς
3458 757 3555 809 τὸν
3589 757 3870 825 φεύγοντα
3894 761 3937 809 ἐκ

730 842 1030 897 evitandoe
1058 840 1309 899 domibus
1331 859 1583 914 egressus
1612 847 1703 910 sit,
1738 861 1767 900 a
1803 847 2065 918 grandine
2096 848 2267 919 perde

2382 847 2491 901 τῶν
2520 848 2783 917 δωμάτων
2810 846 2901 898 τὸν
2932 846 3153 915 σεισμὸν
3183 846 3284 898 ὑπὸ
3317 846 3415 914 τῆς
3446 845 3706 916 χαλάζης
3735 846 3937 898 ἀπόλλυ-

730 940 879 987 rctur
902 951 919 1000 ι
945 934 1037 1002 qui
1070 948 1261 989 rursus
1278 936 1595 1005 grandinem
1616 936 1958 1003 declinando,
2006 939 2063 994 in
2096 940 2267 995 domo:

2385 940 2537 1002 σθαι,
2572 940 2697 1002 τοὺς
2719 940 2763 992 δ’
2792 934 2858 992 αὖ
2895 937 3054 991 πάλιν
3092 937 3189 1007 τὴν
3225 937 3459 1008 χάλαζαν
3490 938 3779 990 ἐκκλίνειν
3802 940 3939 991 σπεύ-

728 1024 1034 1095 ιιιίυεετρι,
1060 1034 1217 1081 terra
1245 1036 1390 1081 motu
1425 1037 1725 1084 corruerat.

797 1116 1026 1181 Quando
1050 1127 1227 1172 autem
1266 1135 1440 1190 neque
1462 1122 1563 1177 hoc
1589 1122 1729 1177 ﬂecti
1750 1122 1942 1191 potuit,
1966 1123 2158 1179 baculo
2180 1122 2283 1178 Nili

729 1222 867 1277 aqua
891 1223 1050 1272 casa,
1070 1218 1235 1262 totam
1256 1208 1666 1281 fereIEgyptum
1687 1214 1957 1268 inundans
1979 1213 2174 1268 ﬂuvius
2193 1231 2287 1285 pa-

727 1308 849 1349 rum
872 1296 1047 1351 abluit
1073 1301 1202 1367 quin
1227 1301 1573 1363 immerserit,
1601 1302 1673 1353 ita
1701 1312 1759 1355 ut
1782 1304 1849 1356 ab
1868 1318 1932 1357 eo
1962 1314 2199 1372 tempore
2216 1305 2283 1360 ad

726 1387 829 1442 hoc
846 1404 1019 1458 usque
1053 1392 1167 1459 ipse
1199 1406 1328 1445 suos
1366 1391 1662 1447 descensus
1690 1395 1865 1448 iteret.
1902 1394 2086 1464 Itaque
2143 1396 2285 1450 Pha-

725 1493 821 1534 rao
872 1482 1248 1537 sacerdotibus
1281 1486 1551 1549 omnibus,
1600 1487 1693 1555 qui
1749 1486 2036 1556 Memphim
2081 1490 2283 1545 incole-

726 1570 875 1637 bant,
915 1577 1248 1640 convocatis,
1274 1578 1328 1631 ni
1348 1578 1535 1632 eadem
1557 1594 1675 1647 quae
1702 1590 1754 1634 et
1782 1580 1991 1651 ﬂoyses
2021 1582 2281 1645 miracula

724 1662 1020 1725 efﬁcerent,
1056 1674 1283 1721 mortem
1317 1668 1443 1730 illis,
1478 1668 1811 1740 deorumque
1861 1671 2003 1726 fanis
2066 1674 2280 1729 ruinam

724 1756 961 1811 minatus
988 1764 1092 1810 est.
1129 1756 1231 1823 Qui
1254 1760 1587 1814 carminibus
1632 1762 1874 1831 magicis,
1914 1769 1973 1814 ut
2010 1762 2279 1827 solebant,

722 1842 987 1901 dracones
1031 1855 1089 1900 ut
1120 1862 1397 1917 serperent
1438 1850 1699 1913 fecerunt,
1758 1851 2104 1922 ﬂuminisque
2136 1855 2282 1909 colo-

2381 1030 2572 1093 δοντας
2600 1030 2704 1082 ὑπὸ
2735 1028 2826 1082 τοῦ
2862 1028 3086 1099 σεισμοῦ
3120 1028 3598 1097 καταφθείρεσθαι.

2462 1122 2548 1185 Ὠς
2579 1122 2635 1175 δὲ
2651 1121 2745 1173 καὶ
2772 1121 2863 1173 tul.
2882 1119 3036 1173 τοῦτο
3057 1119 3265 1189 ἔμεινεν
3280 1116 3657 1186 ἀδυσώπητος,
3682 1121 3754 1189 τῇ
3784 1119 3939 1190 ῥᾴδδφ

2381 1214 2442 1266 τὸ
2467 1211 2721 1265 Νειλὼἷον
2750 1210 2891 1281 ὔδωρ
2923 1208 3177 1271 ἐπάταξε,
3207 1208 3300 1259 καὶ
3325 1208 3423 1275 τὴν
3459 1207 3748 1275 Αἴγυπτον
3784 1208 3939 1276 πλημ-

2386 1304 2944 1376 μυρήσαςόποταμὸς,
2977 1300 3173 1373 μικροῦ
3196 1301 3305 1353 δεῖν
3332 1302 3509 1352 πᾶσαν
3530 1300 3855 1363 ἐπέκλυσεν,
3877 1303 3937 1364 ὡς

2381 1397 2565 1449 ἔκτοτε
2592 1398 2718 1466 ἄχρι
2752 1395 2845 1447 τοῦ
2878 1394 2973 1448 νῦν
3002 1394 3265 1446 ποιεῖσθαι
3296 1392 3453 1445 αὑτὸν
3483 1391 3586 1461 τὴν
3629 1391 3932 1444 κατὼϐασςν.

2395 1488 2451 1541 '0
2476 1488 2603 1555 γοῦν
2650 1485 2867 1556 Φαραὼ,
2906 1486 3031 1549 τοὺς
3059 1486 3197 1555 ὑπὲρ
3241 1484 3459 1553 Μέμφιν
3511 1486 3683 1553 ίερεῖς
3720 1500 3937 1554 sepem-

2381 1580 2695 1649 λεσάμενος,
2718 1577 3008 1647 ἠπείλησεν
3034 1576 3225 1638 αὐτούς
3245 1593 3300 1627 τε
3328 1576 3421 1628 καὶ
3452 1576 3664 1637 πάντας
3695 1576 3825 1636 τοὺς
3848 1576 3938 1625 τᾶη

2381 1668 2608 1721 είδώλων
2638 1667 2954 1736 ἐξαφανίσαι
2991 1666 3205 1735 σηκοὺς,
3240 1666 3287 1717 εί
3319 1665 3392 1736 μὴ
3423 1664 3499 1734 τῷ
3530 1665 3749 1734 Μωῦσῇ
3783 1682 3941 1732 παρα-

2382 1758 2622 1828 πλησίως
2677 1758 3183 1828 τερατουργήσειαν.
3230 1757 3292 1809 Oi
3350 1756 3437 1817 δὲ,
3490 1758 3618 1818 ταῖς
3676 1754 3943 1814 εἰωθυίας

2382 1851 2654 1919 γοητείαις
2688 1850 3037 1922 χρησάμενοι,
3068 1848 3364 1920 δράκοντας
3387 1848 3641 1916 ἐξέρπειν
3667 1847 3943 1915 ἐποίησαν.

722 1950 834 1989 rem
866 1945 1165 2001 mutarunt,
1198 1938 1271 1992 ita
1308 1948 1366 1993 ut
1402 1941 1485 1995 bis
1506 1942 1724 1997 inﬂatus
1749 1941 1981 2005 Pharao,
2028 1945 2267 2000 maximis

2383 1937 2476 1989 καὶ
2508 1937 2598 1988 τὸν
2632 1937 2868 2007 ποταμὸν
2901 1938 3116 2007 δοκήσει
3144 1937 3508 2007 μετέχρωσαν,
3546 1936 3624 1999 ὡς
3651 1939 3721 1989 ὲκ
3764 1938 3942 1989 τούτω

719 2027 999 2094 suppliciis
1025 2028 1241 2084 Judaaos
1264 2030 1525 2099 aﬂ'ecerit;
1549 2041 1600 2086 et
1618 2032 1827 2103 Moyses
1853 2035 2047 2089 baculo
2069 2038 2280 2105 pulsata

720 2123 885 2177 terra,
918 2118 1119 2171 alatum
1156 2121 1356 2173 animal
1399 2122 1674 2191 produxit,
1716 2124 1858 2194 quod
1900 2124 2279 2196 Egyptiorutn

718 2207 961 2262 insidens
990 2211 1309 2279 corporibus
1340 2215 1604 2283 operosis,
1635 2216 1983 2285 molestisque
2006 2218 2279 2273 ulceribus

717 2296 1074 2367 defatigabat,
1133 2302 1206 2355 ita
1252 2311 1309 2356 ut
1361 2304 1751 2361 medicamenta
1799 2308 2004 2362 nullam
2054 2316 2277 2378 possent

716 2386 910 2442 aﬂ'crre
935 2392 1240 2449 utilitatem.

785 2560 855 2615 Ut
886 2571 938 2617 et
969 2565 1023 2617 in
1058 2564 1159 2620 hac
1185 2566 1338 2638 plaga
1372 2566 1583 2625 Pharao
1616 2570 1901 2627 induratus
1937 2581 2021 2631 est
2056 2574 2119 2638 ",
2152 2582 2275 2627 tan-

712 2647 835 2701 dem
885 2652 1272 2721 primogenitos
1313 2658 1477 2712 totius
1531 2658 1751 2730 Egypti
1806 2672 1979 2717 morte
2031 2663 2269 2719 delevit:

712 2757 880 2806 quare
906 2745 1105 2814 ingenti
1139 2747 1283 2807 luctu
1308 2748 1543 2821 Egypto
1566 2761 1829 2821 occupata
1852 2769 1883 2807 e
1908 2763 2051 2808 terra
2084 2770 2273 2811 omnes

712 2823 922 2885 Pharao
943 2830 1157 2890 Judzeos
1182 2838 1383 2902 emisit,
1412 2842 1503 2909 qui
1537 2842 1759 2895 multam
1803 2844 1943 2896 viam
1977 2846 2269 2915 progressi,

712 2915 1133 2993 ﬂuminibusque
1173 2928 1383 2982 Arabiae
1410 2930 1673 2999 trajectis,
1712 2934 1872 2988 tertia
1899 2933 1985 2989 die
2037 2936 2092 2988 in
2124 2951 2272 2993 mare

714 3006 957 3064 Rubrum
996 3020 1341 3073 conveniunt.
1390 3018 1495 3074 Sed
1560 3020 1668 3077 Deo
1712 3039 1807 3077 cor
1856 3023 2157 3081 Pharaonis
2187 3028 2272 3081 in-

710 3097 958 3166 durante,
983 3120 1177 3163 rursus
1232 3109 1493 3180 Egyptii,
1557 3114 1950 3180 prmteritorum
2004 3118 2268 3172 malorum

712 3187 885 3255 obliti,
919 3211 1041 3249 eum
1075 3196 1355 3253 Pharaone
1379 3200 1647 3258 lsraelitas
1696 3208 2163 3275 persequebantur
2202 3210 2265 3263 “.

2382 2028 2696 2096 τυφωϐέντα
2738 2027 2828 2079 τδν
2864 2027 3061 2097 Φαραὼ
3095 2029 3331 2099 τιμωρίᾳ
3367 2029 3597 2099 μεγίστῃ
3641 2029 3779 2090 τοὺς
3825 2028 3941 2079 Ἰου-

2379 2119 2559 2181 δαίους
2598 2117 2904 2171 ὑποϐαλεῖν.
2944 2119 3053 2170 Καὶ
3097 2120 3124 2170 ὀ
3151 2118 3406 2185 Μωῦσῆς,
3434 2120 3497 2186 τῇ
3526 2118 3717 2187 ρἀδῳ
3755 2118 3941 2179 παίσας

2377 2209 2475 2279 τὴν
2500 2210 2621 2279 γῆν,
2646 2211 2844 2279 πτηνόν
2868 2227 2919 2261 τι
2944 2209 3077 2272 ζῶον
3100 2209 3389 2277 ὲξερπύσαι
3416 2209 3579 2279 αὐτὴν
3602 2208 3943 2279 παρεσκεύα-

2379 2317 2489 2364 σεν,
2548 2302 2684 2370 ὅπερ
2726 2303 2835 2363 τοῖς
2882 2299 3124 2368 σώμασιν
3182 2300 3430 2368 ἑφιζάνον
3471 2300 3578 2351 τῶν
3627 2302 3943 2367 Αἰγυπτίων

2377 2391 2632 2453 ἐλκώσεις
2654 2392 2881 2461 ἀνιαράς
2903 2392 3083 2453 αὐτοῖς
3108 2392 3414 2461 παρείχετο,
3439 2391 3511 2454 ὡς
3542 2391 3829 2459 μηδεμίαν
3856 2392 3942 2459 τὴν

2379 2483 2625 2553 ίατρικὴν
2657 2484 2878 2551 ποιῆσαι
2909 2484 3115 2546 τούτοις
3139 2483 3455 2551 ἐπικουρίαν
3484 2480 3775 2533 δύνασθαι.

2455 2576 2539 2637 Ὡς
2565 2575 2623 2627 δὲ
2672 2575 2763 2627 καὶ
2808 2572 2899 2626 ἐπὶ
2919 2571 3018 2642 τῆς
3071 2574 3326 2642 μάστιγος
3366 2572 3562 2640 ταύτης
3598 2570 3940 2641 ὲσκληρύήη

2372 2666 2586 2739 Φαραὼ,
2611 2666 2912 2718 τελευταῖον
2942 2664 3153 2732 Θανάτῳ
3181 2663 3246 2716 τά
3285 2664 3598 2735 πρωτότοκα
3636 2663 3748 2732 τῆς
3792 2660 3941 2729 Αίγύ-

2374 2772 2505 2807 πτου
2537 2756 2715 2824 πάσης
2746 2754 3003 2807 ὑπέϐαλε.
3034 2754 3141 2806 Καὶ
3157 2753 3384 2815 πένθους
3410 2750 3674 2804 ἐπὶτοῦτο
3704 2753 3941 2821 ἀμέτρου

2373 2846 2763 2909 καταλαϐόντος
2792 2847 2891 2917 τὴν
2914 2845 3205 2913 Αἴγυπτον,
3233 2845 3339 2896 ἀπὸ
3364 2843 3462 2911 τῆς
3484 2842 3663 2913 χώρας
3686 2840 3940 2910 πεττενῆ

2371 2937 2576 2999 πάντας
2607 2938 2636 2989 ὁ
2657 2935 2853 3007 Φαραὼ
2877 2939 3001 2999 τοὺς
3041 2935 3319 2997 Ἰουδαίους
3352 2933 3618 3002 ἐξέπεμψε
3642 2949 3654 2963 ·
3694 2934 3799 2985 καὶ
3825 2932 3942 2984 πολ-

2370 3026 2467 3098 λὴν
2498 3020 2641 3080 οὗτοι
2672 3027 2789 3083 ὁδὸν
2826 3026 3188 3089 διανύσαντες,
3225 3025 3317 3077 καὶ
3352 3027 3477 3086 τοὺς
3530 3023 3801 3093 ’Δραϐίας
3833 3024 3940 3074 δια-

2370 3119 2560 3183 ϐάντες
2592 3121 2885 3189 ποταμοὺς,
2913 3121 3139 3189 τριταῖοι
3185 3118 3278 3170 ἐπὶ
3304 3117 3403 3187 τὴν
3435 3114 3697 3187 Ἐρυθρὰν
3742 3114 3939 3168 θάλασ-

2372 3229 2470 3265 σαν
2504 3214 2877 3283 παρεγένοντο.
2906 3210 3010 3263 Τοῦ
3051 3210 3108 3263 δὲ
3134 3209 3268 3263 Θεοῦ
3305 3209 3402 3280 τὴν
3438 3207 3659 3278 καρδίαν
3696 3204 3940 3275 σκληρύ-

708 3298 895 3345 ναντος
927 3286 1020 3338 τοῦ
1066 3290 1282 3358 Φαραὼ,
1314 3294 1472 3347 πάλιν
1499 3296 1547 3346 οί
1588 3297 1869 3364 Αἰγύπτιοι
1902 3301 2282 3372 ὲπιλησθέντες
2321 3306 2427 3359 τῶν
2479 3307 2855 3379 προλαϐόντων
2904 3305 3106 3369 κακῶν,
3146 3307 3270 3367 τοὺς
3324 3302 3659 3373 Ἰσραηλίτας
3713 3300 3843 3369 ἃμα
3874 3296 3943 3366 τῷ

704 3374 901 3444 Φαραὼ
942 3378 1252 3434 ἐπεδίωκον.

779 3470 1044 3527 Czeterum
1076 3491 1235 3529 nemo
1257 3475 1591 3533 Pharaonem
1632 3482 1685 3535 in
1720 3498 1895 3537 rerum
1937 3487 2264 3555 agendarum

706 3567 981 3628 stuporem
1005 3579 1034 3615 a
1062 3564 1167 3619 Deo
1217 3567 1266 3617 vi
1294 3576 1539 3622 coactum
1596 3571 1794 3641 impelli
1828 3576 2131 3642 existimet;
2184 3585 2265 3632 et-

705 3648 848 3700 enim
873 3648 1039 3704 Deum
1069 3652 1115 3707 is
1150 3654 1427 3722 injustitia:
1454 3670 1695 3721 accusat.
1728 3663 1855 3716 dum
1872 3664 2036 3718 dicit:
2071 3665 2127 3719 Si
2151 3670 2267 3737 ipse

705 3752 788 3795 est
820 3744 909 3809 qui
945 3758 1039 3795 cor
1074 3744 1312 3808 indurat,
1346 3755 1404 3799 ut
1449 3751 1579 3816 quid
1627 3752 1878 3808 indurato
1941 3760 2267 3812 succenset?

708 3831 903 3885 Verum
936 3836 1091 3898 sciat,
1134 3837 1231 3889 has
1265 3840 1543 3908 plagarum
1600 3842 1850 3898 inducias
1903 3850 2144 3917 stuporis
2186 3851 2264 3903 illi

708 3939 927 3977 causam
970 3926 1169 3992 fuisse;
1200 3944 1321 3981 cum
1353 3932 1494 3983 enim
1527 3933 1578 3985 in
1611 3949 1732 3986 eum
1760 3937 1945 4005 plagas
1978 3938 2261 4004 inferebat,

708 4016 964 4083 populum
991 4018 1258 4073 dimittere
1287 4024 1655 4090 promittebat;
1689 4042 1871 4080 verum
1907 4029 1996 4082 ubi
2050 4045 2080 4082 a
2136 4046 2264 4102 sup—

706 4107 882 4172 pliciis
914 4109 1235 4173 abstinebat,
1281 4113 1368 4165 ille
1412 4114 1806 4183 indurabatur;
1845 4120 1945 4173 hoc
1992 4123 2159 4184 enim,
2210 4132 2263 4177 et

707 4197 882 4250 verbis
912 4199 1042 4266 ipsis
1074 4199 1351 4270 Scriptura
1378 4205 1533 4259 nobis
1584 4208 1843 4272 insinuat,
1888 4226 2010 4264 cum
2063 4214 2137 4266 ait
2168 4216 2211 4245 "
2246 4230 2259 4267 :

718 4285 906 4340 Videas
935 4301 1107 4344 autem
1143 4292 1373 4357 Pharao,
1406 4297 1542 4364 quad
1574 4303 1715 4365 [acta
1770 4310 1902 4355 esset
1961 4305 2258 4371 respiratio,

706 4384 1005 4447 aggravavit
1028 4399 1118 4435 cor
1143 4401 1316 4447 suum,
1336 4396 1383 4438 et
1415 4404 1517 4439 non
1546 4389 1742 4442 audivit
1773 4408 1881 4453 eos,
1906 4394 2041 4445 sicut
2060 4394 2261 4447 loculus

700 4483 779 4524 est
799 4473 1079 4536 Dominus;
1110 4483 1163 4528 et
1187 4477 1230 4506 ²⁶
1256 4477 1349 4529 ,1η
1378 4478 1470 4531 Ιιοε
1494 4481 1660 4546 ipsum
1684 4483 1905 4537 excitavi
1927 4494 1992 4550 te,
2015 4495 2071 4539 ut
2099 4497 2263 4539 osten-

702 4564 825 4617 dam
854 4565 905 4616 in
938 4575 984 4620 te
1011 4577 1175 4621 totum
1206 4570 1363 4623 robur
1396 4589 1585 4627 meum.

772 4742 903 4807 Qua:
936 4745 1064 4798 dum
1096 4748 1274 4811 audis,
1304 4766 1433 4805 cave
1459 4752 1511 4804 id
1554 4752 1694 4804 malo
1750 4768 1913 4807 sensu
1966 4756 2251 4824 percipias,

2436 3484 2637 3555 Μηδεὶς
2684 3483 2740 3536 δὲ
2771 3480 3016 3551 ὑπολάϐῃ
3063 3480 3153 3533 τὸν
3415 3477 3516 3529 ὑπὸ
3558 3475 3653 3528 τοῦ
3682 3475 3835 3530 Θεοῦ
3870 3480 3943 3539 είς

2367 3577 2716 3647 ἀναισθησίαν
2762 3578 2869 3628 τῶν
2912 3574 3291 3645 πραττομένων
3326 3575 3516 3642 χωρεῖν
3547 3571 3939 3634 ἐκϐιάζεσθαι”

2366 3670 2574 3733 ἀδικίας
2600 3668 2710 3739 γὰρ
2745 3667 2872 3730 ἴσως
2904 3667 2995 3719 τοῦ
3025 3664 3156 3717 Θεοῦ
3179 3665 3206 3715 ὁ
3235 3662 3468 3724 τοιοῦτος
3499 3663 3940 3731 καταψηφίζεται

2366 3764 2586 3829 φάσκων
2604 3779 2615 3795 ι
2649 3762 2709 3813 Εί
2737 3760 2896 3821 αὐτὸς
2928 3757 3211 3827 σκληρύνει
3235 3756 3329 3824 τὴν
3355 3753 3597 3824 καρδίαν,
3626 3755 3679 3804 τί
3713 3756 3939 3824 μέμςε-

2364 3871 2451 3905 ται
2485 3852 2561 3921 τῷ
2607 3850 3052 3921 σκληρυνομένῳ;
3097 3845 3253 3898 Ἀλλά
3287 3845 3617 3920 γινωσκέτω,
3650 3846 3734 3897 ὅτι
3769 3849 3935 3915 Emori;

2364 3944 2469 3997 τῶν
2519 3942 2794 4012 μαστίγων
2840 3940 2991 3994 αίτία
3021 3940 3117 4008 τῆς
3158 3935 3461 4007 πωριὶισεως
3492 3935 3641 4005 αὐτῷ
3686 3937 3933 4003 ἐγίνετο’

2364 4036 2521 4104 ἡνίκα
2558 4035 2665 4104 γὰρ
2701 4034 2903 4101 ἐπῆγεν
2951 4033 3035 4083 ἐπ’
3059 4029 3217 4082 αὑτὸν
3259 4028 3356 4089 τὰς
3404 4027 3637 4097 πληγὰς,
3671 4029 3936 4082 ἀπολύειν

2361 4126 2452 4178 τὸν
2484 4125 2609 4178 λαὸν
2638 4124 2996 4195 ἐπηγγείλατο
3018 4138 3032 4153 ·
3070 4121 3231 4190 ἡνίκα
3260 4119 3315 4171 δὲ
3345 4120 3493 4187 ἠφίει
3528 4120 3635 4171 τῶν
3674 4120 3931 4189 βασάνων

2362 4217 2540 4277 αὐτὸν,
2590 4215 2970 4287 ὲσκληρύνετο’
3002 4212 3154 4265 τοῦτο
3181 4209 3286 4282 γὰρ
3311 4211 3401 4261 ἐπὶ
3443 4209 3641 4272 λέξεως
3669 4212 3931 4279 σημαίνει

2362 4306 2453 4357 καὶ
2484 4307 2515 4373 ἡ
2539 4305 2727 4375 Γραφὴ
2752 4305 3001 4370 λέγουσα·
3037 4300 3284 4370 Ἰδὼιχόὲ
3305 4299 3531 4369 Φαραὼ,
3557 4301 3645 4355 ὅτι
3680 4302 3930 4371 γένει-εν

2360 4397 2679 4463 ἀνάφυξις,
2719 4396 2966 4463 ἐϐάρυνε
2993 4396 3106 4460 τὴν
3151 4393 3400 4460 καρδίαν
3430 4393 3637 4455 αὑτοῦ,
3682 4395 3785 4445 καὶ
3820 4398 3925 4445 cria

2359 4486 2721 4551 είσήκουσεν
2754 4484 2967 4548 αὐτῶν,
3011 4482 3271 4549 καθάπερ
3289 4482 3593 4548 ἐλάλησεν
3620 4486 3653 4534 ό
3685 4486 3920 4550 Κύριρς·

2360 4580 2473 4640 καὶ,
2498 4582 2602 4641 Εἰς
2621 4577 2765 4630 αὐτὸ
2780 4575 2953 4628 τοῦτο
2978 4572 3250 4641 ἐξήγειρά
3270 4590 3362 4637 σε,
3388 4573 3549 4651 ῥ’πως
3570 4573 3921 4642 ἐνδείξωμαι

2365 4670 2436 4721 ἐν
2464 4670 2563 4722 σοὶ
2591 4670 2796 4725 πᾶσαν
2826 4668 2940 4734 τὴν
2962 4667 3217 4734 δύναμιν
3236 4684 3374 4733 μου.

2441 4760 2575 4813 Ἀλλ’
2604 4760 2815 4811 ἀκούων
2845 4760 2916 4828 μὴ
2949 4758 3243 4829 δυσφήμως
3278 4756 3574 4829 ὑπολάϐῃς,
3600 4757 3794 4824 λέγων’
3826 4758 3919 4809 Διά

701 4833 886 4889 dicens
920 4854 932 4889 :
963 4836 1107 4903 Quas
1138 4840 1209 4893 ob
1242 4856 1435 4895 causas
1458 4857 1551 4895 eos
1587 4844 1738 4910 punit
1789 4845 1939 4912 prius
1986 4847 2125 4908 illos,
2192 4856 2248 4899 nt

2368 4852 2403 4903 τί
2419 4854 2731 4921 τιμωρεῖται
2754 4851 2967 4912 αὐτοὺς,
2992 4850 3299 4918 ἀντιστῆναι
3323 4849 3468 4916 αὑτῷ
3491 4849 3917 4918 παρασκευάζων

701 4922 803 4977 sibi
839 4926 1073 4991 obstent,
1104 4932 1452 4997 prmparans?
1489 4948 1656 4999 quare
1688 4934 1963 5002 vapulant,
2000 4936 2045 4989 si
2072 4939 2138 4989 ab
2169 4937 2251 4991 in-

692 5015 904 5083 justitia
935 5018 1073 5073 Deus
1098 5021 1387 5076 abhorret?
1412 5023 1513 5077 Sed
1538 5025 1675 5078 scito
1700 5026 1954 5093 primum,
1972 5043 2091 5096 qua:
2108 5029 2248 5097 apud

701 5105 1034 5177 Scripturam
1052 5112 1326 5168 adversari
1346 5117 1445 5170 sibi
1470 5117 1738 5181 videntur,
1762 5134 1869 5174 non
1882 5120 2244 5187 discursibus,

696 5199 790 5255 θεά
820 5204 1080 5270 exemptis
1104 5204 1444 5262 dissolvenda
1471 5226 1615 5265 esse.

766 5289 1231 5353 Quemadmodum
1263 5301 1406 5353 enim
1436 5303 1762 5355 medicorum
1802 5303 1989 5372 optimi
2024 5305 2115 5373 qui
2148 5305 2249 5358 hu-

695 5397 858 5437 mano
899 5388 1080 5453 generi
1120 5392 1405 5445 commodo
1454 5394 1783 5463 utilitatique
1832 5410 1953 5450 esse
2009 5398 2249 5463 student,

694 5472 911 5529 decreto
936 5475 1125 5531 ultimo
1155 5481 1314 5533 morti
1345 5483 1598 5538 subactos
1625 5488 2051 5553 expostulantes,
2080 5504 2174 5544 eos
2197 5492 2251 5545 in

696 5566 936 5619 membra
962 5569 1227 5639 incidunt,
1263 5583 1321 5625 ut
1345 5590 1438 5641 per
1470 5577 1628 5629 morti
1662 5577 1951 5643 obnoxios,
2001 5580 2250 5636 homines

696 5652 931 5711 fructum
961 5661 1193 5729 aliquem
1219 5674 1622 5734 consequantur
1655 5684 1668 5719 :
1720 5670 1799 5724 sic
1848 5669 1988 5726 Deus
2035 5687 2248 5726 omnem

770 5835 813 5870 υ
843 5834 1011 5888 Exod.
1048 5854 1142 5895 xtl.
1224 5841 1262 5874 ⁸⁸
1288 5839 1457 5899 Ero-ﬁ.
1510 5860 1613 5903 xiv.

2356 4943 2549 5005 αύτόνς
2586 4942 2671 4994 διὰ
2699 4941 2748 4994 τί
2792 4941 3002 5002 τύπτει,
3047 4942 3094 4992 εἰ
3125 4941 3224 4991 οὐκ
3250 4940 3394 4991 ἔστιν
3443 4939 3622 4991 ἀδικία
3659 4940 3813 5009 παρὰ
3840 4939 3915 5005 τῷ

2354 5033 2470 5102 θεῷ
2491 5050 2504 5098 ;
2541 5034 2697 5086 Ἀλλὰ
2720 5033 3028 5101 γινωσκέτω
3050 5032 3282 5101 πρῶτον,
3311 5034 3391 5084 ὅτι
3412 5031 3479 5083 τά
3500 5030 3753 5083 δοκοῦντα
3777 5028 3913 5081 εἶναι

2353 5108 2739 5193 ἀντιλεγόμενα
2793 5124 2942 5194 παρὰ
2972 5126 3036 5195 τῇ
3088 5124 3297 5195 Γραφῇ,
3336 5123 3396 5175 οὐ
3441 5123 3734 5192 λογισμοῖς,
3779 5122 3911 5173 am

2352 5218 2751 5286 παραδείγμασι
2778 5216 2979 5270 λύεται.

2424 5310 2631 5380 ’Ὠσπερ
2653 5309 2758 5379 γὰρ
2779 5309 2826 5359 oi
2844 5310 3048 5378 ἄριστοι
3066 5307 3173 5359 τῶν
3196 5307 3409 5375 ἰατρῶν,
3436 5306 3705 5376 ὠφέλιμόν
3722 5321 3772 5355 τι
3792 5304 3908 5356 ἐπι·

2353 5399 2537 5469 νοῆσαι
2568 5402 2631 5468 τῇ
2677 5397 2985 5467 ἀνθρωπίνη
3019 5398 3175 5466 φύσει
3213 5398 3615 5460 σπουδάζοντες,
3659 5397 3781 5455 τοὺς
3808 5392 3902 5445 Θα-

2352 5494 2539 5561 νατικῇ
2567 5490 2834 5557 ἀποφάσει
2886 5488 3279 5557 ὑποϐληθέντας
3307 5488 3657 5558 αἰτησάμενοι
3686 5484 3902 5551 ἀνατέμ·

2351 5600 2548 5641 νουσιν,
2576 5583 2660 5633 ἵνα
2687 5580 2772 5632 διὰ
2797 5579 2903 5632 τῶν
2936 5580 3199 5632 ὑποδίκων
3222 5579 3295 5648 τῷ
3320 5579 3531 5647 Θανάτῳ
3554 5576 3823 5645 ὠφέλιμόν
3850 5590 3900 5625 τι

2350 5677 2459 5738 τοῖς
2488 5674 2789 5744 ἀνθρώποις
2821 5673 3139 5752 ἐςεύρωσιν·
3167 5673 3337 5737 οὕτως
3367 5674 3397 5725 ὁ
3426 5676 3604 5726 πᾶσαν
3632 5666 3900 5741 ἀνθρωπίο

1694 5846 1731 5877 ¹⁵
1755 5844 1927 5902 Exod.
1963 5864 2077 5902 vm.
2159 5848 2199 5881 ⁸⁸
2225 5846 2398 5905 Exod.
2434 5866 2508 5906 Ix.
