4044 6324
670 293 767 352 79f

1523 293 1582 352 Β.
1623 292 2062 350 ΕυετΑτιιιυε
2099 289 2590 348 ΔΝΤΙΟΟΗΕΝΗΒ
2627 291 3024 350 EPISCDPUS.

3786 300 3904 354 τοι

665 419 721 468 et
755 412 807 464 in
839 407 1072 482 Egypto
1098 409 1282 465 itidem
1302 426 1460 474 σοιν,
1497 413 1588 482 qui
1627 414 1788 467 simul
1816 422 1943 469 sunt
1960 427 2207 468 ccccux.

2321 413 2385 480 τῇ
2417 410 2675 481 Δίγύπτῳ
2695 413 2761 464 τὰ
2788 411 2927 464 αὐτὰ
2963 417 3078 474 σιεθ,
3106 411 3250 482 ἅπερ
3275 409 3407 480 ὁμοῦ
3431 410 3638 478 γίνεται
3668 411 3764 483 ετη
3787 414 3894 469 ul'.

734 502 1000 559 Caeterum
1027 502 1258 556 ducente
1280 501 1408 558 Iesu
1431 505 1473 535 η
1499 505 1776 574 populum,
1819 512 1870 558 et
1895 517 2076 557 arcam
2110 502 2217 559 Te-

667 595 919 654 stamenti
949 607 1045 662 per
1083 590 1398 656 Iordanem,
1423 609 1576 664 aqua:
1598 595 1784 649 divise
1807 602 1935 648 sunt
1969 597 2023 647 in
2057 609 2218 648 uuam

667 684 1089 747 concretionem,
1120 684 1372 739 maximis
1401 687 1594 754 spatiis
1615 686 1863 739 dissitam
1891 702 1906 751 ;
1936 701 2064 755 pars
2095 701 2220 740 vero

665 777 856 842 altera,
900 793 1020 850 qua
1063 779 1117 832 in
1165 794 1314 834 mare
1360 781 1556 834 salium
1601 779 1918 842 effunditur,
1970 781 2024 834 in
2071 796 2221 835 mare

664 869 902 926 Arabum
939 871 1089 940 lapsa
1115 879 1220 934 est,
1256 871 1429 927 donec
1462 872 1682 925 omnino
1702 871 1921 936 defecit,
1948 882 2003 927 et
2029 890 2220 930 omnes

663 963 812 1018 sicco
841 961 974 1031 pede
1008 963 1377 1032 pratergressi
1427 968 1572 1016 circa
1621 962 1874 1018 Hiericho
1920 974 2220 1022 castrame—

660 1051 757 1110 tati
782 1059 906 1105 sunt
926 1052 989 1104 ".
1028 1051 1153 1106 Hatc
1181 1053 1427 1113 maximis
1459 1039 1905 1122 septi-moenibus
1940 1059 2220 1113 munieba-

658 1150 766 1198 tur.
801 1141 892 1200 Dei
917 1143 1097 1212 jussu,
1127 1159 1242 1199 eam
1271 1159 1365 1212 per
1388 1143 1505 1198 dies
1537 1159 1628 1198 se:
1647 1147 1930 1202 obsidione
1958 1149 2215 1211 cinctam.

658 1233 888 1303 septima
918 1241 1204 1304 antequam
1244 1234 1360 1289 dies
1407 1235 1765 1300 illucesceret,
1800 1238 2037 1307 undique
2065 1242 2216 1294 iuva-

658 1338 773 1382 sam
813 1325 957 1382 tubis
995 1326 1389 1394 clangentibus,
1430 1327 1792 1396 universoque
1831 1332 2032 1398 populo
2080 1347 2219 1386 uua-

657 1421 787 1474 nimi
816 1435 1086 1476 conseusu
1119 1419 1184 1475 ad
1227 1419 1568 1475 clamandum
1599 1436 1628 1473 a
1658 1422 2034 1479 sacerdotibus
2065 1425 2214 1480 exci-

655 1520 790 1576 tato,
819 1522 870 1568 et
902 1527 1058 1583 opem
1107 1511 1335 1577 ferente,
1365 1512 1728 1582 diripuerunt,
1761 1523 1981 1582 repente
2020 1517 2216 1569 maeni-

656 1603 759 1660 bus
790 1604 1068 1673 collapsis,
1105 1612 1382 1672 totamque
1409 1602 1634 1657 Domino
1662 1612 1968 1660 sacrarunt.

726 1691 857 1748 Post
881 1694 927 1725 “
953 1692 1207 1748 Hiericho
1245 1694 1448 1748 civitati
1472 1691 1568 1748 Vai
1602 1694 1950 1759 insidiantur,
1982 1709 2212 1766 eamque

2393 503 2676 570 Διάγοντος
2701 503 2757 556 δὲ
2786 501 2880 555 τοῦ
2914 503 3082 573 Ἰησοῦ
3112 504 3200 556 τὸν
3227 502 3352 556 λαὸν
3406 503 3500 556 καὶ
3523 502 3624 573 τὴν
3656 504 3901 558 sum

2321 593 2419 661 1πῆς
2445 592 2713 663 Διαθὴκης
2737 592 2824 646 διὰ
2858 590 2949 645 τοῦ
2996 593 3281 663 Ἰορδάνου,
3311 594 3492 664 διέστη
3518 595 3587 647 τὰ
3622 593 3902 658 Macati;

2322 689 2514 759 πῆγμα
2553 689 2610 741 ἐν
2644 687 2945 757 ἀφεστηκὸς
2989 687 3204 760 μακρὰν
3241 688 3474 760 σφόδρα’
3509 688 3568 740 τὸ
3611 688 3667 742 δὲ
3720 706 3896 744 κατι

2322 778 2503 831 σαῖνον
2535 780 2614 840 είς
2639 777 2737 852 τὴν
2768 777 3038 830 Θάλασσαν
3067 777 3173 831 τῶν
3195 777 3334 829 άλῶν
3360 777 3573 848 ’Δραϐα
3595 779 3888 850 κατῆλθεν,

2319 870 2423 934 ἓως
2450 864 2510 923 οὗ
2540 874 2617 932 είς
2642 871 2790 932 τέλος
2822 869 3054 934 ἐξέλιπε,
3091 871 3184 922 καὶ
3217 868 3412 933 πάντες
3441 870 3530 921 ἐπὶ
3577 869 3750 940 ξηρᾶς
3781 870 3888 924 διέ-

2321 959 2522 1031 σησαν,
2560 962 2652 1012 καὶ
2688 960 3194 1029 στρατοπεδεύουσιν
3242 960 3334 1011 ἐπὶ
3376 960 3474 1030 τὴν
3513 960 3739 1030 Ἱεριχὼ.
3777 959 3887 1014 Ἦν

2318 1049 2375 1102 δὲ
2422 1051 2558 1119 αὕτη
2611 1051 2881 1119 μεγίστας
2939 1051 3271 1124 ὠχυρωμένη
3333 1051 3550 1120 τείχεσι.
3609 1052 3885 1105 Knud.on

2317 1141 2446 1209 γοῦν
2476 1141 2641 1211 αὐτὴν
2670 1143 2760 1193 ἐπὶ
2791 1142 2998 1212 ἡμέρας
3038 1141 3116 1207 ἐξ,
3149 1142 3282 1195 Θεοῦ
3316 1141 3716 1213 προστάξαντος
3737 1159 3753 1173 ·
3787 1143 3886 1198 καὶ

2316 1232 2381 1299 τῇ
2412 1230 2606 1300 ἑϐδόμη
2630 1231 2722 1300 ὸρΘ
2733 1248 2822 1300 ρου
2851 1231 3138 1304 περιῆλθον
3160 1233 3327 1302 αὐτὴν
3350 1231 3574 1301 ἕϐδομον
3599 1231 3880 1297 κυκλόθεν,

2315 1321 2410 1373 καὶ
2450 1323 2497 1372 ol
2534 1323 2695 1390 ἱερεῖς
2736 1321 3126 1390 σαλπίγξαντες
3164 1328 3283 1386 ταῖς
3333 1321 3586 1388 σάλπιγξι
3627 1322 3718 1374 τὸν
3757 1322 3882 1374 λαὸν

2315 1411 2489 1466 πάντα
2522 1411 2781 1476 ἀλαλάξαι
2808 1412 3137 1484 ὁμοθυμαδὸν
3175 1414 3482 1485 διήγειραν·
3521 1415 3619 1466 καὶ
3653 1413 3882 1483 mea».

2315 1519 2419 1555 των
2447 1501 2624 1554 αὐτῶν
2649 1540 2663 1563 ,
2707 1502 3040 1575 παραχρῆμα
3071 1502 3131 1555 τὸ
3167 1506 3341 1574 τεῖχος
3373 1503 3556 1564 ἔπεσε,
3593 1507 3693 1554 καὶ
3742 1502 3886 1555 ἑάλω

2317 1590 2350 1659 ή
2382 1588 2556 1652 πόλις,
2586 1590 2678 1644 καὶ
2705 1591 2850 1642 πᾶσα
2876 1591 2952 1660 τῷ
2986 1592 3171 1662 Κυρίῳ
3201 1591 3441 1662 ὑπῆρξεν
3473 1591 3751 1661 ἀνάθημα.

2385 1683 2494 1735 Καὶ
2527 1683 2662 1751 μετά
2695 1684 2792 1752 τὴν
2823 1682 3026 1754 Ἰεριχὼ
3049 1683 3382 1755 ἐνεδρεύουσι
3414 1686 3512 1752 τὴν
3546 1684 3702 1736 πόλιν
3725 1681 3880 1749 ΟὑαῙ,

655 1790 866 1852 captam
895 1785 1018 1854 igne
1045 1785 1417 1858 absumpsere.
1447 1795 1500 1841 et
1542 1800 1722 1858 regem
1767 1788 1914 1841 illius
1943 1787 2090 1857 ligno
2114 1803 2207 1858 ap-

2315 1775 2406 1832 καὶ
2429 1773 2679 1841 λαβόντες
2698 1775 2867 1844 αὐτὴν
2889 1775 3213 1849 ἐνέπρησαν,
3238 1777 3329 1828 καὶ
3353 1775 3441 1827 τὸν
3468 1774 3693 1844 βασιλέα
3715 1773 3884 1841 αὐτῆς

653 1888 906 1950 pensum,
943 1875 1016 1927 ita
1045 1873 1173 1933 Jesu
1219 1879 1585 1948 praecipiente,
1625 1880 1772 1932 cruci
1811 1878 2115 1942 aﬂixerunt,
2159 1887 2214 1932 et

650 1965 933 2025 occidente
969 1971 1102 2036 sole,
1149 1970 1204 2022 in
1243 1970 1435 2024 vallem
1479 1984 1680 2040 corpus
1723 1969 1869 2028 illius
1913 1971 2213 2041 projectum

655 2073 847 2119 acervo
877 2059 1114 2128 lapidum
1144 2057 1461 2113 obruerunt.

724 2235 1055 2300 Gabaonitm,
1087 2235 1180 2291 ubi
1227 2237 1294 2290 ad
1335 2251 1430 2292 eos
1464 2234 1814 2290 Iudaicarum
1868 2235 2214 2292 obsidionum

653 2327 796 2389 fama
819 2326 996 2382 delata
1043 2335 1127 2382 est
1162 2327 1337 2398 (erant
1362 2331 1503 2382 enim
1532 2341 1720 2380 eorum
1752 2326 1965 2380 finitimi
2004 2338 2058 2382 et
2087 2343 2213 2396 pro-

653 2418 889 2488 pinqui),
911 2419 1177 2472 malitiose
1209 2417 1476 2472 Israelitas
1517 2418 1618 2472 hoc
1649 2425 1805 2487 pacto
1845 2419 2126 2472 eluserunt
2142 2421 2208 2471 ".

655 2507 734 2564 Ne
792 2511 935 2564 enim
987 2509 1428 2578 approximantes
1483 2509 1628 2562 circa
1684 2522 1870 2562 eorum
1937 2509 2210 2564 civitatem

657 2606 1202 2662 castrametarentur,
1234 2606 1530 2654 occurrunt
1570 2600 1702 2662 illis,
1747 2607 1896 2654 veste
1929 2606 1980 2653 et
2013 2600 2212 2655 calceis

653 2689 904 2743 discissis
938 2688 1132 2751 induti,
1169 2692 1324 2756 panis
1351 2688 1483 2742 sicci
1514 2690 1768 2758 carieque
1796 2689 1973 2753 obesi,
2021 2704 2212 2744 saccos

652 2787 912 2845 utresque
951 2786 1195 2832 vetustos
1229 2788 1528 2847 portantes,
1550 2779 1911 2848 quidixerunt
1935 2798 1947 2833 :
1973 2797 1990 2830 ‹
2015 2777 2212 2832 Nostra

650 2867 843 2921 civitas
903 2869 1062 2937 longe
1101 2869 1290 2923 dissita
1315 2877 1428 2932 est;
1463 2883 1631 2938 panes
1652 2869 1794 2923 enim
1833 2869 1934 2923 hos
1963 2875 2210 2923 recentes

648 2957 807 3013 nobis
828 2958 1154 3025 paravimus,
1183 2959 1667 3027 vestimentumque
1683 2974 1789 3028 quo
1811 2960 2094 3024 volvimur,
2113 2975 2213 3012 no-

2314 1865 2408 1917 ὲπὶ
2455 1863 2608 1927 ξύλου
2653 1865 3057 1934 κρεμάσαντες,
3106 1865 3502 1936 προστάξαντος
3541 1864 3636 1917 τοῦ
3685 1863 3881 1931 Ἰησοῦ,

2314 1954 2679 2025 ἑσταύρωσαν.
2701 1956 2807 2008 Καὶ
2827 1955 3070 2019 δύνοντος
3087 1956 3181 2010 τοῦ
3210 1956 3357 2024 ἡλίου
3383 1954 3609 2026 ἔρριψαν
3635 1955 3698 2007 τὸ
3722 1956 3884 2023 σῶμα

2312 2046 2478 2100 αὑτοῦ
2521 2048 2602 2110 είς
2653 2047 2939 2120 φάραγγα,
2967 2048 3061 2100 καὶ
3115 2046 3276 2118 σωρῷ
3319 2047 3448 2099 αὐτὸ
3479 2045 3643 2098 λίθων
3675 2045 3889 2114 ἐπέχθη

2313 2154 2434 2196 σαν.

2383 2230 2447 2282 Ol
2474 2228 2528 2281 δὲ
2549 2228 2588 2280 Γ
2590 2227 2901 2291 αόαωνῐται,
2922 2225 3124 2279 τούτων
3158 2225 3257 2289 τὰς
3291 2224 3605 2297 πολιορκίας
3638 2224 3883 2295 πυθόμε-

2313 2335 2393 2371 νοι
2449 2317 2717 2387 (ὑπῆρχον
2751 2317 2858 2388 γὰρ
2895 2315 3072 2368 αὐτῶν
3104 2315 3528 2384 ἀστυγείτονες),
3554 2315 3884 2386 πανούργως

2311 2409 2435 2470 τοὺς
2492 2407 2820 2478 Ἰσραηλίτας
2879 2407 3344 2475 κατασοφίζονται.
3375 2401 3555 2458 Ἦσαν
3599 2406 3664 2474 (Ῑ.
3695 2406 3769 2467 ὡς
3792 2403 3882 2476 ἂν]

2311 2499 2420 2569 γὰρ
2448 2498 2519 2569 μὴ
2552 2498 2852 2568 φθάσαντες
2906 2501 2971 2568 τῇ
3011 2499 3159 2552 πόλει
3191 2498 3368 2551 αὐτῶν
3417 2498 3844 2568 παρεμϐάλωσιν
3865 2533 3883 2561 ,

2313 2590 2614 2643 ὑπαντῶσιν
2644 2591 2826 2653 αὐτοῖς
2855 2591 3056 2661 ὲσθῆτα
3080 2592 3170 2643 καὶ
3201 2591 3519 2660 ὑποδήματα
3543 2589 3883 2659 διερρωγότα

2313 2682 2670 2751 ἠμφιεσμένοι
2691 2721 2704 2740 ,
2740 2684 2832 2735 καὶ
2868 2683 3100 2746 σάκκους
3137 2683 3314 2753 ἀρτων
3349 2680 3524 2751 ξηρῶν
3581 2681 3676 2734 καὶ
3708 2681 3884 2751 εὑρω-

2311 2770 2548 2824 τιὼντων
2571 2813 2587 2836 ,
2623 2774 2715 2824 καὶ
2765 2774 2965 2836 ἀσκοὺς
3012 2773 3270 2835 παλαιοὺς
3314 2772 3702 2843 επηχθισμένοι
3728 2811 3743 2834 ,
3776 2773 3886 2839 φά-

2313 2879 2531 2925 σκοντες
2560 2863 2740 2925 αὐτοῖς
2760 2879 2774 2895 ο
2804 2881 2822 2913 ι
2858 2865 2920 2916 Ἦ
2951 2864 3048 2934 μὲν
3073 2864 3224 2925 πόλις
3251 2863 3402 2934 ἡμῶν
3432 2863 3565 2915 πολὺ
3591 2864 3683 2931 ἀφ’
3709 2862 3874 2931 ἡμῶν

2312 2951 2558 3023 διέστηκε
2579 2970 2591 2983 ·
2622 2954 2747 3018 τοὺς
2780 2954 2886 3025 γάρ
2911 2955 3111 3025 ἄρτους
3130 2953 3349 3018 τούτους
3387 2956 3610 3024 νεαροὺς
3642 2953 3880 3020 seems.

652 3061 774 3106 vum
805 3055 942 3109 erat,
971 3062 1095 3099 cum
1142 3047 1438 3110 induimus,
1471 3049 1748 3118 calceique
1782 3051 1928 3112 novi,
1961 3066 2083 3104 cum
2115 3066 2207 3104 eos

2315 3043 2557 3113 σθημεν,
2615 3047 2704 3098 καὶ
2749 3047 2847 3116 τὴν
2899 3047 3101 3116 ἐσθῆτα
3153 3048 3219 3117 ἢν
3267 3045 3622 3117 περικείμεθα
3686 3044 3882 3114 καινὴν

651 3101 876 3206 pedibus
907 3101 1280 3208 adaptavimus
1309 3157 1322 3205 ;
1349 3101 1440 3194 sed
1471 3139 1583 3193 haec
1606 3101 1794 3194 omnia
1836 3101 2207 3211 longumpro:

2309 3101 2680 3206 ὴμφιέσμεθα,
2717 3101 2814 3189 καί
2841 3138 2905 3190 τὰ
2933 3101 3254 3208 ὑποδήματα
3288 3101 3383 3191 νέα
3421 3101 3530 3199 toi;
3567 3139 3725 3188 ποσὶν
3772 3101 3884 3188 ὑστ-

649 3229 978 3297 ductumque
1027 3230 1130 3284 iter
1177 3229 1412 3284 confecit
1471 3232 1790 3285 inveterata.
1847 3232 1982 3287 lnite
2043 3233 2209 3302 igitur

648 3317 931 3374 nobiscum
955 3335 1163 3388 pacem,
1190 3329 1242 3375 et
1267 3322 1318 3374 in
1335 3322 1624 3376 amicitiam
1656 3321 1936 3392 foedusque
1966 3331 2206 3377 vestrum

647 3426 748 3467 nos
785 3410 1068 3468 admittite.
1107 3430 1124 3462 ι
1148 3412 1592 3468 Etbeatuslesus
1614 3413 1974 3482 jurejurando
2015 3413 2206 3467 amici-

646 3503 775 3559 tiam
813 3517 935 3556 cum
987 3501 1093 3556 illis
1135 3503 1374 3556 habitam
1416 3504 1659 3558 stabiliit.
1705 3503 1990 3572 Deinceps,
2015 3517 2204 3557 eorum

645 3592 770 3651 (1010
819 3602 1116 3663 comperto,
1147 3596 1214 3647 ab
1270 3594 1370 3657 eis,
1419 3610 1487 3648 nc
1522 3595 1906 3663 jusjurandum
1955 3595 2204 3658 violaret,

651 3682 932 3745 abstinuit,
964 3682 1056 3736 sed
1106 3682 1248 3753 ligna
1275 3691 1327 3734 et
1362 3697 1557 3750 aquam
1602 3683 1968 3740 lsraelitarum
2009 3684 2205 3757 populo

644 3769 933 3835 advehere,
959 3786 1056 3838 pro
1083 3771 1470 3840 fraudejussit.

715 3944 820 4000 Sed
850 3944 1208 4008 Adonibezec,
1229 3959 1318 3999 rex
1339 3944 1693 4012 Hierusalem,
1718 3947 2056 4012 Gabaonitis,
2083 3957 2205 4004 tam

645 4051 807 4105 quam
838 4036 944 4091 illis
979 4036 1071 4105 qui
1102 4036 1170 4092 ad
1199 4035 1470 4092 lsraelitas
1510 4039 1694 4092 hostes
1711 4039 2064 4103 defecissent,
2094 4041 2204 4094 ira-

642 4135 754 4189 tus,
806 4140 995 4183 omnes
1046 4127 1303 4186 ﬁnitimos
1357 4144 1511 4199 reges
1556 4131 1658 4184 sibi
1696 4131 1899 4184 auxilio
1935 4131 2195 4201 jungcns,

645 4215 823 4273 Elam
848 4233 1029 4287 regem
1061 4217 1332 4285 Chebron,
1359 4228 1412 4274 et
1442 4219 1669 4274 Phidom
1704 4236 1880 4291 regem
1909 4221 2198 4287 Jerimuth,

642 4315 697 4364 et
723 4307 887 4376 Sipha
925 4324 1104 4378 regem
1140 4308 1358 4375 Lachis,
1390 4325 1488 4364 nec
1523 4326 1633 4364 non
1662 4318 1714 4364 ct
1742 4310 1852 4364 Dad
1883 4327 2062 4381 regem
2102 4313 2204 4365 Sa-

642 4397 1593 4462 dollam,castrametatus,obsidione
1611 4402 1887 4470 premebat
1906 4401 2196 4459 Gabaon".
2237 4438 2277 4493 υ

644 4485 954 4543 Gabaoniue
981 4488 1136 4543 malis
1153 4491 1418 4558 oppressi,
1438 4490 1641 4559 legatos
1662 4493 1882 4544 mittunt
1901 4492 1965 4544 ad
1989 4490 2196 4555 Iesum,

641 4580 733 4648 qui
765 4579 818 4634 in
851 4578 1085 4648 Galgalis
1114 4595 1239 4635 cum
1277 4591 1441 4644 esset,
1486 4582 1601 4634 acie
1633 4597 1700 4636 ex
1740 4581 1967 4636 adverso
1995 4584 2197 4636 instru-

642 4675 750 4732 cta,
776 4684 1099 4738 congressus
1159 4681 1244 4726 est
1303 4671 1577 4741 fugatique
1635 4674 1946 4742 alienigena
1995 4676 2191 4744 partim

642 4757 819 4831 gladio
865 4758 1188 4820 occubuere,
1251 4760 1446 4828 partim
1507 4760 1785 4828 grandine.
1843 4758 2194 4830 Fugientibus

641 4849 782 4906 enim
812 4848 952 4905 Deus
984 4850 1299 4919 grandinem
1347 4850 1605 4914 immittit,
1633 4865 1752 4920 quae
1798 4851 1980 4920 plures
2011 4851 2193 4904 inimi-

640 4954 825 4995 corum
855 4954 1017 5009 quam
1062 4940 1262 4995 bellum
1303 4941 1614 5002 interemit;
1665 4949 1926 4996 utautem
1973 4945 2197 4997 omnino

637 5045 732 5087 eos
765 5030 964 5084 deleret
997 5028 1175 5094 Jesus,
1209 5030 1376 5086 Deum
1406 5033 1597 5096 oravit,
1628 5043 1686 5086 ut
1705 5031 1845 5086 diem
1876 5041 2072 5101 praeter
2101 5048 2196 5086 na-

638 5126 772 5174 tura:
791 5119 1031 5175 ordinem
1054 5123 1392 5191 protraheret
1405 5138 1593 5178 versus
1618 5121 1860 5187 Gabaon,
1877 5123 2007 5177 solis
2031 5139 2193 5178 cursu

639 5212 920 5283 impedito,
958 5221 1011 5267 et
1042 5229 1230 5269 versus
1277 5216 1468 5268 vallem
1507 5217 1715 5276 Arnon,
1755 5215 1930 5281 lunae;
1960 5224 2013 5269 et
2051 5214 2193 5271 Deus

638 5304 807 5361 solem
842 5320 871 5358 a
904 5320 1070 5359 cursu
1121 5307 1318 5370 arcuit,
1366 5315 1418 5361 et
1458 5309 1969 5378 luuam,quousque
2009 5310 2062 5362 in
2107 5310 2193 5363 die

639 5395 870 5465 integro,
907 5396 1090 5451 hostes
1112 5396 1382 5466 praedatus
1410 5408 1510 5453 est.
1561 5397 1812 5468 Quinque
1838 5409 2019 5453 autem
2056 5415 2188 5469 gen-

638 5486 773 5546 tium
796 5501 950 5562 reges
980 5486 1140 5544 Jesus
1185 5487 1328 5544 Nave
1375 5503 1498 5547 cum
1529 5490 1768 5564 abditos.
1796 5491 2093 5549 invenisset
2137 5492 2192 5549 in

2308 3227 2569 3297 εϐάλομεν
2590 3245 2602 3258 ο
2633 3231 2724 3282 καὶ
2757 3229 2927 3282 ταῦτα
2956 3230 3130 3282 πάντα
3151 3229 3210 3282 τὸ
3235 3230 3405 3300 μῆκος
3428 3230 3526 3298 τῆς
3572 3221 3696 3281 ὁδοῦ
3743 3245 3882 3280 κατ-

2304 3321 2516 3393 έτριψε,
2541 3324 2634 3372 καὶ
2668 3321 2990 3376 ὲπαλαίωσε.
3020 3320 3277 3378 Διάθεσοε
3301 3315 3390 3372 οὖν
3427 3319 3562 3390 πρὸς
3612 3320 3763 3388 ἡμᾶς
3790 3321 3881 3370 είς-

2309 3413 2497 3480 ρήνην,
2530 3412 2622 3464 καὶ
2643 3412 2827 3480 φίλους
2859 3412 3012 3483 ἡμῶν
3036 3413 3426 3482 καταστήσατε.
3452 3429 3472 3462 ι
3503 3411 3612 3462 Καὶ
3634 3413 3659 3462 ό
3689 3411 3881 3480 μακά-

2308 3518 2425 3572 ριος
2465 3503 2670 3573 Ἰησοῦς
2714 3505 2894 3573 ὅρκοις
2937 3505 3158 3574 εἰρήνην
3191 3503 3287 3573 τὴν
3330 3504 3464 3574 πρὸς
3509 3505 3707 3566 αὐτοὺς
3755 3505 3883 3556 ἑπι-

2309 3590 2566 3644 στώσατο.
2602 3592 2862 3662 ’Ὕστερον
2907 3593 2963 3644 δὲ
3016 3592 3112 3662 τὴν
3154 3593 3483 3662 πανουργίαν
3527 3592 3708 3644 αὐτῶν
3756 3595 3880 3645 επι-

2307 3683 2484 3747 γνοὺς,
2508 3683 2761 3749 ἐφείσατο
2792 3683 2887 3752 μὲν
2921 3682 3097 3734 αὐτῶν
3124 3682 3209 3735 διὰ
3234 3684 3323 3734 τὸν
3352 3682 3528 3752 ὅρκον,
3553 3681 3878 3753 ξυλοφορεῐν

2305 3773 2363 3828 δὲ
2397 3774 2489 3823 καὶ
2522 3773 2833 3844 ὑδροφορεῖν
2854 3775 2961 3836 τοῖς
2996 3773 3352 3844 Ἰσραηλίταις
3373 3775 3492 3826 ἀντὶ
3521 3773 3619 3842 τῆς
3646 3773 3877 3844 ἀπάτης

2306 3861 2658 3932 προσέταξεν.

2389 3951 2690 4021 Ὀργισθεὶς
2718 3953 2773 4004 δὲ
2809 3951 3153 4015 Ἀδωνιϐεζέκ
3171 3952 3200 4004 ὁ
3226 3950 3470 4018 βασιλεὺς
3510 3952 3876 4024 Ἰερουσαλὴμ

2304 4042 2397 4100 ἐπὶ
2422 4042 2479 4093 τὸ
2501 4042 2865 4112 αὐτομολῆσαι
2895 4046 3007 4104 τοῖς
3043 4041 3396 4111 Ἰσραηλίταις
3426 4045 3547 4106 τοὺς
3579 4042 3872 4096 Γαϐαωνί-

2302 4154 2419 4199 τας,
2454 4136 2770 4205 συμμάχους
2796 4137 2921 4201 τοὺς
2953 4136 3354 4206 πλησιοχώρους
3388 4135 3560 4188 λαϐὼν
3595 4136 3872 4206 βασιλεῖς,

2302 4228 2391 4279 τὸν
2424 4225 2602 4295 Αίλάμ
2635 4224 2855 4294 βασιλέα
2889 4224 3143 4295 Χεϐρὼν,
3174 4226 3263 4276 καὶ¹
3309 4225 3399 4277 τὸν
3443 4224 3604 4276 Φιδὼν
3633 4225 3727 4276 τὸν
3764 4227 3870 4294 τῆς

2317 4316 2596 4386 Ἰεριμοὺδ,
2632 4316 2724 4368 καὶ
2755 4314 2894 4382 Σιφά
2925 4315 3016 4367 τὸν
3046 4315 3260 4384 Λαχεὶς,
3291 4314 3369 4370 ἔτι
3415 4314 3469 4368 δὲ
3506 4314 3594 4367 καὶ
3628 4314 3722 4367 τὸν
3759 4318 3874 4371 Δάδ

2303 4407 2397 4474 τῆς
2454 4405 2755 4475 Σοδδλλὰμ,
2797 4403 3250 4473 ἐστρατοπέδευσε
3290 4404 3425 4475 πρὸς
3481 4405 3702 4467 αὐτοὺς,
3770 4410 3870 4466 χαί

2301 4496 2603 4566 ἐπολιόρκει
2633 4496 2727 4566 τὴν
2756 4494 2998 4548 Γαὸαών.
3034 4496 3093 4547 Οἱ
3127 4495 3185 4548 δὲ
3206 4495 3534 4548 Γαϐαωνῖται
3567 4499 3870 4567 συνεχόμε-

2303 4603 2379 4638 νοι
2413 4586 2794 4658 ςπρεσόεύονται
2830 4587 2966 4656 πρὸς
3009 4585 3228 4658 Ἰησοῦν.
3282 4587 3338 4637 Ὁ
3378 4585 3434 4638 δὲ
3477 4587 3533 4638 ὲν
3564 4587 3870 4652 Γαλγάλοις

2299 4676 2395 4742 ὢν,
2418 4651 2885 4748 ἀντιπαρετάξατο
2913 4651 3112 4738 αὐτοῖς,
3137 4675 3228 4729 καὶ
3261 4675 3530 4746 συμϐολῆς
3558 4678 3869 4748 γενομένης

2301 4768 2680 4840 ὲτροπώθησαν
2712 4768 2762 4820 οἱ
2822 4765 3138 4834 ἀλλόφυλοι·
3195 4767 3287 4819 καὶ
3339 4768 3388 4819 οἱ
3433 4767 3528 4837 μὲν
3580 4766 3718 4834 ξίφει
3784 4769 3866 4822 δι-

2301 4858 2633 4929 εφθάρησαν,
2672 4861 2719 4910 οἱ
2751 4858 2808 4910 δὲ
2840 4855 3065 4929 χαλάζῃ.
3101 4858 3408 4924 Φευγόντων
3441 4857 3547 4929 γὰρ
3584 4859 3792 4924 αὐτῶν,
3836 4867 3865 4914 ό

2301 4949 2430 5011 Θεὸς
2461 4950 2699 5019 χάλαζαν
2744 4950 2926 5010 αὐτοῖς
2961 4947 3384 5018 κατὼμῦρησεν,
3411 4949 3534 5018 ἥτις
3572 4949 3863 5014 πλείστους

2300 5040 2407 5092 τῶν
2434 5044 2687 5095 ἐναντίων
2723 5041 2918 5103 ἀνεῖλε,
2949 5040 3091 5109 ἥπερ
3116 5041 3144 5093 ὁ
3170 5041 3420 5109 πόλεμος.
3450 5043 3561 5094 Ἵνα
3583 5041 3639 5094 δὲ
3670 5042 3860 5097 τέλεον

2301 5131 2595 5205 ἐξαφανίσῃ
2617 5133 2810 5195 αὐτοὺς
2855 5130 3079 5202 Ἰησοῦς,
3112 5130 3313 5200 ηὔξατο
3328 5133 3406 5202 τῷ
3426 5133 3562 5201 Θεῷ,
3579 5134 3722 5196 ὅπως
3753 5136 3860 5207 τὴν

2298 5221 2505 5292 ἡμέραν
2531 5223 2678 5292 παρὰ
2711 5222 2867 5293 φύσιν
2905 5220 3117 5292 μηκύνῃ
3142 5224 3326 5288 αὐτοῖς
3362 5224 3560 5294 στήσας
3585 5223 3673 5277 τὸν
3698 5225 3858 5295 ἥλιον

2299 5313 2437 5369 κατά
2477 5314 2718 5378 Γαϐαὼν,
2753 5313 2846 5367 καὶ
2873 5315 2972 5382 τὴν
3007 5315 3231 5386 σελήνην
3263 5316 3401 5368 κατά
3439 5315 3696 5385 φάραγγα
3731 5317 3856 5387 ’Δρ-

2297 5401 2422 5454 νῶν.
2457 5403 2565 5456 Καὶ
2609 5404 2833 5474 ἔστησεν
2861 5405 2889 5456 ό
2919 5402 3049 5466 Θεὸς
3089 5404 3275 5458 στάσει
3302 5405 3391 5458 τὸν
3421 5405 3568 5476 ἣλιον
3611 5405 3705 5459 καὶ
3747 5407 3854 5477 τὴν

2300 5494 2547 5565 σελήνην,
2582 5495 2685 5554 ’ἑως
2740 5487 2802 5550 οὗ
2853 5496 3187 5569 πανημέριον
3234 5499 3358 5560 τοὺς
3400 5497 3684 5569 πολεμίως
3708 5496 3849 5566 ἥλω.

713 5659 892 5720 “10s.
917 5677 1000 5721 ιιι.
1068 5664 1256 5731 ,⁸⁸Ιοε.
1291 5682 1364 5724 v1.
1441 5667 1484 5701 ’δ
1511 5666 1626 5722 los.
1661 5683 1778 5724 vin.
1856 5667 2040 5724 "las.
2083 5684 2158 5724 ιι.
2239 5668 2420 5727 "los.
2452 5675 2512 5730 ἰ.
