4044 6324
121 335 236 392 793

1045 338 1318 398 SPURIA.
1353 369 1423 384 -—
1457 337 1816 400 COMMENT.
1862 337 1931 396 IN
1963 336 2458 396 HEXAEMERON.
3253 340 3355 396 794

117 456 265 520 Τοὺς
297 455 354 512 δέ
405 458 567 512 πέντε
611 456 848 529 βασιλεῖς
898 458 1007 512 τῶν
1057 460 1226 515 ἐθνῶν
1271 458 1476 531 Ἰησοῦς
1524 461 1554 512 ὁ
1595 455 1682 512 τοῦ

1795 458 2076 529 spelunca,
2113 458 2340 527 supinos
2370 455 2519 510 humi
2556 454 2850 525 projectos.
2883 462 2938 511 et
2971 470 3000 510 a
3030 456 3228 526 popqu
3261 451 3375 512 su;

115 547 281 619 Ναυῆ
332 549 738 620 κρυπτομένους
781 549 988 622 εὑρὼν,
1039 553 1119 616 είς
1160 551 1416 622 σπήλαιον
1467 550 1682 637 ὑπτίους

1793 565 1890 620 per
1908 550 2050 606 collo
2086 549 2438 604 conculcatos
2474 549 2765 610 interemit,
2809 555 2861 603 et
2903 562 3093 602 eorum
3122 561 3353 617 corpora

113 638 220 690 ἐπὶ
247 639 348 708 τῆς
375 640 498 711 γῆς,
536 639 757 713 ῥιφῆναι
803 641 997 706 αὐτοὺς
1040 642 1335 714 πρόσεταξε
1355 684 1371 710 ,
1405 643 1496 695 κα¹ι
1522 659 1682 697 κατα-

1793 640 1954 711 lignis
1987 654 2244 709 appensa,
2273 637 2490 692 tandem
2523 637 2576 690 in
2601 638 2858 706 spelunca
2890 637 3122 707 sepeliit,
3152 645 3206 691 et
3237 652 3358 692 om.

109 729 414 782 πατεῖσθαι
446 731 549 783 ὑπὸ
581 731 674 783 τοῦ
703 731 832 786 λαοῦ
873 735 964 788 ἐπὶ
1006 735 1100 789 τοῦ
1127 735 1396 806 τραχηλου
1438 736 1686 806 ποιήσας.

108 820 410 875 ἀπέκτεινε
429 838 440 852 '
469 822 559 875 καὶ
594 822 664 875 τὰ
690 822 916 894 σώματα
942 825 1120 880 αὐτῶν
1143 827 1236 880 ἐπὶ
1269 825 1423 892 ξύλου
1456 826 1661 896 ἀναρτή

1791 732 1952 788 nibus
1979 745 2167 785 eorum
2214 729 2526 782 civitatibus
2565 729 2813 798 expilatis
2851 739 3164 782 montanam
3207 741 3357 782 cam-

1789 827 2134 894 pestremque
2161 823 2434 890 regionem
2470 821 2701 888 subegit.

108 927 246 976 σας,
282 912 506 984 ὕστερον
538 915 617 978 είς
641 915 702 966 τὸ
740 918 1002 988 σπήλαιον
1026 918 1164 976 αὐτὰ
1190 917 1486 990 κατώρυξε.
1514 917 1699 980 Πάσας
1729 914 1786 968 δὲ
1818 913 1917 978 τὰς
1950 912 2130 974 πόλεις
2158 912 2501 985 ἐκπορθήσας
2550 910 2750 976 αὐτῶν,
2816 913 2991 964 πᾶσαν
3015 909 3116 981 τὴν
3143 909 3358 982 ὀρεινὴν

110 1000 217 1056 καὶ
241 1001 342 1072 τὴν
367 1003 585 1074 πεδινὴν
613 1004 864 1071 ὑπέταξε.

202 1090 387 1164 ’Δσὼρ
415 1095 494 1158 δέ,
518 1096 547 1149 ὁ
574 1094 822 1165 βασιλεὺς
862 1098 1053 1163 Ἰασὶν,
1087 1085 1408 1171 συμμάχους
1440 1098 1564 1163 τοὺς
1595 1100 1692 1154 πέ-

112 1181 205 1254 ριξ
240 1181 426 1235 λαϐὼν
482 1184 716 1254 βασιλεῖς
741 1227 756 1251 ,
797 1187 992 1260 πολλὴν
1026 1193 1297 1261 συνήγαγε
1329 1191 1576 1261 δύναμιν,
1617 1191 1692 1254 ὡς

108 1270 340 1323 εἰκάσαι
373 1271 432 1324 τὸ
475 1273 681 1342 πλῆθος
712 1275 808 1346 τῆς
846 1279 1132 1348 στρατείας
1173 1279 1352 1331 αὐτῶν
1396 1281 1462 1348 τῇ
1507 1280 1695 1350 ἀναρι-

110 1360 320 1432 θμήτῳ
344 1361 442 1431 τῆς
467 1361 738 1434 θαλάσσης
760 1365 990 1436 ψάμμῳ,
1015 1368 1108 1420 καὶ
1124 1367 1587 1440 ἀντιπαρετάξατο
1613 1367 1691 1436 τῷ

122 1452 334 1523 Ἰησοῦ.
373 1454 430 1505 Ὁ
462 1454 516 1506 δὲ
546 1456 725 1519 αὐτοῖς
776 1457 927 1526 ἄφνω
978 1458 1252 1511 ἐπιπεσὼν
1293 1458 1494 1529 Ἰησοῦς
1532 1460 1692 1513 αὐτόν

107 1560 169 1596 τε
195 1544 297 1598 καὶ
318 1544 522 1610 πάντας
549 1549 675 1610 τοὺς
701 1549 1018 1620 συμμάχους
1039 1552 1340 1620 πανστρατὶ
1365 1550 1687 1618 κατέσφαξε,

110 1637 208 1690 καὶ
254 1637 385 1701 τοὺς
440 1638 639 1701 ἵππους
689 1639 864 1692 αὐτῶν
908 1641 1332 1711 ἐνευροκόπησε,
1387 1642 1479 1694 καὶ
1513 1644 1690 1695 πᾶσαν

1864 1090 2036 1148 Porro
2069 1091 2208 1145 Asor
2245 1106 2338 1144 rex
2366 1088 2523 1144 Jabin
2546 1090 2612 1155 ’⁷,
2643 1104 2832 1145 omnes
2873 1105 3031 1160 reges
3059 1091 3270 1148 vicinos
3300 1093 3356 1147 in

1798 1184 2057 1238 auxilium
2077 1189 2298 1236 vocatos
2317 1185 2633 1235 immensam
2651 1177 2931 1250 copiarum
2950 1183 3356 1239 multitudinem

1796 1273 1992 1341 coegit,
2018 1274 2092 1326 ita
2137 1281 2197 1324 ut
2229 1272 2611 1333 innumerabili
2643 1286 2820 1325 arenae
2852 1273 3021 1326 maris
3050 1263 3245 1326 similis
3273 1275 3359 1327 vi-

1795 1363 2039 1426 deretur,
2073 1365 2272 1432 quibus
2302 1379 2360 1418 se
2387 1361 2545 1418 Jesus
2572 1364 2844 1431 opposuit.
2863 1363 2931 1417 At
2959 1363 3045 1416 hic
3063 1364 3358 1434 improviso

1796 1454 2126 1524 irrumpens,
2153 1455 2329 1523 ipsum
2374 1468 2671 1523 omnesque
2698 1453 2818 1523 ejus
2852 1455 3145 1509 auxiliares
3173 1457 3358 1524 c0pias

1794 1546 2162 1603 internecione
2199 1546 2416 1609 delevit,
2457 1555 2716 1615 artusque
2766 1561 3030 1615 equorum
3083 1547 3356 1613 abscidit,

1794 1647 1848 1693 et
1886 1655 2073 1694 eorum
2110 1646 2309 1692 terram
2344 1641 2651 1691 universam
2693 1637 2950 1692 lsraelitis
2985 1639 3216 1708 partitus
3249 1646 3355 1694 est.

111 1725 300 1781 αὐτῶν
348 1727 446 1798 τὴν
476 1729 580 1798 γῆν
623 1733 734 1793 τοῖς
779 1730 1133 1800 Ἰσραηλίταις
1175 1730 1437 1802 διένειμε·
1487 1734 1551 1802 τῇ
1597 1732 1682 1802 μὲι

1795 1732 1860 1785 Et
1905 1732 2070 1786 tribui
2127 1729 2318 1784 Ruben
2362 1729 2599 1783 sortibus
2642 1729 2905 1798 conjectis
2955 1725 3102 1782 dedit
3155 1737 3356 1783 terram

113 1816 260 1890 φυλῇ
293 1817 388 1870 τοῦ
429 1819 637 1896 Ῥουϐιν
674 1820 770 1891 τὴν
798 1821 904 1874 τῶν
941 1823 1278 1894 Ἀμορραίων
1313 1825 1416 1895 γῆν
1445 1825 1688 1896 ἀπεκλή-

117 1923 262 1978 ρωσε
296 1909 392 1962 καὶ
420 1897 518 1983 τὴν
559 1911 852 1983 Ῥαφασὴν,
889 1914 986 1984 τὴν
1022 1913 1077 1966 δὲ
1128 1915 1166 1966 Γ
1170 1913 1232 1966 ea
1269 1915 1366 1985 τὴν
1393 1915 1560 1986 αὐτὴν
1588 1916 1690 1986 γῆν

112 1998 221 2053 τῶν
266 2000 635 2072 ’Δμορραίων,
660 2005 753 2056 καὶ
785 2005 846 2056 τὸ
876 2005 1047 2075 ⁴ἣμισυ
1111 2006 1248 2077 φυλῇ
1285 2009 1551 2078 Μανασσῆ
1587 2010 1692 2061 ἀπ-

115 2090 326 2160 ένειμε,
364 2094 460 2144 καὶ
487 2096 553 2163 τῇ
590 2095 729 2166 φυλῇ
771 2095 936 2148 Ἰούδα
966 2095 1064 2167 τὴν
1088 2097 1194 2151 τῶν
1252 2099 1510 2168 Ἐὅραίων
1536 2138 1551 2162 ,
1597 2098 1690 2152 καὶ

111 2180 414 2242 Χετταίων,
473 2184 564 2235 καὶ
605 2183 701 2254 τὴν
750 2185 1024 2255 Ἑνακείμ..
1061 2190 1262 2256 Ἤγουν
1309 2189 1476 2242 Ἰούδα
1526 2189 1686 2262 φυλὴ,

115 2273 411 2343 σύμμαχον
444 2274 681 2328 λαϐοῦσα
722 2279 821 2348 τὴν
852 2279 1022 2349 φυλὴν
1055 2278 1309 2348 Συμεὼν,
1341 2283 1468 2354 ,τοὺς
1501 2283 1686 2334 Χανα-

113 2368 297 2429 ναίους
330 2367 426 2419 καὶ
475 2369 797 2438 Φερεζαίους
836 2371 1133 2442 ἐπόρθησε,
1169 2373 1263 2427 καὶ
1303 2372 1570 2442 φεύγοντα
1596 2374 1686 2427 τὸν

123 2457 480 2522 Ἀδωνισεζὲκ
530 2460 949 2531 χειρωσάμενοι,
997 2463 1121 2526 τοὺς
1159 2465 1326 2528 πόδας
1367 2465 1532 2518 αὑτοῦ
1592 2466 1685 2518 καὶ⁵

116 2547 206 2608 τὰς
240 2551 432 2618 χεῖρας
456 2551 874 2622 ἠκρωτηρίασαν
891 2569 903 2582 ·
929 2554 1019 2605 καὶ
1048 2556 1466 2626 κατοδυρόμενος
1494 2559 1682 2611 ἐαυτὸν

114 2637 212 2709 ἔφη
239 2656 251 2668 °
279 2659 296 2689 ι
326 2640 527 2704 Καθὼς
549 2643 949 2715 ἐποίησα,οὖτω
967 2663 1054 2715 μοι
1081 2649 1108 2698 ὁ
1137 2648 1266 2710 Θεὸς
1281 2650 1678 2706 ἁνταπέδωκεν.

125 2729 526 2801 Ἐὁδομήκοντα
557 2733 665 2804 γὰρ
718 2734 985 2802 βασιλεῖς,
1033 2737 1100 2788 τὰ
1162 2739 1306 2808 ἄκρα
1353 2740 1458 2791 τῶν
1504 2740 1680 2793 ποδῶν

114 2819 292 2872 αὐτῶν
326 2822 422 2873 καὶ
454 2821 561 2874 τῶν
601 2823 795 2895 χειρῶν
825 2826 1237 2895 ἐκκεκομμένοι,
1267 2828 1521 2881 ὑποκάτω
1544 2824 1679 2900 ἦσαν

113 2912 207 2979 τῆς
250 2911 536 2983 τραπέζης
591 2931 691 2984 μου
744 2915 810 2968 τὰ
865 2917 1205 2985 ἐμπίπτοντα
1257 2919 1626 2986 ἀναλέγοντες.
1660 2941 1676 2972 ι

1793 1822 2254 1883 Amorrliaeorum,
2286 1827 2341 1874 et
2373 1820 2683 1890 ﬂapbasen,
2711 1827 2765 1873 et
2795 1818 2908 1874 Gad
2945 1819 3118 1889 ipsam
3152 1827 3355 1874 terram

1790 1912 2247 1976 Amorrhaeorum,
2280 1919 2333 1966 et
2360 1912 2639 1966 dimidium
2673 1910 2835 1964 tribui
2863 1911 3142 1977 Manassae,
3169 1919 3223 1965 et
3254 1913 3354 1966 tri-
3441 1976 3470 1990 Μ

1793 2005 1884 2059 bui
1914 2003 2065 2058 Inda:
2097 2004 2446 2057 Hebraeorum
2469 2013 2522 2058 et
2551 2003 2936 2066 Chettzcorum,
2960 2013 3012 2058 et
3042 2002 3264 2057 Enacim
3282 2004 3350 2059 ³⁸.

1793 2096 1898 2150 Sed
1929 2096 2080 2150 Judte
2113 2097 2310 2157 tribus,
2345 2096 2486 2150 tribu
2519 2093 2750 2165 Symeon
2793 2095 2848 2148 in
2888 2096 3149 2149 auxilium
3182 2095 3354 2148 advo-

1789 2195 1911 2240 cata
1934 2188 1999 2248 ⁸⁸.
2058 2187 2427 2258 Chanameos,
2472 2194 2526 2239 et
2571 2185 2886 2240 Phcrezaeos
2943 2187 3182 2256 praedata
3237 2193 3352 2252 est;

1789 2292 2024 2347 cumque
2071 2277 2343 2347 cepissent
2375 2278 2663 2346 fugientem
2713 2277 3074 2342 Adonibezec,
3113 2285 3353 2331 extrema

1787 2371 1985 2438 pedum
2028 2385 2091 2424 ac
2122 2386 2381 2425 manuum
2414 2370 2831 2434 obtruncarunt,
2875 2369 2968 2440 qui
2997 2370 3350 2438 semetipsum

1785 2461 2077 2530 deplorans
2125 2461 2301 2514 dixit:
2337 2478 2354 2511 ι
2391 2458 2853 2525 Quemadmodum
2905 2459 3028 2523 feci,
3086 2462 3159 2513 ita
3219 2459 3352 2524 mihi

1790 2552 1932 2607 Deus
1981 2553 2250 2606 retribuit.
2303 2551 2656 2621 Septuaginta
2703 2551 2849 2605 enim
2904 2565 3061 2619 reges
3106 2559 3351 2604 extrema

1790 2644 2017 2713 pedibus
2046 2658 2108 2697 ac
2143 2643 2392 2697 manibus
2423 2642 2618 2704 mutili,
2651 2642 2752 2695 sub
2781 2656 2969 2695 mensa
2997 2657 3113 2695 mea
3147 2656 3210 2695 ea
3232 2657 3354 2710 quae

1790 2733 2057 2788 cadebant
2103 2736 2446 2804 colligebant.
2490 2752 2507 2785 ι
2547 2732 2727 2787 Hicin
2762 2733 3097 2789 Hierusalem
3142 2733 3351 2790 delatus

1789 2826 1972 2879 subito
1995 2826 2170 2894 periit.
2195 2825 2380 2880 Tribui
2405 2825 3108 2894 prraimAmorrliazorum
3133 2833 3185 2879 et
3211 2824 3351 2878 Phe-

1785 2932 2100 2979 rezaeorum,
2133 2927 2181 2972 et
2208 2917 2621 2981 Samarzeorum,
2662 2924 2714 2969 et
2742 2916 2979 2970 dimidia:
3007 2918 3146 2986 parti
3174 2918 3352 2975 tribui

113 3002 413 3072 Κομισθεὶς
433 3000 523 3055 οὖν
536 3007 614 3066 είς
630 3006 982 3078 Ἰερουσαλὴμ
1001 3009 1313 3079 παραυτίκα
1332 3011 1584 3065 ἀπέθανε.
1599 3013 1676 3082 Τῇ

1789 3009 2050 3064 Manassa:
2082 3008 2443 3071 Gersaeornm,
2477 3017 2529 3063 et
2565 3008 3005 3062 Amorrlneorum
3037 3009 3227 3062 tribuit
3254 3006 3346 3064 Je-

114 3092 165 3144 δὲ
181 3094 319 3163 φυλῇ
349 3095 586 3166 Ἐφραῖμ
618 3097 713 3167 τὴν
729 3098 835 3150 τῶν
862 3100 1220 3172 Ἀμορραίων,
1240 3104 1330 3156 καὶ
1358 3103 1682 3175 Φερεζαίων,

1787 3116 1884 3154 sus
1917 3120 1928 3154 :
1959 3100 2304 3154 Hebrzeorum
2342 3115 2468 3152 vero
2498 3107 2551 3154 et
2594 3100 3054 3162 Amorrhaaorum,
3078 3109 3129 3153 et
3154 3097 3351 3156 Jebus-

116 3185 204 3234 καὶ
227 3184 587 3255 Σαμαραίων⁵
626 3188 719 3239 καὶ
769 3189 846 3257 τῷ
879 3191 1060 3260 ἡμίσει
1091 3194 1260 3262 φυλῆς
1291 3196 1554 3265 Μανασσῆ
1587 3196 1682 3267 τὴν

1787 3206 2018 3267 satorum
2061 3191 2223 3245 tribui
2265 3191 2771 3260 Benjamin;tribui
2815 3190 3046 3262 Synieon
3098 3190 3350 3246 Hebraeo-

118 3273 218 3325 τῶν
234 3275 530 3344 Γερσαίων,
551 3279 641 3330 καὶ
668 3280 1003 3352 Ἀμορραίων
1022 3284 1123 3352 γῆν
1141 3285 1431 3354 ἀπένειμεν
1459 3287 1681 3355 Ἰησοῦςο

119 3365 209 3434 τὴν
245 3366 301 3418 δὲ
332 3366 443 3417 τῶν
486 3368 767 3439 Ἐϐραίων,
816 3373 909 3423 καὶ
951 3375 1308 3444 Ἀμορραίων,
1357 3377 1448 3429 καὶ
1490 3377 1684 3429 Ἰεϐου-

123 3454 278 3506 σαίων
327 3459 395 3526 τῇ
428 3457 520 3509 τοῦ
582 3459 832 3530 Βενιαμὶν
882 3462 1304 3534 ἐκληροδότησε²
1364 3469 1427 3535 τῇ
1481 3468 1538 3520 δὲ
1588 3468 1680 3521 τοῦ

120 3544 332 3615 Συμεὼν
373 3549 473 3619 τὴν
515 3549 622 3602 τῶν
660 3552 920 3622 Ἐϐραίων
953 3556 1045 3607 καὶ
1092 3557 1430 3626 Φερεςαὶων·
1475 3559 1568 3610 καὶ
1612 3563 1679 3631 τῇ

121 3636 204 3687 τοῦ
235 3639 519 3691 Ζαϐουλὼν
547 3643 644 3712 τὴν
686 3643 792 3696 τῶν
833 3645 1135 3715 Φερεζαίων
1156 3664 1168 3676 °
1198 3649 1295 3718 τὴν
1324 3650 1380 3702 δὲ
1419 3651 1527 3704 τῶν
1577 3654 1679 3704 Κι-

120 3723 272 3778 ναίων
316 3730 381 3796 τῇ
430 3727 772 3800 Νεφθαλείμ·
833 3736 922 3784 καὶ
972 3737 1037 3804 τῇ
1093 3735 1230 3804 φυλῇ
1287 3736 1377 3789 τοῦ
1427 3738 1532 3791 Δὰν
1581 3740 1680 3811 τὴν

136 3816 499 3888 Ἀμορραίων·
546 3823 611 3892 τῇ
655 3821 712 3874 δὲ
748 3826 884 3894 φυλῇ
949 3826 1233 3897 ’ῐσσάχαρ,
1285 3829 1378 3881 καὶ
1431 3833 1494 3899 τῇ
1540 3831 1677 3902 φυλῇ

133 3906 288 3978 Ἀσὴρ
313 3910 412 3980 τὴν
448 3911 558 3962 τῶν
585 3913 904 3985 Φερεζαίων.
938 3919 1152 3988 Ταύτην
1188 3922 1364 3974 πᾶσαν
1399 3922 1679 3991 διανείμας

121 3995 209 4064 τὴν
259 4000 360 4067 γῆν
411 4002 616 4069 Ἰησοῦς
664 4011 705 4075 ρ’
749 4006 842 4058 καὶ
888 4013 916 4058 ι’
961 4007 1157 4076 βιώσας
1213 4010 1336 4080 ἐτη,
1389 4013 1674 4068 ἀπέθανεν.

132 4083 446 4160 Ἐλεαζάρου
480 4091 533 4143 δὲ
565 4093 657 4146 τοῦ
695 4094 809 4147 υίοῦ
865 4096 1071 4165 Ἀαρὼν
1116 4099 1530 4172 τελευτήσαντος
1578 4103 1675 4173 τὴν

123 4174 518 4246 ἀρχιερωσύνην
550 4181 703 4244 Φινὲς
731 4185 758 4235 ὁ
789 4185 898 4246 υἱὸς
934 4184 1093 4236 αὑτοῦ
1124 4186 1405 4250 διεδέξατο.
1433 4190 1587 4243 Μετὰ
1619 4191 1676 4244 δὲ

123 4267 207 4334 τὴν
239 4268 492 4341 τελευτὴν
538 4274 710 4342 Ἰησοῦ
750 4276 904 4344 Ναυῆ
935 4278 982 4329 οἱ
1025 4279 1376 4349 Ἰσραηλῖται,
1409 4281 1676 4334 ἀποστάν-

123 4371 200 4417 τες
239 4359 326 4411 τοῦ
359 4361 522 4425 Θεοῦ,
576 4366 638 4433 τῇ
686 4365 953 4439 Ἀστάρτῃ
1012 4369 1337 4439 ἐλάτρευσαν
1385 4371 1478 4422 καὶ
1529 4388 1672 4442 παρ-

1784 3265 1928 3348 τυωί
1960 3292 2012 3338 et
2037 3283 2466 3345 Pherezzcorum,
2493 3292 2545 3337 et
2575 3283 2736 3337 tribui
2763 3282 3004 3336 Zabnlon
3037 3281 3351 3337 Pherezaao-

1783 3369 1926 3439 rum,
1957 3381 2009 3428 et
2039 3375 2199 3427 tribui
2231 3374 2570 3443 Nepbtbalim
2600 3375 2931 3440 (linteorum,
2956 3384 3008 3429 et
3040 3376 3205 3430 tribui
3234 3372 3349 3431 Dan

1784 3465 2242 3531 Amorrbazorum,
2284 3475 2336 3519 et
2379 3467 2539 3520 tribui
2591 3465 2859 3529 lssachar,
2905 3474 2956 3521 et
2998 3466 3161 3538 tribui
3210 3465 3350 3521 Aser

1783 3555 2215 3609 Pherezmorum.
2269 3555 2419 3609 Hanc
2450 3557 2758 3610 universam
2787 3564 2994 3618 terram
3038 3569 3161 3608 cum
3207 3553 3348 3607 divi-

1782 3647 1944 3701 sisset
1961 3645 2138 3708 Jesus,
2168 3648 2340 3701 aetatis
2367 3663 2627 3701 annorum
2659 3633 2872 3701 centum
2896 3652 2949 3700 et
2977 3645 3160 3699 decem
3181 3659 3213 3698 e
3235 3645 3345 3698 vita

1781 3739 2099 3794 decessit”.
2137 3740 2201 3793 Et
2230 3741 2485 3794 Eleazaro
2517 3742 2625 3795 lilio
2652 3743 2828 3794 Aaron
2864 3750 3078 3795 mortuo
3111 3741 3163 3794 in
3196 3756 3346 3793 sums
3368 3733 3383 3792 ί

1782 3845 1871 3884 mo
1899 3833 2202 3886 sacerdotio
2242 3831 2442 3887 Pliines
2490 3834 2609 3901 ejus
2658 3834 2801 3887 ﬁlius
2847 3833 3129 3906 successit.
3171 3831 3355 3886 Csetev

1779 3935 1898 3973 rum
1936 3933 2057 3990 post
2092 3921 2217 3977 Jesu
2258 3923 2404 3976 Nave
2441 3923 2645 3977 obitum
2667 3923 2709 3954 “
2740 3911 3012 3984 lsraelitze,
3044 3937 3164 4000 cum
3193 3909 3347 3974 dele;

1778 4012 1981 4066 cissent
2012 4029 2041 4066 a
2071 4013 2198 4079 Deo,
2229 4015 2502 4068 Astartam
2533 4016 2768 4078 coluere,
2794 4024 2846 4067 et
2881 4013 3024 4067 dedit
3054 4014 3175 4068 illos
3196 4012 3340 4068 Deus

1776 4103 2019 4171 captivos
2067 4104 2411 4159 Cbursathan
2460 4104 2718 4174 Syrorum
2755 4107 2889 4176 regi,
2928 4107 3020 4173 qui
3051 4121 3143 4160 eos
3173 4106 3338 4163 variis

1777 4195 1954 4248 modis
1979 4197 2269 4265 multisque
2314 4197 2602 4267 afﬂigebat,
2637 4199 2709 4252 ita
2741 4207 2798 4252 ut
2844 4214 3169 4268 magnopere
3193 4201 3342 4254 cala-

1775 4285 2052 4339 mitatibus
2100 4287 2377 4356 defatigati
2416 4289 2703 4343 clamarint
2749 4287 2817 4342 ad
2867 4288 3072 4354 Deum,
3114 4287 3339 4359 datique

1775 4378 1884 4430 sint
1923 4378 2029 4431 illis
2061 4378 2295 4445 judices.

126 4445 308 4542 έὸωκεν
362 4451 558 4516 αὐτοὺς
607 4455 946 4528 ὑποχειρίους
998 4461 1026 4511 ὁ
1073 4460 1201 4523 Θεὸς
1226 4461 1543 4534 Χουσαρθάν
1599 4463 1676 4533 τῷ
1727 4464 1911 4537 Σύρων
1965 4470 2209 4539 βασιλεῖ,
2281 4471 2426 4533 ὅστις
2493 4472 2572 4535 είς
2624 4470 2819 4542 πολλὴν
2876 4471 3101 4542 συνοχὴν
3141 4470 3338 4532 αὐτοὺς

124 4536 459 4635 κατέστησεν,
512 4542 589 4606 ὡς
632 4543 725 4597 ἐπὶ
775 4547 907 4601 πολὺ
960 4551 1432 4622 καταπονηθέντας
1501 4553 1699 4616 αὐτοὺς
1755 4536 2133 4629 βοῆσαιήπρὸς
2208 4558 2297 4612 τὸν
2354 4558 2518 4626 Θεὸν,
2572 4562 2664 4615 καὶ
2715 4536 2932 4633 δοθῆναι
2983 4536 3160 4625 αυτοῖς
3212 4577 3336 4635 κρι-

120 4629 228 4694 τὰς.

212 4833 394 4891 "los.
427 4853 505 4895 ιι.
585 4841 631 4875 ⁸⁸
651 4841 767 4901 los.
799 4860 922 4902 xm.
999 4846 1044 4880 ”
1063 4846 1192 4901 Iud.
1229 4863 1266 4902 ι.
1344 4847 1388 4881 ⁸ο
1407 4845 1523 4902 los.
1559 4866 1708 4906 xxw.

1787 4851 1830 4882 “
1861 4849 1992 4906 Iud.
2021 4865 2101 4906 In.
