4042 6338
733 371 840 429 795

2060 366 2306 425 LEONIS
2338 369 2609 426 ALLA'I'II

739 534 3897 569 Μ

1676 682 2237 811 LEONIS

2326 680 2971 811 ALLATI-I

2284 933 2351 977 IN

933 1048 1707 1206 EUSTATHII
1786 1083 2668 1200 ANTIOCHENI
2748 1085 3717 1208 HEXAEMERON

1544 1322 1793 1388 NOT£
1846 1319 2311 1387 UBERIORES
2336 1320 2452 1381 ET
2476 1322 3097 1392 σοιιιῖσΤΑΝΕΑ.

787 1567 905 1622 Col.
928 1564 1051 1628 707,
1082 1566 1136 1617 in
1175 1563 1419 1632 inscript.
1471 1562 1824 1621 Εὑσταθιου.
1878 1559 1954 1615 De
1987 1559 2268 1614 Eustathio

719 1657 1081 1718 Antiooheno,
1101 1662 1153 1709 et
1174 1655 1290 1722 ejus
1321 1653 1723 1722 scriptis.plura
1745 1653 1797 1704 in
1823 1651 2133 1721 praefatione
2156 1667 2272 1705 mea

720 1748 786 1802 ad
822 1750 1100 1803 lectorem.
1136 1745 1235 1799 Hic
1261 1746 1366 1798 duo
1392 1751 1622 1805 tantum,
1660 1759 1777 1812 qua:
1810 1743 1879 1796 ibi
1915 1743 2163 1797 consulto
2195 1743 2273 1796 si-

720 1839 889 1893 lentio
924 1836 1239 1907 pratermisi
1292 1836 1569 1888 tractanda
1638 1834 1893 1902 suscipio.
1932 1833 1994 1885 Et
2041 1835 2272 1904 primum

718 1930 823 1985 erit
870 1928 1163 1982 discrimen
1211 1926 1348 1979 inter
1388 1924 1531 1977 hunc
1558 1932 1801 1977 nostrum
1828 1923 2188 1989 Eustathium,
2219 1932 2275 1977 et

720 2022 882 2075 alium
922 2018 1283 2082 Eustathium,
1325 2018 1415 2085 qui
1468 2014 1651 2068 Basilii
1698 2014 1870 2084 Magni
1911 2014 2269 2069 Hexaemeron

719 2114 775 2167 in
811 2113 1051 2182 linguam
1078 2108 1321 2163 Latinam
1354 2108 1639 2163 c0uvertit.
1664 2105 1995 2169 Secundum,
2022 2107 2272 2160 ostende-

718 2219 839 2259 mus
893 2210 1167 2256 auctorem
1220 2202 1363 2254 hunc
1392 2209 1661 2262 nostrum,
1683 2199 1931 2267 quisquis
1971 2198 2059 2250 ille
2092 2197 2269 2259 fuerit.

724 2295 896 2349 fuisse
944 2292 1384 2362 antiquissimum
1439 2292 1540 2359 ipsi
1607 2289 1885 2344 Eustatbio
1939 2288 2274 2341 Antioclieno

716 2399 976 2440 coaevum.
1007 2381 1071 2435 Et
1106 2397 1236 2437 sane
1272 2381 1398 2435 dum
1432 2382 1613 2434 animo
1640 2394 1702 2434 ea
1732 2395 1851 2449 qum
1882 2380 1934 2432 in
1968 2379 2069 2431 hoc
2095 2379 2275 2431 libello

715 2477 1086 2535 continentur,
1122 2473 1401 2540 agitarem,
1437 2470 1843 2539 inveniremque
1872 2469 2055 2523 Basilii
2095 2467 2272 2538 Magni

716 2566 1024 2627 sententiis,
1060 2565 1344 2633 verbisque
1390 2579 1552 2632 super
1579 2563 1766 2617 eadem
1802 2562 2027 2615 materia
2063 2561 2274 2615 similli-

719 2677 807 2715 ma
852 2677 973 2731 quae
1022 2661 1110 2713 hic
1156 2658 1583 2718 -habentur,'diu
1622 2672 1707 2709 me
1737 2656 1895 2709 torsit
1921 2655 2190 2723 quomodo
2221 2654 2272 2707 id

719 2753 835 2808 ﬁeri
883 2753 1079 2822 potuit,
1117 2758 1175 2804 ut
1224 2750 1307 2803 vel
1353 2749 1585 2803 Basilius
1615 2748 1683 2801 ab
1719 2746 2024 2810 Eustathio,
2054 2746 2136 2798 vel
2168 2744 2274 2798 Eu-

719 2846 954 2902 stathius
992 2859 1021 2897 a
1052 2842 1272 2905 Basilio,
1308 2853 1534 2908 uterque
1560 2846 1612 2892 ct
1644 2842 1695 2890 in
1742 2837 1973 2890 dicendo
2012 2837 2275 2905 peritissi-

720 2951 863 3001 mus,
885 2949 986 2988 nec
1019 2934 1205 2987 aliena:
1230 2931 1553 2986 elocutionis
1586 2928 1829 2982 subsidio
1866 2928 2129 2997 indigens.
2156 2942 2275 2980 eas-

718 3027 841 3081 dem
901 3026 1230 3089 sententias,
1274 3032 1327 3078 et
1378 3023 1573 3086 verba,
1631 3023 1942 3091 luminaque
2009 3020 2273 3075 orationis

718 3116 883 3171 fuerit
915 3124 1208 3170 mutuatus.
1236 3114 1546 3184 Sigebertus
1572 3114 1663 3167 lib.
1700 3113 1776 3166 De
1809 3112 2105 3166 illustribus
2138 3113 2271 3165 scri-

717 3209 953 3277 ptoribus
990 3207 1364 3269 ecclesiaticis,
1389 3218 1509 3271 cap.
1535 3205 1624 3269 21,
1662 3205 1712 3257 in
1748 3204 1847 3258 hac
1876 3219 1933 3258 re
1963 3205 2132 3271 magis
2159 3202 2275 3255 ani-

718 3317 863 3354 mum
912 3300 1135 3353 dubium
1191 3298 1440 3355 faciebat,
1471 3298 1599 3351 dum
1635 3298 1917 3359 scriberet,
1958 3295 2271 3349 Eustathius

720 3392 993 3445 transtulit
1026 3391 1090 3444 de
1117 3389 1295 3443 Cra-co
1319 3392 1370 3441 in
1400 3387 1645 3440 Latinum
1683 3386 2051 3441 Hexaemeron
2079 3386 2274 3440 Basilii

716 3484 1082 3537 Cn'sariensis.
1106 3482 1316 3547 Quibus
1348 3478 1677 3534 Possevinus
1700 3476 1753 3529 in
1773 3474 2049 3542 Apparatu
2066 3478 2267 3533 lueret:

716 3572 866 3637 Quod
913 3588 1031 3624 vero
1081 3570 1374 3638 Sigebertus
1422 3569 1588 3637 inquit
1661 3584 1714 3619 in
1756 3564 2031 3636 Catatogo,
2076 3566 2272 3619 Eusta-

717 3665 881 3716 thium
914 3665 969 3715 in
1008 3661 1254 3714 Latinum
1297 3660 1632 3713 transtulisse
1674 3658 2043 3712 Hexaemeron
2081 3659 2270 3711 Basilii

716 3752 1077 3813 Cesariensis,
1114 3751 1286 3803 nescio
1320 3748 1383 3800 de
1430 3764 1651 3816 quonam
1688 3749 1847 3799 dicat.
1886 3746 2269 3801 Existimabam

717 3838 1055 3913 Sigebertum
1074 3844 1549 3903 hallucinatum,ct
1572 3839 1908 3893 Eustathium
1930 3839 2105 3907 potius
2122 3852 2270 3891 com-

717 3934 1019 4002 pilatorem,
1039 3934 1150 3986 sive
1167 3932 1569 4000 epitomatorem
1590 3929 1772 3997 operis
1796 3928 2049 3981 Basiliani
2079 3928 2267 3989 fuisse,

714 4039 823 4077 non
853 4024 1220 4092 interpretem.
1246 4022 1442 4075 Verum
1477 4036 1506 4073 a
1540 4020 1807 4074 sententia
1835 4018 2111 4073 detorsere
2136 4019 2269 4071 Cas—

715 4114 969 4170 siodorus
1016 4116 1110 4168 lib.
1162 4114 1234 4168 De
1282 4114 1609 4167 institutione
1638 4112 1933 4165 divinarum
1964 4109 2268 4177 Seriptura-

714 4221 875 4258 rum:
908 4204 1179 4266 Geneseos,
1232 4205 1429 4273 inquit,
1482 4203 1737 4271 principia
1768 4212 1979 4255 sanctus
2030 4200 2266 4253 Basilius

713 4294 888 4345 Attico
917 4310 1147 4346 sermone
1183 4293 1450 4352 lucidavit,
1481 4307 1629 4359 quem
1668 4289 1977 4344 Eustathius
1999 4292 2076 4343 uir
2097 4290 2261 4343 diser-

714 4382 945 4435 tissimus
985 4384 1061 4433 ita
1104 4382 1367 4434 transtulit
1400 4383 1452 4434 in
1482 4380 1746 4445 Latinum,
1781 4392 1836 4433 ut
1872 4382 2131 4450 ingenium
2170 4381 2267 4433 do-

711 4473 934 4524 ctissimi
960 4474 1069 4524 viri
1089 4472 1348 4539 facundiae
1369 4488 1478 4525 sua:
1501 4472 1691 4524 viribus
1720 4473 2068 4539 cequiparasse
2087 4472 2263 4523 vidva-

712 4571 800 4615 tur
823 4580 840 4615 :
866 4564 954 4630 qui
982 4579 1141 4631 usque
1163 4563 1229 4615 ad
1258 4563 1485 4615 hominis
1519 4562 1864 4614 conditionem
1894 4579 2069 4615 novem
2103 4562 2263 4615 libros

712 4654 926 4707 tetendit
954 4670 972 4716 ,'
1016 4662 1068 4707 et
1095 4652 1329 4708 Junilius
1375 4656 1663 4725 episcopus
1690 4654 2001 4717 Africanus,
2029 4656 2141 4707 sive
2169 4669 2265 4722 po-

711 4747 821 4800 tius
876 4744 1042 4809 Beda,
1087 4760 1212 4799 nam
1254 4744 1486 4799 Junilius
1531 4744 1655 4800 Afer
1682 4744 1964 4798 Eustathiu
1990 4746 2264 4813 antiquior

711 4834 882 4891 fuisse
907 4837 1225 4906 quibusdam
1258 4838 1406 4891 visus
1434 4845 1539 4901 est,
1572 4839 1623 4891 in
1649 4836 1959 4905 praefatione
1988 4835 2261 4891 Commen-

710 4928 837 4979 tarti
887 4928 941 4979 in
988 4924 1579 4995 Genes.:Deprincipio
1627 4929 1747 4981 libri
1791 4928 2022 4989 Genesis,
2072 4929 2126 4979 in
2160 4944 2261 4995 quo

710 5018 890 5071 mundi
917 5018 1069 5085 hujus
1102 5021 1296 5073 creatio
1325 5021 1583 5087 deseripta
1614 5031 1710 5081 est,
1742 5022 1893 5073 multi
1923 5021 2087 5073 multa
2113 5020 2261 5073 dixe-

708 5117 849 5167 re,et
869 5110 1031 5160 multa
1052 5112 1270 5175 posteris
1294 5112 1483 5180 ingenii
1512 5113 1593 5165 sui
1624 5122 1955 5165 monumenta
1987 5114 2255 5182 reliquere.

710 5196 812 5251 Sed
843 5200 1120 5265 prazcipue,
1164 5211 1414 5270 quantum
1466 5214 1644 5255 nostra
1690 5204 2097 5271 pusillanimitas
2147 5202 2259 5257 edi-

703 5304 845 5342 scere
882 5291 1070 5355 potuit,
1114 5290 1345 5345 Basilius
1372 5292 1733 5359 Cmariensis,
1772 5312 1920 5363 quem
1952 5294 2256 5349 Eustathius

704 5380 960 5447 interpres
1006 5379 1069 5433 de
1104 5380 1283 5435 Graeco
1323 5384 1444 5450 fecit
1472 5401 1579 5438 esse
1610 5384 1877 5438 Latinum.
1916 5384 2255 5439 Manifestum

704 5471 887 5540 itaque
936 5472 1278 5528 Eustatliium
1320 5476 1485 5541 hunc,
1519 5478 1611 5547 qui
1662 5478 1716 5531 in
1761 5479 2017 5531 vertendo
2055 5477 2255 5530 Basilio

704 5561 943 5616 laborem
975 5564 1282 5634 insumpsit,
1302 5567 1463 5619 alium
1494 5583 1613 5622 esse
1639 5568 1707 5621 ab
1730 5567 2010 5621 Eustathio
2032 5569 2135 5621 hoc
2158 5584 2254 5621 no-

704 5663 837 5711 stro,
870 5667 992 5705 cum
1019 5661 1072 5707 et
1104 5656 1247 5709 illius
1278 5658 1522 5711 versibus
1554 5659 1693 5712 edita
1735 5660 1823 5720 sit,
1848 5667 1901 5711 et
1941 5659 2163 5725 ipsemet
2198 5658 2249 5711 in

702 5741 1019 5813 praefatione
1060 5759 1171 5801 suae
1223 5748 1484 5803 versiouis
1515 5762 1737 5819 scopum
1783 5764 1960 5813 suum,
1990 5758 2041 5805 et
2077 5749 2251 5805 inten-

2298 1566 2343 1621 Α
2371 1564 2570 1617 tionem
2623 1572 2875 1634 exponat,
2913 1566 3004 1620 ubi
3057 1568 3197 1623 hanc
3241 1582 3425 1624 curam
3483 1568 3590 1626 sibi
3626 1568 3792 1625 fuisse
3822 1567 3899 1624 de-

2373 1652 2677 1705 mandatam
2732 1655 2947 1716 asserit,
2985 1664 3041 1708 ut
3087 1673 3224 1728 opus
3278 1659 3487 1714 scilicet
3526 1640 3707 1715 sancti
3738 1658 3899 1713 Basilii

2372 1744 2610 1811 episcopi
2659 1742 2846 1799 Graeco
2888 1761 3135 1803 sermone
3163 1752 3528 1819 conscriptum
3563 1752 3902 1821 moqu

2373 1832 2565 1902 lingure
2598 1833 2819 1890 Latialis
2854 1837 3136 1902 insereret,
3169 1854 3199 1893 a
3232 1839 3535 1911 Syucletlca
3585 1840 3897 1901 diaconissa.

2371 1927 2455 1979 cui
2482 1934 2535 1979 et
2565 1929 2763 1997 paruit,
2792 1936 2846 1983 et
2876 1945 3093 1998 operam
3122 1946 3273 1984 suam
3299 1928 3526 1988 fideliter
3550 1933 3814 1987 exhibuit.

2440 2020 2667 2086 Quidam
2698 2022 3209 2093 allirmarunthujus
3234 2023 3552 2096 Syncleticaa
3576 2024 3902 2079 diaconissa.

2371 2109 2438 2163 ad
2478 2126 2639 2179 quam
2685 2109 3004 2169 Eustathius
3033 2130 3190 2169 suum
3218 2130 3354 2184 opus
3383 2113 3585 2184 dirigit.
3610 2113 3904 2167 meminisse

2373 2198 2674 2265 Sedulium,
2718 2203 3013 2274 multisque
3054 2220 3172 2259 eam
3202 2213 3542 2274 prosecutum
3587 2204 3906 2259 laudibusln

2372 2292 2685 2362 praefatione
2728 2297 2908 2364 operis
2961 2294 3257 2351 Paschalis.
3303 2295 3433 2362 Qua:
3484 2295 3529 2350 si
3588 2288 3723 2350 vera
3776 2301 3904 2353 sunt.

2373 2382 2711 2441 Eustatliiuzn
2754 2387 3099 2456 interpretem
3149 2384 3366 2440 Sedulio
3395 2401 3631 2441 coierunt
3679 2393 3905 2454 tempore

2372 2479 2660 2535 Theodosii
2691 2478 2939 2533 ﬂoruisse
2982 2476 3293 2533 necessario
3320 2476 3587 2531 fatendum
3609 2484 3717 2539 est,
3751 2474 3905 2529 ωιιὶο

2374 2588 2567 2641 meque
2623 2587 2717 2627 eos
2769 2572 2947 2641 decipi
2997 2571 3091 2641 qui
3144 2570 3405 2625 Junilium
3447 2585 3511 2624 eo
3559 2569 3905 2639 antiquiora!

2372 2666 2727 2726 constituunt,
2776 2678 2899 2716 cum
2945 2660 3135 2716 Junilii
3193 2668 3248 2716 et
3304 2659 3505 2715 Sedulii
3537 2667 3907 2729 temporum

2373 2753 2598 2804 multum
2631 2752 2855 2805 distent.

2446 2841 2550 2895 Sed
2594 2844 2661 2895 de
2699 2840 3034 2895 Antiocheno
3061 2846 3281 2893 auctore
3306 2837 3467 2906 hujus
3497 2842 3787 2899 tractatus,
3814 2850 3907 2905 quo

2376 2936 2580 2989 scilicet
2628 2942 2867 3003 tempore
2896 2934 3110 2995 vixerit,
3144 2945 3444 2986 sermonem
3471 2930 3780 2990 instituere,
3800 2941 3909 2981 cum

2374 3032 2709 3095 compertum
2740 3026 2812 3080 sit
2836 3026 2889 3078 in
2919 3024 3169 3088 historia,
3203 3036 3379 3092 opera:
3408 3022 3639 3091 pretium
3679 3032 3796 3073 non
3818 3024 3906 3072 est.

2372 3119 2757 3189 Argumentum
2785 3124 2965 3171 tamen
2995 3114 3453 3172 evidentissimum
3488 3112 3630 3166 illius
3658 3111 3838 3166 atatis
3866 3109 3910 3161 in

2372 3209 2475 3262 hoc
2507 3210 2626 3276 ipso
2649 3220 2809 3275 opere
2841 3204 3102 3258 habemus
3132 3217 3250 3273 pag.
3279 3202 3368 3263 85.
3397 3200 3510 3265 ubi,
3545 3214 3668 3254 cum
3715 3196 3787 3252 de
3821 3194 3911 3250 ﬁne

2371 3306 2425 3354 et
2468 3297 2934 3351 consummatione
2963 3295 3125 3363 hujus
3166 3292 3351 3346 mundi
3388 3291 3814 3359 disputationem
3844 3290 3911 3339 in-

2370 3392 2654 3454 stituisset,
2680 3404 2837 3459 quem
2868 3397 3076 3443 tantum
3110 3386 3175 3439 ad
3207 3400 3468 3440 annorum
3490 3399 3593 3439 sex
3620 3384 3795 3436 millia
3824 3381 3911 3435 dn-

2370 3490 2614 3536 raturum
2655 3479 3030 3540 contendebat,
3062 3488 3113 3532 et
3146 3485 3451 3530 accuratam
3482 3487 3748 3528 annorum
3790 3486 3911 3527 enu-

2371 3570 2720 3624 merationem
2744 3575 3182 3639 prosequeretur,
3216 3572 3274 3619 ut
3302 3567 3394 3634 qui
3420 3562 3775 3634 prasterierat,
3793 3558 3910 3629 quid

2371 3660 2545 3714 adhuc
2566 3659 2801 3713 futurum
2828 3666 3008 3728 posset
3022 3657 3319 3726 exspectari
3345 3650 3538 3725 legenti
3563 3652 3907 3722 signiﬁcaret,

2370 3766 2527 3805 suum
2558 3757 2865 3817 computum
2889 3748 2953 3802 ad
2992 3748 3325 3801 tricesimum
3354 3761 3550 3799 annum
3576 3742 3910 3801 Constantini

2371 3842 2498 3910 imp.
2526 3841 2836 3909 perductum
2868 3838 3002 3900 ﬁnit,
3028 3840 3163 3892 alios
3190 3853 3364 3893 annos
3382 3837 3815 3907 praetermittens.
3843 3834 3911 3887 Si—

2367 3947 2529 3998 gnum
2550 3946 2677 3999 ergo
2700 3930 2826 3983 dum
2848 3929 2962 3982 haec
2978 3929 3066 3982 hic
3088 3938 3277 3982 auctor
3304 3930 3584 3991 scriberet,
3600 3941 3777 3982 annos
3798 3938 3910 3980 tan-

2368 4029 2479 4074 tum
2500 4030 2807 4075 numeratos
2831 4036 2927 4073 nec
2947 4020 3127 4087 plures
3152 4019 3315 4073 fuisse
3327 4021 3562 4089 elapsos,
3577 4033 3711 4088 quos
3728 4018 3911 4086 utique

2367 4129 2473 4166 non
2507 4113 2803 4177 tacuisset;
2836 4110 2889 4165 id
2920 4110 3062 4165 enim
3092 4118 3209 4165 erat
3235 4111 3380 4164 illius
3410 4112 3738 4165 institutum.
3764 4104 3909 4173 Quod

2293 4218 2335 4275 ο
2370 4206 2497 4259 mihi
2530 4207 2663 4260 satis
2694 4218 2962 4274 superque
2988 4214 3090 4266 est,
3120 4204 3165 4257 si
3195 4204 3404 4257 vivente
3423 4199 3779 4257 Constantino
3804 4199 3907 4253 hac

2365 4298 2759 4361 scribebantur,
2794 4297 3042 4367 quamvis
3098 4304 3289 4350 auctor
3340 4294 3436 4348 diu
3480 4295 3644 4347 vitam
3691 4292 3905 4347 trabem

2364 4396 2576 4457 tempus
2602 4388 2729 4441 illud
2758 4388 3071 4441 excesserit.

2432 4480 2567 4533 Ibid.
2598 4483 2700 4545 Εἰς
2723 4479 2833 4547 τὴν
2849 4478 3223 4548 Έξαήμερογ.
3243 4474 3611 4533 Hexaemeron
3632 4473 3806 4529 Grani
3822 4486 3899 4526 vo-

2362 4582 2576 4637 carunt,
2624 4574 2859 4642 spatium
2904 4572 3035 4625 illud
3084 4587 3178 4625 sex
3226 4568 3460 4634 dierum,
3522 4583 3634 4637 quo
3679 4564 3903 4635 mundus

2362 4664 2610 4719 conditus
2668 4675 2722 4719 et
2777 4664 3071 4717 fabricatus
3122 4661 3257 4726 fuit;
3287 4675 3396 4713 non
3462 4659 3607 4732 quod
3658 4656 3904 4726 temporis

2362 4756 2535 4824 spatio
2561 4770 2697 4824 opus
2729 4755 2975 4809 habuerit
2998 4752 3266 4814 conditor,
3288 4750 3429 4806 Deus
3452 4751 3595 4807 enim
3620 4764 3729 4805 non
3750 4750 3899 4818 juastl

2361 4855 2589 4908 tantum.
2622 4847 2715 4901 sed
2742 4854 2794 4900 et
2820 4846 3057 4917 cogitatu
3078 4855 3352 4913 operatur,
3373 4842 3465 4899 sed
3497 4843 3751 4911 quoniam
3773 4853 3902 4909 opus

2359 4946 2475 4991 erat
2505 4954 2593 4992 res
2634 4938 2807 4992 creari
2851 4936 3082 5006 quodam
3107 4935 3297 4990 ordine
3327 4953 3342 4989 :
3376 4934 3553 4989 ordini
3594 4943 3769 4991 autem
3809 4944 3901 4985 nu-

2358 5044 2541 5084 merus
2568 5039 2651 5083 est
2677 5028 2945 5099 proprius.
2977 5026 3132 5081 Philo
3160 5026 3396 5088 Judaeus,
3438 5025 3514 5080 De
3552 5024 3733 5079 mundi
3755 5021 3901 5093 opiﬁ-

2358 5121 2437 5171 cio
2456 5135 2473 5169 :
2492 5120 2587 5183 Ἒξ
2606 5120 2648 5171 δ’
2671 5104 2901 5190 ήμέραξις
2931 5117 3386 5189 δημιουργηθῆναι
3410 5134 3541 5186 φησι
3567 5115 3657 5168 τὸν
3687 5114 3897 5183 κόσμον,

2356 5210 2453 5263 οὐκ
2482 5210 2665 5279 ἐπειδὴ
2701 5209 3003 5281 προσεδεῖτο
3044 5208 3247 5278 χρόνων
3288 5209 3493 5278 μήκους
3519 5207 3547 5257 ὁ
3580 5205 3766 5267 ποιῶν,
3793 5204 3898 5272 ἅμα

2357 5301 2463 5371 γὰρ
2493 5301 2620 5370 δρᾷν
2653 5302 2797 5364 εἰκὸς
2839 5300 2989 5362 Θεὸν,
3029 5302 3088 5353 οὐ
3135 5300 3531 5371 προστάττοντα
3565 5300 3742 5369 μύων,
3773 5295 3897 5351 am

2354 5391 2447 5442 καὶ
2486 5390 2875 5460 διανοούμενον,
2908 5390 3021 5444 ἀλλ’
3068 5390 3252 5461 ἐπειδὴ
3301 5393 3413 5451 τοῖς
3455 5390 3758 5459 γενομένοις
3799 5387 3897 5441 εδει

2353 5482 2573 5546 τάξεως,
2609 5481 2755 5543 τάξει
2796 5480 2851 5532 δὲ
2881 5480 3107 5551 ἀριθμὸς
3136 5482 3365 5542 οἰκεῖον,
3407 5488 3462 5534 et
3500 5480 3769 5535 senarium
3797 5491 3891 5531 nu-

2357 5586 2563 5624 merum
2616 5571 2756 5624 inter
2798 5572 2934 5625 alios
2978 5572 3092 5640 lege
3142 5580 3351 5626 naturae
3404 5586 3527 5626 esse
3571 5565 3893 5640 generationl

2358 5662 2695 5729 aptissimum
2726 5662 2911 5717 multis
2940 5663 3168 5731 explicat
3212 5664 3429 5717 ibidem.
3462 5662 3892 5725 Quotiescunque

2356 5749 2518 5819 igitur
2543 5749 2810 5819 quispiam
2842 5750 2908 5805 ad
2933 5751 3237 5806 enarranda
3267 5752 3355 5805 illa
3382 5765 3500 5821 qua
3526 5749 3585 5809 in
3608 5748 3700 5803 illo
3728 5748 3892 5819 spatio

2306 2892 2348 2947 Β
