4042 6338
130 437 266 492 ’797

1153 437 1221 492 ΙΝ
1257 435 1627 494 EUSTATHII
1676 434 2146 493 HEXAEMEBON
2184 435 2413 494 NOTIE.

3370 284 3405 324 Α

3287 439 3391 496 798

131 555 382 608 fuerunt
407 551 590 606 divina
613 552 867 608 facultate
894 555 1173 623 producta,
1202 555 1443 612 studium
1471 553 1720 610 confere-

1836 555 2032 624 (ρόνοις
2074 555 2321 625 ἀκμάσαι
2368 553 2507 610 κατά
2535 555 2740 623 Ἴναχον
2780 555 3285 627 εἰρήκασιν-ἀνδρες
3329 559 3389 610 ὲν

128 640 270 706 bat,
320 648 375 697 in
432 644 791 698 Hexaemeron
847 647 1085 701 scribere
1127 647 1434 706 dicebatur.
1484 661 1716 716 quorum

129 748 376 788 summa
426 743 543 790 toto
593 737 767 804 primo
821 734 1094 793 Geneseos
1127 737 1308 807 capite
1351 737 1715 800 concluditur,

128 823 324 890 cujus
353 840 416 879 ea
447 823 546 878 fuit
575 826 715 894 apud
749 842 935 882 omnes
991 826 1304 888 diﬁicultas.
1337 837 1396 882 ut
1433 828 1586 883 multi
1625 842 1720 898 ag-

130 917 340 983 gressi
381 915 490 968 sint
536 915 666 969 illud
710 932 866 976 onus,
891 918 1073 972 nullus
1102 925 1284 970 tamen
1326 933 1422 985 pro
1461 917 1724 988 dignitate

132 1005 536 1073 compleverit,
563 1005 696 1060 adeo
719 1007 898 1060 omnia
936 1015 1063 1062 sunt
1078 1005 1459 1059 difﬁcultatum
1481 1005 1724 1060 tenebris

131 1093 442 1148 obvoluta.
473 1093 799 1166 TheOphilus
826 1096 1197 1150 Antiochenus
1231 1096 1324 1150 lib.
1360 1112 1420 1158 η,
1457 1095 1524 1148 ad
1558 1098 1726 1148 Auto-

136 1184 341 1252 lycsmt
370 1201 389 1238 :
416 1185 524 1256 Τῆς
576 1185 673 1256 μιν
711 1181 806 1240 οὖν
834 1183 1200 1254 Ἐξαημέρου
1230 1185 1402 1249 οὐδεὶς
1428 1185 1726 1257 ἀνθρώπων

132 1272 388 1339 δυνατὸς
410 1278 545 1329 κατά
574 1277 729 1340 ἀξίαν
757 1276 856 1347 τὴν
885 1275 1146 1348 ἐξήγησιν
1175 1277 1266 1328 καὶ
1291 1277 1389 1347 τὴν
1419 1279 1726 1348 οἰκονομίαν

135 1365 348 1417 πᾶσαν
379 1366 624 1430 ἐξειπεῖν,
654 1367 774 1419 οὐδὲ
797 1369 846 1420 εἰ
870 1367 1037 1438 μυρία
1066 1365 1307 1435 στόματα
1335 1367 1465 1435 ἔχοι,
1502 1367 1595 1420 καὶ
1630 1384 1728 1437 μυ-

140 1455 288 1526 ρίας
338 1457 600 1524 γλώσσας.
632 1458 744 1512 ἀλλ’
772 1458 891 1510 οὐδὲ
920 1460 965 1510 εἰ
999 1457 1208 1528 μυρίοις
1239 1457 1381 1510 ἔτεσι
1413 1456 1596 1527 βιώσοι
1644 1473 1727 1519 τις

137 1545 444 1616 ὶπιδημῶν
494 1549 553 1600 ὲν
588 1547 720 1618 τῷδε
752 1549 831 1617 τῷ
870 1547 987 1618 βίῳ,
1018 1549 1136 1600 οὐδὲ
1167 1548 1335 1610 οὕτως
1366 1548 1516 1600 ἔσται
1550 1547 1729 1610 ἱκανὸς

137 1636 298 1706 πρὸς
324 1637 495 1690 ταῦτα
528 1637 691 1702 ἀξίως
713 1656 765 1690 τι
791 1643 984 1702 εἰπεῖν,
1007 1640 1093 1691 διά
1119 1639 1182 1692 τὸ
1215 1641 1548 1709 ὑπερϐάλλον
1579 1639 1731 1709 μέγεο

139 1725 246 1789 θος
281 1727 376 1779 καὶ
407 1728 499 1780 τὸν
550 1728 776 1781 πλοῦτον
807 1729 905 1799 τῆς
930 1729 1118 1797 σοφίας
1147 1729 1240 1781 τοῦ
1264 1728 1418 1793 Θεοῦ,
1447 1730 1544 1798 τῆς
1568 1728 1731 1798 οΰσης

139 1818 208 1870 ὲν
245 1819 424 1889 ταύτῃ
456 1822 522 1889 τῇ
549 1823 1011 1894 προγεγραμμένῃ
1050 1822 1398 1892 Ἐξαημέρῳ·
1425 1822 1608 1874 πολλοί
1636 1822 1732 1892 μὲν

141 1905 251 1961 οὖν
277 1909 388 1962 τῶν
418 1891 773 1982 συγγραφέων
806 1891 1160 1983 ἐμιμήσαντο,
1189 1891 1279 1966 καὶ
1307 1912 1577 1984 ἠθέλησαν
1603 1891 1732 1982 περὶ
1767 1891 1804 1945 Β

143 1999 372 2052 τούτων
401 1999 647 2071 διήγησιν
689 2005 1034 2072 ποιήσασθαι,
1062 2006 1237 2057 καίτοι
1270 2004 1521 2068 λαϐόντες
1553 2003 1733 2057 ἐντεῦ-

149 2090 255 2142 θεν
287 2091 387 2154 τάς
421 2093 688 2164 ἀφορμὰς,
714 2096 831 2164 ῆτοι
864 2098 992 2167 περὶ
1020 2097 1222 2166 κόσμου
1263 2097 1512 2159 κτίσεως,
1538 2096 1572 2166 ἢ
1610 2095 1736 2164 περὶ

151 2179 383 2248 φύσεως
415 2181 716 2253 ἀνθρώπου,
747 2185 838 2235 καὶ
864 2184 979 2236 οὐδὲ
1005 2183 1066 2236 τὸ
1093 2185 1255 2253 τυχὸν
1296 2184 1542 2256 Εναυσμα
1590 2185 1738 2250 ἄξιόν

149 2286 210 2322 τι
240 2269 347 2338 τῆς
389 2270 640 2339 ἀληθείας
677 2269 904 2335 ἐξεῖπον.
938 2273 1172 2342 Ideoque
1221 2271 1426 2328 Judaais
1465 2274 1737 2343 prohibita

152 2361 289 2428 ejus
343 2362 500 2416 lectio
553 2371 679 2416 ante
724 2364 1056 2418 tricesimum
1108 2380 1335 2419 annum.
1376 2366 1739 2436 Hieronymus

153 2448 386 2521 Prolog.
440 2453 493 2505 in
546 2452 899 2516 Ezechielem,
938 2463 992 2509 et
1038 2453 1350 2510 Ludovicus
1406 2455 1606 2511 Fidelis
1662 2456 1740 2510 De

155 2549 438 2594 structura
464 2543 664 2606 mundi,
692 2545 745 2597 in
777 2545 1016 2614 prologo,
1043 2545 1097 2597 in
1120 2559 1229 2614 quo
1258 2553 1312 2598 et
1343 2544 1736 2607 diﬂicultatem,

157 2636 218 2682 et.
251 2628 419 2696 hujus
451 2631 644 2700 capitis
670 2633 924 2702 ambages
955 2637 1025 2687 ita
1053 2634 1324 2704 expressit
1357 2649 1372 2686 :
1403 2634 1551 2686 Hanc
1574 2633 1740 2687 divini

166 2723 316 2773 catis
369 2719 626 2785 Genesim,
693 2739 784 2778 seu
839 2725 1052 2794 hujusce
1097 2725 1422 2796 prwgrandis
1461 2724 1741 2778 mundanae

162 2811 338 2865 motis
399 2827 491 2866 sea:
531 2813 710 2867 diebus
759 2813 1073 2883 descriptam
1113 2826 1434 2869 structuram
1462 2815 1619 2870 veluti
1645 2817 1742 2870 sil.

163 2921 288 2958 vam
315 2905 597 2973 quamdam
620 2924 858 2976 opacam,
885 2909 1100 2963 densam
1147 2927 1208 2963 ac
1249 2910 1590 2973 tenebrosam,
1619 2911 1742 2964 lior-

167 2995 350 3050 ridam
381 3014 610 3060 accessu,
640 2999 903 3068 diﬁcilem
953 3001 1124 3064 aditu,
1166 3011 1216 3054 et
1251 3003 1424 3056 instar
1453 3002 1740 3072 labyrinthi

169 3085 486 3156 ambagibus
528 3088 755 3156 plenam,
781 3099 830 3144 et
874 3093 1036 3144 maris
1086 3093 1372 3146 vastissimi
1404 3093 1630 3160 scopulis
1655 3110 1738 3146 re-

1817 643 2099 698 παιδεύσει
2127 643 2416 712 γνώριμοι,
2470 642 2717 712 Κλήμης,
2756 643 3100 716 Ἀφρικανὸς,
3130 644 3387 708 Τατιανὺς

1817 733 1912 785 τοῦ
1948 732 2068 785 καθ’
2098 733 2246 802 ἡμᾶς
2267 731 2446 800 λόγου,
2482 729 2590 782 τῶν
2614 748 2672 782 τε
2705 732 2767 783 ὲκ
2789 732 3086 802 περιτομῆς
3101 732 3382 803 Ἰώσηπος,

1820 824 1914 876 καὶ
1952 823 2204 886 Ἰοῦστος,
2243 822 2385 884 ἰδίως
2417 819 2634 873 ’ἐκαστοι
2656 819 2748 890 τὴν
2770 821 3036 886 ἀπόδειξιν
3059 824 3123 874 ἐκ
3146 823 3385 886 παλαιᾶς

1822 914 2147 984 ὑποσχόντες
2195 914 2453 983 ἱστορίας.
2489 911 2694 980 Ἴναχον
2736 910 2790 962 δὲ
2814 911 2918 963 τῶν
2964 912 3203 980 Ἰλιακῶν
3237 913 3391 983 ἔστη-

1824 1023 1924 1060 σαν
1965 1005 2313 1068 ἑπτακοσίοις
2357 1001 2700 1074 πρεσϐεύειν.
2735 1000 2930 1054 llorum
2961 1005 3246 1057 verborum
3277 1007 3387 1072 pri-

1823 1112 1967 1150 mam
2008 1103 2216 1166 partem
2243 1094 2426 1149 omisit
2469 1092 2805 1153 Eustathius,
2831 1093 3116 1147 secundam
3145 1095 3228 1148 sui
3273 1105 3390 1148 tra-

1825 1193 2007 1241 ctatus
2037 1185 2254 1238 initium
2287 1197 2410 1238 esse
2439 1182 2630 1242 voluit,
2657 1181 2884 1252 Κλήμης
2909 1181 3003 1250 μὲν
3034 1178 3144 1244 οὖν,
3173 1198 3279 1252 qua
3303 1181 3391 1238 vel

1825 1290 1934 1333 una
1984 1273 2271 1343 particula,
2316 1271 2418 1327 etsi
2470 1271 2742 1326 sententia
2799 1271 2855 1324 in
2912 1270 3134 1338 reliquis
3178 1274 3248 1326 sit
3284 1272 3390 1327 sibi

1825 1370 2087 1418 constans
2124 1373 2177 1417 ot
2208 1360 2633 1422 absolutissima,
2665 1359 2905 1414 libellum
2946 1358 3088 1413 hunc
3127 1363 3392 1432 principio

1827 1451 2081 1506 mutilum
2124 1465 2247 1505 esse
2266 1448 2537 1503 dictitant.
2573 1446 2670 1502 Est
2707 1448 2876 1510 enim,
2921 1446 3189 1517 inquiunt,
3231 1452 3393 1504 colle-

1828 1548 1968 1602 ctiva
2013 1552 2068 1600 et
2120 1543 2406 1598 rationalis
2430 1581 2445 1606 ,
2500 1543 2925 1611 necessarioque
2959 1543 3060 1594 alia
3092 1557 3394 1613 praesuppo-

1829 1638 2015 1700 nit,ex
2035 1635 2233 1706 quibus
2248 1631 2598 1687 dictumillud
2627 1633 2856 1687 infertur
2889 1649 2902 1685 :
2926 1633 3168 1701 adeoque
3200 1634 3304 1688 illis
3328 1634 3396 1687 ab

1833 1729 1920 1782 illa
1954 1726 2278 1797 principium
2308 1726 2568 1779 orationis
2596 1725 2795 1779 ducere
2823 1739 3034 1778 summa
3075 1726 3261 1794 religio
3292 1735 3392 1780 est.

1834 1817 2032 1872 Verum
2060 1817 2152 1887 qui
2178 1817 2470 1886 gratiarum
2495 1814 2794 1868 Atticarum
2826 1831 2932 1868 non
2959 1815 3207 1884 ignarus,
3235 1817 3396 1872 lasci-

1834 1911 2044 1962 vientes
2101 1909 2386 1962 verborum
2428 1905 2697 1970 modulos,
2745 1922 3023 1975 novosque
3068 1909 3121 1961 in
3155 1909 3397 1963 oratione

1834 2002 1978 2056 sales
2030 2013 2140 2054 non
2194 2000 2469 2059 abhorret,
2495 1997 2753 2051 fatebitur
2801 1996 2854 2051 id
2901 1998 3117 2066 quidem
3149 1999 3266 2054 sine
3290 2001 3395 2055 ulla

1834 2091 2277 2162 reprehensionis
2304 2100 2428 2144 nota
2461 2091 2572 2143 iicri
2597 2105 2774 2159 posse,
2792 2090 2951 2158 idque
2980 2093 3250 2146 sermonis
3276 2108 3398 2147 esse

1838 2181 2164 2252 principium
2189 2197 2296 2235 non
2339 2182 2762 2236 incommodum.
2795 2180 2899 2235 Nec
2931 2183 3124 2236 desunt
3146 2186 3395 2254 exempla

1837 2274 1979 2341 apud
2009 2273 2328 2338 Himerium,
2373 2272 2686 2344 Gregorium
2715 2273 3106 2327 Nazianzenum
3141 2282 3196 2328 et
3234 2276 3392 2330 alios.

1837 2363 2008 2419 Porro
2025 2364 2355 2420 Clementem
2379 2364 2613 2436 Cyrinus
2643 2366 3037 2420 Alexandrinus
3063 2365 3224 2437 ἄνδρα
3247 2367 3395 2419 ὲ).λὸ-

1835 2470 1995 2523 γιμον
2019 2454 2112 2509 καὶ
2139 2453 2457 2525 πολυῖστορα
2481 2464 2668 2522 vocat;
2699 2463 2753 2508 et
2779 2469 2964 2510 rursus
2996 2458 3160 2531 ἄνδρα
3188 2454 3396 2522 ἐλλόγι-

1839 2561 1959 2614 μον,
1993 2543 2085 2596 καὶ
2137 2544 2426 2615 φιλομαθῆ,
2463 2545 2552 2597 καὶ
2602 2547 3033 2617 ἀναγνωσμάτων
3075 2545 3395 2617 Ἑλληνικῶν

1837 2635 2436 2707 πολυπραγμονήσαντα
2467 2635 2625 2705 βάθος
2660 2637 2732 2699 ὡς
2770 2637 2934 2705 ὀλίγοι
2965 2639 3102 2706 τάχα
3144 2654 3240 2688 που
3290 2636 3398 2689 τῶν

1838 2728 1945 2798 πρὸ
1968 2726 2152 2780 αὑτοῦ.
2182 2725 2345 2781 Plura
2385 2726 2452 2781 de
2487 2727 2784 2792 Clemente,
2824 2737 2876 2782 et
2905 2729 3023 2798 ejus
3051 2729 3267 2798 scriptis
3293 2727 3400 2780 Ett-

1837 2819 2022 2874 sebius
2053 2817 2129 2872 De
2183 2819 2564 2886 pra’paratioue
2595 2819 2909 2888 evangelica,
2964 2820 3055 2873 lib.
3098 2833 3176 2883 ti;
3216 2816 3400 2871 Eccle-

1837 2911 1992 2964 siast.
2027 2910 2238 2973 histor.,
2269 2910 2364 2964 lib.
2416 2926 2499 2974 in,
2529 2925 2649 2980 cap.
2683 2911 2768 2975 Η,
2795 2920 2848 2965 et
2887 2912 2979 2966 lib.
3011 2927 3082 2973 v1,
3118 2928 3238 2980 cap.
3264 2913 3297 2966 5
3347 2921 3402 2965 et

1781 3059 1792 3070 η
1839 3015 1959 3071 cap.
1993 3001 2054 3057 ii
2077 3019 2092 3068 ;
2117 2999 2475 3072 Hieronymus
2520 3001 2572 3055 in
2601 3001 2854 3072 Catalogo
2885 3005 3066 3071 script.
3087 3003 3401 3066 ecclesiast.;

1839 3091 2200 3148 Cassiodorus
2242 3093 2334 3150 lib.
2387 3109 2405 3147 l
2467 3091 2652 3147 Divin.
2692 3094 3127 3158 institutionum;
3172 3093 3397 3164 Epipha-

169 3175 540 3242 fertissimam,
582 3196 780 3247 semper
815 3182 1072 3250 judicavi.
1105 3181 1334 3252 Ingeuue
1387 3184 1577 3251 fateor,
1613 3201 1740 3236 can—
1766 3227 1810 3286 ο
1843 3167 1981 3240 nius.
2016 3185 2206 3240 haeresi
2259 3185 2348 3251 52,
2410 3185 2608 3240 Contra
2657 3183 3035 3249 Secundianos,
3094 3185 3186 3256 qui
3243 3186 3404 3240 refert

177 3265 509 3286 Ju-.-,.,,
699 3270 1097 3286 .._...-
1456 3276 1466 3286 .
2002 3276 2015 3286 .
2174 3277 2219 3286 ..
2385 3277 2448 3286 ..
2673 3279 2702 3286 ..
2824 3278 2998 3286 ...

171 3265 303 3320 dide
353 3267 532 3330 lector,
569 3286 648 3323 me
692 3272 746 3322 in
786 3280 897 3324 tota
927 3270 1201 3339 Scriptura
1240 3290 1394 3327 sacra
1447 3276 1545 3326 hac
1589 3291 1742 3326 mun-

173 3356 336 3411 dana
378 3360 531 3412 "talis
578 3360 923 3429 descriptione
970 3364 1100 3416 nihil
1153 3366 1406 3418 invenisse
1456 3365 1740 3434 difﬁcilius,

175 3448 500 3514 abstrusius,
545 3462 698 3521 atque
747 3454 1022 3520 occultius,
1068 3457 1145 3510 ita
1175 3467 1233 3509 ut
1288 3458 1471 3510 mirari
1525 3474 1740 3520 cessem,

177 3543 471 3608 antiquitus
533 3555 655 3597 ante
715 3546 1034 3600 tricesimum
1081 3565 1278 3600 annum
1321 3547 1452 3602 hanc
1498 3547 1741 3602 Genesim

180 3629 348 3700 legere
404 3649 505 3684 non
563 3633 790 3690 licuisse.
821 3635 985 3704 Cujus
1041 3638 1330 3708 ingressum
1384 3639 1642 3699 tetricum,
1680 3655 1742 3691 ac

179 3721 594 3786 prosecutionem
646 3732 752 3775 tam
796 3725 1042 3786 arduam,
1086 3735 1160 3778 tot
1198 3725 1452 3795 lantisque
1484 3728 1739 3794 vepribus,

183 3812 474 3875 cuniculis,
505 3814 786 3870 marandris
819 3835 878 3869 ac
912 3817 1273 3886 diﬂicultatum
1305 3821 1499 3873 acervis
1539 3829 1744 3873 scaten-

181 3908 282 3953 tem
325 3903 516 3966 inveni,
545 3915 602 3957 ut
639 3922 742 3959 una
771 3924 872 3960 non
895 3907 1068 3970 modo,
1105 3920 1260 3978 atque
1285 3910 1455 3962 altera
1487 3912 1613 3972 vice,
1653 3909 1742 3963 sed

184 4001 261 4044 ter
281 3999 566 4060 quaterque
591 4009 622 4045 a
644 3995 851 4048 calamo
890 3996 1199 4060 destiterim,
1231 4000 1304 4051 rei
1340 4001 1527 4051 veritus
1559 4000 1744 4052 ardui-

185 4088 365 4142 tatem,
398 4091 446 4132 et
475 4084 847 4152 emergentibus
874 4085 1210 4154 uudcquaque
1238 4088 1451 4141 obrutus
1479 4090 1740 4158 ambigui-

185 4171 403 4224 tatibus.
435 4171 540 4226 Nec
575 4174 864 4240 immerito,
894 4191 1016 4229 cum
1046 4174 1232 4230 Jobius
1259 4180 1556 4233 monachus
1601 4181 1741 4248 apud

183 4255 436 4314 Photium
459 4263 512 4315 in
536 4262 856 4317 Bibliotheca
877 4264 1054 4318 tradat
1083 4280 1220 4334 opus
1249 4267 1352 4322 hoc
1387 4285 1479 4323 sex
1508 4269 1740 4332 dierum,

184 4355 383 4420 quibus
414 4356 596 4408 mundi
629 4359 832 4411 creatio
861 4356 1096 4427 perlecta
1123 4365 1226 4421 est,
1251 4359 1347 4414 sua
1373 4360 1744 4431 magnitudine

185 4457 245 4495 ac
291 4445 692 4514 pulchritudine
748 4433 1022 4502 Creatoris
1062 4463 1181 4504 esse
1234 4451 1540 4520 imaginem,
1580 4460 1634 4505 et
1673 4451 1740 4506 ad

1845 3276 2108 3346 quosdam
2161 3277 2605 3340 Alexandrinum,
2638 3279 2772 3332 alios
2808 3278 3191 3332 Atheniensem
3237 3279 3404 3332 fuisse

1842 3369 2167 3433 tradidisse;
2217 3369 2446 3426 Photius
2496 3371 2549 3424 in
2593 3370 2951 3433 Bibliotheca;
2981 3371 3316 3441 Nicephorus
3347 3374 3400 3425 in

1846 3459 1988 3514 Hist.
2021 3460 2114 3517 lib.
2135 3476 2208 3522 tv,
2235 3476 2354 3530 cap.
2379 3461 2467 3526 35,
2499 3469 2550 3514 et
2574 3461 2699 3525 alii;
2727 3459 2958 3532 Moysem
2989 3477 3114 3515 vero
3150 3461 3402 3516 omnibus

1841 3550 2062 3606 Graecia:
2092 3552 2425 3621 sapientibus
2456 3552 2814 3621 antiquiorem
2850 3559 2903 3607 et
2949 3550 3128 3606 lnacbi
3159 3567 3399 3606 coasvum

1844 3641 2012 3696 fuisse
2069 3641 2404 3696 demonstrat
2450 3642 2586 3696 libro
2650 3657 2869 3696 suorum
2916 3642 3308 3707 Stromatumt,
3341 3645 3398 3697 in

1840 3746 1950 3800 quo
1994 3740 2047 3785 et
2085 3731 2332 3786 Cassiani
2362 3731 2642 3798 cujusdam
2669 3733 3070 3803 Χρονογραφίας
3103 3732 3345 3786 meminit
3380 3750 3393 3784 :

1845 3837 2056 3876 necnon
2114 3829 2168 3876 et
2209 3822 2276 3876 de
2294 3821 2497 3876 Iudaeis
2521 3822 2887 3877 Aristobulum
2915 3822 3194 3892 quemdam
3225 3830 3276 3875 et
3304 3819 3400 3876 Deo

1843 3914 2119 3975 metrium,
2149 3920 2201 3966 et
2226 3911 2576 3982 Eupolemum
2600 3915 2894 3982 scriptores
2919 3912 3191 3965 adversus
3211 3922 3398 3981 gentes

1843 4003 2029 4068 refert,
2052 4003 2142 4072 qui
2183 4004 2237 4057 in
2277 4004 2680 4058 similitudinem
2705 4003 2928 4072 Josephi
2975 4003 3393 4072 Ἀρχαιογονίας,

1844 4092 2042 4164 Mnysis
2069 4091 2368 4147 etludaicze
2388 4093 2562 4162 gentis
2583 4093 2959 4162 antiquitatem
2984 4101 3392 4146 asseverarunt:

1844 4183 1891 4238 is
1918 4184 2058 4236 inter
2087 4191 2279 4236 caetera
2296 4182 2456 4236 habet
2475 4201 2487 4235 :
2509 4183 2707 4234 Ἀπίων
2732 4181 2906 4233 τοίνυν
2938 4182 2965 4232 ό
2997 4181 3391 4250 γραμματικὸς,

1840 4275 1872 4327 ό
1896 4273 2265 4343 πλειστονίκης
2293 4273 2602 4343 ἐπικληθεὶς
2641 4275 2698 4325 ὲν
2732 4274 2796 4342 τῇ
2839 4273 3065 4342 τετάρτῃ
3090 4272 3194 4325 τῶν
3221 4273 3396 4338 Αἰγυ-

1842 4364 2110 4425 πτιακῶν
2155 4365 2446 4434 ἱστοριῶν,
2503 4365 2676 4417 καίτοι
2735 4362 3209 4432 φιλαπεχθημένως
3266 4361 3399 4431 πρὸς

1853 4457 2133 4528 Ἑϐραίους
2177 4457 2532 4526 διακείμενος,
2564 4456 2658 4510 ἅτε
2709 4456 2998 4523 Αἰγύπτιος
3038 4454 3095 4506 τὸ
3127 4453 3295 4520 γένος,
3323 4454 3398 4516 ὡς

185 4537 426 4604 mysterii
445 4535 729 4594 Trinitatis
759 4541 1122 4609 cognitionem
1148 4543 1380 4596 maxime
1412 4542 1737 4609 conducere,

1848 4549 1940 4600 καὶ
1975 4548 2113 4627 κατά
2157 4547 2418 4600 Ἰουδαίων
2462 4547 2714 4611 συντάξαι
2749 4546 2965 4615 βιϐλίον,
3008 4544 3266 4612 Ἀμώσιος
3303 4543 3397 4595 τοῦ

182 4633 230 4676 et
266 4639 364 4694 per
401 4625 541 4680 hanc
585 4629 940 4695 materialem,
974 4639 1132 4699 atque
1160 4634 1514 4701 compositam
1551 4635 1738 4704 cogni-

186 4716 411 4781 tionem,
459 4722 723 4791 simplicis
762 4729 927 4792 atque
974 4726 1342 4796 incompositae
1373 4736 1580 4781 naturai
1607 4729 1739 4782 sub-

186 4805 505 4874 stantiaque
567 4811 812 4864 notitiam
870 4813 1143 4876 advenire,
1176 4817 1334 4884 idque
1382 4831 1551 4870 sacra:
1596 4814 1742 4870 Scri-

191 4904 362 4963 ptura:
395 4901 722 4957 testimoniis
744 4903 1047 4958 confirmat.
1086 4906 1234 4959 Multi
1273 4917 1450 4960 tamen
1481 4923 1586 4960 non
1621 4917 1743 4961 tan-

190 4994 302 5039 tum
347 5003 414 5040 ex
459 4992 858 5060 antiquioribus
878 4996 1210 5062 provinciam
1262 4996 1400 5052 hanc
1435 4999 1739 5066 subierunt,

189 5077 281 5134 sed
313 5094 377 5132 ex
418 5085 810 5140 recentioribus
834 5085 1105 5142 Viventius
1141 5088 1505 5144 Belluaeeusis
1529 5091 1744 5161 episco-

190 5182 289 5235 pus
311 5170 492 5222 omnia
520 5171 721 5242 ingenti
743 5176 1032 5241 volumine,
1053 5179 1272 5246 triginta
1298 5181 1508 5237 duobus
1532 5187 1742 5251 magnis

193 5258 343 5313 libris
387 5258 584 5326 diviso,
619 5266 722 5320 sub
773 5265 982 5335 Speculi
1027 5271 1287 5322 naturalis
1319 5272 1536 5328 nomine
1588 5288 1739 5328 com-

192 5349 382 5416 plexus
405 5359 507 5404 est.

254 5438 375 5496 Col.
420 5441 665 5506 708,|in.
702 5446 753 5499 ι.
804 5451 1054 5519 Κλήμης
1087 5453 1202 5521 μὲν
1228 5447 1359 5508 οὖν.
1390 5453 1656 5510 Eusebius
1689 5457 1743 5509 in

193 5526 469 5593 Chronico,
487 5534 720 5588 Μωῦσέα
743 5539 896 5604 γένος
911 5543 1156 5611 Ἐϐραίον
1181 5547 1468 5615 προφητῶν
1491 5547 1743 5599 ἁπάντων

194 5620 401 5694 πρῶτον
434 5622 575 5692 ἀμφὶ
599 5625 693 5677 τοῦ
725 5628 973 5700 Σωτῆρος
1003 5634 1177 5701 ἡμῶν,
1215 5634 1356 5704 λέγω
1387 5635 1442 5687 δὲ
1474 5635 1566 5687 τοῦ
1609 5636 1742 5703 Χρι-

195 5710 336 5771 στοῦ,
368 5713 508 5783 ἀμφί
558 5731 616 5766 τε
672 5719 770 5787 τῆς
797 5718 903 5771 τῶν
942 5722 1108 5774 ἐθνῶν
1139 5724 1205 5776 δι’
1237 5725 1396 5777 αὑτὸν
1422 5724 1744 5792 θεογνωσίας

195 5805 464 5874 χρησμοὺς
498 5806 588 5860 καὶ
614 5806 766 5876 λόγια
798 5809 916 5882 θείᾳ
952 5813 1132 5886 Γραφῇ
1172 5817 1600 5888 παραδεδωκότα,
1633 5818 1742 5877 τοῖς

1839 4639 2148 4706 Αἰγυπτίων
2177 4637 2435 4707 βασιλέως
2460 4637 2822 4708 μεμνημένος,
2845 4638 2935 4688 καὶ
2963 4636 3065 4687 τῶν
3094 4634 3210 4688 κατ’
3236 4634 3398 4686 αὐτὸν

1841 4727 2108 4799 πράξεων,
2129 4729 2374 4800 μάρτυρα
2388 4727 2772 4801 παρατίθεσθαι
2802 4727 2962 4781 Πτολε
2972 4729 3120 4795 μαῖον
3144 4725 3231 4777 τὸν
3254 4725 3397 4776 Μεν-

1839 4819 2040 4889 δήσιον,
2092 4821 2184 4872 καὶ
2238 4819 2307 4872 τὰ
2349 4819 2449 4887 τῆς
2496 4818 2690 4882 )ἑξεως
2735 4819 2894 4870 αὑτοῦ
2944 4811 3044 4870 ὦδε
3088 4816 3218 4884 ἔχει’
3247 4816 3395 4867 Κατ-

1841 4906 2042 4976 ἐσκαψε
2071 4907 2126 4959 δὲ
2155 4907 2250 4977 τὴν
2285 4907 2532 4977 ’Δθυρίαν
2559 4909 2818 4976 Ἃμωσις,
2863 4905 2997 4958 κατά
3029 4904 3116 4956 τὸν
3159 4905 3398 4973 Ἀργεῖον

1842 4999 2128 5068 γενόμενος
2173 5001 2401 5068 Ἴναχον,
2444 4998 2517 5061 ὡς
2553 5001 2609 5053 ὲν
2657 5001 2766 5060 τοῖς
2814 4998 3013 5065 χρόνοις
3039 4992 3340 5065 ἀνέγραψεν
3368 4997 3398 5047 ὁ

1841 5089 2136 5158 Μενδήσιος
2186 5086 2530 5159 Πτολεμαῖος.
2573 5090 2630 5140 '0
2671 5088 2727 5139 δὲ
2773 5086 3093 5154 Πτολεμαῖος
3135 5081 3286 5146 οἶκτος
3326 5087 3400 5137 ἰε-

1843 5181 1968 5252 ρεὺς
1997 5181 2092 5249 μὲν
2123 5177 2189 5250 ἦν
2208 5197 2220 5210 ’
2245 5180 2341 5243 τάς
2360 5181 2415 5233 δὲ
2442 5179 2549 5232 τῶν
2571 5180 2875 5247 Αἰγυπτίων
2896 5176 3150 5245 βασιλέων
3173 5175 3396 5244 πράξεις

1841 5273 1898 5323 ὲν
1913 5271 2087 5340 τρισὶν
2102 5271 2246 5333 ὅλαις
2261 5271 2543 5340 ἐκθέμενος
2566 5265 2782 5339 βίϐλοις,
2807 5269 2942 5320 κατὰ
2956 5265 3194 5334 Ἀμωσίν
3212 5283 3282 5335 φη
3292 5283 3391 5327 σιν,

1843 5362 2114 5429 Αἰγύπτου
2179 5361 2417 5430 βασιλέα,
2464 5361 2735 5421 Μωῡσὲως
2781 5357 3072 5427 ἡγουμένου
3120 5356 3392 5422 γεγονέναι

1856 5451 2125 5514 Ἰουδαίοις
2147 5452 2244 5520 τὴν
2273 5451 2331 5516 ἐξ
2355 5451 2626 5518 Αἰγύπτου
2657 5450 2891 5520 πορείαν
2922 5443 2978 5509 ἐξ
3011 5438 3084 5497 ὧν
3119 5445 3393 5497 συνῶπται

1844 5540 1985 5594 κατά
2019 5543 2225 5609 Ἴναχον
2271 5541 2573 5610 ἠκμακέναι
2611 5540 2700 5592 τὸν
2739 5535 2951 5591 Μωσέα.
2985 5533 3223 5587 Firmum
3276 5550 3395 5602 pro.

1845 5631 1986 5686 lecto
2014 5639 2387 5700 argumentum
2416 5632 2480 5684 ad
2512 5627 2938 5700 probandum,et
2965 5641 3027 5680 ex
3059 5626 3178 5694 ipso
3208 5625 3393 5679 adver-

1843 5723 1987 5776 sario
2035 5722 2275 5775 ductum.
2324 5723 2536 5775 Amosis
2605 5729 2842 5788 tempore
2907 5717 3088 5771 Inachi
3146 5718 3388 5778 vivebat;

1846 5812 2055 5885 Moyses
2098 5822 2338 5882 tempore
2389 5808 2677 5870 Amosidis.
2709 5808 2840 5874 Quis
2875 5809 2981 5864 nisi
3025 5807 3246 5862 demens
3277 5804 3392 5858 lua-
