4042 6338
629 349 738 405 799

1977 347 2186 407 LEONli

2288 345 2533 404 LLA'I'"
3799 350 3899 405 ωε

629 467 793 519 chum
839 473 893 520 et
945 463 1183 537 Moysen!
1223 463 1420 522 iisdem
1457 468 1798 539 temporibus
1827 467 2079 526 ﬂoruisse
2108 485 2208 526 ne-
2234 478 2278 532 Α
2309 469 2364 520 in
2390 465 2654 529 Tacticis.
2691 463 2795 521 nisi
2830 464 2996 519 semel
3024 479 3148 518 cum
3177 463 3299 534 ejus
3328 463 3506 534 carpit
3536 465 3896 523 sententiam.

629 557 782 629 gabit
808 557 830 610 τ

701 646 835 702 lbid.
870 649 973 702 Kal
1015 649 1383 719 Ἀφρικανός.
1425 649 1502 706 De
1528 650 1806 714 Africano,
1846 653 1969 708 vide
2010 651 2206 709 Hiero-

629 754 874 807 nymum,
911 738 1256 802 Tritemium.
1321 741 1568 806 Suidam,
1597 743 1807 797 Sixtum
1835 743 2128 801 Senensem
2153 754 2207 801 et

631 831 766 885 alios
786 849 798 884 :
819 830 984 884 multa
1007 845 1070 884 ac
1090 833 1237 885 varia
1266 833 1466 902 ingenii
1487 835 1567 889 sui
1595 847 1940 889 monumenta
1968 840 2206 892 maximo

631 920 994 976 litteratorum
1041 924 1328 978 commodo
1378 927 1639 996 reliquit;
1705 943 1935 997 quorum
2000 931 2203 997 passim

631 1012 836 1064 mentio
864 1013 1002 1080 apud
1037 1019 1292 1068 auctores
1321 1011 1538 1070 Graecos
1586 1026 1639 1070 et
1677 1015 1919 1092 Latinos.
1954 1016 2205 1085 Legatio-

627 1114 751 1154 nem
784 1116 881 1170 pro
906 1104 1304 1160 instauratione
1340 1108 1490 1160 urbis
1519 1105 1773 1162 Emmaus
1804 1111 2066 1178 suscepit;
2086 1124 2206 1179 qua

627 1201 814 1262 postea
840 1192 1115 1263 Nicopolis
1145 1199 1413 1265 appellata
1437 1210 1540 1259 est,
1567 1209 1619 1254 et
1643 1199 1894 1253 obtinuit.
1934 1199 2203 1256 Eusebius

626 1280 982 1347 inChronico,
1005 1286 1364 1359 Παλαιστίνης
1400 1291 1690 1353 Νικόπολις
1722 1294 1752 1362 η
1790 1294 2048 1364 πρότερον
2083 1293 2208 1361 Ἐμ-

629 1378 798 1444 μαοὺς
831 1378 1052 1449 ἐκτίσθη
1098 1379 1271 1446 πόλις,
1309 1381 1702 1452 πρεσϐεύοντος
1748 1385 1885 1454 ὑπὲρ
1919 1385 2084 1453 αὐτῆς
2111 1383 2202 1436 καὶ

625 1471 1021 1540 προῖσταμένου
1091 1472 1307 1524 Ἰουλίου
1371 1473 1696 1543 ’Δφρικανοῦ
1747 1475 1914 1527 ταῦτα
1947 1475 2203 1543 Χρονικὰ

625 1562 1056 1634 συγγράψαντος.
1094 1562 1206 1616 Sub
1241 1564 1566 1635 imperatore
1619 1564 1800 1619 Marco
1836 1567 2054 1621 Aurelio
2087 1567 2204 1620 An-

623 1653 836 1716 tonino,
867 1655 960 1722 qui
1003 1651 1242 1708 Macrino
1279 1665 1641 1710 successerat.
1688 1654 1938 1725 Quinque
1971 1657 2038 1711 de
2062 1665 2201 1710 tem-

625 1741 851 1810 poribus
875 1742 1146 1794 volumina
1181 1745 1529 1813 conscripsit;
1569 1743 1756 1813 incipit
1780 1759 1809 1796 a
1841 1744 2026 1798 mundi
2050 1760 2200 1798 crea-

2307 557 2520 628 Optima
2555 557 2738 612 Dionis
2764 557 3034 611 sententia
3082 558 3327 611 oratione
3371 555 3678 619 Rhodiaca,
3731 556 3810 609 Τδ
3845 558 3898 613 δὲ

2307 651 2416 704 τῶν
2465 649 2702 720 ἀρίστων
2750 647 2960 718 ἀνδρῶν
3006 647 3468 710 ἐπιλανθάνεσθαι,
3523 649 3620 701 καὶ
3670 649 3750 700 τὰ
3800 649 3896 716 τῆς

2309 742 2510 813 ἀρετῆς
2556 737 2693 795 ἆθλα
2736 741 3054 809 ἀποστερεῖν
3103 740 3202 792 οὐκ
3256 740 3332 793 ἔνι
3367 741 3658 810 τυγχάνειν
3741 740 3888 792 οὔδει

2311 837 2438 904 μιᾶς
2471 831 2758 903 εὐπρεπῶς
2785 832 3126 901 προφάσεως,
3162 830 3288 883 ἀλλ’
3319 831 3625 901 ἀχαριστία,
3672 829 3885 899 φθόνος,

2309 924 2626 995 μικρολογία
2677 923 2846 975 άπασι
2889 925 3002 984 τοίς
3053 922 3350 989 αἰσχίστοις
3408 921 3616 992 ἀνάγκη
3675 925 3883 991 προσή-

2305 1033 2442 1070 κειν.
2478 1015 2662 1085 Neque
2697 1016 2876 1068 minus
2907 1012 2993 1066 fur
3021 1022 3126 1075 est,
3161 1014 3250 1082 qui
3284 1014 3422 1066 bona
3454 1014 3692 1068 aliorum
3719 1015 3884 1068 surri-

2307 1111 2404 1179 pit.
2437 1124 2598 1178 quam
2622 1107 2712 1176 qui
2745 1107 2942 1161 mentis
2977 1105 3328 1167 monimenta.
3356 1113 3411 1159 et
3439 1107 3670 1160 aliorum
3702 1106 3878 1160 studia

2306 1200 2625 1258 suilnratur,
2649 1206 2703 1249 et
2734 1208 3009 1250 auctorem
3045 1193 3264 1248 silentio
3292 1199 3544 1264 praeterit.
3586 1195 3662 1249 De
3696 1212 3812 1264 quo
3836 1197 3877 1251 sl

2305 1293 2429 1361 quis
2475 1291 2625 1360 plura
2659 1287 2955 1348 desiderat.
2994 1286 3148 1341 adeat
3181 1293 3396 1340 nostros
3435 1286 3486 1338 in
3519 1285 3764 1356 Longini
3802 1288 3874 1343 De

2304 1381 2518 1435 sublimi
2582 1394 2768 1448 genere
2801 1377 3054 1430 orationis
3113 1376 3350 1429 libellum
3417 1374 3875 1431 Commentarios.

2301 1461 2697 1527 Chronicorum
2731 1468 2972 1521 Africani
3017 1466 3441 1535 ἀποσπασμάτια
3485 1467 3739 1534 quaedam
3773 1483 3877 1522 una

2303 1581 2425 1619 cum
2455 1561 2762 1617 Eusebiano
2794 1560 3049 1614 Chronico
3082 1557 3224 1612 edita
3267 1565 3392 1612 sunt
3425 1572 3455 1610 a
3481 1553 3723 1627 Josepho
3753 1556 3878 1612 Sca-

2301 1657 2490 1726 ligero.
2517 1654 2690 1708 Porro
2713 1653 2874 1705 verba
2900 1650 3160 1713 Africani,
3184 1649 3383 1718 quibus
3406 1647 3634 1718 Moysem
3662 1651 3878 1704 Inacho

2303 1763 2548 1803 coaevum
2583 1745 2796 1804 scribit.
2833 1743 2998 1798 habes
3023 1744 3160 1812 apud
3188 1741 3474 1796 Eusebium
3502 1744 3555 1795 in
3585 1741 3872 1810 Chronico,

625 1831 772 1883 tione
814 1829 955 1900 apud
992 1829 1248 1899 Moysem,
1285 1835 1640 1900 pervenitque
1675 1846 1847 1899 usque
1888 1831 1952 1882 ad
1995 1827 2186 1883 Clll'lSl?

2303 1843 2440 1895 libro
2505 1839 2692 1910 priori.
2753 1835 2866 1891 Nec
2930 1835 3062 1890 illud
3119 1835 3336 1889 silentio
3395 1837 3867 1904 pratereundum.

621 1919 936 1984 adventum,
975 1923 1255 1977 succincte
1290 1938 1505 1991 quoque
1537 1932 1686 1992 gesta
1721 1939 1748 1975 a
1793 1921 1993 1976 Christi
2042 1929 2198 1976 aetate

622 2028 795 2082 usque
827 2013 892 2066 ad
924 2012 1148 2068 Macriui
1177 2013 1518 2083 imperatoris
1549 2025 1791 2083 tempora
1825 2016 2193 2084 prosequitur,

623 2103 697 2154 ita
727 2111 908 2156 tamen
945 2113 998 2154 ut
1033 2105 1242 2158 nullum
1288 2108 1655 2160 necessarium
1703 2109 1925 2176 cognitu
1957 2107 2191 2158 omittat.

623 2190 846 2246 Photius
890 2195 943 2246 in
968 2193 1258 2249 Biblioth.:
1292 2197 1631 2267 Ἀνεγνώσθη
1678 2195 2002 2267 Ἀφρικανοῦ
2041 2196 2196 2248 ιστο-

622 2284 792 2356 ριιιόν.
831 2279 998 2346 Οὗτός
1032 2287 1179 2338 ἐστιν
1207 2289 1235 2340 ὁ
1267 2289 1360 2340 καὶ
1396 2290 1521 2351 τοὺς
1567 2289 1890 2358 λεγομένους
1925 2286 2195 2352 Κεστοὺς

617 2377 675 2428 ἐν
700 2375 877 2443 λόγοις
907 2376 1172 2441 συντάξας
1207 2378 1286 2431 ιδ’.
1316 2379 1470 2431 Ἔστι
1499 2379 1554 2430 δὲ
1605 2379 1863 2447 σύντομος
1905 2378 2020 2448 μὲν,
2059 2377 2192 2431 ἀλλὰ

619 2466 784 2536 μηδὲν
824 2467 931 2519 τῶν
989 2469 1298 2535 ἀναγκαίων
1344 2471 1691 2539 ἱστορηθῆναι
1738 2461 2199 2540 παραλιμπάνωνζ

618 2559 878 2629 ’Δρχεται
919 2558 974 2611 δὲ
1024 2559 1132 2615 άπὸ
1171 2560 1269 2629 τῆς
1321 2561 1616 2630 Μωσαῖκῆς
1669 2561 2045 2630 κοσμογονίας,
2097 2563 2190 2614 καὶ

615 2650 858 2703 κάτεισιν
889 2650 992 2711 ἕως
1037 2652 1135 2719 τῆς
1176 2652 1409 2721 Χριστοῦ
1442 2654 1756 2722 παρουσίας.
1802 2654 2189 2723 Ἐπιτροχάδην

613 2742 668 2795 δὲ
697 2741 1048 2811 διαλαμϐάνει
1090 2743 1181 2793 καὶ
1226 2741 1294 2794 τὰ
1334 2744 1440 2796 ἀπὸ
1479 2743 1710 2812 Χριστοῦ
1746 2743 1905 2813 μέχρι
1933 2744 2031 2813 τῆς
2066 2745 2188 2796 Μα-

614 2833 798 2903 κρίνου
832 2833 925 2885 τοῦ
969 2836 1252 2903 Ῥωμαίων
1288 2833 1547 2904 βασιλέως
1575 2834 1866 2902 βασιλείας,
1897 2835 1985 2889 ὅτε
2014 2835 2183 2906 αὐτῷ,

2297 1932 2517 2004 quando
2545 1932 2612 1985 de
2644 1929 2889 1985 historiis
2925 1927 2991 1980 ab
3031 1925 3286 1979 Africano
3314 1927 3530 1994 scriptis
3555 1941 3868 1982 sermonem

2299 2023 2582 2082 habemus,
2607 2017 2866 2072 Iacobum
2889 2016 3351 2084 archiepiscopum
3376 2013 3744 2079 Genuensem.
3776 2018 3866 2072 lib.

2297 2112 2607 2166 Animarum
2687 2107 3110 2169 solemnitatum,
3152 2114 3205 2162 et
3268 2104 3483 2160 Petrum
3540 2109 3874 2178 episcopum

2297 2201 2632 2272 Equilinum,
2689 2199 2784 2256 lib.
2837 2213 2890 2252 ix
2960 2195 3207 2266 Catalogi
3250 2205 3570 2259 sanctorum.
3635 2198 3863 2256 referre.

2293 2292 2520 2346 Abdisiu
2567 2291 2801 2362 primum
2839 2289 3128 2359 Babylonis
3155 2289 3492 2358 episc0pum,
3527 2297 3582 2342 et
3612 2289 3678 2342 ab
3729 2291 3867 2358 ipsis

2294 2382 2556 2453 apostolis
2603 2384 2936 2440 ordinatum.
2966 2381 3107 2432 vitas
3153 2379 3437 2433 duodecim
3490 2381 3863 2449 apostolorum

2293 2475 2604 2544 scripsisse,
2631 2477 2769 2542 quas
2797 2469 3089 2539 Eutropius
3107 2469 3292 2524 Abdiaa
3310 2470 3610 2539 discipulus
3628 2479 3864 2524 transtu-

2291 2565 2352 2617 lit
2384 2581 2446 2618 εχ
2470 2562 2695 2618 Hebraeo
2729 2563 2781 2615 in
2807 2558 3335 2621 Graecum.et1u!ius
3351 2559 3640 2615 Africanus
3670 2561 3726 2614 in
3761 2561 3862 2615 La-

2291 2655 2464 2707 tinum
2502 2673 2515 2707 :
2547 2665 2600 2708 et
2635 2654 2738 2707 sub
2765 2641 2924 2706 titulo
2954 2651 3116 2719 hujus
3146 2651 3331 2704 Abdiae
3362 2652 3546 2704 emissi
3581 2661 3711 2705 sunt
3759 2652 3861 2706 Ba-

2290 2744 2437 2798 siea:
2467 2758 2632 2813 opera
2659 2741 2932 2812 Wolfangi
2964 2740 3109 2815 Lazii
3144 2742 3210 2794 ab
3238 2741 3475 2810 Oporino
3505 2743 3630 2796 libri
3670 2745 3857 2800 decem

2289 2833 2607 2886 certaminis
2624 2831 2930 2900 apostolici.
2946 2844 3084 2898 quos
3102 2836 3159 2880 ut
3189 2830 3289 2883 lide
3311 2829 3581 2899 indignos,
3601 2835 3859 2900 quemad~

611 2923 687 2985 ὣς
745 2940 906 2992 φησι,
973 2924 1067 2976 καὶ
1117 2925 1209 2994 ἥδε
1261 2927 1292 2994 η
1344 2925 1631 2994 συγγραφὴ
1680 2926 2008 2978 συνετελεττο
2048 2927 2184 2979 ἑτῶν

2288 2925 2508 2976 modum
2529 2923 2694 2977 refert
2717 2922 2902 2976 Sixtus
2934 2919 3191 2974 Senensis
3210 2922 3263 2975 in
3280 2921 3627 2986 Bibliotheca,
3655 2925 3750 2978 lib.
3785 2940 3821 2977 ιι
3840 2967 3852 2984 ,

610 3013 742 3068 οὖσα
776 3012 961 3084 ,εψκγκ
999 3016 1176 3087 Τεύχη
1223 3019 1278 3070 δὲ
1308 3017 1399 3069 τοῦ
1439 3017 1642 3085 βιϐλίου
1673 3019 1856 3071 πέντε.
1899 3018 1957 3072 ln
1991 3019 2094 3084 his,
2125 3027 2184 3073 ut

2288 3014 2487 3086 Paulus
2535 3030 2672 3087 papa
2718 3013 2811 3077 ιν,
2851 3014 2991 3068 inter
3035 3013 3237 3083 scripta
3299 3028 3328 3067 a
3393 3029 3452 3069 se
3481 3015 3739 3070 damnata
3773 3032 3855 3073 re-

609 3106 831 3175 quidam
859 3108 1100 3171 tradunt,
1121 3111 1299 3162 omnia
1326 3124 1632 3180 regnorum,
1665 3112 1965 3174 nationum,
1998 3125 2178 3164 rerum
2211 3163 2248 3180 η
2282 3107 2434 3175 jccit.

611 3195 951 3268 publicarum
1004 3198 1157 3251 initia
1205 3213 1234 3251 a
1269 3201 1445 3267 capite
1497 3201 1719 3268 repetita
1770 3199 1835 3251 ad
1885 3197 2042 3252 linem
2088 3199 2182 3251 de-

607 3287 763 3341 duxit
810 3306 823 3340 :
868 3289 1063 3344 deinde
1121 3306 1215 3359 per
1273 3300 1420 3344 certa
1466 3292 1787 3354 intervalla,
1856 3305 1992 3360 quas
2046 3291 2182 3360 σμά-

605 3375 703 3439 δας
740 3387 954 3438 vocant,
990 3394 1051 3432 ea
1104 3379 1244 3432 inter
1275 3394 1333 3432 se
1364 3381 1736 3447 comparavit;
1778 3390 2050 3448 postremo
2088 3394 2183 3431 eo-

611 3484 732 3522 rum
766 3467 998 3523 indicem
1029 3469 1248 3538 adjecit,
1284 3485 1442 3538 quem
1466 3470 1689 3523 Canona
1720 3470 1954 3531 vocavit.
1992 3471 2046 3524 in
2073 3483 2182 3538 quo

606 3569 732 3623 quae
785 3555 905 3608 καθ’
955 3557 1128 3625 ὁμάδα
1176 3559 1228 3609 in
1286 3558 1660 3625 superioribus
1718 3559 1871 3612 libris
1923 3567 2179 3627 congesta

605 3653 786 3706 erant.
825 3661 918 3714 per
967 3661 1142 3699 annos
1191 3662 1480 3714 expansos,
1514 3663 1639 3716 qme.
1677 3647 1846 3701 ϐιωρί
1896 3649 2042 3702 ἁπλᾶ
2086 3649 2180 3720 ἔτη

608 3745 952 3805 nuncupant.
987 3739 1232 3805 digessit,
1267 3753 1406 3806 quos
1452 3738 1586 3799 falli,
1636 3754 1766 3807 pace
1795 3747 2068 3793 tantorum
2101 3741 2182 3794 vi-

607 3840 794 3880 rerum
825 3827 1076 3893 dixerim,
1131 3828 1334 3882 nemini
1383 3828 1608 3882 dubium
1639 3844 1764 3883 esse
1793 3829 1986 3892 debet;
2028 3831 2181 3884 aliud

602 3919 752 3971 enim
777 3925 859 3972 est
887 3933 1063 3973 canon
1083 3920 1135 3970 in
1159 3919 1465 3985 Chronicis,
1485 3929 1536 3973 et
1555 3920 1699 3973 aliud
1727 3921 1906 3985 index,
1937 3938 2035 3975 nec
2051 3924 2183 3993 ὁμά-

605 4007 695 4061 δειι
728 4025 804 4063 ea:
833 4019 961 4064 sunt
991 4025 1127 4079 quas
1159 4012 1260 4079 ipsi
1294 4012 1503 4074 dicunt,
1553 4012 1644 4066 sed
1679 4021 1886 4065 tantum
1923 4016 2180 4084 pleraque

606 4115 714 4152 non
746 4100 818 4154 ita
854 4102 1184 4162 necessaria.
1222 4117 1319 4155 nec
1341 4118 1572 4170 quorum
1620 4112 1767 4155 certa
1804 4106 2062 4173 temporis
2093 4121 2182 4158 ra-

605 4193 684 4243 tio
731 4193 906 4260 potuit
955 4193 1144 4247 haberi
1200 4195 1303 4247 sub
1349 4195 1527 4263 aliqua
1561 4196 1701 4249 serie
1761 4204 2064 4265 temporum
2123 4200 2178 4251 in

604 4298 774 4337 unum
823 4295 1103 4355 congesta.
1135 4287 1310 4356 ὁμάδα
1359 4287 1536 4342 facere
1587 4289 1742 4343 facile
1797 4291 2175 4354 existimarim,

602 4377 1066 4446 quemadmodum
1096 4388 1223 4433 sunt
1267 4395 1386 4449 quae
1419 4380 1471 4432 in
1514 4381 1772 4435 Chronico
1823 4381 2178 4437 Eustathiano

2353 3197 2486 3252 Ibid.
2551 3198 2661 3250 Kal
2724 3197 2874 3266 πρὸς
2928 3201 3159 3266 τούτοις
3226 3199 3521 3262 Τσῗιανός.
3600 3197 3857 3252 Clemens

2283 3287 2684 3343 Alexandrinus
2732 3289 2825 3341 lib.
2865 3287 3098 3344 IStrom.
3133 3301 3152 3339 :
3181 3289 3446 3359 Πρότερον
3481 3288 3537 3340 δὲ
3565 3289 3700 3358 ὅπερ
3726 3289 3858 3341 ἀκό-

2282 3380 2468 3432 λουθον
2500 3375 2568 3450 ἦν
2593 3381 2720 3449 περ)⁸
2743 3380 2850 3432 τῶν
2873 3382 3009 3434 κατὰ
3038 3381 3239 3435 Μωσέα
3263 3380 3466 3452 χρόνων
3491 3380 3591 3450 ἤδη
3616 3381 3853 3444 λεκτέον,

2280 3471 2346 3524 δι’
2377 3465 2450 3524 ὧν
2493 3471 2831 3541 δειχθήσεται
2864 3471 3287 3541 ἀναμφηρίστως
3315 3471 3496 3538 πάσης
3541 3469 3727 3534 σοφίας
3755 3471 3856 3539 ἀρ-

2282 3562 2539 3633 χαιοτάτη
2572 3565 2604 3631 ὴ
2638 3561 2776 3614 κατὰ
2822 3561 3104 3632 Ἐϐραίους
3134 3559 3436 3628 φιλοσοφία.
3483 3558 3709 3628 Εἴρηται
3755 3558 3854 3626 μὲν

2281 3650 2371 3706 οὖν
2406 3656 2529 3724 περὶ
2553 3653 2754 3706 τούτων
2780 3652 3018 3723 ἀκριϐῶς
3057 3649 3304 3719 Τατιανῷ
3334 3652 3390 3702 ὲν
3425 3649 3502 3718 τῷ
3531 3647 3682 3715 πρὸς
3707 3648 3850 3700 Ἑλ-

2280 3750 2492 3812 ληνας’
2533 3744 2745 3814 εἴρηται
2767 3743 2820 3796 δὲ
2855 3742 3221 3810 καὶΚασιανῴ
3236 3744 3293 3792 ὲν
3543 3737 3650 3790 τῶν
3687 3737 3850 3805 Ἐξηα

2280 3834 2568 3904 γητικών·
2605 3838 2824 3887 άπαιτεί
2862 3836 2917 3888 δὲ
2960 3836 3107 3904 ὅμως
3138 3834 3199 3885 τὺ
3237 3832 3530 3900 ὑπόμνημα
3572 3831 3665 3882 καὶ
3703 3832 3850 3900 ἡμεῖς

2281 3928 2598 3997 ἐπιδραμεῖν
2617 3927 2685 3979 τὰ
2713 3926 2849 3979 κατὰ
2876 3927 2965 3978 τὸν
2991 3926 3153 3978 τόπον
3193 3923 3476 3999 εἰρημένα.
3507 3921 3844 3975 Sententiam

2280 4019 2347 4072 de
2377 4028 2534 4072 aetate
2563 4018 2760 4088 Moysis
2781 4017 3040 4071 Tatianus
3073 4023 3364 4085 pertractat
3394 4015 3446 4066 in
3476 4013 3729 4066 Oratione
3751 4012 3820 4064 ad

2279 4127 2455 4164 versus
2485 4109 2689 4167 Gentes.
2723 4112 2790 4164 de
2824 4127 2930 4181 qua
2967 4109 3213 4163 inferius.
3263 4105 3336 4161 De
3363 4105 3612 4167 Tatiano.
3645 4116 3697 4160 et
3724 4104 3841 4173 ejus

2281 4200 2471 4254 haeresi
2516 4209 2568 4254 et
2607 4200 2825 4270 scriptis
2878 4201 3028 4268 plura
3060 4195 3416 4265 Hieronymus
3454 4196 3506 4247 in
3549 4193 3839 4263 Cathlogo;

2279 4291 2534 4356 lrenmus,
2584 4292 2678 4344 lib.
2728 4307 2766 4350 I,
2801 4305 2920 4356 cap.
2948 4289 3048 4354 5|;
3103 4285 3389 4346 Eusebius,
3425 4286 3520 4339 lib.
3569 4303 3643 4347 ιιι,
3696 4283 3834 4337 Hist.

2277 4385 2436 4437 ercIes
2470 4423 2483 4446 ,
2519 4399 2640 4452 cap.
2693 4382 2779 4442 16’.
2840 4381 2928 4442 l7,
2964 4380 3064 4443 £9;
3119 4377 3453 4448 Epiphanius
3498 4378 3693 4432 haeres.
3737 4377 3833 4436 46;

599 4467 760 4521 titulo
805 4470 1078 4540 σποράδην
1126 4472 1485 4540 explicantur.
1533 4471 1805 4537 Quidquid
1853 4481 2031 4526 tamen
2084 4474 2176 4538 sit,
2213 4492 2254 4545 ι)
2285 4474 2607 4545 Rodiginus,
2661 4475 2751 4527 lib.
2793 4489 2873 4533 ιιι,
2901 4486 3020 4540 cap.
3053 4471 3150 4536 10;
3184 4469 3498 4524 Chronirum
3524 4467 3837 4521 Alexandri-

600 4555 968 4610 certissimum
998 4567 1082 4612 est
1107 4559 1401 4612 Eusebium
1427 4563 1608 4614 omnia
1643 4561 1885 4615 Africani
1929 4563 1983 4615 in
2013 4579 2172 4617 suum
2277 4584 2422 4629 num,
2453 4584 2572 4636 pug.
2605 4565 2709 4619 6I0
2735 4574 2786 4617 et
2815 4564 2952 4629 612;
2982 4562 3343 4631 Nicephorus.
3380 4563 3474 4618 lib.
3512 4579 3586 4623 iv.
3618 4577 3735 4630 cap.
3763 4559 3829 4624 l;

600 4644 918 4701 Chronicum
969 4652 1423 4720 transcripsisse,
1473 4653 1541 4706 ab
1586 4667 1759 4722 eoque
1809 4654 1992 4707 omnia
2039 4653 2174 4707 hau-

2276 4657 2672 4717 Theodoretus,
2701 4655 2795 4708 lib.
2822 4652 3232 4719 I;Philastrius,
3260 4652 3626 4708 Damascenus
3649 4659 3701 4704 et
3722 4649 3828 4702 alii.

598 4737 761 4792 sisse.
782 4737 962 4804 Quare
981 4739 1529 4814 hujuschronologici
1555 4747 1734 4814 operis
1754 4746 2033 4813 potissima
2055 4746 2172 4801 laus
2275 4749 2430 4802 Hunc
2469 4748 2689 4818 quidam
2732 4752 3019 4807 vocarunt.
3069 4745 3246 4813 inepte
3292 4740 3831 4817 tamen.Alexandri-

598 4825 858 4884 Africano
886 4829 1135 4895 debetur,
1173 4832 1332 4902 cujus
1377 4842 1431 4888 et
1462 4835 1634 4900 labor,
1669 4851 1776 4888 non
1810 4835 2042 4890 Eusebio
2073 4836 2173 4890 tri-

598 4917 847 4987 buenda;
884 4937 1060 4991 neque
1090 4922 1385 4978 defuerunt
1426 4926 1519 4994 qui
1558 4925 1846 4981 Eusebium
1873 4927 2170 4996 reprehen-

597 5010 810 5075 derent.
844 5014 990 5083 quod
1029 5023 1180 5068 tanta
1229 5018 1526 5070 securitate
1571 5016 1804 5072 alienam
1840 5018 2166 5072 industriam

596 5102 706 5156 sibi
753 5101 1075 5165 vindicaret,
1111 5121 1288 5175 neque
1335 5107 1544 5161 crimen
1594 5107 1790 5177 ingrati
1826 5109 1992 5162 animi
2043 5109 2170 5161 hor-

595 5193 789 5259 ruerit,
832 5210 956 5249 cum
989 5197 1078 5251 vix
1110 5199 1256 5254 illius
1285 5199 1615 5262 meminerit.
1647 5199 1750 5254 nisi
1787 5199 1840 5253 in
1873 5201 1941 5254 iis
1968 5201 2022 5254 in
2055 5198 2172 5269 qui-

595 5283 698 5341 bus
720 5286 789 5339 ab
816 5285 935 5355 ejus
971 5289 1240 5343 sententia
1270 5283 1521 5354 discedit,
1547 5291 1680 5359 quin
1712 5297 1766 5344 et
1793 5291 2000 5359 optimo
2031 5292 2170 5346 scri-

596 5375 737 5441 ptori
764 5374 1008 5432 fraudem
1042 5378 1262 5445 fecisse,
1295 5394 1420 5432 cum
1449 5381 1612 5433 verba
1652 5379 1896 5433 Africani
1929 5381 2171 5449 interpo-

597 5463 757 5518 lando
807 5466 1057 5528 invertat.
1100 5469 1355 5527 Sollemne
1387 5471 1577 5524 vitium
1612 5473 1714 5526 hoc
1757 5473 2003 5541 pluribus
2046 5471 2167 5536 fuit,

596 5564 1026 5631 magnorumque
1078 5566 1325 5621 virorum
1378 5564 1588 5619 animos
1638 5565 1832 5634 tetigit.
1885 5564 2027 5619 inter
2072 5579 2168 5618 eos

595 5642 793 5705 Leonis
831 5651 1173 5722 imperatoris
1212 5659 1305 5728 qui
1349 5651 1662 5714 Cnosaudri
1707 5671 1921 5718 nomen,
1977 5672 2008 5709 a
2059 5671 2169 5722 quo

595 5739 820 5794 multum
873 5743 1198 5815 profecerat,
1236 5750 1449 5821 ingrato
1482 5761 1697 5815 semper
1726 5747 1906 5802 obruit
1949 5747 2170 5803 silentio

2272 4857 2436 4907 num;
2494 4841 2585 4892 alii
2627 4838 2944 4909 Assyrium;
2997 4835 3192 4907 Syrum
3246 4835 3415 4891 fuisse
3462 4837 3682 4889 tradunt
3721 4833 3828 4887 Cle-

2272 4947 2426 4985 mens
2452 4929 2850 4983 Alexandrinus
2881 4928 2976 4982 lib.
3014 4942 3072 4981 ιιι
3105 4927 3388 4991 Stromat.,
3421 4937 3476 4982 et
3504 4924 3824 4996 Epiphanius

2271 5024 2360 5091 qui
2415 5023 2526 5074 hzec
2573 5018 2770 5073 addit:
2809 5018 3061 5072 Scholam
3100 5033 3256 5071 suam
3324 5018 3491 5072 erexit
3543 5019 3614 5070 ab
3679 5016 3824 5070 initio

2270 5112 2325 5164 in
2359 5109 2740 5178 Mesopotamia
2775 5110 2919 5162 circa
2957 5121 3031 5160 xu
3071 5106 3182 5161 fere
3213 5120 3416 5160 annum
3461 5104 3716 5161 Antonini
3743 5103 3818 5158 Pii

2271 5203 2524 5262 Caesaris.
2556 5200 2844 5254 maximam
2861 5213 2989 5252 vero
3006 5207 3206 5267 partem
3235 5198 3635 5267 praedicationis
3646 5211 3748 5253 sua
3766 5196 3818 5248 in

2270 5292 2577 5354 Antiochia.
2624 5304 2744 5358 quae
2787 5291 2852 5345 ad
2897 5289 3174 5360 Daphnem
3211 5293 3314 5345 sita
3354 5300 3460 5353 est,
3498 5290 3645 5354 fecit.
3677 5299 3728 5346 et
3764 5289 3817 5343 in

2269 5383 2496 5439 Cilicum
2526 5382 2789 5451 partibus,
2816 5382 3043 5434 multum
3074 5389 3253 5434 autem
3287 5389 3340 5434 et
3385 5382 3437 5433 in
3465 5378 3686 5442 Pisidia,
3714 5379 3819 5441 ubi.

2270 5483 2393 5522 cum
2429 5476 2672 5536 tempora
2708 5468 2910 5537 quibus
2940 5464 3071 5522 vixit
3105 5467 3375 5538 signiﬁcat
3406 5469 3511 5522 sub
3535 5469 3813 5525 Antonino.

2271 5575 2497 5616 necesse
2537 5567 2621 5613 est
2666 5560 2919 5614 mendum
2951 5561 3155 5615 essein
3199 5559 3491 5614 Philastrio
3521 5561 3675 5623 illud.
3699 5559 3817 5612 Post

2273 5653 2418 5707 Decii
2486 5655 2892 5720 persecutionem
2914 5694 2928 5715 .
2999 5669 3097 5724 pro
3156 5668 3267 5724 quo
3333 5652 3472 5708 forte
3544 5653 3814 5723 legendum

2271 5747 2516 5812 Adriani,
2549 5761 2674 5802 nam
2713 5748 2817 5803 Sub
2840 5747 2940 5805 illo
2971 5762 3192 5818 passum
3231 5743 3505 5802 Justinum
3541 5743 3813 5814 Iartyrem
