4042 6338
158 400 255 459 801

1161 404 1229 460 ιιι
1269 370 1642 463 sus'rirruu
1680 403 2156 463 ιιωειιειιοιι
2191 405 2421 466 nom.

3302 416 3407 474 80!

156 515 311 573 testis
340 521 425 572 est
465 524 666 587 praeter
706 516 843 572 alios
887 515 1241 588 Epiphanius.
1291 516 1479 590 Neque
1526 520 1725 576 mirum
1754 527 1803 584 Α
1828 519 1989 575 detur
2015 535 2161 587 esse,
2206 521 2253 578 si
2287 537 2461 592 pauca
2502 523 2571 579 de
2602 540 2669 581 eo
2707 524 3031 595 edisseram,
3065 534 3123 581 ut
3163 534 3401 611 maxima

154 609 325 663 videri
361 609 521 665 debet
556 624 722 664 unum
746 618 802 664 et
818 610 1070 665 eumdem
1099 618 1402 675 auctorem,
1433 612 1594 668 modo
1618 614 1721 668 As-

152 699 383 769 syrium,
426 700 587 755 modo
630 698 828 770 Syrum
860 705 1185 771 nuncupari.
1218 700 1356 755 Nam
1385 702 1609 774 Assyria
1666 709 1721 758 et

153 790 307 862 Syria
356 800 545 863 partes
589 788 735 847 Asia
789 791 924 846 adeo
959 792 1099 848 inter
1132 778 1198 849 se
1246 799 1377 849 sunt
1408 786 1618 848 ‘vicina‘.
1660 796 1721 847 ut

149 896 293 953 saepe
331 882 762 948 confundantur,
805 885 949 938 unde
991 881 1315 949 Herodotus,
1365 885 1457 940 iii).
1501 902 1577 940 vn
1610 904 1623 940 :
1657 884 1721 939 Οἳ

149 972 252 1026 ὑπὸ
286 970 557 1043 Ἑλλήνων
591 972 872 1027 ἐκαλέοντο
917 973 1117 1045 Σύριοι,
1150 976 1254 1030 ὑπὸ
1288 976 1395 1030 τῶν
1434 975 1722 1047 βαρϐάρων

159 1061 436 1134 ’Δσσύριοι
468 1062 796 1135 ἐκλήθησαν,
851 1079 1012 1134 quem
1069 1066 1250 1120 locum
1303 1066 1484 1121 laudat
1516 1065 1722 1135 Eusta-

147 1152 292 1210 thius
313 1155 371 1207 in
389 1151 699 1227 Dionysium
720 1171 742 1208 :
768 1156 887 1208 Ὅτι
916 1155 971 1209 δὲ
1003 1155 1151 1210 ἄλλοι
1172 1156 1322 1228 παρὰ
1345 1158 1471 1220 τοὺς
1498 1134 1723 1228 inpleo;

144 1246 193 1297 oi
232 1244 530 1316 ’Δσσύριοι,
574 1246 727 1317 δηλοῖ
767 1248 859 1301 καὶ
902 1248 1150 1317 Ξενοφῶν
1192 1250 1250 1302 ὲν
1295 1251 1405 1313 τοῖς
1447 1250 1719 1315 Ἕλλην-ιο

146 1335 291 1403 κοῖς.
336 1335 622 1408 Ἡρόδοτος
644 1338 699 1392 δὲ
724 1338 870 1392 δοκεῖ
901 1339 1053 1408 ἄγειν
1080 1341 1277 1405 αὐτοὺς
1318 1343 1397 1404 εἰς
1433 1340 1629 1394 ταύτὸν
1662 1339 1721 1395 ἐν

143 1421 223 1494 οἷς
254 1446 446 1500 φησιν,
469 1432 551 1484 ὅτι
596 1430 887 1504 Ἀσσύριοι,
911 1443 1042 1495 etc.,
1066 1440 1119 1488 et
1145 1431 1395 1487 Justinus
1430 1432 1526 1486 ιιι».
1562 1445 1602 1495 l,
1626 1431 1718 1501 qui

144 1535 175 1576 ι
219 1523 471 1578 barbaris
503 1523 734 1595 Assyrii,
763 1540 794 1579 a
838 1523 1043 1579 Graecis
1080 1524 1225 1595 Syri,
1268 1533 1325 1579 et
1365 1531 1424 1577 ut
1472 1525 1720 1579 scribunt

144 1612 345 1679 Acron,
392 1619 450 1669 et
492 1612 829 1685 Porphyrius
882 1630 1046 1685 super
1102 1614 1207 1669 Od.
1262 1614 1331 1668 12
1381 1613 1621 1681 Horatii,
1665 1623 1719 1671 et

144 1703 463 1761 Ammianus
495 1703 843 1761 Marcellinus
872 1706 965 1760 lib.
1007 1720 1166 1769 mn,
1212 1702 1344 1769 Qua:
1370 1722 1506 1759 nunc
1539 1704 1717 1775 Syria,

145 1796 269 1851 olim
293 1796 521 1868 Assyria
552 1797 858 1852 uocabatur.
888 1795 1133 1867 Hyginus
1164 1796 1343 1851 fabula
1373 1796 1503 1863 9.75,
1545 1794 1716 1852 Semi-

1822 611 2134 677 diliicultas,
2166 629 2287 683 qua
2330 615 2474 669 inter
2500 625 2752 673 auctores
2780 617 3005 673 maximi
3046 620 3289 676 nominis
3317 631 3404 678 est

1820 704 2067 758 tollatur.
2093 702 2150 759 In
2176 704 2511 760 Bibliotheca
2538 705 2754 761 Patrum
2778 709 2909 763 editi
2934 718 3059 765 sunt
3077 710 3241 765 libelli
3266 712 3400 778 duo,

1822 811 1967 851 unus
1998 797 2379 865 inscriptione,
2409 795 2724 851 Sanctorum
2742 810 2971 867 quatuor
2988 797 3397 870 Evangelion

1821 891 2098 945 harmonia
2126 891 2352 945 Tatiano
2374 890 2737 947 Alexandrino
2774 902 3008 959 auctore;
3033 893 3192 958 alter,
3222 891 3398 946 Evan-

1820 978 2076 1049 geliorum
2129 987 2357 1048 quatuor
2399 979 2637 1033 narratio
2690 981 2963 1034 Ammonio
3008 979 3396 1044 Alexandrino,

1820 1076 1929 1123 etc.
1968 1068 2316 1123 Harmoniam
2351 1066 2542 1125 Victor
2578 1072 2873 1141 Capuanus
2916 1071 3248 1138 coniecturis
3274 1073 3398 1143 qui-

1820 1160 2052 1216 busdam
2097 1162 2287 1215 tribuit
2346 1160 2597 1227 Tatiano,
2645 1172 2699 1218 et
2744 1177 2853 1217 non
2897 1162 3205 1230 Ammonio,
3233 1158 3397 1235 que'm

1821 1251 2056 1305 maxime
2080 1252 2207 1317 labi,
2232 1260 2284 1307 et
2307 1253 2361 1305 in
2394 1269 2451 1307 re
2480 1262 2665 1324 aperta
2692 1253 2946 1308 caecutire
2971 1256 3126 1323 plura
3152 1263 3281 1310 sunt
3308 1270 3399 1309 aro

1820 1350 2100 1413 gumento,
2139 1350 2192 1398 et
2234 1343 2289 1397 in
2335 1343 2439 1399 hoc
2487 1358 2704 1400 errasse
2727 1343 3001 1399 Victorem
3046 1345 3396 1401 manifestum

1818 1440 1925 1498 est,
1951 1450 2056 1486 non
2091 1437 2215 1503 quia
2244 1450 2383 1504 opus
2438 1434 2515 1488 De
2538 1438 2826 1489 canonibus
2898 1437 3207 1505 euangelicis
3233 1437 3400 1493 εδει-ἰ·

1819 1526 1991 1594 pserit
2024 1524 2274 1591 Tatiano,
2309 1525 2453 1595 quod
2487 1526 2622 1581 l‘also
2650 1527 2727 1580 illi
2762 1527 2993 1598 imputat
3038 1527 3395 1593 Possevinus,

1819 1630 2091 1685 nusquam
2122 1617 2254 1670 illud
2280 1616 2583 1672 afﬁrmante
2610 1616 2849 1683 Victore,
2895 1620 3005 1672 imo
3033 1620 3395 1684 contrarium,

1820 1706 1866 1761 si
1897 1714 2043 1761 recte
2073 1712 2235 1762 verba
2265 1706 2412 1763 illius
2434 1708 2849 1764 considerentur
2868 1725 2882 1772 ;
2903 1708 2985 1761 ait
3010 1709 3157 1763 enim
3192 1709 3247 1763 in
3264 1708 3401 1762 Prte-

1820 1794 2058 1850 l'atione:
2084 1794 2217 1848 Dum
2250 1796 2471 1864 fortuito
2490 1797 2545 1849 in
2569 1813 2760 1850 manus
2797 1813 2938 1849 meas
2973 1792 3399 1849 incideretunum

147 1892 304 1944 ramis
355 1862 595 1945 Dercetis
632 1890 749 1959 ﬁlia
794 1890 849 1944 in
896 1862 1058 1959 Spria
1091 1888 1414 1958 Babylonem
1458 1862 1714 1944 condidit.
1749 1862 1793 1920 Β
1821 1901 1892 1939 ετ
1905 1896 2137 1956 quatuor
2164 1862 2502 1959 Evangelium
2534 1888 2966 1959 compositum,et
2997 1885 3209 1940 absente
3241 1885 3399 1939 titulo

145 1980 508 2053 Hieronymus
526 1979 678 2037 Isaiae
703 1997 795 2047 ιι,
812 1979 955 2047 Quos
972 1990 1162 2036 veteres
1176 1981 1447 2052 Assyrios,
1467 1997 1607 2035 nunc
1624 1998 1717 2036 nos

148 2090 382 2129 vocamus
406 2073 591 2145 Syros.
619 2072 947 2130 Transmisit
971 2075 1060 2129 hic
1084 2075 1251 2128 multa
1269 2075 1577 2144 posteritati
1610 2090 1704 2131 γοα

146 2165 366 2231 lumina,
383 2182 453 2221 ex
473 2165 673 2237 quibus
707 2166 938 2237 insignis
969 2165 1059 2221 ille
1073 2165 1155 2220 Ad
1183 2176 1355 2235 gentes
1387 2166 1526 2220 liber
1558 2182 1716 2236 quem

146 2253 282 2324 apud
328 2256 531 2310 multos
592 2255 829 2309 maximo
866 2254 1043 2310 fuisse
1090 2258 1146 2311 in
1193 2265 1368 2326 pretio
1412 2265 1467 2309 et
1513 2256 1711 2310 honore

145 2346 515 2400 monumentis
554 2346 811 2400 traditum
846 2353 953 2408 est.
988 2346 1058 2419 in
1089 2361 1200 2416 quo
1230 2347 1299 2401 de
1342 2346 1543 2418 Moysis
1582 2347 1717 2401 anti-

146 2434 349 2503 quitate
386 2436 558 2490 multa
591 2436 834 2491 disserit.
869 2435 1168 2490 Chronicon
1196 2436 1615 2490 Alexandrinum
1649 2450 1716 2495 ex

147 2522 359 2579 Eusebii
392 2525 472 2579 De
505 2524 629 2581 hist.
654 2526 946 2581 ecclesiasl.
977 2526 1052 2581 lib
1082 2541 1158 2592 tv,
1189 2542 1309 2596 cap.
1343 2527 1414 2581 27
1441 2527 1718 2580 ςΚαταλέ-

146 2612 291 2667 λοιπε
328 2615 386 2669 δὲ
424 2609 578 2679 οὗτος
624 2616 756 2670 πολύ
798 2634 849 2670 τι
891 2615 1091 2688 πλῆθος
1136 2618 1602 2688 συγγραμμάτων.
1641 2612 1716 2673 ὧν

149 2704 373 2773 μάλιστα
403 2708 559 2776 παρὰ
591 2706 801 2767 πολλοῖς
828 2707 1223 2778 μνημονεύεται
1242 2708 1522 2786 διαϐόητος
1552 2709 1712 2762 αὑτοῦ

147 2795 291 2862 λόγος
315 2799 345 2850 6
384 2800 867 2868 πρὸςἝλλην-ας,
904 2803 961 2853 ὲν
984 2795 1028 2868 ᾧ
1048 2802 1141 2853 καὶ
1170 2800 1279 2853 τῶν
1300 2801 1560 2855 ἀνέκαθεν
1591 2802 1717 2873 χρό-

147 2896 246 2938 νων
298 2889 675 2959 μνημονεύσας
696 2929 710 2954 ,
755 2890 862 2943 τῶν
920 2893 1050 2961 παρ’
1103 2891 1361 2961 Ἕλλησιν
1409 2888 1712 2961 εὐδοκίμων

148 2977 391 3031 ἁπάντων
442 2979 645 3032 Μωσέα
695 2995 755 3031 τε
797 2980 892 3032 καὶ
935 2980 1064 3042 τοὺς
1122 2980 1388 3050 Ἑϐραίων
1428 2982 1711 3052 προφήτας

147 3056 382 3139 ἀπέφηνε
428 3070 915 3142 προγενεστέρουςο
945 3071 1004 3133 ὃς
1031 3070 1094 3141 δὴ
1131 3072 1224 3124 καὶ
1260 3073 1408 3124 δοκεῖ
1441 3072 1550 3125 τῶν
1580 3088 1713 3139 συγ-

147 3160 478 3231 γραμμάτων
507 3160 672 3217 αύτοῦ
704 3163 919 3217 πάντων
953 3162 1183 3217 καλλίων
1210 3180 1270 3216 τε
1300 3166 1391 3217 καὶ
1423 3164 1713 3236 ὠφελιμώ-

147 3262 295 3314 τατος
324 3250 610 3322 ὑπάρχειν.
637 3249 696 3305 In
723 3267 788 3306 eo
812 3267 935 3306 cum
967 3261 1113 3307 retro
1142 3262 1262 3306 acta
1291 3262 1534 3323 tempora
1564 3270 1714 3309 com-

151 3350 517 3409 memorasset,
568 3344 821 3397 omnibus
860 3344 1004 3414 apud
1046 3343 1266 3399 Graecos
1305 3346 1560 3410 laudatis,
1595 3362 1717 3416 pro-

156 3429 393 3501 batisque
415 3432 512 3503 (ita
538 3434 682 3488 enim
704 3443 879 3500 verto,
908 3450 1016 3490 non
1048 3445 1107 3489 ut
1146 3435 1441 3508 interpres)
1472 3436 1711 3507 Moysem

151 3526 201 3572 et
238 3518 585 3576 llebraaorum
614 3534 766 3579 vates
806 3524 1137 3581 vetustiores
1183 3528 1443 3583 ostendit.
1481 3528 1713 3599 Scripsit

154 3606 445 3666 Orationem
477 3613 548 3666 ad
587 3612 795 3680 Gentes,
844 3618 936 3687 qni
969 3618 1107 3672 liber
1151 3619 1326 3689 ipsius
1355 3635 1419 3675 ex
1458 3622 1712 3676 omnibus

152 3716 278 3769 quos
318 3705 542 3775 scripsit
582 3707 742 3777 longe
794 3709 1194 3779 pulcherrimus
1240 3719 1344 3775 est,
1391 3720 1447 3766 et
1492 3712 1714 3765 utilissi-

152 3806 285 3859 mus,
317 3806 370 3849 et
400 3796 491 3850 hic
519 3796 655 3852 liber
678 3798 817 3852 idem
843 3809 896 3854 et
919 3816 1061 3856 unus
1091 3808 1196 3865 est,
1228 3818 1338 3856 non
1369 3802 1619 3857 diversus
1653 3812 1712 3856 ut

153 3886 464 3951 opinabatur
499 3886 855 3953 Possevinus,
890 3906 1012 3945 cum
1060 3892 1153 3945 illo
1176 3899 1410 3947 tractatu
1446 3894 1710 3949 adversus

153 3977 379 4043 eosdem,
399 3981 492 4049 qui
520 3980 668 4036 linit:
700 3980 882 4033 Ταῦτα
904 3982 1021 4051 μὲν,
1058 3975 1102 4035 ὦ
1130 3981 1322 4053 ἄνδρες
1354 3984 1633 4055 Ἕλληνες,
1683 3986 1712 4038 ὁ

156 4067 281 4120 κατὰ
306 4068 612 4142 βαρϐάρους
640 4072 941 4142 φιλοσοφῶν
968 4075 1225 4138 Τατιανὸς
1257 4075 1541 4138 συνέταξα,
1584 4093 1709 4143 γεν-

154 4158 318 4225 νηθεὶς
352 4161 448 4230 μὲν
474 4164 534 4215 ὲν
555 4165 621 4233 τῇ
641 4164 749 4216 τῶν
788 4164 1082 4236 ’Δσσυρίων
1110 4168 1199 4236 γῇ,
1230 4165 1539 4229 παιδευθεὶς
1562 4167 1709 4237 πρῶ-

152 4264 232 4300 τον
261 4250 354 4320 μὲν
379 4252 450 4304 τὰ
479 4253 745 4325 ὑμέτερα,
778 4254 1001 4323 δεύτερα
1037 4255 1093 4308 δὲ
1126 4256 1281 4309 ἅτινα
1310 4257 1405 4309 νῦν
1446 4258 1709 4327 κρύπτειν

156 4338 289 4407 (fort.
325 4343 636 4415 κηρύττειν)
667 4347 1088 4417 ἐπαγγέλλομαι.
1124 4338 1411 4402 Γινώσκων
1448 4351 1504 4403 δὲ
1527 4351 1708 4404 λοιπὸν

152 4432 225 4495 τίς
246 4434 272 4484 6
290 4434 437 4500 Θεὸς,
464 4439 558 4490 καὶ
585 4440 669 4502 τίς
692 4439 833 4493 κατὰ
858 4442 1018 4493 αὐτὸν
1051 4442 1284 4510 ποίησις,
1313 4442 1527 4512 ἕτοιμον
1551 4446 1711 4512 ἐμαυ-

1824 1993 1925 2029 ηοη
1964 1978 2248 2032 invenirem
2283 1996 2469 2032 nomen
2508 1979 2768 2039 auctoris,
2810 1968 3089 2047 diligenter
3127 1975 3397 2046 inquirens

1820 2070 1909 2140 qui
1937 2080 2083 2139 gesta
2105 2071 2181 2124 vel
2203 2073 2347 2124 dicta
2377 2070 2593 2123 Domini
2630 2080 2679 2123 et
2702 2069 3001 2125 Saluatoris
3025 2070 3193 2123 nostri
3241 2084 3401 2122 evan-

1818 2160 1987 2231 gelica
2024 2161 2240 2215 lectione
2271 2162 2519 2222 discreta.
2571 2164 2624 2216 in
2659 2162 2895 2215 ordinem
2928 2178 3027 2231 quo
3068 2178 3123 2215 se
3154 2160 3400 2229 consequi

1820 2251 2151 2311 videbantur,
2186 2269 2287 2306 non
2330 2253 2547 2306 minimo
2591 2252 2756 2305 studii
2790 2252 2969 2305 labore
2999 2251 3274 2321 redegerit,
3314 2268 3397 2305 re-

1817 2343 1929 2410 peri
1966 2344 2303 2397 Ammonium
2334 2344 2612 2414 quemdam
2651 2343 3094 2405 Alexandrinam,
3116 2344 3206 2414 qui
3231 2358 3400 2397 cano-

1818 2448 1925 2486 ιιιιιι
1953 2448 2160 2496 quoque
2217 2450 2504 2489 EVANGELII
2561 2450 2771 2488 rnnrun
2807 2449 3104 2496 mvesron,
3148 2432 3395 2486 Matthtri

1818 2521 2106 2592 Evangelia
2146 2527 2470 2594 reliquorum
2500 2526 2658 2577 trium
2688 2535 2929 2593 excerpta
2946 2525 3211 2593 junxisse,
3246 2540 3308 2579 ac
3336 2525 3395 2578 in
3450 2588 3459 2598 ‘

1816 2630 1979 2666 unam
2026 2616 2214 2668 seriem
2254 2614 2600 2684 Evangelium
2644 2618 2910 2678 nexuisse,
2954 2625 3091 2669 sicut
3134 2615 3393 2670 Eusebius

1814 2706 2090 2773 episcopus
2140 2704 2412 2773 Carpiano
2457 2705 2669 2757 cuidam
2718 2705 2949 2758 scribens
2987 2708 3043 2757 in
3081 2705 3395 2773 praefatione

1815 2795 2064 2849 editionis
2085 2813 2216 2861 sum,
2250 2813 2352 2866 qua
2395 2812 2619 2849 canones
2661 2798 2937 2848 memorati
2979 2794 3253 2865 Evangelii
3281 2796 3396 2849 edi-

1816 2887 1915 2948 dit,
1955 2888 2246 2955 supradicti
2278 2888 2375 2941 viri
2406 2890 2648 2941 imitatus
2677 2887 2942 2951 studium,
2978 2888 3135 2956 refert
3164 2888 3218 2941 in
3254 2886 3395 2941 hunc

1818 2977 2390 3034 modum:Antmonius
2414 2981 2628 3050 quidam
2656 2980 3307 3045 Alexandrinus,multum
3335 2990 3395 3035 ut

1817 3065 2051 3119 arbitror
2084 3066 2280 3121 laboris
2314 3076 2361 3120 et
2400 3070 2567 3123 studii
2602 3071 2927 3138 impendens,
2970 3084 3130 3121 unum
3173 3084 3237 3122 ex
3268 3085 3395 3138 qua-

1820 3170 1940 3210 tuor
1985 3156 2132 3211 nobis
2171 3158 2383 3229 reliquit
2412 3158 2757 3229 Evangelium
2787 3177 2892 3224 ;ea:
2932 3160 3157 3213 historia
3194 3174 3396 3229 quoque

1814 3250 1929 3317 ejus
1964 3252 2213 3319 comperi,
2243 3263 2348 3305 etc.
2376 3250 2565 3305 Graeca
2608 3251 2827 3307 Eusobii
2871 3254 3038 3325 ycrha
3081 3250 3172 3305 illa
3219 3258 3391 3306 sunt:

1827 3338 2135 3410 Ἀμμώνιος
2178 3342 2275 3411 μὲν
2328 3344 2357 3394 6
2393 3341 2794 3413 Ἀλεξανδρεὺς,
2835 3332 3053 3409 πολλὴν,
3102 3341 3178 3404 ὡς
3224 3340 3392 3403 εἰκὸς,

1815 3416 2128 3497 φιλοπονίαν
2153 3430 2244 3481 καὶ
2270 3430 2505 3500 σπουδὴν
2536 3430 2895 3501 εἰσαγηοχὼς,
2917 3431 2976 3482 τὸ
3000 3430 3085 3483 διὰ
3113 3429 3393 3501 τεσσάρων

1815 3523 1945 3592 ἡμῖν
1975 3523 2359 3577 καταλέλοιπεν
2409 3526 2761 3593 Εὑαγγέλιον,
2800 3523 2877 3593 τῷ
2925 3522 3065 3575 κατὰ
3116 3520 3394 3576 Ματθαίον

1810 3614 1912 3677 τὰς
1936 3614 2251 3685 ὁμοφώνους
2281 3616 2388 3668 τῶν
2418 3617 2617 3669 λοιπῶν
2662 3614 3060 3682 εὐαγγελιστῶν
3089 3612 3394 3684 περικοπὰς

1813 3705 2102 3776 παραθεὶς.
2133 3707 2208 3770 ὡς
2240 3707 2298 3771 ἐξ
2330 3707 2575 3778 ἀνάγκης
2616 3707 2890 3777 συμϐῆναι
2931 3708 3022 3760 τὸν
3046 3705 3146 3775 τῆς
3171 3703 3397 3757 ἀκολου-

1813 3797 1933 3860 θίας
1970 3798 2157 3868 εἱρμὸν
2189 3799 2297 3850 τῶν
2322 3798 2488 3869 τριῶν
2510 3798 2871 3868 διαφθαρῆναι
2897 3799 3018 3850 ὅσον
3044 3797 3136 3849 ἐπὶ
3161 3794 3238 3865 τῷ
3266 3794 3393 3862 ὕφει

1811 3890 1911 3957 τῆς
1940 3888 2319 3957 ἀναγνώσεως,
2357 3898 2410 3944 et
2443 3888 2675 3945 inferius
2713 3891 2855 3943 idem
2902 3887 3107 3949 Victor,
3136 3886 3389 3947 Arbitror

1810 3983 1949 4035 enim
1978 3992 2249 4049 propterea
2275 4000 2376 4035 non
2404 3984 2694 4047 Ammrmii,
2736 3981 2827 4035 sed
2869 3980 3025 4049 hujus
3056 3996 3168 4033 esse
3209 3977 3395 4031 editio-

1814 4090 1931 4126 nem
1964 4076 2239 4126 memorati
2285 4075 2588 4139 voluminis,
2628 4074 2768 4143 quod
2804 4075 3112 4126 Ammonius
3148 4070 3392 4122 Mattha’i

1811 4162 1983 4230 fertur
2016 4165 2292 4226 relationi,
2330 4164 2766 4234 evangelistarum
2824 4165 3143 4231 reliquorum
3175 4161 3392 4214 relatio-

1812 4270 1935 4305 num
1972 4255 2225 4307 discretos
2259 4257 2572 4309 annexuisse
2599 4272 2880 4309 sermones.
2922 4255 3023 4307 Hic
3066 4271 3183 4307 vero
3221 4253 3393 4306 sancti

1814 4345 1969 4399 Luca:
2009 4348 2268 4414 principia
2317 4361 2615 4415 assumpta,
2664 4351 2987 4419 reliquorum
3040 4348 3196 4399 trium
3247 4345 3391 4399 dicta

1812 4439 2143 4507 conjunxerit
2170 4440 2362 4506 utjure
2392 4441 2588 4509 ambigi
2613 4442 2776 4508 possit
2808 4449 2985 4491 utrum
3010 4438 3295 4496 Ammonii,
3320 4453 3391 4488 an

152 4521 235 4575 τὸν
277 4525 402 4593 ἡμῖν
447 4528 585 4597 πρὸς
619 4529 717 4598 τὴν
771 4530 1053 4599 ἀνάκρισιν
1107 4531 1214 4582 τῶν
1265 4530 1547 4601 δογμάτων
1576 4550 1714 4603 παρ-

1822 4528 2031 4581 Tatiani
2076 4532 2303 4583 inventio
2363 4532 2594 4598 ejusdem
2637 4532 2807 4598 operis
2866 4530 3047 4583 debeat
3110 4528 3388 4581 a’stimari.

156 4612 348 4683 ίστημι,
416 4619 682 4688 μενούσης
729 4637 819 4689 μοι
859 4621 999 4673 κατὰ
1028 4620 1158 4672 Θεὸν
1185 4621 1460 4685 πολιτείας
1499 4623 1718 4693 ἀνεξώρ-

156 4702 319 4771 νήιον.
358 4703 593 4776 Scripsit
620 4718 673 4762 et
702 4708 849 4761 aliud
891 4725 1030 4778 opus
1051 4711 1193 4778 quod
1248 4709 1583 4765 Dialessaron
1622 4727 1717 4781 ap-

157 4794 379 4859 pellavit,
410 4812 474 4852 ex
509 4807 747 4867 quatuor
788 4799 1147 4871 Evangelistis
1176 4801 1463 4854 collectum
1494 4817 1507 4865 ;
1541 4803 1606 4856 de
1652 4818 1717 4856 eo

157 4882 259 4938 inec
294 4884 451 4941 habet
476 4890 773 4945 Chronicon
811 4892 1222 4945 Alexandrinum
1252 4908 1315 4945 ex
1348 4891 1580 4946 Eusebio
1614 4910 1626 4944 :
1657 4893 1712 4945 Ὀ

161 4974 390 5044 μέντοιγε
441 4980 705 5049 πρότερος
745 4983 922 5035 αὐτῶν
970 4983 1230 5045 Τατιανὸς
1279 4983 1561 5050 συνάφεια.
1596 5001 1716 5036 τινα

160 5065 243 5119 καὶ
273 5070 609 5140 συναγωγὴν,
637 5074 735 5127 οὐκ
760 5072 854 5126 οἷδ’
874 5077 1040 5138 ὅπως,
1065 5075 1171 5127 τῶν
1198 5075 1537 5142 Εὑαγγελίων
1562 5093 1717 5145 ποιη-

162 5156 393 5225 σάμενος,
432 5160 492 5212 τὸ
532 5163 634 5215 Διὰ
671 5164 982 5230 τεσσάρων
1028 5166 1183 5218 τοῦτο
1213 5167 1658 5235 προσωνόμασεν,
1688 5170 1715 5220 6

162 5248 293 5318 παρά
320 5266 458 5304 τισιν
494 5254 663 5305 εἰσέτι
706 5258 799 5309 καὶ
838 5257 933 5309 νῦν
988 5258 1230 5328 φέρεται.
1268 5262 1397 5323 Qua:
1430 5261 1505 5311 ita
1551 5262 1713 5312 veiti-

162 5351 269 5392 mns
326 5359 339 5394 :
405 5341 699 5397 Enimvero
751 5347 837 5400 his
891 5347 1167 5417 antiquior
1215 5348 1479 5403 Tatianus
1530 5352 1711 5405 nescio

164 5444 255 5495 qua
294 5431 711 5504 Evangeliorum
740 5440 1087 5502 cohaerentia,
1140 5448 1194 5495 ct
1245 5443 1561 5497 collectione
1593 5460 1710 5511 per-

166 5521 307 5583 lecta,
332 5532 781 5588 quam,ctc.,non
802 5530 1155 5597 confusionem
1188 5544 1236 5585 et
1266 5532 1617 5604 Synagogam.
1656 5543 1713 5586 ut

166 5626 269 5679 ejus
296 5616 574 5687 interpres,
594 5618 687 5672 sed
719 5636 841 5672 cum
882 5630 1084 5677 mentio
1116 5626 1187 5679 sit
1215 5625 1283 5679 de
1311 5626 1447 5679 libro
1480 5628 1578 5679 hoc
1609 5625 1715 5677 Ta-

169 5703 284 5757 tiani
317 5725 468 5775 quem
503 5710 900 5781 Δια-τεσσάρων,
944 5728 1052 5767 non
1087 5732 1141 5768 υι
1190 5717 1355 5771 refert
1394 5716 1575 5771 Victor
1610 5716 1711 5770 Ca-

176 5809 381 5868 puanus,
424 5801 697 5873 Diapente,
748 5802 1046 5875 inscripsit,
1078 5823 1186 5862 non
1221 5809 1319 5865 abs
1347 5824 1405 5864 re
1454 5810 1588 5863 mihi
1619 5810 1713 5863 vi-

1818 4620 2011 4673 Nuilus
2042 4637 2103 4673 ex
2151 4623 2237 4675 his
2284 4619 2526 4675 Victoris
2577 4639 2732 4677 error
2785 4622 3233 4691 deprehenditur,
3266 4636 3390 4673 cum

1817 4727 1954 4780 Opus
1981 4712 2053 4764 De
2101 4714 2391 4767 canonibus
2436 4717 2765 4781 apostolicis,
2800 4714 2944 4785 quod
2989 4714 3158 4767 fuisse
3212 4714 3391 4765 diver-

1774 4830 1781 4855 :
1818 4820 1936 4856 sum
1969 4805 2037 4856 ab
2066 4820 2229 4873 opere
2265 4816 2317 4858 et
2352 4806 2644 4860 Harmonia
2675 4809 2940 4874 ejusdem
2986 4806 3393 4875 Evangeliorum

1820 4910 2043 4949 necesse
2076 4895 2195 4956 fuit,
2226 4914 2333 4950 non
2366 4906 2519 4965 putat
2546 4915 2665 4952 esse
2693 4898 2913 4951 Tatiani
2953 4898 3047 4952 sed
3093 4897 3389 4950 Aminonii.

1819 4985 1925 5038 Sed
1954 5002 2108 5040 error
2139 4988 2287 5041 illius
2328 4996 2409 5041 est
2442 5005 2601 5058 quem
2640 5005 2747 5041 non
2781 4998 2862 5043 est
2898 4990 3159 5042 odoratus
3196 4987 3391 5041 Posse-

1816 5075 1996 5137 vinus,
2030 5078 2280 5143 quamvis
2332 5079 2468 5132 alios
2517 5078 2766 5131 habuerit
2822 5087 2945 5131 ante
2992 5087 3266 5138 auctores,
3296 5075 3390 5144 qui

1817 5164 1968 5215 illum
1994 5165 2328 5225 adnutarint,
2365 5166 2510 5234 quod
2552 5166 2902 5219 Harmoniam
2954 5165 3380 5235 Evangeliorum,

1817 5272 1939 5324 quae
1962 5268 2077 5311 erat
2120 5258 2421 5325 legitimum
2467 5274 2605 5327 opus
2642 5260 2937 5320 Ammouii,
2972 5258 3205 5311 Tuiiuno
3255 5258 3391 5312 falso

1816 5347 2155 5417 ascripserit.
2212 5348 2496 5401 Consimili
2548 5349 2786 5403 Victoris
2839 5366 3027 5402 errore
3078 5350 3211 5418 lapsi
3264 5354 3389 5402 sunt

1815 5438 2112 5507 Gregorius
2146 5439 2352 5493 Ederus
2390 5441 2482 5494 lib.
2520 5456 2579 5492 ιιι
2636 5440 2971 5494 (Eranomim
2992 5440 3305 5504 Bibliurum,
3339 5449 3387 5493 et

1818 5538 2003 5590 Sixtus
2030 5538 2289 5592 Senensis
2316 5539 2408 5591 lib.
2442 5556 2492 5591 IV
2541 5538 2879 5591 Bibliotheca:
2912 5541 2963 5592 in
2996 5539 3283 5591 Ammonio
3331 5547 3387 5591 et

1816 5627 2064 5682 Tatiano.
2120 5628 2417 5683 Reddimns
2464 5632 2647 5698 itaque
2691 5632 2927 5698 genuino
2962 5631 3171 5699 parenti
3228 5643 3387 5682 suum

1817 5718 2005 5780 fetum,
2038 5729 2088 5773 et
2116 5721 2338 5772 mutatis
2377 5722 2428 5771 in
2456 5720 2809 5787 inscriptione
2856 5720 3191 5781 nominibus,
3233 5717 3387 5770 libel-

1815 5812 1926 5864 lunt
1957 5811 2071 5866 sive
2100 5809 2511 5879 Evange.iorunn
2555 5812 3029 5874 concordantiam,
3069 5818 3123 5865 et
3159 5809 3369 5862 "arma
