4042 6338
685 321 792 379 008

2023 320 2274 379 ιεοΝιε
2307 318 2584 376 ΑιιΑτιι

3822 332 3919 386 εει

680 439 846 503 niam,
871 452 992 508 quae
1019 437 1122 494 sub
1147 437 1361 494 Tatiani
1393 440 1614 496 nomine
1645 440 2051 506 circumfertur,
2078 451 2134 497 et
2165 444 2248 496 in-
2277 447 2321 502 Α
2353 440 2564 505 sebius,
2587 440 2790 497 Eccles.
2821 443 2947 500 bist.
2977 445 3073 502 lib.
3093 461 3176 510 tu,
3205 461 3329 518 cap.
3355 447 3424 516 9;
3457 446 3854 528 Hierony‘us,
3872 456 3919 508 in

679 532 832 601 cipit,
863 530 1126 598 Quoniam
1146 531 1356 601 quidem
1379 533 1534 585 multi
1571 534 1749 586 conati
1787 542 1930 595 sunt,
1965 549 2128 604 quam
2168 533 2247 588 Vi-

681 628 804 674 ctor
830 618 1079 683 Tatiano,
1123 629 1178 674 et
1219 636 1344 675 cum
1373 636 1440 676 eo
1470 623 1653 692 plures
1689 623 1780 678 alii
1828 623 2092 688 referunt,
2118 626 2248 678 Am-

683 712 870 765 monio
916 712 1285 767 Alexandrino
1315 714 1394 767 uti
1439 715 1737 784 genuinum
1785 715 1953 771 letum
1996 717 2245 772 restitui-

682 816 824 863 mus.
842 801 1066 857 alteram
1111 819 1262 870 vero,
1301 820 1422 874 qua:
1465 806 1680 876 praefert
1710 823 1907 862 nomen
1948 808 2245 872 Ammonii,

681 889 914 945 Tatiano
944 891 1012 948 de
1030 908 1140 962 quo
1165 895 1324 950 nobis
1352 903 1437 951 est
1466 913 1665 961 sermo,
1697 905 1751 952 et
1770 899 1981 970 incipit,
2020 899 2080 953 ln
2099 903 2250 969 prin-

681 979 816 1047 cipio
850 990 966 1034 erat
992 982 1233 1038 Verbum.
1268 984 1478 1038 Etenim
1534 1001 1654 1056 qua:
1686 986 1978 1053 Eusebius,
2022 990 2246 1047 Chroni-

679 1087 800 1125 cum
844 1075 1286 1142 Alexandrinum,
1330 1076 1737 1146 Theodoretus,
1783 1082 1850 1137 de
1900 1083 2247 1141 Diatessaron

682 1164 896 1219 Tatlani
924 1166 1208 1235 prodidere
1225 1169 1351 1224 huic
1368 1174 1722 1229 conveniunt.
1751 1173 2040 1242 Eusebius,
2068 1178 2164 1234 lib.
2199 1191 2252 1231 tv

685 1255 827 1310 Hist.
862 1258 1071 1322 eccles.,
1103 1275 1223 1328 cap.
1257 1259 1346 1323 27,
1380 1262 1456 1316 ita
1491 1265 1722 1321 scribit:
1758 1266 2015 1324 Tatianus
2043 1270 2134 1324 ille
2158 1271 2248 1341 qui

679 1355 795 1400 erat
816 1349 1018 1415 primus
1051 1365 1231 1403 eorum
1248 1363 1454 1417 auctor,
1484 1362 1536 1408 et
1567 1357 1805 1426 princeps
1833 1361 2247 1428 conjunctionem

680 1439 987 1507 quamdam,
1015 1441 1176 1494 etiam
1226 1444 1586 1500 collectionem
1632 1447 2036 1519 Euangeliorum
2077 1455 2249 1507 nescio

680 1525 942 1592 quomodo
986 1532 1298 1596 composuit,
1334 1534 1568 1604 illudque
1593 1551 1720 1604 opus
1762 1540 1864 1593 Διὰ
1895 1541 2208 1610 τεσσάρων
2231 1584 2248 1608 ,

682 1612 738 1665 id
766 1615 865 1678 esi,
908 1612 1081 1669 Unum
1104 1617 1445 1690 Euangelium
1471 1641 1534 1678 ea:
1559 1638 1788 1694 quatuor
1816 1629 2092 1685 collectum
2118 1649 2252 1686 nun-

679 1707 908 1773 cupavit,
942 1709 1081 1776 quod
1121 1712 1280 1764 etiam
1332 1713 1505 1769 adhuc
1537 1720 1889 1786 quorumdam
1935 1723 2158 1778 habetur
2195 1728 2250 1780 in

2357 530 2453 585 lib.
2478 530 2556 585 De
2584 534 2930 602 scriptoribus
2975 539 3179 601 eccles.,
3209 549 3264 596 et
3291 537 3526 608 Epistula
3556 541 3625 594 ad
3640 533 3916 615 Ruﬁni,

2353 628 2625 676 oratorem
2647 622 2972 690 Romanum;
2997 625 3352 693 Sozomenus,
3375 631 3466 684 lib.
3492 648 3531 694 ι.
3552 646 3677 701 cap.
3704 633 3760 697 1,-
3788 631 3915 698 Eva-

2356 714 2528 782 grius,
2566 716 2660 772 lib.
2689 733 2741 782 ν,
2771 733 2893 788 cap.
2922 717 3022 786 εις
3046 719 3291 787 Photius,
3325 723 3379 777 in
3399 721 3778 784 Bibliotheca;
3806 723 3914 782 Sul-

2356 805 2477 868 dss.
2509 805 2627 876 ipse
2653 806 2722 862 de
2751 809 3073 879 sepluribus
3091 812 3145 865 in
3174 812 3343 879 locis;
3371 810 3640 885 Iosephus
3677 813 3912 886 Scaliger

2354 894 2408 948 in
2432 893 2736 966 Prolegom.
2764 901 2818 952 ln
2853 901 2944 957 lib.
2979 899 3056 954 De
3071 904 3430 959 emendatione
3461 916 3789 973 temporum,
3839 910 3907 962 ri-

2354 1000 2475 1040 rum
2502 987 2649 1042 hunc
2681 1005 3024 1060 summopere
3072 993 3274 1058 laudat,
3313 995 3708 1067 historicisque
3743 999 3908 1053 omni-

2354 1077 2458 1132 bus
2494 1076 2698 1133 Graecis
2765 1091 2820 1134 et
2855 1080 3066 1138 Latinis
3105 1087 3403 1156 anteponit.
3436 1088 3906 1158 Diligentissitlu.

2352 1165 2548 1234 inquit,
2580 1169 2674 1220 καὶ
2710 1169 3162 1240 φιλαληθέσταως
3197 1178 3430 1230 omnium
3463 1182 3793 1249 scriptorum
3822 1181 3909 1236 Jo-

2355 1259 2564 1325 sepltus,
2599 1259 2664 1314 de
2700 1277 2801 1330 quo
2831 1279 2926 1316 nos
2967 1264 3219 1319 audacter
3247 1269 3488 1335 dicimus,
3521 1290 3620 1326 non
3653 1275 3837 1326 solum
3862 1277 3907 1328 is

2355 1349 2508 1404 rebus
2530 1349 2798 1417 Judaicis,
2823 1355 2915 1408 sed
2933 1357 3094 1410 etiam
3116 1359 3170 1411 in
3195 1363 3422 1414 externis
3445 1365 3604 1416 tutius
3631 1364 3727 1417 illi
3753 1367 3905 1428 credi,

2359 1455 2518 1509 quam
2554 1443 2796 1497 omnibus
2843 1443 3038 1502 Grecis
3106 1458 3155 1502 et
3195 1448 3402 1505 Latinis
3437 1470 3456 1506 :
3488 1455 3662 1524 itaque
3709 1457 3908 1510 desinat

2357 1533 2545 1586 mirari
2575 1534 2758 1588 doctus
2791 1536 2870 1590 cir
2893 1579 2907 1600 ,
2940 1554 3032 1591 cur
3062 1548 3138 1592 tot
3181 1542 3377 1595 eruditi
3398 1554 3448 1596 et
3477 1561 3566 1598 nos
3591 1564 3804 1616 quoque
3829 1550 3907 1616 qui

2359 1636 2462 1673 non
2494 1624 2550 1675 in
2593 1624 2703 1678 illis
2743 1627 2988 1692 eruditis,
3025 1631 3114 1684 sed
3157 1631 3312 1701 hujus
3365 1635 3635 1701 scriptoris
3694 1636 3910 1690 lectione

2358 1714 2616 1781 peregrini
2644 1732 2746 1768 non
2788 1734 2993 1781 sumus,
3027 1729 3232 1774 tantum
3263 1724 3348 1776 illi
3391 1724 3713 1792 deferamus,
3767 1744 3908 1794 cujus

679 1797 945 1850 manibus.
986 1799 1063 1853 Ex
1098 1799 1333 1859 Eusebio
1372 1805 1551 1861 locum
1583 1809 1727 1864 hunc
1751 1818 1922 1867 totum
1957 1814 2247 1885 descripsit

2358 1799 2487 1866 fides
2513 1810 2565 1854 et
2593 1805 2822 1859 eruditio
2867 1808 2922 1860 in
2947 1810 3187 1865 omnibus
3231 1812 3417 1867 elucet.
3461 1813 3681 1870 Gaudeo
3727 1817 3908 1874 laudes

677 1885 997 1943 Chronicum
1032 1891 1442 1950 Alexandrinum
1481 1908 1534 1953 et
1571 1899 1928 1972 Nicephorus,
1954 1905 2095 1961 Hist.
2119 1909 2246 1963 eccl.

679 1976 718 2065 I.
754 1994 827 2036 Iv.
859 1994 908 2033 c.
945 1981 1000 2046 4,
1033 1983 1086 2037 in
1116 2000 1226 2054 quo
1271 2003 1404 2042 sane
1443 1989 1596 2057 illud,
1630 1991 1822 2048 Nescio
1845 1997 2122 2065 quomodo,
2149 2000 2250 2054 οὐκ

676 2064 772 2121 οἷδ’
802 2071 970 2137 ὅπως,
1010 2077 1466 2134 considerandum
1497 2091 1616 2148 est;
1647 2083 1796 2141 fraus
1831 2064 1974 2142 enim
2021 2090 2105 2144 vel
2151 2091 2248 2145 do-

678 2160 764 2216 lus
824 2163 1062 2219 haeretici
1123 2171 1362 2225 auctoris
1427 2173 1682 2230 indecore
1733 2184 1787 2231 et
1844 2193 1983 2243 non,
2027 2188 2087 2234 ut
2152 2195 2251 2250 par

677 2258 829 2318 erat,
882 2268 1021 2323 Opus
1067 2256 1200 2312 illud
1244 2261 1631 2319 concinnantis
1684 2266 1845 2322 nobis
1888 2268 2246 2338 signiﬁcatur,

677 2342 824 2411 quod
872 2342 1250 2404 Theodoretus
1303 2352 1480 2420 palam
1523 2358 1764 2424 exponit,
1811 2359 1903 2413 lib.
1957 2377 1973 2414 ι
2044 2360 2244 2416 Haeret.

678 2432 873 2501 fabul.,
905 2436 990 2492 his
1019 2439 1198 2495 verbis
1233 2442 1521 2500 :Tatianus
1555 2452 1843 2516 composuit
1883 2454 2041 2506 etiam
2073 2453 2247 2508 Evan-

677 2527 872 2596 gelium
901 2531 1041 2597 quod
1089 2532 1285 2586 dicitur
1321 2538 1423 2589 Διὰ
1465 2540 1795 2608 τεσσάρων,
1836 2547 2126 2612 amputatis
2167 2564 2251 2618 ge-

678 2617 934 2688 nealogiis
968 2630 1018 2674 et
1065 2623 1209 2685 aliis,
1257 2641 1576 2698 quiscunque
1626 2633 1905 2688 ostendunt
1962 2617 2246 2691 hominum

677 2720 864 2764 natum
902 2728 1014 2767 esse
1050 2731 1113 2767 ea:
1162 2717 1330 2771 David
1355 2723 1645 2776 secundum
1687 2743 1917 2784 carnem.
1957 2729 2036 2784 Eo
2072 2740 2248 2785 autem

678 2803 765 2854 usi
788 2815 930 2866 sunt,
964 2821 1065 2858 non
1089 2807 1126 2859 ii
1154 2809 1256 2861 soli
1285 2813 1375 2879 qui
1403 2829 1524 2866 sunt
1550 2815 1696 2869 illius
1713 2828 1890 2880 sectis,
1913 2821 2002 2872 sed
2025 2820 2063 2872 ii
2088 2823 2248 2874 etiam

677 2895 768 2963 qui
795 2893 1044 2965 dogmata
1063 2902 1352 2968 apostolica
1371 2919 1658 2974 sequuntur
1676 2910 2068 2978 compositionis
2093 2913 2248 2980 frau-

679 2985 798 3038 dem
843 3005 945 3040 non
981 3004 1367 3058 cognoscentes,
1410 2997 1500 3049 sed
1546 3000 1838 3066 simplicius
1884 3018 1944 3054 eo
1995 3012 2247 3071 tanquam

683 3077 818 3131 libro
866 3085 1231 3148 compendiosa
1269 3095 1488 3143 utentes.
1523 3087 1635 3158 Ego
1662 3107 1862 3160 quoque
1903 3094 2072 3146 inveni
2101 3096 2248 3162 plus-

679 3186 836 3239 quam
861 3171 1112 3227 ducentos
1142 3175 1444 3244 hujusmodi
1468 3179 1649 3242 libros,
1678 3183 1765 3250 qui
1789 3184 1843 3236 in
1869 3182 2062 3239 honore
2085 3187 2245 3240 habe-

681 3261 874 3315 bantur
911 3265 965 3317 in
1003 3267 1199 3322 nostris
1237 3267 1509 3335 Ecclesiis,
1549 3289 1677 3342 quos
1709 3291 1826 3326 cum
1872 3289 2047 3329 omnes
2085 3277 2245 3329 simul

679 3357 978 3424 coegissem,
1028 3357 1266 3426 deposui,
1294 3372 1345 3415 st
1377 3363 1489 3416 loco
1536 3379 1717 3418 eorum
1768 3368 1973 3434 reposui
2019 3381 2246 3438 quatuor

678 3448 1118 3514 euangelistarum
1141 3452 1446 3522 Evangelia.
1472 3454 1576 3510 Sed
1610 3457 1663 3509 in
1693 3456 1794 3511 hoc
1818 3459 2059 3514 secundo
2083 3475 2245 3528 opere

681 3543 866 3605 aperte
897 3539 1100 3594 recisas
1125 3543 1469 3613 genealogias
1492 3560 1680 3600 omnes
1703 3544 1940 3611 Domini,
1967 3564 2087 3618 quae
2118 3564 2243 3604 eum

679 3640 746 3680 ex
800 3625 968 3681 David
997 3632 1295 3686 secundum
1336 3650 1554 3688 carnem
1590 3638 1830 3706 genitum
1867 3638 2245 3694 demonstrant

680 3721 1048 3787 comperimus
1095 3729 1149 3776 et
1189 3725 1294 3778 alia
1341 3729 1526 3781 omnia
1581 3729 1942 3797 detruncata,
1992 3744 2046 3788 et
2103 3749 2245 3788 nova

682 3807 854 3861 forma
885 3821 1267 3884 structuraque
1291 3819 1556 3873 orationis
1577 3834 1859 3884 conversa,
1893 3837 1999 3876 non
2030 3824 2156 3878 item
2188 3825 2244 3878 in

682 3901 879 3970 primo,
905 3906 958 3954 in
985 3919 1091 3971 quo
1120 3906 1300 3959 omnia
1331 3917 1564 3976 quatuor
1595 3913 2048 3980 evangeliswrum
2076 3915 2241 3981 dicta,

681 3992 830 4045 nullo
865 3991 977 4046 fere
1005 3996 1371 4061 praetermisso
1415 3998 1480 4051 ad
1519 4001 1743 4053 verbum
1787 4002 2062 4073 descripta
2092 4020 2245 4074 repe-

684 4083 915 4136 riuntur.
948 4081 1149 4139 Deinde
1189 4087 1422 4155 primum
1464 4105 1602 4157 opus
1634 4106 1756 4144 cum
1795 4094 1954 4147 titulo
1985 4111 2093 4163 quo
2139 4097 2246 4150 cir-

680 4173 1002 4239 cumfertur,
1025 4175 1319 4231 Harmonia
1348 4179 1576 4244 scilicet,
1608 4198 1674 4236 ex
1708 4185 1981 4252 expressis
2013 4185 2246 4256 Evange-

683 4264 877 4316 liorum
910 4267 1091 4320 verbis
1119 4267 1504 4323 concinnatum
1542 4273 1671 4326 illud
1715 4289 1837 4328 esse
1882 4274 2245 4344 deprehendi-

680 4362 770 4406 tur
797 4355 1067 4408 Ammonii
1109 4356 1484 4422 Alexandrini,
1517 4363 1659 4429 quod
1689 4361 1979 4417 Zacharias
2006 4365 2243 4435 Chryso-

681 4443 955 4513 politauus
979 4447 1267 4516 episcopus
1297 4458 1422 4504 ante
1445 4453 1772 4521 quingentos
1804 4471 1975 4511 annos
2000 4457 2244 4512 illustra-
2272 4467 2318 4523 ι)

681 4535 758 4587 vit
799 4540 1241 4603 commentariis,
1287 4558 1426 4610 quos
1471 4561 1535 4597 ex
1580 4548 1869 4602 sententiis
1924 4557 2240 4604 sanctorum

680 4621 901 4677 Patrum
927 4627 981 4680 in
1012 4644 1173 4681 unam
1197 4639 1445 4684 catenam
1463 4636 1730 4689 contextis
1759 4635 1989 4704 pulchro
2011 4639 2242 4693 artiﬁcio

681 4716 973 4782 coaptavit.
1007 4715 1276 4774 Praeterea
1323 4723 1448 4789 quis
1479 4725 1650 4777 nescit
1695 4723 1984 4780 Tatianum
2043 4728 2239 4798 Syrum

682 4805 764 4857 vel
797 4806 1101 4875 Assyrium,
1144 4824 1250 4862 non
1288 4817 1467 4865 autem
1516 4813 1962 4880 Alexandrinum,
2023 4819 2244 4874 Ammo-

683 4896 832 4948 nium
863 4910 990 4948 vero
1019 4899 1439 4952 Alexandrinum
1479 4900 1688 4956 fuisse?
1720 4903 2093 4960 Restituamus
2114 4924 2244 4977 ergo

683 4986 872 5038 titulos
921 4986 1104 5050 libris,
1151 4989 1320 5042 libros
1373 4992 1711 5059 parentibus,
1761 5002 1819 5046 ut
1869 4998 2244 5066 unusquisque

684 5091 814 5130 suos
871 5075 1013 5131 fetus
1075 5086 1367 5147 agnoscat,
1424 5081 1893 5151 inscriliamusque
1943 5086 1996 5138 in
2043 5088 2241 5155 primo,

689 5162 1004 5218 Sanctorum
1034 5179 1260 5234 quatuor
1285 5167 1686 5236 Euangeliorum
1717 5169 2010 5227 Harmonia
2037 5179 2245 5228 Ammo-

686 5253 774 5305 nio
801 5253 1158 5307 Alexandrino
1193 5268 1432 5320 auctore;
1464 5259 1515 5310 in
1557 5263 1818 5325 secundo,
1844 5260 2248 5331 Evangeliorum

687 5341 1032 5397 Diatessaron
1066 5344 1289 5399 Tatiano
1327 5348 1546 5418 Assyrio
1575 5365 1806 5403 auctore.
1850 5351 1905 5405 Si
1937 5355 2058 5421 quis
2089 5356 2244 5423 plura

685 5435 959 5488 desiderat
990 5436 1146 5489 adeat
1186 5435 1449 5493 Cursarem
1478 5439 1794 5504 Baronium,
1822 5451 1968 5498 torno
2010 5446 2054 5498 ll
2073 5484 2087 5506 ,
2117 5463 2241 5499 ann.

686 5525 810 5589 m,
837 5527 926 5580 ubi
958 5536 1210 5583 accurate
1236 5532 1466 5598 plurima
1489 5533 1556 5586 de
1577 5547 1816 5602 eoopere
1844 5536 2243 5590 animadvertit.

753 5618 869 5671 Col.
903 5619 1026 5684 708,
1051 5621 1126 5673 lin
1166 5621 1220 5675 Ξ.
1260 5622 1381 5675 Τῶν
1407 5622 1474 5675 δὲ
1492 5625 1557 5676 ἐκ
1592 5626 1909 5694 περιτομῆς
1948 5626 2241 5694 Ἰώσηπος.

681 5705 758 5763 De
780 5705 1014 5780 Josepho
1039 5711 1320 5778 historico,
1352 5727 1472 5783 eius
1489 5715 1595 5768 vita
1627 5725 1681 5771 et
1712 5719 1929 5786 scriptis
1953 5719 2104 5785 plura
2140 5718 2246 5772 Ειιι

2356 1889 2522 1947 hasce
2557 1891 2798 1964 Josepho
2837 1898 3152 1957 decantatas
3185 1903 3439 1958 audacter
3478 1904 3650 1961 dictas
3690 1922 3820 1961 esse
3848 1909 3910 1962 ah

2349 1983 2468 2052 ipso
2505 1986 2669 2038 etiam
2707 1987 2993 2043 laudatore
3031 1994 3315 2062 cognosci.
3346 1993 3481 2059 Quis
3523 2010 3681 2066 aqua
3733 1998 3910 2050 animo

2344 2067 2512 2124 terret
2540 2070 2837 2136 hominem,
2878 2076 2972 2144 qui
3007 2079 3214 2132 nesciat
3255 2079 3356 2133 sibi
3398 2080 3684 2148 imperare,
3727 2096 3798 2134 ne
3834 2081 3909 2134 di-

2351 2166 2439 2213 cat
2460 2161 2605 2229 quod
2641 2172 2836 2218 contra
2873 2180 3087 2236 aquum
3121 2183 3280 2224 omne
3302 2185 3424 2225 esse
3461 2170 3703 2224 fatetur:
3747 2172 3908 2226 auda-

2349 2249 2486 2303 citer
2513 2252 2752 2318 dicitur,
2794 2271 2923 2327 ergo
2968 2273 3155 2312 verum
3206 2274 3314 2313 non
3357 2269 3458 2323 est,
3483 2276 3612 2330 ergo
3641 2262 3741 2331 qui
3784 2263 3908 2318 dicit

2350 2336 2639 2410 decipitur,
2673 2345 2719 2398 si
2759 2345 3036 2402 Aristoteli
3091 2349 3366 2406 credimus
3406 2351 3693 2406 Horatium
3731 2343 3908 2407 Eude-

2349 2431 2576 2485 miorum
2605 2434 2698 2488 lih.
2729 2452 2810 2499 Ill,
2839 2453 2958 2507 cap.
2993 2439 3057 2505 ὃς
3093 2456 3181 2495 res
3226 2443 3368 2495 enim
3399 2444 3549 2497 aliter
3579 2459 3644 2498 ac
3672 2453 3810 2499 sunt
3834 2446 3907 2499 vi-

2349 2518 2566 2577 dentur.
2611 2523 2797 2580 Tutius
2835 2528 2918 2580 illi
2965 2531 3107 2583 credi
3149 2548 3306 2600 quam
3340 2534 3574 2588 omnibus
3619 2533 3825 2590 Graecis
3863 2547 3908 2590 et

2349 2607 2581 2681 Latinis,
2611 2631 2888 2687 nunquam
2937 2620 3334 2676 existimassem
3390 2625 3662 2680 hominem
3698 2628 3780 2680 ita
3819 2642 3909 2682 au.

2349 2703 2540 2760 dacter
2565 2707 2748 2763 dicere
2779 2725 2959 2780 posse,
2988 2722 3044 2767 et
3069 2712 3360 2768 humanam
3389 2715 3693 2780 historiam,
3717 2717 3790 2772 ab
3818 2720 3910 2773 ho-

2353 2798 2503 2852 mine
2532 2808 2585 2852 et
2624 2799 2872 2857 fortassis
2912 2805 3150 2874 pessimo
3189 2808 3552 2878 conscriptam
3590 2808 3797 2865 divina
3823 2826 3909 2865 sa-

2351 2899 2564 2956 craeque
2594 2889 2853 2957 praeferri.
2881 2889 3072 2947 Tutius
3087 2893 3265 2949 credis
3292 2893 3524 2964 Josepho
3542 2910 3706 2964 quam
3739 2895 3912 2951 Evan-

2351 2977 2534 3046 gelio?
2594 2982 2768 3036 tutius
2819 2983 3046 3045 homini,
3082 2999 3241 3053 quam
3292 2985 3434 3040 Deo?
3470 2985 3627 3041 Dices
3673 2988 3775 3042 sed
3827 3004 3913 3041 au-

2353 3069 2540 3124 dacter
2586 3071 2765 3136 dices,
2819 3074 2964 3142 quod
3013 3076 3174 3129 etiam
3225 3079 3377 3146 prius
3428 3078 3609 3132 animo
3651 3079 3913 3132 audacter

2352 3168 2675 3230 conceptum
2701 3164 2959 3220 audacter
2981 3174 3034 3218 et
3059 3167 3284 3228 evomis,
3321 3181 3474 3222 sacra
3505 3168 3651 3221 omni
3685 3169 3912 3223 historia

2352 3252 2604 3303 tutiorem
2635 3265 2758 3306 esse
2800 3251 3040 3323 Joscpbi,
3070 3254 3155 3309 vis
3183 3254 3360 3310 dicam
3389 3271 3498 3310 uno
3531 3257 3739 3310 verbo?
3777 3259 3826 3312 si
3863 3267 3914 3310 ut

2347 3357 2511 3398 verus
2543 3351 2626 3397 est
2666 3344 2719 3396 in
2748 3344 2974 3399 historia
3005 3345 3295 3416 Iosephus,
3321 3349 3394 3402 ita
3421 3355 3475 3402 et
3497 3360 3551 3401 tu
3577 3349 3632 3400 iu
3657 3349 3916 3403 emenda-

2349 3432 2494 3486 tione
2545 3441 2868 3502 temporum,
2918 3444 3077 3489 ruent
3127 3444 3390 3505 tempora.
3453 3437 3647 3492 Multos
3689 3437 3914 3509 Iosephi

2349 3538 2566 3578 errores
2597 3526 2650 3577 in
2681 3525 2929 3588 historia,
2964 3535 3019 3581 et
3047 3527 3499 3583 liallucinationes
3545 3530 3914 3599 prudentissi-

2348 3629 2435 3668 me
2457 3617 2634 3686 magni
2663 3617 2766 3670 viri
2783 3618 3165 3679 observarunt,
3188 3628 3242 3672 et
3265 3629 3636 3682 correxerunt,
3661 3620 3918 3675 iutereos

2349 3703 2532 3758 Caesar
2572 3703 2870 3768 Baronius,
2915 3709 2968 3760 in
3005 3708 3326 3772 Annalibus;
3368 3705 3639 3773 Pererius,
3675 3709 3730 3762 in
3760 3707 3915 3771 Gem;

2352 3794 2689 3866 Hegesippus
2732 3805 2785 3851 et
2822 3798 2936 3850 alii.
2981 3797 3046 3851 Et
3097 3813 3230 3852 sane
3296 3800 3511 3853 etiamsi
3554 3801 3918 3854 concederem

2348 3885 2644 3957 Josephum
2673 3887 3125 3959 φιλαληθέστατον
3163 3889 3218 3943 in
3249 3889 3437 3953 rebus,
3469 3906 3606 3959 quas
3635 3893 3751 3962 ipse
3776 3892 3921 3947 vide-

2351 3979 2444 4042 rit,
2474 3994 2750 4050 nunquam
2778 3987 2962 4035 tamen
3011 3981 3204 4036 adduci
3251 3997 3473 4051 possum
3506 3991 3566 4036 ut
3594 3983 3824 4038 credam
3867 3986 3917 4038 in

2349 4079 2499 4125 tanta
2530 4073 2864 4127 obscuritate
2892 4073 3244 4143 scriptorum,
3287 4075 3553 4128 varietate
3580 4083 3916 4145 temporum,

2351 4163 2664 4218 diversitate
2691 4165 3108 4230 sententiarum,
3151 4180 3419 4218 annorum
3467 4168 3607 4221 serie
3630 4169 3916 4222 veritatem

2351 4255 2406 4307 in
2453 4255 2706 4310 omnibus
2754 4256 3118 4327 κατορθῶσαι,
3183 4257 3395 4312 etiamsi
3460 4258 3915 4328 diligentissimus

2353 4343 2534 4397 fuerit.
2574 4343 2707 4398 Illud
2734 4353 2993 4413 prmterea
3039 4343 3231 4398 addam
3269 4343 3413 4412 quod
3444 4344 3556 4410 jam
3591 4345 3719 4397 olim
3747 4343 3915 4398 Joan-

2353 4446 2452 4486 nes
2485 4430 2647 4486 Picus
2677 4433 2907 4500 epistola
2950 4430 3182 4501 quadam
3211 4430 3278 4484 ad
3309 4433 3552 4500 ignotum
3582 4433 3819 4486 amicum
3850 4432 3914 4486 de

2348 4520 2588 4588 .losepho
2643 4521 3122 4575 animadverterat.
3171 4517 3324 4584 Quod
3375 4519 3504 4584 petis
3561 4517 3625 4572 de
3663 4518 3907 4588 Joseplso.

2348 4611 2487 4663 scias
2516 4611 2722 4677 justum
2752 4608 3036 4678 Joseplium
3081 4610 3220 4672 apud
3257 4606 3504 4660 Hebrtros
3530 4624 3629 4661 non
3675 4610 3907 4678 reperiri,

2349 4701 2438 4754 sed
2477 4699 2690 4768 Iosephi
2734 4703 3010 4768 epitomen,
3051 4698 3107 4751 id
3133 4709 3231 4760 est,
3263 4698 3576 4752 breuiarium
3624 4700 3907 4769 quoddam,

2350 4793 2405 4843 in
2427 4808 2527 4860 quo
2562 4801 2611 4845 et
2639 4791 2809 4843 multa
2844 4800 2964 4844 sunt
2995 4791 3371 4851 commentitia,
3399 4800 3449 4843 et
3478 4806 3594 4859 qua!
3641 4792 3708 4845 de
3739 4794 3908 4844 decem

2353 4882 2591 4934 tribubus
2622 4882 2694 4934 ibi
2727 4883 2989 4950 leguntur,
3019 4895 3135 4950 qua:
3161 4880 3672 4949 postBabylonicam
3702 4882 3910 4949 captiti-

2353 4986 2513 5028 tatem
2567 4974 2891 5042 postliminio
2924 4989 3025 5026 non
3062 4972 3350 5036 redierunt,
3392 4989 3454 5026 ea
3490 4990 3603 5027 esse
3649 4978 3812 5027 notha
3862 4982 3906 5025 et

2353 5063 2677 5128 adulterina,
2722 5079 2786 5116 ea:
2821 5060 3056 5115 Hebreis
3096 5063 3222 5113 mihi
3267 5062 3444 5128 plures
3498 5063 3729 5130 confessi
3769 5075 3904 5120 sunt.

2351 5165 2665 5223 quapropter
2695 5155 2907 5207 illorum
2937 5151 3163 5220 Josepho
3185 5153 3333 5205 nulla
3366 5154 3578 5206 omnino
3606 5155 3739 5220 fides
3761 5154 3907 5205 adhi-

2354 5245 2537 5299 benda.
2572 5245 2640 5299 In
2661 5243 2887 5313 Joseplto
2921 5239 3101 5297 Graeco
3127 5244 3235 5297 scio
3267 5259 3377 5296 esse
3413 5243 3680 5313 quardam,
3711 5260 3826 5311 qua?
3851 5243 3904 5292 de

2354 5335 2565 5390 Christo
2595 5345 2646 5390 et
2675 5335 2850 5402 ﬁdem,
2882 5345 2930 5387 et
2960 5335 3300 5402 honorificam
3332 5335 3534 5402 faciant
3578 5336 3898 5388 mentionem.

2355 5431 2442 5482 sed
2480 5438 2655 5482 eadem
2691 5444 2802 5479 esse
2833 5426 3037 5492 penitus
3069 5441 3184 5476 cum
3215 5424 3316 5485 Itis,
3350 5441 3466 5494 qua:
3505 5425 3559 5476 in
3592 5423 3798 5476 Latinis
3823 5437 3902 5473 co—

2355 5519 2557 5573 dicibus
2591 5519 2832 5587 leguntur
2863 5533 2966 5569 non
3011 5532 3295 5569 assererem
3329 5516 3431 5568 nisi
3469 5518 3742 5583 exemplar
3767 5513 3906 5567 ϐων·

2356 5626 2495 5672 cum,
2525 5608 2673 5675 cujus
2704 5606 2784 5657 hic
2825 5605 2952 5657 mihi
2981 5605 3126 5657 nulla
3157 5614 3234 5658 est
3257 5606 3428 5673 copia,
3458 5621 3634 5658 recens
3671 5606 3907 5672 legerem.

2427 5700 2561 5754 Ibid.
2592 5697 2700 5751 Kal
2745 5696 3033 5762 Ἰοῦστος.
3075 5695 3250 5767 Hujus
3299 5705 3576 5766 parentes,
3623 5691 3908 5757 πολιτείαν,
