4042 6338
157 360 271 417 805

1189 360 1257 415 IN
1285 358 1657 417 EUS’I‘A'I‘HII
1697 358 2163 417 HEXAEMERON
2206 360 2440 419 ΝΟΤΔΞ.

3288 369 3397 424 8οῧ

153 478 468 546 historiam,
499 490 555 537 et
596 481 797 553 stylum
833 481 1105 553 expressit
1150 481 1382 537 Photius
1433 481 1487 534 in
1534 480 1725 537 Biblio—
1763 485 1808 540 Δ
1838 480 2023 536 sebius
2056 482 2127 536 de
2162 484 2463 551 semetipso
2492 483 2545 537 in
2590 484 2815 553 prologo
2872 482 3129 539 Historia:
3155 484 3407 540 ecclesia-

153 566 329 622 theca.
358 568 570 639 Oppido
592 566 949 631 Tiberiensis,
976 574 1199 637 parente
1218 566 1370 621 Pisto
1404 565 1622 619 homine
1642 580 1731 618 ne-

148 658 450 727 quissimo,
504 660 551 715 si
597 657 837 728 Iosepbo
883 659 1184 723 credimus,
1237 673 1436 729 genere
1484 655 1728 720 Judzeus,

147 753 478 821 auspicatus
516 758 601 806 est
629 750 913 806 historiam
944 766 975 803 a
1011 750 1217 821 Moyse,
1256 748 1618 820 perduxitque
1660 748 1729 801 ad

145 842 365 893 exitum
405 855 578 911 usque
607 840 863 911 Agrippa:
895 842 1111 911 septimi
1145 856 1176 896 e
1220 840 1426 895 familia
1472 838 1726 899 Herodis.

144 938 205 985 et
255 928 614 985 Iudaicarum
667 946 855 1000 regum
913 932 1213 1001 postremi;
1266 932 1441 1001 stylus
1494 929 1731 985 maxime

145 1022 437 1086 concisus,
461 1029 515 1076 et
557 1023 811 1092 pleraque
838 1023 1010 1077 relatu
1038 1038 1159 1078 cum
1195 1024 1389 1093 primis
1421 1022 1727 1076 necessaria

145 1112 521 1179 praetermisit.
546 1112 740 1168 Adesis
765 1111 1151 1183 Hieronymum
1182 1114 1234 1167 in
1266 1112 1541 1182 Catalogo,
1570 1111 1727 1167 Iose-

148 1201 322 1269 phum
344 1201 401 1256 in
438 1200 558 1255 Vita
574 1204 694 1264 sua.
722 1201 964 1257 Suidam.
999 1202 1309 1273 Stephanus
1330 1205 1455 1257 item
1485 1203 1553 1257 de
1580 1203 1730 1257 urbi-

149 1292 257 1346 bus
292 1291 412 1346 haec
438 1291 506 1346 de
529 1308 595 1347 eo
622 1312 634 1347 :
672 1292 766 1347 Ἐκ
781 1293 980 1362 ταύτης
997 1294 1115 1365 [τῆς
1144 1292 1482 1365 Τιὸερίαδος]
1512 1289 1580 1364 ἦν
1603 1294 1729 1347 ’ῐοῦ-

148 1399 277 1445 crto;
307 1382 338 1433 ὁ
357 1382 451 1435 τὸν
466 1383 752 1438 Ἰουδαϊκὸν
777 1385 1010 1456 πόλεμον
1030 1385 1120 1437 τὸν
1158 1385 1300 1437 κατὰ
1324 1386 1725 1438 Οὐεσπασιαωῦ

149 1475 467 1544 ιστορήσας.
507 1472 708 1528 Verum
731 1489 841 1529 non
874 1484 1085 1528 tantum
1120 1474 1187 1528 de
1212 1473 1370 1529 iusto
1398 1474 1523 1538 hoc,
1558 1475 1651 1529 sed
1677 1484 1730 1530 et

146 1565 215 1618 de
257 1563 502 1633 Josepho
530 1563 741 1631 Judtno,
794 1564 1049 1631 Tatiano,
1090 1565 1371 1630 Africano,
1423 1564 1726 1629 Clemente,

147 1653 415 1715 Eusebio.
471 1670 687 1711 necnon
731 1664 786 1710 et
826 1657 952 1712 aliis
988 1657 1369 1725 scriptoribus,
1404 1671 1636 1726 quorum
1673 1658 1727 1710 in

148 1744 253 1798 hoc
288 1751 533 1799 tractatu
568 1744 625 1798 ﬁt
653 1746 880 1810 mentio,
908 1753 963 1801 et
987 1762 1174 1800 eorum
1219 1747 1441 1816 scriptis
1468 1746 1642 1801 fusius
1670 1747 1725 1801 in

1829 577 1994 636 suae,
2030 572 2167 643 Ἤδη
2198 573 2296 643 μὲν
2332 569 2427 626 οὖν
2454 574 2657 626 τούτων
2701 575 2794 627 καὶ
2822 576 3085 646 πρότερον
3108 577 3166 627 ὲν
3190 568 3272 637 οἷς
3300 574 3406 627 διε-

1827 664 2168 733 τυπωσάμην
2212 666 2485 736 χρονικοῖς
2526 665 2742 717 κανόσιν
2773 666 3039 736 ἐπιτομὴν
3069 664 3407 734 κατεστησά-

1831 771 1957 823 μην·
1974 755 2355 826 πληρεστάτην
2380 755 2426 808 δ’
2444 751 2536 808 οὖν
2557 756 2703 825 ὅμως
2725 755 2899 810 αὐτῶν
2919 758 3011 809 ἐπὶ
3023 756 3118 809 τοῦ
3138 755 3407 828 παρόντος

1826 842 2087 915 ὡρμήθην
2118 844 2217 915 τὴν
2240 846 2514 916 ἀφήγησιν
2566 846 2913 916 ποιήσασθαι.
2940 846 3133 899 Mirum
3164 861 3296 901 sane
3321 851 3409 899 est

1827 945 1888 989 ut
1916 935 2183 1005 Iosephus
2216 935 2461 1007 Scaliger
2488 937 2545 991 in
2599 937 2793 992 horum
2836 936 3129 995 verborum
3210 952 3400 1005 perce-

1827 1029 2012 1098 ptione
2037 1029 2308 1092 excutiat,
2327 1039 2382 1084 et
2413 1029 2644 1083 aliorum
2681 1030 2923 1084 omnium
2975 1044 3177 1084 censor
3209 1029 3265 1081 in
3311 1026 3401 1082 his

1826 1116 2152 1171 clarissimis
2182 1117 2364 1173 verbis
2397 1119 2639 1189 indigeat
2679 1135 2945 1188 censore;
2972 1122 3048 1174 ait
3069 1134 3303 1189 namque
3341 1120 3398 1174 in

1828 1205 2397 1261 animadversionibus
2441 1212 2509 1259 ad
2559 1206 2890 1273 Eusebium,
2945 1223 3069 1262 cum
3124 1206 3192 1262 de
3253 1207 3400 1260 illius

1826 1295 2008 1364 operis
2058 1295 2215 1349 titulo
2270 1303 2489 1363 tractat,
2552 1295 2806 1353 Eusebius
2847 1299 3095 1367 prooemio
3143 1294 3402 1350 Historia:

1826 1386 2197 1439 ecclesiasticae
2222 1387 2551 1455 simpliciter,
2584 1404 2646 1440 ac
2670 1388 2724 1441 in
2759 1400 2938 1454 genere
2958 1385 3197 1458 Χρονικά
3220 1386 3400 1454 appel-

1830 1480 1937 1543 lat,
2004 1494 2284 1548 eorumque
2348 1497 2459 1535 sese
2506 1483 2765 1547 epitomen
2820 1482 3191 1549 conscripsisse
3246 1478 3399 1531 dicit.

1825 1569 2103 1639 Nusquam
2128 1570 2241 1623 haec
2267 1572 2535 1624 sententia
2562 1572 2616 1624 in
2652 1570 2871 1625 Eusebii
2898 1571 3100 1633 verbis,
3128 1584 3401 1637 nusquam

1826 1660 2225 1714 Cbronicorum
2261 1658 2527 1728 Epitome.
2561 1658 2666 1715 Sed
2696 1659 2766 1714 de
2789 1668 2971 1713 mente
2998 1658 3225 1713 Eusebii
3257 1655 3402 1710 infe-

1828 1750 1966 1804 rius.
1997 1750 2209 1816 Quibus
2241 1749 2462 1806 Eusebii
2491 1752 2693 1815 verbis,
2743 1766 2866 1805 cum
2898 1765 3007 1803 non
3049 1749 3399 1802 animadver-

148 1846 343 1893 nostra
405 1837 472 1891 de
541 1838 901 1907 scriptoribus
967 1811 1354 1893 ecclesiasticis
1402 1837 1725 1892 Bibliotheca
1755 1811 1797 1867 Β
1826 1842 1985 1896 tisset
2008 1811 2239 1900 Suidas.
2273 1841 2377 1896 sibi
2410 1842 2645 1909 aliisque
2679 1811 2949 1910 pluribus,
2983 1839 3123 1892 forte
3147 1838 3311 1891 etiam
3342 1843 3399 1891 et

149 1944 319 1998 quam
360 1928 686 1998 jamdudum
730 1943 1007 1997 paramus.
1052 1929 1153 1983 Hic
1186 1945 1250 1983 ea
1296 1936 1511 1983 tantum
1554 1930 1728 2001 tetigi-

152 2034 277 2073 mus
306 2036 433 2089 qua
461 2020 530 2074 ad
567 2035 682 2074 rem
717 2018 897 2075 facere
928 2020 1271 2074 videbantur.

220 2111 341 2166 Col.
380 2112 507 2175 708,
543 2111 639 2165 Iin.
688 2110 740 2164 6.
780 2110 900 2165 Τῶν
942 2110 1006 2163 δὲ
1056 2111 1239 2179 ἁγίων
1275 2129 1385 2177 τις.
1433 2109 1723 2165 Eusebium

152 2219 275 2258 esse
315 2205 456 2258 nulli
487 2204 734 2267 dubium,
776 2219 935 2273 quem
972 2204 1139 2258 tacito
1190 2204 1413 2257 nomine
1460 2202 1722 2272 praeterit,

156 2291 318 2360 idque
357 2292 485 2345 odio
512 2301 566 2347 et
616 2292 893 2347 simultate
916 2293 1152 2361 quadam
1183 2291 1425 2346 offensus
1470 2292 1725 2346 consulto

153 2382 285 2451 agit.
317 2379 497 2435 Homo
524 2383 838 2451 apostolica:
889 2383 1136 2437 veritatis
1177 2391 1448 2452 rectaque
1480 2382 1603 2437 ﬁdei
1638 2397 1725 2437 se-

153 2482 349 2538 ctator,
373 2481 610 2527 tutorem
636 2489 700 2527 ac
729 2474 999 2528 vindicem
1024 2473 1241 2527 Arianae
1281 2474 1575 2538 haereseos,
1616 2473 1727 2526 vul-

152 2571 336 2632 gatum
365 2571 423 2619 et
465 2572 656 2618 notum
695 2565 949 2619 omnibus
981 2564 1201 2618 Eusebii
1248 2566 1564 2635 negotium:
1600 2565 1725 2619 illu-

154 2657 283 2710 stris
332 2656 391 2710 in
424 2655 527 2709 ﬁde
548 2657 923 2711 conservanda
955 2655 1224 2709 Eustathii
1262 2656 1540 2726 provincia
1562 2671 1728 2725 syno-

155 2747 255 2801 dus
284 2748 381 2801 illa
427 2746 643 2800 Nicana
674 2747 698 2799 1
768 2756 822 2802 et
858 2747 913 2809 2,
946 2747 1199 2816 dictaque
1228 2758 1470 2801 veterum
1503 2748 1727 2803 histori-

156 2852 345 2890 corum
398 2838 727 2891 conﬁrmant
775 2837 907 2905 ipsa:
956 2835 1175 2891 Eusebii
1229 2838 1578 2906 scriptiones.
1630 2837 1727 2893 Pio

160 2937 462 2996 sanctoque
483 2928 664 2980 animo
689 2926 756 2979 ad
780 2926 1195 2995 concipiendum
1226 2926 1409 2980 odium
1432 2941 1596 2980 causa
1616 2927 1726 2981 haec

164 3018 283 3086 plus
299 3018 466 3071 etiam
493 3018 648 3071 satis.
682 3015 858 3084 Hujus
886 3019 1049 3071 etiam
1075 3015 1289 3070 dissidii
1322 3016 1583 3086 Origenes
1612 3019 1728 3086 ipse

166 3123 329 3163 causa
365 3111 536 3162 altera
569 3117 624 3164 et
678 3109 994 3179 singularis.
1028 3106 1299 3162 Eusebius
1338 3117 1485 3163 totus
1536 3116 1621 3162 est
1671 3109 1725 3162 in

162 3197 393 3269 Origene
443 3201 813 3264 defendendo;
864 3215 1023 3253 suum
1090 3199 1330 3254 studium
1396 3208 1451 3253 et
1504 3214 1723 3269 operam

166 3287 431 3357 impendit
458 3294 511 3342 in
542 3290 793 3351 historia;
828 3288 992 3341 etiam
1019 3289 1404 3356 Apologeticos
1438 3300 1467 3339 a
1499 3302 1558 3340 se
1588 3287 1726 3341 scri-

165 3384 302 3443 ptos,
339 3386 400 3431 ut
436 3380 514 3431 eis
546 3378 707 3431 addat
738 3386 791 3431 et
824 3378 993 3430 robur
1051 3386 1105 3430 et
1135 3375 1345 3443 pondus
1376 3378 1725 3430 sanctissimo

163 3465 442 3535 Pamphilo
495 3467 717 3537 martyri
777 3468 1020 3521 ascribit.
1072 3465 1285 3534 Susque
1339 3466 1512 3534 deque
1565 3475 1725 3520 ruant

166 3558 361 3622 omnia,
393 3566 605 3611 tantum
642 3558 718 3610 illi
747 3558 897 3612 solus
939 3566 1186 3612 servetur
1222 3557 1512 3611 incolumis
1542 3556 1727 3628 Orige-

169 3663 279 3712 nes,
304 3649 373 3702 ab
410 3649 852 3703 accusationibus
913 3654 965 3702 et
992 3663 1021 3700 a
1049 3648 1262 3702 delictis
1303 3648 1455 3701 liber.
1491 3646 1722 3702 Tantum

169 3738 458 3800 hominem,
494 3748 547 3792 ct
577 3746 785 3791 tantum
816 3740 977 3792 heroa
1001 3740 1055 3791 in
1080 3738 1318 3792 Ecclesia
1345 3738 1553 3807 (quidni
1578 3740 1721 3791 enim

170 3828 402 3883 dubitem
440 3830 521 3884 sic
568 3827 855 3896 Origenem
889 3828 1181 3897 appellare,
1217 3829 1513 3881 multorum
1547 3838 1598 3879 et
1635 3843 1723 3881 ve-

169 3921 615 3985 tustissimorum,
655 3935 953 3989 eorumque
1005 3921 1475 3975 sanctissimorum
1503 3920 1722 3974 Patrum

171 4013 476 4066 testimonio
530 4011 723 4082 fultus)
758 4028 787 4065 a
816 4012 1109 4067 calumniis
1159 4013 1493 4066 vindicatum
1535 4014 1724 4066 delen-

171 4105 291 4159 dere
319 4106 468 4174 pium
506 4114 609 4167 est,
634 4105 901 4173 amicique
931 4106 1113 4165 animi,
1142 4106 1234 4158 sed
1282 4105 1332 4157 in
1360 4105 1603 4159 criminis
1632 4106 1725 4159 de-

173 4196 448 4261 fensione,
506 4204 559 4250 et
600 4197 884 4265 dignitatis
946 4196 1377 4264 propugnatione
1438 4196 1723 4249 veritatem

171 4286 465 4349 obvertere,
491 4294 545 4341 et
583 4287 784 4339 malum
822 4284 963 4339 malo
991 4285 1206 4338 trudere
1249 4284 1443 4353 pejori,
1492 4284 1723 4339 Eusebio

169 4383 391 4439 tantum,
435 4385 489 4430 et
541 4376 686 4431 illius
731 4376 918 4428 farinae
970 4374 1280 4427 [nominibus
1336 4376 1719 4430 concedamus.

1752 3152 1793 3208 C

1828 1929 2103 1999 Scaligero
2133 1930 2283 1982 varia
2314 1930 2719 1984 commentandi
2750 1938 2941 1983 auctor
2968 1929 3104 1995 fuit;
3130 1926 3400 1998 χρονικῶν

1825 2020 2064 2073 κανόνων
2094 2020 2441 2089 παντοδαπῆς
2490 2020 2751 2090 ἱστορίας,
2789 2021 2882 2072 καὶ
2909 2019 3113 2071 τούτων
3144 2018 3397 2087 ὲπιτομή.

1896 2110 2074 2165 Unum
2109 2127 2247 2180 opus
2274 2111 2575 2181 perfectum
2615 2111 3038 2180 absolutumque
3088 2111 3141 2163 in
3173 2111 3282 2163 duo
3310 2124 3401 2164 se-

1821 2202 2071 2271 junctum
2118 2203 2328 2263 divisit,
2362 2218 2594 2271 quorum
2629 2204 2860 2257 alterum
2909 2207 3054 2255 esset
3103 2198 3399 2254 Chronicon

1826 2296 1933 2349 late
1963 2302 2176 2364 patens,
2208 2294 2438 2347 alterum
2468 2294 2657 2348 eadem
2683 2308 2804 2363 quae
2836 2302 2891 2347 et
2917 2291 3179 2361 primum,
3198 2288 3397 2343 decur-

1826 2396 1935 2440 tata
1960 2393 2163 2448 tamen,
2181 2392 2235 2439 et
2263 2385 2315 2437 in
2343 2384 2615 2453 epitomen
2638 2385 2855 2439 redacta
2880 2378 3393 2436 contineretJoam

1824 2495 1923 2534 nes
1954 2479 2237 2533 Curterius
2272 2479 2328 2531 in
2361 2478 2592 2547 epistola
2618 2493 2781 2547 quam
2817 2477 3045 2547 praeﬁxit
3075 2474 3395 2545 fragmentis

1825 2569 2045 2626 Eusebii
2090 2570 2143 2622 in
2188 2570 2426 2623 editione
2473 2569 2739 2623 librorum
2799 2568 2938 2621 Hist.
2986 2566 3392 2629 ecclesiasticis,

1826 2660 2024 2715 asserit
2067 2660 2239 2712 solam
2284 2659 2558 2727 epitomen
2604 2660 2764 2713 nobis
2804 2672 3116 2728 superesse,
3153 2671 3397 2713 canones

1827 2759 2007 2804 autem
2057 2750 2352 2804 chronicos
2390 2749 2683 2812 excidisse,
2716 2762 3036 2819 argumento
3076 2756 3296 2819 sumpto
3324 2762 3394 2802 ex

1826 2844 1935 2898 illis
1968 2841 2288 2913 fragmentis
2322 2856 2443 2911 qua:
2463 2842 2700 2897 citantur
2723 2842 2792 2896 ab
2821 2842 3109 2897 Anastasio
3137 2843 3399 2910 episcopo

1826 2932 2076 3000 Nicaeno,
2128 2930 2243 2985 Lib.
2286 2939 2468 2998 quiest.
2512 2932 2566 2982 in
2602 2929 2661 2985 S.
2687 2927 3020 2998 Scripturam
3067 2948 3133 2985 ea:
3164 2933 3390 2988 Eusebio

1826 3027 1882 3079 ίη
1902 3025 2193 3085 ωποηεεεε,
2245 3036 2366 3089 qua:
2391 3028 2572 3073 tamen
2598 3035 2705 3072 non
2742 3018 3011 3072 habentur
3043 3022 3096 3072 in
3126 3020 3395 3075 Eusebia-

1826 3115 1913 3169 nis
1951 3112 2239 3166 Chronicis
2270 3127 2390 3179 qum
2437 3110 2920 3165 circumferuntur.
2966 3110 3104 3165 Huic
3149 3113 3395 3180 opinioni

1826 3203 2040 3258 videtur
2062 3201 2243 3255 favere
2267 3200 2620 3263 Trithemius,
2648 3201 2800 3261 dum,
2818 3201 2911 3254 lib.
2947 3200 3025 3255 De
3051 3204 3393 3269 scriptoribus

1824 3293 2193 3347 ecclesiasticis
2230 3290 2446 3345 Eusebii
2477 3306 2642 3361 opera
2694 3307 3044 3356 enumerans,
3098 3305 3256 3347 vocat
3289 3296 3394 3348 hoc

1823 3384 1999 3452 ipsum
2045 3399 2183 3451 opus
2222 3381 2439 3435 Eusebii
2484 3398 2591 3436 non
2644 3380 2962 3445 Chronicon,
3001 3384 3093 3437 sed
3118 3383 3395 3451 Epitomen

1821 3476 2095 3531 Chronius
2123 3491 2141 3528 :
2175 3475 2254 3529 sic
2290 3475 2434 3527 enim
2473 3474 2581 3532 ille,
2629 3471 2897 3541 Epitomes
2942 3473 3217 3526 Chronica:
3262 3472 3394 3525 liber

1823 3580 1956 3618 unus
1990 3580 2106 3614 cum
2134 3562 2227 3641 (ioc
2259 3562 2414 3614 initio
2438 3576 2458 3612 .·
2481 3559 2715 3629 Moysem
2750 3564 2915 3629 gentis
2950 3558 3248 3612 Hebraicaz.
3287 3560 3395 3613 Alii

1822 3655 2202 3708 existimarunt
2222 3650 2542 3704 Chronicnm
2566 3649 2712 3717 quod
2747 3658 2921 3703 exstat
2948 3665 3057 3703 non
3098 3666 3219 3703 esse
3247 3650 3392 3701 illam

1824 3746 1889 3798 ab
1922 3743 2155 3797 Eusebio
2184 3740 2487 3796 conlectam
2520 3739 2828 3810 Epitomcn,
2861 3754 2957 3792 nec
2996 3740 3389 3808 Hieronymum

1824 3838 1969 3889 illam
1998 3835 2223 3889 vertisse
2259 3852 2271 3887 :
2310 3832 2402 3886 st-d
2433 3849 2556 3886 esse
2594 3848 2783 3885 verum
2815 3830 3124 3885 Chronicon
3153 3829 3396 3884 historia:

1824 3927 2025 3980 factum
2073 3926 2140 3977 ab
2183 3923 2437 3986 Eusebio,
2474 3933 2529 3976 et
2568 3922 2890 3976 translatum
2943 3922 3011 3973 ab
3037 3920 3392 3989 Hieronymo,

1825 4020 1948 4073 licet
1979 4020 2033 4071 in
2054 4019 2214 4070 aliam
2247 4016 2473 4069 formam
2521 4015 2800 4069 redactum
2846 4024 2899 4067 et
2927 4014 3252 4066 mutilatum.
3285 4010 3397 4064 Lu-

1824 4108 2048 4162 dovicus
2086 4104 2247 4158 Vives
2294 4104 2347 4157 in
2378 4103 2612 4171 August.
2644 4103 2739 4156 lib.
2785 4117 2939 4164 xvul,
2977 4101 3052 4153 [te
3094 4102 3236 4153 cit-it.
3272 4100 3390 4163 Dei,

1823 4212 1944 4265 cap.
1979 4197 2031 4259 8,
2076 4205 2129 4249 et
2156 4194 2435 4248 Arnoldus
2481 4193 2757 4247 Pontacus
2800 4193 3045 4246 sentiunt
3098 4200 3393 4260 utrumque

1823 4299 2037 4342 exstare
2078 4294 2131 4340 et
2175 4284 2496 4347 Cltronicon,
2541 4291 2596 4337 et
2642 4281 2935 4350 Epitomen.
2978 4291 3032 4337 et
3062 4284 3165 4337 hoc
3211 4285 3391 4353 ipsum

1825 4393 1945 4431 esse
1989 4375 2119 4429 illud
2161 4390 2299 4443 opus
2344 4374 2488 4442 quod
2530 4374 2798 4427 habemus
2841 4388 2952 4443 prae
2998 4374 3283 4436 manibus,
3336 4382 3392 4426 ct

172 4462 458 4533 A‘Zgretlert
487 4466 589 4520 hoc
618 4466 889 4535 ingenuus
916 4465 1185 4517 Eustathii
1210 4464 1499 4527 condonet
1514 4482 1609 4533 pro
1635 4482 1725 4519 vc-
1760 4490 1801 4541 ο
1827 4467 1969 4535 quod
1998 4475 2225 4519 vocatur
2255 4481 2284 4517 a
2318 4464 2649 4534 Ilieronymo
2678 4472 2733 4517 et
2757 4464 2880 4516 aliis
2924 4462 3141 4517 Eusebii
3169 4463 3393 4516 Chroni-

176 4561 349 4624 ritate,
381 4561 527 4629 quod
552 4561 724 4625 aiunt,
751 4562 930 4630 γυμνῇ
961 4559 1165 4628 κεφαλῇ
1201 4574 1323 4610 cum
1357 4559 1591 4627 Origene
1614 4576 1729 4614 cer-

177 4659 349 4704 tamen
372 4653 511 4705 init:
547 4652 830 4721 palamque
866 4659 918 4704 et
957 4664 1107 4710 voce,
1155 4656 1210 4702 et
1248 4650 1469 4718 scriptis
1511 4665 1727 4706 errores

176 4743 312 4797 illius
361 4742 660 4812 impugnat,
698 4750 752 4797 et
793 4751 1032 4810 apertam
1065 4741 1313 4794 veritatis
1363 4740 1575 4803 faciem,
1620 4758 1727 4794 non

181 4834 490 4902 ambagibus
541 4841 593 4887 et
641 4835 781 4888 dolis
828 4840 1135 4901 suspectam
1187 4833 1522 4885 amatoribus
1572 4848 1731 4900 expo-

178 4928 268 4989 nit,
298 4925 991 4994 volentibusquejudicium
1010 4924 1319 4975 connnittit.
1356 4922 1585 4988 Ideoque
1601 4938 1730 4991 quo-

176 5034 284 5070 rum
325 5019 528 5086 scripta
560 5018 663 5071 sibi
702 5017 949 5077 molesta,
995 5024 1048 5070 et
1079 5016 1299 5067 nomina
1336 5016 1522 5067 odiosa
1554 5014 1723 5067 ducit.

175 5109 244 5163 Ne
264 5120 439 5164 tamen
454 5110 676 5162 omnino
696 5109 849 5162 fama:
870 5110 1153 5163 detrahere
1176 5109 1447 5161 videretur
1466 5107 1729 5162 illius.co-

177 5210 431 5271 natusque
460 5215 569 5254 non
600 5204 889 5261 astimare,
915 5202 1016 5254 hoc
1045 5216 1167 5254 eum
1199 5200 1395 5267 elogio.
1426 5196 1532 5249 τῶν
1558 5198 1726 5263 ἁγίων

177 5307 270 5352 τις,
301 5306 406 5358 quo
439 5300 493 5344 et
524 5290 1021 5358 perniciosissimos
1062 5289 1310 5343 homines
1354 5294 1609 5354 exceptos
1652 5286 1727 5338 le—

176 5381 362 5449 gimus,
396 5381 697 5435 decoravit.

237 5471 363 5528 Ibid.
408 5472 857 5541 Ἀκριόεστάτην
884 5474 1003 5526 τῶν
1026 5474 1277 5540 χρόνων.
1298 5467 1560 5535 Georgius
1586 5467 1727 5535 Syn-

179 5566 357 5629 cellus,
400 5568 457 5619 '0
486 5568 671 5635 μέντοι
690 5564 968 5628 Εὐσέϐιος,
996 5567 1194 5634 καίπερ
1257 5566 1635 5632 πραγματείαν
1665 5560 1723 5611 οὐ

180 5658 266 5726 τὴν
288 5659 549 5728 τυχοῦσαν
592 5656 975 5725 συλλεξάμενος
1037 5656 1356 5724 φιλοπόνως,
1391 5655 1484 5705 καὶ
1522 5652 1725 5721 τσύιην

178 5750 265 5823 τὴν
278 5751 460 5807 ἑαυτοῦ
480 5750 735 5824 χρονικὴν
755 5749 1071 5820 συγγραφὴν
1089 5765 1285 5802 χατασε
1295 5746 1511 5817 μνύνας.
1532 5743 1597 5797 Ει
1617 5742 1725 5797 Eu-

1827 4575 1942 4611 can.
1970 4556 2173 4610 IIorum
2212 4555 2390 4607 varias
2420 4554 2659 4608 rationes
2684 4563 2736 4606 et
2765 4554 3157 4622 explicationes
3192 4555 3238 4607 si
3266 4557 3391 4621 quis

1828 4648 2121 4710 desiderat,
2152 4648 2290 4716 legat
2323 4644 2957 4713 ApparatnmPontaciin
2991 4654 3150 4700 notas
3187 4646 3252 4698 ad
3278 4645 3387 4697 Eu-

1829 4741 1963 4795 sebii
1998 4739 2311 4794 Chronicon.
2331 4738 2403 4790 Ibi
2429 4738 2595 4799 enim,
2621 4736 2749 4790 dum
2782 4737 2879 4789 has
2903 4752 3039 4804 quas
3069 4737 3389 4805 scripsimus

1828 4830 2113 4899 opiniones
2152 4829 2368 4889 refellit,
2413 4841 2564 4880 suam
2604 4826 2816 4894 probat,
2858 4834 2912 4879 et
2953 4835 3011 4880 ut
3059 4827 3175 4894 ipse
3202 4826 3390 4879 existi-

1830 4927 1940 4971 mat
1972 4918 2323 4971 validissimis
2363 4916 2663 4968 rationibus
2680 4916 3001 4968 continuare
3033 4916 3248 4979 nititur,
3281 4932 3387 4969 non

1829 5009 1971 5078 quod
2022 5010 2123 5063 sibi
2167 5014 2545 5077 proposuerat,
2584 5007 2678 5059 sed
2712 5008 2857 5060 aliud
2893 5015 3088 5075 praeter
3132 5023 3282 5075 spem
3336 5021 3390 5060 ct

1828 5100 2289 5169 exspectationem
2323 5098 2688 5159 demonstrat;
2726 5098 2800 5149 ait
2832 5110 3091 5164 namque:
3134 5096 3389 5149 Eusebius

1828 5196 1965 5247 enim
1983 5196 2259 5262 distinguit
2284 5192 2444 5245 libros
2466 5191 2715 5245 Historia!
2731 5192 3115 5245 ecclesiastica:
3166 5208 3195 5242 a
3225 5190 3391 5245 Chro-

1828 5288 1973 5349 nico,
2021 5286 2160 5353 quod
2190 5286 2244 5337 in
2286 5286 2397 5339 illis
2440 5286 2665 5352 plenius,
2702 5286 2755 5337 in
2790 5284 2883 5335 Itoc
2925 5284 3149 5343 brevius,
3185 5284 3235 5334 in
3282 5284 3390 5335 illis

1830 5379 2164 5447 singillatim,
2199 5379 2250 5429 in
2277 5377 2369 5429 hoc
2395 5379 2715 5432 summatim.
2748 5385 2795 5427 et
2826 5376 3006 5443 utipse
3025 5376 3269 5442 loquitur.
3301 5389 3392 5439 per

1826 5472 2100 5535 epitomen,
2132 5478 2178 5520 et
2211 5470 2286 5520 ita
2312 5467 2595 5521 Chronicos
2625 5483 2849 5519 canones
2880 5476 2927 5517 et
2962 5468 3213 5532 epitomen
3253 5463 3389 5515 idem

1828 5573 1955 5624 opus
1982 5574 2094 5609 esse
2127 5556 2273 5609 docet
2308 5556 2766 5621 manifestissime;
2802 5570 2922 5622 qua:
2948 5569 3070 5606 cum
3095 5568 3221 5605 vera
3252 5553 3385 5614 sint,

1828 5665 1936 5702 non
1974 5658 2152 5701 tamen
2189 5649 2525 5716 propositum
2561 5647 2705 5703 illius
2750 5646 3020 5713 probant:
3054 5644 3196 5697 aliud
3239 5646 3386 5697 cnim

1826 5753 1911 5800 est
1968 5758 2073 5799 una
2114 5758 2237 5797 cum
2293 5742 2568 5796 Ludovico
2614 5739 2775 5793 Vives
2822 5739 3045 5803 sentire,
3095 5744 3388 5808 utrumque
