4042 6338
129 406 242 460 809

1154 395 1219 452 1N
1259 388 1630 450 EUSTATHII
1664 381 2133 444 HEIAEMERON
2172 379 2396 438 NOTAE.

3240 375 3346 436 810

128 531 482 572 vuuuxxvm
517 525 775 568 annorum
816 513 952 566 hunc
983 511 1235 565 mundum
1260 520 1384 564 tunc
1413 510 1527 578 fore
1553 508 1686 559 miro
1716 515 1762 570 Α
1787 513 1841 559 et
1863 503 1940 558 rei
1968 497 2406 556 demonstranda
2434 497 2776 567 pr0positum
2802 497 2997 566 potius,»
3011 494 3072 548 id
3090 509 3354 564 exposce-

125 611 448 678 computavit
495 607 721 677 ingenio.
780 604 951 674 Hujus
1026 604 1340 659 excellentis
1399 610 1454 655 et
1521 600 1686 653 unius

125 704 318 773 operis
359 707 540 770 partes
576 699 714 752 duas
742 705 928 752 auctor
967 697 1130 752 fecit:
1171 696 1404 766 priorem
1451 692 1692 755 Κανόνας

125 787 483 856 παντοδαπῆς
529 785 766 856 ἱστορίας
791 802 805 816 ’
856 785 1229 854 posteriorem,
1259 783 1470 835 Κανόνα
1510 798 1691 852 χρονι-

125 878 227 930 κόν
260 872 632 945 inscripsit.ln
662 875 896 944 priorem
925 877 1166 928 omnium
1198 874 1460 943 gentium,
1499 887 1693 942 regno-

125 985 280 1027 rum,
320 968 617 1028 civitatum,
666 966 955 1027 cunabula,
1020 965 1278 1034 origines,
1340 964 1692 1033 antiquitates

125 1059 444 1112 contulerat
469 1074 485 1114 ;
511 1057 567 1110 in
593 1055 884 1110 secundam
901 1056 1080 1110 solum
1105 1058 1297 1109 seriem
1314 1069 1691 1120 numerorum,

127 1164 228 1203 seu
255 1161 524 1200 annorum
559 1146 967 1215 imperatorum,
996 1151 1048 1197 et
1075 1143 1334 1197 nonnulla
1361 1143 1484 1196 alia.
1511 1141 1693 1196 Prima

128 1255 266 1310 pars
317 1239 578 1308 prolixior
635 1253 700 1291 ex
748 1236 916 1290 variis
979 1233 1294 1287 auctoribus
1349 1234 1691 1299 concinnata,

126 1330 298 1398 quasi
347 1328 562 1391 dilIusa,
607 1334 660 1381 et
703 1340 839 1394 pene
897 1325 1202 1377 communis
1239 1321 1305 1375 ad
1344 1338 1696 1390 quascunque

126 1422 270 1474 alias
306 1420 544 1473 rationes
574 1425 878 1486 temporum
905 1415 1063 1470 nobis
1097 1414 1443 1484 proponitur.
1487 1414 1708 1468 Secun-'

127 1513 199 1565 da
235 1511 485 1566 strictior
509 1517 562 1563 et
591 1509 831 1578 pressior
875 1508 976 1562 soli
1006 1505 1455 1560 demonstrationi
1486 1504 1689 1569 dedita,

129 1617 316 1656 annos
354 1615 649 1670 eorumque
703 1599 901 1654 seriem
951 1613 1046 1666 per
1095 1598 1290 1666 strigas
1344 1605 1399 1650 et
1457 1596 1698 1665 virgulas

128 1690 487 1756 manifestat;
519 1691 688 1744 multa
729 1705 848 1758 quae
903 1689 958 1742 in
998 1688 1167 1757 priori
1221 1696 1373 1757 parte
1429 1687 1690 1752 confusa,

130 1785 188 1838 in
273 1783 516 1838 secunda
580 1781 835 1837 distincta
915 1785 1214 1832 cernuntur
1272 1798 1284 1832 :
1358 1779 1412 1831 in
1485 1777 1700 1831 Canone

1791 595 1921 650 bant
1951 601 2011 647 ut
2034 593 2102 647 ab
2145 593 2338 656 Adam,
2367 590 2453 643 vel
2485 589 2531 644 si
2585 605 2615 642 a
2661 588 2879 657 regibus
2919 602 2950 640 a
3002 585 3152 650 Belo,
3187 587 3268 640 vel
3317 597 3355 640 ι

1794 688 2050 748 Saturno,
2078 675 2162 739 vel
2187 684 2311 738 aliis
2334 680 2739 752 antiquioribus
2779 680 2991 734 initiiim
3022 678 3236 734 dicendi
3273 676 3356 732 fa-

1792 789 1958 836 ceret.
2005 779 2126 849 lpse
2169 791 2300 831 vero
2362 790 2392 828 a
2425 773 2565 828 Nino
2595 789 2690 828 seu
2748 774 3017 826 Abraham
3050 771 3353 846 exorditur.

1791 871 2060 925 Caeterum
2093 869 2350 932 Eusebio,
2384 866 2637 935 aliisque,
2680 865 2772 934 qui
2801 879 2898 932 pro
2930 864 3272 931 antiquitate,
3300 869 3355 916 et

1792 963 2035 1016 veritatis
2066 962 2333 1029 religione
2364 974 2491 1014 cum
2518 958 2770 1028 gentibus
2798 955 3101 1017 certabant,
3131 968 3355 1008 necesse

1793 1062 1940 1119 erat,
1972 1061 2034 1107 ut
2063 1069 2130 1107 ex
2183 1053 2347 1107 rebus
2377 1050 2519 1119 apud
2560 1034 2878 1109 i’llos'notis,
2942 1045 3186 1114 nullique
3219 1059 3354 1098 con-

1794 1145 2055 1201 troversis
2077 1145 2275 1214 scripta
2292 1149 2694 1212 componerent.
2717 1139 2957 1192 Etlmicis
2982 1146 3158 1190 autem
3179 1137 3357 1190 histo-

1795 1237 2123 1306 riographis,
2178 1244 2287 1289 tam
2341 1235 2542 1290 Graecis
2597 1247 2758 1302 quam
2820 1229 3027 1283 Latinis
3071 1240 3359 1281 commune

1797 1328 1920 1392 fuit,
1953 1335 2012 1382 ut
2041 1336 2271 1382 testatur
2300 1326 2504 1380 Paulus
2539 1325 2787 1385 Orosius,
2821 1331 2880 1376 ut
2921 1322 3144 1375 annales
3171 1335 3299 1373 suos
3325 1333 3356 1371 a

1796 1420 1936 1474 Nino
1961 1420 2283 1488 inciperent,
2308 1432 2430 1471 cum
2455 1417 2638 1470 omnia
2672 1423 2794 1468 ante
2815 1428 2937 1467 eum
2971 1411 3185 1481 penitus
3207 1411 3361 1478 igno-

1798 1519 2002 1571 rarent,
2032 1487 2132 1563 nec
2164 1509 2418 1578 gentilem
2460 1507 2625 1560 ullam
2663 1506 2921 1558 baberent
2955 1487 3362 1555 historiamsEt

1800 1601 1918 1669 ipse
1952 1598 2217 1653 Eusebius
2251 1598 2307 1652 in
2347 1595 2661 1667 praefatione
2695 1613 2707 1646 :
2744 1593 2830 1645 Ἐν
2857 1585 2936 1653 οἷς
2987 1590 3134 1642 οὐδὲν
3170 1588 3358 1656 ἐπίση-

1804 1711 1900 1764 μον
1933 1691 2152 1759 γεγονὸς
2189 1691 2478 1760 ἱστορεῖται
2521 1688 2648 1758 παρ’
2671 1686 2944 1755 Ἕλλησιν.
2970 1683 3106 1736 Hinc
3146 1681 3364 1736 Tertul-

1801 1782 1980 1835 lianus
2031 1779 2122 1833 lib.
2181 1780 2256 1846 De
2297 1778 2515 1847 pallio:
2571 1777 2723 1845 Piget
2775 1776 2950 1827 tristia
3004 1789 3104 1825 non
3163 1772 3360 1830 minus,

129 1875 285 1929 enim
355 1874 596 1928 chronica
674 1871 1056 1926 consideratur
1120 1880 1175 1924 et
1241 1870 1412 1924 series
1477 1876 1563 1922 et”
1605 1883 1688 1922 re-
1729 1869 1769 1926 Β
1797 1890 1953 1942 quant
1991 1887 2265 1940 regnorum
2309 1873 2438 1922 vices
2478 1885 2759 1922 recensere.
2797 1867 3012 1932 Quoties
3039 1874 3087 1918 et
3118 1866 3222 1916 ista
3253 1878 3363 1914 mu-

129 1976 257 2020 ctus
325 1966 459 2019 ordo
530 1978 878 2018 numerorum
961 1978 1056 2018 seu
1123 1977 1430 2024 annorum,
1491 1975 1700 2014 necnon

131 2057 456 2112 eorumdem
492 2055 762 2124 oppositio
794 2055 1133 2108 diversorum
1179 2052 1450 2106 ordinum.
1503 2052 1697 2104 Arnal-

132 2149 238 2201 dus
276 2147 553 2201 Pontacus
602 2154 753 2214 putat
795 2144 1047 2198 Canones
1105 2143 1393 2196 clironicos
1427 2142 1503 2194 nil
1551 2141 1696 2194 aliud

132 2254 281 2299 esse,
316 2251 476 2306 quam
508 2237 718 2289 tabulas
744 2236 975 2304 aliquas,
1015 2233 1069 2286 id
1100 2240 1203 2294 est,
1265 2233 1480 2284 diversa
1524 2231 1698 2298 spatia

134 2328 390 2387 dimensa
427 2326 583 2379 lineis
612 2340 675 2377 ac
698 2325 995 2384 laterculis,
1047 2338 1166 2390 quae
1191 2321 1474 2374 continent
1510 2333 1700 2372 nume-

135 2431 229 2468 ros
261 2416 370 2468 sibi
409 2416 684 2484 appositos
718 2429 783 2467 ex
831 2412 1080 2477 adverso,
1142 2413 1341 2480 quibus
1391 2410 1700 2462 indicantur

133 2515 392 2573 tempora
423 2520 516 2558 seu
543 2504 672 2556 anni
708 2503 1047 2555 diversorum
1081 2516 1267 2570 regum
1303 2501 1532 2552 invicem
1569 2512 1701 2550 con-

135 2604 450 2654 currentes,
480 2608 573 2646 seu
617 2591 1031 2652 concordantes,
1085 2598 1138 2641 et
1164 2605 1227 2641 ex
1275 2603 1503 2657 quorum
1535 2587 1701 2638 colla-

133 2688 311 2745 tione,
342 2700 434 2737 seu
462 2683 880 2750 computatione,
905 2680 1176 2749 colligitur
1195 2680 1477 2740 canonica,
1496 2692 1590 2730 seu
1613 2691 1702 2729 re-

136 2780 352 2847 gularis
381 2783 433 2829 et
462 2783 610 2828 certa
638 2784 938 2841 temporum
977 2771 1309 2839 supputatio,
1342 2777 1394 2822 et
1429 2769 1700 2821 collectio.

138 2865 380 2934 Ideoque
409 2867 558 2930 uuio,
605 2881 696 2918 seu
729 2862 1020 2915 concordia
1068 2869 1301 2929 quatuor
1348 2859 1706 2928 evangelista-

140 2974 290 3018 rum,
332 2971 452 3026 quae
489 2956 554 3008 ab
591 2954 823 3007 Eusebio
862 2951 1211 3009 describitur,
1265 2965 1357 3018 per
1395 2947 1704 3016 hujusmodi

142 3049 325 3102 lineas
377 3057 555 3102 rectas
604 3056 656 3099 et
703 3053 1068 3103 transversas,
1121 3056 1241 3111 quae
1272 3041 1705 3108 complectuntur

144 3149 331 3193 ccrtos
375 3148 430 3191 et
461 3139 703 3191 diversus
734 3150 991 3188 numeros
1015 3135 1246 3186 invicem
1274 3131 1374 3184 sibi
1400 3133 1699 3198 oppositos,

144 3231 352 3299 quibus
412 3228 720 3280 indicantur
774 3225 986 3278 diversa
1039 3223 1217 3290 capita
1271 3222 1324 3273 in
1364 3223 1559 3289 quibus
1597 3221 1701 3288 ipsi

144 3319 494 3388 evangelista:
521 3317 873 3375 conveniunt,
922 3315 1157 3367 Canones
1191 3312 1469 3380 evangelici
1510 3311 1701 3364 dicun-

149 3421 257 3465 tur.
291 3410 398 3464 Sed
425 3410 555 3478 quid
585 3409 760 3460 verbis
788 3420 1084 3474 opus,cum
1113 3404 1199 3456 hic
1226 3405 1338 3471 ipse
1368 3401 1702 3464 Eustathius,

148 3503 404 3568 quisnam
451 3499 611 3552 fuerit
644 3496 932 3551 Clironicus
961 3511 1127 3547 canon
1160 3493 1376 3546 Eusebii
1407 3493 1706 3546 clarissime

149 3593 424 3663 explicet?
453 3589 714 3660 Χρονικοῦ
747 3589 855 3659 γὰρ
891 3587 1108 3648 κανόνος
1139 3585 1385 3648 σύνταξιν
1419 3585 1705 3654 ἐπινοήσας

152 3687 216 3736 ἐκ
245 3683 586 3754 παραλλήλου
615 3680 1011 3750 ἀντιπαρέθηκε
1044 3679 1131 3730 τὸν
1163 3677 1287 3746 παρ’
1320 3677 1530 3743 ἑκάστῳ
1568 3675 1708 3726 ἔθνει

150 3774 558 3826 δυναστεύοντα.
591 3772 841 3826 Omnium
878 3771 1078 3839 Optime
1103 3769 1154 3820 id
1178 3769 1415 3821 declarat
1444 3766 1708 3819 Eusebius

153 3863 204 3915 in
235 3863 501 3931 protentio
525 3860 776 3914 secundae
797 3861 987 3926 partis,
1021 3860 1072 3909 in
1104 3871 1211 3926 quo
1233 3855 1360 3923 quid
1389 3855 1557 3922 prima.
1586 3868 1709 3922 pars

162 3970 189 4005 a
234 3953 476 4006 secunda
507 3951 716 4003 dill'erat
741 3950 889 4002 hisce
912 3949 1131 4016 exponit
1165 3945 1331 4012 ξἘγὼ
1357 3946 1411 3997 δὲ
1435 3944 1559 4014 περὶ
1580 3943 1710 3995 πολ--

154 4041 245 4094 λοῦ
267 4041 360 4093 τὸν
386 4041 554 4109 ἀληθῆ
589 4041 741 4106 λόγον
770 4040 1093 4110 τιμώμενος,
1139 4041 1230 4090 καὶ
1260 4039 1318 4090 τὸ
1353 4037 1574 4107 ἀκριϐὲς
1600 4037 1713 4088 ἀνι-

154 4134 375 4205 χνεῦσαι
408 4134 494 4185 διὰ
517 4135 747 4202 σπουδῆς
776 4135 1107 4205 προύθέμην.
1137 4133 1325 4185 Ἔνθεν
1348 4132 1628 4203 ὁρμηθεὶς,
1657 4136 1711 4184 ἐν

158 4226 254 4292 μὲν
290 4227 358 4292 τῇ
389 4225 490 4294 πρὸ
522 4225 723 4293 ταύτης
747 4224 990 4288 συντάξει
1022 4224 1149 4285 ὔλας
1179 4224 1476 4293 ἐκπορίζων
1497 4223 1713 4292 ἐμαυτῷ

158 4313 361 4382 χῷνων
398 4313 714 4382 ἀναγραφὰς
749 4313 1131 4381 συνελεξάμην,
1158 4312 1410 4373 παντοίας
1447 4311 1713 4379 βασιλείας

153 4407 261 4458 τῶν
276 4405 573 4468 Χαλδαίων,
593 4406 908 4476 Ἀσσυρίων,
922 4405 1137 4472 Μήδων,
1157 4403 1397 4472 Περσῶν,
1414 4403 1615 4466 Λυδῶν,
1631 4405 1716 4455 Ἑ-

1803 1967 2042 2024 taverint,
2067 1963 2174 2026 iam
2203 1962 2322 2014 inde
2374 1978 2405 2012 a
2452 1958 2593 2012 Nino
2630 1959 2742 2011 Beli
2788 1957 3066 2026 progenie!
3114 1957 3162 2008 si
3190 1964 3366 2010 tamen

1803 2053 1975 2106 Ninus
2002 2053 2233 2122 regnauit
2262 2051 2484 2120 primus,
2526 2059 2580 2101 ut
2612 2055 2853 2100 autumat
2886 2047 3209 2112 superiorum
3237 2061 3365 2112 pro-

1802 2146 2019 2212 fanitas,
2061 2121 2317 2210 ferm‘eqne
2357 2141 2497 2210 apud
2543 2157 2628 2192 vos
2680 2139 2824 2190 ultra
2877 2138 3044 2207 stylus
3106 2152 3206 2188 non
3239 2151 3365 2203 ,το-

1799 2236 2050 2304 greditur.
2078 2235 2142 2286 Et
2166 2235 2417 2287 Albertus
2450 2234 2616 2287 abbas
2645 2231 2926 2285 Stadcnsis
2962 2229 3015 2281 in
3051 2227 3310 2282 Chronico
3341 2240 3364 2278 :

1802 2324 1840 2375 Α
1871 2326 2040 2389 primo
2079 2333 2292 2391 parente
2343 2324 2612 2375 hominum
2657 2337 2816 2389 usque
2846 2320 2912 2372 ad
2959 2317 3160 2370 Ninum
3190 2316 3362 2370 nullos

1803 2423 1948 2466 actus
1987 2431 2159 2467 rerum
2183 2413 2509 2466 mundalium
2540 2411 2946 2481 historiograplti
2969 2410 3188 2480 posteris
3217 2417 3363 2461 attu-

1806 2507 1995 2559 lerunt.
2029 2505 2253 2574 Ideoque
2285 2506 2348 2557 ab
2389 2508 2501 2571 ipso
2546 2514 2830 2570 ceperunt,
2860 2504 2983 2572 quia
3022 2503 3129 2571 ipse
3163 2503 3364 2567 primus

1805 2597 1977 2650 aliena
2010 2597 2258 2649 invadens
2291 2596 2504 2648 minime
2531 2596 2640 2648 suis
2672 2596 2904 2647 terminis
2938 2602 3050 2648 crat
3071 2601 3362 2644 contentus.

1806 2687 1917 2740 "ac
1944 2690 2126 2756 itaque
2171 2688 2378 2740 ratione
2414 2687 2565 2739 ducti
2615 2701 2824 2747 omnes,
2858 2695 2909 2738 et
2945 2686 3059 2752 ipse
3096 2681 3365 2737 Eusebius

1806 2791 1836 2828 a
1872 2776 2009 2829 Nino
2039 2776 2271 2830 orditur.
2307 2775 2440 2829 Vide
2497 2775 2794 2839 .lustinum,
2866 2773 3183 2838 Diodorum,
3230 2773 3368 2828 Oro-

1808 2869 1969 2927 sium,
1990 2868 2377 2922 Cassiodorum
2407 2876 2456 2921 et
2485 2868 2640 2920 alios.

1878 2959 1994 3015 Col.
2029 2959 2151 3020 708,
2185 2960 2279 3012 lin.
2310 2955 2394 3012 il.
2443 2957 2748 3025 Συγήγαγε
2776 2955 2843 3007 δὲ
2875 2957 3147 3024 χρόνους.
3191 2953 3366 3008 Verba

1809 3058 1936 3106 sunt
1972 3034 2187 3103 Eusebii
2226 3049 2280 3102 in
2323 3049 2588 3117 proremio
2635 3049 2718 3100 sui
2750 3046 2996 3100 Chronici
3034 3048 3282 3110 canonis,
3315 3055 3364 3100 et

1811 3157 1839 3192 a
1871 3141 2029 3195 nobis
2081 3144 2331 3208 superius
2372 3140 2617 3193 recitata.
2678 3139 2754 3191 Ex
2805 3139 3000 3206 quitus
3047 3139 3228 3207 regnis
3261 3138 3364 3192 duo

1807 3231 2121 3284 exciderunt
2154 3233 2207 3282 in
2239 3229 2481 3292 Canonc,
2514 3229 2863 3282 Chaldaicum
2891 3237 2945 3282 et
2971 3229 3366 3284 Thessalicum.

1809 3319 1913 3374 Sed
1941 3321 2316 3374 Chaldaeorum
2341 3336 2566 3390 regnum
2599 3322 2807 3374 salvum
2833 3320 3009 3374 adhuc
3033 3331 3280 3388 superest
3312 3322 3369 3374 in

1807 3413 2052 3479 reliquiis
2081 3409 2284 3464 Graecis
2308 3411 2504 3477 prioris
2531 3410 2677 3474 libri,
2697 3408 3082 3464 Thessalorum
3116 3411 3368 3464 neutrubi

1806 3511 2003 3555 exstat.

1879 3591 2037 3653 lbid.,
2075 3592 2171 3643 lin.
2216 3589 2301 3644 16.
2364 3591 2473 3644 Καὶ
2512 3591 2736 3643 τούτων
2780 3592 2919 3656 τοὺς
2973 3593 3245 3659 χρόνους.
3293 3591 3372 3645 Ita

1810 3693 1938 3752 puto
1978 3685 2359 3751 supplendum,
2412 3684 2521 3734 Kal.
2549 3683 2751 3735 τούτων
2784 3687 2908 3746 τοὺς
2942 3685 3164 3754 χρόνους
3195 3686 3284 3737 ἐπὶ
3310 3686 3372 3738 τὺ

1808 3776 1939 3826 αὐτὸ
2001 3775 2353 3845 συναθροίσας
2415 3775 2641 3826 ἑκάστου
2707 3776 2888 3838 ἔθνους
2945 3776 3051 3829 τῶν
3113 3777 3374 3845 βασιλέων

1811 3866 2182 3931 συνεξελὲξατο
2201 3867 2439 3936 χρόνους,
2473 3873 2563 3918 aut
2597 3866 2722 3935 quid
2760 3867 2953 3920 simile.

1880 3957 2040 4019 l|)id.,
2071 3959 2164 4011 lin.
2192 3957 2281 4010 20.
2313 3958 2474 4010 Κατὰ
2517 3958 2625 4025 γὰρ
2665 3971 2778 4025 την
2806 3959 3142 4026 Σεμίραμιν.
3208 3957 3377 4012 Euse-

1810 4049 1935 4103 bius
1968 4068 1979 4101 :
2010 4048 2154 4118 Πλὴν
2196 4047 2332 4100 ἀλλὰ
2379 4049 2470 4100 καὶ
2507 4047 2678 4109 οὕτως
2726 4047 2867 4100 κατὰ
2925 4050 3020 4118 μὲν
3053 4051 3281 4118 Ἴναχον,
3314 4050 3372 4102 ὃν

1813 4137 2026 4208 πρῶτον
2078 4133 2334 4206 ’Έλληνες
2391 4139 2623 4206 Ἀργους
2685 4134 2993 4204 βασιλεῦσαί
3050 4154 3208 4203 φασι,
3282 4139 3372 4190 τὸν

1825 4230 2086 4301 Ἐϐραίων
2115 4230 2430 4298 προπάτορα
2463 4228 2675 4298 Ἰσραὴλ
2705 4228 2988 4297 γενόμενον
3021 4225 3194 4299 εὗρον,
3230 4230 3287 4295 ἐξ
3311 4221 3372 4281 οὗ

1813 4318 1874 4370 τὸ
1889 4317 2258 4385 δωδεκάφυλον
2292 4317 2382 4369 τοῦ
2412 4317 2678 4368 Ἰουδαίων
2709 4317 2890 4378 ἔθνους
2921 4317 3018 4383 τῆς
3042 4316 3134 4367 τοῦ
3162 4315 3377 4386 Ἰσραὴλ

1817 4410 2128 4476 ἐπωνυμίας
2156 4406 2355 4477 ἠξιώθη
2397 4408 2534 4460 κατὰ
2568 4407 2621 4458 δὲ
2647 4409 2944 4476 Σεμίραμιν
2981 4407 3072 4459 τὸν
3105 4408 3373 4477 Ἀϐραὰμ,

160 4498 728 4568 6ραίων,Δίγυπτίων,
748 4495 1060 4564 Ἀθηναίων,
1079 4494 1354 4564 Ἀργείων,
1385 4494 1710 4556 Σικυωνίων,
1744 4512 1788 4566 D
1817 4497 2080 4549 Χαλδαῐον
2117 4497 2213 4566 μὲν
2254 4497 2314 4548 τὸ
2346 4497 2517 4563 γένος,
2537 4496 2707 4558 ἄλλως
2739 4514 2800 4564 γε
2833 4498 2998 4566 ἄνδρα
3029 4496 3376 4566 θεοφιλῆ,καὶ

158 4589 614 4657 Δακεδαιμονίων,
671 4587 983 4658 Κορινθίων,
1035 4584 1335 4648 Θετταλῶν,
1373 4586 1710 4649 Μακεδόνων,

158 4678 421 4742 Λατίνων,
435 4674 514 4741 οἷς
531 4679 982 4749 ὕστερονιγέγονεν
996 4680 1219 4749 ἐπίκλην
1241 4680 1407 4748 ὄνομα
1430 4681 1682 4747 Ῥωμαῖοι
1697 4696 1709 4708 ·

158 4766 294 4834 ὁμοῦ
311 4767 551 4833 γίνονται
582 4777 639 4821 ιε’
659 4788 671 4800 ο
703 4773 760 4823 ἐν
788 4771 843 4822 δὲ
877 4771 951 4840 τῷ
975 4771 1218 4840 παρόντι,
1243 4770 1330 4821 ἐπὶ
1363 4771 1420 4821 τὸ
1443 4770 1570 4822 αὐτὸ
1593 4770 1716 4832 τοὺς

162 4857 385 4925 χρόνους
413 4859 748 4925 συναγαγὼν,
767 4862 858 4913 καὶ
883 4860 1266 4929 ἀντιπαραθεὶς
1292 4862 1353 4912 ἐκ
1379 4859 1715 4930 παραλλήλου

162 4948 249 4996 τὸν
279 4947 410 5014 παρ’
430 4946 641 5014 ἑκάστῳ
691 4948 828 5001 ἔθνει
863 4950 968 5002 τῶν
1007 4948 1143 5001 ἐτῶν
1176 4949 1423 5017 ἀριθμὸν,
1470 4947 1716 5018 χρονικοῦ

167 5038 386 5098 κανόνος
418 5035 665 5101 σύνταξιν
702 5040 1064 5110 ἐποιησάμην.
1097 5038 1175 5091 En
1209 5039 1367 5092 unius
1389 5041 1567 5107 operis
1600 5053 1710 5106 per-

167 5127 288 5179 fecti
323 5143 388 5180 ex
419 5127 536 5195 ipso
568 5136 790 5182 auctore
818 5131 925 5184 duo
953 5131 1192 5184 membra
1223 5129 1499 5189 distincta,
1530 5138 1582 5183 et
1608 5146 1720 5182 am-

169 5220 356 5271 borum
390 5233 638 5286 scopum,
689 5228 851 5287 atque
882 5224 1244 5294 prouositum,
1294 5223 1492 5290 quibus
1522 5221 1722 5288 Optime

168 5310 322 5364 nobis
344 5313 470 5377 quis
500 5311 570 5363 sit
597 5310 859 5380 Χρονικδς
884 5311 1059 5364 κανών
1091 5313 1403 5366 innotescit.

234 5400 350 5456 Coi.
389 5399 514 5460 708,
557 5401 651 5454 lin.
690 5401 775 5454 10.
822 5403 913 5454 Ἐκ
955 5403 1354 5470 παραλλήλου
1410 5402 1720 5470 Menapii--

171 5491 326 5556 θηκε.
384 5491 597 5560 Optime
627 5499 812 5545 noster
856 5490 1174 5547 Eustathius
1227 5495 1409 5548 verbis
1466 5496 1638 5553 hisce,
1692 5509 1723 5548 a

170 5594 403 5645 quonam
423 5583 509 5634 vel
534 5581 676 5636 unde
703 5581 787 5634 sui
818 5579 1070 5635 Chronici
1103 5585 1326 5638 canonis
1355 5586 1565 5637 initium
1608 5586 1722 5637 fue-

174 5672 238 5722 rit
269 5673 584 5744 auspicatus
618 5673 859 5740 exponit,
893 5671 1145 5726 videlicet
1191 5676 1254 5725 ἐκ
1297 5676 1396 5744 τῆς
1423 5677 1721 5743 ἀντιπαρε-

177 5759 388 5826 θέσεωςθ
423 5762 594 5817 series
626 5761 767 5816 enim
815 5766 1141 5828 temporum,
1184 5763 1394 5816 ratione
1431 5777 1717 5826 annorum,

489 5857 759 5920 Panos.
796 5850 908 5915 Gn.
950 5850 1177 5912 XVIII.

1814 4587 2025 4659 πρῶτον
2055 4589 2160 4640 τῶν
2206 4592 2332 4658 παρ’
2373 4589 2640 4658 Ἑϐραίοις
2683 4588 2970 4659 προφητῶν
3021 4585 3154 4641 εἷναι
3211 4607 3376 4643 πεπι-

1817 4678 2124 4746 στευμένον.
2161 4675 2223 4728 Ει
2246 4676 2481 4729 Joannes
2506 4656 2874 4730 Antioclienus
2899 4678 2952 4729 in
2971 4677 3333 4744 Arclta'otogia
3354 4695 3376 4731 :

1817 4767 1939 4819 Ὀτι
1988 4767 2129 4818 κατὰ
2161 4769 2284 4829 τοὺς
2326 4766 2574 4838 Ἀϐραὰμ
2614 4769 2831 4837 χρόνους
2876 4769 3053 4831 Νίνος,
3097 4769 3190 4821 καὶ
3215 4769 3377 4840 Σεμί-

1819 4874 1983 4928 ραμις
2013 4857 2340 4910 ἐϐασίλευον.

1888 4945 2045 5008 lbid.,
2074 4948 2167 5000 lin.
2192 4947 2280 5001 25.
2334 4947 2592 5015 Μωῦσῆς
2623 4947 2691 5000 δὲ
2723 4948 2870 5002 κατὰ
2901 4950 3188 5014 Κέκροπα.
3211 4951 3380 5007 Euse-

1817 5039 1976 5092 hius:
2014 5038 2224 5090 Τούτων
2257 5039 2366 5110 γὰρ
2408 5041 2660 5093 ἁπάντων
2697 5042 2796 5110 τὴν
2832 5042 3065 5112 ἱστορίαν
3109 5043 3380 5112 νεωτέραν

1818 5131 1917 5198 τῆς
1953 5130 2235 5200 Κέκροπος
2289 5132 2504 5198 ἡλικίας
2553 5133 2734 5195 παῖδες
2785 5134 3045 5204 Ἑλλήνων
3075 5133 3381 5206 παραδεδῶ⁴

1819 5236 1964 5271 κασι.
1997 5221 2231 5272 Μωῦσὲα
2270 5221 2327 5272 δὲ
2363 5225 2394 5291 ἡ
2443 5223 2691 5292 παροῦσα
2736 5224 2976 5289 ἐξέτασις
3018 5226 3123 5278 τῶν
3175 5226 3382 5298 χρόνων

1820 5311 2068 5379 γενέσθαι
2107 5312 2246 5365 κατὰ
2277 5315 2539 5384 Κέκροπα
2584 5316 2672 5368 τὸν
2700 5317 2881 5389 διφυῆ,
2916 5319 2973 5370 ὃν
3009 5318 3219 5386 πρῶτόν
3251 5336 3382 5386 φασι

1819 5403 1917 5470 τῆς
1945 5403 2190 5471 Ἀττικῆς
2236 5403 2570 5471 βασιλεῦσαι,
2609 5409 2884 5478 συνίστησι
2939 5409 3043 5477 πρὸ
3077 5408 3180 5458 τῶν
3226 5407 3383 5460 Ἰλια-

1821 5493 1928 5545 κῶν
1961 5493 2102 5561 ἀμφὶ
2163 5499 2238 5543 τν¹
2293 5492 2405 5562 ἕτη.
2464 5495 2541 5547 Ex
2597 5498 2795 5564 quibus
2843 5496 3137 5563 supplenda
3189 5496 3383 5549 lacuna

1823 5587 1882 5638 in
1921 5591 2109 5636 nostro
2153 5582 2435 5636 Eustathio
2474 5603 2486 5637 :
2520 5587 2616 5638 Ὃν
2670 5586 2774 5655 πρὸ
2804 5585 2910 5638 τῶν
2955 5587 3194 5638 Ἰλιακων
3239 5586 3384 5641 ἔτεσι

1821 5674 2147 5745 τριακοσίοις
2201 5676 2538 5742 πεντήκοντα
2598 5673 3011 5743 παραδεδώκασι
3076 5675 3387 5744 βασιλεῦσαι

1824 5764 2035 5834 πρῶτον
2068 5782 2164 5832 της
2196 5766 2440 5826 Ἀττικῆς
2481 5765 2746 5832 Ἐλλήνων
2787 5764 2992 5827 παῖδες.
3049 5767 3156 5820 lmo
3186 5775 3390 5819 utrum-

3029 5858 3107 5917 26
