4042 6338
2021 363 2268 421 ιεοΝιε
2297 363 2472 418 ALLA
2483 364 2570 417 'l‘ll

3837 356 3929 417 ιιι

687 502 793 557 que
835 487 1210 556 corrigamus:
1270 486 1470 540 misere
1511 488 1658 541 enim
1708 487 1763 541 in
1794 485 2050 547 Eusebio.
2083 501 2113 539 a
2137 502 2248 557 quo
2275 494 2318 549 Α
2348 487 2560 556 placent
2588 504 2601 550 ;
2635 485 2766 555 quid
2819 485 3058 538 mirum?
3086 483 3369 556 displicuit
3408 488 3564 535 antea
3615 487 3678 534 et
3731 478 3928 534 divino-

687 585 894 640 noster,
933 593 1039 632 non
1067 588 1274 636 tantum
1304 578 1359 632 in
1389 579 1571 642 editis,
1621 581 1714 634 sed
1758 579 1811 632 in
1841 579 2096 632 omnibus
2138 579 2251 636 fere

687 670 1070 739 manuscriptis
1103 669 1335 738 positum
1361 678 1446 724 est
1474 677 1547 723 τν*
1567 685 1716 730 εδει,
1738 684 1836 738 pro
1857 683 2126 735 cccuxv;
2155 671 2249 726 sed

685 764 970 833 castigatio
996 763 1106 816 haec
1136 763 1276 816 inita
1313 765 1697 833 supputatione
1737 764 2002 816 firmatur.
2035 762 2167 816 Nam
2201 766 2248 818 si

687 867 832 906 anno
872 866 1067 905 ccccu
1121 853 1190 906 ab
1216 853 1489 907 Abraham
1527 855 1580 906 in
1629 867 1787 921 quem
1841 852 2030 906 incidit
2075 868 2249 909 annus

685 955 826 993 xxxv
884 939 1103 1009 Moysis.
1155 947 1208 994 et
1274 942 1482 1009 primus
1534 941 1815 1008 Cecropis,
1870 943 2248 1011 aggregaveris

682 1043 938 1094 cccuxv,
983 1031 1222 1098 reperies
1249 1045 1421 1084 annos
1467 1043 1760 1089 ncccxxxv,
1796 1045 1906 1100 quo
1951 1029 2246 1099 Troianum

680 1121 913 1189 contigit
939 1120 1231 1182 excidium,
1261 1128 1315 1174 et
1349 1121 1434 1174 hic
1462 1137 1582 1190 quae
1607 1122 1803 1175 scribit
1830 1120 2098 1177 Eusebius
2130 1121 2246 1192 ipse

679 1210 826 1264 circa
861 1226 1062 1264 annum
1104 1211 1172 1263 ab
1201 1211 1471 1264 Abraham
1511 1225 1806 1264 accc-xxxv.
1839 1211 1993 1277 Quod
2027 1224 2083 1266 ut
2116 1212 2246 1265 faci-

677 1299 785 1355 lius
831 1301 1049 1355 credam
1093 1301 1216 1354 facit
1252 1301 1492 1354 Africani
1544 1304 1843 1357 auctoritas
1881 1303 1933 1356 in
1964 1301 2241 1366 Chronico,

677 1392 766 1445 ubi
801 1393 875 1444 ait
905 1413 916 1447 :
971 1395 1099 1446 Ἀπὸ
1132 1395 1416 1463 Κέκροπος
1457 1395 1549 1446 ἐπὶ
1580 1395 1677 1464 τὴν
1713 1395 1867 1446 Ἰλίου
1897 1393 2095 1446 ἅλωσιν
2124 1411 2245 1445 συν-

677 1482 897 1550 άγονται
934 1485 1113 1554 μικρῷ
1146 1486 1334 1537 δέοντα
1373 1485 1464 1551 ἔτη
1501 1490 1566 1536 u'.

744 1575 860 1629 Col.
895 1575 1016 1637 708,
1037 1578 1128 1629 lin.
1161 1576 1250 1630 24.
1269 1577 1364 1640 Ὠς
1383 1571 1534 1627 εἶναι
1560 1573 1678 1627 τῶν
1711 1575 1845 1641 παρ’
1865 1577 2143 1639 Ἕλλησι.
2168 1571 2240 1626 Ex

674 1662 940 1720 Eusebio:
970 1666 1204 1717 Μωῦσέα
1236 1666 1312 1727 δὲ,
1348 1665 1649 1735 φιλαλήθως
1688 1668 1879 1726 εἰπεῖν,
1901 1666 2104 1716 τούτων
2143 1664 2241 1733 μὲν

673 1755 953 1826 νεώτερον,
987 1754 1097 1807 τῶν
1142 1756 1196 1808 δὲ
1239 1757 1366 1825 παρ’
1407 1756 1660 1823 Ἕλλησιν
1711 1753 2239 1824 ἀρχαιολογουμένων

673 1848 1060 1918 πρεσϐύτατον,
1091 1847 1327 1918 Ὀμήρου
1357 1845 1518 1913 λέγω,
1537 1847 1628 1898 καὶ
1655 1847 1918 1906 Ἡσιόδου,
1946 1846 2036 1896 καί
2061 1844 2238 1896 αὐτῶν
2274 1827 2314 1879 Β

670 1940 778 1992 τῶν
823 1939 1117 2010 Τρωῖκῶν,
1167 1940 1261 1992 καὶ
1317 1939 1393 1990 ἔτι
1450 1938 1823 2006 Διοσκούρων,
1877 1937 2234 2005 Ἀσκληπιοῦ,

668 2029 942 2093 Διονύσου,
964 2031 1157 2100 ἡρώων
1184 2047 1243 2081 τε
1270 2029 1503 2089 πάντων,
1521 2029 1720 2099 Ἑρμοῦ
1760 2045 1819 2079 τε
1846 2028 1938 2080 καὶ
1975 2027 2236 2079 Ἀπόλλω-

668 2137 776 2184 νος,
816 2120 924 2172 τῶν
966 2138 1023 2171 τε
1065 2120 1264 2171 λοιπῶν
1311 2122 1437 2189 παρ’
1465 2119 1684 2188 Ἕλλησι
1720 2118 1876 2178 θεῶν,
1923 2117 2238 2188 μυστηρίων

664 2227 747 2272 τε.
785 2212 878 2264 καὶ
922 2212 1169 2273 τελετῶν,
1196 2213 1314 2272 Διός
1356 2229 1415 2263 τε
1459 2211 1620 2262 αὑτοῦ
1672 2208 1918 2280 πράξεων
1957 2209 2066 2262 τῶν
2108 2211 2234 2278 παρ’

667 2302 890 2373 Ἕλλησι
914 2302 1435 2372 ’μ-ιημονευομένων.
1485 2301 1549 2354 Et
1589 2301 1852 2355 inferius:
1887 2302 2096 2353 Γίνεται
2129 2300 2236 2372 γὰρ

665 2394 808 2464 μετὰ
836 2395 1094 2465 Κέκροπα
1120 2397 1148 2446 ὁ
1175 2395 1314 2448 κατὰ
1340 2395 1680 2446 Δευκαλίωνα
1710 2393 2111 2462 κατακλυσμὸς,
2140 2395 2236 2445 καὶ

659 2485 698 2555 ἡ
729 2485 821 2537 ἐπὶ
849 2487 1137 2548 Φαέθοντος
1163 2486 1489 2555 ἐκπύρωσις,
1527 2485 1855 2554 Ἐριχθονίου
1897 2500 1957 2536 τε
2002 2485 2230 2551 γένεσις,

663 2578 756 2630 καὶ
787 2580 818 2646 ὴ
851 2578 953 2627 ὑπὸ
980 2577 1251 2648 Δαρδάνου
1287 2577 1384 2645 τῆς
1427 2577 1717 2647 Δαρδανίας
1763 2576 1956 2637 κτίσις,
1991 2575 2050 2626 ὃν
2097 2577 2235 2646 πρῶ-

660 2683 753 2721 τον
793 2671 956 2736 φησιν
982 2669 1127 2738 Ὂμη
1137 2685 1249 2738 ρος,

735 2795 751 2809 .
830 2796 844 2808 .
923 2796 937 2808 .
1019 2797 1032 2809 .
1114 2758 1314 2810 Τέκετο
1342 2756 1772 2824 νεφεληγερέτα
1795 2755 1971 2820 Ζεύς’

660 2847 845 2918 Κόρης
868 2864 926 2900 τε
953 2848 1194 2917 ἁρπαγὴ,
1223 2849 1314 2900 καὶ
1358 2850 1641 2918 Δήμητρος
1669 2849 1962 2915 μυστήρια,
1996 2855 2098 2900 etc.
2130 2845 2232 2911 Qui

659 2938 814 2994 locus
845 2938 1062 2995 Eusebii
1100 2957 1166 2994 ea
1201 2943 1305 2995 hoc
1355 2948 1545 2995 nostro
1575 2940 1863 2994 Eustathio
1905 2940 2234 3009 Hieronymo

659 3030 799 3086 duce
843 3031 1177 3101 supplendus
1238 3040 1360 3095 est,
1415 3031 1740 3102 Ἐριχθονίου
1808 3047 1864 3082 τε
1905 3031 2113 3098 γένεσις
2175 3030 2232 3095 ἐξ

669 3120 960 3187 Ἡφαίστου
1014 3123 1107 3174 καὶ
1151 3120 1290 3191 Γῆς,
1326 3138 1446 3192 quae
1490 3121 1870 3177 desiderantur
1915 3124 1970 3176 in
2018 3121 2227 3177 Graeco.

658 3209 801 3264 Idem
835 3208 1099 3265 Eusebius
1129 3211 1182 3264 in
1216 3213 1318 3265 hoc
1346 3213 1535 3267 eodem
1561 3210 1822 3266 Chronico
1846 3222 1995 3280 parte
2015 3216 2186 3282 prima
2209 3231 2222 3262 :

655 3302 813 3356 Πᾶσα
859 3305 987 3372 παρ’
1030 3301 1253 3371 Ἕλλησι
1304 3302 1690 3371 θαυμαζομένη
1741 3301 1937 3371 πρᾶξις
1975 3304 2082 3354 ἀπὸ
2121 3304 2228 3355 τῶν

668 3391 871 3460 Ἰνάχου
923 3392 1162 3461 χρόνων,
1207 3392 1300 3444 καὶ
1342 3392 1631 3461 Φορωνέως
1675 3394 1754 3453 είς
1794 3393 1882 3443 τὸν
1935 3393 2227 3461 μετέπειτα

655 3482 897 3551 φέρεται.
941 3481 1030 3534 Διὸ
1057 3483 1148 3534 καὶ
1186 3481 1406 3534 Πλάτων
1438 3483 1496 3533 ὲν
1526 3483 1734 3549 Τιμαίῳ
1770 3481 1846 3552 τῷ
1873 3482 2100 3551 διαλόγῳ
2133 3484 2226 3536 τοῦ

652 3571 939 3642 Φορωνέως
983 3572 1347 3644 ἐπιμέμνηται
1389 3571 1614 3640 χρόνων,
1656 3572 1729 3633 ὼς
1778 3572 1916 3625 πάνυ
1962 3574 2224 3637 παλαιῶν,

655 3662 748 3714 καὶ
772 3661 992 3726 Νιόϐης,
1018 3664 1110 3714 καὶ
1137 3661 1230 3713 τοῦ
1264 3661 1382 3713 κατ’
1419 3660 1642 3729 Ὠγύγου
1679 3663 2032 3733 ἀρχαιοτάτου
2059 3681 2226 3716 κατα-

655 3752 916 3821 κλυσμοῦ,
938 3753 1017 3814 ὡς
1043 3753 1282 3821 λέγεται.

725 3842 887 3908 lbid.,
903 3846 997 3896 lin.
1019 3845 1102 3897 25.
1122 3844 1368 3913 Ὀμήρου
1393 3846 1586 3912 λέγων
1606 3846 1701 3897 καὶ
1730 3846 2020 3900 Ἡσιόδου.
2045 3846 2226 3902 Deliis

655 3941 710 3989 et
749 3933 872 3992 aliis
910 3936 1226 3991 auctoribus
1264 3936 1332 3988 ab
1377 3932 1660 3989 Eustathio
1694 3939 2130 3992 commemoratis
2169 3940 2228 3992 in

658 4034 852 4082 nostra
897 4026 964 4079 de
1014 4027 1368 4094 scriptoribus
1416 4027 1661 4096 profanis
1709 4027 2034 4082 Bibliotheca
2071 4030 2226 4097 plura

654 4112 919 4168 dicemus.
948 4113 1065 4167 Non
1098 4111 1244 4171 enim
1282 4113 1498 4167 videtur
1527 4117 1808 4184 praisemis
1841 4117 2039 4186 negotii
2071 4118 2225 4186 plura

655 4201 722 4258 de
747 4202 854 4259 illis
886 4203 1111 4265 referre,
1149 4204 1601 4274 quemadmodum
1634 4213 1688 4258 et
1719 4206 1786 4259 de
1815 4206 1935 4261 aliis
1967 4206 2227 4261 fabulosis

653 4307 885 4364 quorum
936 4293 1024 4347 hic
1071 4293 1126 4345 fit
1168 4293 1396 4350 mentio.
1426 4293 1568 4363 Lege
1609 4297 1655 4348 si
1702 4297 1876 4364 placet
1936 4297 2226 4366 Apollodo-

651 4399 795 4450 rum,
829 4385 1188 4447 Pliornutum,
1234 4384 1555 4449 Palefatum,
1591 4387 1857 4456 Hyginum
1890 4396 2224 4457 caeterosque

2352 593 2469 632 rum
2515 577 2787 629 hominum
2836 589 2958 628 acre
3009 575 3455 645 inculpatumque
3511 570 3845 637 judicium;
3886 584 3928 625 et

2349 669 2512 738 quod,
2549 669 2752 720 utinam
2785 667 2928 720 bono
2957 682 3055 720 suo
3091 667 3286 720 falsum
3307 668 3409 720 sit!
3443 678 3592 719 vera:
3624 662 3924 716 catholie-

2349 778 2452 830 que
2498 761 2776 822 veritatis;
2813 758 2904 812 sed
2958 759 3023 811 ad
3064 758 3185 824 ejus
3215 759 3355 812 sicut
3403 766 3456 812 et
3501 765 3842 810 ceterorum
3879 755 3921 806 in

2350 853 2638 906 Homerum
2665 861 2896 904 conatus
2933 858 2988 904 et
3025 850 3281 908 rationes.
3316 851 3370 903 in
3412 849 3662 904 Homero
3696 852 3918 900 nostro:

2347 944 2633 997 calumniis
2662 942 2959 1005 vindicato,
2990 949 3049 992 ut
3080 940 3280 994 veritas
3319 955 3504 995 causa:
3553 937 3820 1009 exposcit
3847 951 3914 989 re-

2347 1033 2692 1104 spondemus.
2726 1030 2798 1086 De
2838 1030 3055 1084 Homeri
3099 1039 3153 1083 et
3184 1028 3399 1084 Hesiodi
3433 1031 3795 1100 temporibus
3821 1029 3916 1082 hac

2345 1124 2504 1178 habet
2540 1121 2777 1176 Joannes
2824 1120 3213 1183 Antiochenus,
3247 1121 3300 1173 in
3329 1121 3713 1192 Archeologic
3752 1137 3772 1173 :
3800 1117 3914 1174 Φιεί

2344 1230 2484 1275 τινες
2514 1215 2760 1282 Ὅμηρον
2797 1213 2888 1264 καὶ
2921 1211 3158 1263 Ἠσίοδον
3176 1209 3337 1261 Δαϐὶδ
3359 1215 3724 1281 συνακμάσαι
3749 1251 3763 1273 ,
3799 1211 3844 1262 al
3868 1210 3912 1260 ἃ

2343 1305 2507 1374 ὀλίγῳ
2548 1307 2828 1376 πρότερον,
2865 1306 2914 1356 oi
2936 1305 2990 1356 δὲ
3026 1304 3162 1372 μετὰ
3199 1303 3365 1355 ταῦτα
3404 1304 3686 1370 γενέσθαι.

2413 1397 2572 1458 lbid.,
2607 1397 2704 1449 lin.
2747 1396 2836 1448 27.
2867 1397 2994 1448 Ἔτι
3034 1410 3094 1447 τε
3124 1394 3432 1460 Χείρωνος.
3466 1391 3753 1463 Iosephus
3793 1393 3912 1450 Sca-

2343 1489 2476 1558 liger
2501 1486 2874 1541 Animadvers.
2915 1486 2969 1538 in
3001 1484 3217 1539 Eusebii
3249 1483 3595 1545 Chronicum,
3635 1488 3836 1540 acriter
3863 1484 3910 1538 in

2341 1579 2726 1650 Hieronymum
2773 1578 3063 1640 invehitur,
3121 1577 3415 1644 multisque
3463 1592 3594 1628 eum
3650 1579 3908 1646 exagitat,

2340 1672 2481 1740 quod
2515 1672 2683 1724 multa
2722 1671 2775 1724 in
2807 1672 2897 1722 illa
2933 1668 3373 1735 interpretatione
3424 1668 3751 1721 necessaria
3788 1667 3912 1720 omi-

2339 1763 2490 1823 serit,
2544 1763 2697 1835 plura
2739 1761 2806 1816 de
2853 1775 2953 1816 suo
2986 1758 3273 1823 addiderit,
3305 1759 3358 1811 in
3392 1759 3587 1812 multis
3613 1759 3784 1811 etiam
3813 1773 3908 1811 non

2340 1856 2409 1908 sit
2442 1853 2660 1907 Eusebii
2708 1861 2942 1907 mentem
2991 1858 3274 1905 assecutus
3312 1868 3326 1904 :
3368 1848 3450 1903 sic
3496 1850 3675 1903 etiam
3717 1850 3820 1902 hoc
3861 1849 3908 1901 in

2340 1942 2457 1994 loco
2503 1939 2571 1994 de
2617 1939 2840 1994 Chirone
2878 1942 2952 1994 ait
2984 1954 3181 1993 nomen
3239 1937 3341 1992 hoc
3393 1938 3458 1991 de
3507 1956 3609 1992 suo
3653 1938 3911 1990 addidixse

2338 2033 2732 2099 Hieronymum,
2765 2049 2925 2098 neque
2950 2048 3039 2098 per
3077 2031 3253 2084 omnia
3287 2032 3525 2085 auctoris
3573 2033 3660 2084 sui
3690 2031 3909 2099 uestigiis

2337 2125 2610 2176 institisse.
2645 2123 2804 2176 Aliud
2838 2133 2918 2178 est
2948 2122 3219 2176 infensum
3260 2138 3381 2177 esse
3412 2123 3626 2176 nomini
3662 2122 3908 2188 alicujus,

2338 2210 2484 2262 aliud
2507 2211 2783 2263 veritatem
2809 2225 2929 2279 quae
2959 2212 3014 2263 in
3048 2210 3265 2278 scriptis
3293 2220 3377 2264 est
3410 2210 3717 2280 indagare;
3753 2210 3909 2262 multa

2337 2317 2568 2371 namque
2625 2302 2760 2357 forte
2808 2306 2861 2356 in
2897 2303 3083 2358 codice
3116 2318 3276 2372 quem
3328 2302 3704 2372 Hieronymus
3751 2303 3914 2356 inter-

2337 2395 2652 2463 pretabatur
2701 2395 2858 2447 aliter
2902 2395 3003 2464 legi
3057 2402 3326 2463 poterant,
3369 2408 3487 2463 qua
3533 2394 3658 2462 ipse
3710 2392 3911 2448 Latinis

2335 2485 2499 2548 dedit,
2553 2485 2655 2537 etsi
2701 2485 2860 2537 modo
2891 2484 2947 2536 in
2997 2492 3146 2537 textu
3184 2499 3345 2553 quem
3383 2498 3491 2553 pra
3523 2484 3790 2538 manibus
3821 2483 3911 2536 ba-

2336 2577 2525 2630 bemus
2571 2575 2654 2629 vel
2699 2589 2976 2644 superare,
3006 2574 3089 2628 vel
3116 2573 3345 2628 deficere
3373 2581 3722 2639 cernuntur;
3757 2574 3911 2642 idque

2334 2684 2398 2720 ex
2443 2668 2543 2721 hoc
2599 2668 2816 2721 nomine
2859 2665 3116 2720 Chironis
3153 2673 3320 2734 patet,
3363 2664 3506 2734 quod
3556 2665 3601 2718 si
3654 2666 3715 2718 in
3766 2674 3910 2719 textu

2336 2758 2639 2812 Eusebiano
2671 2775 2778 2812 non
2806 2756 3017 2819 fuisset,
3047 2771 3326 2826 nunquam
3359 2755 3680 2811 Eustathius
3715 2758 3775 2810 in
3802 2758 3910 2811 suis

2336 2851 2553 2917 scriptis
2591 2851 2886 2903 retulisset.
2929 2849 3020 2902 Sic
3066 2849 3298 2902 dicimus
3340 2856 3392 2902 et
3427 2849 3481 2901 in
3532 2848 3680 2902 aliis.
3746 2849 3818 2902 At
3858 2848 3908 2901 in

2335 2944 2518 2996 multis
2551 2943 2751 2995 erravit
2784 2941 3164 3012 Hieronymus,
3209 2955 3308 2994 nec
3360 2940 3532 2995 ﬁdelis
3583 2941 3911 3009 interpretis

2335 3046 2577 3095 munere,
2611 3031 2685 3084 uti
2718 3047 2814 3100 par
2843 3041 2980 3094 erat,
3015 3031 3233 3085 functus
3277 3037 3378 3084 est.
3427 3030 3609 3082 Dicam
3662 3029 3911 3100 Scaliger

2333 3103 2476 3186 q'uod
2536 3121 2731 3174 sentio.
2782 3120 2971 3173 Errata
3029 3119 3563 3189 praeclarissimorum
3616 3119 3908 3172 hominum

2334 3219 2633 3279 stuporem,
2669 3226 2775 3264 non
2807 3218 3175 3279 contemptum
3197 3217 3535 3262 commovent
3562 3226 3576 3269 ;
3604 3210 3692 3263 sic
3729 3212 3787 3263 in
3830 3227 3912 3264 re-

2329 3299 2490 3353 busto
2518 3301 2734 3355 homine
2766 3301 2984 3371 gravior
3011 3300 3255 3362 morbus,
3287 3307 3339 3352 et
3367 3311 3508 3351 mors
3533 3300 3771 3368 inopina
3803 3316 3913 3356 me.

2329 3396 2441 3442 tum
2471 3391 2686 3454 incutit,
2721 3390 2971 3444 humanm
3007 3391 3317 3460 fragilitatis
3361 3405 3467 3443 non
3503 3392 3692 3445 minus
3727 3395 3912 3447 valen-

2327 3490 2429 3543 tes,
2459 3481 2551 3536 sed
2583 3493 2635 3536 et
2662 3482 3075 3537 robustissimos
3101 3481 3358 3535 admonet
3384 3488 3436 3534 et
3469 3481 3757 3538 cautiores
3789 3485 3911 3538 red-

2326 3575 2421 3628 dit.
2447 3573 2549 3639 Qui
2587 3575 2846 3627 Catonem
2887 3574 3096 3626 ebrium
3143 3572 3425 3635 viderunt,
3477 3587 3582 3625 non
3632 3575 3911 3640 riserunt,

2327 3667 2422 3718 sed
2460 3665 2812 3718 erubuerunt.
2867 3662 3099 3733 Ideoque
3144 3665 3347 3734 optime
3391 3663 3616 3726 dictum,
3665 3680 3793 3720 non
3845 3669 3913 3720 ab

2326 3756 2434 3809 illis
2456 3755 2737 3818 Catonem,
2770 3753 2864 3808 sed
2897 3755 3020 3809 illos
3049 3770 3078 3807 a
3113 3753 3318 3809 Catone
3357 3753 3754 3822 deprehensos.
3794 3756 3907 3813 Nec

2327 3849 2506 3900 minus
2544 3860 2696 3913 aeque
2743 3843 2948 3898 Seneca
2991 3846 3084 3898 lib.
3139 3843 3216 3898 De
3271 3845 3644 3913 tranquillitate
3704 3849 3901 3908 amisii,

2325 3952 2445 4005 cap.
2483 3935 2792 3990 15:Catoni
2816 3935 3039 3988 ebrietas
3071 3934 3271 3999 obiecta
3300 3946 3392 3991 est.
3425 3937 3490 3986 At
3521 3936 3743 4002 facilius
3781 3939 3903 4007 efﬁ-

2327 4030 2422 4081 ciet
2455 4029 2687 4097 quisquis
2728 4026 2970 4095 objecerit
3028 4026 3123 4078 hoc
3169 4030 3365 4080 crimen
3416 4028 3708 4091 honestum,
3743 4045 3907 4095 qua.

2327 4129 2526 4185 turpem
2564 4118 2833 4170 Catonem.
2865 4116 3231 4171 Humanitatis
3275 4126 3357 4171 est
3391 4114 3659 4169 hominem
3703 4116 3783 4169 de
3819 4133 3906 4172 re-

2328 4210 2562 4278 publica,
2593 4209 2658 4262 de
2693 4207 2906 4268 litteris.
2949 4207 3015 4261 de
3056 4209 3322 4271 historia,
3354 4207 3421 4260 de
3467 4206 3724 4260 omnibus
3767 4207 3905 4262 bene

2325 4299 2599 4360 meritum,
2630 4307 2684 4352 et
2728 4300 2999 4368 praecipue
3040 4298 3444 4368 Hieronymum,
3477 4297 3521 4350 si
3548 4297 3783 4364 quando
3811 4299 3904 4353 de-

2328 4390 2459 4452 ficit,
2492 4391 2756 4444 venerari.
2803 4388 2911 4443 Sed
2959 4389 3266 4443 machinam
3317 4389 3572 4457 aperiam.
3602 4387 3899 4444 Existimat

653 4476 960 4532 fabularum
1014 4479 1328 4548 scriptores.
1375 4477 1491 4531 Non
1537 4481 1740 4548 patitur
1787 4486 1964 4532 tamen
2007 4478 2222 4533 Homeri
2256 4491 2299 4545 ι)
2331 4476 2588 4548 Scaliger,
2629 4487 2688 4532 ut
2726 4488 2778 4533 et
2822 4479 2915 4533 alii
2947 4480 3125 4542 multi,
3162 4481 3207 4534 si
3246 4480 3723 4548 interpretationes
3773 4479 3900 4537 Hie-

651 4566 886 4638 dignitas
927 4569 1000 4621 ita
1028 4570 1174 4623 sicce
1207 4568 1505 4638 praeteriri;
1540 4584 1710 4638 quare
1738 4585 1857 4637 quae
1886 4570 1953 4623 de
1980 4585 2044 4623 eo
2081 4572 2220 4624 scri-

654 4662 758 4729 ptis
796 4660 1019 4712 tradidit
1053 4655 1293 4714 Velleius
1325 4659 1410 4712 hic
1438 4660 1799 4713 trauscribam
1823 4658 2222 4713 :Clarissimum

651 4750 836 4804 deinde
874 4749 1094 4803 Homeri
1127 4749 1306 4802 illuxit
1357 4750 1622 4818 ingenium
1648 4750 1760 4803 sine
1781 4749 2016 4818 exemplo
2050 4752 2224 4802 maxi»

651 4857 794 4893 mum
825 4857 843 4893 :
875 4842 963 4909 qui
1013 4841 1369 4909 magnitudine
1402 4855 1646 4906 operum,
1693 4849 1742 4893 et
1792 4840 1994 4908 fulgore
2027 4840 2222 4892 carmi-

651 4949 774 4987 num
805 4933 948 4986 solus
977 4933 1230 4999 appellari
1256 4942 1410 5000 poeta
1453 4935 1664 4986 meruit.
1702 4930 1769 4984 In
1799 4949 1898 5000 quo
1929 4932 2025 4984 hoc
2056 4933 2223 4985 maxi-
2253 4921 2259 4928 ’

655 5041 791 5077 mum
822 5035 919 5087 est,
952 5024 1087 5094 quod
1115 5040 1276 5092 neque
1319 5033 1439 5076 ante
1463 5024 1629 5076 illum.
1675 5040 1822 5092 quem
1869 5024 1955 5076 ille
1982 5024 2214 5076 imitare-

652 5123 758 5178 tur,
789 5130 948 5183 neque
988 5124 1107 5180 post
1141 5113 1316 5176 illum,
1348 5115 1440 5181 qui
1466 5131 1584 5167 eum
1609 5114 1807 5168 imitari
1836 5116 1999 5181 possit
2041 5115 2220 5166 inven-

652 5213 733 5256 tus
765 5214 878 5261 est:
908 5219 1066 5272 neque
1087 5219 1395 5274 quemquam
1426 5203 1612 5270 alium,
1646 5206 1795 5271 cujus
1823 5205 1992 5273 operis
2019 5206 2218 5271 primus

650 5305 837 5346 auctor
883 5293 1059 5367 fuerit,
1104 5293 1161 5345 in
1194 5309 1254 5345 eo
1291 5293 1748 5361 perfectissimum,
1795 5306 1984 5360 prwter
2025 5291 2220 5346 Home-

649 5400 766 5437 rum
800 5394 849 5438 et
879 5383 1246 5438 Archilochum
1285 5385 1612 5450 reperiemus.
1649 5383 1749 5436 llic
1784 5387 1986 5453 longius
2025 5402 2057 5438 a
2090 5396 2221 5438 tem-

646 5477 856 5541 poribus
890 5473 1014 5528 belli
1054 5477 1191 5544 quod
1233 5475 1541 5542 composuit,
1594 5474 1788 5537 Troici,
1815 5493 1972 5542 quam
2003 5475 2216 5539 quidam

645 5577 849 5631 rentur,
880 5567 1091 5635 abfuit;
1130 5585 1252 5622 nam
1300 5567 1478 5636 ferare,
1518 5576 1623 5621 etc.
1661 5565 1734 5622 De
1783 5568 1900 5634 ejus
1943 5574 2118 5631 aetate,
2163 5573 2218 5620 et

647 5657 930 5711 excellenti
968 5667 1161 5713 natura
1190 5657 1481 5726 divinaque
1508 5697 1521 5719 ,
1558 5657 1680 5712 vide
1723 5655 1863 5710 Iusti
1888 5655 2069 5725 .Lipsii
2101 5657 2217 5709 ani-

648 5743 1053 5801 madversiones
1103 5743 1322 5802 ibidem.
1377 5744 1500 5800 Haec
1554 5742 1698 5802 Iulio
1757 5746 2038 5817 Scaligero
2100 5760 2213 5801 non

2324 4571 2536 4641 ronymi
2587 4571 2910 4640 exagitanda
2949 4570 3222 4634 refellant,
3267 4569 3413 4624 illius
3457 4570 3551 4622 viri
3592 4575 3897 4625 auctoritas

2323 4669 2429 4715 tem
2463 4663 2727 4721 minuere,
2760 4669 2813 4715 et
2847 4663 2902 4714 in
2936 4660 3055 4728 ejus
3085 4660 3426 4714 versionibus
3471 4660 3627 4714 ﬁdem
3671 4659 3896 4715 deside—

2323 4764 2484 4803 rare:
2518 4764 2686 4818 quare
2707 4758 2893 4816 postea
2937 4748 3268 4805 concludant
3304 4757 3357 4804 et
3401 4749 3668 4817 vulgatam
3721 4765 3895 4805 sacra

2324 4840 2617 4910 Scriptum
2668 4842 2955 4896 editionem
3003 4855 3112 4897 non
3152 4855 3274 4896 esse
3345 4841 3491 4905 illius
3531 4840 3790 4910 ponderis
3840 4850 3892 4895 et

2322 4929 2635 4998 dignitatis,
2687 4937 2848 4999 prout
2899 4931 3043 4995 illam
3076 4929 3236 4986 habet
3281 4930 3544 4985 catholica
3604 4927 3886 4995 Ecclesia;

2320 5036 2488 5088 quare
2528 5036 2696 5074 novas
2736 5021 2839 5090 ipsi
2881 5021 3173 5074 moliantur
3209 5021 3695 5090 interpretationes.
3734 5037 3886 5076 vera-

2319 5126 2424 5180 que
2452 5111 2700 5180 dogmata
2734 5111 2846 5179 jam
2876 5110 2970 5165 diu
3004 5111 3320 5168 conﬁrmata
3345 5127 3412 5165 ea
3449 5112 3798 5177 conturbent,
3828 5121 3886 5168 ut

2300 5215 2456 5254 nova
2485 5216 2584 5255 sua
2613 5195 3466 5269 simplicioribuscommunicent
3492 5221 3504 5256 :
3542 5202 3635 5259 sed
3663 5204 3881 5260 Stabunt

2319 5291 2507 5356 quales
2561 5290 2748 5359 quales
2806 5301 2934 5346 sunt
2993 5290 3300 5362 Hieronymi
3363 5293 3876 5364 interpretationes;

2322 5379 2574 5450 Scaligeri
2604 5382 2652 5436 si
2681 5397 2800 5452 qua:
2827 5391 2952 5437 sunt
2993 5384 3243 5452 perbellte
3263 5395 3319 5438 et
3346 5385 3644 5455 elegantes,
3666 5394 3718 5441 et
3749 5386 3878 5439 alio-

2319 5487 2438 5523 rum
2472 5473 2732 5527 similium
2763 5473 2979 5528 cadent.

2386 5561 2502 5617 Col.
2552 5563 2670 5628 709,
2713 5565 2810 5620 lin.
2850 5565 2901 5618 5.
2955 5561 3140 5630 Οὗτος
3170 5566 3396 5618 τοίνυν.
3447 5565 3700 5621 Justinus
3742 5564 3875 5616 ﬂar-

2317 5667 2398 5725 tyr
2457 5654 2826 5713 Cohortatione
2870 5656 2940 5708 ad
2974 5653 3184 5709 Gnaeos
3216 5695 3232 5720 ,
3291 5655 3358 5710 dc
3402 5656 3592 5712 eodem
3645 5655 3871 5725 Moyse:

2317 5745 2499 5815 Τούτῳ
2543 5745 2754 5815 πρῶτον
2803 5748 2832 5798 ό
2883 5745 3031 5810 Θεὸς,
3083 5745 3176 5798 καὶ
3225 5743 3322 5814 τὴν
3370 5744 3572 5801 ἀνωθεν
3621 5745 3718 5800 ἐπὶ
3757 5741 3876 5807 τοὺς
