4042 6338
112 396 233 454 813

1117 386 1181 440 ΙΝ
1223 380 1592 439 EUSTATHII
1635 377 2103 435 IIEXAEMERON
2144 381 2370 437 NOTAE.

3245 393 3352 450 ειι

113 514 310 584 ἁγίους
335 513 533 580 ἄνδρας
574 510 720 561 θείαν
761 508 851 560 καὶ
887 506 1222 574 προφητικὴν
1254 501 1555 570 τηνικαῦτα
1596 515 1691 552 κα-

1794 499 2097 552 ccllentiam
2152 499 2352 569 Muysis
2400 500 2793 556 demonstrant.
2848 501 2922 558 De
2973 504 3173 577 Moysis
3220 525 3351 566 vero

109 609 342 661 τιοῡσαν
372 604 675 673 παρέσχετο
710 600 933 670 δωρεὰν,
967 601 1056 652 καὶ
1108 598 1320 668 πρῶτον
1359 595 1459 662 τῆς
1511 594 1692 645 θεοσε-

108 701 276 762 6είας
302 697 455 768 ἡμῶν
480 693 793 747 διδάσκαλον
821 692 1068 760 γενέσθαι
1106 687 1512 758 παρεσκεύασεν
1535 703 1546 714 ο
1577 681 1694 737 εἶτα

110 791 244 858 μετ’
275 786 440 840 αὑτὸν
461 786 588 844 τοὺς
612 783 826 842 λοιπούς
865 784 1161 850 προφήτας,
1203 778 1326 837 τοὺς
1370 778 1462 828 καὶ
1499 775 1693 834 αὐτοὺς

105 879 220 946 τῆς
245 874 414 941 αὐτῆς
446 871 594 939 αύτῷ
621 871 879 940 τυχόντας
916 869 1144 938 δωρεᾶς,
1179 866 1270 918 καὶ
1297 864 1366 915 τὰ
1402 864 1539 915 αὐτὰ
1570 863 1695 930 περὶ

105 945 229 1012 τῶν
258 956 438 1010 αὐτῶν
464 955 774 1020 διδάξαντας
799 955 966 1022 ἡμᾶς.
1000 952 1090 1004 Sic
1140 951 1264 1002 item
1308 947 1540 1001 Basilius
1582 945 1694 996 Ma-

106 1064 262 1118 gnus
294 1063 325 1100 a
354 1047 553 1117 Dloysis
595 1047 902 1100 laudatione
927 1059 1054 1098 suas
1081 1046 1132 1097 in
1166 1041 1524 1095 Ilexaenierou
1549 1037 1695 1102 ordi-

107 1152 207 1194 tur
242 1139 675 1208 explanationes.

180 1232 309 1287 Col.
340 1231 458 1294 709,
485 1231 577 1284 lin.
600 1232 651 1284 5.
679 1230 796 1298 Τὴν
815 1232 924 1300 γὰρ
945 1230 1063 1280 τῶν
1082 1231 1436 1296 Αἰγυπτίων.
1465 1229 1694 1283 Basilius

104 1321 311 1375 homil.
364 1322 390 1374 1
448 1323 499 1372 in
554 1319 806 1372 Hexaent.
851 1335 870 1370 :
907 1321 1000 1370 Ὃν
1048 1319 1452 1384 εἰσεποιήσαντο
1506 1319 1603 1387 μὲν
1661 1323 1692 1387 ὴ

105 1412 366 1481 Θυγάτηρ
407 1411 501 1462 τοῦ
537 1409 764 1479 ⁴Ιυαραὼ,
802 1406 1058 1476 ἐξέθρεψε
1093 1406 1147 1458 δὲ
1191 1406 1513 1474 βασιλικῶς,
1571 1410 1694 1471 τοὺς

109 1504 320 1568 σοφοὺς
351 1503 461 1554 τῶν
504 1501 814 1569 Αἰγυπτίων
861 1499 1209 1561 διδασκάλους
1246 1498 1393 1567 αὑτῴ
1427 1501 1521 1568 τῆς
1571 1493 1695 1553 παι-

104 1595 355 1657 δεύσεως
403 1597 757 1666 ἐπιστήσασα.
806 1592 1060 1645 Pluribus
1119 1592 1233 1644 htcc
1283 1591 1468 1646 eadem
1528 1593 1621 1646 lib.
1676 1607 1692 1644 ι

104 1688 320 1741 Str-out.
351 1687 602 1742 Clemens
656 1685 1074 1745 Alexandrinus,
1126 1695 1179 1737 et
1227 1699 1476 1754 quaenam
1535 1685 1695 1739 fuerit

102 1778 498 1850 [Egyptiorum
546 1775 819 1836 doetrina,
862 1774 1095 1829 laudatis
1146 1774 1372 1828 Philone
1412 1785 1465 1829 ct
1507 1775 1685 1845 Eupo-

1795 593 2128 657 parentibus,
2153 608 2367 659 genere,
2396 593 2588 660 patria,
2615 594 2754 648 intra
2788 596 2990 666 aliquid
3016 615 3080 652 ex
3109 612 3350 656 veterum

1792 683 2009 750 scriptis
2049 684 2427 737 delibabimus.

1863 772 2016 834 lbid.,
2053 774 2147 826 lin.
2196 776 2244 827 7.
2298 777 2411 827 'l‘a'
2457 779 2640 831 αὑτοῦ
2687 778 2984 844 δηλονότι.
3040 778 3162 834 lla‘c
3206 783 3351 835 enim

1792 879 1914 915 cum
1970 867 2340 918 occultissima
2373 880 2578 929 essent,
2619 880 2671 924 ct
2711 887 2922 924 omnem
2979 872 3228 927 humanae
3267 875 3352 928 in-

1793 955 2100 1021 telligentize
2125 964 2338 1024 captum
2373 958 2716 1022 excederent,
2762 977 2868 1014 non
2909 971 3115 1030 poterat
3149 981 3355 1034 cogno-

1793 1059 1944 1097 scere
1970 1047 2072 1098 nisi
2103 1045 2301 1100 lumine
2330 1050 2642 1117 prophetico
2682 1051 3003 1108 illustratus.
3038 1054 3152 1108 Non
3183 1055 3356 1113 defuit

1793 1142 1971 1187 tamen
2010 1145 2062 1187 et
2103 1137 2335 1190 humana
2378 1140 2665 1203 industria,
2707 1151 2760 1194 et
2811 1144 2979 1199 solers
3015 1148 3354 1216 prudensque

1795 1229 1928 1278 tanti
1961 1226 2059 1278 \‘iri
2093 1229 2379 1281 consilium
2407 1249 2420 1292 ;
2464 1233 2660 1285 etenim
2697 1250 2814 1302 qua:
2855 1237 3149 1304 scripserat
3182 1241 3356 1306 potuit

1793 1331 1823 1368 a
1853 1316 1976 1369 tiliis
2013 1318 2094 1369 vel
2144 1321 2427 1386 nepotibus
2466 1321 2680 1390 .Iosephi
2727 1327 3043 1392 patriarclue
3087 1333 3354 1398 excipere,

1793 1421 1914 1459 cum
1963 1408 2101 1460 inter
2147 1407 2367 1476 Iosephi
2420 1423 2643 1465 mortem
2684 1424 2737 1468 et
2772 1426 2950 1469 ortum
2987 1416 3184 1488 Moysis
3230 1422 3359 1474 anni

1794 1514 1900 1550 non
1949 1499 2128 1567 plures
2173 1513 2404 1568 quatuor
2457 1512 2509 1555 rt
2558 1509 2830 1574 sexaginta
2880 1510 3362 1566 interfuerintJo—

1791 1588 1992 1656 Sophus
2045 1590 2230 1643 habuit
2277 1607 2304 1643 a
2357 1601 2506 1660 patre
2561 1611 2660 1650 suo
2705 1595 2928 1658 Jacobo,
2993 1598 3228 1656 Iacobus
3288 1604 3360 1655 ab

1794 1680 1997 1745 Isaaeo,
2032 1683 2246 1740 lsaacus
2296 1688 2363 1740 ab
2413 1689 2700 1751 Abraham,
2743 1693 3012 1745 Abraham
3059 1710 3087 1745 a
3131 1694 3253 1748 Sem
3305 1703 3360 1750 et

1794 1772 1924 1836 Noe,
1971 1774 2081 1828 Noe
2128 1778 2194 1830 ab
2239 1793 2338 1831 avo
2383 1795 2481 1833 suo
2525 1780 2872 1835 Mathusalem
2910 1785 2998 1852 qni
3041 1786 3199 1838 simul
3233 1801 3359 1839 cum

103 1845 278 1935 lenito,
323 1869 575 1938 explicat,
621 1881 805 1935 quem,
858 1867 902 1918 si
965 1867 1115 1928 libet,
1153 1867 1277 1932 adi;
1322 1877 1376 1922 et
1415 1871 1499 1922 his
1547 1845 1762 1920 anti-B
1790 1866 1956 1918 Adam
2011 1869 2270 1924 ducentos
2325 1879 2378 1924 et
2433 1872 2783 1943 quadraginta
2835 1845 2946 1930 tres
2995 1893 3168 1931 annos
3204 1879 3357 1940 vixit.

103 1960 276 2029 quior
323 1958 574 2013 Justinus
624 1956 997 2010 Cohortatione
1041 1959 1108 2009 ad
1160 1969 1331 2026 gentes
1365 1975 1382 2009 :
1416 1961 1550 2029 Hap‘
1584 1955 1684 2022 οἷς,

105 2049 389 2119 Egyptiis
419 2049 649 2114 scilicet,
683 2049 782 2100 οὐκ
825 2047 1015 2117 ἐτέχθη
1073 2049 1311 2116 Μωῡσῆς
1346 2050 1524 2117 μόνον,
1555 2048 1687 2101 ἀλλὰ

103 2140 203 2192 καὶ
261 2139 446 2207 πάσης
508 2137 605 2207 τῆς
663 2138 971 2203 Αίγυπτίων
1018 2137 1348 2200 παιδεύσεως
1403 2143 1688 2207 μετασχεῖν

102 2229 322 2300 ἠξιώθη
371 2229 460 2283 διὰ
506 2229 568 2281 τὸ
609 2229 712 2280 ὑπὸ
752 2229 1016 2299 θυγατρὸς
1062 2230 1320 2298 βασιλέως
1374 2231 1450 2292 εἰς
1503 2232 1688 2292 παιδὸς

102 2319 422 2391 ᾠκειῶσθαι
469 2318 670 2392 χώραν,
706 2321 798 2373 καὶ⁴
847 2320 934 2373 διά
979 2321 1076 2390 τὴν
1122 2322 1518 2392 προειρημένην
1558 2323 1689 2390 πρό-

105 2428 281 2480 φασιν
327 2412 522 2480 πολλῆς
564 2410 825 2481 ἠξιῶσθαι
876 2413 1127 2479 σπουδῆς,
1174 2414 1247 2476 ὡς
1301 2413 1596 2482 ἱστοροῦσιν
1639 2415 1686 2463 οἱ

107 2505 415 2571 σοφώτατοι
440 2502 547 2554 τῶν
587 2504 1031 2573 ἱστοριογράφων,
1062 2506 1110 2555 οἱ
1146 2506 1239 2556 καὶ
1264 2505 1352 2556 τὸν
1386 2504 1496 2572 βίον
1523 2503 1686 2556 αὑτοῦ

105 2596 201 2647 καὶ
231 2594 334 2657 τὰς
367 2594 612 2663 πράξεις,
644 2595 737 2647 καὶ
765 2596 826 2646 τὸ
855 2595 945 2647 τοῦ
979 2599 1166 2663 γένους
1204 2597 1416 2666 ἀξίωμα
1453 2597 1691 2667 ἀναγρά-

106 2682 320 2751 ψασθαι
355 2683 724 2753 προελόμενοι,
751 2683 921 2735 Φίλων
968 2702 1026 2736 τε
1070 2687 1161 2736 καὶ
1200 2685 1475 2753 Ἰώσηπος.
1511 2685 1690 2739 Pullo-

107 2777 198 2830 nis
225 2777 386 2829 locus
411 2784 493 2829 est
527 2777 563 2828 l.
599 2791 614 2827 ι
651 2775 726 2828 De
749 2777 854 2828 vita
887 2775 1106 2844 Moysis.
1136 2793 1256 2845 pag.
1285 2778 1388 2830 ΜΟ
1415 2795 1427 2840 ;
1468 2775 1689 2844 .Ioscphi

108 2865 146 2917 l.
182 2879 223 2917 ιι
253 2865 518 2918 Archteol.
555 2864 794 2928 Judaic.,
824 2881 877 2922 c.
907 2868 939 2920 5
971 2887 982 2919 :
1012 2876 1064 2919 et
1098 2869 1236 2936 Aug.
1269 2869 1303 2920 l.
1349 2883 1480 2920 ιιι-ιιι
1513 2869 1587 2920 De
1617 2869 1692 2920 ci—

108 2959 202 3011 tvit.
244 2956 366 3018 Dei,
393 2972 442 3009 c.
474 2957 540 3010 57
570 2975 584 3010 :
627 2957 814 3010 Verum
839 2959 976 3027 quod
1016 2959 1284 3025 fatendum
1316 2968 1413 3020 est,
1445 2976 1544 3011 non
1584 2960 1694 3025 qui-

112 3049 232 3102 dem
263 3051 324 3101 in
360 3045 586 3112 Grrecia,
631 3049 720 3101 sed
769 3050 822 3102 in
869 3050 1111 3101 barbaris
1159 3050 1418 3118 gentibus,
1453 3051 1590 3102 sicut
1639 3051 1692 3102 in

1787 1973 1944 2025 quem
1981 1975 2350 2027 szepenumero
2393 1972 2446 2014 et
2495 1964 2625 2016 vidit
2679 1975 3017 2031 pnesentem,
3045 1975 3099 2020 et
3136 1969 3361 2035 [equen-

1792 2064 1894 2114 ιοιιι
1943 2052 2180 2111 audivit,
2233 2053 2571 2120 plurimaque
2625 2057 2692 2108 ab
2730 2072 2794 2109 eo
2842 2058 2908 2112 de
2953 2060 3114 2112 rebus
3160 2060 3376 2116 divinis

1789 2140 2013 2193 edoctus
2049 2149 2149 2220 est.
2193 2140 2374 2194 Potuit
2411 2158 2539 2210 ergo
2577 2145 2784 2214 Moyses
2840 2148 2949 2199 hare
2984 2150 3230 2215 quamvis
3272 2150 3358 2203 di-

1790 2233 1912 2282 \'ina
1949 2232 2182 2283 humana
2215 2235 2422 2284 ratione
2459 2237 2752 2302 percipere,
2779 2245 2829 2287 et
2864 2236 3236 2304 Aigyptiorum
3272 2240 3364 2293 do-

1789 2321 1961 2372 ctrina
1993 2323 2272 2389 explorata
2312 2323 2597 2376 verissima
2642 2330 2693 2376 et
2745 2324 3048 2377 certissima
3094 2325 3216 2378 aliis
3249 2334 3361 2378 tra-

1789 2413 1935 2466 dere.

1859 2502 2016 2566 lbid.,
2050 2502 2142 2559 lin,
2202 2503 2285 2556 10.
2335 2501 2440 2556 Καὶ
2487 2504 2702 2556 πολλοὶ
2751 2503 2865 2555 τῶν
2913 2505 3044 2572 :mp‘
3078 2507 3359 2574 "Ellum.

1793 2591 1985 2645 Eadem
2007 2594 2213 2646 ratione
2241 2602 2291 2646 et
2313 2591 2642 2660 Theophilus
2670 2594 2734 2644 ad
2761 2596 3069 2662 Autolycum
3093 2597 3129 2647 l.
3156 2611 3216 2658 tl,
3240 2597 3363 2663 plli-

1794 2678 2145 2750 Iosop'horun‘.
2199 2698 2263 2736 ac
2317 2693 2595 2752 poetarum
2646 2698 2810 2751 super
2860 2701 3036 2737 rerum
3086 2688 3366 2743 creatione

1792 2775 1986 2840 placita
2017 2789 2192 2826 meras
2241 2790 2361 2827 esse
2411 2791 2601 2842 nugas,
2651 2786 2810 2842 atque
2853 2778 3193 2843 garrulitates
3231 2777 3364 2833 fate-

1791 2872 1899 2925 tur,
1939 2866 1990 2917 in
2031 2867 2229 2932 quibus
2269 2882 2441 2934 neque
2488 2865 2808 2935 particulam
2851 2868 3090 2921 veritatis
3137 2884 3362 2924 eernere

1792 2958 1914 3026 quis
1945 2965 2137 3024 potest,
2185 2957 2344 3026 idque
2375 2959 2619 3010 venenati
2670 2973 2732 3009 ac
2771 2958 3035 3011 mortiferi
3083 2960 3362 3027 pharmaci

1793 3051 2035 3116 exemplo
2068 3049 2368 3102 conﬁrmat.
2405 3051 2559 3101 Δοκεῖ
2585 3050 2637 3100 δὲ
2668 3050 2731 3100 τὰ
2763 3050 2866 3101 ὑπὸ
2901 3051 3008 3101 τῶν
3040 3050 3358 3120 φιλοσόφων,

113 3140 696 3212 Egyptojamfuerat
729 3152 848 3195 ante
879 3141 1111 3211 Moysen:
1144 3143 1397 3194 nonnulla
1425 3144 1688 3205 doctrina,

1795 3141 1826 3208 ἢ
1856 3141 2229 3209 συγγραφέων.
2263 3141 2354 3192 καὶ
2392 3139 2626 3208 ποιητῶν
2658 3141 2921 3210 εἰρημένα
2952 3141 3236 3205 ἀξιόπιστα
3265 3143 3358 3210 μὲν

116 3249 235 3300 qua:
269 3231 486 3284 illarum
523 3234 780 3299 sapientia
827 3233 1374 3302 diceretur;atioquin
1415 3251 1516 3286 non
1553 3235 1689 3287 scri-

117 3333 265 3391 ptum
309 3332 445 3376 esset
477 3324 531 3376 in
559 3324 705 3377 libris
747 3325 943 3376 sanctis
976 3323 1208 3391 Moysen:
1241 3327 1503 3377 eruditum
1531 3325 1692 3391 fuisse

120 3419 265 3472 omni
307 3418 561 3484 sapientia
585 3417 978 3486 Egyptiarum,
1014 3426 1134 3467 tunc
1173 3418 1346 3484 utique
1385 3417 1590 3484 quando
1621 3417 1692 3469 ibi

122 3520 276 3562 natu
309 3519 409 3570 est,
436 3519 483 3562 et
517 3525 549 3561 a
591 3508 705 3575 ﬁlia
744 3507 1044 3560 Pharaonis
1079 3506 1380 3573 adoptatus,
1412 3518 1564 3576 atque
1603 3525 1694 3559 nuo

125 3602 280 3654 tritus
302 3601 462 3654 etiam
490 3599 777 3652 liberaliter
799 3598 1049 3651 educatus
1096 3608 1192 3652 est.
1227 3599 1302 3651 Ex
1345 3600 1541 3667 quibus
1568 3615 1691 3652 ver-

125 3693 225 3756 bis,
251 3693 396 3747 sicut
423 3692 586 3760 etiam
612 3698 664 3744 et
702 3707 764 3745 ex
799 3691 865 3744 iis
895 3706 1014 3759 quae
1047 3706 1210 3758 supra
1243 3706 1337 3759 pro
1372 3692 1692 3758 antiquitate

127 3784 328 3853 Moysis
357 3785 521 3837 allata
551 3792 696 3845 sunt,
731 3783 1050 3837 manifestus
1095 3799 1248 3837 error
1295 3782 1541 3836 Philonis
1574 3785 1692 3836 loco

123 3878 231 3944 jam
263 3879 430 3942 dicto,
452 3878 542 3947 qui
579 3879 642 3930 ad
670 3877 1020 3930 erudiendum
1059 3876 1293 3944 Moysem
1331 3889 1690 3944 przeerptores

128 3985 236 4023 non
287 3979 498 4023 tantum
547 3985 576 4024 e
615 3968 949 4037 przefeeturis
1004 3966 1218 4036 Egypti
1267 3969 1546 4034 proximis,
1598 3969 1691 4021 sed

126 4061 287 4114 etiam
333 4062 546 4130 magnis
592 4061 826 4128 praemiis
882 4075 911 4112 e
952 4059 1154 4112 Graecia
1204 4059 1370 4113 fuisse
1397 4061 1690 4112 invitatos:

127 4148 440 4204 Διδάσκαλοι
467 4151 510 4204 δ’
539 4151 697 4213 εὐθὺς
725 4149 1012 4219 ἀλλαχόθεν
1043 4149 1186 4202 ἄλλοι
1217 4151 1485 4219 παρῆσαν,
1518 4152 1564 4200 οἱ
1598 4151 1693 4218 μὲν

128 4242 232 4295 ἀπὺ
257 4244 368 4296 τῶν
398 4243 801 4313 πλησιοχώρων,
837 4243 925 4294 καὶ
949 4240 1053 4292 τῶν
1076 4243 1192 4293 κατ’
1220 4243 1488 4306 Αἴγυπτον
1517 4241 1694 4310 νομῶν

128 4335 556 4399 αὐτοκέλευστοι,
579 4337 627 4387 οἱ
664 4335 706 4388 δ’
745 4335 852 4387 ἀπὸ
893 4335 990 4403 τῆς
1025 4334 1264 4398 Ἑλλάδος
1305 4336 1396 4386 ἐπὶ
1433 4333 1694 4402 μεγάλαις

126 4425 352 4496 δωρεαῖς
410 4427 902 4496 μεταπεμφθέντες.
951 4425 1014 4478 Et
1063 4426 1286 4479 inferius
1328 4445 1338 4478 :
1409 4425 1694 4495 Ἀριθμοὺς

1793 3231 1950 3292 εἶναι,
1988 3231 2138 3300 παρὰ
2171 3231 2230 3282 τὸ
2262 3231 2456 3300 φράσει
2485 3231 2943 3282 κεκαλλωπίσθαι·
2983 3233 3159 3300 μωρὸς
3185 3233 3238 3284 δὲ
3268 3232 3362 3284 καὶ

1795 3320 1946 3380 κενὸς
1978 3323 2005 3372 ὁ
2044 3321 2196 3385 λόγος
2225 3322 2398 3370 αὐτῶν
2429 3322 2730 3372 δείκνυται·
2777 3322 2858 3372 ὅτι
2903 3322 3066 3390 πολλὴ
3110 3323 3206 3390 μὲν
3237 3323 3364 3392 πλη-

1793 3412 1887 3473 θὺς
1912 3411 2010 3479 τῆς
2051 3411 2312 3480 φλυαρίας
2347 3411 2522 3461 αὐτῶν
2567 3413 2703 3472 ἐστι,
2734 3413 2792 3464 τὸ
2823 3413 2977 3480 τυχὸν
3019 3413 3073 3463 δὲ
3102 3413 3202 3480 τῆς
3233 3413 3365 3484 ἁλη-

1792 3501 1936 3562 θείας
1965 3505 2020 3552 ἐν
2059 3504 2238 3562 αὐτοῖς
2269 3504 2364 3570 οὐχ
2404 3504 2733 3571 εὑρίσκεται.
2784 3505 2891 3555 Καὶ
2913 3506 3018 3572 γὰρ
3050 3504 3101 3555 εἴ
3134 3509 3186 3555 τι
3219 3505 3366 3557 δοκεῖ

1793 3593 1984 3662 ἀληθὲς
2013 3593 2076 3644 δι’
2109 3595 2284 3645 αὐτῶν
2329 3594 2766 3662 ἐκπεσωνῆσθαι,
2802 3596 3104 3664 σύγκρασιν.
3145 3597 3253 3665 ἔχει
3293 3599 3361 3667 τῇ

1794 3685 1986 3753 πλάνη.
2026 3684 2284 3754 Καθάπερ
2316 3685 2422 3754 γὰρ
2463 3688 2750 3756 φάρμακόν
2787 3704 2835 3738 τι
2886 3687 3204 3756 δηλητήριον
3239 3704 3364 3754 συγ-

1794 3773 1990 3842 κραθὲν
2033 3774 2226 3842 μέλιτι,
2262 3777 2293 3844 ἦ
2331 3777 2474 3844 οἴνῳ,
2517 3778 2564 3845 ἢ,
2601 3779 2768 3847 ἐτέρῳ
2805 3779 2929 3835 τινὶ.
2979 3778 3036 3829 τὸ
3073 3781 3178 3830 πᾶν
3225 3781 3366 3830 ποιεῖ

1797 3866 2052 3935 βλαϐερὸν
2091 3869 2183 3918 καὶ
2212 3869 2498 3937 ἄχρηστον,
2529 3869 2667 3941 οὔτω
2712 3871 2805 3921 καὶ
2849 3873 2879 3938 ἡ
2914 3872 2970 3921 ἐν
3000 3871 3179 3932 αὐτοῖς
3208 3871 3365 3921 πολυ-

1792 3961 1943 4027 λογία
1973 3962 2281 4030 εὑρίσκεται
2313 3963 2686 4030 ματαιοπόνια,
2711 3966 2802 4015 καὶ
2830 3963 2996 4033 βλάϐη
3028 3964 3226 4032 μᾶλλον
3249 3966 3363 4025 τοῖς

1794 4052 2129 4120 πειθομένοις
2160 4054 2313 4122 αὐτῇ.
2349 4051 2710 4107 Dilierentiatn
2752 4056 2900 4118 item,
2929 4069 3048 4123 quae
3094 4063 3176 4107 est
3223 4055 3365 4106 inter

1796 4145 2171 4213 philosophum
2211 4146 2486 4199 cthnicum
2534 4147 2682 4200 omni
2731 4141 2915 4200 divino
2963 4149 3162 4200 lumine
3195 4148 3366 4201 desti-

1794 4245 1992 4297 tutum,
2042 4245 2094 4290 et
2144 4238 2523 4306 philosophum
2575 4238 2694 4292 ﬁdei
2732 4238 3101 4292 fundamentis
3144 4239 3361 4301 l'ultum,

1794 4329 1956 4382 etiam
1991 4329 2045 4381 in
2077 4328 2366 4382 Moralibus
2401 4331 2803 4397 elegantissime
2848 4335 3117 4400 expressit
3152 4331 3362 4385 Probus

1794 4420 2446 4488 Constantinopolitanus,
2484 4421 2652 4487 Epist.
2689 4421 2756 4473 ad
2794 4423 3086 4486 Armenios,
3123 4425 3188 4476 de
3218 4410 3361 4477 fide:

132 4517 225 4585 μὲν
250 4514 344 4571 οὖν
379 4520 472 4570 καὶ
501 4517 869 4588 γεωμετρίαν,
918 4518 1016 4586 τήν
1058 4533 1114 4568 τε
1149 4515 1434 4585 ῥυθμικὴν,
1467 4517 1556 4566 καὶ
1595 4516 1692 4583 ἀρ·
1723 4517 1766 4570 D
1795 4513 2071 4582 Διαφόρως
2094 4513 2146 4563 δὲ
2175 4514 2437 4583 ὡρίσαντο
2473 4515 2597 4583 περὶ
2621 4515 2819 4585 ταύτης
2861 4516 2915 4567 οἵ
2948 4533 3002 4567 τε
3031 4517 3132 4567 ὑπὸ
3157 4517 3364 4583 πλάνης

133 4610 375 4679 μονικὴν,
409 4611 503 4663 καὶ
548 4609 806 4680 μετρικὴν
843 4608 1092 4677 θεωρίαν,
1140 4609 1234 4658 καὶ
1287 4605 1546 4674 μουσικὴν
1592 4604 1690 4673 τὴν

133 4700 420 4770 σύμπασαν
445 4702 534 4754 διά
569 4719 627 4754 τε
659 4703 902 4772 χρήσεως
951 4699 1212 4769 ὀργάνων,
1245 4697 1338 4750 καὶ
1378 4695 1548 4763 λόγων
1585 4695 1690 4746 τῶν

130 4791 186 4842 ἐν
235 4795 355 4853 ταῖς
391 4793 629 4861 τέχναις,
674 4792 765 4842 καὶ
809 4790 1057 4853 διεξόδοις
1103 4787 1490 4857 τοπικωτέραις
1527 4787 1691 4852 Αἰγυ-

136 4879 297 4932 πτίων
321 4884 368 4932 οί
397 4880 562 4947 λόγιοι
593 4882 912 4948 παρέδοσαν,
946 4879 1037 4931 καὶ
1070 4878 1288 4948 προσέτι
1319 4875 1412 4945 τὴν
1441 4874 1526 4926 διὰ
1559 4892 1692 4943 συμο

134 4970 298 5024 δόλων
326 4971 741 5041 φιλοσοφίαν,ἥν
769 4974 824 5022 ἐν
853 4973 964 5032 τοῖς
990 4969 1296 5038 λεγομένοις
1327 4969 1488 5037 ἱεροῖς
1515 4967 1694 5034 γράμ-

139 5076 294 5130 μασιν
329 5061 739 5123 ἐπιδείκνυνται,
773 5060 864 5112 καὶ
912 5058 999 5110 διὰ
1040 5059 1137 5126 τῆς
1181 5057 1287 5108 τῶν
1324 5055 1473 5119 ζώων
1502 5053 1692 5106 ἀποδο-

135 5144 252 5214 χῆς,
298 5146 335 5199 ἃ
384 5148 476 5198 καί
519 5145 653 5199 θεῶν
698 5149 880 5216 τιμαῖς
930 5145 1280 5215 γεραίρουσι·
1311 5145 1406 5214 τὴν
1451 5145 1494 5195 δ’
1527 5143 1690 5211 ἄλλην

136 5236 412 5301 ἐγκύκλιον
437 5238 680 5290 παιδείαν
707 5239 959 5308 Ἕλληνες
986 5239 1257 5291 ἐδίδασκον
1275 5256 1286 5267 '
1327 5241 1374 5289 οἱ
1401 5238 1456 5289 δὲ
1483 5239 1545 5290 ὲκ
1584 5237 1690 5288 τῶν

140 5326 518 5398 πλησιοχώρων
561 5328 632 5381 τά
677 5347 735 5381 τε
767 5329 1024 5401 Ἀσσύρια
1071 5330 1406 5400 γράμματα,
1454 5333 1547 5381 καὶ
1593 5329 1690 5398 τὴν

136 5414 237 5466 τῶν
291 5418 553 5487 οὐρανίων
611 5419 915 5488 Χαλδαῖκὴν
967 5421 1292 5491 ἐπιστήμην.
1348 5416 1502 5472 Nulla
1567 5429 1692 5473 ante

140 5505 368 5577 Moysen)
400 5510 454 5564 in
484 5509 691 5565 Graecia
721 5512 988 5575 doctrina,
1022 5515 1183 5568 nullae
1217 5515 1535 5584 disciplinae,
1571 5527 1692 5577 qua:

139 5598 180 5649 si
205 5597 451 5665 fuissent,
481 5604 666 5672 utique
696 5603 904 5673 Moyses
931 5620 1038 5657 non
1068 5607 1322 5660 omnibus
1354 5604 1572 5659 Graeciae
1604 5619 1694 5657 sa-

144 5689 408 5754 pientibus
433 5695 698 5764 antiquior
725 5713 739 5759 ;
770 5695 960 5764 sicque
999 5705 1219 5749 ruerent
1254 5697 1434 5750 omnia
1459 5696 1692 5749 chrono—

143 5783 459 5853 graphorum
487 5796 822 5859 argumenta,
851 5788 1050 5843 auibus
1096 5789 1470 5845 antiuuitatem
1517 5798 1570 5843 et
1599 5804 1692 5844 ex-

1797 4605 2084 4672 ἀγχόμενοι
2114 4604 2369 4672 Ἕλληνες
2401 4647 2414 4669 ,
2441 4607 2534 4657 καὶ
2575 4605 2632 4657 τὸ
2663 4606 2883 4675 ἀκριϐὲς
2917 4607 3015 4675 τῆς
3043 4607 3363 4676 διακρίσεως

1798 4697 1900 4748 ὑπὸ
1939 4698 2034 4764 τῆς
2071 4697 2198 4766 περὶ
2236 4698 2296 4748 τὸ
2342 4697 2493 4748 Θεῖον
2538 4698 2755 4762 ἀγνοίας
2787 4698 3241 4767 ἐπισκοτούμενοι,
3269 4698 3362 4750 καὶ

1796 4791 1843 4839 οἱ
1876 4788 1960 4839 διὰ
1987 4787 2218 4848 πίστεως
2247 4790 2368 4849 τοὺς
2397 4787 2701 4855 ὀφθαλμοὺς
2726 4789 2824 4855 τῆς
2866 4788 3096 4850 διανοίας
3129 4807 3363 4852 πεφωτι-

1800 4879 1980 4946 σμένοι
2031 4877 2380 4945 Χριστιανοὶ,
2420 4879 2512 4929 καὶ
2553 4878 2687 4946 πρὸς
2733 4878 2821 4929 τὸν
2870 4879 2966 4946 τῆς
3020 4879 3363 4948 δικαιοσύνης

1795 4969 1943 5036 ἥλιον
1975 4967 2182 5036 τρανῶς
2211 4967 2297 5019 διὰ
2323 4969 2421 5036 τῆς
2463 4968 2746 5035 ὁμολογίας
2771 4967 2949 5029 ἀτενίζ
2954 4985 3029 5019 ειν
3055 4969 3357 5038 δυνάμενοι.

1797 5063 1859 5113 Οἱ
1896 5061 1990 5127 μὲν
2019 5060 2126 5130 γὰρ
2155 5064 2265 5123 τοῖς
2295 5061 2512 5122 οἰκείοις
2557 5062 2829 5129 λογισμοῖς
2869 5060 3054 5129 ὥσπερ
3085 5063 3141 5110 έν
3181 5061 3360 5115 σκότει

1798 5151 2238 5220 προσπταίοντες,
2279 5151 2365 5201 καὶ
2397 5151 2824 5224 ἀνηγεμόνευτον
2854 5151 3062 5218 ἔχοντες
3101 5151 3204 5200 ὑπὸ
3239 5168 3363 5220 προ-

1797 5241 2005 5310 λήψεως
2032 5241 2120 5292 τὸν
2160 5240 2278 5292 νοῦν
2305 5241 2612 5307 ἐπισφαλῶς
2641 5241 2878 5292 ὁδεύουσι
2918 5246 3024 5302 τοῖς
3063 5243 3358 5310 λογισμοῖς,

1801 5331 1965 5401 μόνην
1996 5332 2052 5381 ἐν
2084 5326 2162 5392 οἷς
2194 5331 2572 5400 δογματίζουσι
2611 5331 2963 5399 ψηλαφῶντες
3003 5333 3096 5402 τὴν
3134 5334 3360 5404 ῥέουσαν

1799 5427 1888 5478 καὶ
1916 5425 2141 5478 ἄστατον
2170 5425 2276 5476 τῶν
2302 5425 2589 5494 ὁρωμένων
2616 5425 2802 5490 φύσιν·
2836 5425 2893 5476 τὸ
2923 5426 2976 5477 δὲ
3007 5427 3102 5492 τῆς
3129 5425 3360 5492 ἀληθοῦς

1798 5518 2028 5586 θεωρίας
2057 5516 2226 5584 ὄμμα,
2268 5517 2300 5587 ἦ
2333 5516 2768 5585 ἀμϐλυώττοντες
2802 5519 2904 5569 ὑπὸ
2943 5519 3145 5586 χρόνου,
3184 5519 3216 5588 ἢ
3256 5537 3362 5588 πη-

1799 5607 2058 5677 ρωθέντες
2093 5606 2196 5658 ὑπὸ
2253 5606 2479 5674 πλάνης,
2509 5605 2810 5658 ἀπώλεσαν.
2851 5606 3095 5674 Legenda
3137 5610 3360 5661 omnino

1796 5708 1880 5753 est
1913 5699 2243 5766 lepidissima
2292 5696 2789 5766 facundissimaque
2837 5698 3065 5752 Hermi-.e
3117 5701 3362 5768 philoso-

1800 5791 1892 5858 pbi
1925 5779 2368 5854 philosophorum
2403 5789 2682 5856 gentilium
2722 5789 2924 5854 irrisio,
2957 5790 3008 5842 in
3049 5805 3151 5858 qua
3192 5791 3362 5846 mutta
