4042 6338
668 367 772 422 815

1985 361 2230 418 ιεοΝιδ
2269 359 2542 414 ΑιιΑτιι
3822 358 3912 414 fl!

668 487 905 538 enarrat,
950 485 1006 529 ut
1055 478 1491 532 contrarietatem
1547 493 1666 547 qua
1715 480 1768 531 in
1800 491 1985 532 eorum
2031 479 2235 546 Opinio-
2265 480 2308 535 Α
2335 476 2575 537 Pererio,
2606 478 2650 532 si
2702 478 2981 532 sententiae
3009 477 3238 534 Joannis
3265 477 3375 531 Pici
3407 479 3483 530 ita
3518 475 3846 530 elaborata
3869 469 3915 527 εί

670 572 830 627 nibus
858 577 940 624 est
972 567 1277 637 patefaciat,
1317 578 1367 623 et
1405 569 1808 635 inquisitionem
1855 583 2034 622 rerum
2070 583 2230 636 quam

670 658 972 724 suscipiunt
1023 655 1075 706 in
1123 655 1390 708 infinitum
1431 657 1649 723 vagari,
1693 665 1745 711 et
1795 657 1942 709 nullo
2003 657 2233 709 termino

667 747 952 808 contineri,
972 761 1265 816 eorumque
1292 747 1446 800 linem
1473 761 1594 801 esse
1618 747 2043 817 inexplicabilem
2073 754 2232 815 atque

668 838 932 898 inutilem,
969 838 1167 906 quippe
1198 838 1338 905 quod
1388 839 1531 889 nulla
1567 854 1623 891 re
1652 839 1904 900 evidenti,
1942 845 1994 890 et
2026 838 2234 890 ratione

668 929 952 998 perspicua
985 929 1352 981 confirmetur.
1388 927 1489 991 Qui
1535 943 1640 982 non
1670 937 1876 982 tantum
1907 943 2083 981 rerum
2124 937 2235 981 sta-

671 1031 780 1072 tum
814 1021 1137 1087 modumque
1181 1035 1285 1072 non
1318 1030 1706 1088 cognoverunt,
1740 1020 1831 1074 sed
1877 1021 2111 1072 maxima
2153 1020 2234 1072 in-

669 1112 823 1163 scitia
868 1111 1137 1178 stultaque
1183 1110 1344 1162 animi
1377 1112 1720 1164 contentione
1752 1111 2027 1164 veritatem
2063 1111 2233 1178 ipsam

667 1216 979 1270 oppugnare
1029 1215 1236 1253 summa
1284 1215 1385 1269 ope
1432 1203 1612 1254 conati
1663 1211 1824 1264 sunt,
1883 1202 2232 1271 Porphyrius,

667 1291 929 1353 Procles,
978 1291 1284 1360 Eunapius,
1319 1291 1590 1356 Zosimus,
1637 1295 1984 1362 sexcentique
2031 1293 2119 1345 alii
2168 1291 2234 1345 de

667 1384 865 1452 quibus
896 1385 948 1434 in
984 1383 1209 1435 historia
1241 1398 1519 1437 sermones
1544 1384 1760 1452 prolixi.

740 1474 855 1526 Col.
879 1473 998 1534 709,
1027 1475 1122 1526 lin.
1152 1473 1236 1526 12.
1272 1473 1345 1527 Τὰ
1371 1473 1478 1542 γὰρ
1513 1474 1582 1538 ἐξ
1608 1475 2004 1542 ἀνθρωπίνης.
2031 1471 2233 1526 Tamen

669 1566 1103 1635 quandocunque
1140 1565 1584 1633 philosophorum
1617 1566 1814 1634 placita
1851 1574 2010 1632 atque
2031 1565 2237 1618 doctri-

668 1672 749 1709 na:
780 1672 806 1706 a
839 1658 1063 1709 veritate
1097 1671 1203 1708 non
1235 1658 1506 1720 vacillant,
1532 1658 1620 1710 ubi
1655 1658 1791 1709 ratio
1823 1672 2010 1710 eorum
2046 1657 2235 1709 mani-

669 1748 804 1803 festa
848 1758 949 1810 est,
997 1757 1313 1817 certumque
1366 1750 1815 1817 experimentum,
1875 1763 1998 1801 cum
2062 1749 2232 1802 sacris

670 1840 865 1892 litteris
901 1839 1119 1892 minime
1145 1840 1432 1892 contrariae
1463 1840 1590 1902 sint,
1640 1854 1746 1892 non
1794 1847 1878 1892 est
1922 1855 2022 1892 cur
2053 1841 2120 1893 ab
2152 1841 2231 1895 eis

668 1929 1057 1981 ahliorreamus
1104 1944 1115 1978 :
1167 1929 1366 1982 veritas
1400 1930 1543 1982 enim
1595 1944 1874 1983 sacrarum
1929 1931 2230 1984 litterarum

669 2035 935 2088 nusquam
968 2020 1216 2074 humanis
1245 2021 1546 2074 rationibus
1578 2029 1629 2074 et
1681 2022 2066 2090 experimentis
2105 2037 2233 2075 con-

669 2114 835 2164 traria
865 2119 966 2165 est.
1019 2109 1157 2163 Tuta
1189 2119 1271 2165 est
1298 2126 1459 2181 super
1490 2111 1590 2166 hoc
1615 2112 1901 2181 Augustini
1945 2115 2229 2173 sententia,

671 2206 763 2260 lib.
791 2221 806 2256 ι
835 2206 887 2257 in
917 2203 1094 2260 Cenes.
1134 2206 1198 2258 ad
1223 2205 1404 2267 litter.,
1443 2221 1562 2273 cap.
1590 2204 1650 2256 21
1695 2228 1706 2258 ;
1747 2205 1856 2258 Hoc
1884 2206 2234 2259 indubitanter

672 2296 946 2348 tenendum
976 2307 1072 2360 est,
1105 2307 1160 2349 ut
1193 2295 1441 2365 quidquid
1469 2299 1724 2363 sapientes
1759 2299 1918 2365 hujus
1967 2302 2146 2351 mundi
2171 2302 2233 2354 de

670 2396 862 2438 natura
891 2403 1061 2438 rerum
1091 2389 1342 2439 ueraciter
1364 2386 1720 2440 demonstrare
1742 2393 2024 2456 potuerint,
2058 2402 2200 2444 osten
2221 2423 2232 2432 -

670 2477 858 2529 damus
892 2479 1084 2528 nostris
1111 2479 1293 2529 litteris
1323 2494 1424 2529 non
1450 2495 1558 2530 esse
1587 2482 1909 2533 contrarium
1936 2497 1955 2544 ;
1983 2483 2232 2551 quidquid

672 2578 844 2619 autem
869 2569 950 2620 illi
980 2570 1031 2619 in
1065 2569 1175 2620 suis
1213 2567 1559 2622 voluminibus
1593 2573 1918 2623 contrarium
1958 2575 2124 2626 sacris
2149 2576 2236 2625 lit-

672 2661 795 2712 teris
824 2659 1025 2725 docent,
1044 2662 1154 2712 sine
1183 2660 1293 2711 ulla
1321 2659 1640 2714 dubitatione
1660 2664 1930 2716 credamus
1959 2664 2010 2715 id
2040 2665 2235 2731 falsum

670 2766 802 2811 esse,
844 2761 890 2802 et
931 2767 1133 2818 quoquo
1179 2750 1328 2804 modo
1363 2767 1634 2818 possumus
1669 2755 1824 2806 etiam
1852 2755 2181 2808 ostendamus
2215 2774 2233 2809 :

673 2849 825 2907 atque
872 2842 947 2892 ita
973 2849 1232 2892 teneamus
1261 2841 1414 2908 ﬁdem
1439 2841 1650 2894 Domini
1674 2845 1860 2903 nostri,
1894 2845 1948 2895 in
1987 2860 2087 2912 quo
2113 2839 2236 2897 sun‘

674 2931 966 2984 absconditi
996 2949 1171 2984 omnes
1204 2933 1433 2985 thesauri
1468 2936 1754 3000 sapientior,
1798 2948 1853 2988 ut
1893 2955 2050 3006 neque
2083 2939 2236 3006 [alue

671 3021 1009 3087 philosophice
1058 3022 1374 3090 loquacitate
1430 3027 1740 3078 seducamur
1771 3043 1930 3094 neque
1975 3031 2236 3085 simulata:

2335 569 2612 636 explicata:
2640 567 2926 621 dissonant
2972 584 3001 621 a
3035 571 3320 623 sententiis
3355 567 3585 637 Moysis,
3617 572 3912 634 textosque

2334 659 2480 711 illius
2511 659 2857 713 discordant?
2891 659 2935 712 si
2970 658 3306 725 discordant,
3341 675 3461 729 qua
3502 667 3598 712 est
3656 657 3784 709 hac
3815 656 3912 709 dis-

2333 750 2649 804 cordantia?
2683 749 2935 812 fateatur,
2993 748 3187 802 deinde
3213 749 3661 803 animadvertat.
3738 744 3800 799 Si
3841 747 3912 800 is-

2333 843 2540 896 liaerent
2575 842 2855 897 sententia:
2880 839 3099 910 Moysis,
3127 849 3183 894 et
3219 841 3396 895 verbis
3422 851 3555 895 sunt
3593 851 3907 893 accommo-

2334 933 2496 998 data,
2534 942 2586 987 et
2632 939 2963 1002 congruunt,
3006 946 3108 985 nec
3138 946 3166 983 a
3198 929 3482 985 Catholica
3515 931 3794 990 veritate,
3824 942 3909 979 nec

2335 1033 2645 1078 sanctorum
2680 1024 2897 1076 Patrum
2930 1023 3092 1076 dictis
3120 1022 3432 1081 abhorrent,
3483 1020 3704 1090 utquid
3739 1019 3908 1089 culpat

2336 1114 2706 1184 inculpatum?
2756 1112 3098 1168 Tentandum
3130 1120 3214 1167 est
3266 1113 3476 1181 aliquid
3523 1110 3806 1166 maximis
3831 1111 3910 1162 in-

2333 1205 2528 1274 geniis,
2559 1221 2677 1274 quae
2709 1203 2862 1258 frena
2896 1206 3004 1274 pati
3039 1204 3289 1258 nesciunt
3319 1245 3334 1267 ,
3365 1203 3624 1257 laxanda:
3661 1208 3801 1256 sunt
3828 1198 3908 1254 il-

2332 1298 2476 1366 genii
2500 1298 2660 1360 vires,
2687 1313 2786 1351 nec
2829 1299 3217 1367 angustissimo
3243 1296 3606 1364 antiquorum
3653 1309 3799 1365 gyro
3825 1307 3912 1347 eo-

2334 1401 2452 1439 rum
2495 1388 2726 1456 impetus
2758 1387 3107 1458 refringendi.
3163 1385 3285 1440 llaec
3321 1387 3486 1440 sicuti
3524 1383 3722 1446 laudo,
3761 1383 3841 1437 sic
3865 1389 3913 1434 et

2333 1475 2579 1544 Cajetani
2641 1480 2963 1531 sententiam
3015 1477 3168 1530 initio
3202 1474 3752 1530 Commentariorum
3788 1486 3914 1525 suo-

2334 1580 2453 1618 rum
2504 1567 2558 1617 in
2617 1564 2857 1619 Genesim
2933 1565 3228 1627 accusavi;
3273 1579 3334 1617 ea
3389 1573 3578 1616 autem
3639 1571 3732 1615 est
3794 1580 3810 1613 :
3858 1555 3913 1610 Si

2333 1655 2540 1723 quando
2578 1657 2862 1708 occurrerit
2923 1656 3113 1724 aliquis
3167 1671 3343 1707 sensus
3397 1653 3569 1706 textui
3620 1665 3911 1709 consonus.

2333 1745 2567 1814 quamvis
2597 1763 2631 1799 a
2665 1755 2890 1800 torrente
2935 1745 3205 1798 doctorum
3235 1745 3460 1808 alienus,
3495 1744 3667 1795 lector
3701 1756 3914 1808 aqua:

2334 1853 2387 1890 se
2423 1835 2650 1904 prabeét
2683 1854 2966 1902 censorem,
2994 1837 3267 1904 nullusque
3288 1835 3598 1894 detestetur,
3626 1832 3772 1900 quod
3803 1830 3911 1882 dis~

2334 1937 2478 1981 sonet
2513 1945 2543 1980 a
2565 1931 2750 1995 priscis
2782 1928 3103 1982 doctoribus.
3146 1927 3266 1979 Non
3307 1927 3445 1978 enim
3470 1924 3729 1993 alligauit
3771 1920 3912 1975 Deus

2334 2023 2510 2089 erposi
2519 2024 2706 2074 tionem
2729 2021 3013 2088 Scriptum
3033 2023 3323 2087 priscorum
3341 2018 3622 2070 doctorum
3647 2013 3912 2072 sensibus,

2336 2115 2567 2182 alioquin
2599 2129 2712 2180 spes
2747 2115 2892 2167 nobis
2929 2115 3198 2167 tolleretur
3220 2111 3510 2177 exponendi
3544 2108 3913 2173 Scripturam,

2335 2206 2436 2256 nisi
2485 2203 2868 2272 transferendo,
2915 2214 2971 2256 ut
3005 2207 3174 2264 aiunt,
3206 2202 3266 2253 de
3297 2199 3430 2252 libro
3460 2199 3519 2250 in
3543 2196 3911 2266 quintermm.

2337 2293 2566 2348 Textum
2601 2303 2782 2348 autem
2816 2293 3083 2348 Eustathii
3129 2293 3368 2345 Graecum
3397 2290 3470 2342 ita
3509 2288 3756 2342 restituo
3793 2305 3806 2336 :
3838 2285 3913 2334 Ta

2335 2388 2444 2456 γὰρ
2471 2387 2528 2452 ὲξ
2564 2386 2903 2456 ἀνθρωπίνης
2937 2386 3170 2446 διανοίας
3213 2381 3616 2452 περιφερόμενα
3665 2379 3915 2447 δόγματα

2337 2480 2518 2548 ἀσαφῆ
2548 2479 2802 2548 τυγχάνει
2831 2479 2924 2530 καὶ
2954 2478 3339 2546 ἀνερμάτιστα.
3391 2475 3656 2527 Consona
3688 2471 3912 2523 tandem

2337 2579 2464 2624 sunt
2500 2573 2659 2625 verba
2695 2569 2879 2623 Basilii
2937 2569 2990 2622 in
3024 2567 3392 2638 philosophos,
3428 2564 3580 2618 hom.
3617 2567 3643 2616 1
3683 2583 3698 2615 :
3735 2561 3915 2614 Πολλὰ

2337 2662 2464 2731 περὶ
2493 2661 2704 2729 φύσεως
2739 2659 3257 2731 ἐπραγματεύσαντο
3295 2659 3343 2708 οἱ
3369 2657 3476 2709 τῶν
3509 2655 3792 2723 Ἑλλήνων
3826 2669 3914 2705 σο-

2338 2752 2446 2819 φοὶ,
2473 2755 2566 2804 καὶ
2600 2752 2716 2803 οὐδὲ
2750 2747 2828 2813 εἷς
2859 2751 2985 2820 παρ’
3012 2750 3190 2810 αὐτοῖς
3217 2747 3367 2814 λόγος
3389 2746 3620 2813 ἕστηκεν
3653 2744 3915 2812 ἀκίνητος

2337 2847 2430 2898 καὶ
2456 2847 2769 2908 ἀσάλευτος,
2788 2846 2871 2898 ἀεὶ
2897 2843 2989 2896 τοῦ
3017 2844 3266 2913 δευτέρου
3293 2843 3383 2895 τὸν
3405 2842 3506 2911 πρὸ
3541 2839 3718 2891 αὐτοῦ
3751 2854 3914 2890 κειται

2339 2936 2619 2998 ϐάλλοντος
2647 2954 2659 2966 ·
2685 2935 2823 2987 ὥστε
2853 2937 2982 3006 ἡμῖν
3025 2933 3186 3002 μηδὲν
3216 2931 3371 3001 ἔργον
3403 2927 3539 2981 εἶναι
3569 2928 3639 2980 τὰ
3687 2927 3919 2980 ἐκείνων

2339 3028 2609 3098 ἐλέγχειν·
2650 3026 2875 3098 ἀρκοῦσι
2917 3027 3022 3096 γὰρ
3070 3025 3312 3094 ἀλλήλοις
3366 3023 3498 3092 πρὸς
3549 3021 3650 3091 τὴν
3709 3019 3918 3071 οἰκείαν

674 3113 941 3180 religionis
975 3115 1342 3180 superstitione
1368 3126 1673 3171 terreamur.
1705 3117 1768 3169 Et
1804 3129 1862 3171 ut
1899 3122 1951 3173 in
1988 3135 2045 3173 re.
2075 3123 2235 3177 nimis

2339 3122 2668 3190 ἀνατροπὴν.
2704 3121 2766 3170 ΕΙ.
2802 3121 2946 3172 hom.
2989 3119 3023 3171 5
3054 3135 3066 3169 :
3097 3119 3204 3170 Kal.
3236 3118 3285 3167 τί
3313 3118 3392 3168 δεῖ
3432 3116 3742 3184 πράγματα
3778 3115 3918 3184 ἔχεεν

675 3206 870 3273 agitata
899 3213 949 3258 et
975 3215 1343 3268 controversa,
1373 3206 1546 3260 diczim
1575 3207 1716 3276 quod
1745 3210 1974 3262 sentiam
2011 3212 2176 3265 libere
2219 3229 2234 3264 :

676 3297 901 3366 Semper
935 3298 1056 3350 illos
1086 3296 1442 3350 stultissimos
1476 3298 1802 3360 existimavi,
1857 3299 1950 3367 qui
2008 3300 2081 3352 ita
2114 3309 2241 3354 sunt

675 3389 1030 3457 philosophice
1076 3397 1129 3442 et
1154 3388 1474 3441 cultioribus
1512 3389 1703 3442 litteris
1726 3388 1944 3452 infensi,
1972 3398 2026 3443 ut
2053 3407 2120 3444 ne
2146 3408 2242 3444 au-

673 3483 843 3535 ditum
877 3481 1091 3550 quidem
1119 3497 1304 3535 earum
1338 3483 1670 3550 permittant.
1700 3483 1814 3535 Alia
1837 3484 2015 3536 omnia
2045 3485 2240 3540 abillis

673 3573 894 3628 habent.
932 3572 1331 3641 Scripturaeque
1370 3573 1531 3625 verba
1564 3573 1634 3626 ita
1677 3573 2000 3643 detorquent
2046 3585 2103 3627 ut
2130 3593 2240 3630 non

677 3664 823 3718 illius
857 3665 1205 3727 sententiam,
1232 3664 1324 3716 sed
1354 3664 1483 3732 quid
1513 3665 1685 3718 exteri
1723 3668 1993 3719 senserint
2022 3669 2240 3723 curiose

676 3755 1011 3822 perquirunt,
1045 3761 1097 3806 et
1123 3755 1193 3806 ita
1227 3755 1440 3807 illorum
1470 3758 1749 3810 sententia:
1775 3755 2110 3826 Scripturam
2143 3775 2236 3813 ac-

678 3845 1047 3899 commodant.
1085 3844 1175 3898 Nae
1205 3861 1417 3914 semper
1440 3849 1514 3899 uti
1546 3849 1999 3916 prudentissimos
2025 3850 2235 3903 laudavi

677 3952 772 3990 eos
802 3939 892 4005 qui
921 3938 1160 3991 rationes
1191 3937 1456 3991 humanas
1505 3955 1739 4008 veraque
1771 3944 2139 4010 experimenta
2167 3945 2238 3996 ita

677 4028 971 4096 explicant,
999 4037 1056 4080 ut
1094 4027 1232 4080 idem
1268 4043 1389 4081 cum
1417 4029 1616 4083 divinis
1664 4031 1860 4084 litteris
1896 4037 2106 4088 sentire
2124 4038 2238 4089 cla-

677 4119 895 4173 rissime
925 4120 1319 4180 demonstrent,
1356 4129 1408 4173 et
1440 4129 1670 4174 mentem
1715 4123 1924 4177 illorum
1957 4141 2077 4178 cum
2112 4143 2239 4181 vero

680 4211 977 4278 Scriptum
1026 4226 1190 4263 sensu
1241 4226 1539 4280 congruere
1581 4212 1953 4270 efﬁcacissime
1984 4219 2234 4285 probant.

677 4299 936 4363 Quamvis
984 4300 1125 4351 enim
1167 4301 1363 4354 divinae
1416 4303 1606 4358 littera:
1640 4306 1786 4359 nullo
1829 4306 2101 4376 indigeant
2142 4325 2237 4362 ex-v

676 4397 835 4442 terno
864 4390 1125 4455 subsidio,
1165 4393 1256 4445 sed
1284 4403 1495 4446 suomet
1529 4395 1710 4448 divino
1739 4399 1931 4466 spiritu
1972 4399 2121 4453 fultae
2148 4416 2232 4454 ve-

676 4482 892 4533 ritatem
929 4481 1062 4534 nulli
1120 4481 1336 4534 dubiam
1381 4485 1633 4538 omnibus
1686 4488 2037 4542 manifestam
2081 4471 2236 4546 :non
2269 4475 2320 4534 D

677 4581 760 4625 est
791 4579 967 4626 tamen
1000 4573 1068 4625 ab
1095 4588 1278 4625 earum
1313 4575 1592 4642 majestate
1612 4583 1664 4629 et
1688 4577 1950 4646 dignitate
2000 4581 2237 4635 alienum

675 4672 729 4716 et
770 4663 1106 4724 indecorum,
1150 4665 1193 4716 si
1247 4664 1391 4719 illius
1427 4666 1667 4721 veritatis
1719 4676 1924 4722 tantam
1967 4686 2086 4725 esse
2130 4675 2237 4726 vim

675 4769 1071 4824 cognoscamus
1099 4757 1169 4807 ita
1217 4765 1272 4809 ut
1301 4766 1354 4809 et
1387 4757 1506 4811 aliis
1538 4759 1668 4812 satis
1702 4769 1891 4828 patens
1923 4762 2084 4816 fuerit
2118 4779 2236 4816 ma-

680 4845 952 4900 nifestata.
978 4845 1252 4899 Immerito
1282 4848 1461 4916 itaque
1484 4849 1536 4900 in
1567 4848 1773 4914 Genes.,
1795 4852 1887 4905 lib.
1918 4869 1954 4915 ι,
1987 4853 2236 4908 Pererius

678 4937 1023 5003 reprehendit
1081 4936 1342 4991 Joannem
1397 4938 1582 4991 Picum
1639 4941 2094 5009 Mirandulanum,
2145 4947 2236 5015 qui

679 5042 843 5095 super
872 5037 1034 5095 caput
1090 5030 1319 5096 primum
1363 5030 1635 5086 Geneseos
1669 5033 1986 5100 lleptaplum
2019 5052 2238 5106 compo-

680 5125 884 5181 suerat,
918 5127 970 5170 et
1000 5128 1203 5187 septem
1225 5135 1405 5209 .novas
1453 5124 1840 5190 expositiones,
1874 5126 2238 5197 doctrinaeque

681 5207 878 5276 Moysis
911 5208 977 5262 de
1033 5207 1287 5276 operibus
1323 5226 1413 5265 sex
1471 5211 1679 5266 dierum
1715 5229 1744 5266 a
1793 5217 1943 5268 nullo
1995 5219 2236 5286 priorum

679 5300 1005 5367 scriptorum
1045 5309 1297 5363 tentatas,
1337 5317 1365 5352 a
1398 5316 1456 5354 se
1499 5313 1678 5358 autem
1736 5306 1910 5374 primo
1949 5310 2234 5378 cogitatas,

679 5390 946 5449 inventas.
975 5391 1299 5456 elaboratas,
1337 5396 1711 5464 perfectasque
1747 5401 2118 5467 pertractavit,
2173 5400 2238 5452 li-

679 5480 943 5548 brumque
977 5481 1123 5533 illum
1161 5497 1348 5550 parum
1389 5484 1453 5537 ad
1474 5485 1774 5539 doctrinam
1808 5487 2008 5558 Moysis
2036 5487 2236 5541 intelli-

681 5570 906 5640 gendam
958 5572 1278 5629 conducere.
1333 5574 1660 5639 Qumsissem
1711 5579 1896 5647 utique
1940 5580 2169 5633 libenter
2203 5594 2232 5633 a

759 5749 779 5783 ⁸
809 5747 958 5805 Psal.
997 5767 1109 5820 cm,
1144 5755 1197 5810 2.

1274 5758 1293 5788 ’
1322 5756 1348 5809 Ι
1389 5757 1520 5812 Tim.
1542 5758 1723 5826 v1,l6.
1798 5759 1816 5790 ³
1836 5757 1996 5815 Joan.
2032 5774 2164 5825 xvn,
2185 5758 2237 5813 5.

2343 3214 2488 3282 ἡμᾶς
2529 3213 2588 3262 τὸ
2629 3209 2817 3277 ψευδὲς
2867 3209 3043 3261 αὐτῶν
3091 3207 3479 3276 διελέγχοντας,
3529 3201 3610 3267 οἷς
3665 3206 3918 3274 ἐξαρκεῖ,

2340 3302 2442 3364 τὰς
2456 3299 2634 3353 αὐτῶν
2659 3300 2878 3351 ἐκείνων
2901 3298 3110 3366 βίϐλους
3133 3296 3384 3362 ἀλλήλαις
3411 3294 3919 3362 ἀντιωραθὲνπ,

2341 3395 2397 3444 ἐν
2414 3393 2610 3462 ἡσυχίᾳ
2636 3391 2799 3458 πολλῇ
2823 3388 3017 3450 θεατὰς
3038 3388 3212 3441 αὐτῶν
3228 3387 3318 3438 τοῦ
3347 3387 3576 3453 πολέμου
3598 3386 3755 3456 καθῆ
3767 3386 3920 3449 σθαις

2341 3483 2477 3537 Οὔτε
2528 3484 2635 3552 γὰρ
2679 3481 2894 3552 ἀριθμῷ
2939 3480 3209 3542 ἐλάττους,
3261 3479 3381 3530 οὔτε
3436 3476 3711 3546 ἀξιώματι
3765 3480 3923 3546 ὑφει-

2344 3578 2512 3645 μένοι,
2538 3575 2846 3645 πολυφωνίᾳ
2867 3573 2921 3625 δὲ
2947 3573 3038 3626 καὶ
3059 3573 3205 3642 παρὰ
3232 3571 3365 3625 πολὺ
3395 3571 3751 3640 διαφέροντες

2338 3665 2398 3716 τὸ
2429 3663 2664 3716 ἐναντίον
2699 3663 2880 3722 αὐτοῖς
2915 3659 3384 3711 ἀντικαθίστανται
3415 3657 3588 3722 λόγον.

2410 3758 2570 3820 lbid.,
2602 3757 2695 3809 lin.
2746 3752 2828 3807 19.
2889 3753 3204 3817 Ἐποίησεν
3233 3753 3264 3802 ὀ
3298 3749 3438 3813 Θεὸς
3478 3747 3582 3800 τὸν
3618 3749 3920 3814 οὐρανόν.

2340 3850 2497 3904 Circa
2546 3848 2707 3916 hujus
2763 3847 2868 3900 loci
2923 3843 3316 3913 expositionem
3353 3856 3383 3893 a
3423 3839 3756 3908 quibusdam
3811 3842 3924 3892 An-

2340 3943 2591 4011 gustinus
2647 3937 2962 4007 Eugubinus
3019 3936 3210 3988 acerbe
3267 3932 3549 3987 admodum
3602 3934 3921 3998 reprelien-

2340 4031 2507 4096 ditur,
2540 4039 2593 4084 et
2635 4031 2755 4096 eius
2789 4028 3057 4097 expositio
3090 4027 3252 4080 veluti
3294 4025 3427 4079 falsa
3458 4033 3510 4078 et
3542 4023 3920 4092 perabsurda,

2339 4135 2390 4180 et
2434 4142 2462 4178 a
2508 4124 2813 4178 Christiana
2863 4121 3151 4190 disciplina
3201 4120 3500 4172 abhorrens
3541 4133 3646 4170 non
3698 4122 3918 4179 solum,

2340 4217 2434 4271 sed
2464 4224 2721 4282 tanquam
2761 4227 3073 4282 perversum
3113 4221 3164 4264 et
3208 4211 3430 4278 impium
3486 4209 3673 4277 dogma
3713 4212 3921 4278 explo-

2340 4311 2506 4363 ditur.
2542 4306 2640 4359 llic
2679 4320 2912 4373 namque
2942 4305 2997 4356 in
3036 4318 3134 4357 sua
3165 4301 3507 4368 Cosmopa'ia,
3533 4308 3586 4372 et
3620 4308 3794 4353 tract.
3839 4299 3918 4354 De

2341 4401 2543 4453 naturis
2591 4398 2929 4464 incorporeis,
2963 4395 3149 4448 scribit
3194 4394 3390 4446 cmlum
3437 4406 3756 4460 empyreum
3789 4408 3916 4447 esse

2343 4486 2619 4555 quidpiam
2670 4495 2930 4537 aeternum
2976 4492 3029 4536 et
3094 4483 3414 4542 increatum,
3462 4480 3562 4532 hoc
3618 4487 3724 4543 est,
3786 4498 3914 4536 esse

2342 4578 2538 4638 lucem,
2587 4586 2637 4629 et
2687 4575 2985 4627 claritatem
3027 4572 3313 4641 quamdam
3362 4579 3664 4623 manantem
3707 4586 3783 4624 ex
3818 4574 3911 4626 Dei

2342 4667 2596 4727 essentia,
2647 4665 2698 4716 in
2742 4678 2846 4732 qua
2890 4661 3030 4716 Deus
3073 4671 3174 4724 est,
3217 4669 3270 4715 et
3305 4660 3372 4714 ad
3411 4661 3566 4728 cujus
3612 4663 3911 4731 participa—

2342 4760 2543 4811 tionem
2596 4764 2759 4825 atque
2811 4753 3121 4806 fruitionem
3167 4761 3277 4804 tam
3331 4751 3456 4804 boni
3503 4751 3676 4820 angeli
3735 4767 3906 4820 quam

2340 4851 2441 4903 viri
2481 4850 2613 4919 justi
2653 4848 3031 4901 admittuntur.
3087 4843 3210 4897 llaec
3255 4844 3399 4897 enim
3431 4852 3532 4903 est,
3573 4842 3779 4912 inquit,
3815 4845 3907 4898 illa

2340 4949 2540 4996 interna
2569 4941 2658 4993 lux
2689 4949 2742 4992 et
2773 4937 2995 4992 claritas
3030 4935 3144 4997 Dei,
3179 4950 3299 5004 qum
3341 4935 3394 4988 in
3426 4934 3699 5003 Scriptura
3737 4938 3906 4990 toties

2338 5034 2501 5103 justis
2547 5031 2857 5085 hominibus
2893 5043 2989 5097 pro
3039 5025 3287 5080 mercede
3337 5025 3580 5076 laborum
3630 5024 3902 5092 promitti-

2341 5133 2463 5178 tur:
2494 5126 2564 5179 de
2584 5140 2689 5194 qua
2719 5120 3122 5192 intelligendum
3157 5125 3308 5188 putat
3345 5115 3474 5170 illud
3503 5118 3645 5185 quod
3679 5117 3746 5171 de
3793 5117 3901 5171 Deo

2342 5221 2396 5273 in
2416 5218 2552 5288 psal.
2571 5232 2664 5271 cur
2710 5215 2858 5269 canit
2882 5213 3068 5275 David,
3104 5211 3341 5264 Amictus
3365 5211 3556 5263 lumine
3577 5212 3711 5263 sicut
3747 5215 3895 5266 resti-

2342 5320 2512 5364 mento
2547 5313 2561 5339 ί
2589 5330 2603 5373 ;
2634 5316 2686 5362 et
2719 5307 2847 5361 illud
2878 5305 3031 5358 Pauli
3055 5323 3064 5356 :
3088 5303 3190 5368 Qui
3217 5302 3380 5355 lucem
3427 5302 3631 5354 habitat
3663 5305 3896 5358 inacces-

2341 5402 2540 5456 sibilem
2568 5402 2621 5466 ‘;
2652 5409 2704 5453 et
2732 5398 2859 5451 illud
2894 5396 3104 5450 Domini
3139 5396 3278 5464 apud
3313 5394 3610 5448 Joannem:
3646 5392 3896 5460 Clariﬁat

2343 5508 2451 5555 me,
2518 5500 2570 5541 tu
2632 5489 2826 5552 Pater,
2881 5486 3123 5538 claritate
3171 5499 3327 5552 quam
3379 5482 3539 5535 habui
3591 5483 3889 5549 priusquam

2342 5583 2566 5638 mundus
2613 5583 2779 5650 ﬁeret,
2830 5579 2966 5648 apud
3010 5587 3057 5631 te
3090 5575 3406 5647 ’.Ejusdem
3445 5573 3584 5628 lucis
3621 5577 3889 5643 specimen
