4042 6338
112 411 215 467 827

1085 407 1152 463 IN
1192 403 1562 461 EUS’I‘ATHH
1605 401 2073 459 HEXAEMEBON
2105 400 2336 458 Νοτι.

3221 398 3323 454 818

107 523 379 597 quoddam
430 523 615 577 datum
670 528 754 576 est
802 520 858 575 in
911 518 1393 590 transﬂguratione
1446 516 1664 571 Domini
1692 524 1737 578 Α
1766 515 2008 571 Platonis
2055 517 2203 577 varie
2237 513 2492 584 explicat,
2528 516 2599 569 et
2625 514 2862 568 rationes
2905 512 3074 583 aperit
3106 512 3329 568 Proclus

108 616 302 678 nostri,
316 624 368 669 et
384 614 437 666 in
456 613 591 666 rubo
613 610 831 681 Moysis,
845 618 897 666 et
922 613 974 664 in
997 611 1115 679 ejus
1130 610 1279 666 vultu
1295 622 1360 663 ex
1376 608 1665 677 colloquio,

109 716 162 758 et
195 703 589 759 consuetudine
627 717 749 756 cum
792 700 896 757 Deo
933 702 1116 757 habita
1163 715 1326 769 supra
1370 699 1667 754 humanum

106 796 360 849 obtutum
413 791 821 861 resplendeute;
872 801 924 847 et
972 793 1111 846 hanc
1160 806 1313 847 suam
1359 792 1667 860 Opinionem

106 883 396 937 conﬁrmat
436 881 746 935 testimonio
798 881 983 936 Basilii
1040 881 1238 950 Magni,
1285 880 1376 949 qui
1438 880 1582 933 hom.
1635 880 1670 933 2

108 988 267 1038 super
316 968 554 1024 Genesim
600 970 764 1026 tradit
794 972 983 1027 eadem
1026 971 1209 1025 omnia
1257 970 1447 1025 iisdem
1488 972 1669 1025 verbis

110 1078 233 1130 qua:
269 1069 325 1116 et
371 1068 556 1116 noster
592 1061 911 1117 Eustathius
946 1077 1067 1131 pag.
1104 1061 1192 1115 50.
1226 1058 1375 1115 Hanc
1406 1059 1669 1131 Eugubiui

107 1151 435 1207 sententiam
464 1153 511 1207 si
533 1155 653 1223 quis
680 1154 807 1208 velit
833 1152 1144 1214 defendere,
1165 1153 1314 1206 omni
1344 1153 1458 1221 ipse
1490 1151 1671 1208 delen-

108 1244 263 1296 sione
305 1241 559 1313 indignus
605 1243 731 1297 erit.
765 1242 974 1297 leum
1021 1256 1333 1312 empyreum
1380 1239 1519 1296 Deus
1560 1257 1670 1296 non

108 1339 211 1395 est,
241 1332 517 1401 quomodo
552 1349 680 1405 ergo
708 1342 994 1395 internum,
1031 1333 1303 1402 quomodo
1335 1333 1672 1389 increatum?

108 1418 223 1472 Lux
277 1420 394 1475 haec
440 1431 624 1475 manat
673 1438 739 1476 ex
786 1420 881 1475 Dei
925 1419 1183 1481 essentia,
1221 1418 1493 1487 quomodo
1543 1432 1673 1487 ergo

108 1512 309 1565 calum
352 1513 707 1583 empyreum?
750 1520 804 1566 et
854 1512 901 1565 si
936 1511 1134 1565 coelum
1181 1524 1493 1579 empyreum
1530 1508 1672 1563 Deus

108 1610 213 1666 est,
248 1604 524 1672 quomodo
555 1602 835 1671 Scriptura
864 1615 975 1655 non
1004 1601 1205 1655 insanit
1244 1600 1311 1654 de
1343 1602 1433 1654 illo
1460 1602 1669 1663 dicens,

110 1696 175 1749 In
206 1698 465 1766 principio
503 1697 695 1750 creavit
735 1693 872 1748 Deus
902 1694 1087 1747 caelum
1115 1695 1137 1725 "
1159 1695 1181 1747 ?
1207 1710 1484 1763 nunquam
1525 1695 1673 1748 dice-

113 1802 226 1840 rem
258 1802 376 1842 rem
403 1786 646 1855 ejusdem
675 1800 797 1838 cum
820 1783 930 1839 Deo
951 1784 1200 1839 essentia:
1224 1800 1329 1838 non
1346 1801 1466 1838 esse
1483 1784 1669 1836 Deum.

109 1874 228 1931 Lux
273 1890 403 1946 ergo
443 1876 557 1929 haec
595 1883 711 1941 tua,
739 1882 791 1929 et
832 1875 1027 1929 coelum
1058 1891 1366 1948 empyreum
1404 1876 1547 1931 Deus
1575 1884 1678 1942 est,
1714 1865 1753 1919 Β

108 1975 162 2019 et
203 1976 442 2031 creator,
463 1975 523 2033 et
549 1982 768 2020 rursum
798 1966 1076 2022 diversum
1120 1982 1149 2019 a
1189 1967 1295 2020 Deo
1326 1978 1379 2021 et
1407 1975 1675 2020 creatura.

94 2056 294 2126 Neque
342 2059 607 2113 sententia
660 2056 930 2112 Eustathii
976 2065 1031 2111 et
1084 2057 1289 2123 Basilii,
1337 2074 1472 2127 quos
1517 2060 1681 2111 etiam

111 2149 325 2202 videtur
352 2155 574 2203 secutus
604 2147 982 2203 Theodoretus
1013 2148 1068 2200 in
1105 2147 1365 2210 Genesim,
1403 2157 1455 2203 et
1485 2148 1684 2203 Metho-

112 2240 273 2302 dius,
314 2239 429 2294 sive
474 2238 798 2293 Timotheus
842 2240 1127 2310 presbyter
1165 2239 1683 2310 llierosolymitanus

112 2331 357 2383 oratione
387 2331 439 2383 in
472 2332 862 2398 Hypapantem,
899 2331 1044 2385 illius
1061 2332 1386 2384 sententiam
1427 2333 1680 2401 probant,

115 2434 212 2474 nec
261 2419 479 2489 pondus
531 2420 760 2487 addunt,
817 2435 918 2475 nec
974 2421 1307 2476 ﬁrmitatem.
1367 2418 1576 2475 Etenim
1628 2420 1682 2475 hi

114 2507 304 2563 Patres
346 2509 522 2564 lucem
561 2510 707 2563 illam
769 2518 821 2564 et
859 2511 1159 2566 claritatem
1190 2528 1351 2581 quam
1388 2514 1683 2566 increatam

116 2604 382 2659 statuunt,
432 2598 703 2653 diversam
750 2600 817 2653 ab
867 2615 929 2654 ea
974 2616 1096 2669 qua:
1140 2616 1243 2653 uua
1278 2616 1399 2654 cum
1437 2603 1596 2664 cmlo,
1629 2608 1684 2654 et

114 2697 283 2748 terra,
319 2697 372 2742 et
408 2690 595 2743 eadem
635 2691 845 2745 ratione
888 2707 995 2759 qua
1040 2692 1237 2745 caelum
1266 2698 1324 2746 et
1368 2699 1513 2746 terra
1552 2705 1682 2760 pro-

117 2779 278 2832 ducta
323 2789 432 2844 est,
497 2784 745 2850 quamvis
806 2783 971 2837 nullis
1031 2783 1307 2848 tenebris,
1360 2784 1495 2837 nulli
1558 2797 1684 2837 cor-

118 2871 377 2938 ruptioni,
415 2872 549 2924 nulli
595 2874 825 2942 tempori
864 2871 1098 2926 obnoxia
1134 2873 1224 2935 sit,
1270 2887 1379 2926 non
1419 2872 1687 2925 allirmant

118 2972 237 3012 esse
277 2961 477 3013 malum
522 2975 857 3031 empyreum,
905 2977 1004 3015 nec
1048 2963 1243 3015 cmlum
1290 2962 1423 3015 illud
1467 2963 1533 3017 de
1579 2979 1685 3031 quo

122 3049 353 3113 dicitur,
387 3049 451 3103 In
491 3051 743 3118 principio
777 3051 969 3103 creavit
1002 3049 1141 3103 Deus
1177 3050 1359 3104 cazlum
1389 3061 1437 3104 et
1469 3062 1682 3106 terram.

124 3138 230 3194 Sed
279 3141 346 3195 de
396 3142 496 3196 hac
549 3140 771 3195 Patrum
832 3142 1101 3195 sententia
1161 3142 1292 3211 quid
1342 3144 1684 3197 sentiendum

125 3231 213 3296 sit,
246 3239 301 3285 et
326 3247 397 3286 an
436 3232 507 3287 sit
550 3233 693 3287 inter
734 3232 1128 3297 memorabilia,
1166 3241 1219 3284 et
1257 3234 1529 3302 paradoxa
1560 3233 1687 3302 reji-

128 3323 338 3389 cienda,
375 3325 429 3377 in
471 3327 725 3394 praesenti
750 3340 857 3378 non
883 3325 1072 3393 judico
1104 3344 1115 3374 :
1152 3324 1377 3380 inferius
1404 3330 1547 3380 enim
1580 3343 1686 3381 uua

126 3427 245 3466 cum
274 3414 558 3468 Eustathio
586 3431 706 3485 pag.
736 3415 833 3478 60,
858 3416 1100 3469 dicemus
1144 3416 1344 3484 aliqua,
1379 3428 1689 3472 reverenter

128 3512 323 3558 tamen.
347 3502 591 3560 Veneror
611 3522 845 3575 namque
871 3507 1012 3561 dicta
1029 3507 1249 3560 Patrum
1272 3508 1685 3572 catholicorum,

128 3598 179 3645 et
206 3607 391 3647 verum
423 3594 622 3655 dicam,
660 3595 846 3648 adoro.

199 3685 315 3740 Col.
334 3685 457 3747 709,
476 3685 573 3740 lin.
590 3685 679 3739 20.
711 3687 771 3738 '0
788 3686 1021 3753 στήσας
1036 3689 1142 3741 τὸν
1162 3690 1438 3755 οὐρανόν.
1458 3687 1689 3742 Basilius

132 3777 271 3830 hom.
325 3777 347 3829 ι
400 3777 458 3828 in
511 3776 869 3831 Hexaemeron
902 3779 1046 3831 :Kai
1106 3781 1232 3849 περὶ
1274 3779 1367 3832 τοῦ
1417 3781 1690 3850 σχήματος

130 3869 183 3920 δὲ
214 3869 373 3922 ἱκανὰ
411 3870 541 3939 ἡμῖν
574 3869 641 3922 τὰ
678 3871 807 3940 παρ’
853 3871 1015 3923 αὐτοῦ
1050 3872 1291 3934 εἰπόντος
1333 3876 1390 3925 ὲν
1419 3874 1692 3944 δοξολογίᾳ

132 3956 281 4025 Θεοῦ,
322 3961 384 4012 ‘0
433 3957 670 4025 στήσας
702 3959 806 4011 τὸν
843 3961 1099 4027 οὐρανὸν
1130 3960 1271 4013 ὡσεὶ
1296 3961 1582 4029 καμάραν.
1613 3963 1693 4014 Τὰ

134 4050 267 4103 αὐτὰ
292 4051 350 4104 δὲ
382 4052 553 4104 ταῦτα
585 4054 677 4105 καὶ
708 4054 833 4121 περὶ
853 4054 949 4123 τῆς
976 4055 1078 4123 γῆς
1116 4054 1549 4125 συμϐουλεύομεν
1571 4055 1693 4108 ἐαυ-

134 4146 256 4205 τοῖς,
292 4144 366 4213 μὴ
401 4144 872 4216 πολυπραγμονεῖν
904 4147 1071 4216 αὐτῆς
1098 4148 1195 4217 τὴν
1223 4148 1405 4200 οὐσίαν
1424 4149 1545 4217 ἥτις
1566 4150 1693 4200 ποτέ

136 4234 296 4287 ἐστιν.
331 4232 410 4287 De
458 4232 630 4303 ﬁgura
668 4236 793 4288 cmli
832 4235 974 4303 apud
1017 4244 1228 4290 veteres
1267 4238 1560 4289 maximum
1596 4238 1696 4292 fuit

136 4321 450 4387 dissidium;
484 4339 672 4378 eorum
717 4326 911 4393 placita
956 4333 1152 4394 prmter
1196 4327 1330 4381 alios
1362 4327 1528 4381 refert
1568 4326 1695 4380 Plu-

136 4414 375 4476 tarchus,
401 4415 496 4468 lih.
521 4430 555 4469 Ιι
580 4415 650 4468 De
665 4417 845 4483 placit.
864 4417 1578 4485 philosoph.;Theodoretus,
1599 4420 1691 4473 lib.

137 4503 210 4557 De
238 4517 429 4559 natura
458 4517 506 4561 et
551 4508 783 4573 mundo;
827 4510 1166 4573 Aristoteles,
1196 4511 1289 4564 lib.
1341 4526 1377 4564 ιι
1417 4510 1492 4565 De
1545 4512 1692 4575 cazlo,
1728 4548 1771 4601 Β

138 4611 251 4665 cap.
280 4598 348 4661 ις
383 4598 725 4662 Ptolemmus,
760 4602 855 4656 lib.
903 4618 938 4664 I,
979 4617 1029 4655 c.
1065 4602 1098 4655 3
1130 4600 1383 4655 editionis
1426 4617 1590 4670 mag.,
1642 4609 1695 4654 et

138 4687 252 4754 ejus
275 4700 669 4745 commentator
696 4691 880 4747 Theon
919 4693 1349 4758 Alexandrinus;
1381 4691 1695 4748 Cleomedes

142 4776 193 4828 in
220 4777 441 4833 Meteor.
471 4780 565 4836 lib.
590 4798 627 4845 ι,
654 4791 709 4837 et
737 4783 825 4837 alii
856 4784 1042 4838 multis
1067 4784 1370 4838 rationibus
1403 4792 1455 4839 et
1481 4788 1693 4854 experi-

140 4870 333 4924 mentis
366 4872 693 4940 sphazricum
725 4889 847 4929 esse
870 4875 1123 4943 probant.
1156 4873 1306 4929 Plato
1339 4890 1401 4928 ea
1440 4876 1506 4929 de
1536 4891 1594 4930 re
1621 4876 1693 4928 ita

141 4958 354 5028 scripsit
391 4962 446 5013 in
474 4961 673 5015 .Timwo
699 4977 716 5015 :
744 4963 833 5032 Τῷ
860 4962 966 5033 γὰρ
1006 4962 1074 5015 τὰ
1100 4963 1275 5016 πάντα
1315 4964 1381 5017 ὲν.
1412 4964 1558 5033 αὐτῷ
1584 4964 1696 5028 ζῶα

141 5050 405 5121 περιέχειν
428 5052 670 5121 μέλλοντι
704 5053 826 5124 ζὼῳ
871 5054 1077 5123 πρέπον
1109 5054 1173 5106 ἂν
1200 5054 1284 5125 εἴη
1311 5057 1491 5125 σχῆμα
1517 5056 1578 5108 τὸ
1604 5074 1697 5108 πε-

147 5138 412 5209 ριειληφὸς
445 5144 501 5194 ἐν
553 5144 906 5214 αὑτῷπάντα
951 5146 1119 5198 ὁπόσα
1157 5147 1433 5215 σχήματαο
1478 5146 1556 5198 διὸ
1604 5149 1697 5199 καὶ

146 5229 472 5298 σφαιροειδὲς
508 5232 571 5284 ὲκ
603 5235 767 5302 μέσον
808 5236 981 5305 πάντη
1014 5236 1150 5306 πρὸς
1182 5237 1277 5297 τὰς
1307 5236 1561 5299 τελευτὰς
1592 5238 1701 5289 ἴσον

148 5322 340 5390 ἀπέχον
364 5324 686 5395 κυκλοτερὲς
717 5326 845 5379 αὐτὸ
877 5326 1226 5397 ἑτορνεύσατο
1255 5327 1470 5381 πάντων
1512 5328 1704 5381 τελειό-

147 5426 318 5477 τατον,
351 5412 663 5481 ὁμοιότατω
690 5432 750 5467 τε
776 5410 904 5467 αὐτὸ
930 5415 1103 5485 ἐαυτῷ
1140 5417 1452 5487 σχημάτων,
1479 5420 1702 5487 νομίσας

153 5505 319 5575 μυρίῳ
346 5504 562 5557 κάλλιον
588 5506 769 5574 ὅμοιον
814 5508 1064 5576 ἀνομοίου
1082 5525 1094 5537 ο
1125 5506 1262 5559 λεῖον
1288 5507 1342 5559 δὲ
1382 5508 1565 5576 κύκλῳ
1595 5510 1701 5560 πᾶν

149 5594 335 5661 ἔξωθεν
364 5596 495 5648 αὐτὸ
527 5596 894 5667 ἀπηκριὼῦτο
921 5598 1126 5652 πολλῶν
1150 5600 1326 5671 χάριν.
1372 5599 1494 5654 Πωο
1541 5601 1701 5655 verba

216 5748 239 5782 ⁸
275 5751 401 5805 Gen.
441 5768 496 5820 ι,
543 5753 594 5806 1.
669 5753 689 5784 ⁵
735 5752 904 5805 Eccle.
948 5769 998 5816 ι,
1039 5754 1093 5818 ες,
1131 5755 1183 5806 li.

1714 3203 1754 3260 C

1768 606 2119 664 Commentar.
2138 608 2192 660 in
2211 606 2488 671 Timcum,
2500 613 2551 659 et
2567 604 2923 661 Ciceroetiam
2940 620 2977 658 ιι
2998 603 3071 658 De
3081 612 3192 659 nat.
3210 605 3333 658 deo-

1768 716 1905 761 rum,
1922 699 2082 766 Quid,
2099 698 2296 767 inquit,
2315 696 2583 764 pulchrius
2595 712 2657 749 ea
2673 697 2865 767 ﬁgura,
2889 711 3001 765 qua:
3023 694 3137 748 sola
3157 710 3331 749 omnes

1772 796 1908 849 alias
1928 796 2125 864 ﬁguras
2148 789 2417 854 complexa
2436 790 2684 854 continet,
2698 805 2908 859 quisque
2929 787 3056 841 nihil
3074 788 3335 856 asperita-

1773 889 1840 941 tis
1854 885 2063 947 habere,
2087 881 2215 937 nihil
2239 880 2540 949 offensionis
2572 879 3148 947 potest,nihil.incisum
3175 892 3337 948 angu-

1774 980 1859 1043 lis,
1887 976 2017 1031 nihil
2034 972 2382 1041 anfractibus,
2403 970 2535 1024 nihil
2559 970 2809 1031 eminens,
2834 968 2964 1021 nihil
2991 968 3334 1022 lacunosum!

1771 1068 2062 1124 Alcinorize
2108 1064 2519 1119 lntroductiono
2549 1061 2603 1114 in
2637 1058 2880 1115 Platonis
2915 1060 3333 1129 philosophiam,

1772 1160 1961 1230 Σχῆμα
1982 1157 2026 1210 δ’
2043 1154 2188 1227 αὐτῷ
2204 1153 2491 1224 περιέθηκε
2505 1152 2564 1205 τὸ
2575 1149 2927 1220 σφαιροειδὲς,
2943 1148 3340 1218 εὐμορφότατον

1774 1249 2087 1318 σχημάτων,
2106 1246 2198 1298 καὶ
2214 1241 2652 1315 πολυχωρότατον
2666 1240 2758 1294 καὶ
2768 1240 3191 1309 εὐκινητότατον.
3209 1238 3341 1305 Quae

1773 1356 1883 1394 non
1917 1352 2221 1407 repugnare
2262 1335 2465 1390 divinis
2510 1332 2727 1395 litteris,
2759 1330 2891 1400 quin
2941 1330 3067 1385 inde
3104 1345 3212 1383 non
3242 1331 3341 1383 ob-

1775 1446 1935 1485 scure
1963 1428 2168 1498 colligi,
2218 1424 2531 1481 conﬁrmari
2575 1432 2753 1493 potest
2785 1437 2851 1477 ex
2886 1421 2993 1475 illis
3025 1421 3204 1474 verbis
3235 1420 3340 1473 ini-

1774 1523 1852 1575 tio
1884 1520 2280 1574 Ecclesiastes:
2315 1516 2410 1572 Sol
2442 1516 2653 1578 occidit,
2683 1525 2732 1569 et
2775 1516 2826 1567 in
2870 1515 3039 1567 locum
3078 1528 3228 1565 suum
3259 1528 3341 1565 re-

1776 1612 2015 1672 vertitur,
2037 1609 2205 1679 ibique
2229 1620 2503 1671 masceus
2530 1616 2684 1676 gyrat
2711 1622 2799 1672 per
2847 1604 3119 1657 meridiem
3147 1612 3195 1656 et
3242 1603 3339 1671 ﬂe-

1778 1704 1936 1756 ctitur
1982 1701 2052 1754 ad
2084 1700 2418 1770 aquilonem:
2453 1701 2684 1751 lustrans
2732 1698 2972 1750 universa
3020 1697 3073 1747 in
3119 1696 3343 1748 circuitu

1778 1794 1943 1863 pergit
1966 1792 2206 1860 spiritus,
2238 1800 2286 1845 et
2310 1792 2362 1844 in
2387 1789 2614 1843 circulos
2644 1805 2766 1842 suos
2793 1788 3067 1841 revertitur
3094 1788 3136 1841 ⁸.
3169 1784 3345 1850 Quare

1781 1884 2139 1955 Hieronymus
2185 1886 2239 1938 in
2280 1882 2480 1939 Comm.
2515 1897 2634 1951 cap.
2664 1897 2694 1934 v
2739 1878 2909 1950 Epist.
2961 1879 3029 1932 ad
3092 1876 3342 1945 Ephesios

1782 1977 2019 2045 graviter
2056 1990 2149 2029 eos
2183 1976 2446 2042 increpat.
2478 1972 2573 2042 qui
2619 1974 2814 2025 ccelum
2842 1986 2949 2025 non
2981 1969 3216 2037 undique
3252 1984 3342 2020 ro-

1784 2066 2032 2127 tundum,
2060 2064 2153 2118 sed
2174 2062 2400 2121 fornicis
2433 2063 2591 2116 modo
2618 2069 2902 2115 curvatum
2928 2059 3152 2112 faciunt.
3187 2057 3343 2122 Quod

1784 2158 2005 2211 omnino
2034 2162 2239 2211 certum
2266 2161 2349 2209 est
2368 2169 2489 2208 cum
2511 2169 2620 2208 non
2642 2152 2945 2206 rationibus
2974 2158 3345 2216 tantuuycon-

1785 2249 2057 2309 vincatur,
2101 2246 2195 2300 sed
2240 2246 2610 2313 experimento
2655 2244 2815 2296 etiam
2872 2250 3207 2309 compertum
3251 2241 3343 2301 sit,

1785 2337 1983 2405 duplex
2032 2336 2135 2390 hoc
2178 2333 2612 2402 hemisphaerium
2649 2348 2790 2394 esse,
2834 2340 2886 2386 et
2929 2330 3213 2403 antipodas
3251 2330 3348 2382 ad-

1784 2443 1940 2482 versa
1971 2427 2128 2481 nobis
2177 2425 2408 2495 vestigia
2438 2438 2703 2495 premere,
2756 2425 2823 2477 de
2858 2422 3058 2492 quibus
3094 2420 3346 2476 Manilius

1786 2533 1838 2586 in
1872 2534 2171 2585 Astronom.
2190 2548 2208 2583 :

1859 2621 1967 2675 Nec
1991 2623 2162 2674 minor
2191 2630 2266 2674 est
2296 2621 2401 2673 illis
2434 2620 2679 2681 mundus,
2708 2635 2796 2671 nec
2824 2617 3016 2669 lumine
3046 2616 3191 2685 pejor
3218 2632 3237 2678 ;

1858 2691 1969 2745 Nec
1994 2708 2269 2745 numerosa
2298 2691 2468 2743 minus
2495 2698 2783 2742 nascuntur
2810 2688 2985 2741 sidera
3015 2688 3065 2738 in
3105 2685 3225 2739 orbe
3258 2700 3277 2737 :

1787 2801 1839 2845 et
1879 2792 1967 2844 alii
2001 2805 2232 2859 quorum
2262 2789 2499 2841 rationes
2535 2788 2681 2857 leges
2722 2787 2775 2838 in
2814 2785 2949 2839 locis
2976 2798 3005 2835 a
3031 2782 3187 2836 nobis
3227 2781 3349 2834 lau-

1787 2882 1948 2935 datis.
1976 2880 2100 2932 ch
2136 2896 2356 2949 namque
2383 2880 2576 2948 ﬁgura,
2601 2888 2660 2931 ut
2682 2875 2980 2929 aitPliuius
3006 2874 3097 2927 lib.
3122 2889 3180 2933 ιι.
3218 2888 3269 2927 c.
3292 2874 3349 2938 2,

1790 2974 2027 3027 omnibus
2058 2974 2168 3024 suis
2199 2972 2435 3039 partibus
2463 2970 2621 3037 vergit
2658 2971 2712 3021 in
2743 2984 2872 3029 sese,
2912 2982 2973 3018 ac
2994 2965 3092 3018 sibi
3113 2965 3229 3031 ipsa
3270 2973 3351 3016 to-

1788 3064 2008 3118 leranda
2058 3073 2154 3126 est,
2196 3079 2346 3131 seque
2402 3061 2642 3127 includit,
2686 3070 2735 3113 et
2792 3060 3038 3122 continet,
3079 3056 3351 3109 nullarum

1789 3172 1937 3227 egens
1970 3156 2353 3225 compaginum.
2408 3152 2518 3205 Nec
2562 3154 2717 3221 ﬁnem
2757 3161 2848 3203 aut
2885 3150 3201 3218 principium
3227 3146 3351 3201 ullis

1789 3249 1898 3301 suis
1915 3247 2154 3315 partibus
2194 3248 2441 3306 sentiens,
2473 3260 2562 3297 nec
2591 3244 2715 3311 quia
2739 3241 2806 3295 ad
2838 3252 3055 3301 motum,
3087 3257 3194 3309 qua
3226 3239 3351 3292 sub-

1789 3338 1907 3392 inde
1934 3340 2061 3392 verti
2112 3338 2392 3397 debeat,ut
2425 3350 2545 3390 mox
2584 3335 2872 3401 apparebit.
2912 3333 3036 3385 talis
3075 3331 3352 3398 aptissima

1788 3438 1884 3492 est,
1918 3429 2007 3482 sed
2039 3428 2308 3483 oculorum
2349 3442 2547 3496 quoque
2574 3424 2879 3492 probatione
2900 3421 3037 3491 quod
3075 3435 3350 3482 convexus,

1789 3520 2091 3589 mediusque
2140 3533 2442 3588 quacunque
2490 3525 2753 3578 cernatur,
2791 3530 2910 3566 cum
2952 3515 3006 3566 id
3044 3514 3275 3565 accidere
3298 3514 3355 3565 in

1790 3613 1900 3665 alia
1949 3629 2054 3665 non
2106 3611 2270 3675 possit
2304 3611 2495 3677 ﬁgura.
2542 3606 2606 3659 Et
2654 3605 2971 3659 Theodorus
3021 3603 3355 3657 Prodromus

1790 3701 1994 3771 Dialog.
2034 3701 2100 3753 (le
2133 3701 2293 3753 amic.
2328 3700 2512 3752 exsule
2546 3717 2557 3751 :
2594 3698 2663 3748 Ἢ
2696 3696 2775 3758 τίς
2813 3695 2901 3746 τὸν
2927 3696 3088 3764 εὐρὺν
3131 3693 3356 3763 οὐρανὸν

1791 3790 1885 3842 καὶ
1924 3791 2016 3843 τὸν
2050 3788 2219 3858 μέγαν
2267 3788 2550 3856 ἄκαμπτον
2597 3785 2723 3836 ὄντα
2770 3785 2828 3835 τὸ
2869 3788 2995 3851 πρὶν
3032 3782 3354 3850 εὐθυωρίαν,

1793 3881 1934 3951 ἀρχῇ
1971 3879 2233 3931 πυθέσθαι
2264 3876 2355 3930 τοῦ
2401 3878 2578 3943 λόγοις
2601 3875 2693 3928 τοῦ
2722 3874 2959 3945 φαμένου
3002 3872 3243 3942 ἔκαμψεν
3279 3876 3357 3936 εἰς

1792 3970 1888 4038 τὴν
1924 3971 2155 4038 σφαῖραν
2196 3969 2242 4018 εἰ
2271 3967 2343 4036 μὴ
2373 3964 2549 4034 milia;
2587 3960 2697 4018 οἷον
2726 3965 2833 4034 γὰρ
2862 3967 3033 4016 εἰπεῖν
3072 3964 3148 4025 ὡς
3190 3963 3356 4015 καλοῦ

1794 4061 1887 4111 καὶ
1918 4059 2144 4127 κοσμίου
2184 4058 2323 4128 ἐρῶν
2365 4057 2555 4109 ἑαυτοῦ
2590 4057 2724 4128 πρὸς
2768 4056 2963 4108 κύκλον
2993 4056 3355 4124 συνεστράφη,

1796 4147 1983 4198 ἑαυτὸν
2034 4145 2181 4214 αὐτῷ
2235 4144 2421 4213 φιλιῶν
2500 4144 2833 4213 πανταχόθεν
2901 4146 2992 4196 καὶ
3047 4144 3357 4196 παντάπασι

1798 4235 2281 4305 συμπερισφίγγων
2315 4237 2474 4305 μέρη,
2504 4234 2559 4287 lu
2583 4235 2725 4288 hanc
2754 4234 3078 4287 sententiam
3110 4233 3210 4301 legi
3237 4249 3360 4299 pos-

1798 4334 1925 4381 sunt
1959 4335 2012 4380 et
2042 4342 2163 4395 quae
2191 4326 2351 4379 habet
2380 4326 2627 4379 Clemens
2671 4324 2968 4386 Romanus,
2999 4323 3091 4376 lib.
3115 4338 3209 4375 vui
3260 4322 3361 4375 Re-

1799 4419 1992 4487 cognit.
2023 4416 2224 4471 Verum
2275 4418 2513 4485 antiquis
2554 4414 2810 4469 Patribus
2852 4416 3023 4468 mirus
3052 4415 3105 4466 in
3131 4414 3233 4466 hoc
3261 4413 3361 4466 fuit

1800 4525 2124 4572 consensus,
2168 4510 2364 4563 coelum
2408 4510 2618 4562 scilicet
2648 4522 2756 4561 nou
2793 4522 2916 4562 esse
2948 4506 3234 4560 rotundum
3266 4505 3360 4559 sed

1802 4602 1976 4654 instar
1994 4600 2240 4661 fornicis,
2264 4608 2321 4652 ut
2348 4598 2608 4652 habemus
2634 4598 2721 4651 hic
2742 4613 2805 4651 ex
2837 4604 3022 4650 nostro
3053 4594 3361 4657 Eustathio,

1786 4690 2035 4759 Basilio,
2093 4690 2482 4759 Chrysostomo
2544 4688 2689 4741 hom.
2757 4688 2823 4739 14
2887 4695 2939 4741 et
3000 4687 3064 4739 i7
3120 4686 3189 4738 ad
3248 4686 3359 4739 ﬂe-

1802 4781 1990 4843 brazos,
2032 4779 2358 4849 Augustino,
2388 4780 2422 4830 ι.
2457 4793 2496 4830 ιι
2546 4777 2622 4831 De
2659 4775 2844 4831 Cenes.
2883 4776 2950 4830 ad
2982 4778 3232 4839 litteram,
3265 4777 3359 4845 qui

1802 4879 1855 4926 et
1888 4873 2016 4925 alibi
2054 4872 2127 4924 ait
2158 4886 2216 4925 se
2248 4871 2515 4934 dubitare,
2551 4872 2632 4923 An
2658 4882 2799 4923 terra
2840 4870 2966 4924 cwlo
3004 4868 3227 4939 undique
3264 4870 3363 4921 cir-

1802 4963 2041 5032 cumfuso
2068 4963 2415 5016 contineatur.
2444 4961 2700 5030 Ejusdem
2727 4962 3009 5015 sententia:
3042 4960 3143 5013 fuit
3172 4968 3362 5013 auctor

1800 5055 1925 5109 libri
1974 5054 2411 5109 Christianorum
2456 5052 2772 5120 nuncupati,
2829 5061 2887 5104 ut
2933 5051 3097 5105 refert
3139 5049 3362 5104 Photius

1797 5145 1851 5197 in
1886 5143 2137 5197 Bibliolh.
2171 5144 2325 5196 :"Ott
2357 5143 2385 5193 ὁ
2412 5141 2633 5213 οὐρανὸς
2648 5143 2744 5193 οὑκ
2761 5141 2872 5193 ἐστι
2908 5139 3212 5211 σφαιρικὸς,
3242 5138 3362 5191 οὐδὲ

1799 5238 1830 5303 ἠ
1859 5236 1951 5305 γῆ,
1988 5234 2101 5287 ἀλλ’
2127 5237 2155 5287 ὁ
2190 5235 2289 5305 μὲν
2318 5234 2451 5287 ὡσεὶ
2480 5233 2727 5304 καμάρα,
2760 5234 2851 5302 ἠδὲ
2878 5232 3236 5303 ἑτερομήκης,
3270 5230 3363 5281 καὶ

1798 5327 2117 5397 κεκόλληται
2159 5327 2229 5380 τὰ
2258 5326 2468 5395 πέρατα
2489 5324 2584 5377 τοῦ
2622 5324 2847 5396 οὐρανοῦ
2882 5323 3017 5395 πρὸς
3044 5324 3111 5376 τὰ
3152 5321 3366 5393 πέρατα

1798 5421 1894 5488 τῆς
1916 5420 2036 5486 γῆς.
2072 5418 2390 5473 Theodorus
2417 5418 2541 5472 item
2568 5417 2862 5486 episcopus
2915 5412 3199 5468 Tarsensis
3232 5414 3265 5463 ι.
3298 5427 3366 5465 ιιι

1798 5508 1998 5562 Contra
2048 5508 2216 5563 fatum
2253 5509 2437 5563 multis
2477 5508 2579 5561 hoc
2618 5508 2761 5559 idem
2807 5505 3074 5575 capitibus
3112 5510 3363 5570 essequi-

1801 5608 1906 5666 tur,
1934 5608 1992 5653 ut
2024 5601 2253 5656 habetur
2284 5600 2424 5669 apud
2456 5600 2699 5655 Photium
2724 5618 2734 5651 :
2756 5599 2839 5653 'Ev
2867 5599 2923 5650 δὲ
2943 5596 3018 5666 τῷ
3047 5595 3212 5665 τρίτῳ
3242 5611 3360 5646 nsi».
