4042 6338
589 304 697 360 825

1926 308 2174 368 LEONIS
2208 308 2490 367 ΑιιΑτιι

3764 300 3870 361 an

590 437 621 475 a
664 419 772 476 Deo
819 428 1051 477 creatas.
1083 420 1240 487 Quod
1290 430 1471 479 tamen
1520 426 1756 497 esplicat
1803 426 1865 482 ο.
1913 424 2228 489 TbomasA
2256 440 2339 485 tes
2385 429 2552 483 hasce
2597 429 2851 485 tenebras
2896 444 3036 496 esse,
3060 428 3324 501 quoniam
3371 427 3456 482 b8
3496 439 3535 481 e
3571 422 3743 477 lucis
3784 432 3871 474 re-

590 513 764 582 prima
793 522 957 583 part.,
1004 521 1198 582 quaest.
1242 515 1294 578 5,
1335 522 1389 568 et
1432 516 1585 571 alibi.
1623 516 1825 573 Verum
1872 516 2015 573 hanc
2050 515 2161 571 Eu-

591 605 780 658 statbii
837 606 1164 659 sententiam
1234 607 1300 662 de
1347 608 1631 664 celerrima
1678 625 1741 665 ac
1780 618 2160 667 momentanea

592 696 731 750 lucis
786 697 1019 761 actione,
1054 714 1161 767 qua
1206 714 1331 753 sese
1376 700 1613 770 explicat
1646 702 1931 756 conﬁrmat
1966 710 2162 771 preter

592 784 851 838 Basilium
886 795 941 841 et
990 787 1362 854 Ambrosium,
1410 791 1581 847 Arist.
1623 793 1719 848 lib.
1763 810 1801 848 ιι
1853 792 1930 847 De
1968 796 2159 857 anim.,

592 885 701 929 tex.
748 876 834 941 70,
880 878 1113 948 aliisque
1160 888 1350 935 contra
1404 880 1809 950 Empedoclem,
1853 886 1945 954 qui
1985 886 2162 939 lucem

591 969 798 1023 moveri
828 970 1028 1024 aiebat.
1064 970 1197 1024 Nam
1226 973 1270 1025 si
1298 972 1551 1040 tra'jeetio
1584 974 1675 1027 illa
1711 990 1820 1029 non
1850 975 2000 1030 ﬁeret
2026 991 2163 1045 pun-

591 1069 683 1115 cto
706 1064 990 1130 temporis,
1023 1064 1203 1117 saltim
1232 1078 1385 1117 mora
1414 1064 1472 1117 in
1507 1079 1708 1135 magno
1737 1066 1957 1136 quidem
1986 1067 2164 1136 spatio

591 1153 1112 1223 deprehenderetur.
1148 1155 1303 1221 Quod
1344 1158 1511 1211 etiam
1553 1158 1753 1213 rationi
1784 1159 2040 1214 convenit
2067 1176 2165 1214 na-
2204 1220 2209 1225 γ

590 1252 837 1316 tur-atque
868 1247 1042 1316 ipsius
1072 1248 1233 1311 lucis,
1262 1263 1385 1301 cum
1418 1250 1507 1303 lux
1546 1246 1884 1307 centrarinm
1930 1266 2041 1306 non
2071 1252 2167 1306 ha.

592 1335 717 1389 beat
758 1355 772 1389 ε
812 1352 937 1391 nam
976 1345 1033 1392 et
1082 1340 1406 1396 substantia:
1434 1342 1573 1395 nihil
1600 1350 1686 1397 est
1713 1344 2069 1407 contrarium,
2112 1350 2170 1415 et

594 1427 722 1495 quia
774 1427 849 1481 ita
879 1427 1177 1484 edunditur
1228 1438 1288 1486 ut
1332 1447 1441 1486 non
1473 1432 1664 1488 eadem
1707 1432 1847 1489 lucis
1884 1434 2061 1503 portio
2099 1432 2168 1487 ab

594 1534 704 1574 una
728 1528 879 1590 parte
904 1520 958 1576 in
988 1521 1148 1576 aliam
1174 1530 1437 1587 transeat,
1471 1525 1632 1579 sicuti
1660 1526 1863 1581 accidit
1886 1526 1964 1581 rei
1989 1526 2168 1583 locum
2200 1560 2205 1565 ι

593 1610 853 1668 mutanti.
894 1627 1017 1681 quae
1066 1627 1174 1666 una
1220 1621 1384 1681 atque
1433 1614 1625 1670 eadem
1697 1615 1944 1685 singulas
1985 1622 2169 1685 partes

596 1702 757 1771 spatii
791 1702 1056 1765 decurrit,
1089 1706 1277 1774 eisque
1306 1707 1606 1761 secundum
1630 1723 1689 1762 se
1709 1706 2033 1776 respondet;
2062 1721 2170 1777 quo

2262 535 2419 576 oessu
2452 519 2780 583 elﬁciuntur,
2808 528 2863 575 et
2900 536 3021 577 cum
3057 538 3246 577 eorum
3278 528 3472 575 natura
3504 518 3573 570 in
3621 510 3871 567 luminis

2264 611 2567 681 privatione
2596 612 2700 666 sita
2730 612 2801 666 sit
2828 612 3045 682 proprie
3072 613 3379 668 eﬂ‘ectorem
3418 609 3609 663 Deum
3650 602 3870 658 babae

2261 716 2370 755 non
2415 711 2732 771 potuerunt,
2786 717 2908 755 cum
2957 700 3100 758 Deus
3128 702 3250 777 non
3294 702 3721 774 privationum.
3774 691 3871 746 εκ

2263 808 2445 847 rerum
2478 807 2600 861 qua
2634 808 2759 848 vere
2787 794 3062 848 exsistunt
3089 806 3279 849 auctor
3313 794 3407 855 sit,
3439 807 3569 862 qua
3621 784 3867 858 quidell

2263 884 2499 937 tenebrae
2524 885 2837 953 spectabilis
2857 884 3019 952 hujus
3048 885 3187 939 lueis
3218 886 3607 940 conditionem
3646 897 3686 933 e
3719 874 3874 931 Gra-

2263 987 2452 1028 corum
2496 958 2715 1028 Patrum
2741 973 3008 1029 sententia
3041 974 3474 1030 antecesserunt.
3514 971 3722 1025 Verba
3762 964 3869 1020 le-

2264 1064 2435 1121 thodii
2462 1075 2621 1122 sunt:
2647 1068 2798 1136 Ἐμοὶ
2823 1066 3161 1135 quantitate,
3179 1067 3272 1118 καὶ
3300 1066 3440 1135 πρὸς
3468 1064 3578 1134 ἐμὲ
3602 1064 3870 1121 totum

2238 1218 2241 1221 _
2264 1158 2358 1211 καὶ
2384 1162 2495 1222 τοῖς
2528 1161 2680 1229 ἐμοῖς
2707 1158 2965 1228 ἀθληταῖς
2994 1154 3350 1225 ἀνταγωνίζῃ.
3384 1155 3514 1209 Ποῦ
3541 1155 3620 1207 δὲ
3644 1150 3735 1222 ἧς
3771 1151 3876 1205 ὅτε

2240 1288 2243 1291 -
2265 1248 2378 1319 ἐγὼ
2399 1248 2513 1317 τὴν·
2540 1249 2659 1319 γῆν
2692 1248 3073 1320 είργαζόμηγ;
3094 1248 3177 1309 τίς
3200 1240 3271 1317 ἧς
3286 1247 3407 1298 τότε
3428 1264 3445 1310 ;
3485 1246 3666 1316 Ἤδη,
3707 1242 3877 1312 φησι,

2267 1336 2595 1404 ηπτώκεις.
2645 1342 2755 1395 Καὶ
2786 1343 2896 1415 γὰρ
2936 1342 2992 1394 ἑν
3020 1343 3085 1410 τῇ
3126 1340 3265 1409 ἀρχῇ
3309 1339 3406 1406 τῆς
3455 1336 3877 1407 κοσμοποιίαν

2268 1435 2492 1499 Σκότος
2516 1429 2614 1502 ἦν,
2660 1434 2858 1504 φησιν,
2903 1430 3103 1486 ἐπάνω
3139 1428 3250 1497 τῆς
3293 1430 3603 1490 ἀϐύσσου,
3662 1425 3883 1487 σκὸτας

2266 1523 2424 1599 τοῦτο
2445 1525 2508 1579 οὐ
2534 1524 2753 1597 κτισθὲν
2778 1523 2983 1587 σκότος,
3019 1520 3155 1575 ἀλλὰ
3179 1518 3587 1591 προαιρετικῶς
3614 1517 3883 1589 ἀρξάμε-

2269 1631 2358 1669 νον
2388 1604 2391 1611 ’
2426 1614 2615 1681 σκότος
2667 1617 2732 1686 τῇ
2790 1614 2884 1666 τοῦ
2949 1612 3124 1681 φωτὸς
3172 1613 3448 1681 στερήσει.
3496 1607 3577 1663 Ex
3649 1607 3882 1677 quibus

2268 1706 2452 1761 verbis
2523 1706 2797 1776 quomodo
2867 1705 3168 1759 Comitolus
3237 1702 3424 1758 eliciat
3488 1716 3617 1755 eam
3680 1698 3882 1753 fuisse

594 1793 655 1847 lit
696 1802 753 1847 ut
796 1809 940 1848 nunc
975 1796 1071 1850 has
1106 1813 1248 1850 nunc
1286 1798 1405 1854 illas
1447 1800 1801 1855 successione
1824 1798 2168 1855 decurrendo
2198 1788 2242 1845 Β
2268 1798 2527 1853 Methodii
2557 1801 2880 1853 sententiam
2925 1811 3086 1866 quam
3130 1794 3246 1866 ipse
3274 1792 3441 1849 refert
3472 1791 3739 1846 nondum
3790 1787 3881 1840 vi-

596 1899 778 1937 moras
810 1887 1012 1949 trahat,
1052 1894 1107 1951 et
1149 1895 1365 1957 tempus
1396 1897 1705 1943 consumat.
1752 1890 1933 1955 Quare
1964 1892 2169 1969 optime

595 1972 917 2029 Aristoteles
945 1976 1257 2045 opinionem
1286 1980 1619 2033 contrariam
1640 1980 1713 2031 ita
1736 1980 2037 2035 refellendo
2059 1982 2163 2036 ait;

594 2062 765 2117 Τοῦτο
791 2065 898 2135 γάρ
930 2067 1042 2120 ἐστι
1082 2069 1176 2121 καὶ
1218 2069 1366 2140 παρὰ
1402 2069 1499 2140 τὴν
1528 2071 1585 2121 ὲν
1620 2070 1700 2140 τῷ
1727 2069 1871 2139 λόγῳ
1912 2070 2169 2142 ἀλήθειαν

596 2157 691 2210 καὶ
730 2158 880 2226 παρὰ
912 2158 979 2211 τὰ
1008 2159 1326 2229 φαινόμενα.
1375 2159 1489 2215 lloc
1534 2160 1675 2215 idem
1722 2163 1961 2217 voluisse
2002 2160 2169 2215 Ploti-

595 2262 752 2308 num,
786 2248 878 2301 lib.
914 2266 983 2314 iv,
1008 2250 1254 2305 ‘Ennead.
1281 2252 1346 2323 6,
1394 2253 1671 2317 existimo,
1702 2269 1825 2306 cum
1864 2254 1931 2307 de
1964 2255 2170 2309 lumine

594 2340 762 2395 verba
809 2339 1015 2396 faciens
1064 2328 1252 2396 multis
1300 2343 1607 2399 rationibus
1650 2344 1948 2397 declaravit
1986 2344 2167 2398 lumen

593 2444 704 2482 non
738 2446 860 2484 esse
889 2432 1183 2508 divisibile,
1228 2444 1323 2488 aut
1363 2436 1644 2505 multiplex
1675 2448 1895 2507 propter
1922 2436 2169 2492 diversas

593 2526 803 2589 partes,
842 2521 937 2575 sed
970 2538 1091 2576 esse
1128 2532 1298 2577 totum
1342 2524 1394 2577 in
1431 2524 1673 2592 qualibet
1707 2534 1879 2595 parte,
1910 2526 2171 2593 quemad—

594 2611 814 2665 modum
858 2621 911 2666 ct
936 2614 1111 2668 virtus
1157 2615 1358 2669 rectrix
1387 2624 1499 2670 tota
1531 2626 1616 2672 est
1651 2618 1704 2671 in
1738 2618 1978 2687 qualibet
2016 2625 2171 2686 parte

595 2703 880 2773 ponderis,
915 2712 975 2758 et
1018 2706 1199 2759 anima
1244 2710 1512 2775 corporis.
1562 2707 1716 2772 Quod
1753 2710 1897 2761 enim
1932 2709 2168 2777 partium

598 2795 949 2851 successione
979 2811 1085 2849 non
1120 2796 1450 2859 extenditur,
1477 2812 1656 2866 neque
1684 2798 2034 2851 successione
2058 2812 2172 2851 mo-

594 2893 708 2947 tus,
746 2886 840 2940 sed
874 2895 1078 2956 puncto
1106 2889 1374 2957 temporis
1407 2904 1504 2964 per
1537 2904 1728 2944 omnes
1761 2898 1945 2961 partes
1973 2888 2170 2943 dill‘un-

593 2975 764 3033 ditur.

667 3066 919 3129 Col.709,
939 3067 1037 3122 lin.
1057 3069 1148 3124 55.
1165 3070 1285 3136 Πρό
1303 3073 1411 3139 γὰρ
1428 3072 1663 3125 τούτου.
1684 3070 1921 3125 Basilius
1936 3069 2082 3126 hom.
2100 3069 2169 3125 2:

594 3160 669 3213 Τδ
690 3158 800 3231 γὰρ
828 3160 1012 3224 σκότος
1040 3163 1137 3232 οὐχ
1166 3164 1241 3224 ὡς
1267 3163 1504 3231 πέφυκεν
1528 3164 1867 3233 ἐξηγοῦνται.
1894 3163 2031 3232 ἀέρα
2054 3162 2173 3216 τινὰ

594 3252 920 3319 ἀφώτιστον,
966 3252 998 3322 ἢ
1042 3255 1205 3307 τόπον
1247 3254 1304 3319 ἐξ
1353 3254 1722 3325 ἀντιφράξεως
1758 3253 2008 3323 σώματος
2040 3255 2174 3305 ἀπο-

597 3343 975 3415 σκιαζόμενον,
1024 3345 1055 3416 ἢ
1106 3346 1240 3409 ὅλως
1284 3347 1405 3398 καθ’
1450 3346 1734 3399 ὁποιανοῦν
1785 3346 1961 3397 αἰτίαν
2012 3345 2172 3396 τόπον

595 3437 773 3507 φωτὸς
801 3438 1182 3509 ἐστερημένον,
1218 3438 1351 3491 ἀλλὰ
1387 3438 1613 3508 δύναμιν
1648 3437 1843 3507 κακὴν,
1886 3437 2083 3506 μᾶλλον
2116 3437 2173 3489 δὲ

595 3528 728 3581 αὐτὸ
761 3529 821 3581 τὸ
843 3530 1010 3581 κακὸν
1040 3532 1170 3599 παρ’
1201 3528 1391 3582 ἑαυτοῦ
1432 3529 1527 3599 τὴν
1558 3528 1732 3600 ἀρχὴν
1767 3528 1909 3598 ἕχον,
1948 3538 2083 3595 elc.;
2121 3535 2174 3581 et

595 3616 828 3672 inferius
865 3638 877 3672 :
920 3619 1071 3671 Ἐπεὶ
1115 3616 1207 3672 οὖν
1240 3620 1455 3686 ἐγένετο
1484 3620 1729 3690 οὐρανὸς,
1768 3618 2171 3687 προστάγματι,

595 3708 732 3761 Θεοῦ
767 3710 977 3781 ἀθρόως
1011 3712 1325 3779 περιταθεὶς
1357 3715 1468 3773 τοῖς
1503 3712 1652 3773 ἐντὸς
1694 3710 1797 3762 ὑπὸ
1834 3711 1931 3778 τῆς
1969 3710 2173 3773 οἰκείας

598 3799 762 3859 αὐτοῦ
808 3803 1157 3873 περιφερείας
1208 3802 1655 3871 ἀπειλημμένοις,
1697 3802 1855 3871 σῶμα
1892 3802 2013 3871 ἕχον
2052 3818 2174 3854 συν-

597 3892 719 3960 εχὲς
755 3892 934 3943 ἱκανὸν
963 3891 1066 3945 τῶν
1106 3893 1209 3957 ἔξω
1245 3892 1528 3959 διαστῆσαι
1562 3893 1629 3943 τὰ
1660 3892 1821 3952 ἔνδον,
1864 3891 2173 3958 ἀναγκαίως

597 3982 689 4035 τὸν
716 3983 1170 4051 ἐναπολειφθὲντα
1209 3983 1354 4055 α)τῷ
1394 3984 1556 4035 τόπον
1594 3984 1807 4051 ἀφεγγῆ
1841 3984 2165 4050 κατέστησε,

594 4076 695 4147 τὴν
725 4074 921 4138 ἔξωθεν
948 4076 1120 4146 αὐγὴν
1142 4077 1421 4147 διακόῲας.
1450 4077 1589 4147 Τρία
1617 4076 1725 4147 γὰρ
1745 4076 1827 4128 δεῖ
1852 4075 2173 4143 συνδραμεῖν

596 4169 689 4221 ἐπὶ
720 4170 819 4237 τῆς
847 4170 1021 4232 σκιᾶς,
1054 4169 1114 4219 τὸ
1150 4169 1283 4236 φῶς,
1319 4170 1379 4220 τὸ
1415 4170 1591 4242 σῶμα,
1619 4169 1708 4221 τὸν
1735 4167 1961 4235 ἀλαμπῆ
1986 4167 2171 4219 τόπον.

596 4260 671 4312 Τὸ
718 4260 894 4312 τοίνυν
947 4260 1235 4329 ἐγκόσμιον
1284 4261 1469 4323 σκότος
1514 4263 1578 4331 τῇ
1623 4260 1751 4328 σκιᾷ
1792 4257 1881 4309 τοῦ
1922 4257 2170 4328 οὐρανίου

597 4348 847 4419 σώματος
890 4350 1233 4419 παρυπέστη.
1276 4348 1370 4403 llis
1402 4364 1643 4402 consona
1684 4356 1811 4402 sunt
1854 4362 1972 4413 quae
2010 4346 2172 4399 habet

2268 1885 2392 1953 deo,
2424 1903 2548 1943 cum
2578 1889 2746 1943 verba
2780 1886 3035 1942 Methodii
3076 1885 3224 1938 aliud
3273 1884 3532 1945 innuant,
3569 1895 3679 1935 nec
3733 1892 3877 1949 per-

2270 1980 2447 2049 plexe.
2486 1976 2701 2032 Etenim
2746 1978 2987 2033 tenebrat
3035 1976 3140 2030 illa:
3187 1989 3351 2045 super
3403 1972 3702 2043 abyssum,
3752 1981 3879 2022 non

2268 2062 2425 2125 erant
2474 2077 2671 2124 creatae
2715 2056 2974 2132 tenebrae,
3017 2066 3113 2123 sed
3156 2066 3337 2121 liberae
3383 2064 3520 2134 ipsa:
3559 2066 3883 2130 eruperunt

2268 2178 2393 2219 esse
2422 2163 2658 2217 tenebrae
2692 2162 2831 2218 lucis
2858 2157 3181 2232 privatione.
3218 2156 3373 2212 Unde
3411 2170 3549 2224 ergo
3588 2160 3701 2215 est,
3737 2151 3882 2203 illas

2271 2255 2477 2323 primas
2510 2254 2768 2308 tenebras
2816 2261 3092 2307 nostrates
3122 2252 3224 2305 has
3273 2247 3430 2303 esse?
3460 2244 3627 2299 Unde
3662 2255 3881 2296 eorum

2269 2344 2582 2400 eﬂ‘ectorem
2616 2342 2785 2399 Deum
2818 2358 2929 2397 non
2960 2342 3165 2397 fuisse?
3195 2339 3350 2394 Unde
3384 2335 3559 2390 Deum
3591 2348 3717 2387 non
3739 2346 3881 2386 esse

2270 2436 2669 2505 privationum,
2720 2433 2815 2489 sed
2864 2448 3049 2488 rerum
3092 2447 3214 2501 qua:
3259 2435 3477 2484 exstant
3527 2420 3878 2479 auctorem?

2270 2530 2353 2581 Au
2384 2543 2513 2582 vero
2546 2528 2635 2580 hic
2684 2525 2993 2581 Methodius
3047 2540 3157 2578 una
3190 2538 3314 2577 cum
3355 2519 3641 2575 Ludovico
3684 2515 3877 2570 Fideli

2272 2619 2473 2673 sentiat
2504 2619 2558 2671 in
2591 2618 2738 2671 notis
2782 2616 2848 2670 ad
2899 2616 3077 2686 ipsum
3123 2613 3453 2668 Methodium
3502 2610 3741 2680 planius
3770 2624 3880 2662 ex-

2272 2711 2631 2778 plicabimus;
2668 2717 2720 2762 et
2749 2724 2815 2761 an
2850 2708 2991 2761 idem
3036 2706 3281 2760 videatur
3320 2702 3562 2772 sensisse
3604 2698 3878 2752 Joannes

2272 2798 2401 2852 Pius
2437 2800 2489 2852 in
2541 2798 2820 2867 lleptaplo,
2858 2799 2953 2852 lib.
3004 2813 3102 2859 vn,
3147 2796 3310 2864 capit.
3344 2794 3369 2846 1
3407 2810 3421 2845 :
3464 2791 3634 2844 Terra
3681 2799 3911 2842 anteme

2271 2899 2386 2943 erat
2414 2891 2587 2942 inanis
2627 2898 2677 2943 et
2700 2905 2884 2952 vacua,
2918 2897 2967 2940 et
3000 2885 3221 2940 tenebrae
3262 2892 3419 2939 erant
3462 2897 3621 2949 super
3662 2882 3878 2949 faciem

2274 2979 2448 3049 abyssi
2470 2981 2609 3034 ¹⁰,-
2622 2978 2741 3033 Non
2762 2987 2901 3032 creat
2921 2977 3060 3030 Deus
3079 2977 3407 3036 inanitatem,
3422 2990 3524 3026 non
3540 2982 3698 3025 creat
3723 2981 3877 3035 lene-

2276 3071 2419 3132 bras,
2451 3072 2540 3125 sed
2565 3091 2583 3122 (
2608 3082 2767 3134 terra,
2785 3073 2973 3140 inquit,
2993 3070 3163 3123 inanis
3180 3077 3229 3122 et
3246 3067 3464 3121 tenebrae
3491 3074 3650 3119 erant
3670 3079 3693 3126 ;
3725 3079 3877 3117 anon

2277 3163 2405 3217 dicit
2436 3165 2545 3218 hwc
2576 3164 2738 3230 fuisse
2769 3171 2967 3226 creata,
3005 3161 3095 3215 sed
3134 3160 3317 3229 fuisse.
3352 3157 3415 3211 Et
3449 3158 3641 3225 paucis
3680 3158 3876 3209 inter-

2272 3255 2456 3324 jectis,
2494 3252 2675 3323 Neque
2713 3254 2823 3306 haec
2869 3253 2992 3321 fecit
3023 3250 3185 3313 Deus,
3234 3249 3324 3305 sed
3350 3248 3575 3301 hominis
3608 3248 3879 3309 malitia,

2277 3347 2366 3415 qui
2390 3345 2561 3398 volens
2606 3360 2659 3397 se
2698 3343 2778 3396 his
2822 3342 2971 3396 bonis
3001 3341 3241 3409 privavit,
3274 3338 3461 3409 quibus
3507 3339 3667 3389 illum
3717 3337 3879 3391 Deus

2276 3436 2555 3489 ditaverat.
2607 3433 2743 3487 Sunt
2770 3437 2859 3503 qui
2915 3433 3019 3486 hoc
3067 3432 3188 3485 loco
3225 3429 3571 3485 tenebrarum
3622 3429 3881 3482 nomine

2277 3543 2416 3598 quos
2462 3526 2771 3581 Ludovicus
2831 3525 3036 3579 Fidelis
3073 3522 3170 3577 lib.
3206 3537 3245 3577 ιι
3286 3521 3362 3575 De
3408 3519 3589 3573 mundi
3627 3530 3879 3583 struct.,

2277 3634 2399 3688 cap.
2438 3619 2467 3670 7
2500 3626 2552 3671 et
2584 3618 2635 3679 8,
2668 3633 2774 3671 non
2817 3616 3107 3684 improbat,
3150 3628 3329 3668 aerem
3367 3611 3744 3680 caliginosum
3786 3616 3883 3665 lu-

2278 3711 2424 3764 mine
2472 3710 2791 3763 destitutum
2856 3706 3081 3775 intelligi
3131 3705 3328 3767 velint,
3387 3718 3453 3757 ex
3504 3717 3610 3771 quo
3665 3703 3879 3773 angeli

2276 3815 2431 3853 suum
2455 3799 2631 3853 SOl'llll
2663 3806 2791 3852 sunt
2819 3804 3018 3855 ortum,
3040 3810 3165 3848 nam
3199 3803 3258 3848 υι
3282 3810 3346 3848 CX
3371 3793 3499 3847 limo
3531 3800 3699 3846 ιεπεε
3738 3801 3879 3847 tan-

2276 3908 2435 3960 quam
2472 3891 2792 3959 praejaeente
2819 3888 3045 3942 materia
3064 3887 3359 3949 hominem,
3400 3885 3479 3939 sic
3505 3901 3571 3937 ex
3603 3899 3741 3939 aere
3772 3901 3874 3938 ca-

2276 3986 2506 4054 liginoso
2566 3984 2728 4037 veluti
2792 3983 3109 4051 subjacente
3160 3977 3557 4033 substerniculo
3616 3979 3871 4046 angelos

2276 4076 2445 4129 Deum
2506 4075 2817 4129 condidisse
2865 4074 3237 4137 arbitrantur,-
3285 4069 3437 4123 Pauli
3488 4068 3869 4123 fundamento

2275 4166 2469 4229 innixi,
2503 4166 2768 4219 dicentis:
2797 4164 3059 4228 Quoniam
3082 4160 3351 4230 Deus,qui
3373 4161 3507 4213 dixit
3536 4160 3599 4211 de
3618 4160 3866 4213 tenebris

2275 4260 2440 4311 lucem
2489 4256 2870 4323 splendescere,
2918 4257 3027 4323 ipse
3068 4254 3247 4307 illuxit
3278 4254 3331 4305 in
3361 4251 3602 4305 cordibus
3643 4254 3864 4305 nostris

2275 4350 2344 4402 ad
2390 4349 2826 4401 illumiualionem
2868 4348 3100 4401 scientia:
3147 4346 3411 4398 claritatis
3454 4343 3551 4396 Dei
3596 4345 3649 4395 in
3711 4344 3866 4410 facie

594 4437 831 4494 Joannes
854 4438 1184 4503 ΡΙιὶΙομοηιιε
1216 4439 1267 4491 in
1302 4438 1554 4492 Ilexaem.
1591 4422 1860 4494 referente
1889 4436 2084 4489 letio
2117 4436 2169 4487 in
2203 4462 2247 4515 Β
2277 4440 2474 4494 Christi
2523 4440 2647 4492 Jesu
2694 4441 2757 4492 ¹¹.
2808 4438 2950 4492 Deus
2985 4439 3150 4503 enim,
3178 4437 3272 4505 qui
3308 4436 3445 4489 dixit
3487 4435 3551 4488 de
3598 4435 3862 4492 tenebris

595 4530 849 4585 Biblioth.
869 4544 887 4581 :
918 4530 1026 4582 Kal
1055 4530 1273 4595 σκότος
1304 4528 1503 4581 ἐπάνω
1532 4527 1640 4594 τῆς
1656 4529 1952 4580 ἀϐύσσου·
1982 4525 2042 4579 τὸ
2072 4524 2171 4595 μὲν

595 4623 741 4693 ὕδωρ
770 4621 1001 4675 ἄϐυσσον
1044 4620 1230 4683 εἰπὼν,
1277 4619 1337 4671 τὸ
1376 4620 1432 4671 δὲ
1484 4619 1673 4681 σκότος
1724 4618 1814 4670 τὸν
1866 4616 2168 4685 ἀφώτιστον

595 4716 750 4785 ἀέρα.
801 4714 911 4767 Καὶ
960 4712 1067 4783 γὰρ
1111 4712 1309 4784 κυρίως
1358 4710 1546 4773 σκότος
1590 4710 1737 4761 ἐστι»)
1786 4711 1819 4778 ἡ
1857 4708 1949 4761 τοῦ
1993 4707 2168 4776 φωτὸς

594 4804 849 4858 ἀπουσία.
905 4804 1015 4857 Καὶ
1073 4804 1327 4873 συνήθεια
1379 4801 1435 4854 δὲ
1488 4802 1675 4864 σκότος
1725 4802 1814 4853 τὸν
1866 4800 2165 4868 ἀφώτιστον

594 4898 741 4965 λέγει
787 4896 944 4966 ἀέρα,
998 4896 1114 4966 ἤτοι
1163 4895 1222 4947 τὸ
1274 4894 1583 4962 νυκτερινὸν
1641 4891 1733 4943 τοῦ
1790 4892 1949 4961 ἀέρος
1993 4891 2165 4944 κατά-

597 5007 819 5059 στημα,
875 4989 907 5059 ἢ
960 4989 1054 5041 καὶ
1110 4987 1171 5039 τὸ
1228 4987 1401 5061 (illo);
1456 4987 1573 5047 πῶς
1635 4984 1946 5055 συμϐαῖνον.
2009 4984 2168 5039 Certe

593 5082 837 5136 notanda
891 5088 975 5135 est
1020 5080 1293 5133 sententia
1353 5078 1609 5131 Methodii
1666 5093 1830 5146 super
1878 5078 1988 5131 illis
2042 5092 2167 5130 ver—

594 5174 682 5227 bis
737 5172 858 5237 Job,
917 5171 1015 5225 Ubi
1071 5187 1364 5234 eras,cum
1415 5170 1695 5237 [und/irem
1748 5186 1838 5238 ego
1896 5168 2172 5223 terram’?

596 5268 697 5332 Qui
759 5274 939 5336 negat,
988 5275 1047 5319 ut
1103 5266 1379 5319 existimat
1424 5263 1626 5317 Paulus
1684 5263 2004 5328 Comitolus,
2068 5264 2169 5317 has

594 5360 849 5413 tenebras
905 5358 1156 5411 conditas
1218 5356 1410 5418 fuisse,
1474 5365 1528 5408 et
1601 5356 1854 5410 tenebras
1917 5370 2035 5425 quae
2095 5355 2172 5408 illi

592 5451 827 5505 horridae
875 5461 1037 5521 atque
1087 5452 1372 5517 incomptre
1419 5463 1601 5500 rerum
1659 5450 1902 5499 omnium
1936 5447 2063 5499 moli
2116 5447 2171 5499 in

595 5542 766 5611 prima
810 5543 996 5596 mundi
1031 5541 1438 5605 constitutione,
1470 5548 1624 5593 erant
1651 5539 1918 5603 obductae,
1957 5544 2174 5593 nostra-

671 5722 691 5759 ν
736 5718 833 5787 ,ἶρίν
871 5734 1109 5783 XSXHH,
1149 5718 1199 5772 ι.
1281 5720 1321 5752 ¹⁰
1363 5717 1487 5773 Gen.
1525 5719 1664 5785 1,2.

1752 5718 1790 5748 ¹¹
1833 5715 1874 5769 ll
1916 5716 2038 5771 Cor.
2082 5734 2154 5785 iv,
2193 5714 2248 5771 6.

2279 4533 2454 4585 lucem
2490 4530 2889 4599 splendescere,
2924 4530 2970 4584 is
3000 4538 3102 4594 est,
3149 4530 3243 4597 qui
3282 4530 3350 4582 de
3394 4527 3634 4582 tenebris
3664 4526 3857 4593 dixit,

2278 4623 2409 4677 Fiat
2444 4628 2555 4686 lux,
2580 4633 2628 4676 et
2662 4625 2805 4686 facta
2826 4634 2904 4677 est
2922 4624 2985 4676 ¹¹.
3005 4622 3062 4675 Id
3083 4629 3257 4675 autem
3276 4620 3497 4690 intelligi
3528 4635 3635 4672 non
3662 4628 3863 4688 potest

2277 4718 2344 4772 de
2371 4717 2605 4787 simplici
2640 4717 2862 4770 luminis
2902 4715 3167 4776 carentia,
3197 4714 3454 4782 quoniam
3502 4728 3564 4765 ex
3607 4712 3711 4765 hoc
3748 4728 3860 4769 ne-

2275 4811 2393 4881 quit
2427 4810 2720 4879 quidquam
2757 4808 2912 4872 oriri,
2950 4816 3002 4861 et
3029 4806 3261 4875 proinde
3292 4820 3415 4857 cum
3441 4804 3582 4858 dicat
3614 4802 3856 4871 Paulus,

2274 4904 2338 4956 de
2399 4902 2617 4955 tenebris
2667 4901 2832 4953 lucem
2883 4898 3271 4967 splendescere,
3319 4904 3528 4967 oportet
3584 4895 3856 4952 tenebras

2274 4997 2421 5066 ipsas
2478 4996 2624 5050 unde
2679 4995 2771 5048 lux
2829 4991 3055 5062 prodeat
3109 4988 3315 5060 aliquid
3373 5004 3512 5045 esse.
3566 4988 3637 5049 At
3682 4990 3849 5058 quid,

2277 5105 2480 5159 quatso,
2511 5085 3224 5161 existimas-hujuscemodi
3258 5084 3512 5138 tene-bras
3552 5096 3695 5142 esse,
3734 5083 3849 5137 nisi

2270 5196 2446 5235 aerem
2481 5181 2658 5249 ipsum
2698 5176 2941 5231 tenebris
2964 5176 3221 5243 obsitum,
3255 5175 3350 5230 sed
3392 5172 3614 5227 luminis
3644 5188 3844 5226 susce-

2270 5272 2515 5339 ptivum?
2538 5270 2679 5338 quod
2712 5268 3033 5337 perpulchre
3072 5266 3157 5320 bis
3179 5265 3358 5320 verbis
3381 5264 3620 5319 insinuat
3641 5260 3843 5328 Isaias,

2270 5362 2543 5429 inquiens,
2569 5360 2679 5430 Ego
2707 5359 2986 5419 Dominus,
3020 5367 3067 5410 et
3089 5374 3191 5410 non
3219 5365 3294 5410 est
3325 5356 3460 5408 alter
3482 5353 3720 5423 formans
3756 5352 3842 5407 lu-

2271 5466 2377 5503 cem
2395 5460 2441 5503 et
2469 5467 2650 5503 creans
2677 5450 2912 5524 tenebras
2942 5448 3014 5508 ‘3;
3046 5448 3264 5501 nomine
3285 5452 3462 5499 autem
3490 5442 3837 5497 tenebrarum

2274 5538 2377 5591 hoc
2412 5540 2532 5591 loco
2564 5538 2773 5606 aliquid
2808 5537 3099 5607 positivum
3139 5534 3545 5607 intelligendum
3570 5538 3676 5587 est.
3715 5528 3835 5586 Non

2328 5716 2367 5746 ¹²
2410 5714 2536 5771 Cen.
2575 5732 2621 5783 ι,
2658 5716 2707 5769 5.
2794 5716 2834 5749 υ
2877 5713 2990 5770 Ιςα.
3027 5730 3147 5778 nv,
3187 5713 3237 5764 7.
