4042 6338
102 378 217 435 325

1095 378 1162 433 1N
1193 376 1568 436 EUSTATHII
1605 380 2084 435 HEXAEMERON
2124 379 2354 437 ποτε.

3237 377 3343 437 896

97 493 259 549 enim
292 493 511 549 luminis
549 490 847 547 carentiam
888 489 1099 549 creavit
1137 492 1301 548 Deus.
1338 490 1465 547 Haec
1498 503 1677 548 tamen

1805 494 1899 546 δίου
1944 497 2303 563 γενησόμενον
2352 492 2667 563 ὑπερόριον,
2722 492 2923 563 μηδένα
2964 491 3021 545 δέ
3069 491 3160 545 τόν
3203 493 3346 562 μετὰ

96 584 302 653 opinio
344 584 569 638 minime
610 580 889 650 probanda
938 580 1177 647 videtur,
1225 583 1313 638 vel
1355 598 1423 638 ex
1466 598 1531 639 eo
1564 585 1680 638 solo

96 672 259 742 quod
296 672 523 742 angelis,
563 669 656 739 qui
684 677 815 723 sunt
854 669 975 737 puri
1004 671 1234 740 spiritus
1268 672 1419 725 nullo
1456 686 1682 740 corpore

96 760 400 823 obstricti,
457 755 741 813 materiale
788 755 1114 827 principium
1170 760 1393 825 tribuat,
1451 761 1682 830 indeque

91 864 513 921 eoscorporeos
542 848 951 918 materialesque
976 850 1193 904 el'liciat.
1217 848 1334 904 Add
1345 889 1387 914 υ,
1422 850 1551 905 hinc
1575 867 1682 905 non

98 937 279 992 simul
312 951 434 991 cum
468 935 611 990 cosio
658 943 713 991 et
744 944 893 991 terra
923 938 1099 1007 angeli
1147 936 1403 1007 producti
1435 937 1684 993 referun-

96 1038 217 1089 tur.
255 1028 354 1085 sed
381 1036 502 1098 post
533 1027 655 1087 cmli
681 1038 733 1083 et
755 1034 915 1083 terra:
942 1028 1295 1083 creationem.

172 1121 305 1174 Col.
335 1119 459 1186 709,
492 1118 587 1173 lin.
615 1118 703 1173 58.
747 1118 1005 1183 Ἕξωθεν
1032 1118 1101 1171 δὲ
1133 1117 1238 1171 τοῦ
1261 1119 1542 1185 οὐρανοῦ.
1572 1120 1686 1173 Me-

99 1211 342 1266 thodius
374 1210 655 1282 presbyter
688 1204 1241 1280 Hierosolymitanus,
1289 1219 1426 1264 orat.
1475 1211 1531 1262 in
1573 1209 1688 1278 Hy-

98 1311 420 1371 papantem,
452 1303 569 1357 sive
612 1298 935 1357 Timotheus
979 1299 1083 1354 sub
1120 1298 1278 1366 cujus
1312 1298 1528 1353 nomine
1575 1298 1687 1352 haec

100 1396 295 1449 oratio
332 1394 622 1465 praeteritis
673 1393 835 1447 annis
876 1393 1035 1446 initio
1080 1391 1273 1445 mutila
1318 1405 1518 1445 excusa
1581 1400 1685 1457 est,

100 1500 276 1555 quam
302 1484 561 1554 integram
578 1483 800 1552 suisque
822 1482 1067 1551 partibus
1096 1481 1402 1535 absolutam
1424 1480 1544 1544 tibi,
1574 1482 1689 1535 lec-

102 1583 214 1637 tor,
256 1588 368 1627 una
401 1589 524 1627 cum
560 1574 684 1627 aliis
714 1570 1117 1626 Methodiorum
1143 1569 1445 1639 opusculis,
1465 1578 1519 1624 et
1548 1568 1691 1638 lrag-

101 1666 335 1728 mentis,
352 1664 463 1720 Deo
478 1664 659 1727 dante,
681 1677 842 1733 quam
859 1662 1096 1732 primum
1113 1662 1366 1715 dabimus
1407 1680 1421 1716 :
1445 1662 1493 1715 is
1511 1661 1693 1731 itaque

102 1756 175 1810 de
192 1756 307 1811 hoc
324 1754 515 1810 eodem
535 1755 741 1808 lumine
759 1766 1065 1807 sermonem
1084 1766 1253 1821 agens
1271 1750 1345 1804 ita
1362 1750 1644 1805 exorditur
1676 1770 1688 1803 :

1780 584 1952 637 ταῦτα
2002 585 2303 654 ἀνθρώπων
2343 582 2601 654 μέλλοντα
2649 584 2810 638 πάλιν
2854 584 3092 654 οἰκήσειν
3145 583 3344 647 αὑτόν;

1782 675 1845 728 Ei
1876 673 1983 743 γὰρ
2014 674 2241 739 ἕκαστος
2286 673 2517 728 καὶτῶν
2560 674 2799 738 εόσεδῶςν
2842 673 3198 744 βεϐιωκότων,
3251 675 3349 727 καὶ

1783 762 1890 816 τῶν
1917 763 2189 826 δυσσεὸὦς
2221 761 2710 831 πολιτευσαμένων,
2750 762 2886 831 μετὰ
2910 761 2970 815 τὸ
3004 762 3218 816 στάδιον
3249 760 3348 814 τοῦ

1784 853 2048 923 παρόντος
2076 853 2189 922 βίου
2225 854 2360 926 πρὸς
2397 854 2458 906 τὸ
2489 853 2563 923 μὴ
2608 852 2667 905 δν
2698 852 3006 919 ἀναλύεται,
3047 853 3140 905 καὶ
3171 852 3347 917 οὐδεὶς

1783 947 1883 998 οὐκ
1908 944 1988 998 ἔτι
2019 946 2280 1016 διαμένει,
2310 946 2451 999 ὥστε
2485 944 2578 999 καὶ
2606 945 2935 1015 παράδεισον
2971 944 3347 1015 κληρονομεῖν,

1785 1037 2004 1107 καὶτῆς
2042 1038 2099 1089 ἐν
2138 1035 2286 1106 αὐτῷ
2314 1036 2523 1107 τρυφῆς
2567 1032 2859 1088 ἀπολαύειν
2905 1035 3054 1103 ἱερᾶς
3078 1050 3090 1063 ·
3127 1031 3243 1095 πῶς
3285 1032 3352 1085 ού

1791 1126 1967 1197 μάτην
2017 1123 2178 1178 αὑτὸν
2222 1122 2544 1193 γεγενῆσθαι
2600 1123 2635 1193 ἠ
2684 1121 2902 1191 τοιαύτη
2950 1120 3216 1189 ἀγνώμων
3256 1119 3355 1174 καὶ

1786 1215 2048 1285 δυσσεϐὴς
2069 1204 2334 1284 ὑπόληψις
2366 1214 2652 1283 ἀποφανεῖ,
2684 1214 2777 1267 καὶ
2806 1212 2893 1266 διὰ
2912 1211 3014 1279 τῆς
3045 1212 3127 1274 εἰς
3153 1212 3357 1264 ἐκεῖνον

1789 1308 1997 1379 ὕϐρεως
2011 1306 2101 1359 τὸν
2126 1306 2301 1359 κοινὸν
2316 1304 2582 1375 ἐξυϐρίσει
2597 1303 2951 1375 δημιουργὸν,
2971 1303 3159 1355 ἐκεῖνα
3176 1299 3354 1371 πράτ-

1788 1418 1903 1453 τειν
1941 1399 2282 1469 κατηγορῶν,
2319 1398 2354 1451 ἃ
2391 1399 2525 1469 μηδὲ
2566 1398 2783 1469 μέτριος
2826 1398 2891 1451 ἄν
2910 1412 2994 1458 τις
3012 1394 3363 1465 διαπράξοιτο

1789 1491 1928 1561 ἀνήρ
1957 1507 1971 1554 ;
2011 1488 2115 1545 Sed
2134 1488 2452 1543 Eustathius
2469 1503 2675 1558 magna:
2695 1488 2951 1542 Ecclesia:
2968 1485 3252 1555 presbyter
3270 1497 3363 1538 eo-

1792 1579 1915 1633 dem
1936 1577 2129 1632 Photio
2148 1576 2414 1632 referente
2429 1592 2527 1646 pro
2544 1576 2766 1635 veritate
2782 1582 2997 1645 sumpta
3015 1573 3364 1631 conmutiono

1792 1670 2061 1740 probavit,
2093 1668 2215 1721 Ὀτι
2240 1672 2377 1738 μετὰ
2404 1667 2502 1738 τὴν
2532 1665 2850 1735 ἀπαλλαγὴν
2877 1664 2971 1718 τοῦ
2998 1664 3249 1733 σώμαιος
3267 1662 3367 1715 αύ-

1793 1760 1920 1814 τίκα
1964 1759 2279 1830 εύεργοῦσιν
2323 1760 2379 1811 αἱ
2411 1756 2520 1810 τῶν
2562 1757 2735 1825 ἁγίων
2762 1755 2949 1825 ψυχαί.
3000 1754 3074 1807 Οὐ
3128 1751 3367 1823 μόνονᾶ

102 1848 291 1911 Μόνος
303 1849 360 1900 ὲν
372 1844 886 1915 ἀνθρώτωιςτέλειος
904 1842 999 1897 ἄνθ
1009 1859 1186 1912 ρωπος
1202 1843 1230 1895 ὁ
1246 1841 1341 1913 τῆς
1356 1841 1695 1911 δικαιοσύνης
1725 1843 1767 1896 Β
1794 1851 1901 1904 τῶν
1928 1852 2117 1919 ἁγίων,
2152 1850 2287 1903 ἀλλὰ
2317 1849 2411 1903 καὶ
2431 1846 2618 1910 ἁπλῶς
2639 1848 2780 1901 κατὰ
2812 1847 2908 1916 τὴν
2931 1844 3135 1898 οἰκείαν
3160 1844 3370 1914 ἑκάστῃ

105 1940 239 2011 περὶ
291 1937 487 1991 πολλοῦ
518 1936 797 2006 τιθέμενος
849 1935 1055 2005 κτῆμα.
1105 1933 1395 2003 ’Δείφωτον
1431 1935 1539 2007 γὰρ
1583 1937 1695 1997 τοῖς

103 2022 566 2097 δικαιοπραγοῦσι
613 2028 673 2079 τὸ
703 2026 806 2096 τῆς
840 2024 1188 2095 δικαιοσύνης
1223 2027 1409 2096 κτῆμα
1454 2027 1595 2079 κατὰ
1636 2028 1698 2079 τὸ

104 2116 324 2186 φάσκον
373 2117 513 2170 θεῖον
569 2118 762 2189 ῥητόν·
814 2114 945 2183 Φῶς
983 2114 1237 2182 δικαίοις
1297 2116 1396 2170 διὰ
1451 2121 1695 2202 παντός.

103 2208 273 2279 Ποῖον
305 2208 453 2277 φῶςς
489 2209 563 2261 Οὐ
595 2209 655 2261 τὸ
690 2208 845 2261 νυκτὶ
877 2206 1298 2277 διαμαχόμενον,
1331 2208 1424 2260 καὶ
1445 2206 1701 2278 ἡλιακαῖς

105 2301 295 2353 ἀκτῖσι
352 2299 630 2355 διπλάσιον
698 2300 1121 2371 εὑρισκόμενον,
1179 2297 1275 2350 καὶ
1332 2297 1410 2369 τῷ
1476 2300 1700 2369 παρόντι

106 2392 269 2444 αίῶνι
316 2391 392 2454 ὡς
433 2391 752 2462 προσκαίρῳ
784 2390 1221 2461 συντριϐόμενον.
1270 2387 1401 2455 Φῶς
1453 2389 1701 2456 δικαίοις

110 2482 210 2537 διὰ
243 2484 487 2548 παντός,
527 2484 682 2536 Ποῖον
723 2482 872 2551 φῶςς
920 2483 995 2535 Τὸ
1034 2482 1291 2536 ἐπέκεινα
1322 2484 1429 2537 τῶν
1457 2483 1699 2553 οὐρανῶν

110 2573 489 2644 αὑλιζόμενον,
517 2577 611 2627 καὶ
648 2574 709 2626 τὸ
731 2572 1036 2642 δεσποτικῷ
1067 2572 1242 2643 θρόνῳ
1275 2575 1698 2645 παριστάμενον.

114 2668 297 2736 Ὅπερ
342 2669 371 2719 ὁ
412 2666 617 2729 δίκαιος
653 2665 900 2736 Ἀϐραὰμ
930 2666 1190 2733 ἐννοήσας
1229 2666 1353 2726 τοὺς
1386 2665 1532 2735 αύτῷ
1573 2683 1700 2734 προ-

112 2758 439 2826 δεχομένους
486 2757 872 2828 προσδέχεται,
916 2757 1044 2819 τοὺς
1082 2756 1139 2809 δὲ
1183 2758 1258 2829 μὴ
1308 2755 1583 2819 τοιούτους
1624 2756 1704 2825 τῷ

115 2847 351 2914 άφεγγεῖ
374 2849 473 2917 τῆς
502 2846 713 2910 δικαίας
754 2847 1052 2917 καταδίκης
1091 2849 1276 2919 χωρίῳ
1318 2846 1701 2918 παραπέμπει.

117 2935 217 2989 Διὰ
244 2935 405 2989 τοῦτο
453 2937 721 3008 κέκραγεν
750 2938 779 2989 ό
829 2938 1048 3007 κράζων
1076 2956 1091 2968 ⁸
1151 2938 1281 3004 Φῶς
1307 2937 1557 3003 δικαίοις
1609 2936 1707 2989 διὰ

120 3029 371 3093 παντός.
423 3028 553 3094 Φῶς
584 3028 652 3081 δὲ
682 3026 918 3081 ἀσεϐῶν
954 3030 1300 3083 σϐέννυται.

190 3119 356 3183 lhid.,
384 3120 477 3173 lin.
510 3121 599 3173 41.
619 3123 722 3185 Εἰς
746 3120 777 3174 ὃ
807 3121 903 3173 καὶ
926 3122 978 3174 οἱ
993 3110 1556 3186 καλῶς-βιώσοντες.
1568 3118 1710 3190 Ergo

126 3213 313 3266 statim
346 3222 471 3281 post
498 3212 661 3280 h‘ujus
690 3213 814 3267 vita:
841 3214 1137 3267 terminum
1165 3220 1482 3267 sanctorum
1512 3213 1706 3266 animre

126 3302 184 3357 in
236 3304 580 3373 sempitemre
624 3304 761 3358 lucis
801 3304 1105 3358 claritatem
1138 3304 1349 3367 delatae,
1395 3304 1567 3374 gloria
1601 3304 1707 3359 sibi

129 3392 312 3448 debita
357 3391 715 3462 perfruuntur
752 3393 1119 3463 felicitateque
1168 3393 1435 3448 immensa
1482 3393 1705 3462 potiun-

133 3492 241 3538 tur.
278 3483 394 3538 Hoc
425 3485 573 3539 enim
618 3493 860 3555 tempore
890 3484 985 3555 qui
1033 3485 1171 3538 bene
1215 3493 1511 3553 sancteque
1539 3486 1706 3539 vitam

136 3575 409 3629 duxerunt
441 3575 509 3628 ab
539 3589 602 3629 ea
633 3574 889 3629 illustrati
939 3575 1254 3644 quiescunt,
1306 3588 1405 3627 nec
1440 3572 1588 3626 aliud
1614 3590 1709 3628 ex-

136 3673 409 3735 spectant.
444 3665 600 3730 Quod
625 3664 1072 3720 manifestissime
1105 3664 1383 3733 colligitur
1414 3679 1480 3717 ex
1527 3664 1709 3719 verbis

139 3753 203 3806 ad
236 3770 357 3825 qua:
382 3753 757 3807 conﬁrmanda
792 3767 902 3805 non
946 3760 1030 3806 est
1063 3766 1202 3820 opus
1237 3751 1326 3804 hic
1371 3750 1710 3821 reliquorum

136 3842 359 3898 Patrum
411 3843 714 3898 sententias
777 3842 1042 3898 intexere.
1096 3842 1475 3899 Theodoretus
1517 3843 1612 3897 lib.
1656 3860 1712 3897 1x

141 3935 216 3990 De
249 3936 424 4005 aﬂ'ect.
462 3934 658 3998 Grazc.,
693 3935 748 3988 in
780 3934 906 3999 line,
953 3936 1051 3988 Ἐν
1081 3934 1162 3999 τῷ
1185 3936 1391 4004 κόσμῳ
1422 3937 1555 4004 γὰρ.
1582 3935 1709 4006 ἔφη,

142 4027 348 4094 θλίψιν
375 4026 563 4095 ἔχετε,
594 4026 692 4079 καὶ
730 4025 1011 4095 μακάριοί
1037 4027 1205 4091 ἐστε,
1226 4026 1373 4080 ὅταν
1412 4026 1714 4081 ὀνειδίσω-

142 4138 243 4175 σιν
266 4122 443 4193 ὑμᾶς,
481 4123 579 4177 καὶ
608 4122 884 4187 διώξωσι,
920 4122 1020 4175 καὶ
1060 4124 1274 4177 εἴπωσι
1299 4123 1423 4179 πᾶν
1446 4125 1715 4191 πονηρὸν

136 4212 299 4283 ῥῆμα
342 4216 469 4267 καθ’
492 4213 660 4282 ὑμῶν
682 4213 891 4267 ἕνεκεν
914 4214 1079 4283 ἐμοῦ.
1111 4216 1372 4282 Χαίρετε,
1404 4216 1503 4269 καὶ
1531 4217 1716 4284 ἀγαλ-

143 4301 372 4364 λιᾶσθε,
391 4303 479 4356 ὅτι
504 4306 537 4356 ό
547 4302 764 4372 μισθός
778 4304 943 4372 ὑμῶν
962 4304 1155 4368 πολὺς
1175 4306 1244 4357 ἐν
1268 4306 1392 4371 τοῖς
1414 4306 1710 4374 οὐρανοῖς.

144 4394 251 4447 Καὶ
290 4396 418 4457 τοὺς
448 4395 543 4463 μὲν
574 4394 767 4455 πόνους
802 4394 897 4445 καὶ
940 4394 1216 4456 κινδύνους
1245 4393 1519 4459 ὑπέδειξεν
1554 4394 1623 4447 τὰ
1657 4395 1714 4446 δὲ

1797 1942 2017 2008 ἀξίωσιν
2061 1944 2209 1997 πᾶσα
2239 1940 2550 2010 ἀνθρωπίνη
2582 1940 2747 2010 ψυχή.
2784 1938 2955 2007 Cujus
2987 1938 3076 1991 hic
3108 1937 3270 1991 verba
3299 1935 3369 1988 li-

1798 2032 2120 2087 bentissime
2158 2031 2606 2094 transcriberem,
2655 2031 2702 2086 si
2733 2030 2901 2084 libelli
2944 2030 3099 2098 copia
3144 2027 3282 2081 foret
3306 2032 3371 2083 ut

1799 2138 1987 2177 eorum
2028 2123 2393 2192 pervicaciam
2452 2123 2889 2190 comprimerem,
2943 2122 3037 2191 qui
3077 2121 3150 2188 in,
3185 2128 3372 2189 aperta

1800 2222 1855 2269 et
1882 2230 1941 2269 re
1986 2213 2273 2268 manifesta
2323 2214 2394 2266 ita
2424 2214 2742 2274 caecutiunt,
2777 2222 2836 2265 ut
2862 2221 2915 2265 et
2961 2210 3083 2264 aliis
3112 2209 3370 2264 tenebras

1803 2304 2085 2360 otiundere
2119 2304 2464 2373 impudenter
2498 2304 2767 2356 nitantur.
2798 2300 2933 2366 Quis
2952 2301 3095 2355 enim
3117 2306 3371 2370 portenta

1802 2398 1949 2453 circa
1984 2396 2086 2449 hoc
2121 2395 2485 2464 pessimorum
2513 2394 2791 2447 hominum
2825 2391 2967 2446 ferre
2997 2390 3223 2460 posset?
3253 2390 3373 2444 Ma-

1804 2488 1981 2542 lorum
2005 2485 2215 2539 scilicet
2250 2484 2460 2538 animas
2490 2484 2545 2538 in
2576 2483 2852 2537 daemonas
2877 2483 3142 2542 converti,
3174 2482 3229 2533 in
3258 2480 3376 2534 leo-

1803 2593 1923 2644 nes,
1956 2577 2135 2645 lupos,
2173 2576 2417 2644 aliasque
2448 2575 2677 2638 bestias,
2714 2574 2855 2627 sicut
2887 2582 2940 2627 et
2963 2573 3238 2639 justorum
3271 2571 3376 2624 mi-

1807 2684 1985 2739 grare.
2048 2667 2405 2730 Paradisum,
2464 2680 2866 2734 supernamque
2922 2663 3259 2718 Hierusalem
3318 2663 3376 2718 in

1806 2761 1967 2814 tertio
1996 2758 2136 2811 cmlo
2171 2758 2332 2812 sitam
2366 2772 2508 2823 esse,
2544 2757 2676 2824 quin
2718 2771 2893 2825 neque
2925 2756 2977 2808 in
3012 2755 3172 2817 caelo,
3200 2770 3378 2823 neque

1807 2850 1863 2904 in
1893 2849 2074 2904 terris.
2114 2848 2220 2903 Sed
2265 2848 2461 2902 horum
2496 2847 2671 2916 magis
2702 2827 3009 2900 accuratam
3053 2846 3377 2915 explicatio-

1807 2954 1933 2993 nem
1958 2939 2013 2992 in
2045 2944 2280 2992 tractatu
2328 2951 2489 3006 quem
2527 2936 2594 2989 de
2632 2935 2953 2989 differentiis
2985 2933 3299 2987 Graecorum
3325 2945 3382 2987 et

1809 3029 2129 3085 Latinorum
2176 3029 2497 3094 scribimus,
2549 3028 2850 3082 trademus.
2906 3024 3062 3079 Nunc
3120 3027 3225 3081 ista
3268 3025 3383 3080 sint

1754 3169 1776 3187 η
1814 3125 1967 3179 satis.

1885 3214 2046 3276 Ibid.,
2077 3214 2173 3268 lin.
2217 3213 2307 3267 42.
2348 3212 2606 3276 Νοήσεις
2648 3210 2714 3263 δὲ
2750 3211 2961 3275 τούτου
3005 3207 3120 3275 τὴν
3150 3210 3383 3260 οἰκονο-

1803 3308 1969 3376 μίαν.
2002 3305 2236 3359 Basilius
2270 3305 2416 3373 hom.
2452 3304 2487 3356 2
2538 3304 2592 3356 in
2631 3301 2924 3355 Πρησεντιά
2955 3301 3162 3369 Νόησον
3208 3299 3263 3351 δέ
3294 3314 3385 3367 μοι

1808 3400 1918 3452 ἀπὸ
1954 3395 2395 3468 παραδείγματος
2424 3394 2689 3466 ἐναργοῦς
2720 3393 2782 3446 τὸ
2810 3394 3121 3461 λεγόμενον,
3158 3393 3214 3443 ἐν
3254 3407 3381 3441 στα-

1810 3489 1951 3559 θηρᾷ
1983 3487 2299 3558 μεσημϐρίᾳ
2334 3486 2538 3555 σκηνήν
2576 3501 2696 3536 τινα
2724 3484 2788 3534 ἐκ
2822 3481 3030 3549 πυκνῆς
3064 3480 3158 3531 καὶ
3194 3494 3387 3545 στεγα-

1809 3582 1905 3650 νῆς
1948 3579 2077 3646 ὕλης
2127 3577 2303 3647 ἐαυτῷ
2353 3578 2796 3647 παραστήσαντα,
2829 3573 2923 3626 καὶ
2961 3574 3018 3625 ἐν
3063 3571 3238 3640 σκότῳ
3291 3571 3387 3622 αύ-

1810 3670 2064 3739 τοσχεδίῳ
2101 3669 2290 3723 ἑαυτὸν
2325 3666 2737 3737 καθειργοῦντα.

1881 3764 2041 3826 lbid.,
2065 3762 2159 3816 lin.
2189 3764 2275 3817 49.
2300 3763 2461 3815 Οὒτω
2476 3760 2747 3813 τοιοῦτον
2774 3757 3212 3811 ἀνυπόστατον.
3238 3753 3387 3808 Basi-

1813 3854 1918 3907 lius
1938 3853 2171 3921 explicat
2189 3852 2333 3904 hom.
2357 3850 2392 3903 2
2421 3870 2432 3903 :
2454 3849 2698 3918 Λέγομεν
2719 3847 2900 3899 τοίνυν
2913 3844 3169 3897 καὶτοῦτο
3186 3844 3244 3895 τὸ
3273 3844 3391 3896 σκό-

1812 3959 1902 4004 τος
1939 3941 2011 4012 μὴ
2063 3940 2203 3992 κατὰ
2232 3940 2417 3993 οὐσίαν
2466 3938 2850 4007 ὑφεστηκέναι,
2902 3936 2997 3988 καὶ
3043 3935 3214 3996 πάθος
3248 3929 3389 3987 εἶναι

1815 4036 1939 4105 περὶ
1970 4034 2057 4086 τὸν
2087 4032 2222 4102 ἀέρα
2258 4029 2700 4101 στερήσειφωτὸς
2722 4028 3120 4097 ἐπιγινόμενον.
3149 4025 3213 4079 Et
3245 4026 3388 4081 infe-

1814 4125 1932 4179 rius
1970 4143 1981 4176 :
2015 4122 2265 4175 Τοιοῦτον
2308 4118 2400 4174 οὖν
2456 4123 2675 4174 κάκεῖνο
2724 4118 2783 4171 τὸ
2841 4118 3030 4179 σκότος
3074 4116 3273 4168 ὑπόθου
3327 4116 3389 4169 οὐ

1815 4213 2236 4286 προηγουμένως
2293 4210 2613 4282 ὑφεστηκὸς,
2659 4210 2771 4263 ἀλλ’
2810 4207 3247 4277 ἐπακολουθῆσαν
3286 4206 3395 4259 ἐτέ-

1819 4325 1948 4379 ροις.
1973 4306 2038 4358 Ει
2067 4305 2177 4359 haec
2199 4307 2343 4360 dicta
2374 4312 2500 4359 sunt
2529 4310 2717 4357 contra
2746 4316 2919 4371 nugas
2937 4298 3388 4362 Manichaeorum,

1818 4403 2177 4456 asserentium
2227 4397 2483 4451 tenebras
2530 4410 2651 4450 esse
2700 4392 2991 4463 quamdam
3030 4390 3391 4446 substantiam

148 4482 371 4553 βραϐεῖα
405 4483 650 4545 καὶτοὺς
678 4482 977 4550 στεφάνους
1007 4480 1144 4550 μετὰ
1187 4481 1247 4534 τὺ
1286 4481 1380 4533 τοῦ
1415 4480 1533 4551 βίον
1561 4480 1705 4542 τέλος

1818 4502 2096 4551 aat'ernam.
2138 4497 2193 4545 et
2243 4487 2571 4559 principium
2615 4500 2800 4539 rerum
2848 4498 2957 4537 non
3014 4482 3195 4534 minus
3229 4494 3392 4549 quam

146 4573 443 4627 ἀποδώσειν
484 4572 733 4643 ὑπέχετο.
766 4570 873 4627 Sed
904 4572 987 4625 his
1020 4572 1229 4625 diutius
1264 4570 1543 4624 immorari
1570 4578 1718 4624 esset

148 4665 243 4717 soli
277 4666 461 4718 lumen
487 4663 688 4719 addere
724 4683 737 4717 :
774 4663 892 4717 haec
921 4670 1103 4716 tamen
1141 4678 1231 4717 res
1259 4678 1288 4715 a
1317 4662 1566 4732 pluribus
1585 4676 1718 4715 con-

148 4765 391 4812 troversa
420 4756 609 4809 habuit
655 4770 786 4810 suos
824 4754 1143 4809 defensores
1178 4764 1231 4807 et
1264 4758 1714 4821 propugnatores.

147 4846 393 4903 Andreas
417 4846 773 4902 Caesariensis
805 4845 859 4898 in
886 4845 1279 4913 Apocalypsim,
1310 4858 1473 4897 serm.
1504 4841 1592 4905 15,
1624 4856 1717 4895 ca-

150 4938 247 5012 pit.
280 4939 385 5003 l5;
412 4948 464 4993 et
496 4954 661 4994 serm.
698 4936 751 5003 6,
778 4952 900 5007 cap.
935 4936 1035 5003 l7;
1069 4944 1123 4991 et
1154 4950 1321 4990 serm.
1358 4935 1445 4997 Η,
1470 4949 1592 5003 cap.
1628 4934 1717 4995 53,

150 5029 481 5084 existimavit
524 5029 797 5097 justorum
841 5027 1054 5081 animas
1087 5027 1330 5081 nondum
1363 5026 1547 5096 gloriae
1580 5025 1722 5078 divi-

153 5134 232 5173 nae
259 5119 552 5190 participes
572 5118 737 5187 hujus
757 5116 946 5172 mundi
972 5116 1500 5170 consummationem
1531 5130 1724 5183 exspe-

155 5218 317 5266 ctare.
352 5209 412 5264 S.
435 5208 697 5278 Eulogius
732 5209 785 5262 in
824 5209 1079 5278 paradiso
1106 5208 1348 5262 terrestri
1379 5221 1471 5261 eas
1489 5205 1720 5272 deferri;

159 5300 357 5357 frustra
402 5302 545 5357 enim
579 5301 773 5356 hortus
820 5300 912 5355 ille
952 5300 1273 5355 deliciarum
1309 5306 1527 5353 creatus
1557 5305 1723 5361 esset,

158 5392 255 5445 nisi
284 5394 397 5460 jam
433 5395 745 5442 sanctorum
777 5390 1082 5442 animorum
1111 5395 1258 5442 esset
1299 5387 1722 5456 receptaculum.

162 5479 285 5549 Ejus
321 5482 487 5535 verba
514 5478 703 5533 'refcrt
742 5477 971 5534 Photius
1016 5480 1070 5533 in
1105 5479 1356 5532 Biblioth.
1390 5477 1488 5530 :T£
1535 5478 1592 5530 δὲ
1616 5478 1728 5545 [atat

162 5572 250 5627 τὸν
300 5572 444 5626 κατὰ
493 5568 755 5632 ἀνατολὰς
810 5570 1137 5641 παράδεισον
1204 5568 1469 5637 ἐφύτευσε
1524 5568 1615 5620 τὸν
1670 5570 1728 5620 ἐν

177 5662 352 5734 Ἐδέμ,
396 5665 454 5713 ἐν
489 5654 535 5728 ᾧ
583 5660 672 5712 τὸν
705 5659 1011 5730 ἄνθρωπον,
1042 5660 1099 5712 ὃν
1148 5659 1401 5723 ἔπλασεν,
1453 5658 1624 5721 ἔθετο,
1680 5661 1728 5711 εἰ

170 5753 362 5809 ἐκεῖνον
410 5753 511 5817 μὲν
555 5750 714 5814 εὐθὺς
752 5750 1165 5827 παραϐήσεσθαι
1201 5751 1337 5823 ᾔδει,
1375 5750 1467 5804 καὶ
1497 5748 1591 5804 τοῦ
1621 5768 1728 5823 χω-

1817 4588 2013 4641 lucem.
2051 4584 2356 4640 Alexander
2385 4580 2695 4652 Lycopolita
2728 4586 2912 4630 contra
2934 4572 3295 4627 Manio/uror:
3320 4568 3395 4622 Τὸ

1818 4678 1877 4731 δέ
1901 4678 2168 4748 λαμπρὸν,
2184 4674 2358 4729 καὶτὸ
2394 4672 2527 4741 φῶς,
2545 4672 2638 4723 καὶ
2670 4671 2729 4723 τὸ
2752 4670 2882 4731 ἄνω,
2902 4667 3075 4720 πάντα
3095 4664 3267 4718 ταῦτα
3297 4661 3394 4714 σὺν

1818 4767 1897 4838 τῷ
1910 4766 2027 4837 Θεῷ
2047 4765 2203 4819 εἶναι·
2228 4765 2287 4816 τὸ
2306 4762 2542 4834 ἀμυδρὸν
2562 4761 2620 4813 δὲ
2646 4759 2815 4813 καὶτὸ
2838 4759 3045 4820 σκότος,
3060 4754 3225 4808 καὶτὸ
3245 4752 3393 4805 κάτω

1823 4860 1919 4911 σὺν
1946 4861 2008 4927 τῇ
2030 4856 2151 4929 ὕλῃ.
2176 4854 2241 4908 Ει
2264 4854 2458 4908 iterum
2482 4871 2494 4905 :
2516 4851 2624 4920 Τῆς
2655 4846 2747 4902 οὖν
2776 4849 2905 4919 ὕλης
2927 4844 2995 4919 ἧς
3022 4844 3391 4915 ἀπεκρίθησαν

1819 4949 1970 5019 ἣλιος
2003 4949 2093 5001 καί
2126 4947 2321 5015 σελήνη
2356 4945 2416 4997 τὸ
2452 4943 2617 5015 μέρος
2651 4940 2805 5002 ἐκτὸς
2835 4940 2927 4991 τοῦ
2960 4938 3163 5004 κόσμου
3196 4934 3395 5003 ἀπελη-

1822 5038 2038 5101 λὰσθαι,
2074 5039 2166 5090 καὶ
2209 5033 2346 5089 εἶναι
2376 5037 2552 5087 ἐκεῖνο
2585 5032 2696 5103 πῦρ
2724 5029 3011 5087 καυστικὸν
3048 5027 3166 5097 μὲν,
3200 5024 3398 5078 σκοτῶ-

1823 5132 1911 5193 δες
1935 5130 1990 5181 δὲ
2022 5129 2115 5183 καὶ
2144 5126 2382 5197 ἀφεγγὲς
2412 5126 2566 5179 νυκτὶ
2589 5122 2932 5195 προσόμοιον.
2957 5117 3093 5172 Vide
3110 5116 3394 5187 Didymum

1826 5232 2009 5277 contra
2037 5220 2382 5283 Manio/usos,
2412 5225 2466 5273 et
2490 5218 2645 5271 alios.

1898 5313 2059 5378 lbid.,
2102 5314 2198 5366 lin.
2246 5312 2334 5366 52.
2389 5308 2826 5378 Ἀναχεομέγου
2875 5306 2985 5375 γὰρ
3030 5303 3135 5357 τοῦ
3181 5304 3393 5365 φωτός.

1827 5404 2061 5459 Basilius
2101 5404 2250 5457 hom.
2276 5402 2313 5454 2
2335 5419 2357 5459 ,ε
2393 5401 2524 5453 Τότε
2557 5399 2613 5451 δὲ
2642 5399 2701 5451 οὐ
2732 5396 2873 5451 κατὰ
2902 5397 3115 5467 κίνησιν
3148 5392 3395 5464 ἡλιακὴν,

1827 5496 1941 5547 ἀλλ’
1968 5493 2326 5563 άναχεομένου
2350 5490 2443 5543 τοῦ
2468 5489 2684 5563 πρώτου
2713 5488 2887 5559 φωτὸς
2914 5486 3145 5549 ἐκείνου,
3176 5484 3271 5537 καὶ
3298 5482 3401 5535 πά-

1827 5586 1908 5638 λιν
1964 5585 2382 5655 συστελλομένου
2430 5582 2572 5636 κατὰ
2620 5582 2681 5634 τὸ
2728 5580 2941 5651 ὁρισθὲν
3001 5579 3194 5649 μέτρον
3249 5573 3401 5645 παρὰ

1829 5676 1962 5730 Θεοῦ
2003 5676 2182 5746 ἡμέρα
2220 5674 2454 5743 ἐγένετο,
2495 5672 2589 5726 καὶ
2628 5671 2723 5736 νὺξ
2752 5670 3028 5741 ἀντεπῄει.
3079 5656 3257 5734 Quare
3287 5679 3397 5717 non

1833 5765 2102 5821 immerito
2136 5765 2287 5819 illum
2318 5764 2459 5821 diem
2492 5762 2778 5818 Africanus
2806 5761 3013 5817 vocavit
3048 5758 3239 5829 νοητὴν
3263 5754 3398 5825 mis.
