4042 6338
130 262 139 275 Ρ

132 91 289 522 In

130 296 145 305 νγ

158 571 284 629 pra
309 556 455 627 quod
477 556 833 627 perhibentur
852 571 975 611 esse
996 571 1171 625 aquae,
1196 558 1248 611 id
1272 566 1356 612 est
1378 575 1556 614 nonus
1584 571 1636 615 et
1653 562 1744 615 de-

160 649 363 704 cimus
404 649 554 703 orbis
595 663 751 717 aqua:
803 647 1215 703 similitudinem
1270 649 1593 715 referentes,
1651 654 1744 722 qui

162 739 429 810 undique
458 738 779 794 translucidi
813 748 964 803 sunt,
1002 754 1101 795 nec
1140 741 1306 794 ullam
1343 741 1397 793 in
1439 756 1497 796 se
1537 743 1744 796 stellam

160 830 416 898 habent;
459 831 545 886 vel
598 831 673 885 ita
733 838 792 886 ut
845 847 941 903 per
990 832 1393 886 ﬁrmamentum
1428 834 1748 904 designetur

164 934 306 985 aer,
340 934 509 990 aquas
534 935 661 974 vero
690 935 785 976 eas
822 921 1025 985 vocari,
1062 937 1183 991 qua:
1216 922 1452 991 pluendo
1488 924 1747 978 decidunt

166 1009 239 1066 in
263 1018 490 1075 terram,
527 1011 757 1082 illasque
787 1014 978 1076 abhis,
1013 1027 1134 1082 qua:
1164 1028 1331 1083 supra
1368 1021 1568 1069 terram
1594 1024 1745 1077 sunt,

166 1100 433 1169 separari
459 1101 617 1162 etelo,
656 1100 756 1155 hoc
810 1109 896 1155 est
926 1116 1071 1155 aere.
1104 1100 1170 1155 Et
1209 1103 1311 1157 hoc
1352 1104 1603 1158 videntur
1634 1120 1751 1157 am-

166 1191 355 1260 plecti
384 1190 725 1262 Augustinus
760 1192 853 1247 lib.
886 1208 925 1245 ιι
961 1190 1033 1244 De
1062 1190 1249 1246 Genesi
1280 1194 1348 1246 ad
1377 1196 1505 1260 Iitt.,
1533 1211 1652 1264 cap.
1681 1196 1749 1259 ις

169 1277 550 1351 Hieronymus
579 1284 731 1350 epist.
751 1283 839 1344 85,
865 1280 933 1333 ad
957 1280 1245 1346 Oceanum,
1276 1284 1542 1339 refellitur
1568 1295 1750 1340 tamen

170 1385 212 1425 a
248 1370 549 1429 Francisco
582 1372 798 1428 Valesio
824 1373 900 1427 De
931 1391 1085 1429 sacra
1118 1375 1473 1443 philosophia;
1496 1379 1659 1446 capit.
1697 1380 1750 1432 1.

167 1460 470 1533 Origenes,
507 1472 567 1519 ut
608 1465 773 1519 refert
807 1464 1144 1534 Epiphanius
1171 1466 1341 1535 Epist.
1377 1468 1445 1521 ad
1491 1466 1753 1523 Joannem

169 1551 752 1625 Hierosolymitanum,
780 1563 834 1609 et
856 1554 1217 1627 Hieronymus
1240 1560 1390 1625 epist.
1412 1558 1481 1610 ad
1508 1556 1757 1611 Pamma-

167 1644 383 1711 chiunt,
431 1645 567 1700 dixit
593 1659 783 1714 aquas,
808 1661 929 1715 qua:
971 1662 1135 1717 super
1171 1646 1565 1701 ﬁrmamentum
1601 1657 1751 1712 sunt,

170 1750 300 1790 non
355 1750 476 1791 esse
527 1750 720 1804 aquas,
753 1737 846 1791 sed
876 1753 998 1793 esse
1045 1740 1266 1807 angelos
1296 1748 1550 1803 sanctos;
1584 1753 1756 1809 aquas

168 1842 318 1884 vero
348 1842 467 1897 quae
490 1828 594 1883 sub
622 1827 961 1883 ﬁrmamento
987 1837 1114 1884 sunt
1144 1845 1267 1886 esse
1288 1830 1560 1886 daemones
1586 1832 1758 1887 malos
1793 1805 1833 1858 Β

168 1932 211 1973 e
245 1918 390 1972 ctelo
442 1919 644 1988 lapsos.
697 1921 757 1972 ln
797 1919 939 1973 hanc
967 1922 1295 1975 sententiam
1332 1936 1497 1990 quam
1523 1922 1759 1992 Epipha-

170 2008 315 2063 nius
338 2016 391 2063 et
413 2006 775 2079 Hieronymus
832 2010 1185 2073 damnarunt,
1222 2010 1459 2067 Basilius
1514 2012 1660 2068 hom.
1702 2014 1758 2075 ὅ,

172 2098 239 2150 in
289 2096 566 2163 lienem”
608 2114 904 2169 suppresso
932 2099 1183 2171 Origcnis
1214 2102 1457 2162 nomine,
1486 2101 1599 2155 haec
1635 2117 1763 2171 pro—

172 2187 305 2245 dit;
332 2189 490 2258 Ἡμῖν
516 2190 573 2242 δὲ
603 2192 697 2244 καὶ
722 2192 857 2261 πρὸς
878 2193 1004 2255 τοὺς
1041 2193 1148 2245 ἀπὸ
1175 2191 1271 2261 τῆς
1288 2192 1615 2262 Ἐκκλησίας
1648 2192 1762 2245 ἔστι

170 2292 271 2340 τις
322 2277 475 2345 λόγος
528 2281 653 2349 περὶ
701 2280 808 2331 τῶν
849 2281 1231 2353 διακριθέντων
1274 2282 1499 2345 ὑδάτων,
1542 2284 1591 2335 οἳ
1634 2299 1765 2354 προ-

174 2370 351 2438 φάσει
381 2371 668 2441 ἀναγωγῆς
698 2374 791 2424 καὶ
817 2372 1100 2442 νοημάτων
1128 2374 1473 2444 ὑψηλοτέρων
1499 2375 1579 2437 εἰς
1603 2374 1767 2445 άλλη-

174 2458 378 2528 γορίας
411 2461 737 2529 κατέφυγον,
786 2462 1042 2532 δυνάμεις
1087 2463 1337 2532 λέγοντες
1389 2465 1764 2535 πνευματικὰς

179 2552 285 2604 καὶ
324 2553 645 2622 ἀσωμάτους
681 2554 953 2624 τροπικῶς
1005 2558 1069 2609 ὲκ
1116 2555 1224 2609 τῶν
1255 2556 1461 2610 ὑδάτων
1509 2558 1765 2627 σημαίνε-

184 2640 347 2694 σθαι“
382 2644 475 2694 καὶ
508 2644 619 2697 ἄνω
653 2643 753 2713 μὲν
778 2644 870 2695 ἐπὶ
887 2645 979 2696 τοῦ
1004 2644 1379 2715 περεώματος
1405 2646 1765 2716 μεμενηκέναι

179 2728 293 2792 τὰς
331 2732 662 2799 κρείττονας,
688 2734 839 2785 κάτω
880 2734 936 2786 δὲ
965 2736 1405 2806 τοῖς-περιγείοις
1438 2738 1531 2789 καὶ
1565 2737 1766 2800 ὑλικοῖς

180 2820 378 2881 τόποις
399 2826 830 2892 προσαπομεῖναι
852 2822 950 2886 τὰς
968 2825 1228 2893 πονηράς.
1251 2826 1349 2877 Διὰ
1371 2826 1529 2877 τοῦτο
1552 2826 1608 2877 δέ
1637 2842 1769 2893 φασι

184 2909 293 2962 καὶ
336 2908 405 2961 τὰ
452 2910 635 2962 ἐπάνω
666 2911 773 2963 τῶν
801 2911 1045 2982 οὑρανῶν
1087 2911 1255 2964 ’ὑδατα
1301 2914 1469 2965 αἰνεῖν
1496 2914 1585 2965 τὸν
1615 2914 1765 2977 Θεὸν,

182 2999 441 3052 τουτέστι
474 2999 573 3061 τάς
607 3000 814 3067 ἀγαθὰς
845 3001 1099 3069 δυνάμεις
1122 3000 1276 3066 ἀξίας
1304 3000 1466 3063 οὑσας
1486 3000 1573 3053 διὰ
1600 2998 1769 3053 καθα-

1170 349 1236 404 IN
1279 350 1652 407 EUSTATHII
1690 353 2165 411 REXAEMERON
2203 355 2433 412 NOTAE.

252 462 330 522 ne
363 466 687 522 ﬁrmamenti
726 465 1060 535 intelligatur
1102 467 1300 521 cmlum
1328 468 1601 522 stellatum
1646 486 1742 524 su-
1776 476 1820 530 Α
1850 472 1976 535 lius,
2016 474 2159 525 hom.
2190 474 2223 527 5
2267 475 2320 525 in
2356 473 2645 535 chaem.;
2679 471 3011 543 Epiphanius
3044 474 3098 526 in
3146 472 3314 542 Epist.
3347 472 3419 527 ad

3312 357 3416 414 850

1845 562 2102 616 Joannem
2126 564 2666 632 Ilierosolymilauum
2688 580 2709 627 ;
2728 566 3176 633 Chrysostomus,
3195 564 3342 619 hom.
3361 565 3418 633 ι,

1844 660 1898 707 et
1924 654 1980 705 in
2010 652 2150 722 psat.
2174 668 2410 719 cxtvm;
2450 654 2689 724 Cyrillus
2726 651 3275 723 llierosolymitanus,
3313 651 3421 711 Ca-

1849 743 1978 796 tcclt.
2012 743 2081 804 9:
2135 741 2507 800 Theodoretus
2555 745 2609 797 in
2658 740 2807 807 Gem,
2857 752 3048 813 quzest.
3082 743 3179 810 ll;
3222 742 3423 798 Proco-

1849 835 1972 905 pius
2001 836 2057 887 in
2086 834 2296 897 Ccnes.,
2322 850 2441 904 cap.
2480 836 2503 889 l
2530 853 2544 900 ;
2576 832 2900 905 Hippolytus
2929 842 2981 888 et
3013 834 3340 889 Severianus
3362 835 3418 888 in

1848 934 2061 988 catena,
2116 925 2436 995 Eutliymius
2481 927 2537 977 in
2573 924 2710 991 psal.
2742 938 2866 987 cut;
2917 923 3155 978 llilarius
3206 926 3258 976 in
3276 924 3416 991 psal.

1849 1030 2081 1079 cum;
2133 1016 2477 1077 Ambrosius,
2506 1014 2598 1068 lib.
2652 1030 2690 1068 ιι
2728 1010 3009 1077 Ηεεαεηιη
3044 1028 3164 1082 cap.
3210 1012 3244 1066 3
3273 1018 3326 1067 et
3354 1013 3421 1078 ις

1853 1102 2212 1172 Hieronymus
2244 1102 2413 1170 Epist.
2451 1103 2519 1156 ad
2554 1103 2853 1169 Oceanum;
2879 1103 3133 1170 August.,
3159 1100 3250 1153 lib.
3279 1117 3315 1154 ll
3348 1100 3427 1158 De

1854 1192 1981 1248 Gen.
2039 1194 2107 1247 ad
2168 1196 2295 1258 litt.,
2340 1209 2460 1263 cap.
2516 1195 2568 1256 5,
2626 1201 2682 1248 et
2721 1193 2813 1246 lib.
2852 1207 2904 1247 ιι
2943 1190 3021 1245 De
3065 1190 3273 1245 civitate
3305 1189 3424 1252 Dei,

1854 1302 1974 1356 cap.
2002 1286 2213 1351 ultimo,
2246 1296 2299 1341 et
2330 1286 2386 1338 in
2406 1284 2544 1354 psal.
2574 1299 2704 1350 cur;
2762 1282 3088 1338 Dracontius
3132 1281 3425 1352 Hispanus,

1856 1378 2060 1434 Marius
2096 1378 2284 1433 Victor
2310 1380 2385 1433 De
2413 1392 2564 1445 opere
2595 1393 2686 1430 sex
2715 1376 2951 1439 dierum;
2978 1373 3282 1444 Drepanius
3307 1372 3430 1428 Flo-

1857 1488 1981 1533 rus,
2033 1472 2089 1525 in
2149 1468 2369 1539 llymno
2431 1467 2597 1521 trium
2654 1480 2983 1535 puerorum;
3044 1462 3428 1524 Cassiodorus,

1857 1560 2086 1632 llaymo,
2112 1559 2317 1623 Bruno,
2340 1568 2395 1615 et
2418 1560 2505 1612 alii
2538 1572 2679 1627 quos
2703 1557 2889 1610 laudat
2918 1554 3185 1609 Martinus
3216 1554 3433 1609 Delriua

1858 1649 1910 1700 in
1944 1661 2064 1716 cap.
2106 1662 2121 1698 ι
2162 1643 2358 1699 Genes.
2406 1642 2783 1713 ’Δμαθέστατα
2821 1642 2985 1711 igitur
3022 1639 3283 1694 Calvinus
3312 1637 3432 1692 hla-

1858 1748 1995 1793 terat
2038 1741 2177 1792 hanc
2223 1739 2549 1795 sententiam
2603 1753 2748 1803 esse,
2779 1743 2833 1792 et
2871 1751 2902 1789 a
2944 1750 3111 1790 sensu
3156 1731 3434 1789 communi

1859 1832 2109 1892 alienam,
2138 1844 2259 1882 cum
2291 1843 2320 1881 a
2344 1838 2421 1881 tot
2451 1826 2728 1890 Patribus,
2761 1828 2937 1896 iisque
2971 1822 3330 1888 doctissimis,
3362 1822 3436 1877 sit

1860 1938 1970 1977 uno
2014 1936 2105 1975 ore
2148 1928 2401 1989 recepta;
2432 1927 2486 1973 et
2515 1934 2745 1988 prorsus
2776 1917 3175 1979 incredibilem,
3196 1930 3320 1967 cum
3347 1928 3435 1968 sa-

1861 2026 1955 2066 cra
1980 2010 2263 2079 Scriptura
2288 2013 2338 2065 id
2371 2010 2734 2080 apertissimis
2761 2008 3035 2072 verbis,et
3059 2007 3188 2059 alibi
3218 2006 3435 2067 innuat,

1861 2103 2010 2171 Cujus
2059 2104 2232 2169 major
2262 2110 2339 2156 est
2398 2102 2713 2164 auctoritas,
2775 2115 2841 2153 ex
2902 2098 3229 2168 Augustino,
3276 2112 3437 2166 quam

1863 2196 2031 2247 omnis
2059 2194 2251 2262 ingenii
2269 2193 2485 2245 humani
2500 2192 2790 2259 capacitas.
2808 2189 2873 2241 Et
2894 2186 3345 2258 quemadmodum
3381 2185 3438 2239 in

1863 2286 1949 2339 his
1982 2283 2127 2339 fatue
2143 2284 2357 2346 delirat,
2382 2284 2456 2335 ita
2480 2292 2534 2337 et
2560 2282 2690 2337 ﬁdes
2712 2281 2832 2349 ejus
2855 2288 3170 2344 accusatur,
3195 2286 3247 2332 et
3270 2277 3440 2332 veluti

1863 2378 2149 2447 impostor,
2221 2376 2562 2444 mendaxque
2620 2372 2913 2433 refellitur,
2969 2386 3094 2425 cum
3151 2366 3441 2422 manifeste

1864 2470 2127 2524 mentitur
2173 2469 2442 2529 scribens,
2474 2465 2788 2520 Catholicos
2812 2464 2949 2519 velle
2985 2477 3087 2533 pro
3115 2461 3218 2515 ﬁde
3252 2470 3443 2515 tenen-

1864 2560 2017 2624 dum,
2067 2560 2166 2614 has
2228 2573 2401 2627 aquas
2456 2571 2619 2626 supra
2669 2557 2840 2610 caelos
2878 2569 3035 2609 veras
3082 2567 3254 2621 aquas
3294 2565 3439 2613 esse,

1866 2664 1991 2703 cum
2022 2648 2180 2700 aliam
2229 2646 2555 2701 sententiam
2587 2659 2707 2714 quae
2741 2658 2864 2697 cum
2907 2643 3011 2699 ista
3046 2640 3270 2694 minime
3308 2652 3443 2692 con-

1869 2741 2037 2801 venit,
2064 2737 2328 2791 Catholici
2370 2738 2495 2800 viri,
2522 2736 2880 2803 maximaeque
2907 2730 3230 2788 eruditionis
3256 2728 3446 2799 vulga-

1870 2831 1979 2882 rint
2010 2829 2245 2898 publice,
2289 2835 2344 2881 et
2394 2827 2573 2897 palam
2604 2825 2764 2879 tutati
2805 2825 2931 2879 sint.
2971 2821 3358 2875 [hereticorum
3394 2819 3445 2873 is

1870 2934 1987 2973 mos
2024 2928 2128 2984 est,
2167 2926 2221 2972 et
2246 2916 2544 2977 dementia,
2576 2922 2633 2966 ut
2684 2927 2803 2982 qua:
2829 2912 3032 2965 dixeris
3075 2913 3356 2972 accusent,
3389 2911 3445 2959 et

1872 3011 2121 3066 refellent
2167 3009 2382 3063 etiamsi
2439 3007 2723 3061 verissima
2768 3005 2898 3065 sint,
2939 3018 3059 3071 quae
3099 3016 3206 3054 non
3239 2998 3445 3056 dixeris

191 3091 398 3163 ρότητα
441 3090 535 3144 τοῦ
582 3092 909 3162 ἡγεμονικοῦ
938 3092 1028 3143 τὸν
1057 3091 1338 3162 πρέποντα
1377 3092 1546 3161 ὕμνον
1580 3093 1767 3146 ἀποδι-

1873 3105 2175 3172 imponant,
2199 3109 2259 3155 ut
2290 3101 2510 3164 iterum,
2542 3106 2596 3153 et
2626 3096 3001 3151 accusationis
3049 3100 3103 3148 et
3150 3090 3447 3161 reprehen-

188 3184 343 3239 δόναι
374 3184 451 3254 τῷ
483 3185 759 3237 κτίσαντι·
793 3184 863 3236 τά
884 3185 941 3237 δὲ
963 3185 1219 3238 ὑποκάτω
1240 3185 1348 3239 τῶν
1374 3186 1616 3256 οὐρανῶν
1646 3186 1771 3239 ὑδα-

188 3291 267 3333 τα
295 3275 639 3345 πνευματικὰ
658 3270 795 3327 εἶναι
821 3279 918 3344 τῆς
947 3275 1210 3345 πονηρίας
1240 3276 1348 3328 ἀπὸ
1380 3276 1473 3328 τοῦ
1504 3276 1644 3329 κατά
1672 3276 1771 3345 φύ-

194 3385 283 3424 σιν
309 3367 472 3437 ὕψους
494 3369 572 3430 είς
594 3367 653 3419 τὸ
682 3368 781 3436 τῆς
805 3366 1002 3429 κακίας
1029 3367 1188 3435 βάθος
1215 3370 1611 3431 καταπεσόντα,
1628 3370 1770 3437 άπερ

193 3457 274 3523 ὡς
306 3459 593 3529 ταραχώδη
623 3457 773 3524 ὄντα,
796 3458 889 3511 καὶ
938 3458 1317 3524 πασιαστικὰ,
1341 3460 1434 3511 καὶ
1468 3462 1579 3522 τοῖς
1609 3458 1771 3528 θορὺ-

196 3552 315 3615 ϐοις
342 3550 451 3602 τῶν
483 3548 669 3601 παθῶν
712 3548 1108 3618 κυμαινὸμενα,
1134 3547 1403 3600 θάλασσαν
1435 3548 1772 3617 ὠνομάσθαι,

196 3639 289 3694 διά
318 3624 389 3691 τὸ
422 3637 721 3707 μετάϐητωι
760 3638 851 3688 καὶ
876 3636 1107 3690 ἄστατον
1138 3636 1246 3689 τῶν
1280 3636 1421 3690 κατὰ
1453 3639 1769 3709 προαίρεσιν

198 3730 535 3799 κινημάτων.
567 3728 705 3789 Τοὺς
748 3728 812 3797 δὴ
853 3728 1125 3790 τοιούτους
1152 3727 1343 3795 λόγους
1372 3729 1446 3791 ὡς
1481 3729 1769 3799 ὀνειράτων

202 3820 542 3890 συγκρίσεις,
573 3819 666 3871 καὶ
689 3816 953 3888 γραώδεις
990 3818 1189 3888 μύθους
1216 3819 1691 3888 ἀποπεμψάμενοι,
1714 3820 1774 3871 τὸ

202 3912 346 3982 ὕδωρ
374 3910 515 3980 ὓδωρ
542 3910 843 3979 νοήσωμεν,
872 3910 965 3961 καὶ
998 3909 1095 3982 τὴν
1118 3909 1389 3979 διάκρισιν
1422 3910 1518 3979 τὴν
1551 3911 1653 3961 ὑπὸ
1679 3910 1773 3961 τοῦ

204 4001 581 4071 στερεώματος
611 4000 907 4070 γενομένην
940 4000 1080 4051 κατὰ
1102 3999 1200 4068 τὴν
1229 3999 1579 4052 ἀποδοθεῖσαν
1597 4000 1776 4051 αἰτίαν

202 4092 499 4163 δεξώμεθα.
532 4091 783 4147 Valesius
812 4091 931 4144 loco
958 4090 1070 4161 jam
1097 4091 1245 4144 dicto
1271 4092 1365 4153 ait,
1393 4091 1589 4143 cwlum
1614 4091 1775 4154 illud,

206 4184 352 4253 quod
418 4183 635 4253 plurimi
684 4182 825 4237 hanc
888 4183 958 4235 ob
1009 4197 1227 4236 causam
1280 4179 1475 4235 vocant
1512 4182 1779 4251 crystalli-

210 4290 364 4338 num,
391 4289 624 4342 aqueum
652 4289 771 4328 esse
804 4290 944 4343 aqua
971 4274 1204 4342 quadam
1233 4273 1442 4327 cwlesti
1481 4287 1600 4340 quze
1629 4273 1778 4341 puri-

211 4374 325 4424 tate
352 4381 545 4433 aquam
576 4368 793 4431 referat,
818 4383 926 4420 non
961 4374 1139 4419 tamen
1170 4364 1386 4438 frigore,
1409 4372 1501 4417 aut
1529 4365 1774 4424 humore,

1872 3190 2044 3245 sionis
2084 3204 2273 3243 ansam
2306 3188 2594 3256 arripiant.
3476 3234 3481 3237 _

1939 3281 2057 3337 Col.
2105 3280 2227 3343 712,
2264 3280 2358 3332 lin.
2394 3278 2482 3333 H.
2510 3279 2690 3331 Ὥστε
2722 3274 2822 3329 καὶ
2860 3274 3059 3329 ἐπάνω
3094 3266 3265 3326 εἶναι.
3304 3270 3449 3327 Con-

1871 3373 2147 3427 stantinus
2183 3368 2462 3423 Manasses
2496 3368 2547 3420 in
2577 3365 2774 3419 Annal.
2796 3378 2816 3416 :

1877 3499 2012 3551 Τότε
2038 3496 2133 3549 καὶ
2161 3494 2275 3561 τὴν·
2301 3494 2680 3561 παντίχιςτον
2714 3491 2909 3561 5,2250er
2928 3488 3043 3553 τὴν
3070 3486 3323 3561 ﬁdat-fair

1872 3569 1979 3621 Καὶ
1995 3566 2099 3629 τὰς
2115 3556 2426 3627 ἀϐύσσους
2443 3556 2674 3622 διελὼν,
2697 3561 2792 3613 καὶ
2812 3558 3037 3611 τούτων
3050 3556 3168 3629 μὲν
3192 3557 3449 3623 ἀρίστην

1873 3637 2030 3705 Πρὸς
2066 3627 2625 3705 ὕψοςᾲάνεγνόητον
2653 3630 2889 3705 {adigam
2913 3627 3273 3705 μετεωρίσεις

1880 3694 1948 3759 ΤΣ)
1970 3694 2036 3758 δὲ
2061 3694 2156 3758 ἐπὶ
2188 3694 2300 3773 ﬁt;
2332 3694 2642 3755 ἀπολιπὼν
2666 3694 2889 3764 ἔστησε
2918 3697 3131 3748 τούτων
3160 3694 3374 3763 μέσον.

1944 3827 2047 3879 Τὸν
2083 3824 2310 3894 οὐρανὸν
2338 3822 2525 3891 ὥσπερ
2554 3818 2825 3889 φραγμὸν,
2852 3816 3039 3885 ὥσπερ
3086 3814 3309 3885 στερρὸν
3336 3830 3449 3866 τει-

1878 3918 2011 3989 χίον.
2048 3919 2105 3973 In
2136 3930 2297 3970 versu
2330 3912 2571 3969 secundo
2595 3908 2913 3964 καὶτούτων
2941 3908 3038 3979 μὲν
3074 3908 3301 3976 ἀρίστην
3318 3906 3447 3974 quid

1878 4015 1951 4065 sit
1998 4026 2106 4065 non
2159 4010 2334 4077 capio.
2366 4006 2591 4075 Corrigo
2625 4009 2717 4056 καὶ
2760 4003 2966 4055 τούτων
2993 4002 3053 4053 τὸ
3082 4001 3179 4070 μὲν
3209 4002 3338 4054 ἂνω.
3372 3999 3449 4052 ita

1878 4104 2021 4157 enim
2074 4112 2125 4155 et
2161 4101 2442 4154 veritatem
2493 4097 2607 4161 Dei,
2648 4105 2702 4150 et
2743 4094 2984 4149 auctoris
3019 4100 3255 4145 mentem
3294 4106 3451 4147 asse-

1879 4209 2129 4262 quemur.
2171 4191 2276 4246 Sed
2321 4194 2387 4243 ad
2435 4189 2567 4259 quid
2604 4204 2757 4258 aqua:
2786 4188 2891 4240 illa:
2920 4200 3040 4255 quae
3078 4198 3241 4253 supra
3281 4183 3452 4237 etelos

1881 4284 2040 4337 sunt?
2088 4282 2387 4349 Procopius
2443 4288 2497 4333 et
2547 4278 2943 4337 Theodoretus,
2978 4290 3043 4328 ne
3077 4274 3177 4338 sol,
3220 4274 3348 4326 luna
3396 4282 3453 4327 et

1881 4383 2027 4429 astra
2064 4382 2246 4442 utpote
2281 4374 2471 4443 ignita,
2529 4371 2726 4424 cwlum
2764 4385 2824 4423 ex
2861 4368 3017 4437 aquis
3049 4369 3202 4435 quasi
3231 4366 3453 4434 congla—

210 4456 665 4527 quemadmodum
721 4458 941 4519 malum,
992 4464 1045 4511 et
1098 4464 1244 4510 astra
1297 4457 1455 4525 ignea
1497 4471 1619 4510 esse
1653 4458 1775 4523 igne
1809 4462 1849 4516 D
1879 4470 2080 4521 clatum
2115 4467 2448 4527 dissolvant;
2492 4463 2741 4527 Beda,ad
2769 4459 3177 4529 temperandum
3215 4458 3451 4511 calorem

210 4548 442 4618 quodam
473 4550 704 4612 cmlesti,
727 4550 818 4617 qui
850 4549 1263 4619 praestantvoris,
1294 4563 1455 4617 quam
1484 4550 1778 4602 elementa-

213 4640 293 4695 ris
343 4646 425 4693 est
470 4649 695 4701 naturae,
732 4640 941 4709 fulgore
990 4640 1163 4693 solmn
1199 4640 1440 4693 referens
1471 4640 1642 4700 illum,
1671 4654 1780 4692 non

216 4732 377 4787 etiam
430 4732 608 4785 calore
656 4740 709 4785 et
765 4732 1030 4786 siccitate.
1075 4731 1261 4801 Itaque
1302 4746 1499 4783 nomen
1529 4732 1689 4800 ignis.
1728 4740 1781 4785 et

216 4834 368 4894 aqua
418 4840 523 4877 non
583 4829 799 4893 proprie
845 4824 955 4877 dici
999 4824 1065 4877 de
1103 4825 1366 4891 utrisque,
1404 4824 1498 4877 sed
1532 4824 1781 4892 analogia

217 4918 489 4986 quadan’t‘,‘~
503 4922 561 4968 ut
590 4916 660 4970 sit
688 4916 885 4985 duplex
928 4915 1067 4984 ignis
1096 4924 1147 4968 et
1178 4916 1371 4982 duplex
1408 4929 1547 4983 aqua
1584 4930 1781 4967 secun—

218 5008 343 5062 dum
394 5007 1091 5076 anaIOgiam,elementaris
1144 5006 1350 5059 scilicet
1404 5014 1457 5059 et
1522 5007 1779 5060 caelestis.

220 5095 507 5152 Multorum
542 5104 723 5151 tamen
780 5097 1003 5151 Patrum
1034 5096 1484 5167 quemadmodum
1511 5103 1563 5149 et
1590 5095 1785 5151 Eusta-

218 5187 316 5242 tbii
340 5186 438 5241 fuit
465 5190 751 5251 sententia,
786 5203 880 5242 eas
906 5203 1075 5258 aquas
1100 5202 1221 5242 esse
1248 5202 1401 5241 veras
1432 5202 1623 5254 aquas,
1642 5188 1786 5256 ejus—

219 5279 447 5348 demque
498 5279 713 5349 generis
770 5285 824 5331 et
886 5278 1071 5332 formae
1118 5292 1240 5331 cum
1289 5276 1373 5332 his
1412 5277 1781 5330 inferioribus.

224 5370 448 5437 lquue
476 5371 573 5425 has
598 5386 768 5441 aquas
798 5384 828 5423 a
859 5369 971 5425 Deo
1003 5386 1168 5440 supra
1198 5370 1395 5423 cmlum
1418 5370 1626 5439 positas
1656 5384 1784 5423 cen-

222 5474 358 5527 sent,
409 5475 467 5517 ut
524 5463 681 5517 insiti
736 5462 937 5529 algoris
967 5462 1370 5531 propinquitate
1390 5500 1405 5523 ,
1436 5460 1611 5529 ignem
1642 5459 1788 5514 sidc-

222 5572 393 5619 reutn,
420 5557 795 5623 fervoremque
830 5554 947 5607 axis
968 5553 1190 5607 mtherei
1218 5554 1547 5613 minuerent,
1568 5566 1630 5605 ac
1652 5562 1789 5605 tem-

227 5656 489 5706 notarent.
530 5645 608 5700 Ita
647 5644 899 5699 Clemens
932 5643 1212 5699 Romanus
1247 5644 1343 5698 lib.
1388 5658 1426 5697 ιι
1486 5641 1785 5711 Recognit.;

223 5740 467 5797 Justinus
517 5743 744 5807 martyr,
776 5743 967 5807 quaest.
1002 5734 1087 5799 95,
1139 5733 1206 5788 ad
1243 5731 1611 5797 Orthodoxos;
1642 5732 1787 5790 Basi-

1882 4575 1947 4613 ex
1978 4559 2027 4610 vi
2062 4565 2115 4611 et
2157 4564 2306 4610 metu
2359 4557 2593 4609 siderum
2621 4563 2834 4613 ortum;
2868 4550 3141 4611 Justinus,
3170 4551 3237 4603 ad
3271 4547 3456 4617 depri-

1882 4648 2135 4700 mendum
2187 4648 2608 4705 ﬁrmamcntum,
2635 4658 2703 4696 ne
2746 4656 2967 4695 sursum
2991 4640 3232 4704 feratur;
3264 4637 3456 4691 Hiero—

1884 4755 2079 4807 nymus
2128 4736 2395 4797 Oleaster,
2425 4743 2485 4787 ut
2540 4734 2595 4787 in
2646 4733 2852 4786 diluvio
2882 4732 2992 4785 Noe
3019 4747 3116 4801 per
3148 4737 3454 4785 cataractas

1884 4831 2096 4883 emissae
2119 4837 2319 4882 terram
2344 4825 2774 4880 obruerent.Alii
2798 4834 2856 4876 ut
2880 4825 3011 4877 solis
3036 4832 3089 4877 et
3112 4824 3251 4874 lunae
3272 4820 3452 4873 radios

1886 4922 2231 4974 rcverherent
2281 4933 2484 4987 eosque
2534 4919 2789 4971 deorsum
2826 4915 2893 4969 ad
2924 4926 3123 4969 terram
3164 4912 3450 4980 repellant.

1886 5012 1989 5064 Alii
2027 5010 2093 5063 ad
2136 5017 2389 5064 ornatum
2422 5010 2682 5070 universi,
2714 5016 2825 5060 tum
2868 5015 2925 5060 ut
2959 5004 3153 5057 matrix
3188 5004 3301 5056 ha’c
3337 5014 3452 5054 cm-

1889 5103 2061 5157 lorum
2117 5100 2411 5153 creationis
2470 5098 2630 5151 index
2678 5105 2938 5157 exstaret,
2972 5110 3137 5163 quam
3186 5108 3351 5160 supra
3396 5104 3455 5145 se

1888 5191 2013 5245 coeli
2049 5204 2264 5257 semper
2316 5188 2674 5249 intuerentur,
2708 5193 2820 5237 tum
2856 5185 2921 5238 ad
2952 5185 3285 5252 voluptatem
3329 5196 3455 5237 san-

1888 5291 2122 5345 ctorum,
2171 5293 2230 5337 ut
2281 5285 2433 5352 aquis
2492 5282 2640 5334 hisce
2681 5278 3009 5349 crystallinis
3056 5276 3197 5329 oculi
3227 5288 3455 5344 pascan-

1889 5384 1998 5431 tur.
2032 5375 2129 5430 Vel
2160 5384 2221 5429 ut
2264 5377 2406 5429 sicut
2463 5390 2601 5443 aqua
2651 5374 2765 5425 ha'c
2813 5371 2925 5423 aeri
2960 5379 3169 5429 nostro,
3203 5367 3274 5419 ita
3303 5377 3457 5433 aqua:

1890 5465 1993 5517 illa:
2040 5464 2412 5518 subservirent
2434 5463 2640 5525 aetheri,
2666 5461 2758 5531 qui
2789 5467 2872 5515 est
2901 5459 2959 5513 in
2994 5458 3134 5511 ccelo
3178 5467 3453 5524 empyreo.

1892 5555 2045 5609 Mitto
2071 5570 2243 5624 nugas
2272 5556 2522 5609 aliorum.

1966 5641 2126 5700 lbid.,
2168 5640 2262 5693 lin.
2299 5639 2387 5692 18.
2435 5640 2496 5692 Ὀ
2560 5638 2626 5691 δὲ
2680 5637 2854 5705 αἰθὴρ
2894 5633 3183 5701 πυρώδης.
3224 5626 3457 5682 Basilius

1895 5734 2039 5790 hom.
2074 5733 2105 5787 ὅ
2136 5751 2146 5787 :
2183 5731 2283 5783 Τὸν
2326 5732 2380 5783 δὲ
2415 5730 2607 5803 αἰθέρα
2630 5746 2709 5789 τις
2742 5728 3066 5796 άμεριὸά).λει
3104 5722 3176 5794 μὴ
3205 5720 3324 5790 οὑχ).
3360 5734 3454 5770 πυ-
