4042 6338
633 320 732 375 831

1974 323 2223 381 ιεοκιε
2259 324 2530 379 ALLATll

3773 102 4009 405 εει

636 438 777 508 ρώόη
830 432 966 491 εἶναι
1016 440 1107 490 καὶ
1150 439 1372 508 διακαῆ,
1412 441 1469 503 ὃς
1499 442 1547 494 ει
1594 443 1668 512 μὴ
1701 442 1774 511 τῷ
1809 442 2086 509 ἀναγκαίῳ
2114 440 2205 494 τοῦ

2309 450 2417 506 tur,
2448 450 2500 496 et
2526 450 2609 495 est
2646 441 2846 510 pluvia,
2886 458 2981 496 seu
3018 444 3215 509 stillae;
3260 443 3303 498 si
3332 442 3438 496 erit
3459 443 3862 512 spissior,ﬁm

635 532 954 597 ποιήσαντος
1001 530 1161 582 αὑτὸν
1213 531 1323 601 ὅρῳ
1374 536 1676 601 κατείχετο,
1728 533 1779 585 τί
1818 532 1881 585 ἂν
1931 531 2201 585 ἐκώλυσεν

630 620 796 673 αὐτὸν
826 621 998 672 πάντα
1031 622 1365 690 φλογίζοντα.
1387 624 1480 677 καὶ
1514 624 1980 693 καταπιμπρῶντα
2007 626 2202 694 συνεχῆ

636 712 814 762 πᾶσαν
862 712 995 780 ὁμοῦ
1036 712 1136 783 τὴν
1170 716 1227 764 ὲν
1270 716 1384 776 τοῖς
1435 711 1584 768 οὖσιν
1629 712 1965 779 ἐξαναλῶσαι
1996 714 2202 777 νοτίδας

635 804 733 853 Διά
762 801 932 855 ταῦτα
971 804 1113 874 ὕδωρ
1156 805 1335 875 ἀέριον
1364 806 1570 872 γίνεται
1595 805 1921 873 νεφουμὶνου
1960 804 2052 857 τοῦ
2092 805 2203 858 ἀνω

634 907 797 944 coma
829 896 893 945 ὲκ
922 894 1018 961 τῆς
1044 895 1316 963 ἀναφορᾶς
1348 895 1456 948 τῶν
1485 894 1802 963 ἀτμῶν,οὓς
1828 896 2081 965 ποταμοὶ,
2109 895 2203 947 καὶ

634 983 852 1053 κρῆναι.
894 986 988 1037 καὶ
1016 985 1239 1053 τενάγη,
1274 984 1370 1037 καὶ
1398 984 1604 1055 λίμναι,
1637 986 1729 1039 καὶ
1779 985 1989 1056 πελάγη
2025 987 2203 1039 πάντα

636 1074 912 1141 προΐενται
962 1075 1035 1137 ὡς
1077 1075 1141 1128 ἂν
1173 1076 1247 1145 μὴ
1284 1075 1459 1128 πάντα
1492 1075 1784 1146 πυρακτῶν
1821 1078 1849 1129 ό
1888 1076 2049 1147 αἰθὴρ
2078 1077 2201 1130 ἐπι-

636 1163 806 1216 λάϐοι.
839 1163 1031 1220 λειιιετ
1051 1167 1181 1235 quid
1213 1168 1305 1231 sit,
1338 1181 1444 1224 non
1470 1182 1577 1221 una
1608 1174 1692 1222 est
1718 1168 1958 1221 omnium
1984 1176 2202 1221 senten-

636 1254 742 1320 tia;
779 1255 995 1323 quidam
1031 1256 1409 1311 existimarunt
1452 1273 1574 1315 esse
1624 1272 1801 1313 aerem
1836 1258 2086 1327 ignitum,
2112 1259 2203 1312 alii

637 1345 857 1397 caelum.
891 1344 1225 1416 Porphyrius
1256 1358 1309 1401 et
1347 1357 1473 1405 ante
1520 1366 1644 1404 eum
1694 1351 1941 1420 Orpheus
1968 1358 2201 1405 mentem

636 1444 691 1489 et
723 1437 1050 1491 intellectum
1086 1438 1236 1494 Jovis
1282 1444 1642 1510 appellarunt,
1672 1444 1989 1497 Aristoteles
2046 1444 2138 1497 lib.
2186 1458 2201 1495 ι

637 1524 714 1578 De
741 1527 888 1589 caelo,
923 1543 1041 1596 cap.
1074 1530 1127 1587 3.
1172 1538 1225 1585 et
1255 1533 1431 1600 primo
1462 1532 1704 1596 Meteon,
1754 1548 1967 1587 necnon
2000 1542 2053 1587 et
2103 1533 2199 1587 lib.

637 1616 715 1669 De
740 1618 955 1679 mundo,
984 1620 1029 1673 si
1065 1629 1243 1674 tamen
1292 1622 1611 1677 Aristoteles
1650 1624 1772 1679 libri
1820 1624 1966 1677 illius
2015 1636 2204 1677 auctor

636 1714 753 1769 est,
812 1709 878 1762 ad
940 1709 1329 1778 Alexandrum,
1387 1716 1584 1769 adhera
1660 1715 1779 1769 eceli
1858 1713 2203 1783 siderumque

637 1797 1019 1861 substantiam,
1047 1802 1369 1856 elementum
1415 1819 1445 1856 a
1484 1814 1716 1873 quatuor
1743 1804 1865 1860 aliis
1887 1805 2198 1858 sublunari-
2228 1784 2274 1844 Β

638 1887 741 1941 bus
765 1889 1061 1953 diversum,
1083 1894 1347 1969 divinum,
1376 1905 1425 1948 et
1458 1895 1824 1965 corruptionis
1853 1911 2069 1965 expers,
2092 1910 2201 1950 non

636 1994 703 2035 eo
753 1983 970 2051 quidem
1028 1987 1448 2055 nomine;quod
1497 2004 1621 2041 cum
1676 1989 1830 2058 ignea
1884 1990 1954 2043 sit
1990 1989 2200 2059 ﬂagret.

639 2069 743 2123 Sed
774 2074 915 2139 quod
938 2075 1025 2126 ἀεὶ
1045 2076 1144 2129 θεῖ.
1174 2078 1419 2147 Οὐρανοῦ
1449 2078 1502 2129 δὲ
1532 2080 1621 2132 καὶ
1648 2080 1862 2149 ἄστρων
1892 2078 2075 2132 οὐσίαν
2105 2081 2202 2149 μὲν

636 2164 828 2234 αἰθέρα
864 2165 1151 2235 καλοῦμεν,
1182 2169 1278 2237 οὐχ
1306 2168 1377 2231 ῶς
1407 2187 1568 2233 τινες,
1600 2170 1684 2221 διὰ
1706 2171 1766 2221 τὸ
1796 2169 2012 2241 πυρώδη
2039 2166 2201 2222 οὖσαν

637 2256 904 2317 αἴθεσθαι,
940 2260 1379 2327 πλημμελοῦντες
1431 2262 1557 2331 περὶ
1604 2263 1699 2331 τὴν
1751 2261 1996 2313 πλεῖστον
2036 2261 2202 2332 πυρὸς

636 2346 1061 2420 ἀπηλλαγμένην
1101 2351 1347 2420 δύναμιν,
1385 2353 1516 2404 ἀλλὰ
1543 2353 1629 2404 διὰ
1653 2354 1713 2405 τὸ
1742 2355 1827 2406 ἀεὶ
1865 2353 1973 2405 θεῖν
2008 2354 2200 2406 κυκλο-

640 2440 983 2509 φορουμένην
1033 2446 1290 2509 στοιχεῖον
1329 2440 1491 2495 οὖσαν
1550 2445 1730 2514 ἓτερον
1777 2444 1882 2497 τῶν
1927 2445 2202 2515 τεσσάρων

641 2530 913 2599 ἀκήρατόν
945 2550 1001 2583 τε
1034 2535 1123 2586 καὶ
1158 2534 1313 2587 θεῖον.
1348 2534 1410 2589 Et
1442 2536 1533 2589 lib.
1578 2552 1592 2589 t
1647 2537 1723 2590 De
1752 2538 1875 2589 ca‘lo
1910 2538 2202 2605 reprehen-

640 2619 719 2672 dit
769 2621 1162 2690 Anaxagoram,
1220 2625 1363 2693 quod
1422 2642 1519 2694 pro
1556 2628 1694 2697 igne,
1746 2628 1996 2680 aetherem
2043 2628 2199 2691 dixit,

638 2712 781 2777 quod
820 2720 871 2765 et
908 2715 1046 2767 alios
1088 2714 1284 2770 fecisse
1337 2720 1471 2771 satis
1502 2728 1689 2771 notum
1728 2729 1829 2773 est.
1866 2718 1931 2771 Hi
1970 2736 2202 2789 namque

639 2800 708 2852 ab
752 2800 904 2863 αῐθω,
934 2820 1040 2857 non
1101 2806 1167 2859 ab
1211 2807 1296 2858 ἀεὶ
1344 2808 1473 2867 θεῖν,
1513 2810 1764 2864 aetherem
1811 2811 2103 2873 deducunt,
2147 2812 2200 2864 in

636 2907 800 2959 quam
856 2897 1174 2950 sententiam
1210 2908 1263 2952 et
1301 2899 1490 2952 Cicero
1528 2901 1620 2952 lib.
1650 2916 1686 2952 tl
1743 2900 1819 2953 De
1852 2912 2039 2954 natura
2082 2901 2204 2955 deo-

648 2998 767 3033 rum
804 2984 966 3038 ivisse
996 2986 1243 3052 videtur;
1284 2999 1336 3042 et
1382 2988 1693 3043 Phornutus
1723 2991 1849 3044 item
1887 2991 1959 3045 De
2012 3002 2203 3045 natura

2304 531 2527 593 imbres,
2564 541 2725 598 atque
2759 531 2947 584 nimbi.
2986 532 3060 585 Ex
3103 533 3301 602 quibus
3341 533 3417 584 ita
3456 532 3719 584 lacunam
3746 547 3856 601 snp-

2302 622 2389 690 ple
2424 641 2438 673 :
2472 622 2677 677 Fivsut
2730 619 2788 672 δὲ
2832 619 3004 683 οὕτως
3052 624 3081 674 ό
3139 621 3306 684 ὑετός.
3361 620 3697 686 Συνάγοντειι
3749 626 3849 689 περὶ

2301 714 2380 776 τὸ,
2407 723 2508 767 etc.

2374 810 2531 875 lbid.,
2568 811 2662 865 lin.
2688 810 2776 862 Ξῖ.
2817 810 2888 862 Ἠ
2908 808 2975 862 δὲ
3000 809 3145 879 χιὼν
3176 812 3242 864 ὲκ
3270 810 3393 863 τῶν
3416 809 3677 864 ὑδάτων.
3720 807 3842 862 Basi-

2302 898 2428 962 lius,
2476 900 2621 953 hom.
2677 900 2750 954 5:
2784 900 2950 951 ὐταν
3003 899 3059 952 δὲ
3118 902 3180 952 τὸ
3219 902 3383 971 ὑγρὸν
3418 899 3721 972 ὲξαφρισθηξ
3754 905 3842 964 ταῖς

2305 989 2446 1059 βίαις
2471 992 2578 1043 τῶν
2606 992 2818 1061 ἀνέμων
2842 992 3129 1055 ἀνακοπὲν,
3157 988 3274 1045 εἶτα
3296 997 3387 1066 είς
3417 995 3595 1066 ἀκρον
3884 992 3903 1007 ’

2302 1087 2429 1156 χθὲν
2458 1086 2576 1140 ὅλον
2607 1086 2673 1139 δι’
2715 1085 2837 1139 ὅλου
2867 1087 3044 1153 παγῇ,
3083 1084 3424 1156 ϐραυομινου
3456 1087 3559 1141 τοῦ
3598 1087 3843 1155 νέφως,ξ

2303 1177 2436 1246 χιὼν
2477 1179 2861 1247 καταφέρεται.
2902 1174 3019 1228 Non
3068 1174 3356 1232 dissimilia
3400 1179 3578 1233 habet
3616 1177 3843 1248 Georgia

2305 1266 2515 1323 Pisides
2567 1268 2642 1323 De
2694 1270 2873 1322 nou/nti
2923 1270 3163 1337 api/icio;
3220 1269 3438 1325 Plinius
3498 1273 3601 1325 lib.
3631 1273 3843 1335 tt,c.6il.

2305 1358 2623 1413 Craudinem
2654 1362 2981 1429 conglaciato
3014 1360 3177 1413 imbre
3206 1362 3383 1429 gigni,
3414 1372 3469 1415 et
3499 1363 3671 1416 uim
3704 1362 3843 1415 eda

2306 1449 2525 1500 humore
2556 1450 2769 1502 mollius
2823 1460 3021 1509 coacto,
3052 1450 3297 1517 pruinam
3331 1460 3517 1502 autem
3547 1467 3617 1504 ea:
3652 1468 3757 1504 rore
3781 1468 3845 1519 ge-

2305 1539 2435 1593 lido.
2478 1540 2593 1613 Sed“
2628 1542 2774 1595 brevi
2812 1541 2862 1594 id
2891 1542 3224 1609 explicemus
3276 1554 3564 1595 sermone.
3611 1540 3670 1595 Si
3713 1558 3846 1610 vapor

2306 1631 2562 1685 humidus
2594 1614 2653 1685 in
2689 1634 2847 1687 aeris’
2878 1632 3051 1685 media
3094 1631 3319 1699 regione
3348 1630 3657 1685 subvectus
3683 1633 3845 1687 densa-

2305 1732 2413 1785 tur,
2444 1738 2543 1776 nec
2585 1732 2699 1776 tum
2746 1724 3079 1793 congelatur,
3104 1721 3161 1775 fit
3189 1722 3395 1790 pluvia,
3426 1722 3516 1775 vel
3562 1726 3846 1794 congelatur

2301 1817 2614 1885 priusquam
2685 1816 2741 1868 in
2813 1830 3005 1884 aquam
3054 1822 3422 1879 convertatur,
3470 1820 3528 1867 et
3574 1816 3635 1866 ﬁt
3676 1817 3760 1869 nix
3794 1830 3844 1869 ex

2301 1902 2498 1971 frigore
2552 1909 2665 1954 tum
2704 1902 2916 1956 fortiori
2940 1918 3097 1971 quam
3130 1901 3337 1971 pluvia,
3368 1902 3457 1953 vel
3496 1912 3778 1973 postquam
3805 1905 3849 1958 in

2302 2006 2494 2060 aquam
2544 1991 2817 2045 resolutus
2878 1992 3061 2055 fuerit,
3092 2001 3146 2045 et
3175 1990 3233 2043 lit
3276 1991 3527 2060 grando;
3553 1993 3603 2047 si
3629 2008 3781 2061 vapor
3805 1995 3849 2047 in

2302 2081 2483 2134 intima
2534 2082 2754 2150 regione
2803 2080 2946 2136 aeris
2994 2080 3259 2142 subsidet,
3310 2082 3396 2136 vel
3454 2082 3774 2150 congelatur
3808 2091 3854 2137 α

2302 2169 2359 2224 fit
2412 2172 2628 2239 pruina,
2676 2171 2760 2224 vel
2815 2185 2924 2224 non
2984 2171 3321 2239 congelatur,
3360 2180 3409 2223 et
3447 2170 3510 2224 fit
3544 2187 3659 2225 ros.
3693 2172 3851 2227 Nirea:

2300 2260 2745 2313 candidissimam
2774 2260 2982 2328 nigram
3012 2261 3197 2313 invitis
3226 2261 3488 2316 sensibus
3510 2262 3729 2315 volebat
3754 2277 3859 2316 esse

2301 2351 2809 2417 Anaxagoras,quia
2832 2356 2976 2403 esset
2998 2364 3133 2418 aqua
3159 2359 3437 2404 concreta.
3469 2350 3679 2404 Sextus
3702 2349 3857 2419 Empi-

2301 2440 2449 2495 ricus
2496 2439 2789 2510 Pyrrhon.,
2822 2439 3084 2510 Hypolyp.
3113 2442 3206 2494 lib.
3241 2458 3275 2501 ι,
3312 2456 3436 2509 cap.
3474 2440 3567 2503 13,
3597 2440 3861 2509 Νοούμενα

2300 2534 2355 2586 δὲ
2390 2534 2749 2602 φαινομένοις,
2800 2533 2874 2593 ὡς
2917 2535 2945 2584 ὁ
2987 2530 3351 2601 Ἀναξαγόρας
3402 2532 3462 2583 τὸ
3511 2532 3717 2601 λευκὴν
3745 2527 3863 2583 εἶναι

2301 2628 2395 2695 τὴν
2442 2627 2614 2696 χιόνα,
2663 2624 2946 2687 ἁντετίθει,
2973 2624 3055 2676 ὅτι
3093 2623 3222 2691 χιὼν
3264 2621 3409 2692 ὕδωρ
3442 2623 3567 2674 ἐστὶ
3601 2624 3861 2691 πεπηγός·

2301 2719 2361 2770 τὸ
2386 2718 2441 2769 δὲ
2466 2718 2607 2786 ὕδωρ
2639 2718 2753 2767 ἐστὶ
2786 2716 2971 2785 μέλαν,
3000 2716 3093 2768 καὶ
3119 2716 3152 2785 ἡ
3184 2713 3314 2783 χιὼν
3338 2715 3445 2783 ἄρα
3478 2713 3713 2783 μέλαινά
3736 2716 3863 2767 ἐστι.

2303 2809 2433 2875 θυῖε
2494 2808 2889 2877 argumentatio
2926 2808 3010 2860 vel
3054 2822 3120 2859 ex
3163 2806 3255 2858 illo
3297 2806 3415 2858 solo
3460 2804 3642 2859 refelli
3679 2813 3863 2874 potest,

2304 2900 2447 2969 quod
2505 2899 2768 2952 terminos
2823 2898 2879 2950 in
2927 2897 3389 2966 propositionibus
3422 2904 3619 2959 mutet,
3644 2910 3784 2964 quos
3822 2897 3869 2949 si

2304 3006 2413 3043 non
2461 2997 2714 3051 mutaret,
2753 2988 2867 3058 ipsa
2896 3004 2992 3056 per
3024 3003 3082 3042 se
3106 2998 3286 3041 rueret
3309 2994 3565 3055 essetque
3587 2986 3819 3040 ridicula
3852 3004 3866 3037 τ

638 3075 875 3137 deorum,
908 3092 1025 3145 cap.
1061 3076 1132 3131 De
1159 3082 1296 3133 cmlo
1325 3082 1419 3133 :'H
1452 3082 1505 3133 δὲ
1551 3083 1704 3134 οὐσία
1752 3082 1912 3134 αὑτοῦ
1950 3084 2201 3153 πυρώδης

2306 3082 2420 3150 ipse
2448 3080 2527 3134 sic
2572 3079 2860 3141 formabat,
2897 3076 3001 3130 Nix
3028 3086 3112 3132 est
3143 3093 3279 3147 aqua
3306 3085 3594 3137 concreta;
3620 3092 3768 3145 aqua
3797 3083 3873 3129 es

569 3222 590 3233 _
636 3166 809 3229 ἐστιν,
845 3168 920 3230 ὼς
973 3169 1127 3237 δῆλον
1179 3173 1241 3222 ὲκ
1301 3173 1393 3223 τοῦ
1441 3174 1588 3241 ἡλίου
1642 3174 1733 3225 καὶ
1783 3176 1845 3225 ὲκ
1884 3175 1989 3225 τῶν
2030 3174 2202 3227 ἄλλων

635 3258 869 3329 ἄστρων.
907 3259 1068 3312 Ὅθεν
1104 3262 1195 3313 καὶ
1227 3263 1388 3332 αἰθὴρ
1421 3264 1620 3333 ἐκλήθη
1652 3264 1712 3315 τὸ
1746 3263 2005 3326 ἐξώτατον
2041 3266 2202 3333 μέρος

638 3350 732 3403 τοῦ
763 3352 965 3421 κόσμου
986 3353 1093 3405 ἀπὸ
1116 3354 1206 3405 τοῦ
1240 3354 1505 3407 αἴθεσθαι.
1536 3354 1857 3410 Eustathius
1889 3365 2069 3408 tamen
2114 3356 2201 3408 hic

640 3458 741 3511 pro
768 3443 966 3498 aethere
994 3454 1247 3513 quartum
1282 3446 1609 3499 elementum
1647 3448 1918 3517 intelligit,
1951 3448 2202 3501 videlicet

639 3535 840 3602 ignem,
872 3524 966 3604 qui
996 3544 1161 3589 totam
1192 3546 1390 3591 terram
1421 3554 1517 3591 sua
1549 3538 1599 3589 vi
1636 3545 1688 3590 et
1719 3538 1972 3593 facultate
2003 3554 2203 3592 consu-

641 3632 831 3691 meret,
858 3629 1048 3681 nisi-et
1088 3627 1246 3698 jussu
1289 3629 1497 3689 divino,
1530 3636 1584 3682 et
1620 3630 1773 3699 aquis
1801 3631 1976 3685 aereis
1995 3624 2205 3683 detine—

641 3722 811 3769 retur.

714 3806 831 3860 Col.
855 3808 973 3874 7l‘l,
1001 3810 1095 3864 lin.
1121 3809 1210 3863 22.
1234 3811 1597 3880 Συνάγονται
1625 3814 1755 3879 περὶ
1778 3812 1843 3865 τὸ
1862 3814 2033 3879 ὕψος.
2054 3812 2207 3866 Basi-

640 3894 750 3948 lius
797 3896 942 3949 hom.
996 3899 1027 3950 5
1055 3899 1475 3969 εΣυναγομένων
1514 3902 1620 3971 γάρ
1660 3902 1766 3954 τῶν
1799 3902 2204 3971 ἀναθυμιάσεων

643 3988 772 4057 περὶ
796 3988 855 4041 τὸ
888 3988 1039 4057 ὕψος,
1067 3990 1158 4042 καὶ
1188 3994 1557 4062 πυκνουμένου
1580 3994 1672 4045 τοῦ
1702 3994 1859 4061 ἀέρος
1880 3998 1997 4054 ταῖς
2016 3996 2077 4045 ἐκ
2101 3993 2206 4045 τῶν

644 4079 967 4147 πνευμάτων
996 4080 1264 4150 πιλήσεσι,
1282 4083 1408 4135 ὅταν
1434 4085 1527 4152 μὲν
1554 4085 1607 4136 αἱ
1636 4084 1769 4145 τέως
1799 4083 2092 4152 ἀτμοειδῶς
2115 4084 2207 4135 καὶ

643 4170 853 4233 λεπτῶς
872 4172 1265 4243 ὲνεσπαρμέναι
1284 4174 1360 4243 τῴ
1380 4175 1526 4242 νέφει
1544 4175 1742 4236 νοτίδες
1765 4174 2018 4243 ἀλλήλαις
2040 4191 2205 4245 προσ-

644 4264 961 4333 χωρήσωσι,
1000 4264 1253 4332 σταγόνες
1303 4268 1537 4333 γίνονται
1608 4267 1683 4335 τῷ
1720 4266 1872 4335 βάρει
1919 4266 2026 4318 τῶν
2079 4282 2207 4332 συγ-

646 4353 937 4423 κριθέντων
994 4358 1285 4426 φερόμεναι
1326 4358 1385 4410 τὸ
1414 4360 1581 4411 κάτω.
1617 4360 1726 4411 Καὶ
1759 4358 1895 4428 αῦτη
1927 4358 2079 4411 ὑετοῦ
2112 4359 2205 4425 γέ-

652 4462 809 4508 νεσις.
845 4447 1109 4515 Georgius
1148 4447 1356 4503 Pisides
1388 4449 1464 4503 De
1493 4451 1673 4503 mundi
1705 4450 1941 4518 api/icio,
1970 4464 2088 4518 pag.
2118 4448 2204 4511 l9,

646 4546 703 4593 et
741 4538 948 4593 Plinius
973 4541 1071 4595 lib.
1128 4556 1191 4603 tt,
1226 4542 1390 4609 capit.
1422 4542 1489 4594 42
1517 4562 1529 4595 :
1566 4542 1733 4594 Extra
1762 4543 1857 4593 has
1888 4558 2076 4593 causas
2106 4557 2209 4593 non

647 4632 939 4698 negaverim
986 4633 1235 4685 exsistere
1277 4633 1467 4685 imbres
1496 4644 1789 4701 ventosque.
1820 4632 2080 4697 Quoniam
2109 4631 2208 4683 lm-

648 4725 848 4778 midam
885 4744 916 4778 a
952 4737 1114 4789 terra,
1140 4727 1276 4781 alias
1306 4744 1425 4781 vero
1451 4738 1662 4796 propter
1692 4742 1929 4793 vaporem
1952 4726 2208 4794 [umidam

644 4822 895 4873 exhalare
946 4821 1221 4890 caliginem
1287 4832 1482 4873 certum
1548 4830 1643 4873 est.
1697 4819 1970 4888 Nubcsque
2012 4820 2211 4887 liquore

647 4928 850 4980 egresso
884 4913 939 4963 in
988 4912 1232 4975 sublime,
1275 4922 1365 4964 aut
1399 4927 1462 4965 ea:
1492 4929 1607 4965 aere
1660 4922 1837 4964 coacto
1871 4914 1923 4962 in
1958 4912 2209 4980 liquorem

646 5004 805 5073 gigni.
848 5002 1087 5056 Densitas
1127 5020 1309 5056 earum
1351 5019 1637 5072 corpusque
1663 5001 1802 5054 haud
1832 5002 1989 5056 dubio
2037 5002 2210 5069 conje-

648 5102 824 5145 ctatur
877 5104 1202 5163 argumento,
1254 5110 1371 5146 cum
1421 5094 1579 5146 solem
1634 5092 1957 5157 obumbrent,
2010 5094 2211 5159 perspi-

649 5200 804 5237 cuum
843 5184 979 5238 alias
1020 5186 1177 5237 etiam
1216 5184 1549 5237 urinanlibus
1602 5185 1655 5236 in
1706 5185 1935 5252 qualibet
1990 5183 2213 5251 profun—

649 5275 775 5328 dam
817 5292 1074 5345 aquarum
1116 5276 1470 5331 altitudinem.
1503 5275 1712 5329 Etenim
1749 5292 1815 5329 ex
1846 5291 2046 5344 vapore
2078 5276 2209 5330 solis

646 5366 700 5419 vi
733 5367 943 5420 elevato
972 5367 1027 5419 in
1058 5365 1288 5421 mediam
1329 5368 1601 5437 regionem
1641 5367 1781 5421 aeris
1824 5368 2084 5434 paulatim
2114 5366 2211 5418 fri-

650 5469 779 5525 gore
807 5457 981 5513 nubes
1002 5456 1455 5527 densantur,qu:e
1483 5458 1682 5519 calore,
1714 5457 1794 5509 vel
1830 5458 1935 5510 alio
1956 5459 2209 5526 quopiam

653 5546 964 5599 stimulante
999 5547 1299 5616 liqueﬁunt,
1326 5556 1379 5600 et
1410 5546 1756 5600 resolvuntur
1785 5548 1839 5599 in
1872 5563 2087 5615 aquam,
2114 5546 2209 5599 de-

652 5639 1024 5707 seenduntque
1073 5640 1433 5695 diversimodc
1469 5656 1565 5709 pro
1599 5639 1814 5708 vaporis
1868 5639 2211 5693 dissimilitu-

653 5729 778 5783 dine
814 5747 825 5783 :
862 5731 904 5784 si
947 5732 1085 5785 enim
1119 5748 1281 5800 vapor
1319 5733 1415 5786 fuit
1449 5735 1640 5797 rarior,
1676 5733 1925 5800 guttatim
1954 5732 2208 5785 dilabun-

2305 3172 2481 3239 nigra,
2507 3185 2635 3238 ergo
2662 3169 2755 3221 nix
2785 3175 2868 3221 est
2893 3168 3045 3236 nigra
3077 3186 3089 3221 :
3123 3183 3246 3220 cum
3277 3167 3350 3219 ita
3383 3174 3529 3221 esset
3563 3165 3869 3219 formanda.

2301 3260 2399 3314 Nix
2456 3268 2538 3315 est
2582 3274 2721 3328 aqua
2781 3266 3061 3321 concreta,
3090 3273 3229 3325 aqua
3267 3263 3520 3311 concreta
3566 3263 3651 3309 est
3697 3257 3873 3325 nigra.

2303 3360 2434 3403 tunc
2484 3350 2671 3417 utique
2719 3355 3056 3416 sequeretur,
3109 3361 3239 3415 ergo
3291 3348 3384 3399 nix
3430 3353 3514 3398 est
3552 3345 3739 3413 nigra.
3776 3345 3875 3399 Sed

2302 3443 2426 3511 quis
2477 3440 2795 3493 concederet
2844 3453 3037 3507 aquam
3096 3447 3406 3490 concrctam
3459 3450 3583 3490 esse
3622 3437 3883 3505 nigram?

2304 3549 2426 3587 cum
2466 3547 2661 3601 aquam
2719 3531 2881 3584 etiam
2916 3531 3088 3598 ipsam
3129 3528 3231 3583 etsi
3268 3542 3376 3581 non
3445 3536 3766 3580 concretam
3794 3529 3878 3581 ni-

2304 3640 2454 3695 gram
2480 3639 2602 3677 esse
2622 3638 2730 3677 non
2756 3621 3067 3681 allirmaret.

2377 3714 2534 3777 lbid.,
2584 3715 2677 3767 lin.
2735 3713 2822 3766 51.
2866 3712 3026 3765 ⁸11δέ
3070 3710 3299 3776 ,ϐροντὴ
3330 3708 3478 3761 κατὰ
3508 3708 3734 3761 τοῦτον
3781 3711 3880 3762 τὸν

2303 3810 2507 3875 λόγον.
2570 3806 2841 3865 Basilius,
2900 3804 3047 3855 hom.
3090 3802 3122 3854 5
3164 3821 3175 3852 :
3211 3802 3319 3869 Τὴν
3381 3800 3488 3867 γὰρ
3538 3799 3881 3869 στερρότητα

2306 3896 2400 3948 καὶ
2478 3894 2793 3947 ἀντιτυπίαν
2859 3890 2951 3943 τοῦ
3029 3889 3333 3958 πνεύματος
3403 3886 3495 3938 τοῦ
3568 3888 3881 3957 ἐναπολαμ-

2308 3988 2600 4056 ϐανομένου
2638 3988 2755 4046 ταῖς
2812 3982 3082 4051 κοιλότησι
3135 3981 3240 4032 τῶν
3283 3979 3481 4047 νεφῶν,
3534 3978 3629 4029 xa‘t
3684 3979 3784 4030 διὰ
3825 3978 3880 4029 τὸ

2310 4078 2500 4147 βιαίως
2573 4073 2936 4145 ὲκρήγνυσθαι
3003 4073 3128 4139 τοὺς
3210 4072 3311 4128 τὰς
3379 4068 3602 4139 βροντὰς
3678 4070 3879 4122 ἀποτε-

2307 4170 2533 4231 λοῦντας
2586 4168 2808 4236 ψόφους,
2850 4164 3134 4234 στερέωσιν
3158 4161 3385 4231 βροντῆς
3421 4158 3667 4229 ἠΓραφὴ
3709 4176 3877 4231 προσ-

2308 4260 2621 4329 ηγὸρευσεν.
2677 4256 2969 4325 Gregorius
3025 4252 3400 4306 Nazianzenus
3461 4249 3533 4303 De
3560 4251 3873 4319 theologia:

2310 4352 2374 4403 Τί
2445 4353 2533 4420 μοι
2593 4349 2966 4418 φιλοσοφήσεις
3030 4346 3158 4415 περὶ
3218 4342 3506 4413 ἀστραπῶν
3567 4341 3663 4392 καὶ
3727 4342 3875 4413 {3va-

2239 4445 2285 4500 D
2314 4444 2440 4507 τῶν,
2477 4436 2520 4493 ὦ
2554 4439 2785 4510 βροντῶν
2821 4437 2925 4490 ἀπὸ
2955 4437 3055 4505 γῆς
3091 4436 3176 4497 σὺ,
3207 4434 3299 4485 καὶ
3330 4432 3449 4484 οὐδὲ
3485 4431 3700 4500 μικροῖς
3728 4446 3872 4482 σπιν-

2314 4536 2475 4605 θῆρσι
2501 4533 2598 4601 τῆς
2621 4531 2873 4601 ἀληθείας
2897 4527 3235 4597 λαμπόμενε,
3257 4526 3408 4585 τίνας
3430 4523 3635 4592 ἀτμοὺς
3658 4523 3872 4588 minus“

2314 4628 2506 4693 νέφους
2532 4622 2913 4692 δημιουργοὺς,
2935 4621 2967 4690 ἦ
2994 4619 3151 4689 ἀέρος
3176 4613 3448 4669 πύκνωσίν
3470 4630 3612 4676 τινα,
3639 4615 3672 4681 ἢ
3700 4612 3871 4680 νεφῶν

2316 4718 2421 4769 τῶν
2454 4714 2765 4784 μανοτάτων
2799 4712 2973 4779 θλίψιν
3001 4710 3032 4777 ἦ
3067 4707 3358 4778 suppr-iw;
3399 4706 3482 4756 ἵνα
3511 4708 3543 4774 ἡ
3578 4705 3675 4772 μὲν
3699 4702 3869 4771 θλὲψις

2320 4811 2399 4860 σοὶ
2432 4808 2529 4876 τὴν
2562 4804 2868 4875 ἀστραπὴν,
2900 4804 2933 4869 ἡ
2973 4799 3028 4852 δὲ
3059 4798 3211 4869 ῥῆξις
3244 4796 3339 4866 τὴν
3379 4795 3601 4865 βροντὴν
3632 4792 3867 4865 ἀπερτὰ-

2318 4918 2497 4971 σηται,
2525 4900 2671 4949 ποῖον
2723 4896 2778 4947 δὲ
2824 4891 3039 4960 πνεῦμα
3089 4886 3601 4957 στενοχωρούμενον,
3632 4881 3757 4938 εἶτα
3781 4884 3865 4935 οὐκ

2314 4993 2433 5061 ἔχον
2456 4989 2703 5053 διέξοδον,
2724 4988 2810 5039 ἵνα
2838 4981 3086 5053 ἀστράψῃ
3116 4980 3448 5048 θλιϐόμενον,
3483 4977 3577 5029 καὶ
3610 4976 3862 5046 βροντησῃ

2316 5083 2683 5154 ρηγνύμενον;
2711 5094 2777 5133 ex
2798 5076 2995 5144 quibus
3020 5075 3195 5126 locum
3214 5070 3479 5123 Eustathii
3510 5071 3581 5121 ita
3608 5070 3857 5122 restituo;

2327 5178 2393 5228 Ἠ
2421 5176 2477 5227 δὲ
2507 5172 2700 5244 βροντὴ
2732 5171 2871 5221 κατὰ
2900 5165 3085 5218 τοῦτον
3111 5164 3202 5215 τὸν
3242 5162 3399 5228 λόγον
3447 5163 3513 5228 τῇ
3562 5161 3859 5231 «apparet:

2316 5271 2409 5323 καὶ
2441 5266 2533 5320 τοῦ
2574 5263 2880 5331 πνεύματος
2920 5257 3209 5327 ἀντιτυπία
3246 5256 3472 5323 γίνεται.
3501 5253 3746 5307 Celebris
3776 5248 3859 5303 fuit

2317 5374 2508 5415 eorum
2530 5356 2714 5425 opinio
2740 5353 2833 5423 qui
2860 5351 3264 5411 existimarunt,
3294 5347 3503 5399 tonitru
3528 5344 3643 5399 ﬁeri
3669 5342 3856 5398 exstin-

2315 5454 2495 5506 ctione
2544 5446 2686 5516 ignis
2726 5443 2965 5498 nubibus
2994 5439 3297 5507 intercepti.
3330 5436 3396 5489 Et
3422 5434 3853 5506 quemadmodum

2315 5546 2520 5599 ferrum
2566 5539 2806 5594 candens
2850 5536 2903 5589 in
2950 5548 3143 5603 aquam
3190 5532 3505 5584 immersum
3547 5527 3761 5589 stridet,
3795 5524 3854 5575 ita

2315 5638 2458 5707 ignis
2479 5636 2588 5691 ille.
2620 5632 2705 5685 vel
2732 5629 2887 5683 stella
2917 5627 3105 5696 ignita,
3131 5631 3191 5677 ut
3220 5622 3547 5692 opinabatur
3586 5617 3851 5683 Epicurus.

2318 5706 2370 5787 in
2404 5729 2599 5785 nubem
2630 5724 2848 5792 delapsa
2876 5718 3163 5775 stridorem
3188 5713 3412 5779 excitat,
3445 5714 3524 5767 sic
3554 5711 3607 5763 in
3639 5706 3853 5762 nubibus
