4042 6338
115 368 277 424 853

1181 365 1246 420 IN
1286 367 1658 422 EUSTATHII
1698 368 2181 427 HEXAEMERON
2221 369 2452 427 NOTAE.

3294 381 3397 436 834

115 481 486 546 contingere
525 482 850 536 fatebantur.
881 476 1036 532 Hunc
1072 481 1362 534 stridorem
1409 480 1483 532 ita
1519 479 1708 536 deseri

1832 480 2028 548 ἄμμον
2047 481 2210 548 ὄριον
2236 481 2310 550 τῇ
2334 481 2616 551 θαλάσσῃ
2633 499 2658 544 ;.
2676 485 2765 555 Τῷ
2789 486 3158 558 ἀσθενεστάτῳ
3183 489 3397 544 πάντων

114 575 279 640 psit
306 573 551 628 Ovidius.

221 682 543 737 Terribilem
573 679 798 735 stridore
826 697 1009 733 sonum
1032 681 1194 743 dedit,
1227 692 1283 733 ut
1307 682 1435 736 dare
1462 683 1658 750 ferrum

217 752 365 820 Igne
399 753 584 805 rubens
608 753 1078 821 plerumquesolet,
1111 752 1248 821 quod
1279 753 1474 819 forcipe
1502 770 1659 808 curva

215 821 369 875 Cum
403 822 548 888 faber
571 820 750 872 eduxit
781 820 992 872 lacubus
1023 820 1270 882 demittit,
1307 832 1359 873 at
1391 823 1522 873 illud

219 891 457 948 Stridet.
491 900 540 942 et
575 891 629 941 in
665 889 836 954 tepida
866 891 1192 943 submersum
1230 891 1408 943 sibilat
1433 891 1592 944 unda.

113 996 386 1052 Necnon
416 1012 468 1050 et
497 995 803 1063 Lucretius,

215 1108 325 1178 Fit
356 1125 550 1178 quoque
581 1109 668 1162 ubi
703 1128 728 1164 e
756 1110 886 1163 nube
911 1111 966 1162 in
1002 1111 1185 1162 nubem
1215 1112 1287 1162 vis
1322 1110 1507 1163 incidit
1539 1112 1726 1166 ardens

210 1177 521 1247 I_"ulminis,
547 1181 654 1232 lucc
682 1182 845 1232 multo
873 1182 919 1232 si
952 1180 1085 1246 forte
1117 1180 1329 1232 humore
1356 1183 1542 1247 recepit

214 1245 413 1318 {gnem
442 1252 684 1303 continuo
707 1266 893 1318 magno
922 1245 1151 1300 clamore
1183 1251 1404 1300 trucidet
1434 1268 1450 1302 :

215 1311 302 1386 {It
334 1319 520 1371 calidis
549 1323 775 1372 candens
793 1311 1006 1386 'ferrum
1037 1335 1062 1370 e
1096 1318 1396 1382 fornacibus
1425 1321 1552 1372 olim

212 1385 430 1439 Stridet
453 1390 539 1439 ubi
565 1391 613 1439 in
634 1385 862 1458 gelidum
885 1403 1101 1455 propere
1122 1388 1465 1440 demersimus
1491 1391 1723 1443 imbrem.

117 1474 467 1532 Aristotelis
495 1486 548 1533 et
585 1481 817 1532 aliorum
857 1494 1095 1530 veterum
1129 1480 1579 1548 philosophorum
1613 1485 1728 1549 pla-

120 1568 264 1619 cita
299 1570 365 1621 de
395 1571 744 1638 generatione
780 1571 1002 1622 tonitrui
1039 1571 1151 1638 lege
1181 1571 1320 1639 apud
1353 1573 1723 1636 Aristotelem,

121 1658 240 1711 lib.
288 1675 325 1713 ιι
367 1659 609 1722 Meteon.
654 1675 776 1729 cap.
808 1662 940 1726 ult.;
991 1661 1253 1714 Senecam
1287 1663 1378 1716 lib.
1411 1662 1722 1716 "Natural.

118 1761 368 1818 gramen,
408 1768 527 1821 cap.
576 1753 676 1818 l7;
718 1752 1071 1806 Plutarchum
1125 1755 1216 1807 lib.
1271 1769 1328 1807 In
1370 1753 1446 1808 De
1492 1756 1722 1822 placitis,

123 1854 276 1909 cap.
324 1842 392 1906 3;
445 1841 678 1895 Plinium
741 1844 835 1897 lib.
874 1861 933 1905 ιι,
965 1860 1084 1914 cap.
1117 1845 1216 1907 45,
1271 1855 1323 1900 et
1369 1847 1423 1900 in
1474 1848 1723 1901 eumdem

120 1941 446 1985 comment.
494 1933 678 1988 Jacobi
737 1935 957 1989 blilichii
990 1955 1003 2000 ;
1040 1937 1347 1991 Lucretium
1389 1940 1480 1992 lib.
1518 1956 1598 2003 v1;
1633 1940 1727 1990 Al-

123 2023 372 2076 bertum
424 2024 672 2095 Magnum
725 2035 945 2081 tractat.
971 2029 1024 2092 5,
1065 2030 1157 2081 lib.
1197 2045 1279 2091 ιιι,
1312 2044 1430 2097 cap.
1464 2029 1526 2093 2;
1559 2027 1726 2082 Joan-

126 2129 278 2168 nem
300 2112 614 2178 ‘Stobmum,
659 2118 711 2170 in
747 2117 959 2188 Eclogis
994 2119 1247 2188 physicis,
1293 2134 1414 2187 cap.
1467 2119 1562 2184 15;
1604 2119 1723 2172 Ori—

129 2218 347 2272 genem
375 2205 465 2259 lib.
499 2205 756 2260 lElenchi
787 2209 964 2261 lueret.
995 2219 1047 2261 et
1084 2209 1238 2261 alios.

173 2283 180 2286 ⁷
210 2294 344 2347 Col.
375 2296 492 2360 712,
533 2298 627 2351 lin.
669 2299 756 2351 55.
790 2301 1069 2366 Συνήχθη
1099 2299 1162 2352 τὸ
1192 2300 1365 2366 ὕδωρ.
1413 2298 1488 2352 De
1515 2299 1724 2369 origine

126 2386 324 2440 maris
359 2402 464 2440 non
490 2395 704 2442 constat
736 2390 876 2443 inter
911 2391 1285 2459 phiIOSOphos.
1315 2391 1722 2445 Anaximander

127 2484 188 2528 et
213 2477 488 2546 Diogenes
517 2495 734 2534 omnem
769 2483 968 2547 locum,
990 2484 1080 2552 qui
1110 2492 1310 2536 terram
1336 2485 1524 2546 ambit,
1555 2482 1723 2538 fuisse

129 2568 459 2634 humidum,
491 2581 543 2624 et
581 2587 721 2641 aqua
751 2573 1018 2641 repletum
1050 2575 1455 2637 existimarunt,
1482 2583 1592 2626 tum
1627 2591 1720 2629 so-

131 2657 208 2712 lis
262 2661 460 2716 ardore
505 2664 841 2716 exsiccatum
896 2664 1182 2732 plurimam
1239 2665 1360 2732 ejus
1414 2673 1622 2733 partem
1665 2665 1719 2718 in

129 2765 408 2821 vaporem
456 2752 677 2817 abiisse,
726 2769 843 2807 eam
895 2770 1023 2808 vero
1065 2771 1183 2822 qua:
1229 2757 1513 2820 remansit,
1570 2772 1721 2810 mare

133 2843 508 2897 constituere.
563 2846 911 2913 Anaxagoras
958 2851 1010 2898 et
1066 2845 1406 2899 Metrodorus
1456 2854 1720 2914 putarunt

135 2947 303 2987 mare
335 2950 458 2988 esse
490 2943 647 2987 terra!
682 2937 936 2989 sudorem
969 2937 1101 2989 solis
1131 2938 1533 2999 incalescentis,
1572 2938 1720 2991 ideo-

135 3038 252 3091 que
286 3024 510 3086 salsum,
547 3026 673 3092 quia
719 3025 883 3078 sudor
917 3027 1094 3079 salsus
1129 3034 1231 3080 est.
1267 3025 1340 3079 De
1373 3027 1458 3079 his
1491 3029 1714 3081 Aristot.

137 3113 242 3168 lib.
273 3129 315 3166 Il
348 3113 592 3174 Meteon,
627 3129 748 3183 cap.
783 3116 804 3166 1
833 3131 847 3178 ;
877 3126 928 3168 et
959 3113 1305 3176 Plutarchus,
1335 3115 1426 3169 lib.
1460 3115 1528 3168 De
1547 3118 1716 3183 placi-

140 3207 211 3257 tis
243 3206 564 3273 philosoph.,
603 3221 724 3274 cap.
769 3205 851 3268 16,
887 3215 941 3260 et
980 3208 1068 3259 alii
1103 3209 1154 3259 in
1189 3209 1304 3276 ipso
1337 3208 1522 3261 mundi
1556 3223 1715 3262 exor-

138 3296 258 3358 dio,
293 3311 417 3349 cum
462 3295 604 3350 Deus
644 3312 813 3365 aquas
847 3313 1012 3350 unum
1056 3299 1110 3350 in
1155 3300 1330 3352 locum
1367 3302 1710 3364 secrevisset,

140 3385 287 3439 duos
323 3387 534 3454 globos,
573 3402 736 3438 unum
765 3400 934 3454 aquae,
970 3388 1197 3440 alterum
1226 3395 1403 3452 terrae,
1438 3389 1539 3442 etsi
1571 3391 1712 3444 inter

138 3492 202 3530 se
226 3479 500 3541 diversos,
527 3477 820 3530 continuos
849 3487 1029 3530 tamen
1064 3478 1353 3533 mansisse.

214 3565 375 3629 lbid.,
405 3568 501 3622 lin.
538 3568 627 3621 58.
672 3568 793 3620 Ἵνα
826 3569 908 3636 μὴ
949 3569 1014 3620 ἐκ
1047 3567 1164 3620 τῶν
1197 3571 1441 3638 χωρίων.
1474 3571 1710 3628 Basilius

141 3656 293 3713 hom.
327 3658 399 3711 4:
437 3661 555 3711 Ἵνα
586 3660 660 3728 μὴ
704 3659 763 3710 τὸ
803 3660 1054 3729 ἐπιρρέον
1092 3660 1233 3730 ὕδωρ
1270 3661 1376 3714 τῶν
1407 3662 1708 3732 δεχομένων

141 3749 274 3801 αὐτὸ
323 3749 533 3818 χωρίων
587 3750 1001 3820 ὑπερχεόμενον,
1061 3751 1412 3819 μετεκϐαῖνον
1462 3753 1569 3816 ἀεὶ,
1614 3755 1709 3806 καὶ

139 3839 273 3891 ἄλλα
307 3841 366 3906 ἐξ
393 3842 564 3894 ἄλλων
594 3843 852 3912 πληροῦν,
885 3845 1062 3895 πᾶσαν
1092 3844 1230 3896 κατὰ
1255 3845 1315 3896 τὸ
1344 3847 1562 3914 συνεχὲς
1591 3848 1708 3899 ὲπι-

143 3929 312 4000 κλύσῃ
347 3933 443 4001 τὴν
485 3933 731 4002 ἡπειρον,
766 3933 1055 4004 ἐκεὶεύσθη
1103 3936 1428 4005 συναχθῆναι
1463 3941 1538 3998 εἰς
1582 3955 1708 3989 συν-

141 4027 363 4096 αγωγὴν
394 4026 538 4094 μίαν.
569 4025 639 4077 Ex
664 4026 860 4094 quibus
890 4027 961 4078 ita
993 4027 1168 4078 locum
1201 4027 1463 4080 Eustathii
1495 4031 1702 4099 supple,

140 4113 228 4164 ’ἵνα
259 4114 331 4183 μὴ
363 4117 424 4165 ὲκ
453 4114 559 4166 τῶν
593 4115 825 4184 χωρίων,
856 4114 981 4166 ἔνθα
1016 4116 1150 4177 ἐστὶ,
1185 4116 1581 4187 ὑπερχεόμενον
1613 4121 1705 4170 καὶ

141 4204 466 4258 ὑπεκῦαῖνον
495 4207 640 4257 ὲπικ.
668 4205 764 4274 τὴν
789 4206 842 4274 ἥ.
870 4204 1041 4273 Hujus
1076 4214 1253 4259 autem
1285 4208 1551 4261 rationem
1582 4214 1705 4280 qui-

142 4293 260 4346 dam
289 4311 410 4350 esse
433 4297 620 4348 volunt
645 4296 1062 4364 propensionem
1089 4296 1319 4360 scilicet,
1347 4313 1508 4365 quam
1540 4299 1702 4354 habet

141 4397 276 4452 aqua
307 4393 365 4437 ut
397 4399 516 4437 sese
550 4383 605 4435 in
639 4382 924 4435 rotundam
973 4383 1198 4451 ﬁguram
1234 4386 1546 4453 conglobet,
1582 4403 1701 4455 quae

1832 573 1896 640 τῇ
1930 570 2138 642 ψάμιυρ
2170 575 2204 642 ἡ
2230 576 2352 635 ταῖς
2383 572 2523 641 βίαις
2553 575 2820 645 ἀφόρητος
2851 579 3178 647 χαλινοῦται.
3213 581 3396 636 Admi-

1833 660 2060 714 randam
2100 662 2192 717 Dei
2227 665 2548 732 potentiam,
2587 673 2640 718 et
2678 666 2731 718 in
2756 682 2924 736 genus
2953 669 3252 724 humanum
3290 673 3398 726 cle-

1833 750 2111 812 mentiam,
2136 750 2264 804 dum
2287 751 2598 808 furentibus
2622 752 2783 808 undis
2802 757 3065 811 terminos
3088 760 3393 824 constituit,

1833 839 2176 908 impetusque
2205 839 2468 896 ﬂuctuum
2492 841 2735 906 cohibet,
2760 850 2814 896 et
2839 859 3003 899 arena
3036 850 3193 915 quasi
3227 852 3398 902 inter-

1831 931 1983 985 stitio
2013 933 2246 1001 quodam
2277 947 2426 988 mare
2455 933 2802 988 discriminat
2831 949 2860 987 a
2885 939 3208 1002 continenti,
3237 949 3288 993 et
3312 956 3399 1010 pe-

1829 1022 2064 1075 riculum
2097 1033 2266 1088 arcet,
2301 1027 2502 1080 summi
2538 1027 2643 1080 viri
2673 1042 2885 1081 summa
2917 1030 3226 1098 eloquentia
3262 1047 3399 1100 prae-

1830 1113 2014 1167 dicare
2044 1118 2223 1169 conati
2256 1126 2419 1183 sunt;
2457 1131 2641 1180 unam,
2676 1119 2762 1172 vel
2793 1120 3016 1174 alteram
3051 1135 3240 1174 eorum
3275 1138 3401 1176 sen-

1828 1205 2078 1271 tentiam,
2112 1208 2238 1275 quia
2271 1210 2678 1278 elegantissima
2716 1221 2818 1277 est,
2864 1227 2974 1266 non
3002 1215 3272 1282 gravabor
3299 1215 3398 1269 de-

1829 1295 2090 1349 scribere.
2116 1296 2555 1368 TheOphylactus
2580 1300 2907 1365 Simocatus,
2929 1305 3088 1371 epist.
3113 1303 3177 1358 δε
3201 1305 3402 1376 Ὄρους

1827 1387 1855 1436 6
1891 1385 2216 1455 δημιουργὸς
2265 1390 2358 1441 καὶ
2395 1389 2470 1458 τῷ
2517 1389 2785 1460 θαλαττίῳ
2834 1392 3111 1458 διετάξατο
3144 1393 3395 1460 κλύδωνι,

1827 1477 1921 1526 καὶ
1948 1479 2056 1537 τοῖς
2085 1476 2348 1543 αἰγιαλοῖς
2377 1478 2436 1531 τὸ
2470 1479 2722 1547 πελάγιον
2773 1482 3124 1550 κεχαλίνωται
3162 1483 3395 1554 ῥεῖθρον.

1827 1564 1936 1615 Καὶ
1965 1564 2187 1634 ψάμμος
2224 1584 2306 1629 τις
2346 1567 2436 1619 ἐπὶ
2482 1570 2653 1638 μικρᾷ
2692 1570 2901 1641 ἠπείρῳ
2941 1571 3178 1644 θαλάττῃ
3217 1573 3399 1642 μεταί-

1828 1671 2012 1724 χμιον.
2061 1658 2133 1708 Ού
2179 1657 2282 1727 γὰρ
2327 1658 2532 1711 ἀδικεῖν
2568 1663 2600 1729 ὴ
2637 1659 2872 1712 θάλαττα
2910 1661 3012 1731 τὴν
3050 1664 3262 1729 γείτονα
3295 1666 3399 1734 γῆν

1830 1744 2259 1816 συγκεχώρηται·
2295 1747 2646 1818 παλινδρομεῖ
2671 1749 2726 1801 δὲ
2750 1749 2888 1819 πρὸς
2913 1751 3066 1803 ἑαυτὸ
3098 1753 3158 1803 τὸ
3189 1753 3398 1824 ῥεῖθρον

1760 1812 1800 1864 Β
1831 1812 2151 1904 μαινόμενον
2177 1837 2416 1908 μεγάλην
2440 1812 2736 1907 ἀπείλῆσαν
2761 1812 2826 1910 τῇ
2853 1841 3031 1911 χέρσῳ
3052 1843 3149 1913 τὴν
3179 1812 3394 1910 ἐφοδονς

1825 1925 2068 1979 Andreas
2090 1926 2367 1983 Cretensis
2389 1932 2635 1984 oratione
2663 1949 2673 1982 :
2700 1933 2791 1993 Et;
2816 1933 2907 1985 τὸν
2930 1933 3265 2004 ἀνθρώπινον
3282 1934 3396 2004 βίον

1825 2018 1917 2068 καὶ
1944 2019 2018 2078 εἰς
2045 2019 2167 2080 τοὺς
2196 2004 2573 2090 κοίμηθέντας.
2606 2022 2699 2085 Τίς
2725 2026 2753 2074 6
2774 2023 2943 2085 τιθεὶς
2973 2025 3216 2096 θαλάσσῃ
3247 2026 3395 2096 ψάμ-

1829 2125 1925 2176 μον
1959 2109 2134 2177 ὅριον;
2169 2110 2320 2180 Φόϐῳ
2361 2111 2415 2162 δὲ
2456 2112 2596 2174 τίνος
2634 2113 2986 2186 χαλινουμένη
3026 2117 3390 2181 συστέλλεται,

1825 2199 1918 2250 καὶ
1957 2199 2274 2269 ἡμεροῦται,
2308 2203 2400 2254 καὶ
2445 2202 2551 2256 τῶν
2597 2203 2740 2256 ἰδίων
2790 2206 2928 2274 ὅρων
2957 2205 3105 2268 ἐντὸς
3138 2206 3393 2259 καθελκο-

1828 2289 1960 2360 μένη
2006 2292 2304 2361 συνέχεται,
2343 2292 2437 2343 καὶ
2485 2291 2653 2363 ὑγρὰς
2703 2293 2762 2344 ού
2817 2296 3147 2364 παρατρέχει
3202 2294 3390 2366 θύρας,

1823 2379 1938 2432 ἀλλ’
1962 2381 2035 2443 ὡς
2068 2381 2333 2452 φορὸαιὰν
2358 2382 2498 2435 κατὰ
2525 2384 2694 2453 στόμα
2715 2386 2774 2435 τὸ
2798 2384 3124 2455 πρόσταγμα
3151 2388 3392 2457 φέρουσα

1821 2472 1920 2540 τῆς
1949 2473 2045 2541 μὲν
2077 2475 2313 2540 γείτονος
2343 2474 2789 2538 κατεξανίσταται
2821 2478 2940 2545 γῆς,
2980 2480 3061 2540 εἰς
3106 2479 3301 2548 ἑαυτὴν
3332 2471 3390 2530 δὲ

1821 2561 2212 2624 ἁναποδίζουσα
2242 2564 2445 2625 ὑπτίως
2473 2564 2560 2616 τὸν
2595 2565 2692 2634 μὲν
2725 2566 2892 2634 ἀτμὸν
2922 2567 3220 2636 ὲξαφρίζει,
3253 2571 3390 2639 πρὸς

1820 2652 1874 2703 δὲ
1901 2652 1970 2704 τά
1999 2654 2148 2722 χείλη
2178 2654 2255 2722 τῷ
2292 2655 2436 2725 σάλῳ
2467 2656 2830 2724 συμφύρεται,
2863 2659 2955 2710 καὶ
2984 2660 3119 2728 πρὸς
3150 2659 3389 2712 τούπίσω

1820 2747 1986 2814 χωρεῖ
2041 2745 2101 2796 τὸ
2153 2745 2394 2796 δουλικὸν
2453 2747 2837 2817 ὑπογράφουσα
2887 2751 3088 2820 σχῆμα.
3134 2751 3388 2806 Omnium

1819 2834 2222 2902 elegantissime
2259 2833 2563 2914 Methodius
2602 2835 2914 2893 Patarensis
2942 2842 3253 2910 cpiscopus,
3288 2843 3384 2895 lib.

1818 2921 2083 2974 Delibero
2114 2922 2359 2986 arbitrio,
2393 2925 2480 2976 ubi
2511 2923 2855 2978 Valentinum
2890 2929 2962 2979 ita
2997 2929 3123 2982 facit
3160 2932 3389 3000 loquen-

1817 3020 1962 3065 tem:
1997 3014 2137 3075 Χθὲς
2166 3013 2224 3065 τὸ
2253 3013 2473 3066 δειλινὸν
2506 3019 2837 3085 περιπατῶν,
2870 3012 2912 3069 ὦ
2948 3019 3084 3086 φίλε,
3120 3022 3265 3090 παρὰ
3294 3023 3387 3075 τὸν

1817 3105 1915 3174 τῆς
1952 3104 2224 3175 θαλάσσης
2249 3107 2510 3173 αἰγιαλὸν,
2541 3109 2630 3160 καὶ
2665 3108 2828 3172 ὀξέως
2869 3109 2982 3171 πῶς
3020 3112 3276 3174 ἀτενίζων
3305 3115 3386 3176 είς

1817 3197 2008 3265 αὐτὴν,
2049 3196 2232 3265 ἐώρων
2265 3198 2565 3268 ὑπερϐολήν
2605 3217 2724 3251 τινα
2772 3201 2921 3264 θείας
2960 3203 3259 3272 δυνάμεως,
3291 3207 3385 3258 καὶ

1815 3288 1986 3356 σοφῆς
2015 3290 2322 3358 ἐπιστήμης
2349 3291 2564 3361 τέχνην,
2601 3293 2652 3343 εί
2671 3309 2732 3358 γε
2762 3295 2852 3344 καὶ
2879 3295 3072 3364 τέχνην
3096 3296 3157 3346 τὸ
3175 3297 3383 3350 τοιοῦτο

1813 3377 1995 3429 καλεῖν
2020 3380 2146 3448 χρή.
2178 3380 2386 3448 Ὥσπερ
2417 3381 2524 3449 γάρ
2552 3382 2579 3432 6
2621 3381 2913 3452 Ὁμηρικὸς
2941 3383 3122 3453 στίχος
3152 3385 3382 3455 φθέγγε-
3405 3411 3422 3440 .-

1810 3485 1898 3521 ται
1930 3472 2148 3532 ἐκεῖνος·

1857 3607 1950 3672 Ὡς
1979 3609 2028 3659 δ’
2057 3608 2259 3676 ἄνεμοι
2282 3609 2389 3661 δύο
2412 3610 2633 3665 πόντον
2663 3608 2929 3674 ὀρίνετον
2961 3611 3274 3677 ἰχθυόεντα

1844 3678 2085 3743 Βορέης,
2121 3680 2216 3730 καὶ
2248 3679 2530 3745 Ζέφυρος,
2557 3677 2696 3729 τώτε
2727 3679 3030 3745 Θρῄκηθεν
3053 3680 3239 3746 ἄητον

1857 3749 2111 3800 Ἐλθόνί
2137 3749 2444 3811 ἐξαπίνης,
2476 3747 2687 3815 ἁμυὸις
2714 3747 2779 3799 δέ
2811 3765 2873 3799 τε
2897 3749 3054 3817 κῦμα
3080 3752 3360 3805 κελαινὸν

1843 3819 2181 3882 Κορθύεται,
2215 3818 2447 3869 πολλὸν
2479 3817 2544 3868 δὲ
2564 3817 2752 3883 παρὲξ
2779 3817 2897 3870 ἅλα
2922 3819 3112 3885 φῦκος
3134 3821 3370 3888 ἔχευαν·

1807 3932 1947 4006 οὕτω
1984 3951 2072 4002 μοι
2115 3933 2208 3984 καὶ
2255 3933 2379 4001 χθὲς
2412 3933 2688 4000 γεγονέναι
2739 3933 2903 3986 δοκεῖ.
2932 3935 3212 4005 Κορυφαῖς
3265 3937 3374 4007 γάρ

1807 4022 1975 4091 ὀρέων
2007 4023 2386 4092 παραπλήσιον
2430 4021 2614 4091 ἐώρων
2663 4021 2900 4092 κύματα,
2954 4023 3068 4084 καὶ,
3113 4023 3187 4086 ὼς
3217 4025 3374 4091 λόγον

1806 4115 1996 4174 εἰπεῖν,
2029 4113 2192 4164 αὑτοῦ
2230 4112 2591 4181 ἐφικνούμενα
2614 4112 2707 4164 τοῦ
2737 4113 2982 4183 οὐρανοῦ.
3022 4113 3094 4165 Τὸ
3118 4115 3161 4166 δ’
3193 4116 3374 4169 ὲντεῦ-

1807 4203 1896 4254 θεν
1938 4203 2088 4254 οὐδὲν
2133 4204 2315 4272 ἕτερον
2350 4203 2693 4272 προσεδόκων
2723 4203 2754 4272 ἢ
2792 4203 3007 4255 ἃπασαν
3041 4205 3370 4277 ὲπικλυσθή-

1805 4294 1990 4347 σεσθαι
2020 4296 2116 4363 τὴν
2145 4295 2266 4361 γῆν·
2298 4293 2388 4345 καί
2429 4311 2515 4362 μοι
2560 4294 2736 4363 φυγῆς
2775 4297 2830 4345 ὲν
2859 4294 2935 4363 τῷ
2963 4293 3042 4347 νοῒ
3069 4295 3249 4360 τόπον,
3278 4298 3370 4351 καὶ

1801 4382 1897 4450 τὴν
1940 4382 2033 4434 τοῦ
2086 4383 2206 4433 Νῶε
2254 4382 2580 4434 ἀνέπλαττον
2626 4383 2872 4436 κιϐωτόν.
2926 4384 2997 4436 Τὸ
3044 4385 3087 4436 δ’
3121 4387 3219 4437 οὐκ
3249 4382 3369 4456 ἦνδ

142 4473 206 4526 ad
234 4476 353 4541 ejus
383 4476 637 4543 impetum
682 4474 1042 4527 cohibendum
1081 4476 1215 4529 satis
1243 4491 1362 4529 esse
1395 4478 1499 4530 sibi
1534 4490 1696 4532 autu-

1813 4472 2068 4541 ἐνόμιζον,
2099 4473 2231 4525 ἀλλὰ
2259 4473 2367 4543 γὰρ
2409 4473 2522 4542 ἅμα
2564 4475 2902 4543 κυρωθῆναι
2934 4473 3028 4544 τὴν
3070 4475 3363 4540 θάλασσαν,

142 4576 285 4618 mant
311 4567 556 4634 exemplo
582 4575 850 4635 guttarum
881 4580 1001 4633 qua:
1028 4581 1057 4618 e
1080 4567 1274 4635 tegulis
1302 4569 1555 4636 pendent,
1593 4585 1693 4624 nec

141 4654 326 4712 ﬂuunt.
354 4658 458 4711 Alii
486 4657 682 4711 divinae
705 4657 957 4724 potentia;
990 4665 1044 4710 et
1068 4658 1294 4712 bonitati
1328 4659 1381 4712 id
1406 4669 1692 4729 acceptum

141 4746 398 4814 referunt,
419 4764 537 4817 quae
580 4749 828 4802 humanae
851 4748 1044 4802 salutis
1067 4756 1120 4802 et
1149 4750 1270 4803 vine
1299 4754 1475 4819 gratia
1505 4752 1694 4809 furens

142 4850 200 4890 ac
229 4839 516 4893 imminens
540 4855 708 4905 mare,
727 4840 896 4893 .veluti
920 4839 1156 4908 quodam
1182 4840 1334 4895 freno
1363 4847 1690 4911 compescit,

141 4939 188 4981 et
215 4931 321 4997 jam
347 4932 585 5000 proclive
613 4931 920 4995 contundit,
960 4931 1120 5001 idque
1145 4933 1346 4986 habent
1373 4941 1426 4986 et
1459 4950 1522 4988 ex
1558 4937 1691 4991 locis

141 5017 372 5086 Patrum,
415 5038 551 5091 quos
598 5021 739 5076 inira
783 5022 1134 5090 adducemus,
1178 5032 1229 5078 et
1275 5039 1339 5078 ex
1371 5026 1490 5079 aliis
1521 5042 1692 5080 sacra:

146 5108 426 5181 Scriptura:
456 5113 798 5176 testimoniis,
832 5128 952 5182 quae
989 5114 1192 5182 passim
1223 5116 1444 5170 cuilibet
1488 5133 1687 5173 occur-

142 5213 275 5258 runt.

206 5293 356 5359 lbid.,
395 5295 491 5349 lin.
538 5295 628 5349 40.
669 5294 772 5348 Διὰ
801 5296 974 5349 τοῦτο
1007 5295 1335 5364 μαινομένη
1369 5300 1685 5366 πολλάκις.

143 5373 358 5442 Basilius
397 5387 542 5441 hom.
582 5387 616 5438 4
642 5387 772 5440 ;Διὰ
811 5385 969 5438 τοῦτο
1011 5388 1303 5458 μαινομένη
1338 5389 1596 5453 πολλάκις
1627 5390 1686 5455 ἐξ

144 5475 338 5548 ἀνέμων
377 5481 409 5548 ἡ
449 5479 689 5531 θάλασσα
723 5478 815 5529 καὶ
846 5479 924 5540 εἰς
965 5477 1093 5546 ὕψος
1129 5480 1380 5548 μέγιστον
1414 5481 1684 5535 διανιστα-

149 5569 263 5640 μένη
280 5574 389 5634 τοῖς
418 5570 483 5623 κύ
493 5586 676 5639 μασιν,
706 5569 922 5622 ἐπειδὰν
956 5571 1114 5639 μόνον
1137 5571 1242 5624 τῶν
1265 5572 1523 5639 αἰγιαλῶν
1548 5573 1687 5644 ἅψη-

145 5672 239 5720 ται,
266 5665 342 5726 εἰς
368 5661 542 5732 ἀφρὸν
572 5657 869 5711 διαλύσασα
899 5659 997 5723 τὴν
1023 5660 1221 5730 ὁρμὴν,
1263 5661 1582 5732 ἐπανῆλθεν.
1621 5666 1686 5718 Ἠ

145 5747 231 5815 ἐμὲ
255 5757 320 5809 οὐ
358 5749 791 5823 φοϐηθήσεσθε,
832 5747 975 5818 λίγει
1020 5751 1241 5816 Κύριος,
1297 5752 1401 5806 τὸν
1451 5753 1682 5813 nam

1804 4562 1965 4614 πάλιν
1999 4563 2244 4615 ἀνελύετο
2271 4567 2347 4624 εἰς
2371 4565 2588 4634 ἑαυτὴν,
2619 4565 2716 4633 οὐχ
2748 4565 3144 4634 ὑπερϐαίνουσα
3167 4567 3256 4620 τὸν
3285 4569 3363 4620 ol-

1802 4656 1943 4705 κεῖον
1975 4655 2156 4715 τόπον,
2191 4655 2264 4715 ὡς
2296 4655 2420 4715 ἔπος
2450 4658 2640 4716 εἰπεῖν,
2679 4655 2814 4707 θεῖόν
2841 4674 2891 4708 τι
2917 4657 3240 4729 πρόσταγμα
3269 4677 3364 4711 πε·-

1798 4744 2100 4815 φοὸημένη.
2148 4747 2254 4798 Καὶ
2297 4745 2542 4816 καθάπερ
2581 4745 2838 4809 πολλάκις
2867 4747 2973 4798 τῶν
3000 4748 3223 4801 οἰκετῶν
3255 4766 3359 4813 τις,

1797 4835 1942 4888 ἄκων
1966 4853 2016 4887 τι
2049 4836 2185 4908 πρὸς
2213 4836 2304 4888 τοῦ
2332 4838 2587 4888 δεσπότου
2623 4839 2876 4907 πράττειν
2899 4837 3358 4908 ἀναγκαζόμενος,

1794 4929 1872 4999 τῷ
1905 4930 2000 4999 μὲν
2030 4931 2407 5000 προστάγματι
2428 4931 2514 4982 διὰ
2536 4931 2625 4982 τὸν
2649 4931 2810 4997 φόϐον
2840 4931 3098 4996 πείθεται,
3131 4933 3158 4983 ὃ
3178 4932 3233 4984 δὲ
3257 4933 3361 4986 πάκ-

1795 5037 1911 5090 σχει
1941 5022 2197 5096 πράττειν
2227 5023 2300 5092 μὴ
2326 5023 2490 5074 θέλων
2520 5023 2696 5089 λέγειν
2728 5040 2777 5074 τι
2807 5024 2867 5074 οὐ
2889 5024 3081 5092 τολμᾷ,
3107 5025 3358 5077 τονθοού-

1794 5111 1874 5176 ζει
1906 5115 1961 5166 δὲ
1991 5115 2047 5166 ἐν
2081 5115 2258 5183 ἐαυτῷ
2286 5115 2456 5184 θυμοῦ
2491 5132 2633 5177 τινος
2665 5114 3054 5185 πληρούμενος·
3091 5116 3229 5168 οὕτω
3265 5117 3356 5186 μοί

1792 5222 1908 5266 πως
1927 5205 2194 5273 ἐφαίνετο,
2218 5207 2309 5258 καὶ
2324 5206 2420 5276 τὴν
2439 5205 2710 5258 θάλασσαν
2731 5207 2969 5276 ὡσπερεὶ
2990 5207 3353 5277 θυμουμένην,

1791 5298 1885 5348 καὶ
1931 5298 1988 5348 ἐν
2033 5298 2196 5366 ἑαυτῇ
2232 5283 2569 5366 φράττοῖισαν
2604 5298 2700 5366 τὴν
2743 5296 2908 5366 ὀργὴν
2955 5298 3256 5366 κρατοῦσάν
3296 5314 3353 5349 τε

1789 5387 2006 5455 ἑαυτῆς,
2049 5387 2111 5437 οὐ
2147 5386 2442 5455 βουλομένη
2486 5386 2561 5456 τῷ
2602 5385 2833 5455 δεσπότῃ
2870 5387 3093 5455 φανερὸν
3134 5387 3352 5455 ποιῆσαι

1787 5477 1879 5529 τὸν
1920 5478 2105 5547 θυμόν.
2139 5478 2270 5543 Quae
2294 5494 2393 5547 ego
2422 5477 2501 5532 sic
2533 5478 2802 5531 vertebam
2828 5496 2838 5507 -
2872 5477 2998 5531 Heri
3028 5477 3150 5529 dum
3179 5478 3258 5529 sol
3281 5479 3349 5530 ad

1787 5583 2034 5620 occasum
2063 5579 2308 5638 vergeret,
2339 5586 2454 5621 cum
2487 5567 2899 5630 deambutarem,
2932 5587 2959 5620 ο
2983 5570 3165 5629 amice,
3193 5585 3350 5636 prope

1787 5660 1950 5710 maris
1984 5660 2153 5724 littus,
2184 5671 2232 5712 et
2264 5662 2530 5713 oculorum
2569 5661 2732 5710 aciem
2762 5661 2811 5710 in
2844 5659 2974 5710 illud
3007 5670 3198 5712 attente
3229 5677 3349 5711 con-

1777 5751 2015 5826 jiccrem.
2061 5750 2250 5808 diuinae
2319 5750 2524 5802 virtuti:
2581 5747 2864 5814 quamdam
2924 5750 3345 5816 exsuperantiam
