4042 6338
684 357 787 413 833

680 479 892 539 aspectu
933 466 1275 537 percipiebam
1320 484 1339 520 :

677 562 907 616 scientia:
952 572 1139 623 artem,
1184 564 1231 613 si
1260 579 1347 613 ars
1382 562 1489 613 Im'c
1524 560 1751 613 rotunda
1790 569 1887 611 est.
1936 556 2137 611 Etenim
2184 569 2241 612 ut

683 648 975 704 Homericis
1008 652 1116 703 illis
1145 653 1374 705 versibus
1394 654 1613 704 relatum
1640 661 1714 703 est
1735 664 1752 699 :

749 781 896 836 Sicut
926 795 1100 837 autem
1129 786 1263 838 renti
1280 786 1382 837 duo
1408 796 1617 849 pontum
1638 789 1955 836 commovent
1976 782 2238 847 piscosum

744 851 943 922 pareas
974 864 1021 907 et
1051 852 1339 922 Zephyrus,
1369 856 1457 921 qui
1486 872 1512 906 e
1550 854 1770 905 Thracia
1804 854 2010 919 spirant

747 920 971 976 [luentes
1003 920 1229 991 repente,
1263 920 1422 976 simul
1455 940 1569 974 ιντο
1598 934 1645 973 et
1677 924 1814 973 nndu
1846 922 1995 991 nigra

744 992 1042 1055 Attollitur,
1062 988 1380 1058 multamque
1410 1004 1560 1043 extra
1593 1008 1734 1043 mare
1767 992 1939 1060 algam
1967 988 2232 1055 fundunt:

673 1103 754 1155 ita
803 1103 929 1155 milii
962 1103 1071 1157 lteri
1101 1104 1379 1171 contigisse
1414 1104 1615 1155 ridetur
1643 1099 2065 1156 :summitatibus
2096 1101 2237 1153 enim

677 1194 927 1246 montium
950 1194 1148 1246 similes
1176 1194 1490 1260 aspiciebam
1526 1192 1715 1252 undas,
1742 1208 1859 1261 qua:
1882 1193 1927 1243 si
1956 1192 2125 1243 dicere
2152 1189 2236 1258 fas

671 1293 772 1345 est,
803 1284 973 1351 ipsum
1009 1286 1191 1338 ecelum
1224 1290 1539 1355 iungebant;
1578 1286 1712 1337 unde
1743 1285 1861 1336 hinc
1901 1293 2102 1335 tantum
2140 1284 2236 1335 hoc

672 1377 1060 1445 exspectabam,
1093 1378 1386 1429 universam
1418 1381 1613 1430 scilicet
1656 1389 1845 1429 trrrmn
1886 1378 2237 1443 submergen—

671 1467 833 1527 dam;
858 1480 905 1520 et
927 1469 1053 1521 mihi
1080 1470 1246 1520 locum
1274 1470 1327 1521 in
1356 1487 1455 1538 quo
1482 1487 1559 1522 me
1584 1471 1709 1537 fuga
1736 1469 2030 1534 reciperem.
2060 1470 2234 1519 (millia

671 1559 951 1627 ﬁngebam,
984 1570 1033 1611 et
1072 1559 1305 1611 Nortiae
1336 1578 1474 1613 arca:
1515 1565 1781 1626 ea'einplnr
1815 1560 2230 1611 considerabam.

682 1648 872 1702 Verum
900 1652 1219 1718 exspectatio
1249 1668 1361 1702 mea
1394 1651 1654 1717 frustrata
1676 1663 1775 1702 est.
1808 1650 1979 1702 Simul
2007 1650 2141 1700 enim
2172 1664 2234 1700 ac

671 1756 815 1791 mare
841 1742 1108 1802 intumuit,
1145 1742 1334 1796 iterum
1360 1742 1465 1794 vice
1493 1758 1639 1794 versa
1679 1742 1907 1810 fractum
1941 1756 2083 1792 mare
2110 1740 2237 1792 dis—

2014 356 2261 412 LEONIS
2298 354 2569 410 Αιιιιτιι

1381 480 1430 522 et
1489 470 1787 522 excellentis
1839 483 1900 519 ac
1956 469 2244 536 singularis
2274 476 2315 529 Α
2347 469 2455 522 duo
2476 468 2619 538 globi
2649 466 3012 531 edicerentur,
3046 467 3139 522 sed
3164 468 3239 521 ita
3264 465 3483 521 fuerunt
3507 463 3697 518 omnia
3722 462 3905 533 dispo-

3806 353 3907 411 εει

2346 562 2471 622 sita,
2504 570 2559 613 ut
2588 576 2651 612 ex
2692 558 2778 613 his
2816 559 3031 615 duobus
3068 561 3357 629 separatis,
3393 555 3670 625 contiguis
3700 562 3899 617 unus,

2345 668 2511 705 unum
2540 651 2841 705 ediceretur
2871 652 3189 705 rotundum.
3228 662 3282 706 et
3318 652 3509 721 globus
3551 663 3698 702 unus
3730 647 3900 717 perie-

2344 742 2644 803 etissimus,
2682 755 2790 795 non
2825 741 3155 809 geometrica
3185 740 3536 803 rotunditate.
3570 736 3735 802 Quod
3762 738 3894 790 enim

2345 830 2397 883 in
2449 832 2607 901 aquis
2656 830 2985 888 abundabat.
3033 829 3089 883 in
3132 832 3379 884 cavernis
3417 839 3577 883 terra:
3623 829 3921 881 occlusum.

2343 930 2445 980 est.
2475 931 2529 974 et
2562 922 2615 975 in
2648 921 3092 990 proluudissimis
3133 922 3364 975 vallibus
3406 929 3719 990 receptum,
3762 918 3890 987 quod

2345 1010 2398 1061 in
2430 1012 2592 1064 terris
2639 1024 2803 1078 super
2853 1022 3024 1077 aquas
3069 1010 3313 1072 emersit,
3364 1011 3418 1063 in
3472 1009 3891 1079 impendentium

2343 1100 2609 1157 montium
2657 1100 2974 1153 altitudines
3030 1110 3337 1168 porrectum
3398 1100 3677 1164 surrexit;
3721 1105 3777 1151 et
3822 1095 3892 1151 sic

2340 1189 2621 1256 mqualitcr
2642 1189 2876 1258 undique
2892 1200 3035 1242 terra
3070 1197 3123 1241 et
3143 1205 3297 1258 aqua:
3318 1191 3692 1249 sustinentur,
3706 1198 3761 1240 et
3788 1201 3893 1240 sas-

2342 1281 2538 1342 tinent,
2587 1297 2761 1350 neque
2814 1280 3149 1333 exceduutur
3195 1296 3373 1349 neque
3412 1282 3713 1335 excedunt.
3763 1278 3891 1332 Fidi

2340 1378 2524 1424 tamen
2570 1380 2770 1440 potest,
2814 1380 2874 1424 ut
2924 1372 3382 1439 quemadmodum
3430 1388 3544 1425 una
3586 1388 3719 1442 pars
3751 1383 3893 1426 terra:

2341 1463 2446 1513 alia
2470 1463 2797 1516 eminentior
2828 1472 2933 1525 est,
2955 1463 3059 1515 alia
3092 1462 3194 1513 alia
3218 1462 3555 1530 depressior,
3587 1480 3693 1517 nec
3728 1474 3891 1515 tam

2341 1560 2539 1606 ten-am
2561 1568 2685 1607 esse
2711 1556 2999 1607 rotundam
3025 1553 3367 1619 negabimus,
3398 1552 3481 1607 sic
3511 1562 3567 1605 et
3602 1569 3721 1606 una
3737 1552 3890 1620 n‘g‘io.

2338 1650 2391 1696 et
2427 1644 2577 1700 locus
2615 1647 2686 1700 sit
2720 1647 2840 1715 ipso
2884 1658 3033 1697 mare
3082 1642 3368 1701 humilior,
3420 1644 3498 1695 ita
3542 1651 3607 1696 ut
3647 1645 3695 1697 si
3729 1644 3893 1695 aditus

2341 1745 2547 1805 pateret
2585 1738 2743 1806 aquis
2777 1737 3238 1806 submeigeretur,
3272 1735 3443 1787 altera
3494 1736 3667 1789 altior
3694 1742 3745 1787 et
3770 1735 3893 1787 etni-

668 1828 987 1891 solvebatur,
1024 1830 1166 1882 ultra
1195 1830 1465 1898 proprium
1500 1834 1669 1883 locum
1695 1848 1797 1884 non
1827 1834 2128 1892 concedens,
2155 1832 2238 1883 di-
2266 1818 2309 1874 Β
2338 1828 2587 1892 ιιυιιιῐοι·;
2643 1827 3098 1896 quemadmodum
3153 1824 3477 1879 Aristoteles
3543 1825 3616 1879 de
3687 1826 3893 1894 regione

669 1921 787 1971 uino
833 1920 1082 1988 quodam,
1133 1931 1190 1974 ut
1235 1924 1539 1974 summatim
1568 1922 1763 1983 dicam,
1791 1924 1949 1992 jussu
1982 1924 2235 1990 perterri-

666 2018 799 2064 tum.
850 2010 919 2063 Et
949 1998 1386 2081 quemadmodum
1424 2016 1614 2079 sa'pins
1651 2031 1827 2067 serens
1870 2014 2151 2083 quispiam,
2188 2014 2235 2067 si

672 2104 869 2157 invitus
904 2120 937 2156 a
973 2105 1187 2157 domino
1214 2104 1281 2157 ad
1310 2122 1437 2173 opus
1471 2106 1836 2172 compellatur,
1862 2107 2075 2173 imperio
2105 2107 2236 2173 qui—

668 2194 785 2249 dem
807 2196 992 2249 timore
1013 2196 1201 2249 ductus
1238 2199 1407 2261 audit,
1446 2208 1499 2249 at
1533 2199 1668 2267 quod
1701 2200 1861 2259 subit,
1900 2214 2017 2250 cum
2052 2199 2232 2251 nolens

668 2293 814 2351 agat,
850 2285 1029 2352 palam
1058 2286 1213 2354 e/I'ari
1244 2302 1347 2338 non
1383 2302 1544 2339 ausus
1575 2287 1668 2339 sub
1704 2288 1883 2356 lingua
1911 2288 2237 2339 immurmu—

666 2383 776 2436 rat,
818 2374 1097 2427 iracundia
1140 2373 1438 2428 exardens:
1486 2379 1560 2428 sic
1601 2377 1724 2427 mihi
1763 2376 2145 2443 quodammodo
2181 2384 2233 2431 et

667 2479 813 2516 mare
842 2463 1149 2526 videbatur;
1181 2466 1281 2519 etsi
1309 2467 1446 2517 enim
1494 2467 1574 2517 ira
1614 2466 1945 2534 e/ferbnerat,
1982 2468 2035 2519 in
2071 2476 2231 2521 semet

667 2556 805 2623 iram
868 2557 1168 2609 continebat
1209 2556 1309 2609 sibi
1363 2557 1535 2625 frenos
1582 2558 1840 2622 iniiciens,
1897 2567 1947 2611 et
2000 2557 2229 2626 furorem

664 2660 819 2700 suum
860 2644 1086 2699 Domino
1136 2646 1474 2714 manifestare
1531 2663 1728 2702 norens.
1792 2646 2017 2715 Reliqua
2067 2648 2229 2713 hujus

665 2736 931 2791 orationis
989 2735 1177 2790 Graeca
1235 2746 1289 2790 et
1349 2736 1541 2789 Latina
1601 2754 1723 2791 cum
1790 2746 1976 2791 nostro
2027 2736 2230 2791 Mettio-

667 2827 756 2880 dio
804 2827 966 2881 dabo.
1026 2826 1157 2881 Vide
1214 2836 1469 2895 przclerea
1526 2828 1815 2895 Georgium
1869 2827 2101 2882 l‘isidem
2158 2830 2230 2881 De

667 2918 851 2970 mundi
898 2919 1130 2987 opiﬁcio,
1177 2927 1230 2971 et
1274 2918 1537 2971 Joannem
1582 2919 2030 2989 Chrysostomum
2066 2936 2230 2989 super

666 3006 801 3060 illud
846 3005 1086 3061 llierem.
1121 3022 1243 3075 cap.
1296 3023 1347 3069 ν,
1383 3023 1523 3061 vers.
1565 3006 1653 3069 22,
1684 3007 1786 3072 Qui
1823 3007 1973 3074 posui
2012 3022 2229 3059 arenam

2335 1917 2717 1987 Aigyptiorum
2771 1927 2825 1971 et
2850 1934 2999 1973 mare
3026 1917 3211 1972 Ru‘bro
3240 1925 3501 1985 tanquam
3529 1917 3892 1970 certissimum

2336 2019 2488 2064 notat
2530 2012 2652 2065 libr.
2686 2013 2861 2081 primo
2889 2010 3133 2074 letam,
3166 2026 3287 2079 cap.
3322 2010 3549 2073 ultimo;
3584 2018 3643 2061 et
3685 2010 3758 2060 ita
3792 2009 3895 2061 esi-

2334 2102 2498 2155 stimo
2542 2110 2797 2156 auctores
2834 2118 2976 2171 quos
3021 2116 3187 2171 supra
3226 2100 3505 2154 nominari
3534 2113 3666 2152 esse
3704 2098 3890 2153 intelli-

2335 2192 2560 2261 gendos,
2592 2195 2881 2259 omniaque
2911 2194 3073 2245 dubia
3104 2204 3159 2246 et
3204 2198 3547 2260 argumenta,
3600 2188 3660 2240 in
3700 2197 3895 2241 utram-

2333 2296 2439 2352 que
2476 2291 2681 2351 partcm
2725 2284 2961 2337 adducta
3003 2284 3263 2335 facillimo
3302 2280 3522 2348 negotio
3555 2278 3699 2331 solvi
3731 2277 3893 2331 :diri-

2332 2390 2567 2443 namque
2623 2375 2950 2445 sapientiam
2993 2382 3047 2428 et
3086 2374 3381 2427 bonitatem
3412 2368 3721 2423 dilucidius
3751 2370 3895 2424 inno-

2332 2471 2562 2530 tescere,
2594 2479 2715 2536 qua:
2739 2465 2921 2519 omnia
2951 2465 3025 2518 ita
3062 2467 3117 2518 in
3149 2463 3385 2534 pondere
3415 2471 3470 2516 et
3504 2476 3774 2515 mensura
3797 2460 3894 2513 :lis-

2330 2554 2533 2623 posuit.

2400 2645 2559 2710 lbid.,
2604 2647 2701 2701 lin.
2748 2646 2836 2701 49.
2879 2647 3007 2699 ’Ὁτι
3051 2644 3118 2698 δὲ
3154 2645 3374 2712 ἀληθὲς
3423 2644 3620 2697 τοῦτο.
3674 2642 3893 2697 Basilius

2330 2736 2477 2793 hom.
2536 2738 2572 2792 4
2606 2757 2619 2792 :
2655 2740 2805 2790 Ἐπεὶ
2852 2739 2903 2790 τί
2942 2738 3142 2790 ἐκώλυε
3178 2738 3272 2806 τὴν
3312 2737 3580 2807 Ἐρυθρὰν
3630 2735 3893 2789 Θάλασσαν

2331 2830 2509 2881 πᾶσαν
2542 2831 2641 2900 τὴν
2674 2828 2941 2897 Αἴγυπτον
2973 2829 3279 2897 notiorem“
3317 2826 3479 2881 οὖσαν
3512 2829 3722 2895 eauti};
3758 2825 3891 2879 ἐπελ-

2331 2919 2461 2982 θεῑν,
2498 2922 2590 2973 καὶ
2626 2919 2957 2988 συναφθῆναι
3005 2918 3080 2989 τῷ
3116 2919 3496 2989 παρακειμένῳ
3544 2921 3612 2987 τῇ
3646 2920 3894 2985 Αἰγύπτῳ

2330 3012 2573 3079 πελάγει,
2604 3014 2652 3063 εί
2695 3011 2768 3081 μὴ
2794 3010 2869 3079 τῷ
2903 3011 3280 3080 προστάγματι
3319 3006 3386 3079 ἦν
3418 3009 3777 3079 πεπεδημένη
3811 3005 3890 3059 τοι]

668 3098 950 3149 terminum
976 3098 1132 3159 mari,
1158 3098 1213 3149 in
1244 3106 1436 3151 catena
1465 3113 1584 3166 qua:
1611 3113 1640 3149 ιι
1675 3096 1835 3150 nobis
1858 3094 2048 3150 Latina
2084 3096 2224 3149 facta

2333 3104 2646 3166 κτίσαντος;
2690 3104 2808 3155 Ὅτι
2846 3102 2954 3171 γὰρ
2986 3103 3334 3172 ταπεινοτέρα
3374 3103 3470 3171 τῆς
3506 3102 3783 3171 Ἐρυθρᾶς
3812 3101 3894 3152 θα-

658 3188 772 3256 jam
802 3196 885 3243 est
911 3189 1107 3257 publici
1143 3188 1304 3255 juris.

731 3278 849 3332 Col.
871 3278 991 3332 712.
1014 3280 1107 3331 lin.
1132 3279 1219 3332 45.
1253 3278 1402 3329 Ἐπεί
1423 3280 1477 3330 τί
1506 3277 1791 3330 ἐκώλυσε.
1820 3276 2053 3331 Basilius
2078 3277 2220 3330 hom.

638 3370 696 3423 .4
730 3370 910 3422 εῈπεὶ
944 3369 995 3420 τί
1044 3368 1246 3421 ἐκώλυε
1288 3370 1384 3437 τὴν
1445 3368 1709 3437 Ἐρυθρὰν
1746 3368 2014 3420 θάλασσαν
2048 3370 2225 3419 πᾶσαν

661 3460 758 3531 τὴν
787 3458 1058 3525 Αἴγυπτον
1089 3458 1399 3528 κοιλοτέραν
1430 3455 1589 3511 οὖσαν
1623 3459 1820 3527 ἑαυτῆς
1852 3460 2114 3524 ἐπελθεῖν,
2134 3460 2226 3511 καὶ

660 3549 991 3618 συναφθῆναι
1010 3549 1085 3617 τῷ
1111 3549 1496 3619 παρακειμένῳ
1619 3549 1875 3619 Αἰγύπτῳ
1905 3552 2149 3618 πελάγει,
2175 3552 2224 3601 εί

662 3640 737 3712 μὴ
768 3640 1262 3711 τῴπροστάγματι
1304 3636 1369 3708 ἦν
1409 3630 1755 3709 πεπεδημένη
1785 3640 1875 3692 τοῦ
1912 3642 2221 3705 κτίσαντος;

660 3732 727 3785 Et
754 3750 807 3785 in
839 3733 942 3786 hoc
974 3734 1134 3785 etiam
1171 3741 1298 3785 sunt
1329 3734 1603 3785 variantes
1635 3733 2079 3801 philosorihorum
2106 3748 2226 3786 sen-

658 3822 861 3875 tentia.
918 3820 1147 3885 Quidam
1194 3820 1339 3873 enim
1390 3827 1591 3871 terram
1644 3822 1779 3873 mari
1827 3822 2222 3889 depressiorem

659 3911 947 3975 allirmant,
993 3910 1323 3963 Catharinus
1373 3908 1438 3960 ad
1494 3925 1614 3978 cap.
1671 3925 1687 3962 ι
1751 3910 1969 3972 Genes.,
2005 3912 2210 3974 Canus,

658 4002 974 4071 Burgensis,
1007 4010 1196 4054 noster
1236 4001 1324 4053 hic
1354 4010 1565 4064 auctor,
1604 4002 1834 4055 Basilius
1862 4010 1915 4055 et
1937 4003 2027 4055 alii
2055 4022 2066 4055 :
2102 4017 2221 4055 eam

658 4095 1079 4165 probabiliorem
1116 4102 1304 4145 censet
1346 4090 1402 4145 S.
1441 4091 1698 4153 Thomas,
1758 4106 1773 4144 ι
1818 4101 1985 4161 part.,
2033 4109 2085 4161 (ι.
2128 4092 2217 4156 69,

659 4194 762 4236 art.
794 4182 818 4235 1
856 4202 867 4235 :
902 4182 1041 4235 idem
1074 4194 1127 4235 et
1154 4182 1350 4233 Cicero
1384 4182 1669 4235 censuisse
1696 4183 1929 4244 videtur,
1962 4198 1977 4235 ι
2011 4182 2081 4234 De
2110 4200 2222 4235 na—

657 4282 780 4325 tura
806 4273 1020 4325 deorum
1047 4289 1081 4325 ll
1107 4292 1120 4327 :
1152 4271 1323 4337 Mare,
1350 4274 1543 4335 induit,
1576 4290 1693 4325 cum
1722 4288 1881 4340 supra
1907 4283 2099 4325 terram
2128 4276 2216 4339 sit,

656 4362 884 4419 ntediu‘m
936 4374 1111 4417 tamen
1158 4374 1309 4418 terra:
1361 4366 1531 4417 locum
1586 4374 1826 4433 expetens
1877 4379 2218 4434 congregatur

2331 3193 2533 3262 λάσσης
2560 3194 2591 3261 ἡ
2625 3192 2910 3260 Αἴγυπτος,
2932 3193 3072 3263 ἔργῳ
3097 3193 3317 3244 ἔπεισαν
3339 3194 3483 3262 ἡμᾶς
3510 3193 3893 3263 amara-avra;

2326 3283 2569 3353 ἀλλήλοις
2591 3282 2659 3333 τὰ
2687 3282 2894 3350 πελάγη
2929 3281 3180 3349 συνάψαι,
3211 3282 3271 3333 τό
3290 3299 3347 3332 τε
3390 3282 3697 3347 Αἰγύπτιον
3727 3286 3817 3336 καὶ
3842 3287 3893 3334 τὸ

2338 3373 2571 3435 Ἰνδικὸν,
2603 3376 2660 3424 ὲν
2786 3375 2817 3441 ἡ
2860 3372 3093 3443 Ἐρυθρὰ
3128 3372 3388 3427 Θάλασσα.
3435 3374 3638 3442 Διόπερ
3673 3376 3893 3443 ἐπέσχον

2323 3460 2420 3531 τὴν
2454 3462 2791 3532 ἐπιχείρησιν
2820 3462 3033 3533 πρῶτος
3066 3462 3365 3533 ἀρξάμενος
3402 3464 3719 3536 Σέσωστρις
3751 3468 3779 3517 ὁ
3812 3467 3896 3518 Αἱ-

2322 3551 2570 3620 γύπτιος,
2607 3554 2700 3605 καὶ
2736 3554 2765 3605 ὁ
2808 3553 2945 3623 μετὰ
2978 3553 3147 3605 ταῦτα
3195 3554 3474 3623 βουληθεὶς
3516 3557 3891 3627 ἐπεξεργασί-

2325 3644 2446 3696 σθαι
2467 3646 2687 3714 Δαρεῖος
2709 3645 2736 3695 ὁ
2762 3645 2958 3712 Μῆδος.
2980 3636 3382 3699 llabucruntab
3410 3648 3714 3705 Aristotele
3744 3652 3835 3704 lib.
3861 3666 3893 3703 ιι

2322 3734 2569 3799 Meteon,
2600 3750 2721 3803 cap.
2748 3737 2861 3788 ult:
2897 3736 3057 3806 Δηλοῖ
3103 3735 3159 3788 δὲ
3199 3736 3260 3787 τὺ
3290 3735 3571 3806 γινόμενον
3592 3757 3608 3770 ο
3642 3741 3758 3804 Οὓς
3797 3741 3894 3811 γάρ

2323 3843 2500 3895 φαμεν
2524 3826 2913 3895 ἀρχαιοτάτους
2939 3823 3078 3880 εἶναι
3093 3827 3199 3879 τῶν
3220 3826 3513 3898 ἀνθρώπων
3534 3830 3891 3897 Αἰγυπτίους,

2320 3917 2523 3969 τούτων
2575 3916 2793 3988 ήχώρα
2841 3920 2987 3970 πᾶσα
3033 3922 3284 3987 γεγονυῖα
3334 3921 3581 3987 φαίνεται
3632 3924 3730 3975 καὶ
3769 3920 3890 3976 οὖσα

2320 4007 2411 4061 τοῦ
2456 4008 2699 4077 ποταμοῦ
2750 4008 2924 4078 ἔργον.
2959 4010 3067 4061 Καὶ
3094 4011 3249 4063 τοῦτο
3297 4011 3434 4062 κατά
3472 4028 3529 4062 τε
3558 4012 3664 4081 τὴν
3719 4015 3891 4085 χώραν

2321 4100 2489 4169 αὐτὴν
2515 4099 2710 4170 ὁρῶντι
2740 4099 2893 4167 δῆλόν
2932 4100 3069 4159 ἐστι,
3096 4102 3188 4153 καὶ
3220 4101 3288 4153 τά
3321 4101 3447 4171 περὶ
3481 4101 3581 4171 τὴν
3631 4105 3889 4175 Ἐρυθρὰν

2321 4188 2594 4249 Θάλασσαν
2624 4190 2916 4259 τεκμήριον
2962 4191 3161 4242 ἱκανόν.
3198 4191 3408 4261 Ταύτην
3447 4193 3553 4261 γάρ
3586 4195 3703 4247 τῶν
3749 4195 3890 4265 βασι·

2319 4278 2450 4331 λέων
2482 4296 2563 4341 τις
2602 4280 2861 4351 ἐπειράθη
2908 4280 3223 4352 διορύττειν.
3257 4284 3330 4335 Οὐ
3361 4282 3468 4353 γὰρ
3508 4285 3723 4354 μικρὰς
3749 4284 3886 4356 εἶχεν

2318 4370 2385 4424 ἂν
2402 4372 2594 4432 αὐτοῖς
2622 4369 2886 4438 ὠφελείας
2914 4371 3121 4433 πλωτὸς
3148 4373 3291 4434 ἄπας
3311 4373 3339 4424 ὁ
3367 4372 3522 4434 τόπος
3542 4376 3881 4444 γιγνόμενος.

654 4457 882 4525 undique
909 4456 1203 4526 mqualiter,
1230 4472 1388 4521 neque
1420 4456 1695 4517 redundat,
1730 4472 1887 4525 neque
1906 4457 2213 4524 eﬂ'unditur.

2328 4461 2547 4527 Λέγεται
2579 4459 2635 4511 δὲ
2676 4460 2895 4530 πρῶτος
2930 4462 3233 4532 Σέσωστρις
3279 4464 3622 4533 ἐπιχειρῆσαι
3653 4466 3765 4517 τῶν
3793 4482 3885 4518 πα-

656 4548 765 4601 Alii
804 4556 1006 4602 terram
1035 4564 1158 4603 esse
1190 4563 1339 4602 mare
1372 4548 1643 4610 altiorem,
1696 4556 1755 4601 ut
1796 4548 2219 4619 Cbrysostomus

655 4639 803 4695 hom.
826 4639 859 4694 9
881 4640 949 4693 ad
966 4656 1084 4709 pop.
1103 4640 1374 4704 Antioch.;
1420 4643 1757 4711 Augustinus
1780 4642 1833 4693 in
1852 4642 1988 4708 psal.
2019 4658 2214 4707 cxxxv;

654 4731 1018 4801 Hieronymus
1044 4732 1101 4784 in
1140 4731 1271 4785 illud
1317 4734 1453 4801 psal.
1476 4732 1995 4802 xxxu,Congregons
2012 4734 2145 4785 sicut
2164 4736 2217 4785 in

652 4833 770 4875 utre
810 4840 974 4893 aquas
1009 4824 1209 4886 maris;
1248 4823 1617 4879 Damascenus
1659 4825 1751 4878 lib.
1786 4840 1822 4876 ιι
1856 4824 1979 4877 Fid.
2009 4824 2213 4877 art/rod.

653 4926 772 4980 cap.
797 4911 830 4965 9
854 4923 906 4966 et
935 4912 1037 4978 10;
1067 4910 1409 4967 Contarenus
1434 4914 1529 4967 lib.
1558 4928 1593 4965 ιι
1618 4913 1691 4966 De
1716 4916 2002 4978 elementis,
2026 4922 2080 4968 et
2101 4916 2212 4968 alii.

654 5000 785 5067 Qua:
822 5003 942 5057 dua:
995 5002 1278 5072 Opiniones
1331 5004 1433 5058 etsi
1484 5005 1712 5057 multum
1756 5006 1895 5059 inter
1927 5021 1985 5059 se
2011 5005 2218 5060 distare

652 5086 927 5151 videntur,
968 5102 1068 5155 ego
1102 5094 1283 5141 tamen
1317 5088 1546 5142 dixerim
1588 5097 1835 5141 neutram
1869 5088 2083 5154 falsam,
2120 5089 2215 5144 sed

653 5175 1017 5229 certissimam
1041 5183 1328 5244 utramque
1350 5184 1405 5229 et
1428 5192 1631 5245 veram,
1658 5179 1703 5230 si
1733 5193 1840 5231 non
1867 5177 1934 5232 de
1956 5180 2215 5233 universo

652 5274 812 5319 terrae
833 5266 1121 5328 elemento,
1153 5282 1327 5334 neque
1350 5282 1522 5335 aquaa,
1553 5267 1647 5321 sed
1687 5277 1840 5337 parte
1866 5270 2100 5339 quadam
2126 5270 2214 5324 in-

651 5356 944 5425 telligatur.
994 5355 1254 5422 Quamvis
1285 5360 1430 5412 enim
1468 5358 1612 5414 Deus
1641 5375 1812 5431 aquas
1854 5369 2055 5416 terram
2096 5377 2214 5415 om-

649 5462 775 5502 nem
804 5464 906 5502 suo
938 5447 1087 5502 ﬂuxu
1126 5458 1454 5519 occupantes
1482 5462 1759 5521 separatas
1804 5454 1857 5507 in
1897 5468 2065 5507 unum
2098 5454 2213 5507 vel-

653 5539 727 5591 u-ti
768 5538 967 5606 locum,
999 5548 1053 5595 et
1107 5544 1393 5597 stationem
1443 5544 1723 5608 detulerit,
1758 5553 1812 5599 et
1844 5552 1988 5598 terra
2026 5560 2121 5599 eas
2157 5546 2211 5597 in

652 5631 873 5697 proprio
895 5630 1041 5692 sinu,
1073 5647 1303 5687 caverna
1332 5635 1600 5687 duntaxat
1633 5636 1992 5704 amplissima,
2020 5644 2210 5688 mutuo

652 5719 932 5787 complexu
960 5726 1251 5791 exceperit.
1286 5741 1393 5780 non
1440 5735 1620 5779 tamen
1662 5724 1713 5779 id
1747 5726 1819 5778 ita
1860 5726 2107 5795 contigit,
2149 5735 2205 5780 ut

2320 4552 2516 4605 λαιῶν·
2563 4550 2675 4603 ἀλλ’
2706 4544 2862 4621 εὗρεν
2908 4552 3243 4623 ὑψηλοτέραν
3287 4550 3448 4606 οὖσαν
3474 4556 3569 4623 τὴν
3622 4555 3880 4610 Θάλατταν

2316 4643 2413 4711 τῆς
2446 4643 2566 4712 γῆς.
2603 4642 2692 4692 Διὸ
2725 4642 2929 4705 ἐκεῖνός
2949 4658 3008 4693 τε
3050 4642 3332 4713 πρότερον,
3363 4646 3450 4696 καὶ
3476 4646 3704 4713 Δαρεῖος
3737 4646 3879 4700 ὔστε-

2320 4749 2409 4803 ρον
2431 4732 2703 4785 ἐπαύσατο
2730 4732 3038 4802 διορύττων,
3059 4733 3207 4796 ὅπως
3235 4736 3308 4804 μὴ
3330 4734 3593 4807 διαφθαρῇ
3618 4737 3683 4788 τὸ
3712 4737 3877 4807 ῥεῦμα

2317 4823 2406 4874 τοῦ
2466 4821 2710 4891 ποταμοῦ
2763 4821 3127 4892 συμμιγείσης
3186 4825 3283 4891 τῆς
3329 4824 3614 4894 θαλάττης.
3686 4827 3873 4882 Strabo

2318 4914 2412 4966 lib.
2439 4928 2453 4966 ι
2494 4912 2826 4976 εἈπιθάνως
2850 4914 2905 4965 δὲ
2936 4913 3097 4980 λέγω,
3127 4915 3208 4967 ὃτι
3241 4916 3346 4987 πρὸ
3374 4916 3479 4968 τῶν
3509 4916 3774 4986 Τρωῖκῶν
3792 4917 3875 4969 ob-

2314 5004 2475 5074 δεμία
2513 5000 2581 5074 ἦν
2605 5003 2823 5075 διώρυξ.
2847 5005 2950 5057 Τὸν
2984 5005 3041 5056 δὲ
3083 5006 3501 5077 ἐπιχειρήσαντα
3533 5009 3761 5079 ποιῆσαι
3790 5008 3872 5060 Σέ-

2318 5115 2546 5168 σωστριν
2578 5098 2877 5168 ἀποστῆναί
2911 5115 3061 5167 φασι,
3111 5101 3509 5172 μετεωροτέραν
3541 5101 3867 5155 ὑπολαϐόντα

2312 5187 2410 5257 τὴν
2435 5188 2533 5257 τῆς
2572 5187 2839 5257 θαλάττης
2875 5188 3213 5257 ἐπιφάνειαν.
3245 5191 3309 5243 Et
3334 5190 3429 5245 lib.
3464 5207 3571 5245 xvu
3604 5190 3864 5261 εῈτμὴΘη

2312 5278 2369 5328 δὲ
2398 5278 2431 5346 ἡ
2458 5276 2655 5348 διώρυξ
2679 5278 2957 5350 καταρχὰς
2989 5280 3085 5348 μὲν
3113 5280 3217 5333 ὑπὸ
3248 5280 3582 5353 Σεσώστριος
3629 5283 3738 5353 πρὸ
3766 5281 3861 5333 τῶν

2312 5365 2594 5435 Τρωϊκῶν,
2621 5369 2669 5418 οἱ
2696 5366 2751 5419 δὲ
2800 5368 2903 5420 ὑπὸ
2950 5367 3042 5419 τοῦ
3080 5368 3447 5441 Ψαμμητίχου
3480 5371 3669 5434 παιδὸς
3715 5368 3861 5440 d951-

2316 5457 2477 5526 μένου
2515 5459 2693 5527 μόνον,
2741 5456 2859 5513 εἶτα
2903 5460 3209 5523 ἐκλιπόντος
3250 5462 3342 5515 τὸν
3384 5462 3525 5533 βίονο
3566 5461 3788 5532 ὕστερον
3812 5457 3859 5509 δὲ

2313 5547 2416 5598 ὑπὸ
2445 5549 2669 5618 Δαρείου
2693 5549 2786 5601 τοῦ
2810 5549 3022 5621 πρώτου
3047 5551 3427 5622 διαδεξαμένου
3458 5551 3516 5605 τὸ
3542 5551 3670 5620 ἑξῆς
3696 5551 3857 5619 ἔργον.

2313 5637 2414 5690 Καὶ
2457 5635 2608 5702 οὗτος
2631 5641 2708 5703 δὲ,
2735 5641 2862 5714 δόξῃ
2890 5642 3072 5710 ψευδεῖ
3111 5644 3375 5708 πεισθεὶς,
3405 5644 3581 5713 ἀφῆκε
3610 5644 3671 5693 τὸ
3717 5641 3858 5711 ἔργον

2314 5730 2439 5801 περὶ
2488 5732 2791 5787 συντέλειαν
2837 5733 2956 5807 ἤδη.
3000 5733 3255 5808 Ἐπείσθη
3307 5735 3415 5807 γάρ
3473 5732 3858 5805 μετεωροτέραν
