  <div class='ocr_page' id='page_1' title='image "/cluster/home/n/w/nwhite01/storage/ocr_20150623/18/pst.000005712038/426.png"; bbox 0 0 4042 6338; ppageno 0'>
   <div class='ocr_carea' id='block_1_1' title="bbox 100 387 214 444">
    <p class='ocr_par' dir='ltr' id='par_1_1' title="bbox 100 387 214 444">
     <span class='ocr_line' id='line_1_1' title="bbox 100 387 214 444; baseline -0.035 0"><span class='ocrx_word' id='word_1_1' title='bbox 100 387 214 444; x_wconf 76' lang='lat'>837</span> 
     </span>
    </p>
   </div>
   <div class='ocr_carea' id='block_1_2' title="bbox 1147 382 2400 441">
    <p class='ocr_par' dir='ltr' id='par_1_2' title="bbox 1147 382 2400 441">
     <span class='ocr_line' id='line_1_2' title="bbox 1147 382 2400 441; baseline 0.004 -6"><span class='ocrx_word' id='word_1_2' title='bbox 1147 382 1211 436; x_wconf 68' lang='grc' dir='ltr'>ΞΝ</span> <span class='ocrx_word' id='word_1_3' title='bbox 1255 382 1622 438; x_wconf 70' lang='lat' dir='ltr'>ECSTATIIII</span> <span class='ocrx_word' id='word_1_4' title='bbox 1661 382 2134 439; x_wconf 73' lang='lat' dir='ltr'>HEXAEMERON</span> <span class='ocrx_word' id='word_1_5' title='bbox 2172 383 2400 441; x_wconf 59' lang='grc' dir='ltr'>Νοτι.</span> 
     </span>
    </p>
   </div>
   <div class='ocr_carea' id='block_1_3' title="bbox 3243 391 3346 445">
    <p class='ocr_par' dir='ltr' id='par_1_3' title="bbox 3243 391 3346 445">
     <span class='ocr_line' id='line_1_3' title="bbox 3243 391 3346 445; baseline 0.01 -1"><span class='ocrx_word' id='word_1_6' title='bbox 3243 391 3346 445; x_wconf 78' lang='lat'>8&#39;58</span> 
     </span>
    </p>
   </div>
   <div class='ocr_carea' id='block_1_4' title="bbox 94 494 1679 570">
    <p class='ocr_par' dir='ltr' id='par_1_4' title="bbox 94 494 1679 570">
     <span class='ocr_line' id='line_1_4' title="bbox 94 494 1679 570; baseline -0.001 -18"><span class='ocrx_word' id='word_1_7' title='bbox 94 494 246 552; x_wconf 67' lang='grc' dir='ltr'>εἶναι</span> <span class='ocrx_word' id='word_1_8' title='bbox 299 499 404 570; x_wconf 83' lang='grc' dir='ltr'>τὴν</span> <span class='ocrx_word' id='word_1_9' title='bbox 447 499 710 570; x_wconf 82' lang='grc' dir='ltr'>Ἐρυθρὰν</span> <span class='ocrx_word' id='word_1_10' title='bbox 754 497 1017 550; x_wconf 66' lang='grc' dir='ltr'>(θάλατταν</span> <span class='ocrx_word' id='word_1_11' title='bbox 1051 497 1145 565; x_wconf 75' lang='grc' dir='ltr'>τῆς</span> <span class='ocrx_word' id='word_1_12' title='bbox 1181 498 1478 565; x_wconf 77' lang='grc' dir='ltr'>Αἰγύπτου,</span> <span class='ocrx_word' id='word_1_13' title='bbox 1507 499 1601 550; x_wconf 81' lang='grc' dir='ltr'>καὶ</span> <span class='ocrx_word' id='word_1_14' title='bbox 1634 499 1679 550; x_wconf 74' lang='grc' dir='ltr'>εί</span> 
     </span>
    </p>
   </div>
   <div class='ocr_carea' id='block_1_5' title="bbox 1780 494 3350 570">
    <p class='ocr_par' dir='ltr' id='par_1_5' title="bbox 1787 495 3350 568">
     <span class='ocr_line' id='line_1_5' title="bbox 1787 495 3350 568; baseline 0.006 -19"><span class='ocrx_word' id='word_1_15' title='bbox 1787 495 2016 565; x_wconf 74' lang='lat' dir='ltr'><strong>Reliqua</strong></span> <span class='ocrx_word' id='word_1_16' title='bbox 2069 498 2183 567; x_wconf 75' lang='lat' dir='ltr'><strong>lege</strong></span> <span class='ocrx_word' id='word_1_17' title='bbox 2222 498 2364 568; x_wconf 89' lang='lat' dir='ltr'><strong>apud</strong></span> <span class='ocrx_word' id='word_1_18' title='bbox 2416 498 2628 567; x_wconf 83' lang='lat' dir='ltr'><strong>ipsum;</strong></span> <span class='ocrx_word' id='word_1_19' title='bbox 2668 499 2782 568; x_wconf 72' lang='lat' dir='ltr'><strong>lnge</strong></span> <span class='ocrx_word' id='word_1_20' title='bbox 2835 508 3094 568; x_wconf 65' lang='lat' dir='ltr'><strong>praterea</strong></span> <span class='ocrx_word' id='word_1_21' title='bbox 3147 499 3350 558; x_wconf 77' lang='lat' dir='ltr'><strong>Macro-</strong></span> 
     </span>
    </p>
   </div>
   <div class='ocr_carea' id='block_1_6' title="bbox 91 589 1675 663">
    <p class='ocr_par' dir='ltr' id='par_1_6' title="bbox 91 589 1675 663">
     <span class='ocr_line' id='line_1_6' title="bbox 91 589 1675 663; baseline -0.001 -20"><span class='ocrx_word' id='word_1_22' title='bbox 91 591 400 663; x_wconf 79' lang='grc' dir='ltr'>διακοπεξη</span> <span class='ocrx_word' id='word_1_23' title='bbox 435 594 542 653; x_wconf 82' lang='grc' dir='ltr'>πᾶς</span> <span class='ocrx_word' id='word_1_24' title='bbox 563 593 592 643; x_wconf 99' lang='lat'>6</span> <span class='ocrx_word' id='word_1_25' title='bbox 624 589 823 660; x_wconf 73' lang='grc' dir='ltr'>μεταξὺ</span> <span class='ocrx_word' id='word_1_26' title='bbox 855 589 1060 658; x_wconf 72' lang='grc' dir='ltr'>ἰσθμὸς,</span> <span class='ocrx_word' id='word_1_27' title='bbox 1095 589 1585 658; x_wconf 80' lang='grc' dir='ltr'>ὲπικλυσΟήσεσθαι</span> <span class='ocrx_word' id='word_1_28' title='bbox 1611 593 1675 660; x_wconf 80' lang='grc' dir='ltr'>τῇ</span> 
     </span>
    </p>
   </div>
   <div class='ocr_carea' id='block_1_7' title="bbox 93 679 1679 755">
    <p class='ocr_par' dir='ltr' id='par_1_7' title="bbox 93 679 1679 755">
     <span class='ocr_line' id='line_1_7' title="bbox 93 679 1679 755; baseline 0.001 -23"><span class='ocrx_word' id='word_1_29' title='bbox 93 681 357 755; x_wconf 72' lang='grc' dir='ltr'>θαλάττῃ</span> <span class='ocrx_word' id='word_1_30' title='bbox 406 683 506 752; x_wconf 83' lang='grc' dir='ltr'>τὴν</span> <span class='ocrx_word' id='word_1_31' title='bbox 549 683 845 748; x_wconf 71' lang='grc' dir='ltr'>Αἴγυπτον.</span> <span class='ocrx_word' id='word_1_32' title='bbox 879 679 942 732; x_wconf 84' lang='lat' dir='ltr'><strong>Hi</strong></span> <span class='ocrx_word' id='word_1_33' title='bbox 992 689 1174 734; x_wconf 84' lang='lat' dir='ltr'><strong>tamen</strong></span> <span class='ocrx_word' id='word_1_34' title='bbox 1225 681 1554 734; x_wconf 81' lang='lat' dir='ltr'><strong>dissentiunt</strong></span> <span class='ocrx_word' id='word_1_35' title='bbox 1611 681 1679 733; x_wconf 88' lang='lat' dir='ltr'>ab</span> 
     </span>
    </p>
   </div>
   <div class='ocr_carea' id='block_1_8' title="bbox 93 770 1677 842">
    <p class='ocr_par' dir='ltr' id='par_1_8' title="bbox 93 770 1677 842">
     <span class='ocr_line' id='line_1_8' title="bbox 93 770 1677 842; baseline -0.002 -18"><span class='ocrx_word' id='word_1_36' title='bbox 93 771 417 839; x_wconf 73' lang='lat' dir='ltr'>Herodoto,</span> <span class='ocrx_word' id='word_1_37' title='bbox 451 773 543 842; x_wconf 88' lang='lat' dir='ltr'>qui</span> <span class='ocrx_word' id='word_1_38' title='bbox 593 785 785 826; x_wconf 87' lang='lat' dir='ltr'><strong>omnes</strong></span> <span class='ocrx_word' id='word_1_39' title='bbox 814 771 992 826; x_wconf 80' lang='lat' dir='ltr'><strong>fossas</strong></span> <span class='ocrx_word' id='word_1_40' title='bbox 1035 781 1090 825; x_wconf 87' lang='lat' dir='ltr'>et</span> <span class='ocrx_word' id='word_1_41' title='bbox 1138 772 1394 841; x_wconf 71' lang='lat' dir='ltr'><strong>dioryg‘cs</strong></span> <span class='ocrx_word' id='word_1_42' title='bbox 1435 786 1466 822; x_wconf 93' lang='lat' dir='ltr'>a</span> <span class='ocrx_word' id='word_1_43' title='bbox 1514 770 1677 825; x_wconf 82' lang='lat' dir='ltr'><strong>Seso-</strong></span> 
     </span>
    </p>
   </div>
   <div class='ocr_carea' id='block_1_9' title="bbox 92 859 1680 923">
    <p class='ocr_par' dir='ltr' id='par_1_9' title="bbox 92 859 1680 923">
     <span class='ocr_line' id='line_1_9' title="bbox 92 859 1680 923; baseline -0.003 -7"><span class='ocrx_word' id='word_1_44' title='bbox 92 863 280 917; x_wconf 84' lang='lat' dir='ltr'><strong>stride</strong></span> <span class='ocrx_word' id='word_1_45' title='bbox 306 863 483 917; x_wconf 80' lang='lat' dir='ltr'><strong>fuisse</strong></span> <span class='ocrx_word' id='word_1_46' title='bbox 507 860 734 915; x_wconf 69' lang='lat' dir='ltr'><strong>eﬂ’ossas</strong></span> <span class='ocrx_word' id='word_1_47' title='bbox 767 869 957 914; x_wconf 81' lang='lat' dir='ltr'><strong>auctor</strong></span> <span class='ocrx_word' id='word_1_48' title='bbox 978 870 1084 923; x_wconf 89' lang='lat' dir='ltr'><strong>est,</strong></span> <span class='ocrx_word' id='word_1_49' title='bbox 1117 859 1212 914; x_wconf 84' lang='lat' dir='ltr'>sed</span> <span class='ocrx_word' id='word_1_50' title='bbox 1242 861 1309 912; x_wconf 89' lang='lat' dir='ltr'>de</span> <span class='ocrx_word' id='word_1_51' title='bbox 1337 859 1439 910; x_wconf 87' lang='lat' dir='ltr'>hac</span> <span class='ocrx_word' id='word_1_52' title='bbox 1465 874 1531 912; x_wconf 82' lang='lat' dir='ltr'>ne</span> <span class='ocrx_word' id='word_1_53' title='bbox 1567 875 1680 912; x_wconf 72' lang='lat' dir='ltr'><strong>rer-</strong></span> 
     </span>
    </p>
   </div>
   <div class='ocr_carea' id='block_1_10' title="bbox 91 949 1676 1024">
    <p class='ocr_par' dir='ltr' id='par_1_10' title="bbox 91 949 1676 1024">
     <span class='ocr_line' id='line_1_10' title="bbox 91 949 1676 1024; baseline -0.003 -19"><span class='ocrx_word' id='word_1_54' title='bbox 91 953 232 1006; x_wconf 90' lang='lat' dir='ltr'>bum</span> <span class='ocrx_word' id='word_1_55' title='bbox 261 954 515 1024; x_wconf 86' lang='lat' dir='ltr'>quidem,</span> <span class='ocrx_word' id='word_1_56' title='bbox 547 951 640 1006; x_wconf 87' lang='lat' dir='ltr'>sed</span> <span class='ocrx_word' id='word_1_57' title='bbox 669 952 789 1021; x_wconf 86' lang='lat' dir='ltr'><strong>ejus</strong></span> <span class='ocrx_word' id='word_1_58' title='bbox 829 953 1172 1007; x_wconf 69' lang='lat' dir='ltr'><strong>emissionem</strong></span> <span class='ocrx_word' id='word_1_59' title='bbox 1207 950 1416 1010; x_wconf 91' lang='lat' dir='ltr'><strong>tribuit,</strong></span> <span class='ocrx_word' id='word_1_60' title='bbox 1480 949 1573 1002; x_wconf 86' lang='lat' dir='ltr'>lib.</span> <span class='ocrx_word' id='word_1_61' title='bbox 1618 965 1676 1011; x_wconf 86' lang='lat' dir='ltr'>ll,</span> 
     </span>
    </p>
   </div>
   <div class='ocr_carea' id='block_1_11' title="bbox 90 1039 1680 1113">
    <p class='ocr_par' dir='ltr' id='par_1_11' title="bbox 90 1039 1680 1113">
     <span class='ocr_line' id='line_1_11' title="bbox 90 1039 1680 1113; baseline 0.001 -19"><span class='ocrx_word' id='word_1_62' title='bbox 90 1039 518 1097; x_wconf 83' lang='lat' dir='ltr'><strong>Psammeticho</strong></span> <span class='ocrx_word' id='word_1_63' title='bbox 543 1043 676 1113; x_wconf 77' lang='lat' dir='ltr'><strong>regi,</strong></span> <span class='ocrx_word' id='word_1_64' title='bbox 711 1045 802 1112; x_wconf 89' lang='lat' dir='ltr'><strong>qui</strong></span> <span class='ocrx_word' id='word_1_65' title='bbox 834 1044 1020 1098; x_wconf 92' lang='lat' dir='ltr'><strong>multis</strong></span> <span class='ocrx_word' id='word_1_66' title='bbox 1045 1050 1165 1111; x_wconf 85' lang='lat' dir='ltr'><strong>post</strong></span> <span class='ocrx_word' id='word_1_67' title='bbox 1201 1041 1488 1094; x_wconf 81' lang='lat' dir='ltr'><strong>Sesostrim</strong></span> <span class='ocrx_word' id='word_1_68' title='bbox 1521 1043 1680 1096; x_wconf 86' lang='lat' dir='ltr'><strong>annis</strong></span> 
     </span>
    </p>
   </div>
   <div class='ocr_carea' id='block_1_12' title="bbox 94 1131 1677 1203">
    <p class='ocr_par' dir='ltr' id='par_1_12' title="bbox 94 1131 1677 1203">
     <span class='ocr_line' id='line_1_12' title="bbox 94 1131 1677 1203; baseline -0.001 -19"><span class='ocrx_word' id='word_1_69' title='bbox 94 1133 236 1186; x_wconf 75' lang='lat' dir='ltr'><strong>vixit</strong></span> <span class='ocrx_word' id='word_1_70' title='bbox 267 1151 281 1185; x_wconf 91' lang='lat'>:</span> <span class='ocrx_word' id='word_1_71' title='bbox 326 1133 698 1203; x_wconf 75' lang='grc' dir='ltr'>Ψαμμητίχου</span> <span class='ocrx_word' id='word_1_72' title='bbox 724 1135 780 1186; x_wconf 89' lang='grc' dir='ltr'>δὲ</span> <span class='ocrx_word' id='word_1_73' title='bbox 803 1132 992 1196; x_wconf 85' lang='grc' dir='ltr'>Νεκὼς</span> <span class='ocrx_word' id='word_1_74' title='bbox 1026 1135 1155 1195; x_wconf 85' lang='grc' dir='ltr'>παῖς</span> <span class='ocrx_word' id='word_1_75' title='bbox 1182 1132 1415 1198; x_wconf 75' lang='grc' dir='ltr'>ἐγένετο,</span> <span class='ocrx_word' id='word_1_76' title='bbox 1441 1133 1533 1184; x_wconf 76' lang='grc' dir='ltr'>καὶ</span> <span class='ocrx_word' id='word_1_77' title='bbox 1551 1131 1677 1183; x_wconf 79' lang='grc' dir='ltr'>ἐϐα-</span> 
     </span>
    </p>
   </div>
   <div class='ocr_carea' id='block_1_13' title="bbox 94 1222 1679 1295">
    <p class='ocr_par' dir='ltr' id='par_1_13' title="bbox 94 1222 1679 1295">
     <span class='ocr_line' id='line_1_13' title="bbox 94 1222 1679 1295; baseline 0 -21"><span class='ocrx_word' id='word_1_78' title='bbox 94 1223 286 1274; x_wconf 64' lang='grc' dir='ltr'>σίλευε</span> <span class='ocrx_word' id='word_1_79' title='bbox 323 1223 621 1291; x_wconf 74' lang='grc' dir='ltr'>Αἰγύπτου,</span> <span class='ocrx_word' id='word_1_80' title='bbox 660 1225 718 1288; x_wconf 80' lang='grc' dir='ltr'>ὃς</span> <span class='ocrx_word' id='word_1_81' title='bbox 750 1227 815 1295; x_wconf 78' lang='grc' dir='ltr'>τῇ</span> <span class='ocrx_word' id='word_1_82' title='bbox 848 1222 1071 1294; x_wconf 84' lang='grc' dir='ltr'>διώρυχι</span> <span class='ocrx_word' id='word_1_83' title='bbox 1101 1223 1423 1291; x_wconf 70' lang='grc' dir='ltr'>ἐπεχείρησε</span> <span class='ocrx_word' id='word_1_84' title='bbox 1465 1223 1679 1292; x_wconf 83' lang='grc' dir='ltr'>πρῶτος</span> 
     </span>
    </p>
   </div>
   <div class='ocr_carea' id='block_1_14' title="bbox 90 1313 1679 1384">
    <p class='ocr_par' dir='ltr' id='par_1_14' title="bbox 90 1313 1679 1384">
     <span class='ocr_line' id='line_1_14' title="bbox 90 1313 1679 1384; baseline -0.001 -17"><span class='ocrx_word' id='word_1_85' title='bbox 90 1316 161 1382; x_wconf 57' lang='grc' dir='ltr'>τῇ</span> <span class='ocrx_word' id='word_1_86' title='bbox 208 1315 299 1374; x_wconf 84' lang='grc' dir='ltr'>εἰς</span> <span class='ocrx_word' id='word_1_87' title='bbox 342 1313 604 1384; x_wconf 78' lang='grc' dir='ltr'>Ἐρυθρὰν</span> <span class='ocrx_word' id='word_1_88' title='bbox 641 1313 912 1368; x_wconf 73' lang='grc' dir='ltr'>Θάλασσαν</span> <span class='ocrx_word' id='word_1_89' title='bbox 952 1313 1210 1384; x_wconf 80' lang='grc' dir='ltr'>φερούσῃ.</span> <span class='ocrx_word' id='word_1_90' title='bbox 1259 1313 1354 1383; x_wconf 85' lang='grc' dir='ltr'>τὴν</span> <span class='ocrx_word' id='word_1_91' title='bbox 1392 1316 1610 1383; x_wconf 80' lang='grc' dir='ltr'>Δαρεῖος</span> <span class='ocrx_word' id='word_1_92' title='bbox 1650 1316 1679 1366; x_wconf 89' lang='lat'>6</span> 
     </span>
    </p>
   </div>
   <div class='ocr_carea' id='block_1_15' title="bbox 93 1402 1677 1476">
    <p class='ocr_par' dir='ltr' id='par_1_15' title="bbox 93 1402 1677 1476">
     <span class='ocr_line' id='line_1_15' title="bbox 93 1402 1677 1476; baseline 0.001 -21"><span class='ocrx_word' id='word_1_93' title='bbox 93 1405 330 1474; x_wconf 79' lang='grc' dir='ltr'>Πέρσης</span> <span class='ocrx_word' id='word_1_94' title='bbox 360 1405 586 1476; x_wconf 84' lang='grc' dir='ltr'>δεύτερα</span> <span class='ocrx_word' id='word_1_95' title='bbox 621 1405 869 1475; x_wconf 77' lang='grc' dir='ltr'>διώρυξε.</span> <span class='ocrx_word' id='word_1_96' title='bbox 902 1402 1046 1458; x_wconf 90' lang='lat' dir='ltr'><strong>Idem</strong></span> <span class='ocrx_word' id='word_1_97' title='bbox 1093 1403 1324 1457; x_wconf 84' lang='lat' dir='ltr'><strong>habetur</strong></span> <span class='ocrx_word' id='word_1_98' title='bbox 1371 1405 1509 1471; x_wconf 80' lang='lat' dir='ltr'><strong>apud</strong></span> <span class='ocrx_word' id='word_1_99' title='bbox 1545 1405 1677 1456; x_wconf 82' lang='lat' dir='ltr'><strong>Dio-</strong></span> 
     </span>
    </p>
   </div>
   <div class='ocr_carea' id='block_1_16' title="bbox 95 1491 1676 1560">
    <p class='ocr_par' dir='ltr' id='par_1_16' title="bbox 95 1491 1676 1560">
     <span class='ocr_line' id='line_1_16' title="bbox 95 1491 1676 1560; baseline 0.004 -20"><span class='ocrx_word' id='word_1_100' title='bbox 95 1491 320 1546; x_wconf 75' lang='lat' dir='ltr'><strong>dorum.</strong></span> <span class='ocrx_word' id='word_1_101' title='bbox 382 1491 536 1546; x_wconf 89' lang='lat' dir='ltr'><strong>Unde</strong></span> <span class='ocrx_word' id='word_1_102' title='bbox 583 1492 858 1546; x_wconf 89' lang='lat' dir='ltr'><strong>immerito</strong></span> <span class='ocrx_word' id='word_1_103' title='bbox 909 1491 1328 1560; x_wconf 78' lang='lat' dir='ltr'>reprehenditur</span> <span class='ocrx_word' id='word_1_104' title='bbox 1375 1508 1403 1544; x_wconf 85' lang='lat' dir='ltr'>a</span> <span class='ocrx_word' id='word_1_105' title='bbox 1461 1492 1676 1546; x_wconf 88' lang='lat' dir='ltr'><strong>Pcrerio</strong></span> 
     </span>
    </p>
   </div>
   <div class='ocr_carea' id='block_1_17' title="bbox 95 1581 1677 1652">
    <p class='ocr_par' dir='ltr' id='par_1_17' title="bbox 95 1581 1677 1652">
     <span class='ocr_line' id='line_1_17' title="bbox 95 1581 1677 1652; baseline 0.003 -19"><span class='ocrx_word' id='word_1_106' title='bbox 95 1581 352 1637; x_wconf 78' lang='lat' dir='ltr'><strong>Basilius</strong></span> <span class='ocrx_word' id='word_1_107' title='bbox 389 1583 555 1637; x_wconf 82' lang='lat' dir='ltr'><strong>veluti</strong></span> <span class='ocrx_word' id='word_1_108' title='bbox 605 1582 864 1636; x_wconf 84' lang='lat' dir='ltr'><strong>memoria</strong></span> <span class='ocrx_word' id='word_1_109' title='bbox 919 1582 1126 1649; x_wconf 84' lang='lat' dir='ltr'><strong>lapsus,</strong></span> <span class='ocrx_word' id='word_1_110' title='bbox 1166 1591 1260 1634; x_wconf 91' lang='lat' dir='ltr'>aut</span> <span class='ocrx_word' id='word_1_111' title='bbox 1286 1583 1536 1636; x_wconf 86' lang='lat' dir='ltr'><strong>mendum</strong></span> <span class='ocrx_word' id='word_1_112' title='bbox 1558 1584 1677 1652; x_wconf 83' lang='lat' dir='ltr'><strong>ejus</strong></span> 
     </span>
    </p>
   </div>
   <div class='ocr_carea' id='block_1_18' title="bbox 96 1672 912 1742">
    <p class='ocr_par' dir='ltr' id='par_1_18' title="bbox 96 1672 912 1742">
     <span class='ocr_line' id='line_1_18' title="bbox 96 1672 912 1742; baseline -0.005 -15"><span class='ocrx_word' id='word_1_113' title='bbox 96 1673 335 1742; x_wconf 78' lang='lat' dir='ltr'><strong>scriptis</strong></span> <span class='ocrx_word' id='word_1_114' title='bbox 363 1674 580 1728; x_wconf 88' lang='lat' dir='ltr'><strong>aliunde</strong></span> <span class='ocrx_word' id='word_1_115' title='bbox 608 1672 912 1740; x_wconf 87' lang='lat' dir='ltr'><strong>irrepsisse.</strong></span> 
     </span>
    </p>
   </div>
   <div class='ocr_carea' id='block_1_19' title="bbox 157 1761 1677 1830">
    <p class='ocr_par' dir='ltr' id='par_1_19' title="bbox 157 1761 1677 1830">
     <span class='ocr_line' id='line_1_19' title="bbox 157 1761 1677 1830; baseline -0.001 -14"><span class='ocrx_word' id='word_1_116' title='bbox 157 1763 286 1816; x_wconf 83' lang='lat' dir='ltr'><strong>Col.</strong></span> <span class='ocrx_word' id='word_1_117' title='bbox 313 1763 444 1828; x_wconf 74' lang='lat' dir='ltr'><strong>7l2,</strong></span> <span class='ocrx_word' id='word_1_118' title='bbox 466 1764 559 1816; x_wconf 91' lang='lat' dir='ltr'><strong>lin.</strong></span> <span class='ocrx_word' id='word_1_119' title='bbox 587 1762 676 1814; x_wconf 79' lang='lat'>55.</span> <span class='ocrx_word' id='word_1_120' title='bbox 706 1761 916 1830; x_wconf 78' lang='grc' dir='ltr'>Καίμὴ</span> <span class='ocrx_word' id='word_1_121' title='bbox 947 1761 1064 1815; x_wconf 78' lang='grc' dir='ltr'>ἀπὸ</span> <span class='ocrx_word' id='word_1_122' title='bbox 1083 1763 1303 1829; x_wconf 79' lang='grc' dir='ltr'>ταύτης</span> <span class='ocrx_word' id='word_1_123' title='bbox 1324 1762 1542 1828; x_wconf 69' lang='grc' dir='ltr'>ἄλλην.</span> <span class='ocrx_word' id='word_1_124' title='bbox 1575 1762 1677 1815; x_wconf 90' lang='lat' dir='ltr'>Ba-</span> 
     </span>
    </p>
   </div>
   <div class='ocr_carea' id='block_1_20' title="bbox 1780 585 3346 660">
    <p class='ocr_par' dir='ltr' id='par_1_20' title="bbox 1780 585 3346 660">
     <span class='ocr_line' id='line_1_20' title="bbox 1780 585 3346 660; baseline 0.004 -22"><span class='ocrx_word' id='word_1_125' title='bbox 1780 585 1929 638; x_wconf 90' lang='lat' dir='ltr'><strong>bium</strong></span> <span class='ocrx_word' id='word_1_126' title='bbox 1979 587 2345 639; x_wconf 76' lang='lat' dir='ltr'><strong>Saturnalium</strong></span> <span class='ocrx_word' id='word_1_127' title='bbox 2387 587 2482 642; x_wconf 85' lang='lat' dir='ltr'><strong>lib.</strong></span> <span class='ocrx_word' id='word_1_128' title='bbox 2532 602 2629 650; x_wconf 82' lang='lat' dir='ltr'>vn,</span> <span class='ocrx_word' id='word_1_129' title='bbox 2677 587 2932 654; x_wconf 81' lang='lat' dir='ltr'><strong>Plinium,</strong></span> <span class='ocrx_word' id='word_1_130' title='bbox 2989 588 3346 660; x_wconf 86' lang='lat' dir='ltr'><strong>Pomponium</strong></span> 
     </span>
    </p>
   </div>
   <div class='ocr_carea' id='block_1_21' title="bbox 1781 678 2938 744">
    <p class='ocr_par' dir='ltr' id='par_1_21' title="bbox 1781 678 2938 744">
     <span class='ocr_line' id='line_1_21' title="bbox 1781 678 2938 744; baseline 0.003 -11"><span class='ocrx_word' id='word_1_131' title='bbox 1781 678 1996 744; x_wconf 80' lang='lat' dir='ltr'><strong>Metam,</strong></span> <span class='ocrx_word' id='word_1_132' title='bbox 2031 681 2301 744; x_wconf 85' lang='lat' dir='ltr'><strong>Solinum,</strong></span> <span class='ocrx_word' id='word_1_133' title='bbox 2327 678 2673 742; x_wconf 77' lang='lat' dir='ltr'><strong>Strabonem,</strong></span> <span class='ocrx_word' id='word_1_134' title='bbox 2700 691 2752 734; x_wconf 89' lang='lat' dir='ltr'>et</span> <span class='ocrx_word' id='word_1_135' title='bbox 2783 683 2938 736; x_wconf 85' lang='lat' dir='ltr'><strong>alius.</strong></span> 
     </span>
    </p>
   </div>
   <div class='ocr_carea' id='block_1_22' title="bbox 1853 769 3347 840">
    <p class='ocr_par' dir='ltr' id='par_1_22' title="bbox 1853 769 3347 840">
     <span class='ocr_line' id='line_1_22' title="bbox 1853 769 3347 840; baseline 0.003 -18"><span class='ocrx_word' id='word_1_136' title='bbox 1853 769 2014 834; x_wconf 89' lang='lat' dir='ltr'><strong>lbid.,</strong></span> <span class='ocrx_word' id='word_1_137' title='bbox 2065 772 2162 824; x_wconf 91' lang='lat' dir='ltr'><strong>lin.</strong></span> <span class='ocrx_word' id='word_1_138' title='bbox 2213 772 2264 824; x_wconf 83' lang='lat'><strong>7.</strong></span> <span class='ocrx_word' id='word_1_139' title='bbox 2301 774 2383 824; x_wconf 87' lang='grc' dir='ltr'>Οὐ</span> <span class='ocrx_word' id='word_1_140' title='bbox 2425 772 2494 824; x_wconf 84' lang='grc' dir='ltr'>τὰ</span> <span class='ocrx_word' id='word_1_141' title='bbox 2539 775 2796 840; x_wconf 73' lang='grc' dir='ltr'>τυχόντα</span> <span class='ocrx_word' id='word_1_142' title='bbox 2835 772 2903 824; x_wconf 77' lang='grc' dir='ltr'>δὲ</span> <span class='ocrx_word' id='word_1_143' title='bbox 2940 772 3060 827; x_wconf 80' lang='grc' dir='ltr'>τῶν</span> <span class='ocrx_word' id='word_1_144' title='bbox 3093 774 3347 827; x_wconf 80' lang='grc' dir='ltr'>ὑδάτων.</span> 
     </span>
    </p>
   </div>
   <div class='ocr_carea' id='block_1_23' title="bbox 1780 859 3350 932">
    <p class='ocr_par' dir='ltr' id='par_1_23' title="bbox 1780 859 3350 932">
     <span class='ocr_line' id='line_1_23' title="bbox 1780 859 3350 932; baseline 0.002 -21"><span class='ocrx_word' id='word_1_145' title='bbox 1780 859 1979 914; x_wconf 84' lang='lat' dir='ltr'><strong>Fusius</strong></span> <span class='ocrx_word' id='word_1_146' title='bbox 2011 861 2111 913; x_wconf 85' lang='lat' dir='ltr'>hoc</span> <span class='ocrx_word' id='word_1_147' title='bbox 2147 861 2286 914; x_wconf 87' lang='lat' dir='ltr'><strong>idem</strong></span> <span class='ocrx_word' id='word_1_148' title='bbox 2312 859 2543 914; x_wconf 83' lang='lat' dir='ltr'><strong>Basilius</strong></span> <span class='ocrx_word' id='word_1_149' title='bbox 2581 860 2727 914; x_wconf 83' lang='lat' dir='ltr'><strong>ltom.</strong></span> <span class='ocrx_word' id='word_1_150' title='bbox 2780 861 2813 914; x_wconf 72' lang='grc'><strong>4</strong></span> <span class='ocrx_word' id='word_1_151' title='bbox 2847 880 2861 915; x_wconf 89' lang='lat'><strong>:</strong></span> <span class='ocrx_word' id='word_1_152' title='bbox 2902 863 2975 912; x_wconf 84' lang='grc' dir='ltr'>Οὐ</span> <span class='ocrx_word' id='word_1_153' title='bbox 3024 861 3132 932; x_wconf 83' lang='grc' dir='ltr'>γὰρ</span> <span class='ocrx_word' id='word_1_154' title='bbox 3178 863 3350 932; x_wconf 80' lang='grc' dir='ltr'>δήπου</span> 
     </span>
    </p>
   </div>
   <div class='ocr_carea' id='block_1_24' title="bbox 1781 951 3351 1024">
    <p class='ocr_par' dir='ltr' id='par_1_24' title="bbox 1781 951 3351 1024">
     <span class='ocr_line' id='line_1_24' title="bbox 1781 951 3351 1024; baseline 0.001 -20"><span class='ocrx_word' id='word_1_155' title='bbox 1781 955 1874 1005; x_wconf 76' lang='grc' dir='ltr'>καὶ</span> <span class='ocrx_word' id='word_1_156' title='bbox 1904 952 1969 1003; x_wconf 73' lang='grc' dir='ltr'>τὰ</span> <span class='ocrx_word' id='word_1_157' title='bbox 1998 953 2338 1020; x_wconf 80' lang='grc' dir='ltr'>τελματιαῖα,</span> <span class='ocrx_word' id='word_1_158' title='bbox 2392 957 2486 1007; x_wconf 79' lang='grc' dir='ltr'>καὶ</span> <span class='ocrx_word' id='word_1_159' title='bbox 2529 955 2597 1004; x_wconf 71' lang='grc' dir='ltr'>τά</span> <span class='ocrx_word' id='word_1_160' title='bbox 2630 952 2687 1015; x_wconf 78' lang='grc' dir='ltr'>ἐξ</span> <span class='ocrx_word' id='word_1_161' title='bbox 2733 951 2955 1020; x_wconf 78' lang='grc' dir='ltr'>δμερων</span> <span class='ocrx_word' id='word_1_162' title='bbox 2998 953 3351 1024; x_wconf 83' lang='grc' dir='ltr'>συναθροιζό-</span> 
     </span>
    </p>
   </div>
   <div class='ocr_carea' id='block_1_25' title="bbox 1782 1039 3354 1114">
    <p class='ocr_par' dir='ltr' id='par_1_25' title="bbox 1782 1039 3354 1114">
     <span class='ocr_line' id='line_1_25' title="bbox 1782 1039 3354 1114; baseline 0 -20"><span class='ocrx_word' id='word_1_163' title='bbox 1782 1060 1916 1112; x_wconf 90' lang='grc' dir='ltr'>μενα</span> <span class='ocrx_word' id='word_1_164' title='bbox 1949 1045 2240 1114; x_wconf 57' lang='grc' dir='ltr'>προτέρειν</span> <span class='ocrx_word' id='word_1_165' title='bbox 2284 1046 2413 1113; x_wconf 73' lang='grc' dir='ltr'>ἡμῖν</span> <span class='ocrx_word' id='word_1_166' title='bbox 2458 1043 2746 1110; x_wconf 58' lang='grc' dir='ltr'>ὸτείλουσι,</span> <span class='ocrx_word' id='word_1_167' title='bbox 2775 1043 2871 1094; x_wconf 77' lang='grc' dir='ltr'>καὶ</span> <span class='ocrx_word' id='word_1_168' title='bbox 2906 1039 2994 1093; x_wconf 86' lang='grc' dir='ltr'>διά</span> <span class='ocrx_word' id='word_1_169' title='bbox 3025 1041 3226 1094; x_wconf 87' lang='grc' dir='ltr'>τούτων</span> <span class='ocrx_word' id='word_1_170' title='bbox 3260 1043 3354 1094; x_wconf 75' lang='grc' dir='ltr'>τὸν</span> 
     </span>
    </p>
   </div>
   <div class='ocr_carea' id='block_1_26' title="bbox 3261 687 3293 695">
    <p class='ocr_par' dir='ltr' id='par_1_26' title="bbox 3261 687 3293 695">
     <span class='ocr_line' id='line_1_26' title="bbox 3261 687 3293 695; baseline 0.031 -1"><span class='ocrx_word' id='word_1_171' title='bbox 3261 687 3293 695; x_wconf 42' lang='grc' dir='ltr'><strong>α</strong></span> 
     </span>
    </p>
   </div>
   <div class='ocr_carea' id='block_1_27' title="bbox 1779 1132 3353 1204">
    <p class='ocr_par' dir='ltr' id='par_1_27' title="bbox 1779 1132 3353 1204">
     <span class='ocr_line' id='line_1_27' title="bbox 1779 1132 3353 1204; baseline -0.002 -16"><span class='ocrx_word' id='word_1_172' title='bbox 1779 1136 1936 1203; x_wconf 86' lang='grc' dir='ltr'>λόγον</span> <span class='ocrx_word' id='word_1_173' title='bbox 1984 1136 2138 1204; x_wconf 81' lang='grc' dir='ltr'>ἡμῶν</span> <span class='ocrx_word' id='word_1_174' title='bbox 2187 1137 2433 1204; x_wconf 77' lang='grc' dir='ltr'><strong>ἐλέγχειν</strong></span> <span class='ocrx_word' id='word_1_175' title='bbox 2479 1133 2714 1186; x_wconf 73' lang='grc' dir='ltr'>οἴεσθαι·</span> <span class='ocrx_word' id='word_1_176' title='bbox 2751 1132 2886 1184; x_wconf 82' lang='grc' dir='ltr'>ἀλλὰ</span> <span class='ocrx_word' id='word_1_177' title='bbox 2922 1133 3020 1201; x_wconf 84' lang='grc' dir='ltr'>τὴν</span> <span class='ocrx_word' id='word_1_178' title='bbox 3066 1133 3353 1202; x_wconf 81' lang='grc' dir='ltr'>μεγίστην,</span> 
     </span>
    </p>
   </div>
   <div class='ocr_carea' id='block_1_28' title="bbox 1779 1225 3352 1297">
    <p class='ocr_par' dir='ltr' id='par_1_28' title="bbox 1779 1225 3352 1297">
     <span class='ocr_line' id='line_1_28' title="bbox 1779 1225 3352 1297; baseline -0.003 -17"><span class='ocrx_word' id='word_1_179' title='bbox 1779 1229 1873 1280; x_wconf 72' lang='grc' dir='ltr'>καὶ</span> <span class='ocrx_word' id='word_1_180' title='bbox 1901 1227 2236 1297; x_wconf 80' lang='grc' dir='ltr'>τελεωτάτην</span> <span class='ocrx_word' id='word_1_181' title='bbox 2251 1226 2552 1295; x_wconf 78' lang='grc' dir='ltr'>συνδρομὴν</span> <span class='ocrx_word' id='word_1_182' title='bbox 2566 1225 2672 1276; x_wconf 87' lang='grc' dir='ltr'>τῶν</span> <span class='ocrx_word' id='word_1_183' title='bbox 2705 1226 2910 1278; x_wconf 77' lang='grc' dir='ltr'>ὑδάτων</span> <span class='ocrx_word' id='word_1_184' title='bbox 2932 1225 3186 1294; x_wconf 83' lang='grc' dir='ltr'>ὠνόμασε</span> <span class='ocrx_word' id='word_1_185' title='bbox 3219 1242 3352 1277; x_wconf 73' lang='grc' dir='ltr'>συν-</span> 
     </span>
    </p>
   </div>
   <div class='ocr_carea' id='block_1_29' title="bbox 1778 1317 3353 1387">
    <p class='ocr_par' dir='ltr' id='par_1_29' title="bbox 1778 1317 3353 1387">
     <span class='ocr_line' id='line_1_29' title="bbox 1778 1317 3353 1387; baseline 0.007 -27"><span class='ocrx_word' id='word_1_186' title='bbox 1778 1318 1998 1387; x_wconf 74' lang='grc' dir='ltr'>αγωγὴν</span> <span class='ocrx_word' id='word_1_187' title='bbox 2056 1319 2205 1386; x_wconf 79' lang='grc' dir='ltr'>μίαν.</span> <span class='ocrx_word' id='word_1_188' title='bbox 2240 1320 2348 1368; x_wconf 77' lang='grc' dir='ltr'>Καὶ</span> <span class='ocrx_word' id='word_1_189' title='bbox 2381 1319 2487 1385; x_wconf 69' lang='grc' dir='ltr'>γὰρ</span> <span class='ocrx_word' id='word_1_190' title='bbox 2534 1317 2600 1368; x_wconf 68' lang='grc' dir='ltr'>τὰ</span> <span class='ocrx_word' id='word_1_191' title='bbox 2631 1317 2838 1385; x_wconf 64' lang='grc' dir='ltr'>φρέατα</span> <span class='ocrx_word' id='word_1_192' title='bbox 2871 1318 3182 1384; x_wconf 79' lang='grc' dir='ltr'>συναγωγαὶ</span> <span class='ocrx_word' id='word_1_193' title='bbox 3223 1317 3353 1370; x_wconf 74' lang='grc' dir='ltr'>ὑδά-</span> 
     </span>
    </p>
   </div>
   <div class='ocr_carea' id='block_1_30' title="bbox 1777 1409 3374 1481">
    <p class='ocr_par' dir='ltr' id='par_1_30' title="bbox 1777 1409 3374 1481">
     <span class='ocr_line' id='line_1_30' title="bbox 1777 1409 3374 1481; baseline -0.003 -16"><span class='ocrx_word' id='word_1_194' title='bbox 1777 1429 1885 1465; x_wconf 86' lang='grc' dir='ltr'>των</span> <span class='ocrx_word' id='word_1_195' title='bbox 1913 1413 2020 1463; x_wconf 83' lang='grc' dir='ltr'>είσί</span> <span class='ocrx_word' id='word_1_196' title='bbox 2047 1410 2429 1481; x_wconf 71' lang='grc' dir='ltr'>χειροποίητοι,</span> <span class='ocrx_word' id='word_1_197' title='bbox 2481 1427 2570 1460; x_wconf 81' lang='grc' dir='ltr'>και</span> <span class='ocrx_word' id='word_1_198' title='bbox 2603 1411 2664 1460; x_wconf 73' lang='grc' dir='ltr'>τὸ</span> <span class='ocrx_word' id='word_1_199' title='bbox 2703 1409 2980 1460; x_wconf 82' lang='grc' dir='ltr'>κοιλανΟὲν</span> <span class='ocrx_word' id='word_1_200' title='bbox 3004 1411 3104 1478; x_wconf 84' lang='grc' dir='ltr'>τῆς</span> <span class='ocrx_word' id='word_1_201' title='bbox 3132 1411 3233 1479; x_wconf 80' lang='grc' dir='ltr'>γῆς</span> <span class='ocrx_word' id='word_1_202' title='bbox 3251 1412 3374 1480; x_wconf 67' lang='grc' dir='ltr'>τῆς·Δ</span> 
     </span>
    </p>
   </div>
   <div class='ocr_carea' id='block_1_31' title="bbox 1778 1497 3351 1570">
    <p class='ocr_par' dir='ltr' id='par_1_31' title="bbox 1778 1497 3351 1570">
     <span class='ocr_line' id='line_1_31' title="bbox 1778 1497 3351 1570; baseline -0.001 -19"><span class='ocrx_word' id='word_1_203' title='bbox 1778 1499 2186 1570; x_wconf 79' lang='grc' dir='ltr'>ἐνεσπαρμένης</span> <span class='ocrx_word' id='word_1_204' title='bbox 2219 1499 2416 1558; x_wconf 77' lang='grc' dir='ltr'>νοτίδος</span> <span class='ocrx_word' id='word_1_205' title='bbox 2443 1497 2818 1566; x_wconf 63' lang='grc' dir='ltr'>ἐπιρρεούσης.</span> <span class='ocrx_word' id='word_1_206' title='bbox 2851 1497 2925 1549; x_wconf 83' lang='grc' dir='ltr'>Οὑ</span> <span class='ocrx_word' id='word_1_207' title='bbox 2957 1497 3136 1547; x_wconf 78' lang='grc' dir='ltr'>τοίνυν</span> <span class='ocrx_word' id='word_1_208' title='bbox 3166 1497 3232 1548; x_wconf 67' lang='grc' dir='ltr'>τὰ</span> <span class='ocrx_word' id='word_1_209' title='bbox 3257 1513 3351 1549; x_wconf 89' lang='grc' dir='ltr'>τυ-</span> 
     </span>
    </p>
   </div>
   <div class='ocr_carea' id='block_1_32' title="bbox 1775 1585 3350 1658">
    <p class='ocr_par' dir='ltr' id='par_1_32' title="bbox 1775 1585 3350 1658">
     <span class='ocr_line' id='line_1_32' title="bbox 1775 1585 3350 1658; baseline -0.003 -18"><span class='ocrx_word' id='word_1_210' title='bbox 1775 1588 1938 1658; x_wconf 87' lang='grc' dir='ltr'>χόντα</span> <span class='ocrx_word' id='word_1_211' title='bbox 1969 1589 2077 1639; x_wconf 87' lang='grc' dir='ltr'>τῶν</span> <span class='ocrx_word' id='word_1_212' title='bbox 2106 1588 2310 1639; x_wconf 82' lang='grc' dir='ltr'>ὑδάτων</span> <span class='ocrx_word' id='word_1_213' title='bbox 2337 1585 2678 1656; x_wconf 81' lang='grc' dir='ltr'>ἀθροίσματα</span> <span class='ocrx_word' id='word_1_214' title='bbox 2707 1587 2739 1653; x_wconf 82' lang='grc' dir='ltr'><strong>ἡ</strong></span> <span class='ocrx_word' id='word_1_215' title='bbox 2775 1586 2873 1654; x_wconf 74' lang='grc' dir='ltr'>τῆς</span> <span class='ocrx_word' id='word_1_216' title='bbox 2898 1586 3216 1656; x_wconf 76' lang='grc' dir='ltr'>συναγωγῆς</span> <span class='ocrx_word' id='word_1_217' title='bbox 3248 1587 3350 1655; x_wconf 79' lang='grc' dir='ltr'>ἑμ-</span> 
     </span>
    </p>
   </div>
   <div class='ocr_carea' id='block_1_33' title="bbox 1778 1674 3345 1750">
    <p class='ocr_par' dir='ltr' id='par_1_33' title="bbox 1778 1674 3345 1750">
     <span class='ocr_line' id='line_1_33' title="bbox 1778 1674 3345 1750; baseline -0.001 -19"><span class='ocrx_word' id='word_1_218' title='bbox 1778 1679 1955 1747; x_wconf 84' lang='grc' dir='ltr'>φαίνει</span> <span class='ocrx_word' id='word_1_219' title='bbox 1979 1677 2336 1750; x_wconf 81' lang='grc' dir='ltr'>προσηγορία,</span> <span class='ocrx_word' id='word_1_220' title='bbox 2357 1676 2492 1728; x_wconf 83' lang='grc' dir='ltr'>ἀλλὰ</span> <span class='ocrx_word' id='word_1_221' title='bbox 2519 1675 2615 1743; x_wconf 75' lang='grc' dir='ltr'>τὴν</span> <span class='ocrx_word' id='word_1_222' title='bbox 2639 1674 2923 1743; x_wconf 73' lang='grc' dir='ltr'>ἐξέχουσαν</span> <span class='ocrx_word' id='word_1_223' title='bbox 2948 1677 3039 1727; x_wconf 80' lang='grc' dir='ltr'>καὶ</span> <span class='ocrx_word' id='word_1_224' title='bbox 3064 1675 3345 1746; x_wconf 85' lang='grc' dir='ltr'>μεγίστην,</span> 
     </span>
    </p>
   </div>
   <div class='ocr_carea' id='block_1_34' title="bbox 1779 1765 3345 1842">
    <p class='ocr_par' dir='ltr' id='par_1_34' title="bbox 1779 1765 3345 1842">
     <span class='ocr_line' id='line_1_34' title="bbox 1779 1765 3345 1842; baseline -0.002 -19"><span class='ocrx_word' id='word_1_225' title='bbox 1779 1774 1835 1823; x_wconf 85' lang='grc' dir='ltr'>ὲν</span> <span class='ocrx_word' id='word_1_226' title='bbox 1930 1773 2037 1823; x_wconf 84' lang='grc' dir='ltr'>πᾶν</span> <span class='ocrx_word' id='word_1_227' title='bbox 2058 1771 2118 1821; x_wconf 83' lang='grc' dir='ltr'>τὸ</span> <span class='ocrx_word' id='word_1_228' title='bbox 2150 1772 2409 1838; x_wconf 82' lang='grc' dir='ltr'>στοιχεῖον</span> <span class='ocrx_word' id='word_1_229' title='bbox 2455 1769 2647 1838; x_wconf 74' lang='grc' dir='ltr'>ἀθρόον</span> <span class='ocrx_word' id='word_1_230' title='bbox 2674 1767 3054 1820; x_wconf 84' lang='grc' dir='ltr'>διαδείκνυται.</span> <span class='ocrx_word' id='word_1_231' title='bbox 3090 1765 3158 1820; x_wconf 91' lang='lat' dir='ltr'><strong>Ut</strong></span> <span class='ocrx_word' id='word_1_232' title='bbox 3199 1769 3345 1821; x_wconf 87' lang='lat' dir='ltr'><strong>enim</strong></span> 
     </span>
    </p>
   </div>
   <div class='ocr_carea' id='block_1_35' title="bbox 98 1835 1679 1926">
    <p class='ocr_par' dir='ltr' id='par_1_35' title="bbox 98 1851 1677 1923">
     <span class='ocr_line' id='line_1_35' title="bbox 98 1851 1677 1923; baseline -0.002 -16"><span class='ocrx_word' id='word_1_233' title='bbox 98 1853 263 1907; x_wconf 76' lang='lat' dir='ltr'><strong>silius</strong></span> <span class='ocrx_word' id='word_1_234' title='bbox 291 1854 445 1907; x_wconf 87' lang='lat' dir='ltr'><strong>hom.</strong></span> <span class='ocrx_word' id='word_1_235' title='bbox 481 1853 514 1906; x_wconf 73' lang='grc'><strong>4</strong></span> <span class='ocrx_word' id='word_1_236' title='bbox 545 1871 558 1906; x_wconf 90' lang='lat'><strong>:</strong></span> <span class='ocrx_word' id='word_1_237' title='bbox 594 1852 878 1906; x_wconf 83' lang='grc' dir='ltr'>Τουτέστιν</span> <span class='ocrx_word' id='word_1_238' title='bbox 906 1851 1038 1922; x_wconf 84' lang='grc' dir='ltr'>ἄλλη</span> <span class='ocrx_word' id='word_1_239' title='bbox 1078 1853 1185 1905; x_wconf 77' lang='grc' dir='ltr'>ἀπὸ</span> <span class='ocrx_word' id='word_1_240' title='bbox 1207 1852 1406 1923; x_wconf 76' lang='grc' dir='ltr'>ταύτης</span> <span class='ocrx_word' id='word_1_241' title='bbox 1435 1854 1510 1922; x_wconf 81' lang='grc' dir='ltr'>μὴ</span> <span class='ocrx_word' id='word_1_242' title='bbox 1545 1855 1677 1906; x_wconf 83' lang='grc' dir='ltr'>ἀπο-</span> 
     </span>
    </p>
   </div>
   <div class='ocr_carea' id='block_1_36' title="bbox 1780 1835 3345 1926">
    <p class='ocr_par' dir='ltr' id='par_1_36' title="bbox 1783 1858 3345 1926">
     <span class='ocr_line' id='line_1_36' title="bbox 1783 1858 3345 1926; baseline 0.001 -17"><span class='ocrx_word' id='word_1_243' title='bbox 1783 1869 1992 1916; x_wconf 81' lang='lat' dir='ltr'><strong>vastam</strong></span> <span class='ocrx_word' id='word_1_244' title='bbox 2032 1863 2177 1915; x_wconf 90' lang='lat' dir='ltr'><strong>illam</strong></span> <span class='ocrx_word' id='word_1_245' title='bbox 2211 1861 2375 1914; x_wconf 89' lang='lat' dir='ltr'><strong>maris</strong></span> <span class='ocrx_word' id='word_1_246' title='bbox 2409 1860 2602 1913; x_wconf 84' lang='lat' dir='ltr'><strong>molem</strong></span> <span class='ocrx_word' id='word_1_247' title='bbox 2649 1858 2901 1918; x_wconf 81' lang='lat' dir='ltr'><strong>eﬂiceret.</strong></span> <span class='ocrx_word' id='word_1_248' title='bbox 2935 1873 3043 1910; x_wconf 88' lang='lat' dir='ltr'>non</span> <span class='ocrx_word' id='word_1_249' title='bbox 3087 1872 3345 1926; x_wconf 71' lang='lat' dir='ltr'><strong>quaecun-</strong></span> 
     </span>
    </p>
   </div>
   <div class='ocr_carea' id='block_1_37' title="bbox 97 1925 1682 2014">
    <p class='ocr_par' dir='ltr' id='par_1_37' title="bbox 97 1925 1682 2014">
     <span class='ocr_line' id='line_1_37' title="bbox 97 1925 1682 2014; baseline 0.001 -18"><span class='ocrx_word' id='word_1_250' title='bbox 97 1943 417 2014; x_wconf 81' lang='grc' dir='ltr'>γενηθήτω,</span> <span class='ocrx_word' id='word_1_251' title='bbox 443 1942 556 1995; x_wconf 87' lang='grc' dir='ltr'>ἀλλ’</span> <span class='ocrx_word' id='word_1_252' title='bbox 585 1942 642 1995; x_wconf 75' lang='grc' dir='ltr'>ἐν</span> <span class='ocrx_word' id='word_1_253' title='bbox 673 1945 738 2012; x_wconf 82' lang='grc' dir='ltr'>τῇ</span> <span class='ocrx_word' id='word_1_254' title='bbox 774 1941 963 2014; x_wconf 79' lang='grc' dir='ltr'>πρώτῃ</span> <span class='ocrx_word' id='word_1_255' title='bbox 999 1925 1222 2014; x_wconf 79' lang='grc' dir='ltr'>συλλογῇ</span> <span class='ocrx_word' id='word_1_256' title='bbox 1253 1945 1598 2013; x_wconf 85' lang='grc' dir='ltr'>ἀπομεινάτω</span> <span class='ocrx_word' id='word_1_257' title='bbox 1623 1945 1682 1997; x_wconf 83' lang='grc' dir='ltr'>τὸ</span> 
     </span>
    </p>
   </div>
   <div class='ocr_carea' id='block_1_38' title="bbox 101 2036 494 2105">
    <p class='ocr_par' dir='ltr' id='par_1_38' title="bbox 101 2036 494 2105">
     <span class='ocr_line' id='line_1_38' title="bbox 101 2036 494 2105; baseline -0.008 -17"><span class='ocrx_word' id='word_1_258' title='bbox 101 2036 494 2105; x_wconf 84' lang='grc' dir='ltr'>συναγόμενον.</span> 
     </span>
    </p>
   </div>
   <div class='ocr_carea' id='block_1_39' title="bbox 171 2117 1676 2192">
    <p class='ocr_par' dir='ltr' id='par_1_39' title="bbox 171 2117 1676 2192">
     <span class='ocr_line' id='line_1_39' title="bbox 171 2117 1676 2192; baseline -0.001 -12"><span class='ocrx_word' id='word_1_259' title='bbox 171 2127 346 2190; x_wconf 71' lang='lat' dir='ltr'><strong>Ibid.,</strong></span> <span class='ocrx_word' id='word_1_260' title='bbox 379 2125 476 2179; x_wconf 88' lang='lat' dir='ltr'><strong>lin.</strong></span> <span class='ocrx_word' id='word_1_261' title='bbox 505 2123 594 2179; x_wconf 79' lang='lat'>56.</span> <span class='ocrx_word' id='word_1_262' title='bbox 625 2121 830 2178; x_wconf 73' lang='grc' dir='ltr'>Πολλὰ</span> <span class='ocrx_word' id='word_1_263' title='bbox 861 2124 972 2192; x_wconf 79' lang='grc' dir='ltr'>τὰρ</span> <span class='ocrx_word' id='word_1_264' title='bbox 1013 2117 1112 2192; x_wconf 83' lang='grc' dir='ltr'>ἦν.</span> <span class='ocrx_word' id='word_1_265' title='bbox 1145 2122 1379 2178; x_wconf 85' lang='lat' dir='ltr'><strong>Basilius</strong></span> <span class='ocrx_word' id='word_1_266' title='bbox 1410 2123 1556 2178; x_wconf 84' lang='lat' dir='ltr'><strong>hom.</strong></span> <span class='ocrx_word' id='word_1_267' title='bbox 1601 2126 1635 2178; x_wconf 72' lang='grc'><strong>4</strong></span> <span class='ocrx_word' id='word_1_268' title='bbox 1663 2145 1676 2179; x_wconf 91' lang='lat'><strong>:</strong></span> 
     </span>
    </p>
   </div>
   <div class='ocr_carea' id='block_1_40' title="bbox 103 2212 1682 2286">
    <p class='ocr_par' dir='ltr' id='par_1_40' title="bbox 103 2212 1682 2286">
     <span class='ocr_line' id='line_1_40' title="bbox 103 2212 1682 2286; baseline -0.002 -16"><span class='ocrx_word' id='word_1_269' title='bbox 103 2218 350 2270; x_wconf 81' lang='grc' dir='ltr'>Ἔπειτα</span> <span class='ocrx_word' id='word_1_270' title='bbox 376 2219 404 2269; x_wconf 86' lang='lat'>6</span> <span class='ocrx_word' id='word_1_271' title='bbox 434 2214 602 2268; x_wconf 86' lang='grc' dir='ltr'>εἰπὼν</span> <span class='ocrx_word' id='word_1_272' title='bbox 621 2212 948 2284; x_wconf 84' lang='grc' dir='ltr'>συναχθῆναι</span> <span class='ocrx_word' id='word_1_273' title='bbox 973 2212 1042 2265; x_wconf 87' lang='grc' dir='ltr'>τὰ</span> <span class='ocrx_word' id='word_1_274' title='bbox 1062 2213 1231 2268; x_wconf 78' lang='grc' dir='ltr'>ὕδατα</span> <span class='ocrx_word' id='word_1_275' title='bbox 1255 2216 1682 2286; x_wconf 53' lang='grc' dir='ltr'>εἰςκσυναγωγὴν</span> 
     </span>
    </p>
   </div>
   <div class='ocr_carea' id='block_1_41' title="bbox 104 2300 1682 2377">
    <p class='ocr_par' dir='ltr' id='par_1_41' title="bbox 104 2300 1682 2377">
     <span class='ocr_line' id='line_1_41' title="bbox 104 2300 1682 2377; baseline -0.001 -18"><span class='ocrx_word' id='word_1_276' title='bbox 104 2308 258 2377; x_wconf 87' lang='grc' dir='ltr'>μίαν⁹</span> <span class='ocrx_word' id='word_1_277' title='bbox 296 2305 466 2369; x_wconf 76' lang='grc' dir='ltr'>ἔδειξέ</span> <span class='ocrx_word' id='word_1_278' title='bbox 507 2323 608 2369; x_wconf 89' lang='grc' dir='ltr'>σοι,</span> <span class='ocrx_word' id='word_1_279' title='bbox 645 2307 726 2358; x_wconf 84' lang='grc' dir='ltr'>ὅτι</span> <span class='ocrx_word' id='word_1_280' title='bbox 766 2305 934 2357; x_wconf 87' lang='grc' dir='ltr'>πολλά</span> <span class='ocrx_word' id='word_1_281' title='bbox 962 2300 1031 2375; x_wconf 81' lang='grc' dir='ltr'>ἦν</span> <span class='ocrx_word' id='word_1_282' title='bbox 1053 2305 1192 2358; x_wconf 85' lang='grc' dir='ltr'>κατά</span> <span class='ocrx_word' id='word_1_283' title='bbox 1233 2306 1458 2368; x_wconf 75' lang='grc' dir='ltr'>πολλοὺς</span> <span class='ocrx_word' id='word_1_284' title='bbox 1484 2307 1682 2371; x_wconf 84' lang='grc' dir='ltr'>τόπους</span> 
     </span>
    </p>
   </div>
   <div class='ocr_carea' id='block_1_42' title="bbox 99 2395 1684 2469">
    <p class='ocr_par' dir='ltr' id='par_1_42' title="bbox 99 2395 1684 2469">
     <span class='ocr_line' id='line_1_42' title="bbox 99 2395 1684 2469; baseline -0.001 -20"><span class='ocrx_word' id='word_1_285' title='bbox 99 2397 417 2469; x_wconf 81' lang='grc' dir='ltr'>διῃρημένα</span> <span class='ocrx_word' id='word_1_286' title='bbox 437 2396 503 2450; x_wconf 76' lang='grc' dir='ltr'>τά</span> <span class='ocrx_word' id='word_1_287' title='bbox 531 2396 715 2450; x_wconf 75' lang='grc' dir='ltr'>ὕδατα.</span> <span class='ocrx_word' id='word_1_288' title='bbox 747 2397 814 2448; x_wconf 80' lang='grc' dir='ltr'>Δί</span> <span class='ocrx_word' id='word_1_289' title='bbox 836 2413 896 2448; x_wconf 84' lang='grc' dir='ltr'>τε</span> <span class='ocrx_word' id='word_1_290' title='bbox 938 2395 1047 2466; x_wconf 88' lang='grc' dir='ltr'>γάρ</span> <span class='ocrx_word' id='word_1_291' title='bbox 1070 2395 1177 2450; x_wconf 89' lang='grc' dir='ltr'>τῶν</span> <span class='ocrx_word' id='word_1_292' title='bbox 1210 2397 1350 2468; x_wconf 85' lang='grc' dir='ltr'>ὀρῶν</span> <span class='ocrx_word' id='word_1_293' title='bbox 1375 2397 1684 2468; x_wconf 75' lang='grc' dir='ltr'>κοιλότητες</span> 
     </span>
    </p>
   </div>
   <div class='ocr_carea' id='block_1_43' title="bbox 104 2483 1680 2557">
    <p class='ocr_par' dir='ltr' id='par_1_43' title="bbox 104 2483 1680 2557">
     <span class='ocr_line' id='line_1_43' title="bbox 104 2483 1680 2557; baseline 0.001 -19"><span class='ocrx_word' id='word_1_294' title='bbox 104 2487 354 2556; x_wconf 77' lang='grc' dir='ltr'>φάραγξι</span> <span class='ocrx_word' id='word_1_295' title='bbox 407 2487 645 2556; x_wconf 78' lang='grc' dir='ltr'>βαθείαις</span> <span class='ocrx_word' id='word_1_296' title='bbox 689 2486 1098 2557; x_wconf 74' lang='grc' dir='ltr'>ὑπερρηγμέναι</span> <span class='ocrx_word' id='word_1_297' title='bbox 1137 2483 1280 2557; x_wconf 73' lang='grc' dir='ltr'>εἶχον</span> <span class='ocrx_word' id='word_1_298' title='bbox 1327 2487 1432 2538; x_wconf 86' lang='grc' dir='ltr'>τῶν</span> <span class='ocrx_word' id='word_1_299' title='bbox 1476 2487 1680 2540; x_wconf 85' lang='grc' dir='ltr'>ὑδάτων</span> 
     </span>
    </p>
   </div>
   <div class='ocr_carea' id='block_1_44' title="bbox 103 2578 1680 2649">
    <p class='ocr_par' dir='ltr' id='par_1_44' title="bbox 103 2578 1680 2649">
     <span class='ocr_line' id='line_1_44' title="bbox 103 2578 1680 2649; baseline 0.003 -20"><span class='ocrx_word' id='word_1_300' title='bbox 103 2580 204 2648; x_wconf 74' lang='grc' dir='ltr'>τὴν</span> <span class='ocrx_word' id='word_1_301' title='bbox 239 2579 528 2649; x_wconf 61' lang='grc' dir='ltr'>συλλογήν.</span> <span class='ocrx_word' id='word_1_302' title='bbox 573 2578 651 2632; x_wconf 81' lang='lat' dir='ltr'><strong>Ex</strong></span> <span class='ocrx_word' id='word_1_303' title='bbox 686 2579 885 2647; x_wconf 85' lang='lat' dir='ltr'><strong>quibus</strong></span> <span class='ocrx_word' id='word_1_304' title='bbox 935 2579 1056 2632; x_wconf 88' lang='lat' dir='ltr'><strong>loco</strong></span> <span class='ocrx_word' id='word_1_305' title='bbox 1095 2579 1220 2632; x_wconf 90' lang='lat' dir='ltr'><strong>huic</strong></span> <span class='ocrx_word' id='word_1_306' title='bbox 1264 2579 1456 2632; x_wconf 89' lang='lat' dir='ltr'><strong>mutilo</strong></span> <span class='ocrx_word' id='word_1_307' title='bbox 1504 2594 1680 2633; x_wconf 82' lang='lat' dir='ltr'><strong>reme-</strong></span> 
     </span>
    </p>
   </div>
   <div class='ocr_carea' id='block_1_45' title="bbox 106 2665 1681 2732">
    <p class='ocr_par' dir='ltr' id='par_1_45' title="bbox 106 2665 1681 2732">
     <span class='ocr_line' id='line_1_45' title="bbox 106 2665 1681 2732; baseline 0.001 -13"><span class='ocrx_word' id='word_1_308' title='bbox 106 2665 284 2731; x_wconf 82' lang='lat' dir='ltr'><strong>dium,</strong></span> <span class='ocrx_word' id='word_1_309' title='bbox 332 2669 410 2721; x_wconf 91' lang='lat' dir='ltr'>ita</span> <span class='ocrx_word' id='word_1_310' title='bbox 438 2669 584 2721; x_wconf 89' lang='lat' dir='ltr'><strong>enim</strong></span> <span class='ocrx_word' id='word_1_311' title='bbox 616 2669 844 2722; x_wconf 86' lang='lat' dir='ltr'><strong>restitue</strong></span> <span class='ocrx_word' id='word_1_312' title='bbox 878 2688 890 2722; x_wconf 91' lang='lat'><strong>:</strong></span> <span class='ocrx_word' id='word_1_313' title='bbox 923 2667 1099 2722; x_wconf 89' lang='grc' dir='ltr'>Πολλά</span> <span class='ocrx_word' id='word_1_314' title='bbox 1147 2666 1240 2722; x_wconf 86' lang='grc' dir='ltr'>οῦν</span> <span class='ocrx_word' id='word_1_315' title='bbox 1279 2669 1420 2722; x_wconf 83' lang='grc' dir='ltr'>κατὰ</span> <span class='ocrx_word' id='word_1_316' title='bbox 1454 2669 1681 2732; x_wconf 86' lang='grc' dir='ltr'>πολλοὺς</span> 
     </span>
    </p>
   </div>
   <div class='ocr_carea' id='block_1_46' title="bbox 104 2756 1682 2832">
    <p class='ocr_par' dir='ltr' id='par_1_46' title="bbox 104 2756 1682 2832">
     <span class='ocr_line' id='line_1_46' title="bbox 104 2756 1682 2832; baseline 0.003 -23"><span class='ocrx_word' id='word_1_317' title='bbox 104 2756 306 2822; x_wconf 82' lang='grc' dir='ltr'>τόπους</span> <span class='ocrx_word' id='word_1_318' title='bbox 333 2758 635 2830; x_wconf 82' lang='grc' dir='ltr'>διῃρημένα</span> <span class='ocrx_word' id='word_1_319' title='bbox 666 2758 734 2811; x_wconf 83' lang='grc' dir='ltr'>τά</span> <span class='ocrx_word' id='word_1_320' title='bbox 762 2758 945 2812; x_wconf 77' lang='grc' dir='ltr'>ὕδατα.</span> <span class='ocrx_word' id='word_1_321' title='bbox 974 2761 1042 2812; x_wconf 82' lang='grc' dir='ltr'>Δῖ</span> <span class='ocrx_word' id='word_1_322' title='bbox 1058 2777 1118 2812; x_wconf 90' lang='grc' dir='ltr'>τε</span> <span class='ocrx_word' id='word_1_323' title='bbox 1147 2761 1254 2830; x_wconf 78' lang='grc' dir='ltr'>γὰρ</span> <span class='ocrx_word' id='word_1_324' title='bbox 1274 2762 1382 2814; x_wconf 89' lang='grc' dir='ltr'>τῶν</span> <span class='ocrx_word' id='word_1_325' title='bbox 1408 2762 1550 2832; x_wconf 87' lang='grc' dir='ltr'>όρῶν</span> <span class='ocrx_word' id='word_1_326' title='bbox 1577 2779 1682 2815; x_wconf 85' lang='grc' dir='ltr'>κοι-</span> 
     </span>
    </p>
   </div>
   <div class='ocr_carea' id='block_1_47' title="bbox 107 2835 1679 2922">
    <p class='ocr_par' dir='ltr' id='par_1_47' title="bbox 107 2835 1679 2922">
     <span class='ocr_line' id='line_1_47' title="bbox 107 2835 1679 2922; baseline 0.004 -23"><span class='ocrx_word' id='word_1_327' title='bbox 107 2846 333 2920; x_wconf 87' lang='grc' dir='ltr'>λότητες</span> <span class='ocrx_word' id='word_1_328' title='bbox 375 2845 516 2918; x_wconf 71' lang='grc' dir='ltr'>εἶχον</span> <span class='ocrx_word' id='word_1_329' title='bbox 563 2849 669 2901; x_wconf 83' lang='grc' dir='ltr'>τῶν</span> <span class='ocrx_word' id='word_1_330' title='bbox 708 2835 914 2902; x_wconf 81' lang='grc' dir='ltr'>ὑδάτων</span> <span class='ocrx_word' id='word_1_331' title='bbox 941 2851 1036 2920; x_wconf 79' lang='grc' dir='ltr'>τὴν</span> <span class='ocrx_word' id='word_1_332' title='bbox 1070 2851 1332 2922; x_wconf 82' lang='grc' dir='ltr'>συλλογὴν</span> <span class='ocrx_word' id='word_1_333' title='bbox 1367 2854 1458 2905; x_wconf 77' lang='grc' dir='ltr'>καὶ</span> <span class='ocrx_word' id='word_1_334' title='bbox 1492 2853 1548 2904; x_wconf 85' lang='grc' dir='ltr'>αἱ</span> <span class='ocrx_word' id='word_1_335' title='bbox 1575 2852 1679 2920; x_wconf 86' lang='grc' dir='ltr'>φά-</span> 
     </span>
    </p>
   </div>
   <div class='ocr_carea' id='block_1_48' title="bbox 109 2958 338 3010">
    <p class='ocr_par' dir='ltr' id='par_1_48' title="bbox 109 2958 338 3010">
     <span class='ocr_line' id='line_1_48' title="bbox 109 2958 338 3010; baseline -0.031 0"><span class='ocrx_word' id='word_1_336' title='bbox 109 2958 338 3010; x_wconf 78' lang='grc' dir='ltr'>ραγγες.</span> 
     </span>
    </p>
   </div>
   <div class='ocr_carea' id='block_1_49' title="bbox 177 3028 1715 3098">
    <p class='ocr_par' dir='ltr' id='par_1_49' title="bbox 177 3028 1715 3098">
     <span class='ocr_line' id='line_1_49' title="bbox 177 3028 1715 3098; baseline 0.003 -16"><span class='ocrx_word' id='word_1_337' title='bbox 177 3029 296 3082; x_wconf 83' lang='lat' dir='ltr'><strong>Col.</strong></span> <span class='ocrx_word' id='word_1_338' title='bbox 333 3028 454 3088; x_wconf 82' lang='grc'>715.</span> <span class='ocrx_word' id='word_1_339' title='bbox 485 3028 580 3080; x_wconf 91' lang='lat' dir='ltr'><strong>lin.</strong></span> <span class='ocrx_word' id='word_1_340' title='bbox 613 3028 665 3080; x_wconf 79' lang='lat'><strong>5.</strong></span> <span class='ocrx_word' id='word_1_341' title='bbox 704 3028 849 3094; x_wconf 85' lang='grc' dir='ltr'>Τοὺς</span> <span class='ocrx_word' id='word_1_342' title='bbox 879 3031 1148 3095; x_wconf 72' lang='grc' dir='ltr'>κόλπους</span> <span class='ocrx_word' id='word_1_343' title='bbox 1185 3031 1481 3098; x_wconf 79' lang='grc' dir='ltr'>σημαίνει.</span> <span class='ocrx_word' id='word_1_344' title='bbox 1528 3030 1715 3087; x_wconf 74' lang='lat' dir='ltr'><strong>Basi--</strong></span> 
     </span>
    </p>
   </div>
   <div class='ocr_carea' id='block_1_50' title="bbox 110 3119 1678 3190">
    <p class='ocr_par' dir='ltr' id='par_1_50' title="bbox 110 3119 1678 3190">
     <span class='ocr_line' id='line_1_50' title="bbox 110 3119 1678 3190; baseline 0.003 -18"><span class='ocrx_word' id='word_1_345' title='bbox 110 3121 215 3174; x_wconf 90' lang='lat' dir='ltr'><strong>lius</strong></span> <span class='ocrx_word' id='word_1_346' title='bbox 249 3121 399 3174; x_wconf 83' lang='lat' dir='ltr'><strong>ltom.</strong></span> <span class='ocrx_word' id='word_1_347' title='bbox 423 3119 456 3171; x_wconf 75' lang='lat' dir='ltr'><strong>-i</strong></span> <span class='ocrx_word' id='word_1_348' title='bbox 482 3138 495 3173; x_wconf 87' lang='lat'><strong>:</strong></span> <span class='ocrx_word' id='word_1_349' title='bbox 529 3119 608 3170; x_wconf 76' lang='grc' dir='ltr'>Τὰ</span> <span class='ocrx_word' id='word_1_350' title='bbox 629 3119 684 3170; x_wconf 88' lang='grc' dir='ltr'>δὲ</span> <span class='ocrx_word' id='word_1_351' title='bbox 716 3122 1034 3190; x_wconf 85' lang='grc' dir='ltr'>συστήματα</span> <span class='ocrx_word' id='word_1_352' title='bbox 1049 3121 1156 3173; x_wconf 89' lang='grc' dir='ltr'>τῶν</span> <span class='ocrx_word' id='word_1_353' title='bbox 1181 3121 1407 3186; x_wconf 78' lang='grc' dir='ltr'>ὑδάτων,</span> <span class='ocrx_word' id='word_1_354' title='bbox 1433 3124 1678 3177; x_wconf 76' lang='grc' dir='ltr'>τουτέστι</span> 
     </span>
    </p>
   </div>
   <div class='ocr_carea' id='block_1_51' title="bbox 112 3210 1680 3286">
    <p class='ocr_par' dir='ltr' id='par_1_51' title="bbox 112 3210 1680 3286">
     <span class='ocr_line' id='line_1_51' title="bbox 112 3210 1680 3286; baseline 0.004 -24"><span class='ocrx_word' id='word_1_355' title='bbox 112 3213 232 3274; x_wconf 69' lang='grc' dir='ltr'>τοὺς</span> <span class='ocrx_word' id='word_1_356' title='bbox 262 3213 496 3275; x_wconf 80' lang='grc' dir='ltr'>κόλπους</span> <span class='ocrx_word' id='word_1_357' title='bbox 534 3210 658 3274; x_wconf 79' lang='grc' dir='ltr'>τοὺς</span> <span class='ocrx_word' id='word_1_358' title='bbox 692 3212 832 3264; x_wconf 83' lang='grc' dir='ltr'>κατὰ</span> <span class='ocrx_word' id='word_1_359' title='bbox 875 3213 1003 3265; x_wconf 76' lang='grc' dir='ltr'>ἴδιον</span> <span class='ocrx_word' id='word_1_360' title='bbox 1036 3214 1218 3283; x_wconf 84' lang='grc' dir='ltr'>σχῆμα</span> <span class='ocrx_word' id='word_1_361' title='bbox 1263 3213 1366 3266; x_wconf 81' lang='grc' dir='ltr'>ὑπὸ</span> <span class='ocrx_word' id='word_1_362' title='bbox 1390 3217 1486 3285; x_wconf 81' lang='grc' dir='ltr'>τῆς</span> <span class='ocrx_word' id='word_1_363' title='bbox 1525 3233 1680 3286; x_wconf 88' lang='grc' dir='ltr'>περι-</span> 
     </span>
    </p>
   </div>
   <div class='ocr_carea' id='block_1_52' title="bbox 113 3301 1677 3376">
    <p class='ocr_par' dir='ltr' id='par_1_52' title="bbox 113 3301 1677 3376">
     <span class='ocr_line' id='line_1_52' title="bbox 113 3301 1677 3376; baseline 0.004 -23"><span class='ocrx_word' id='word_1_364' title='bbox 113 3305 370 3372; x_wconf 84' lang='grc' dir='ltr'>κειμένης</span> <span class='ocrx_word' id='word_1_365' title='bbox 422 3303 525 3372; x_wconf 83' lang='grc' dir='ltr'>γῆς</span> <span class='ocrx_word' id='word_1_366' title='bbox 581 3301 1022 3370; x_wconf 78' lang='grc' dir='ltr'>ἀπολειφθέντας,</span> <span class='ocrx_word' id='word_1_367' title='bbox 1075 3301 1347 3366; x_wconf 84' lang='grc' dir='ltr'>θαλάσσας</span> <span class='ocrx_word' id='word_1_368' title='bbox 1395 3307 1422 3358; x_wconf 93' lang='lat'>6</span> <span class='ocrx_word' id='word_1_369' title='bbox 1477 3305 1677 3376; x_wconf 76' lang='grc' dir='ltr'>Κύριος</span> 
     </span>
    </p>
   </div>
   <div class='ocr_carea' id='block_1_53' title="bbox 117 3391 1674 3462">
    <p class='ocr_par' dir='ltr' id='par_1_53' title="bbox 117 3391 1674 3462">
     <span class='ocr_line' id='line_1_53' title="bbox 117 3391 1674 3462; baseline 0.004 -21"><span class='ocrx_word' id='word_1_370' title='bbox 117 3395 520 3462; x_wconf 80' lang='grc' dir='ltr'>προσηγόρευσε</span> <span class='ocrx_word' id='word_1_371' title='bbox 545 3408 559 3421; x_wconf 84' lang='lat'><strong>&#39;</strong></span> <span class='ocrx_word' id='word_1_372' title='bbox 593 3391 832 3444; x_wconf 82' lang='grc' dir='ltr'>θάλασσα</span> <span class='ocrx_word' id='word_1_373' title='bbox 883 3393 1118 3462; x_wconf 84' lang='grc' dir='ltr'>Βόρειος,</span> <span class='ocrx_word' id='word_1_374' title='bbox 1169 3393 1410 3447; x_wconf 85' lang='grc' dir='ltr'>θάλασσα</span> <span class='ocrx_word' id='word_1_375' title='bbox 1451 3395 1674 3460; x_wconf 86' lang='grc' dir='ltr'>Νότιος,</span> 
     </span>
    </p>
   </div>
   <div class='ocr_carea' id='block_1_54' title="bbox 128 3481 1676 3553">
    <p class='ocr_par' dir='ltr' id='par_1_54' title="bbox 128 3481 1676 3553">
     <span class='ocr_line' id='line_1_54' title="bbox 128 3481 1676 3553; baseline 0.003 -19"><span class='ocrx_word' id='word_1_376' title='bbox 128 3481 266 3550; x_wconf 82' lang='grc' dir='ltr'>Ἐᾠα</span> <span class='ocrx_word' id='word_1_377' title='bbox 291 3484 555 3546; x_wconf 84' lang='grc' dir='ltr'>θάλασσα,</span> <span class='ocrx_word' id='word_1_378' title='bbox 587 3483 681 3536; x_wconf 81' lang='grc' dir='ltr'>καὶ</span> <span class='ocrx_word' id='word_1_379' title='bbox 722 3484 982 3552; x_wconf 76' lang='grc' dir='ltr'>Ἑσπερία</span> <span class='ocrx_word' id='word_1_380' title='bbox 1024 3483 1184 3536; x_wconf 83' lang='grc' dir='ltr'>πάλιν</span> <span class='ocrx_word' id='word_1_381' title='bbox 1214 3485 1391 3553; x_wconf 79' lang='grc' dir='ltr'>ἑτέρα.</span> <span class='ocrx_word' id='word_1_382' title='bbox 1429 3486 1536 3538; x_wconf 79' lang='grc' dir='ltr'>Καὶ</span> <span class='ocrx_word' id='word_1_383' title='bbox 1559 3485 1676 3538; x_wconf 83' lang='grc' dir='ltr'>όνό-</span> 
     </span>
    </p>
   </div>
   <div class='ocr_carea' id='block_1_55' title="bbox 121 3573 1675 3641">
    <p class='ocr_par' dir='ltr' id='par_1_55' title="bbox 121 3573 1675 3641">
     <span class='ocr_line' id='line_1_55' title="bbox 121 3573 1675 3641; baseline 0.003 -15"><span class='ocrx_word' id='word_1_384' title='bbox 121 3590 262 3641; x_wconf 81' lang='grc' dir='ltr'>ματα</span> <span class='ocrx_word' id='word_1_385' title='bbox 298 3575 404 3628; x_wconf 87' lang='grc' dir='ltr'>τῶν</span> <span class='ocrx_word' id='word_1_386' title='bbox 450 3574 698 3641; x_wconf 84' lang='grc' dir='ltr'>πελαγῶν</span> <span class='ocrx_word' id='word_1_387' title='bbox 735 3573 997 3637; x_wconf 81' lang='grc' dir='ltr'>ἰδιάζοντα</span> <span class='ocrx_word' id='word_1_388' title='bbox 1046 3575 1245 3639; x_wconf 84' lang='grc' dir='ltr'>Πόντος</span> <span class='ocrx_word' id='word_1_389' title='bbox 1279 3575 1548 3640; x_wconf 68' lang='grc' dir='ltr'>Εὔξεινος,</span> <span class='ocrx_word' id='word_1_390' title='bbox 1579 3578 1675 3631; x_wconf 71' lang='grc' dir='ltr'>καὶ</span> 
     </span>
    </p>
   </div>
   <div class='ocr_carea' id='block_1_56' title="bbox 119 3665 1675 3735">
    <p class='ocr_par' dir='ltr' id='par_1_56' title="bbox 119 3665 1675 3735">
     <span class='ocr_line' id='line_1_56' title="bbox 119 3665 1675 3735; baseline 0.003 -19"><span class='ocrx_word' id='word_1_391' title='bbox 119 3665 464 3734; x_wconf 73' lang='grc' dir='ltr'>ΠρΟπόντιος,</span> <span class='ocrx_word' id='word_1_392' title='bbox 536 3666 950 3735; x_wconf 81' lang='grc' dir='ltr'>Ἑλλήσποντος,</span> <span class='ocrx_word' id='word_1_393' title='bbox 1012 3668 1234 3735; x_wconf 79' lang='grc' dir='ltr'>Αἰγαῖος</span> <span class='ocrx_word' id='word_1_394' title='bbox 1286 3670 1378 3721; x_wconf 75' lang='grc' dir='ltr'>καὶ</span> <span class='ocrx_word' id='word_1_395' title='bbox 1457 3669 1675 3735; x_wconf 81' lang='grc' dir='ltr'>Ἰόνιος,</span> 
     </span>
    </p>
   </div>
   <div class='ocr_carea' id='block_1_57' title="bbox 119 3758 1681 3832">
    <p class='ocr_par' dir='ltr' id='par_1_57' title="bbox 119 3758 1681 3832">
     <span class='ocr_line' id='line_1_57' title="bbox 119 3758 1681 3832; baseline 0.003 -22"><span class='ocrx_word' id='word_1_396' title='bbox 119 3758 436 3827; x_wconf 79' lang='grc' dir='ltr'>Σαρδονικὸν</span> <span class='ocrx_word' id='word_1_397' title='bbox 495 3760 757 3828; x_wconf 82' lang='grc' dir='ltr'>πέλαγος,</span> <span class='ocrx_word' id='word_1_398' title='bbox 808 3762 902 3813; x_wconf 76' lang='grc' dir='ltr'>καὶ</span> <span class='ocrx_word' id='word_1_399' title='bbox 950 3761 1258 3823; x_wconf 81' lang='grc' dir='ltr'>Σικελικὸν,</span> <span class='ocrx_word' id='word_1_400' title='bbox 1317 3763 1409 3814; x_wconf 75' lang='grc' dir='ltr'>καὶ</span> <span class='ocrx_word' id='word_1_401' title='bbox 1469 3763 1681 3832; x_wconf 68' lang='grc' dir='ltr'>Τυρρη-</span> 
     </span>
    </p>
   </div>
   <div class='ocr_carea' id='block_1_58' title="bbox 120 3849 1679 3920">
    <p class='ocr_par' dir='ltr' id='par_1_58' title="bbox 120 3849 1679 3920">
     <span class='ocr_line' id='line_1_58' title="bbox 120 3849 1679 3920; baseline 0.005 -24"><span class='ocrx_word' id='word_1_402' title='bbox 120 3849 262 3899; x_wconf 80' lang='grc' dir='ltr'>νικὸν</span> <span class='ocrx_word' id='word_1_403' title='bbox 319 3851 538 3919; x_wconf 76' lang='grc' dir='ltr'>ἕτερον,</span> <span class='ocrx_word' id='word_1_404' title='bbox 594 3850 686 3902; x_wconf 67' lang='grc' dir='ltr'>καὶ</span> <span class='ocrx_word' id='word_1_405' title='bbox 733 3850 899 3920; x_wconf 88' lang='grc' dir='ltr'>μυρία</span> <span class='ocrx_word' id='word_1_406' title='bbox 942 3866 1004 3916; x_wconf 88' lang='grc' dir='ltr'>γε</span> <span class='ocrx_word' id='word_1_407' title='bbox 1049 3851 1286 3918; x_wconf 83' lang='grc' dir='ltr'>ὀνόματα</span> <span class='ocrx_word' id='word_1_408' title='bbox 1337 3850 1608 3918; x_wconf 80' lang='grc' dir='ltr'>πελαγῶν,</span> <span class='ocrx_word' id='word_1_409' title='bbox 1643 3853 1679 3904; x_wconf 82' lang='grc' dir='ltr'><strong>ἃ</strong></span> 
     </span>
    </p>
   </div>
   <div class='ocr_carea' id='block_1_59' title="bbox 124 3937 1678 4012">
    <p class='ocr_par' dir='ltr' id='par_1_59' title="bbox 124 3937 1678 4012">
     <span class='ocr_line' id='line_1_59' title="bbox 124 3937 1678 4012; baseline 0.004 -24"><span class='ocrx_word' id='word_1_410' title='bbox 124 3937 328 4007; x_wconf 80' lang='grc' dir='ltr'>μακρὸν</span> <span class='ocrx_word' id='word_1_411' title='bbox 349 3938 413 3990; x_wconf 83' lang='grc' dir='ltr'>ἂν</span> <span class='ocrx_word' id='word_1_412' title='bbox 440 3939 523 4008; x_wconf 83' lang='grc' dir='ltr'>εἴη</span> <span class='ocrx_word' id='word_1_413' title='bbox 554 3940 646 3990; x_wconf 73' lang='grc' dir='ltr'>καὶ</span> <span class='ocrx_word' id='word_1_414' title='bbox 666 3939 1051 4008; x_wconf 84' lang='grc' dir='ltr'>ἀπειροκαλίας</span> <span class='ocrx_word' id='word_1_415' title='bbox 1082 3940 1272 4009; x_wconf 87' lang='grc' dir='ltr'>μεστὸν</span> <span class='ocrx_word' id='word_1_416' title='bbox 1304 3939 1368 3991; x_wconf 86' lang='grc' dir='ltr'>δι’</span> <span class='ocrx_word' id='word_1_417' title='bbox 1399 3941 1678 4012; x_wconf 79' lang='grc' dir='ltr'>ἀκριϐείας</span> 
     </span>
    </p>
   </div>
   <div class='ocr_carea' id='block_1_60' title="bbox 122 4029 1680 4104">
    <p class='ocr_par' dir='ltr' id='par_1_60' title="bbox 122 4029 1680 4104">
     <span class='ocr_line' id='line_1_60' title="bbox 122 4029 1680 4104; baseline 0.002 -21"><span class='ocrx_word' id='word_1_418' title='bbox 122 4029 623 4102; x_wconf 81' lang='grc' dir='ltr'>ἀπαριθμήσασθαι.</span> <span class='ocrx_word' id='word_1_419' title='bbox 669 4034 964 4104; x_wconf 79' lang='lat' dir='ltr'><strong>Gregorius</strong></span> <span class='ocrx_word' id='word_1_420' title='bbox 1008 4036 1239 4103; x_wconf 82' lang='lat' dir='ltr'><strong>Cyprius</strong></span> <span class='ocrx_word' id='word_1_421' title='bbox 1285 4036 1337 4088; x_wconf 92' lang='lat' dir='ltr'>in</span> <span class='ocrx_word' id='word_1_422' title='bbox 1367 4035 1537 4088; x_wconf 75' lang='lat' dir='ltr'><strong>Maris</strong></span> <span class='ocrx_word' id='word_1_423' title='bbox 1589 4051 1680 4087; x_wconf 86' lang='lat' dir='ltr'><strong>en-</strong></span> 
     </span>
    </p>
   </div>
   <div class='ocr_carea' id='block_1_61' title="bbox 124 4125 1680 4194">
    <p class='ocr_par' dir='ltr' id='par_1_61' title="bbox 124 4125 1680 4194">
     <span class='ocr_line' id='line_1_61' title="bbox 124 4125 1680 4194; baseline 0.005 -24"><span class='ocrx_word' id='word_1_424' title='bbox 124 4125 282 4176; x_wconf 82' lang='lat' dir='ltr'><strong>comio</strong></span> <span class='ocrx_word' id='word_1_425' title='bbox 307 4125 584 4186; x_wconf 79' lang='grc' dir='ltr'>.·Κόλπους</span> <span class='ocrx_word' id='word_1_426' title='bbox 627 4125 723 4194; x_wconf 85' lang='grc' dir='ltr'>μὲν</span> <span class='ocrx_word' id='word_1_427' title='bbox 757 4126 1050 4189; x_wconf 88' lang='grc' dir='ltr'>πολυειδεῖς</span> <span class='ocrx_word' id='word_1_428' title='bbox 1077 4127 1458 4186; x_wconf 87' lang='grc' dir='ltr'>ἀναλίσσουσα,</span> <span class='ocrx_word' id='word_1_429' title='bbox 1483 4129 1680 4194; x_wconf 80' lang='grc' dir='ltr'>νήσους</span> 
     </span>
    </p>
   </div>
   <div class='ocr_carea' id='block_1_62' title="bbox 122 4212 1680 4288">
    <p class='ocr_par' dir='ltr' id='par_1_62' title="bbox 122 4212 1680 4288">
     <span class='ocr_line' id='line_1_62' title="bbox 122 4212 1680 4288; baseline 0.002 -24"><span class='ocrx_word' id='word_1_430' title='bbox 122 4212 174 4264; x_wconf 76' lang='grc' dir='ltr'>δὲ</span> <span class='ocrx_word' id='word_1_431' title='bbox 204 4212 268 4268; x_wconf 77' lang='grc' dir='ltr'>αὖ</span> <span class='ocrx_word' id='word_1_432' title='bbox 295 4219 360 4269; x_wconf 83' lang='grc' dir='ltr'>ὲκ</span> <span class='ocrx_word' id='word_1_433' title='bbox 394 4218 563 4286; x_wconf 85' lang='grc' dir='ltr'>μέσης</span> <span class='ocrx_word' id='word_1_434' title='bbox 595 4216 792 4288; x_wconf 77' lang='grc' dir='ltr'>μικρὰς</span> <span class='ocrx_word' id='word_1_435' title='bbox 828 4217 924 4270; x_wconf 62' lang='grc' dir='ltr'>καὶ⁹</span> <span class='ocrx_word' id='word_1_436' title='bbox 954 4215 1169 4286; x_wconf 75' lang='grc' dir='ltr'>μείζους</span> <span class='ocrx_word' id='word_1_437' title='bbox 1211 4215 1549 4280; x_wconf 79' lang='grc' dir='ltr'>ἀναδιδοῦσα,</span> <span class='ocrx_word' id='word_1_438' title='bbox 1587 4218 1680 4268; x_wconf 80' lang='grc' dir='ltr'>καὶ</span> 
     </span>
    </p>
   </div>
   <div class='ocr_carea' id='block_1_63' title="bbox 124 4307 1681 4380">
    <p class='ocr_par' dir='ltr' id='par_1_63' title="bbox 124 4307 1681 4380">
     <span class='ocr_line' id='line_1_63' title="bbox 124 4307 1681 4380; baseline 0.003 -24"><span class='ocrx_word' id='word_1_439' title='bbox 124 4307 393 4378; x_wconf 76' lang='grc' dir='ltr'>πορθμοὺς</span> <span class='ocrx_word' id='word_1_440' title='bbox 425 4309 484 4359; x_wconf 80' lang='grc' dir='ltr'>ὲν</span> <span class='ocrx_word' id='word_1_441' title='bbox 535 4307 701 4377; x_wconf 81' lang='grc' dir='ltr'>στενῷ</span> <span class='ocrx_word' id='word_1_442' title='bbox 729 4310 808 4371; x_wconf 86' lang='grc' dir='ltr'>είς</span> <span class='ocrx_word' id='word_1_443' title='bbox 851 4309 1012 4377; x_wconf 82' lang='grc' dir='ltr'>μέσον</span> <span class='ocrx_word' id='word_1_444' title='bbox 1054 4309 1332 4378; x_wconf 84' lang='grc' dir='ltr'>διήκοντας</span> <span class='ocrx_word' id='word_1_445' title='bbox 1377 4308 1681 4380; x_wconf 78' lang='grc' dir='ltr'>ἀπεργαζοο</span> 
     </span>
    </p>
   </div>
   <div class='ocr_carea' id='block_1_64' title="bbox 127 4396 1681 4472">
    <p class='ocr_par' dir='ltr' id='par_1_64' title="bbox 127 4396 1681 4472">
     <span class='ocr_line' id='line_1_64' title="bbox 127 4396 1681 4472; baseline 0.003 -24"><span class='ocrx_word' id='word_1_446' title='bbox 127 4396 276 4469; x_wconf 80' lang='grc' dir='ltr'>μένη,</span> <span class='ocrx_word' id='word_1_447' title='bbox 319 4398 403 4461; x_wconf 85' lang='grc' dir='ltr'>τίς</span> <span class='ocrx_word' id='word_1_448' title='bbox 429 4398 496 4452; x_wconf 82' lang='grc' dir='ltr'>ἂν</span> <span class='ocrx_word' id='word_1_449' title='bbox 527 4398 680 4466; x_wconf 85' lang='grc' dir='ltr'>λόγος</span> <span class='ocrx_word' id='word_1_450' title='bbox 715 4399 948 4469; x_wconf 86' lang='grc' dir='ltr'>μετρίως</span> <span class='ocrx_word' id='word_1_451' title='bbox 978 4401 1150 4452; x_wconf 80' lang='grc' dir='ltr'>εἰπεῖν</span> <span class='ocrx_word' id='word_1_452' title='bbox 1190 4400 1508 4472; x_wconf 85' lang='grc' dir='ltr'>ἀποχρήσοι.</span> <span class='ocrx_word' id='word_1_453' title='bbox 1550 4397 1681 4463; x_wconf 64' lang='lat' dir='ltr'>Qua</span> 
     </span>
    </p>
   </div>
   <div class='ocr_carea' id='block_1_65' title="bbox 1783 1949 3345 2021">
    <p class='ocr_par' dir='ltr' id='par_1_65' title="bbox 1783 1949 3345 2021">
     <span class='ocr_line' id='line_1_65' title="bbox 1783 1949 3345 2021; baseline -0.003 -15"><span class='ocrx_word' id='word_1_454' title='bbox 1783 1969 1888 2021; x_wconf 90' lang='lat' dir='ltr'>que</span> <span class='ocrx_word' id='word_1_455' title='bbox 1921 1968 2029 2013; x_wconf 87' lang='lat' dir='ltr'><strong>res,</strong></span> <span class='ocrx_word' id='word_1_456' title='bbox 2062 1952 2155 2006; x_wconf 85' lang='lat' dir='ltr'>sed</span> <span class='ocrx_word' id='word_1_457' title='bbox 2197 1950 2450 2020; x_wconf 74' lang='lat' dir='ltr'><strong>grandes,</strong></span> <span class='ocrx_word' id='word_1_458' title='bbox 2481 1958 2535 2003; x_wconf 86' lang='lat' dir='ltr'>et</span> <span class='ocrx_word' id='word_1_459' title='bbox 2578 1949 2856 2002; x_wconf 70' lang='lat' dir='ltr'><strong>innuensae</strong></span> <span class='ocrx_word' id='word_1_460' title='bbox 2906 1949 3345 2016; x_wconf 85' lang='lat' dir='ltr'><strong>requirebantur.</strong></span> 
     </span>
    </p>
   </div>
   <div class='ocr_carea' id='block_1_66' title="bbox 1781 2037 3351 2107">
    <p class='ocr_par' dir='ltr' id='par_1_66' title="bbox 1781 2037 3351 2107">
     <span class='ocr_line' id='line_1_66' title="bbox 1781 2037 3351 2107; baseline -0.001 -13"><span class='ocrx_word' id='word_1_461' title='bbox 1781 2043 1920 2106; x_wconf 81' lang='lat' dir='ltr'><strong>Quid</strong></span> <span class='ocrx_word' id='word_1_462' title='bbox 1966 2042 2108 2096; x_wconf 86' lang='lat' dir='ltr'><strong>stilla</strong></span> <span class='ocrx_word' id='word_1_463' title='bbox 2154 2041 2220 2094; x_wconf 85' lang='lat' dir='ltr'>ad</span> <span class='ocrx_word' id='word_1_464' title='bbox 2251 2049 2456 2093; x_wconf 85' lang='lat' dir='ltr'><strong>tantam</strong></span> <span class='ocrx_word' id='word_1_465' title='bbox 2510 2054 2774 2107; x_wconf 86' lang='lat' dir='ltr'><strong>aquarum</strong></span> <span class='ocrx_word' id='word_1_466' title='bbox 2823 2037 3188 2092; x_wconf 79' lang='lat' dir='ltr'><strong>illuviem?Et</strong></span> <span class='ocrx_word' id='word_1_467' title='bbox 3235 2037 3351 2092; x_wconf 65' lang='lat' dir='ltr'><strong>haec</strong></span> 
     </span>
    </p>
   </div>
   <div class='ocr_carea' id='block_1_67' title="bbox 1782 2125 3350 2194">
    <p class='ocr_par' dir='ltr' id='par_1_67' title="bbox 1782 2125 3350 2194">
     <span class='ocr_line' id='line_1_67' title="bbox 1782 2125 3350 2194; baseline -0.004 -8"><span class='ocrx_word' id='word_1_468' title='bbox 1782 2131 2053 2186; x_wconf 86' lang='lat' dir='ltr'><strong>sententia</strong></span> <span class='ocrx_word' id='word_1_469' title='bbox 2101 2130 2203 2183; x_wconf 81' lang='lat' dir='ltr'><strong>fuit</strong></span> <span class='ocrx_word' id='word_1_470' title='bbox 2251 2132 2410 2184; x_wconf 89' lang='lat' dir='ltr'><strong>etiam</strong></span> <span class='ocrx_word' id='word_1_471' title='bbox 2466 2130 2631 2181; x_wconf 84' lang='lat' dir='ltr'><strong>Arist.</strong></span> <span class='ocrx_word' id='word_1_472' title='bbox 2685 2128 2776 2180; x_wconf 90' lang='lat' dir='ltr'><strong>lib.</strong></span> <span class='ocrx_word' id='word_1_473' title='bbox 2833 2142 2870 2179; x_wconf 89' lang='lat' dir='ltr'>ll</span> <span class='ocrx_word' id='word_1_474' title='bbox 2913 2125 3133 2181; x_wconf 81' lang='lat' dir='ltr'><strong>Meteor.</strong></span> <span class='ocrx_word' id='word_1_475' title='bbox 3173 2126 3350 2194; x_wconf 83' lang='lat' dir='ltr'><strong>Atque</strong></span> 
     </span>
    </p>
   </div>
   <div class='ocr_carea' id='block_1_68' title="bbox 1780 2218 3348 2290">
    <p class='ocr_par' dir='ltr' id='par_1_68' title="bbox 1780 2218 3348 2290">
     <span class='ocr_line' id='line_1_68' title="bbox 1780 2218 3348 2290; baseline -0.004 -15"><span class='ocrx_word' id='word_1_476' title='bbox 1780 2223 1967 2275; x_wconf 89' lang='lat' dir='ltr'><strong>omnia</strong></span> <span class='ocrx_word' id='word_1_477' title='bbox 2005 2221 2222 2290; x_wconf 88' lang='lat' dir='ltr'><strong>quidem</strong></span> <span class='ocrx_word' id='word_1_478' title='bbox 2252 2220 2445 2284; x_wconf 85' lang='lat' dir='ltr'><strong>maria,</strong></span> <span class='ocrx_word' id='word_1_479' title='bbox 2474 2228 2626 2272; x_wconf 77' lang='lat' dir='ltr'><strong>extra</strong></span> <span class='ocrx_word' id='word_1_480' title='bbox 2665 2232 2882 2271; x_wconf 91' lang='lat' dir='ltr'><strong>omnem</strong></span> <span class='ocrx_word' id='word_1_481' title='bbox 2920 2218 3348 2269; x_wconf 83' lang='lat' dir='ltr'><strong>controversiam</strong></span> 
     </span>
    </p>
   </div>
   <div class='ocr_carea' id='block_1_69' title="bbox 1779 2303 3348 2374">
    <p class='ocr_par' dir='ltr' id='par_1_69' title="bbox 1779 2303 3348 2374">
     <span class='ocr_line' id='line_1_69' title="bbox 1779 2303 3348 2374; baseline -0.005 -10"><span class='ocrx_word' id='word_1_482' title='bbox 1779 2326 1904 2364; x_wconf 88' lang='lat' dir='ltr'>cum</span> <span class='ocrx_word' id='word_1_483' title='bbox 1937 2312 2154 2364; x_wconf 84' lang='lat' dir='ltr'><strong>Oceano</strong></span> <span class='ocrx_word' id='word_1_484' title='bbox 2199 2311 2460 2362; x_wconf 87' lang='lat' dir='ltr'><strong>continua</strong></span> <span class='ocrx_word' id='word_1_485' title='bbox 2501 2315 2649 2370; x_wconf 87' lang='lat' dir='ltr'><strong>sunt,</strong></span> <span class='ocrx_word' id='word_1_486' title='bbox 2688 2316 2885 2374; x_wconf 64' lang='lat' dir='ltr'><strong>praeter</strong></span> <span class='ocrx_word' id='word_1_487' title='bbox 2913 2319 3064 2358; x_wconf 88' lang='lat' dir='ltr'><strong>mare</strong></span> <span class='ocrx_word' id='word_1_488' title='bbox 3091 2303 3348 2373; x_wconf 84' lang='lat' dir='ltr'><strong>Caspium</strong></span> 
     </span>
    </p>
   </div>
   <div class='ocr_carea' id='block_1_70' title="bbox 1780 2398 3035 2470">
    <p class='ocr_par' dir='ltr' id='par_1_70' title="bbox 1780 2398 3035 2470">
     <span class='ocr_line' id='line_1_70' title="bbox 1780 2398 3035 2470; baseline -0.007 -13"><span class='ocrx_word' id='word_1_489' title='bbox 1780 2403 1848 2456; x_wconf 90' lang='lat' dir='ltr'>de</span> <span class='ocrx_word' id='word_1_490' title='bbox 1873 2416 1983 2470; x_wconf 91' lang='lat' dir='ltr'>quo</span> <span class='ocrx_word' id='word_1_491' title='bbox 2009 2416 2115 2454; x_wconf 88' lang='lat' dir='ltr'>non</span> <span class='ocrx_word' id='word_1_492' title='bbox 2148 2400 2281 2454; x_wconf 81' lang='lat' dir='ltr'><strong>satis</strong></span> <span class='ocrx_word' id='word_1_493' title='bbox 2305 2398 2558 2452; x_wconf 79' lang='lat' dir='ltr'><strong>convenit</strong></span> <span class='ocrx_word' id='word_1_494' title='bbox 2589 2398 2732 2450; x_wconf 85' lang='lat' dir='ltr'><strong>inter</strong></span> <span class='ocrx_word' id='word_1_495' title='bbox 2761 2405 3035 2451; x_wconf 89' lang='lat' dir='ltr'><strong>auctores.</strong></span> 
     </span>
    </p>
   </div>
   <div class='ocr_carea' id='block_1_71' title="bbox 1851 2486 3350 2556">
    <p class='ocr_par' dir='ltr' id='par_1_71' title="bbox 1851 2486 3350 2556">
     <span class='ocr_line' id='line_1_71' title="bbox 1851 2486 3350 2556; baseline -0.005 -9"><span class='ocrx_word' id='word_1_496' title='bbox 1851 2493 2008 2555; x_wconf 86' lang='lat' dir='ltr'><strong>Ibid.,</strong></span> <span class='ocrx_word' id='word_1_497' title='bbox 2063 2493 2155 2546; x_wconf 86' lang='lat' dir='ltr'><strong>lin.</strong></span> <span class='ocrx_word' id='word_1_498' title='bbox 2224 2492 2306 2544; x_wconf 83' lang='grc' dir='ltr'>Η.</span> <span class='ocrx_word' id='word_1_499' title='bbox 2353 2492 2576 2556; x_wconf 83' lang='grc' dir='ltr'>Ὥσπερ</span> <span class='ocrx_word' id='word_1_500' title='bbox 2629 2489 2739 2556; x_wconf 81' lang='grc' dir='ltr'>γὰρ</span> <span class='ocrx_word' id='word_1_501' title='bbox 2791 2488 2858 2540; x_wconf 83' lang='grc' dir='ltr'>τὸ</span> <span class='ocrx_word' id='word_1_502' title='bbox 2912 2487 3051 2555; x_wconf 70' lang='grc' dir='ltr'>πῦρ.</span> <span class='ocrx_word' id='word_1_503' title='bbox 3113 2486 3350 2541; x_wconf 84' lang='lat' dir='ltr'><strong>Basilius</strong></span> 
     </span>
    </p>
   </div>
   <div class='ocr_carea' id='block_1_72' title="bbox 1777 2577 3351 2651">
    <p class='ocr_par' dir='ltr' id='par_1_72' title="bbox 1777 2577 3351 2651">
     <span class='ocr_line' id='line_1_72' title="bbox 1777 2577 3351 2651; baseline -0.006 -13"><span class='ocrx_word' id='word_1_504' title='bbox 1777 2584 1926 2638; x_wconf 86' lang='lat' dir='ltr'><strong>hom.</strong></span> <span class='ocrx_word' id='word_1_505' title='bbox 1958 2583 2030 2636; x_wconf 62' lang='grc' dir='ltr'>ιε</span> <span class='ocrx_word' id='word_1_506' title='bbox 2067 2584 2275 2650; x_wconf 83' lang='grc' dir='ltr'>Ὥσπερ</span> <span class='ocrx_word' id='word_1_507' title='bbox 2319 2580 2428 2651; x_wconf 87' lang='grc' dir='ltr'>γὰρ</span> <span class='ocrx_word' id='word_1_508' title='bbox 2465 2579 2525 2631; x_wconf 77' lang='grc' dir='ltr'>τὸ</span> <span class='ocrx_word' id='word_1_509' title='bbox 2568 2579 2678 2648; x_wconf 89' lang='grc' dir='ltr'>πῦρ</span> <span class='ocrx_word' id='word_1_510' title='bbox 2714 2579 2808 2630; x_wconf 81' lang='grc' dir='ltr'>καὶ</span> <span class='ocrx_word' id='word_1_511' title='bbox 2857 2580 2936 2640; x_wconf 88' lang='grc' dir='ltr'>εἰς</span> <span class='ocrx_word' id='word_1_512' title='bbox 2964 2577 3137 2647; x_wconf 86' lang='grc' dir='ltr'>μικρά</span> <span class='ocrx_word' id='word_1_513' title='bbox 3176 2594 3351 2630; x_wconf 81' lang='grc' dir='ltr'>κατα-</span> 
     </span>
    </p>
   </div>
   <div class='ocr_carea' id='block_1_73' title="bbox 1778 2665 3353 2744">
    <p class='ocr_par' dir='ltr' id='par_1_73' title="bbox 1778 2665 3353 2744">
     <span class='ocr_line' id='line_1_73' title="bbox 1778 2665 3353 2744; baseline -0.004 -17"><span class='ocrx_word' id='word_1_514' title='bbox 1778 2675 2211 2744; x_wconf 86' lang='grc' dir='ltr'>κερματισμένον</span> <span class='ocrx_word' id='word_1_515' title='bbox 2237 2673 2382 2724; x_wconf 69' lang='grc' dir='ltr'>ἐστὶν</span> <span class='ocrx_word' id='word_1_516' title='bbox 2403 2671 2496 2723; x_wconf 70' lang='grc' dir='ltr'>ἐπὶ</span> <span class='ocrx_word' id='word_1_517' title='bbox 2524 2671 2622 2740; x_wconf 82' lang='grc' dir='ltr'>τῆς</span> <span class='ocrx_word' id='word_1_518' title='bbox 2671 2665 2773 2721; x_wconf 79' lang='grc' dir='ltr'>ὦδε</span> <span class='ocrx_word' id='word_1_519' title='bbox 2802 2671 3014 2738; x_wconf 82' lang='grc' dir='ltr'>χρείας,</span> <span class='ocrx_word' id='word_1_520' title='bbox 3046 2670 3140 2722; x_wconf 70' lang='grc' dir='ltr'>καὶ</span> <span class='ocrx_word' id='word_1_521' title='bbox 3159 2669 3353 2740; x_wconf 80' lang='grc' dir='ltr'>ἀθρόον</span> 
     </span>
    </p>
   </div>
   <div class='ocr_carea' id='block_1_74' title="bbox 1783 2757 3354 2830">
    <p class='ocr_par' dir='ltr' id='par_1_74' title="bbox 1783 2757 3354 2830">
     <span class='ocr_line' id='line_1_74' title="bbox 1783 2757 3354 2830; baseline -0.003 -16"><span class='ocrx_word' id='word_1_522' title='bbox 1783 2763 1879 2814; x_wconf 76' lang='grc' dir='ltr'>ἐπὶ</span> <span class='ocrx_word' id='word_1_523' title='bbox 1905 2761 1998 2814; x_wconf 89' lang='grc' dir='ltr'>τοῦ</span> <span class='ocrx_word' id='word_1_524' title='bbox 2020 2761 2232 2830; x_wconf 77' lang='grc' dir='ltr'>αἰθέρος</span> <span class='ocrx_word' id='word_1_525' title='bbox 2257 2760 2500 2827; x_wconf 82' lang='grc' dir='ltr'>κέχυται·</span> <span class='ocrx_word' id='word_1_526' title='bbox 2532 2758 2668 2809; x_wconf 82' lang='grc' dir='ltr'>καὶὸ</span> <span class='ocrx_word' id='word_1_527' title='bbox 2697 2757 2830 2826; x_wconf 73' lang='grc' dir='ltr'>Ἀὴρ</span> <span class='ocrx_word' id='word_1_528' title='bbox 2851 2757 3102 2826; x_wconf 76' lang='grc' dir='ltr'>διῄρηται</span> <span class='ocrx_word' id='word_1_529' title='bbox 3134 2759 3230 2827; x_wconf 81' lang='grc' dir='ltr'>μὲν</span> <span class='ocrx_word' id='word_1_530' title='bbox 3260 2759 3354 2810; x_wconf 80' lang='grc' dir='ltr'>καὶ</span> 
     </span>
    </p>
   </div>
   <div class='ocr_carea' id='block_1_75' title="bbox 1776 2849 3354 2921">
    <p class='ocr_par' dir='ltr' id='par_1_75' title="bbox 1776 2849 3354 2921">
     <span class='ocr_line' id='line_1_75' title="bbox 1776 2849 3354 2921; baseline -0.002 -16"><span class='ocrx_word' id='word_1_531' title='bbox 1776 2853 1917 2906; x_wconf 77' lang='grc' dir='ltr'>κατὰ</span> <span class='ocrx_word' id='word_1_532' title='bbox 1943 2851 2113 2921; x_wconf 76' lang='grc' dir='ltr'>μικρὰ</span> <span class='ocrx_word' id='word_1_533' title='bbox 2133 2851 2226 2902; x_wconf 74' lang='grc' dir='ltr'>καὶ</span> <span class='ocrx_word' id='word_1_534' title='bbox 2244 2850 2451 2918; x_wconf 83' lang='grc' dir='ltr'>ἀθρόως</span> <span class='ocrx_word' id='word_1_535' title='bbox 2472 2850 2526 2901; x_wconf 82' lang='grc' dir='ltr'>δὲ</span> <span class='ocrx_word' id='word_1_536' title='bbox 2561 2850 2651 2901; x_wconf 86' lang='grc' dir='ltr'>τὸν</span> <span class='ocrx_word' id='word_1_537' title='bbox 2671 2849 2860 2918; x_wconf 87' lang='grc' dir='ltr'>περίγε</span> <span class='ocrx_word' id='word_1_538' title='bbox 2872 2866 2946 2900; x_wconf 90' lang='grc' dir='ltr'>ιον</span> <span class='ocrx_word' id='word_1_539' title='bbox 2965 2850 3354 2919; x_wconf 79' lang='grc' dir='ltr'>ὲκπεριείληφε</span> 
     </span>
    </p>
   </div>
   <div class='ocr_carea' id='block_1_76' title="bbox 1776 2936 3354 3008">
    <p class='ocr_par' dir='ltr' id='par_1_76' title="bbox 1776 2936 3354 3008">
     <span class='ocr_line' id='line_1_76' title="bbox 1776 2936 3354 3008; baseline 0 -17"><span class='ocrx_word' id='word_1_540' title='bbox 1776 2940 1939 2992; x_wconf 82' lang='grc' dir='ltr'>τόπον</span> <span class='ocrx_word' id='word_1_541' title='bbox 1960 2956 1972 2969; x_wconf 69' lang='grc'><strong>⁸</strong></span> <span class='ocrx_word' id='word_1_542' title='bbox 1989 2938 2129 2990; x_wconf 78' lang='grc' dir='ltr'>οὑτω</span> <span class='ocrx_word' id='word_1_543' title='bbox 2145 2940 2239 2990; x_wconf 71' lang='grc' dir='ltr'>καὶ</span> <span class='ocrx_word' id='word_1_544' title='bbox 2256 2939 2344 2988; x_wconf 78' lang='grc' dir='ltr'>ἐπὶ</span> <span class='ocrx_word' id='word_1_545' title='bbox 2360 2936 2454 2989; x_wconf 89' lang='grc' dir='ltr'>τοῦ</span> <span class='ocrx_word' id='word_1_546' title='bbox 2473 2936 2686 3000; x_wconf 73' lang='grc' dir='ltr'>ὕδατος,</span> <span class='ocrx_word' id='word_1_547' title='bbox 2706 2939 2754 2988; x_wconf 86' lang='grc' dir='ltr'>εί</span> <span class='ocrx_word' id='word_1_548' title='bbox 2772 2938 2868 2990; x_wconf 82' lang='grc' dir='ltr'>καὶ</span> <span class='ocrx_word' id='word_1_549' title='bbox 2889 2938 3354 3008; x_wconf 79' lang='grc' dir='ltr'>ιιικραίτινέςείσι</span> 
     </span>
    </p>
   </div>
   <div class='ocr_carea' id='block_1_77' title="bbox 1779 3019 3356 3099">
    <p class='ocr_par' dir='ltr' id='par_1_77' title="bbox 1779 3019 3356 3099">
     <span class='ocr_line' id='line_1_77' title="bbox 1779 3019 3356 3099; baseline 0.001 -19"><span class='ocrx_word' id='word_1_550' title='bbox 1779 3029 2100 3099; x_wconf 68' lang='grc' dir='ltr'>διῃρημέναι</span> <span class='ocrx_word' id='word_1_551' title='bbox 2147 3019 2451 3091; x_wconf 81' lang='grc' dir='ltr'>συστάσεις,</span> <span class='ocrx_word' id='word_1_552' title='bbox 2491 3026 2625 3080; x_wconf 88' lang='grc' dir='ltr'>ἀλλά</span> <span class='ocrx_word' id='word_1_553' title='bbox 2669 3028 2767 3096; x_wconf 87' lang='grc' dir='ltr'>μία</span> <span class='ocrx_word' id='word_1_554' title='bbox 2797 3044 2860 3094; x_wconf 88' lang='grc' dir='ltr'>γε</span> <span class='ocrx_word' id='word_1_555' title='bbox 2905 3030 3200 3098; x_wconf 81' lang='grc' dir='ltr'>συναγωγὴ</span> <span class='ocrx_word' id='word_1_556' title='bbox 3231 3031 3264 3098; x_wconf 82' lang='grc' dir='ltr'>ὴ</span> <span class='ocrx_word' id='word_1_557' title='bbox 3293 3028 3356 3081; x_wconf 86' lang='grc' dir='ltr'>τὸ</span> 
     </span>
    </p>
   </div>
   <div class='ocr_carea' id='block_1_78' title="bbox 1780 3114 3354 3187">
    <p class='ocr_par' dir='ltr' id='par_1_78' title="bbox 1780 3114 3354 3187">
     <span class='ocr_line' id='line_1_78' title="bbox 1780 3114 3354 3187; baseline 0.001 -18"><span class='ocrx_word' id='word_1_558' title='bbox 1780 3117 1898 3172; x_wconf 79' lang='grc' dir='ltr'>ὅλον</span> <span class='ocrx_word' id='word_1_559' title='bbox 1932 3119 2188 3185; x_wconf 85' lang='grc' dir='ltr'>στοιχεῖον</span> <span class='ocrx_word' id='word_1_560' title='bbox 2219 3115 2326 3167; x_wconf 88' lang='grc' dir='ltr'>τῶν</span> <span class='ocrx_word' id='word_1_561' title='bbox 2374 3114 2576 3168; x_wconf 81' lang='grc' dir='ltr'>λοιπῶν</span> <span class='ocrx_word' id='word_1_562' title='bbox 2623 3117 2985 3186; x_wconf 81' lang='grc' dir='ltr'>ἀποκρίνασα.</span> <span class='ocrx_word' id='word_1_563' title='bbox 3044 3116 3168 3170; x_wconf 55' lang='lat' dir='ltr'><strong>&quot;ac</strong></span> <span class='ocrx_word' id='word_1_564' title='bbox 3213 3117 3354 3187; x_wconf 77' lang='lat' dir='ltr'><strong>ignis</strong></span> 
     </span>
    </p>
   </div>
   <div class='ocr_carea' id='block_1_79' title="bbox 1782 3206 3355 3274">
    <p class='ocr_par' dir='ltr' id='par_1_79' title="bbox 1782 3206 3355 3274">
     <span class='ocr_line' id='line_1_79' title="bbox 1782 3206 3355 3274; baseline -0.002 -11"><span class='ocrx_word' id='word_1_565' title='bbox 1782 3207 2104 3271; x_wconf 87' lang='lat' dir='ltr'><strong>similitudo,</strong></span> <span class='ocrx_word' id='word_1_566' title='bbox 2138 3206 2387 3274; x_wconf 80' lang='lat' dir='ltr'><strong>quamvis</strong></span> <span class='ocrx_word' id='word_1_567' title='bbox 2426 3221 2538 3259; x_wconf 87' lang='lat' dir='ltr'>rem</span> <span class='ocrx_word' id='word_1_568' title='bbox 2570 3207 2636 3260; x_wconf 88' lang='lat' dir='ltr'>de</span> <span class='ocrx_word' id='word_1_569' title='bbox 2669 3222 2774 3274; x_wconf 85' lang='lat' dir='ltr'>qua</span> <span class='ocrx_word' id='word_1_570' title='bbox 2814 3221 2996 3259; x_wconf 80' lang='lat' dir='ltr'><strong>sermo</strong></span> <span class='ocrx_word' id='word_1_571' title='bbox 3017 3215 3100 3260; x_wconf 89' lang='lat' dir='ltr'>est</span> <span class='ocrx_word' id='word_1_572' title='bbox 3132 3207 3355 3262; x_wconf 83' lang='lat' dir='ltr'><strong>institu-</strong></span> 
     </span>
    </p>
   </div>
   <div class='ocr_carea' id='block_1_80' title="bbox 1781 3297 3354 3365">
    <p class='ocr_par' dir='ltr' id='par_1_80' title="bbox 1781 3297 3354 3365">
     <span class='ocr_line' id='line_1_80' title="bbox 1781 3297 3354 3365; baseline 0 -13"><span class='ocrx_word' id='word_1_573' title='bbox 1781 3309 1868 3354; x_wconf 91' lang='lat' dir='ltr'>tus</span> <span class='ocrx_word' id='word_1_574' title='bbox 1896 3298 2180 3352; x_wconf 89' lang='lat' dir='ltr'><strong>commode</strong></span> <span class='ocrx_word' id='word_1_575' title='bbox 2221 3298 2473 3365; x_wconf 80' lang='lat' dir='ltr'><strong>explicet,</strong></span> <span class='ocrx_word' id='word_1_576' title='bbox 2507 3313 2615 3350; x_wconf 86' lang='lat' dir='ltr'>non</span> <span class='ocrx_word' id='word_1_577' title='bbox 2654 3305 2835 3350; x_wconf 76' lang='lat' dir='ltr'><strong>tamen</strong></span> <span class='ocrx_word' id='word_1_578' title='bbox 2866 3297 2919 3349; x_wconf 88' lang='lat' dir='ltr'>in</span> <span class='ocrx_word' id='word_1_579' title='bbox 2949 3298 3207 3352; x_wconf 88' lang='lat' dir='ltr'><strong>omnibus</strong></span> <span class='ocrx_word' id='word_1_580' title='bbox 3237 3298 3354 3353; x_wconf 87' lang='lat' dir='ltr'><strong>suis</strong></span> 
     </span>
    </p>
   </div>
   <div class='ocr_carea' id='block_1_81' title="bbox 1779 3390 3355 3460">
    <p class='ocr_par' dir='ltr' id='par_1_81' title="bbox 1779 3390 3355 3460">
     <span class='ocr_line' id='line_1_81' title="bbox 1779 3390 3355 3460; baseline 0.001 -18"><span class='ocrx_word' id='word_1_581' title='bbox 1779 3391 2025 3460; x_wconf 89' lang='lat' dir='ltr'><strong>partibus</strong></span> <span class='ocrx_word' id='word_1_582' title='bbox 2058 3405 2179 3443; x_wconf 87' lang='lat' dir='ltr'><strong>esse</strong></span> <span class='ocrx_word' id='word_1_583' title='bbox 2206 3404 2387 3442; x_wconf 77' lang='lat' dir='ltr'><strong>veram</strong></span> <span class='ocrx_word' id='word_1_584' title='bbox 2424 3390 2734 3457; x_wconf 88' lang='lat' dir='ltr'><strong>opinamur.</strong></span> <span class='ocrx_word' id='word_1_585' title='bbox 2765 3390 2936 3456; x_wconf 72' lang='lat' dir='ltr'><strong>Aqua:</strong></span> <span class='ocrx_word' id='word_1_586' title='bbox 2967 3403 3203 3456; x_wconf 88' lang='lat' dir='ltr'><strong>namque</strong></span> <span class='ocrx_word' id='word_1_587' title='bbox 3231 3404 3355 3458; x_wconf 67' lang='lat' dir='ltr'>qum</span> 
     </span>
    </p>
   </div>
   <div class='ocr_carea' id='block_1_82' title="bbox 1779 3479 3354 3549">
    <p class='ocr_par' dir='ltr' id='par_1_82' title="bbox 1779 3479 3354 3549">
     <span class='ocr_line' id='line_1_82' title="bbox 1779 3479 3354 3549; baseline 0.001 -17"><span class='ocrx_word' id='word_1_588' title='bbox 1779 3480 1834 3532; x_wconf 91' lang='lat' dir='ltr'>in</span> <span class='ocrx_word' id='word_1_589' title='bbox 1867 3479 2176 3549; x_wconf 87' lang='lat' dir='ltr'><strong>paludibus,</strong></span> <span class='ocrx_word' id='word_1_590' title='bbox 2212 3479 2459 3541; x_wconf 89' lang='lat' dir='ltr'><strong>lacubus,</strong></span> <span class='ocrx_word' id='word_1_591' title='bbox 2502 3479 2729 3546; x_wconf 87' lang='lat' dir='ltr'><strong>aliisque</strong></span> <span class='ocrx_word' id='word_1_592' title='bbox 2768 3479 2902 3533; x_wconf 81' lang='lat' dir='ltr'><strong>locis</strong></span> <span class='ocrx_word' id='word_1_593' title='bbox 2941 3479 3175 3542; x_wconf 85' lang='lat' dir='ltr'><strong>ﬂuitant,</strong></span> <span class='ocrx_word' id='word_1_594' title='bbox 3208 3481 3354 3547; x_wconf 87' lang='lat' dir='ltr'><strong>ejus-</strong></span> 
     </span>
    </p>
   </div>
   <div class='ocr_carea' id='block_1_83' title="bbox 1779 3569 3352 3640">
    <p class='ocr_par' dir='ltr' id='par_1_83' title="bbox 1779 3569 3352 3640">
     <span class='ocr_line' id='line_1_83' title="bbox 1779 3569 3352 3640; baseline 0.001 -17"><span class='ocrx_word' id='word_1_595' title='bbox 1779 3569 1900 3623; x_wconf 89' lang='lat' dir='ltr'>dem</span> <span class='ocrx_word' id='word_1_596' title='bbox 1935 3577 2062 3625; x_wconf 89' lang='lat' dir='ltr'><strong>sunt</strong></span> <span class='ocrx_word' id='word_1_597' title='bbox 2098 3571 2327 3623; x_wconf 88' lang='lat' dir='ltr'><strong>rationis</strong></span> <span class='ocrx_word' id='word_1_598' title='bbox 2358 3579 2411 3622; x_wconf 91' lang='lat' dir='ltr'>et</span> <span class='ocrx_word' id='word_1_599' title='bbox 2454 3581 2662 3622; x_wconf 78' lang='lat' dir='ltr'><strong>naturae</strong></span> <span class='ocrx_word' id='word_1_600' title='bbox 2701 3585 2825 3622; x_wconf 91' lang='lat' dir='ltr'>cum</span> <span class='ocrx_word' id='word_1_601' title='bbox 2849 3571 3122 3624; x_wconf 80' lang='lat' dir='ltr'><strong>elemento</strong></span> <span class='ocrx_word' id='word_1_602' title='bbox 3155 3587 3352 3640; x_wconf 87' lang='lat' dir='ltr'><strong>aqueo.</strong></span> 
     </span>
    </p>
   </div>
   <div class='ocr_carea' id='block_1_84' title="bbox 1779 3661 3354 3732">
    <p class='ocr_par' dir='ltr' id='par_1_84' title="bbox 1779 3661 3354 3732">
     <span class='ocr_line' id='line_1_84' title="bbox 1779 3661 3354 3732; baseline 0.002 -16"><span class='ocrx_word' id='word_1_603' title='bbox 1779 3669 1833 3716; x_wconf 82' lang='lat' dir='ltr'>et</span> <span class='ocrx_word' id='word_1_604' title='bbox 1868 3665 1920 3714; x_wconf 88' lang='lat' dir='ltr'>in</span> <span class='ocrx_word' id='word_1_605' title='bbox 1967 3663 2077 3715; x_wconf 92' lang='lat' dir='ltr'><strong>ullo</strong></span> <span class='ocrx_word' id='word_1_606' title='bbox 2120 3663 2226 3714; x_wconf 91' lang='lat' dir='ltr'><strong>alio</strong></span> <span class='ocrx_word' id='word_1_607' title='bbox 2254 3661 2358 3714; x_wconf 88' lang='lat' dir='ltr'><strong>nisi</strong></span> <span class='ocrx_word' id='word_1_608' title='bbox 2392 3661 2533 3722; x_wconf 88' lang='lat' dir='ltr'><strong>loco,</strong></span> <span class='ocrx_word' id='word_1_609' title='bbox 2575 3676 2790 3729; x_wconf 84' lang='lat' dir='ltr'><strong>sapore,</strong></span> <span class='ocrx_word' id='word_1_610' title='bbox 2828 3671 2882 3715; x_wconf 87' lang='lat' dir='ltr'>et</span> <span class='ocrx_word' id='word_1_611' title='bbox 2923 3663 3167 3732; x_wconf 89' lang='lat' dir='ltr'><strong>pondere</strong></span> <span class='ocrx_word' id='word_1_612' title='bbox 3199 3664 3354 3720; x_wconf 69' lang='grc' dir='ltr'>δισθ-</span> 
     </span>
    </p>
   </div>
   <div class='ocr_carea' id='block_1_85' title="bbox 1781 3753 3350 3824">
    <p class='ocr_par' dir='ltr' id='par_1_85' title="bbox 1781 3753 3350 3824">
     <span class='ocr_line' id='line_1_85' title="bbox 1781 3753 3350 3824; baseline 0.001 -17"><span class='ocrx_word' id='word_1_613' title='bbox 1781 3763 1909 3808; x_wconf 88' lang='lat' dir='ltr'><strong>ruut</strong></span> <span class='ocrx_word' id='word_1_614' title='bbox 1938 3771 1952 3819; x_wconf 86' lang='lat'><strong>;</strong></span> <span class='ocrx_word' id='word_1_615' title='bbox 1985 3753 2126 3822; x_wconf 81' lang='lat' dir='ltr'><strong>ignis</strong></span> <span class='ocrx_word' id='word_1_616' title='bbox 2165 3761 2347 3806; x_wconf 85' lang='lat' dir='ltr'><strong>autem</strong></span> <span class='ocrx_word' id='word_1_617' title='bbox 2381 3768 2490 3821; x_wconf 90' lang='lat' dir='ltr'>quo</span> <span class='ocrx_word' id='word_1_618' title='bbox 2528 3753 2731 3806; x_wconf 84' lang='lat' dir='ltr'><strong>utimur</strong></span> <span class='ocrx_word' id='word_1_619' title='bbox 2761 3767 2860 3806; x_wconf 89' lang='lat' dir='ltr'>nos</span> <span class='ocrx_word' id='word_1_620' title='bbox 2892 3753 3034 3806; x_wconf 76' lang='lat' dir='ltr'><strong>infra</strong></span> <span class='ocrx_word' id='word_1_621' title='bbox 3075 3755 3350 3824; x_wconf 69' lang='lat' dir='ltr'><strong>regionem</strong></span> 
     </span>
    </p>
   </div>
   <div class='ocr_carea' id='block_1_86' title="bbox 1782 3841 3350 3921">
    <p class='ocr_par' dir='ltr' id='par_1_86' title="bbox 1782 3841 3350 3921">
     <span class='ocr_line' id='line_1_86' title="bbox 1782 3841 3350 3921; baseline 0.001 -25"><span class='ocrx_word' id='word_1_622' title='bbox 1782 3848 1923 3897; x_wconf 89' lang='lat' dir='ltr'><strong>aeris</strong></span> <span class='ocrx_word' id='word_1_623' title='bbox 1955 3858 2072 3921; x_wconf 36' lang='lat' dir='ltr'><strong>non.</strong></span> <span class='ocrx_word' id='word_1_624' title='bbox 2099 3852 2184 3896; x_wconf 86' lang='lat' dir='ltr'>est</span> <span class='ocrx_word' id='word_1_625' title='bbox 2214 3842 2458 3910; x_wconf 85' lang='lat' dir='ltr'><strong>ejusdem</strong></span> <span class='ocrx_word' id='word_1_626' title='bbox 2489 3841 2675 3895; x_wconf 76' lang='lat' dir='ltr'><strong>forma:</strong></span> <span class='ocrx_word' id='word_1_627' title='bbox 2713 3857 2838 3895; x_wconf 90' lang='lat' dir='ltr'>cum</span> <span class='ocrx_word' id='word_1_628' title='bbox 2887 3844 2980 3896; x_wconf 90' lang='lat' dir='ltr'><strong>illo</strong></span> <span class='ocrx_word' id='word_1_629' title='bbox 3012 3844 3350 3909; x_wconf 89' lang='lat' dir='ltr'><strong>elementari,</strong></span> 
     </span>
    </p>
   </div>
   <div class='ocr_carea' id='block_1_87' title="bbox 1781 3934 3354 4002">
    <p class='ocr_par' dir='ltr' id='par_1_87' title="bbox 1781 3934 3354 4002">
     <span class='ocr_line' id='line_1_87' title="bbox 1781 3934 3354 4002; baseline 0 -14"><span class='ocrx_word' id='word_1_630' title='bbox 1781 3949 1906 3988; x_wconf 89' lang='lat' dir='ltr'>cum</span> <span class='ocrx_word' id='word_1_631' title='bbox 1950 3941 2136 3987; x_wconf 85' lang='lat' dir='ltr'><strong>noster</strong></span> <span class='ocrx_word' id='word_1_632' title='bbox 2180 3934 2445 4002; x_wconf 87' lang='lat' dir='ltr'><strong>impurior</strong></span> <span class='ocrx_word' id='word_1_633' title='bbox 2479 3934 2550 3986; x_wconf 86' lang='lat' dir='ltr'>sit</span> <span class='ocrx_word' id='word_1_634' title='bbox 2585 3942 2639 3987; x_wconf 83' lang='lat' dir='ltr'>et</span> <span class='ocrx_word' id='word_1_635' title='bbox 2667 3934 2930 3997; x_wconf 88' lang='lat' dir='ltr'><strong>crassior,</strong></span> <span class='ocrx_word' id='word_1_636' title='bbox 2961 3942 3014 3986; x_wconf 90' lang='lat' dir='ltr'>et</span> <span class='ocrx_word' id='word_1_637' title='bbox 3044 3934 3164 3988; x_wconf 82' lang='lat' dir='ltr'><strong>ideo</strong></span> <span class='ocrx_word' id='word_1_638' title='bbox 3194 3935 3354 3988; x_wconf 84' lang='lat' dir='ltr'><strong>lumi-</strong></span> 
     </span>
    </p>
   </div>
   <div class='ocr_carea' id='block_1_88' title="bbox 1781 4025 3353 4087">
    <p class='ocr_par' dir='ltr' id='par_1_88' title="bbox 1781 4025 3353 4087">
     <span class='ocr_line' id='line_1_88' title="bbox 1781 4025 3353 4087; baseline 0.002 -10"><span class='ocrx_word' id='word_1_639' title='bbox 1781 4025 1988 4087; x_wconf 86' lang='lat' dir='ltr'><strong>nosior,</strong></span> <span class='ocrx_word' id='word_1_640' title='bbox 2018 4039 2120 4077; x_wconf 88' lang='lat' dir='ltr'>nec</span> <span class='ocrx_word' id='word_1_641' title='bbox 2166 4025 2312 4077; x_wconf 90' lang='lat' dir='ltr'><strong>illam</strong></span> <span class='ocrx_word' id='word_1_642' title='bbox 2348 4025 2645 4078; x_wconf 86' lang='lat' dir='ltr'><strong>siccitatem</strong></span> <span class='ocrx_word' id='word_1_643' title='bbox 2686 4032 2740 4078; x_wconf 86' lang='lat' dir='ltr'>et</span> <span class='ocrx_word' id='word_1_644' title='bbox 2779 4026 3017 4078; x_wconf 87' lang='lat' dir='ltr'><strong>calorem</strong></span> <span class='ocrx_word' id='word_1_645' title='bbox 3053 4026 3106 4078; x_wconf 92' lang='lat' dir='ltr'>in</span> <span class='ocrx_word' id='word_1_646' title='bbox 3155 4041 3213 4080; x_wconf 88' lang='lat' dir='ltr'>se</span> <span class='ocrx_word' id='word_1_647' title='bbox 3255 4026 3353 4080; x_wconf 85' lang='lat' dir='ltr'>ha-</span> 
     </span>
    </p>
   </div>
   <div class='ocr_carea' id='block_1_89' title="bbox 1779 4115 3352 4184">
    <p class='ocr_par' dir='ltr' id='par_1_89' title="bbox 1779 4115 3352 4184">
     <span class='ocr_line' id='line_1_89' title="bbox 1779 4115 3352 4184; baseline -0.001 -14"><span class='ocrx_word' id='word_1_648' title='bbox 1779 4115 1890 4180; x_wconf 85' lang='lat' dir='ltr'><strong>bet,</strong></span> <span class='ocrx_word' id='word_1_649' title='bbox 1926 4131 2084 4184; x_wconf 90' lang='lat' dir='ltr'><strong>quem</strong></span> <span class='ocrx_word' id='word_1_650' title='bbox 2133 4116 2272 4184; x_wconf 79' lang='lat' dir='ltr'><strong>ignis</strong></span> <span class='ocrx_word' id='word_1_651' title='bbox 2307 4116 2674 4178; x_wconf 87' lang='lat' dir='ltr'><strong>elementaris,</strong></span> <span class='ocrx_word' id='word_1_652' title='bbox 2711 4117 2803 4168; x_wconf 90' lang='lat' dir='ltr'>sed</span> <span class='ocrx_word' id='word_1_653' title='bbox 2840 4117 2995 4183; x_wconf 84' lang='lat' dir='ltr'><strong>longe</strong></span> <span class='ocrx_word' id='word_1_654' title='bbox 3018 4115 3232 4170; x_wconf 77' lang='lat' dir='ltr'><strong>diversa</strong></span> <span class='ocrx_word' id='word_1_655' title='bbox 3263 4132 3352 4169; x_wconf 88' lang='lat' dir='ltr'><strong>ra-</strong></span> 
     </span>
    </p>
   </div>
   <div class='ocr_carea' id='block_1_90' title="bbox 1779 4205 3349 4274">
    <p class='ocr_par' dir='ltr' id='par_1_90' title="bbox 1779 4205 3349 4274">
     <span class='ocr_line' id='line_1_90' title="bbox 1779 4205 3349 4274; baseline 0 -14"><span class='ocrx_word' id='word_1_656' title='bbox 1779 4208 1928 4261; x_wconf 91' lang='lat' dir='ltr'><strong>tione</strong></span> <span class='ocrx_word' id='word_1_657' title='bbox 1959 4208 2132 4269; x_wconf 83' lang='lat' dir='ltr'><strong>ardet,</strong></span> <span class='ocrx_word' id='word_1_658' title='bbox 2169 4219 2219 4261; x_wconf 89' lang='lat' dir='ltr'>et</span> <span class='ocrx_word' id='word_1_659' title='bbox 2247 4207 2538 4269; x_wconf 86' lang='lat' dir='ltr'><strong>comburit,</strong></span> <span class='ocrx_word' id='word_1_660' title='bbox 2588 4221 2828 4274; x_wconf 87' lang='lat' dir='ltr'><strong>suosque</strong></span> <span class='ocrx_word' id='word_1_661' title='bbox 2861 4216 3081 4274; x_wconf 67' lang='lat' dir='ltr'><strong>praestat</strong></span> <span class='ocrx_word' id='word_1_662' title='bbox 3103 4205 3349 4261; x_wconf 79' lang='lat' dir='ltr'><strong>etl&#39;ectus.</strong></span> 
     </span>
    </p>
   </div>
   <div class='ocr_carea' id='block_1_91' title="bbox 1851 4289 3373 4366">
    <p class='ocr_par' dir='ltr' id='par_1_91' title="bbox 1851 4289 3373 4366">
     <span class='ocr_line' id='line_1_91' title="bbox 1851 4289 3373 4366; baseline 0.001 -16"><span class='ocrx_word' id='word_1_663' title='bbox 1851 4296 2012 4363; x_wconf 88' lang='lat' dir='ltr'><strong>lbid.,</strong></span> <span class='ocrx_word' id='word_1_664' title='bbox 2055 4300 2151 4351; x_wconf 91' lang='lat' dir='ltr'><strong>lin.</strong></span> <span class='ocrx_word' id='word_1_665' title='bbox 2202 4299 2288 4352; x_wconf 79' lang='grc'>15.</span> <span class='ocrx_word' id='word_1_666' title='bbox 2333 4296 2500 4364; x_wconf 74' lang='grc' dir='ltr'>[Ιηγὴ</span> <span class='ocrx_word' id='word_1_667' title='bbox 2548 4295 2656 4365; x_wconf 71' lang='grc' dir='ltr'>γάρ</span> <span class='ocrx_word' id='word_1_668' title='bbox 2695 4298 2826 4348; x_wconf 86' lang='grc' dir='ltr'>ἐστι</span> <span class='ocrx_word' id='word_1_669' title='bbox 2870 4296 2977 4362; x_wconf 79' lang='grc' dir='ltr'>τῆς</span> <span class='ocrx_word' id='word_1_670' title='bbox 3036 4296 3166 4364; x_wconf 77' lang='grc' dir='ltr'>περὶ</span> <span class='ocrx_word' id='word_1_671' title='bbox 3211 4289 3373 4366; x_wconf 43' lang='grc' dir='ltr'>γῆν(</span> 
     </span>
    </p>
   </div>
   <div class='ocr_carea' id='block_1_92' title="bbox 1782 4383 3352 4455">
    <p class='ocr_par' dir='ltr' id='par_1_92' title="bbox 1782 4383 3352 4455">
     <span class='ocr_line' id='line_1_92' title="bbox 1782 4383 3352 4455; baseline 0.001 -17"><span class='ocrx_word' id='word_1_672' title='bbox 1782 4385 1982 4441; x_wconf 85' lang='lat' dir='ltr'><strong>Eadem</strong></span> <span class='ocrx_word' id='word_1_673' title='bbox 2015 4386 2177 4442; x_wconf 86' lang='lat' dir='ltr'><strong>habet</strong></span> <span class='ocrx_word' id='word_1_674' title='bbox 2203 4387 2434 4440; x_wconf 87' lang='lat' dir='ltr'><strong>Basilius</strong></span> <span class='ocrx_word' id='word_1_675' title='bbox 2463 4386 2607 4439; x_wconf 88' lang='lat' dir='ltr'><strong>hom.</strong></span> <span class='ocrx_word' id='word_1_676' title='bbox 2631 4387 2685 4446; x_wconf 81' lang='grc'>4.</span> <span class='ocrx_word' id='word_1_677' title='bbox 2717 4393 2770 4438; x_wconf 91' lang='lat' dir='ltr'>ct</span> <span class='ocrx_word' id='word_1_678' title='bbox 2801 4383 3095 4452; x_wconf 74' lang='lat' dir='ltr'><strong>Gregorius</strong></span> <span class='ocrx_word' id='word_1_679' title='bbox 3119 4384 3352 4455; x_wconf 79' lang='lat' dir='ltr'><strong>Cyprius</strong></span> 
     </span>
    </p>
   </div>
   <div class='ocr_carea' id='block_1_93' title="bbox 123 4476 1679 4560">
    <p class='ocr_par' dir='ltr' id='par_1_93' title="bbox 123 4487 1679 4560">
     <span class='ocr_line' id='line_1_93' title="bbox 123 4487 1679 4560; baseline 0.001 -21"><span class='ocrx_word' id='word_1_680' title='bbox 123 4490 297 4543; x_wconf 89' lang='lat' dir='ltr'><strong>omnia</strong></span> <span class='ocrx_word' id='word_1_681' title='bbox 351 4490 750 4560; x_wconf 82' lang='lat' dir='ltr'><strong>elegantissime</strong></span> <span class='ocrx_word' id='word_1_682' title='bbox 799 4487 1091 4559; x_wconf 85' lang='lat' dir='ltr'><strong>Dionysius</strong></span> <span class='ocrx_word' id='word_1_683' title='bbox 1143 4489 1541 4543; x_wconf 81' lang='lat' dir='ltr'><strong>Alexandrinus</strong></span> <span class='ocrx_word' id='word_1_684' title='bbox 1600 4488 1679 4542; x_wconf 85' lang='lat' dir='ltr'><strong>De</strong></span> 
     </span>
    </p>
   </div>
   <div class='ocr_carea' id='block_1_94' title="bbox 1780 4476 3354 4560">
    <p class='ocr_par' dir='ltr' id='par_1_94' title="bbox 1784 4476 3354 4548">
     <span class='ocr_line' id='line_1_94' title="bbox 1784 4476 3354 4548; baseline -0.003 -16"><span class='ocrx_word' id='word_1_685' title='bbox 1784 4481 1838 4532; x_wconf 92' lang='lat' dir='ltr'>in</span> <span class='ocrx_word' id='word_1_686' title='bbox 1855 4477 2026 4533; x_wconf 73' lang='lat' dir='ltr'><strong>Maris</strong></span> <span class='ocrx_word' id='word_1_687' title='bbox 2047 4480 2312 4532; x_wconf 82' lang='lat' dir='ltr'><strong>encomio:</strong></span> <span class='ocrx_word' id='word_1_688' title='bbox 2340 4481 2533 4548; x_wconf 79' lang='grc' dir='ltr'>Μήτηρ</span> <span class='ocrx_word' id='word_1_689' title='bbox 2555 4477 2609 4529; x_wconf 80' lang='grc' dir='ltr'>δὲ</span> <span class='ocrx_word' id='word_1_690' title='bbox 2631 4476 2720 4529; x_wconf 85' lang='grc' dir='ltr'>τοῦ</span> <span class='ocrx_word' id='word_1_691' title='bbox 2739 4476 2939 4539; x_wconf 85' lang='grc' dir='ltr'>παντὸς</span> <span class='ocrx_word' id='word_1_692' title='bbox 2968 4477 3174 4539; x_wconf 81' lang='grc' dir='ltr'>ὓδατος,</span> <span class='ocrx_word' id='word_1_693' title='bbox 3189 4493 3354 4547; x_wconf 83' lang='grc' dir='ltr'>προσ-</span> 
     </span>
    </p>
   </div>
   <div class='ocr_carea' id='block_1_95' title="bbox 125 4577 1681 4649">
    <p class='ocr_par' dir='ltr' id='par_1_95' title="bbox 125 4577 1681 4649">
     <span class='ocr_line' id='line_1_95' title="bbox 125 4577 1681 4649; baseline 0.003 -21"><span class='ocrx_word' id='word_1_694' title='bbox 125 4577 224 4630; x_wconf 73' lang='lat' dir='ltr'><strong>situ</strong></span> <span class='ocrx_word' id='word_1_695' title='bbox 251 4581 413 4645; x_wconf 78' lang='lat' dir='ltr'><strong>orbis,</strong></span> <span class='ocrx_word' id='word_1_696' title='bbox 437 4596 557 4649; x_wconf 82' lang='lat' dir='ltr'><strong>quae</strong></span> <span class='ocrx_word' id='word_1_697' title='bbox 586 4580 713 4649; x_wconf 90' lang='lat' dir='ltr'><strong>quia</strong></span> <span class='ocrx_word' id='word_1_698' title='bbox 741 4580 1132 4635; x_wconf 87' lang='lat' dir='ltr'><strong>Commentarii</strong></span> <span class='ocrx_word' id='word_1_699' title='bbox 1161 4580 1278 4633; x_wconf 91' lang='lat' dir='ltr'><strong>loco</strong></span> <span class='ocrx_word' id='word_1_700' title='bbox 1299 4595 1420 4634; x_wconf 88' lang='lat' dir='ltr'><strong>esse</strong></span> <span class='ocrx_word' id='word_1_701' title='bbox 1450 4588 1681 4649; x_wconf 88' lang='lat' dir='ltr'><strong>possunt</strong></span> 
     </span>
    </p>
   </div>
   <div class='ocr_carea' id='block_1_96' title="bbox 125 4671 873 4743">
    <p class='ocr_par' dir='ltr' id='par_1_96' title="bbox 125 4671 873 4743">
     <span class='ocr_line' id='line_1_96' title="bbox 125 4671 873 4743; baseline 0.008 -25"><span class='ocrx_word' id='word_1_702' title='bbox 125 4682 228 4724; x_wconf 89' lang='lat' dir='ltr'>non</span> <span class='ocrx_word' id='word_1_703' title='bbox 259 4671 530 4743; x_wconf 77' lang='lat' dir='ltr'><strong>gravabor</strong></span> <span class='ocrx_word' id='word_1_704' title='bbox 562 4672 837 4726; x_wconf 87' lang='lat' dir='ltr'><strong>ascribere</strong></span> <span class='ocrx_word' id='word_1_705' title='bbox 861 4690 873 4724; x_wconf 94' lang='lat'><strong>:</strong></span> 
     </span>
    </p>
   </div>
   <div class='ocr_carea' id='block_1_97' title="bbox 190 4780 1554 4849">
    <p class='ocr_par' dir='ltr' id='par_1_97' title="bbox 190 4780 1554 4849">
     <span class='ocr_line' id='line_1_97' title="bbox 190 4780 1554 4849; baseline -0.001 -15"><span class='ocrx_word' id='word_1_706' title='bbox 190 4781 386 4849; x_wconf 82' lang='grc' dir='ltr'>Πάντη</span> <span class='ocrx_word' id='word_1_707' title='bbox 423 4783 474 4834; x_wconf 80' lang='grc' dir='ltr'>δ’</span> <span class='ocrx_word' id='word_1_708' title='bbox 507 4780 812 4849; x_wconf 78' lang='grc' dir='ltr'>ἀκαμάτου</span> <span class='ocrx_word' id='word_1_709' title='bbox 851 4783 1083 4849; x_wconf 73' lang='grc' dir='ltr'>φέρεται</span> <span class='ocrx_word' id='word_1_710' title='bbox 1104 4783 1249 4848; x_wconf 74' lang='grc' dir='ltr'>ῥόος</span> <span class='ocrx_word' id='word_1_711' title='bbox 1274 4781 1554 4832; x_wconf 76' lang='grc' dir='ltr'>ὠκεανοῖο</span> 
     </span>
    </p>
   </div>
   <div class='ocr_carea' id='block_1_98' title="bbox 126 4800 1605 4920">
    <p class='ocr_par' dir='ltr' id='par_1_98' title="bbox 126 4800 1605 4920">
     <span class='ocr_line' id='line_1_98' title="bbox 190 4800 1554 4849; baseline -0.001 -16"><span class='ocrx_word' id='word_1_712' title='bbox 190 4800 386 4849; x_wconf 82' lang='grc' dir='ltr'>ιιαντη</span> <span class='ocrx_word' id='word_1_713' title='bbox 423 4800 472 4834; x_wconf 83' lang='grc' dir='ltr'>ο·</span> <span class='ocrx_word' id='word_1_714' title='bbox 507 4800 812 4849; x_wconf 81' lang='grc' dir='ltr'>ακαματου</span> <span class='ocrx_word' id='word_1_715' title='bbox 895 4800 1083 4848; x_wconf 84' lang='grc' dir='ltr'>ερεται</span> <span class='ocrx_word' id='word_1_716' title='bbox 1104 4800 1249 4848; x_wconf 70' lang='lat' dir='ltr'><strong>poor;</strong></span> <span class='ocrx_word' id='word_1_717' title='bbox 1274 4800 1554 4832; x_wconf 78' lang='grc' dir='ltr'>ωκεανοιο</span> 
     </span>
     <span class='ocr_line' id='line_1_99' title="bbox 126 4800 1605 4920; baseline 0.001 -17"><span class='ocrx_word' id='word_1_718' title='bbox 126 4843 221 4920; x_wconf 62' lang='grc' dir='ltr'>Εἷς</span> <span class='ocrx_word' id='word_1_719' title='bbox 245 4852 364 4919; x_wconf 80' lang='grc' dir='ltr'>μὲν</span> <span class='ocrx_word' id='word_1_720' title='bbox 388 4851 522 4920; x_wconf 81' lang='grc' dir='ltr'>ἐὼν,</span> <span class='ocrx_word' id='word_1_721' title='bbox 553 4851 820 4920; x_wconf 72' lang='grc' dir='ltr'>πολλῇσι</span> <span class='ocrx_word' id='word_1_722' title='bbox 928 4853 1336 4918; x_wconf 79' lang='grc' dir='ltr'>ἐπωνυμιῃσιν</span> <span class='ocrx_word' id='word_1_723' title='bbox 1358 4850 1605 4918; x_wconf 81' lang='grc' dir='ltr'>ἀρηρώς.</span> 
     </span>
    </p>
   </div>
   <div class='ocr_carea' id='block_1_99' title="bbox 129 4918 1532 4990">
    <p class='ocr_par' dir='ltr' id='par_1_99' title="bbox 129 4918 1532 4990">
     <span class='ocr_line' id='line_1_100' title="bbox 129 4918 1532 4990; baseline 0.01 -22"><span class='ocrx_word' id='word_1_724' title='bbox 129 4918 273 4990; x_wconf 67' lang='lat' dir='ltr'><strong>:Htot</strong></span> <span class='ocrx_word' id='word_1_725' title='bbox 300 4925 334 4974; x_wconf 82' lang='grc' dir='ltr'>ό</span> <span class='ocrx_word' id='word_1_726' title='bbox 356 4918 473 4988; x_wconf 79' lang='grc' dir='ltr'>μὲν</span> <span class='ocrx_word' id='word_1_727' title='bbox 499 4918 749 4989; x_wconf 68' lang='grc' dir='ltr'>λοκροῖο</span> <span class='ocrx_word' id='word_1_728' title='bbox 775 4923 910 4990; x_wconf 77' lang='grc' dir='ltr'>παρ’</span> <span class='ocrx_word' id='word_1_729' title='bbox 949 4921 1238 4990; x_wconf 79' lang='grc' dir='ltr'>ἐσχατιὴν</span> <span class='ocrx_word' id='word_1_730' title='bbox 1269 4921 1532 4986; x_wconf 62' lang='grc' dir='ltr'>ζεφίφοιο</span> 
     </span>
    </p>
   </div>
   <div class='ocr_carea' id='block_1_100' title="bbox 130 4983 1594 5058">
    <p class='ocr_par' dir='ltr' id='par_1_100' title="bbox 130 4983 1594 5058">
     <span class='ocr_line' id='line_1_101' title="bbox 130 4983 1594 5058; baseline 0 -19"><span class='ocrx_word' id='word_1_731' title='bbox 130 4983 340 5058; x_wconf 67' lang='grc' dir='ltr'>Ἄτλας</span> <span class='ocrx_word' id='word_1_732' title='bbox 356 4983 643 5058; x_wconf 49' lang='grc' dir='ltr'>’ἑσπέριος</span> <span class='ocrx_word' id='word_1_733' title='bbox 675 4983 1063 5055; x_wconf 70' lang='grc' dir='ltr'>κικλήσκεται</span> <span class='ocrx_word' id='word_1_734' title='bbox 1084 5007 1095 5018; x_wconf 77' lang='lat'><strong><em>°</em></strong></span> <span class='ocrx_word' id='word_1_735' title='bbox 1125 4983 1310 5058; x_wconf 77' lang='grc' dir='ltr'>αὐτὰρ</span> <span class='ocrx_word' id='word_1_736' title='bbox 1327 4983 1594 5058; x_wconf 53' lang='grc' dir='ltr'>ῖῦεὲερθεν</span> 
     </span>
    </p>
   </div>
   <div class='ocr_carea' id='block_1_101' title="bbox 126 5057 1675 5128">
    <p class='ocr_par' dir='ltr' id='par_1_101' title="bbox 126 5057 1675 5128">
     <span class='ocr_line' id='line_1_102' title="bbox 126 5057 1675 5128; baseline 0.008 -20"><span class='ocrx_word' id='word_1_737' title='bbox 126 5057 266 5128; x_wconf 81' lang='grc' dir='ltr'>Πρὸς</span> <span class='ocrx_word' id='word_1_738' title='bbox 282 5057 528 5127; x_wconf 77' lang='grc' dir='ltr'>βορέην,</span> <span class='ocrx_word' id='word_1_739' title='bbox 556 5062 656 5112; x_wconf 75' lang='grc' dir='ltr'>ἵνα</span> <span class='ocrx_word' id='word_1_740' title='bbox 675 5060 881 5123; x_wconf 84' lang='grc' dir='ltr'>παῖδες</span> <span class='ocrx_word' id='word_1_741' title='bbox 900 5060 1256 5128; x_wconf 74' lang='grc' dir='ltr'>ἀρειμανέων</span> <span class='ocrx_word' id='word_1_742' title='bbox 1277 5057 1675 5126; x_wconf 49' lang='lat' dir='ltr'>&quot;Amitae-755W,</span> 
     </span>
    </p>
   </div>
   <div class='ocr_carea' id='block_1_102' title="bbox 127 5127 1636 5198">
    <p class='ocr_par' dir='ltr' id='par_1_102' title="bbox 127 5127 1636 5198">
     <span class='ocr_line' id='line_1_103' title="bbox 127 5127 1636 5198; baseline -0.001 -17"><span class='ocrx_word' id='word_1_743' title='bbox 127 5127 347 5198; x_wconf 70' lang='grc' dir='ltr'>ζῖόντον</span> <span class='ocrx_word' id='word_1_744' title='bbox 368 5147 489 5198; x_wconf 65' lang='grc' dir='ltr'>μιν⁸</span> <span class='ocrx_word' id='word_1_745' title='bbox 509 5130 792 5184; x_wconf 75' lang='grc' dir='ltr'>καλέουσι</span> <span class='ocrx_word' id='word_1_746' title='bbox 829 5132 1132 5198; x_wconf 74' lang='grc' dir='ltr'>πεπηγότα</span> <span class='ocrx_word' id='word_1_747' title='bbox 1167 5145 1248 5187; x_wconf 84' lang='grc' dir='ltr'>τε.</span> <span class='ocrx_word' id='word_1_748' title='bbox 1286 5130 1525 5195; x_wconf 71' lang='grc' dir='ltr'>χρόνιόν</span> <span class='ocrx_word' id='word_1_749' title='bbox 1554 5144 1636 5180; x_wconf 81' lang='grc' dir='ltr'>τε.</span> 
     </span>
    </p>
   </div>
   <div class='ocr_carea' id='block_1_103' title="bbox 130 5195 1676 5270">
    <p class='ocr_par' dir='ltr' id='par_1_103' title="bbox 130 5195 1676 5270">
     <span class='ocr_line' id='line_1_104' title="bbox 130 5195 1676 5270; baseline -0.001 -20"><span class='ocrx_word' id='word_1_750' title='bbox 130 5195 325 5270; x_wconf 62' lang='grc' dir='ltr'>ᾏλλοι</span> <span class='ocrx_word' id='word_1_751' title='bbox 341 5195 392 5251; x_wconf 76' lang='grc' dir='ltr'>δ’</span> <span class='ocrx_word' id='word_1_752' title='bbox 421 5195 497 5253; x_wconf 86' lang='grc' dir='ltr'>αὖ</span> <span class='ocrx_word' id='word_1_753' title='bbox 516 5200 615 5270; x_wconf 64' lang='grc' dir='ltr'>ξιᾳί</span> <span class='ocrx_word' id='word_1_754' title='bbox 627 5198 844 5270; x_wconf 82' lang='grc' dir='ltr'>νεκρὸν</span> <span class='ocrx_word' id='word_1_755' title='bbox 856 5195 1179 5270; x_wconf 68' lang='grc' dir='ltr'>ἐφήμισαν,</span> <span class='ocrx_word' id='word_1_756' title='bbox 1193 5199 1384 5270; x_wconf 62' lang='grc' dir='ltr'>οὕνεκ’</span> <span class='ocrx_word' id='word_1_757' title='bbox 1406 5198 1676 5270; x_wconf 67' lang='grc' dir='ltr'>ἀφαυροῦ</span> 
     </span>
    </p>
   </div>
   <div class='ocr_carea' id='block_1_104' title="bbox 139 5261 1674 5338">
    <p class='ocr_par' dir='ltr' id='par_1_104' title="bbox 139 5261 1674 5338">
     <span class='ocr_line' id='line_1_105' title="bbox 139 5261 1674 5338; baseline 0.003 -23"><span class='ocrx_word' id='word_1_758' title='bbox 139 5261 379 5338; x_wconf 54' lang='grc' dir='ltr'>ᾚεμου.</span> <span class='ocrx_word' id='word_1_759' title='bbox 409 5267 664 5336; x_wconf 80' lang='grc' dir='ltr'>Βράδιον</span> <span class='ocrx_word' id='word_1_760' title='bbox 681 5261 793 5338; x_wconf 75' lang='grc' dir='ltr'>γὰρ</span> <span class='ocrx_word' id='word_1_761' title='bbox 825 5261 999 5336; x_wconf 64' lang='grc' dir='ltr'>ὑπεὶρ</span> <span class='ocrx_word' id='word_1_762' title='bbox 1027 5269 1144 5323; x_wconf 76' lang='grc' dir='ltr'>ἅλα</span> <span class='ocrx_word' id='word_1_763' title='bbox 1168 5261 1286 5334; x_wconf 66' lang='grc' dir='ltr'>⁷τήν</span> <span class='ocrx_word' id='word_1_764' title='bbox 1323 5269 1388 5320; x_wconf 81' lang='grc' dir='ltr'>δε</span> <span class='ocrx_word' id='word_1_765' title='bbox 1427 5261 1674 5334; x_wconf 52' lang='grc' dir='ltr'>φαείνει,</span> 
     </span>
    </p>
   </div>
   <div class='ocr_carea' id='block_1_105' title="bbox 127 5335 1472 5408">
    <p class='ocr_par' dir='ltr' id='par_1_105' title="bbox 127 5335 1472 5408">
     <span class='ocr_line' id='line_1_106' title="bbox 127 5335 1472 5408; baseline 0.002 -21"><span class='ocrx_word' id='word_1_766' title='bbox 127 5335 235 5408; x_wconf 63' lang='lat' dir='ltr'><strong>Alei</strong></span> <span class='ocrx_word' id='word_1_767' title='bbox 250 5337 336 5408; x_wconf 59' lang='lat' dir='ltr'>se</span> <span class='ocrx_word' id='word_1_768' title='bbox 360 5335 660 5408; x_wconf 14' lang='lat' dir='ltr'>VO’xté‘th-O&#39;t</span> <span class='ocrx_word' id='word_1_769' title='bbox 684 5335 1010 5407; x_wconf 70' lang='grc' dir='ltr'>παχύνεται</span> <span class='ocrx_word' id='word_1_770' title='bbox 1033 5340 1101 5391; x_wconf 81' lang='grc' dir='ltr'>ἐν</span> <span class='ocrx_word' id='word_1_771' title='bbox 1122 5339 1472 5408; x_wconf 65' lang='grc' dir='ltr'>νεφέλῃσιν.</span> 
     </span>
    </p>
   </div>
   <div class='ocr_carea' id='block_1_106' title="bbox 127 5405 1509 5476">
    <p class='ocr_par' dir='ltr' id='par_1_106' title="bbox 127 5405 1509 5476">
     <span class='ocr_line' id='line_1_107' title="bbox 127 5405 1509 5476; baseline 0.003 -21"><span class='ocrx_word' id='word_1_772' title='bbox 127 5405 309 5476; x_wconf 67' lang='grc' dir='ltr'>ᾼῠςὰρ</span> <span class='ocrx_word' id='word_1_773' title='bbox 345 5407 435 5460; x_wconf 84' lang='grc' dir='ltr'>ὅθι</span> <span class='ocrx_word' id='word_1_774' title='bbox 457 5405 754 5474; x_wconf 85' lang='grc' dir='ltr'>πρώτιστα</span> <span class='ocrx_word' id='word_1_775' title='bbox 769 5405 1081 5476; x_wconf 42' lang='lat' dir='ltr'><strong>{castratur</strong></span> <span class='ocrx_word' id='word_1_776' title='bbox 1108 5405 1509 5476; x_wconf 72' lang='grc' dir='ltr'>ἀνθρώποισιν</span> 
     </span>
    </p>
   </div>
   <div class='ocr_carea' id='block_1_107' title="bbox 139 5470 1604 5545">
    <p class='ocr_par' dir='ltr' id='par_1_107' title="bbox 139 5470 1604 5545">
     <span class='ocr_line' id='line_1_108' title="bbox 139 5470 1604 5545; baseline 0.002 -20"><span class='ocrx_word' id='word_1_777' title='bbox 139 5470 310 5545; x_wconf 58' lang='grc' dir='ltr'>ξΗῴών·</span> <span class='ocrx_word' id='word_1_778' title='bbox 331 5470 619 5530; x_wconf 71' lang='grc' dir='ltr'>καλέουσι</span> <span class='ocrx_word' id='word_1_779' title='bbox 649 5477 746 5528; x_wconf 74' lang='grc' dir='ltr'>καί</span> <span class='ocrx_word' id='word_1_780' title='bbox 781 5470 1044 5531; x_wconf 62' lang='grc' dir='ltr'>Ἰνδικὸν</span> <span class='ocrx_word' id='word_1_781' title='bbox 1069 5470 1242 5545; x_wconf 73' lang='grc' dir='ltr'>οἶδμᾶ</span> <span class='ocrx_word' id='word_1_782' title='bbox 1271 5477 1604 5543; x_wconf 59' lang='grc' dir='ltr'>θαλάσσης.</span> 
     </span>
    </p>
   </div>
   <div class='ocr_carea' id='block_1_108' title="bbox 132 5539 1676 5613">
    <p class='ocr_par' dir='ltr' id='par_1_108' title="bbox 132 5539 1676 5613">
     <span class='ocr_line' id='line_1_109' title="bbox 132 5539 1676 5613; baseline 0.003 -20"><span class='ocrx_word' id='word_1_783' title='bbox 132 5539 286 5613; x_wconf 46' lang='grc' dir='ltr'>ξΑγχι</span> <span class='ocrx_word' id='word_1_784' title='bbox 315 5546 367 5598; x_wconf 81' lang='grc' dir='ltr'>δ’</span> <span class='ocrx_word' id='word_1_785' title='bbox 410 5547 754 5612; x_wconf 82' lang='grc' dir='ltr'>Ἐρυθραῖόν</span> <span class='ocrx_word' id='word_1_786' title='bbox 781 5564 862 5610; x_wconf 83' lang='grc' dir='ltr'>τε,</span> <span class='ocrx_word' id='word_1_787' title='bbox 885 5547 981 5598; x_wconf 76' lang='grc' dir='ltr'>καὶ</span> <span class='ocrx_word' id='word_1_788' title='bbox 1010 5539 1312 5601; x_wconf 72' lang='grc' dir='ltr'>Αίθιὸπιον</span> <span class='ocrx_word' id='word_1_789' title='bbox 1347 5539 1676 5600; x_wconf 59' lang='grc' dir='ltr'>καλέουσιν</span> 
     </span>
    </p>
   </div>
   <div class='ocr_carea' id='block_1_109' title="bbox 133 5610 1676 5755">
    <p class='ocr_par' dir='ltr' id='par_1_109' title="bbox 133 5610 1676 5755">
     <span class='ocr_line' id='line_1_110' title="bbox 133 5610 1676 5755; baseline 0.003 -89"><span class='ocrx_word' id='word_1_790' title='bbox 133 5610 264 5682; x_wconf 63' lang='grc' dir='ltr'>Πρὸξ</span> <span class='ocrx_word' id='word_1_791' title='bbox 293 5610 493 5670; x_wconf 62' lang='grc' dir='ltr'>νότον.</span> <span class='ocrx_word' id='word_1_792' title='bbox 531 5610 715 5670; x_wconf 81' lang='grc' dir='ltr'>Ἔνθα</span> <span class='ocrx_word' id='word_1_793' title='bbox 752 5615 820 5670; x_wconf 82' lang='grc' dir='ltr'>δὲ</span> <span class='ocrx_word' id='word_1_794' title='bbox 863 5616 1092 5681; x_wconf 71' lang='grc' dir='ltr'>πολλὸς</span> <span class='ocrx_word' id='word_1_795' title='bbox 1138 5616 1416 5755; x_wconf 61' lang='grc' dir='ltr'>ἀοικήτοί)</span> <span class='ocrx_word' id='word_1_796' title='bbox 1456 5618 1676 5738; x_wconf 50' lang='grc' dir='ltr'>χῖἕζὸς</span> 
     </span>
     <span class='ocr_line' id='line_1_111' title="bbox 1402 5702 1476 5738; baseline 0.027 -2"><span class='ocrx_word' id='word_1_797' title='bbox 1402 5702 1476 5738; x_wconf 89' lang='lat' dir='ltr'><strong>av</strong></span> 
     </span>
    </p>
   </div>
   <div class='ocr_carea' id='block_1_110' title="bbox 1402 5686 1606 5738">
    <p class='ocr_par' dir='ltr' id='par_1_110' title="bbox 1402 5686 1606 5738">
     <span class='ocr_line' id='line_1_112' title="bbox 1402 5686 1606 5738; baseline 0.005 -1"><span class='ocrx_word' id='word_1_798' title='bbox 1402 5686 1606 5738; x_wconf 74' lang='grc' dir='ltr'>αὐλὼν</span> 
     </span>
    </p>
   </div>
   <div class='ocr_carea' id='block_1_111' title="bbox 141 5745 1564 5826">
    <p class='ocr_par' dir='ltr' id='par_1_111' title="bbox 141 5745 1564 5826">
     <span class='ocr_line' id='line_1_113' title="bbox 141 5745 1564 5826; baseline 0.001 -19"><span class='ocrx_word' id='word_1_799' title='bbox 141 5745 474 5824; x_wconf 76' lang='grc' dir='ltr'>Ἐκτέταται,</span> <span class='ocrx_word' id='word_1_800' title='bbox 509 5755 818 5826; x_wconf 67' lang='grc' dir='ltr'>μαλεροῖσι</span> <span class='ocrx_word' id='word_1_801' title='bbox 847 5753 1213 5823; x_wconf 79' lang='grc' dir='ltr'>κεκαυμένος</span> <span class='ocrx_word' id='word_1_802' title='bbox 1245 5745 1564 5822; x_wconf 68' lang='grc' dir='ltr'>ἠελίοισιν.</span> 
     </span>
    </p>
   </div>
   <div class='ocr_carea' id='block_1_112' title="bbox 1777 4567 3351 4640">
    <p class='ocr_par' dir='ltr' id='par_1_112' title="bbox 1777 4567 3351 4640">
     <span class='ocr_line' id='line_1_114' title="bbox 1777 4567 3351 4640; baseline -0.005 -14"><span class='ocrx_word' id='word_1_803' title='bbox 1777 4571 1978 4627; x_wconf 75' lang='grc' dir='ltr'>κείσθω</span> <span class='ocrx_word' id='word_1_804' title='bbox 2026 4571 2081 4623; x_wconf 82' lang='grc' dir='ltr'>δὲ</span> <span class='ocrx_word' id='word_1_805' title='bbox 2137 4572 2231 4622; x_wconf 75' lang='grc' dir='ltr'>καὶ</span> <span class='ocrx_word' id='word_1_806' title='bbox 2275 4570 2471 4632; x_wconf 86' lang='grc' dir='ltr'>παντὸς</span> <span class='ocrx_word' id='word_1_807' title='bbox 2507 4569 2673 4640; x_wconf 82' lang='grc' dir='ltr'>ὑγροῦ</span> <span class='ocrx_word' id='word_1_808' title='bbox 2705 4567 2974 4620; x_wconf 76' lang='grc' dir='ltr'>θάλασσα’</span> <span class='ocrx_word' id='word_1_809' title='bbox 3005 4568 3246 4635; x_wconf 67' lang='grc' dir='ltr'>εὑδηλον,</span> <span class='ocrx_word' id='word_1_810' title='bbox 3276 4568 3351 4630; x_wconf 82' lang='grc' dir='ltr'>ὡς</span> 
     </span>
    </p>
   </div>
   <div class='ocr_carea' id='block_1_113' title="bbox 1779 4659 3349 4730">
    <p class='ocr_par' dir='ltr' id='par_1_113' title="bbox 1779 4659 3349 4730">
     <span class='ocr_line' id='line_1_115' title="bbox 1779 4659 3349 4730; baseline -0.003 -17"><span class='ocrx_word' id='word_1_811' title='bbox 1779 4663 1872 4714; x_wconf 77' lang='grc' dir='ltr'>καὶ</span> <span class='ocrx_word' id='word_1_812' title='bbox 1902 4661 2103 4714; x_wconf 79' lang='grc' dir='ltr'>τούτων</span> <span class='ocrx_word' id='word_1_813' title='bbox 2123 4663 2220 4714; x_wconf 86' lang='grc' dir='ltr'>οὑκ</span> <span class='ocrx_word' id='word_1_814' title='bbox 2246 4662 2376 4730; x_wconf 83' lang='grc' dir='ltr'>άλλη</span> <span class='ocrx_word' id='word_1_815' title='bbox 2409 4680 2489 4723; x_wconf 83' lang='grc' dir='ltr'>τις</span> <span class='ocrx_word' id='word_1_816' title='bbox 2508 4662 2651 4712; x_wconf 83' lang='grc' dir='ltr'>αἰτία</span> <span class='ocrx_word' id='word_1_817' title='bbox 2678 4661 2736 4712; x_wconf 84' lang='grc' dir='ltr'>τὸ</span> <span class='ocrx_word' id='word_1_818' title='bbox 2764 4661 2926 4730; x_wconf 86' lang='grc' dir='ltr'>μέρος</span> <span class='ocrx_word' id='word_1_819' title='bbox 2962 4659 3133 4721; x_wconf 85' lang='grc' dir='ltr'>τοῦτο,</span> <span class='ocrx_word' id='word_1_820' title='bbox 3163 4661 3244 4712; x_wconf 81' lang='grc' dir='ltr'>ὅτι</span> <span class='ocrx_word' id='word_1_821' title='bbox 3277 4659 3349 4729; x_wconf 79' lang='grc' dir='ltr'>μὴ</span> 
     </span>
    </p>
   </div>
   <div class='ocr_carea' id='block_1_114' title="bbox 1780 4752 3346 4824">
    <p class='ocr_par' dir='ltr' id='par_1_114' title="bbox 1780 4752 3346 4824">
     <span class='ocr_line' id='line_1_116' title="bbox 1780 4752 3346 4824; baseline -0.002 -19"><span class='ocrx_word' id='word_1_822' title='bbox 1780 4754 2046 4807; x_wconf 77' lang='grc' dir='ltr'>θάλασσα·</span> <span class='ocrx_word' id='word_1_823' title='bbox 2083 4756 2141 4805; x_wconf 79' lang='grc' dir='ltr'>οὑ</span> <span class='ocrx_word' id='word_1_824' title='bbox 2176 4754 2238 4824; x_wconf 82' lang='grc' dir='ltr'>δὴ</span> <span class='ocrx_word' id='word_1_825' title='bbox 2273 4755 2408 4823; x_wconf 88' lang='grc' dir='ltr'>μόνα</span> <span class='ocrx_word' id='word_1_826' title='bbox 2443 4752 2614 4804; x_wconf 84' lang='grc' dir='ltr'>ταῦτα</span> <span class='ocrx_word' id='word_1_827' title='bbox 2646 4754 2742 4821; x_wconf 79' lang='grc' dir='ltr'>τὴν</span> <span class='ocrx_word' id='word_1_828' title='bbox 2777 4753 2972 4821; x_wconf 80' lang='grc' dir='ltr'>ὑγρὰν,</span> <span class='ocrx_word' id='word_1_829' title='bbox 3005 4753 3080 4814; x_wconf 77' lang='grc' dir='ltr'>ως</span> <span class='ocrx_word' id='word_1_830' title='bbox 3120 4752 3346 4822; x_wconf 82' lang='grc' dir='ltr'>μητέρα,</span> 
     </span>
    </p>
   </div>
   <div class='ocr_carea' id='block_1_115' title="bbox 1779 4845 2920 4915">
    <p class='ocr_par' dir='ltr' id='par_1_115' title="bbox 1779 4845 2920 4915">
     <span class='ocr_line' id='line_1_117' title="bbox 1779 4845 2920 4915; baseline 0 -18"><span class='ocrx_word' id='word_1_831' title='bbox 1779 4846 1918 4897; x_wconf 82' lang='grc' dir='ltr'>κατὰ</span> <span class='ocrx_word' id='word_1_832' title='bbox 1949 4845 2037 4897; x_wconf 84' lang='grc' dir='ltr'>τὸν</span> <span class='ocrx_word' id='word_1_833' title='bbox 2073 4847 2358 4915; x_wconf 74' lang='grc' dir='ltr'>εἰρημένον</span> <span class='ocrx_word' id='word_1_834' title='bbox 2399 4845 2656 4914; x_wconf 84' lang='grc' dir='ltr'>κέκτηται</span> <span class='ocrx_word' id='word_1_835' title='bbox 2697 4845 2920 4911; x_wconf 86' lang='grc' dir='ltr'>τρόπον.</span> 
     </span>
    </p>
   </div>
   <div class='ocr_carea' id='block_1_116' title="bbox 1849 4932 3348 5004">
    <p class='ocr_par' dir='ltr' id='par_1_116' title="bbox 1849 4932 3348 5004">
     <span class='ocr_line' id='line_1_118' title="bbox 1849 4932 3348 5004; baseline -0.002 -16"><span class='ocrx_word' id='word_1_836' title='bbox 1849 4936 2006 5000; x_wconf 86' lang='lat' dir='ltr'><strong>lbid.,</strong></span> <span class='ocrx_word' id='word_1_837' title='bbox 2040 4938 2133 4990; x_wconf 84' lang='lat' dir='ltr'><strong>llll.</strong></span> <span class='ocrx_word' id='word_1_838' title='bbox 2166 4938 2249 4989; x_wconf 79' lang='grc' dir='ltr'>Π.</span> <span class='ocrx_word' id='word_1_839' title='bbox 2283 4937 2390 4989; x_wconf 77' lang='grc' dir='ltr'>Καὶ</span> <span class='ocrx_word' id='word_1_840' title='bbox 2425 4936 2590 4989; x_wconf 70' lang='grc' dir='ltr'>πάσα</span> <span class='ocrx_word' id='word_1_841' title='bbox 2617 4936 2651 5000; x_wconf 76' lang='grc' dir='ltr'><strong><em>ἡ</em></strong></span> <span class='ocrx_word' id='word_1_842' title='bbox 2689 4935 2762 5004; x_wconf 78' lang='grc' dir='ltr'>γῆ</span> <span class='ocrx_word' id='word_1_843' title='bbox 2793 4939 3116 5002; x_wconf 76' lang='grc' dir='ltr'>ὑπόνομος.</span> <span class='ocrx_word' id='word_1_844' title='bbox 3156 4932 3348 4987; x_wconf 85' lang='lat' dir='ltr'><strong>Fusior</strong></span> 
     </span>
    </p>
   </div>
   <div class='ocr_carea' id='block_1_117' title="bbox 1778 5024 3348 5098">
    <p class='ocr_par' dir='ltr' id='par_1_117' title="bbox 1778 5024 3348 5098">
     <span class='ocr_line' id='line_1_119' title="bbox 1778 5024 3348 5098; baseline -0.002 -20"><span class='ocrx_word' id='word_1_845' title='bbox 1778 5027 2011 5082; x_wconf 78' lang='lat' dir='ltr'><strong>Basilius</strong></span> <span class='ocrx_word' id='word_1_846' title='bbox 2045 5031 2185 5082; x_wconf 81' lang='lat' dir='ltr'><strong>liom.</strong></span> <span class='ocrx_word' id='word_1_847' title='bbox 2209 5029 2240 5081; x_wconf 72' lang='grc'>4</span> <span class='ocrx_word' id='word_1_848' title='bbox 2270 5047 2280 5081; x_wconf 94' lang='lat'>:</span> <span class='ocrx_word' id='word_1_849' title='bbox 2314 5028 2532 5098; x_wconf 87' lang='grc' dir='ltr'>Πρῶτον</span> <span class='ocrx_word' id='word_1_850' title='bbox 2561 5029 2657 5096; x_wconf 80' lang='grc' dir='ltr'>μὲν</span> <span class='ocrx_word' id='word_1_851' title='bbox 2691 5028 2772 5079; x_wconf 85' lang='grc' dir='ltr'>ὃτι</span> <span class='ocrx_word' id='word_1_852' title='bbox 2803 5028 2952 5095; x_wconf 85' lang='grc' dir='ltr'>πηγὴ</span> <span class='ocrx_word' id='word_1_853' title='bbox 2982 5027 3078 5094; x_wconf 77' lang='grc' dir='ltr'>τῆς</span> <span class='ocrx_word' id='word_1_854' title='bbox 3106 5025 3230 5093; x_wconf 79' lang='grc' dir='ltr'>περὶ</span> <span class='ocrx_word' id='word_1_855' title='bbox 3245 5024 3348 5094; x_wconf 82' lang='grc' dir='ltr'>γῆν</span> 
     </span>
    </p>
   </div>
   <div class='ocr_carea' id='block_1_118' title="bbox 1778 5115 3346 5190">
    <p class='ocr_par' dir='ltr' id='par_1_118' title="bbox 1778 5115 3346 5190">
     <span class='ocr_line' id='line_1_120' title="bbox 1778 5115 3346 5190; baseline -0.004 -18"><span class='ocrx_word' id='word_1_856' title='bbox 1778 5121 1996 5190; x_wconf 87' lang='grc' dir='ltr'>ἀπάσης</span> <span class='ocrx_word' id='word_1_857' title='bbox 2017 5119 2216 5182; x_wconf 87' lang='grc' dir='ltr'>νοτίδος</span> <span class='ocrx_word' id='word_1_858' title='bbox 2237 5120 2352 5170; x_wconf 73' lang='grc' dir='ltr'>ἐστὶ</span> <span class='ocrx_word' id='word_1_859' title='bbox 2374 5116 2434 5168; x_wconf 87' lang='grc' dir='ltr'>τὸ</span> <span class='ocrx_word' id='word_1_860' title='bbox 2458 5116 2556 5184; x_wconf 79' lang='grc' dir='ltr'>τῆς</span> <span class='ocrx_word' id='word_1_861' title='bbox 2581 5116 2854 5185; x_wconf 84' lang='grc' dir='ltr'>θαλάσσης</span> <span class='ocrx_word' id='word_1_862' title='bbox 2879 5115 3041 5186; x_wconf 75' lang='grc' dir='ltr'>ὕδωρ,</span> <span class='ocrx_word' id='word_1_863' title='bbox 3068 5115 3225 5166; x_wconf 86' lang='grc' dir='ltr'>τοῦτο</span> <span class='ocrx_word' id='word_1_864' title='bbox 3250 5115 3346 5183; x_wconf 77' lang='grc' dir='ltr'>μὲν</span> 
     </span>
    </p>
   </div>
   <div class='ocr_carea' id='block_1_119' title="bbox 1777 5208 3346 5281">
    <p class='ocr_par' dir='ltr' id='par_1_119' title="bbox 1777 5208 3346 5281">
     <span class='ocr_line' id='line_1_121' title="bbox 1777 5208 3346 5281; baseline -0.005 -15"><span class='ocrx_word' id='word_1_865' title='bbox 1777 5216 1835 5266; x_wconf 82' lang='grc' dir='ltr'>ὲν</span> <span class='ocrx_word' id='word_1_866' title='bbox 1857 5217 1968 5276; x_wconf 87' lang='grc' dir='ltr'>τοῖς</span> <span class='ocrx_word' id='word_1_867' title='bbox 2002 5213 2227 5281; x_wconf 80' lang='grc' dir='ltr'>ἀφανέσι</span> <span class='ocrx_word' id='word_1_868' title='bbox 2273 5213 2456 5280; x_wconf 85' lang='grc' dir='ltr'>πόροις</span> <span class='ocrx_word' id='word_1_869' title='bbox 2488 5211 2870 5279; x_wconf 85' lang='grc' dir='ltr'>διαδιδόμενον,</span> <span class='ocrx_word' id='word_1_870' title='bbox 2900 5209 2974 5272; x_wconf 85' lang='grc' dir='ltr'>ὡς</span> <span class='ocrx_word' id='word_1_871' title='bbox 3012 5208 3259 5278; x_wconf 85' lang='grc' dir='ltr'>δηλοῦσιν</span> <span class='ocrx_word' id='word_1_872' title='bbox 3291 5209 3346 5258; x_wconf 93' lang='grc' dir='ltr'>αἰ</span> 
     </span>
    </p>
   </div>
   <div class='ocr_carea' id='block_1_120' title="bbox 1780 5298 3348 5374">
    <p class='ocr_par' dir='ltr' id='par_1_120' title="bbox 1780 5298 3348 5374">
     <span class='ocr_line' id='line_1_122' title="bbox 1780 5298 3348 5374; baseline -0.004 -17"><span class='ocrx_word' id='word_1_873' title='bbox 1780 5305 2080 5374; x_wconf 78' lang='grc' dir='ltr'>σομφώδεις</span> <span class='ocrx_word' id='word_1_874' title='bbox 2109 5304 2214 5355; x_wconf 87' lang='grc' dir='ltr'>τῶν</span> <span class='ocrx_word' id='word_1_875' title='bbox 2235 5299 2498 5371; x_wconf 71' lang='grc' dir='ltr'>ἠπείρων,</span> <span class='ocrx_word' id='word_1_876' title='bbox 2524 5303 2618 5354; x_wconf 74' lang='grc' dir='ltr'>καὶ</span> <span class='ocrx_word' id='word_1_877' title='bbox 2637 5302 2916 5370; x_wconf 78' lang='grc' dir='ltr'>ὑπαντροι,</span> <span class='ocrx_word' id='word_1_878' title='bbox 2943 5301 3030 5366; x_wconf 83' lang='grc' dir='ltr'>ὑφ’</span> <span class='ocrx_word' id='word_1_879' title='bbox 3059 5299 3124 5361; x_wconf 77' lang='grc' dir='ltr'>ἀς</span> <span class='ocrx_word' id='word_1_880' title='bbox 3155 5301 3187 5367; x_wconf 78' lang='grc' dir='ltr'>ἡ</span> <span class='ocrx_word' id='word_1_881' title='bbox 3214 5298 3348 5368; x_wconf 77' lang='grc' dir='ltr'>ῥοώ-</span> 
     </span>
    </p>
   </div>
   <div class='ocr_carea' id='block_1_121' title="bbox 1777 5389 3347 5465">
    <p class='ocr_par' dir='ltr' id='par_1_121' title="bbox 1777 5389 3347 5465">
     <span class='ocr_line' id='line_1_123' title="bbox 1777 5389 3347 5465; baseline -0.006 -16"><span class='ocrx_word' id='word_1_882' title='bbox 1777 5397 1873 5465; x_wconf 87' lang='grc' dir='ltr'>δης</span> <span class='ocrx_word' id='word_1_883' title='bbox 1913 5395 2332 5456; x_wconf 77' lang='grc' dir='ltr'>διαυλωνίζουσα</span> <span class='ocrx_word' id='word_1_884' title='bbox 2391 5392 2653 5456; x_wconf 86' lang='grc' dir='ltr'>θάλασσα,</span> <span class='ocrx_word' id='word_1_885' title='bbox 2705 5392 2921 5444; x_wconf 76' lang='grc' dir='ltr'>ἐπειδὰν</span> <span class='ocrx_word' id='word_1_886' title='bbox 2974 5391 3212 5452; x_wconf 86' lang='grc' dir='ltr'>σκολιαῖς</span> <span class='ocrx_word' id='word_1_887' title='bbox 3254 5389 3347 5441; x_wconf 74' lang='grc' dir='ltr'>καὶ</span> 
     </span>
    </p>
   </div>
   <div class='ocr_carea' id='block_1_122' title="bbox 1778 5478 3344 5553">
    <p class='ocr_par' dir='ltr' id='par_1_122' title="bbox 1778 5478 3344 5553">
     <span class='ocr_line' id='line_1_124' title="bbox 1778 5478 3344 5553; baseline -0.004 -17"><span class='ocrx_word' id='word_1_888' title='bbox 1778 5484 1914 5553; x_wconf 86' lang='grc' dir='ltr'>πρὸς</span> <span class='ocrx_word' id='word_1_889' title='bbox 1948 5484 2008 5535; x_wconf 81' lang='grc' dir='ltr'>τὸ</span> <span class='ocrx_word' id='word_1_890' title='bbox 2058 5483 2237 5553; x_wconf 75' lang='grc' dir='ltr'>ὄρθιον</span> <span class='ocrx_word' id='word_1_891' title='bbox 2285 5482 2612 5550; x_wconf 86' lang='grc' dir='ltr'>φερομέναις</span> <span class='ocrx_word' id='word_1_892' title='bbox 2663 5479 3018 5549; x_wconf 80' lang='grc' dir='ltr'>ἐναπολειφθῇ</span> <span class='ocrx_word' id='word_1_893' title='bbox 3069 5478 3344 5544; x_wconf 79' lang='grc' dir='ltr'>διεξόδοις,</span> 
     </span>
    </p>
   </div>
   <div class='ocr_carea' id='block_1_123' title="bbox 1777 5568 3348 5642">
    <p class='ocr_par' dir='ltr' id='par_1_123' title="bbox 1777 5568 3348 5642">
     <span class='ocr_line' id='line_1_125' title="bbox 1777 5568 3348 5642; baseline -0.004 -16"><span class='ocrx_word' id='word_1_894' title='bbox 1777 5573 1881 5627; x_wconf 85' lang='grc' dir='ltr'>ὑπὸ</span> <span class='ocrx_word' id='word_1_895' title='bbox 1907 5574 1998 5626; x_wconf 87' lang='grc' dir='ltr'>τοῦ</span> <span class='ocrx_word' id='word_1_896' title='bbox 2021 5574 2301 5636; x_wconf 85' lang='grc' dir='ltr'>κενοῦντος</span> <span class='ocrx_word' id='word_1_897' title='bbox 2333 5571 2498 5642; x_wconf 83' lang='grc' dir='ltr'>αὐτὴν</span> <span class='ocrx_word' id='word_1_898' title='bbox 2527 5571 2832 5640; x_wconf 78' lang='grc' dir='ltr'>πνεύματος</span> <span class='ocrx_word' id='word_1_899' title='bbox 2873 5570 3152 5639; x_wconf 84' lang='grc' dir='ltr'>ὠθουμένη</span> <span class='ocrx_word' id='word_1_900' title='bbox 3187 5568 3348 5639; x_wconf 67' lang='grc' dir='ltr'>φέρεσ-</span> 
     </span>
    </p>
   </div>
   <div class='ocr_carea' id='block_1_124' title="bbox 1775 5655 3349 5732">
    <p class='ocr_par' dir='ltr' id='par_1_124' title="bbox 1775 5655 3349 5732">
     <span class='ocr_line' id='line_1_126' title="bbox 1775 5655 3349 5732; baseline -0.006 -16"><span class='ocrx_word' id='word_1_901' title='bbox 1775 5681 1863 5716; x_wconf 88' lang='grc' dir='ltr'>ται</span> <span class='ocrx_word' id='word_1_902' title='bbox 1895 5662 1997 5728; x_wconf 75' lang='grc' dir='ltr'>ἔξω</span> <span class='ocrx_word' id='word_1_903' title='bbox 2022 5664 2120 5732; x_wconf 87' lang='grc' dir='ltr'>τὴν</span> <span class='ocrx_word' id='word_1_904' title='bbox 2153 5663 2473 5729; x_wconf 74' lang='grc' dir='ltr'>ἐπιφάνειαν</span> <span class='ocrx_word' id='word_1_905' title='bbox 2509 5658 2864 5730; x_wconf 80' lang='grc' dir='ltr'>διαρῤήξασα,</span> <span class='ocrx_word' id='word_1_906' title='bbox 2901 5659 2994 5710; x_wconf 80' lang='grc' dir='ltr'>καὶ</span> <span class='ocrx_word' id='word_1_907' title='bbox 3023 5658 3231 5724; x_wconf 87' lang='grc' dir='ltr'>γίνεται</span> <span class='ocrx_word' id='word_1_908' title='bbox 3253 5655 3349 5707; x_wconf 81' lang='grc' dir='ltr'>πό-</span> 
     </span>
    </p>
   </div>
   <div class='ocr_carea' id='block_1_125' title="bbox 1777 5745 3350 5824">
    <p class='ocr_par' dir='ltr' id='par_1_125' title="bbox 1777 5745 3350 5824">
     <span class='ocr_line' id='line_1_127' title="bbox 1777 5745 3350 5824; baseline -0.003 -18"><span class='ocrx_word' id='word_1_909' title='bbox 1777 5771 1932 5824; x_wconf 84' lang='grc' dir='ltr'>τιμος</span> <span class='ocrx_word' id='word_1_910' title='bbox 1964 5755 2027 5806; x_wconf 83' lang='grc' dir='ltr'>ὲκ</span> <span class='ocrx_word' id='word_1_911' title='bbox 2052 5755 2147 5816; x_wconf 75' lang='grc' dir='ltr'>τῆς</span> <span class='ocrx_word' id='word_1_912' title='bbox 2175 5753 2471 5824; x_wconf 75' lang='grc' dir='ltr'>διηθήσεως</span> <span class='ocrx_word' id='word_1_913' title='bbox 2509 5751 2571 5804; x_wconf 79' lang='grc' dir='ltr'>τὸ</span> <span class='ocrx_word' id='word_1_914' title='bbox 2605 5751 2798 5819; x_wconf 73' lang='grc' dir='ltr'>πικρὸν</span> <span class='ocrx_word' id='word_1_915' title='bbox 2852 5749 3076 5802; x_wconf 84' lang='grc' dir='ltr'>ἱαθεῖσα.</span> <span class='ocrx_word' id='word_1_916' title='bbox 3113 5747 3252 5813; x_wconf 79' lang='grc' dir='ltr'>Ἤδη</span> <span class='ocrx_word' id='word_1_917' title='bbox 3291 5745 3350 5802; x_wconf 70' lang='grc' dir='ltr'>δι</span> 
     </span>
    </p>
   </div>
  </div>
