4042 6338
685 350 791 407 839

2018 347 2265 405 LEONIS
2303 347 2581 405 ALLA'I'II

3829 348 3935 401 8ιο

687 464 778 516 καὶ
828 462 1160 533 Θερμοτέρας
1210 463 1272 514 ὲκ
1325 462 1602 532 μετάλλων
1639 461 1919 530 ποιότητος
1955 463 2096 516 κατά
2153 464 2245 532 τὴν

2353 477 2581 532 corpora
2613 463 2757 516 enim
2802 463 3152 518 elementaria
3193 471 3404 517 natura:
3451 463 3568 530 lege
3641 471 3810 529 atque
3845 476 3929 514 or-

683 552 913 618 διέξοδον
942 550 1319 622 προσλαῦοὖσα
1349 553 1410 603 ὲκ
1434 552 1534 618 τῆς
1565 552 1730 621 αὐτῆς
1755 551 1849 604 τοῦ
1874 553 2144 616 κινοῦντος
2170 557 2251 605 αι-

684 644 804 706 τίαις
827 642 1018 706 ζέουσα
1040 644 1245 710 γίνεται
1267 643 1342 705 ὡς
1367 643 1432 695 τὰ
1458 643 1648 702 πολλὰ,
1673 644 1767 696 καὶ
1786 643 2054 716 πυρώδης.
2077 647 2250 716 Ὅπερ

686 731 950 802 πόλλαχοῦ
978 735 1075 803 μὲν
1094 733 1202 786 τῶν
1229 736 1426 803 νήσων,
1461 734 1724 803 πολλαχοῦ
1753 735 1809 786 δὲ
1836 735 1943 786 τῶν
1975 737 2252 806 παραλίων

682 825 860 877 τόπων
889 825 1096 888 ἔξεστιν
1126 826 1434 896 ἱστορῆσαι·
1469 826 1663 891 ὅπουγε
1697 828 1786 878 καὶ
1820 826 1958 879 κατά
2000 828 2098 896 τὴν
2159 846 2254 898 με·

685 916 890 982 σόγειον
927 916 1080 967 τόποι
1125 917 1265 978 τινὲς
1295 916 1401 968 τῶν
1435 918 1710 986 ποταμίων
1745 917 1948 969 ὑδάτων
1993 920 2249 984 γείτονες,

682 1006 758 1068 ὡς
792 1007 960 1076 μικρά
987 1007 1237 1074 μεγαλοις
1261 1008 1492 1068 εἰκάσαι,
1514 1007 1578 1058 τὰ
1593 1006 1938 1075 παραπλήσια
1965 1006 2249 1074 πάσχουσι.

685 1097 828 1166 Πρὸς
968 1097 1019 1148 τί
1047 1096 1203 1147 τοῦτο
1231 1097 1444 1167 εἴρηταί
1478 1115 1599 1165 μοι,
1631 1097 1746 1148 Ὅτι
1792 1099 1937 1148 πᾶσα
1983 1098 2251 1166 ὑπόνομος

683 1189 830 1238 ἐστιν
859 1190 889 1256 ἡ
917 1188 987 1256 γῆ
1007 1188 1094 1239 διὰ
1127 1190 1306 1256 πόρων
1341 1188 1558 1255 ἀφανῶν
1581 1190 1643 1239 ὲκ
1673 1189 1780 1239 τῶν
1809 1187 1990 1257 ἀρχῶν
2020 1188 2118 1256 τῆς
2157 1187 2254 1239 θα-

684 1277 888 1345 λάσσης
918 1278 1334 1340 ὑπονοστοῦντος
1381 1278 1474 1330 τοῦ
1509 1280 1717 1340 ὓδατος.
1763 1277 1836 1331 De
1881 1293 2143 1346 aquarum
2172 1278 2252 1330 vi-

685 1368 861 1430 ribus,
897 1378 951 1421 et
981 1369 1291 1436 saporibus,
1318 1371 1545 1438 aliisque
1569 1370 1946 1438 qualitatibus,
1988 1369 2109 1421 vide
2134 1383 2251 1437 quae

683 1474 752 1511 ex
781 1458 1074 1513 Aristotele
1103 1459 1424 1528 compendio
1462 1461 1593 1513 dicit
1636 1460 1882 1514 Stobaeus
1925 1460 1978 1513 itt
2016 1459 2251 1528 Physicis

684 1548 880 1618 eclogis
916 1590 931 1615 ,
961 1564 1083 1619 cap.
1111 1549 1198 1602 δικ

755 1662 871 1714 Col.
901 1660 1028 1724 715,
1068 1662 1164 1714 lin.
1211 1661 1297 1715 19.
1335 1661 1394 1715 Ἠ
1421 1663 1529 1730 γὰρ
1565 1663 1805 1729 ῥοώδης
1844 1662 2145 1716 θάλασσα.
2178 1660 2254 1716 De

683 1752 964 1804 ﬂuminum
990 1751 1326 1820 fontiumque
1351 1767 1518 1806 causa
1543 1760 1594 1804 et
1626 1753 1832 1820 origine
1862 1754 2013 1820 plura
2037 1753 2251 1806 Aristo-

2359 555 2485 607 dine
2519 555 2835 609 cmlestibus
2866 556 3150 610 ubediunt.
3195 556 3448 609 Albertus
3481 556 3579 608 lib.
3615 567 3656 606 ιι
3682 553 3925 612 Μαίων..

2360 653 2517 697 tract.
2557 645 2613 706 2,
2645 660 2762 714 cap.
2791 644 2876 704 12.
2911 646 3084 714 inquit
3109 660 3340 715 vapores
3365 648 3417 698 in
3444 646 3632 707 terris,
3683 645 3926 696 cavernis

2358 735 2598 788 elevatos
2633 735 2972 804 reﬂexosque
2997 738 3274 790 attrahere
3297 735 3365 789 ad
3387 752 3444 791 se
3458 749 3686 803 aquam.
3703 748 3926 802 eamque

2359 841 2580 879 sursum
2615 825 2836 892 efferre,
2859 835 2913 880 et
2956 827 3217 880 continua
3255 843 3354 880 sua
3405 827 3646 888 actione,
3687 833 3744 879 et
3787 826 3922 878 illisu

2359 916 2428 967 ad
2479 916 2684 971 montis
2707 918 2887 970 .latera
2925 932 3090 985 poros
3133 919 3376 986 aperire,
3442 917 3648 986 quibus
3711 916 3925 968 tandem

2360 1008 2612 1076 erumpit.
2660 1007 2760 1060 Alii
2801 1010 3011 1070 dicunt,
3058 1023 3182 1061 cum
3215 1017 3359 1062 terra
3393 1011 3577 1063 multis
3618 1010 3691 1060 sit
3747 1009 3920 1075 pervia

2360 1100 2653 1167 specubus,
2679 1115 2874 1167 aquam
2905 1101 3070 1153 maris
3094 1102 3148 1152 in
3180 1101 3447 1168 ejusmodi
3480 1114 3617 1154 cava
3659 1101 3778 1151 loca
3809 1114 3924 1152 sese

2361 1190 2639 1251 inducere,
2697 1206 2816 1258 quae
2843 1191 2972 1259 quia
3007 1198 3136 1244 sunt
3185 1197 3436 1258 angusta,
3488 1205 3673 1258 neque
3720 1197 3922 1240 tantam

2360 1282 2528 1335 maris
2562 1283 2756 1334 molem
2789 1297 2984 1351 capere
3016 1288 3244 1347 queunt,
3290 1295 3408 1334 eam
3434 1295 3587 1348 aqua:
3619 1281 3923 1348 portionem

2360 1384 2728 1438 compressam
2755 1371 2819 1424 ad
2843 1371 3186 1424 extrinsecus
3204 1370 3552 1424 incumbente
3577 1370 3715 1422 mari
3741 1383 3923 1436 egres-

2361 1477 2479 1515 sum
2510 1477 2616 1530 qua
2645 1463 2729 1514 via
2764 1465 2957 1530 possit,
2985 1476 3245 1531 quaerere,
3291 1463 3476 1530 sicque
3508 1462 3626 1515 ﬁeri
3660 1476 3922 1530 aquarum

2359 1555 2720 1609 exsilitiones.
2742 1554 2987 1608 Aliorum
3008 1556 3144 1610 alios
3171 1554 3361 1609 modos
3381 1561 3434 1608 et
3466 1554 3715 1608 rationes
3743 1567 3924 1622 quare

2360 1645 2415 1698 in
2445 1647 2605 1700 dictis
2645 1649 2981 1702 auctoribus.

2431 1759 2591 1822 lbid.,
2627 1758 2723 1813 lin.
2758 1759 2848 1812 24.
2908 1760 3098 1813 Πάλιν
3127 1760 3194 1813 δὲ
3223 1759 3482 1813 ἐπειδάν.
3538 1758 3776 1813 Causam
3809 1772 3928 1828 pro-

684 1842 819 1893 teles
866 1841 959 1892 lib.
1001 1857 1017 1893 ι
1069 1817 1311 1903 Me:eor.,
1379 1856 1500 1910 cap.
1553 1840 1642 1902 15,
1688 1817 1742 1895 et
1791 1817 1886 1894 lib.
1936 1857 1994 1902 tt,
2028 1855 2148 1909 cap.
2189 1840 2245 1903 2;

2359 1857 2478 1918 pter
2505 1866 2667 1919 quam
2703 1867 2854 1919 aqua:
2879 1866 3001 1904 cum
3024 1868 3089 1905 ex
3124 1867 3234 1904 uno
3261 1861 3314 1905 et
3338 1851 3528 1906 eodem
3575 1849 3745 1911 fonte,
3779 1864 3928 1902 mare

684 1927 858 1988 Plato.
893 1933 946 1982 in
991 1928 1283 1993 Phcedone;
1315 1928 1582 1996 Georgius
1627 1929 1906 1998 Agricola,
1968 1930 2064 1982 lib.
2108 1945 2122 1981 ι
2177 1927 2253 1981 De

683 2030 804 2071 ortu
847 2029 895 2072 et
944 2021 1119 2073 causis
1170 2020 1664 2082 subterraneorum;
1699 2021 1952 2073 Albertus
2003 2021 2250 2088 Magnus,

685 2108 780 2161 lib.
847 2123 886 2161 tt
923 2107 1170 2172 Meteon,
1201 2117 1357 2162 tract.
1418 2110 1503 2172 12,
1534 2110 1696 2178 capit.
1729 2110 1815 2174 ll;
1843 2109 2075 2162 Jacobus
2119 2109 2256 2162 Mili-

683 2199 862 2261 chius,
909 2199 962 2251 in
1009 2201 1174 2267 capit.
1219 2199 1319 2253 105
1366 2199 1457 2252 lib.
1514 2214 1552 2252 ιι
1623 2198 1813 2264 Plinii;
1859 2198 2106 2254 Valesius
2178 2199 2255 2252 De

683 2305 838 2341 sacra
869 2289 1220 2357 philosophia,
1255 2306 1373 2358 cup.
1398 2291 1486 2351 63,
1521 2299 1573 2344 et
1598 2291 1706 2343 alii.
1739 2289 1860 2342 Fuit
1895 2289 2252 2358 quorumdam

683 2375 869 2442 opinio
908 2376 1048 2427 intra
1088 2385 1286 2428 terram
1330 2392 1450 2430 esse
1493 2377 1757 2445 quasdam
1807 2380 2070 2431 cavitates
2098 2378 2253 2431 etal-

685 2478 837 2526 veos,
863 2464 1061 2531 quibus
1086 2464 1284 2518 imbres
1305 2466 1665 2533 excipiantur,
1695 2475 1856 2534 atque
1877 2483 1939 2520 ex
1975 2467 2040 2521 iis
2078 2466 2252 2520 fontes

681 2562 736 2607 et
755 2555 948 2606 ﬂuvios
976 2554 1275 2616 ditnanare,
1299 2563 1352 2608 et
1384 2570 1551 2624 aquas
1577 2557 1695 2610 illas
1723 2573 1892 2626 usque
1915 2557 1981 2609 ad
2016 2558 2250 2610 futuram

683 2644 916 2697 hiemem
948 2643 1213 2705 suﬂicere,
1245 2659 1344 2698 nec
1373 2660 1690 2700 exarescere
1724 2654 2014 2714 antequam
2056 2661 2249 2700 rursus

685 2739 835 2808 pluat
861 2756 872 2790 :
912 2737 1108 2790 siccari
1136 2752 1264 2791 vero
1291 2753 1384 2792 eos
1411 2753 1641 2807 quorum
1675 2740 1809 2793 alvei
1840 2741 2075 2794 minores
2101 2747 2248 2805 sunt,

682 2836 736 2882 et
756 2830 826 2882 ob
858 2827 1131 2881 defectum
1166 2844 1430 2896 aquarum
1465 2846 1572 2882 non
1606 2829 1817 2884 ﬂuitant
1859 2847 2030 2899 usque
2057 2833 2122 2885 ad
2155 2850 2250 2886 no-

681 2936 778 2973 vas
811 2919 1036 2988 pluvias.
1072 2920 1393 2974 Aristoteles
1431 2929 1483 2974 et
1524 2922 1611 2973 alii
1642 2937 1861 2976 causam
1902 2925 2128 2990 primam
2163 2941 2252 2993 ge-

683 3011 984 3063 nerationis
1034 3009 1319 3062 ﬂuviorum
1383 3019 1632 3063 statuunt
1686 3012 1788 3064 loci
1836 3021 2105 3078 naturam,
2159 3015 2249 3066 ubi

683 3110 904 3170 propter
939 3102 1040 3156 soli
1077 3103 1378 3162 raritatem,
1407 3102 1613 3156 multus
1644 3111 1698 3156 et
1733 3105 1989 3172 copiosus
2023 3105 2244 3172 spiritus

683 3198 992 3258 generatur,
1030 3190 1122 3258 qui
1167 3204 1329 3258 quam
1366 3191 1612 3257 proxime
1645 3191 1707 3243 ad
1750 3193 1966 3260 vaporis
1997 3200 2247 3246 naturam

682 3279 911 3333 accedit.
965 3279 1167 3335 Deinde
1215 3295 1345 3334 vero
1406 3272 1604 3349 frigore
1663 3282 1765 3334 loci
1815 3283 1866 3333 in
1915 3297 2108 3350 aquam
2159 3298 2252 3336 co-

683 3374 848 3438 gitur,
906 3386 1028 3439 qua:
1074 3373 1246 3439 ejecta
1315 3370 1434 3424 fons
1491 3380 1546 3425 et
1597 3372 1748 3441 origo
1796 3371 2081 3426 ﬂuviorum
2145 3381 2246 3428 est.

682 3459 792 3514 Nec
849 3462 1060 3515 videtur
1114 3462 1409 3515 absurdum
1463 3462 1510 3516 si
1561 3473 1779 3532 pr0pter
1829 3465 2068 3517 eamdem
2121 3479 2250 3517 cau-

683 3566 798 3605 sam
857 3553 1095 3606 interra:
1150 3554 1451 3607 visceribus
1509 3562 1797 3622 generatur
1849 3569 1986 3624 aqua
2033 3563 2249 3624 propter

683 3659 844 3712 quam
880 3657 1047 3711 supra
1083 3653 1282 3696 terram
1337 3644 1390 3696 in
1429 3659 1581 3708 aere;
1616 3647 1731 3713 pari
1763 3646 1906 3698 enim
1944 3648 2152 3698 ratione
2195 3647 2246 3698 in

681 3741 980 3803 vaporante
1027 3750 1151 3788 aere
1203 3735 1374 3804 frigus
1424 3746 1698 3802 operatur.
1766 3736 1894 3798 Qua:
1944 3737 2248 3790 Aristotelis

682 3828 866 3894 Opinio
890 3827 935 3878 si
967 3835 1113 3879 recte
1139 3827 1521 3879 consideretur
1548 3842 1702 3880 suam
1734 3827 1894 3880 habet
1952 3830 2245 3897 probabili-

683 3925 873 3978 tatem,
910 3931 1011 3968 nec
1054 3917 1128 3967 ita
1171 3917 1374 3970 absona
1409 3924 1491 3968 est
1548 3917 1600 3968 in
1651 3917 1990 3986 philosophia
2045 3926 2105 3972 ut
2152 3935 2244 3974 ex-

683 4009 806 4076 pelli
839 4008 1061 4061 omnino
1093 4016 1382 4061 mereatur.
1405 4007 1716 4062 Christiano
1739 4017 1916 4062 tamen
1942 4012 2163 4078 homini,
2182 4029 2242 4067 ea

683 4115 847 4166 super
883 4099 986 4151 hoc
1020 4100 1287 4152 sententia
1320 4110 1401 4152 est
1427 4101 1802 4168 amplexanda,
1840 4117 1956 4170 quae
1993 4112 2072 4155 est
2117 4119 2244 4156 Sam

682 4200 892 4244 ctorum
917 4189 1137 4242 Patrum
1160 4190 1485 4248 communis,
1507 4197 1558 4241 et
1581 4206 1746 4244 sacrae
1775 4190 2065 4260 Scriptura:
2091 4195 2242 4247 testi-

681 4281 887 4334 moniis
912 4280 1284 4334 conﬁrmatur.
1324 4277 1596 4348 Originem
1645 4281 1869 4335 fontium
1905 4299 1933 4337 e
1961 4288 2093 4337 mari
2120 4301 2241 4339 esse

683 4386 711 4424 a
750 4386 856 4441 quo
887 4369 1130 4431 emuunt,
1182 4377 1235 4424 et
1292 4369 1346 4422 in
1400 4371 1543 4438 quod
1573 4371 1821 4436 inﬂuunt,
1875 4374 1943 4425 ita
1983 4374 2235 4437 Basilius,

2357 1939 2590 2000 scilicet,
2621 1939 2885 2006 originem
2923 1941 3162 2003 trahant,
3200 1955 3308 1992 non
3352 1939 3597 1993 eamdem
3634 1946 3851 1993 Senent
3877 1946 3930 1991 et

2367 2029 2706 2097 qualitatem,
2741 2038 2795 2082 et
2825 2037 3095 2097 saporem,
3123 2031 3218 2085 sed
3250 2031 3552 2084 secundum
3592 2030 3702 2083 loci
3748 2029 3929 2081 varie—

2354 2128 2519 2174 tatem
2552 2121 2678 2190 ipsa:
2709 2122 2871 2175 etiam
2906 2123 3179 2176 varientur
3209 2130 3330 2191 pete
3372 2138 3401 2174 a
3429 2123 3798 2191 philosophis.

2431 2211 2589 2276 lbid.,
2611 2216 2703 2266 lin.
2733 2213 2823 2270 27.
2853 2215 3015 2284 Αὕτη
3037 2216 3130 2268 καὶ
3174 2215 3292 2268 τῶν
3315 2217 3530 2283 ἀερίων
3551 2216 3804 2267 ὑδάτων.
3835 2214 3933 2267 Ba-

2356 2305 2531 2368 silius,
2580 2305 2724 2360 ltom.
2753 2309 2788 2359 ι
2831 2324 2844 2359 :
2877 2307 3031 2376 Καλὴ
3067 2306 3160 2359 καὶ
3187 2305 3320 2358 διότι
3351 2309 3463 2367 τοῖς
3499 2308 3712 2377 ἀερίοις
3739 2307 3925 2359 ὕδασιν

2353 2398 2493 2466 ἀρχή
2533 2397 2617 2457 τίς
2655 2400 2766 2449 ὲστι
2809 2399 2901 2449 καὶ
2939 2400 3107 2467 πηγὴ,
3148 2396 3455 2469 Θαλπομὲνη
3507 2399 3607 2467 μὲν
3648 2403 3716 2469 τῇ
3750 2400 3927 2449 ἀκτῖνι

2355 2487 2450 2537 τοῦ
2483 2485 2654 2554 ἡλίου,
2683 2486 3044 2556 ἀποτιθεμένη
3070 2488 3124 2539 δὲ
3160 2488 3218 2539 τὸ
3265 2487 3456 2539 λεπτὸν
3487 2489 3582 2539 τοῦ
3614 2488 3806 2552 ὓδατος
3841 2489 3927 2541 διὰ

2350 2577 2455 2628 τῶν
2474 2577 2680 2647 ἀτμῶν,
2698 2579 2832 2649 ὅπερ
2845 2578 3098 2631 ἐλκυσθὲν
3113 2581 3188 2640 εἰς
3203 2578 3291 2630 τὸν
3308 2580 3612 2640 ἇνωτὸπον,
3633 2576 3750 2632 εἶτα
3768 2597 3931 2632 κατα-

2349 2667 2552 2739 ψυχθὲν
2580 2670 2665 2721 διὰ
2699 2671 2758 2722 τὸ
2783 2670 3110 2740 ὑψηλότερον
3135 2665 3384 2736 γενέσθαι
3409 2671 3508 2739 τῆς
3541 2671 3651 2723 ἀπὸ
3673 2671 3766 2724 τοῦ
3804 2672 3928 2722 ἐδά-

2352 2772 2482 2828 φους
2507 2761 2852 2824 ἀνακλάσεως
2885 2761 2991 2813 τῶν
3023 2761 3277 2823 ἀκτίνων,
3313 2761 3404 2813 καὶ
3445 2762 3582 2830 ὁμοῦ
3619 2763 3720 2830 τῆς
3743 2764 3808 2814 ἐκ
3832 2763 3926 2814 τοῦ

2352 2851 2542 2918 νέφους
2583 2855 2738 2912 σκιᾶς
2769 2853 2867 2919 τὴν
2913 2851 3069 2918 ψύξιν
3103 2852 3473 2917 ἐπιτεινούσης
3514 2849 3669 2912 ὑετὸς
3695 2852 3926 2917 γίνεται,

2353 2944 2442 2993 καὶ
2467 2944 2664 2994 πιαίνει
2697 2943 2792 3012 τὴν
2827 2944 2946 3011 γῆν.
2971 2941 3262 3010 Gregorius
3290 2941 3519 3010 Cyprius
3548 2942 3602 2993 in
3629 2941 3802 2994 Maris
3837 2961 3930 2996 en-

2351 3036 2557 3087 comio:
2589 3035 2820 3105 Ὀμὸροι
2853 3035 2907 3086 δὲ
2934 3034 3066 3104 πρὸς
3101 3037 3211 3096 τοῖς
3238 3035 3567 3104 εἰρημένοις,
3597 3036 3693 3086 καὶ
3720 3037 3925 3104 δρόσοι,

2351 3126 2444 3177 καὶ
2465 3125 2691 3193 νιφετοὶ,
2722 3125 2939 3193 νεφέλαι
2971 3142 3029 3177 τε
3064 3120 3129 3176 αὖ
3167 3126 3225 3176 αἱ
3252 3126 3473 3187 τούτους
3507 3127 3794 3192 γεννῶσαι,
3829 3131 3928 3181 καὶ

2353 3217 2450 3270 ὅσα
2466 3216 2678 3286 πρῶτον
2710 3217 2789 3279 εἰς
2809 3216 2898 3268 τὸν
2932 3217 3041 3269 ἄνω
3062 3216 3420 3285 συνιστάμενα
3445 3217 3630 3280 τόπον,
3662 3216 3762 3270 εἴτ’
3785 3222 3930 3271 ἐκεῖ·

2353 3307 2440 3357 θεν
2469 3309 2546 3368 εις
2571 3309 2672 3377 γῆν
2697 3307 2954 3360 κάτεισιν.
2991 3306 3274 3370 Quomodo
3309 3315 3491 3360 autem
3519 3309 3574 3360 in
3617 3324 3745 3364 aere
3767 3325 3928 3380 aquae

2352 3405 2679 3464 generentur
2700 3413 2760 3451 ex
2772 3396 3089 3452 nlicavimus
3117 3395 3388 3463 superius.

2424 3552 2582 3618 lbid.,
2606 3553 2700 3605 lin.
2735 3553 2824 3606 55.
2859 3552 2963 3604 Kal
2991 3552 3076 3604 ἔτι
3105 3552 3200 3605 καὶ
3229 3553 3361 3606 νῦν.
3383 3550 3639 3613 Basilius,
3668 3566 3818 3605 nom.
3851 3553 3922 3606 5:

2361 3644 2422 3694 Ἥ
2451 3642 2565 3711 γὰρ
2581 3641 2700 3694 τότε
2735 3640 2906 3709 φωνὴ,
2939 3641 3032 3692 καὶ
3058 3640 3118 3691 τὸ
3148 3639 3358 3709 πρῶτον
3385 3640 3558 3690 ὲκείνο
3592 3640 3925 3710 πρόσταγμα

2347 3729 2454 3786 οἷον
2483 3735 2644 3801 νόμος
2693 3749 2775 3794 τις
2811 3734 3026 3799 ἐγένετο
3073 3731 3305 3798 φύσεως,
3356 3731 3446 3781 καὶ
3479 3731 3806 3799 ὲναπέμεινε
3853 3737 3919 3802 τῇ

2347 3829 2437 3893 γῇ,
2470 3823 2564 3893 τὴν
2584 3824 2675 3875 τοῦ
2707 3825 2899 3892 γεννᾷν
2921 3824 3055 3891 αὐτῇ
3085 3822 3176 3873 καὶ
3193 3824 3554 3891 καρποφορεῖν
3579 3821 3809 3893 δύναμιν
3843 3829 3927 3889 εἰς

2343 3915 2404 3966 τὸ
2436 3915 2560 3984 ἑξῆς
2590 3919 2976 3985 παρεχόμενος,
3010 3913 3073 3964 Et
3117 3911 3380 3966 inferius:
3411 3913 3524 3964 Ἵνα
3570 3913 3790 3984 πρῶτον
3828 3919 3925 3970 ὲκ-

2345 4007 2452 4055 εῖνο
2487 4005 2812 4078 πρόσταγμα
2844 4001 3208 4055 διδασκαλεῖον
3239 4005 3300 4072 τῇ
3335 4002 3489 4071 φύσει
3523 4005 3745 4075 γένηται
3781 4009 3924 4078 πρὸς

2343 4096 2440 4164 τὴν
2473 4095 2599 4163 ὲξῆς
2631 4094 2965 4147 ἀκολουθίαν.
2999 4093 3062 4146 Ει
3095 4095 3240 4147 hom.
3273 4096 3304 4148 9
3328 4115 3339 4147 :
3360 4095 3566 4164 Νόησον
3594 4097 3751 4166 ῥῆμα
3776 4099 3918 4151 Θεοῦ

2341 4188 2427 4238 διὰ
2463 4188 2563 4255 τῆς
2590 4187 2815 4248 κτίσεως
2847 4187 3056 4256 τρέχον,
3081 4187 3176 4238 καὶ
3193 4185 3312 4237 τότε
3348 4187 3664 4258 ἀρξάμενον,
3705 4187 3806 4240 κά).
3830 4190 3922 4258 μέ·

2342 4295 2431 4347 χρι
2459 4277 2554 4330 νῦν
2585 4276 2862 4347 ἐνεργοῦν,
2889 4277 2980 4328 καὶ
3015 4278 3094 4337 εἰς
3113 4275 3261 4339 τέλος
3292 4276 3483 4342 διεξιὸν
3521 4279 3621 4340 ἕως
3659 4277 3731 4329 ἂν
3764 4282 3795 4332 ὁ
3830 4281 3918 4332 κό-

2344 4385 2477 4436 σμος
2507 4367 2904 4436 συμπληρωθῇ.
2933 4364 3066 4420 Vide
3105 4368 3320 4434 locum;
3353 4377 3436 4422 est
3466 4371 3608 4422 enim
3639 4374 3913 4437 optimus.

679 4464 866 4516 homil.
888 4464 941 4546 ρ,
963 4473 1148 4517 noster
1167 4462 1480 4516 Eustathius
1505 4465 1556 4514 in
1582 4463 1682 4516 hoc
1707 4466 1845 4529 loco,
1883 4465 2240 4536 Hieronymus
2274 4485 2316 4537 ι)
2345 4457 2602 4512 Leontius
2633 4458 2878 4510 Arabissi
2909 4458 3198 4527 episcopus
3248 4474 3494 4529 sermone
3525 4459 3590 4512 de
3623 4461 3915 4517 creatione

683 4554 747 4606 ad
775 4553 1009 4621 primum
1054 4560 1216 4620 caput
1261 4550 1623 4613 Ecclesiasten,
1659 4554 1920 4620 Isidorus,
1959 4557 1994 4608 l.
2025 4572 2084 4609 ιιι
2120 4557 2239 4611 0νί-

681 4647 876 4713 ginum,
905 4643 1038 4698 c.90
1059 4663 1072 4708 ;
1097 4643 1510 4697 Damascenusn
1561 4643 1634 4695 De
1663 4644 1754 4711 ﬁd.
1788 4645 2014 4710 orlhod.,
2041 4657 2156 4714 cap.
2176 4647 2238 4713 9',

683 4734 972 4802 Gregorius
1004 4735 1234 4803 Cyprius
1270 4733 1324 4785 in
1357 4730 1526 4785 Maris
1571 4735 1826 4797 encomio,
1883 4745 1934 4789 et
1985 4752 2050 4789 ex
2085 4737 2236 4801 aliis;

682 4825 834 4878 Plato
864 4826 916 4877 in
954 4823 1258 4886 Phazdnne;
1313 4824 1519 4877 Plinius
1556 4826 1648 4878 lib.
1688 4841 1748 4885 ll,
1787 4841 1905 4893 cap.
1943 4827 2050 4892 65;
2087 4826 2240 4880 Philo

680 4914 898 4966 Iudaeus
931 4913 1005 4964 De
1035 4913 1214 4965 mundi
1243 4915 1471 4981 opiﬁcio.
1506 4914 1729 4966 Variant
1767 4921 1947 4968 tamen
1983 4917 2034 4967 in
2066 4916 2238 4984 expli-

682 5007 897 5058 catione
954 5005 1118 5070 illius,
1162 5003 1435 5072 quomodo
1487 5004 1739 5058 videlicet
1791 5015 1981 5074 saepte
2023 5007 2238 5076 ingenio

682 5098 861 5163 gravis
894 5097 1065 5164 possit
1093 5110 1122 5149 e
1165 5096 1300 5148 mari
1346 5096 1642 5148 ascendere
1671 5095 1724 5148 in
1757 5095 2052 5150 altissimos
2085 5111 2238 5149 mon-

684 5195 784 5245 tes,
817 5199 846 5235 e
891 5185 1090 5252 quibus
1118 5185 1353 5252 erumpit
1392 5183 1445 5236 in
1500 5190 1650 5235 tanta
1689 5185 1862 5253 copia.
1919 5183 2236 5239 Eustathius

682 5292 877 5346 quam
909 5278 1073 5329 maris
1103 5277 1316 5343 spiritu,
1346 5275 1542 5328 ﬂatuve
1575 5274 1800 5329 interius
1832 5285 2082 5330 movente
2115 5291 2241 5329 sur-

681 5383 800 5422 sum
831 5366 897 5418 ad
921 5367 1281 5435 scaturigines
1316 5367 1538 5437 impelli.
1564 5364 1656 5420 His
1691 5367 1958 5420 consentit
1980 5367 2235 5430 Basilius,

681 5458 908 5520 Plinius,
968 5455 1142 5509 Plato.
1189 5454 1244 5508 S.
1271 5455 1543 5520 Thomas,
1592 5469 1629 5507 ιι
1699 5454 1934 5510 Sentent.
1981 5457 2109 5509 dist.
2145 5455 2232 5517 16,

681 5559 870 5616 quaest.
911 5549 959 5609 1,
993 5550 1086 5622 ait,
1146 5547 1422 5600 fontanam
1468 5556 1523 5600 et
1571 5545 1881 5600 ﬂuviatilem
1919 5561 2115 5614 aquam
2149 5554 2233 5598 at-

681 5640 821 5691 trahi
871 5655 1088 5692 sursum
1141 5639 1192 5691 vi
1245 5639 1549 5691 coelestium
1603 5651 1892 5707 corporum
1926 5637 2232 5691 communis

679 5730 807 5785 boni
837 5729 1026 5800 gratia.
1050 5725 1153 5783 Nec
1187 5736 1389 5783 motum
1416 5727 1559 5784 hunc
1590 5741 1740 5798 aqum
1769 5743 1886 5786 esse
1909 5727 2226 5795 violentum,

2344 4557 2396 4602 et
2427 4547 2636 4600 Lazaro
2662 4547 2924 4608 redivivo,
2951 4563 3058 4602 non
3093 4550 3366 4619 incompta
3401 4549 3758 4604 similitudine
3788 4569 3913 4607 ver-

2342 4639 2468 4692 bum
2506 4639 2638 4691 illud
2671 4638 2935 4700 divinum,
2959 4640 3054 4703 ait,
3088 4641 3208 4696 loco
3255 4640 3477 4694 seminis
3512 4641 3563 4692 in
3597 4640 3767 4695 rebus
3816 4660 3912 4714 ge-

2341 4729 2598 4783 nerandis
2634 4729 2820 4792 fuisse,
2847 4745 3078 4800 eamque
3101 4731 3155 4784 in
3182 4732 3347 4785 rebus
3375 4731 3482 4784 illis
3509 4731 3610 4782 vim
3640 4731 3914 4789 habuisse

2342 4833 2502 4887 quam
2534 4827 2587 4871 et
2617 4833 2842 4885 semen;
2891 4829 2944 4873 et
2999 4821 3176 4874 adhuc
3215 4817 3282 4872 ad
3329 4821 3733 4888 conceptionem
3771 4839 3912 4876 ron—

2342 4917 2580 4962 currere.
2622 4907 2685 4959 Τί
2740 4909 2917 4976 λέγεις
2967 4910 3242 4979 αἱρετικές
3302 4901 3527 4975 Βλέπεις
3567 4912 3682 4964 ἀντὶ
3725 4931 3911 4968 κατα-

2342 4998 2500 5069 ϐολῆς
2524 5000 2830 5070 σπέρματος
2859 4998 2920 5052 τὸ
2939 4997 3050 5075 τοῦελ
3062 5000 3219 5068 λόγου
3248 5002 3522 5070 γινόμενον
3554 5004 3908 5075 πρόσταγμα.

2339 5065 2588 5152 Καὶν-ιὼς
2616 5065 2908 5160 ἀμφίϐολον
2927 5065 3103 5158 λέγεις
3123 5065 3223 5159 ⁸τῆς
3249 5065 3573 5164 παρθενικῆς
3593 5065 3910 5165 νεννή

2337 5181 2396 5232 τὸ
2426 5183 2715 5251 μυστήριον
2740 5181 2839 5244 ;"A
2863 5181 2972 5252 γὰρ
3003 5169 3097 5254 νῦν
3131 5182 3438 5252 σπέρματος
3464 5186 3586 5238 ἄνευ
3617 5186 3676 5236 οὐ
3711 5187 3908 5240 τίκτε-

2337 5288 2443 5335 ται,
2473 5269 2679 5336 τούτοις
2716 5277 2748 5343 ἡ
2792 5274 2943 5342 φωνὴ
2975 5272 3095 5324 τότε
3135 5273 3417 5344 συνέτρεχε
3465 5275 3554 5327 τοῦ
3602 5276 3908 5342 καλοῦντος

2338 5363 2472 5430 πρὸς
2493 5363 2762 5432 γέννησιν,
2793 5365 2887 5417 καὶ
2916 5363 3224 5434 συλλήψεως
3255 5366 3471 5437 τρόπον,
3527 5368 3554 5418 ὁ
3585 5367 3677 5435 τῆς
3705 5369 3907 5422 x5156-

2338 5467 2470 5515 σεως
2506 5455 2756 5523 ἐμιμεῖτο
2779 5455 2961 5524 νόμος,
2995 5455 3086 5506 καὶ
3113 5454 3199 5508 διὰ
3235 5458 3362 5527 μιᾶς
3393 5458 3572 5527 φωνῆς
3598 5459 3905 5527 ὲσαρκοῦτο

2333 5543 2400 5595 τά
2430 5545 2626 5598 πάντα.
2684 5545 2792 5598 Καὶ
2837 5547 2866 5596 ὁ
2913 5545 3033 5598 τότε
3081 5547 3369 5618 σαρκὼσας
3412 5547 3508 5618 τὴν
3540 5549 3736 5608 κτίσιν,
3806 5551 3903 5602 καὶ

2337 5631 2531 5705 σπόρον
2563 5635 2814 5705 ἀσπόρως
2847 5638 3155 5708 χορηγήσας
3183 5641 3296 5701 τοῖς
3341 5641 3523 5700 πᾶσιν,
3579 5638 3737 5698 αὐτὸς
3791 5640 3902 5691 ἀπὸ

2334 5727 2556 5798 λογικῆς
2588 5725 2886 5796 σαρκωθεὶς
2920 5728 3021 5798 γῆς
3069 5729 3332 5798 προῨλΘεν
3380 5730 3630 5798 ἀσπόρως
3669 5727 3768 5795 τὴν
3812 5728 3902 5782 διὰ
