4042 6338
714 391 817 448 ω

2045 385 2287 443 [£0le
2327 386 2600 442 ALLATII
3839 387 3924 443 84‘

714 510 1006 566 vindictam
1032 509 1226 564 herbas
1250 508 1440 561 noxias
1463 518 1585 579 post
1609 510 1736 564 Adae
1768 509 2263 580 pravaricationem

2369 508 2586 579 λὲὁορον
2611 512 2718 570 τοῖς
2745 508 3049 579 ἀνθρώποις
3069 507 3391 580 δηλητήριον
3417 505 3566 565 εντα.
3597 505 3780 576 ψᾶρες
3803 505 3854 560 ἃ
3876 510 3922 559 ab

713 600 890 656 solum
924 596 1092 652 luisse
1136 593 1442 657 productas.
1481 594 1620 651 Vera
1655 604 1834 650 tamen
1866 602 1948 650 est
2003 593 2270 648 sententia

715 690 981 745 Eustathii
1009 697 1061 743 et
1091 688 1319 741 aliorum
1338 688 1433 756 qui
1466 688 1660 744 herbas
1683 689 1780 742 has
1811 686 1996 740 noxias
2021 698 2126 738 una
2147 697 2269 737 cum

719 782 838 836 aliis
872 779 1054 834 barbis
1077 787 1360 846 generatas
1390 778 1682 854 existimat.
1724 776 1892 831 Noxia
1929 775 2074 829 enim
2099 782 2152 828 et
2183 789 2260 828 ve-

721 884 921 925 nenosa
957 869 1118 922 rebus
1148 868 1270 921 aliis
1297 870 1580 922 commista
1607 868 1845 921 humano
1861 865 2042 936 generi
2072 865 2124 918 in
2147 878 2270 917 cor-

720 959 867 1030 poris
897 957 1311 1027 agritudinihus
1359 957 1620 1012 sanandis
1669 957 1794 1010 usui
1825 966 1969 1012 sunt.
2012 953 2118 1008 Nec
2164 969 2270 1006 nou

718 1049 1043 1104 animalibus
1072 1048 1418 1117 quibusdam,
1471 1061 1660 1099 eorum
1711 1047 1959 1116 corporis
2006 1045 2271 1098 constitu-

719 1141 864 1194 tione
909 1140 981 1192 ita
1029 1147 1307 1208 poscente.
1361 1151 1460 1207 pro
1511 1138 1771 1192 alimento
1827 1138 2173 1201 deserviunt,
2216 1143 2272 1188 ut

718 1231 977 1300 exemplis
1012 1227 1237 1282 inferius
1268 1227 1491 1296 patebit.
1523 1226 1827 1289 Lucretius.
1865 1228 1960 1281 lib.
1990 1244 2019 1280 v
2054 1245 2069 1280 :

822 1403 1083 1458 Praeterea
1118 1403 1263 1455 nobis
1291 1413 1551 1456 eeratrum
1578 1412 1654 1456 est
1685 1419 1804 1454 acre
1839 1419 2106 1465 renenum,

822 1476 889 1553 ἀι
917 1473 1367 1553 ἐαριίρμόίρςι,
1396 1482 1449 1552 ει⁵
1481 1472 1837 1524 coturnicibus
1878 1483 2055 1552 auget.

823 1542 1023 1610 Quippe
1050 1543 1218 1594 uidere
1253 1545 1368 1594 licet
1398 1544 1727 1610 pinguescere
1763 1556 1897 1606 sirpe
1917 1543 2091 1593 cicuta

818 1612 1131 1680 Barbigeras
1149 1611 1388 1679 pecudes,
1419 1612 1615 1663 homini
1637 1626 1751 1678 qua
1763 1623 1838 1662 est
1867 1626 1987 1664 acre
2005 1627 2266 1663 uenenum.

718 1787 858 1842 Idem
907 1786 1144 1842 sentiunt
1197 1787 1568 1843 Theodoretus
1609 1797 1662 1843 et
1693 1789 2048 1853 Ambrosius;
2080 1798 2132 1843 et
2167 1789 2271 1841 Au-

719 1880 906 1932 sonius
937 1878 1010 1931 ait
1040 1897 1054 1932 :

789 2056 984 2110 Toxica
1012 2057 1245 2124 zelotypo
1267 2055 1409 2108 dedit
1441 2071 1574 2109 uxor
1598 2057 1793 2108 ma'clia
1817 2074 2024 2119 veneno,

859 2125 968 2179 Nec
997 2128 1123 2178 satis
1160 2125 1225 2176 ad
1254 2137 1466 2177 mortem
1510 2127 1725 2178 credidit
1753 2143 1862 2179 esse
1880 2128 2085 2180 datum.

792 2195 1006 2249 Miscuit
1031 2199 1231 2263 argenti
1253 2195 1468 2246 letlialia
1489 2195 1720 2260 pondera
1751 2197 1870 2260 viri,

855 2265 1070 2334 Cogerct
1091 2275 1145 2316 ut
1168 2265 1379 2316 celerem
1400 2265 1472 2334 eis
1491 2267 1752 2332 geminata
1785 2282 1974 2318 necem.

790 2332 1002 2388 Dtvidat
1028 2336 1135 2386 lucc
1159 2335 1352 2401 siquis,
1383 2332 1827 2400 faciuntdiscreta
1862 2351 2127 2398 venenum,

859 2404 1162 2455 Antidotum
1187 2413 1384 2454 sument
1417 2419 1532 2468 qua:
1562 2405 1758 2455 sociata
1785 2405 1942 2458 bibet.

717 2555 806 2608 Sic
835 2562 886 2608 et
917 2554 1268 2608 animantium
1302 2570 1498 2624 genera
1521 2555 1746 2624 pulchra
1767 2564 1915 2620 sunt,
1945 2565 2000 2609 et
2031 2556 2266 2608 homini—

717 2649 817 2702 bus
849 2663 953 2701 non
989 2647 1169 2700 minus
1215 2648 1364 2699 utilia
1405 2662 1565 2716 quam
1607 2649 1915 2702 necessaria
1956 2667 1967 2699 :
2007 2649 2266 2700 nonnulla

715 2745 893 2792 tamen
925 2738 1227 2807 perniciosa
1253 2747 1380 2791 sunt
1409 2748 1462 2792 et
1499 2740 1714 2792 nociva.
1743 2737 1952 2793 Plinius
1986 2737 2266 2792 Naturalis

718 2826 862 2882 Ilist.
906 2829 998 2881 lib.
1032 2844 1091 2889 ιι,
1129 2843 1244 2898 cap.
1281 2829 1368 2890 (i3,
1406 2830 1566 2881 aliam
1604 2830 1764 2896 hujus
1806 2830 1881 2882 rei
1923 2845 2142 2882 causam
2181 2845 2269 2882 as-

715 2916 934 2985 signat:
969 2916 1106 2982 Quin
1159 2925 1206 2970 et
1253 2933 1444 2969 uenena
1478 2926 1669 2968 terram
1700 2921 1863 2970 nostri
1902 2919 2166 2970 misertant
2189 2920 2269 2970 iu-

714 3008 946 3059 stituisse
981 3006 1120 3058 credi
1162 3016 1359 3072 potest,
1409 3021 1468 3058 ne
1512 3007 1565 3057 in
1612 3006 1769 3058 ta'dio
1796 3007 1926 3059 dira'
1951 3008 2071 3060 rita:
2110 3005 2268 3073 famis

714 3115 876 3163 mors,
908 3108 1060 3150 terra:
1087 3099 1283 3150 meritis
1311 3098 1654 3159 alienissima,
1689 3099 1826 3150 lenta
1859 3115 1952 3151 nos
1996 3115 2268 3150 consume-

714 3197 790 3241 ret
819 3188 955 3249 tabe,
989 3204 1050 3239 ne
1081 3189 1309 3239 lacerum
1336 3202 1522 3252 corpus
1547 3187 1770 3252 abrupta
1803 3189 2177 3255 dispergerent,
2207 3203 2268 3239 ne
2297 3169 2337 3223 (ἶ

713 3279 884 3346 laquei
939 3287 1194 3346 torqueret
1244 3294 1394 3345 pwna
1442 3288 1784 3345 pra‘postera,
1837 3279 2042 3330 inclusa
2082 3279 2270 3344 spiritu

709 3374 795 3425 cui
817 3382 1134 3439 quareretur
1155 3371 1324 3423 exitus
1354 3387 1370 3421 :
1395 3386 1455 3423 ne
1497 3371 1548 3421 in
1565 3371 1824 3436 profundo
1845 3373 2066 3438 quwsita
2087 3381 2269 3435 morte,

711 3463 980 3530 sepultura
1007 3460 1198 3528 pabulo
1229 3461 1396 3527 ﬁeret,
1442 3476 1503 3512 ne
1550 3461 1678 3526 ferri
1717 3465 1983 3512 cruciatus
2015 3460 2270 3513 scinderet

709 3571 920 3623 corpus.
959 3551 1046 3606 Ita
1077 3562 1152 3605 est
1196 3553 1433 3612 miserta.
1495 3554 1670 3620 genuit
1711 3553 1762 3603 id
1797 3553 1946 3616 cuius
2004 3553 2266 3619 facillime

709 3645 922 3708 haustu,
954 3643 1158 3695 illibata
1193 3659 1425 3709 corpore,
1452 3652 1499 3695 et
1527 3659 1642 3694 cum
1680 3652 1787 3695 toto
1819 3645 2071 3710 sanguine
2097 3644 2268 3696 extin-

708 3749 1001 3803 gueremur,
1031 3733 1176 3784 nullo
1212 3733 1407 3796 labore,
1435 3733 1732 3785 sitientibus
1765 3733 1961 3786 similes
1997 3749 2012 3785 :
2043 3735 2269 3800 qualiter

708 3823 980 3890 defunctos
1011 3839 1111 3874 non
1133 3822 1380 3885 volucris,
1411 3838 1511 3873 non
1534 3822 1647 3888 fera
1688 3822 1987 3890 attingeret,
2019 3832 2268 3890 terraique

708 3923 1018 3974 servaretur,
1033 3913 1120 3981 qui
1135 3912 1232 3964 sibi
1254 3913 1348 3979 ipsi
1365 3912 1630 3979 periisset;
1648 3922 1716 3975 et,
1732 3923 1784 3963 ut
1800 3929 1970 3964 verum
1987 3913 2264 3980 fateamur,

710 4015 850 4059 terra
903 4007 1050 4058 nobis
1103 4006 1364 4058 malorum
1423 4005 1705 4057 remedium
1751 4012 1950 4074 genuit,
1996 4021 2087 4058 nos
2132 4004 2266 4058 illud

709 4098 826 4149 vita:
883 4098 1106 4165 facimus
1164 4113 1431 4150 venenum.
1481 4095 1588 4150 Sed
1639 4095 1770 4165 quid
1835 4096 2040 4149 diceret
2103 4096 2266 4149 homo

704 4187 980 4246 ethnicus,
1017 4186 1163 4238 omni
1207 4185 1391 4239 divino
1436 4185 1640 4240 lumine
1681 4187 1995 4247 destitutus,
2049 4201 2264 4255 praeque

709 4277 893 4329 mundi
955 4276 1116 4343 hujus
1182 4277 1404 4330 caducis
1460 4276 1758 4340 blanditiis,
1815 4277 1946 4329 nihil
1984 4279 2263 4334 aestimans

703 4374 984 4429 aeternum,
1007 4367 1208 4418 nullam
1235 4377 1557 4435 exspectans
1592 4367 1902 4422 felicitatem
1927 4368 1950 4418 ?

2376 599 2614 653 κώνειον.
2642 599 2965 654 (ἰοιιιηιὶοα
3003 600 3129 652 item
3168 599 3398 653 venenis
3430 597 3804 666 pinguescere
3833 606 3919 650 trs-

2375 687 2454 742 dit
2478 685 2687 741 Plinius
2714 687 2809 740 lib.
2843 703 2898 748 ι,
2942 701 3067 756 cap.
3103 685 3199 752 25,
3231 686 3610 741 Cotumicibus
3658 687 3918 739 reuerti-e-

2375 799 2488 835 men
2511 784 2844 852 gratissimus
2865 783 3011 835 cibus
3033 799 3049 834 :
3075 799 3227 852 quam
3256 783 3318 836 ob
3345 799 3564 836 causam
3601 799 3694 834 eas
3715 781 3917 834 dumo

2374 891 2484 927 uere
2532 891 2743 936 mensa,
2781 875 3032 942 simulque
3074 877 3391 928 comitialem
3441 884 3660 942 propter
3696 874 3913 926 morbus

2371 967 2553 1032 despui
2586 975 2810 1028 suetum,
2844 981 2994 1032 quem
3024 966 3152 1018 sola:
3173 965 3491 1018 animalium
3521 964 3918 1026 sentiunt.prc-

2375 1067 2450 1109 ter
2473 1057 2751 1109 hominem.
2801 1054 2858 1107 lu
2889 1056 2974 1110 his
3008 1055 3166 1110 Plinii
3192 1057 3372 1111 verbis
3403 1057 3585 1109 obiter
3617 1053 3672 1107 id
3693 1054 3917 1106 animad-

2374 1145 2686 1198 vertendum
2730 1143 2796 1196 de
2844 1144 3106 1196 comitiali
3157 1145 3320 1197 verbo
3370 1158 3480 1196 non
3511 1142 3775 1196 omnibus
3815 1156 3918 1195 esse

2373 1249 2535 1288 unam
2573 1232 2924 1286 sententiam.
2958 1232 3277 1288 Aristoteles
3317 1233 3372 1286 in
3418 1231 3687 1285 Problem.
3722 1230 3921 1293 unus

2373 1333 2492 1380 νους
2545 1314 2860 1385 ἀνθρώπους
2899 1319 2956 1367 ὲν
2989 1316 3066 1387 τῷ
3085 1317 3190 1368 τῶν
3229 1315 3388 1380 ζώων
3412 1317 3558 1384 γένει
3601 1316 3918 1384 {adﬁxum

2373 1407 2636 1474 γίνεσθαι.
2671 1406 2998 1460 Plutarchus
3025 1405 3174 1460 addit
3220 1395 3744 1475 capramdacobus
3786 1404 3921 1458 Dele-

2373 1499 2639 1568 campius,
2700 1506 2754 1553 et
2810 1511 2997 1560 canes,
3048 1505 3101 1550 et
3143 1495 3274 1550 feles
3307 1507 3361 1550 et
3397 1498 3600 1550 arietes
3647 1511 3712 1552 eo
3741 1495 3921 1548 morbo

2373 1591 2672 1658 periissese
2703 1587 2902 1642 vidisse
2933 1595 3202 1650 testatur;
3237 1601 3433 1655 capras
3462 1597 3516 1640 et
3547 1601 3682 1640 oves
3706 1601 3925 1641 comoe-

2375 1681 2442 1733 bo
2477 1681 2659 1734 vexari
2689 1680 2853 1733 tradit
2900 1677 3255 1747 Hippocrates
3310 1677 3406 1730 lib.
3452 1679 3595 1744 Περὶ
3623 1678 3734 1743 τῆς
3771 1677 3922 1745 ἱερῆς

2371 1785 2579 1822 ιὀσου·
2609 1783 2778 1836 equos
2797 1767 3082 1837 Apsyrtus;
3105 1767 3412 1835 accipitres,
3435 1776 3490 1820 et
3519 1770 3780 1837 graculos
3807 1765 3920 1821 Bm

2303 1849 2345 1902 Β
2373 1861 2522 1915 dazus
2551 1859 2643 1913 lib.
2671 1875 2752 1921 ιιι,
2785 1873 2885 1927 cap
2908 1855 3010 1921 23;
3051 1858 3247 1912 Sestus
3280 1873 3408 1913 vero
3441 1857 3758 1928 Empiricus
3798 1857 3921 1928 Pyr-

2371 1949 2725 2018 rhonJIypot.
2759 1949 2851 2002 lib.
2883 1966 2920 2010 I,
2949 1964 3057 2002 non
3083 1948 3436 2012 helleborum,
3455 1949 3549 2003 sed
3567 1951 3813 2004 cicutam
3839 1965 3920 2002 co-

2370 2039 2611 2092 turnices
2630 2038 3027 2106 pinguelacere,
3043 2038 3199 2091 sicuti
3219 2038 3582 2109 hyoscyamus
3597 2054 3732 2092 sues
3747 2040 3921 2092 refert:

2371 2131 2444 2181 Τὸ
2467 2128 2594 2196 γοῦν
2619 2127 2836 2180 κώνειον
2871 2129 3070 2180 πιαίνει
3098 2127 3222 2188 τοὺς
3237 2127 3488 2194 ὄρτυγας,
3517 2131 3611 2180 καὶ
3644 2131 3673 2180 6
3700 2129 3923 2181 ὑοσκύα-

2373 2239 2469 2290 μος
2492 2221 2587 2281 τὰς
2603 2214 2684 2284 ὗς,
2704 2220 2757 2270 αἳ
2773 2219 2836 2288 δὴ
2854 2221 3098 2288 χαίρουσι
3121 2222 3211 2272 καὶ
3234 2219 3614 2289 σαλαμάνδρας
3633 2219 3924 2272 ὲσθίουσαι.

2443 2309 2599 2372 Ibid.,
2631 2309 2726 2362 lin.
2757 2309 2809 2362 9.
2847 2311 2945 2362 Διὰ
2981 2309 3047 2361 δὲ
3079 2309 3182 2362 τοῦ
3205 2309 3640 2377 μανδραγόρου.
3675 2307 3922 2366 Basilius,

2372 2401 2516 2455 hom.
2550 2401 2617 2454 5:
2648 2401 2765 2452 Ἔτι
2795 2400 2848 2452 δὲ
2884 2403 2975 2452 καὶ
3001 2401 3136 2453 αὑτά
3167 2401 3336 2452 ταῦτα
3369 2403 3425 2452 ἐν
3466 2399 3644 2470 καιρῷ
3677 2417 3808 2452 ποτε
3843 2402 3925 2450 ua".

2372 2492 2501 2558 ἡμῖν
2541 2491 2804 2560 χρήσιμα.
2835 2492 2930 2541 Διά
2970 2491 3068 2559 μὲν
3097 2491 3202 2561 γὰρ
3236 2490 3326 2542 τοῦ
3355 2489 3737 2559 μανδραγόρου
3771 2490 3924 2541 ὕπνον

2372 2581 2544 2650 ἰατροὶ
2599 2581 2994 2646 κατεπάγουσιν
3036 2597 3046 2608 ·
3089 2581 3226 2646 ὀπὲῳ
3256 2581 3311 2631 δὲ
3337 2580 3434 2641 τὰς
3477 2581 3721 2649 σφοδρὰς
3746 2581 3927 2641 ὀδὸνας

2367 2671 2474 2722 τῶν
2501 2671 2764 2740 σωμάτων
2791 2670 3267 2740 κατακοιμίζουσιν
3291 2687 3304 2700 ·
3331 2671 3429 2740 ήδη
3469 2670 3527 2722 δέ
3550 2688 3698 2733 τινες
3721 2671 3800 2739 τῷ
3833 2689 3930 2722 κω-

2369 2761 2493 2830 νείῳ
2522 2763 2613 2814 καὶ
2656 2763 2716 2813 τὸ
2761 2761 3028 2824 λυσσῶδες
3082 2762 3188 2812 τῶν
3231 2761 3460 2830 ὀρέξεων
3522 2762 3929 2831 κατεμαραναν,

2372 2853 2462 2904 καὶ
2500 2852 2576 2920 τῷ
2629 2852 2892 2922 ἐλλεϐόρῳ
2921 2852 3088 2904 πολλὰ
3119 2851 3228 2903 τῶν
3255 2852 3482 2920 χρονίων
3524 2852 3718 2904 παθῶν
3749 2852 3932 2922 ἐξεμό-

2371 2944 2618 3012 χλευσαν.
2653 2942 2869 2996 Plenam
2907 2943 3278 3011 mandragorae
3312 2943 3490 2996 berbte
3530 2943 3929 2997 consideratio-

2371 3049 2491 3088 nem
2520 3033 2685 3088 liabes
2719 3035 2858 3103 apud
2895 3033 3126 3087 Plinium
3161 3034 3254 3086 lib.
3286 3049 3409 3097 xxv,
3447 3049 3568 3102 cap.
3598 3034 3688 3095 15,
3724 3035 3777 3086 in
3811 3051 3928 3103 quo,

2372 3135 2424 3178 et
2457 3124 2574 3191 ejus
2603 3125 2656 3177 in
2690 3125 2977 3177 medicinis
3003 3138 3134 3178 usus
3166 3123 3487 3191 explicatur,
3514 3123 3643 3191 ejus
3674 3125 3808 3176 item
3831 3124 3928 3174 vim

2375 3214 2708 3268 somuilicain
2743 3217 2813 3266 ita
2835 3215 3067 3282 explicat
3093 3231 3104 3265 :
3137 3199 3290 3264 Folia
3322 3223 3706 3265 conservantur
3735 3215 3790 3264 in
3826 3231 3931 3264 niu-

2377 3307 2454 3354 ris
2484 3303 2764 3370 efﬁcacius,
2800 3304 2934 3355 alias
2969 3303 3251 3355 recentium
3285 3318 3469 3354 succus
3509 3303 3678 3368 pestis
3701 3314 3782 3354 est
3819 3319 3836 3354 :
3867 3306 3931 3354 sic

2372 3410 2569 3462 quoque
2596 3396 2769 3445 noxia:
2794 3396 2943 3445 vires.
2982 3391 3322 3446 Gravedinem
3354 3396 3514 3445 etiam
3541 3396 3933 3462 aﬂeruntolja-

2371 3497 2455 3538 ctu
2487 3503 2503 3537 .'
2529 3501 2827 3553 quanquam
2854 3486 2995 3537 mala
3017 3486 3068 3537 in
3095 3486 3354 3554 aliquibus
3394 3488 3548 3538 terris
3582 3489 3931 3546 mandantur.

2371 3577 2530 3629 nimio
2569 3585 2738 3627 tamen
2757 3575 2913 3627 odore
2943 3566 3300 3628 obmutescunt
3324 3577 3511 3644 ignari.
3556 3575 3700 3629 Potu
3731 3581 3934 3647 quidem

2370 3665 2597 3735 largiore
2633 3667 2791 3718 etiam
2820 3667 3134 3719 moriuntur.
3186 3665 3269 3718 l'is
3301 3666 3573 3734 somni/ica
3600 3683 3702 3734 pro
3742 3671 3933 3721 uiribus

2371 3757 2670 3811 bibentium.
2711 3755 2885 3809 Media
2914 3758 3056 3824 potio
3081 3757 3256 3826 cyathi
3284 3775 3458 3810 unius.
3487 3757 3707 3810 Ilibitur
3727 3771 3781 3812 et
3816 3777 3934 3813 cou-

2370 3855 2451 3898 tra
2483 3857 2760 3914 serpentes,
2793 3857 2840 3899 et
2871 3858 2989 3898 ante
3019 3848 3268 3900 sectiones
3310 3849 3711 3916 punitionesqne
3733 3867 3799 3902 ne
3821 3866 3930 3903 sen-

2371 3937 2589 3990 tiantur.
2623 3937 2700 3990 οι
2746 3937 2854 3989 hac
2888 3939 3019 3989 satis
3059 3946 3135 3989 est
3180 3936 3438 4004 aliquibus
3476 3953 3728 3990 somnum
3783 3940 3932 3992 odore

2365 4030 2634 4094 quwsisse.
2674 4026 2884 4078 Bibitur
2925 4036 2974 4080 et
3016 4042 3108 4093 pro
3151 4026 3409 4079 hellebore
3438 4027 3637 4079 duobus
3679 4030 3856 4082 obolis
3885 4032 3932 4081 in

2367 4119 2557 4174 mulso.
2597 4118 2657 4170 Et
2680 4116 3036 4187 The0plirast.
3074 4117 3216 4170 Hist.
3246 4120 3416 4185 plant.
3454 4121 3541 4173 lib.
3579 4137 3652 4184 ιι,
3689 4140 3820 4192 cap.
3848 4126 3928 4182 l0.

2367 4211 2631 4280 Καθάπερ
2667 4212 2758 4264 καὶ
2785 4212 2877 4264 τοῦ
2903 4211 3276 4282 μανδραγόρου
3305 4213 3367 4262 τὸ
3390 4213 3483 4266 μὲν
3506 4212 3711 4280 φύλλον
3744 4219 3929 4286 χρήσι-

2369 4318 2466 4370 μον
2512 4298 2647 4354 εἷναί
2692 4318 2818 4369 φασι
2862 4303 2997 4371 πρὸς
3045 4303 3112 4354 τὰ
3145 4303 3276 4373 ’ἑλκη
3313 4305 3430 4373 μετ’
3469 4303 3720 4370 ἀλφίτου,
3757 4308 3853 4375 τὴν
3878 4307 3930 4358 ἃ

2366 4394 2521 4464 ῥίζαν
2549 4395 2682 4463 πρὸς
2715 4395 3038 4463 ἐρυσίπελας
3071 4395 3351 4458 ξανθεῖσάν
3390 4413 3447 4448 τε
3472 4398 3561 4448 καὶ
3591 4397 3706 4460 ὄξει
3731 4400 3927 4452 6:90:2-

771 4480 888 4533 Col.
926 4478 1049 4542 716,
1083 4479 1180 4531 lin.
1231 4479 1283 4531 4.
1329 4479 1395 4531 Τὸ
1431 4478 1549 4547 μὲν
1587 4483 1694 4547 γὰρ
1719 4480 1983 4533 κώνειον.
2025 4482 2258 4537 Basilius

2367 4501 2484 4547 σαν,
2513 4485 2602 4536 καὶ
2637 4485 2772 4554 πρὸς
2797 4485 2863 4537 τὰ
2898 4486 3225 4556 ποδαγρικὰ,
3244 4489 3336 4539 καὶ
3358 4488 3491 4557 πρὸς
3513 4486 3680 4539 ὕπνον
3709 4492 3806 4543 καὶ
3827 4491 3928 4559 φίλ-

702 4570 848 4622 hom.
885 4569 949 4622 5:
977 4569 1050 4620 Τὸ
1080 4569 1174 4638 μὲν
1206 4569 1312 4639 γὰρ
1344 4569 1564 4622 κώνειον
1584 4572 1633 4622 οἱ
1663 4571 1834 4641 ψᾶρες
1859 4573 2142 4641 βόσκονται
2173 4575 2258 4626 διὰ

700 4661 796 4731 τὴν
819 4661 1158 4730 κατασκευὴν
1201 4659 1560 4728 τοῦσώματος
1587 4663 1680 4733 τὴν
1714 4666 1777 4716 ὲκ
1799 4663 1891 4714 τοῦ
1929 4664 2253 4736 δηλητηρίου

703 4747 904 4818 suam
950 4747 1445 4817 ἀποδιδράσκοντες.
1478 4752 1724 4813 Λεπτοὺς
1743 4752 1849 4823 γὰρ
1886 4753 2099 4822 ἔχοντες
2132 4757 2256 4816 τοὺς

699 4837 805 4888 ἀπὸ
834 4840 928 4906 τῆς
959 4836 1179 4904 καρδίας
1205 4837 1422 4907 πόρους,
1462 4839 1750 4907 φθάνουσιν
1787 4844 2020 4911 ἐκπέψαι
2050 4846 2108 4898 τὸ
2156 4863 2254 4897 κα-

699 4927 951 4991 ταποθὲν,
985 4931 1109 5001 πρὶν
1140 4929 1236 5000 τὴν
1267 4931 1357 4982 ἀπ’
1380 4932 1543 4984 αὑτοῦ
1575 4932 1734 5000 ψῦξιν
1756 4934 1861 4986 τῶν
1895 4937 2122 5006 καιρίων
2156 4954 2254 4989 κα-

698 5017 987 5085 θάψασθαι.
1023 5019 1330 5074 Alexander
1375 5022 1744 5090 Aphrodiseus
1780 5025 1872 5080 lib.
1906 5041 1943 5090 ι,
1985 5023 2250 5080 Problem.

698 5111 751 5163 in
784 5109 1116 5179 praefatione.
1147 5111 1328 5176 Quare
1362 5125 1579 5168 veratro
1622 5117 1949 5179 coturnices,
1989 5125 2042 5170 et
2078 5117 2253 5171 sturni

694 5201 872 5254 cicuta
908 5212 1215 5268 vescantur,
1245 5203 1385 5257 inter
1435 5206 1767 5274 quastiones
1820 5208 2249 5276 inexplicabiles.

694 5290 912 5360 Deoque
941 5292 1040 5347 soli
1079 5292 1343 5347 duntaxat
1383 5303 1641 5366 tanquam
1679 5312 1867 5352 eorum
1922 5299 2118 5353 artiﬁci
2167 5316 2254 5356 so-

695 5380 986 5434 lertissimo
1007 5383 1251 5450 cognitas
1281 5385 1477 5452 rejieit.

763 5469 923 5534 lbid.,
951 5473 1046 5525 lin.
1077 5472 1130 5528 8.
1172 5474 1281 5526 Τὸν
1311 5475 1378 5526 δὲ
1415 5477 1733 5545 ἐλλέϐορον
1757 5479 2051 5533 ἐσθίουσι.
2097 5481 2251 5536 Basi-

694 5560 800 5614 lius
820 5561 962 5616 hom.
991 5563 1023 5616 5
1045 5583 1056 5616 :
1097 5565 1408 5637 Ἐλλέὸορος
1431 5568 1486 5620 δὲ
1503 5570 1746 5637 ὀρτύγων
1765 5572 1880 5623 ἐστὶ
1905 5573 2097 5643 τροφὴ,
2128 5574 2253 5626 ίδιό-

691 5665 815 5720 τητι
843 5653 1089 5722 κράσεως
1111 5653 1207 5724 τὴν
1248 5655 1452 5727 βλάϐην
1479 5660 1914 5728 ἀποφευγόντων.
1952 5663 2254 5719 Alexander

691 5739 984 5809 Aplirodis.
1022 5743 1142 5797 loco
1165 5746 1341 5814 citat.,
1377 5750 1640 5819 Ὀρτυγές
1662 5769 1717 5805 τε
1750 5752 2017 5807 σιτοῦνται
2046 5757 2135 5810 τὸν
2165 5759 2251 5810 ἑλ-

2361 4593 2484 4647 ιιρα.
2522 4577 2732 4628 Διδόασι
2760 4576 2816 4628 δὲ
2856 4581 2912 4629 ὲν
2940 4580 3122 4648 οῐνῳῆ
3155 4583 3212 4631 ὲν
3244 4579 3376 4641 δξει.
3410 4579 3672 4647 Τὲμνουσι
3711 4583 3776 4634 δὲ
3811 4600 3927 4652 τροο

2365 4671 2582 4738 χίσκους
2633 4669 2816 4740 ὥςπερ
2865 4671 3493 4740 ραφανίδος,ὲνείραντες
3519 4670 3575 4721 δὲ
3614 4672 3672 4722 ἐν
3712 4674 3927 4740 γλεύκει

2364 4761 2670 4829 ἐκρέμασαν
2688 4761 2825 4829 ὑπὲρ
2845 4760 3069 4813 καπνοῦ.
3100 4760 3165 4814 Ει
3195 4760 3490 4831 Xenophon
3513 4762 3566 4812 in
3589 4760 3878 4830 Symposio
3908 4785 3918 4816 :

2365 4852 2405 4901 Τ
2409 4851 2451 4919 ᾧ
2483 4851 2589 4920 γὰρ
2617 4851 2727 4904 ὄντι
2751 4848 2891 4914 οἶνος
2919 4853 3092 4921 ἄρδων
3118 4851 3215 4914 τὰς
3242 4852 3419 4921 ψυχὰς
3475 4853 3568 4916 τὰς
3617 4854 3725 4923 μὲν
3754 4856 3924 4917 λύπας

2355 4942 2544 5012 ὥσπερ
2572 4945 2599 4994 ὁ
2632 4943 3008 5013 μανδραγόρας
3037 4944 3161 5005 τοὺς
3193 4942 3506 5014 ἀνθρώπους
3535 4946 3806 5016 κοιμίζει,
3833 4947 3922 5007 τὰς

2355 5033 2408 5085 δὲ
2443 5034 2852 5104 φιλοφροσύνας,
2876 5034 3064 5104 ὥσπερ
3091 5034 3267 5086 ἔλαιον
3293 5035 3462 5103 φλόγα
3478 5037 3708 5107 ἐγείρει.
3737 5038 3794 5092 In
3824 5055 3923 5107 quo

2360 5123 2736 5194 XenOplmntis
2773 5127 2890 5179 loco
2920 5127 3267 5194 interpretem
3299 5128 3681 5191 allucinatum,
3718 5139 3775 5185 et
3809 5129 3921 5182 Pie-

2361 5219 2500 5268 rium
2546 5215 2887 5279 Valerianus,
2919 5218 3012 5270 lib.
3067 5233 3218 5283 Lvm,
3249 5234 3298 5272 c.
3317 5218 3384 5272 de
3418 5218 3778 5286 Mandragora
3809 5235 3920 5274 ver-

2360 5311 2510 5360 sione
2551 5308 2714 5376 hujus
2741 5307 3052 5376 deeeptum,
3085 5309 3286 5377 optime
3333 5311 3616 5362 annotavit
3643 5311 3731 5364 vir
3763 5314 3818 5363 in
3842 5327 3920 5362 sa-

2361 5398 2468 5451 eris
2492 5399 2828 5466 explicandis
2859 5398 3157 5467 Scripturis
3177 5399 3379 5453 nemini
3400 5400 3679 5454 secundus
3698 5401 3918 5455 Michael

2358 5487 2643 5550 Gislerius,
2665 5503 2822 5557 quem
2847 5505 3061 5558 semper
3080 5491 3309 5543 maxime
3323 5490 3621 5544 admiratus
3641 5508 3764 5545 sum
3780 5495 3918 5561 ejus-

2358 5593 2462 5646 que
2507 5583 2670 5632 verba
2713 5581 2949 5632 maximo
2977 5595 3097 5632 meo
3143 5595 3244 5632 usu
3271 5588 3325 5633 et
3368 5584 3654 5636 commodo
3711 5598 3918 5653 semper

2359 5671 2569 5739 excepi,
2592 5679 2643 5723 et
2667 5671 2718 5723 in
2758 5670 2895 5723 hanc
2921 5670 3061 5723 diem
3081 5671 3316 5739 excipio,
3346 5687 3506 5740 quem
3534 5673 3728 5727 multis
3770 5678 3915 5727 annis

2357 5759 2614 5816 Ecclesia:
2643 5761 2923 5816 catholicae
2951 5761 3166 5814 utilitati
3191 5761 3457 5817 honorum
3493 5765 3744 5819 omnium
3790 5767 3916 5820 votis
