4042 6338
126 414 239 470 ΗΞ

1085 417 1148 470 IN
1186 413 1554 470 EUSTATHH
1596 409 2064 466 HEXA'EMERON
2099 408 2324 463 ΝΟΤᾹΣ.

3249 389 3353 460 διε

137 531 282 584 Dens
311 531 656 598 superstitem
686 541 738 582 et
771 533 1092 587 incolumem
1129 543 1438 594 censui-et,
1481 535 1532 585 in
1564 548 1690 585 eru-
1723 538 1761 589 A
1794 531 2044 598 superius
2092 529 2305 582 dixerat
2355 540 2517 577 anum
2557 524 2846 592 quamdam
2890 523 3122 575 Atticam
3167 524 3354 578 cicuta

135 622 441 684 ditissimis,
475 623 754 690 solidaque
777 623 1042 686 doctrina,
1082 627 1278 693 pietate
1308 639 1370 676 ac
1400 638 1525 676 vera
1563 623 1689 675 reli-

135 714 294 780 gione
329 712 543 764 refertis
577 712 982 768 Commentariis
1017 718 1070 769 in
1118 719 1275 770 Cant.
1328 717 1548 774 cantic.,
1601 729 1687 766 ca-

133 799 234 862 pit.
268 812 360 855 vn,
387 812 527 849 vers.
571 797 653 859 l3,
678 799 1014 866 expositione
1052 801 1244 867 prima.
1279 798 1351 851 De
1373 799 1472 852 hac
1503 799 1692 852 eadem

132 908 191 942 re
229 890 414 942 eadem
455 887 814 949 Diosvorides.
853 892 1083 961 indeque
1112 893 1314 944 factum
1348 892 1692 959 proverbium

133 981 377 1034 Luciatto
406 981 456 1032 in
491 980 721 1046 Timone,
747 985 879 1034 ὅπου
900 1001 961 1049 γε
997 983 1248 1054 καθάπερ
1267 985 1372 1035 ὑπὸ
1398 985 1694 1053 μανδραγό-

133 1088 230 1140 ρου
260 1069 556 1132 καθεύδεις,
581 1081 632 1123 ct
658 1070 1000 1125 Demostheni
1021 1073 1073 1124 in
1098 1088 1148 1124 tv
1183 1072 1491 1138 Philippica,
1527 1071 1695 1121 Ἀλλ’-

137 1163 252 1212 οὑδ⁸
308 1161 661 1229 ἀνεγερθῆναι
730 1163 1045 1232 δυνάμεθα,
1115 1162 1249 1214 ἀλλὰ
1323 1163 1695 1233 μανδραγόραν

131 1252 437 1313 πεπωκότι,
481 1251 533 1302 εἴ
561 1269 612 1303 τι
655 1254 941 1320 φάρμακον
970 1253 1097 1305 ἄλλο
1145 1253 1404 1315 τοιοῦτον,
1445 1254 1696 1322 ἐοίκαμεν

131 1342 459 1411 ἀνθρώποις.
519 1342 650 1397 Vide
683 1344 1019 1413 Rodiginum,
1056 1345 1179 1397 libr.
1222 1361 1353 1408 xvn,
1401 1347 1562 1413 capit.
1603 1347 1692 1399 2L

132 1429 442 1486 Notandum
465 1435 607 1501 quod
643 1433 1052 1503 Theophrastus
1075 1437 1149 1487 ait
1178 1437 1592 1503 mandragoram
1630 1437 1694 1489 ad

133 1537 374 1584 amores,
405 1532 459 1577 et
489 1525 685 1591 philtra
715 1525 1042 1588 conducere,
1076 1536 1129 1579 et
1160 1536 1354 1594 praeter
1383 1526 1698 1596 TheOpln-a-

134 1621 280 1665 stum
307 1614 445 1667 idem
474 1623 706 1669 testatur
737 1615 1099 1680 Dioscorides,
1123 1616 1454 1685 Epiphanius
1481 1618 1532 1669 in
1555 1617 1700 1686 Phy-

120 1692 360 1771 siologo,
380 1711 431 1757 et
448 1705 534 1756 alii
558 1722 572 1764 ;
595 1704 675 1757 sic
697 1704 840 1756 enim
872 1703 1046 1757 locum
1069 1705 1216 1756 illum
1247 1702 1520 1758 Geneseos
1546 1706 1700 1757 intel-

137 1791 293 1858 liges,
333 1793 424 1845 sed
444 1794 510 1846 de
542 1794 646 1846 hoc
679 1794 734 1844 in
765 1794 970 1847 nostris
1004 1795 1486 1850 exercitationibus
1519 1797 1694 1864 plora.

1795 624 2008 689 triginta
2039 621 2224 672 holcas
2251 619 2368 671 sine
2401 617 2596 667 damno
2626 617 2923 669 sorbuisse.
2957 610 3063 665 Ἦν
3089 613 3166 674 δὲ,
3204 614 3350 680 φασὶ,

1793 712 1961 782 γραῦς
2003 710 2218 777 ’Δττικὴ
2266 709 2552 776 τριάκοντα
2611 707 2769 767 ὁλκὰς
2805 704 3026 757 κωνείου
3065 704 3356 766 ἀκινδύνως

1793 802 2221 871 προςᾳερομὲνη.
2261 800 2367 851 Res
2413 799 2573 851 etiam
2628 807 2810 849 uolatu
2843 798 3004 866 digna
3032 803 3132 849 cst.
3176 794 3359 850 Refert

1794 893 2201 963 'l'heophrastus
2264 890 2338 942 De
2367 890 2554 941 histor.
2595 889 2782 955 plant.,
2836 889 2926 940 lib.
2985 903 3058 948 Ix,
3108 901 3228 955 cap.
3270 885 3357 944 18.

1795 986 2090 1037 Eudemum
2135 983 2330 1036 Chium
2373 980 2564 1047 viginti
2604 979 2740 1031 duas
2784 979 3076 1046 aliquando
3111 977 3360 1046 potiones

1798 1074 2057 1126 hellebori
2092 1088 2200 1124 uno
2234 1073 2321 1126 die
2351 1071 2671 1139 sumpsisse,
2692 1084 2812 1122 cum
2845 1068 2946 1120 fori
2984 1068 3124 1136 apud
3157 1082 3363 1120 merces

1796 1163 2025 1222 sederet,
2062 1178 2158 1215 nec
2201 1162 2505 1216 surrexisse
2545 1160 2861 1229 priusquam
2897 1167 3041 1211 esset
3081 1158 3361 1218 meridies,

1797 1266 1923 1306 tunc
1969 1267 2100 1305 vero
2144 1251 2304 1304 domo
2346 1253 2511 1320 petita
2547 1251 2768 1304 balneas
2815 1249 3140 1316 ingressum,
3177 1261 3364 1300 cama-

1797 1355 2020 1411 tumqne
2071 1357 2220 1396 more
2256 1344 2437 1405 solito,
2487 1357 2584 1396 nec
2616 1340 2913 1411 quidquam
2945 1340 3271 1394 evomuisse.
3308 1338 3366 1392 ld

1797 1443 1976 1487 tamen
2011 1434 2214 1486 auxilio
2239 1434 2472 1502 quodam
2507 1443 2807 1503 prarparato
2833 1431 3146 1501 perfecisse,
3178 1446 3368 1500 quam-

1798 1527 1881 1578 vis
1931 1535 2150 1593 propter
2201 1526 2435 1580 hominis
2492 1526 2942 1580 consuetudinem
2995 1524 3249 1593 pleraque
3301 1539 3370 1577 ex

1801 1617 2214 1683 medicamentis
2244 1619 2347 1670 vim
2381 1634 2532 1671 suam
2565 1619 2810 1672 amittere
2850 1632 2949 1671 nec
2990 1615 3222 1684 amplius
3255 1631 3370 1669 me-

1800 1703 2105 1756 dicamenta
2151 1720 2272 1759 esse
2321 1721 2477 1773 posse
2526 1706 2833 1774 negandum
2878 1722 2986 1759 non
3019 1707 3126 1770 sit,
3159 1705 3372 1774 hocque

1801 1794 1965 1848 refert
1995 1812 2059 1848 ex
2093 1795 2468 1864 Theophrasto
2505 1797 2822 1866 Apollonius
2867 1799 2919 1850 in
2977 1798 3164 1850 histor.
3203 1797 3398 1849 Mira-‘

136 1880 276 1953 Quid
311 1884 546 1937 herbarii
584 1885 904 1954 praecipiant
931 1887 982 1938 in
1009 1888 1262 1951 secanda,
1286 1890 1696 1958 colligendaqnc
1729 1886 1770 1938 Β
1800 1885 2013 1946 bilibus,
2063 1887 2164 1958 etsi
2205 1895 2412 1939 mutato
2457 1888 2672 1942 nomine
2717 1899 2769 1941 et
2814 1903 2912 1957 pro
2956 1887 3227 1950 Eudemo,
3263 1887 3370 1940 Eu-

141 1975 506 2042 mandragora
559 1975 790 2028 habetur
838 1977 975 2044 apud
1015 1979 1443 2045 Theophrastum
1487 1980 1690 2032 Histor.

136 2064 304 2127 plant.
332 2065 512 2127 libus,
541 2081 587 2118 c.
626 2067 681 2130 9,
710 2075 761 2119 et
784 2066 1120 2121 Pliniumlib.
1140 2085 1263 2132 xxv,
1288 2085 1404 2138 cap.
1432 2073 1515 2124 15.
1537 2070 1696 2124 Plura

137 2156 203 2206 de
237 2156 338 2207 hac
363 2156 525 2210 herba
551 2165 604 2208 et
631 2158 751 2225 ejus
779 2159 1076 2213 virtutibus
1109 2159 1342 2214 Levinus
1369 2161 1694 2217 Lemniasin

140 2241 509 2310 Explicatione
533 2247 740 2302 herbar.
771 2248 972 2311 bibtic.,
1002 2264 1118 2317 cap.
1144 2251 1199 2305 2.

208 2335 324 2389 Col.
351 2337 472 2402 716,
501 2338 592 2389 un.
621 2327 700 2390 to.
733 2340 843 2391 Καὶ
865 2339 945 2404 τῷ
985 2341 1131 2406 όπίῳ
1170 2343 1274 2406 τὰς
1308 2344 1592 2409 σφοδράς.
1628 2343 1700 2399 ne

138 2427 247 2496 opii
282 2430 670 2495 praeparatione
699 2439 751 2483 et
776 2447 877 2483 usu
908 2432 959 2484 in
1001 2434 1285 2488 medicinis
1311 2433 1516 2489 Plinius
1554 2435 1696 2491 llist.

142 2527 318 2570 natur.
351 2519 442 2570 lib.
483 2535 574 2583 xx,
607 2534 725 2587 cap.
759 2520 858 2585 18;
901 2523 1025 2575 huic
1058 2524 1162 2575 vim
1193 2540 1297 2577 non
1347 2526 1699 2593 soporiferam

140 2610 324 2669 modo,
377 2623 560 2661 verum
618 2611 662 2663 si
711 2612 984 2679 cepiosior
1037 2612 1317 2667 ltauriatur
1367 2617 1699 2670 mortiferam

145 2700 356 2760 tribuit,
396 2710 449 2752 et
477 2699 713 2756 Galenus
746 2705 992 2772 pluribus
1024 2707 1076 2758 in
1112 2707 1262 2761 locis.

213 2790 345 2843 Ibid.
378 2785 459 2855 Τῷ
485 2792 552 2843 δὲ
593 2796 812 2860 κωνείῳ
853 2797 957 2859 τὰς
995 2799 1349 2865 λυσσώδεις.
1408 2801 1480 2855 De
1526 2804 1701 2856 cicuta

140 2889 195 2932 et
227 2882 347 2947 ejus
374 2884 621 2938 remediis
653 2885 859 2941 Plinius
896 2889 988 2941 lib.
1031 2905 1151 2959 μιν,
1183 2906 1301 2959 cap.
1346 2895 1575 2956 ultimo;
1613 2910 1705 2948 va-

146 2970 278 3022 riam
318 2984 494 3025 autem
533 2977 721 3030 cicuta:
769 2957 1214 3045 praeparationem
1261 2983 1327 3034 ad
1377 2984 1581 3036 obitum
1618 2988 1703 3038 in-

147 3059 424 3114 ferendum
480 3065 690 3117 lacileh
740 3073 793 3117 et
847 3069 1052 3134 alisque
1100 3069 1236 3121 'ullo
1293 3069 1478 3125 dolore
1544 3074 1707 3128 refert

147 3149 498 3221 Theophrast.
531 3155 672 3210 llist.
724 3159 892 3224 piant.
939 3161 972 3211 Ι.
1025 3175 1096 3222 Ix,
1139 3177 1259 3230 cap.
1295 3164 1378 3226 17,
1417 3174 1706 3236 narratque

146 3241 304 3294 etiam
347 3245 600 3298 Chiorum
650 3248 794 3300 circa
842 3249 940 3302 hoc
997 3252 1235 3306 studium
1273 3264 1325 3307 et
1359 3256 1700 3319 industriam,

149 3334 236 3398 qui
276 3334 418 3386 illam
455 3352 561 3389 non
600 3340 862 3400 terebant,
900 3343 990 3394 sed
1032 3344 1274 3397 detracto
1303 3347 1535 3414 tegmine
1562 3349 1706 3416 quod

149 3421 512 3477 diﬂicultatem
560 3437 758 3489 movet,
813 3432 1067 3497 quoniam
1116 3437 1380 3504 concoqui
1424 3452 1563 3504 mgre
1611 3454 1706 3506 po-

151 3523 269 3575 test,
320 3516 515 3583 pistam
566 3519 618 3570 in
669 3524 928 3574 mortario
988 3523 1305 3587 tondebant,
1350 3535 1403 3580 et
1448 3531 1706 3596 praetenui

150 3605 327 3658 cribro
357 3610 731 3662 transmissam
757 3650 770 3670 ,
810 3626 947 3680 aqua
986 3613 1286 3682 inspersam
1318 3616 1592 3678 bibebant,
1623 3628 1698 3670 εις

148 3707 251 3760 que
293 3695 366 3746 ita
411 3698 593 3750 obitus
640 3701 783 3753 celer
830 3703 1112 3771 faciliSque
1166 3706 1466 3759 eveniebat.
1501 3708 1620 3759 Ὅτι
1651 3707 1707 3759 δὲ

150 3785 383 3856 διαφέρει
420 3788 481 3837 τὸ
521 3789 753 3858 χρῆσθαί
800 3809 914 3855 πως
959 3793 1169 3864 ἑκάστῳ
1199 3797 1429 3866 φανερὸν
1471 3799 1534 3849 ὲκ
1584 3798 1711 3849 πολ-

150 3875 271 3929 λῶν.
315 3879 466 3931 Ἐπεὶ
498 3882 589 3932 καὶ
618 3881 779 3944 Χίους
813 3887 942 3951 φασὶ
974 3885 1051 3954 τῷ
1096 3888 1300 3956 κωνείῳ
1329 3889 1586 3959 πρότερον
1615 3891 1711 3959 οὐχ

151 3966 304 4030 οὕτω,
345 3970 477 4022 ἀλλὰ
504 3973 804 4042 τρίϐοντας,
852 3976 1103 4046 καθάπερ
1151 3982 1198 4030 οἱ
1242 3979 1408 4043 ἄλλοι,
1455 3982 1708 4050 χρῆσθαι.

152 4058 258 4111 Νῦν
303 4061 361 4114 δὲ
410 4054 536 4115 οὑδὲ
581 4064 646 4116 ἂν
699 4062 778 4128 εἷς
814 4067 1072 4136 τρίψειεν,
1113 4069 1247 4122 ἀλλὰ
1299 4073 1713 4140 περιπτίσαντες

152 4148 240 4198 καὶ
268 4149 551 4217 ἀφελόντες
584 4153 643 4204 τὸ
679 4153 904 4221 κέλυφος
957 4154 1133 4225 (τοῦτο
1166 4158 1272 4228 γὰρ
1301 4158 1361 4208 τὸ
1390 4160 1485 4228 τὴν
1526 4159 1713 4227 δυσχέ-

155 4254 293 4305 ρειαν
325 4242 560 4311 παρέχον
598 4243 1058 4315 δυσκατέργαστον
1079 4245 1195 4317 ὃν),
1241 4249 1374 4315 μετὰ
1424 4248 1591 4300 ταῦτα
1626 4251 1715 4301 7.6-

152 4343 364 4383 πτουςιν
409 4334 466 4384 ἐν
505 4334 584 4403 τῷ
619 4335 788 4405 ὅλμῳ,
823 4340 914 4390 καὶ
939 4338 1315 4400 διαπτίσαντες
1347 4338 1548 4396 λεπτὰ,
1594 4342 1712 4393 ὲπι-

155 4421 438 4484 πάττοντες
469 4425 554 4491 ἐφ’
581 4424 723 4495 ὕδωρ
758 4428 1020 4490 πίνουσιν,
1061 4427 1200 4481 ὥστε
1228 4433 1446 4497 ταχεῖαν
1476 4431 1568 4481 καὶ
1595 4430 1717 4481 ἐλα-

1799 1952 2278 2067 ηοηιυδίὺιιι,
2308 1989 2360 2032 et
2388 1981 2686 2036 Eudemum
2718 1983 3214 2052 Pltarmacopolam,
3249 1999 3372 2038 cum

1801 2066 2040 2123 Eudemo
2083 2071 2218 2123 Chio
2271 2073 2589 2139 confundat,
2623 2076 2718 2130 sed
2765 2076 2832 2131 de
2875 2078 2962 2130 his
3001 2077 3155 2147 plura
3191 2077 3245 2130 in
3278 2092 3374 2131 no-

1801 2159 1932 2211 stris
1959 2165 2295 2230 synonymis.

1873 2248 2031 2313 lbid.,
2065 2251 2160 2303 lin.
2191 2253 2273 2305 15.
2302 2255 2408 2306 Καὶ
2445 2255 2637 2307 πάντα
2667 2257 2736 2308 ὲν
2755 2257 2860 2324 μιᾷ
2890 2257 3115 2324 καιροῦ.
3143 2255 3377 2311 Basilius

1800 2340 1946 2392 hom.
1985 2357 2033 2394 Iv
2063 2359 2074 2392 :
2106 2342 2286 2393 Πάντα
2320 2344 2377 2394 ὲν
2413 2346 2508 2413 μιᾷ
2541 2345 2728 2413 καιροῦ
2764 2347 2924 2414 ῥοπῇ,
2958 2346 3054 2396 οὑκ
3087 2344 3213 2396 ὄντα
3248 2345 3379 2413 πρό-

1800 2446 1972 2500 τερον,
2009 2431 2148 2500 ὑπὲρ
2178 2432 2273 2500 τῆς
2303 2434 2402 2501 γῆς
2426 2436 2504 2494 εἰς
2531 2435 2589 2485 τὸ
2621 2430 2758 2485 εἶναι
2804 2433 3066 2504 παρῆλθε,
3113 2433 3248 2502 μετὰ
3278 2434 3377 2501 τῆς

1801 2521 2004 2582 οἰκείας
2025 2521 2252 2590 ἕκαστον
2275 2521 2529 2592 ἰδιότητος
2555 2523 2970 2593 ἐναργεστάτ-αις
2992 2524 3086 2592 μὲν
3100 2523 3377 2592 διαφοραῖς

1801 2611 1907 2663 ἀπὸ
1940 2611 2044 2664 τῶν
2085 2612 2410 2680 ἑτερογενῶν
2449 2613 2806 2683 χωριζόμενα,
2837 2614 3021 2682 οἰκείῳ
3051 2613 3105 2665 δὲ
3150 2613 3379 2666 ἕκαστον

1803 2700 2198 2769 γνωριζόμενον
2229 2703 2554 2772 χαρακτῆρι.

1873 2790 2030 2853 lbid.,
2062 2793 2156 2846 lin.
2204 2793 2288 2845 ΓΙ.
2320 2795 2428 2846 Καὶ
2492 2795 2713 2846 τούτων
2753 2795 2825 2848 τὰ
2858 2797 2973 2863 μέν
3009 2798 3158 2849 ἐστι.
3204 2797 3259 2848 In
3292 2812 3382 2849 ar-

1805 2880 2028 2934 boribus
2060 2883 2200 2935 sicut
2223 2890 2275 2935 et
2307 2883 2359 2934 in
2389 2884 2714 2939 animalibus
2752 2901 2872 2940 esse
2921 2888 3153 2955 speciem
3189 2901 3382 2955 quam—

1807 2971 1952 3031 dam,
1982 2979 2035 3024 et
2074 2970 2328 3041 ﬁguram,
2362 2989 2524 3042 quam
2570 2985 2759 3029 auctor
2787 2985 2973 3030 noster
3003 2978 3379 3032 characterem

1807 3061 2062 3128 appellat,
2097 3076 2201 3129 qua
2244 3072 2298 3116 et
2350 3063 2420 3116 ab
2459 3063 2580 3118 aliis
2625 3065 2812 3119 divisa:
2859 3075 3288 3136 cognoscuntur,
3331 3077 3385 3121 et

1758 3212 1776 3230 η
1811 3165 1922 3203 suae
1965 3161 2176 3205 natura:
2225 3168 2363 3222 opus
2412 3170 2666 3209 exercere
2710 3157 2946 3219 valeant,
2982 3159 3115 3210 nulli
3158 3157 3384 3212 dubium

1811 3256 2046 3312 unquam
2077 3243 2180 3295 fuit
2211 3259 2310 3298 nec
2343 3246 2467 3297 erit.
2504 3245 2634 3311 Quae
2666 3246 2834 3300 forma
2877 3265 2939 3302 ex
2973 3249 3227 3304 omnibus
3259 3264 3385 3318 par—

1810 3334 1956 3387 tibus
2005 3336 2147 3388 sumi
2202 3345 2400 3403 potest,
2445 3339 2496 3390 in
2531 3354 2634 3390 una
2666 3341 2808 3392 enim
2852 3341 2980 3393 dum
3017 3342 3250 3406 variant,
3282 3341 3385 3395 etsi

1808 3424 1863 3477 in
1907 3426 2029 3479 aliis
2075 3430 2425 3490 conveniunt,
2477 3431 2706 3487 diversa:
2757 3440 2936 3487 tamen
2990 3450 3089 3487 nec
3140 3432 3383 3502 ejusdem

1809 3519 2006 3585 speciei
2054 3518 2470 3587 judicabuntur.
2525 3525 2659 3578 llinc
2713 3527 2960 3594 quaedam
3019 3528 3145 3580 latis
3199 3527 3383 3594 foliis,

1810 3608 1928 3660 aliae
1957 3609 2184 3674 strictis,
2234 3614 2460 3667 serratis
2501 3615 2640 3679 alite,
2687 3615 2805 3668 alize
2854 3617 2908 3668 in
2955 3617 3118 3670 alium
3166 3619 3387 3672 modum

1809 3703 2087 3768 expansis.
2128 3701 2217 3755 Sic
2268 3704 2334 3758 de
2377 3705 2601 3768 cortice,
2638 3709 2826 3768 ramis,
2860 3707 3156 3773 radicibus,
3190 3709 3386 3764 fructi-

1812 3790 1934 3850 bus,
1959 3800 2012 3844 et
2040 3793 2184 3846 aliis.
2219 3794 2442 3847 Summa
2475 3803 2653 3850 tamen
2679 3813 2867 3851 eorum
2895 3814 3093 3867 genera
3123 3800 3389 3857 habemus

1811 3894 1876 3931 es
1915 3878 2292 3949 Theophrasto
2340 3883 2437 3936 lib.
2478 3901 2493 3937 ι
2529 3883 2604 3951 De
2634 3886 2820 3939 histor.
2867 3887 3058 3954 plant.,
3097 3902 3216 3956 cap.
3251 3889 3302 3949 6,
3334 3897 3390 3943 et

1816 3971 1942 4023 alibi
1978 3991 1994 4023 -.
2027 3973 2273 4041 quaedam
2303 3974 2450 4028 enim
2491 3991 2678 4029 earum
2710 3984 2837 4031 sunt
2867 3977 3107 4045 urbanae,
3140 3979 3388 4047 quasdam

1816 4063 2127 4124 silvestres,
2171 4065 2418 4133 quaedam
2471 4064 2796 4128 fructiferae,
2847 4067 3092 4136 quaedam
3148 4070 3385 4130 steriles,

1815 4153 2058 4219 quIedani
2091 4151 2363 4216 ﬂoriferae,
2388 4154 2507 4208 aliae
2540 4154 2671 4209 ﬂore
2696 4163 2968 4220 carentes,
2994 4157 3240 4226 quaedam
3266 4175 3389 4227 ρει·-

1817 4249 1978 4308 petuo
2014 4241 2268 4305 virentes,
2300 4244 2544 4312 quaedam
2590 4246 2878 4314 perdentes
2925 4248 3071 4306 folia,
3109 4244 3217 4301 οἷον
3253 4251 3387 4320 ὴμέ-

1818 4349 1963 4400 ρων,
2006 4334 2232 4400 ἀγρίων,
2285 4336 2645 4404 καρποφόρων
2671 4375 2683 4397 ,
2727 4338 3016 4406 ἀκάρπων,
3058 4339 3387 4410 ἀνθοφὸρων,

1817 4423 2078 4485 ἀνανθών,
2114 4424 2435 4492 ἀειφὺλλων,
2471 4426 2822 4492 φυλὶοϐὁλων.
2859 4427 3067 4481 Plinius
3097 4430 3259 4482 etiam
3292 4431 3385 4482 lib.

156 4511 284 4581 φράν
309 4513 551 4580 γίνεσθαι
597 4517 694 4585 τὴν
744 4518 1075 4588 ἀπαλλαγήν.
1111 4518 1342 4588 Ideoque
1371 4519 1703 4573 Dioscorides

1819 4531 1928 4572 xvi,
1961 4529 2080 4583 cap.
2128 4516 2214 4578 18,
2252 4517 2505 4570 arborum
2547 4516 2878 4570 differentias
2928 4517 3297 4586 prosequitur,
3336 4526 3390 4570 et

157 4601 242 4655 lib.
289 4621 359 4666 iv,
389 4621 507 4674 cap.
545 4607 628 4669 79,
666 4608 1092 4664 ellicaeissimam
1141 4613 1245 4664 vim
1277 4612 1466 4665 tribuit
1496 4613 1707 4667 cicutas.

155 4706 268 4758 qua:
294 4695 346 4748 in
380 4697 557 4750 insula
587 4699 720 4752 Chio
755 4704 1019 4757 nascitur.

220 4782 330 4839 Col.
356 4788 477 4850 7|6,
507 4791 600 4843 lin.
637 4792 721 4845 Η.
740 4794 847 4846 Καὶ
881 4794 958 4858 τῷ
989 4795 1281 4860 ἐλλεϐόρῳ
1300 4795 1371 4847 τὰ
1393 4797 1614 4862 χρόνια.
1638 4794 1711 4848 De

158 4873 406 4934 bellebori
439 4886 743 4950 speciebus,
778 4886 984 4955 ﬁguris,
1005 4889 1077 4951 vi,
1098 4888 1351 4941 facultate
1381 4897 1432 4939 et
1464 4904 1563 4941 usu
1599 4888 1712 4954 lege

157 4964 286 5022 Plin.
317 4972 351 5024 l.
389 4989 515 5036 xxv,
545 4990 593 5026 c.
624 4976 696 5040 5;
733 4975 1099 5032 Dioscoridem
1130 4978 1164 5032 Ι.
1199 4994 1271 5039 ιν,
1301 4993 1350 5029 c.
1383 4977 1483 5030 150
1503 4985 1555 5029 et
1590 4978 1707 5030 151.

159 5059 393 5116 Advertit
427 5062 623 5120 Sextus
657 5065 962 5135 Empirieus
1003 5068 1262 5138 Pyrrhon.
1313 5068 1508 5136 Ilypot.
1544 5069 1635 5120 lib.
1671 5084 1708 5128 ι,

159 5162 270 5217 cap.
305 5154 387 5214 ιι,
426 5155 786 5222 helleborum,
821 5161 864 5211 si
898 5170 1056 5213 tenue
1078 5169 1132 5212 et
1181 5161 1558 5228 lanuginosum
1589 5159 1713 5227 quis

159 5237 326 5305 ipsum
355 5245 505 5309 edat,
538 5259 766 5303 mortem
794 5249 1006 5313 afferre,
1031 5251 1115 5305 sin
1142 5265 1390 5304 crassum
1424 5265 1528 5302 non
1562 5250 1709 5303 item.

160 5329 260 5383 Καὶ
283 5335 310 5385 ὁ
338 5335 614 5406 ἐλλέϐορος
644 5338 833 5402 λεπτὸς
868 5342 962 5409 μὲν
1003 5341 1096 5392 καὶ
1139 5339 1372 5409 χνοώδης
1419 5339 1716 5407 προσφερὸ-

164 5437 308 5487 μενον
337 5427 566 5496 πνιγμὸν
596 5431 863 5499 ἐπιφέρει,
891 5430 1196 5501 κριμνώδης
1229 5431 1285 5482 δὲ
1332 5431 1407 5484 ὣν
1432 5431 1633 5490 οὐκέτι,
1665 5436 1716 5480 et

166 5510 401 5569 Rufinum
440 5504 727 5586 queindam
768 5523 906 5590 apud
939 5522 1253 5577 Chalcidem
1285 5522 1403 5575 sine
1433 5522 1541 5573 ulla
1578 5535 1716 5572 noxa

165 5605 334 5663 bibere
375 5614 596 5666 solitum
643 5614 829 5668 fuisse.
866 5619 975 5669 Καὶ
1013 5618 1286 5684 Ῥουιρῖνος
1328 5618 1382 5668 δὲ
1427 5619 1454 5668 ο
1486 5618 1543 5668 ἐν
1576 5615 1716 5667 Χαλ-

169 5697 260 5748 κίδι
281 5703 440 5756 πίνων
469 5704 744 5774 ἑλλέϐορον
765 5706 884 5758 οὔτε
910 5708 1057 5776 ἤμει,
1085 5707 1202 5759 οὔτε
1223 5709 1356 5770 ὅλως
1380 5707 1715 5776 ὲκαοαίρετο,

170 5786 269 5841 ἀλλ’
293 5792 364 5856 ὥς
387 5811 437 5848 τι
466 5795 576 5847 τῶν
606 5797 843 5871 συνήθων
872 5800 1236 5870 προσεφέρετο
1284 5800 1378 5854 καὶ
1421 5798 1635 5861 ἔπεσσε,
1667 5807 1720 5850 et

1813 4623 1930 4675 cap.
1965 4611 2025 4658 19
2057 4626 2067 4658 :
2097 4605 2355 4661 f’ra'terea
2385 4608 2628 4660 arborum
2653 4609 2774 4662 aliis
2803 4609 3045 4661 decidunt
3075 4610 3236 4677 folia;
3269 4610 3390 4663 alia:

1813 4698 2126 4764 sempiterna
2161 4715 2310 4750 coma
2343 4700 2524 4760 virent,
2548 4716 2702 4769 quam
2737 4699 3087 4767 di/ferentiam
3119 4705 3388 4754 antecedat

1814 4807 2013 4842 necesse
2043 4800 2118 4842 est
2165 4793 2327 4856 prior.
2364 4790 2498 4843 Sunt
2529 4793 2665 4843 enim
2715 4792 2963 4844 arborum
3004 4792 3242 4860 quwdam
3276 4809 3388 4844 om-

1815 4881 1934 4931 nino
1965 4879 2245 4939 silvestres,
2278 4879 2518 4948 quwdam
2564 4880 2870 4934 urbaniores
2896 4897 2914 4934 .'
2943 4898 3074 4949 quas
3108 4882 3190 4933 hic
3218 4881 3388 4949 placet

1815 4969 2105 5022 nominibus
2147 4971 2482 5039 distinguere.
2519 4970 2655 5041 Ergo
2703 4974 2874 5034 mites,
2913 4990 3028 5042 qua,
3062 4974 3257 5040 fructu,
3297 4983 3390 5024 aut

1816 5061 1994 5128 aliqua
2037 5060 2186 5125 dote,
2224 5064 2605 5116 umbraminere
2630 5101 2644 5124 ,
2687 5064 2848 5131 officio
2869 5063 3148 5114 humanius
3174 5063 3385 5130 juvant,

1819 5171 1919 5205 non
1949 5156 2179 5221 improbe
2206 5155 2452 5206 dicantur
2481 5162 2718 5206 urbanar.

1888 5245 2044 5308 lbid.,
2085 5247 2178 5298 lin.
2216 5246 2308 5299 ΞΟ.
2345 5247 2657 5313 Ἀείφυλλα
2687 5245 2753 5298 δέ
2781 5248 2947 5300 ἐστιν
2983 5247 3174 5300 ἐλαία.
3212 5245 3389 5299 Theo-

1818 5337 2075 5404 phrastus
2099 5339 2148 5398 Ι,
2179 5336 2250 5389 De
2267 5337 2389 5389 Itist.
2410 5337 2601 5403 plant.,
2625 5352 2744 5406 cap.
2768 5337 2833 5390 15
2866 5357 2875 5389 :
2910 5337 3029 5388 Τῶν
3061 5336 3390 5407 μὲνήμέρων

1818 5431 2076 5497 ἁείιρυλλα
2114 5430 2286 5491 ἐλαία,
2325 5430 2516 5497 φοίνιξ,
2548 5431 2742 5500 δάφνη,
2777 5431 3054 5500 μύρῤινος,
3087 5432 3294 5496 πεύκης
3336 5445 3392 5482 τι

1820 5522 1989 5588 γένος,
2019 5521 2368 5590 κυπάριττος·
2419 5522 2523 5572 τῶν
2575 5521 2630 5572 δὲ
2677 5521 2914 5586 ἀγρίων,
2957 5519 3141 5589 ἐλάτη,
3190 5519 3389 5589 πεύκη,

1820 5611 2102 5682 ἄρκευθος,
2149 5612 2364 5679 σμῖλαξ,
2407 5608 2563 5674 Gaia,
2614 5613 2705 5664 καὶ
2753 5612 2818 5680 ἦν
2868 5611 3122 5682 Ἀρκάδες
3169 5610 3394 5662 καλοῦσι

1821 5704 2127 5776 φελλόδρυν,
2159 5704 2376 5773 φιλύρα,
2426 5705 2632 5775 κέδρος,
2670 5704 2849 5765 πίτυς,
2893 5703 3152 5773 μυρῤίκη,
3203 5700 3388 5764 πύξος,

1821 5799 2030 5860 πρῖνος,
2071 5795 2254 5866 ἀγρία,
2306 5794 2625 5862 κήλαστρον,
2671 5791 2888 5861 etiam},
2941 5791 3176 5860 ἁφάρκη.
3213 5787 3392 5844 Ταῦτα
