4042 6338
81 370 203 427 849
1150 373 1214 428 IN
1257 372 1631 430 EUSTATIIII
1671 373 1707 428 Η

1816 374 2150 433 AEMERON
2185 377 2409 436 ΝΟΤΑΞ.
3280 390 3388 446 850

76 488 267 555 culpa
304 501 480 555 neque
509 501 710 554 corpus
735 503 912 557 neque
941 489 1182 542 animum
1228 487 1488 551 alliceret,
1525 503 1703 557 neque
1733 495 1775 548 Α
1809 506 1949 542 mum
1987 501 2256 556 maturat;
2301 502 2354 547 et
2386 509 2508 564 cap.
2543 495 2634 564 26,
2678 497 2915 553 Perdunt
2958 499 3214 566 facillime
3266 513 3388 556 ante

75 592 332 647 pinnam
367 579 528 632 ullam
565 577 734 633 fuisse
769 579 1016 636 inditam.
1046 581 1186 637 Vero
1215 585 1398 635 verius
1436 591 1520 636 est
1549 581 1694 635 Ada-
1811 584 2194 647 maturitatem,
2247 585 2450 651 palma,
2489 586 2645 656 ﬁcus,
2693 591 3001 660 amygdala,
3039 594 3230 658 malus,
3292 608 3389 664 p9-

79 683 254 722 mum
291 677 425 723 tunc
451 669 528 723 ita
551 669 733 724 animo
761 679 816 724 et
845 686 1074 741 corpore
1117 671 1287 727 fuisse
1319 670 1593 734 effectum,
1636 679 1696 724 ut
1809 691 1920 737 rus,
1953 675 2078 728 item
2103 676 2317 744 punica,
2343 692 2462 745 qua
2500 678 2660 732 etiam
2690 681 2898 736 roribus
2930 682 3130 746 nimiis,
3160 694 3208 737 et
3237 684 3387 750 prui-

78 770 140 816 et
171 762 426 817 exitiosa
451 774 830 832 cognosceret,
857 774 912 820 et
942 773 1124 834 posset
1151 764 1345 818 vitare.
1380 762 1504 818 Ideo
1532 771 1585 818 et
1615 778 1704 817 1-0⁴
1808 768 1889 821 nis
1941 769 2127 836 ﬂorem
2178 770 2394 824 amittit.
2429 770 2552 836 Qua
2585 771 2648 826 de
2693 789 2856 827 causa
2897 775 3173 844 inﬂectunt
3211 791 3388 828 ramos

79 869 217 907 sam
263 869 396 909 cum
439 855 614 924 spinis
659 866 843 912 natam
887 857 1301 920 aﬂirmabimus,
1338 864 1395 910 et
1432 857 1486 911 in
1532 856 1706 927 spinis
1809 862 1923 931 ejus
1956 878 2021 916 ne
2050 861 2272 930 subjecti
2305 863 2579 918 humorem
2605 865 2856 933 infestum
2902 869 3190 936 excipiant,
3235 877 3388 937 atque

83 948 287 1014 nasci,
321 948 622 1003 naturalem
651 964 790 1005 rosae
819 951 1264 1005 constitutionem
1294 957 1348 1004 et
1400 949 1708 1019 generatio-
1808 956 2130 1010 contineant.
2166 952 2339 1026 Pyrus
2380 968 2428 1010 et
2475 954 2782 1027 amygdala.
2806 945 2966 1014 etiam
2997 961 3043 1014 si
3085 976 3188 1015 non
3215 961 3388 1030 putat,

84 1055 230 1094 Item
278 1041 592 1110 consequi?
622 1041 740 1096 Alia
776 1042 938 1097 nobis
969 1041 1194 1096 aliunde
1231 1049 1471 1108 ει,Γοῦῶ
1511 1050 1706 1095 natura
1751 1077 1754 1083 ι
1809 1049 1899 1102 sed
1933 1049 2031 1117 ﬁat
2081 1050 2380 1103 austrinum
2427 1050 2636 1113 caelum,
2690 1060 2781 1104 aut
2825 1052 3084 1120 nubilum,
3135 1054 3389 1106 amittunt

85 1139 159 1215 et.
183 1132 475 1185 naturalis
497 1135 822 1188 constitutio
848 1134 1167 1204 quarenda.
1208 1133 1365 1200 Quod
1403 1143 1595 1187 natura
1624 1133 1709 1187 in-
1809 1141 2018 1209 ﬂorem,
2062 1150 2112 1196 et
2143 1143 2340 1211 primos
2384 1144 2625 1213 fructus,
2664 1145 2709 1197 si
2758 1161 2875 1197 cum
2919 1145 3206 1215 deﬂoruere
3255 1146 3388 1200 tales

90 1210 286 1277 situm
341 1231 436 1279 est
464 1235 627 1296 atque
659 1226 871 1290 datum,
901 1232 956 1282 et
999 1228 1306 1282 naturalem
1355 1227 1708 1282 constitutio-

91 1330 234 1369 nem
264 1319 650 1386 consequitur,
681 1319 765 1372 lex
793 1325 895 1379 est,
925 1332 1046 1385 qua:
1070 1317 1218 1372 nullo
1241 1318 1523 1372 hominum
1554 1319 1707 1388 inge-

93 1408 225 1462 nio.
280 1408 435 1462 nulla
491 1415 799 1478 temporum
849 1408 1266 1473 vicissitudine,
1318 1411 1471 1464 nulla
1520 1425 1706 1466 rerum

93 1505 408 1568 varietate,
443 1506 594 1560 nullo
616 1506 778 1560 etiam
813 1505 988 1574 ipsius
1013 1513 1243 1570 naturas,
1275 1508 1321 1560 si
1355 1507 1468 1561 fieri
1502 1511 1705 1577 posset,

94 1597 353 1666 impetu,
386 1599 651 1662 violatur;
691 1596 785 1652 sed
809 1612 1024 1666 semper
1049 1598 1298 1652 eamdem
1341 1614 1454 1653 rem
1491 1599 1556 1653 ad
1587 1598 1706 1652 exi-

99 1697 228 1742 tum
263 1706 444 1759 usque
470 1689 847 1757 consequitur.
881 1687 1037 1753 Quod
1065 1690 1108 1742 si
1135 1689 1318 1752 tollas,
1352 1691 1435 1745 vel
1470 1691 1524 1743 in
1559 1689 1706 1743 aliud

98 1790 497 1836 transmittare
523 1780 843 1841 tentaveris,
877 1794 991 1833 rem
1025 1789 1078 1834 et
1124 1781 1295 1850 ipsam
1331 1781 1544 1851 perdes.
1579 1782 1708 1837 etin

99 1875 280 1928 aliam
334 1874 670 1928 immutabis.
705 1871 772 1924 Et
808 1873 1014 1927 scimus
1053 1875 1216 1928 etiam
1259 1876 1496 1928 dubitari
1547 1890 1616 1928 an
1652 1875 1705 1928 id

103 1965 327 2018 virtute
359 1973 411 2017 ct
446 1964 705 2018 facultate
754 1963 936 2017 divina
994 1965 1108 2018 tieri
1155 1974 1360 2034 posset,
1392 1977 1445 2020 et
1482 1966 1705 2021 conclu-

102 2056 252 2110 dunt
308 2071 376 2112 ex
422 2063 618 2110 natura
669 2055 747 2109 rei
796 2053 853 2108 id
891 2056 1189 2124 implicare.
1246 2058 1313 2108 At
1355 2073 1456 2113 nos
1501 2058 1705 2112 nostris

102 2148 271 2203 hisce
326 2127 668 2217 temporibus
697 2149 1060 2216 agricolarum
1113 2148 1380 2202 industria
1428 2149 1500 2202 ita
1550 2164 1707 2204 rosas

105 2240 335 2295 ins:itui
363 2240 659 2302 cernimus,
685 2250 746 2292 ut
767 2239 972 2308 absque
1001 2239 1174 2309 spinis
1195 2248 1504 2308 erumpant,
1528 2255 1705 2308 neque

106 2331 306 2385 minus
341 2331 701 2393 venustiores,
737 2344 912 2398 neque
950 2330 1130 2383 minus
1163 2329 1518 2383 odoratiores.
1554 2327 1704 2393 Quo-

110 2423 284 2477 I‘nodo
320 2437 449 2490 ergo
481 2437 510 2474 a
551 2431 746 2476 natura
787 2422 859 2473 ita
891 2430 1264 2489 comparatum
1306 2435 1430 2475 esse
1460 2420 1698 2474 afﬁrma-

113 2515 341 2569 bimus?
371 2515 515 2568 Idem
544 2521 628 2568 est
664 2515 804 2567 inter
832 2513 1017 2581 spinas
1047 2513 1198 2569 nasci
1234 2514 1533 2566 naturalem
1565 2526 1704 2567 rosae

111 2606 574 2660 constitutionem
597 2606 857 2673 consequi
882 2604 1170 2666 aﬂirmare,
1201 2619 1265 2656 ac
1281 2603 1421 2657 inter
1441 2603 1705 2657 domesti-

113 2711 216 2748 ωε
256 2695 493 2763 parietes
542 2694 818 2747 hominem
881 2695 1058 2755 nasci,
1110 2693 1415 2746 naturalem
1465 2692 1702 2748 hominis

115 2790 596 2842 constitutionem.
649 2787 712 2840 Et
757 2790 957 2841 mirum
1010 2795 1118 2849 est,
1157 2788 1303 2857 quod
1337 2803 1460 2843 cum
1495 2787 1550 2840 in
1599 2788 1702 2841 hoc

117 2877 260 2933 ﬂore
279 2881 527 2932 omnium
563 2879 934 2949 pulcherrimo
981 2879 1135 2948 plura
1179 2887 1408 2947 possunt
1450 2880 1703 2934 conside-

117 2971 234 3022 rari
272 2985 394 3040 qua:
424 2970 544 3039 ejus
574 2978 824 3023 naturam
858 2971 1119 3039 consequi
1157 2986 1266 3024 non
1299 2973 1536 3025 absurde
1559 2971 1703 3025 dicc-

123 3076 341 3123 remus,
371 3062 634 3132 neglectis
660 3061 790 3125 illis,
815 3061 880 3114 ad
909 3061 1118 3131 spinas,
1140 3077 1260 3129 qua:
1290 3062 1524 3130 pessima
1554 3069 1701 3126 sunt,

125 3152 370 3206 animum
409 3154 786 3208 attendamus.
817 3151 895 3207 Ex
934 3153 1417 3221 Peripateticorum
1465 3162 1518 3206 et
1559 3154 1705 3222 inge-

126 3260 365 3299 nuorum
409 3246 862 3315 philosophorum
906 3245 1092 3300 schola
1133 3254 1322 3298 notum
1372 3246 1446 3308 id,
1480 3259 1543 3299 ac
1571 3247 1705 3300 satis

126 3347 342 3391 certum
380 3340 670 3403 habemus,
713 3340 786 3392 ita
817 3341 1038 3408 propria
1067 3354 1190 3393 esse
1231 3340 1307 3392 rei
1342 3337 1456 3401 illa,
1486 3353 1606 3408 quae
1639 3339 1707 3393 ad

126 3433 430 3485 naturalem
458 3433 903 3487 constitutionem
922 3441 1353 3500 consequuntur,
1396 3439 1454 3485 ut
1485 3432 1551 3486 de
1587 3433 1708 3486 aliis

129 3522 268 3586 dici,
307 3531 360 3578 et
401 3526 522 3578 aliis
572 3525 964 3578 communicari
1013 3524 1238 3578 minime
1297 3525 1510 3594 possint
1557 3525 1705 3579 salva

133 3626 490 3686 utrorumque
539 3627 756 3672 natura.
803 3618 873 3671 At
919 3618 1060 3672 inter
1094 3618 1282 3686 spinas
1332 3618 1485 3671 nasci
1533 3618 1708 3672 soline

132 3723 270 3763 rosae
298 3710 581 3764 convenit?
623 3709 765 3779 Ergo
797 3711 941 3764 inter
964 3711 1152 3780 spinas
1174 3710 1326 3763 nasci
1362 3725 1470 3763 non
1511 3724 1709 3764 cense-

134 3802 324 3866 quitur
367 3803 670 3855 naturalem
721 3817 859 3855 rosae
883 3802 1356 3856 constitutionem.
1389 3802 1458 3854 At
1495 3817 1601 3854 non
1634 3802 1708 3855 ita

135 3894 352 3961 propria
396 3901 453 3945 ut
483 3894 553 3946 sit
586 3892 711 3947 aliis
757 3894 1132 3961 inconjuncta,
1179 3909 1310 3964 ergo
1355 3909 1466 3946 non
1516 3901 1710 3945 natura

136 3983 283 4048 data,
309 4000 436 4052 ergo
467 3991 646 4054 potest
679 3987 926 4053 generari
962 3999 1108 4046 rosa,
1141 3994 1196 4039 et
1250 3987 1369 4038 sine
1411 3984 1584 4053 spinis
1615 3998 1710 4052 ge-

136 4079 338 4130 nerari.
386 4077 490 4130 Sed
536 4076 730 4130 demus
775 4079 938 4130 etiam
981 4092 1096 4130 rem
1149 4077 1223 4129 ita
1283 4092 1341 4132 se
1381 4076 1620 4141 habere,
1658 4083 1711 4130 et

139 4166 279 4220 inter
302 4169 484 4236 spinas
508 4169 683 4230 nasci,
713 4169 973 4237 consequi
1001 4184 1140 4222 rosa
1173 4169 1476 4221 naturalem
1508 4169 1711 4221 consti-

138 4260 418 4314 tutionem.
469 4259 609 4325 Quid
652 4259 814 4313 inde?
857 4258 1127 4321 Culturaa,
1185 4260 1320 4324 soli,
1367 4274 1540 4328 aquae,
1585 4259 1706 4312 caeli

138 4355 338 4403 tantam
363 4366 484 4405 esse
522 4351 634 4418 jam
663 4359 718 4405 et
753 4349 1064 4406 facultatem
1096 4353 1151 4403 in
1185 4351 1407 4420 plantis,
1437 4351 1480 4406 si
1529 4350 1710 4404 Theo-

139 4443 358 4508 phrasto
413 4445 645 4512 aliisque
684 4443 997 4504 credimus,
1036 4451 1096 4495 ut
1133 4444 1304 4497 miras
1360 4443 1712 4497 alterationes

1808 1232 1920 1286 dies
1950 1232 2168 1302 fuerint.
2215 1235 2358 1289 [dem
2390 1235 2552 1290 refert
2588 1236 2680 1291 lib.
2720 1252 2852 1300 xvu,
2887 1252 3009 1307 cap.
3039 1238 3093 1302 2,
3135 1254 3256 1308 qua:
3284 1238 3386 1292 ha-

1809 1325 1928 1380 buit
1969 1341 2034 1380 ex
2081 1323 2481 1397 Theophrasto,
2515 1329 2591 1382 De
2632 1329 2810 1383 causis
2838 1329 3004 1394 plant.
3039 1332 3137 1386 lib.
3173 1349 3230 1396 ιι,
3264 1348 3386 1402 cap.

1809 1415 1870 1470 ﬂ
1898 1436 1911 1470 :
1943 1415 2308 1488 ’Δποϐλητικὰ
2347 1419 2404 1471 δὲ
2450 1419 2682 1488 μάλιστα
2711 1417 2822 1473 τῶν
2855 1419 3083 1491 καρπῶν
3125 1421 3274 1497 πρὶν
3294 1438 3391 1474 πε·

1809 1507 1975 1559 πᾶναι
2013 1507 2172 1575 συκῆ,
2216 1508 2310 1559 καὶ
2342 1506 2536 1574 φοίνιξ,
2585 1508 2678 1560 καὶ
2709 1508 3016 1579 ἀμυγδαλῆ,
3050 1510 3144 1562 καὶ
3191 1510 3388 1581 μηλέα,

1808 1599 1904 1653 καὶ
1950 1599 2126 1662 ἄπιος.
2173 1599 2377 1652 Ἱκανὸν
2426 1600 2534 1670 γάρ
2569 1603 2662 1654 καὶ
2712 1601 2886 1655 ὁτιοῦν
2934 1602 3250 1674 διυγρᾶναι,
3299 1605 3392 1658 καὶ

1809 1691 2034 1754 ἀσθενὲς
2067 1691 2309 1761 ποιῆσαι,
2338 1692 2432 1746 καὶ
2461 1693 2575 1762 ἅμα
2608 1694 2818 1758 τούτοις
2850 1712 2913 1763 γε
2943 1695 3037 1749 καὶ
3066 1695 3393 1768 πνευμάτων

1809 1783 2104 1850 ἐπιγίνεται
2139 1783 2382 1852 μέγεθος.
2433 1784 2500 1836 Ἥ
2528 1785 2582 1836 δὲ
2622 1787 2720 1854 ῥόα
2762 1790 2874 1849 τοῖς
2911 1788 3009 1857 μὲν
3054 1788 3268 1842 ἄνθεσιν
3298 1789 3392 1840 eti-

1812 1873 2184 1935 κατάπτωτος.
2235 1871 2490 1942 ’Δσθενὴς
2520 1872 2628 1944 γὰρ
2662 1874 2842 1926 αὐτῶν
2877 1875 2910 1945 ἡ
2941 1876 3245 1947 πρόσφυσις
3267 1893 3278 1906 ·
3316 1875 3393 1940 ὡς

1811 1965 1855 2018 δ’
1902 1966 2028 2018 ὃταν
2075 1964 2340 2034 ψεκάδια,
2393 1965 2489 2017 καὶ
2526 1965 2704 2036 δρόσοι
2751 1966 3009 2032 πέσωσιν,
3073 1968 3392 2038 εἰσδυόμενα

1813 2055 1952 2108 κατὰ
1981 2055 2044 2106 τὸ
2080 2053 2238 2116 ἄνθος
2271 2054 2582 2126 ἀνυγραίνει
2627 2057 2722 2108 καὶ
2766 2058 2909 2109 ποιεῖ
2939 2056 3037 2128 τὴν
3078 2056 3254 2129 βολήν.
3302 2058 3393 2111 Διδ

1811 2148 1907 2200 καὶ
1937 2147 2232 2215 κατάγουσι
2261 2147 2330 2201 τὰ
2356 2143 2567 2218 δένδρα,
2601 2149 2695 2204 καὶ
2735 2149 2835 2202 οὐκ
2865 2149 3086 2218 ἀφιᾶσιν
3129 2150 3210 2214 εὶς
3236 2149 3388 2219 ὕψος,

1811 2241 1958 2302 ὅπως
2013 2240 2063 2291 οἱ
2116 2239 2320 2293 κύτινοι
2377 2239 2450 2310 μὴ
2501 2239 2651 2310 ὀρθοὶ
2701 2241 2983 2311 γενόμενοι
3031 2241 3291 2312 δέχωνται
3329 2242 3392 2296 τὸ

1811 2332 1995 2402 ὑγρόν.
2028 2333 2092 2383 οι
2124 2331 2180 2383 δὲ
2224 2331 2319 2385 καὶ
2355 2331 2620 2386 ἀνάπαλιν
2667 2332 2944 2386 κελεύουσι
2987 2334 3238 2403 φυτεύειν
3290 2335 3391 2399 τὰς

1813 2424 2042 2493 ῥάϐδους
2082 2421 2272 2478 τούτου
2331 2425 2514 2494 χάριν.
2567 2424 2717 2488 ὅπως
2755 2427 2914 2490 εὐθὺς
2959 2424 3389 2482 κατανεύσωσιν.

1813 2517 1932 2569 Ὅτι
1963 2515 2007 2568 δ’
2037 2516 2273 2587 ὑγρότης
2300 2515 2446 2568 αἰτία
2479 2516 2575 2587 τῆς
2616 2514 2906 2584 ἀποϐολῆς,
2931 2515 3181 2568 κάκεῖθεν
3211 2514 3388 2585 δῆλον.

1809 2611 1874 2660 At
1904 2607 2011 2678 γὰρ
2057 2609 2206 2661 ἄπιοι
2233 2609 2328 2660 καὶ
2361 2605 2688 2678 ἀμυγδαλαῖ,
2723 2606 2829 2659 κᾶν
2873 2606 2949 2677 μὴ
2995 2605 3185 2678 βρέχῃ,
3218 2605 3390 2670 νότιος

1809 2701 1863 2754 δὲ
1966 2702 1995 2752 ὁ
2029 2698 2136 2769 ἀὴρ
2168 2701 2262 2753 καὶ
2296 2699 2579 2770 ἐπινεφὴς,
2614 2695 2977 2752 ἀποϐάλλουσι
3020 2700 3114 2750 καὶ
3154 2698 3222 2752 τὰ
3254 2696 3390 2768 ἄνθη

1811 2805 1904 2844 και
1951 2792 2078 2853 τοὺς
2129 2788 2380 2860 πρώτους
2433 2789 2705 2859 καρποὺς,
2761 2788 2856 2842 ἐὰν
2903 2787 3064 2852 εὐθὺς
3109 2787 3248 2858 μετά
3295 2787 3392 2860 τὴν

1809 2880 2114 2950 ἀπάνθησιν
2178 2875 2232 2952 ᾖ.
2293 2878 2668 2936 Theodoretus
2721 2877 2777 2932 in
2826 2878 3040 2948 capit.t
3089 2877 3391 2944 Hieremic,

1821 2972 2034 3035 Ἰστέον,
2066 2974 2148 3025 ὅτι
2194 2974 2223 3024 ὁ
2261 2972 2509 3043 Ἐϐραῖος
2541 2972 2664 3026 ἀντὶ
2711 2974 2975 3042 καρυῖνης
3021 2970 3392 3041 άμυγδαλίνην

1811 3064 1992 3135 φησίν.
2041 3065 2104 3116 'H
2143 3063 2198 3116 δὲ
2234 3063 2572 3133 άμυγδαλίνη
2607 3063 2668 3116 τὸ
2708 3064 2846 3133 ταχὺ
2878 3063 2976 3133 τῆς
3015 3063 3284 3132 τιμωρίας
3312 3063 3396 3115 αι-

1809 3156 2042 3208 νξττεται
2063 3172 2076 3185 ·
2110 3155 2214 3226 πρὸ
2242 3156 2349 3226 γὰρ
2373 3155 2482 3207 τῶν
2521 3154 2694 3208 ἄλλων
2721 3154 2952 3226 δένδρων
2981 3155 3150 3208 ἀνθεῖ.

1880 3247 2041 3308 una,
2077 3248 2175 3301 lin.
2206 3249 2294 3303 30.
2335 3250 2396 3304 Ἡ
2421 3247 2489 3302 δὲ
2527 3246 2708 3316 πικρὰ
2739 3246 3076 3317 ἀμυγδαλῆ.
3135 3245 3391 3309 Basilius,

1808 3338 2020 3393 Hom.5
2053 3359 2065 3393 :
2102 3340 2234 3393 Τινὰ
2261 3339 2317 3392 δὲ
2357 3341 2451 3393 καὶ
2484 3339 2582 3410 τὴν
2610 3341 2672 3393 ὲκ
2717 3339 2930 3406 φύσεως
2962 3339 3158 3392 κακίαν
3203 3340 3395 3408 ἐπιμε-

1809 3429 1980 3493 λείαις
2026 3431 2287 3501 γεωργῶν
2335 3430 2749 3501 Θεραπευόμενα
2797 3431 3074 3500 ἔγνωμεν·
3129 3425 3242 3485 οἷον
3293 3431 3394 3494 τὰς

1808 3521 1986 3586 ὀξείας
2032 3522 2202 3592 ῥοιὰς,
2248 3522 2340 3575 καὶ
2382 3522 2491 3575 τῶν
2540 3521 2861 3592 ἀμυγδαλῶν
2907 3521 3005 3585 τὰς
3040 3522 3389 3592 πικροτέρας,

1810 3617 1936 3668 ὅταν
1967 3614 2339 3685 διατρηθεῖσαι
2371 3616 2432 3667 τὸ
2474 3615 2611 3684 πρὸς
2645 3617 2710 3684 τῇ
2759 3613 2884 3686 ῥίζῃ
2935 3613 3183 3682 στέλεχος
3216 3614 3393 3683 σφῆνα

1812 3709 2019 3778 πεύκης
2071 3708 2301 3777 λιπαρὸν
2335 3707 2434 3778 τῆς
2480 3705 2804 3776 ὲντεριώνης
2857 3707 3028 3776 μέσης
3079 3705 3394 3760 διελαθέντα

1809 3801 2086 3867 δέξωνται,
2124 3802 2202 3863 εἰς
2226 3799 2554 3871 εὐχρηστίαν
2588 3797 2982 3868 μεταϐάλλουσι
3007 3799 3127 3852 τότε
3167 3797 3261 3853 τοῦ
3295 3817 3393 3868 χυ-

1817 3892 1917 3962 μού
1966 3892 2068 3960 τὴν
2117 3891 2451 3960 δυσχέρειαν.
2481 3887 2911 3958 Theophrastus,
2952 3887 3157 3944 Hister.
3214 3888 3392 3957 plant.

1814 3986 1908 4038 lib.
1937 4001 1997 4045 ιι.
2043 3998 2164 4050 cap.
2194 3984 2247 4046 8,
2294 3982 2631 4053 amygdalam
2675 3997 2741 4037 ex
2783 3997 2968 4035 amara
3013 3983 3223 4038 dulcem
3248 3981 3387 4038 effici

1813 4078 1948 4138 vult,
1982 4077 2026 4130 si
2075 4078 2198 4145 quis
2241 4076 2470 4130 caudice
2509 4073 2872 4129 circumfosso
2910 4075 3394 4144 preterl‘oratoque

1815 4186 2071 4224 mensura
2116 4167 2424 4222 dodrantali
2463 4166 2705 4236 undique
2745 4169 3038 4237 lacrymam
3088 4166 3391 4221 eiﬂuentem

1816 4265 1869 4316 iu
1924 4264 2065 4317 idem
2125 4263 2364 4318 deﬂuere
2413 4261 2577 4316 sinat.
2620 4259 2755 4315 Vide
2798 4261 3071 4329 ejusdem,
3115 4259 3192 4312 De
3221 4258 3394 4312 causis

1811 4353 1980 4419 plant.
2019 4352 2112 4405 lib.
2149 4369 2187 4415 ι,
2220 4353 2384 4421 capit.
2417 4351 2506 4413 2i,
2538 4365 2648 4419 quo
2677 4351 2798 4403 loco
2840 4350 3178 4420 amygdalam
3203 4349 3395 4403 humo-

1817 4445 1893 4499 ris
1934 4445 2264 4498 abundantia
2314 4443 2553 4498 sterilem
2611 4442 2691 4496 sic
2729 4442 2982 4512 castigari
3035 4441 3202 4494 tradit
3248 4440 3389 4494 Plin.

141 4535 572 4603 mutationesque
609 4536 662 4587 in
705 4535 770 4588 iis
799 4534 1043 4602 quotidie
1067 4542 1381 4595 cernantur,
1413 4540 1467 4587 et
1493 4533 1704 4604 Hippon
1740 4553 1784 4608 ο
1817 4538 1908 4591 lib.
1948 4553 2078 4598 xvn,
2110 4550 2229 4606 cap.
2262 4537 2356 4589 '27:
2382 4534 2692 4605 Amygdalte
2716 4551 2781 4591 ex
2809 4535 3007 4588 amaris
3042 4533 3217 4587 dulces
3261 4534 3394 4602 ﬁunt

144 4635 324 4680 auctor
344 4634 446 4689 est,
473 4640 689 4679 onmem
724 4627 987 4695 plantam,
1019 4635 1072 4679 et
1099 4627 1428 4690 silvestrem,
1459 4636 1512 4680 et
1543 4627 1707 4680 urba-

140 4730 258 4770 nam
293 4721 498 4773 t-ultum
533 4719 803 4788 adeptam,
836 4728 929 4772 aut
953 4735 1060 4772 non
1094 4722 1345 4789 adeptam
1369 4719 1503 4773 eiiici
1524 4734 1706 4787 posse,

139 4821 188 4861 et
241 4821 522 4880 peccatum
573 4811 626 4865 id
677 4826 782 4865 non
823 4811 1018 4881 faciet?
1063 4826 1220 4879 pinna
1275 4811 1520 4879 peccati?
1567 4801 1744 4864 Deus.

143 4901 290 4970 ipse?
348 4905 521 4970 Adde,
555 4908 743 4975 spinas
774 4911 828 4957 et
863 4904 1097 4958 tribulos
1131 4903 1454 4972 germinabit
1505 4903 1621 4956 tibi.
1653 4901 1708 4954 Si

137 4997 242 5064 jam
272 5011 426 5057 erant
457 5005 646 5072 spinae,
684 5003 728 5057 si
767 5002 880 5071 jam
914 5000 1124 5064 tribuli,
1160 5000 1340 5053 inania
1372 4999 1552 5053 divina
1587 5015 1712 5054 ver-

143 5087 224 5153 ba,
249 5093 427 5148 inanis
451 5110 608 5162 paena
633 5101 686 5147 et
713 5091 1046 5155 maledictio,
1063 5091 1314 5160 quamvis
1337 5090 1488 5142 dicas
1518 5089 1707 5152 fuisse,

143 5183 228 5235 sed
274 5202 382 5239 non
430 5187 484 5238 in
521 5199 763 5255 poenam.
799 5183 925 5239 Haec
963 5191 1112 5244 sunt,
1159 5180 1362 5245 Pereri,
1394 5196 1536 5251 quae,
1571 5189 1631 5235 et
1664 5181 1715 5236 si

143 5285 242 5326 non
265 5283 411 5329 esset
443 5273 741 5332 Eustathii.
777 5273 987 5336 Basilii,
1019 5272 1332 5341 Augustini,
1357 5287 1592 5340 quorum
1616 5286 1712 5340 pa-

147 5372 278 5419 trum
306 5371 319 5420 !
352 5369 672 5430 auctoritas,
724 5368 992 5421 inducunt
1028 5377 1087 5421 ut
1115 5367 1333 5421 credam
1380 5381 1558 5419 rosam
1587 5372 1712 5419 ante

147 5469 415 5522 peceatum
443 5458 642 5513 factam
675 5475 797 5514 esse
829 5460 1035 5528 absque
1068 5455 1261 5528 spinis.

209 5553 321 5608 Col.
353 5552 474 5607 716.
497 5553 592 5606 lin.
615 5553 705 5605 ‘28.
737 5554 796 5607 Ἡ
837 5553 904 5605 δὲ
925 5552 1245 5622 ἀμικνγδαλῆ
1269 5552 1484 5619 πρώτη.
1502 5550 1712 5607 Plinius

147 5641 261 5699 libr.
296 5662 408 5708 xvi,
447 5643 647 5697 Natur.
686 5642 857 5705 Hist,
891 5661 1010 5714 cap.
1041 5645 1133 5708 25,
1169 5643 1252 5696 Ex
1296 5644 1376 5698 [iis
1405 5661 1520 5714 qua:
1548 5645 1713 5700 hieme

152 5739 315 5800 aquila
347 5739 634 5798 exoriente,
653 5747 709 5789 ut
740 5737 994 5804 diximus,
1021 5740 1342 5805 concipiunt,
1368 5739 1519 5806 ﬂoret
1541 5741 1713 5806 prima

155 5835 366 5885 onmiunt
400 5829 686 5901 amygdala
730 5848 902 5885 mense
927 5830 1215 5896 Januario,
1257 5829 1455 5885 Martio
1484 5848 1600 5884 vero
1623 5848 1714 5900 po-

1813 4631 1860 4682 si
1889 4628 2236 4696 circumfosso
2285 4630 2479 4694 stipite,
2509 4637 2557 4681 et
2587 4627 2651 4681 ab
2693 4629 2801 4680 ima
2839 4638 2987 4691 parte
3017 4626 3395 4692 circumforato

1811 4722 2043 4788 deﬂuens
2073 4722 2265 4789 pituita
2313 4722 2666 4790 abstergatur.
2713 4719 3006 4773 Africanus
3045 4719 3186 4788 apud
3225 4718 3394 4773 Geor-

1811 4816 2043 4882 gicorum
2080 4815 2427 4868 collectorem
2458 4813 2551 4865 lib.
2600 4829 2654 4870 ιι.
2698 4811 2980 4867 medicinae
3011 4811 3174 4879 hujus
3204 4810 3396 4866 memi-

1812 4906 1892 4956 nit
1925 4913 1978 4957 et
2007 4904 2143 4958 alias
2181 4904 2364 4957 subdit
2397 4903 2691 4957 ;Γλυκεῖαν
2722 4904 2778 4956 δὲ
2815 4905 2878 4956 ἐκ
2911 4905 3114 4974 πικρᾶς
3151 4903 3395 4971 ποιήσεις

1813 5001 1880 5062 εἰ,
1922 5000 2270 5070 ὲκτρυπήσας
2297 5000 2358 5051 τὸ
2387 4999 2628 5071 πρέμνον
2657 4999 2748 5050 ἐπὶ
2773 4998 3077 5067 παλαιστὴν
3102 4999 3160 5050 ὲν
3192 5012 3390 5065 τετρα-

1813 5094 1990 5163 γώνῳ,
2037 5093 2096 5145 τὸ
2136 5093 2369 5157 δάκρυον
2404 5093 2596 5164 ἐκδέξῃ
2641 5092 2700 5144 τὸ
2735 5094 2854 5143 κατ’
2897 5091 3161 5153 ἐνιαυτὸν,
3191 5091 3295 5152 ἕως
3328 5088 3393 5142 ἂν

1813 5185 2084 5255 γλυκανθῇ
2137 5186 2368 5238 Κάλλιον
2399 5186 2456 5238 δέ
2484 5201 2625 5246 τινες
2649 5182 2928 5244 ποιοῦντες
2958 5180 3392 5252 περιορύττουσι,

1815 5279 1907 5330 καὶ
1951 5276 2334 5346 περιϐάλλουσι
2364 5278 2565 5346 κόπρον
2609 5277 2758 5328 ὑείαν
2806 5275 3127 5345 ἐπιχέαντες
3177 5272 3271 5326 καὶ
3306 5267 3395 5325 οὗ·

1817 5388 1928 5441 ρον,
1978 5365 2096 5422 εἶτα
2154 5370 2569 5441 προσχώσαντες
2623 5368 2908 5440 ἀρδεύουσι
2966 5369 3086 5420 κατ’
3127 5363 3390 5426 ἐνιαυτὸν,

1814 5464 1918 5524 ἕως
1942 5457 2001 5514 οὗ
2041 5462 2406 5530 γλυκανθῶσι.
2442 5463 2558 5514 Πᾶν
2587 5461 2642 5513 δὲ
2684 5460 2934 5528 στέλεχος
2963 5456 3275 5526 άμυγδαλῆς
3303 5456 3394 5508 ὲκ·-

1816 5555 1980 5608 κοπὲν
2020 5554 2310 5609 ἀποϐάλλει
2350 5555 2439 5607 τὸν
2483 5553 2714 5622 καρπόν.
2777 5553 2993 5621 Απαλὴν
3038 5550 3094 5603 δὲ
3139 5549 3231 5602 καὶ
3260 5547 3392 5614 γλυ-

1815 5652 1965 5701 κεῖαν
2011 5651 2073 5700 ὲκ
2106 5647 2346 5717 σκληρᾶς
2388 5648 2480 5699 καὶ
2533 5646 2732 5716 πικρᾶς
2764 5646 3027 5713 ποιήσεις,
3069 5643 3117 5693 εἰ
3151 5640 3220 5692 τὰ
3265 5640 3394 5708 stipi

1814 5742 1874 5792 τὸ
1909 5740 2156 5808 στέλεχος
2190 5740 2292 5802 ἕως
2325 5740 2431 5792 τῶν
2470 5739 2560 5790 ἐπὶ
2593 5737 2791 5806 πολλῆς
2822 5735 2983 5806 ῥιζῶν
3023 5730 3390 5801 γυμνώοιιας,

1816 5834 1910 5885 καὶ
1958 5831 2277 5903 άρδεύσειας
2326 5831 2565 5900 συνεχῶς
2617 5829 2769 5883 ὕδατι
2802 5826 2988 5899 θερμῷ
3022 5825 3125 5895 πρὸ
3174 5823 3270 5894 τῆς
3304 5821 3395 5874 dv—
