4042 6338
117 400 266 457 857

1173 399 1238 453 IN
1279 400 1651 457 EUSTA'I'IHI
1678 401 2150 458 HEXAEMERON
2181 403 2411 459 ΝΟΤΑΞ.

3309 407 3417 463 858

71 595 82 602 _
123 520 434 593 Aigypto;
474 520 672 576 Strabo
705 519 801 573 lib.
843 536 934 574 ut
980 519 1237 576 silvestre
1286 524 1439 577 nasci
1487 522 1654 576 tradit
1687 523 1741 575 in
1775 532 1819 583 Α
1850 524 2064 577 sa-culis
2091 535 2383 587 excoctum,
2408 524 2612 594 glebam
2638 524 2798 578 habui
2827 536 3033 579 erutam
3069 539 3226 594 prope
3273 524 3417 578 Nar-

65 601 84 624 ’³’
124 614 457 669 maritimis
491 610 805 668 Sabeorum
834 630 852 680 ;
895 610 1308 684 Theophrastus
1339 615 1592 668 silvestre
1624 614 1740 667 bal-

125 720 378 760 samum
411 705 619 758 nullum
660 717 892 773 usquam
934 713 1210 774 repertum
1247 706 1489 774 accepit;
1536 702 1742 757 Pausa—

125 795 288 847 nias
325 795 378 847 iu
407 793 654 846 Bteoticis
686 794 912 848 arbores
942 793 1000 848 in
1036 797 1235 850 Arabia
1270 795 1555 858 describit,
1591 810 1740 864 myr—

122 891 347 939 torum
395 887 791 955 magnitudine,
829 886 975 942 foliis
1008 889 1266 942 amaraci.
1313 885 1446 940 Vide
1475 887 1741 956 reliquam

71 995 74 998 ·
123 978 454 1032 historiam
489 979 801 1047 viperarum
851 979 956 1034 sub
994 980 1115 1047 ejus
1154 979 1346 1034 fronde
1385 979 1737 1032 latitantium.

132 1068 378 1123 Plinius
403 1071 573 1125 incidi
604 1071 768 1134 vitro,
795 1071 971 1140 lapide
998 1073 1282 1140 osseisque
1303 1072 1566 1134 cultellis,
1599 1069 1743 1124 ferro

129 1159 311 1223 laedi,
338 1160 747 1232 Theophrastus
781 1163 974 1218 ferreis
1014 1164 1289 1231 unguibus
1323 1163 1455 1217 caedi
1481 1203 1497 1228 ,
1531 1160 1742 1215 Plinius

130 1255 400 1322 primam
435 1255 666 1324 gratiam
709 1271 832 1309 esse
877 1255 1152 1326 lacrym'aa,
1199 1254 1496 1310 secundam
1524 1252 1739 1314 semini,

131 1345 394 1397 tertiam-
425 1347 643 1409 cortici,
673 1346 955 1400 minimam
1005 1346 1154 1416 ligno
1176 1347 1289 1412 ait;
1332 1343 1744 1414 Theophrastus

131 1436 402 1505 primam
434 1436 672 1500 fructus,
709 1437 1006 1493 secundam
1041 1439 1320 1506 lacrymae,
1355 1437 1604 1490 ultimam
1629 1437 1742 1490 vir-

134 1542 381 1595 garum.
411 1525 692 1582 Diversam
724 1529 890 1597 hujus
936 1529 1170 1584 balsami
1223 1528 1517 1598 colligendi
1569 1529 1740 1581 ratio-

134 1632 289 1670 nem
327 1619 449 1674 sine
495 1635 732 1674 censura
783 1628 973 1674 narrat
1007 1619 1319 1673 Brocardus
1356 1620 1657 1672 monachus
1688 1627 1742 1673 et

135 1724 215 1764 se
256 1711 464 1765 vidisse
510 1710 728 1776 fatetur,
772 1711 827 1765 in
874 1711 1243 1780 descriptione
1275 1719 1431 1766 teme
1487 1720 1688 1766 sanctie
1724 1730 1737 1765 :

137 1800 263 1855 Est
284 1803 456 1857 etiam
490 1803 563 1855 ibi
596 1804 782 1857 hortus
812 1802 1073 1866 Balsami,
1105 1805 1196 1873 qui
1243 1806 1502 1873 irrigatur
1536 1822 1566 1857 a
1597 1804 1741 1870 fonte

134 1908 346 1959 parvo.
372 1895 629 1948 uberrime
675 1905 847 1949 tamen
887 1896 1098 1963 fluente,
1125 1896 1179 1948 in
1205 1912 1306 1964 quo
1349 1897 1496 1948 aiunt
1531 1895 1737 1950 beatam

151 1983 442 2055 Virginem
472 2003 691 2055 puerum
719 1985 902 2040 Iesum
939 1987 1127 2040 lavisse
1152 2003 1168 2039 :
1190 1987 1251 2038 ob
1286 1986 1340 2038 id
1370 1986 1591 2040 habetur
1620 1989 1736 2057 fons

138 2075 252 2128 ille
293 2079 348 2128 in
379 2080 726 2140 veneratione,
752 2077 941 2130 nedum
987 2094 1019 2129 a
1053 2075 1391 2139 Christianis,
1423 2094 1596 2130 verum
1625 2089 1672 2132 et
1707 2097 1738 2132 a

142 2163 472 2220 Saracenis.
509 2167 725 2220 Modum
770 2168 1049 2237 colligendi
1097 2167 1390 2221 balsamum
1437 2169 1575 2222 hunc
1613 2169 1740 2222 mihi

146 2254 428 2309 Saraceni
449 2258 805 2311 ostenderunt.
837 2257 1138 2326 Carpebant
1168 2259 1355 2326 folium
1386 2275 1548 2312 unum
1578 2277 1608 2310 a
1639 2260 1738 2312 sti-

139 2350 293 2413 pite,
342 2349 609 2402 adiicerent
641 2350 781 2402 enim
813 2350 945 2416 folia
996 2351 1187 2417 stipiti,
1221 2361 1267 2402 et
1301 2360 1489 2403 contra
1529 2349 1735 2403 radium

149 2439 300 2492 solis
336 2439 471 2491 illud
500 2440 870 2506 discerpentes,
902 2449 1102 2509 guttam
1149 2439 1532 2492 lucidissimam
1575 2449 1625 2492 et
1658 2457 1741 2492 su-

147 2546 265 2596 pra
315 2529 528 2582 modum
564 2531 883 2599 odoriferam
915 2531 1207 2583 elicuerunt
1242 2546 1260 2582 :
1291 2539 1339 2583 et
1371 2534 1414 2583 is
1459 2542 1537 2584 est
1590 2547 1736 2584 verus

149 2624 340 2692 liquor
379 2622 649 2676 balsami:
682 2625 770 2692 qui
798 2625 851 2676 in
891 2624 1101 2689 phialas
1143 2625 1333 2676 vitreas
1370 2623 1657 2692 colligitur,
1689 2634 1738 2676 et

148 2713 230 2766 ad
254 2715 491 2767 diversas
524 2715 705 2767 mundi
729 2724 907 2779 partes
929 2715 1182 2775 mittitur,
1216 2716 1426 2768 tametsi
1460 2732 1585 2768 raro
1625 2716 1738 2768 sine

150 2804 402 2857 mixtura
437 2803 506 2856 ad
537 2806 766 2873 regiones
797 2814 1003 2857 nostras
1046 2805 1329 2871 perveniat.
1358 2805 1519 2857 Aiunt
1552 2805 1737 2868 etiam,

148 2898 202 2949 si
243 2897 435 2962 folium
475 2896 607 2949 illud
638 2908 823 2950 contra
853 2897 1060 2950 radium
1087 2898 1215 2951 solis
1248 2913 1349 2950 non
1381 2897 1738 2966 frangeretur,

153 2981 378 3036 minime
407 2998 620 3036 succum
654 2985 806 3035 illum
839 2985 1091 3040 stillaret.

231 3073 356 3127 Col.
385 3075 511 3140 7l7,
552 3076 650 3129 liu.
690 3077 776 3129 15.
807 3076 1128 3144 ἰστοροῦσι
1149 3077 1216 3130 δέ
1232 3093 1387 3143 τινες
1404 3076 1582 3130 καὶτὸ
1598 3075 1739 3144 ἢλε-

153 3183 364 3235 κτρον.
403 3158 660 3230 Basilius,
704 3167 850 3220 liom.
896 3169 949 3231 5,
992 3168 1162 3236 Λόγος
1197 3168 1254 3221 δέ
1298 3169 1380 3232 τίς
1412 3170 1528 3222 ἐστι
1557 3169 1652 3222 καὶ
1677 3169 1737 3221 τὸ
1768 3207 1810 3264 C

153 3257 427 3330 ἧλεκτρον
448 3259 578 3311 ὀπὸν
603 3255 741 3312 εἶναι
766 3260 946 3328 φυτῶν
969 3262 1048 3323 εἰς
1072 3261 1218 3313 λίθου
1243 3261 1401 3330 φύσιν
1427 3261 1745 3332 ἀποπηγνύς-

160 3365 348 3417 μενον.
377 3346 589 3403 Psellus
637 3348 700 3402 de
732 3347 996 3416 lapidibus
1025 3351 1222 3418 duplex
1254 3351 1515 3404 electrum
1543 3352 1743 3405 consti-

159 3445 296 3504 tuit,
343 3455 510 3494 unum
547 3440 816 3503 Iudicum,
871 3440 1102 3493 alterum
1156 3440 1484 3509 Libyticum.
1530 3451 1584 3494 et
1611 3441 1742 3494 dicit

156 3532 394 3601 reperiri
422 3531 577 3599 juxta
609 3529 831 3584 ﬂuvium
871 3529 1188 3590 Eridanum.
1240 3530 1445 3594 subdit,
1483 3532 1655 3583 Ἔνιοι
1683 3531 1740 3583 δὲ

159 3625 260 3682 καὶ
282 3624 514 3692 δάκρυον
531 3623 662 3676 αὑτό
683 3640 810 3691 φασι
826 3623 1037 3694 δένδρου
1064 3623 1223 3686 τινός.
1257 3613 1468 3692 Κὸὖφον
1497 3623 1605 3694 γάρ
1626 3627 1740 3676 ἐστι

158 3716 257 3768 καὶ
280 3715 559 3786 θυμιᾶται,
589 3716 663 3779 ὡς
692 3719 720 3768 ὁ
751 3714 1040 3778 λιϐανωτὸς
1073 3717 1165 3768 καὶ
1195 3718 1227 3784 ή
1262 3717 1515 3786 μαστίχη.
1547 3716 1740 3771 Varias

163 3815 453 3861 auctorum
502 3808 800 3862 sententias
849 3806 916 3860 de
969 3808 1233 3872 succino,
1289 3818 1340 3861 et
1383 3812 1503 3876 ejus
1531 3811 1741 3879 origine

158 3899 385 3968 collegit
433 3898 662 3964 Plinius,
716 3899 813 3955 lib.
865 3914 1074 3962 xxxv”,
1130 3914 1247 3968 cap.
1302 3900 1336 3952 2
1391 3909 1444 3955 et
1497 3903 1552 3965 5,
1602 3918 1739 3971 quas

159 3985 254 4041 hic
281 4003 566 4043 recensere
593 3989 836 4058 ineptum
881 4003 1002 4042 esse
1039 3989 1191 4043 duxi.
1230 3988 1284 4043 Si
1307 3992 1432 4059 quis
1461 3991 1740 4046 eruditio-

162 4094 293 4134 nem
331 4083 468 4134 tanti
514 4083 617 4136 viri
647 4092 701 4136 et
753 4081 1012 4137 admirari
1043 4090 1096 4138 et
1141 4087 1390 4138 venerari
1437 4085 1733 4152 desiderat,

163 4171 328 4226 adeat
368 4175 545 4228 locum
581 4176 779 4229 mirum
823 4192 977 4237 sane,
1007 4184 1058 4230 et
1086 4177 1398 4230 omnimoda
1447 4179 1736 4247 prudentia

161 4262 527 4335 doctrinaque
583 4265 1028 4322 refertissimum.
1078 4265 1188 4321 Nos
1245 4267 1441 4321 miselli
1493 4268 1623 4322 item
1681 4277 1736 4323 et

161 4368 435 4425 pauperes
465 4357 531 4411 ad
577 4359 730 4412 illum
768 4359 901 4428 quid
934 4358 1237 4412 addemus?
1270 4357 1599 4413 Aristoteles
1637 4358 1732 4413 lib.

165 4443 244 4505 De
285 4447 617 4504 mirabilibus
664 4450 1042 4507 auscultation.
1090 4451 1154 4504 ad
1209 4449 1398 4503 ﬁctitia
1449 4460 1734 4520 poetarum

1847 616 2031 668 bouem
2064 619 2115 669 in
2172 616 2286 684 ejus
2325 616 2520 683 lapidis
2571 619 2766 686 fodinis
2797 618 3021 672 dimidia
3054 633 3118 672 ea:
3142 627 3293 686 parte
3336 619 3417 670 ni-

1845 725 1991 779 gram
2021 749 2036 772 ,
2090 710 2265 762 altera
2317 707 2533 776 ﬂavam,
2585 710 2786 762 succini
2841 709 2994 764 modo
3025 725 3042 763 :
3072 710 3210 777 quod
3259 726 3417 777 argu-

1843 809 2018 853 mento
2073 800 2369 853 certissimo
2411 809 2511 864 est,
2549 801 2818 853 succinum
2858 818 2918 855 eo
2955 801 3108 854 modo
3133 802 3274 870 gigni
3314 817 3417 872 quo

1840 890 2095 945 diximus.

1825 952 1865 997 ο
1919 983 2076 1048 lbid.,
2120 984 2218 1038 lin.
2255 973 2357 1038 19..
2379 985 2559 1038 Τοῦτο
2589 984 2656 1036 τὸ
2689 984 2942 1049 ἡλιακὸν·
2968 985 3112 1054 φῶς.
3154 985 3414 1052 Quasnam

1847 1074 2014 1128 fuerit
2046 1077 2138 1128 lux
2172 1076 2263 1129 illa
2305 1077 2479 1145 prima
2537 1077 2733 1145 priscis
2785 1077 2893 1128 illis
2935 1078 3271 1146 temporibus
3309 1091 3410 1131 nec

1846 1180 1953 1219 non
1985 1166 2133 1220 bisce
2158 1167 2362 1220 nostris
2395 1175 2817 1220 controversum
2848 1166 3027 1220 adhuc
3060 1175 3178 1223 est:
3212 1167 3279 1221 de
3299 1181 3409 1236 qua

1845 1257 1966 1311 fuse
1998 1265 2052 1310 ct
2098 1259 2379 1312 enucleate
2409 1258 2568 1310 multi
2614 1258 2986 1326 disputarunt.
3040 1258 3410 1315 Damascenus

1848 1350 1946 1402 lib.
1980 1365 2042 1414 ll,
2085 1348 2209 1402 Fid.
2245 1350 2475 1418 ortltod.,
2510 1365 2560 1404 c.
2601 1351 2650 1413 7,
2691 1352 2987 1415 existimat,
3037 1352 3212 1405 lucem
3265 1353 3413 1406 illam

1846 1441 2017 1496 fuisse
2039 1441 2368 1494 elementum
2413 1443 2570 1511 ignis.
2606 1443 2929 1496 Ambrosius
2967 1440 3294 1498 Cathariuus
3342 1445 3418 1497 ait

1844 1532 2020 1586 lucem
2056 1533 2201 1584 illam
2235 1531 2401 1586 fuisse
2433 1532 2606 1586 lucem
2656 1533 2788 1586 solis
2821 1533 3139 1601 perfectam,
3167 1550 3322 1604 atque
3352 1549 3416 1589 ac

1845 1635 1991 1674 nunc
2018 1628 2134 1686 est;
2170 1605 2332 1688 Cujus
2365 1620 2720 1689 perfectionis
2752 1637 2801 1675 ei
2845 1624 3273 1690 pulchritudinis
3303 1641 3417 1678 ma-

1843 1730 2006 1783 gnum
2041 1730 2163 1768 esse
2189 1722 2591 1783 argumentum,
2622 1717 2766 1783 quod
2799 1732 2860 1768 ea
2893 1716 3033 1772 Deus
3064 1719 3181 1786 ipse
3198 1735 3302 1773 suo
3329 1720 3420 1788 ju-

1843 1805 1990 1858 dicio
2024 1805 2420 1873 comprobavit.
2451 1804 2593 1858 Beda
2645 1807 2696 1857 in
2726 1804 3004 1870 Πάτρωνι,
3036 1805 3294 1863 Nicolaus
3344 1810 3419 1865 De

1854 1896 1992 1966 lyra,
2023 1894 2318 1957 Tostatus,
2355 1902 2407 1948 et
2467 1897 2558 1948 alii
2610 1897 2947 1950 arbitrantur
2995 1901 3225 1968 primam
3271 1900 3418 1955 illam

1850 1987 2025 2040 lucem
2078 2000 2184 2039 non
2219 1984 2390 2040 fuisse
2421 1987 2613 2048 solem,
2653 1989 2746 2042 sed
2781 2003 2983 2057 corpus
3027 1993 3302 2059 quoddam
3336 1993 3419 2046 lu-

1846 2077 2026 2129 cidum
2076 2074 2142 2128 ad
2203 2076 2612 2130 similitudinem
2646 2077 2831 2132 densae
2879 2081 3221 2151 lucentisque
3256 2084 3418 2138 nubis

1847 2169 1902 2222 in
1947 2169 2214 2237 superiori
2247 2175 2398 2237 parte
2427 2170 2614 2224 mundi
2660 2171 2937 2232 videlicet,
2971 2174 3026 2226 in
3074 2190 3181 2243 qua
3229 2188 3416 2246 postea

1848 2261 1929 2315 sol
1959 2269 2043 2313 est
2074 2260 2305 2326 positus,
2338 2261 2480 2330 quod
2501 2262 2646 2316 circa
2681 2263 2990 2318 densiorcm
3020 2267 3260 2320 materia:
3285 2284 3414 2336 par-

1849 2360 1977 2416 tem,
2005 2366 2126 2420 quae
2150 2352 2386 2404 medium
2416 2355 2600 2407 mundi
2625 2356 2802 2408 locum
2839 2358 3414 2425 circumplectebatur,

1846 2443 1902 2494 in
1937 2441 2123 2493 orbem
2161 2456 2511 2508 conversum,
2544 2445 2755 2496 dierum
2810 2453 2864 2498 ct
2898 2447 3142 2499 noctium
3197 2449 3416 2503 vicissi-

1845 2532 2066 2585 tudines
2099 2530 2386 2592 elliciehat,
2417 2541 2470 2586 et
2497 2549 2560 2586 ex
2593 2535 2685 2587 illo
2719 2535 2901 2588 lucido
2937 2551 3167 2605 corpore
3201 2548 3415 2608 postea,

1844 2633 2040 2693 quarto
2071 2623 2159 2677 die
2193 2623 2459 2676 formatus
2497 2633 2578 2677 est
2620 2625 2700 2677 sol
2729 2626 3012 2692 amplioris
3074 2629 3420 2694 praestantio-

1846 2714 2034 2782 risque
2057 2714 2196 2786 lucis
2220 2713 2523 2767 additione.
2545 2713 2840 2785 Dionysius
2862 2716 3189 2788 Areopagita
3213 2727 3354 2788 part.
3378 2737 3417 2784 ι,

1846 2819 1967 2875 cap.
1997 2806 2051 2868 4,
2086 2805 2159 2860 De
2188 2807 2351 2862 dit-in.
2380 2809 2608 2871 nomin.,
2643 2825 2804 2878 quem
2839 2820 3145 2880 sequuntur
3176 2812 3237 2866 Ι).
3273 2814 3420 2868 Thoo-

1845 2912 1964 2951 mas
2009 2899 2182 2967 prima
2217 2907 2370 2968 parte
2408 2907 2603 2968 qua-st.
2642 2901 2734 2962 67,
2773 2908 2878 2956 art.
2919 2901 2974 2964 4,
3009 2911 3061 2955 et
3094 2913 3288 2973 qumst.
3330 2906 3416 2970 70.

1846 2997 1952 3044 art.
1985 2989 2009 3042 l
2036 3007 2050 3056 ;
2078 2989 2370 3061 Dionysius
2401 2991 2806 3047 Carthusianus
2830 3008 2996 3063 super
3020 2995 3255 3063 primum
3291 3011 3418 3066 cap.

1845 3080 2043 3135 Cenes.
2097 3089 2201 3136 art.
2248 3082 2314 3147 9;
2351 3081 2607 3137 Pererius
2661 3093 2714 3138 et
2769 3085 2860 3138 alii
2911 3087 3249 3152 existimant,
3307 3103 3418 3143 non

1845 3174 2005 3228 aliam
2037 3173 2224 3238 fuisse,
2255 3190 2417 3243 quam
2471 3176 2645 3230 lucem
2672 3177 2824 3240 solis,
2858 3178 2951 3232 sed
2996 3181 3170 3248 primo
3197 3181 3418 3250 quidem

1844 3261 1933 3315 die
1959 3262 2123 3316 veluti
2173 3261 2484 3327 informem,
2521 3273 2574 3318 et
2617 3266 2990 3334 imperfectam
3028 3284 3149 3324 esse
3184 3270 3414 3336 factam,

1842 3362 2040 3423 quarto
2064 3361 2243 3407 autem
2262 3355 2348 3408 die
2366 3353 2534 3410 fuisse
2551 3357 2855 3410 absolutam
2880 3367 2930 3412 et
2955 3372 3415 3416 consummatam.

1840 3445 1982 3498 Αὐτὸ
2012 3446 2119 3517 γάρ
2149 3447 2265 3498 ἐστι
2293 3445 2354 3499 τὸ
2381 3447 2513 3516 φῶς,
2542 3451 2589 3501 εἰ
2625 3451 2716 3502 καὶ
2743 3450 2862 3502 τότε
2892 3451 3298 3521 ἀσχημάτιστον
3325 3448 3413 3522 ἦν,

1841 3539 1977 3608 ὅπερ
2007 3540 2037 3590 ὁ
2070 3539 2210 3602 θεῖος
2264 3538 2368 3608 ἔφη
2414 3540 2638 3607 Μωσῆς,
2689 3543 2784 3594 καὶ
2829 3542 2996 3611 αὐτὴν
3048 3543 3264 3612 ἐκείνην
3318 3546 3417 3616 τὴν

1842 3629 2062 3701 πρώτην
2098 3631 2276 3702 ὁρίσαι
2310 3631 2419 3684 τῶν
2459 3632 2578 3685 καθ’
2619 3634 2764 3702 ἡμᾶς
2797 3634 3016 3705 ἡμερῶν
3057 3635 3267 3705 τριάδα,
3307 3637 3415 3688 Καὶ

1841 3721 2046 3793 ὥσπερ,
2081 3731 2188 3776 etc.
2220 3721 2415 3777 Noster
2439 3732 2650 3788 auctor,
2675 3734 2728 3777 et
2762 3725 2994 3781 Basilius
3019 3742 3140 3779 cum
3173 3743 3238 3780 eo
3264 3727 3414 3781 hom.

1841 3814 1896 3882 6,
1934 3817 2093 3884 cujus
2123 3815 2288 3870 verba
2325 3816 2411 3870 hic
2434 3817 2730 3878 ascribam,
2767 3833 2833 3870 ne
2865 3819 3054 3872 eadem
3086 3821 3288 3890 szepius
3323 3835 3410 3874 co-

1840 3922 1939 3975 gar
1968 3913 2231 3975 repetere,
2250 3907 2414 3961 tradit
2443 3911 2670 3978 primam
2697 3910 2835 3965 hanc
2863 3911 3034 3965 lucem
3064 3911 3234 3966 fuisse
3261 3928 3414 3968 crea-

1840 4005 1950 4049 tam
2005 4013 2100 4066 per
2150 4013 2228 4062 se,
2285 4007 2338 4052 et
2372 4000 2810 4064 immaterialem,
2847 4009 3044 4070 quarto
3093 4010 3276 4054 autem
3326 4003 3414 4057 dic

1841 4079 2044 4134 factum
2078 4098 2198 4137 esse
2229 4097 2428 4153 corpus
2455 4085 2614 4147 solis,
2655 4095 2911 4153 tanquam
2949 4085 3069 4153 ejus
3103 4087 3410 4139 vehiculum

1839 4173 1927 4225 cui
1961 4173 2123 4226 insita
2164 4181 2217 4227 et
2251 4175 2518 4244 impressa
2576 4185 2679 4232 est.
2713 4178 2846 4230 Τότε
2881 4177 2980 4246 μὲν
3012 4177 3118 4248 γὰρ
3151 4178 3288 4247 αὑτὴ
3318 4178 3411 4231 τοῦ

1839 4265 2016 4332 φωτὸς
2035 4267 2065 4333 ἡ
2088 4266 2246 4333 φύσις
2275 4268 2548 4338 παρήχθη,
2577 4268 2670 4321 νῦν
2692 4270 2746 4321 δὲ
2772 4270 3064 4339 τὸὴλιακὸν
3078 4271 3234 4322 τοῦτο
3256 4270 3411 4339 σῶμα

1838 4359 2022 4429 ὄχημα
2046 4356 2182 4412 εἶναι
2213 4359 2286 4428 τῷ
2317 4360 2641 4430 πρωτογόνῳ
2669 4362 2862 4430 ἐκείνῳ
2900 4363 3038 4429 φωτὶ
3077 4362 3408 4432 παρεσκεύαν

1838 4468 1978 4502 σται.
2012 4451 2100 4513 Ὦς
2129 4450 2236 4520 γὰρ
2257 4451 2381 4504 ἄλλο
2403 4450 2462 4503 τὸ
2494 4451 2600 4521 πῦρ
2638 4451 2732 4503 καὶ⁸
2760 4452 2886 4505 ἄλλο
2913 4455 2938 4504 ὁ
2973 4451 3182 4522 λύχνος,
3213 4454 3274 4506 τὸ
3315 4453 3415 4523 μὲν

162 4548 474 4596 commenta
507 4542 727 4612 refugit.
758 4541 1138 4612 Dalecampius
1171 4545 1332 4597 aliam
1379 4544 1593 4597 succiui
1624 4545 1708 4598 ori

1842 4543 1935 4613 τὴν
1962 4542 2053 4594 τοῦ
2076 4542 2326 4612 φωτίζειν
2343 4542 2570 4611 δύναμιν
2599 4543 2739 4612 ἕχον,
2768 4544 2825 4595 τὸ
2851 4543 2906 4595 δὲ
2921 4545 3283 4614 παραφαινειν
3303 4548 3414 4608 τοῖς

162 4631 346 4699 ginem
378 4642 570 4686 contra
607 4632 839 4688 Plinium
867 4635 941 4687 ita
973 4642 1162 4689 narrat
1199 4655 1208 4688 :
1253 4633 1317 4686 In
1345 4635 1573 4703 regione,
1622 4651 1737 4705 qua:

163 4724 434 4776 succinum
478 4727 659 4790 mittit,
710 4726 1002 4795 resiniferte
1048 4728 1208 4781 nulla:
1239 4735 1358 4781 sunt
1391 4727 1626 4781 arbores.
1667 4729 1737 4781 At

164 4816 218 4868 in
255 4818 746 4884 septentrionalium
797 4819 1036 4873 littorum
1076 4830 1251 4873 tractu
1291 4820 1560 4875 bituminis
1602 4833 1738 4875 certe

165 4925 328 4976 genus
373 4910 570 4978 ﬂavum
612 4921 691 4966 est
737 4923 795 4965 ut
820 4914 1027 4984 nigrum
1061 4913 1200 4983 apud
1251 4930 1341 4973 nos
1383 4914 1438 4966 in
1491 4916 1732 4978 Avernis,

163 4998 377 5070 eiusque
407 5002 640 5067 naphtha
666 5003 826 5070 ﬂava,
856 5006 1064 5074 qualem
1097 5023 1124 5060 e
1154 5004 1452 5060 Saxonibus
1485 5006 1734 5074 afferunt,

166 5099 214 5142 et
256 5090 544 5159 petroleum
595 5101 805 5157 vocant,
850 5107 908 5148 ut
944 5097 1082 5163 apud
1124 5113 1217 5150 nos
1250 5107 1388 5149 atra.
1433 5095 1567 5150 Cum
1615 5114 1735 5167 ergo

167 5183 308 5250 fonte
338 5201 432 5238 suo
460 5186 682 5240 scaturit
727 5186 957 5242 bitumen
995 5188 1049 5242 id
1078 5190 1236 5244 molle
1269 5188 1458 5255 adhuc,
1489 5199 1540 5244 et
1582 5192 1738 5261 liqui-

168 5273 314 5339 dum,
350 5276 498 5329 obvia
546 5291 762 5346 quisque
821 5280 1182 5349 amplectitur,
1228 5283 1434 5347 retinet,
1482 5282 1730 5339 includit.

172 5366 367 5425 Fluctu
407 5385 525 5424 vero
573 5368 834 5423 lambente
877 5372 932 5425 in
972 5375 1140 5427 altum
1191 5375 1524 5443 provolutum
1565 5379 1734 5447 magis

172 5465 438 5532 vertigine,
475 5471 523 5515 et
555 5463 840 5532 salsugine,
874 5470 1221 5537 temporisque
1245 5469 1600 5524 diuturnitate
1628 5470 1732 5522 du-

172 5555 344 5615 rescit,
376 5564 433 5607 ut
473 5554 613 5623 apud
654 5571 748 5607 nos
777 5556 1208 5624 pissasphaltum,
1244 5567 1293 5612 et
1312 5560 1431 5629 jam
1475 5569 1586 5613 tum
1615 5579 1732 5614 suc-

174 5641 341 5696 cinum
376 5655 476 5708 est,
514 5647 688 5714 sicque
727 5655 1024 5699 concretum
1060 5648 1117 5701 in
1158 5650 1330 5704 littore
1361 5650 1473 5718 ejus
1513 5655 1736 5705 scaturi-

175 5734 277 5800 gini
317 5738 558 5805 opposito
601 5737 835 5790 adversis
878 5740 1040 5792 ventis
1080 5740 1313 5808 ejicitur.
1347 5742 1589 5813 Gagatis,
1644 5745 1735 5813 qui

180 5831 351 5888 procul
379 5828 541 5884 dubio
577 5828 803 5885 bitumen
833 5839 907 5885 est
942 5831 996 5886 in
1041 5832 1322 5889 visceribus
1352 5844 1507 5891 terra:
1554 5835 1732 5890 multis

1839 4634 2110 4703 δεομένοις
2162 4633 2544 4703 πεποιημένον·
2587 4633 2728 4687 οὕτω
2777 4636 2871 4687 καὶ
2912 4635 2988 4703 τῷ
3041 4636 3423 4707 καθαρωτάτῳ-

1843 4726 2036 4796 ὲκείνῳ
2080 4726 2174 4778 καὶ
2210 4725 2506 4796 εἰλικρινεῖ,
2537 4726 2629 4777 καὶ
2675 4726 2822 4795 ἀΰλῳ
2870 4729 3028 4795 φωτὶ,
3084 4729 3264 4797 ὄχημα
3319 4728 3415 4780 νῦν

1839 4820 1884 4870 oi
1917 4819 2202 4890 φωστῆρες
2229 4818 2760 4889 κατεσκευάσθησαν.
2795 4819 2938 4873 Idem
2971 4821 3182 4874 videtur
3209 4821 3418 4874 sentire

1842 4910 2139 4980 Gregorius
2185 4910 2586 4976 Nazianzenus,
2629 4918 2683 4964 et
2735 4911 2848 4972 alii,
2896 4927 3034 4981 quos
3085 4927 3250 4981 supra
3295 4913 3410 4965 lau-

1840 5001 2109 5056 davimus.
2156 5000 2306 5057 Hanc
2339 5004 2583 5056 ultimam
2621 5006 2967 5064 sententiam,
3013 5003 3264 5072 quamvis
3309 5005 3408 5057 mi-

1841 5111 1958 5149 ram
1984 5110 2013 5149 a
2047 5097 2373 5165 quibusdam
2407 5098 2798 5158 existimatam,
2826 5105 2878 5152 et
2913 5112 3110 5150 n0vum
3145 5097 3402 5150 inducen-

1837 5198 1945 5244 tem
1976 5189 2301 5242 miraculum
2325 5189 2469 5256 quod
2495 5189 2717 5242 minime
2746 5189 3134 5242 admittendum
3155 5189 3208 5241 in
3239 5189 3406 5242 histo-

1837 5283 1918 5334 ria
1950 5281 2247 5336 creationis
2271 5321 2284 5344 ,
2321 5290 2381 5334 ut
2411 5283 2598 5336 multis
2647 5282 2881 5344 videtur,
2919 5283 2973 5336 in
3025 5297 3121 5335 sua
3155 5282 3405 5336 doctrina

1840 5375 1912 5428 ita
1969 5373 2284 5431 defenderet
2338 5371 2693 5442 Palingenius
2754 5389 2820 5427 cx
2872 5373 2956 5427 sui
3005 5372 3226 5426 Zodiaci
3272 5359 3404 5426 Viae

1838 5467 1962 5520 libr.
1993 5480 2089 5529 xu,
2113 5464 2187 5517 ait
2207 5465 2350 5516 enim
2391 5463 2554 5517 Deum
2590 5480 2686 5519 sua
2727 5466 3118 5533 omnipotentia
3142 5481 3203 5518 ac
3229 5467 3406 5518 scien-

1837 5561 1910 5612 tia
1940 5567 2090 5613 extra
2131 5559 2328 5610 cadum
2361 5557 2514 5626 plura
2555 5565 2609 5610 et
2641 5558 2848 5625 majora
2883 5573 3117 5618 creasse,
3157 5558 3410 5625 quinimo

1837 5667 1958 5706 cum
1999 5651 2233 5721 potuerit

2137 5793 2205 5803 —-—
2233 5761 2427 5814 Facere
2460 5763 2689 5829 infinita,
2721 5759 3012 5828 putandum
3045 5771 3119 5812 est

1929 5832 2156 5890 Fecisse
2187 5835 2394 5900 inﬁnita
2427 5849 2728 5902 omnemque
2755 5831 2990 5898 explesse
3016 5832 3261 5901 rigorem,
