4042 6338
645 335 751 391 859

2016 334 2267 391 LEONIS
2306 335 2576 392 ALLATII

3828 340 3916 394 860

756 450 866 504 Nec
889 469 1122 506 servasse
1157 453 1208 503 in
1237 469 1292 506 se
1324 470 1538 515 ranum,
1573 453 1650 506 rel
1696 455 1881 505 inutile
1918 454 2227 522 quidquam.
2261 456 2306 510 Δ
2336 451 2482 503 bavus
2501 451 2554 505 in
2585 449 2796 521 Ed‘ogis
2815 451 3065 522 physicis,
3097 451 3351 507 Julianus
3378 452 3651 523 Apostata
3676 494 3692 518 ,
3724 459 3914 526 hymno

717 562 830 616 lloc
866 573 1042 618 autem
1071 564 1339 619 inlinitum
1361 581 1486 620 esse

682 675 904 747 Puram,
949 678 1286 739 immensam,
1320 688 1370 731 et
1427 681 1541 732 sine
1579 696 1795 747 corpore
1827 683 2014 741 lucem.

752 745 962 821 Pucem,
989 764 1095 816 qua
1120 751 1288 802 nostri
1323 749 1452 803 salis
1486 753 1633 821 longe
1659 745 1830 804 minor
1857 763 1934 804 est
1964 755 2079 812 lux.

748 815 962 891 Lucem,
1000 815 1158 886 quam
1211 822 1401 873 terreni
1435 815 1593 872 oculi'
1615 839 1714 875 non
1755 839 1965 877 cernere
1989 833 2221 891 pauent,

750 885 963 949 Lucem,
991 885 1150 957 quam
1187 906 1252 943 ea:
1281 907 1393 944 sese
1422 892 1642 959 effundit
1693 891 1832 947 Dens
1863 885 2151 962 infinitam.

713 999 779 1054 Et
813 1001 961 1054 illam
1006 1001 1183 1057 lucem
1217 1018 1341 1058 esse
1389 1005 1508 1058 sine
1551 1020 1784 1074 corpore
1828 1004 1973 1074 quod
2002 1006 2223 1061 minime

640 1091 859 1143 videtur
892 1091 1310 1155 inconveniens,
1335 1108 1461 1147 cum
1488 1094 1579 1148 lux
1608 1110 1714 1148 non
1748 1096 2032 1165 proveniat
2054 1111 2082 1148 a
2107 1112 2222 1150 rna-

637 1183 796 1247 teria,
825 1182 918 1238 sed
950 1199 979 1236 a
1010 1183 1182 1237 forma
1206 1225 1222 1251 ,

883 1306 951 1317 —
977 1274 1058 1328 Ex
1081 1292 1186 1346 qua
1220 1278 1295 1331 eis
1328 1287 1377 1329 et
1405 1277 1563 1332 decor
1601 1280 1761 1350 eﬂluit
1784 1281 1973 1334 omnis.

706 1363 839 1430 Quae
871 1382 995 1422 cum
1030 1369 1409 1423 concedantur
1457 1369 1648 1424 formis
1697 1372 2010 1439 corporeis.
2046 1371 2217 1426 multo

633 1457 811 1526 magis
842 1459 1254 1513 concedendum
1278 1470 1360 1515 est
1390 1459 1580 1516 formis
1614 1462 1976 1530 incorporeis.

744 1546 1054 1621 frtrsertim
1079 1566 1196 1603 cum
1228 1553 1334 1604 sint
1374 1567 1522 1618 pure
1551 1554 1743 1621 magis,
1783 1563 1832 1605 et
1863 1562 2061 1610 tenues.
2095 1565 2147 1608 et

743 1618 1039 1694 I_’arti_cipes
1070 1625 1238 1694 multo
1274 1622 1483 1674 uberius
1526 1618 1832 1691 pulchrique
1867 1623 2106 1694 bonique.

747 1687 864 1762 lino
887 1691 1021 1762 inter
1043 1691 1194 1744 diros
1227 1708 1328 1760 quo
1358 1687 1576 1762 quisque
1607 1687 1872 1758 potentior
1898 1687 2074 1758 est,'et

739 1758 961 1832 Qignior
988 1761 1083 1813 ltoc
1121 1758 1280 1814 etiam
1306 1758 1498 1827 majori
1528 1766 1724 1816 lumine
1749 1766 1929 1832 fulget.

749 1827 920 1900 thue
942 1833 1078 1883 inter
1105 1833 1286 1885 stellas
1323 1834 1490 1884 multo
1525 1827 1874 1887 nitidissimus
1904 1845 1982 1889 est
2009 1836 2110 1900 sol,

746 1899 837 1952 Sic
859 1903 995 1954 inter
1029 1903 1176 1955 diros
1213 1904 1346 1955 lucet
1381 1919 1472 1956 rea:
1508 1904 1596 1955 ille
1624 1903 1859 1956 deorum.

743 1967 867 2023 Non
907 1981 1082 2024 tamen
1118 1973 1362 2026 obscurat
1398 1975 1644 2042 reliquos,
1668 1978 1792 2043 quin
1833 1977 2037 2044 per/icit
2067 1975 2208 2030 illos.

633 2058 746 2115 Nec
769 2063 1068 2132 requiritur
1098 2079 1211 2128 aer,
1240 2065 1293 2119 in
1322 2081 1430 2136 quo
1462 2075 1720 2136 tanquam
1760 2069 1813 2121 in
1850 2068 2099 2138 subjecto
2127 2070 2212 2122 lu-

627 2170 751 2209 men
795 2156 928 2210 illud
971 2157 1256 2221 iuberent,
1296 2176 1421 2214 cum
1475 2176 1570 2214 aer
1611 2161 1832 2216 minime
1864 2163 1933 2216 sit
1989 2164 2210 2219 luminis

631 2245 962 2315 subjectum.
1006 2265 1182 2318 neque
1216 2250 1397 2304 lumen
1433 2251 1507 2304 sit
1535 2253 1587 2304 in
1611 2266 1735 2305 aere
1767 2271 1780 2304 :
1816 2251 1930 2304 lmo
1963 2270 2052 2306 aer
2083 2271 2208 2307 con-

632 2347 717 2390 tra
748 2348 824 2391 est
867 2341 919 2392 in
954 2340 1168 2402 lumine,
1208 2349 1262 2394 et
1291 2341 1407 2406 lux,
1444 2352 1588 2396 stare
1631 2353 1799 2411 potest
1836 2346 2029 2414 absque
2068 2348 2208 2398 aeris

627 2430 760 2484 nisu.
781 2428 894 2485 Lux
919 2447 1045 2486 vero
1073 2448 1193 2501 quae
1223 2443 1305 2487 est
1337 2435 1388 2486 in
1423 2435 1655 2496 sole,est
1675 2437 1938 2504 particula
1974 2438 2109 2492 lucis
2131 2440 2208 2490 di-

629 2522 786 2585 vinae,
823 2522 1055 2595 ideoque
1088 2526 1141 2578 in
1177 2527 1292 2580 sole
1318 2527 1560 2590 nitescit,
1583 2529 1832 2597 quamvis
1873 2531 1926 2582 in
1965 2529 2074 2584 Deo
2096 2546 2205 2584 non

624 2615 1121 2683 comprehendatur
1154 2627 1375 2688 propter
1413 2621 1695 2674 materiam
1747 2621 1928 2687 illius,
1960 2638 2079 2691 quae
2121 2631 2204 2677 est

625 2704 735 2758 luci
771 2707 1075 2774 aptissima.

694 2795 805 2870 illa
830 2801 988 2852 etiam
1019 2800 1113 2854 lux
1145 2803 1324 2856 divina
1355 2812 1433 2856 est
1466 2804 1719 2870 impressa
1752 2805 1980 2858 aliorum

691 2867 946 2944 inorum
981 2873 1191 2939 formis,
1225 2877 1461 2941 quamvis
1503 2867 1604 2926 non
1640 2875 1879 2928 omnibus
1913 2892 2056 2944 a‘que
2079 2917 2093 2938 ,

699 2935 766 3011 ξι
800 2957 902 2992 non
933 2935 1101 2995 stella:
1135 2935 1311 2996 omnes
1344 2944 1538 3011 aquali
1567 2945 1763 2998 lumine
1792 2935 1985 3004 lucent;

696 3007 804 3083 θεά
838 3013 1007 3080 magis
1033 3028 1139 3064 una
1167 3007 1511 3082 alia,qnanto
1539 3014 1647 3067 hwc
1677 3015 1955 3083 perfectior
1983 3015 2078 3066 illa
2098 3025 2197 3069 est.

696 3077 865 3158 (itque
890 3077 994 3133 una
1025 3083 1246 3136 candela
1274 3077 1416 3140 alias.
1439 3077 1719 3158 accendere
1757 3077 1954 3154 plures,

695 3147 808 3201 Nec
842 3159 1015 3204 tamen
1050 3158 1166 3217 ipsa
1197 3171 1350 3207 suum
1385 3158 1606 3213 amittit.
1647 3147 1899 3209 min-uitae
1929 3157 2152 3209 nitorem
2180 3171 2198 3217 ;
2227 3151 2272 3210 C

694 3218 857 3296 {laud
886 3239 1032 3276 secus
1062 3224 1158 3296 illa
1190 3226 1284 3277 Dei
1316 3225 1408 3276 lux
1435 3228 1724 3290 inuiolata,
1753 3228 1987 3296 nihilque

693 3289 1006 3346 Decrescens
1038 3293 1173 3348 alios
1203 3299 1433 3364 impertit
1465 3299 1659 3350 lumine
1686 3289 1851 3350 diuos.

619 3379 974 3450 Palingenius
1002 3384 1186 3454 itaque
1215 3389 1685 3457 oppugnatoribus
1715 3388 1878 3458 hujus
1914 3387 2199 3443 sententia:

622 3475 696 3527 ita
725 3476 1078 3545 responderet
1110 3497 1122 3531 :
1152 3475 1351 3534 Lucem
1385 3481 1533 3534 illam
1567 3483 1640 3534 ita
1666 3490 1903 3536 creatam
1941 3482 2062 3536 sine
2088 3482 2198 3534 ulla

620 3569 849 3622 materia
883 3571 1128 3638 potuisse
1149 3587 1246 3640 per
1279 3588 1339 3626 se
1363 3575 1666 3630 subsistere
1700 3576 1818 3629 sine
1848 3591 1994 3639 aere,
2033 3575 2086 3626 in
2112 3589 2198 3629 se-

618 3658 854 3727 metipsa
886 3661 1052 3714 veluti
1079 3661 1131 3714 in
1170 3665 1389 3732 propria
1426 3665 1623 3728 forma,
1655 3681 1776 3735 qua:
1804 3674 1921 3720 erat
1951 3665 2020 3719 ab
2048 3668 2196 3720 omni

618 3765 850 3820 corpore
881 3761 933 3806 ot
972 3756 1203 3809 materia
1247 3768 1523 3826 separata,
1554 3767 1607 3812 et
1632 3759 1715 3812 sic
1759 3759 1969 3812 nullum
1995 3773 2194 3811 novum

617 3841 899 3897 inducitur
929 3847 1278 3913 miraculum;
1304 3850 1392 3901 illa
1420 3859 1610 3920 postea
1653 3851 1742 3903 lux
1766 3858 1962 3919 quarto
1985 3851 2074 3904 die
2096 3850 2198 3904 fuit

617 3936 720 3989 soli
753 3938 1183 3999 communicata.
1227 3957 1336 3994 non
1365 3959 1458 4011 per
1480 3943 1834 3997 mutationem
1853 3942 2194 3997 substantia-

616 4026 746 4094 lem,
777 4028 870 4082 sed
902 4045 998 4100 per
1021 4031 1294 4086 diversam
1340 4035 1788 4103 applicationem,
1833 4035 2193 4104 quemadmo-
2239 4061 2244 4065 η

617 4119 746 4173 dum
801 4121 980 4174 lumen
1033 4122 1278 4177 divinum
1333 4127 1774 4182 communicatur
1831 4127 2029 4191 beatis,
2084 4143 2192 4197 qua

611 4214 1116 4272 communicatione
1151 4216 1287 4271 tiunt
1331 4219 1610 4282 luminosi,
1648 4220 1809 4275 sicuti
1847 4221 2030 4274 multa:
2060 4235 2192 4273 can-

607 4303 746 4359 delzc
777 4321 1021 4361 accensae
1048 4324 1075 4361 a
1101 4310 1272 4379 prima
1303 4310 1552 4366 candela.
1588 4312 1692 4367 Sed
1715 4313 1782 4370 de
1805 4313 1908 4367 hac
1940 4313 2191 4384 Palinge-

612 4399 690 4452 nii
732 4403 1004 4454 sententia
1051 4403 1284 4456 aliorum
1315 4414 1434 4459 esto
1461 4405 1765 4473 judicium;
1790 4407 2034 4476 quaedam
2064 4425 2187 4463 esse

2334 544 2387 596 in
2421 543 2620 607 Solem,
2644 553 2698 597 et
2729 541 2977 599 Proclus.

2398 632 2558 694 una.
2593 634 2689 687 lin.
2717 634 2807 688 t7.
2843 634 2913 687 ro
2940 635 2994 687 δ’
3021 636 3169 689 αὐτό
3198 636 3591 706 παράδειπια.
3628 635 3748 690 Hoc
3780 638 3912 694 idem

2327 725 2550 779 uberius
2593 727 2948 795 prosequitur
2975 725 3209 783 Basilius
3245 729 3394 782 hom.
3445 729 3500 782 6.
3533 727 3755 782 Lunam
3793 746 3908 784 vero

2324 816 2457 869 solis
2489 815 2701 885 fulgore
2735 818 2864 886 tegi,
2896 824 2950 870 et
2987 818 3040 871 in
3077 826 3249 872 totum
3272 828 3520 873 mutuata
3552 821 3626 872 ab
3683 835 3757 874 co
3800 821 3904 875 luce

2325 904 2554 979 fulgere,
2604 906 2774 961 refert
2807 907 3019 962 Plinius
3064 909 3157 963 lib.
3198 925 3256 973 ιι,
3288 924 3410 979 cap.
3457 909 3511 968 9,
3544 911 3714 980 cujus
3750 912 3897 965 verba

2322 1012 2444 1050 cum
2471 997 2536 1050 ad
2565 1013 2676 1052 rem
2707 993 3024 1052 faciant'bic
3051 997 3344 1055 aszribam.
3369 1001 3513 1056 Solis
3544 1003 3764 1071 fulgore
3777 1020 3893 1066 ea.

2322 1101 2379 1142 ut
2408 1091 2611 1154 reliqua
2642 1092 2957 1162 sidera.tegi
2995 1108 3014 1145 :
3050 1094 3098 1146 si
3127 1094 3336 1163 quidem
3374 1097 3430 1146 in
3457 1105 3629 1149 totum
3661 1108 3895 1150 mutulo

2321 1179 2385 1232 ab
2429 1197 2490 1234 eo
2523 1181 2634 1234 luce
2677 1180 2898 1249 fulgere,
2925 1183 3135 1251 qualem
3165 1187 3218 1235 in
3249 1201 3556 1251 repercussu
3593 1203 3757 1255 aqua
3782 1188 3895 1239 rali-

2320 1282 2434 1324 tare
2485 1274 2858 1341 conspicimus.
2922 1273 3054 1329 Idea
3092 1275 3332 1330 molliore
3385 1287 3433 1330 et
3491 1280 3807 1347 imperfecte
3853 1281 3896 1330 ri

2316 1363 2536 1426 solt-ere,
2575 1375 2780 1417 tantum
2809 1367 3102 1430 humorem,
3139 1379 3293 1438 atque
3319 1370 3479 1421 etiam
3503 1386 3726 1438 augere,
3759 1386 3889 1439 que-

2315 1455 2446 1508 solis
2471 1454 2612 1507 radii
2645 1466 2942 1510 assumant.
2976 1456 3104 1511 Ideo
3125 1469 3173 1512 et
3198 1460 3450 1527 intrquali
3472 1460 3676 1512 lumine
3702 1461 3887 1526 aspici.

2315 1547 2440 1616 quin
2471 1561 2537 1598 ea:
2561 1547 2781 1600 aduerso
2811 1549 3020 1601 demum
3037 1552 3214 1619 plena.
3236 1550 3453 1619 reliquis
3475 1551 3669 1604 diebus
3695 1562 3892 1604 tantum

2313 1653 2378 1691 ex
2409 1654 2464 1692 se
2493 1641 2644 1692 terris
2677 1639 2941 1709 ostendat,
2967 1651 3220 1711 quantum
3242 1659 3308 1695 ea:
3334 1645 3440 1696 soli:
3463 1645 3581 1712 ipsa
3615 1645 3892 1708 concipiat.

2319 1729 2384 1782 In
2413 1733 2556 1783 coitu
2593 1732 2799 1801 quidem
2833 1751 2935 1786 non
2987 1736 3128 1787 cerni
3157 1751 3174 1787 .'
3215 1737 3466 1804 quoniam
3495 1738 3752 1789 haustum
3784 1754 3891 1790 oa-

2316 1839 2430 1874 nem
2477 1822 2610 1876 lucis
2657 1841 2840 1877 aversa
2882 1826 2975 1878 illo
3034 1836 3234 1896 regeral
3269 1828 3404 1881 unde
3435 1832 3720 1897 acceperit.
3752 1829 3891 1898 Apu-

2318 1915 2460 1969 leius
2497 1915 2589 1969 lib.
2627 1915 2701 1969 De
2735 1916 2838 1971 Deo
2864 1917 3104 1972 Socratis
3142 1938 3160 1973 :
3195 1919 3349 1973 Luna
3372 1922 3502 1975 solis
3537 1923 3765 1985 cmula,
3797 1938 3885 1975 u-

2312 2007 2410 2059 ctis
2444 2007 2594 2068 deus.
2629 2025 2719 2060 seu
2751 2011 3103 2074 corniculaln,
3127 2029 3218 2066 seu
3250 2013 3488 2075 dividua,
3513 2030 3605 2066 seu
3637 2016 3891 2082 protumi-

2311 2097 2401 2159 da,
2435 2115 2523 2151 seu
2555 2099 2710 2168 plena
2741 2102 2830 2162 sit,
2867 2103 3017 2154 varia
3047 2103 3246 2171 ignium
3277 2103 3412 2170 face,
3442 2113 3646 2173 quanto
3689 2103 3890 2171 longius

2311 2187 2450 2241 absit
2483 2206 2515 2242 a
2556 2191 2685 2251 sole,
2727 2201 2875 2244 tanto
2930 2191 3135 2262 largius
3181 2193 3491 2245 illuminata
3545 2209 3676 2260 pars
3727 2195 3892 2245 incre-

2310 2291 2481 2334 mento
2519 2285 2722 2337 itineris
2751 2295 2797 2337 et
2829 2285 3044 2339 luminis
3068 2302 3294 2340 mensem
3325 2289 3435 2339 suis
3466 2288 3676 2340 actibus
3711 2305 3779 2340 ac
3801 2303 3894 2356 pa-

2310 2373 2454 2427 ribus
2485 2375 2775 2442 dispendiis
2803 2379 3054 2430 a'slimat.
3083 2377 3147 2430 Et
3187 2379 3326 2432 hanc
3357 2380 3428 2432 ob
3457 2394 3688 2433 causam
3714 2379 3888 2433 Grati

2309 2478 2469 2538 paene
2513 2469 2648 2522 solis
2681 2469 2844 2522 filiam
2893 2480 3111 2533 vocant,
3150 2469 3439 2541 Euripides
3465 2472 3523 2526 in
3570 2470 3889 2534 Phenissis.

2416 2557 2483 2612 Ὦ
2543 2560 2948 2629 λιπαροζώνου
3013 2563 3265 2631 θύγατερ

2421 2653 2651 2706 Ἠελίου
2671 2694 2686 2714 .

2409 2747 2706 2799 Σελαναία
2725 2788 2740 2808 ,
2785 2749 3243 2815 χρυσεόκυκλον
3269 2750 3507 2818 peri-oc.

2411 2836 2678 2893 llcsiodus
2707 2855 2836 2892 vero
2867 2849 2920 2892 ct
2944 2840 3203 2910 Virgilius
3238 2856 3478 2896 sororem
3509 2860 3522 2893 :

2377 2924 2489 2978 Nec
2519 2927 2707 2994 fratris
2734 2931 2900 2984 radiis
2924 2932 3154 2984 obnoxia
3179 2948 3389 3001 surgere
3404 2931 3555 2984 luna.

2305 3017 2504 3073 Thales
2557 3019 2698 3072 dixit
2729 3037 2848 3074 eam
2895 3037 2926 3075 a
2979 3024 3096 3077 sole
3149 3023 3471 3087 illustrari,
3515 3021 3669 3093 quod
3717 3023 3884 3079 etiam

2305 3108 2667 3181 Pythagoras,
2702 3110 3080 3178 Parmenides.
3108 3113 3490 3185 Empedocles,
3521 3114 3881 3186 Anaxagons

2305 3210 2360 3255 et
2392 3201 2736 3258 Metrodorus
2789 3215 3101 3259 senserunt.
3139 3206 3416 3261 Avicenoa
3468 3216 3523 3261 et
3572 3206 3883 3263 lacrobiur

2304 3293 2488 3346 lunam
2517 3310 2546 3347 a
2577 3296 2693 3350 sole
2723 3296 2962 3350 mutuari
2999 3299 3180 3353 lumen
3203 3299 3436 3352 credunt
3467 3319 3479 3352 :
3515 3299 3728 3369 reliqua
3754 3315 3879 3354 verr

2302 3393 2452 3438 astra
2479 3385 2546 3440 de
2572 3402 2675 3441 suo
2700 3389 2994 3444 collucere.
3020 3390 3264 3460 Antipho
3293 3393 3517 3461 proprio
3543 3407 3665 3446 eam
3693 3391 3878 3447 lucere

2300 3476 2524 3539 lumine,
2549 3486 2734 3547 partes
2758 3487 2938 3534 autem
2971 3481 3094 3549 ejus
3115 3481 3469 3536 absconditas
3493 3496 3726 3538 accessu
3747 3482 3876 3536 solii

2298 3569 2608 3632 obscurari,
2646 3578 2906 3640 tanquam
2935 3572 3263 3627 imbecillius
3287 3587 3316 3625 a
3342 3572 3584 3636 fortiori,
3612 3573 3882 3643 quemad-

2299 3663 2521 3716 modum
2579 3673 2634 3718 et
2688 3666 2812 3718 aliis
2872 3665 3052 3719 stellis
3111 3664 3879 3734 contingit;Anaximander.

2301 3752 2669 3826 Xenophanes
2701 3758 2983 3826 proprium
3015 3757 3202 3810 lunam
3243 3756 3450 3809 habere
3492 3755 3682 3809 lumen
3724 3757 3880 3811 dixe-

2296 3857 2466 3914 runt;
2515 3848 2841 3904 Aristoteles
2900 3848 3186 3918 proprium
3240 3846 3480 3916 quidem,
3521 3847 3620 3901 sed
3659 3848 3879 3912 rarius;

2299 3941 2470 3994 Stoici
2517 3941 2944 4008 subobscurum,
2975 3949 3030 3995 et
3061 3954 3321 4005 aereum;
3367 3937 3605 3994 Berosus
3649 3949 3881 3996 auctore

2295 4031 2607 4098 Cleomede,
2635 4043 2797 4104 atque
2817 4035 2981 4088 etiam
3002 4032 3251 4086 Vitruvio
3270 4032 3369 4086 lib.
3395 4048 3471 4096 ts,
3494 4049 3617 4103 cap.
3638 4034 3694 4096 ι,
3713 4049 3868 4105 quem

2296 4124 2440 4189 vide,
2474 4125 2690 4195 putavit
2747 4126 2890 4178 lunae
2920 4138 3122 4193 corpus
3158 4123 3323 4192 pilam
3353 4139 3476 4178 esse
3505 4124 3680 4178 altera
3720 4133 3872 4194 parte

2293 4217 2651 4282 candentem,
2679 4216 2852 4269 altera
2886 4214 3176 4268 rteruleam
3203 4253 3218 4277 ,
3246 4213 3480 4283 ejusque
3512 4218 3864 4269 mutationem

2293 4307 2432 4373 fieri,
2471 4315 2635 4377 prout
2665 4306 2841 4375 magis
2885 4305 3136 4359 minusve
3163 4319 3194 4356 a
3218 4305 3335 4358 sole
3367 4306 3687 4374 corripitur.
3722 4305 3863 4360 Cau-

2292 4413 2384 4452 sas
2408 4396 2748 4451 diversitatis
2784 4394 3233 4464 apparentiarum
3279 4394 3334 4448 in
3372 4394 3501 4447 luna
3531 4397 3740 4463 Optime
3770 4411 3863 4450 ex-

609 4507 732 4561 quaa
783 4501 836 4546 et
889 4503 1049 4547 caute
1091 4496 1215 4564 legi,
1246 4505 1300 4549 et
1335 4497 1630 4566 prudenter
1668 4500 1932 4568 explicari
1989 4500 2189 4557 debere

2300 4492 2447 4568 ponit
2473 4488 2712 4543 Jacobus
2741 4485 3040 4549 Milichius,
3068 4494 3366 4540 comment.
3402 4487 3458 4540 in
3489 4488 3670 4541 locum
3706 4487 3862 4542 Plinii

607 4599 830 4639 censeo.
858 4584 1057 4639 Verum
1093 4587 1223 4640 mihi
1253 4603 1468 4658 semper
1487 4591 1539 4643 in
1574 4590 1657 4644 his
1689 4591 1873 4655 rebus,
1906 4592 1958 4644 in
1986 4593 2184 4660 quibus

609 4685 819 4730 natura:
847 4679 928 4732 vis
987 4686 1040 4731 et
1074 4679 1330 4744 facultas,
1357 4697 1540 4734 rerum
1573 4681 1890 4735 dillicultate
1922 4699 2183 4752 oppressa

606 4771 909 4838 decumbit,
942 4780 996 4826 et
1025 4775 1226 4826 mentis
1256 4774 1511 4828 humanae
1553 4776 1732 4839 acies,
1774 4775 2026 4844 oculique
2058 4778 2184 4830 cali-

604 4870 756 4931 gant,
786 4878 885 4916 nec
928 4864 1035 4916 nisi
1095 4863 1276 4917 alllatu
1332 4865 1521 4920 divino
1567 4867 1882 4920 confirmari
1929 4876 2178 4936 possunt,

605 4963 921 5006 sanctorum
972 4952 1196 5006 Patrum
1246 4958 1520 5010 sententia
1556 4957 1771 5010 videtur
1824 4957 2180 5025 probabilior,

604 5047 936 5114 minimeque
969 5047 1225 5101 curiosus
1261 5049 1596 5101 intellectum
1651 5050 1890 5119 captivo,
1920 5050 2024 5104 etsi
2071 5065 2176 5103 non

603 5137 791 5192 eadem
825 5154 945 5207 qua:
969 5149 1022 5193 et
1054 5156 1178 5209 ego,
1208 5143 1507 5195 sentientes
1533 5142 1816 5196 invenero.

671 5228 786 5281 Col.
808 5231 932 5295 717,
961 5233 1057 5285 lin.
1077 5235 1168 5286 25.
1202 5234 1308 5287 Kal
1334 5236 1412 5299 ὡς
1438 5234 1642 5300 ἔτερόν
1660 5253 1731 5287 τι.
1757 5233 2008 5294 Basilius.
2027 5233 2174 5288 hom.

601 5320 632 5369 li
661 5333 674 5370 :
705 5320 790 5382 Ὠς
819 5316 910 5373 οὖν
933 5322 1120 5393 ἕτερον
1145 5325 1244 5393 μέν
1266 5343 1317 5377 τι
1346 5327 1410 5393 τῇ
1444 5325 1602 5392 φύσει
1625 5325 1656 5394 ἡ
1683 5325 1962 5393 λευκότης,
1993 5326 2175 5395 ἕτερον

599 5411 654 5463 δέ
680 5429 730 5462 τι
760 5411 820 5464 τὸ
851 5411 1276 5484 λελευκασμένωί
1303 5416 1478 5484 σῶμα·
1506 5415 1646 5467 οὕτω
1675 5417 1768 5467 καὶ
1797 5415 1865 5467 τὰ
1895 5416 1990 5467 νῦν
2021 5419 2174 5487 εἰρη-

601 5502 760 5570 μένα,
782 5503 1015 5575 διάφορα
1039 5506 1165 5558 ὄντα
1188 5508 1389 5576 ἥνωται
1409 5511 1474 5578 τῇ
1502 5508 1729 5577 δυνάμει
1750 5507 1842 5560 τοῦ
1870 5510 2169 5572 κτίσαντος.

671 5590 828 5651 lbid.,
860 5593 954 5644 lin.
990 5591 1079 5646 28.
1114 5596 1352 5647 Ἔπειτα
1388 5597 1491 5649 τὸν
1520 5597 1697 5662 ἣλιον
1726 5597 1792 5649 ἐκ
1826 5598 1931 5651 τοῦ
1962 5599 2168 5664 πυρός.

602 5681 674 5735 De
701 5683 833 5737 solis
874 5692 1092 5744 natura,
1133 5687 1532 5757 magnitudine,
1572 5689 1766 5758 figura,
1797 5691 2172 5744 comersioni-

600 5772 720 5826 bus.
761 5773 998 5840 defectu,
1028 5775 1222 5846 signis,
1257 5788 1308 5832 et
1345 5789 1518 5844 motu,
1547 5782 1665 5835 \"idc
1697 5797 1814 5851 qum
1851 5781 2016 5836 refert
2049 5780 2173 5838 Sto-

2287 4598 2317 4635 a
2365 4581 2524 4634 nobis
2563 4594 2728 4650 supra
2768 4579 3032 4647 positum.
3067 4575 3270 4630 Verum
3308 4592 3498 4630 eorum
3535 4579 3747 4647 opinio,
3772 4579 3862 4649 qui

2287 4673 2558 4740 lunam_et
2583 4670 2865 4747 proprium
2907 4669 3087 4722 lumen
3131 4669 3354 4732 habere,
3386 4670 3626 4737 itemque
3671 4684 3702 4720 a
3751 4670 3862 4724 sole

2287 4768 2552 4831 mutuari,
2593 4782 2757 4836 quam
2791 4765 2954 4820 etiam
3006 4765 3256 4835 sequitur
3298 4772 3489 4818 noster
3519 4761 3856 4829 Eustathius,

2290 4862 2477 4916 verior
2525 4869 2609 4914 est
2645 4868 2697 4913 et
2721 4858 3088 4929 probabilior;
3124 4857 3288 4910 habet
3321 4857 3467 4910 enim
3520 4871 3683 4909 suum
3736 4873 3856 4926 pro-

2283 4956 2464 5024 prium
2532 4952 2828 5006 obscurum
2889 4948 3296 5021 quodammodo
3349 4964 3449 5002 nec
3500 4949 3849 5010 luminosum.

2280 5047 2582 5101 carbonum
2645 5045 2840 5109 instar,
2903 5045 3097 5113 recipit
3147 5057 3279 5098 vero
3322 5042 3503 5097 solare
3541 5043 3848 5111 splendens.

2280 5138 2490 5191 clarum
2531 5151 2642 5205 quo
2677 5151 2797 5190 sese
2841 5137 3117 5200 ostendat,
3147 5135 3385 5203 aliisque
3439 5131 3509 5186 ad
3564 5132 3849 5186 videndum

2277 5227 2740 5298 quemadmodum
2799 5227 3040 5282 interdiu
3089 5229 3172 5283 sol
3228 5227 3375 5280 viam
3430 5219 3629 5293 aperit.
3688 5223 3844 5278 Plura

2277 5324 2344 5376 de
2379 5321 2465 5376 bis
2519 5320 2838 5377 Cleomedes
2887 5321 2986 5374 lib.
3039 5337 3078 5374 ιι
3123 5318 3369 5385 Heteor.,
3417 5320 3562 5372 inter
3619 5327 3844 5390 cetera:

2279 5415 2516 5486 ’ῌδεσαν
2558 5416 2611 5468 δὲ
2661 5415 2754 5469 καὶ
2799 5417 2846 5468 oi
2880 5415 3202 5467 παλαὶτατοι
3238 5412 3348 5465 τῶν
3381 5409 3628 5479 φυσικῶν
3663 5426 3723 5462 τε
3761 5407 3842 5461 καὶ

2276 5508 2640 5577 ἀστρολόγων,
2666 5510 2746 5562 ὅτι
2775 5508 2884 5560 ἀπὸ
2907 5507 2999 5559 τοῦ
3026 5507 3179 5576 ἡλίου
3207 5507 3242 5576 ἡ
3270 5503 3464 5573 σελήνη
3485 5502 3544 5553 τὸ
3571 5501 3688 5570 φῶς
3717 5501 3841 5571 ἔχει,

2273 5601 2348 5662 ὡς
2379 5599 2536 5670 δῆλόν
2581 5603 2697 5653 ἐστι
2739 5599 2955 5670 πρῶτον
2998 5597 3096 5668 μὲν
3139 5599 3205 5650 ὲκ
3245 5596 3344 5664 τῆς
3376 5593 3728 5664 ἐτυμολογίας
3755 5591 3841 5646 τοῦ

2274 5693 2534 5762 ὀνόματος
2579 5693 2767 5760 αὐτῆς,
2818 5691 2990 5754 οὕτως
3027 5687 3421 5760 ὠνομασμένης
3465 5689 3526 5739 ὲκ
3568 5687 3666 5741 tot?
3695 5685 3842 5743 σέὶις

2273 5781 2440 5853 αὐτὴν
2469 5783 2586 5837 νέον
2619 5783 2758 5854 ἔχειν
2799 5783 2906 5847 ἀεὶ,
2950 5783 3041 5835 καὶ
3085 5782 3148 5833 tu
3182 5779 3278 5832 τοῦ
3321 5776 3647 5832 ὲπιδίδοσθαι
3687 5775 3842 5849 δᾷδα-ς
