4042 6338
158 385 284 443 881

1154 381 1223 437 ΙΝ
1262 381 1635 438 EUS‘I’ATHII
1660 382 2140 439 HEXAEMERON
2176 382 2407 441 NOTAE.

3342 372 3450 427 86$

161 505 299 565 τοῖς
332 504 410 565 el;
440 503 512 555 τὰ
556 504 875 572 Ἀρτεμίσια
906 500 1149 553 εἰσιοῦσι.
1185 500 1356 554 Τοῦτο
1376 503 1487 574 γὰρ
1516 505 1615 574 μὲν
1645 504 1764 573 σύμ-

1887 519 2015 574 gere
2064 513 2120 558 et
2159 505 2407 559 roborari
2461 505 2758 560 cernimus.
2803 505 3112 562 Ludovicus
3158 506 3458 565 FidelisDe

162 593 349 648 σολόν
379 597 494 647 ἐστι
521 593 613 646 τοῦ
646 592 844 659 ἔξωθεν
866 592 1009 662 ἔχειν
1034 592 1131 662 τὴν
1154 592 1383 662 σελήνην
1410 595 1470 646 τὸ
1499 595 1631 663 φῶς.

256 685 431 748 lbid.,
464 686 561 740 lin.
588 686 685 739 ult.
726 683 842 752 Τῆς
862 684 1089 753 ἡμέρας
1118 687 1353 751 ἐκείνης
1385 687 1537 755 μήτε
1561 688 1773 755 οὔσης.

163 776 342 848 Lego
376 777 449 848 μὴ
472 776 753 845 καιούσης,
795 776 929 847 μήτε
963 784 1096 838 ete.,
1130 777 1193 830 ad
1224 784 1463 831 mentem
1509 781 1773 841 auctoris,

165 869 284 937 qui
324 868 439 921 haec
474 868 585 920 duo
625 865 682 918 in
717 866 833 919 sole
872 865 1261 925 consideravit.
1308 865 1491 920 lumen
1526 873 1583 921 et
1626 868 1777 922 calo-

168 974 337 1024 rem,
374 961 558 1013 lumen
591 958 743 1013 dedit
774 957 919 1021 diei',
962 960 1200 1013 calorem
1233 958 1335 1012 soli
1373 976 1385 1010 :
1418 968 1472 1011 et
1518 960 1641 1014 ideo
1684 960 1775 1014 hic

169 1053 265 1106 ait
323 1051 494 1107 solem
533 1057 745 1104 tantum
781 1051 850 1106 ab
892 1050 981 1103 illa
1023 1051 1111 1103 die
1142 1066 1318 1119 neque
1353 1058 1564 1110 urente.
1596 1068 1776 1122 neque

167 1144 575 1206 calefaciente,
607 1145 700 1199 sed
728 1145 904 1199 solum
931 1143 1272 1196 illuminante
1296 1144 1475 1198 lumen
1500 1144 1770 1215 accipere.

249 1233 383 1290 Col.
415 1235 538 1301 720,
571 1236 666 1290 lin.
693 1235 746 1289 2.
779 1236 908 1288 Ὀτι
940 1234 1009 1287 δὲ
1038 1234 1106 1288 ἐκ
1138 1234 1329 1303 πυρὸς
1370 1236 1767 1304 συνέστηκεν.

167 1326 401 1384 Omnes
431 1326 544 1384 fere
580 1338 791 1384 veteres
834 1327 1146 1398 philosophi
1190 1343 1298 1382 uno
1331 1344 1426 1384 ore
1479 1331 1649 1383 solem
1682 1345 1772 1383 ca-

168 1412 363 1468 lidum
416 1422 471 1470 et
520 1416 762 1471 candens
809 1416 938 1485 quid
991 1432 1115 1472 esse
1157 1417 1515 1479 aflirmarunt,
1565 1419 1668 1473 etsi
1718 1418 1772 1472 in

168 1505 375 1559 calido
401 1506 504 1560 hoc
539 1497 895 1577 exprimendo
932 1524 1043 1562 non
1068 1509 1446 1563 convenerint.
1486 1507 1773 1578 Euripides

168 1598 238 1652 in
275 1597 574 1655 Phoenissis
608 1603 784 1671 ignem
825 1604 1037 1656 vocavit
1068 1642 1082 1665 ,

298 1691 465 1745 Ἥλιε
504 1694 667 1757 θοαῖς
708 1694 985 1747 ἵπποισιν
1014 1695 1305 1748 εἱλίσσων
1322 1694 1540 1761 φλόγα,

292 1794 351 1840 et
378 1788 435 1839 in
468 1785 759 1840 Phaetonte
781 1830 796 1853 ,

295 1895 493 1965 Θερμή
535 1896 603 1949 δὲ
628 1897 886 1965 ἄνακτος

295 1988 460 2051 Φλὸξ
483 1989 942 2055 ὑπερτέλλουσα
965 1991 1091 2062 τῆς.

258 2078 634 2149 Anaxagoras,
666 2089 719 2135 et
735 2080 1072 2138 Democritus
1092 2085 1316 2148 ferrum,
1331 2085 1415 2138 vel
1430 2099 1620 2139 saxum
1638 2098 1771 2137 cau-

173 2172 361 2238 dens;
393 2171 747 2229 Parmenides
776 2175 945 2229 solem
978 2177 1232 2230 etlunam
1263 2178 1331 2231 de
1352 2178 1562 2231 circulo
1592 2176 1768 2231 lacteo

172 2266 360 2321 voluit
386 2268 627 2330 cxcerni,
644 2268 792 2320 illum
827 2268 1045 2337 quidem
1059 2284 1088 2321 a
1105 2270 1313 2324 rariore
1328 2268 1487 2323 calidi
1513 2270 1763 2333 mistura,

178 2360 336 2413 hanc
363 2372 392 2411 a
423 2358 679 2414 densiore
707 2359 892 2430 frigidi
914 2379 927 2428 ;
948 2360 1319 2432 Xenophanes
1337 2362 1405 2416 de
1423 2362 1663 2416 nubibus
1684 2363 1765 2415 inv

177 2453 372 2509 censis
401 2460 580 2507 ortum
628 2456 800 2511 solem
851 2464 1026 2525 putat,
1049 2466 1110 2511 et
1139 2456 1407 2512 defectum
1434 2457 1627 2512 iisdem
1672 2472 1767 2512 es—

180 2541 403 2597 stinctis
419 2544 656 2605 evenire.
678 2552 730 2598 et
750 2546 913 2599 alium
932 2562 1127 2601 rursus
1143 2548 1276 2601 eriri
1298 2567 1312 2613 ;
1332 2548 1762 2617 Theophrastus,

180 2631 433 2702 physicis
466 2633 721 2703 igniculis
745 2635 812 2689 de
844 2635 1065 2689 humida
1095 2636 1439 2691 e‘xbalatioue
1470 2636 1759 2706 componi;

179 2725 580 2779 Anaximandri
626 2735 681 2779 et
725 2727 955 2780 aliorum
992 2728 1279 2799 opiniones
1312 2728 1437 2781 vide
1472 2729 1615 2797 apud
1640 2728 1765 2781 Sto-

182 2815 365 2869 Meum
397 2814 453 2867 in
499 2814 713 2884 Eclogis
741 2816 995 2885 physicis,
1023 2833 1139 2887 pag.
1178 2819 1281 2884 55;
1313 2826 1367 2872 et
1403 2817 1592 2874 Patres
1616 2818 1762 2871 anti—

183 2905 307 2974 qui,
347 2901 608 2967 Basilius,
656 2906 804 2958 hom.
828 2906 892 2974 6;
927 2906 1271 2977 Augustinus
1298 2910 1545 2978 pluribus
1596 2911 1652 2962 in
1683 2910 1763 2963 lo-

184 2997 306 3061 cis;
368 2994 694 3050 Ambrosius
736 2997 829 3050 lib.
864 3013 922 3051 ιι.
958 2997 1211 3052 Hexaem.
1253 3010 1307 3053 et
1334 3000 1447 3053 alii.
1480 3000 1545 3053 Et
1590 3017 1654 3055 ex
1687 3016 1767 3055 re-

184 3088 549 3151 centioribus,
584 3087 740 3157 Hugo
769 3087 837 3142 de
867 3086 923 3143 S.
970 3087 1184 3143 Victore
1235 3091 1427 3145 Adnot.
1465 3094 1520 3145 in
1552 3090 1715 3146 Cenes
1746 3134 1762 3157 ,

186 3194 314 3248 cap.
350 3178 418 3243 (ἱ,
450 3181 652 3243 solum,
687 3180 885 3249 inquit,
928 3181 1097 3235 solem
1138 3182 1414 3249 propriam
1446 3182 1646 3236 habere
1681 3184 1763 3236 lu-

186 3287 332 3335 cem,
362 3281 415 3327 et
446 3272 626 3342 ipsum
669 3288 733 3328 ex
770 3273 895 3343 igne
926 3288 1049 3328 esse
1090 3272 1315 3335 factum,
1362 3274 1604 3342 reliquas
1634 3289 1763 3329 vero

187 3365 376 3418 stellas
416 3380 484 3419 ex
531 3380 689 3419 aerea
745 3366 975 3420 materia
1037 3366 1279 3420 relucere
1338 3367 1541 3435 potius,
1599 3382 1762 3436 quam

188 3455 392 3509 lucere.
442 3453 625 3509 Solem
670 3463 875 3518 tamen,
925 3456 1069 3511 sicut
1117 3464 1170 3510 et
1216 3467 1412 3511 cetera
1456 3466 1604 3511 astra
1654 3475 1765 3515 non

188 3561 313 3601 esse
343 3547 559 3611 calidae,
592 3562 693 3601 nec
726 3547 896 3618 igneas
922 3556 1131 3602 naturae
1170 3549 1327 3602 multi
1358 3548 1635 3614 doctores,
1671 3567 1764 3605 va-

190 3638 477 3694 lidissimis
513 3640 818 3695 rationibus
854 3640 1208 3695 concludunt.
1265 3638 1358 3695 Sol
1392 3644 1535 3696 enim
1579 3643 1759 3697 incor-

192 3729 469 3798 ruptibilis
498 3736 605 3791 est,
650 3746 749 3785 nec
791 3729 1031 3811 admittit
1068 3732 1360 3801 qualitates
1390 3735 1759 3803 corruptivas,

194 3821 330 3875 tales
371 3828 502 3875 sunt
527 3820 676 3886 calor
704 3829 758 3876 et
786 3821 977 3893 frigus.
1009 3823 1169 3879 Astra
1225 3826 1389 3881 etsol
1420 3842 1523 3881 nec
1568 3835 1766 3896 praeter

194 3920 470 3976 naturam,
498 3928 600 3968 nec
633 3914 902 3969 violenter
926 3925 1215 3970 moventur
1247 3937 1259 3971 :
1296 3920 1441 3988 quod
1483 3919 1531 3973 si
1580 3926 1765 3973 essent

194 4006 348 4076 ignea
373 4006 423 4059 id
451 4006 749 4073 accideret,
768 4006 909 4077 ignis
934 4009 1077 4062 enim
1110 4025 1332 4064 sursum
1374 4019 1641 4066 movetur.
1673 4010 1765 4071 Sic

194 4099 352 4153 etiam
412 4098 621 4151 nullum
680 4106 827 4153 esset
889 4114 1140 4153 securum
1194 4107 1249 4154 et
1315 4108 1528 4166 tutum,
1580 4103 1763 4156 omnia

195 4190 337 4245 enim
373 4198 647 4245 astrorum
687 4190 781 4245 illo
820 4191 946 4261 igne
992 4190 1447 4262 conﬂagrassent,
1497 4210 1620 4248 cum
1654 4210 1762 4249 non

198 4297 294 4353 per
325 4283 500 4360 lucem
534 4283 709 4337 solum
738 4283 832 4337 sed
874 4284 1035 4337 etiam
1073 4299 1169 4352 per
1198 4285 1458 4348 calorem,
1493 4284 1761 4340 caleface-

199 4378 317 4427 rent
352 4384 404 4427 et
433 4381 725 4429 terrerent.
761 4373 1016 4430 Dicamus
1051 4376 1237 4445 igitur,
1263 4377 1497 4431 solarem
1526 4383 1762 4433 calorem

199 4466 331 4519 nihil
364 4466 511 4519 aliud
543 4482 667 4522 esse
705 4482 871 4538 quam
905 4468 1142 4522 calorem
1173 4469 1331 4539 ignis,
1368 4454 1506 4525 solis
1532 4470 1760 4540 fulgore,

1886 595 2073 648 ntundi
2100 606 2291 651 struet.
2328 598 2427 650 lib.
2459 613 2515 659 ν,
2551 612 2674 666 cap.
2708 598 2762 660 5,
2792 600 3149 667 quaestionem
3177 599 3245 653 de
3276 600 3459 657 calore

1881 688 2018 741 solis
2061 690 2347 757 proponit,
2379 698 2441 743 et-
2469 690 2538 742 ad
2584 698 2821 744 mentem
2874 691 3047 744 nostri
3094 692 3337 746 auctoris
3382 692 3458 747 ita

1879 779 2132 833 dissolvit
2162 799 2175 834 :
2210 780 2399 834 Verum
2435 780 2541 846 hic,
2572 782 2771 850 inquit,
2803 783 3041 837 nonnihil
3069 783 3344 836 suboritur
3360 801 3460 836 an-

1878 874 2120 937 xietatis,
2158 891 2227 928 an
2262 877 2365 928 soli
2406 885 2688 944 perpetuus
2725 877 2921 930 harent
2954 879 3125 940 calor,
3165 895 3236 931 an
3282 878 3459 933 calere

1878 982 2097 1035 prorsus
2145 970 2213 1022 sit
2254 967 2587 1024 destitutus?
2611 968 2770 1023 Circa
2812 970 2868 1023 id
2898 974 3045 1024 varia
3078 972 3460 1041 circumferun-

1881 1069 1969 1112 tur
1991 1077 2180 1123 sensa;
2210 1061 2342 1113 nihil
2373 1072 2548 1114 tamen
2594 1062 2828 1114 alienum
2859 1080 2891 1115 a
2920 1066 3136 1118 ueritate
3177 1066 3459 1119 existima-

1878 1149 2061 1212 uerim,
2088 1151 2137 1202 si
2170 1158 2226 1201 ut
2254 1150 2357 1202 soli
2377 1150 2624 1217 splendor
2661 1167 2866 1219 semper
2912 1153 3136 1218 harem,
3180 1156 3342 1208 etiam
3370 1157 3447 1209 in-

1879 1252 2058 1295 ternus
2108 1241 2377 1294 tribuatur
2412 1244 2599 1295 calor:
2629 1244 2721 1311 qui
2769 1244 3175 1315 circumquaque
3226 1247 3456 1315 diﬂ'usus

1875 1331 1987 1385 hwc
2018 1332 2303 1400 calefaciat
2334 1332 2611 1400 inferiora.
2645 1332 2781 1385 Hinc
2799 1345 2999 1403 quanto
3024 1336 3240 1403 propius
3270 1336 3339 1388 ad
3361 1353 3456 1390 nos

1876 1422 2081 1475 accedit
2114 1423 2218 1483 sol,
2245 1431 2295 1474 et
2320 1433 2503 1476 nostro
2542 1423 2718 1476 zenith
2759 1426 2982 1479 vicinior
3028 1436 3267 1495 apparet,
3309 1436 3458 1482 tanto

1874 1512 2023 1565 illius
2056 1515 2333 1577 intensior,
2378 1523 2427 1568 et
2470 1531 2573 1581 quo
2602 1516 2857 1567 remotior
2882 1533 2913 1568 a
2938 1517 3119 1579 nobis,
3147 1534 3206 1571 eo
3234 1517 3459 1572 debilior

1872 1605 2202 1673 percipiatur
2230 1606 2397 1659 calor.
2440 1603 2508 1657 Et
2530 1606 2751 1675 proinde
2790 1608 2881 1676 qui
2920 1624 3067 1660 some
3094 1607 3315 1662 subsunt
3348 1616 3460 1663 tor-

1873 1698 2004 1749 ridw
2021 1697 2386 1750 vehementiori
2416 1706 2713 1750 exuruntur
2736 1709 2891 1761 testu,
2926 1699 3066 1767 quod
3094 1698 3202 1752 illis
3234 1699 3303 1753 sit
3326 1700 3456 1755 solis

1871 1788 2324 1857 perpendicularis
2359 1790 2530 1851 calor,
2555 1799 2606 1843 et
2630 1792 2719 1859 qui
2760 1792 2949 1846 absunt
2990 1792 3219 1861 longius,
3262 1793 3458 1863 majori

1806 1867 1847 1920 Β
1875 1874 2045 1943 rigent
2076 1873 2296 1943 frigore.
2343 1873 2485 1927 Hinc
2516 1876 2600 1944 ﬁt,
2634 1886 2692 1926 ut
2721 1878 2811 1945 qui
2850 1876 2945 1929 sub
2972 1876 3093 1945 polo
3118 1879 3339 1939 arctico,
3379 1878 3460 1931 vel

1877 1965 2172 2017 antarctico
2199 1962 2426 2017 resident
2455 1966 2725 2018 immensis
2754 1965 3047 2035 ali/oribus.
3079 1968 3213 2019 sicut
3250 1968 3341 2034 qui
3359 1968 3455 2021 sub

1876 2072 2010 2107 zona
2025 2055 2225 2109 torrida
2243 2058 2502 2109 continuis
2517 2056 2828 2125 subjaceant
2853 2058 3155 2113 ardoribus.
3185 2056 3267 2127 it
3290 2060 3455 2114 etiam

1874 2157 1932 2199 ut
1964 2147 2072 2200 sole
2113 2148 2437 2201 horizontem
2482 2158 2725 2201 nostrum
2748 2160 3035 2218 occupante
3064 2168 3155 2205 aer
3173 2151 3449 2221 fervidior,

1874 2248 1925 2291 et
1955 2238 2261 2292 abscedente
2283 2240 2505 2309 rigidior
2534 2240 2973 2309 deprehendatur.

1944 2327 2106 2391 lbid.,
2137 2330 2234 2383 lin.
2264 2330 2315 2384 4.
2361 2330 2472 2382 Τοῦ
2506 2329 2869 2397 ὄιαχωρίζειν
2896 2331 3014 2385 ἀνὰ
3041 2334 3255 2401 μέσον.
3294 2332 3453 2387 Basi-

1874 2422 2002 2487 lius,
2029 2422 2175 2475 hom.
2204 2422 2258 2485 6,
2289 2422 2405 2475 Νὗν
2435 2422 2490 2475 δὲ
2519 2421 2672 2492 ἥλιον
2700 2422 2931 2487 ἐπέταξε
2960 2428 3073 2488 τοῖς
3108 2424 3326 2496 μέτροις
3353 2424 3456 2495 τῆς

1873 2513 2103 2584 ἡμέρας,
2127 2516 2220 2566 καὶ
2254 2514 2503 2585 σελήνην,
2522 2516 2649 2566 ὅταν
2676 2517 2804 2569 ποτὲ
2826 2516 2963 2585 πρὸς
2989 2517 3081 2568 τὸν
3107 2515 3235 2569 ἴδιον
3258 2516 3455 2569 κύκλον

1872 2608 2204 2678 ἀπαρτισθῇ,
2234 2609 2475 2677 ἀρχηγὸν
2521 2609 2742 2680 ἐποίησε
2780 2610 2879 2680 τῆς
2916 2611 3128 2673 νυκτός.
3163 2610 3447 2665 Constant.

1871 2696 2019 2753 Man.
2053 2700 2106 2753 in
2140 2700 2338 2753 Annal.

1874 2791 2037 2843 Οὕτω
2064 2789 2183 2859 μὲν
2210 2785 2321 2844 οὖν
2348 2790 2617 2844 τετέλετο
2654 2790 2728 2843 τὰ
2759 2791 2906 2843 κατὰ
2938 2790 3079 2855 τοὺς
3120 2791 3380 2859 ἀστέρας

1870 2861 1979 2913 Kal
2006 2860 2253 2930 τέτακτο
2286 2860 2406 2926 μὲν
2432 2860 2605 2930 ἥλιος
2630 2860 2826 2927 ἀστὴρ
2864 2860 3276 2930 ἡμεροκράτωρ
3296 2880 3309 2892 ⁸

1878 2930 1947 2981 Τὸ
1991 2928 2060 2981 δὲ
2084 2928 2354 2995 σελήνης
2371 2929 2688 2998 ,ϐλέφαρον
2717 2928 3059 2998 ἐπύρσευσε
3086 2928 3209 2998 rin-
3240 2928 3450 2988 rostra.

1941 3027 2103 3090 Ibid.,
2139 3028 2235 3112 lin.
2270 3027 2319 3081 7.
2356 3029 2531 3081 Ἐστι
2562 3028 2631 3080 δὲ
2654 3029 2691 3094 ἡ
2726 3027 2844 3091 νὺξ
2874 3030 3165 3097 σκίασμα.
3190 3027 3451 3094 Basilius,

1870 3118 2018 3172 hom.
2048 3118 2101 3183 6,
2134 3118 2244 3170 Καὶ
2267 3120 2300 3188 ὴ
2320 3118 2415 3184 νὺξ
2444 3119 2538 3171 ἐπὶ
2562 3119 2623 3170 τὸ
2657 3120 2897 3171 ἐναντίον
2926 3122 3046 3183 ταῖς
3073 3120 3287 3173 ἀκτῖσιν
3318 3122 3452 3173 ὑπο-

1793 3224 1835 3281 ο
1870 3213 2056 3281 χωρεῖ,
2102 3211 2252 3263 οὐδὲν
2275 3210 2459 3281 ἕτερον
2493 3206 2625 3262 οὖσα
2652 3209 2793 3263 κατὰ
2812 3212 2909 3280 τὴν
2936 3209 3095 3277 φύσιν
3142 3209 3174 3280 ἢ
3209 3198 3451 3280 σκίασμὸ.

1866 3303 1991 3371 γῆς.
2041 3302 2127 3364 Ὦς
2163 3302 2271 3372 γὰρ
2298 3303 2357 3353 ἐν
2383 3302 2569 3373 ἡμέρᾳ.
2601 3303 2633 3371 ή
2662 3302 2790 3354 σκιὰ
2805 3301 2881 3371 τῷ
2911 3302 3325 3371 ἁντιφράσσσντι
3350 3302 3449 3372 τὴν

1864 3395 2040 3464 αὐγὴν
2094 3395 2522 3465 παρυφίσταται,
2554 3393 2727 3455 οὕτως
2757 3394 2789 3462 ἡ
2832 3392 2946 3456 νὺξ.
2968 3392 3322 3461 σκιαζομένου
3354 3393 3452 3446 τοῦ

1865 3487 1995 3556 περὶ
2023 3486 2127 3555 γῆν
2159 3485 2344 3556 ἀέρος,
2378 3484 2729 3536 συνίστασθαι
2764 3483 3030 3551 πέφυκεν.
3090 3482 3301 3537 Plinius
3330 3483 3364 3535 l.
3387 3498 3447 3540 tt.

1864 3593 1986 3648 cap.
2016 3578 2103 3640 10,
2139 3577 2307 3631 Terra
2340 3579 2593 3631 subeunte
2631 3578 2935 3645 repentinas
2967 3574 3153 3626 obduci
3185 3573 3449 3637 tenebras,

1864 3682 2177 3736 rursumque
2206 3666 2354 3720 illius
2389 3668 2577 3719 umbra
2608 3666 2757 3719 sidus
2792 3665 3048 3719 hebetari.
3084 3663 3265 3734 Neque
3300 3664 3447 3717 aliud

1863 3772 1981 3809 esse
2016 3764 2219 3809 noctem
2263 3771 2421 3824 quam
2468 3766 2622 3809 tersae
2674 3754 2938 3809 umbram.
2989 3752 3341 3823 Palingenius
3390 3754 3447 3808 in

1866 3845 2098 3901 Zodiaco
2123 3849 2262 3911 vitae,
2290 3848 2386 3901 lib.
2415 3864 2475 3901 ιι.

2085 3968 2156 3978 —-
2187 3940 2291 3993 Sed
2318 3954 2422 3991 nos:
2455 3938 2674 3992 adrersa
2703 3940 2754 3991 in
2787 3947 2938 4007 parte
2966 3948 3200 4000 creatur,

1868 4007 2069 4076 Quippe
2092 4008 2239 4060 aliud
2253 4026 2356 4062 non
2373 4019 2450 4062 est
2471 4025 2627 4078 quam
2644 4018 2798 4062 terra:
2816 4017 2970 4078 atque
2988 4010 3213 4077 aequoris
3238 4008 3445 4062 umbra.

1936 4097 2096 4163 lbid.,
2129 4099 2225 4152 lin.
2260 4100 2346 4153 11.
2374 4100 2484 4153 Καὶ
2514 4104 2546 4153 ὁ
2569 4099 2685 4169 μὲν
2714 4100 2887 4167 ἣλιος
2933 4097 3157 4166 ὥσπερ.
3201 4098 3276 4151 De
3313 4098 3447 4162 solis

1868 4189 2208 4255 praestantia,
2250 4188 2549 4258 dignitate,
2600 4190 2653 4241 vi
2706 4187 3054 4248 admiranda,
3104 4196 3157 4241 et
3204 4188 3446 4257 potentia

1868 4280 2166 4352 Dionysius
2199 4281 2529 4350 Areopagita
2566 4280 2643 4333 De
2669 4282 2834 4333 dii-in.
2866 4277 3189 4341 nominibus,
3219 4294 3340 4348 cap.
3376 4279 3445 4343 ις

1865 4371 2116 4427 Julianus
2142 4372 2423 4441 Apostata,
2442 4369 2714 4440 Orpheus,
2741 4370 2989 4433 Proclus,
3016 4367 3236 4439 Lycius,
3257 4370 3443 4436 hymn.

1867 4463 1922 4517 in
1975 4465 2174 4530 solem,
2219 4463 2431 4517 Plinius
2471 4463 2547 4516 lib
2608 4479 2671 4525 ιι,
2715 4478 2836 4532 cap.
2891 4462 2946 4528 6,
2987 4461 3444 4531 elegantissime:

201 4565 305 4628 qbo
324 4557 644 4612 naturaliter
670 4560 942 4619 trahatur,
961 4560 1351 4614 niodilicatum.
1372 4560 1614 4631 Namque
1635 4578 1758 4615 cum
1795 4560 1836 4614 D
1869 4558 2068 4611 Eorum
2104 4556 2305 4610 medius
2321 4556 2403 4609 sol
2418 4556 2610 4623 fertur,
2648 4555 2977 4622 amplissima
2995 4551 3357 4623 magnitudine
3385 4569 3445 4605 ac

206 4649 335 4701 inter
366 4647 707 4701 alimentaria
742 4662 977 4717 corpora
1015 4648 1232 4718 igneum
1268 4649 1444 4703 solum
1480 4649 1760 4702 caelestem

202 4738 436 4793 imitatur
482 4738 771 4807 fulgorem,
818 4740 999 4808 ipsum
1031 4755 1162 4792 vero
1207 4739 1281 4791 ita
1325 4747 1384 4793 ut
1412 4738 1634 4807 plurimi
1672 4754 1760 4792 ve-

201 4840 368 4885 terum
403 4830 874 4901 phi|050phorum,
906 4831 977 4884 ob
1009 4845 1128 4884 eam
1168 4830 1579 4884 similitudinem
1615 4837 1763 4884 astra

202 4926 345 4994 ignea
377 4938 501 4977 esse
534 4922 801 4991 suspicati
852 4921 999 4985 sint,
1031 4920 1085 4973 fit
1118 4922 1274 4975 valde
1310 4928 1761 4984 consentaneum,

202 5024 261 5069 ut
290 5014 663 5069 similitudinis
712 5014 863 5067 illius
909 5027 1078 5069 causa
1130 5014 1289 5067 facile
1321 5013 1571 5065 trahatur
1620 5012 1764 5081 ignis

205 5106 402 5161 caelesti
453 5105 678 5172 lumine,
730 5106 876 5175 quod
930 5110 1093 5159 etiam
1152 5106 1439 5175 vestigium
1490 5104 1763 5173 quoddam

207 5198 494 5253 divinitatis
522 5198 642 5266 ejus
672 5199 924 5267 corporis
957 5205 1060 5252 est.
1088 5194 1143 5250 Si
1182 5197 1337 5266 plura
1373 5195 1551 5266 cupis,
1584 5196 1764 5250 adesis

206 5287 545 5343 Franciscum
583 5287 855 5343 Valesium
885 5288 962 5342 De
984 5305 1141 5340 sacra
1178 5287 1527 5355 philosophia,
1556 5301 1675 5355 cap.
1711 5288 1759 5339 l.

206 5380 434 5450 Denique
464 5381 738 5435 sententia
781 5388 868 5435 est
912 5379 1431 5449 Peripateticorum,
1477 5380 1643 5434 solem
1671 5395 1765 5447 per

209 5477 373 5530 lumen
410 5472 585 5527 facere
614 5479 725 5525 tam
753 5473 1015 5537 calorem,
1063 5480 1174 5524 tam
1213 5472 1408 5541 frigus,
1440 5470 1654 5525 diversa
1682 5478 1766 5522 ta.

209 5582 321 5621 men
358 5568 596 5629 ratione,
633 5566 783 5622 illum
814 5566 1035 5634 quidem
1073 5582 1167 5635 per
1208 5581 1285 5629 se,
1322 5565 1424 5620 hoc
1460 5572 1640 5619 autem
1670 5580 1764 5633 per

210 5657 478 5723 accidens;
516 5673 641 5711 nam
696 5658 984 5725 praesentia
1032 5658 1256 5713 luminis
1310 5656 1443 5711 facit
1497 5657 1760 5717 calorem,

211 5752 439 5806 absentia
494 5766 622 5806 vero
661 5751 1007 5822 frigus:quo
1055 5749 1201 5805 enim
1245 5750 1427 5803 lumen
1473 5748 1628 5811 solis,
1674 5755 1765 5800 aut

220 5842 553 5900 nullo.rnodn
609 5851 701 5892 aut
736 5843 972 5899 tenuiter
1005 5840 1280 5913 pertingit,
1320 5840 1451 5895 inibi
1484 5838 1666 5912 frigus
1690 5838 1765 5892 vi-

1862 4660 2117 4718 potestate
2143 4666 2160 4701 :
2186 4666 2276 4702 nec
2294 4659 2583 4716 temporum
2605 4647 2779 4711 modo,
2802 4657 3181 4716 terrarumque,
3201 4644 3291 4698 sed
3306 4645 3445 4698 side-

1864 4758 1980 4794 rum
2003 4743 2162 4795 etiam
2192 4742 2425 4809 ipsorum
2465 4739 2679 4807 ca’lique
2721 4748 2913 4791 rector.
2943 4737 3096 4790 Hunc
3117 4736 3302 4790 mundi
3332 4753 3446 4790 esse

1865 4834 2025 4885 totius
2061 4833 2317 4893 animum,
2353 4849 2415 4884 ac
2444 4831 2655 4899 planius
2699 4840 2919 4881 mentem
2946 4844 2965 4880 .'
2996 4828 3132 4881 hunc
3152 4826 3445 4897 principale

1869 4932 2075 4977 natura:
2106 4924 2333 4993 regimen
2379 4939 2441 4975 ac
2470 4939 2659 4975 numen
2691 4920 2899 4974 credere
2928 4922 3094 4981 decet,
3138 4935 3293 4987 opera
3328 4924 3441 4986 ejus

1868 5019 2214 5071 a’stimantes.
2274 5014 2374 5068 llic
2419 5016 2585 5068 lucem
2646 5014 2797 5067 rebus
2850 5014 3117 5066 ministrat
3171 5012 3441 5081 aufertque

1867 5112 2136 5173 tenebras;
2160 5110 2240 5163 hic
2280 5110 2482 5179 reliqua
2510 5108 2686 5161 sidera
2720 5107 2948 5159 occultat
2979 5123 2996 5159 :
3029 5106 3113 5158 hic
3149 5108 3281 5159 rices
3313 5115 3441 5158 tem-

1863 5219 2048 5271 parum
2082 5218 2381 5270 annumque
2408 5216 2608 5267 semper
2635 5208 2990 5253 renascentem
3019 5213 3082 5250 ex
3109 5214 3208 5250 usu
3234 5208 3443 5249 natura!

1867 5301 2149 5359 temperat;
2199 5290 2283 5342 hic
2315 5291 2431 5342 caeli
2477 5290 2753 5341 tristitiam
2803 5288 3041 5351 discutit,
3079 5297 3235 5356 atque
3278 5287 3440 5339 etiam

1864 5382 2083 5435 humani
2117 5380 2301 5433 nubila
2343 5382 2508 5433 animi
2540 5390 2782 5439 serenat;
2824 5379 2906 5431 hic
2945 5395 3098 5431 suum
3140 5378 3310 5431 lumen
3338 5394 3441 5430 car-

1866 5474 1993 5525 tcris
2030 5490 2231 5542 quoque
2264 5472 2525 5525 sideribus
2556 5472 2801 5539 (atterat.
2842 5470 3163 5533 Pra'clarus,
3191 5470 3436 5530 eximius,

1866 5566 2045 5616 omnia
2088 5565 2316 5625 intuens,
2361 5563 2538 5617 omnia
2575 5565 2737 5615 etiam
2781 5562 3089 5625 exaudiens,
3130 5569 3187 5611 ut
3214 5559 3440 5626 principi

1867 5657 2169 5709 litterarum
2224 5647 2453 5709 lloniero
2502 5656 2763 5723 placuisse
2802 5656 2855 5707 in
2908 5671 3011 5707 uno
3063 5669 3120 5706 ea
3154 5652 3319 5705 video.
3364 5650 3438 5705 De

1866 5749 1999 5802 solis
2050 5747 2313 5801 encomiis
2372 5748 2487 5815 lege
2542 5746 2895 5798 Plutarchum
2946 5745 3034 5798 lib.
3078 5743 3159 5796 De
3194 5743 3435 5795 ἄστη-ἔνια

1865 5840 2192 5901 principum;
2229 5839 2559 5895 Macrobium
2598 5834 3002 5889 ISaturnalium
3028 5851 3039 5861 ·
3087 5832 3445 5889 Ambrosium
