4042 6338
684 403 788 460 817

2010 403 2256 461 LEONIS
2295 401 2567 459 Αιωτιι

3809 403 3913 456 818

682 525 741 578 δὲ
780 523 970 593 φύεται
1018 525 1145 596 περὶ
1180 524 1269 576 τὸν
1305 524 1584 594 Ὄλυμπον
1608 565 1623 590 ,
1664 527 1950 596 ἀνδράχνη.
1990 525 2248 594 κόμαρος.
2282 527 2325 582 Α
2353 523 2412 574 τὸ
2457 521 2673 592 χρῶμα,
2727 521 3067 590 φλοῖσθέντος
3111 520 3206 575 τοῦ
3255 521 3428 586 ξύλου,
3460 520 3777 588 λευκότερον
3824 521 3914 588 μὲν

683 612 989 686 τέρμινθος,
1035 613 1220 684 ἀγρία,
1267 612 1464 683 δάςςνη.
1499 618 1656 668 Δοκεῖ
1703 615 1758 669 δὲ
1792 617 1825 685 ἡ
1858 613 2124 684 ἀνδράχνῃ
2162 614 2255 666 καὶ

682 706 708 756 6
739 704 953 774 οῖ’ναρος
999 703 1066 754 τὰ
1110 703 1206 770 μὲν
1251 703 1399 755 κάτω
1447 703 1807 772 φυλλοϐολὲῖν,
1849 703 1916 755 τά
1955 702 2012 754 δὲ
2053 702 2255 774 ἔσχατα

681 794 786 845 τῶν
814 792 1128 862 ἀκρεμόνων
1161 791 1417 857 ἀείέυλλα
1459 793 1630 862 ἔχειν’
1665 795 1908 862 ἑπιφύειν
1933 794 1988 846 δὲ
2019 794 2104 845 ἀεὶ
2130 794 2255 856 τοὺς

681 883 1004 950 ἀκρέμονας.
1049 879 1110 933 Et
1155 880 1366 935 Plinius
1395 899 1461 936 ex
1495 883 1869 954 Theophrasto
1902 884 2045 938 "ist.
2092 894 2204 938 nat.
2232 923 2246 946 ,

682 971 773 1022 lih.
805 986 914 1030 xw,
947 985 1067 1038 cap.
1097 970 1168 1021 ‘20
1202 990 1212 1022 :
1251 968 1583 1026 L'rbanarum
1617 975 1790 1041 generi
1831 991 1928 1026 non
1972 971 2249 1035 decidunt,

681 1061 822 1119 olea.
856 1061 1026 1124 lauro,
1059 1065 1269 1128 palma',
1307 1073 1497 1134 myrto,
1528 1080 1788 1131 cupresso.
1833 1067 1991 1134 pinis,
2027 1063 2248 1127 hedera',

681 1150 1076 1212 rhododendro;
1110 1163 1164 1206 et
1209 1169 1330 1223 cap.
1375 1154 1436 1208 2|
1492 1173 1504 1208 :
1551 1153 1878 1209 Silrcstrium
1916 1158 2085 1226 generi
2120 1155 2251 1224 folia

679 1258 780 1294 non
809 1241 1073 1306 decidunt,
1099 1243 1279 1306 abieti,
1308 1245 1482 1308 larici,
1506 1248 1764 1312 pinastro,
1779 1247 2044 1316 junipero,
2075 1245 2250 1310 cedro,

681 1334 1023 1400 therebintho,
1056 1334 1214 1399 buxo,
1263 1336 1374 1389 ilici
1398 1377 1412 1400 ,
1445 1339 1730 1407 a'quifolio,
1763 1339 1957 1401 suberi,
1991 1349 2136 1400 taxo,
2170 1348 2252 1390 ta-

679 1424 895 1487 marici;
927 1425 1060 1478 inter
1089 1435 1310 1494 utraque
1353 1443 1540 1496 genera
1581 1438 1702 1481 sunt
1733 1428 1994 1481 adraclme
2025 1429 2076 1480 in
2106 1426 2252 1480 Cm-

677 1513 784 1575 cia,
818 1523 865 1566 et
920 1515 1106 1584 ubique
1157 1516 1342 1570 unedo.
1393 1516 1612 1586 Reliqua
1647 1520 1786 1571 enim
1831 1519 1961 1586 [alia
2007 1519 2250 1572 decidunt

683 1603 780 1666 θη,
830 1616 1178 1674 pra'terquam
1227 1608 1278 1660 in
1312 1609 1688 1662 cacuminibus.
1726 1609 1788 1660 Et
1817 1620 2007 1663 auctor
2041 1609 2251 1679 Geapo-

682 1695 785 1748 nir.
814 1711 826 1745 :
858 1695 1052 1765 Δένδρα
1098 1695 1320 1765 ἀειθαλῆ
1350 1700 1482 1759 ἐστι,
1517 1697 1649 1767 μς,δέ
1667 1714 1794 1750 ποτε
1823 1697 2250 1768 φυλλορροούντα

682 1789 734 1836 ἓν
757 1783 836 1854 τῷ
870 1785 1113 1855 χειμῶνι,
1153 1785 1217 1842 ίδ.
1255 1785 1448 1854 φοίνιξ,
1479 1788 1682 1856 κίτρον,
1721 1788 2012 1858 στρόϐιλος,
2053 1788 2246 1857 δάφνη,

681 1877 848 1938 ὶλαία,
900 1877 1248 1947 κυπάρισσος,
1302 1879 1547 1949 κερατία,
1596 1878 1772 1941 πίτυς,
1820 1881 2044 1950 apii-qi
2063 1879 2247 1946 πύξος,

681 1969 933 2037 μυρσίνη,
984 1968 1188 2037 κέδρος,
1239 1967 1372 2031 ίτὲα,
1420 1969 1512 2021 καὶ
1544 1967 1826 2039 ἄρκευθος.
1877 1967 2250 2039 .idorus

681 2055 952 2112 Omirocr.
1019 2058 1110 2109 lib.
1163 2073 1198 2119 ι,
1245 2071 1366 2126 cap.
1412 2057 1480 2110 79
1527 2076 1538 2110 :
1579 2059 1817 2120 Φοίνικος
1849 2059 1904 2111 δὲ
1949 2061 2038 2112 καὶ
2067 2059 2249 2124 ἐλαίας

680 2147 928 2215 στέφανοι
989 2147 1195 2217 γάμους
1253 2147 1552 2220 ἐλευθέρων
1599 2151 1935 2222 περιποιοῦσι
1978 2154 2250 2220 γυναικῶν

678 2235 762 2288 διὰ
803 2236 901 2306 τὴν
941 2238 1162 2306 πλοκήν.
1220 2238 1329 2290 Καὶ
1367 2239 1530 2292 τέκνα
1581 2243 2040 2312 προσαγορεύουσι
2092 2245 2252 2297 πολυ-

679 2327 863 2398 χρόνια
896 2327 982 2380 διά
1011 2327 1073 2379 τὺ
1101 2327 1364 2392 ἀειθαλὲς,
1398 2329 1511 2381 υἱὸν
1553 2331 1651 2398 μὲν
1679 2333 1706 2382 ὁ
1751 2332 1944 2397 φοίνιξ,
1983 2334 2251 2404 θυγατέρα

678 2415 732 2466 δὲ
762 2416 794 2484 ἡ
821 2415 993 2469 ὲλαία.
1028 2414 1350 2472 Plutarchus
1379 2419 1428 2470 in
1459 2415 1696 2486 Sympos.
1739 2419 1790 2480 8,
1825 2431 2014 2488 quatst.
2034 2423 2086 2483 9,
2123 2425 2252 2492 pal-

679 2519 823 2558 mam
871 2519 994 2560 esse
1049 2507 1124 2558 ait
1186 2508 1507 2578 μακρόόιον,
1557 2510 1981 2578 ἐμπεδόφυλλον,
2025 2514 2252 2582 βεϐαίως

678 2596 980 2664 ἀείφυλλον,
1017 2598 1248 2668 ideoque
1277 2614 1400 2654 esse
1430 2601 1655 2656 victoris
1687 2606 1988 2670 praemium,
2027 2606 2145 2658 Ὅτι
2174 2607 2252 2659 δεῖ

678 2683 776 2754 τὴν
812 2684 920 2738 τῶν
967 2687 1270 2756 νικηφόρων
1309 2687 1463 2751 δόξαν
1517 2689 1738 2756 ἄφθιτον
1781 2694 1872 2744 καὶ
1920 2693 2107 2764 ἀγήρω
2140 2697 2250 2747 cm.-

681 2775 880 2846 μένειν.
913 2775 1245 2840 Phornutus,
1274 2781 1438 2848 capit.
1485 2779 1553 2835 de
1605 2780 1793 2845 Musis,
1836 2785 1886 2836 in
1915 2799 1977 2838 ea
2009 2788 2250 2854 agnoscit

679 2865 1005 2930 τὸάείζωον.
1051 2866 1108 2920 1η
1161 2867 1295 2939 Tylo
1334 2869 1532 2934 insula,
1590 2869 1799 2926 Plinius
1851 2873 1946 2928 lib.
1997 2891 2094 2938 xu,
2131 2891 2248 2945 cap.

684 2954 772 3016 11,
799 2955 930 3009 nulli
963 2956 1218 3010 arborum
1253 2956 1380 3010 folia
1411 2957 1664 3013 decidere
1701 2961 1898 3023 tradit;
1925 2969 1976 3013 et
2011 2961 2102 3016 lib.
2139 2977 2251 3024 xw,

683 3058 804 3114 cap.
839 3045 903 3098 21
939 3064 954 3098 :
987 3045 1051 3099 In
1095 3046 1324 3100 Thurino
1356 3065 1503 3116 agro,
1544 3049 1635 3102 ubi
1661 3049 1878 3119 Sybaris
1897 3051 2022 3119 fuit,
2049 3068 2113 3105 ea:
2141 3054 2255 3122 ipsa

683 3132 809 3186 urbe
838 3137 1253 3203 prospiciebatur
1279 3155 1498 3208 quercus
1544 3156 1668 3203 una,
1720 3158 1984 3208 nunquam
2015 3143 2144 3212 [alia
2173 3146 2254 3197 di-

683 3227 914 3286 mittens,
946 3243 1036 3278 nec
1069 3239 1190 3280 ante
1224 3230 1445 3282 mediam
1478 3241 1709 3284 a'statem
1742 3234 2060 3301 germinans.
2091 3234 2254 3306 quue

681 3319 873 3371 mirum
920 3328 1016 3381 est,
1051 3317 1248 3373 Graecis
1299 3322 1604 3377 auctoribus
1653 3325 1936 3390 proditum,
1983 3328 2122 3392 apud
2158 3345 2252 3381 nos

679 3417 858 3474 postea
902 3410 1070 3464 sileri.
1109 3409 1530 3488 Nam'locorum
1577 3425 1725 3467 tanta
1769 3419 1840 3468 vis
1883 3428 1978 3477 est,
2024 3428 2077 3468 ut
2113 3421 2254 3470 circa

682 3497 964 3566 Memphim
997 3499 1237 3571 .Egypti,
1269 3512 1319 3556 et
1348 3504 1402 3555 in
1434 3502 1778 3571 Elepltantiue
1814 3505 2092 3560 Thebaidis
2121 3508 2255 3560 nulli

683 3590 858 3641 arbori
886 3590 1147 3654 decidant,
1185 3609 1247 3646 ne
1292 3593 1478 3646 vitibus
1513 3594 1740 3664 quidem.
1779 3595 1908 3650 Vide
1950 3596 2250 3652 Varronem

685 3682 775 3734 lii).
820 3696 859 3744 ι,
897 3696 1015 3750 cap.
1054 3682 1104 3744 7,
1141 3681 1216 3735 De
1248 3700 1304 3737 re
1333 3686 1564 3749 rustica;
1609 3695 1663 3738 et
1699 3684 2137 3754 Theophrastum
2185 3689 2256 3742 De

684 3772 869 3826 histor.
921 3775 1088 3841 plant.
1126 3775 1218 3828 lib.
1258 3792 1294 3840 ι,
1338 3776 1506 3845 capit.
1538 3777 1625 3837 15,
1682 3779 1772 3831 ubi
1818 3787 1870 3832 et
1920 3780 1986 3834 de
2039 3781 2256 3848 platano

684 3863 994 3919 Gortineusi
1023 3873 1076 3917 et
1107 3866 1172 3919 de
1208 3865 1570 3935 Elephantino
1605 3882 1752 3933 agro.
1796 3870 1932 3939 Περὶ
1967 3871 2073 3940 γὰρ
2117 3872 2254 3923 Ἐλε-

687 3955 944 4023 φαντίνην
987 3955 1104 4008 οὐδὲ
1136 3955 1232 4018 τὰς
1279 3957 1572 4025 ἀμπέλους,
1611 3958 1727 4010 οὐδὲ
1776 3961 1874 4022 τὰς
1924 3963 2092 4023 συκᾶς
2130 3978 2257 4029 ,ρασι

686 4045 1046 4112 φυλλοϐολεῖν.
1085 4045 1143 4100 In
1182 4047 1378 4116 quibus
1407 4047 1553 4100 sicut
1595 4056 1648 4102 et
1691 4050 1744 4102 in
1790 4051 1909 4106 aliis
1943 4068 2012 4104 an
2049 4051 2258 4108 Plinius

688 4137 860 4191 fidelis
900 4138 1214 4206 interpretis
1244 4154 1468 4194 munere
1497 4139 1716 4194 functus
1760 4143 1830 4194 sit
1865 4144 2258 4211 aliisjudican~

685 4229 812 4280 dum
848 4229 1095 4296 relinquo
1122 4248 1133 4282 :
1171 4229 1271 4282 hoc
1302 4247 1485 4284 verum
1519 4240 1626 4297 est,
1652 4233 1896 4300 quaedam
1936 4235 2002 4288 de
2035 4250 2133 4288 suo
2164 4235 2259 4288 ad-

684 4319 930 4380 didisse,
990 4321 1093 4372 alia
1143 4321 1410 4374 omisisse.
1471 4321 1540 4374 At
1597 4338 1706 4376 non
1758 4341 1820 4376 ex
1886 4325 2259 4394 Theophrasto

686 4412 983 4472 transtulit,
1012 4410 1104 4464 sed
1142 4428 1206 4465 ex
1238 4415 1380 4477 aliis,
1418 4414 1712 4485 Grmcaquc
1750 4423 1808 4468 ut
1851 4424 2006 4468 erant
2057 4418 2110 4469 in
2152 4417 2258 4473 illis

2353 608 2446 662 τοῦ
2474 609 2686 678 πρίνου,
2716 609 3070 680 οίνωπότερον
3104 609 3161 662 δὲ
3187 611 3287 681 τῆς
3315 609 3500 681 δρυός⁴
3536 607 3605 661 τά
3649 607 3712 660 δὲ
3753 608 3912 675 φύλλα

2353 699 2639 769 προσέοικε
2703 699 2800 769 μὲν
2838 699 3060 768 ἀμφοῖν,
3107 698 3216 767 ἔχει
3249 699 3306 752 δὲ
3344 698 3514 768 μείζω
3543 698 3577 766 ἢ
3611 698 3688 759 ὡς
3717 700 3907 766 πρῖνος,

2353 791 2558 844 ἐλάττω
2583 791 2641 845 δὲ
2669 792 2702 861 ἢ
2732 791 2807 853 ὡς
2843 789 2992 860 δρῦς.
3031 791 3138 842 Καὶ
3166 792 3258 844 τὸν
3294 790 3504 861 καρπὸν
3540 790 3640 859 μὲν
3663 788 3758 840 τοῦ
3796 790 3910 858 πρί-

2353 897 2443 934 νου
2473 881 2614 934 κατά
2639 881 2699 934 τὸ
2735 879 2959 951 μέγεθος
2998 879 3221 944 ἐλάττω,
3251 884 3369 943 ταῖς
3413 880 3724 950 ἐλαχίσταις
3747 878 3803 931 δὲ
3824 877 3912 946 βα-

2352 971 2529 1035 λάνοις
2561 972 2699 1025 ἴσον·
2733 972 2828 1025 καὶ
2855 969 3179 1040 γλυκύτερον
3210 972 3308 1042 μὲν
3341 971 3435 1024 τοῦ
3476 969 3694 1041 πρίνου,
3725 968 3913 1038 πικρόν

2351 1079 2504 1133 τερον
2543 1062 2598 1116 δὲ
2643 1064 2738 1132 τῆς
2773 1063 2952 1134 δρυός.
2991 1061 3229 1116 Καλοῦσι
3271 1062 3328 1114 δέ
3373 1079 3514 1124 τινες
3554 1061 3648 1115 τὸν
3692 1060 3789 1130 μὲν
3822 1057 3912 1112 τοῦ

2353 1154 2562 1224 πρίνου,
2595 1153 2686 1205 καὶ
2717 1154 2808 1206 τὸν
2848 1152 3049 1222 ταύτης
3088 1145 3296 1222 καρπὸν
3333 1154 3549 1214 ἄκυλον,
3587 1153 3684 1205 τὸν
3729 1151 3783 1203 δὲ
3819 1149 3910 1218 τῆς

2349 1243 2509 1314 δρυὸς
2553 1243 2796 1313 βάλανον.
2849 1244 3078 1314 Μήτραν
3124 1243 3180 1296 δὲ
3230 1243 3340 1312 ἔχει
3389 1243 3782 1313 φανερώτερον,
3815 1241 3848 1312 ἢ
3883 1245 3912 1295 ὁ

2353 1335 2537 1403 πρῖνος
2599 1335 2708 1386 Καὶ
2752 1335 2783 1403 ή
2831 1332 2928 1402 μὲν
2983 1329 3271 1402 φελλόδρυς
3329 1335 3583 1401 τοιαύτην
3642 1332 3760 1384 τινὶ
3805 1329 3911 1399 ἔχει

2351 1422 2532 1491 φύσιν.
2568 1422 2730 1476 Plura
2766 1438 2980 1492 possem
3009 1436 3304 1490 congerere
3341 1424 3410 1477 ab
3446 1425 3570 1476 aliis
3611 1421 3678 1476 de
3711 1421 3911 1474 arbori-

2350 1512 2473 1574 bus,
2507 1527 2740 1580 quorum
2777 1507 2865 1565 hic
2897 1511 2954 1565 ﬁt
2999 1510 3224 1574 mentio,
3253 1510 3396 1564 dicta
3429 1519 3483 1565 et
3514 1510 3782 1574 dubitata,
3820 1507 3910 1562 sed

2352 1610 2510 1656 notas
2560 1604 2615 1655 in
2673 1601 3051 1664 Eustathium,
3114 1616 3224 1654 non
3287 1601 3579 1655 herbarum
3635 1600 3912 1654 historiam

2351 1693 2662 1748 scribimus.
2710 1691 2917 1746 Subicit
2960 1693 3083 1760 ejus
3133 1690 3280 1745 dicta
3327 1691 3488 1746 dictis
3521 1691 3754 1744 aliorum
3791 1705 3914 1744 con-

2353 1782 2595 1836 ﬁrmasse
2629 1782 2710 1835 \u-l
2740 1782 3069 1836 declarasse.
3669 1784 3691 1797 '

2422 1872 2552 1927 Ibid.
2579 1873 2674 1926 lin.
2699 1872 2788 1926 25.
2819 1871 2886 1924 Τὸ
2913 1870 3098 1938 ρὀον
3123 1869 3269 1922 ἄνευ
3313 1867 3424 1936 τῆς
3455 1871 3740 1936 ἀκάνθης.
3770 1867 3913 1921 Basi-

2351 1963 2476 2023 lius.
2512 1963 2657 2016 hom.
2683 1962 2717 2016 5
2748 1980 2762 2015 :
2795 1962 2944 2032 Πλήν
2970 1979 3033 2030 γε
3059 1961 3139 2012 i'm
3170 1960 3232 2013 τὺ
3264 1959 3410 2030 ῥόδον
3430 1962 3553 2014 τότε
3580 1962 3709 2015 ἀνευ
3753 1959 3914 2012 ἀκάν-

2349 2055 2447 2124 θης
2481 2050 2567 2124 ἦν.
2601 2054 2868 2126 ’Ὕστερον
2889 2053 2947 2106 δὲ
2974 2052 3048 2122 τῷ
3082 2051 3265 2106 κάλλει
3293 2053 3386 2105 τοῦ
3420 2053 3615 2115 ἄνθους
3647 2054 3681 2122 ὴ
3712 2049 3916 2105 ἄκανθα

2349 2146 2712 2216 παρεζεῦχθη,
2743 2148 2829 2200 ἵνα
2848 2147 2906 2198 τὸ
2933 2145 3161 2216 τερπνὸν
3196 2144 3294 2214 τῆς
3319 2144 3666 2207 ἀπολαύσεως
3695 2141 3916 2211 ἐγγύθεν

2350 2237 2558 2306 ἔχωμεν
2599 2238 3006 2309 παρακειμένην
3051 2236 3149 2307 τὴν
3191 2235 3388 2306 λύπην,
3443 2235 3780 2307 μεμνημένοι
3819 2236 3916 2302 τῆς

2350 2327 2639 2396 ἁμαρτίας,
2667 2326 2733 2378 δι’
2766 2327 2831 2396 ἠν
2868 2329 3102 2392 ἀκάνθας
3154 2329 3248 2382 καὶ
3295 2326 3574 2399 τριϐόλους
3616 2328 3750 2396 ἡμῖν
3787 2325 3915 2379 ἀνα-

2349 2418 2550 2470 τέλλειν
2594 2418 2954 2490 κατεδικάσθη
2989 2422 3020 2489 ἡ
3059 2419 3152 2488 γῆ.
3190 2419 3286 2473 Pia
3318 2427 3372 2474 et
3407 2419 3652 2489 prudens
3676 2431 3915 2471 commo-

2351 2509 2608 2572 nefactio,
2646 2519 2705 2563 ut
2732 2510 2987 2564 videlicet
3019 2511 3180 2566 homo
3231 2510 3287 2563 in
3336 2525 3516 2562 rosam
3568 2514 3793 2577 aspectu
3831 2507 3914 2560 in-

2346 2598 2513 2666 jecto,
2560 2599 2742 2652 statim
2794 2600 3009 2668 pristini
3036 2609 3090 2654 et
3127 2597 3336 2667 antiqui
3377 2597 3535 2667 primi
3571 2597 3836 2666 parentis,
3865 2603 3918 2648 et

2353 2691 2434 2744 sui
2480 2691 2661 2758 lapsus
2710 2692 3023 2746 memoriam
3078 2698 3327 2760 repetat;
3384 2700 3438 2744 et
3481 2689 3792 2743 calamitate
3824 2688 3920 2741 iu-

2356 2773 2559 2850 sth-ta,
2601 2785 2654 2836 in
2691 2798 2851 2852 quam
2883 2791 3106 2853 propter
3148 2791 3430 2853 peccatum
3488 2783 3717 2847 incidit,
3757 2782 3921 2838 corde

2357 2875 2545 2927 lmmnt
2571 2882 2624 2929 et
2659 2875 2848 2928 intime
2878 2876 3075 2937 doleat,
3109 2877 3301 2943 suique
3334 2877 3598 2931 creatoris
3627 2891 3786 2944 opem
3823 2888 3918 2930 ex-

2354 2976 2563 3036 poscat,
2588 2979 2641 3020 et
2673 2967 2778 3020 sibi
2805 2945 3012 3020 caveat:
3045 2965 3372 3020 Continuata
3403 2968 3547 3020 enim
3572 2973 3918 3035 peccatorum

2294 3117 2296 3119 ν
2356 3057 2616 3111 memoria
2641 3058 2846 3110 nullum
2883 3055 3180 3111 remedium
3213 3059 3394 3126 aptius
3428 3057 3492 3110 ad
3519 3055 3729 3109 veniam
3763 3056 3922 3125 impe-

2355 3149 2627 3209 trandam,
2660 3163 2760 3202 nec
2795 3148 2961 3200 ullum
3002 3147 3144 3200 aliud
3181 3147 3253 3200 ita
3286 3163 3503 3217 segnem
3540 3145 3713 3199 reddit
3748 3144 3922 3198 homi-

2357 3254 2477 3291 nem
2525 3239 2592 3291 ad
2641 3240 2937 3308 nequitiam
2969 3239 3408 3307 perpetrandam,
3441 3246 3498 3291 ut
3529 3236 3718 3291 scribit
3747 3236 3922 3306 Chry-

2353 3335 2626 3380 sostomus
2659 3329 2712 3379 in
2743 3328 2912 3394 Epist.
2946 3329 3013 3378 ad
3049 3327 3328 3390 Hebr-ator,
3365 3343 3484 3396 cap.
3522 3343 3617 3387 xu.
3650 3328 3804 3381 hom.
3835 3327 3922 3390 31,

2353 3427 2405 3471 et
2433 3418 2485 3470 in
2515 3425 2703 3471 catena
2723 3418 2774 3470 in
2807 3434 2920 3486 cap.
2953 3433 3038 3469 xw
3075 3417 3357 3470 Hieremiae
3386 3433 3404 3470 :
3438 3416 3558 3468 Ἐπὶ
3580 3419 3638 3467 τὸ
3661 3416 3924 3486 λειπόμεο

2355 3526 2441 3561 νον
2464 3509 2747 3578 φάρμακον
2771 3507 3098 3575 καταφεύγει
3118 3509 3223 3560 τῶν
3246 3507 3650 3577 ἁμαρτημάτων
3667 3507 3773 3575 τὴν
3796 3505 3928 3572 γνῶ-

2357 3617 2457 3652 σιν.
2484 3597 2590 3653 Nec
2619 3600 2866 3653 dissentit
2886 3599 3111 3667 August.
3135 3599 3227 3651 lib.
3251 3615 3289 3664 ι,
3312 3598 3382 3651 De
3404 3596 3528 3652 Gen.
3547 3607 3725 3650 contra
3754 3595 3927 3649 Mani-

2357 3693 2543 3753 cha'os,
2572 3705 2621 3744 c.
2652 3691 2717 3743 l3
2741 3707 2758 3743 :
2784 3689 2886 3743 Per
2917 3700 3181 3759 peccatum
3221 3691 3443 3743 hominis
3475 3699 3608 3741 terra
3638 3689 3926 3742 maledicta

2355 3791 2454 3842 est,
2487 3791 2543 3832 ut
2589 3782 2766 3848 spinas
2795 3792 3018 3848 pareret,
3067 3797 3168 3833 nou
3211 3791 3266 3832 ut
3310 3782 3422 3846 ipsa
3463 3794 3638 3848 pinnas
3675 3780 3921 3842 sentiret,

2357 3889 2473 3941 qum
2510 3873 2620 3924 sine
2658 3888 2810 3924 sensu
2852 3880 2963 3934 est,
3012 3871 3100 3924 sed
3143 3881 3200 3923 ut
3239 3873 3439 3937 peccati
3479 3870 3690 3922 ltummii
3722 3873 3926 3923 crimen

2359 3977 2557 4028 semper
2585 3960 2877 4014 hominibus
2907 3972 3027 4014 ante
3063 3961 3238 4014 oculos
3277 3970 3503 4027 poneret,
3534 3975 3632 4029 quo
3668 3959 3924 4013 admone-

2359 4065 2537 4108 rentur
2577 4053 2864 4123 aliquando
2900 4055 3064 4106 arerti
3105 4071 3137 4106 a
3182 4054 3427 4122 peccatis,
3458 4062 3506 4106 ct
3551 4053 3616 4104 ad
3652 4051 3752 4105 Dei
3789 4069 3920 4120 prm—

2360 4158 2508 4215 cepta
2538 4147 2784 4199 converti.
2825 4145 3015 4198 Herba:
3046 4156 3240 4205 autem,
3273 4156 3378 4198 etc.
3434 4143 3553 4198 Haec
3584 4151 3772 4198 tamen
3801 4159 3920 4198 sen-

2360 4237 2529 4290 tentia
2562 4235 2781 4289 Pererio
2808 4235 2846 4288 ι.
2874 4248 2913 4298 ι,
2943 4235 2996 4285 in
3042 4233 3170 4285 Gen.
3207 4249 3315 4287 non
3357 4231 3577 4286 arridet.
3621 4230 3735 4285 Nec
3778 4232 3920 4285 enim

2361 4334 2538 4395 potest
2575 4324 2770 4377 adduci
2820 4330 2877 4375 ut
2906 4321 3092 4375 credat
3138 4336 3318 4375 rosam
3364 4329 3488 4374 ante
3519 4327 3807 4390 peccatum
3845 4319 3918 4372 fa-

2361 4427 2498 4469 ctam
2528 4414 2697 4469 fuisse
2731 4414 2935 4481 absque
2969 4412 3163 4481 Spinis.
3203 4410 3344 4466 Deus
3375 4411 3515 4465 enim
3547 4409 3683 4462 tales
3727 4408 3915 4462 condi-

685 4502 996 4555 auetoribus
1042 4501 1231 4555 Latina
1261 4502 1399 4557 fecit.
1430 4506 1558 4560 Esto
1589 4527 1598 4559 :
1638 4515 1817 4558 tamen
1852 4516 2134 4575 suspectus
2162 4508 2254 4560 ad-
2287 4513 2329 4564 Ι)
2358 4508 2437 4562 dit
2482 4522 2568 4560 res
2601 4506 2790 4574 quales
2831 4511 2959 4558 sunt
2991 4503 3290 4558 secundum
3322 4510 3570 4556 naturam
3604 4515 3787 4566 suam,
3823 4514 3914 4552 nec

686 4593 789 4644 huc
823 4601 905 4645 est
943 4609 1064 4645 cum
1093 4604 1145 4647 et
1183 4597 1236 4648 in
1274 4598 1394 4650 aliis
1429 4598 1617 4652 eodem
1646 4599 1808 4651 modo
1843 4614 1900 4652 se
1929 4605 2116 4667 gerat;
2163 4598 2256 4652 sed

686 4697 792 4734 non
821 4690 898 4737 est
939 4687 1218 4750 praesentis
1247 4689 1468 4754 negotii.

758 4775 872 4827 Col.
904 4776 1024 4838 716,
1051 4777 1140 4829 lin.
1161 4778 1244 4831 9.2.
1264 4781 1370 4831 Καὶ
1396 4772 1766 4844 ἣνἌρκάδες
1788 4779 2098 4845 φίλίέόρυν.
2127 4779 2258 4831 Cor-

685 4868 799 4934 rige
829 4883 892 4919 ex
927 4866 1319 4934 Theophrasto,
1352 4871 1656 4936 ’ρελλόόρυιι
1707 4868 1879 4936 Hujus
1924 4879 2174 4923 naturam
2205 4877 2258 4922 et

686 4967 996 5010 accuratam
1037 4960 1457 5029 descriptionem
1489 4961 1650 5014 habet
1685 4962 1818 5014 idem
1847 4961 2256 5029 Theophrastus

686 5051 760 5102 De
792 5051 955 5103 histor
1005 5051 1171 5118 plant.
1204 5053 1296 5105 lib.
1344 5068 1422 5114 tu,
1463 5056 1627 5122 capit.
1673 5054 1733 5106 lli
1769 5071 1778 5104 :
1819 5055 1881 5104 ’Ὀ
1912 5054 1965 5104 δὲ
2005 5051 2256 5105 καλοῦσιν

699 5142 952 5209 Ἀρκάδες
981 5141 1267 5210 φελλόδρυν
1307 5144 1510 5196 τοιάνδε
1560 5143 1668 5212 ἔχει
1717 5146 1813 5208 τὴν
1845 5145 2020 5210 φύσιν,
2054 5143 2126 5203 ὡς
2161 5142 2256 5211 μὲν

683 5231 867 5293 ἁπλῶς
899 5235 1089 5292 εἰπεῖν,
1124 5233 1225 5285 ἀνὰ
1258 5233 1418 5301 μέσον
1451 5234 1637 5300 πρίνου
1670 5233 1760 5284 καὶ
1790 5234 1945 5303 δρυός
1975 5236 2106 5283 ἐστι.
2148 5231 2257 5282 Καὶ

685 5324 811 5374 ἔνιοι
868 5323 1335 5392 ὑπολαμϐάνουσιν
1393 5321 1526 5376 εἶναι
1575 5324 1736 5393 θῆλυν
1781 5327 1986 5391 πρῖνον,
2039 5324 2121 5375 διὸ
2166 5324 2257 5374 καὶ

683 5409 811 5460 ὅπου
858 5411 930 5480 μὴ
977 5410 1166 5477 φύεται
1221 5414 1423 5479 πρῖνος,
1475 5412 1646 5480 τούτῳ
1692 5412 1924 5481 χρῶνται
1982 5411 2114 5479 πρὸς
2161 5412 2258 5470 τὰς

684 5502 918 5567 ἀμάξας.
961 5502 1055 5554 καὶ
1098 5503 1163 5554 τὰ
1200 5503 1440 5565 τοιαῦτα,
1475 5503 1724 5572 καθάπερ
1755 5506 1785 5571 ή
1841 5505 1965 5571 περὶ
2000 5502 2257 5554 Λακεδαί-

685 5607 822 5659 μονα.
874 5593 961 5642 καὶ
1004 5592 1232 5644 Ἠλείαν.
1289 5590 1523 5644 Καλοῧσι
1575 5593 1628 5643 δὲ
1686 5593 1738 5642 οἵ
1786 5609 1847 5658 γε
1898 5594 2118 5659 Δωριεῖς
2166 5593 2258 5644 καὶ

682 5681 877 5748 ἁγρέαν
909 5682 968 5733 τὸ
1007 5682 1238 5750 δένδρον.
1271 5683 1424 5734 Ἐστι
1473 5683 1526 5734 δὲ
1577 5681 1960 5751 μαλακώτερον
2009 5682 2100 5735 τοῦ
2138 5684 2258 5752 πρίξ-

681 5787 789 5833 νου,
828 5771 1183 5843 σκληρότερον
1219 5773 1276 5825 δὲ
1317 5773 1407 5825 καὶ
1451 5776 1777 5827 πυκνότερον
1806 5774 1904 5840 τῆς
1938 5773 2112 5844 δρυός.
2150 5776 2256 5827 Καὶ

2359 4605 2639 4667 peccatum
2670 4595 2797 4649 Adae
2848 4597 3079 4647 mutavit
3108 4609 3298 4648 earum
3349 4593 3711 4661 pr0prietates
3763 4601 3916 4658 atque

2358 4688 2722 4748 conditiones,
2774 4699 2898 4737 cum
2943 4698 3044 4737 nec
3085 4698 3148 4737 ea
3195 4681 3438 4751 quidem,
3472 4696 3590 4748 quae
3634 4694 3766 4733 vera
3797 4684 3916 4732 sunt

2360 4778 2659 4833 secundum
2713 4783 2969 4828 naturam
3017 4774 3254 4828 hominis
3301 4779 3578 4842 peceatum
3619 4771 3744 4837 ejus
3771 4768 3919 4836 quid-

2360 4883 2519 4938 quam
2568 4867 2880 4919 variaverit.
2933 4863 3134 4917 Rosam
3171 4878 3298 4917 vero
3342 4861 3494 4915 nasci
3541 4861 3679 4911 inter
3737 4859 3916 4926 spinas

2360 4957 2664 5010 naturalem
2722 4970 2864 5008 rosae
2911 4954 3359 5007 constitutionem
3409 4960 3567 5020 atque
3614 4949 3916 5016 generatio-

2360 5062 2481 5099 nem
2519 5046 2895 5112 consequitur.
2939 5043 3118 5108 Quare
3154 5042 3256 5097 etsi
3308 5049 3437 5094 ante
3477 5049 3762 5109 peccatum
3799 5038 3917 5089 Adae

2360 5144 2513 5188 erant
2551 5136 2664 5189 haec
2705 5135 2957 5187 humana),
2989 5143 3196 5185 natura:
3237 5132 3420 5191 noxia,
3466 5145 3571 5182 non
3608 5127 3843 5184 inissent
3871 5124 3914 5176 ei

2360 5229 2413 5279 in
2447 5239 2683 5295 poenam,
2725 5226 2772 5279 si
2819 5239 2926 5276 non
2966 5231 3269 5292 peccasset,
3303 5219 3397 5273 sed
3447 5221 3518 5271 ita
3548 5229 3696 5272 esset
3745 5217 3916 5270 animo

2361 5333 2700 5386 eorporcquc
2732 5317 2981 5378 eﬂ‘ectus,
3023 5324 3082 5367 ut
3125 5313 3379 5366 facillime
3418 5313 3531 5366 haec
3573 5310 3809 5364 exitiosa
3842 5309 3914 5359 in—

2361 5421 2668 5463 ternoscere
2701 5415 2751 5460 et
2781 5407 2952 5459 vitare
2979 5411 3184 5473 posset.
3218 5402 3413 5458 Verum
3453 5410 3558 5463 est,
3593 5400 3760 5453 Deum
3794 5397 3916 5449 tales

2363 5520 2448 5556 res
2497 5502 2812 5556 condidisse
2866 5502 3055 5570 quales
3112 5508 3242 5554 sunt
3295 5495 3594 5553 secundum
3650 5503 3911 5546 naturam.

2365 5595 2520 5648 Same
2552 5595 2752 5649 mentis
2785 5601 2869 5647 est
2911 5591 3071 5645 fateri
3117 5606 3300 5644 rerum
3343 5588 3709 5658 proprietates
3749 5594 3801 5637 et
3831 5595 3913 5633 na-

2361 5695 2512 5740 turas
2537 5695 2760 5754 peccato
2787 5686 3086 5753 primorum
3106 5691 3389 5752 parentum
3409 5696 3517 5732 non
3533 5678 3705 5733 fuisse
3735 5678 3909 5729 immu-

2363 5785 2525 5832 tatas.
2573 5776 2925 5845 Exploratum
2959 5782 3064 5840 est,
3104 5782 3229 5828 ante
3276 5779 3559 5841 peccatum
3616 5784 3740 5821 cum
3783 5761 3917 5817 nulla
