4042 6338
127 350 238 408 849

1180 357 1244 412 ΙΝ
1286 355 1660 413 EUSTATllll
1700 357 2179 418 ΗΕΧᾹΕΜΕΒΟΝ
2214 362 2439 421 NOTAE.

3309 378 3417 434 850

122 468 295 536 culpa
329 481 508 537 neque
537 483 740 536 corpus
766 484 941 539 neque
970 471 1212 525 animum
1257 470 1517 535 alliceret,
1555 488 1732 541 neque
1763 479 1803 533 Α
1838 491 1978 527 mum
2016 487 2285 540 maturat;
2329 487 2383 533 et
2415 495 2538 550 cap.
2572 481 2663 550 26,
2707 482 2943 540 Perdunt
2987 486 3244 554 facillime
3295 500 3416 545 ante

119 572 356 628 penam
393 560 557 613 ullam
593 559 763 614 fuisse
799 561 1044 618 inditam.
1074 563 1215 620 Vero
1244 569 1426 618 verius
1465 574 1549 619 est
1579 564 1723 618 Ada-

121 664 282 703 mum
318 656 453 704 tunc
480 650 557 704 ita
580 651 763 706 animo
791 662 845 706 et
873 669 1103 724 corpore
1146 654 1316 710 fuisse
1347 653 1623 718 eﬂ'ectum,
1665 663 1724 708 ut

119 750 177 796 et
204 743 454 797 exitiosa
479 757 859 814 cognosceret,
886 755 940 802 et
970 755 1152 816 posset
1179 748 1373 801 vitare.
1408 745 1533 802 Ideo
1561 754 1613 802 et
1644 763 1732 801 ro-

120 849 248 889 sam
291 851 423 889 cum
468 836 644 905 spinis
688 847 871 894 natam
915 840 1329 903 amrmabimus,
1366 847 1422 894 et
1460 840 1515 895 in
1561 840 1735 910 spinis

122 928 312 994 nasci,
344 929 650 984 naturalem
680 947 818 987 rosa:
847 934 1292 988 constitutionem
1322 940 1376 987 et
1428 934 1735 1002 generatio-

122 1035 258 1074 nem
303 1022 619 1091 consequi?
651 1022 768 1078 Alia
805 1024 966 1080 nobis
997 1023 1221 1079 aliunde
1259 1032 1499 1091 εει-οδω
1540 1034 1734 1079 natura
1779 1062 1782 1066 -

122 1120 180 1165 et
213 1113 503 1166 naturalis
524 1116 850 1170 constitutio
875 1116 1195 1187 querenda.
1236 1115 1392 1183 Quod
1431 1126 1623 1171 natura
1651 1118 1736 1171 in-

125 1190 310 1258 situm
365 1213 464 1260 est
492 1216 655 1277 atque
687 1208 898 1271 datum,
929 1216 984 1264 et
1026 1210 1333 1265 naturalem
1383 1211 1735 1266 constitutio-

126 1311 260 1350 nem
289 1301 677 1368 consequitur,
709 1301 793 1354 lex
819 1307 922 1361 est,
952 1314 1074 1368 qua:
1097 1299 1246 1355 nullo
1268 1301 1551 1356 hominum
1581 1303 1734 1372 inge-

126 1387 252 1442 nio.
304 1389 462 1442 nulla
519 1397 826 1459 temporum
876 1391 1293 1456 vicissitudine,
1345 1394 1498 1446 nulla
1547 1408 1734 1450 rerum

126 1486 435 1548 varietate,
469 1487 621 1541 nullo
643 1488 805 1542 etiam
839 1487 1015 1556 ipsius
1040 1496 1270 1554 natum,
1302 1491 1348 1544 si
1383 1490 1495 1544 ﬁeri
1529 1495 1732 1561 posset,

127 1578 375 1646 impetu,
411 1580 678 1644 violatur;
718 1578 812 1633 sed
835 1595 1050 1649 semper
1075 1580 1324 1635 eamdem
1368 1597 1481 1636 rem
1517 1583 1582 1636 ad
1614 1582 1732 1636 exi-

130 1677 254 1723 tqu
287 1687 470 1740 usque
497 1670 874 1738 consequitur.
906 1669 1063 1735 Quod
1091 1673 1134 1725 si
1161 1673 1344 1736 tollas,
1379 1675 1461 1728 vel
1497 1675 1550 1728 in
1585 1673 1733 1727 aliud

128 1769 524 1816 transmittare
550 1763 868 1822 tentaveris,
903 1777 1016 1816 rem
1052 1771 1104 1816 et
1150 1764 1321 1832 ipsam
1357 1765 1570 1834 perdes.
1604 1766 1734 1820 etin

129 1855 303 1908 aliam
356 1855 696 1909 inimutabis.
732 1853 797 1906 Et
834 1855 1039 1909 scimus
1079 1857 1242 1910 etiam
1285 1859 1522 1912 dubitari
1573 1873 1642 1912 an
1679 1860 1729 1912 id

133 1945 349 1999 virtute
381 1953 436 1997 rt
472 1944 731 1999 facultate
779 1946 961 2000 divina
1020 1948 1134 2000 lieri
1181 1957 1386 2016 posset,
1418 1960 1470 2004 et
1508 1950 1730 2004 conclu-

131 2036 276 2091 dunt
330 2053 400 2092 ex
448 2044 645 2090 natura
695 2037 773 2091 rei
822 2035 878 2090 id
917 2038 1214 2106 implicare.
1271 2041 1338 2092 At
1381 2057 1481 2096 nos
1527 2042 1730 2096 nostris

131 2128 294 2183 hisce
347 2109 694 2198 temporibus
723 2130 1085 2198 agricolarum
1137 2131 1406 2185 industria
1454 2133 1524 2185 ita
1576 2148 1731 2187 rosas

131 2221 356 2275 institui
384 2222 684 2283 cernimus,
712 2231 770 2273 ut
793 2221 997 2290 absque
1026 2222 1198 2292 spinis
1219 2231 1528 2292 erumpant,
1553 2238 1730 2292 neque

133 2311 328 2365 minus
363 2312 726 2374 venustiores,
761 2326 937 2380 neque
974 2312 1154 2365 minus
1188 2313 1541 2366 odoratiores.
1579 2310 1729 2377 Quo-

136 2401 307 2458 t'nodo
342 2419 475 2472 ergo
507 2417 535 2455 a
577 2413 772 2458 natura
811 2403 884 2455 ita
917 2413 1288 2472 comparatum
1331 2419 1454 2458 esse
1485 2403 1723 2457 afﬁrma-

137 2496 363 2550 bimus‘l
394 2495 540 2549 Idem
570 2504 654 2549 est
688 2496 828 2548 inter
856 2496 1041 2562 spinas
1072 2496 1222 2553 nasci
1259 2497 1557 2550 naturalem
1589 2510 1728 2550 rosae

136 2587 599 2641 constitutionem
622 2588 881 2655 consequi
906 2586 1194 2649 allii-mare,
1226 2587 1445 2640 acinter
1465 2588 1729 2641 domesti-

137 2691 239 2729 cos
278 2676 518 2744 parietes
566 2676 842 2729 hominem
905 2677 1082 2738 nasci,
1133 2677 1438 2730 naturalem
1488 2677 1726 2732 hominis

138 2771 620 2823 constitutionem.
674 2769 736 2822 Et
781 2772 981 2823 mirum
1033 2778 1142 2831 est.
1181 2771 1327 2840 quod
1361 2787 1484 2826 cum
1519 2771 1573 2824 in
1622 2772 1726 2825 hoc

140 2858 281 2914 ﬂore
301 2861 550 2913 omnium
587 2861 957 2930 pulcherrimo
1004 2862 1159 2930 plura
1202 2871 1432 2930 possunt
1473 2863 1726 2917 conside-

139 2951 257 3004 rari
294 2967 418 3020 qua
448 2951 568 3020 ejus
597 2959 847 3004 naturam
881 2954 1143 3021 consequi
1181 2969 1288 3007 non
1322 2957 1559 3008 absurde
1582 2955 1727 3008 dicc—

145 3057 364 3103 remus,
394 3044 658 3113 neglectis
683 3043 813 3107 illis,
837 3043 902 3096 ad
933 3043 1141 3113 spinas,
1163 3060 1283 3112 qua:
1313 3046 1547 3114 pessima
1578 3053 1724 3111 sunt,

147 3134 393 3187 animum
432 3136 808 3189 attendamus.
840 3133 918 3189 Ex
956 3135 1440 3204 Peripateticorum
1488 3145 1540 3190 et
1583 3137 1728 3206 inge-

147 3241 387 3280 nuorum
433 3227 884 3296 philosophorum
928 3227 1115 3282 schola
1156 3237 1345 3281 notum
1395 3229 1468 3291 id,
1503 3243 1566 3282 ac
1593 3231 1728 3285 satis

147 3328 364 3372 certum
404 3320 692 3384 habemus,
736 3321 809 3373 ita
840 3323 1061 3390 propria
1089 3337 1213 3376 esse
1252 3322 1330 3375 rei
1365 3321 1478 3384 illa,
1508 3336 1628 3391 quae
1661 3323 1729 3377 ad

146 3414 453 3466 naturalem
482 3415 925 3470 constitutionem
945 3424 1376 3483 consequuntur,
1418 3422 1477 3468 ut
1507 3416 1573 3470 de
1609 3417 1730 3470 aliis

148 3504 288 3567 dici,
327 3512 382 3559 et
424 3506 545 3559 aliis
594 3507 985 3560 communicari
1036 3507 1260 3561 minime
1318 3508 1532 3578 possint
1580 3509 1728 3563 salva

152 3608 514 3667 utrorumque
561 3607 779 3653 natura.
826 3600 894 3654 At
941 3600 1082 3654 inter
1117 3601 1304 3668 spinas
1354 3601 1506 3654 nasci
1555 3602 1729 3655 soline

150 3704 291 3744 rosae
319 3691 602 3745 convenit?
645 3691 787 3761 Ergo
819 3693 963 3746 inter
986 3693 1174 3762 spinas
1196 3693 1347 3746 nasci
1384 3709 1492 3746 non
1533 3708 1731 3748 conse-

152 3783 345 3849 quitur
388 3784 690 3836 naturalem
742 3799 881 3837 rosaz
905 3785 1377 3837 constitutionem.
1411 3785 1480 3837 At
1515 3800 1622 3838 non
1655 3785 1729 3838 ita

152 3875 372 3942 propria
418 3881 475 3926 ut
505 3875 575 3927 sit
607 3874 732 3928 aliis
778 3875 1153 3944 inconjuncta,
1200 3892 1331 3947 ergo
1376 3892 1486 3929 non
1537 3885 1730 3928 natura

152 3965 303 4029 data,
328 3980 458 4033 ergo
489 3973 668 4034 potest
700 3969 948 4034 generari
983 3980 1129 4030 rosa,
1162 3977 1218 4021 et
1271 3969 1390 4022 sine
1432 3968 1606 4036 spinis
1636 3981 1732 4036 ge-

152 4060 356 4110 nerari.
406 4057 511 4110 Sed
557 4056 751 4112 demus
796 4060 959 4112 etiam
1003 4074 1117 4112 rem
1169 4060 1242 4111 ita
1304 4075 1362 4115 se
1402 4059 1640 4124 habere,
1679 4067 1732 4113 et

155 4150 299 4202 inter
322 4149 506 4217 spinas
529 4151 703 4211 nasci,
734 4151 994 4219 consequi
1022 4167 1160 4205 rosa!
1193 4152 1497 4204 naturalem
1530 4153 1732 4205 consti-

152 4242 438 4294 tutionem.
490 4240 630 4305 Quid
672 4241 836 4296 inde?
877 4240 1147 4305 Culturaz,
1204 4242 1340 4306 soli,
1387 4257 1561 4312 aquae,
1605 4243 1727 4296 caeli

152 4339 356 4383 tantam
383 4347 505 4386 esse
542 4332 655 4399 jam
684 4341 738 4386 et
772 4331 1084 4388 facultatem
1116 4335 1171 4386 in
1205 4334 1427 4402 plantis,
1456 4334 1500 4389 si
1549 4333 1731 4388 Theo-

153 4425 376 4492 phrasto
433 4425 666 4492 aliisque
705 4424 1017 4486 credimus,
1055 4433 1116 4477 ut
1153 4426 1323 4480 miras
1379 4426 1731 4481 alterationes

1841 569 2223 632 maturitatem,
2276 572 2480 637 palma,
2517 573 2674 642 ﬁcus,
2723 578 3030 647 amygdala,
3068 581 3258 645 malus,
3320 596 3418 652 py-

1837 676 1949 721 rus,
1981 660 2106 712 item
2132 661 2346 730 punica,
2372 677 2491 731 qua
2529 664 2688 718 etiam
2719 668 2926 723 roribus
2959 669 3158 733 nimiis,
3188 682 3236 725 et
3266 672 3416 738 prui-

1836 753 1918 806 nis
1969 753 2156 820 ﬂorem
2206 755 2423 810 amittit.
2458 756 2581 822 Qua
2613 757 2677 812 de
2722 777 2884 814 causa
2925 763 3201 831 inﬂectunt
3239 779 3417 816 ramos

1837 847 1951 916 ejus
1985 863 2049 901 ne
2078 846 2300 916 subjecti
2333 849 2607 904 humorem
2634 852 2883 920 infestum
2930 856 3218 924 excipiant,
3263 864 3417 925 atque

1836 941 2159 998 contineant.
2194 938 2368 1011 Pyrus
2409 953 2456 996 et
2504 940 2810 1014 amygdala,
2834 929 2994 1000 etiam
3025 948 3071 1001 si
3113 964 3216 1002 non
3243 948 3416 1017 pinat,

1837 1033 1927 1086 sed
1961 1035 2059 1103 ﬁet
2109 1036 2408 1088 austrinum
2455 1037 2663 1100 caelum,
2717 1045 2809 1090 aut
2853 1039 3112 1107 nubilum,
3163 1042 3416 1093 amittunt

1837 1126 2046 1194 ﬂorem,
2090 1136 2139 1181 et
2171 1129 2367 1196 primos
2411 1130 2652 1198 fructus,
2692 1131 2737 1183 si
2785 1147 2903 1184 cum
2946 1132 3234 1202 deﬂoruere
3282 1134 3416 1188 tales

1835 1217 1948 1271 dies
1977 1217 2195 1286 fuerint.
2242 1221 2385 1274 ldem
2417 1221 2581 1276 refert
2616 1222 2708 1277 lib.
2747 1238 2879 1286 xvu,
2915 1239 3037 1294 cap.
3066 1226 3120 1290 2,
3162 1241 3282 1295 quae
3311 1225 3414 1280 ha-

1836 1309 1956 1364 buit
1997 1326 2062 1364 ex
2109 1308 2509 1382 Theophrasto,
2543 1315 2619 1368 De
2659 1317 2837 1370 causis
2865 1315 3032 1381 plant.
3065 1319 3164 1373 lib.
3200 1336 3256 1384 ιι,
3290 1335 3412 1390 cap.

1836 1399 1897 1454 11
1925 1420 1938 1454 :
1970 1400 2335 1473 Ἀποϐλητικὰ
2374 1404 2432 1456 δὲ
2477 1405 2710 1474 μάλιστα
2739 1403 2849 1460 τῶν
2882 1407 3109 1478 καρπῶν
3152 1409 3418 1485 np‘tv_1rs-

1835 1491 2001 1544 πᾶναι
2040 1492 2199 1561 συκῆ,
2243 1494 2337 1544 καὶ
2369 1492 2563 1560 φοίνιξ,
2612 1495 2705 1546 καὶ
2736 1495 3043 1566 ἀμυγδαλῆ,
3077 1497 3170 1550 καὶ
3218 1497 3414 1568 μηλέα,

1835 1583 1930 1637 καὶ
1977 1583 2154 1647 ἄπιος,
2200 1584 2404 1637 Ἱκανὸν
2452 1585 2562 1664 γὰρ
2595 1589 2689 1640 καὶ
2739 1587 2912 1642 ὁτιοῦν
2960 1589 3277 1661 διυγρᾶναι,
3325 1593 3419 1646 καὶ

1836 1676 2060 1739 ἀσθενὲς
2094 1676 2336 1746 ποιῆσαι,
2365 1678 2458 1730 καὶ
2487 1679 2601 1748 ἅμα
2635 1680 2844 1745 τούτοις
2876 1699 2940 1750 γε
2970 1683 3063 1736 καὶ
3092 1683 3418 1754 πνευμάτων

1835 1767 2131 1835 ἐπιγίνεται
2166 1768 2409 1838 μέγεθος.
2461 1770 2526 1822 Ἦ
2554 1770 2608 1822 δὲ
2649 1773 2747 1840 ῥόα
2788 1777 2900 1836 τοῖς
2937 1774 3035 1844 μὲν
3080 1775 3293 1828 ἄνθεσιν
3324 1777 3418 1828 εὑ-

1838 1858 2210 1921 κατάπτωτος.
2261 1856 2517 1928 Ἀσθενὴς
2546 1858 2654 1930 γὰρ
2689 1861 2868 1912 αὐτῶν
2903 1862 2935 1932 ἡ
2967 1863 3303 1934 πρόσφυσις·
3341 1863 3419 1927 ὡς

1836 1949 1880 2002 δ’
1928 1950 2054 2002 ὅταν
2101 1949 2366 2019 ψεκάδια,
2419 1950 2515 2003 καὶ
2552 1951 2730 2022 δρόσοι
2777 1953 3034 2018 πέσωσιν,
3098 1955 3417 2026 εἰσδυόμενα

1838 2040 1977 2092 κατὰ
2007 2040 2069 2091 τὸ
2106 2038 2264 2102 ἄνθος
2297 2040 2608 2111 ἀνυγραίνει
2653 2043 2747 2094 καὶ
2791 2043 3062 2114 ποιεῖτὴν
3103 2043 3280 2117 βολήν.
3326 2045 3418 2098 Διδ

1837 2133 1932 2184 καὶ
1962 2131 2258 2200 κατάγουσι
2286 2133 2355 2186 τὰ
2381 2129 2593 2203 δένδρα,
2627 2135 2720 2190 καὶ
2761 2136 2860 2188 οὐκ
2889 2136 3111 2205 ἀφιᾶσιν
3153 2138 3234 2201 είς
3261 2136 3414 2207 ὕψος,

1835 2225 1984 2286 ὅπως
2038 2225 2088 2277 οί
2141 2224 2345 2278 κύτινοι
2402 2225 2475 2295 μὴ
2526 2225 2677 2297 ὀρθοὶ
2726 2227 3008 2297 γενόμενοι
3055 2228 3315 2299 δέχωνται
3354 2230 3417 2284 τὸ

1837 2317 2019 2386 ὑγρόν.
2053 2317 2117 2368 Ol
2149 2316 2205 2368 δὲ
2249 2317 2344 2370 καὶ
2379 2317 2645 2372 ἀνάπαλιν
2692 2318 2968 2373 κελεύουσι
3014 2321 3263 2390 φυτεύειν
3315 2323 3415 2386 τὰς

1838 2409 2067 2478 ῥάϐδους
2107 2407 2296 2462 τούτου
2356 2411 2538 2480 χάριν.
2593 2411 2741 2474 ὃπως
2779 2413 2939 2476 εὐθὺς
2983 2412 3413 2470 κατανεύσωσιν.

1838 2501 1956 2553 Ὅτι
1987 2500 2031 2552 δ’
2061 2501 2298 2572 ὑγρότης
2325 2501 2471 2554 αίτία
2503 2502 2600 2572 τῆς
2641 2500 2930 2571 ἀποϐολῆς,
2956 2502 3205 2556 κάκεῖθεν
3235 2501 3412 2572 δῆλον.

1833 2595 1898 2645 Al
1929 2592 2035 2662 γὰρ
2081 2594 2230 2646 ἄπιοι
2257 2594 2352 2646 καὶ
2385 2592 2712 2664 ἀμυγδαλαῖ,
2747 2592 2854 2645 κᾶν
2898 2592 2973 2664 μὴ
3019 2592 3208 2665 βρέχῃ,
3241 2592 3414 2657 νότιος

1833 2685 1887 2737 δὲ
1990 2686 2018 2737 ὁ
2053 2683 2160 2754 ἀὴρ
2192 2686 2286 2738 καὶ
2320 2685 2603 2755 ἐπινεφὴς,
2639 2682 3001 2738 ἀποϐάλλουσι
3044 2687 3137 2737 καὶ
3178 2684 3246 2738 τὰ
3277 2683 3414 2756 ἄνθη

1835 2789 1927 2828 και
1975 2777 2102 2838 τοὺς
2153 2773 2404 2845 πρώτους
2457 2775 2728 2845 καρποὺς,
2785 2775 2880 2829 ἐὰν
2928 2774 3087 2839 εὐθὺς
3132 2775 3272 2846 μετὰ
3318 2775 3416 2847 τὴν

1833 2864 2138 2934 ὰπάνθησιν
2317 2863 2692 2921 Theodoretus
2744 2864 2800 2919 in
2850 2866 3063 2935 capit.i
3111 2864 3415 2931 Hteremite,

1845 2957 2056 3019 Ἰστέον,
2090 2958 2171 3009 ὅτι
2218 2959 2246 3009 ὁ
2284 2956 2532 3028 Ἐϐραῖος
2564 2959 2687 3011 ἀντὶ
2733 2961 2998 3028 καρυῖνης
3045 2957 3416 3028 ἀμυγδαλίνην

1834 3048 2016 3119 φησίν.
2064 3049 2126 3101 'H
2167 3048 2221 3101 δὲ
2257 3048 2596 3119 ἀμυγδαλίνη
2630 3049 2691 3101 τὸ
2731 3051 2869 3119 ταχὺ
2901 3051 3000 3119 τῆς
3037 3051 3306 3120 τιμωρίας
3335 3051 3418 3103 αί-

1832 3140 2064 3193 νίττεται
2087 3157 2100 3170 ο
2132 3140 2236 3210 πρὸ
2265 3141 2372 3210 γὰρ
2396 3140 2505 3192 τῶν
2544 3140 2717 3194 ἄλλων
2744 3140 2975 3212 δένδρων
3005 3141 3174 3195 ἀνθεῖ.

1903 3232 2064 3293 lbid.,
2099 3233 2197 3286 lin.
2229 3233 2317 3288 50.
2357 3235 2420 3288 Ἠ
2444 3233 2512 3287 δὲ
2549 3233 2730 3302 πικρὰ
2761 3233 3099 3304 ἀμυγδαλῆ.
3158 3232 3414 3297 Basilius,

1831 3323 2042 3378 Hom.5
2075 3344 2087 3378 :
2124 3325 2257 3378 Τινὰ
2284 3325 2340 3378 δὲ
2379 3327 2474 3378 καὶ
2507 3325 2605 3396 τὴν
2632 3326 2695 3378 ὲκ
2740 3325 2953 3393 φύσεως
2985 3325 3181 3379 κακίαν
3225 3328 3418 3395 ἐπιμε-

1831 3414 2002 3477 λείαις
2047 3416 2309 3486 γεωργῶν
2358 3416 2770 3487 θεραπευόμενα
2821 3417 3096 3486 ἔγνωμεν·
3152 3412 3264 3472 οἷον
3315 3419 3416 3482 τὰς

1831 3506 2008 3570 ὀξείας
2053 3507 2224 3577 ῥοιὰς,
2271 3507 2362 3561 καὶ
2405 3508 2513 3560 τῶν
2561 3508 2884 3578 ἀμυγδαλῶν
2929 3508 3028 3572 τὰς
3063 3509 3411 3580 πικροτέρας,

1832 3601 1958 3651 ὅταν
1989 3599 2361 3670 διατρηθεῖσαι
2394 3601 2454 3653 τὸ
2496 3600 2634 3670 πρὸς
2667 3603 2732 3670 τῇ
2782 3600 2907 3673 ῥίζῃ
2957 3600 3205 3670 στέλεχος
3238 3601 3415 3670 σφῆνα

1833 3693 2040 3762 πεύκης
2093 3693 2322 3762 λιπαρὸν
2356 3693 2454 3764 τῆς
2502 3691 2825 3762 ὲντεριώνης
2879 3695 3049 3762 μέσης
3100 3692 3415 3748 διελαθέντα

1831 3786 2106 3851 δέξωνται,
2145 3787 2222 3848 εἰς
2248 3785 2575 3856 εὐχρηστίαν
2609 3783 3004 3854 μεταϐάλλουσι
3028 3786 3148 3839 τότε
3189 3784 3282 3840 τοῦ
3317 3804 3414 3856 χυ-

1838 3876 1937 3946 μοῦ
1987 3876 2090 3945 τὴν
2138 3875 2472 3945 δυσχέρειαν.
2502 3873 2932 3944 Theophrastus,
2974 3874 3177 3930 Histor.
3235 3875 3414 3943 plant.

1835 3970 1929 4023 lib.
1958 3985 2018 4030 ιι,
2064 3983 2184 4035 cap.
2215 3969 2269 4032 8,
2315 3968 2653 4038 amygdaiam
2696 3983 2762 4023 ex
2805 3983 2989 4021 amara
3034 3971 3244 4025 dulcem
3269 3969 3408 4025 ellici

1835 4062 1968 4122 vult,
2003 4061 2048 4114 si
2095 4063 2219 4130 quis
2263 4062 2492 4116 caudice
2531 4060 2894 4115 circumlosso
2931 4063 3414 4132 praeterforatoque

1835 4171 2092 4208 mensura
2137 4153 2444 4207 dodrantali
2484 4153 2727 4222 undique
2767 4155 3058 4224 lacrymam
3108 4152 3411 4208 eﬂluentem

1836 4249 1889 4301 in
1943 4248 2086 4301 idem
2145 4247 2385 4302 deﬂuere
2435 4247 2598 4302 sinat.
2641 4245 2776 4301 Vide
2818 4248 3092 4316 ejusdem,
3135 4246 3212 4299 De
3241 4246 3414 4300 causis

1832 4337 2000 4402 plant.
2040 4337 2132 4389 lib.
2169 4354 2206 4401 ι,
2239 4338 2404 4406 capit.
2437 4336 2528 4400 2t,
2558 4351 2668 4404 quo
2698 4337 2818 4390 loco
2861 4337 3198 4407 amygdalam
3222 4336 3414 4390 humo-

1837 4429 1913 4482 ris
1953 4429 2284 4483 ahundantia
2334 4429 2574 4483 sterilem
2631 4428 2712 4482 sic
2749 4428 3002 4498 castigari
3055 4428 3221 4481 tradit
3269 4427 3408 4481 Plin.

153 4516 592 4584 mutationesque
630 4517 682 4568 in
725 4516 790 4569 iis
819 4516 1062 4584 quotidie
1087 4524 1401 4578 cernantur,
1433 4523 1487 4570 et
1513 4516 1724 4588 llippon
1760 4537 1804 4590 ι)
1836 4521 1928 4574 lib.
1967 4537 2098 4582 xvu,
2130 4535 2250 4591 cap.
2281 4522 2376 4574 :17:
2403 4520 2712 4591 Amygdaltt’
2737 4538 2801 4576 ea:
2829 4522 3027 4574 amaris
3061 4519 3237 4573 dulces
3280 4522 3414 4589 ﬁunt

157 4616 342 4661 auctor
362 4615 467 4670 est,
493 4621 709 4660 omnem
745 4608 1006 4677 plantam,
1038 4617 1091 4661 et
1119 4609 1447 4674 silvestrem,
1478 4619 1532 4663 et
1563 4610 1727 4663 urba-

152 4714 276 4752 nam
311 4701 518 4753 cultum
553 4700 822 4769 adeptam,
856 4710 948 4754 aut
972 4717 1080 4754 non
1113 4705 1362 4771 adeptam
1389 4702 1523 4756 ellici
1544 4718 1725 4771 posse,

151 4804 204 4845 et
257 4801 541 4861 peccatum
592 4791 646 4846 id
696 4808 802 4846 non
841 4793 1038 4863 faciet?
1081 4808 1240 4861 plena
1294 4794 1539 4861 peccati?
1586 4792 1730 4848 Deus

153 4885 308 4954 ipse?
365 4885 541 4951 Adde,
574 4889 762 4955 spinas
793 4893 847 4938 et
882 4886 1127 4940 tribulos
1149 4886 1473 4954 germinabit
1523 4886 1640 4939 tibi.
1672 4884 1727 4939 Si

147 4983 258 5049 jam
290 4992 444 5038 erant
477 4984 665 5053 Spinaa,
703 4984 746 5038 si
786 4984 899 5052 jam
933 4982 1142 5046 tribuli,
1179 4983 1359 5036 inania
1391 4982 1570 5036 divina
1605 4998 1731 5037 ver-

153 5072 238 5135 ba,
266 5074 446 5128 inanis
470 5090 627 5142 pcena
652 5082 704 5128 et
731 5073 1064 5137 maledictio,
1081 5073 1332 5142 quamvis
1356 5072 1508 5125 dicas
1537 5072 1725 5136 fuisse,

152 5166 244 5220 sed
292 5183 399 5220 non
449 5166 503 5218 in
540 5180 781 5235 poenam.
817 5165 942 5221 llzec
981 5173 1131 5227 sunt,
1177 5163 1381 5229 Pereri,
1413 5179 1554 5233 quae,
1589 5173 1649 5218 et
1683 5165 1733 5220 si

152 5270 258 5308 non
281 5263 429 5310 esset
462 5254 759 5314 Eustathii.
796 5255 1004 5318 Basilii,
1038 5255 1350 5324 Augustini,
1376 5270 1610 5322 quorum
1635 5270 1730 5324 pa-

155 5357 295 5401 trum
323 5351 336 5401 !
369 5350 690 5412 auctoritas,
742 5349 1009 5403 inducunt
1046 5360 1104 5404 ut
1133 5350 1351 5403 credam
1398 5364 1576 5402 rosam
1605 5356 1730 5403 ante

155 5451 433 5508 peccatum
463 5439 660 5493 factam
692 5456 815 5496 esse
847 5442 1053 5510 absque
1086 5437 1279 5510 spinis.

222 5535 338 5589 Col.
370 5533 492 5588 716.
517 5533 610 5586 lin.
633 5534 722 5586 28.
755 5535 815 5588 Ἡ
855 5534 923 5587 δὲ
943 5534 1264 5603 ἀμυγδαλῆ
1287 5534 1502 5602 πρώτη,
1521 5533 1730 5591 Plinius

155 5625 276 5680 libr.
313 5642 426 5687 xvt,
467 5623 664 5678 Natur.
705 5623 875 5686 Hisl.,
909 5642 1028 5695 cap.
1059 5627 1150 5689 25,
1187 5625 1270 5678 Ex
1314 5627 1394 5679 his
1422 5643 1537 5697 qua:
1565 5627 1731 5684 hieme

159 5719 331 5785 aquila
364 5719 651 5778 exoriente,
671 5727 726 5770 ut
757 5719 1012 5784 diximus,
1038 5722 1360 5787 concipiunt,
1385 5721 1537 5788 ﬂoret
1559 5723 1730 5789 prima

161 5815 384 5866 omnium
419 5810 703 5881 amygdala
747 5828 920 5865 mense
945 5811 1232 5877 Januario,
1273 5811 1472 5867 Martio
1502 5831 1617 5867 vero
1639 5831 1732 5882 po-

1833 4614 1879 4666 si
1908 4612 2256 4681 circumfosso
2305 4615 2499 4679 stipite,
2530 4623 2577 4666 et
2607 4613 2670 4667 ab
2713 4615 2821 4666 ima
2859 4625 3006 4677 parte
3037 4614 3414 4679 circumforato

1831 4706 2062 4772 deﬂuens
2093 4707 2284 4774 pituita
2333 4707 2686 4775 abstergatur.
2733 4706 3024 4759 Africanus
3063 4706 3205 4775 apud
3244 4706 3413 4760 Geor-

1830 4800 2061 4866 gicorum
2099 4799 2446 4852 collectorem
2478 4799 2570 4851 lib.
2619 4815 2674 4856 κ.
2718 4797 2999 4853 medicinae
3030 4797 3193 4866 hujus
3223 4797 3414 4854 memi-

1832 4890 1910 4941 nit
1945 4897 1998 4942 et
2027 4889 2162 4942 alias
2200 4889 2382 4942 subdit
2416 4889 2710 4942 εΓλυκεῖαν
2741 4890 2797 4942 δὲ
2834 4891 2896 4941 ἐκ
2930 4891 3132 4960 πικρᾶς
3169 4891 3412 4958 ποιήσεις

1832 4985 1898 5046 εί,
1941 4985 2288 5054 ἑκτρυπήσας
2317 4984 2377 5036 τὸ
2406 4985 2648 5057 πρέμνον
2676 4986 2766 5035 ἐπὶ
2792 4984 3095 5055 παλαιστὴν
3121 4985 3178 5036 ὲν
3210 4999 3409 5052 τετρα-

1831 5078 2008 5147 γώνῳ,
2055 5078 2114 5130 τὸ
2155 5078 2388 5141 δάκρυον
2423 5078 2614 5150 ἐκδέξῃ
2660 5079 2718 5130 τὸ
2754 5079 2872 5129 κατ’
2915 5077 3180 5140 ἐνιαυτὸν,
3210 5078 3314 5139 ἕως
3347 5075 3412 5130 ἂν

1831 5169 2102 5240 γλυκανθῇ
2156 5171 2387 5223 Κάλλιον
2418 5171 2473 5222 δέ
2503 5187 2644 5232 τινες
2667 5168 2946 5231 ποιοῦντες
2976 5167 3409 5239 περιορύττουσι,

1833 5262 1924 5314 καὶ
1968 5261 2352 5331 περιϐάλλουσι
2383 5264 2583 5332 κόπρον
2627 5263 2776 5314 ὑείαν
2825 5261 3145 5332 ἐπιχέαντες
3196 5260 3289 5313 καὶ
3324 5254 3414 5312 οὖ-

1834 5372 1945 5425 ρον,
1996 5349 2114 5407 εἶτα
2172 5355 2586 5426 προσχώσαντες
2641 5354 2927 5426 ἀρδεύουσι
2985 5355 3104 5406 κατ’
3145 5351 3408 5415 ἐνιαυτὸν,

1831 5447 1935 5509 ἕως
1960 5440 2018 5499 οὗ
2059 5447 2424 5514 γλυκανθῶσι.
2460 5447 2576 5498 Πᾶν
2605 5447 2660 5498 δὲ
2701 5445 2951 5514 στέλεχος
2981 5443 3292 5513 ἀμυγδαλῆς
3321 5444 3412 5496 ἐκ·

1833 5539 1998 5592 κοπὲν
2037 5539 2328 5594 ἀποϐάλλει
2367 5540 2457 5592 τὸν
2500 5538 2730 5607 καρπόν.
2794 5539 3011 5608 Απαλὴν
3055 5537 3111 5589 δὲ
3156 5537 3249 5589 καὶ
3277 5534 3410 5602 γλυ-

1831 5636 1982 5685 κεῖαν
2028 5635 2090 5684 ὲκ
2123 5632 2364 5701 σκληρᾶς
2406 5633 2497 5684 καὶ
2550 5631 2750 5701 πικρᾶς
2781 5632 3044 5698 ποιήσεις,
3087 5629 3135 5679 εί
3169 5627 3237 5679 τὰ
3282 5627 3412 5695 περὶ

1832 5726 1892 5775 τὸ
1927 5724 2173 5792 στέλεχος
2207 5725 2310 5787 ἓως
2341 5725 2448 5776 τῶν
2487 5725 2576 5774 ἐπὶ
2610 5722 2808 5790 πολλῆς
2839 5721 3000 5792 ῥιζῶν
3041 5718 3408 5788 γυμνώοιιας,

1834 5818 1927 5868 καὶ
1975 5815 2294 5887 ἀρδεύσειας
2343 5815 2582 5885 συνεχῶς
2634 5815 2786 5868 ὕδατι
2819 5812 3005 5885 θερμῷ
3039 5812 3143 5880 πρὸ
3192 5809 3287 5880 τῆς
3321 5808 3412 5861 ἀν-
