4042 6338
625 380 723 432 ssi
808 346 816 356 ’

1962 374 2211 430 LEONIS
2254 369 2524 427 ALLA'I‘lI

3775 365 3874 421 8'5!

625 496 980 563 θοδολήσεως.
1024 494 1080 549 lu
1122 496 1321 564 quibus
1373 496 1581 551 ultimis
1630 495 1809 549 verbis
1851 510 1913 548 ea
1969 496 2050 547 sic
2074 508 2196 546 cor-
2227 498 2269 551 Α
2300 489 2554 557 visuipso
2585 486 2840 549 recreari,
2865 501 3201 565 corporequc
3223 484 3535 543 excitari.et
3554 483 3712 552 quasi
3728 497 3871 537 com-

627 587 764 657 rigo,
792 589 893 650 ἓως
919 589 1025 640 τῶν
1058 587 1322 656 ἐπιπολῆς
1358 588 1540 657 ῥιζῶν.

695 679 813 732 Col.
846 678 967 739 716,
1001 678 1095 729 lin.
1133 678 1219 729 54.
1252 677 1369 742 Thr
1398 676 1674 743 abriiré‘é
1692 677 2029 741 θεραπείαν.
2051 674 2202 727 Aris-

626 769 821 823 toteles
840 769 933 821 lib.
958 784 996 829 ι,
1020 768 1091 821 De
1116 771 1336 834 plantis,
1364 785 1483 838 cap.
1510 771 1563 828 ὅ.
1588 765 1883 835 Amygdala
1910 781 2131 833 quoque,
2154 775 2203 817 et

627 864 769 914 mala
798 872 1025 931 granata
1046 880 1199 916 suam
1226 865 1489 916 malitiam
1510 878 1599 929 per
1633 861 1897 914 culturam
1932 861 2201 913 amittunt.

624 966 673 1006 et
706 954 848 1007 mala
874 966 1101 1024 grauata
1126 964 1352 1008 stercore
1375 956 1590 1023 porcina
1615 951 1882 1005 radicibus
1913 952 2122 1019 injecto,
2155 959 2204 1001 et

628 1062 766 1111 aqua
811 1044 958 1099 dulci
1003 1047 1203 1115 frigida
1252 1049 1425 1117 rigata
1476 1046 1695 1098 meliora
1748 1042 2059 1096 redduntur.
2103 1040 2203 1095 Sed

628 1138 898 1207 amygdali
924 1139 1085 1191 clavis
1117 1140 1360 1205 con/iane,
1398 1125 1597 1207 gummi
1632 1151 1723 1203 per
1754 1136 1978 1188 multum
2010 1143 2205 1199 tempus

626 1232 894 1284 stillantes
941 1232 1181 1285 meliores
1243 1230 1552 1292 redduntur,
1610 1228 1894 1297 multa'que
1948 1228 2204 1280 silvestres

626 1325 827 1387 plantae
852 1340 945 1392 per
974 1323 1067 1376 Itoc
1101 1323 1389 1389 artificium
1420 1322 1690 1373 hortenses
1728 1319 1904 1388 ﬁunt;
1940 1326 1992 1372 et
2028 1318 2204 1372 Paxa-

629 1432 754 1484 mus
785 1415 927 1484 apud
972 1416 1317 1469 collectorem
1369 1410 1743 1481 Georgicorum
1786 1411 1877 1464 lib.
1912 1428 1965 1473 ι,
2016 1411 2208 1479 Hepta-

630 1507 796 1577 ρύξας
826 1507 919 1560 τοῦ
954 1508 1169 1578 δένδρου
1204 1506 1301 1568 τὰς
1329 1507 1479 1577 ῥίζας
1505 1508 1707 1575 κόπρον
1732 1506 1882 1557 ὑείαν
1904 1506 2205 1573 επίχρισον,

630 1602 723 1652 καὶ
756 1601 939 1669 χώσας
970 1603 1127 1670 ῥᾶνον
1153 1600 1312 1671 οὔρῳ,
1332 1598 1675 1667 ἀνθρωπείῳ.
1728 1597 1809 1648 Τὰ
1845 1596 1901 1648 δὲ
1934 1597 2061 1666 περὶ
2088 1594 2208 1647 τού-

629 1708 722 1743 του
751 1694 807 1743 ἐν
836 1691 912 1759 τῷ
941 1692 1082 1759 ἄλλῳ
1115 1709 1214 1760 μου
1262 1690 1550 1760 γεωργικῷ
1583 1690 1771 1759 βιῦλίῳ
1810 1688 1977 1757 τρίτῳ
2028 1690 2085 1740 ἐν
2129 1686 2206 1756 τῷ

630 1802 752 1851 κεφ.
798 1783 910 1847 ζκε¹
941 1783 1267 1854 τελεώτερον
1296 1785 1565 1853 εὑρήσεις.

701 1844 864 1937 lbid.,
901 1876 998 1928 lin.
1044 1876 1133 1929 ss.
1177 1844 1255 1929 ’Ἡ
1297 1844 1373 1927 δὲ’
1406 1844 1613 1939 ὸιξλεια
1663 1871 1888 1939 φοίνιξ.
1947 1868 2203 1931 Basilius,
2235 1844 2278 1899 Β

629 1969 780 2023 hom.
816 1969 885 2022 ὃς
921 1968 1031 2020 Καὶ
1064 1968 1191 2030 ἴδοις
1224 1968 1289 2021 ἄν
1327 1984 1457 2019 ποτε
1502 1967 1599 2036 τὴν
1639 1966 1767 2034 παρ’
1800 1963 1978 2015 αὐτῶν
2013 1962 2209 2030 ὀνομα-

633 2062 864 2132 ζομένην
909 2060 1131 2131 θήλειαν
1176 2060 1432 2112 καθεῖσαν
1472 2060 1597 2120 τοὺς
1626 2055 1850 2118 κλάδους
1881 2050 1991 2107 οἷον
2032 2053 2207 2123 ὀργῶ-

633 2170 762 2215 σαν,
816 2153 907 2205 καὶ
954 2153 1050 2220 τῆς
1100 2149 1417 2221 συμπλοκῆς
1458 2148 1749 2218 ἐφιεμένην
1798 2146 1892 2199 τοῦ
1946 2147 2205 2217 ἄρρενος’

631 2240 754 2301 τοὺς
796 2238 853 2290 δὲ
898 2238 1240 2309 θεραπευτὰς
1285 2239 1393 2291 τῶν
1441 2220 2051 2308 φυτῶν’ὲμ6ἀλλοεδτας
2096 2239 2210 2297 τοῖς

632 2327 845 2390 κλάδοις
874 2323 984 2379 οἷόν
1024 2345 1144 2380 τινα
1191 2328 1479 2398 σπέρματα
1511 2329 1618 2380 τῶν
1648 2328 1917 2397 ἀρρένων,
1958 2328 2083 2389 τοὺς
2120 2326 2209 2377 λε-

639 2419 895 2489 γομένους
920 2420 1114 2489 ψῆνας.
1147 2422 1241 2474 καὶ
1260 2420 1430 2483 οὕτως
1458 2415 1567 2472 οἷον
1595 2422 1652 2471 ἐν
1684 2418 1931 2488 αἰσθήσει
1958 2419 2055 2491 τῆς
2077 2418 2211 2469 ἀπο-

633 2511 877 2573 satiust»;
919 2513 1158 2579 γίνεσθαι
1200 2512 1291 2563 καὶ
1330 2510 1683 2581 ἀνορθοῦσθαι
1730 2509 1888 2564 πάλιν
1925 2511 2051 2571 τοὺς
2082 2508 2212 2561 κλά-

633 2603 773 2668 δους,
820 2608 912 2657 καὶ
950 2606 1085 2674 πρὸς
1119 2606 1181 2657 τὸ
1212 2608 1408 2657 οἰκεῖον
1440 2605 1622 2673 σχῆμα
1654 2603 1746 2656 τοῦ
1782 2603 1949 2672 φυτοῦ
1976 2604 2075 2672 τὴν
2116 2603 2208 2654 κό-

635 2714 740 2766 μην
756 2696 1239 2750 ἀποκαθίστασθαι.
1267 2696 1405 2751 Plin.
1428 2698 1521 2752 lib.
1543 2713 1664 2758 xui,
1680 2712 1799 2765 cap.
1817 2696 1849 2748 4
1871 2695 2209 2758 :Arboribus,

634 2791 737 2842 imo
752 2792 924 2858 potius
946 2791 1186 2844 omnibus
1218 2809 1331 2860 qua:
1363 2800 1499 2844 terra
1523 2791 1723 2859 gignat,
1755 2790 2027 2857 herbisque
2052 2790 2210 2841 etiam

635 2892 912 2952 utrumque
944 2899 1125 2936 sexum
1152 2901 1263 2936 esse
1298 2883 1688 2953 diligentissimi
1727 2893 1937 2934 natura:
1966 2881 2212 2935 tradunt.

635 2973 791 3039 Quod
823 2976 875 3025 in
917 2974 1127 3041 plenum
1157 2977 1287 3028 satis
1312 2976 1377 3029 sit
1409 2975 1611 3028 dixisse
1656 2975 1749 3027 hoc
1780 2976 1835 3027 in
1864 2974 1976 3028 loco
2002 2992 2016 3039 ;
2052 2974 2211 3026 nullis

636 3074 816 3116 tamen
845 3064 1122 3117 arboribus
1152 3068 1504 3133 manifestius,
1536 3083 1650 3119 mas
1682 3066 1734 3118 in
1774 3064 1990 3133 palmite
2036 3065 2210 3133 ﬂoret,

634 3154 831 3222 femina
880 3157 1015 3207 citra
1061 3157 1243 3223 ﬂorem
1290 3156 1546 3237 germinat
1589 3164 1792 3207 tantum
1830 3156 1993 3222 spintc
2025 3155 2213 3217 modo;
2242 3175 2288 3237 ς

633 3254 687 3297 et
718 3245 966 3306 inferius.
990 3245 1192 3300 thero
1222 3264 1325 3300 non
1354 3248 1466 3300 sine
1495 3234 1730 3299 maribus
1754 3248 1962 3315 gignere
1985 3247 2208 3316 feminas

635 3352 818 3406 sponte
861 3337 999 3390 edito
1034 3354 1242 3391 nemore
1288 3340 1605 3407 conﬁrmant
1636 3352 1656 3388 :
1686 3338 1929 3407 circaque
1975 3337 2208 3406 singulos

633 3426 811 3493 plures
841 3437 1028 3480 nutare
1065 3428 1117 3479 in
1148 3444 1264 3481 eum
1299 3443 1493 3495 pronas
1530 3424 1892 3478 blandioribus
1924 3427 2107 3484 comis.
2142 3426 2209 3477 il-

638 3519 747 3571 lum
772 3520 957 3573 erectis
988 3520 1252 3589 hispidum
1281 3521 1483 3591 afﬂatu,
1516 3519 1729 3587 visuque
1757 3519 1889 3585 ipso,
1922 3528 1971 3571 et
2002 3518 2211 3587 pulvere

633 3612 794 3663 etiam
826 3613 1054 3681 reliquas
1083 3614 1349 3666 maritare.
1394 3612 1571 3681 Hujus
1599 3612 1785 3667 arbore
1826 3613 2005 3665 excisa
2026 3612 2209 3665 viduas

634 3712 761 3771 post
782 3704 1101 3758 sterilescere
1160 3704 1407 3773 feminas.
1450 3703 1693 3774 Adeoque
1723 3714 1798 3757 est
1823 3704 2019 3757 veneris
2053 3705 2210 3756 intel-

639 3802 825 3862 lectus,
856 3808 912 3849 ut
944 3800 1111 3851 coitus
1140 3800 1298 3854 etiam
1331 3799 1658 3867 excogitatas
1693 3799 1759 3851 sit
1792 3798 1856 3850 ab
1894 3798 2101 3850 homine
2147 3813 2213 3849 ea:

639 3891 877 3945 ntaribus
909 3891 1060 3959 ﬂore,
1092 3906 1153 3942 ac
1176 3891 1440 3959 lanugine,
1470 3890 1682 3941 interim
1715 3905 1832 3942 vero
1861 3899 2064 3941 tantum
2092 3890 2213 3955 pul-

637 4001 754 4038 vere
799 3985 1031 4050 inspersa
1082 3982 1313 4050 feminis.
1366 3981 1751 4036 Guillaudinus
1794 3983 1847 4035 in
1896 3980 2129 4051 Egypto
2161 3987 2215 4034 et

638 4073 861 4129 Oriente
892 4074 1204 4127 observavit
1235 4088 1301 4125 ne
1329 4072 1541 4125 femina:
1572 4071 1787 4126 steriles
1823 4073 1955 4134 sint,
1992 4080 2084 4123 aut
2114 4072 2209 4122 im-

640 4177 920 4222 maturum
950 4167 1184 4220 fructum
1212 4166 1460 4235 perdant,
1492 4180 1673 4219 mares
1698 4180 1764 4219 eo
1795 4166 2081 4218 intervallo
2107 4163 2213 4216 seri

641 4270 703 4315 ut
743 4261 810 4314 ab
835 4261 902 4314 iis
940 4261 1213 4329 pulverem
1235 4267 1428 4311 ventus
1456 4257 1511 4309 in
1541 4256 1659 4309 illas
1688 4256 1940 4323 perferat.
1969 4254 2124 4320 Quod
2169 4253 2215 4306 si

641 4357 859 4424 longius
898 4354 1126 4413 distent,
1175 4367 1335 4421 quam
1374 4359 1432 4404 ut
1477 4351 1653 4420 pulvis
1691 4351 1890 4402 odorve
1932 4346 2216 4416 pervenire

640 4445 837 4512 possit,
876 4455 987 4497 tum
1032 4459 1061 4495 a
1113 4458 1261 4497 mare
1292 4442 1472 4495 funem
1507 4440 1791 4509 religatum
1840 4439 1907 4491 ad
1957 4436 2214 4490 [ceruinam

2305 584 2463 651 plexu
2514 580 2749 649 quodam
2809 579 3151 635 reviviscere.
3206 576 3467 646 Agricohe
3502 574 3870 639 subscribunt.

2306 679 2580 725 testantur
2625 670 2961 739 philosophi,
2991 668 3322 739 experientia
3370 669 3487 738 ipsa
3536 682 3725 721 rerum
3768 682 3871 720 ma-

2305 766 2473 832 gistra
2497 763 2750 815 ducimur
2782 762 2847 814 ad
2880 763 3347 816 consentiendum.
3377 760 3488 814 Hoc
3511 773 3670 828 atquo
3701 758 3874 812 animo

2306 852 2449 907 ferre
2478 867 2782 920 possemus,
2818 863 2870 905 at
2899 854 3043 920 quod
3075 854 3238 908 refert
3264 852 3612 905 Florentinus
3639 850 3694 902 in
3723 846 3877 901 Geor-

2307 946 2457 1015 gicis,
2487 945 2720 1011 palmam
2755 942 3013 996 feminam
3046 960 3154 997 non
3186 944 3354 998 maris
3382 944 3763 1011 cujuscunque
3788 938 3878 994 de-

2309 1014 2512 1089 siderio
2532 1033 2722 1095 teneri,
2741 1032 2836 1087 sed
2862 1034 3025 1087 unius
3040 1044 3249 1088 tantum
3271 1034 3336 1087 ad
3357 1046 3517 1102 quem
3536 1014 3787 1093 inclinat,
3807 1029 3878 1081 ita

2306 1143 2375 1181 ne
2394 1134 2447 1181 et
2478 1125 2812 1195 apprehensa
2840 1125 3184 1193 pulchritudo
3206 1125 3421 1180 arboris
3449 1123 3731 1192 ingenium
3751 1121 3880 1174 alte-

2307 1227 2413 1282 rat,
2432 1225 2485 1272 et
2514 1217 2674 1285 cujus
2692 1216 2864 1271 solius
2890 1217 3195 1286 amplexum
3217 1217 3495 1287 exposcit;
3515 1230 3678 1285 quem
3696 1221 3878 1283 postea

2308 1312 2561 1381 agricola:
2603 1317 2721 1363 arte
2755 1309 2989 1378 quadam
3020 1309 3450 1377 deprehendunt,
3484 1307 3675 1360 multis
3722 1305 3879 1360 simul

2307 1405 2477 1458 ramis
2506 1418 2571 1457 ex
2610 1402 2843 1457 diversis
2873 1400 3114 1455 maribus
3142 1402 3409 1464 collectis,
3442 1409 3497 1455 et
3524 1399 3591 1454 ad
3625 1399 3879 1454 feminam

2307 1510 2507 1565 aegram
2556 1501 2723 1563 atque
2770 1506 2955 1546 amore
2999 1488 3276 1560 fatigatam
3321 1491 3657 1562 propositis;
3697 1490 3878 1544 statim

2307 1587 2449 1641 enim
2467 1588 2604 1655 ipsa,
2624 1586 2884 1656 neglectis
2895 1588 3126 1649 caeteris,
3147 1583 3213 1635 ad
3236 1586 3484 1638 arborem
3505 1584 3611 1639 sibi
3628 1584 3881 1637 dileetam

2308 1679 2616 1741 inclinat,et
2645 1679 2828 1732 laetitia
2853 1676 3085 1746 quadam
3105 1677 3323 1731 subsilit
3345 1677 3453 1729 voti
3470 1690 3733 1744 compos;
3762 1676 3878 1735 hoc,

2308 1772 2553 1838 inquam,
2570 1770 2695 1838 quis
2712 1768 2992 1823 crederet?
3007 1766 3281 1830 allectum,
3299 1783 3557 1832 amorem,
3574 1766 3882 1819 inclinatio-

2312 1876 2545 1929 nemque
2578 1861 2645 1913 ad
2680 1861 2888 1915 similes
2935 1863 3163 1914 arbores
3212 1862 3403 1928 palmae
3429 1875 3538 1915 non
3578 1861 3883 1928 denegave-

2311 1954 2448 2015 rim;
2478 1950 2848 2019 cognitionem
2873 1949 3150 2019 quomodo
3181 1948 3481 2002 concedere
3517 1946 3751 2000 debeam
3790 1944 3883 1998 ad—

2312 2042 2418 2095 huc
2472 2042 2675 2096 hatreo.
2729 2040 2994 2096 Surculos
3049 2041 3118 2094 ab
3167 2041 3360 2094 arbore
3380 2040 3617 2101 decisos,
3655 2038 3884 2106 ideoque

2310 2132 2422 2186 vita
2464 2133 2728 2201 privatos,
2767 2133 2971 2201 optime
2999 2130 3408 2201 distinguendo,
3447 2145 3510 2183 ac
3541 2142 3881 2198 cognoscen-

2317 2223 2407 2285 do,
2437 2223 2596 2292 signa
2630 2225 2684 2277 in
2718 2222 2941 2276 surculo
2968 2221 3180 2274 arboris
3227 2228 3419 2273 amatae
3446 2218 3653 2287 optime
3685 2214 3884 2282 dijudi-

2310 2314 2575 2392 cat;.s'ed
2603 2314 2890 2368 audiamus
2921 2312 3084 2367 verba
3131 2310 3435 2365 Florentini
3472 2328 3484 2362 :
3529 2312 3586 2360 ὐ
3616 2306 3676 2359 δὲ
3711 2303 3886 2374 φοίνιξ

2314 2409 2416 2478 ἐρᾷ
2452 2406 2547 2459 καὶ
2593 2404 2830 2475 δριμέως
2871 2403 3056 2473 ἐτέρου
3097 2402 3356 2469 φοίνικος,
3393 2399 3485 2452 καὶ
3528 2399 3589 2450 οὐ
3624 2396 3885 2466 πράεεραν

2313 2514 2545 2551 παυεται
2574 2496 2667 2547 τοῦ
2692 2494 2878 2557 πόθου,
2901 2494 3005 2556 ἕως
3026 2493 3091 2546 ἂν
3116 2492 3285 2562 αὐτὴν
3326 2494 3354 2543 ὁ
3393 2489 3671 2561 ἐρώμενος
3708 2502 3885 2556 παρα-

2318 2590 2637 2661 μυθήσεται.
2674 2588 2830 2639 Ἐστι
2864 2586 2972 2657 γὰρ
3005 2585 3131 2637 ἰδεῖν
3169 2583 3227 2636 τὸ
3259 2582 3469 2653 δένδρον
3501 2577 3886 2648 ὲπικεκαμμέ-

2314 2701 2424 2749 νον,
2460 2683 2551 2733 καὶ
2600 2680 2673 2751 μὴ
2709 2680 2873 2749 φέρον
2907 2678 3004 2747 τὴν
3043 2677 3179 2729 ἰδίαν
3219 2674 3393 2751 ἔασιν,
3439 2674 3570 2743 μηδὲ
3602 2686 3885 2741 καρποφο-

2316 2770 2461 2843 ροῦν.
2495 2770 2664 2822 Τοῦτο
2690 2769 2750 2821 οὐ
2782 2767 3026 2819 λανθάνει
3046 2766 3134 2817 τὸν
3157 2762 3642 2835 γεωργὸν,Αάλλ’ἇτι
3670 2761 3769 2831 μὲν
3789 2761 3889 2830 Ep;

2315 2863 2408 2913 ml.
2438 2862 2625 2930 ἐρᾶται
2656 2858 3033 2929 τεκμαίρεται,
3063 2857 3246 2925 ἀγνοεῖ
3266 2854 3321 2907 δὲ
3360 2856 3511 2905 ποίου
3549 2869 3564 2882 ·
3602 2852 3685 2905 διὸ
3714 2866 3889 2921 παρα-

2317 2954 2584 3022 πτόμενος
2616 2953 2872 3019 φοινίκων
2906 2948 3136 3012 πολλῶν,
3166 2949 3260 3001 καὶ
3302 2947 3461 2999 πάλιν
3488 2944 3581 2997 ἐπὶ
3603 2945 3707 3015 τὴν
3754 2942 3887 3012 ἐρῶ-

2318 3064 2417 3100 σαν
2443 3046 2698 3109 ἐπανιὼν,
2722 3046 2815 3097 καὶ
2829 3043 3201 3112 ἐφαπτόμενος
3222 3043 3285 3111 τῇ
3305 3039 3467 3109 χειρὶ,
3481 3038 3631 3090 δοκεί
3650 3035 3778 3105 φιλή
3788 3052 3886 3105 μα-

2316 3138 2568 3207 τιῶσπερ
2588 3137 2853 3188 διακονεῖν
2879 3136 3039 3186 Ποίου
3051 3134 3107 3186 δὲ
3123 3133 3359 3202 φοίνικος
3377 3133 3524 3183 ἐστιν
3544 3129 3683 3197 αὑτῇ
3703 3126 3886 3189 πόθος,

2319 3230 2571 3300 σημαίνει
2587 3228 2786 3297 τρόπον
2807 3226 2929 3278 τινὰ
2940 3229 3004 3296 τῇ
3017 3225 3125 3277 τῶν
3144 3223 3331 3277 παθῶν
3358 3224 3525 3293 καὶτῇ
3544 3220 3652 3273 τῶν
3670 3218 3887 3290 χειρῶν,

2316 3324 2391 3384 ὡς
2413 3322 2477 3375 ἄν
2494 3338 2575 3381 τις
2588 3322 2715 3390 εἴπῃ
2732 3319 2935 3371 νεύσει.
2951 3316 3093 3388 Πρὸς
3107 3318 3311 3368 ἐκεῖνον
3331 3314 3438 3385 γὰρ
3463 3311 3781 3370 ἁποόλέπει,
3800 3310 3892 3361 καὶ

2316 3412 2410 3463 ἐπὶ
2429 3412 2634 3462 ἐκεῖνον
2668 3406 2961 3478 πρόρριζος
2991 3406 3179 3474 ὥσπερ
3206 3402 3507 3455 σπεύδουσα
3525 3398 3721 3468 ἑαυτὴν
3739 3398 3894 3467 ἐτιιρ-

2319 3504 2518 3575 ρίπτει.
2552 3503 2719 3563 Ἀκος
2751 3495 2844 3553 οὖν
2870 3500 3080 3567 γίνεται
3106 3498 3171 3566 τῇ
3202 3493 3383 3565 ὲρὼσῃ
3417 3492 3478 3545 τὸ
3517 3491 3609 3544 τοῦ
3639 3488 3890 3561 γεωργοῦ

2319 3594 2559 3665 συνεχῶς
2608 3592 2918 3662 ἁπτομένου
2964 3589 3058 3642 τοῦ
3109 3589 3335 3660 ἄρρενος
3363 3586 3460 3647 τὰς
3484 3586 3672 3656 χεῖρας
3722 3580 3894 3635 αὑτοῦ

2320 3686 2718 3759 προσπελάζειν
2744 3688 2811 3755 τῇ
2856 3682 3106 3755 ἐρωμένῃ
3170 3680 3401 3750 μάλιστα
3431 3678 3487 3730 δὲ
3533 3677 3769 3747 πραΰνει
3800 3674 3893 3727 τὸν

2320 3783 2520 3852 ἔρωτα,
2557 3782 2605 3832 εἱ
2636 3778 2779 3831 κατὰ
2815 3776 2915 3847 τὴν
2959 3774 3126 3843 ἄνθην
3164 3770 3361 3838 ἐξελὼν
3399 3771 3506 3822 ἀπο
3534 3769 3634 3837 τῆς
3678 3766 3895 3837 σκαφῆς

2319 3873 2414 3925 τοῦ
2449 3873 2678 3943 ἄρρενος
2700 3868 2913 3939 ὲνθήσει
2947 3869 3012 3938 τῇ
3044 3864 3251 3933 κεφαλῇ
3291 3863 3389 3931 τῆς
3406 3859 3637 3931 ἐρώσης,
3666 3858 3764 3912 καὶ
3789 3857 3897 3909 λοι-

2322 3966 2422 4018 πὸν
2452 3967 2484 4035 ἡ
2514 3964 2688 4031 φοίνιξ
2735 3958 3103 4029 ἀγλαῖζομένη
3147 3956 3427 4009 κάλλιστον
3476 3951 3685 4022 καρπὸν
3738 3949 3895 4001 οἴσει.

2323 4060 2380 4111 In
2427 4056 2627 4127 quibus
2659 4054 2971 4109 necessario
3000 4048 3367 4118 ‘corrigendus
3398 4053 3481 4100 est
3513 4045 3687 4106 locus,
3730 4049 3787 4095 et
3820 4041 3895 4093 ita

2323 4148 2714 4210 restituendus,
2767 4147 2815 4197 εἰ
2873 4142 3014 4197 κατὰ
3068 4140 3164 4211 τὴν
3214 4138 3381 4207 ἄνθην
3418 4132 3617 4200 ἐξελὼν
3666 4134 3774 4185 ἀπὸ
3798 4133 3895 4201 τῆς

2327 4240 2540 4310 σπάθης
2562 4237 2656 4290 τοῦ
2690 4236 2955 4308 ἄρρενος
2998 4233 3072 4287 ita
3114 4230 3260 4284 enim
3306 4240 3370 4281 ea
3400 4225 3617 4279 arboris
3658 4238 3786 4293 pars
3827 4237 3893 4276 es

2325 4350 2430 4403 qua
2484 4332 2694 4385 fructus
2726 4328 2964 4400 pendent
3013 4330 3260 4378 vocatur.
3288 4319 3467 4373 Julius
3499 4316 3714 4381 Pollux,
3748 4314 3892 4370 Ono-

2326 4435 2485 4479 mast.
2519 4425 2613 4478 lib.
2640 4439 2679 4483 t,
2721 4436 2844 4489 cap.
2889 4418 2975 4481 12,
3021 4417 3080 4468 '0
3107 4414 3165 4467 δὲ
3188 4412 3398 4484 καρπὸς
3424 4413 3453 4465 ὁ
3483 4411 3581 4481 μὲν
3610 4409 3703 4462 τοῦ
3736 4408 3894 4480 ἄρρε-

641 4536 888 4605 perduci,
923 4544 983 4589 ut
1015 4534 1184 4589 maris
1217 4534 1446 4587 fecunda
1484 4533 1567 4585 vis
1602 4546 1696 4600 per
1724 4546 1841 4584 eam
1872 4531 2123 4599 copulam
2154 4544 2214 4581 ac

2324 4537 2412 4581 νος
2432 4518 2538 4587 ψὴν
2563 4556 2578 4573 .
2613 4516 2641 4567 ὁ
2664 4514 2721 4566 δὲ
2740 4513 2839 4581 τῆς
2860 4510 3080 4579 θηλείας
3111 4507 3359 4577 βάλανος,
3390 4504 3448 4569 ἐξ
3476 4497 3537 4555 οὗ
3562 4503 3620 4553 δὲ
3658 4502 3893 4571 κρέμαν-

640 4625 920 4678 vinculum
953 4624 1175 4693 irrepat.
1228 4622 1414 4677 Refert
1459 4620 1723 4675 Joviauus
1770 4619 2051 4673 Pontanus
2093 4617 2218 4670 Eri-

642 4716 771 4769 dani
803 4717 840 4769 l.
875 4732 911 4780 ι,
941 4717 1150 4785 palmas
1177 4715 1333 4780 duas,
1356 4728 1559 4767 marem
1587 4712 1881 4765 Brundusii
1908 4718 2109 4773 satum,
2146 4709 2224 4763 fe-

643 4809 846 4861 minam
908 4808 1174 4878 Hydrunti
1248 4808 1462 4861 steriles
1520 4805 1708 4857 tandiu
1786 4804 1993 4867 fuisse,
2043 4801 2221 4871 quoad

644 4900 840 4954 adultae
871 4899 1009 4954 fusis
1037 4900 1204 4953 ramis
1239 4914 1297 4951 se
1327 4898 1556 4950 invicem
1583 4894 1990 4963 conspexerint,
2030 4902 2085 4948 et
2111 4905 2221 4946 tum

644 4993 895 5061 quamvis
946 4992 1110 5061 longo
1162 5000 1337 5045 tractu
1394 4990 1616 5044 dissitas
1666 4988 1905 5041 fructum
1962 4986 2219 5041 edidisse.

646 5084 874 5139 Nonnus
910 5083 1299 5152 Dionysiacor.,
1332 5082 1420 5135 δί.

757 5178 1017 5243 Ἀρσενα
1049 5175 1146 5227 καὶ
1175 5178 1413 5242 φοίνικα
1442 5173 1732 5241 γεγηθότα
1763 5168 1936 5234 θήλετ
1959 5170 2174 5238 illam.

649 5267 817 5322 Mirus
853 5282 916 5321 ac
941 5266 1186 5334 perditus
1210 5280 1362 5318 amor
1396 5265 1620 5318 arbores
1640 5264 1802 5316 etiam
1834 5277 2039 5315 vexans
2077 5260 2225 5314 omni

648 5374 815 5412 sensu
863 5356 1187 5411 destitutas!
1233 5355 1365 5420 Quis
1396 5355 1514 5407 hinc
1544 5370 1650 5407 non
1699 5353 1946 5405 fabulosa
1975 5352 2228 5421 putaret?

648 5452 870 5507 Plantas
920 5459 1109 5504 mutuo
1159 5465 1342 5503 aumre
1385 5448 1529 5517 capi,
1571 5464 1637 5501 ex
1680 5446 1747 5499 iis
1779 5444 2222 5499 molestissimum

652 5545 885 5611 palmam
920 5548 1139 5603 sentire,
1173 5542 1215 5596 si
1249 5541 1435 5610 procul
1472 5554 1673 5592 marem
1709 5554 1736 5589 a
1771 5536 1971 5590 femina
2010 5535 2225 5589 conseri

652 5638 953 5704 contingat,
990 5636 1213 5689 alteram
1253 5641 1524 5687 amantem
1560 5646 1827 5693 arescere,
1861 5644 2049 5683 versus
2078 5642 2226 5679 ama-

654 5738 768 5778 tum
802 5744 919 5780 sese
946 5726 1227 5789 inclinare,
1261 5726 1502 5786 surculo,
1529 5723 1781 5793 lanugine
1804 5722 1885 5774 vel
1919 5720 2079 5773 etiam
2106 5718 2225 5787 pul—

658 5836 781 5873 vere
819 5820 861 5873 si
914 5826 1251 5887 aspergatur,
1280 5826 1353 5877 et,
1401 5816 1544 5885 quod
1599 5814 1990 5877 admirabilius,
2036 5811 2221 5873 odore,

2325 4627 2415 4662 ται
2441 4609 2491 4661 οἱ
2527 4607 2744 4677 βάλανοι
2772 4602 2974 4672 σπάθη.
3007 4599 3209 4669 Εἴρηκε
3235 4598 3298 4649 τὸ
3322 4595 3495 4665 ὄνομα
3519 4591 3772 4660 Ξενοφῶν
3796 4592 3893 4644 «καὶ

2337 4702 2637 4773 Ἡρόδοτος,
2676 4698 2875 4765 λέγων,
2902 4696 2983 4748 ὃτι
3014 4695 3107 4747 καὶ
3122 4692 3249 4758 τόξα
3270 4691 3411 4751 τινὲς
3440 4683 3584 4757 εἶχον
3611 4687 3675 4739 ἐκ
3694 4685 3893 4753 ταύτης

2327 4796 2425 4866 τῆς
2458 4793 2693 4863 σπάθης.
2727 4789 2808 4843 Ad
2838 4789 2943 4842 hoc
2961 4786 3127 4855 hujus
3164 4781 3378 4836 arboris
3410 4778 3688 4848 ingenium
3726 4777 3891 4845 expli-

2324 4886 2558 4938 candum
2586 4882 2740 4936 multi
2765 4878 2965 4935 summi
2999 4876 3098 4929 viri
3118 4874 3264 4927 vires
3286 4871 3487 4940 ingenii
3523 4868 3887 4929 contulerunt,

2328 4987 2389 5031 ut
2429 4980 2566 5031 alter
2591 4976 2766 5030 altero
2796 4969 3143 5039 eloquentior
3175 4965 3470 5019 videretur.
3509 4960 3653 5015 luter
3671 4965 3886 5013 caeteros

2330 5068 2694 5120 Philostratus
2733 5063 2789 5116 in
2845 5060 3018 5121 Icon.,
3047 5057 3138 5111 lib.
3182 5071 3219 5113 ι.
3256 5055 3311 5106 in
3349 5052 3466 5122 ἕλη,
3520 5050 3766 5103 Achilles
3793 5046 3885 5100 Ta-

2328 5162 2437 5212 tius
2472 5156 2548 5210 De
2578 5154 2962 5220 Clisopltrontis
2990 5159 3038 5203 et
3084 5147 3364 5215 Leucippes
3403 5142 3831 5203 Amoribus,lib.
3856 5157 3889 5199 ι,

2326 5261 2381 5306 et
2402 5251 2842 5320 TheOphylactus
2873 5244 3204 5303 Simocatus,
3225 5240 3386 5309 epist.
3409 5236 3497 5299 ‘18,
3525 5243 3580 5289 et
3602 5234 3662 5288 in
3689 5234 3888 5299 Quam.

2328 5343 2662 5395 naturalibus
2684 5379 2699 5402 ,
2732 5344 2929 5407 quaest.
2961 5335 3014 5388 5.

2400 5433 2559 5495 lbid.,
2592 5432 2689 5485 lin.
2721 5430 2810 5484 39.
2846 5428 2998 5484 Ἡδὲ
3012 5428 3345 5495 συκάμινος
3370 5423 3487 5494 ὀψὲ
3508 5422 3641 5494 μέν.
3663 5420 3909 5481 Plinius,.

2328 5528 2424 5581 lib.
2456 5542 2569 5589 ut,
2598 5539 2720 5593 cap.
2745 5521 2836 5584 22,
2880 5520 3064 5575 lorus
3086 5530 3261 5573 autem
3296 5519 3580 5572 novissima
3614 5515 3889 5585 germinat.

2330 5636 2448 5672 cum
2470 5619 2657 5685 primis
2684 5616 2819 5684 folia
2846 5614 3105 5675 demittit;
3132 5622 3185 5669 et
3219 5628 3340 5681 cap.
3378 5610 3468 5673 25,
3499 5607 3747 5663 Serotino
3771 5622 3895 5676 quo-

2330 5714 2454 5766 dam
2493 5712 2791 5782 germinatu
2814 5708 3023 5777 florent,
3053 5713 3424 5774 maturumque
3456 5701 3717 5761 celeriter.
3746 5694 3895 5751 sicuti

2334 5823 2534 5863 morus.
2563 5820 2678 5865 autc
2709 5801 2994 5856 novissima
3014 5800 3335 5853 urbanarum
3358 5794 3639 5848 verminat.
3668 5809 3781 5845 nec.
3800 5793 3896 5845 nisi
