4042 6338
575 417 680 472 855

1920 387 2167 446 ιιεοΝιδ
2205 380 2477 439 ALLATII

3726 358 3837 416 856

572 537 821 609 κρύουσι.
869 537 999 599 ροσε
1020 527 1132 584 sint
1174 525 1432 580 arborum
1469 522 1741 588 lacrymte,
1764 522 1819 568 et
1867 510 1963 581 qui
2009 510 2160 566 succi
2193 515 2382 569 Aeam
2424 513 2545 570 qua:
2604 501 2854 564 superest
2915 489 3019 544 sibi
3075 498 3391 547 reservare;
3451 479 3644 534 falsum
3704 475 3836 530 item

2361 592 2396 609 -ξ
2427 606 2492 609 μ-
2526 582 2822 609 ..--ι;-ι.....
2863 577 3100 609 ’νη-οἱιιη
3125 569 3434 609 immo-amri
3477 566 3694 609 nomine
3724 562 3836 609 tri-

571 605 812 698 esplicat
868 622 1233 692 TheOphrast.
1283 616 1360 670 De
1415 613 1594 668 causis
1646 611 1818 680 plant.
1886 605 2013 659 libr.
2074 618 2151 666 vt,

572 697 693 791 cap.
731 719 819 780 ts,
878 715 1117 770 Καλοῦσι
1165 713 1221 764 δὲ
1261 709 1330 763 τὰ
1359 708 1457 780 μέν
1486 705 1674 768 ὀποὺς,
1724 702 1792 755 τὰ
1825 701 1883 754 δι
1921 697 2152 769 δάκρυα.

572 784 898 882 κοινότερον
934 807 997 860 δὲ
1027 807 1055 858 ὁ
1099 803 1249 866 ὁπός.
1283 800 1539 868 Διαφέρει
1564 795 1621 849 δὲ
1661 795 1789 855 ῐσως
1821 788 1993 850 οὐδὲν,
2035 784 2157 838 ἐπεὶ

569 904 632 956 τό
674 918 738 970 γε
763 879 1072 953 κοινότατον
1123 893 1422 964 ἀνωνύμως
1468 887 1784 957 λεγόμενονο
1833 882 1867 953 ἢ
1920 879 2157 950 ὑγρρτης

570 994 749 1048 οἰκεία
777 991 899 1044 καθ’
930 990 1160 1042 ἕκαστον
1185 985 1346 1055 πέψιν
1367 983 1582 1052 ἔχουσα.
1605 978 1705 1033 Διά
1725 979 1780 1030 δὲ
1808 976 1868 1029 τὺ
1901 988 2160 1043 σωματω-

571 1086 832 1156 διο-τέρας
860 1080 999 1136 εἶναι
1028 1081 1123 1134 καὶ
1156 1078 1440 1149 γλίσχρας,
1470 1073 1568 1137 τὰς
1587 1073 1631 1126 δ’
1661 1068 1971 1129 ὑδατώδεις,
2008 1062 2160 1132 ἀγλί-

573 1155 792 1247 σχρους,
811 1173 919 1226 τῶν
950 1173 1048 1243 μὲν
1076 1170 1284 1238 γίνεται
1307 1163 1492 1238 πῆξαι,
1515 1163 1624 1217 τῶν
1651 1162 1695 1216 δ’
1723 1159 1806 1214 οὔ.
1836 1158 1982 1230 Πρὸς
2008 1155 2156 1219 ἐνίας

571 1269 629 1322 δὲ
669 1267 763 1320 καὶ
802 1260 1246 1336 παρεμϐάλλουσί
1285 1276 1336 1311 τι
1362 1257 1453 1310 τοῦ
1495 1255 1686 1326 πῆξαι,
1722 1252 1816 1306 καὶ
1853 1249 2154 1316 συλλέγειν.

646 1356 810 1419 lbid.,
848 1356 945 1409 lin.
982 1352 1068 1407 10.
1106 1353 1296 1406 Ἀλλο
1340 1349 1451 1418 γὰρ
1482 1345 1593 1414 τῆς
1632 1343 1872 1414 σχίνου.
1919 1338 2159 1394 Lentisci

574 1450 871 1521 lacrymam
898 1445 1221 1502 mastichem
1252 1456 1376 1497 esse
1397 1437 1675 1506 colligitur
1690 1450 1758 1490 ex
1781 1429 2162 1502 Theophrasto

572 1519 802 1596 Deliist.
835 1537 1008 1605 plant,
1054 1533 1150 1587 lib.
1188 1547 1260 1586 Ix.
1297 1545 1344 1585 c.
1393 1528 1444 1590 i,
1479 1526 1802 1579 Συνίσταται
1845 1521 1902 1575 δὲ
1935 1521 2028 1573 καί
2071 1519 2164 1571 ἐπὶ

571 1633 674 1703 τῆς
702 1629 908 1700 σχίνου,
942 1626 1038 1681 καὶ
1067 1624 1159 1678 ἐπὶ
1195 1623 1292 1692 τῆς
1331 1618 1573 1689 ἀκάνθης
1617 1617 1717 1688 τῆς
1764 1615 1935 1684 ίξίνης
1973 1610 2166 1665 καλου-

577 1725 770 1798 μένης,
797 1722 859 1787 ἐξ
892 1716 969 1778 ὧν
1016 1721 1049 1790 ἡ
1092 1717 1350 1790 μαστίχη.
1395 1712 1528 1779 Quae
1568 1720 1748 1765 autem
1798 1709 1870 1763 sit
1915 1705 2063 1759 ixine
2113 1709 2167 1757 et

573 1797 740 1888 quam
766 1812 1092 1871 mastichem
1122 1814 1370 1880 procreet
1391 1806 1532 1859 idem
1559 1801 1935 1874 prosequitur,
1967 1797 2061 1851 lib.
2083 1810 2162 1859 vt,

573 1885 698 1979 cap.
722 1909 777 1975 4,
823 1907 888 1960 Ἦ
921 1904 1060 1974 ἰξίνη
1091 1901 1284 1979 φύεται
1310 1899 1407 1969 μὲν
1433 1897 1492 1948 οὐ
1522 1891 1810 1964 πολλαχοῦ·
1845 1885 2160 1963 ριζόφυλλον
2189 1897 2234 1952 Β

573 2005 632 2058 δέ
649 1978 831 2056 ἐστιν*
865 1998 973 2053 ἀπὸ
1000 1997 1057 2050 δὲ
1080 1995 1180 2065 τῆς
1202 1978 1357 2066 ῥίζης
1387 1989 1557 2061 μέσης
1584 1987 1612 2039 ὁ
1630 1981 2001 2056 σπερματικὸς
2021 1981 2157 2034 ἀκα-

575 2112 665 2158 νος
680 2092 1040 2162 ἐπιπέφυκεν,
1057 2087 1244 2154 ὥσπερ
1263 2083 1428 2154 μῆλον
1445 2075 1503 2133 εὖ
1524 2079 1667 2151 μάλα
1682 2070 2159 2146 ἐπικεκρυμμένον

575 2187 671 2240 ἐπὶ
711 2184 824 2239 τῶν
859 2158 1098 2253 ιρύλλων.
1148 2177 1315 2239 Οὗτος
1355 2173 1412 2226 δὲ
1442 2172 1535 2225 ἐπὶ
1568 2169 1661 2223 τοῦ
1705 2167 1877 2238 ἄκρου
1916 2162 2071 2233 φέρει
2100 2158 2162 2211 τὸ

576 2277 815 2348 δάκρυον
852 2249 1140 2341 εὔστομον,
1185 2266 1279 2319 καί
1310 2261 1470 2316 τοῦτό
1514 2263 1663 2313 ἐστιν
1689 2259 1723 2329 ὴ
1766 2251 2039 2321 ἀκανθικὴ
2069 2249 2163 2302 καί⁵

576 2366 614 2436 ἡ
649 2340 910 2434 μαστίχη.
945 2340 1060 2430 Ego
1092 2366 1274 2412 tamen
1319 2351 1495 2422 magis
1539 2350 1604 2404 ad
1639 2359 1874 2404 mentem
1920 2340 2163 2396 auctoris

577 2434 632 2514 et
655 2456 722 2512 ad
753 2456 1080 2512 sententiam
1125 2452 1382 2521 legerem,
1417 2445 1512 2499 καὶ
1542 2441 1698 2496 τοῦτὸ
1737 2442 1884 2493 ἐστιν
1923 2437 1960 2507 ἡ
1992 2434 2162 2488 ἀκάν-

578 2550 707 2621 θικὴ
740 2545 1006 2620 μαστίχη,
1036 2551 1091 2599 et
1123 2544 1180 2598 ni
1213 2553 1432 2597 vererer
1470 2537 1538 2590 ab
1571 2531 1846 2603 aliquibus
1901 2539 2161 2595 tanquam

581 2618 763 2700 sudas
794 2639 1066 2703 accusari,
1113 2637 1343 2691 libenter
1374 2631 1564 2700 utique
1606 2640 1708 2696 pro
1748 2624 1970 2684 ἄκανος,
1997 2618 2162 2674 ditav-

581 2758 675 2821 θος
710 2757 973 2827 legerem,
1018 2758 1078 2806 ut
1121 2746 1317 2803 modus
1345 2742 1670 2814 phrasisque
1709 2753 1817 2792 una
1860 2734 2164 2802 eademque

580 2824 964 2919 Theophrasto
998 2850 1278 2905 servetur;
1316 2837 1452 2892 dicit
1481 2835 1626 2891 enim
1664 2833 1804 2886 hanc
1834 2824 2160 2881 mastichem

579 2939 831 3013 generari
877 2938 970 2992 ἐπὶ
1010 2937 1108 3007 τῆς
1133 2931 1395 3002 ἀκάνθης,
1427 2945 1536 2984 non
1576 2926 1666 2980 ἐπὶ
1694 2922 1788 2975 τοῦ
1815 2919 2040 2980 ἀκάνου,
2095 2931 2168 2970 ει

579 3011 694 3105 quo
723 3049 833 3089 non
855 3030 1146 3098 ἀκανθική,
1178 3027 1271 3082 sed
1295 3025 1551 3094 ἁκανική,
1579 3021 1875 3079 diceretur,
1901 3011 2166 3085 quemad-

580 3128 807 3183 modum
842 3135 896 3180 et
923 3122 1183 3178 ἀκανικαὶ
1221 3118 1451 3174 ἄκανθαι
1496 3114 1636 3184 apud
1670 3114 1849 3182 ipsum
1885 3109 2161 3178 leguntur,

2260 562 2496 663 pretium
2526 562 2826 641 masticbes
2863 577 3100 633 Turcico
3125 569 3435 644 imperatori
3475 566 3694 622 nomine
3724 562 3838 615 tri-

2260 653 2378 742 buti
2410 679 2646 753 persolvi
2685 697 2696 732 :
2731 674 2827 733 sed
2863 672 2978 727 haec
3010 680 3140 726 sunt
3164 665 3392 720 alterius
3431 657 3654 729 negotii.
3679 653 3839 707 Daie-

2259 747 2511 845 campius
2540 771 2780 825 Plinium
2799 760 3154 834 reprehendit
3181 756 3329 829 quod
3356 754 3493 808 falso
3513 747 3838 806 mastichem

2265 837 2468 921 resinis
2509 860 2738 933 liquidis
2769 850 3240 912 annumeraverit,
3275 846 3373 901 lib.
3425 860 3537 906 xlv,
3573 857 3696 910 cap.
3744 837 3831 890 9.0.

2261 955 2369 1012 Sed
2420 953 2720 1009 immerito.
2766 944 3031 1002 Mastiche
3070 942 3216 997 enim
3259 933 3630 996 dum-caluit,
3683 939 3836 983 ante-

2259 1062 2424 1120 quam
2456 1045 2769 1105 coalescat,
2801 1038 2966 1093 ﬂuida
3003 1042 3088 1091 est
3116 1028 3573 1104 quemadmodum
3611 1031 3666 1079 et
3695 1032 3835 1076 tere-

2259 1111 2504 1194 binthus.
2543 1132 2601 1186 EI
2634 1131 2822 1185 l’orsan
2857 1135 3106 1201 tempore
3132 1119 3298 1175 Plinii
3328 1133 3415 1173 res
3444 1115 3603 1169 aliter
3644 1127 3707 1164 se
3736 1111 3837 1162 ha-

2263 1229 2427 1284 bebat
2474 1240 2538 1279 ac
2574 1221 2738 1277 modo
2767 1217 3040 1272 videmus.
3092 1209 3418 1268 Communis
3459 1214 3544 1262 est
3591 1203 3838 1258 omnium

2263 1317 2319 1371 in
2349 1331 2412 1371 ea
2443 1313 2625 1369 insula
2678 1309 2904 1364 traditio
2946 1321 2982 1361 a
3024 1301 3329 1372 majoribus
3380 1302 3604 1365 excepta
3651 1289 3842 1345 masti—

2264 1407 2421 1461 chem
2469 1405 2625 1474 prius
2683 1399 2950 1470 liquidam
3003 1393 3336 1461 ﬂuidamque
3382 1387 3574 1442 fuisse.
3635 1383 3842 1438 Verum

2268 1501 2563 1567 postquam
2597 1500 2830 1545 sanctus
2857 1487 2952 1542 Dei
2982 1493 3192 1555 martyr
3220 1480 3463 1536 Isidorus
3487 1477 3540 1530 in
3565 1491 3627 1530 ea
3663 1474 3844 1527 insula

2267 1586 2526 1656 martyris
2591 1597 2798 1639 corona
2864 1580 3104 1642 ditatus,
3149 1575 3216 1630 ad
3274 1572 3555 1628 cmlestcm
3606 1567 3842 1639 patriam

2267 1674 2669 1746 commigravit,
2699 1675 2754 1728 in
2791 1673 2991 1727 durum
3040 1683 3244 1737 corpus
3266 1664 3432 1720 veluti
3476 1659 3680 1731 gummi
3713 1672 3846 1708 con-

2268 1771 2532 1828 crevisse.
2565 1765 2732 1836 idque
2757 1763 3024 1834 sanguine
3057 1761 3195 1814 tanti
3242 1755 3500 1826 martyris
3536 1752 3847 1822 praestitum

2264 1858 2457 1923 fuisse,
2495 1858 2624 1911 dum
2658 1871 2755 1927 per
2809 1857 2935 1908 illas
2973 1853 3199 1918 arbores
3243 1846 3637 1903 dilacerandus
3681 1841 3845 1911 equis

2263 1949 2599 2004 immanibus
2643 1946 2844 2015 ligatus
2871 1941 3214 1998 trahebatur.
3262 1937 3415 1992 Facti
3461 1937 3624 2003 hujus
3656 1931 3851 1986 tuemi-

2262 2042 2345 2096 nit
2377 2038 2641 2095 Nicotaus
2674 2038 3094 2110 Pepagomenus
3125 2034 3376 2087 oratione
3408 2030 3464 2083 in
3489 2028 3697 2082 dictum
3721 2040 3850 2079 san-

2262 2140 2436 2196 ctum,
2455 2146 2620 2202 quam
2653 2129 2901 2187 Latinam
2923 2143 2953 2180 a
2978 2126 3139 2180 nobis
3161 2125 3358 2178 tactam
3382 2135 3489 2175 una
3515 2133 3637 2171 cum
3654 2115 3849 2172 Graeca

2263 2224 2482 2295 publico
2502 2219 2810 2286 commodo,
2844 2217 2956 2272 Deo
2991 2217 3172 2279 dante,
3207 2214 3448 2269 edemus.
3471 2210 3721 2277 lsitach
3738 2207 3846 2260 ait:

2263 2313 2434 2383 Λόγος
2466 2313 2522 2366 δέ
2548 2327 2633 2375 τις
2663 2311 2884 2382 φέρεται
2915 2308 3008 2365 καὶ
3041 2305 3196 2378 ἡμῶν
3223 2306 3349 2374 ἄχρι
3385 2302 3615 2370 φθάσας,
3655 2299 3732 2361 ὼς
3758 2297 3852 2350 τὸν

2265 2402 2360 2459 νῦν
2399 2401 2770 2473 καταρρέοντα
2797 2397 2903 2452 τῶν
2935 2395 3129 2467 σχίνων
3164 2394 3319 2457 ὀπὸν,
3351 2393 3445 2445 καὶ
3480 2390 3848 2458 πηγνύμενον,

2267 2494 2381 2549 ῑστε
2428 2494 2626 2555 πάντες
2667 2489 2840 2544 δοςόσα
2894 2485 3083 2540 τούτου
3124 2483 3270 2555 παρά
3311 2484 3423 2544 τοῖς
3469 2481 3618 2543 Χίοις
3668 2478 3852 2549 μόνοις

2265 2581 2428 2655 φορὰ,
2459 2582 2553 2636 καὶ
2583 2579 2660 2643 ὡς
2683 2580 2840 2649 εἴπερ
2879 2594 2930 2630 τι
2965 2576 3044 2646 τῷ
3079 2574 3179 2645 βίῳ
3203 2573 3377 2642 τούτῳ
3409 2569 3851 2624 λυσιτελέστατον

2265 2675 2387 2730 καθ’
2425 2674 2588 2728 αὐτόν
2632 2689 2691 2725 τε
2764 2671 2859 2725 καί.
2899 2672 3011 2733 τοῖς
3052 2668 3230 2731 ἄλλοις
3273 2663 3725 2736 ἐπιμιγνύμενον,
3776 2660 3852 2730 μὴ

2263 2765 2501 2839 πρόσθεν
2535 2763 2762 2835 ἰσχυρὰν
2791 2761 3019 2814 εἰωθότα
3050 2758 3348 2829 λαμεάνειν
3362 2757 3470 2826 τὴν
3509 2755 3691 2825 πῆξιν,
3719 2755 3850 2806 κάν-

2262 2858 2454 2913 τεῦθεν
2483 2860 2593 2920 τοῖς
2613 2853 3037 2917 ὕδασιν,ὖοντος,
3062 2848 3626 2922 συμπαραφερόμενόν
3654 2863 3716 2898 τε
3758 2844 3853 2897 καὶ

2265 2951 2659 3020 ἀπολλύμενον.
2692 2945 2816 3002 Ὅτι
2851 2945 2924 3016 μὴ
2948 2944 3086 2999 πάνυ
3113 2942 3333 3012 μετρίου
3359 2941 3500 3002 τινὸς
3522 2939 3650 2993 ἄνευ
3685 2939 3733 2990 οἰ
3758 2935 3852 2988 τοῦ

2270 3045 2545 3115 μάρτυρος
2594 3038 2766 3104 ἆθλοι,
2817 3039 2912 3096 καὶ
2954 3037 3020 3090 τὰ
3052 3035 3285 3107 λαμπρά
3313 3032 3455 3092 κατά
3491 3033 3598 3085 τῶν
3641 3029 3854 3101 ἐχθρῶν

2268 3134 2646 3203 ἀγωνίσματα,
2690 3129 2786 3181 καί⁵
2829 3127 2888 3180 τὸ
2919 3126 3015 3198 τῆς
3058 3125 3286 3196 γνώμης
3326 3123 3625 3183 ἀνένδοτον,
3671 3120 3762 3174 καί
3797 3119 3853 3172 αἱ

582 3222 681 3277 lib.
713 3236 792 3286 ιν,
819 3234 942 3288 cap.
968 3217 1020 3282 7,
1063 3214 1206 3269 Hist.
1249 3212 1416 3282 plant.
1447 3209 1512 3262 Et
1531 3209 1577 3264 si
1611 3207 1810 3268 ἄκανος
1845 3201 1982 3260 velis
2035 3199 2164 3252 reti-

2272 3199 2896 3294 συχναὶ-καρτερήσεις,
2949 3218 3028 3280 εἰς
3060 3217 3088 3269 ὃ
3121 3216 3214 3270 νῦν
3256 3217 3470 3287 ὁρᾶται,
3522 3211 3656 3284 πρὸς
3706 3209 3851 3262 λίθου

584 3328 737 3375 nere,
788 3325 960 3381 quare
1015 3310 1135 3379 ejus
1172 3305 1497 3362 sententiam
1541 3316 1653 3355 non
1706 3297 2023 3360 concludes,
2068 3292 2163 3347 καὶ

582 3402 746 3458 τοῦτό
778 3404 924 3456 ἐστιν
943 3402 976 3470 ἡ
1009 3397 1241 3469 ἀκανικὴ
1279 3395 1552 3467 μαστίχηῖ
1583 3391 1686 3446 Sed
1717 3391 2001 3444 dubitasse
2033 3387 2170 3442 satis

585 3497 654 3550 de
682 3495 804 3550 hac.
831 3493 1044 3546 Plinius
1076 3491 1171 3544 lib.
1214 3504 1313 3549 xu,
1343 3502 1463 3557 cap.
1498 3486 1586 3550 l7,
1627 3482 1728 3538 Sed
1755 3481 2009 3534 mastiche
2036 3494 2167 3548 quo-

585 3603 686 3657 que
720 3584 928 3654 gemina
960 3590 1058 3645 est,
1087 3572 1336 3651 quoniam
1365 3588 1414 3630 et
1445 3580 1498 3629 in
1529 3577 1659 3628 Asia
1689 3571 1997 3639 Grazciaque
2026 3583 2173 3635 repe—

585 3679 749 3742 ritur,
778 3675 938 3729 herba
971 3674 1150 3727 radice
1177 3671 1310 3740 {alia
1345 3670 1604 3730 emittens,
1637 3675 1687 3719 et
1731 3663 1990 3718 carduum
2022 3661 2171 3714 simi-

590 3773 688 3825 lem
714 3770 856 3824 malo
885 3767 1099 3824 seminis
1124 3765 1354 3835 plenum,
1387 3753 1722 3832 lacry’maque
1751 3757 1980 3824 erumpit
2003 3755 2174 3807 incisa

587 3873 738 3931 parte
762 3878 971 3916 summa
996 3861 1082 3913 vix
1126 3867 1184 3910 ut
1207 3856 1444 3926 dignosci
1478 3853 1641 3921 possit
1672 3869 1703 3905 a
1744 3848 1999 3903 mastiche
2029 3863 2170 3899 vera.

593 3953 708 4008 Nec
732 3971 836 4006 non
867 3964 916 4007 et
971 3953 1126 4004 tertia
1173 3950 1228 4002 in
1279 3946 1448 4000 Ponto
1480 3956 1555 3999 est
1599 3941 1870 3994 bituminis
1922 3938 2171 3993 similior.

596 4045 1000 4099 laudatissima
1061 4049 1235 4095 autem
1286 4046 1363 4092 est
1402 4035 1537 4089 Chia
1582 4031 1834 4095 candida,
1871 4029 2023 4097 cujus
2058 4043 2174 4096 pre-

596 4143 730 4192 t‘um
762 4138 817 4190 in
871 4135 1033 4189 libras
1071 4149 1166 4195 xx,
1214 4132 1380 4199 nigrae
1414 4144 1532 4181 vero
1570 4142 1666 4179 xu.
1706 4124 1839 4178 Chia
1876 4140 1903 4176 e
1955 4121 2174 4175 lentisco

597 4231 830 4287 traditur
853 4228 997 4299 gigni
1031 4226 1227 4297 gummi
1277 4221 1452 4284 modo,
1499 4219 1833 4271 adulteretur
1876 4224 1936 4268 ut
1989 4213 2174 4277 thura,

595 4325 794 4379 resina.
827 4321 1023 4375 Petrus
1046 4317 1345 4379 Bellonius,
1369 4313 1735 4370 Observation.
1763 4310 1858 4363 lib.
1885 4323 1947 4372 ιι,
1976 4322 2098 4375 cap.
2120 4306 2172 4368 8,

596 4416 885 4471 Masticltes
910 4421 1188 4482 proventus
1220 4411 1273 4462 in
1301 4425 1362 4460 ea
1405 4405 1582 4458 insula
1615 4403 1744 4455 Cltio
1777 4410 1957 4454 tantus
1989 4408 2088 4461 est,
2121 4407 2176 4448 ut

596 4507 820 4576 singulis
857 4505 1011 4558 annis
1058 4502 1280 4555 Turcico
1315 4497 1625 4565 imperatori
1666 4510 1761 4562 pro
1793 4491 2065 4561 quaternis
2101 4489 2178 4541 cel

2272 3316 2431 3385 φύσιν
2462 3314 2630 3382 ἐγγὺς
2661 3309 3048 3382 μετεποίησαν,
3097 3308 3212 3378 ἅμα
3253 3323 3315 3359 τε
3353 3306 3540 3359 τούτου
3586 3303 3855 3372 τοσαύτην

2270 3405 2567 3475 εἰργάσατο
2595 3401 2692 3472 τὴν
2724 3400 2984 3463 ἐπίδοσιν,
3013 3397 3088 3461 ὡς
3125 3395 3327 3467 μηδένα
3363 3393 3556 3465 μικροῦ
3582 3392 3690 3446 τῶν
3717 3393 3855 3462 ὁπή-

2271 3514 2400 3550 ποτε
2446 3497 2550 3566 γῆς
2577 3491 2878 3547 οἰκούντων
2903 3489 2977 3561 μὴ
3006 3489 3104 3559 τῆς
3135 3489 3254 3542 κατ’
3286 3485 3403 3551 ἔτος
3431 3485 3724 3540 ἀπολαύειν
3755 3502 3854 3553 (ρο-

2274 3591 2392 3662 ρᾶς.
2425 3587 2577 3658 Μηδὲ
2605 3585 2712 3656 γὰρ
2740 3583 2804 3637 ἂν
2825 3586 2932 3646 τοῖς
2961 3582 3066 3652 πρὸ
3094 3578 3188 3632 τοῦ
3220 3580 3387 3632 πᾶσιν
3405 3576 3855 3647 Ἀσκληπιάδαις,

2272 3679 2483 3740 οὐδενὸς
2522 3678 2643 3728 ὅτου
2680 3673 2785 3726 τῶν
2817 3672 2952 3742 πρὸς
2984 3670 3222 3740 ἰατρείαν
3257 3667 3444 3721 παθῶν
3475 3668 3533 3718 οὺ
3571 3666 3859 3734 μεμνημέ-

2273 3787 2403 3833 νοις,
2430 3765 2690 3828 πολλάκις
2741 3762 2926 3832 σχεδὸν
2976 3757 3335 3830 ἀμνημοσύνη
3386 3755 3571 3806 τούτου
3625 3753 3857 3823 “PM”-

2275 3865 2477 3934 καίπερ
2516 3866 2629 3923 τοῖς
2672 3857 3054 3930 καιριωτάτοις
3097 3848 3536 3923 συμϐαλλομένου
3569 3847 3636 3899 τὰ
3669 3864 3860 3918 περιτ-

2276 3958 2497 4010 τεύοντα
2529 3955 2635 4008 τῶν
2672 3952 2852 4025 ὑγρῶν
2881 3947 3228 4016 ἁποκαθᾶραι
3262 3945 3357 3996 καὶ
3387 3941 3684 4011 ἀλγηδόνας
3713 3941 3860 3992 ἐστιν

2274 4050 2339 4113 ἃς
2378 4046 2729 4114 ἐπικουφίσαι
2762 4061 2820 4096 τε
2853 4043 2948 4096 καὶ
3003 4039 3269 4109 κοιμίσαι,
3309 4035 3404 4088 καὶ
3443 4033 3513 4085 τὰ
3556 4033 3861 4103 παρειμένα

2276 4140 2368 4192 τοῦ
2420 4141 2672 4209 σώματος
2715 4133 3150 4205 ἰσχυροποιῆσαι,
3209 4129 3302 4182 καὶ
3355 4125 3658 4194 νευρῶσαι,
3700 4125 3860 4193 φύσιν

2277 4233 2511 4301 ἔχοντος.
2569 4232 2775 4291 Ὄντως
2824 4225 3049 4296 ἀρίστου
3105 4223 3199 4274 καὶ
3250 4219 3562 4290 θαυμαστοῦ
3614 4216 3855 4289 γεωργοῦ

2279 4323 2489 4393 καρπὸς
2515 4321 2729 4391 ἥδιστος
2757 4319 2875 4372 κατ’
2911 4314 3226 4384 ἐπωνυμίαν
3258 4310 3421 4364 αὑτοῦ
3455 4311 3551 4380 τὴν
3583 4310 3857 4378 ἐνέργειαν

2279 4413 2640 4483 κεκτημένος.
2677 4409 2824 4478 Πλὴν
2867 4407 2989 4458 ὅσον
3019 4405 3046 4454 ὁ
3081 4403 3177 4473 μὲν
3213 4403 3304 4454 καὶ
3340 4401 3517 4470 ψυχὰς
3551 4398 3856 4468 καμνούσας

2279 4507 2419 4572 eam
2458 4502 2774 4574 θεραπείας,
2808 4499 2903 4552 καὶ
2949 4500 3060 4559 τοῖς
3099 4496 3159 4548 τὸ
3202 4495 3357 4564 σῶμα
3393 4495 3641 4563 πονήρως
3678 4490 3856 4559 ἐκοπι

596 4601 770 4673 quinis
792 4597 1022 4651 millibus
1036 4592 1348 4648 ducatorum
1367 4588 1597 4657 pendant
1620 4590 1673 4637 iu
1691 4583 2050 4636 deductionem
2065 4581 2171 4646 ejus

2281 4595 2532 4665 δωρεῖται
2566 4591 2662 4661 τὴν
2708 4588 2868 4642 ἱάσιν·
2918 4591 2946 4640 ὸ
2982 4587 3038 4639 δὲ
3080 4584 3212 4647 τῷδε
3255 4586 3514 4654 βραχεῖαν
3558 4581 3728 4649 ἐνίησι
3764 4579 3857 4649 τῆς

599 4709 822 4750 summa:
845 4707 1003 4761 quam
1035 4688 1118 4741 illi
1156 4685 1340 4739 tributi
1373 4682 1580 4736 nomine
1608 4678 1735 4731 dare
1764 4676 1970 4738 debent,
2002 4683 2048 4726 et
2075 4673 2184 4724 sin-

603 4788 756 4858 gulas
778 4793 1022 4839 centenas
1039 4781 1201 4834 libras
1224 4777 1450 4831 centenis
1463 4773 1636 4843 quinis
1657 4769 1866 4822 ducutis
1892 4766 2180 4827 a‘slimuul,

600 4875 855 4949 quidquid
869 4875 981 4942 ejus
1005 4881 1235 4940 superest
1259 4869 1358 4923 sibi
1382 4873 1668 4920 reservant.
1700 4860 1841 4914 Galli
1869 4867 2184 4911 mercatores

601 4970 886 5026 mastiches
900 4967 1125 5036 pretium
1141 4962 1274 5015 idem
1287 4970 1529 5029 perpetuo
1546 4973 1656 5010 esse
1670 4952 2061 5007 considerantes
2075 4951 2187 5003 e:ri-

603 5066 847 5124 stimant;
863 5067 1016 5128 atque
1040 5057 1196 5110 etiam
1213 5053 1440 5120 referunt
1459 5047 1902 5103 incolas.collccta
1915 5045 2028 5113 ejus
2045 5053 2188 5096 certa

603 5150 1196 5225 quantitate,reliquam
1224 5144 1467 5213 abjicere.
1504 5139 1606 5195 Sed
1638 5138 1692 5193 id
1717 5138 1927 5192 veritati
1957 5137 2189 5188 maxime

609 5244 936 5297 contrarium
981 5247 1059 5292 est
1092 5253 1108 5291 :
1141 5252 1262 5289 nant
1300 5235 1378 5286 uti
1416 5229 1648 5285 diximus
1713 5244 1935 5298 magnas
1983 5227 2186 5295 impen-

609 5353 697 5388 sas
746 5335 798 5386 in
833 5334 1038 5386 lentisci
1073 5329 1352 5399 fruticibus
1405 5323 1664 5386 colendis,
1700 5331 1748 5375 et
1796 5319 2048 5374 curandis
2104 5319 2190 5386 fa-

611 5430 784 5489 ciunt;
805 5424 895 5478 sed
927 5425 1179 5493 quoniam
1213 5421 1434 5474 Turcico
1459 5416 1762 5484 imperatori
1785 5413 2006 5483 singulis
2038 5415 2191 5465 annis

611 5536 705 5588 pro
739 5528 992 5589 quatuor,
1027 5524 1118 5569 aut
1154 5514 1387 5584 plurium
1422 5512 1649 5565 millium
1693 5511 2006 5563 ducatorum
2049 5506 2193 5559 αῖεεί-

616 5615 848 5665 matione
875 5611 1127 5679 pendunt,
1164 5609 1278 5673 ejus
1306 5608 1534 5672 pretium
1560 5604 1635 5657 vel
1666 5618 1875 5671 augere,
1909 5601 1988 5654 vel
2019 5600 2192 5652 immi-

618 5721 775 5758 nuere
807 5720 909 5756 non
941 5704 1079 5756 licet.
1116 5702 1171 5754 ln
1203 5699 1405 5768 quibus
1436 5698 1625 5751 multis
1661 5696 1860 5748 labitur
1890 5691 2188 5747 Bellonius.

621 5793 822 5849 Verum
855 5796 997 5848 enim
1023 5801 1127 5854 est,
1164 5792 1372 5845 incolas
1403 5789 1716 5858 praescripta
1748 5787 2052 5853 quantitate
2081 5781 2195 5835 col—

625 5889 762 5944 lecta
795 5888 1061 5954 reliquam
1085 5885 1170 5940 vel
1205 5883 1463 5951 abjicere,
1499 5881 1579 5934 vel
1614 5879 1905 5949 negligere.
1947 5875 2188 5939 Falsum,

2287 4686 2528 4756 ἰατρείας
2551 4684 2869 4752 ἀπόρροιαν.

2355 4777 2518 4839 Ibid.,
2548 4775 2644 4827 lin.
2676 4774 2762 4827 Η.
2789 4772 2896 4829 Kal.
2920 4769 3110 4835 ἄλλος
3131 4772 3161 4820 ό
3187 4766 3657 4835 τῆςβαλσάμου.
3693 4762 3859 4817 Theo-

2287 4868 2546 4936 phrastus
2581 4865 2632 4916 in
2670 4861 2806 4915 valle
2840 4859 3012 4930 Syria:
3041 4856 3216 4921 nasci,
3256 4854 3495 4907 lructum
3531 4852 3702 4921 magis
3731 4853 3857 4903 odo—

2288 4971 2465 5013 ratum
2501 4971 2624 5012 esse
2659 4970 2820 5024 quam
2870 4954 3188 5022 lacrymam,
3235 4954 3288 5001 et
3331 4947 3576 5000 incisura
3621 4942 3765 4996 facta
3792 4959 3860 4995 ex

2289 5048 2536 5109 caudice,
2581 5045 2695 5099 sive
2741 5054 2894 5114 parte
2938 5055 3196 5110 superna.
3243 5045 3432 5092 aestate
3467 5044 3578 5090 tota
3613 5048 3854 5095 succum,

2292 5138 2386 5193 scd
2442 5137 2593 5191 illum
2648 5135 3041 5205 paucissimum
3077 5130 3281 5200 colligi,
3329 5129 3424 5183 lib.
3464 5144 3518 5182 ts
3569 5125 3642 5179 De
3673 5126 3853 5178 histor.

2291 5230 2483 5297 plant.,
2521 5241 2642 5296 cap.
2690 5225 2744 5288 ϐ,
2789 5225 2862 5278 Τὸ
2904 5224 2959 5276 δὲ
3004 5221 3276 5291 βάλσαμον
3318 5221 3527 5288 γίνεται
3566 5216 3661 5284 μὲν
3704 5213 3856 5284 ἐντῷ

2293 5321 2512 5385 Αὐλῶν,
2552 5318 2629 5389 τῷ
2656 5319 2782 5389 περὶ
2821 5315 3042 5388 Συρίαν,
3088 5312 3442 5385 παραδείσους
3480 5310 3525 5362 δ’
3566 5305 3701 5360 εἷναί
3733 5325 3854 5377 φασι

2292 5412 2383 5464 δύο
2405 5412 2612 5479 μόνους,
2633 5411 2722 5462 τὸν
2746 5408 2843 5479 μὲν
2859 5409 2980 5459 ὅσον
3005 5404 3174 5457 εἴκοσι
3201 5404 3447 5474 πλέθρων
3497 5402 3588 5453 τὴν
3613 5401 3654 5452 δ’
3681 5400 3856 5468 ἕτερον

2295 5503 2471 5574 πολλῷ
2511 5504 2782 5555 ἐλάττονα.
2824 5499 3048 5570 Reliqua
3072 5498 3194 5552 vide
3229 5496 3370 5566 apud
3402 5494 3444 5548 Τ
3453 5493 3853 5561 heopbrastum.

2295 5611 2362 5648 cx
2389 5610 2498 5665 quo
2536 5595 2743 5648 Plinius
2784 5591 2880 5645 lib.
2925 5605 3027 5653 xu,
3063 5604 3182 5659 cap.
3223 5588 3316 5650 25,
3370 5599 3466 5640 sua
3508 5587 3737 5654 accepit,
3763 5598 3856 5637 nec

2295 5688 2554 5742 convenit
2582 5689 2634 5740 in
2654 5683 2912 5740 omnibus
2942 5683 3008 5737 de
3035 5680 3263 5737 historia
3295 5677 3527 5732 balsami
3579 5684 3854 5730 auctorum

2296 5779 2584 5834 sententia.
2654 5777 2862 5831 Plinius
2922 5773 3054 5827 dicit
3096 5772 3398 5826 balsamum
3450 5768 3538 5820 uni
3590 5776 3855 5821 terrarum

2295 5871 2494 5928 «Iudas:
2542 5884 2909 5936 concessum;
2977 5863 3327 5922 Dioscorides
3381 5859 3634 5916 concedit
3697 5856 3856 5914 etiam
