4042 6338
165 401 258 458 857

1164 397 1230 451 ΙΝ
1271 397 1642 455 Εεδτλτιιιι
1670 398 2142 454 ΗΕΧΑΕΜΕΒΟΝ
2173 398 2403 455 NOTAE.

3302 400 3409 456 858

166 521 424 593 Algypto;
463 519 664 576 Strabo
697 518 792 572 lib.
836 535 925 572 an
972 519 1228 574 silvestre
1278 521 1431 574 nasci
1479 519 1646 573 tradit
1680 519 1733 572 in
1767 529 1811 580 Α
1843 520 2057 573 ιαἐαιὶε
2083 531 2375 582 excoctum,
2400 519 2604 588 glebam
2630 519 2791 572 habui
2820 529 3026 572 erutam
3061 533 3218 588 prope
3265 517 3410 570 Nar-

166 615 448 669 maritiinis
482 610 798 667 Sabaeorum
826 629 844 678 ;
888 609 1300 682 Theophrastus
1331 613 1584 666 silvestre
1616 611 1732 664 bal-

165 720 368 760 samum
402 704 611 758 nullum
653 716 885 772 usquam
926 711 1202 773 repertum
1239 704 1481 772 accepit;
1529 700 1734 755 Pausa-

166 796 282 847 nias
315 795 369 846 iu
398 792 646 846 Baeoticis
678 793 904 847 arbores
935 793 992 847 in
1028 794 1227 847 Arabia
1263 793 1548 854 describit,
1583 807 1732 861 myr-

163 892 338 939 torum
387 885 784 955 magnitudine,
822 884 968 940 foliis
1000 886 1260 940 amaraci.
1306 883 1439 938 Vide
1468 885 1734 953 reliquam

163 978 446 1032 historiam
482 978 794 1046 viperarum
843 978 948 1032 sub
987 979 1108 1045 ejus
1147 977 1339 1031 fronde
1378 977 1730 1029 latitantium.

167 1068 370 1122 Plinius
396 1070 566 1124 incidi
597 1070 762 1132 vitro,
788 1070 964 1140 lapide
992 1071 1274 1138 osseisque
1297 1070 1560 1130 cultellis.
1591 1067 1736 1121 ferro

165 1160 302 1223 laedi,
329 1159 740 1230 Theophrastus
774 1161 968 1216 ferreis
1007 1162 1282 1229 unguibus
1317 1160 1449 1214 cazdi
1475 1201 1490 1225 ,
1525 1157 1736 1212 Plinius

165 1255 392 1322 primam
429 1254 659 1324 gratiam
703 1269 826 1308 esse
870 1254 1146 1324 lacrym'ae,
1193 1252 1490 1308 secundam
1518 1249 1733 1312 semini,

165 1345 385 1398 tertiani
419 1346 636 1408 cortici,
667 1345 949 1399 minimam
999 1345 1148 1414 ligno
1170 1344 1283 1410 ait;
1326 1341 1737 1412 Theophrastus

165 1435 394 1506 primam
428 1436 666 1500 fructus,
703 1436 1000 1492 secundam
1035 1437 1315 1504 lacrymaz,
1349 1435 1598 1488 ultimam
1623 1435 1737 1486 vir-

165 1541 372 1595 garum.
403 1525 686 1581 Diversam
718 1528 884 1596 hujus
931 1528 1164 1583 balsami
1217 1526 1512 1595 colligendi
1563 1526 1734 1577 ratio-

165 1631 282 1670 nem
319 1618 442 1672 sine
489 1633 726 1674 censura
778 1627 968 1672 narrat
1001 1617 1313 1672 Brocardus
1351 1617 1652 1670 monachus
1683 1624 1736 1670 et

164 1723 222 1764 se
252 1711 457 1764 vidisse
504 1710 724 1775 fatetur,
766 1710 822 1764 in
869 1709 1238 1778 descriptione
1269 1717 1426 1763 terra:
1481 1717 1683 1762 sancite
1719 1727 1732 1762 :

167 1800 258 1854 Est
281 1803 450 1856 etiam
484 1802 558 1855 ibi
592 1803 777 1856 hortus
807 1801 1068 1864 Balsami,
1100 1803 1191 1871 qui
1239 1804 1497 1871 irrigatur
1531 1819 1561 1853 a
1592 1801 1736 1867 fonte

162 1907 337 1958 pareo.
362 1894 624 1947 uberrime
671 1904 842 1948 tamen
883 1894 1094 1962 ﬂuente,
1121 1895 1174 1945 in
1201 1910 1302 1962 quo
1344 1895 1491 1946 aiunt
1526 1893 1733 1947 beatam

175 1982 435 2054 Virginem
467 2002 687 2054 puerum
715 1983 898 2038 Jesum
935 1985 1122 2038 lavisse
1147 2001 1164 2036 :
1185 1985 1246 2036 ob
1281 1983 1336 2036 id
1365 1984 1586 2037 habetur
1616 1986 1731 2054 fons

164 2075 250 2128 ille
287 2078 339 2128 in
370 2078 722 2138 veneratione,
748 2075 937 2128 nedum
983 2091 1015 2127 a
1049 2073 1386 2135 Christianis.
1419 2091 1592 2128 verum
1620 2086 1668 2128 et
1703 2094 1733 2128 a

166 2161 464 2220 Saracenis.
505 2166 720 2219 Modum
766 2166 1046 2235 colligendi
1092 2165 1386 2218 balsamum
1433 2166 1571 2218 hunc
1610 2166 1736 2218 milii

169 2252 421 2309 Saraceni
443 2257 801 2310 ostenderunt.
833 2255 1133 2324 Carpebant
1164 2257 1351 2323 folium
1383 2272 1544 2308 unum
1574 2273 1604 2307 a
1636 2256 1734 2309 sti-

163 2349 286 2412 pite,
334 2349 605 2401 adiicerent
638 2349 776 2401 enim
809 2349 942 2415 folia
993 2348 1183 2414 stipiti,
1218 2359 1264 2400 et
1297 2358 1485 2400 contra
1526 2347 1731 2398 radium

169 2439 294 2492 solis
329 2439 466 2491 illud
496 2439 867 2504 discerpentes,
898 2448 1098 2507 guttam
1145 2437 1529 2490 lucidissimam
1573 2446 1622 2490 et
1655 2453 1738 2488 su-

168 2545 261 2596 pra
310 2529 524 2582 modum
561 2530 880 2597 odoriferam
913 2529 1204 2582 elicuerunt
1239 2544 1256 2580 :
1287 2537 1336 2581 et
1367 2532 1410 2581 is
1456 2540 1534 2581 est
1586 2544 1733 2580 verus

169 2623 334 2691 liquor
373 2622 646 2676 balsami:
679 2623 767 2691 qui
795 2623 848 2674 in
888 2622 1097 2688 phialas
1140 2623 1330 2674 vitreas
1367 2621 1654 2689 colligitur,
1687 2630 1735 2673 et

168 2713 234 2764 ad
251 2715 488 2766 diversas
522 2713 703 2766 mundi
727 2723 904 2778 partes
927 2713 1179 2772 mittitur,
1213 2713 1423 2766 tametsi
1457 2729 1582 2765 raro
1623 2712 1735 2764 sine

167 2803 398 2857 mixtura
433 2803 504 2856 ad
534 2805 763 2872 regiones
795 2813 1000 2856 nostras
1043 2803 1326 2870 perveniat.
1356 2803 1516 2854 Aiunt
1549 2801 1735 2865 etiam,

167 2898 211 2948 si
245 2897 431 2962 folium
472 2895 605 2948 illud
636 2907 820 2948 contra
851 2896 1057 2948 radium
1085 2897 1212 2949 solis
1245 2911 1346 2948 non
1379 2894 1735 2962 frangeretur,

168 2980 373 3035 minime
402 2998 616 3035 succum
652 2984 804 3034 illum
837 2983 1088 3038 stillaret.

234 3072 351 3127 Col.
381 3075 509 3138 717,
551 3075 648 3128 lin.
688 3075 774 3128 15.
805 3075 1126 3143 Ἰστοροῦσι
1147 3075 1214 3128 δέ
1230 3091 1384 3141 τινες
1402 3073 1580 3128 καὶτὸ
1597 3071 1738 3141 ἢλε-

170 3182 360 3234 κτρον.
399 3158 658 3229 Basilius,
703 3167 848 3219 hom.
893 3167 947 3229 ὅ,
991 3167 1160 3234 Λόγος
1195 3166 1252 3218 δέ
1296 3166 1378 3229 τίς
1411 3167 1526 3220 ἐστι
1556 3166 1649 3219 καὶ
1675 3165 1735 3218 τὸ
1766 3203 1808 3260 c

169 3257 424 3328 ἠλεκτρον
445 3259 576 3310 ὀπὸν
601 3254 739 3310 εἶναι
765 3259 944 3326 φυτῶν
967 3261 1046 3321 εἰς
1070 3259 1216 3310 λίθου
1242 3258 1400 3328 φύσιν
1425 3258 1743 3328 ἀποπηγνὺς-

174 3364 344 3416 μενον.
373 3346 587 3402 Psellus
635 3348 698 3400 de
730 3346 995 3415 lapidibus
1023 3348 1221 3416 duplex
1253 3348 1514 3401 electrum
1541 3349 1742 3402 consti-

174 3444 294 3504 tuit,
339 3455 509 3493 unum
547 3440 814 3501 Indicum,
869 3439 1100 3491 alterum
1155 3437 1483 3506 Libyticum.
1528 3448 1582 3490 et
1610 3438 1740 3490 dicit

171 3531 390 3600 reperiri
419 3531 576 3599 juxta
607 3528 830 3582 fluvium
870 3527 1187 3587 Eridanum,
1239 3527 1444 3591 subdit,
1482 3529 1654 3580 Ἔνιοι
1682 3528 1738 3580 δὲ

173 3624 261 3680 καὶ
281 3624 512 3692 δάκρυον
531 3621 661 3675 αὐτό
681 3639 809 3690 φασι
825 3621 1036 3692 δένδρου
1063 3621 1222 3684 τινός.
1256 3610 1468 3688 Κὸῦφον
1497 3620 1604 3690 γάρ
1626 3623 1739 3672 ἐστι

171 3715 258 3767 καί
278 3714 558 3786 θυμιᾶται,
589 3715 663 3778 ὡς
691 3717 719 3766 ὁ
749 3712 1039 3776 λιϐανωτὸς
1072 3715 1164 3766 καὶ
1194 3717 1226 3782 ἡ
1262 3715 1515 3783 μαστίχη.
1547 3713 1739 3768 Varias

175 3814 450 3860 auctorum
501 3807 801 3860 sententias
849 3805 916 3859 de
969 3806 1233 3869 succino,
1288 3815 1340 3859 et
1383 3810 1503 3874 ejus
1531 3808 1740 3876 origine

171 3899 382 3968 collegit
431 3897 662 3963 Plinius,
716 3897 813 3953 lib.
865 3912 1074 3960 nsvu,
1129 3912 1248 3966 cap.
1301 3897 1336 3950 2
1390 3907 1444 3952 et
1497 3900 1551 3962 5,
1601 3915 1738 3968 quas

171 3984 255 4040 hic
281 4003 566 4042 recensere
592 3988 836 4056 ineptum
880 4001 1002 4040 esse
1040 3987 1190 4041 duxi.
1230 3985 1432 4056 Siquis
1461 3987 1740 4043 eruditio-

173 4093 291 4133 uem
327 4082 467 4134 tanti
514 4081 617 4135 viri
648 4091 701 4135 et
753 4080 1013 4134 admirari
1043 4088 1097 4135 et
1141 4083 1389 4136 venerari
1436 4082 1733 4149 desiderat,

174 4171 325 4224 adeat
365 4175 546 4228 locum
581 4175 779 4228 mirum
823 4190 977 4236 sane,
1007 4183 1059 4228 et
1086 4174 1398 4228 omnimoda
1448 4176 1737 4244 prudentia

172 4260 528 4334 doctrinaque
584 4265 1029 4320 refertissimum.
1079 4263 1188 4318 Nos
1245 4264 1442 4318 miselli
1493 4265 1624 4318 item
1682 4273 1736 4318 et

171 4367 434 4424 pauperes
466 4356 532 4410 ad
577 4358 730 4410 illum
769 4357 902 4426 quid
935 4355 1238 4409 addemus?
1271 4355 1600 4410 Aristoteles
1639 4355 1733 4410 lib.

175 4442 247 4505 De
285 4446 618 4502 mirabilibus
664 4449 1044 4504 auscultation.
1091 4449 1157 4502 ad
1210 4447 1399 4500 fictitia
1450 4457 1734 4518 poetarum

1839 613 2024 664 boncm
2056 615 2107 665 in
2165 613 2279 680 ejus
2317 611 2513 679 lapidis
2563 613 2758 679 fodinis
2789 611 3014 666 dimidia
3046 627 3110 665 ea:
3134 619 3286 679 parte
3329 612 3410 662 ni-

1838 722 1983 776 gram
2013 745 2028 769 ,
2082 705 2257 758 altera
2310 703 2526 771 ﬂauam,
2579 705 2779 756 succini
2833 703 2986 758 modo
3018 719 3034 756 :
3064 703 3202 771 quod
3251 718 3410 770 argu-

1835 806 2011 849 mento
2066 795 2362 848 certissimo
2404 805 2504 858 est,
2542 795 2812 848 succinum
2852 812 2910 849 eo
2948 794 3100 848 modo
3126 795 3267 863 gigni
3307 810 3410 864 quo

1833 887 2088 941 diximus.

1817 949 1858 993 ⁸
1912 979 2070 1044 una,
2112 979 2210 1033 lin.
2249 968 2350 1035 19:
2373 980 2553 1034 Τοῦτο
2582 979 2649 1031 τὸ
2682 978 2936 1043 ἡλιακὸν
2961 979 3105 1047 φῶς.
3147 978 3408 1045 Quaenam

1841 1071 2006 1125 fuerit
2039 1072 2131 1124 lux
2166 1073 2256 1124 illa
2298 1072 2473 1141 prima
2531 1072 2727 1140 priscis
2778 1071 2886 1123 illis
2928 1071 3264 1140 temporibus
3303 1085 3404 1124 nec

1840 1176 1947 1216 non
1978 1161 2127 1216 hisce
2153 1163 2356 1215 nostris
2389 1170 2811 1215 controversum
2842 1160 3020 1214 adhuc
3053 1168 3172 1216 est:
3206 1161 3272 1214 de
3293 1173 3403 1229 qua

1839 1254 1959 1308 fuse
1991 1261 2045 1306 et
2091 1254 2373 1307 enucleate
2403 1253 2561 1306 multi
2608 1253 2980 1320 disputarunt.
3034 1251 3404 1308 Damascenus

1842 1347 1940 1399 lib.
1974 1362 2036 1410 ιι,
2079 1343 2203 1398 Fid.
2240 1345 2469 1413 orthod.,
2504 1361 2553 1399 c.
2595 1345 2644 1408 7,
2685 1345 2982 1409 existimat,
3031 1346 3206 1399 lucem
3259 1347 3406 1400 illam

1840 1437 2011 1492 fuisse
2033 1438 2361 1490 elementum
2407 1437 2565 1506 ignis.
2600 1437 2924 1490 Ambrosius
2961 1435 3289 1490 Catharinus
3336 1439 3412 1490 ait

1839 1529 2014 1582 lucem
2050 1529 2195 1580 illam
2229 1526 2396 1581 fuisse
2428 1527 2600 1580 lucem
2651 1528 2783 1580 solis
2816 1527 3133 1595 perfectam,
3162 1543 3316 1598 teque
3347 1542 3412 1581 ac

1840 1631 1985 1670 nunc
2013 1623 2128 1682 est;
2165 1616 2326 1684 cujus
2360 1616 2714 1684 perfectionis
2747 1631 2795 1669 et
2840 1617 3266 1684 pulchritudinis
3297 1634 3412 1671 ma-

1838 1727 2000 1780 gnum
2036 1726 2158 1763 esse
2184 1717 2586 1779 argumentum,
2617 1711 2760 1778 quod
2794 1727 2856 1763 ea
2888 1711 3027 1766 Deus
3059 1712 3176 1780 ipse
3193 1728 3297 1767 suo
3325 1713 3415 1782 ju-

1838 1801 1984 1854 dicio
2019 1800 2415 1868 comprobavit.
2446 1799 2588 1853 Beda
2641 1802 2692 1852 in
2721 1798 3000 1864 Heraean,
3031 1800 3289 1856 Nicolaus
3339 1803 3415 1858 De

1849 1893 1986 1962 lyra,
2017 1890 2314 1952 Tostatus,
2350 1897 2402 1943 et
2462 1891 2554 1943 alii
2606 1891 2942 1944 arbitrantur
2991 1894 3220 1962 primam
3266 1893 3414 1947 illam

1845 1983 2020 2036 lucem
2074 1997 2179 2035 non
2215 1980 2385 2035 fuisse
2417 1982 2608 2044 solem,
2648 1983 2742 2036 sed
2776 1998 2978 2051 corpus
3023 1986 3296 2052 quoddam
3331 1986 3415 2039 lu-

1842 2073 2022 2125 cidum
2072 2070 2138 2124 ad
2198 2071 2609 2125 similitudinem
2642 2071 2826 2126 densa:
2875 2075 3216 2144 lucentisque
3250 2077 3414 2131 nubis

1844 2165 1898 2218 in
1942 2164 2210 2232 superiori
2243 2171 2394 2232 parte
2423 2165 2610 2218 mundi
2656 2165 2932 2227 videlicet,
2968 2168 3023 2220 in
3070 2183 3176 2236 qua
3225 2181 3413 2239 postea

1845 2258 1925 2312 sol
1955 2265 2038 2309 est
2070 2255 2301 2322 positus,
2335 2257 2476 2324 quod
2497 2257 2643 2310 circa
2677 2257 2986 2312 densiorem
3017 2260 3256 2313 materirc
3281 2277 3410 2329 par-

1845 2356 1973 2412 tem,
2001 2362 2122 2416 quat
2147 2347 2382 2400 medium
2413 2349 2596 2401 mundi
2621 2350 2798 2402 locum
2836 2351 3410 2418 circumplectebatur,

1843 2439 1899 2490 in
1934 2437 2120 2489 orbein
2157 2451 2508 2502 conversum,
2541 2439 2752 2490 dierum
2807 2447 2860 2492 et
2895 2441 3138 2492 noctium
3195 2442 3413 2496 vicissi-

1842 2528 2063 2581 tudines
2096 2526 2382 2587 efliciebat,
2413 2536 2466 2581 et
2494 2544 2557 2581 ex
2590 2530 2682 2581 illo
2717 2530 2897 2582 lucido
2934 2545 3164 2598 corpore
3198 2541 3412 2602 postea,

1841 2629 2037 2688 quarto
2069 2618 2156 2672 die
2191 2618 2456 2671 formatus
2493 2629 2576 2672 est
2617 2620 2696 2671 sol
2727 2619 3009 2686 amplioris
3071 2623 3418 2688 praestantio-

1844 2710 2031 2778 risque
2055 2710 2194 2762 lucis
2217 2708 2520 2762 additioue.
2543 2708 2838 2779 Dionysius
2859 2710 3186 2782 Areopagita
3211 2721 3352 2782 part.
3375 2730 3415 2776 ι,

1843 2816 1965 2871 cap.
1994 2802 2049 2864 4,
2084 2801 2157 2855 De
2186 2802 2349 2857 divin.
2377 2804 2606 2865 nomin.,
2640 2819 2801 2872 quem
2837 2814 3142 2874 sequuntur
3174 2805 3234 2859 Ι).
3271 2807 3418 2862 Tho-

1843 2908 1962 2947 mas
2006 2894 2180 2962 prima
2215 2902 2368 2962 parte
2406 2902 2601 2962 quast.
2639 2895 2732 2956 67,
2771 2903 2876 2950 art.
2917 2895 2972 2957 4,
3007 2904 3060 2948 et
3091 2906 3286 2966 qumst.
3328 2899 3414 2962 70,

1845 2994 1949 3040 art.
1982 2985 2006 3038 1
2034 3003 2048 3051 ;
2076 2985 2369 3056 Dionysius
2399 2986 2804 3040 Carthusianus
2828 3002 2993 3056 super
3018 2988 3254 3056 primum
3289 3003 3416 3058 cap.

1843 3076 2042 3131 Cenes.
2095 3083 2199 3131 art.
2246 3077 2312 3142 9;
2349 3076 2605 3131 Pererius
2659 3087 2712 3132 et
2767 3079 2858 3132 alii
2909 3081 3246 3144 existimant,
3305 3095 3416 3135 non

1843 3169 2004 3223 aliam
2036 3169 2222 3233 fuisse,
2253 3185 2414 3238 quam
2469 3171 2643 3224 lucem
2671 3171 2823 3234 solis,
2857 3172 2949 3226 sed
2994 3173 3168 3242 primo
3195 3173 3416 3242 quidem

1842 3258 1931 3311 die
1958 3258 2121 3312 veluti
2171 3256 2482 3322 informem,
2519 3267 2572 3312 et
2615 3261 2988 3328 imperfectam
3027 3277 3147 3317 esse
3182 3262 3414 3328 factam,

1841 3357 2039 3419 quarto
2063 3357 2241 3403 autem
2261 3351 2347 3403 die
2365 3349 2532 3405 fuisse
2549 3352 2854 3405 absolutam
2879 3361 2928 3405 et
2953 3364 3415 3409 consummatam.

1839 3442 1980 3494 Αὐτὸ
2011 3442 2118 3513 γάρ
2148 3443 2263 3494 ἐστι
2292 3441 2353 3494 τὸ
2380 3443 2511 3510 φῶς,
2541 3445 2588 3496 sl
2624 3445 2715 3497 καὶ
2741 3443 2860 3496 τότε
2891 3444 3296 3513 ἀσχημάτιστον
3323 3441 3412 3515 ἦν,

1839 3535 1975 3605 ὅπερ
2007 3536 2036 3587 ὁ
2070 3534 2210 3598 θεῖος
2263 3534 2367 3603 ἔφη
2413 3534 2637 3602 Μωσῆς,
2688 3537 2782 3588 καὶ
2827 3535 2994 3605 αὐτὴν
3047 3536 3262 3605 ἐκείνην
3317 3539 3416 3608 τὴν

1841 3624 2062 3697 πρώτην
2098 3627 2275 3697 ὁρίσαι
2309 3626 2418 3679 τῶν
2457 3627 2578 3679 καθ’
2619 3628 2763 3696 ἡμᾶς
2796 3627 3015 3698 ἡμερῶν
3056 3628 3266 3698 τριάδα.
3307 3630 3414 3681 Καὶ

1840 3717 2046 3789 ὥσπερ,
2080 3726 2187 3772 etc.
2219 3717 2415 3772 Noster
2438 3727 2650 3783 auctor,
2674 3728 2727 3772 et
2762 3719 2993 3774 Basilius
3017 3735 3138 3772 cum
3172 3735 3237 3772 eo
3263 3720 3412 3773 liom.

1841 3811 1895 3878 6,
1933 3813 2092 3879 cujus
2123 3811 2287 3865 verba
2324 3811 2410 3865 hic
2433 3812 2730 3872 ascribam,
2765 3827 2832 3864 ne
2864 3812 3054 3865 eadem
3085 3815 3288 3882 stepius
3322 3828 3409 3866 co.

1841 3919 1938 3972 gar
1968 3902 2414 3971 repetere,tradit
2443 3905 2670 3973 primam
2696 3904 2834 3958 hanc
2862 3905 3034 3958 lucem
3064 3905 3234 3959 fuisse
3261 3921 3414 3960 crea-

1840 4001 1949 4045 tam
2006 4009 2100 4062 per
2150 4008 2229 4056 se,
2285 4002 2338 4047 et
2373 3995 2810 4058 imniaterialem,
2847 4003 3044 4064 quarto
3093 4003 3276 4048 autem
3325 3996 3414 4050 dic

1842 4077 2044 4131 factum
2079 4093 2198 4132 esse
2230 4093 2429 4148 corpus
2455 4080 2615 4142 solis,
2655 4089 2911 4147 tanquam
2949 4079 3069 4146 ejus
3103 4080 3410 4132 vehiculum

1839 4169 1927 4222 cui
1963 4169 2124 4223 insita
2165 4177 2217 4222 et
2251 4171 2518 4239 impressa
2576 4179 2679 4226 est.
2713 4172 2845 4224 Τότε
2881 4171 2980 4240 μὲν
3013 4170 3118 4242 γὰρ
3151 4171 3288 4240 αὑτὴ
3319 4172 3412 4223 τοῦ

1840 4261 2016 4329 φωτὸς
2036 4263 2066 4329 ἡ
2089 4262 2246 4328 φύσις
2276 4263 2548 4333 παρήχθη,
2578 4263 2670 4315 νῦν
2693 4264 2747 4315 δὲ
2773 4264 3064 4333 τὸήλιακὸν
3079 4263 3234 4316 τοῦτο
3257 4264 3412 4333 σῶμα

1839 4355 2023 4425 ὄχημα
2047 4352 2182 4407 εἶναι
2214 4354 2288 4423 τῷ
2318 4355 2642 4425 πρωτογόνῳ
2670 4356 2863 4424 ἐκείνῳ
2901 4356 3039 4422 φωτὶ
3079 4354 3408 4425 παρεσκεύα-

1840 4463 1979 4498 σται.
2013 4447 2101 4509 Ὠς
2131 4445 2237 4515 γὰρ
2259 4446 2382 4498 ἄλλο
2405 4446 2462 4497 τὸ
2495 4446 2600 4515 πῦρ
2639 4446 2732 4498 καὶ
2761 4446 2886 4498 ἄλλο
2913 4449 2940 4497 ὁ
2974 4445 3182 4515 λύχνος,
3213 4447 3275 4499 τὸ
3315 4446 3417 4515 μὲν

171 4548 475 4595 commenta
508 4541 728 4610 refugit.
760 4540 1140 4610 Dalecampius
1173 4541 1333 4594 aliam
1380 4541 1593 4594 succini
1625 4541 1709 4595 ori

1841 4539 1936 4609 τὴν
1964 4538 2054 4590 τοῦ
2077 4537 2327 4607 φωτίζειν
2345 4537 2571 4606 δύναμιν
2600 4538 2739 4606 ἔχον,
2770 4538 2826 4588 τὸ
2852 4537 2907 4588 δὲ
2923 4539 3284 4607 παραφαίνειν
3304 4540 3414 4600 τοῖς

171 4629 343 4698 ginem
375 4640 572 4686 contra
608 4631 840 4686 Plinium
869 4633 943 4686 ita
974 4639 1163 4686 narrat
1200 4651 1210 4685 :
1255 4631 1318 4683 In
1346 4632 1574 4700 regione,
1623 4648 1739 4701 qua:

170 4723 432 4776 succinum
479 4725 660 4788 mittit,
711 4725 1004 4794 resinifertz
1050 4725 1210 4777 nulla:
1241 4733 1360 4778 sunt
1393 4724 1628 4777 arbores.
1668 4725 1739 4777 At

171 4816 223 4868 in
257 4817 747 4884 septentrionalium
799 4817 1038 4871 littorum
1078 4827 1252 4871 tractu
1292 4817 1561 4872 bituminis
1604 4829 1739 4871 certe

171 4925 324 4977 genus
371 4910 572 4978 ﬂavum
614 4919 692 4964 est
739 4921 796 4964 ut
823 4913 1029 4982 nigrum
1063 4910 1202 4980 apud
1253 4927 1342 4970 nos
1385 4911 1440 4963 in
1493 4913 1734 4974 Avernis,

171 4997 374 5068 ejusque
405 5001 642 5067 naphtha
668 5002 828 5069 ﬂava,
859 5004 1066 5073 qualem
1099 5020 1126 5057 e
1157 5002 1454 5058 Saxonibus
1487 5003 1736 5070 afferunt,

172 5100 219 5142 et
259 5090 547 5158 petroleum
598 5100 806 5154 vocant,
853 5105 909 5146 ut
946 5095 1084 5160 apud
1126 5110 1219 5148 nos
1253 5105 1390 5146 atra.
1435 5092 1569 5148 Cum
1617 5110 1737 5164 ergo

172 5183 307 5250 fonte
335 5201 431 5238 suo
463 5184 685 5239 scaturit
730 5184 959 5240 bitumen
998 5186 1052 5240 id
1081 5188 1239 5241 molle
1272 5186 1460 5252 adhuc,
1492 5196 1543 5240 et
1584 5189 1740 5257 liqui-

173 5274 314 5339 dum,
349 5276 500 5329 obvia
549 5290 765 5344 quaeque
823 5277 1184 5347 amplectitur,
1231 5280 1436 5343 retinet,
1485 5279 1732 5335 includit.

177 5366 366 5424 Fluctu
407 5384 528 5424 vero
577 5367 837 5422 lambente
880 5370 935 5422 in
976 5372 1144 5424 altum
1194 5372 1528 5440 provolutum
1567 5376 1738 5443 magis

176 5464 440 5531 vertigine,
477 5470 527 5514 et
557 5461 843 5530 salsugine,
878 5467 1223 5535 temporisque
1249 5466 1603 5520 diuturnitate
1632 5467 1734 5518 du-

176 5555 344 5614 rescit,
375 5564 434 5607 ut
474 5552 616 5622 apud
657 5569 750 5606 nos
779 5553 1211 5622 pissasplialtum,
1247 5564 1296 5610 et
1315 5557 1434 5625 jam
1479 5565 1589 5610 tum
1618 5575 1735 5611 suc-

177 5641 343 5696 cinum
377 5655 478 5708 est,
516 5646 690 5712 sicque
728 5653 1028 5697 concretum
1065 5645 1120 5699 in
1161 5648 1333 5701 littore
1364 5647 1477 5715 ejus
1517 5651 1739 5702 scaturi-

177 5734 282 5801 gini
320 5738 560 5805 opposito
604 5736 839 5789 adversis
882 5737 1043 5790 ventis
1084 5738 1316 5806 ejicitur.
1351 5739 1592 5810 Gagatis,
1649 5743 1738 5809 qui

181 5832 354 5890 procul
383 5829 542 5884 dubio
579 5827 806 5884 bitumen
836 5837 911 5884 est
945 5830 1000 5884 in
1045 5831 1325 5888 visceribus
1355 5841 1511 5888 terra:
1558 5833 1736 5887 multis

1841 4630 2112 4699 δεομένοις
2164 4627 2545 4697 πεποιημένον·
2588 4627 2728 4681 οὕτω
2778 4630 2871 4681 καὶ
2913 4628 2990 4696 τῷ
3042 4629 3425 4699 καθαρωτάτῳ

1845 4723 2038 4791 ἐκεινῳ
2083 4721 2175 4773 καὶ
2212 4721 2507 4790 εἰλικρινεῖ,
2538 4720 2630 4771 καὶ
2677 4721 2823 4788 ἁΰλῳ
2872 4723 3030 4788 φωτὶ,
3085 4722 3266 4790 ὄχημα
3320 4721 3416 4773 νῦν

1841 4817 1886 4866 οἱ
1919 4815 2203 4885 φωστῆρες
2232 4813 2761 4882 κατεσκευάσθησαν.
2797 4813 2940 4866 ldem
2973 4814 3184 4867 videtur
3210 4814 3422 4868 sentire

1844 4906 2142 4975 Gregorius
2188 4906 2588 4970 Nazianzenus,
2631 4913 2684 4958 et
2737 4905 2850 4965 alii,
2898 4921 3036 4974 quos
3086 4920 3252 4974 supra
3296 4905 3412 4958 lau-

1842 4998 2112 5052 davimus.
2158 4995 2308 5051 Hanc
2341 4999 2585 5051 ultimam
2623 4999 2969 5058 sententiam,
3015 4997 3265 5066 quamvis
3311 4997 3411 5049 mi-

1844 5107 1961 5146 ram
1986 5106 2016 5144 a
2050 5091 2376 5160 quibusdam
2409 5092 2801 5152 existimatam,
2829 5099 2881 5145 et
2915 5105 3112 5144 novum
3147 5090 3405 5142 inducen-

1840 5195 1948 5240 tem
1979 5185 2304 5237 miraculum
2327 5183 2472 5250 quod
2497 5184 2719 5236 minime
2749 5183 3137 5235 admittendum
3157 5182 3211 5234 in
3243 5181 3410 5234 histo-

1839 5278 1921 5330 ria
1953 5275 2250 5331 creationis
2274 5315 2287 5338 ,
2323 5284 2384 5329 ut
2414 5277 2600 5330 multis
2651 5276 2884 5337 videtur,
2922 5276 2976 5329 in
3029 5290 3124 5328 sua
3158 5275 3409 5329 doctrina

1843 5371 1915 5424 ita
1972 5368 2288 5426 defenderet
2342 5366 2696 5436 Palingenius
2758 5384 2824 5420 ex
2875 5367 2958 5421 sui
3008 5366 3228 5419 Zodiaci
3275 5367 3408 5420 Vita:

1841 5462 1966 5516 libr.
1997 5475 2093 5524 xu,
2116 5459 2354 5512 aitenim
2394 5457 2558 5511 Deum
2593 5474 2689 5513 sua
2731 5460 3121 5527 omnipotentia
3145 5474 3206 5511 ac
3233 5460 3410 5511 scien-

1841 5557 1914 5609 tia
1944 5563 2094 5609 extra
2135 5553 2331 5605 coelum
2365 5552 2518 5620 plura
2559 5560 2613 5604 et
2645 5552 2852 5620 majora
2887 5567 3120 5611 creasse,
3161 5552 3412 5618 quinimo

1840 5664 1962 5703 cum
2003 5647 2237 5717 potuerit

2141 5789 2209 5798 -—
2237 5756 2431 5809 Facere
2465 5757 2694 5824 inﬁnita,
2725 5754 3014 5822 putandum
3049 5764 3123 5805 est

1949 5831 2161 5886 Fecisse
2192 5830 2397 5896 inﬁnita
2431 5844 2733 5897 omnemque
2761 5826 2994 5893 explesse
3020 5825 3266 5894 rigorem,
