4042 6338
557 311 663 368 859

1927 277 2178 338 LEONIS
2217 273 2487 332 ALLATII

3715 249 3820 307 δω

670 424 780 479 Nec
803 436 1035 477 servasse
1072 419 1121 470 in
1151 433 1206 471 se
1238 429 1453 474 canum,
1487 410 1564 464 rel
1609 407 1795 461 inutile
1832 403 2141 473 quidquam.
2175 399 2220 453 Α
2248 393 2396 446 barus
2415 390 2468 444 in
2498 385 2710 455 Eel’ogis
2729 381 2979 453 physicis,
3011 376 3263 432 Julianus
3290 371 3552 443 Apostata
3575 408 3590 434 ,
3619 371 3820 440 hymno

632 537 746 592 lloc
782 543 960 589 autem
988 531 1256 584 inlinitum
1279 542 1403 581 esse

601 652 823 710 Puram,
867 649 1206 704 immensam,
1239 651 1289 694 et
1347 641 1460 693 sine
1498 652 1713 710 corpore
1746 634 1933 710 lucent,

671 704 882 792 Lucem,
910 733 1016 786 qua
1040 715 1209 768 nostri
1244 711 1372 792 solis
1407 712 1553 792 longe
1579 709 1748 759 minor
1777 714 1853 757 est
1884 704 1999 759 lux,

670 778 884 852 Lucem,
921 778 1081 857 quam
1133 784 1324 837 terreni
1357 778 1508 857 oguli’
1534 795 1658 857 non“
1676 790 1886 857 cernere
1911 778 2143 853 possent,

673 844 886 922 Lucem,
914 844 1074 928 quam
1110 871 1176 909 ea:
1205 870 1317 907 sese
1345 850 1565 919 effundit
1614 847 1754 901 Deus
1785 844 2074 912 inﬁnitam.
2153 873 2186 908 ο

637 975 705 1030 Et
739 974 887 1027 illam
931 971 1110 1025 lucem
1143 982 1267 1023 esse
1315 965 1434 1019 sine
1477 973 1708 1031 corpore
1753 954 1899 1026 quod
1927 953 2148 1008 minime

567 1065 786 1120 videtur
819 1060 1238 1120 inconveniens,
1263 1071 1389 1110 cum
1415 1054 1508 1107 lux
1535 1065 1641 1104 non
1675 1045 1959 1119 proveniat
1981 1059 2010 1096 a
2034 1057 2148 1096 ma-

565 1159 726 1223 teria,
754 1155 848 1212 sed
879 1169 908 1208 a
939 1151 1113 1206 forma
1136 1191 1152 1216 ,

814 1277 882 1289 —-
908 1244 990 1298 Ea:
1013 1259 1118 1314 qua
1151 1242 1226 1296 eis
1259 1249 1308 1292 et
1335 1239 1494 1292 decor
1532 1236 1691 1306 eﬂuit
1714 1232 1904 1286 omnis.

639 1338 772 1406 Quae
804 1354 929 1394 cum
963 1334 1343 1391 concedantur
1389 1328 1581 1384 formis
1630 1322 1943 1393 corporeis.
1978 1317 2149 1372 multo

569 1431 746 1501 magis
777 1426 1189 1483 concedendum
1213 1432 1296 1478 est
1325 1419 1516 1475 formis
1548 1415 1911 1485 incorporeis.

680 1521 991 1576 Pra'sertim
1017 1533 1134 1571 cum
1165 1516 1271 1569 sint
1311 1526 1459 1580 purte
1487 1509 1680 1577 magis,
1719 1515 1769 1559 et
1800 1513 1998 1580 tenues.
2032 1511 2083 1555 et

681 1573 977 1654 Participes
1011 1590 1177 1639 multo
1212 1573 1422 1637 uberius
1465 1573 1770 1654 pulc'ltrique
1805 1573 2045 1643 bonique.

686 1661 804 1716 Ima
826 1648 961 1714 inter
983 1659 1135 1710 diros
1167 1672 1268 1724 quo
1298 1654 1516 1721 quisque
1547 1648 1812 1724 potentior
1838 1656 1940 1707 est,
1965 1654 2013 1697 et

680 1733 902 1802 Dignior
929 1731 1024 1782 hoc
1062 1719 1222 1802 etiam
1247 1719 1440 1802 majori
1469 1721 1665 1802 lumine
1689 1719 1871 1798 fulget.

692 1783 861 1872 vique
885 1803 1025 1872 inter
1047 1797 1229 1872 stellas
1265 1783 1432 1846 multo
1457 1783 1818 1872 nitidissimus
1847 1795 1924 1839 est
1951 1783 2053 1847 sol,

690 1859 939 1927 Sic'inter
972 1871 1120 1921 divos
1157 1868 1291 1920 lucet
1325 1879 1417 1917 rex
1451 1861 1540 1913 ille
1568 1859 1803 1912 deorum.

847 1923 1028 1995 tamen
1063 1938 1308 1992 obscurat
1342 1934 1590 2002 reliquos,
1614 1931 1738 1999 quin
1779 1926 1982 1996 perﬁcit
2012 1923 2153 1977 illos.

579 2034 693 2091 Nec
715 2035 1016 2105 requiritur
1045 2047 1159 2094 aer,
1187 2030 1241 2083 in
1269 2041 1378 2098 quo
1409 2034 1667 2094 tanquam
1707 2021 1761 2074 in
1797 2018 2046 2087 subjecto
2074 2017 2158 2068 lu-

573 2146 701 2186 men
743 2128 878 2182 illud
920 2126 1205 2186 inluereat,
1245 2137 1371 2177 cum
1424 2134 1519 2172 aer
1561 2116 1782 2170 minime
1813 2114 1883 2168 sit
1937 2111 2159 2165 luminis

581 2219 913 2290 subjectum.
956 2231 1134 2286 neque
1167 2215 1349 2267 lumen
1385 2209 1458 2264 sit
1485 2211 1539 2262 in
1563 2222 1686 2261 aere
1718 2223 1731 2258 :
1767 2203 1881 2257 lmo
1913 2218 2004 2254 aer
2033 2217 2160 2253 con-

585 2323 671 2368 tra
700 2321 776 2366 est
820 2312 872 2364 in
907 2309 1121 2370 lumine,
1161 2313 1215 2360 et
1243 2304 1360 2368 lux,
1396 2311 1541 2354 stare
1584 2305 1752 2368 potest
1789 2297 1982 2364 absque
2021 2293 2161 2345 aeris

582 2407 714 2460 visu.
735 2402 850 2457 Lux
872 2417 1000 2456 vero
1027 2414 1148 2469 quae
1177 2407 1260 2451 est
1291 2397 1343 2448 in
1378 2393 1610 2455 sole,est
1631 2387 1894 2460 particula
1928 2385 2064 2439 lucis
2086 2385 2164 2437 di-

585 2499 743 2560 vinat,
780 2495 1012 2565 ideoque
1044 2493 1098 2545 in
1133 2491 1249 2546 sole
1273 2487 1518 2548 nitescit,
1539 2482 1789 2554 quamvis
1828 2482 1883 2533 in
1922 2477 2031 2532 Deo
2053 2491 2163 2530 non

583 2585 1080 2658 comprehendatur
1113 2591 1334 2655 propter
1371 2577 1654 2633 materiam
1705 2574 1852 2627 illius
1874 2613 1888 2638 ,
1919 2586 2038 2640 quae
2079 2575 2164 2623 est

584 2681 697 2734 luci
732 2679 1035 2748 aptissima.

657 2770 768 2826 Illa
793 2773 951 2825 etiam
981 2768 1076 2822 lux
1107 2767 1286 2820 divina
1318 2773 1395 2817 est
1427 2763 1681 2828 impressa
1714 2757 1943 2810 aliorum

655 2843 910 2896 Diuorum
946 2841 1156 2908 formis.
1189 2837 1425 2906 quamvis
1467 2849 1568 2908 non
1603 2828 1843 2908 omnibus
1877 2839 2020 2892 teque
2043 2863 2057 2886 ,

664 2911 732 2964 L't
765 2929 867 2965 non
898 2898 1067 2964 stella:
1099 2898 1276 2962 omnes
1309 2900 1728 2973 a'qualilumine
1749 2898 1950 2973 _luc_ent,

999 2963 1478 3051 uua‘alia,q_u¢into
1505 2972 1614 3051 hare
1643 2968 1922 3051 perfectior
1949 2963 2045 3015 illa
2065 2970 2164 3014 est.

664 3051 833 3132 (itque
858 3040 962 3104 una
993 3048 1214 3129 candela
1242 3040 1386 3102 alias.
1407 3041 1689 3125 accendere
1725 3040 1922 3119 plures,

665 3095 778 3176 Ne'c
811 3132 986 3175 tamen
1020 3126 1135 3186 ipsa
1167 3135 1321 3172 suum
1355 3115 1576 3186 amittit,
1617 3095 1869 3186 min'uitve
1899 3095 2123 3159 nitorem
2150 3115 2167 3163 ;
2197 3095 2242 3153 C

665 3192 828 3246 [laud
857 3209 1004 3245 secus
1033 3178 1128 3244 illa
1160 3191 1256 3241 Dei
1287 3187 1379 3239 luzc
1407 3185 1695 3244 inviolata,
1725 3178 1959 3247 nihilque

665 3264 979 3317 Decrescens
1010 3261 1145 3314 alios
1175 3260 1406 3327 impertit
1438 3256 1631 3308 lumine
1658 3252 1825 3304 diuos.

594 3355 950 3424 Palingenius
977 3353 1160 3422 itaque
1189 3345 1660 3420 oppugnatoribus
1688 3341 1853 3412 bujus
1889 3333 2174 3392 sententia:

599 3452 674 3503 ita
702 3446 1054 3518 responderet
1086 3465 1099 3499 :
1128 3442 1328 3498 Lucem
1360 3442 1510 3494 illam
1543 3440 1617 3491 ita
1642 3442 1880 3490 creatam
1918 3431 2039 3486 sine
2065 3427 2174 3481 ulla

599 3542 828 3597 materia
861 3540 1106 3610 potuisse
1127 3553 1224 3606 pcr
1257 3551 1317 3589 se
1340 3534 1644 3589 subsistere
1679 3530 1797 3584 sine
1827 3540 1973 3588 aere,
2010 3522 2064 3574 in
2090 3534 2176 3574 se-

599 3633 835 3701 metipsa
865 3631 1033 3684 veluti
1060 3629 1112 3681 in
1150 3627 1369 3696 pr0pria
1405 3625 1603 3684 forma,
1635 3635 1756 3690 quae
1785 3625 1902 3672 erat
1932 3614 2000 3668 ab
2028 3611 2177 3666 omni

600 3740 833 3796 corpore
862 3731 916 3778 et
955 3723 1185 3776 materia
1229 3727 1505 3789 separata,
1536 3723 1590 3770 et
1613 3715 1697 3768 sic
1741 3711 1951 3765 nullum
1977 3718 2176 3760 novum

601 3817 883 3872 inducitur
913 3813 1262 3878 miraculum;
1286 3812 1376 3864 illa
1403 3817 1595 3880 postea
1636 3806 1726 3858 lux
1749 3808 1946 3872 quarto
1969 3799 2058 3851 die
2080 3796 2181 3849 fuit

603 3912 708 3967 soli
739 3907 1169 3965 communicata.
1213 3921 1322 3958 non
1350 3919 1444 3973 per
1465 3899 1820 3954 mutationem
1839 3888 2180 3949 substantia-

603 4004 735 4069 lem,
765 4001 859 4056 sed
891 4015 986 4071 per
1009 3999 1282 4052 diversam
1328 3992 1776 4064 applicationem,
1820 3982 2181 4056 quemadmo-
2227 4004 2232 4008 ι

601 4096 736 4151 dum
791 4094 970 4146 lumen
1022 4090 1268 4144 divinum
1322 4084 1763 4142 communicatur
1820 4078 2019 4139 beatis,
2074 4087 2183 4143 qua

602 4186 1108 4245 communicatione
1142 4182 1278 4236 liunt
1321 4177 1602 4240 luminosi,
1640 4173 1800 4230 sicuti
1839 4170 2022 4226 multa:
2051 4181 2184 4219 can—

601 4280 740 4334 dela:
771 4293 1014 4334 accensa:
1042 4293 1069 4329 a
1094 4276 1266 4346 prima
1297 4271 1545 4326 candela.
1581 4268 1686 4322 Sed
1709 4267 1775 4322 de
1798 4266 1901 4320 hac
1932 4262 2184 4329 Palinge-

607 4376 686 4430 nii
728 4373 1000 4428 sententia
1046 4370 1280 4423 aliorum
1309 4375 1428 4421 esto
1456 4363 1760 4432 judicium;
1784 4356 2030 4428 quaedam
2060 4369 2183 4409 esse

606 4483 730 4537 qua:
781 4473 835 4520 et
887 4472 1047 4517 caute
1087 4462 1212 4530 legi.
1243 4468 1298 4513 et
1332 4457 1627 4528 prudenter
1665 4450 1929 4522 explicari
1986 4448 2186 4502 debere
2220 4449 2260 4502 D

607 4573 830 4614 censeo.
857 4556 1057 4609 Verum
1093 4552 1222 4608 mihi
1251 4565 1466 4619 semper
1486 4550 1538 4602 in
1571 4547 1656 4600 bis
1689 4544 1872 4606 rebus,
1905 4541 1958 4594 in
1985 4539 2183 4607 quibus

609 4661 820 4707 natura:
849 4650 930 4703 vis
988 4655 1041 4701 et
1076 4645 1332 4706 facultas,
1357 4655 1541 4695 rerum
1574 4635 1892 4691 difficultate
1923 4643 2185 4700 oppressa

609 4745 913 4810 decumbit,
945 4750 1000 4796 et
1028 4740 1229 4794 mentis
1257 4738 1513 4790 humanae
1555 4732 1700 4784 acies
1720 4769 1735 4794 ,
1776 4725 2029 4794 oculique
2061 4723 2187 4775 cali-

609 4845 762 4910 gant,
792 4850 891 4888 nec
933 4832 1040 4886 nisi
1100 4829 1280 4883 aﬂlatu
1337 4826 1525 4880 divino
1571 4818 1887 4876 confirmari
1934 4821 2184 4886 possunt,

613 4905 928 4984 sanctorum
978 4921 1203 4975 Patrum
1252 4917 1527 4973 sententia
1561 4913 1777 4966 videtur
1831 4905 2186 4977 probabilior,

612 5021 944 5086 minimeque
977 5014 1233 5068 curiosus
1269 5009 1606 5063 intellectum
1659 5002 1900 5074 captivo,
1929 4997 2033 5053 etsi
2079 5010 2186 5049 non

613 5112 802 5167 eadem
835 5125 955 5180 quae
979 5119 1032 5162 et
1063 5122 1188 5177 ego,
1218 5104 1518 5159 sentientes
1543 5100 1828 5152 invenero.
2171 5094 2174 5098 '

683 5204 798 5257 Col.
820 5203 944 5267 ἿΠ,
972 5203 1069 5254 lin.
1088 5201 1180 5253 25.
1213 5197 1321 5252 Καὶ
1347 5197 1425 5260 ὠς
1450 5191 1655 5258 ἕτερόν
1673 5207 1744 5242 τι.
1769 5185 2021 5242 Basilius,
2038 5181 2187 5234 hom.

615 5298 646 5347 fi
675 5310 688 5347 :
719 5295 804 5356 Ὠς
833 5289 923 5345 οὖν
945 5293 1133 5362 ἕτερον
1159 5289 1258 5358 μέν
1280 5306 1331 5340 τι
1359 5287 1424 5354 τῇ
1458 5284 1617 5352 φύσει
1639 5281 1672 5349 ἡ
1697 5277 1976 5344 λευκότης,
2007 5274 2190 5341 ἕτερον

616 5387 670 5441 δέ
696 5405 747 5438 τι
775 5385 836 5437 τὸ
867 5382 1292 5452 λελευκασμένω
1319 5378 1494 5446 σῶμα·
1521 5372 1663 5426 οὕτω
1690 5371 1784 5422 καὶ
1814 5367 1882 5419 τὰ
1911 5366 2007 5418 νῦν
2038 5367 2191 5433 εἰρη-

620 5478 777 5548 μένα,
800 5477 1033 5546 διάφορα
1057 5475 1183 5525 ὄντα
1204 5474 1408 5542 ἥνωται
1427 5471 1493 5538 τῇ
1520 5466 1747 5534 δυνάμει
1768 5460 1861 5513 τοῦ
1889 5459 2189 5516 κτίσαντος,

690 5565 848 5624 lbid.,
878 5565 975 5616 lin.
1009 5561 1099 5616 28.
1133 5562 1372 5612 Ἔπειτα
1407 5557 1512 5610 τὸν
1540 5555 1717 5621 ἣλιον
1746 5552 1813 5603 ἐκ
1846 5548 1952 5602 τοῦ
1983 5545 2190 5612 xvpo’c.

623 5658 696 5711 De
723 5657 854 5711 solis
895 5662 1113 5713 natura,
1154 5649 1555 5722 magnitudine,
1594 5646 1788 5714 figura,
1818 5637 2194 5695 comersioni-

624 5749 745 5802 bus.
785 5745 1022 5809 defectu,
1052 5743 1247 5813 signis,
1281 5751 1333 5796 et
1369 5748 1543 5802 'molu,
1571 5738 1689 5792 Vide
1722 5750 1838 5805 qua:
1875 5731 2041 5787 refert
2073 5727 2198 5784 Sto-

2249 485 2303 537 in
2337 482 2537 543 Solem,
2560 487 2614 532 et
2644 474 2893 529 Proclus.

2315 572 2476 632 ll-id.,
2510 571 2608 623 lin.
2635 568 2724 622 47.
2759 564 2830 618 Τὸ
2859 565 2911 616 δ’
2939 562 3086 616 αὐτὸ
3117 557 3501 627 παράδειγμα.
3532 550 3824 606 Ηοονὶἁω

2245 664 2470 720 uberius
2513 658 2868 731 prosequitur
2894 655 3130 708 Basilius
3165 652 3314 705 hom.
3362 647 3416 700 6.
3447 645 3659 698 Lunam
3696 656 3821 696 vero

2245 756 2378 810 solis
2409 753 2622 822 fulgore
2656 749 2786 818 tegi,
2818 753 2873 801 et
2908 747 2962 799 in
2998 751 3172 797 totum
3195 748 3440 795 mutuata
3470 737 3538 789 ab
3595 749 3663 789 eo
3704 732 3823 786 luce

2248 846 2478 919 fulgere,
2526 841 2698 897 refert
2730 837 2942 891 Plinius
2986 835 3081 889 lib.
3122 849 3181 896 ιι,
3213 846 3335 900 cap.
3378 828 3433 887 9.
3466 826 3625 895 cujus
3658 823 3820 878 verba

2247 953 2370 992 cum
2396 935 2461 989 ad
2490 949 2602 988 rem
2632 923 2950 984 faciant'liic
2977 920 3270 979 asenbam.
3296 920 3437 976 Solis
3469 919 3820 987 fulgor-ceam,

2248 1041 2306 1084 ut
2335 1030 2539 1092 reliqua
2569 1022 2885 1091 sidera.tegi
2923 1037 2941 1073 :
2977 1020 3025 1072 si
3056 1017 3266 1088 quidem
3302 1017 3358 1066 in
3384 1023 3549 1067 totum
3581 1018 3828 1063 mutilata

2249 1120 2314 1174 ab
2358 1136 2417 1174 eo
2451 1119 2564 1170 luce
2607 1113 2828 1184 fulgere,
2855 1109 3065 1181 qudem
3095 1112 3149 1160 in
3179 1119 3486 1173 repercussu
3518 1116 3673 1170 aqua:
3699 1096 3829 1151 eali-

2251 1223 2364 1266 tare
2416 1209 2790 1278 conspicimus.
2854 1203 2985 1257 Ideo
3023 1199 3265 1254 molliore
3317 1207 3366 1250 et
3422 1193 3730 1263 imperfecta
3780 1189 3834 1242 ei

2249 1304 2468 1365 solt-ere,
2508 1311 2713 1353 tantum
2743 1298 3037 1356 humorem,
3073 1303 3226 1362 atque
3253 1289 3414 1343 etiam
3436 1299 3650 1354 augere,
3682 1295 3827 1351 quem

2250 1395 2380 1449 solis
2404 1391 2546 1446 radii
2581 1395 2878 1444 assumant.
2911 1384 3039 1438 Ideo
3060 1392 3109 1437 et
3134 1378 3385 1448 inrequali
3409 1376 3604 1427 lumine
3630 1372 3826 1439 aspicis.

2250 1488 2376 1558 quin
2407 1500 2473 1538 ex
2498 1483 2717 1536 adverso
2748 1481 2958 1532 demum
2974 1479 3152 1546 plena.
3174 1470 3392 1540 reliquis
3413 1467 3600 1519 diebus
3626 1473 3834 1516 tantum

2251 1555 2316 1633 ex
2347 1593 2402 1632 se
2430 1577 2582 1630 terris
2615 1570 2880 1638 ostendat,
2905 1576 3160 1640 quantum
3183 1581 3248 1619 ex
3274 1564 3381 1616 sole
3403 1563 3518 1629 ipsa
3550 1555 3835 1622 concipiat.

2260 1671 2326 1724 In
2353 1671 2496 1723 coitu
2533 1667 2740 1738 quidem
2773 1681 2876 1718 non
2928 1662 3069 1715 cerni
3099 1676 3115 1711 :
3156 1657 3409 1728 quoniam
3436 1654 3688 1706 haustum
3719 1663 3836 1701 orn-

2190 1740 2231 1793 Β
2258 1779 2372 1816 nem
2420 1760 2553 1812 lucis
2599 1773 2783 1812 aversa
2823 1755 2917 1807 illo
2976 1760 3176 1823 regerat
3213 1749 3348 1802 unde
3379 1745 3658 1814 acceperit.
3689 1741 3837 1809 Apu-

2262 1856 2404 1927 leius
2440 1853 2534 1907 lib.
2569 1850 2645 1904 De
2679 1849 2782 1904 Deo
2809 1848 3049 1903 Socratis
3086 1862 3104 1898 :
3141 1843 3296 1897 Luna
3318 1841 3446 1894 solis
3481 1836 3704 1897 ωηιιιια,
3735 1848 3832 1886 ito-

2258 1949 2356 2000 ctis
2391 1946 2541 2005 deus,
2575 1960 2666 1996 seu
2698 1939 3050 2000 corniculum,
3073 1953 3164 1991 seu
3197 1934 3434 1994 dividua,
3459 1947 3550 1984 seu
3579 1925 3838 1997 protumi-

2258 2038 2350 2101 da,
2382 2054 2472 2090 seu
2503 2035 2659 2105 plena
2689 2034 2779 2094 sit,
2816 2031 2965 2084 varia
2995 2028 3195 2097 ignium
3227 2025 3362 2093 face,
3391 2029 3592 2092 quanto
3633 2013 3838 2083 longius

2261 2127 2399 2182 absit
2433 2144 2465 2180 a
2505 2125 2635 2185 sole,
2677 2132 2825 2176 tanto
2881 2120 3085 2189 largius
3131 2115 3441 2170 illuminata
3495 2125 3623 2177 pars
3673 2106 3842 2158 incre-

2261 2230 2432 2274 mento
2470 2219 2674 2273 itineris
2703 2227 2750 2270 et
2781 2214 2995 2268 luminis
3020 2225 3246 2264 mensem
3278 2208 3388 2260 suis
3420 2204 3625 2258 actibus
3660 2217 3725 2253 ac
3747 2214 3848 2267 pa-

2263 2313 2408 2367 ribus
2439 2311 2729 2379 dispendiis
2757 2308 3008 2360 arstimat.
3035 2302 3102 2356 Et
3141 2303 3281 2355 hanc
3313 2299 3384 2352 ob
3412 2309 3639 2350 causam
3665 2289 3839 2346 Graeci

2265 2418 2425 2480 pouse
2469 2406 2604 2460 solis
2636 2403 2799 2455 filiam
2849 2406 3068 2460 vocant,
3106 2391 3397 2463 Euripides
3424 2390 3480 2444 iu
3527 2384 3844 2446 Phoenissis.

2373 2496 2440 2551 Ὦ
2501 2492 2906 2563 λιπαροζώνου
2971 2489 3222 2558 θύγατερ

2379 2591 2610 2645 Ἠελίου
2630 2628 2645 2649 ,

2371 2682 2668 2738 Σελαναία
2685 2721 2701 2742 ,
2747 2675 3205 2746 χρυσεόκυκλον
3231 2670 3470 2740 φέγγος.

2373 2773 2641 2830 Hesiodus
2669 2787 2799 2825 vero
2830 2778 2883 2822 et
2905 2767 3168 2836 Virgilius
3202 2775 3445 2818 sororem
3474 2776 3488 2810 :

2342 2863 2454 2918 Nec
2484 2864 2672 2932 fratris
2699 2862 2865 2914 radiis
2890 2857 3118 2912 obnoxia
3144 2868 3356 2923 surgere
3372 2851 3521 2902 luna.

2271 2958 2471 3012 Thales
2524 2955 2665 3009 dixit
2695 2968 2815 3008 eam
2862 2966 2894 3004 a
2947 2951 3063 3005 sole
3115 2943 3388 3000 illustrari
3425 2981 3441 3006 ,
3483 2935 3636 3009 quod
3682 2934 3846 2990 etiam

2274 3049 2636 3120 Pythagoras,
2669 3042 3050 3104 Parmenides,
3077 3034 3461 3107 Empedocles,
3493 3030 3845 3097 Anaxagons

2276 3151 2331 3197 et
2363 3139 2706 3194 Metrodorus
2760 3141 3074 3190 senserunt.
3111 3130 3388 3184 Avicenna
3441 3132 3496 3178 et
3543 3119 3849 3176 Macrobius

2275 3235 2461 3288 lunam
2491 3247 2518 3284 a
2549 3231 2666 3284 sole
2695 3225 2935 3284 mutuari
2972 3225 3153 3278 lumen
3177 3220 3410 3275 credunt
3442 3236 3453 3269 :
3488 3214 3700 3283 reliqua
3726 3223 3846 3265 verr

2277 3333 2427 3380 astra
2454 3323 2520 3377 de
2546 3336 2648 3376 suo
2675 3321 2968 3375 collucere.
2995 3314 3239 3384 Antipho
3267 3309 3493 3382 proprio
3517 3321 3638 3361 eam
3665 3303 3846 3358 lucere

2275 3417 2501 3478 lumine,
2525 3420 2710 3483 partes
2734 3418 2916 3464 autem
2948 3408 3070 3477 ejus
3092 3402 3447 3459 absconditus
3469 3409 3700 3452 accessu
3721 3392 3847 3447 solii

2276 3507 2586 3568 obscurari,
2623 3512 2885 3572 tanquam
2913 3497 3242 3552 imbecillius
3266 3509 3296 3546 a
3322 3490 3560 3553 fortiori,
3591 3483 3854 3557 quemad-

2279 3603 2502 3658 modum
2559 3607 2614 3653 et
2668 3598 2793 3651 aliis
2852 3592 3032 3649 stellis
3093 3577 3852 3655 contingit;Anaximander,

2282 3693 2651 3764 Xenophanes
2682 3687 2965 3759 proprium
2996 3684 3184 3737 lunam
3225 3677 3433 3730 habere
3474 3672 3661 3725 lumen
3704 3668 3855 3721 dixe-

2281 3758 2455 3853 runt;-
2499 3758 2825 3838 Aristoteles
2883 3774 3171 3848 proprium
3225 3766 3464 3837 quidem,
3505 3761 3604 3817 sed
3642 3758 3854 3822 rarius;

2285 3881 2456 3935 Stoici
2503 3875 2930 3937 subobscuram,
2962 3876 3016 3923 et
3047 3876 3308 3925 aereum;
3353 3857 3591 3912 Berosus
3635 3860 3858 3907 auctore

2282 3971 2595 4034 Cleomede,
2621 3977 2784 4038 atque
2804 3964 2969 4018 etiam
2989 3956 3240 4012 Vitruvio
3257 3953 3358 4007 lib.
3384 3967 3458 4014 ts,
3482 3965 3606 4018 cap.
3627 3947 3680 4009 ι,
3698 3958 3848 4017 quem

2286 4064 2430 4127 vide,
2463 4059 2680 4133 putavit
2736 4058 2880 4111 lunae
2909 4063 3111 4120 corpus
3148 4046 3314 4116 pilam
3342 4056 3464 4097 esse
3495 4039 3667 4094 aitera
3706 4041 3853 4106 parte

2284 4130 2642 4216 candentem,
2671 4149 2844 4201 altera
2877 4141 3168 4197 caaruleam
3195 4176 3210 4201 ,
3239 4134 3470 4202 ejusque
3503 4130 3850 4184 mutationem

2287 4248 2425 4312 fieri,
2463 4249 2629 4315 prout
2658 4237 2835 4307 magis
2877 4233 3130 4286 minusve
3157 4243 3187 4281 a
3212 4226 3329 4280 sole
3361 4221 3678 4290 corripitur.
3712 4217 3849 4272 Cau-

2287 4353 2379 4393 sas
2402 4310 2744 4390 dirersitatis
2779 4320 3230 4394 apparentiarum
3273 4316 3330 4368 in
3366 4314 3496 4366 luna
3527 4310 3733 4378 Optime
3763 4321 3852 4360 ex-

2291 4431 2444 4508 ponit
2470 4425 2710 4480 Iacobus
2738 4414 3038 4476 Milichius,
3065 4414 3364 4464 comment.
3399 4405 3455 4459 in
3485 4405 3666 4456 locum
3702 4397 3853 4453 Plinii

2287 4539 2317 4576 a
2351 4500 2524 4574 nobis
2561 4527 2728 4584 supra
2767 4508 3031 4578 positum.
3066 4500 3270 4555 Verum
3307 4510 3497 4550 eorum
3534 4492 3744 4561 opinio,
3768 4488 3853 4559 qui

2288 4614 2559 4678 lunamet
2583 4580 2866 4683 proprium
2907 4597 3090 4650 lumen
3133 4591 3355 4652 habere,
3387 4588 3626 4653 itemque
3670 4596 3702 4634 a
3749 4580 3856 4634 sole

2289 4677 2555 4768 mutuari,
2596 4677 2760 4772 quam
2794 4695 2958 4751 etiam
3009 4689 3259 4760 sequitur
3302 4690 3492 4740 noster
3520 4677 3854 4737 Eustathius,

2294 4801 2482 4856 verior
2530 4804 2614 4851 est
2651 4802 2702 4847 et
2725 4786 3095 4861 probabilior;
3130 4781 3293 4836 habet
3326 4776 3472 4830 enim
3526 4784 3686 4826 suum
3738 4783 3855 4838 pro-

2290 4896 2472 4966 prium
2539 4889 2834 4942 obscurum
2896 4871 3304 4950 quodammodo
3357 4882 3456 4922 nec
3507 4864 3850 4920 luminosum,

2289 4956 2591 5043 carbonum
2653 4979 2850 5040 instar,
2911 4971 3107 5040 recipit
3156 4980 3288 5022 vero
3330 4961 3512 5018 solare
3549 4956 3850 5026 splendens.

2291 5079 2501 5133 clarum
2542 5086 2652 5142 quo
2687 5083 2809 5124 sese
2852 5064 3129 5126 ostendat,
3159 5059 3396 5124 aliisque
3450 5048 3520 5105 ad
3573 5044 3852 5100 videndum

2291 5135 2752 5240 quemadmodum
2811 5156 3054 5213 interdiu
3102 5153 3185 5208 sol
3241 5149 3388 5203 viam
3442 5135 3641 5211 aperit.
3699 5136 3847 5191 Plura

2291 5237 2360 5319 de
2394 5261 2480 5314 bis
2533 5253 2853 5312 Cleomedes
2901 5250 3001 5303 lib.
3054 5263 3092 5300 ιι
3139 5242 3384 5305 Meteon,
3431 5238 3578 5290 inter
3631 5237 3847 5302 czetera:

2296 5356 2532 5428 ’ῌδεσαν
2575 5353 2628 5404 δὲ
2678 5348 2771 5403 καὶ
2816 5347 2863 5399 οἱ
2897 5341 3218 5396 παλαίτατοι
3255 5332 3364 5386 τῶν
3397 5325 3643 5398 φυσικῶν
3678 5339 3736 5374 τε
3773 5316 3847 5371 καὶ

2295 5411 2660 5518 ἁοτρολόγων,
2685 5445 2765 5495 ὅτι
2793 5438 2902 5492 ἀπὸ
2925 5434 3018 5487 τοῦ
3045 5431 3197 5502 ἡλίου
3225 5429 3260 5498 ή
3289 5423 3485 5492 σελήνη
3503 5418 3565 5470 τὸ
3591 5415 3706 5484 φῶς
3732 5411 3847 5509 ἔχει]

2601 5499 2717 5588 seu
2759 5529 2975 5602 πρῶτον
3019 5499 3117 5595 μέν
3159 5523 3225 5573 ὲκ
3265 5517 3363 5584 τῆς
3396 5506 3746 5581 ἐτυμολογίας
3773 5499 3848 5556 τοῦ

2296 5634 2557 5703 ὀνόματος
2600 5628 2790 5693 αὐτῆς,
2839 5620 3012 5681 οὕτως
3050 5607 3442 5684 ὠνομασμένης
3487 5605 3550 5656 ἐκ
3593 5599 3687 5656 τοῦ
3716 5596 3849 5651 σέλας

2297 5686 2464 5793 aia-31v
2493 5686 2611 5774 νέον
2643 5686 2787 5788 ἔχειν
2823 5713 2930 5776 ἀεὶ,
2973 5709 3065 5763 καὶ
3109 5706 3171 5758 ἐκ
3205 5701 3301 5754 τοῦ
3343 5692 3671 5750 ἐπιδίδοσθαι
3711 5686 3850 5759 δᾷδας
