4042 6338
214 387 312 444 881

1177 379 1245 434 ΙΝ
1285 378 1657 435 EUSTATHII
1683 376 1869 434 HEXA
1881 376 2162 434 EMERON
2198 376 2430 435 NOTAE.

3365 361 3472 417 863

218 507 328 565 τοῖς
353 505 430 566 sl;
460 503 534 556 τὰ
580 503 897 573 Ἀρτεμίσια
928 498 1173 552 εἰσιοῦσι.
1207 498 1379 551 Τοῦτο
1399 500 1510 571 γὰρ
1540 502 1638 571 μὲν
1668 500 1800 569 σύμ-

1910 513 2038 569 gere
2088 508 2143 553 et
2183 498 2430 552 roborari
2484 498 2782 552 cernimus.
2826 496 3135 553 Ludovicus
3182 496 3380 554 Fidelis
3406 498 3481 554 De

218 595 371 650 σολόν
401 598 517 648 ἐστι
544 593 637 646 τοῦ
670 592 867 659 ἔξωθεν
889 590 1032 661 ἔχειν
1058 590 1155 661 τὴν
1177 590 1406 660 σελήνην
1434 592 1494 643 τὸ
1522 592 1655 659 φῶς.

296 687 453 748 ιδιά..
487 688 585 741 lin.
612 686 709 739 ult.
749 682 866 752 Τῆς
886 683 1113 752 ἡμέρας
1142 685 1377 749 ἐκείνης
1410 684 1561 752 μήτε
1584 685 1797 751 οὔσης.

218 777 366 850 Lego
400 777 474 848 μὴ
496 776 777 845 καιούσης,
818 777 954 845 μήτε.
988 783 1120 836 etc.,
1153 776 1218 828 ad
1248 781 1487 828 mentem
1533 776 1797 836 auctoris,

218 871 319 938 qui
351 869 463 923 bac
499 868 610 921 duo
651 866 707 918 in
742 866 857 919 sole
897 863 1286 923 consideravit.
1334 863 1516 916 lumen
1550 870 1607 917 et
1651 864 1801 918 calo-

219 977 362 1025 rem,
400 962 583 1014 lumen
617 959 768 1013 dedit
798 957 945 1020 diei'.
987 958 1225 1012 calorem
1258 956 1360 1010 soli
1398 974 1409 1007 :
1443 964 1497 1008 et
1543 956 1666 1010 ideo
1709 956 1800 1009 bic

219 1055 302 1107 ait
352 1053 520 1108 solem
558 1058 769 1105 tantum
806 1051 875 1105 ab
916 1049 1007 1102 illa
1049 1050 1137 1102 die
1167 1063 1343 1117 neque
1378 1056 1589 1106 urente.
1621 1064 1801 1118 neque

217 1145 600 1207 calefaciente,
632 1145 725 1199 sed
753 1145 929 1199 solum
956 1142 1298 1195 illuminante
1321 1142 1501 1195 lumen
1526 1140 1795 1211 accipere.

288 1235 409 1291 Col.
442 1236 564 1301 720,
597 1237 692 1290 lin.
718 1235 771 1289 2.
804 1236 934 1288 Ὀτι
966 1232 1035 1286 δὲ
1064 1233 1132 1286 ἐκ
1164 1233 1355 1301 πυρὸς
1396 1233 1793 1299 συνέστηκεν.

216 1328 427 1386 Omnes
458 1328 570 1384 fere
606 1338 817 1384 veteres
859 1326 1173 1398 pliilosolilii
1216 1342 1325 1380 uno
1357 1341 1453 1381 ore
1505 1327 1675 1380 solem
1709 1340 1798 1379 ca-

214 1414 390 1469 lidum
443 1424 497 1471 et
546 1416 789 1471 candens
835 1415 965 1485 quid
1018 1430 1142 1470 esse
1184 1416 1542 1476 aflirmarunt,
1592 1415 1695 1470 etsi
1744 1414 1799 1468 in

214 1507 402 1561 calido
428 1507 531 1561 hoc
565 1498 922 1577 exprimendo
960 1523 1071 1561 non
1095 1506 1472 1561 convenerint.
1513 1503 1800 1575 Euripides

213 1600 277 1654 in
310 1599 601 1655 Phoenissis
634 1602 811 1671 ignem
854 1602 1065 1655 vocavit
1096 1641 1110 1663 ,

331 1693 492 1747 Ἥλιε
532 1694 695 1757 θοαῖς
735 1694 1013 1746 ἵπποισιν
1042 1693 1332 1746 εἱλίσσων
1350 1690 1568 1759 φλόγα,

325 1795 380 1842 et
406 1790 463 1840 in
497 1786 786 1839 Phaetonte
809 1830 824 1853 ,

328 1896 522 1966 Θερμὴ
563 1897 632 1949 δὲ
657 1897 915 1965 ἄνακτος

328 1990 489 2052 Φλὸξ
511 1989 971 2056 ὑπερτέλλουσα
995 1989 1121 2060 ῆς.

294 2080 665 2150 Anaxagoras,
696 2090 749 2135 et
764 2080 1101 2137 Democritus
1122 2082 1345 2146 ferrum,
1360 2082 1444 2135 vel
1460 2096 1650 2136 saxum
1668 2094 1801 2134 cau-

212 2173 391 2240 dens;
423 2173 777 2228 Parmenides
805 2174 975 2229 solem
1008 2176 1262 2229 etlunam
1293 2175 1361 2228 de
1381 2175 1591 2227 circulo
1623 2173 1798 2227 lacteo

212 2268 390 2322 voluit
416 2268 658 2330 excerni,
674 2268 823 2320 illum
857 2267 1075 2336 quidem
1090 2282 1118 2320 a
1133 2268 1343 2321 rariore
1358 2265 1518 2320 calidi
1543 2266 1793 2329 mistura,

216 2362 366 2414 hanc
393 2374 423 2412 a
454 2360 710 2414 densiore
739 2359 923 2430 frigidi
945 2378 959 2426 ;
978 2358 1349 2430 Xenophanes
1368 2358 1436 2413 de
1454 2358 1693 2413 nubibus
1715 2359 1796 2411 in-

214 2454 402 2511 censis
432 2461 612 2508 ortum
659 2456 831 2510 solem
882 2463 1057 2524 putat,
1080 2463 1140 2510 et
1170 2454 1439 2509 defectum
1464 2453 1659 2509 iisdem
1703 2468 1799 2508 ex-

217 2543 436 2599 stinctis
450 2544 687 2605 evenire.
710 2552 762 2598 et
781 2546 944 2599 alium
963 2560 1158 2600 rursus
1175 2546 1308 2599 Oriri
1329 2564 1344 2611 ;
1363 2544 1793 2613 Theophrastus,

215 2634 464 2704 physicis
498 2634 753 2704 igniculis
776 2634 844 2689 de
876 2634 1096 2688 humida
1127 2634 1472 2689 exhalatione
1502 2632 1791 2702 componi;

214 2726 613 2781 Anaximandri
658 2735 712 2780 et
756 2727 987 2780 aliorum
1023 2726 1312 2797 opiniones
1345 2725 1469 2779 vide
1505 2726 1647 2794 apud
1672 2723 1797 2777 Sto-

216 2817 398 2872 hzum
431 2816 486 2869 in
533 2814 745 2885 Eclogis
774 2816 1027 2885 physicis,
1055 2831 1172 2885 pag.
1210 2817 1314 2881 55;
1346 2824 1400 2869 et
1436 2814 1625 2871 Patres
1648 2814 1795 2867 anti-

217 2908 341 2976 qui,
380 2902 642 2967 Basilius,
689 2906 837 2958 hom.
861 2906 924 2973 6;
961 2905 1303 2976 Augustinus
1330 2907 1578 2976 pluribus
1629 2907 1685 2959 in
1716 2906 1796 2959 lo-

218 2999 339 3062 cis;
401 2995 728 3051 Ambrosius
768 2996 863 3049 lib.
896 3012 955 3049 ιῐ.
991 2995 1244 3050 Hexaem.
1286 3006 1340 3050 et
1368 2998 1481 3050 alii.
1513 2997 1579 3050 Et
1623 3013 1687 3051 ex
1720 3012 1800 3051 re-

218 3088 583 3152 centioribus,
618 3087 773 3157 Hugo
803 3086 871 3142 de
900 3086 956 3142 S.
1002 3086 1218 3142 Victore
1268 3088 1461 3142 Adnot.
1499 3090 1553 3141 in
1586 3085 1749 3142 Cenes
1780 3129 1795 3153 ,

1909 590 2096 642 mundi
2123 600 2315 644 struet.
2352 590 2450 643 lib.
2483 606 2539 652 ιν,
2574 605 2696 658 cap.
2731 590 2785 651 5,
2816 591 3173 659 quastionem
3200 588 3268 643 de
3301 589 3483 645 calore

1904 683 2041 736 solis
2086 684 2371 751 proponit,
2402 690 2465 737 et-
2493 682 2562 735 ad
2608 690 2844 736 mentem
2898 681 3072 735 nostri
3118 682 3361 736 auctoris
3406 681 3483 736 ila

1903 774 2156 828 dissolvit
2186 793 2199 829 :
2234 774 2423 827 Verum
2459 773 2565 838 hic,
2597 774 2796 842 inquit,
2827 774 3065 829 nonnihil
3093 773 3369 826 suboritur
3385 789 3485 825 an-

1903 870 2144 932 xietatis,
2183 886 2251 922 an
2286 870 2389 922 soli
2431 878 2712 937 perpetuus
2749 869 2946 922 hath
2978 869 3151 931 calor,
3190 884 3260 920 an
3306 868 3484 922 calore

1903 976 2121 1030 prorsus
2170 964 2238 1015 sit
2279 961 2613 1016 destitutus?
2636 960 2795 1015 Circa
2837 961 2893 1014 id
2922 964 3070 1015 varia
3102 962 3485 1031 circumferun—

1907 1064 1993 1106 tur
2017 1071 2205 1117 sensa;
2236 1054 2367 1107 nihil
2398 1065 2573 1107 tamen
2620 1054 2853 1107 alienum
2885 1071 2916 1105 a
2944 1056 3162 1109 veritate
3202 1055 3485 1109 existima-

1903 1144 2087 1206 uerim,
2113 1145 2163 1196 si
2196 1151 2251 1194 ut
2280 1144 2383 1195 soli
2403 1143 2650 1210 splendor
2687 1158 2892 1210 semper
2937 1144 3162 1208 haerens,
3206 1145 3368 1199 etiam
3397 1146 3473 1198 in—

1904 1246 2084 1289 ternus
2134 1235 2403 1287 tribuatur
2438 1236 2626 1288 calor:
2656 1237 2747 1303 qui
2795 1236 3200 1305 circumquaque
3251 1236 3482 1304 diﬂ'usus

1902 1326 2013 1379 ha'c
2044 1325 2329 1394 calefaciat
2360 1325 2637 1393 inferiora.
2671 1323 2808 1377 Hinc
2825 1336 3025 1394 quanto
3050 1325 3266 1392 propius
3296 1324 3366 1378 ad
3387 1342 3483 1379 nos

1903 1417 2107 1471 accedit
2141 1417 2244 1477 sol,
2271 1425 2321 1468 et
2348 1426 2530 1470 nostra
2569 1415 2745 1468 zenith
2786 1417 3009 1470 vicinior
3055 1426 3293 1485 apparet,
3336 1425 3485 1471 tanta

1901 1508 2050 1561 illius
2082 1508 2360 1571 intensior,
2405 1516 2455 1561 et
2498 1523 2600 1575 quo
2630 1507 2884 1559 remotior
2909 1524 2941 1559 a
2966 1506 3147 1569 nobis,
3174 1524 3233 1561 eo
3261 1506 3487 1561 debilior

1900 1601 2229 1668 percipiatur
2258 1599 2425 1652 calor.
2467 1596 2536 1650 Et
2559 1598 2779 1667 proinde
2818 1599 2908 1668 qui
2947 1614 3093 1650 zona.-
3121 1596 3343 1653 subsunt
3375 1606 3487 1651 tor-

1901 1690 2413 1745 ridwvehementiori
2443 1699 2741 1743 exuruntur
2764 1700 2919 1751 testu,
2954 1689 3093 1758 quod
3122 1689 3229 1742 illis
3262 1688 3330 1743 sit
3354 1688 3485 1744 solis

1900 1782 2352 1851 perpendicularis
2388 1783 2558 1844 calor,
2584 1791 2634 1836 et
2659 1785 2747 1851 qui
2788 1783 2977 1837 absunt
3019 1783 3248 1851 longius,
3290 1782 3487 1851 majori

1835 1862 1875 1915 Β
1903 1869 2074 1937 rigent
2106 1868 2325 1937 frigore.
2372 1866 2514 1920 Hinc
2545 1869 2628 1937 ﬁt,
2662 1877 2721 1919 ut
2750 1870 2840 1937 qui
2879 1867 2973 1920 sub
3001 1866 3121 1935 polo
3146 1868 3367 1928 arctico,
3407 1866 3489 1920 vel

1906 1959 2201 2011 antarctico
2229 1956 2455 2010 resident
2484 1959 2755 2011 immensis
2782 1956 3076 2027 algoribus,
3108 1958 3241 2009 sicut
3279 1958 3369 2023 qui
3388 1957 3485 2011 sub

1905 2050 2255 2103 senatori-ida
2273 2050 2531 2102 continuis
2547 2048 2856 2117 subjaceant
2882 2049 3185 2103 ardoribus.
3214 2046 3297 2115 Fit
3319 2049 3485 2102 etiam

1904 2152 1961 2193 ut
1994 2141 2102 2195 sole
2143 2142 2467 2194 horizontem
2512 2150 2754 2194 nostrum
2778 2150 3064 2209 occupante
3094 2158 3185 2195 aer
3203 2140 3479 2211 fervidior,

1904 2243 1954 2287 et
1985 2232 2291 2286 abscedente
2314 2233 2537 2302 rigidior
2566 2232 3003 2301 deprehendatur.

1975 2322 2137 2385 lbid.,
2168 2324 2265 2377 liti.
2296 2324 2346 2378 4,
2392 2323 2502 2375 Τοῦ
2538 2321 2900 2389 διαχωρίᾱειν
2927 2322 3044 2376 ἀνὰ
3071 2324 3285 2391 μέσον.
3324 2322 3483 2376 Basi-

1904 2417 2033 2481 lius,
2060 2416 2206 2470 hom.
2235 2415 2289 2478 6,
2320 2415 2436 2468 Νῦν
2467 2414 2522 2467 δὲ
2550 2414 2703 2484 ἥλιον
2732 2413 2961 2478 ἐπέταξε
2990 2417 3103 2477 τοῖς
3139 2414 3357 2485 μέτροις
3384 2412 3487 2483 τῆς

1904 2508 2134 2578 ήιὶέρας,
2159 2510 2251 2561 καὶ
2285 2508 2535 2578 σελήνην,
2553 2508 2680 2559 ὅταν
2707 2508 2835 2560 ποτὲ
2857 2507 2994 2577 πρὸς
3020 2506 3111 2558 τὸν
3138 2505 3267 2559 ἴδιον
3288 2505 3487 2558 κύκλον

1904 2601 2236 2673 ἀπαρτισθῇ,
2266 2602 2507 2670 ἀρχηγὸν
2553 2601 2773 2672 ἐποίησε
2812 2602 2911 2671 τῆς
2946 2601 3159 2664 νυκτός.
3194 2600 3479 2655 Constant.

1903 2691 2050 2748 Man.
2084 2695 2139 2747 in
2174 2694 2372 2746 Annal.

1906 2786 2070 2838 Οὕτω
2098 2783 2215 2848 μὲν
2242 2779 2354 2837 οὖν
2380 2782 2650 2835 τετέλετο
2687 2782 2761 2835 τὰ
2791 2781 2938 2834 κατὰ
2970 2780 3111 2845 τοὺς
3152 2781 3413 2848 ἀστέρας

1902 2856 2012 2908 Kal
2042 2850 2286 2905 τέτακτο
2319 2852 2438 2920 μὲν
2464 2853 2638 2918 ἥλιος
2662 2850 2859 2918 ἀστὴρ
2896 2850 3309 2919 ἡμεροκράτωρ
3328 2868 3341 2881 ο

1910 2925 1981 2976 Τὸ
2024 2922 2093 2975 δὲ
2118 2922 2386 2989 σελήνης
2404 2922 2721 2990 ,βλέφαρον
2750 2923 3093 2989 ἐπύρσευσε
3128 2922 3241 2987 τὴν
3273 2922 3483 2976 νύκτα.

1975 3021 2136 3085 lbid.,
2172 3022 2268 3105 lin.
2303 3021 2353 3074 7.
2389 3022 2565 3073 Ἐστι
2595 3020 2664 3073 δὲ
2688 3020 2724 3085 ἡ
2760 3018 2876 3082 νὺξ
2907 3020 3198 3087 σκίασμα.
3224 3017 3485 3083 Basilius,

1904 3114 2052 3166 hom.
2082 3112 2135 3178 6,
2168 3111 2278 3164 Kal.
2301 3114 2334 3182 ἠ
2354 3111 2448 3177 νὺξ
2478 3112 2571 3164 ἐπὶ
2596 3110 2656 3163 τὺ
2691 3110 2931 3163 ἐναντίον
2959 3113 3079 3173 ταῖς
3107 3110 3321 3163 ἀκτῖσιν
3351 3111 3486 3163 ὑπο-

219 3197 349 3250 cap.
383 3180 451 3245 6,
483 3182 686 3243 solum,
721 3180 919 3248 inquit,
962 3179 1131 3233 solem
1172 3178 1448 3247 propriam
1480 3179 1680 3232 habere
1715 3179 1797 3231 lu-

1904 3208 2091 3276 χωρεῖ,
2136 3205 2286 3257 οὐδὲν
2308 3178 2494 3274 ἕτερον
2526 3199 2659 3255 οὖσα
2686 3201 2827 3255 κατὰ
2846 3204 2944 3269 τὴν
2971 3200 3129 3268 φύσιν
3176 3200 3208 3270 ἢ
3242 3187 3485 3270 σκίασμὰ

220 3289 366 3337 oem,
396 3282 449 3329 et
480 3273 660 3343 ipsum
703 3288 767 3327 ex
805 3274 929 3342 igne
961 3287 1084 3326 esse
1124 3270 1349 3332 factum,
1397 3271 1638 3339 reliquas
1668 3285 1798 3325 vero

221 3366 410 3421 stellas
451 3381 519 3419 ex
565 3380 724 3419 aerea
780 3365 1009 3419 materia
1071 3365 1313 3417 relucere
1373 3364 1576 3432 potius,
1633 3378 1797 3432 quam

221 3457 428 3510 lucere.
477 3454 659 3510 Solem
704 3464 909 3518 tamen,
960 3454 1103 3510 sicut
1152 3462 1205 3508 et
1251 3464 1447 3507 caetera
1491 3462 1639 3508 astra
1688 3470 1800 3511 non

219 3563 349 3603 esse
378 3548 594 3611 calidae,
628 3563 729 3601 nec
762 3548 931 3617 ignea:
958 3554 1167 3600 naturae
1206 3547 1363 3599 multi
1393 3545 1671 3609 doctores,
1707 3562 1799 3600 va-

221 3640 513 3695 lidissimis
550 3640 854 3695 rationibus
890 3639 1244 3694 concludunt.
1301 3636 1393 3692 Sol
1428 3640 1571 3693 enim
1614 3640 1794 3693 incor-

221 3730 506 3800 ruptibilis
534 3736 641 3792 est,
686 3745 785 3785 nec
827 3729 1067 3807 admittit
1104 3729 1397 3799 qualitates
1427 3731 1795 3800 corruptivas,

223 3823 365 3877 tales
408 3828 539 3876 sunt
564 3821 713 3875 calor
741 3828 795 3876 et
823 3820 1013 3891 frigus.
1046 3821 1206 3878 Astra
1262 3823 1426 3878 etsol
1457 3839 1559 3877 nec
1606 3831 1802 3893 praeter

223 3921 506 3978 naturam,
534 3928 637 3968 nec
670 3914 939 3968 violenter
963 3923 1252 3969 moventur
1284 3934 1296 3968 :
1333 3916 1478 3985 quod
1520 3916 1568 3970 si
1618 3922 1802 3969 essent

222 4008 385 4078 ignea
410 4007 461 4060 id
488 4006 787 4072 accideret,
806 4005 947 4076 ignis
971 4008 1114 4060 enim
1148 4023 1369 4062 sursum
1411 4015 1679 4063 movetur.
1711 4006 1803 4067 Sic

220 4101 389 4154 etiam
449 4099 660 4153 nullum
719 4106 865 4152 esset
927 4112 1178 4153 securum
1232 4105 1287 4151 et
1354 4105 1565 4163 tutum,
1618 4099 1801 4152 omnia

221 4192 374 4246 enim
410 4199 686 4245 astrorum
725 4190 820 4244 illo
858 4190 984 4260 igne
1030 4188 1486 4260 conﬂagrassent,
1535 4206 1658 4244 cum
1692 4206 1801 4245 non

222 4299 328 4355 per
361 4284 539 4338 lucem
573 4283 749 4337 solum
776 4282 871 4337 sed
913 4283 1073 4337 etiam
1112 4298 1207 4351 per
1237 4282 1496 4345 calorem,
1532 4281 1800 4336 caleface—

223 4381 352 4429 rent
377 4358 443 4428 'et
472 4382 764 4428 torrerent.
799 4372 1055 4429 Dicamus
1090 4374 1276 4443 igitur,
1302 4374 1535 4428 solarem
1564 4379 1802 4429 calorem

223 4467 369 4522 nihil
404 4467 550 4520 aliud
582 4482 706 4522 esse
744 4481 910 4537 quam
945 4467 1182 4521 calorem
1212 4466 1371 4537 ignis,
1408 4452 1545 4522 solis
1571 4467 1799 4537 fulgore.

1901 3298 2025 3366 γῆς.
2075 3296 2162 3358 Ὦς
2197 3295 2305 3366 γὰρ
2333 3297 2391 3346 ἐν
2418 3294 2604 3365 ἡμέρᾳ
2635 3296 2668 3363 ἡ
2696 3294 2825 3345 σκιὰ
2839 3292 2916 3361 τῷ
2945 3291 3360 3361 ἀντιφράσσυντι
3385 3290 3485 3361 τὴν

1900 3390 2075 3459 αὐγὴν
2128 3388 2557 3458 παρυφίσταται,
2589 3385 2761 3447 οὕτως
2792 3386 2825 3453 ἡ
2866 3382 2981 3447 νὺξ.
3003 3382 3357 3451 σκιαζομένου
3389 3382 3487 3434 τοῦ

1901 3482 2031 3551 περὶ
2058 3481 2162 3550 γῆν
2195 3478 2379 3550 ἀέρος,
2413 3475 2765 3529 συνίστασθαι
2798 3474 3066 3543 πέφυκεν.
3125 3472 3337 3526 Plinius
3366 3472 3399 3524 I.
3422 3487 3483 3529 ιι.

1900 3587 2022 3643 cap.
2053 3572 2139 3635 lO,
2175 3570 2342 3625 Terra
2376 3572 2629 3623 subeunte
2667 3568 2969 3636 repentinas
3003 3564 3189 3617 obduci
3221 3563 3485 3625 tenebras,

1900 3676 2214 3729 rursumque
2242 3659 2390 3713 illius
2424 3660 2614 3711 umbra
2644 3658 2793 3711 sidus
2829 3656 3084 3710 hebetari.
3122 3653 3301 3724 Neque
3336 3653 3484 3706 aliud

1900 3766 2012 3804 esse
2052 3758 2255 3802 noctem
2299 3764 2457 3817 quam
2504 3758 2658 3801 terra:
2710 3745 2975 3800 umbram.
3025 3742 3378 3813 Palingenius
3427 3744 3484 3798 in

1902 3840 2135 3896 Zodiaco
2160 3842 2299 3905 vita,
2327 3842 2423 3894 lib.
2452 3856 2512 3895 tt.

2123 3962 2193 3972 ——
2225 3934 2329 3986 Sed
2355 3947 2460 3985 nox
2492 3930 2712 3985 adversa
2740 3932 2791 3983 in
2824 3939 2975 3999 parte
3004 3938 3237 3989 creatur,

1905 4001 2106 4071 Quippe
2130 4002 2277 4055 aliud
2290 4019 2393 4055 non
2411 4011 2487 4055 est
2509 4018 2665 4071 quam
2681 3997 2836 4054 teme
2854 4009 3007 4069 atque
3026 4000 3250 4068 wquoris
3276 3997 3483 4051 umbra.

1974 4092 2134 4157 lbid.,
2167 4094 2264 4147 lin.
2298 4093 2385 4146 Η.
2413 4092 2521 4146 Καὶ
2552 4096 2584 4145 ό
2607 4091 2723 4161 μὲν
2753 4091 2925 4159 ἣλιος
2971 4088 3195 4156 ὥσπερ.
3239 4088 3313 4141 De
3351 4088 3485 4151 solis

1906 4184 2246 4250 praestantia,
2289 4181 2589 4252 dignitate.
2639 4182 2691 4233 vi
2746 4177 3093 4239 admiranda,
3142 4186 3195 4231 et
3243 4177 3485 4246 potentia

1906 4275 2204 4347 Dionysius
2237 4274 2569 4344 Areopagita
2604 4272 2682 4326 De
2708 4273 2873 4325 dii-in.
2906 4268 3227 4331 nominibus.
3257 4283 3379 4338 cap.
3415 4268 3484 4332 l;

1904 4366 2156 4422 Julianus
2181 4366 2463 4436 Apostata,
2482 4362 2754 4433 Orpheus,
2780 4362 3028 4423 Proclus,
3055 4358 3275 4429 Lycius,
3297 4360 3482 4425 bymn.

1907 4458 1962 4512 in
2014 4460 2213 4524 solem,
2258 4457 2471 4511 Plinius
2510 4456 2587 4509 lib
2648 4472 2711 4516 tl,
2755 4469 2876 4524 cap.
2931 4452 2987 4519 6,
3026 4450 3483 4521 elegantissimef

224 4568 339 4630 q'uo
362 4558 683 4613 naturaliter
709 4559 982 4617 trahatur.
1001 4558 1391 4611 modificatum.
1412 4557 1654 4627 Namque
1675 4574 1798 4611 cum
1835 4556 1875 4610 ι)
1909 4553 2107 4606 Eorum
2144 4550 2345 4603 medius
2361 4549 2443 4603 sol
2458 4548 2650 4616 fertur,
2689 4546 3017 4614 amplissima
3035 4541 3397 4613 magnitudine
3425 4556 3486 4593 ac

228 4650 374 4703 inter
406 4647 747 4701 alimentaria
782 4661 1017 4716 corpora
1055 4646 1272 4715 igneum
1308 4646 1485 4700 solum
1520 4645 1800 4698 caelestem

222 4741 476 4796 imitatur
524 4738 811 4808 fulgorem,
858 4739 1039 4807 ipsum
1072 4753 1203 4791 vero
1248 4736 1323 4789 ita
1366 4744 1425 4790 ut
1451 4735 1675 4804 plurimi
1713 4750 1801 4789 ve-

220 4843 409 4888 terum
444 4830 915 4901 philosophorum,
947 4830 1018 4883 ob
1050 4844 1169 4882 eam
1209 4827 1620 4882 similitudinem
1656 4834 1804 4880 astra

220 4929 386 4997 ignea
418 4938 541 4977 esse
575 4922 842 4991 suspicati
894 4920 1041 4983 sint,
1072 4918 1127 4971 fit
1160 4920 1315 4972 valde
1351 4925 1802 4979 consentaneum,

220 5027 288 5072 ut
324 5014 704 5070 similitudinis
755 5014 905 5067 illius
952 5027 1120 5067 causa
1172 5011 1331 5065 facile
1363 5010 1612 5063 trahatur
1662 5008 1806 5077 ignis

221 5107 443 5163 caelesti
495 5106 721 5172 lumine,
773 5105 918 5175 quod
972 5108 1136 5158 etiam
1195 5103 1481 5172 vestigium
1532 5100 1805 5170 quoddam

223 5199 537 5256 divinitatis
564 5198 684 5266 ejus
715 5198 966 5266 corporis
999 5203 1103 5251 est.
1131 5192 1186 5249 Si
1226 5194 1380 5263 plura
1416 5192 1594 5263 cupis,
1626 5191 1807 5245 adesis

221 5290 588 5346 Francisoum
626 5287 898 5343 Valesium
928 5287 1005 5340 De
1027 5303 1184 5339 sacra
1221 5284 1571 5353 philosophia,
1598 5296 1719 5351 cap.
1754 5283 1802 5334 l.

222 5383 477 5452 Denique
508 5380 781 5437 sententia
824 5387 911 5434 est
956 5378 1474 5447 Peripateticorum,
1520 5376 1686 5430 solem
1714 5390 1809 5443 per

224 5480 416 5533 lumen
452 5474 629 5528 facere
659 5479 768 5525 tam
797 5472 1059 5535 calorem,
1108 5477 1217 5522 tam
1256 5470 1452 5539 frigus,
1484 5467 1698 5521 diversa
1725 5473 1809 5518 ta-

225 5584 362 5623 men
402 5569 639 5630 ratione,
676 5566 827 5621 illum
858 5565 1079 5633 quidem
1116 5579 1212 5633 per
1252 5578 1329 5627 se,
1365 5563 1468 5617 hoc
1504 5568 1684 5615 autem
1714 5576 1808 5629 per

228 5659 522 5724 accidens;
560 5673 685 5712 nam
740 5657 1027 5726 praesentia
1075 5656 1300 5711 luminis
1355 5654 1487 5709 facit
1542 5653 1805 5713 calorem,

228 5753 484 5808 absentia
538 5766 666 5806 vero
705 5750 1053 5822 friguszquo
1099 5748 1246 5803 enim
1290 5748 1472 5800 lumen
1518 5745 1673 5808 solis,
1719 5752 1810 5797 aut

242 5843 597 5900 nullomodn
653 5851 745 5893 aut
778 5844 1017 5899 tenuiter
1050 5838 1325 5912 pertingit,
1365 5836 1496 5892 inibi
1529 5835 1713 5909 frigus
1736 5836 1811 5889 vi—

1902 4654 2157 4713 potestate
2184 4660 2201 4695 :
2226 4660 2315 4695 nec
2335 4652 2624 4709 temporum
2646 4639 2819 4704 modo,
2842 4648 3222 4707 terrarumque,
3242 4634 3331 4687 sed
3346 4634 3485 4687 side-

1904 4753 2021 4789 rum
2044 4737 2203 4789 etiam
2232 4737 2467 4802 ipsorum
2506 4731 2721 4799 ca'lique
2761 4739 2953 4783 rector.
2984 4728 3137 4780 Hunc
3158 4726 3343 4779 mundi
3372 4741 3487 4778 esse

1907 4829 2066 4880 totius
2102 4827 2358 4887 animum,
2394 4842 2455 4878 ac
2486 4823 2697 4892 planius
2740 4830 2960 4872 mentem
2987 4833 3005 4871 :
3038 4818 3173 4870 hunc
3194 4815 3486 4886 principale

1910 4928 2116 4972 natura:
2148 4918 2374 4986 regimen
2421 4932 2483 4967 ac
2512 4931 2701 4967 numen
2732 4911 2941 4966 credere
2970 4913 3135 4971 decet,
3179 4924 3334 4976 opera
3369 4912 3483 4974 ejus

1910 5013 2256 5065 a'stimantes.
2316 5008 2417 5061 llic
2461 5008 2628 5061 lucem
2688 5006 2839 5059 rebus
2892 5004 3159 5057 ministrat
3212 5001 3483 5069 aufertque

1909 5106 2178 5167 tenebras;
2202 5103 2283 5157 hic
2322 5104 2525 5172 reliqua
2553 5100 2729 5153 sidera
2762 5098 2990 5152 occultat
3021 5114 3037 5149 :
3071 5096 3155 5147 hic
3191 5097 3323 5148 rices
3354 5104 3483 5147 tem-

1905 5213 2091 5265 porum
2125 5211 2423 5263 annumque
2451 5208 2650 5259 semper
2678 5198 3032 5244 renascentem
3061 5203 3124 5240 ex
3151 5204 3250 5240 usu
3277 5197 3485 5238 natura

1910 5295 2192 5354 temperat;
2243 5284 2327 5335 hic
2358 5284 2475 5335 caeli
2520 5281 2795 5333 tristitiam
2845 5278 3083 5341 discutit,
3122 5287 3277 5345 atque
3320 5276 3483 5328 etiam

1908 5377 2126 5429 humani
2160 5374 2346 5427 nubila
2387 5373 2551 5426 animi
2583 5381 2825 5430 serenat;
2867 5370 2949 5421 hic
2988 5384 3141 5420 suum
3182 5368 3353 5420 lumen
3381 5382 3484 5418 crc-

1910 5470 2037 5521 teris
2074 5483 2275 5536 quoque
2309 5464 2569 5518 sideribus
2600 5464 2845 5531 (atterat.
2886 5460 3206 5522 Prae-lorus,
3234 5458 3479 5518 eximius,

1910 5560 2089 5610 omnia
2132 5559 2361 5618 intuens,
2405 5556 2582 5610 omnia
2620 5557 2781 5607 etiam
2826 5551 3133 5614 exaudiens,
3174 5558 3230 5601 ut
3258 5548 3483 5616 principi

1911 5652 2215 5705 litterarum
2268 5641 2498 5703 Homero
2546 5648 2807 5715 placuisse
2847 5646 2901 5698 in
2953 5661 3055 5696 uno
3106 5659 3165 5695 eo
3199 5642 3364 5695 video.
3408 5639 3482 5721 De

1911 5744 2044 5797 solis
2096 5741 2358 5796 encomiis
2417 5742 2532 5809 lege
2586 5737 2939 5791 Plutarchum
2990 5734 3078 5788 lib.
3123 5732 3203 5786 De
3239 5733 3479 5785 doctrina

1911 5835 2238 5897 principum;
2274 5832 2604 5888 Macrobium
2643 5826 3083 5883 tSaturnalium‘
3132 5822 3488 5877 Ambrosium
