4042 6338
181 409 288 462 869

1191 411 1255 464 ΙΝ
1297 410 1661 466 EUSTATIIII
1693 411 2164 468 HEXAEMERON
2206 413 2436 468 ΝΟῘᾹΞ.

3319 415 3427 468 8ῗο

181 528 335 600 παρᾶ
389 529 583 600 μικρὸν
644 529 703 581 ἐν
747 528 846 597 μιᾷ
877 527 1056 597 ἡμέρα
1107 531 1297 598 μοῖραν
1352 532 1611 583 κινεῖσθαι
1667 531 1745 584 τὸν

1859 546 1946 584 sus
1990 533 2069 584 rel
2099 548 2327 584 recessus
2376 531 2574 598 liquido
2617 541 2932 588 monstrant.
2970 530 3181 585 Nurunt
3226 532 3428 598 pariter

178 619 351 688 ἣλιον.

252 713 370 767 Col.
390 712 512 772 721,
535 711 628 762 lin.
649 710 736 763 39.
764 713 874 775 Της
892 710 958 762 δε
978 711 1244 777 σελήνης
1257 713 1582 779 ληγούσης.
1604 714 1755 767 Basi-

176 801 312 865 lius,
346 803 494 854 hom.
525 800 580 862 6,
603 796 768 870 Οἶμαι
795 802 852 852 δὲ
883 802 972 854 καὶ
1002 806 1067 871 τῇ
1100 803 1206 854 τῶν
1236 802 1388 864 ζώων
1422 808 1750 873 κατασκευῇ,

177 892 276 943 καὶ
303 895 413 952 τοῖς
433 890 540 942 ἀπὸ
577 889 680 958 γῆς
718 893 1025 959 ᾳυομένοις,
1058 891 1131 960 μὴ
1167 892 1366 961 μικρὰν
1407 893 1668 962 ὑπάρχειν
1690 895 1752 945 ἐκ

179 983 278 1051 τῆς
329 981 470 1033 κατὰ
509 980 606 1050 τὴν
655 981 882 1050 σελήνην
932 983 1230 1053 μεταϐολῆς
1275 984 1372 1053 τὴν
1425 986 1749 1038 συντέλειαν.

175 1073 394 1134 ’Δλλως
428 1072 535 1142 γὰρ
561 1072 854 1126 διατίθεται
881 1076 1206 1145 μειουμένης
1237 1077 1423 1145 αὐτῆς,
1456 1080 1546 1129 καὶ
1581 1078 1752 1139 ἄλλως

173 1164 486 1233 αὐξομένης
516 1163 582 1215 τὰ
605 1163 850 1234 σώματα,
881 1166 974 1218 νῦν
1003 1168 1100 1236 μὲν
1126 1167 1393 1238 ληγούσης
1415 1169 1580 1238 ἀραιὰ
1610 1171 1752 1236 γενό⁶

179 1272 346 1325 μενοι,
378 1255 471 1306 καὶ
505 1257 654 1320 κενὰ,
677 1256 772 1308 νῦν
805 1257 859 1310 δὲ
891 1258 1213 1329 αὐξομένης,
1238 1261 1329 1313 καὶ
1363 1261 1495 1331 πρὸς
1519 1263 1579 1313 τὸ
1614 1263 1752 1331 πλῆ-

179 1363 276 1417 ρες
327 1347 717 1418 ἐπειγομένης,
749 1349 843 1400 καὶ
898 1348 1036 1402 αὑτᾶ
1086 1351 1246 1402 πάλιν
1275 1351 1747 1422 ἀναπληρούμενα.

174 1441 384 1494 Sextus
438 1439 864 1511 Euipyricus-in
923 1444 1167 1498 eamdem
1219 1447 1540 1498 sententiam
1573 1447 1746 1510 l.vm,

173 1531 314 1583 Adv.
353 1532 597 1584 mat/lem.
625 1571 638 1595 ,
671 1532 839 1584 ιΚατὰ
896 1532 1005 1602 γὰρ
1041 1533 1140 1594 τὰς
1173 1534 1268 1601 τῆς
1308 1535 1535 1603 σελήνης
1583 1534 1748 1603 αὐξή-

175 1641 292 1688 σεις
340 1626 433 1676 καὶ
466 1605 676 1692 φθίσεις
707 1624 877 1676 πολλὰ
920 1625 1028 1676 τῶν
1070 1642 1129 1676 τε
1166 1625 1419 1691 ἐπιγείων
1462 1625 1614 1687 ζώων
1658 1628 1751 1678 καὶ

173 1715 488 1770 θαλασσίων
522 1716 694 1784 φθίνει
726 1732 784 1766 τε
833 1716 924 1767 καὶ
953 1714 1103 1780 αὔξει
1132 1757 1146 1778 ,
1198 1714 1477 1783 ἀμπώτεις
1535 1733 1590 1768 τε
1657 1717 1748 1767 καὶ

177 1808 562 1880 πλημμυρίδες
590 1808 715 1874 περί
751 1823 870 1857 τινα
901 1805 1041 1874 μέρη
1073 1806 1168 1874 τῆς
1197 1805 1468 1876 θαλάσσης
1489 1807 1744 1874 γίνονται.

177 1900 307 1955 Hinc
333 1903 517 1956 eadem
543 1901 878 1951 incremento
897 1897 1140 1965 ejusdem
1167 1900 1375 1966 augeri,
1401 1899 1749 1952 decrementa
1782 1883 1823 1938 Β

173 1995 353 2047 minui
386 1992 519 2046 dicit
545 1991 756 2044 Plinius
790 1991 883 2042 lib.
931 2005 991 2051 ιι,
1026 2005 1146 2058 cap.
1178 1991 1266 2052 41,
1299 1999 1352 2044 et
1380 2006 1498 2056 cap.
1530 1991 1616 2053 99,
1659 1991 1747 2044 ubi

175 2089 499 2153 potestatem
533 2086 675 2136 lunte
705 2091 759 2137 ct
813 2091 1080 2134 terrenam
1109 2089 1161 2134 et
1191 2083 1453 2134 marinam
1492 2083 1743 2151 explicat.

169 2177 415 2229 Consule
437 2177 561 2228 item
595 2174 872 2227 .Elianum
902 2174 970 2225 De
999 2173 1119 2226 hist.
1151 2173 1424 2226 onim.lib.
1453 2190 1526 2232 ix,
1551 2188 1669 2241 cap.
1696 2176 1746 2237 4,

172 2270 268 2337 qui
306 2268 466 2321 etiam
499 2268 590 2320 lib.
626 2283 726 2329 xu,
771 2281 890 2335 cap.
923 2266 1009 2326 15,
1043 2275 1247 2328 narrat,
1290 2265 1514 2335 physam
1546 2265 1749 2335 Egyp-

173 2361 316 2411 tinm
346 2359 570 2427 piscem,
629 2372 840 2410 necnon
876 2365 927 2410 et
959 2357 1106 2411 illius
1142 2357 1299 2425 jecur
1327 2372 1450 2410 cum
1498 2359 1622 2408 luna
1655 2372 1749 2425 pa-

175 2451 313 2503 riter
342 2450 678 2510 decrescere,
719 2449 1030 2518 pariterque
1072 2463 1394 2503 recrescere.
1433 2447 1592 2500 Plura
1629 2463 1748 2516 quae

176 2539 522 2608 συμπάθειαν
557 2540 757 2592 habent
781 2553 905 2590 cum
944 2540 1070 2590 luna
1106 2551 1451 2607 augescente,
1486 2547 1538 2592 et
1595 2555 1749 2592 sene-

174 2639 365 2684 scente
401 2637 682 2685 enumerat
711 2630 918 2683 Cellius
962 2630 1056 2683 lib.
1098 2646 1190 2692 ιτ,
1238 2645 1355 2698 cap.
1389 2631 1442 2692 8,
1476 2630 1749 2699 refertque

173 2721 370 2775 Lucilii
425 2737 616 2776 versus
661 2721 766 2774 hue
818 2721 1170 2787 pertinentes.
1214 2719 1467 2777 Manilius
1515 2737 1744 2792 promm.

174 2814 273 2868 lib.
317 2828 375 2875 ιι,
403 2814 480 2866 sic
506 2815 599 2875 ait,

249 2925 342 2980 Sic
361 2927 627 2979 submersa
663 2926 832 2994 fretis,
867 2929 1178 2979 concharum
1214 2937 1259 2980 et
1284 2944 1488 2980 carcere
1511 2929 1694 2980 clausa

247 2997 330 3047 Ad
362 2997 498 3049 luna:
525 3006 721 3048 motum
754 2999 960 3049 variant
993 2998 1246 3048 animalia
1275 3014 1481 3064 corpus.

176 3109 558 3178 Hippocrates.
593 3111 707 3164 sive
741 3113 865 3180 quis
903 3111 1042 3163 alius
1072 3111 1253 3164 libello
1285 3110 1357 3164 De
1387 3113 1742 3175 Astionomia,

1853 620 2052 685 experti
2079 621 2264 673 medici
2289 620 2516 681 morbos,
2539 624 2934 691 morborumque
2949 622 3214 689 periodos,
3241 633 3288 675 et
3313 624 3427 690 ipso

1856 711 1992 763 lnmr
2013 714 2345 773 incremento,
2366 712 2670 780 plcnilunio,
2687 719 2758 766 re!
2778 716 3098 769 decrementa
3125 732 3226 767 nou
3251 732 3296 769 a:
3315 716 3426 768 ιιι-[α

1854 803 2219 862 committunt;
2269 803 2516 872 agricola:
2571 815 2780 870 aspectu
2810 807 2944 859 fume
2999 809 3201 860 diverso
3256 815 3426 859 terras

1855 903 2036 943 aratro
2071 893 2299 960 ﬁndunt,
2341 897 2463 962 ﬁmo
2519 898 2869 963 impinguant.
2903 900 3101 950 semina
3147 907 3424 967 spargunt,

1853 995 2043 1052 segetes
2077 995 2292 1047 metunt,
2328 999 2617 1056 cwteraque
2641 993 2783 1056 agris
2813 1004 2874 1042 de
2900 989 3065 1041 hortis
3088 991 3316 1044 colendis
3339 991 3422 1042 di-

1852 1071 2071 1138 ligenter
2104 1074 2382 1142 adoptant,
2410 1087 2458 1128 et
2490 1077 2542 1128 id
2569 1079 2767 1146 generis
2791 1078 3021 1146 plurima
3047 1089 3310 1131 astrorum
3342 1096 3421 1134 re-

1853 1164 1981 1231 ferri
2010 1177 2217 1231 possent
2260 1169 2431 1237 signa.
2466 1166 2748 1237 Oppianus
2793 1170 3170 1224 Ἀλιευτικῶγ
3210 1173 3424 1241 quinto,

1851 1271 2012 1309 versu
2050 1256 2152 1310 589
2181 1277 2192 1309 :

1857 1370 2069 1440 Ἔθνεα
2099 1369 2149 1440 δῖ
2179 1369 2521 1437 ὀστράκινα,
2554 1372 2624 1424 τᾶ
2663 1375 2713 1425 θ’
2744 1372 3058 1439 ἐρπύζουσι
3106 1373 3388 1440 θαλάσσῃ

1850 1438 2053 1490 Πάντα
2068 1439 2261 1506 φάτις,
2274 1441 2472 1506 μήνης
2485 1442 2600 1509 μὲν
2627 1438 2957 1509 ἀεξομένης
2988 1443 3135 1494 κατὰ
3162 1438 3416 1507 κύκλον,

1851 1509 2033 1573 Σαρκὶ
2064 1511 2467 1575 περιπλήθειν,
2501 1513 2595 1564 καὶ
2624 1513 2874 1564 πλείονα
2896 1512 3136 1579 ναιέμεν
3157 1510 3326 1564 οἶκον
3346 1529 3359 1542 ’

1851 1579 2186 1644 Φΰιιιούσης
2208 1579 2258 1629 δ’
2283 1579 2521 1645 ἐξαῦτις
2544 1582 2965 1647 ἀφαυροτέροις
2982 1581 3272 1648 μελέεσσι

1861 1648 2239 1702 Ῥικνοῦσθαι
2265 1665 2276 1677 ’
2308 1651 2433 1716 τοίη
2466 1668 2554 1716 τις
2584 1650 2674 1702 ἐνὶ
2712 1653 2928 1718 σφίσιν
2962 1652 3131 1704 ἐστὶν
3170 1652 3421 1719 ἀνάγκη.

1852 1754 1914 1807 Et
1945 1754 2154 1812 Plinius
2186 1759 2278 1811 lib.
2307 1776 2380 1821 Ix,
2409 1775 2528 1830 cap.
2567 1762 2655 1822 51,
2689 1760 2882 1815 Cancri
2911 1771 2958 1813 et
2985 1763 3162 1814 omnia
3195 1761 3306 1829 ejus
3335 1778 3419 1829 ge-

1852 1850 1988 1901 neris
2017 1850 2183 1904 hierne
2223 1851 2509 1913 .‘wdnntur,
2546 1864 2800 1904 autumno
2826 1862 2873 1904 et
2921 1870 3034 1905 rere
3081 1853 3421 1921 pinguescunt

1849 1949 1896 1991 et
1936 1941 2222 2006 plenilunio
2262 1944 2448 2011 magis,
2490 1945 2614 2010 quia
2658 1953 2804 1995 nocte
2837 1943 2982 1996 sidus
3022 1942 3190 2010 tepido
3221 1941 3421 2011 fulgore

1851 2033 2112 2101 miti/teat.
2146 2033 2355 2098 Quibus
2390 2036 2738 2090 manifestum
2767 2044 2869 2098 est,
2900 2052 3008 2088 non
3049 2044 3254 2089 tantum
3287 2051 3419 2090 con-

1849 2123 2036 2189 chilia,
2089 2125 2183 2178 sed
2240 2126 2519 2189 animalia,
2563 2137 2617 2180 et
2667 2128 2865 2181 multos
2904 2136 3162 2196 prteterea
3213 2127 3420 2195 lapides

1850 2214 2062 2284 aliaque
2101 2215 2458 2270 dirersissimi
2493 2217 2708 2285 generis
2741 2232 2863 2270 cum
2899 2219 3028 2270 luna
3070 2233 3338 2281 crescere,
3363 2225 3420 2271 et

1851 2302 2184 2359 decrescere.
2224 2305 2447 2360 Nonnus
2482 2307 2829 2376 Dionysiacon
2865 2324 2914 2372 ν,
2961 2307 3028 2361 de
3061 2307 3297 2362 sclenete
3339 2307 3420 2360 la-

1851 2394 1972 2464 pidc

2474 2542 2542 2550 —
2573 2511 2649 2577 Τῇ
2677 2512 2744 2564 δὲ
2782 2514 3052 2580 σελήνης

1844 2573 1983 2644 Εἶχε
2009 2578 2180 2650 λίϐον
2207 2579 2572 2642 πά.1.1ευκοι·,
2610 2573 2674 2644 ἔς
2703 2573 3010 2650 εὑκεράοιο
3029 2573 3278 2649 ’θεαίνης

1848 2648 2210 2721 ᾼειπομέι·ης
2231 2652 2481 2721 μινύθει,
2513 2651 2605 2721 καὶ
2638 2648 2872 2712 (ὶέξετιὶι
2903 2656 3125 2706 ὁππότε
3145 2648 3307 2721 μήνη

1863 2717 2206 2789 Ἀρτιεριινὴς
2233 2719 2418 2789 cellar;
2444 2720 2628 2789 ὺηοῷν
2659 2721 3112 2774 ἀποστίλϐουσα
3140 2717 3377 2789 κεραίης

1861 2785 2088 2838 Ἠελίου
2117 2787 2430 2854 γενετῆρος
2467 2787 2782 2857 ἀμέλγεται
2825 2793 3152 2860 ίιὺτόγονον
3173 2785 3308 2860 riuo

1918 2915 2128 2970 Psellus
2158 2919 2223 2971 de
2274 2919 2580 2988 lapidibus:
2621 2921 2677 2974 Ὀ
2710 2922 3008 2994 σεληνίτης.
3059 2925 3313 2978 Καλεῑται
3359 2926 3416 2979 δὲ

1848 3010 2040 3072 οὕτως,
2068 3012 2147 3062 ὅτι
2186 3011 2458 3081 ὀρθαὶμὸν
2499 3009 2610 3066 οἷόν
2639 3031 2757 3067 τινα
2808 3017 3196 3086 συναυξόμενον
3231 3019 3416 3072 τοῦτον

1851 3103 1942 3153 καὶ
1979 3103 2410 3172 συμμειούμενον
2454 3108 2572 3167 ταῖς
2617 3107 2714 3174 τῆς
2750 3109 2976 3178 σελήνης
3018 3109 3278 3178 αὑξήσεσι
3325 3111 3417 3161 καί⁵

176 3217 241 3254 ex
271 3202 715 3270 interpretatione
756 3201 1023 3254 Gulideoli
1073 3202 1295 3254 Mordici
1323 3203 1540 3267 :Aspice
1570 3205 1745 3255 lunam

1852 3193 2218 3262 συμμειώσεσι
2249 3194 2536 3248 δείκνυται.
2565 3196 2694 3250 V'ide
2732 3197 3037 3267 Philippum
3076 3200 3415 3254 Maussacum

174 3295 389 3360 quando
428 3302 504 3344 est
556 3293 709 3360 plena
752 3293 968 3353 lumine,
999 3294 1123 3360 quia
1156 3305 1263 3343 tum
1301 3296 1483 3345 crescit
1508 3295 1742 3363 sanguis,

174 3394 226 3434 et
251 3383 480 3435 medulla
505 3385 557 3435 in
588 3383 728 3436 omni
758 3382 984 3444 homine,
1008 3394 1056 3436 et
1089 3384 1267 3436 bestiis
1303 3386 1561 3438 omnibus.
1604 3384 1746 3440 Idem

176 3475 238 3540 ﬁt
257 3477 313 3526 in
343 3475 477 3526 mari
504 3485 551 3527 et
583 3475 784 3527 cunctis
811 3476 861 3526 in
892 3474 1044 3526 rebus
1071 3475 1371 3527 mundanis.
1403 3475 1742 3538 Ptolemzeus,

180 3565 253 3616 Ἤ
285 3582 340 3616 τε
379 3565 571 3634 σελήνη
619 3567 692 3626 ὡς
728 3568 1106 3635 περιγειοτάτη
1145 3566 1324 3617 δίδωσι
1358 3569 1466 3628 τοῖς
1511 3568 1644 3636 πρὸς
1679 3571 1744 3637 τῇ

177 3658 246 3725 γῇ
272 3656 371 3724 τὴν
405 3657 723 3726 ἀπόρροιαν,
751 3657 1176 3725 συμπαθοῦντων
1208 3658 1362 3726 αὐτῇ,
1395 3659 1486 3708 καὶ
1529 3675 1749 3727 συντρε-

176 3747 428 3814 πομένων
471 3747 578 3798 τῶν
612 3747 895 3810 πλείστων,
940 3748 1031 3799 καὶ
1070 3748 1326 3817 ἐμψύχων
1365 3750 1458 3800 καὶ
1497 3750 1739 3819 ἀψύχων·

177 3839 270 3890 καὶ
318 3838 575 3906 ποταμῶν
631 3839 998 3903 συναυξόντων
1040 3842 1134 3892 καὶ
1180 3841 1584 3908 συμμειούντων
1639 3846 1746 3906 τοῖς

177 3928 349 3993 φωσὶν
378 3928 545 3996 αὐτῆς
571 3927 638 3979 τὰ
661 3928 924 3998 ῥεύματα,
950 3929 1228 3982 θαλασσῶν
1252 3931 1306 3982 δὲ
1339 3935 1746 4002 συντρεπουσῶν

174 4021 297 4077 ταῖς
327 4018 609 4079 ἀνατολαῖς
631 4035 642 4048 ·
678 4028 731 4071 ct
759 4019 1026 4088 interpres
1081 4036 1384 4090 anonymus
1444 4022 1572 4078 Tab.
1624 4024 1748 4078 Pto-

179 4109 329 4170 lem.,
349 4107 485 4179 Ὀρῶ
515 4109 612 4178 μὲν
645 4110 753 4180 γὰρ
781 4111 873 4161 καὶ
900 4109 966 4162 τὰ
995 4109 1251 4164 θαλάττια
1276 4111 1390 4174 ζῶα
1425 4115 1737 4179 συναυξανό-

179 4214 316 4266 μενα
356 4199 451 4249 καὶ
505 4199 910 4269 ωμμειούμενα
959 4203 1023 4269 τῇ
1064 4203 1280 4272 σελήνῃ,
1332 4205 1424 4256 καὶ
1480 4206 1634 4274 ἡμῶν
1689 4209 1746 4260 δὲ

174 4284 357 4336 αὐτῶν
394 4303 513 4338 τινα
572 4288 712 4356 μέρη
756 4288 849 4340 τοῦ
902 4288 1174 4360 σώματος,
1231 4287 1340 4344 οἷον
1401 4294 1596 4362 ὄνυχας
1651 4297 1745 4348 καὶ

172 4376 394 4445 τρίχας⁸
435 4373 502 4446 ἦν
541 4377 597 4429 δέ
639 4395 690 4430 τι
727 4380 818 4430 καὶ
871 4379 1010 4450 ἱερὸν
1059 4380 1194 4442 ζῶον
1245 4384 1300 4434 ἐν
1354 4387 1418 4453 τῇ
1486 4387 1743 4457 Αἰγύπτῳ

172 4468 371 4538 ταῦρος
415 4471 764 4539 ἀνακείμενος
809 4473 872 4540 τῇ
915 4471 1038 4540 θεῷ,
1080 4470 1140 4526 οὗ
1183 4477 1215 4543 ἡ
1241 4475 1368 4544 σόὁη
1417 4477 1741 4546 συνηύξανεν

1850 3283 1904 3334 in
1937 3291 2106 3335 notat.
2143 3284 2204 3334 ad
2243 3282 2588 3337 Plutarchum
2615 3287 2680 3338 de
2715 3286 2921 3341 lluuiin.
2958 3291 3010 3341 in
3047 3287 3317 3357 Hydaspe,
3355 3299 3410 3342 et

1849 3375 2116 3427 Caesarem
2156 3373 2409 3427 IEvolum
2466 3375 2878 3440 Neapolitanum
2923 3378 2999 3431 De
3048 3383 3219 3432 causis
3273 3384 3415 3433 anti-

1847 3467 2039 3532 pathire
2086 3477 2133 3518 et
2174 3468 2480 3534 sympathia’
2528 3485 2703 3522 rerum
2747 3473 3068 3523 naturalium
3107 3475 3158 3524 in
3200 3473 3322 3526 fine.
3352 3475 3416 3526 Et

1849 3558 2168 3625 llodulphus
2213 3557 2506 3612 Goelenius
2550 3561 2602 3611 in
2648 3558 2984 3629 Morosaphia
3033 3561 3258 3617 Joannis
3301 3561 3413 3617 Ro-

1849 3648 1982 3702 berli
2018 3665 2136 3717 pag.
2169 3649 2258 3701 l7l
2278 3689 2291 3712 ,
2319 3657 2370 3702 et
2400 3661 2670 3719 sequent.,
2707 3653 2859 3721 plura
2885 3670 2948 3706 ex
2977 3654 3206 3708 laudatis
3230 3666 3416 3709 aucto—

1849 3743 1999 3796 ribus
2034 3743 2297 3810 congcrit,
2327 3745 2392 3798 de
2434 3745 2484 3796 vi
2513 3753 2567 3798 et
2600 3745 2837 3797 ellicacia
2894 3747 3032 3798 luna:
3062 3747 3115 3798 in
3159 3746 3242 3800 his
3273 3747 3412 3802 infe-

1849 3835 2105 3886 tioribus.
2142 3836 2340 3887 Mirum
2392 3836 2516 3888 item
2555 3844 2636 3888 est
2668 3837 2811 3906 quod
2854 3839 2905 3889 in
2947 3835 3196 3891 Hcrbarii
3226 3839 3414 3907 cujus-

1848 3924 1972 3976 dam
2007 3924 2222 3979 schedis
2253 3926 2469 3994 legitur,
2516 3925 2784 3978 lunariam
2829 3927 3050 3980 herbam
3091 3930 3145 3980 in
3187 3932 3414 3986 summis

1847 4011 2072 4078 Alpibus
2105 4013 2255 4067 nasci
2281 4029 2446 4083 prope
2486 4013 2663 4068 fontes
2694 4025 2784 4068 aut
2825 4015 3067 4079 flumina,
3106 4016 3251 4073 loliis
3287 4035 3412 4088 par-

1847 4104 1988 4156 vulis
2021 4143 2034 4160 .
2099 4104 2346 4156 rotundis
2397 4103 2570 4157 instar
2613 4105 2875 4157 nummuli
2911 4106 2979 4158 ad
3031 4110 3264 4162 amaraci
3300 4109 3412 4164 fere

1847 4195 2278 4260 similitudinem,
2318 4196 2462 4248 caesii
2511 4196 2594 4248 vel
2635 4197 2854 4250 caerulei
2878 4198 3100 4259 coloris,
3141 4201 3294 4254 caule
3321 4216 3414 4252 ru-

1844 4287 1964 4348 bro,
1996 4296 2048 4340 et
2103 4287 2348 4350 odorato,
2401 4287 2584 4341 radice
2625 4303 2847 4352 crocea;
2905 4289 3279 4360 lunariamque
3330 4292 3413 4345 id-

1847 4379 1993 4431 circo
2028 4380 2307 4447 appellari,
2352 4378 2494 4447 quod
2535 4379 2600 4431 ad
2637 4379 2777 4434 lunae
2811 4389 3022 4446 auctus,
3045 4383 3128 4435 vel
3161 4383 3411 4437 imminu-

1845 4472 2024 4523 tiones
2051 4485 2297 4523 crescere
2347 4485 2407 4522 ac
2433 4469 2748 4526 decrescere
2773 4474 3135 4529 consueverit.
3169 4474 3414 4528 totidem-

172 4558 338 4627 αὐτῇ,
377 4560 469 4612 καὶ
526 4561 886 4630 συνεμειοῦτο.
941 4562 1060 4614 Εἰσὶ
1107 4563 1163 4614 δὲ
1211 4566 1301 4615 καὶ
1350 4566 1444 4617 νῦν
1503 4569 1740 4636 συμφθε-

1847 4579 1950 4630 que
1983 4561 2106 4615 folia
2135 4563 2333 4616 habere
2371 4563 2590 4625 dicitur,
2623 4573 2756 4632 quot
2787 4564 2911 4617 luna
2943 4565 3103 4617 habet
3127 4566 3264 4621 dies.

172 4667 377 4713 νοντες,
407 4653 498 4704 καὶ
528 4653 912 4716 ωναυξοῦντες
940 4654 1073 4706 λίθοι
1105 4656 1246 4718 τινὲς
1274 4660 1338 4728 τῇ
1392 4657 1514 4726 θεῷ.
1551 4658 1738 4713 Horat.

171 4753 232 4802 tt,
262 4755 574 4794 sermonum
601 4743 634 4794 4
662 4761 673 4794 :

311 4849 541 4905 Lubrica
572 4866 840 4909 nascentes
874 4857 1085 4924 implent
1117 4859 1370 4911 conchilia
1401 4859 1559 4916 lunaz.

171 4985 413 5041 Isidorus
447 4987 569 5042 libr.
620 5003 716 5052 xu,
752 5004 870 5058 cap.
901 4988 952 5055 6,
994 4991 1241 5046 Omnium
1295 4993 1594 5046 clausorum
1625 5011 1739 5046 ma-

172 5084 244 5135 ris
280 5083 613 5148 animalium,
668 5095 821 5153 atque
877 5087 1190 5138 concitarunt
1239 5089 1550 5140 incremento
1601 5089 1738 5143 Iunce

172 5174 405 5228 membra
428 5185 759 5244 turgescunt;
788 5177 988 5244 defectu
1011 5191 1349 5232 evacuantur.
1384 5179 1546 5232 Lunae
1575 5183 1734 5245 enim,

172 5282 287 5318 cum
319 5268 377 5318 in
417 5277 694 5336 augmento
723 5271 904 5336 fuerit,
945 5281 1097 5340 auget
1135 5275 1422 5335 humorem,
1462 5289 1578 5326 cum
1619 5291 1734 5326 vero

171 5357 222 5407 in
256 5357 514 5424 defectum
535 5360 750 5421 venerit,
779 5359 1020 5413 humores
1050 5363 1378 5426 minuuntur,
1411 5373 1514 5418 etc.
1554 5363 1738 5418 Ludo-

170 5451 322 5504 vicus
368 5447 568 5503 Fidelis
616 5450 693 5503 De
745 5452 926 5504 mund.
989 5463 1175 5506 struet.
1235 5454 1354 5508 libr.
1397 5471 1447 5515 ι’,
1494 5471 1613 5524 cap.
1680 5457 1734 5519 5,

169 5540 352 5605 Luna',
383 5543 578 5610 inquit,
607 5542 929 5610 diversitate,
951 5546 1265 5600 incremento
1289 5547 1364 5599 vel
1390 5548 1733 5613 decrementa,

172 5644 424 5702 augentur
457 5634 533 5688 vel
597 5638 922 5701 minuuntur,
970 5641 1380 5708 impinguontur,
1415 5643 1490 5692 vel
1531 5657 1734 5692 marce-

171 5739 320 5780 scunt
347 5745 568 5798 corpora
591 5730 864 5798 inferiora,
911 5733 1048 5800 quod
1077 5736 1374 5786 animantia
1405 5734 1580 5796 bruta,
1618 5751 1732 5787 ares

178 5833 236 5870 ac
266 5822 454 5889 pisces,
498 5821 811 5891 illorumque
843 5825 1106 5889 medulla,
1143 5828 1248 5880 imo
1277 5837 1323 5879 et
1368 5827 1528 5880 maris
1562 5843 1735 5880 acces-

1916 4651 2074 4710 lbid.,
2107 4651 2201 4704 lin.
2233 4651 2320 4704 42.
2365 4653 2514 4703 Διότι
2549 4655 2858 4721 ὑγρότητα.
2893 4653 3145 4717 Basilius,
3175 4655 3317 4708 hom.
3351 4658 3406 4716 6.

1844 4744 1986 4794 Διὸτι
2041 4745 2310 4813 ὑγρότητα
2351 4761 2467 4796 τινα
2511 4744 2800 4814 θερμότητι
2849 4747 3188 4816 κεκραμένην
3219 4747 3310 4800 ἐπὶ
3350 4748 3412 4800 τὸ

1847 4834 2005 4902 βάθος
2061 4834 2361 4900 φθάνουσαν
2413 4835 2712 4904 λεληθότως
2767 4836 2988 4904 ἐνίησιν.
3047 4836 3405 4903 Aristoteles,

1843 4924 1935 4976 lib.
1970 4940 2021 4984 ν,
2053 4923 2129 4975 De
2151 4934 2287 4991 part.
2324 4925 2563 4982 onimal..
2591 4939 2710 4994 cap.
2753 4926 2804 4987 5,
2837 4928 3098 4981 rationem
3132 4931 3408 4997 augmenti

1841 5014 2006 5066 tradit
2041 5029 2161 5068 esse
2186 5025 2369 5067 noctes
2402 5015 2713 5083 lepidiores,
2739 5017 3188 5084 quemadmodum
3219 5028 3272 5071 et
3306 5020 3405 5074 de-

1841 5108 2100 5158 crementi
2147 5105 2478 5173 frigidiores;
2517 5123 2638 5159 cum
2679 5108 2822 5160 enim
2868 5109 3120 5161 animalia
3161 5110 3274 5162 haec
3308 5126 3404 5163 ex-

1841 5196 2088 5262 sanguia,
2119 5205 2174 5246 ut
2196 5203 2408 5256 ostreae,
2434 5195 2734 5265 conchylia,
2763 5206 2814 5249 et
2838 5197 2888 5250 id
2918 5200 3128 5266 generis
3163 5200 3265 5251 alia
3298 5201 3406 5253 sint

1840 5283 2136 5352 frigidioris
2179 5293 2409 5346 naturae,
2459 5286 2658 5353 frigore
2699 5293 2884 5338 vexata
2918 5287 3150 5340 calorem
3192 5288 3406 5343 deside-

1839 5381 1982 5437 rant,
2015 5373 2172 5440 cujus
2199 5389 2297 5440 ope
2340 5373 2582 5440 pleniora
2610 5374 2865 5433 evadunt,
2900 5384 3118 5443 prapter
3148 5377 3288 5428 enim
3323 5377 3406 5430 lu-

1839 5473 1954 5511 cem
1992 5460 2284 5527 pleniorem
2331 5472 2516 5513 noctes
2549 5469 2676 5513 sunt
2710 5463 3026 5530 lepidiores,
3057 5475 3109 5517 et
3142 5481 3244 5517 non
3276 5466 3404 5533 quia

1837 5564 1934 5617 per
1958 5551 2008 5603 id
2049 5560 2260 5619 tempus
2307 5552 2580 5620 copiosius
2632 5562 2931 5621 pascuntur
2961 5564 3019 5607 ut
3071 5557 3219 5608 multi
3252 5557 3405 5612 dixe-

1837 5649 1984 5693 runt.
2020 5641 2274 5706 Quinimo
2304 5644 2416 5711 ipse
2441 5645 2758 5698 Aristoteles
2788 5647 2822 5697 Ι.
2861 5662 2932 5704 ιν,
2963 5646 3039 5699 De
3076 5649 3406 5714 generatione

1839 5735 2085 5796 animal.,
2124 5750 2243 5802 cap.
2284 5736 2340 5796 9.,
2367 5735 2523 5788 docet
2555 5737 2714 5788 sicuti
2747 5736 2825 5790 sol
2869 5753 2961 5804 per
3005 5745 3173 5790 totum
3201 5753 3402 5793 annum

1839 5834 2079 5880 aestatem
2123 5834 2282 5897 atque
2324 5828 2551 5883 hiemem
2589 5829 2734 5896 facit,
2782 5829 2854 5881 ita
2888 5829 3068 5882 lunam
3122 5845 3215 5898 per
3253 5845 3402 5883 meu-
