4042 6338
164 309 264 368 875

1179 306 1247 362 ΙΝ
1285 303 1658 363 ΕυετΑτιιιι
1691 303 2169 362 HEXAEMERON
2210 307 2438 363 NOTAE.

3317 317 3419 372 δτι

165 437 267 494 quo
291 421 454 477 aliam
488 421 836 494 superﬁciem
868 419 1234 497 disertissime
1260 421 1507 492 disputat
1539 419 1738 476 Strabo
1769 431 1813 482 Α
1847 421 2113 476 volantem
2165 423 2318 493 sequi
2383 437 2491 476 non
2546 425 2779 494 possint,
2839 425 3020 481 [luxus
3086 428 3303 497 quidem
3365 435 3420 483 lit

165 513 260 572 lib.
293 530 330 571 ι.
373 513 614 572 Consule
646 523 910 586 praeterea
953 513 1308 573 Laurentium
1336 512 1638 570 Corvinum
1677 512 1736 565 in

163 620 260 664 sua
281 605 594 679 Geograph.,
621 621 670 662 c.
703 605 799 676 lt;
829 604 1092 663 Joannem
1128 604 1484 661 Franciscum
1523 602 1735 667 Picum,

161 699 243 754 l.l
294 697 370 753 De
437 699 680 754 examine
724 700 918 764 vanit.,
968 714 1019 754 c.
1070 697 1170 764 12;
1210 697 1477 754 Joannem
1521 695 1732 759 Picum,

159 789 255 846 lib.
289 806 351 845 ut
380 789 580 844 Contra
622 789 849 855 Asti-0L,
895 805 1016 861 cap.
1062 790 1164 856 15;
1197 787 1469 852 Ficinnm,
1514 803 1638 858 cap.
1681 787 1734 850 6,

157 881 226 937 ad
254 879 454 937 Plotia.
487 880 582 936 lib.
620 897 714 946 tu,
748 877 986 936 Ennead.
1011 882 1075 949 ἃς
1132 880 1525 941 Contarenmn,
1569 878 1664 932 lib.
1696 891 1732 929 ιι

155 972 234 1028 De
255 972 561 1037 elementis;
593 980 648 1030 et
680 973 944 1029 Levinum
976 972 1265 1030 Lemnium
1289 970 1366 1025 De
1386 970 1578 1025 occult.
1617 979 1733 1025 nat.

154 1064 370 1130 miram,
415 1065 509 1119 lib.
555 1051 615 1130 ιι,
646 1080 768 1137 cap.
805 1065 898 1131 ιι.
942 1064 1104 1136 Cujus
1135 1065 1327 1131 verba,
1359 1063 1488 1133 quia
1521 1067 1736 1116 contro-

152 1152 348 1208 versiae
389 1152 555 1224 hujus
593 1153 800 1209 nodum
843 1155 1085 1212 dilucide
1119 1154 1439 1226 expediunt,
1471 1160 1526 1208 et
1568 1156 1755 1206 omne

151 1242 380 1300 dubium
424 1253 699 1311 amarent,
742 1248 1031 1318 lucemque
1075 1247 1314 1302 all'erunt
1359 1245 1596 1309 auctori,
1637 1244 1730 1298 hic

150 1332 466 1390 describere
497 1350 608 1389 non
655 1338 974 1407 gravabon:
1018 1334 1217 1406 lngua
1241 1351 1390 1398 sane,
1439 1334 1638 1405 inquit,
1678 1343 1730 1387 et

151 1423 289 1494 tunc
329 1441 508 1495 opera,
540 1425 595 1481 in
626 1442 800 1482 rerum
833 1429 1029 1483 natura
1067 1421 1322 1499 apparent
1353 1443 1371 1480 :
1400 1442 1574 1481 verum
1601 1427 1728 1479 solis

148 1516 419 1588 efectibus
439 1519 752 1588 posteriora.
780 1519 922 1576 Solis
944 1523 1082 1576 enim
1107 1510 1354 1589 beneﬁcio
1382 1518 1480 1572 illa
1507 1518 1725 1587 fruitur,

150 1609 418 1681 lucemque
447 1611 512 1666 ab
541 1613 635 1666 illo
673 1616 918 1682 sortitur,
954 1617 1032 1668 sic
1060 1622 1118 1668 ut
1152 1621 1302 1667 tanta
1328 1612 1475 1666 illius
1502 1626 1629 1679 pars
1659 1611 1729 1664 il-

148 1700 424 1767 lustretur,
457 1711 711 1774 quantam
732 1704 812 1758 sol
841 1720 936 1758 suo
958 1701 1234 1772 splendore
1255 1701 1521 1766 irradiat;
1548 1699 1726 1769 deﬁcit

1845 510 2046 568 Oceani
2078 515 2182 568 sub
2213 515 2421 568 torrida
2459 515 2515 584 in
2537 517 2901 585 occidentem,
2939 521 3119 592 quoad
3170 521 3423 592 impingit

1846 603 1912 658 ad
1936 606 2210 660 contraria
2259 607 2464 671 littora,
2509 618 2877 680 curvaturque
2919 614 2988 667 ab
3019 613 3087 668 iis
3123 633 3133 667 :
3164 614 3423 681 dissolvi—

1845 705 1933 750 tur
1964 712 2094 752 vero
2130 697 2382 753 discessu
2420 701 2562 754 luna:
2603 702 2892 757 concilium
2934 717 3224 774 aquarum,
3271 706 3418 775 quod

1841 794 1924 841 est
1955 787 2010 840 in
2045 787 2242 843 itinere
2272 804 2467 844 versus
2512 789 2799 855 torridam,
2836 808 2955 862 quae
2985 793 3214 850 deserui:
3243 811 3273 849 a
3307 807 3420 850 tra-

1840 888 1930 934 clu
1959 881 2054 950 qui
2102 881 2222 937 illas
2251 882 2554 945 exciverat,
2611 884 2812 953 impetu
2860 896 3041 957 capto,
3083 897 3310 955 remeat,
3361 899 3416 944 et

1840 974 2071 1028 assultat
2121 975 2190 1030 ad
2240 976 2424 1030 littora
2469 992 2606 1043 sua;
2643 988 2700 1032 et
2741 977 2829 1032 hic
2863 977 3098 1048 impetus
3129 988 3215 1036 cst
3271 981 3416 1036 alius

1837 1070 2130 1132 generatus
2153 1080 2249 1134 per
2290 1066 2597 1122 absentiam
2631 1067 2796 1131 luna,
2831 1066 3009 1123 donec
3045 1069 3162 1140 ipsa
3194 1071 3412 1128 rediens

1838 1154 1990 1208 frena
2031 1155 2268 1227 impetus
2295 1155 2462 1226 hujus
2495 1157 2724 1228 recipiat
2751 1159 2954 1214 modcrt
2976 1168 3193 1231 turque,
3221 1173 3275 1218 et
3305 1180 3414 1218 una

1836 1261 1960 1300 cum
2004 1262 2106 1302 suo
2157 1257 2307 1303 motu
2363 1251 2721 1324 circumagat.
2772 1253 2850 1308 lta
2899 1255 3082 1311 littora
3129 1260 3415 1329 mqualiter

1837 1336 2076 1407 patentia
2119 1339 2311 1394 iisdem
2344 1341 2497 1397 horis
2531 1342 2830 1415 implentur
2858 1348 3062 1412 omnia,
3098 1350 3411 1404 reductiora

1835 1443 1968 1482 vero
2026 1427 2260 1495 tardius,
2309 1434 2572 1488 nonnulla
2626 1434 2992 1493 diversimode
3044 1439 3116 1494 ob
3160 1439 3410 1499 diversos

1835 1521 2026 1575 oceani
2056 1521 2258 1575 aditus.

1905 1612 2066 1682 lbid.,
2099 1615 2193 1668 lin.
2227 1615 2316 1668 55.
2355 1615 2629 1670 Κάτωθεν
2657 1618 2768 1687 γὰρ
2808 1619 2847 1686 ὴ
2890 1622 3146 1691 σελήνη.
3189 1623 3249 1679 ln
3275 1625 3411 1680 ecli-

1833 1704 2024 1775 psibus
2055 1706 2350 1771 solaribus,
2381 1724 2617 1778 quanam
2648 1711 2862 1767 ratione
2892 1714 3026 1767 solis
3058 1714 3196 1768 radii
3222 1716 3408 1770 lunam

148 1802 320 1847 autem
358 1792 593 1864 lucisque
619 1810 802 1864 expers
832 1794 1092 1862 redditur,
1127 1795 1219 1850 ubi
1250 1803 1405 1848 terra:
1432 1794 1724 1847 interventu
1754 1779 1802 1840 Β
1829 1811 1939 1850 non
1954 1806 2261 1866 penetrem,
2285 1808 2338 1852 ει
2369 1802 2646 1868 quomodo
2680 1802 2834 1867 luna,
2863 1819 2990 1858 cum
3014 1806 3087 1860 sit
3117 1807 3276 1878 longe
3305 1810 3409 1862 ωί,

149 1883 238 1938 lux
259 1885 346 1940 illi
375 1886 728 1956 intercipitur.
765 1887 913 1943 Tunc
941 1887 1118 1942 autem
1141 1888 1411 1956 potissime
1435 1888 1492 1940 in
1516 1894 1723 1941 terrena

117 1969 120 1972 ’
146 1977 277 2033 vires
301 1972 439 2032 suas
458 1979 712 2050 explicat,
748 1995 867 2032 cum
898 1978 975 2033 vel
1006 1979 1110 2033 soli
1138 1993 1203 2032 ex
1237 1976 1456 2031 adverso
1485 1975 1723 2043 opposita

145 2070 410 2141 inpletur,
451 2082 606 2145 atque
649 2073 948 2147 orbiculata
988 2073 1226 2144 eﬂicitur,
1263 2071 1336 2125 vel
1371 2069 1458 2122 ubi
1495 2069 1721 2136 primunt

145 2161 227 2218 illi
254 2165 618 2236 conjungitur.
661 2164 764 2220 His
791 2166 931 2219 enim
955 2165 1162 2219 dierum
1202 2164 1393 2232 spatiis
1434 2169 1721 2230 augescunt

142 2264 373 2327 segetes,
412 2257 672 2311 conchilia
712 2265 1035 2327 turgescunt,
1069 2271 1211 2309 vente
1248 2254 1524 2324 sanguine,
1568 2267 1718 2304 ossa-

142 2362 237 2418 qu
257 2347 506 2403 medullis
536 2350 840 2419 implentur.
867 2348 983 2414 Quo
1007 2349 1067 2419 ﬁt
1093 2356 1151 2401 ut
1172 2346 1479 2400 concubitus
1505 2345 1572 2398 iis
1598 2355 1723 2397 tem-

142 2438 356 2508 poribus
400 2440 573 2494 minus
611 2440 824 2510 adiciat.
878 2436 948 2492 Et
987 2438 1237 2509 quoniam
1287 2437 1463 2489 omnia
1502 2435 1720 2487 humore

142 2527 351 2596 imbuit,
385 2532 445 2600 ﬁt
479 2541 536 2585 ut
565 2548 751 2586 carnes
774 2530 942 2584 radiis
969 2531 1116 2585 illius
1145 2530 1398 2599 expositae
1423 2528 1716 2591 tabescunt,

142 2630 295 2693 atque
318 2623 555 2677 homines
586 2640 771 2678 somno
805 2624 1022 2693 vinoque
1052 2624 1232 2692 sopiti,
1280 2621 1537 2692 pallorem
1570 2622 1720 2690 capi-

143 2716 307 2786 lisque
349 2716 682 2786 gravedinem
720 2717 1071 2780 contrahant,
1113 2734 1177 2772 ac
1223 2716 1406 2772 morbo
1459 2715 1721 2770 comitiali

143 2809 438 2878 traiciuntur
467 2823 486 2861 :
509 2809 720 2864 relaxat
764 2811 900 2863 enim
949 2825 1152 2876 nervos,
1197 2825 1258 2862 ac
1295 2809 1562 2862 cerebrum
1596 2807 1716 2877 plus

141 2900 270 2955 satis
301 2899 592 2966 humectat,
623 2902 882 2972 mentique
915 2903 963 2954 vi
994 2901 1212 2972 algiﬁca
1240 2909 1504 2969 stuporem
1532 2899 1716 2968 infert.

143 2991 338 3048 Oceani
373 3010 575 3064 quoque
619 3006 781 3049 cestus
829 2995 1082 3059 excitare,
1127 3011 1446 3064 causamque
1485 2997 1719 3063 recipro—

139 3083 294 3138 candi
322 3083 405 3138 illi
428 3083 660 3155 prabere
687 3101 791 3138 non
809 3095 888 3139 est
917 3084 1056 3156 quod
1084 3085 1200 3154 quis
1225 3082 1479 3153 ambigat.
1519 3082 1580 3137 Si
1608 3085 1718 3152 qui-

139 3174 253 3229 dem
309 3193 431 3230 cum
481 3177 826 3246 perspicimus
869 3176 1050 3229 silenti
1092 3185 1247 3245 atque
1290 3175 1515 3228 obscura
1553 3173 1711 3235 luna;

137 3282 294 3335 eaque
323 3266 401 3320 vel
429 3266 600 3340 medio
632 3266 755 3321 orbe
785 3265 1036 3331 dissecta,
1081 3265 1159 3318 vel
1190 3266 1243 3318 in
1277 3279 1477 3317 cornua
1508 3264 1713 3332 falcata

104 3358 240 3412 ~sive
289 3368 570 3428 augescat,
635 3367 727 3412 aut
769 3359 1061 3420 minuatur,
1114 3357 1288 3409 nullos
1339 3355 1712 3424 propemodum

136 3450 252 3519 ﬁeri
294 3466 553 3519 aquarum
594 3465 902 3515 concursus,
954 3464 1044 3501 nec
1076 3449 1130 3500 in
1177 3447 1346 3499 ullam
1375 3445 1708 3499 altitudinem

136 3541 308 3596 attolli
353 3559 641 3608 oceanum,
692 3557 1012 3612 qucecunque
1072 3539 1233 3594 etiam
1299 3541 1482 3592 littora
1530 3538 1705 3591 alluit.

137 3629 363 3687 Rursum
396 3633 487 3686 ubi
531 3648 651 3686 cum
703 3632 811 3686 sole
865 3628 1221 3701 congreditur,
1275 3639 1430 3698 atque
1468 3629 1711 3682 innovari

135 3724 332 3793 incipit,
360 3735 456 3780 aut
489 3727 544 3780 in
580 3725 756 3780 orbem
795 3723 1155 3778 circumducta
1184 3722 1340 3790 plena
1385 3722 1710 3790 conspicitur

137 3817 394 3869 maximos
427 3816 651 3870 excitari
671 3825 853 3878 aestus,
875 3815 1169 3882 ﬂuctusque
1202 3811 1378 3865 attolli
1405 3813 1460 3864 in
1487 3813 1710 3864 immen-

135 3919 270 3970 sum,
317 3909 434 3977 quis
477 3907 584 3960 alio
631 3923 790 3976 quam
845 3907 897 3959 in
930 3907 1070 3962 luna:
1103 3913 1321 3967 motum,
1351 3904 1578 3971 ﬂuxum,
1625 3919 1706 3955 re-

140 3997 437 4067 ﬂuxumque
480 3999 661 4051 oceani
704 3996 936 4065 referat?
987 3994 1054 4049 Ut
1084 3997 1221 4048 enim
1255 4010 1468 4064 magnes
1505 3992 1707 4061 ferrum

137 4087 322 4153 allicit,
361 4091 437 4142 sic
473 4088 620 4142 sidus
651 4088 746 4141 hoc
791 4099 944 4142 terrm
969 4088 1267 4156 proximum
1299 4103 1445 4139 mare
1484 4086 1706 4138 attrahit

135 4182 477 4252 concitatque.
514 4179 659 4234 Nunt
705 4197 822 4234 cum
864 4181 989 4232 luna
1035 4181 1240 4241 oritur,
1294 4193 1519 4231 oceanus
1563 4178 1707 4230 circa

134 4275 252 4328 illas
292 4275 480 4345 plagas
516 4273 828 4337 devolvitur,
871 4287 1049 4340 nempe
1087 4271 1390 4336 orientales,
1428 4280 1707 4342 partesque

135 4364 479 4419 occidentales
519 4363 976 4430 deserit.Quando
1006 4379 1122 4415 vero
1154 4361 1220 4414 ad
1250 4377 1495 4414 occasum
1521 4363 1704 4433 vergit,

1830 1906 1952 1954 nor,
1989 1900 2159 1944 totum
2194 1885 2378 1945 tanien
2411 1893 2583 1947 solem
2617 1895 2901 1963 obscuret,
2937 1899 3140 1954 diserte
3169 1900 3406 1971 explicat

1825 1980 2164 2047 Cleomedes,
2191 1980 2409 2036 Meteor.
2438 1983 2532 2038 lib.
2561 2001 2621 2048 ιι,
2663 2002 2784 2056 pag.
2823 1987 2892 2042 80
2926 1989 3184 2046 editionis
3225 1991 3402 2046 Paris.

1895 2068 2057 2136 Ibid.,
2113 2073 2208 2126 lin.
2261 2073 2351 2127 55.
2402 2076 2566 2143 Μέγα
2606 2075 2674 2127 δὲ
2715 2077 2814 2131 καὶ
2854 2076 3007 2145 αὐτὴ
3060 2079 3099 2146 ἠ
3142 2079 3398 2148 σελήνη.

1828 2163 1902 2218 De
1932 2165 2307 2234 magnitudine
2341 2166 2501 2231 lunae,
2528 2174 2582 2221 et
2615 2166 2846 2221 aliorum
2871 2169 3212 2237 planetarum
3241 2171 3401 2241 plura

1823 2256 2142 2313 Cleomedes
2202 2259 2323 2312 loco
2372 2258 2428 2312 d.
2469 2268 2542 2314 -οι
2597 2260 2710 2314 alii.
2760 2261 3114 2332 Anaxagoras
3176 2271 3401 2321 auctore

1825 2348 2121 2404 Plutarcho
2151 2351 2335 2404 lunam
2370 2351 2587 2406 dicebat
2620 2367 2744 2406 esse
2782 2367 2968 2422 parem
2995 2353 3396 2425 Peloponneso.

1823 2441 2134 2497 Ludovicus
2161 2441 2364 2499 Fidelis
2398 2443 2474 2499 De
2503 2461 2649 2497 mun.
2677 2454 2797 2507 str.,
2831 2445 2869 2499 l.
2894 2461 2947 2508 v,
2980 2459 3030 2501 c.
3071 2447 3126 2510 7,
3155 2461 3400 2515 quaerere

1824 2540 1989 2603 atque
2029 2535 2266 2587 scrutari
2301 2535 2369 2588 de
2399 2535 2773 2604 magnitudine
2805 2543 2858 2590 et
2920 2538 3229 2605 quantitate
3267 2540 3400 2593 solis

1823 2631 1877 2678 et
1906 2625 2046 2679 lunae
2067 2640 2333 2694 arrogans
2369 2640 2492 2680 esse
2526 2624 2832 2690 contendit,
2869 2640 3079 2699 nosque
3108 2637 3400 2682 contentos

1818 2719 1946 2771 esse
1972 2715 2172 2770 debere
2211 2715 2489 2785 descripto
2517 2716 2672 2780 solis,
2721 2724 2776 2769 et
2815 2716 2976 2780 lunae,
3010 2730 3074 2770 ac
3114 2716 3401 2770 stellarum

1821 2805 1928 2860 hoc
1952 2823 2196 2872 munere,
2235 2817 2292 2860 ut
2331 2809 2412 2862 sol
2444 2807 2576 2870 diei,
2613 2815 2668 2862 et
2700 2808 2828 2862 luna
2864 2809 3012 2863 nocti
3035 2809 3284 2877 praesint,
3320 2809 3400 2864 di-

1822 2898 2119 2968 vidantquc
2146 2901 2287 2953 inter
2309 2899 2485 2953 lucem
2515 2905 2570 2952 et
2613 2898 2887 2961 tenebras,
2912 2896 3054 2952 diem
3078 2907 3131 2952 et
3155 2907 3398 2955 noctem.

1831 2989 2039 3044 Vanum
2066 3001 2144 3045 est
2183 2993 2344 3056 enim,
2378 2991 2577 3062 inquit,
2614 2991 2932 3059 praeclarum
2975 3000 3135 3045 terere
3171 3001 3397 3060 tempus,

1820 3092 1869 3136 et
1912 3083 2104 3137 sudore
2157 3085 2322 3137 multo
2359 3085 2651 3152 exquirere,
2713 3099 2830 3138 aute
2869 3082 3012 3137 Deus
3063 3084 3244 3154 ignota
3286 3097 3398 3137 esse

1819 3175 2002 3230 voluit.

1890 3267 2023 3320 Ibid.
2065 3268 2253 3322 Μῦθοι
2291 3267 2359 3320 δέ
2386 3268 2674 3337 ληρώδεις
2698 3267 2817 3323 ὑπὸ
2837 3269 3201 3336 μεθυόντων.
3240 3267 3396 3321 Basi-

1817 3357 1942 3420 lius,
1978 3359 2123 3412 bom.
2157 3358 2189 3412 6
2225 3378 2237 3411 :
2271 3359 2442 3412 Μῦοοί
2476 3377 2621 3420 τινες
2653 3359 3068 3426 καταγέλαστοι,
3101 3358 3205 3410 ὑπὸ
3239 3362 3395 3429 γραῖ-

1783 3450 1938 3504 πδίων
1973 3450 2428 3522 κωθωνιζομένων
2474 3450 2972 3522 παραληρούμενοι,
3027 3448 3299 3518 πανταχοῦ
3323 3448 3394 3500 δί-

1813 3544 2103 3614 εδόθησαν,
2160 3546 2243 3598 ὅτι
2280 3545 2640 3614 μαγγανείαις
2674 3545 2784 3596 τισὶ
2813 3545 2912 3612 τῆς
2963 3543 3168 3604 οἰκείας
3231 3541 3392 3612 ἕδρας

1811 3637 2200 3706 ἀποκινηθείσα
2244 3638 2442 3706 σελήνη
2495 3637 2632 3706 πρὸς
2675 3636 2778 3705 γῆν
2823 3634 3208 3705 καταφέρεται.
3265 3636 3392 3696 Πῶς

1815 3730 1912 3800 μὲν
1955 3726 2045 3782 οὖν
2074 3730 2258 3799 κινήσε
2324 3730 2533 3798 γοήτων
2560 3728 2807 3797 ἐπαοιδὴ,
2825 3728 2891 3797 ἢν
2924 3726 3084 3791 αὐτὸς
3107 3723 3393 3795 ἐθεμελίω-

1814 3837 1904 3873 σεν
1934 3822 1961 3872 ὁ
1979 3819 2259 3888 *Υψιστοςο
2278 3824 2426 3882 ποῖος
2459 3820 2502 3871 δ’
2522 3819 2587 3872 ἂν
2611 3821 2704 3872 καὶ
2724 3820 2886 3882 τόπος
2915 3818 3392 3872 κατασπασθεῖσαν

1811 3914 1980 3984 αὐτὴν
2017 3913 2342 3977 ὑπεδέξατος
2390 3912 2584 3982 Sagas,
2630 3928 2927 3982 magosque
2970 3914 3167 3966 coelum
3223 3911 3394 3978 depo-

1813 4021 1964 4070 nere,
2007 4013 2205 4060 tcrram
2253 4005 2608 4074 suspendere,
2657 4014 2715 4058 ut
2746 4005 2927 4059 verbis
2979 4003 3192 4072 Apuleii
3243 4010 3388 4069 utar,

1811 4097 1989 4153 fontes
2021 4097 2241 4160 durare,
2279 4108 2493 4151 montes
2550 4095 2778 4160 diluere,
2829 4110 3021 4150 manes
3068 4096 3386 4160 sublimare,

1808 4192 1941 4248 deos
1975 4190 2268 4255 inﬁrmare,
2302 4189 2481 4244 sidera
2509 4190 2878 4259 exstinguere,
2909 4197 3176 4246 tartarum
3206 4189 3387 4260 ipsum

1809 4284 2139 4346 illuminare,
2169 4297 2319 4335 mare
2345 4282 2560 4351 pigrum
2603 4282 2881 4351 colligare,
2913 4283 3082 4335 solem
3117 4282 3384 4342 inhibere,

1811 4377 1994 4430 lunam
2056 4374 2345 4439 deducere,
2403 4374 2590 4428 stellas
2644 4373 2896 4435 evellere,
2941 4381 2993 4426 et
3053 4372 3158 4424 alia
3213 4373 3384 4425 multa

133 4458 186 4512 in
217 4459 323 4512 illis
353 4457 592 4526 partibus
625 4458 955 4512 crebrescunt
988 4455 1204 4524 ﬂuctus,
1252 4455 1304 4508 in
1337 4455 1403 4508 iis
1443 4470 1562 4506 vero
1587 4471 1704 4524 qute

1823 4468 1958 4522 lictu
1985 4469 2192 4538 gravia,
2226 4478 2277 4520 et
2309 4466 2558 4520 maxima:
2591 4465 2987 4528 admirationis,
3023 4464 3140 4520 suis
3173 4465 3385 4534 magnis

135 4547 200 4600 ad
222 4557 395 4600 ortum
422 4557 655 4616 spectant
680 4548 1060 4607 detumescunt,
1091 4544 1243 4614 idque
1272 4543 1598 4614 afﬂuentibus
1627 4544 1703 4595 vel

133 4641 341 4707 parcius
375 4655 470 4708 pro
500 4641 815 4693 incremento
868 4637 1171 4706 de,ectuque
1204 4634 1334 4688 lucis
1357 4651 1516 4704 quam
1549 4635 1704 4688 luna-

133 4748 212 4784 res
242 4732 383 4784 radii
411 4730 673 4784 exhibent.
707 4731 913 4785 Caetera
961 4729 1029 4783 ad
1066 4730 1169 4782 hoc
1215 4727 1360 4781 idem
1399 4728 1702 4795 spectantia

131 4826 245 4895 lege
280 4824 424 4894 apud
466 4824 667 4894 ipsum.
711 4823 949 4878 Joannes
981 4822 1284 4893 Kepplerus
1344 4819 1400 4873 in
1445 4818 1702 4872 Introdu-

133 4919 310 4972 ctione
363 4915 434 4969 ad
490 4929 645 4970 suam
698 4917 1053 4985 Astrologiam
1100 4931 1288 4968 novam
1336 4911 1703 4980 αἰτιολὸγητον

133 5010 372 5064 rationes
419 5007 598 5062 ﬂuxus
629 5014 684 5061 et
723 5006 963 5062 reﬂuxus
1005 5008 1173 5061 maris
1211 5007 1283 5060 ita
1316 5004 1556 5058 insinuat
1588 5023 1598 5056 :
1629 5005 1704 5056 lu-

133 5115 254 5155 nam
279 5101 489 5157 scilicet
518 5115 617 5155 sua
666 5100 985 5154 attractoria
1015 5101 1088 5164 vi,
1130 5114 1252 5169 qua:
1292 5098 1359 5150 ad
1397 5107 1573 5151 terras
1615 5112 1701 5151 us-

134 5209 236 5263 que
279 5194 598 5266 porrigitur,
633 5207 803 5264 aquas
849 5193 952 5248 sub
983 5207 1174 5246 zonam
1215 5191 1479 5246 torridam
1523 5190 1704 5259 prole-

135 5297 302 5352 ctare,
339 5301 449 5357 quo
488 5287 633 5340 facto
658 5284 853 5340 nudari
884 5286 1072 5340 littora
1119 5301 1404 5350 zonarum,
1436 5293 1488 5339 et
1520 5283 1705 5338 elima-

134 5387 245 5433 tum
279 5380 609 5435 lateralium.
647 5378 832 5447 Itaque
862 5378 1018 5448 aquis
1057 5378 1115 5432 in
1145 5378 1328 5434 latiori
1360 5378 1514 5432 alveo
1540 5390 1638 5431 oce
1684 5405 1704 5415 -

138 5473 191 5526 ni
223 5471 666 5543 assurgentibns,
722 5467 838 5523 ﬁcri
874 5475 1074 5538 potest,
1118 5479 1178 5524 ut
1207 5469 1263 5524 in
1292 5467 1702 5540 angustioribus

137 5565 252 5633 ejus
279 5564 533 5627 sinubus,
556 5563 717 5618 modo
738 5575 846 5616 non
870 5561 1033 5615 nimis
1057 5569 1206 5615 arcte
1224 5561 1522 5625 conclusis,
1545 5573 1702 5629 aqua:

139 5667 402 5724 prasente
449 5659 578 5712 luna
621 5657 785 5712 etiam
840 5652 1101 5723 aufugere
1153 5656 1221 5709 ab
1272 5669 1337 5709 ea
1391 5653 1696 5709 vidcantur.

139 5749 269 5806 Cum
303 5760 485 5806 autem
521 5764 672 5819 aqua:
712 5749 896 5803 lunam
923 5748 1199 5816 .vcrticem
1237 5749 1486 5806 celeriter
1515 5755 1700 5804 trans-

449 5843 712 5905 Ρηιιοι..
747 5842 862 5903 Gtt.
899 5839 1124 5904 XVlll.

1809 4561 2300 4626 susurramiuibus,
2342 4554 2802 4629 quandocunquc,
2855 4564 2910 4611 et
2957 4555 3268 4624 ubicunque
3324 4558 3386 4609 li-

1808 4654 1987 4706 buerit
2015 4653 2170 4705 multi
2216 4653 2518 4714 credidere,
2551 4659 2605 4706 ct
2643 4653 2877 4704 maxime
2913 4650 3155 4702 omnium
3192 4659 3380 4718 pectre.

1807 4743 1943 4797 Dido
1994 4744 2058 4796 ad
2112 4745 2322 4797 Annam
2359 4759 2600 4798 sororem
2639 4745 2734 4805 ait,
2799 4743 2892 4798 lib.
2925 4758 2976 4795 tv
3007 4738 3222 4794 .Encid.
3257 4740 3382 4794 Vir-

1804 4836 2018 4906 giliana‘.
2049 4854 2060 4887 :

1807 4952 1944 5006 Hinc
1976 4951 2104 5004 mihi
2135 4950 2384 5021 Massylw
2422 4951 2585 5020 gentis
2611 4958 2906 5004 monstrata
2939 4949 3183 5002 sacerdos
3217 4961 3233 4998 :

1810 5023 1935 5077 "(ec
1969 5039 2021 5076 se
2055 5022 2379 5075 carminibus
2416 5023 2677 5090 promittit
2709 5021 2904 5074 solvere
2935 5032 3129 5072 mentes

1805 5094 1951 5158 Quas
1982 5093 2121 5156 velit,
2152 5102 2237 5145 ast
2272 5093 2394 5144 aliis
2423 5091 2588 5145 duras
2614 5092 2892 5144 immittere
2915 5106 3094 5154 curas,

1805 5163 2004 5217 Sistere
2032 5179 2222 5232 aquam
2250 5162 2449 5230 ﬂuviis,
2477 5172 2527 5216 et
2561 5163 2783 5230 ﬂumina
2814 5173 3007 5232 vertere
3035 5171 3195 5221 retro,

1804 5231 2208 5301 Nocturnosquc
2240 5237 2337 5286 ciet
2361 5249 2540 5285 manes
2568 5250 2585 5286 :
2611 5233 2809 5302 mugire
2833 5231 3026 5283 videbis

1804 5305 1911 5359 Sub
1944 5303 2158 5372 pedibus
2191 5313 2407 5366 terram,
2439 5313 2487 5356 et
2507 5304 2813 5357 descendere
2845 5304 3103 5354 montibus
3124 5318 3300 5354 ornos.

1801 5415 2138 5487 PrOpcrtius,
2173 5416 2319 5487 Eleg.
2350 5417 2441 5470 lib.
2481 5432 2521 5480 ι,
2555 5418 2690 5486 eleg.
2725 5417 2748 5467 1
2791 5435 2802 5469 :

1801 5535 1871 5588 At
1900 5551 1984 5587 vos
2014 5532 2246 5585 deducta:
2275 5531 2459 5601 quibus
2481 5539 2558 5584 est
2587 5530 2806 5599 fallacia
2838 5529 2975 5601 (tunc

1873 5604 1942 5658 Et
1975 5604 2122 5656 labor
2149 5605 2204 5655 in
2237 5599 2456 5670 magicis
2485 5617 2642 5654 sacra
2665 5602 2814 5667 piare
2843 5599 2994 5666 focis.

1805 5675 1885 5730 En
1913 5674 2131 5744 agedum
2156 5673 2382 5726 dominia
2409 5681 2630 5744 mentem
2665 5670 2941 5744 Conuenite
2972 5676 3192 5727 nostru',

1877 5740 2129 5813 Et'facite
2151 5744 2246 5796 illa
2273 5759 2384 5796 meo
2412 5743 2606 5811 palleat
2630 5756 2719 5793 ore
2755 5740 2940 5808 magis.

3058 5828 3136 5886 23
