4042 6338
627 392 729 450 875

629 510 772 565 Tunc
799 525 890 578 ego
912 505 1227 578 crediderim
1259 504 1422 567 vobis,
1454 512 1502 558 et
1519 503 1721 578 sidera,
1761 510 1810 554 et
1841 513 2019 554 amnes

697 573 862 634 Posse
893 577 1132 648 Cytaeis
1154 575 1342 629 ducere
1363 573 1706 629 carminibus.

632 716 896 778 Tibullus,
939 710 1087 782 Eleg.
1117 712 1172 777 2,
1203 711 1296 765 lib.
1329 725 1344 762 ι
1380 730 1390 763 :

631 847 785 919 Hanc
804 866 897 919 ego
918 848 982 902 de
1009 850 1138 902 caelo
1170 847 1440 919 ducentem
1467 844 1642 919 sidera
1670 841 1795 919 uidi,

694 913 960 974 Fluminis
993 919 1102 972 lucc
1130 917 1304 986 rapidi
1331 917 1563 970 carmine
1592 913 1741 968 vertit
1767 913 1889 965 iter.

629 1055 972 1126 Apollonius,
1008 1054 1204 1124 Argon.
1241 1051 1316 1106 lib
1367 1065 1428 1105 ιιι
1459 1068 1475 1103 :

631 1168 743 1223 Kal
780 1166 1084 1236 ποταμοὺς
1113 1166 1314 1236 larna‘
1347 1163 1557 1236 ltpgijg
1579 1157 1892 1236 negabs-ml
2187 1173 2201 1186 ο

635 1242 862 1306 Ἄστρα
898 1229 962 1290 τε
987 1229 1084 1288 καί
1111 1229 1311 1304 μήνης
1343 1229 1506 1301 ἱερῆς
1533 1229 1792 1298 ἐπέδησε
1831 1229 2176 1291 κελεύθους.

634 1349 909 1412 Lucanus,
934 1346 1032 1402 lib.
1078 1360 1129 1399 vs
1162 1365 1176 1400 :

636 1466 703 1521 Et
724 1466 924 1536 patitur
951 1472 1127 1517 tantos
1156 1470 1315 1536 cantu
1343 1453 1587 1536 depressa
1619 1457 1846 1536 labores,

635 1527 810 1592 Donec
833 1536 1129 1604 suppositas
1160 1532 1372 1602 propior
1403 1529 1669 1598 despumet
1699 1530 1754 1581 in
1787 1527 1992 1580 herbas.

634 1648 822 1714 Ovid.,
851 1663 931 1702 xu
973 1645 1326 1715 Metamorph.
1360 1661 1378 1697 :

635 1761 812 1816 Mater
835 1768 950 1815 erat
975 1758 1201 1828 Mycale,
1229 1773 1386 1826 quam
1416 1756 1696 1828 deduxisse
1725 1754 1960 1808 canendo

636 1831 786 1902 Sarpe
810 1827 1115 1885 reluctantis
1145 1828 1419 1881 constabat
1442 1843 1640 1880 cornua
1667 1827 1829 1880 tunc.

635 1945 914 2008 Bantius,
939 1942 1042 1998 oda
1072 1957 1126 2004 v,
1154 1939 1361 2009 Epod.:

639 2061 772 2130 Qua:
797 2061 974 2114 sidera
1010 2065 1290 2130 excantata
1321 2070 1438 2130 socc
1469 2053 1719 2107 Thessala

744 2130 1049 2201 Lunamque
1073 2126 1200 2181 cazlo
1228 2126 1429 2192 diripit.

640 2243 808 2299 Plura
839 2241 1058 2313 collegit
1078 2240 1318 2295 Joannes
1345 2237 1688 2292 Passeratius
1711 2235 1764 2288 in
1794 2232 2002 2288 dictum
2031 2234 2212 2288 locum

639 2333 933 2406 Propertii.
981 2332 1117 2398 Qua:
1144 2329 1330 2385 omnia
1381 2329 1460 2382 uti
1495 2327 1712 2387 stolida.
1764 2324 2038 2388 fabulosa,
2090 2323 2215 2393 quis

641 2438 790 2480 sanae
818 2422 1017 2476 mentis
1061 2435 1172 2473 non
1219 2417 1448 2486 rejiciet,
1497 2429 1620 2469 cum
1669 2421 1925 2467 auctores
1959 2412 2088 2481 ipsi,
2119 2411 2212 2483 qui

639 2516 733 2572 illa
763 2511 1037 2569 mentibus
1059 2509 1340 2563 hominum
1364 2509 1608 2575 ingerere
1635 2503 1817 2559 conati
1846 2513 1993 2567 sunt,
2015 2517 2079 2556 ca
2109 2502 2214 2556 sibi

641 2603 1083 2658 contradicentes
1132 2597 1480 2667 vituperant?
1534 2595 1762 2662 Medea,
1823 2595 1868 2650 si
1923 2594 2211 2662 punisset,

640 2713 752 2751 non
779 2696 854 2750 ita
884 2695 1196 2758 clamasset,
1233 2689 1290 2745 Si
1327 2705 1532 2758 possem
1558 2690 1739 2743 sanior
1767 2704 1955 2750 essent,
1983 2686 2073 2740 sed
2099 2694 2214 2738 tra-

644 2791 720 2843 hit
749 2789 968 2842 invitam
997 2803 1131 2840 noua
1161 2786 1255 2838 vis.
1274 2781 1433 2836 Circe
1449 2796 1570 2851 qua:
1586 2777 1848 2849 quidquid
1868 2777 2027 2832 vellet
2053 2791 2215 2846 posse

641 2879 987 2945 credebatur,
1010 2891 1169 2933 suum
1197 2873 1439 2943 nequivit
1469 2872 1718 2942 Ulyssem
1756 2869 2022 2924 remorari
2049 2888 2062 2922 :
2095 2884 2216 2938 qua:

643 2972 725 3027 sic
754 2970 953 3027 cecinit
981 2967 1227 3032 Ovidius,
1254 2966 1348 3020 lib.
1383 2980 1423 3030 ι,
1457 2963 1532 3018 De
1568 2963 1762 3016 remed.
1781 2978 1956 3015 amor.
1984 2977 2004 3016 ε

649 3074 848 3132 Omnia
877 3074 1050 3142 fecisti
1080 3089 1142 3126 ne
1171 3070 1397 3124 callidus
1425 3070 1590 3142 hostis
1615 3069 1804 3142 abiret,

750 3143 854 3199 Ille
877 3140 1021 3198 dedit
1053 3153 1205 3197 certe
1241 3144 1399 3194 lintea
1429 3141 1583 3202 plena
1613 3140 1772 3210 fugat.

647 3214 844 3270 Omnia
873 3215 1064 3282 fecisti,
1096 3229 1157 3266 ne
1185 3224 1232 3265 te
1255 3214 1395 3280 {erus
1434 3221 1602 3264 ureret
1629 3211 1793 3280 ignis;

752 3283 965 3356 Longus
989 3285 1042 3336 in
1073 3285 1231 3336 invito
1257 3290 1459 3351 pectore
1487 3282 1618 3334 sedit
1649 3298 1820 3333 amor.

647 3399 904 3469 Sciteque
925 3397 993 3452 ab
1018 3395 1343 3467 Hippocrate
1373 3395 1602 3449 diluitur
1628 3395 1812 3450 libello
1838 3395 1914 3449 De
1928 3395 2179 3464 epitepsia
2197 3412 2215 3449 :

647 3493 712 3549 Si
749 3494 908 3553 enim,
945 3491 1142 3559 inquit,
1191 3489 1342 3542 homo
1372 3487 1698 3540 carminibus
1732 3487 1914 3540 lunam
1966 3486 2219 3542 deducere

646 3585 775 3638 caelo
805 3591 1001 3652 posset,
1041 3591 1150 3633 tum
1182 3590 1318 3633 certe
1367 3578 1526 3642 Deus,
1554 3589 1603 3632 et
1640 3596 1783 3633 mens
1813 3579 2011 3643 divina,
2045 3589 2218 3632 astro-

647 3690 766 3728 rum
804 3674 1048 3728 conditor
1088 3682 1137 3726 et
1179 3681 1370 3737 rector,
1405 3673 1674 3724 hominum
1703 3672 1974 3735 potestati,
2001 3687 2219 3740 magno-

648 3783 866 3837 rumque
899 3765 1327 3828 incantamentis,
1369 3763 1507 3834 qucd
1537 3761 1708 3816 dicere
1750 3764 1898 3832 nefas
1945 3771 2044 3828 est,
2085 3772 2219 3816 esset

647 3858 926 3914 obnoxius.
959 3857 1177 3912 Fabula:
1203 3866 1258 3911 et
1282 3857 1484 3910 erroris
1515 3855 1742 3924 hujusce
1767 3855 1922 3924 origo
1947 3865 2071 3908 nata
2115 3864 2218 3921 est,

649 3959 710 4004 ut
737 3949 902 4006 refert
943 3947 1269 4002 Plutarchus
1299 3948 1426 4003 libr.
1467 3946 1541 3999 De
1594 3956 1838 4014 prwcept.
1891 3946 2218 4012 connubial.,

651 4041 795 4112 quod
826 4040 1077 4094 homines
1121 4039 1263 4091 luna:
1290 4037 1588 4106 deliquium
1620 4038 1952 4106 ignorarent,
1993 4039 2221 4108 ejusque

651 4129 877 4184 luminis
935 4128 991 4180 in
1031 4127 1221 4196 eclipsi
1251 4125 1546 4180 delectum.
1595 4126 1847 4197 Aganice,
1885 4129 2049 4183 verba
2093 4140 2223 4183 sunt

649 4218 952 4283 Plutarchi,
988 4217 1258 4286 Hegetoris
1287 4215 1524 4270 Thessali
1551 4219 1687 4285 ﬁlia,
1718 4219 1948 4273 siderum
1980 4222 2036 4274 in
2055 4223 2220 4288 pleni-

653 4310 814 4363 luniis
842 4307 1074 4377 defectus
1107 4309 1298 4375 perita,
1331 4324 1392 4360 ac
1415 4310 1662 4377 temporis
1703 4328 1804 4380 quo
1848 4311 1977 4363 luna
2017 4311 2222 4379 objectu

655 4408 806 4454 terra:
833 4398 1020 4452 umbra
1051 4397 1446 4452 obnubilaretur
1474 4417 1665 4468 gnara,
1705 4417 1823 4454 cum
1862 4401 1970 4454 htec
2005 4403 2224 4454 mulier-

1975 376 2222 437 LEONIS
2260 371 2529 432 ALLATll

2234 502 2280 558 Α
2305 495 2581 563 νόμενον.
2610 488 2864 552 Basilius.
2893 488 3040 542 hom.
3070 484 3129 552 ε,
3162 484 3238 540 De
3260 484 3408 542 sole:
3436 482 3530 554 Μὴ
3554 481 3869 550 ἐξαπατάτω

3770 364 3869 420 876

2303 603 2362 640 σε
2392 585 2453 639 τὸ
2483 584 2826 654 φαινόμενον,
2869 581 2996 652 μηδ’
3032 581 3113 633 ὅτι
3155 579 3421 649 πηχυαῖος
3446 577 3562 637 τοῖς
3585 573 3756 644 ὁρῶσι
3798 571 3869 624 δο-

2301 675 2406 735 κεῖ,
2435 670 2688 725 τοσοῦτον
2726 669 2890 723 αὐτὸν
2918 664 3057 720 εῖναι
3097 667 3307 737 λογίσῃ.
3354 661 3734 734 Συναιρείσθαι
3767 660 3866 730 γάρ

2303 763 2546 831 πέφυκεν
2568 763 2629 814 ἰν
2659 763 2773 824 τοῖς
2804 759 3061 829 μεγάλοις
3085 759 3417 829 διαστήμασι
3441 759 3509 811 τὰ
3539 754 3748 826 μεγέθη
3769 753 3867 806 in

2303 853 2615 924 ὁρωμένων,
2643 853 2746 922 τῆς
2779 851 3041 922 ὁρατικῆς
3082 849 3364 921 δυνάμεως
3393 849 3494 901 οὐκ
3541 845 3867 917 ἑξαρτοονμέο

2305 964 2400 1016 νης
2424 945 2513 999 τὸν
2554 943 2754 1014 μεταξὺ
2785 942 2949 996 τόπον
2983 941 3272 1012 διαπερᾷν,
3300 939 3430 994 ἀλλ’
3455 937 3618 991 οἱονεὶ
3648 937 3868 990 induun-

2305 1037 2550 1108 νωμένης
2604 1034 2682 1105 τῷ
2949 1034 3044 1086 καὶ
3082 1017 3223 1086 κατὰ
3275 1029 3452 1100 ὀλίγον
3504 1030 3673 1101 αὐτῆς
3718 1028 3870 1099 μέρος

2308 1127 2751 1201 προσσαλλούσης
2763 1128 2876 1188 τοῖς
2905 1125 3138 1194 ὁρατοῖς.
3156 1121 3362 1193 -Μικρὰ
3389 1118 3484 1175 οὖν
3509 1124 3543 1192 ὴ
3570 1121 3695 1190 ὄψις
3725 1119 3869 1190 huc?"

2307 1220 2594 1290 γενομένη,
2627 1216 2798 1289 μικρᾶ
2825 1215 3047 1286 εποίησε
3063 1210 3377 1284 νομίζεσθαι
3407 1213 3476 1266 τὰ
3503 1212 3782 1284 ὁρώμενα,
3816 1209 3869 1261 τδ

2306 1314 2506 1366 οἰκεῖον
2561 1309 2734 1372 πάθος
2783 1311 2896 1371 τοῖς
2941 1308 3160 1378 ὁρατοέ
3213 1305 3568 1375 ἐπιφέρουσα.
3621 1303 3786 1354 Ὥστε
3827 1303 3868 1352 si

2306 1405 2560 1475 ψεύδεται
2583 1405 2618 1473 ὴ
2652 1402 2794 1471 ἅζιις,
2831 1400 3057 1454 ἄπιστον
3081 1397 3143 1450 τὺ
3167 1397 3468 1467 κριτήριον.
3498 1397 3655 1450 Multi
3700 1404 3872 1448 tamen

2309 1509 2377 1550 ex
2426 1494 2668 1564 antiquis
2727 1489 3067 1561 philosophis
3117 1489 3283 1544 etiam
3338 1488 3508 1542 solem
3559 1487 3711 1542 illius
3756 1501 3875 1542 esse

2310 1583 2727 1655 magnitudinis,
2753 1597 2862 1652 qua
2889 1596 2950 1636 se
2995 1581 3275 1635 hominum
3307 1578 3485 1634 oculis
3509 1577 3773 1643 ostendit,
3801 1577 3876 1631 ai-

2312 1675 2619 1740 ﬁrmarunt,
2650 1674 2790 1728 inter
2817 1687 2914 1728 eos
2942 1672 3198 1742 princeps
3229 1670 3403 1726 fuisse
3429 1669 3648 1725 videtur
3681 1668 3877 1739 Epicu-

2311 1782 2430 1831 rus,
2457 1779 2619 1833 quem
2646 1761 3071 1833 elegantissime,
3093 1771 3149 1816 et
3181 1774 3292 1814 non
3322 1759 3579 1815 invalidis
3599 1773 3880 1830 argumen-

2237 1839 2287 1900 Β
2314 1859 2385 1912 tis
2420 1855 2619 1912 refellit
2645 1853 2982 1918 Cleomedes,
3015 1851 3112 1906 lib.
3144 1867 3182 1906 ιι
3216 1848 3432 1905 lleteor.

2381 1948 2500 2003 Col.
2552 1946 2678 2006 79.4.
2707 1946 2806 2000 lin.
2853 1944 2907 1998 ὁ.
2939 1945 3167 2012 Ὠσπερ
3217 1943 3330 2012 γὰρ
3363 1943 3422 1995 ετ
3463 1960 3572 2010 τις.
3625 1941 3878 2005 Basilius,

2311 2039 2458 2096 hom.
2489 2038 2523 2092 6
2554 2059 2567 2091 :
2617 2035 3020 2108 Ύπομνήσθητι
3046 2036 3104 2088 δὲ
3149 2035 3258 2088 τῶν
3289 2034 3504 2088 οίιιείων
3542 2033 3756 2099 παθῶν,
3789 2033 3882 2087 καὶ

2314 2132 2464 2204 παρὰ
2509 2130 2734 2184 σεαυτοῦ
2775 2129 2917 2195 ἕξεις
2953 2127 3063 2181 τῶν
3091 2127 3398 2198 λεγομένων
3428 2127 3529 2197 τὴν
3562 2126 3764 2180 πίστιν.
3819 2125 3886 2179 Εἴ

2317 2238 2444 2274 ποτε
2475 2220 2582 2274 ἀπὸ
2629 2220 2934 2290 ἀκρωρείας
2979 2217 3221 2288 μεγάλης
3260 2217 3442 2270 πεδίον
3483 2214 3623 2281 εῐδες
3659 2215 3797 2270 πολὺ
3823 2234 3886 2270 τε

2316 2313 2410 2363 καὶ
2464 2311 2674 2373 ὕπτιον,
2709 2311 2871 2381 ἡλίκα
2921 2309 3018 2381 μέν
3055 2327 3138 2362 σοι
3165 2309 3442 2378 κατεφάνη
3470 2308 3539 2361 τὰ
3568 2307 3762 2379 ζεύγη,
3790 2325 3888 2380 πη-

2314 2402 2452 2454 λίκοι
2494 2401 2550 2454 δὲ
2579 2403 2627 2454 οἱ
2671 2402 2932 2472 ἀροτῆρες
2965 2399 3152 2464 αὐτοῖς
3200 2402 3249 2454 εί
3292 2401 3368 2472 μὴ
3419 2401 3726 2471 μυρμήκων
3770 2399 3889 2452 τινά

2317 2509 2396 2545 σοι
2433 2492 2701 2561 παρέσχον
2735 2491 3053 2559 φαντασίαν.
3086 2491 3150 2542 Εί
3180 2490 3238 2542 δὲ
3271 2491 3365 2544 καὶ
3395 2490 3504 2544 άπὸ
3535 2491 3769 2552 σκοπιᾶς
3798 2491 3888 2542 καὶ

2317 2583 2458 2654 μέγα
2502 2582 2736 2650 πέλαγος
2777 2581 3160 2652 τετραμμένης
3201 2584 3268 2652 τῇ
3312 2580 3555 2653 θαλάσσῃ
3590 2581 3690 2644 τὰς
3739 2581 3888 2649 ὄψεις

2315 2672 2597 2735 ὲπέδαλες,
2629 2671 2810 2743 ἡλίκαι
2845 2671 2944 2741 μέν
2973 2687 3057 2723 σοι
3097 2669 3280 2736 ἔδοξαν
3312 2665 3449 2723 εἶναι
3485 2669 3594 2724 τῶν
3622 2671 3802 2740 νήσων
3830 2666 3886 2721 ai

2317 2764 2589 2834 μέγισται,
2624 2761 2827 2830 πηλίκη
2868 2759 2926 2812 δέ
2955 2776 3038 2812 σοι
3071 2759 3348 2830 κατεφάνη
3381 2757 3479 2829 μία
3499 2755 3606 2810 τῶν
3629 2756 3889 2828 μυριοφό-

2319 2871 2426 2924 ρων
2447 2853 2686 2907 ὁλκάδων
2713 2853 2928 2914 λευκοῖς
2958 2851 3146 2914 ἱστίοις
3173 2851 3314 2922 ὑπὲρ
3335 2850 3540 2920 κυανῆς
3555 2849 3886 2921 κομιζομένη

2318 2944 2624 3014 θαλάσσης;
2661 2946 2709 2996 εί
2758 2944 2835 3014 μὴ
2883 2943 3060 3012 πάσης
3087 2944 3416 3014 περιστερᾶς
3444 2941 3774 3014 μικροτέραν
3806 2956 3888 2992 σοι

2320 3037 2625 3107 παρέσχετο
2656 3036 2756 3105 τὴν
2784 3036 3100 3104 φαντασίαν.

2387 3128 2545 3193 lbid.,
2599 3128 2694 3181 lin.
2751 3125 2803 3180 7.
2875 3123 3390 3192 Ἑνδαπανηθεῒσα
3444 3123 3576 3194 γάρ.
3623 3123 3887 3185 Basilius.

2317 3221 2465 3275 hom.
2499 3219 2532 3273 6
2566 3239 2578 3272 :
2615 3219 2780 3284 Διότι,
2831 3218 3082 3287 καθάπερ
3127 3217 3291 3287 ἔφην,
3336 3215 3765 3284 ὲνδαπανηϐεἶσα
3814 3214 3891 3284 τῷ

2318 3313 2437 3382 ἀέρι
2482 3315 2516 3381 ἡ
2567 3311 2708 3380 ὄψις,
2756 3309 2998 3380 ἐξίτηλος
3037 3308 3322 3379 γενομένη,
3365 3310 3504 3380 πρὸς
3545 3309 3644 3380 τὴν
3689 3307 3889 3380 aitth

2318 3402 2619 3473 κατάληψιν
2649 3401 2757 3454 τῶν
2797 3400 3088 3472 ὁρωμένων
3131 3399 3233 3452 οὐκ
3278 3397 3514 3470 ἐξαρκεῖ.
3553 3397 3758 3455 Eadem
3799 3413 3889 3453 ra-

2320 3497 2466 3550 tione
2509 3491 2828 3548 Aristoteles
2886 3492 2964 3546 De
3007 3500 3237 3562 generat.
3273 3491 3436 3546 anim.
3471 3492 3564 3547 lib.
3594 3508 3651 3558 ν,
3682 3505 3804 3561 cap,
3835 3489 3887 3553 Ι,

2320 3588 2395 3640 ait
2409 3601 2473 3641 ea
2491 3601 2613 3656 qua:
2649 3584 2825 3640 oculis
2861 3585 3298 3654 prominentibus
3315 3592 3443 3640 sunt
3457 3583 3647 3655 procul
3664 3598 3890 3639 cernere

2319 3686 2616 3750 nequeunt,
2634 3693 2754 3748 qua:
2769 3686 2957 3732 contra
2978 3679 3125 3732 intus
3145 3677 3201 3732 in
3221 3692 3354 3732 cavo
3374 3678 3562 3733 oculos
3579 3677 3781 3732 habent
3803 3691 3892 3747 po-

2319 3770 2477 3835 sitos,
2510 3770 2668 3839 longe
2697 3769 2942 3838 aspicere
2975 3777 3226 3838 possunt,
3250 3769 3341 3822 διὰ
3361 3768 3424 3820 τὸ
3451 3769 3552 3838 τὴν
3578 3767 3795 3837 κίνησιν
3816 3767 3892 3838 μὴ

2318 3859 2794 3914 διασκεδάννυσθαι
2816 3862 2895 3922 εἰς
2926 3861 3144 3930 ἀχανὲς,
3166 3859 3284 3914 ἀλλ’
3307 3859 3650 3928 εὐθυπορεῖν.
3683 3859 3891 3925 Quibus

2320 3952 2498 4006 verbis
2523 3952 2831 4020 opinionem
2856 3950 3100 4006 Platonis
3129 3952 3416 4020 amplexus
3447 3951 3661 4006 videtur
3687 3953 3894 4008 Aristo-

2322 4044 2473 4105 teles,
2504 4043 2959 4112 quemadmodum
2994 4051 3048 4098 et
3087 4060 3148 4098 ιιι
3199 4041 3421 4098 leteor.
3451 4059 3572 4114 cap.
3603 4045 3659 4111 ὅ,
3684 4045 3722 4099 4
3756 4053 3811 4101 et
3837 4044 3886 4106 6,

2321 4139 2374 4185 et
2406 4131 2673 4187 Problem.
2711 4135 2952 4189 sectione
2971 4135 3061 4197 5i,
3088 4134 3352 4204 problem.
3385 4134 3473 4200 l6,
3497 4135 3566 4190 ad
3595 4135 3888 4191 dubitatio-

2323 4239 2421 4278 nes
2454 4224 2717 4294 quasdam
2738 4225 3119 4279 dissolvendas
3143 4225 3246 4280 hac
3267 4224 3455 4281 eadem
3492 4229 3684 4293 utitur,
3709 4244 3888 4298 quam-

2323 4315 2406 4368 vis
2441 4315 2772 4368 contrariam
2817 4322 3041 4370 secutus
3069 4315 3336 4371 videatur.
3371 4315 3448 4372 De
3476 4317 3739 4387 opinione
3769 4318 3886 4392 -Ριέιο

2325 4404 2494 4468 tonis,
2541 4413 2822 4475 aspectum
2857 4406 3066 4460 scilicet
3097 4405 3234 4461 allici
3281 4407 3516 4478 imagine
3544 4409 3729 4480 aliqua
3770 4425 3801 4463 a
3837 4425 3885 4464 re

651 4492 786 4546 culis
817 4489 1042 4543 credulis
1089 4505 1330 4559 prtesaga
1361 4490 1527 4558 futuri
1556 4491 1880 4559 prazdiceret,
1913 4503 2218 4560 prwcanta-
2250 4507 2294 4562 ι)
2323 4497 2440 4550 visa
2471 4496 2744 4564 ellluente,
2788 4496 2884 4552 sed
2931 4497 3166 4555 emicare
3209 4506 3277 4569 ex“
3324 4502 3500 4556 oculis
3539 4503 3738 4566 lucem,
3788 4518 3881 4572 qua

652 4579 792 4631 tione
823 4578 1003 4630 lunam
1035 4576 1321 4631 subducere
1365 4579 1490 4631 cwlo
1532 4577 1860 4635 credebatur.
1909 4582 2020 4636 lloc
2075 4581 2219 4636 idem

654 4669 939 4722 conﬁrmat
988 4668 1350 4739 fragmentum
1397 4672 1594 4723 veteris
1629 4681 1799 4739 poeta:
1829 4673 1970 4741 apud
2005 4671 2221 4728 Turne-

652 4761 803 4824 bum,
841 4757 1121 4811 Adversar.
1164 4759 1253 4812 lib.
1287 4776 1400 4824 xu,
1433 4775 1553 4829 cap.
1593 4762 1660 4827 5;
1691 4770 1744 4816 et
1767 4763 2063 4818 Martinum
2100 4765 2222 4820 Del-

653 4865 797 4903 τιιιιη
831 4848 1285 4918 Disqnisiticuum
1326 4851 1654 4921 magis-arum
1679 4854 1771 4908 lib.
1813 4869 1874 4918 ιι,
1904 4865 2098 4925 quast.
2131 4858 2219 4920 Η,

652 4950 707 4995 ct
734 4949 927 5010 praeter
958 4942 1094 4996 alios
1127 4941 1443 4997 Cleomedcs
1477 4944 1596 4997 loco
1622 4945 1788 4998 dicto.
1838 4946 2058 5011 Τούτοις
2096 4950 2224 5018 ἑξῆς

652 5032 746 5084 τὸν
789 5033 916 5102 περὶ
961 5033 1058 5102 τῆς
1100 5033 1390 5099 ἐκλείψεως
1437 5036 1602 5105 αὐτῆς
1646 5037 1999 5109 ποιησώμεθα
2042 5041 2220 5108 λόγον,

651 5125 803 5186 ὅπως
864 5124 938 5194 μὴ
988 5125 1380 5195 παραπλησίως
1434 5129 1545 5189 τοῖς
1597 5129 1858 5197 γραῖδίοις
1918 5134 2012 5184 καὶ
2066 5137 2225 5205 ἡμεῖς

652 5214 986 5283 δοξάσωμεν,
1022 5216 1220 5267 ὁπόταν
1261 5215 1502 5268 ἐκλείπει
1537 5218 1810 5289 ἡσελήνη,
1841 5222 1921 5274 ὅτι
1945 5226 2226 5294 φαρμακί-

655 5307 742 5367 δίς
776 5307 910 5358 εἰσὶν
945 5308 1002 5360 αἱ
1027 5307 1384 5378 καθαιροῦσαι
1425 5311 1598 5379 αὑτήν
1655 5311 1819 5365 Multa
1851 5316 1906 5368 in
1932 5316 2072 5371 hanc
2101 5335 2226 5373 sen-

657 5398 881 5450 tentiam
913 5399 1074 5452 habet
1097 5397 1334 5454 Joannes
1360 5399 1579 5455 Wierus
1611 5402 1686 5456 De
1712 5409 1991 5476 pra’stigiis
2030 5408 2227 5462 demto-

656 5504 782 5541 num
817 5489 909 5541 lib.
967 5503 1028 5551 ιι,
1077 5505 1198 5558 cap.
1238 5491 1335 5554 l7;
1386 5503 1440 5547 et
1487 5492 1698 5549 Delrius
1746 5497 1895 5552 dicto
1940 5500 2078 5565 loco,
2108 5502 2224 5571 qui,

657 5577 790 5642 Qua:
823 5578 891 5630 sit
929 5595 1200 5647 magorum
1219 5592 1448 5649 potestas
1486 5585 1550 5636 iu'
1572 5586 1717 5638 orbes
1769 5589 2018 5656 mlestes,
2050 5591 2228 5645 sidera

653 5681 704 5723 et
735 5669 1008 5733 elementa,
1041 5672 1289 5740 pluribus
1317 5677 1575 5745 explicat.

727 5759 886 5826 lhid.,
919 5762 1016 5818 lin.
1053 5764 1140 5819 59.
1185 5765 1282 5833 Μίι
1326 5769 1434 5838 γὰρ
1471 5769 1820 5834 ἐξαπατάτω
1869 5791 1942 5829 σε
1985 5776 2052 5829 τὸ
2095 5795 2226 5847 φαι-

2321 4587 2593 4655 objectum
2645 4586 3086 4657 comprehendat,
3136 4598 3374 4646 tractant
3419 4591 3742 4649 Priscianus
3790 4594 3882 4666 Ly-

2322 4675 2426 4730 dus
2459 4676 2551 4728 lib.
2587 4674 2662 4728 De
2687 4675 3004 4743 phantasia;
3040 4679 3355 4736 Chalcidius
3397 4680 3688 4737 Comment.
3720 4686 3779 4738 in
3802 4685 3882 4739 τι-

2324 4783 2514 4819 ma’um
2543 4766 2829 4831 Platonis;
2858 4769 3115 4826 Alcinous
3145 4773 3198 4826 in
3233 4771 3643 4831 lntroductione
3663 4778 3732 4832 ad
3771 4777 3876 4833 Pla-

2326 4864 2439 4909 ton.
2472 4855 2906 4924 Philosophiam:
2939 4857 3224 4918 Nem'esius
3246 4861 3325 4916 De
3352 4873 3465 4916 nat.
3493 4864 3660 4932 hom.,
3679 4883 3800 4937 cap.
3829 4868 3874 4931 7;

2323 4945 2662 5008 Macrobius,
2699 4945 2915 5001 Saturn.
2965 4949 3060 5004 lib.
3107 4966 3184 5013 νι,
3214 4965 3335 5021 cap.
3367 4951 3465 5017 ll;
3508 4951 3756 5012 Plotinus
3793 4957 3873 5010 lib.

2327 5034 2404 5088 De
2435 5035 2632 5088 visione
2657 5035 2946 5100 ;Euclides
2983 5040 3164 5096 libello
3207 5040 3286 5095 De
3310 5046 3654 5110 prospectioa,
3692 5057 3748 5100 et
3779 5048 3873 5099 alii.

2397 5120 2565 5186 lbid.,
2614 5123 2709 5178 lin.
2764 5124 2820 5180 9.
2882 5127 2995 5180 Kal
3049 5127 3140 5180 ὅτι
3191 5129 3577 5200 παμμέγεθες.
3638 5132 3876 5192 Basilius.

2329 5212 2474 5266 hom.
2507 5213 2540 5266 6
2571 5233 2585 5269 :
2621 5216 2806 5270 Βούλει
2843 5219 2952 5272 ἀπὸ
2979 5218 3190 5288 μικρῶν
3237 5213 3550 5293 τεκμηρίων
3580 5223 3762 5278 λαϐεῖν
3795 5224 3879 5277 τοῦ

2330 5304 2591 5373 μεγέθους
2623 5307 2791 5379 αὐτῆς
2822 5308 2918 5379 τὴν
2949 5310 3329 5379 ἀπόδειξιν;Αί
3361 5314 3499 5367 κατὰ
3529 5315 3627 5385 τὴν
3658 5317 3882 5387 οἰκουμέ-

2329 5411 2425 5464 νην
2459 5396 2639 5458 πὸλεις
2672 5398 2924 5452 πλεῖστον
2956 5399 3196 5470 ἀλλήλων
3221 5402 3604 5474 ἀπῳκισμέναι
3634 5408 3768 5461 κατὰ
3790 5409 3878 5478 τὴν

2329 5486 2588 5558 ἀνατολὴν
2619 5491 3024 5561 τετραμμέναις
3055 5497 3413 5566 ρυμοτομίαις
3458 5498 3521 5562 ἐξ
3568 5500 3685 5553 [σου
3727 5502 3879 5555 τεῖσαι

2328 5578 2390 5630 τὸ
2424 5577 2700 5650 σεληναῖον
2753 5581 2868 5650 φῶς
2903 5583 3271 5655 ὑποδέχονται.
3321 5586 3484 5644 Plura
3530 5590 3600 5648 de
3641 5592 3745 5648 hoc
3774 5595 3880 5646 vide

2329 5669 2470 5740 apud
2501 5669 2844 5728 Clcomedcm
2877 5675 2996 5731 loco
3027 5677 3196 5732 dicto.

2403 5761 2564 5826 lbid.,
2618 5765 2712 5818 lin.
2771 5764 2856 5818 ιι.
2905 5767 3013 5824 ιω
3061 5771 3273 5840 ὁμοίως
3302 5772 3520 5842 αὐτήν.
3569 5772 3772 5830 Similia
3809 5774 3878 5830 le-
