4042 6338
146 400 247 455 877

1163 397 1228 452 IN
1265 395 1638 454 EUSTATIIII
1671 395 2142 453 IIEXAEMEBON
2179 397 2404 454 NOTA‘I.

3286 399 3390 454 878

143 526 343 586 guntur
375 518 518 589 apud
547 511 831 582 Basiliam,
855 515 1004 570 hom.
1032 515 1066 569 (ἱ
1096 532 1108 567 :
1147 517 1380 587 Ὁμοίως
1417 518 1524 589 γὰρ
1557 517 1692 588 αὐτῆ

1826 516 1903 570 ἔνι
1927 517 1994 570 τά
2022 517 2274 585 πελάγια,
2296 516 2365 569 τά
2393 517 2705 585 αἰγιαλὼδη,
2729 517 2794 570 τὰ
2821 516 3002 588 βύθια,
3027 516 3095 570 τὰ
3115 519 3390 589 πετρώδη.

140 609 251 663 ἀπὺ
295 611 404 664 τῶν
455 610 784 682 ἱσημερινῶν
828 609 1008 661 τόπων
1069 611 1499 682 ἀνατεὶλούσης,
1550 613 1606 664 οἴ
1660 629 1720 666 τε

139 703 558 774 προσοικοῦντες
603 706 669 773 τῇ
717 701 1130 773 κατεψυγμένη,
1165 705 1259 756 καὶ
1288 704 1394 757 ὑπὸ
1420 704 1516 767 τὰς
1562 721 1710 774 περι⁹

141 798 382 865 στροφὰς
423 794 525 864 τῆς
570 796 771 866 ἄρκτου
813 795 1055 864 κείμενοι
1089 795 1584 865 μεταλαμϐάνουσι,
1625 797 1721 849 καὶ

136 890 183 940 οί
217 887 360 940 κατὰ
382 886 451 938 τὰ
483 886 636 939 κοῖλα
665 887 765 958 τῆς
797 886 1145 959 μεσημϐρίας
1163 890 1260 958 τῆς
1285 886 1720 960 διακεκαυμένης

134 981 381 1048 γείτονες
401 996 415 1008 ·
470 975 552 1044 οἷς
590 981 723 1032 πᾶσι
751 979 893 1033 κατά
931 981 991 1032 τὸ
1021 980 1221 1044 πλάτος
1249 980 1716 1050 ἀντιπαρήκουσα,

134 1071 482 1141 σαφεστάτην
511 1072 926 1144 μαρτυρίαντοῦ
983 1067 1246 1144 μεγέθους
1276 1073 1591 1144 παρέχεται.

141 1154 154 1167 ’
203 1162 388 1229 lbid.,_
403 1163 499 1216 litt.
535 1163 622 1217 18.
663 1163 773 1216 Καὶ
804 1165 1023 1229 εὐθέως
1065 1164 1104 1230 ἡ
1136 1163 1252 1232 μὲν
1279 1163 1582 1217 θάλασσα.
1617 1163 1720 1228 Ba-

131 1251 314 1315 silius,
372 1252 518 1306 hom.
574 1253 639 1307 7:
669 1249 840 1306 Ἷιλθε
889 1255 1241 1325 πρόσταγμα,
1274 1256 1368 1308 καὶ
1425 1255 1585 1320 εὐθὺς
1624 1258 1718 1309 καὶ

130 1345 368 1412 ποταμοὶ
411 1346 645 1415 ἐνεργοὶ,
695 1345 790 1397 καὶ
841 1345 1028 1414 λίμναι
1060 1341 1297 1415 γόνιμοι,
1349 1347 1460 1399 τῶν
1503 1348 1718 1400 οἰκείων

127 1433 360 1486 ἕκαστον
393 1435 570 1488 αὐτῶν
627 1437 721 1488 καὶ
767 1436 909 1489 κατὰ
963 1437 1123 1504 φύσιν
1170 1437 1363 1504 γενῶψ
1403 1451 1497 1490 και
1546 1440 1580 1509 ή
1623 1439 1719 1492 θά-

129 1525 304 1578 λασσα
350 1528 420 1580 τὰ
467 1529 788 1582 παντοδαπὰ
816 1529 948 1599 γένη
995 1528 1104 1582 τῶν
1133 1530 1360 1582 πλωτῶν
1410 1530 1586 1597 ὥδινε,
1623 1534 1716 1585 καὶ

127 1614 246 1667 οὐδὲ
287 1617 414 1668 ὅσον
442 1619 500 1669 ἐν
550 1617 688 1670 ἰλύσι
733 1618 828 1672 καὶ
859 1619 1089 1688 τέλμασι
1117 1619 1212 1672 τοῦ
1256 1619 1448 1684 ὓδατος
1479 1617 1568 1690 ἦν,
1595 1623 1714 1676 οὐδὲ

125 1706 284 1760 τοῦτο
310 1709 484 1779 ἀργὸν
506 1709 886 1782 οὐδὲ·άμοιρον
924 1711 1022 1780 τῆς
1055 1711 1195 1765 κατά
1233 1713 1332 1784 τὴν
1364 1715 1540 1767 κτίσιν
1587 1732 1713 1768 συν-

128 1798 244 1852 τελε
254 1799 341 1863 ξας
372 1801 480 1858 άπέ
487 1819 550 1872 με
561 1817 659 1856 ινε.

195 1913 362 1977 Ibid.,
397 1914 494 1967 lin.
528 1914 616 1969 19.
653 1915 775 1969 Τῶν
801 1935 913 1986 τηρ
949 1917 1224 1972 ἐναλίων.
1257 1918 1516 1987 Basilius,
1559 1925 1704 1976 hom.

126 2004 155 2055 7
195 2022 208 2058 :
251 2005 504 2059 Μάλιστα
551 2008 649 2077 μὲν
695 2008 933 2078 ἀμφίϐια
984 2008 1050 2062 τά
1092 2010 1260 2063 πολλὰ
1288 2012 1492 2065 τούτων
1540 2015 1686 2065 ἐστὶν

125 2088 234 2148 οἷον
263 2096 472 2164 φῶκαι,
503 2100 596 2151 καὶ
627 2100 975 2170 κροκόδειλοι,
1013 2103 1106 2154 καὶ
1150 2104 1199 2154 οἱ
1242 2105 1497 2172 ποτάμιοι
1527 2105 1703 2168 ἵπποι,

123 2187 216 2241 καὶ
249 2188 535 2261 βάτραχοι,
575 2194 667 2244 καὶ
699 2196 978 2264 καρκῖνοι-
1016 2193 1128 2245 ἀλλ’
1161 2191 1254 2247 οὖν
1295 2196 1705 2267 προηγούμενον

123 2279 232 2349 ἔχει
264 2280 328 2333 τὸ
360 2285 635 2353 νηκτικόν.
667 2281 898 2350 Plinius,
946 2285 1041 2338 lib.
1077 2302 1250 2350 xxx",
1281 2303 1404 2356 cap.
1440 2289 1498 2341 11
1536 2307 1550 2342 :
1585 2288 1703 2342 Jam

122 2372 406 2436 caniculte,
445 2372 759 2437 dromoncs,
793 2385 1054 2439 cornuue,
1101 2378 1287 2447 gladii,
1341 2394 1508 2432 Serra:
1557 2394 1705 2433 com-

123 2479 429 2534 munesque
463 2466 623 2529 mari,
656 2474 835 2531 terrae,
888 2470 1034 2521 amni
1071 2470 1466 2540 hippOpotami,
1513 2487 1704 2526 croco-

121 2553 215 2606 d.li
246 2573 261 2608 :
293 2565 348 2610 et
381 2558 524 2610 amni
561 2565 795 2623 tantum,
832 2575 897 2614 ac
929 2561 1086 2623 mari,
1112 2562 1344 2631 thymni,
1371 2562 1702 2632 thymnidcs,

122 2645 298 2710 silari,
349 2649 614 2712 eoracini,
666 2667 878 2720 pereat;
933 2661 986 2706 et
1020 2652 1114 2706 lib.
1174 2670 1250 2717 ix,
1282 2669 1403 2722 cap.
1436 2656 1490 2720 5,
1527 2656 1592 2710 dc
1621 2658 1703 2710 ln-

121 2734 226 2790 dici
270 2739 443 2792 maris
485 2739 680 2796 belluis
714 2757 1022 2796 sermonem
1047 2742 1252 2798 habens
1281 2763 1294 2797 :
1327 2743 1558 2809 Exeunt,
1603 2749 1698 2810 ait,

117 2836 166 2879 et
197 2830 374 2895 pecori
400 2831 601 2885 similes
639 2833 825 2887 bellua:
864 2833 935 2886 ibi
964 2835 1017 2886 in
1050 2845 1270 2900 terram,
1303 2847 1568 2907 pastwque
1607 2856 1700 2892 ra-

121 2920 260 2974 dices
288 2922 558 2990 fructuum
593 2935 845 2989 remeant,
870 2936 920 2979 et
947 2928 1191 2996 qua'dam
1218 2945 1491 2994 equorum,
1521 2933 1702 2985 asino-

120 3030 257 3076 rum,
288 3025 567 3069 taurorum
589 3017 849 3085 capitibus
872 3036 988 3088 qua:
1015 3021 1371 3089 depascuntttr
1398 3033 1540 3078 sata.
1563 3023 1698 3079 Vide

122 3105 357 3164 Plinium
394 3111 487 3165 lib.
521 3127 599 3172 ιχ,
638 3128 758 3181 cap.
792 3112 879 3177 19,
909 3121 962 3167 et
990 3129 1111 3184 cap.
1148 3115 1238 3182 57,
1268 3123 1322 3170 ct
1352 3117 1694 3182 Athcnzeum,

1823 607 1890 660 τά
1910 606 2159 675 ἀγελαῖα,
2184 608 2250 660 τά
2270 607 2586 680 σποραδικά,
2613 608 2680 661 τά
2710 613 2870 681 κήτη,
2897 608 2965 662 τά
2995 607 3297 680 ὑπέρογκα,
3323 607 3394 662 τὰ

1819 698 2122 753 λεπτότατα
2168 699 2280 751 τῶν
2331 698 2547 770 ἰχθύων.
2577 699 2656 770 Τῇ
2693 700 2799 772 γὰρ
2833 702 2968 771 αὐτῇ
3014 700 3240 770 δυνάμει
3295 699 3394 753 καὶ

1819 792 1897 862 τῷ
1922 793 2021 864 ἴσῳ
2051 793 2432 862 προστάγματι
2459 793 2519 845 τό
2551 809 2606 844 τε
2638 794 2782 863 μέγα
2833 795 2926 847 καὶ⁸
2956 793 3018 845 τὸ
3065 793 3260 864 μικρὸν
3294 810 3390 863 με·

1819 884 2147 953 ταλαγχάνει
2176 885 2270 936 τοῦ
2297 879 2455 937 εἷναι.

1891 973 2051 1038 lbid.,
2077 976 2172 1030 lin.
2208 974 2298 1030 9.7.
2336 976 2411 1030 Τὰ
2433 974 2707 1046 ἀγελαῖα,
2743 975 2814 1028 τὰ
2844 974 3198 1044 σποραδικά.
3234 973 3390 1029 Cice-
3430 1027 3433 1033 .

1821 1083 1902 1132 ro,
1962 1065 2178 1120 Tuscul.
2206 1085 2259 1129 ν,
2301 1067 2638 1138 Congregata
2664 1062 2734 1122 ἰιι
2767 1068 3026 1137 solivaga.
3063 1066 3386 1123 Theodorus

1819 1157 1986 1220 Gaza,
2019 1156 2270 1227 Grcgalia
2316 1168 2372 1213 et
2405 1159 2676 1225 incivilia;
2709 1174 2836 1213 nam
2866 1169 2920 1213 et
2943 1159 3265 1215 Aristotcles
3295 1160 3388 1214 do-

1819 1255 1906 1301 cet
1968 1262 1983 1299 I
2019 1246 2094 1300 De
2115 1247 2240 1300 hist.
2263 1251 2454 1313 anim.,
2498 1264 2618 1318 cap.
2655 1251 2707 1316 1,
2730 1266 2792 1304 ex
2831 1251 3160 1320 gregalibus,
3194 1265 3387 1320 quem-

1819 1337 2112 1391 admodum
2157 1349 2212 1392 et
2241 1353 2306 1392 ex
2366 1341 2627 1395 solitariis
2673 1341 2924 1411 quaedam
2961 1358 3083 1397 esse
3110 1343 3382 1408 πολιτικά,

1819 1430 2022 1496 civilia,
2050 1431 2296 1500 quadam
2323 1434 2644 1503 σποραδικά,

1886 1538 2046 1605 lbid.,
2079 1541 2174 1596 lin.
2207 1542 2300 1598 28.
2339 1545 2701 1615 Συτγένειαν
2731 1549 2880 1617 πρὸς
2908 1549 2974 1603 τὸ
3008 1549 3184 1617 ὕδωρ.
3229 1549 3384 1605 Basi-

1819 1631 1943 1696 lius,
1979 1632 2126 1686 bom.
2160 1633 2190 1685 7
2219 1651 2232 1687 :
2265 1635 2632 1705 Ἐξαγαγέτω
2666 1640 2736 1693 τὰ
2758 1641 2964 1694 ὕδατα.
2995 1641 3252 1707 Ἐξείξεσι
3282 1644 3384 1713 τὴν

1816 1722 2050 1791 φυσικὴν
2075 1723 2184 1776 τῶν
2210 1725 2423 1796 νηκτῶν
2451 1727 2586 1797 πρὸς
2613 1728 2673 1780 τὸ
2712 1728 2854 1800 ὕδωρ
2904 1731 3219 1798 συγγένειαν
3254 1750 3267 1762 ⁸
3300 1733 3383 1785 διὸ

1817 1811 2010 1881 μικρὸν
2040 1815 2088 1864 οἱ
2119 1814 2297 1884 ἰχθύες
2316 1816 2676 1888 χωρισθέντες
2709 1819 2801 1871 τοῦ
2831 1820 3017 1884 ὓδατος
3044 1821 3382 1893 διαφθείρον-

1812 1923 1923 1958 ται.
1957 1905 2092 1959 esse
2122 1907 2232 1978 γὰρ
2270 1909 2487 1980 ἔχουσιν
2531 1913 2826 1984 ἀναπνοὴν,
2883 1913 3024 1967 ὥστε
3064 1914 3241 1968 ἕλκειν
3285 1916 3378 1968 τὸν
3476 1943 3482 1955 ι

1811 1997 1949 2067 ἀέρα
1979 1996 2169 2051 τοῦτον
2202 2015 2219 2030 ’
2249 2000 2367 2053 ἀλλ’
2410 2004 2550 2073 ὅπερ
2588 2007 2700 2066 τοῖς
2747 2008 3022 2076 χερσαίοις
3062 2008 3209 2060 ἐστὶν
3245 2007 3374 2080 ἀήρ,

1809 2086 1966 2138 τοῦτο
1987 2087 2066 2156 τῷ
2097 2087 2291 2162 πλωτῷ
2325 2092 2471 2158 γένει
2511 2094 2571 2146 τὸ
2602 2093 2762 2165 ὕδωρ.

1880 2198 2038 2263 lbid.,
2067 2201 2163 2253 lin.
2204 2202 2292 2256 '50.
2336 2205 2398 2257 Ἡ
2421 2205 2532 2273 γὰρ
2560 2207 2676 2259 τῶν
2698 2208 3056 2276 ,ϐραγχείωκ
3115 2209 3372 2274 Basilius,

1811 2288 1955 2343 hom.
1986 2291 2018 2342 7
2050 2311 2062 2344 :
2097 2293 2258 2363 Καὶή
2300 2295 2447 2348 αἰτία
2487 2296 2640 2368 δήλη,
2677 2300 2757 2350 ὅτι
2781 2301 2912 2369 ἡμῖν
2951 2303 2980 2351 ὁ
3005 2301 3258 2371 πνεύμων
3286 2303 3374 2370 Ey-

1810 2394 1985 2431 κειται
2011 2381 2203 2451 ἀραιὸν
2230 2386 2323 2436 καὶ
2355 2385 2657 2457 πολύπορον
2705 2385 3031 2458 σπλάγχνον,
3081 2391 3110 2442 ὃ
3149 2391 3238 2444 διὰ
3274 2393 3373 2462 τῆς

1807 2469 1901 2522 τοῦ
1937 2469 2186 2541 θώρακος
2221 2475 2503 2545 υιαστολῆς
2548 2476 2638 2529 τὸν
2693 2479 2831 2549 ἀέρα
2859 2480 3166 2550 δεχόμενον,
3198 2484 3258 2535 τὸ
3289 2484 3372 2535 ἐν·

1806 2560 1895 2613 δον
1916 2562 2073 2632 ἡμῶν
2105 2563 2306 2634 θερμόν
2340 2565 2692 2637 διαρῤιπίζει,
2738 2572 2831 2622 καὶ
2864 2572 3152 2642 ἀναψύχει.
3201 2576 3374 2629 Ἐκεί-

1806 2672 1917 2717 νοις
1939 2655 1996 2707 δὲ
2023 2659 2055 2726 ἡ
2092 2657 2200 2710 τῶν
2229 2655 2499 2730 βραγχίων
2518 2662 2764 2732 διαστολὴ
2788 2665 2882 2717 καὶ
2912 2666 3198 2731 ἑπίπτυξις
3221 2672 3372 2740 δεχο-

1810 2747 1984 2816 μένων
2007 2749 2067 2800 τὸ
2089 2748 2234 2821 ὕδωρ
2266 2753 2359 2804 καὶ
2393 2751 2634 2807 διῖέντων
2668 2755 2757 2807 τὸν
2781 2757 2880 2826 τῆς
2909 2758 3182 2829 ἀναπνοῆς
3212 2759 3372 2828 λόγον

1805 2838 2128 2910 ἀναπληροῖ.
2179 2838 2292 2896 lloc
2313 2841 2451 2896 idem
2475 2848 2639 2901 sentit
2661 2846 3003 2913 Aristoteles,
3033 2865 3091 2903 ιιι
3117 2849 3196 2904 De
3223 2863 3367 2919 part;

1806 2923 2005 2988 anim.,
2038 2940 2161 2994 cap.
2212 2925 2267 2992 6,
2314 2927 2442 2981 dum
2481 2931 2577 2997 ait,
2622 2932 2854 3000 piscium
2898 2934 3108 2987 null-um
3170 2935 3372 2989 habere

1802 3016 2141 3084 pulmonem,
2183 3019 2279 3075 sed
2333 3035 2432 3090 pro
2476 3036 2542 3076 eo
2595 3022 2887 3077 branchias
2920 3023 3200 3091 obtinere;
3227 3041 3369 3095 aqua

1801 3107 1946 3160 enim
1970 3108 2150 3176 pisces
2169 3109 2579 3180 refrigerantur,
2615 3121 2675 3166 ut
2724 3128 2847 3168 aere
2883 3131 3004 3184 quze
3044 3116 3274 3185 spirant.
3303 3117 3370 3171 Et

118 3199 210 3255 lib.
244 3214 510 3273 vut,pag.
543 3203 670 3257 9.48.
704 3203 1064 3270 Onesicritus,
1101 3209 1244 3277 apud
1269 3208 1616 3274 Strabonem,
1643 3214 1698 3265 c.‘

1803 3195 1898 3249 lib.
1924 3213 1997 3260 IV,
2033 3213 2152 3268 cap.
2187 3200 2239 3265 1,
2267 3201 2447 3269 pisces
2473 3203 2726 3271 pulmone
2743 3218 2950 3267 carere,
2986 3214 3038 3260 et
3071 3207 3368 3262 branchias

120 3292 205 3357 15,
236 3301 428 3347 narrat
456 3297 606 3348 circa
635 3294 1015 3365 Taprobanem
1033 3298 1196 3353 Indiae
1222 3300 1430 3355 belluas
1454 3303 1696 3358 marinas

125 3383 392 3453 ancipites
420 3386 542 3438 vita:
571 3388 742 3450 nasci,
771 3388 908 3441 alias
930 3388 1103 3442 bobus
1125 3389 1351 3454 similes,
1370 3390 1504 3445 alias
1519 3392 1692 3460 equis,

119 3473 252 3528 alias
273 3476 442 3531 variis
458 3477 784 3533 animalibus
813 3479 1187 3534 terrestribus.
1213 3482 1367 3550 Κήτη
1381 3481 1437 3532 δὲ
1460 3483 1694 3551 ἀμφίϐια

118 3567 240 3636 περὶ
259 3567 428 3638 αὐτὴν
440 3568 704 3635 γίνεσθαι,
717 3569 786 3622 τὰ
805 3570 902 3640 μὲν
918 3571 1087 3640 βουσὶ,
1103 3571 1221 3624 τὰδ’
1244 3573 1448 3637 ἵπποις,
1471 3573 1537 3626 τὰ
1553 3574 1597 3625 δ’
1610 3575 1696 3628 ἄλ-

119 3655 226 3719 λοις
240 3658 516 3728 χερσαίοις
550 3662 782 3715 ἐοικότα.
810 3663 1136 3719 Ambrosius
1169 3665 1295 3718 item
1333 3665 1426 3718 lib.
1466 3682 1496 3718 γ
1527 3665 1635 3720 "ex
1673 3687 1686 3721 :

120 3744 255 3809 Quin
298 3747 463 3799 etiam
509 3765 628 3801 cum
679 3751 926 3820 pleraque
975 3753 1130 3820 pedes
1179 3753 1424 3816 habeant,
1476 3764 1524 3807 et
1573 3773 1692 3808 ant-

118 3838 331 3893 bulandi
352 3858 530 3905 usum,
549 3859 607 3895 eo
623 3843 760 3913 quod
780 3846 884 3898 sint
903 3846 1186 3912 amphibia,
1203 3863 1320 3915 qua:
1343 3847 1420 3900 vel
1449 3849 1501 3900 in
1519 3849 1690 3916 aquis,

117 3930 190 3982 rel
214 3933 268 3984 in
298 3942 444 3986 terra
467 3935 661 4000 vivunt,
690 3947 800 3990 etc.
823 3935 1016 4002 Varro,
1039 3953 1093 3992 IV
1128 3938 1207 3991 De
1236 3939 1417 4008 lingua
1464 3937 1690 3992 Latina:

121 4019 284 4075 Graeci
311 4042 376 4078 ea
408 4043 527 4094 qua:
551 4029 606 4081 in
639 4045 779 4098 aqua
803 4030 928 4082 etin
957 4039 1099 4083 terra
1130 4039 1349 4099 possunt
1390 4033 1553 4084 virere
1598 4049 1690 4084 vo-

117 4122 234 4165 cant
264 4115 550 4182 amphibia.
583 4118 903 4186 Columella,
935 4122 1029 4175 lib.
1075 4137 1192 4188 νιιι,
1225 4137 1349 4192 cap.
1387 4122 1486 4176 12:
1534 4120 1691 4176 Venio

117 4219 249 4257 nunc
275 4206 346 4258 ad
375 4223 466 4260 eas
508 4226 625 4263 aves
649 4228 780 4280 quas
805 4210 978 4266 (ἓνωεὶ
1006 4214 1301 4283 ἀμφιϐίους
1331 4223 1537 4277 vocant,
1564 4216 1691 4284 quia

118 4314 216 4351 non
253 4309 465 4354 tantum
513 4303 804 4372 terrestria,
837 4308 926 4361 sed
962 4309 1220 4378 aquatilia
1251 4325 1451 4378 quoque
1483 4308 1690 4362 deside-

116 4404 232 4446 rant
258 4395 491 4463 pabula;
522 4413 612 4449 nec
661 4401 829 4470 magis
867 4401 1024 4455 humo
1055 4419 1212 4470 quam
1242 4413 1430 4472 stagno
1470 4419 1689 4456 consue-

114 4493 235 4537 runt
257 4501 276 4538 :
301 4486 520 4555 ejusque
548 4490 750 4556 generis
781 4507 937 4544 anser
973 4493 1232 4561 prazcipue
1260 4493 1474 4546 rusticis
1502 4502 1686 4562 gratus

1804 3287 1923 3341 vice
1953 3289 2230 3357 pulmonis
2265 3295 2473 3347 sortiri.
2510 3296 2854 3364 Ambrosius,
2881 3298 2974 3354 lib.
3018 3317 3050 3353 ν
3085 3288 3366 3370 lienem,

1801 3391 1924 3447 cap.
1948 3378 2001 3444 4,
2033 3380 2159 3434 item
2207 3383 2302 3448 ait,
2329 3385 2471 3454 quod
2500 3387 2710 3442 caneris
2740 3388 3111 3444 animantibus
3131 3401 3214 3446 est
3247 3408 3363 3459 aer,

1801 3463 1903 3520 hoc
1926 3467 2169 3535 piscibus
2222 3487 2346 3526 esse
2384 3486 2604 3542 aquam,
2649 3483 2805 3528 extra
2842 3491 3004 3544 quam
3047 3478 3226 3533 vivere
3260 3497 3364 3534 ne-

1795 3566 2003 3624 queunt
2023 3559 2166 3613 sicut
2191 3563 2486 3616 intercluso
2511 3565 2735 3633 spiritus
2767 3578 3071 3623 commeatu
3102 3571 3364 3626 animalia

1797 3649 1969 3702 emori
1994 3665 2217 3705 necesse
2240 3663 2341 3706 est.
2376 3653 2655 3722 Oppianus
2694 3656 2945 3712 Ἀλιευτ.
2984 3675 3022 3712 ιι
3058 3679 3072 3714 :

1856 3743 1966 3796 Kal
1996 3744 2105 3812 γὰρ
2132 3745 2227 3797 καὶ
2260 3748 2586 3800 νεπόδεσσι
2616 3751 2940 3817 παλιξρῤοος
2962 3752 3197 3807 ἕλκεται
3221 3755 3358 3823 ἀήρ.

1794 3833 1869 3888 De
1891 3836 1993 3890 hac
2033 3840 2330 3906 qumstione
2358 3836 2588 3903 Plinius,
2622 3841 2717 3894 lib.
2749 3856 2826 3908 ιι,
2849 3857 2971 3913 cap.
3000 3844 3051 3908 7,
3089 3852 3142 3900 et
3162 3845 3361 3903 Callus

1796 3925 2160 3998 Rhodiginus,
2195 3930 2290 3984 lib.
2318 3947 2389 3996 tv,
2414 3945 2535 4002 cap.
2574 3932 2664 3986 15.

1861 4039 2021 4105 lbid.,
2045 4042 2142 4096 lin.
2164 4039 2252 4097 53.
2273 4044 2422 4098 Οὐδὲ
2438 4049 2574 4113 παρ’
2604 4047 2806 4113 αὐτοῖς
2820 4048 2888 4113 ἐξ
2919 4050 3217 4119 ἡμισείας.
3257 4052 3362 4105 Ba-

1793 4130 1970 4198 silius,
1999 4133 2142 4188 hom.
2175 4135 2205 4186 7
2229 4154 2241 4187 :
2265 4134 2429 4189 Οὐδὲν
2461 4138 2612 4210 παρὰ
2633 4142 2744 4202 τοῖς
2774 4140 2980 4210 ἰχθύσιν
3014 4143 3082 4209 ἐξ·
3107 4145 3362 4213 ἡμισείας

1792 4221 2060 4274 ὥπλισται
2091 4226 2204 4288 τοῖς
2231 4217 2460 4290 ὀδοῦσιν,
2493 4227 2566 4290 ὡς
2606 4229 2732 4297 βοῦς
2756 4233 2883 4298 παρ’
2915 4234 3044 4301 ἡμῖν
3096 4235 3190 4287 καὶ
3223 4237 3359 4304 πρό-

1793 4313 1973 4367 ϐατον.
2007 4313 2140 4366 Οὐδὲ
2170 4315 2278 4386 γὰρ
2297 4318 2599 4386 μηρυκάζει
2627 4336 2678 4371 τι
2709 4322 2840 4391 παρ’
2870 4323 3072 4386 αὐτοῖς,
3099 4327 3145 4377 εἰ
3172 4325 3245 4397 μὴ
3266 4326 3360 4379 τὸν

1791 4407 1990 4477 σκάρον
2014 4407 2170 4478 μόνον
2216 4408 2485 4478 ἱστοροῦσί
2531 4427 2694 4474 τινες.
2741 4413 2924 4467 Πάντα
2965 4415 3022 4470 δὲ
3074 4417 3358 4481 ὀξυτάταις

1788 4498 1993 4568 ἀκμαῖς
2020 4499 2244 4553 ὀδόντων
2290 4503 2802 4568 καταπεπύκνωται,
2851 4507 2934 4558 ἵνα
2966 4508 3038 4576 μὴ
3071 4510 3135 4576 τῇ
3169 4508 3360 4577 χρονίᾳ

114 4584 210 4631 est.
253 4576 383 4633 Haze
411 4577 608 4632 Cicero
633 4584 846 4635 vocavit
885 4585 1136 4651 ancipites
1171 4585 1387 4648 bestias,
1425 4584 1520 4638 lib.
1562 4601 1578 4637 ι
1612 4585 1687 4637 De

1803 4592 2026 4661 μασήσει
2051 4592 2082 4660 ἡ
2105 4592 2276 4664 τροφὴ
2319 4593 2544 4668 διαρῤέῃ
2581 4612 2594 4625 ’
2632 4596 2823 4666 ἔμελλε
2845 4597 2975 4668 γὰρ,
3011 4599 3058 4650 εἰ
3085 4576 3359 4668 μὴγόξέως

118 4675 222 4718 nat.
265 4669 487 4722 deorum
524 4685 542 4721 :
571 4668 873 4723 Bestiarum
894 4682 1070 4726 autem
1104 4681 1322 4728 terrena:
1369 4683 1490 4727 sunt
1537 4674 1682 4735 aliaz,

115 4760 304 4823 partim
359 4761 657 4830 aquatiles,
701 4763 828 4815 alia:
865 4767 1018 4833 quasi
1063 4767 1316 4836 ancipites
1367 4768 1421 4818 in
1465 4776 1687 4835 utraque

118 4850 230 4905 sede
269 4854 516 4908 viventes.

183 4961 341 5028 lbid.,
390 4967 490 5020 lin.
514 4967 602 5022 25.
642 4970 716 5021 Τὰ
739 4968 807 5020 δὲ
835 4967 1108 5029 (medim.
1143 4972 1399 5038 Basilius,
1439 4971 1586 5026 hom.
1613 4972 1679 5027 7:

128 5045 498 5119 Ἐξαγαγέτω
524 5056 596 5105 τὰ
623 5051 813 5105 ’ὕδατα
833 5054 1070 5121 ἑρπετά.
1113 5057 1200 5108 Ἐν
1222 5056 1427 5118 τούτοις
1447 5059 1558 5119 τοῖς
1599 5074 1686 5125 μι-

118 5139 262 5206 κροῖς
292 5140 503 5210 ῥήμασι
545 5141 597 5193 τί
639 5145 894 5212 παρεῖται
928 5145 1114 5211 γένος;
1167 5147 1219 5198 τί
1270 5147 1370 5199 οὐκ
1404 5146 1686 5216 ἐμπεριεί-

116 5222 309 5296 ληπται
348 5231 428 5301 τῷ
468 5235 846 5305 προστάγματι
895 5236 996 5305 τῆς
1038 5236 1439 5309 δημιουργίας;
1496 5240 1569 5292 Ού
1617 5238 1686 5291 τά

118 5316 500 5390 ζωοτοκοῠντα,
536 5321 646 5378 οἷον
693 5327 894 5395 φῶκαι,
929 5330 1020 5381 καὶ
1057 5329 1319 5396 δελφῖνες,
1347 5332 1440 5383 καὶ
1462 5331 1683 5401 νάρκαι,

119 5414 204 5466 καὶ
225 5418 292 5469 τά
314 5418 481 5488 ὃμοια
506 5421 714 5485 τούτοις
734 5422 801 5476 τὰ
829 5422 1030 5492 σελάχη
1051 5422 1355 5494 λεγόμενα;
1383 5427 1444 5476 οὐ
1474 5424 1544 5476 τὰ
1585 5424 1686 5476 ᾠο-

116 5507 264 5572 τόκα,
294 5511 440 5585 άπερ
464 5515 580 5568 ἐστὶ
607 5515 784 5569 πάντα
812 5515 997 5585 σχεδὸν
1035 5515 1144 5568 τῶν
1177 5516 1375 5585 ἰχθύων
1411 5517 1479 5569 τὰ
1509 5517 1639 5586 γένη
1669 5531 1683 5576 ;

118 5597 208 5668 οὑχ
248 5601 349 5655 ὅσα
391 5597 678 5674 ωλιδωτά,
732 5609 831 5676 οὐχ
884 5603 964 5670 οἷς
993 5608 1108 5658 ἐστι
1156 5606 1447 5678 πτερύγια,
1484 5609 1579 5660 καὶ
1603 5602 1686 5670 οἷς

124 5692 191 5759 μή
219 5693 397 5761 ἐστινς
743 5687 762 5708 ³

188 5778 339 5849 lbid.,
383 5787 480 5841 lin.
535 5787 626 5844 23.
673 5794 876 5846 Μόνον
896 5788 962 5842 δὲ
995 5787 1392 5856 προσέταξεν.
1427 5789 1680 5853 Basilius,

123 5869 260 5932 hom.
283 5877 315 5928 7
348 5897 360 5933 :
399 5880 760 5952 Ἐξαγαγέτω
783 5883 852 5938 τὰ
883 5883 1070 5936 ὕδατα
1089 5881 1329 5950 ἑρπετά.
1350 5882 1437 5934 Ἐν
1472 5883 1682 5945 τούτοις

1789 4685 2238 4756 κατατεμνομένη
2259 4689 2324 4756 τῇ
2354 4689 2548 4760 γαστρὶ
2569 4689 2977 4760 παρεπέμπετο,
3007 4693 3064 4743 ἐν
3083 4695 3148 4761 τῇ
3166 4691 3360 4744 λεπτο-

1790 4778 2005 4847 ποιήσει
2044 4778 2414 4848 διαφορεῖσθαι
2471 4782 2562 4834 τοῦ
2612 4781 2821 4844 ὓδατος.
2861 4783 3187 4838 Aristoteles
3251 4783 3357 4838 hoe

1789 4865 1952 4931 idem,
1972 4882 2072 4921 nec
2099 4867 2345 4936 ejusdem
2379 4885 2601 4925 causam
2623 4872 2865 4925 eamdem
2885 4887 3006 4925 cum
3032 4872 3133 4926 hoc
3165 4881 3342 4924 nostri

1790 4966 2014 5013 auctore
2069 4959 2266 5025 reddit,
2320 4961 2415 5016 lib.
2465 4978 2523 5016 ιιι
2568 4962 2640 5016 De
2671 4974 2812 5032 part.
2846 4965 3036 5026 anim.,
3094 4977 3142 5016 c.
3183 4963 3207 5014 1
3241 4981 3253 5016 :
3292 4964 3335 5015 Ο

1787 5049 1830 5100 δ’
1857 5049 2033 5120 ἰχθύες
2060 5050 2261 5115 πάντες
2306 5056 2412 5107 εἰσὶ
2459 5056 2900 5125 καρχαρόδοντες,
2937 5055 3074 5124 πλὴν
3110 5056 3203 5106 τοῦ
3238 5055 3352 5117 ἑνὸς

1784 5142 1879 5194 τοῦ
1914 5143 2247 5213 καλουμένου
2284 5148 2508 5217 σκάρου.
2550 5147 2738 5199 Πολλοὶ
2765 5147 2808 5198 δ’
2834 5147 3014 5215 έχουσι
3042 5146 3133 5198 καὶ⁹
3154 5148 3209 5196 ἐν
3237 5148 3356 5207 ταῖς

1787 5234 2052 5302 γλώτταις
2079 5237 2296 5299 ὀδόντας
2317 5238 2410 5290 καὶ
2444 5239 2500 5289 ἐν
2526 5241 2635 5300 τοῖς
2662 5239 2929 5308 οὐρανοῖς.
2954 5236 3154 5290 Τούτου
3192 5237 3235 5288 δ’
3269 5236 3354 5288 αί-

1787 5342 1898 5378 τιον
1928 5326 2008 5378 ὃτι
2036 5327 2329 5395 άναγκαιίον
2357 5331 2415 5381 ὲν
2451 5329 2635 5400 ὑγροῖς
2663 5326 2780 5382 οὖσι
2824 5329 3268 5399 παρεισδέχεσθαι
3293 5327 3353 5380 τὸ

1790 5417 1952 5487 ὑγρὸν
1980 5419 2096 5487 ἅμα
2126 5423 2192 5490 τῇ
2233 5425 2428 5492 τροφῇ.
2476 5422 2567 5473 καὶ
2594 5421 2751 5473 τούτο
2783 5421 2991 5491 ταχέως
3025 5421 3354 5488 ἐκπέμπειν.

1789 5510 1862 5561 Οὐ
1913 5509 2022 5580 γὰρ
2064 5510 2334 5581 ἐνδέχεται
2393 5512 2698 5574 λεαίνοντας
2751 5512 3045 5581 διατρίϐειν
3084 5527 3096 5539 °
3151 5509 3354 5579 εἰσρέει

1788 5601 1896 5670 γάρ
1927 5599 1987 5652 τὸ
2017 5601 2180 5671 ὑγρὸν
2228 5605 2285 5654 ἐν
2332 5607 2397 5673 τῇ
2447 5601 2623 5672 κοιλίᾳ
2654 5620 2666 5631 ·
2690 5603 2776 5656 διὰ
2803 5603 2958 5654 τοῦτο
2988 5601 3185 5660 πάντες
3213 5599 3350 5650 εἰσὶν

1788 5694 1926 5757 ὀξεῖς
1951 5695 2084 5765 πρὸς
2103 5696 2198 5766 τὴν
2230 5695 2490 5768 διαίρεσιν
2514 5713 2525 5724 '
2559 5695 2717 5748 πάλιν
2753 5696 2847 5749 καὶ
2879 5694 3080 5754 πολλοὶ,
3103 5695 3195 5746 καὶ
3224 5693 3355 5745 πολ-

1787 5789 1948 5859 λαχῆ,
1973 5791 2057 5843 ἵνα
2087 5790 2205 5842 ἀντὶ
2232 5791 2326 5842 τοῦ
2356 5790 2583 5844 λεαίνειν
2599 5791 2674 5853 εἰς
2694 5790 2860 5842 πολλὰ
2887 5789 3254 5859 κερματίζωσι
3274 5791 3352 5857 τῲ

1791 5879 1999 5949 πλήθει.
2039 5877 2075 5930 Γ
2079 5879 2246 5949 αμψοὶ
2283 5879 2336 5932 δὲ
2366 5882 2453 5934 διὰ
2487 5881 2544 5934 τὸ
2573 5882 2669 5934 τὶν
2702 5880 2873 5947 ἀλκὴν
2909 5879 3092 5943 σχεδον
3133 5879 3348 5932 ἃπασαν
