4042 6338
615 198 643 222 εὐ

675 314 739 373 79
1979 309 2227 369 LEONIS
2264 307 2542 367 ALLA'I'll

638 436 821 498 αὐτοῖς
850 435 939 488 διὰ
960 434 1165 488 τούτων
1197 427 1357 487 εἶναι.
1408 430 1644 499 Plinius,
1688 430 1782 486 lib.
1833 444 1914 493 ιι,
1943 443 2070 501 cap.
2118 428 2209 493 57,

2318 435 2496 482 autem
2544 426 2619 481 sit
2658 424 2764 481 hoc
2808 424 3150 497 μηρυκάζειν
3197 424 3400 495 optime
3440 421 3677 493 explicat
3715 420 3911 493 Oppia.

636 542 737 584 sua
764 526 834 582 ab
853 526 1147 582 Aristotele
1179 532 1483 590 mutuatus,
1507 524 1565 579 in
1590 537 1758 579 causa
1782 530 1967 578 tamen
1991 519 2213 577 traden-

636 622 702 675 da
721 621 791 675 ab
812 636 879 675 eo
900 620 1199 690 discrepat,
1217 618 1472 674 convenit
1490 632 1617 673 cum
1637 614 1952 672 Eustatbio.
1979 614 2220 669 Piscium

634 713 883 768 omnibus’
903 713 1121 780 serrati,
1144 720 1338 781 praeter
1357 724 1571 765 scarum
1593 724 1612 762 :
1633 708 1754 763 huic
1775 709 1870 761 uni
1896 706 2219 777 aquatilium

632 805 801 876 plani.
828 804 1093 861 Cazterum
1112 804 1294 859 multis
1314 821 1496 858 eorum
1527 806 1583 858 in
1606 804 1808 874 lingua,
1825 811 1877 856 et
1911 809 2021 855 toto
2043 816 2134 854 ore
2162 809 2219 853 ut

636 897 793 952 turba
839 898 1117 953 uulnerum
1152 895 1421 965 molliat,
1455 913 1573 967 qua
1622 895 1815 949 attritu
1846 893 2084 964 subigere
2114 908 2219 947 non

632 1000 848 1063 queant.
880 988 1068 1043 Multis
1092 997 1141 1043 et
1181 989 1237 1042 in
1278 988 1486 1059 palato,
1529 998 1684 1058 atque
1714 988 1877 1041 etiam
1927 986 1984 1040 in
2020 986 2215 1039 cauda.

634 1083 905 1139 Praeterea
925 1084 980 1137 in
1015 1100 1071 1137 os
1094 1092 1377 1154 vergentes,
1398 1098 1460 1137 ne
1486 1080 1736 1136 excidant
1762 1079 1850 1133 ubi
1880 1077 2089 1133 nullum
2120 1078 2218 1131 Ita—

635 1172 873 1228 bentibus
909 1171 1173 1227 retinendi
1205 1170 1613 1226 adminiculum.

702 1351 866 1419 lbid.,
892 1352 989 1407 lin.
1018 1353 1106 1407 57.
1142 1349 1482 1419 Μηρυκὰζει
1512 1348 1581 1402 δὲ
1613 1346 1796 1403 οὐδὲν
1832 1346 2007 1403 ἄλλο.
2061 1344 2217 1402 Basi—

631 1446 760 1513 lius,
794 1445 943 1501 hom.
980 1443 1033 1507 7,
1059 1443 1288 1497 Aristot.
1324 1458 1360 1496 ιι
1388 1440 1463 1495 De
1494 1441 1619 1493 hist.
1648 1440 1840 1498 anim..
1885 1453 2008 1509 cap.
2046 1438 2136 1501 l7,
2164 1446 2219 1492 et

630 1540 730 1596 lib.
755 1555 873 1606 vm,
906 1552 1029 1609 cap.
1065 1537 1121 1591 2.
1148 1537 1317 1600 Idem,
1349 1551 1410 1591 ιιι
1442 1535 1521 1591 De
1542 1544 1681 1603 part.
1714 1535 1963 1595 animal.,
1997 1547 2121 1603 cap.
2148 1530 2217 1587 ιι

552 1620 553 1623 ‘
630 1642 687 1689 et
709 1633 859 1688 alibi.
888 1630 1124 1694 Plinius,
1155 1629 1249 1684 lib.
1285 1645 1360 1693 ιι,
1388 1645 1509 1699 cap.
1539 1629 1609 1691 ιι,
1641 1646 1653 1683 ε
1686 1626 1847 1683 Solus
1878 1626 2106 1695 piscium
2132 1625 2218 1681 di-

629 1727 769 1780 citur
807 1724 1097 1790 ruminare,
1133 1722 1407 1792 herbisque
1448 1722 1604 1786 vesci,
1639 1737 1744 1774 non
1793 1720 1919 1773 aliis
1956 1719 2212 1788 piscibus,

628 1818 768 1873 mari
789 1815 1080 1886 Carpathio
1105 1815 1334 1868 maxime
1362 1814 1628 1885 frequens.
1661 1812 1778 1868 Etsi
1809 1811 1990 1868 Horus
2016 1812 2212 1883 Apollo
2245 1806 2286 1861 Β

627 1910 791 1965 aliter
819 1908 1044 1971 sentiat,
1092 1907 1169 1962 ait
1207 1908 1357 1963 enim
1412 1906 1559 1961 hunc
1610 1920 1803 1963 omnes
1848 1915 2211 1962 occursantes

627 2001 928 2075 pisciculos
980 1999 1261 2055 devorare.
1312 1994 1481 2062 υῦτος
1532 1998 1641 2071 γὰρ
1675 2000 1835 2070 μόνος
1864 1997 1974 2052 τῶν
2012 1997 2213 2070 ἰχθύων

630 2097 948 2169 μηρυκᾶται
1006 2095 1102 2147 καὶ
1154 2094 1333 2147 πάντα
1394 2093 1463 2147 τὰ
1526 2092 1935 2162 προσπίπτοντα
1990 2092 2202 2163 ἰχθύδια

628 2190 820 2245 labici.
846 2188 983 2245 Vide
1016 2186 1296 2242 [Elianum
1315 2185 1391 2240 De
1409 2186 1597 2242 histor.
1636 2187 1827 2251 anim.,
1861 2186 1957 2241 lib.
1997 2202 2038 2252 ι,
2068 2201 2119 2239 c.
2154 2184 2210 2251 2,

625 2282 727 2340 lib.
781 2298 845 2345 ιι,
900 2296 1022 2351 cap.
1060 2279 1152 2342 54,
1197 2278 1297 2334 lib.
1346 2280 1453 2344 xu:
1506 2293 1629 2349 cap.
1682 2278 1788 2347 42;
1857 2278 2212 2334 Ambrosium

632 2375 889 2431 Hexaem.
932 2373 1029 2428 lib.
1078 2387 1134 2437 γ,
1169 2385 1291 2441 cap.
1318 2370 1384 2435 5:.
1433 2370 1749 2425 Athenaaum
1799 2368 1894 2425 lib.
1944 2386 2057 2436 vn;
2100 2368 2214 2423 Ma-

626 2467 900 2531 crobium,
960 2481 1019 2519 ιιι
1054 2461 1301 2527 Saturn.,
1351 2476 1473 2532 cap.
1518 2460 1620 2528 lli;
1679 2460 1922 2518 Isidorus
1967 2461 2065 2517 lib.
2108 2476 2208 2525 xu,

626 2578 748 2634 cap.
768 2561 822 2627 6,
839 2574 1091 2616 escarum
1110 2566 1269 2613 vocat
1286 2554 1566 2619 :Escarus,
1587 2553 1787 2624 inquit,
1806 2553 1978 2608 dictus
1994 2570 2055 2607 eo
2072 2552 2211 2624 quod

626 2656 772 2712 solus
802 2671 978 2709 escam
1022 2653 1293 2706 ruminarc
1332 2648 1651 2715 perhibetur.
1687 2646 1923 2717 Denique
1977 2646 2076 2699 alii
2121 2646 2208 2716 pi-

625 2766 737 2804 sces
770 2763 873 2801 non
894 2747 1185 2799 ruminant.
1221 2743 1367 2799 Idem
1422 2749 1605 2795 tamen
1641 2739 1890 2795 scribunt
1939 2737 2109 2793 Arist.
2153 2752 2211 2793 ix

626 2840 774 2895 Hist.
804 2853 996 2901 anim.,
1032 2851 1154 2907 cap.
1188 2836 1315 2896 nlt.,
1347 2835 1414 2889 de
1440 2834 1677 2904 quodam
1708 2832 1879 2902 pisce,
1909 2832 2000 2901 qui
2033 2830 2212 2902 μήρυξ

624 2937 877 2995 vocatur,
908 2928 1001 3000 qui
1029 2942 1098 2982 an
1122 2942 1269 2982 unus
1309 2941 1434 2979 cum
1464 2938 1627 2980 scaro
1663 2938 1773 2977 non
1812 2928 1897 2977 est
1925 2921 2211 2993 praesentis

625 3025 850 3095 negotii.
905 3020 1041 3076 Illud
1082 3035 1216 3077 sane
1262 3019 1558 3074 ridiculum
1610 3024 1716 3079 est,
1748 3030 1777 3069 a
1812 3012 2208 3076 Rittershusio,

624 3132 836 3173 murem
855 3115 1133 3186 ponticum
1148 3114 1291 3167 inter
1310 3113 1491 3182 pisces
1509 3108 1861 3165 adnumerari
1873 3108 2021 3163 notis
2040 3107 2094 3163 in
2108 3108 2213 3180 0p-
2237 3148 2281 3207 ϐ

625 3209 774 3280 pian.
805 3208 1051 3262 Ἁλιευτ.
1070 3206 1107 3258 l.
1129 3220 1164 3269 ι,
1192 3218 1337 3257 vers.
1359 3203 1457 3257 154
1482 3245 1495 3267 ,
1519 3200 1831 3257 Aristotelis
1861 3201 2043 3257 verbis
2069 3202 2212 3256 male

626 3302 919 3361 intellectis
946 3300 1193 3368 decepto.
1218 3296 1372 3352 Dicto
1394 3296 1539 3352 enim
1582 3295 1705 3349 loco
1742 3293 1816 3347 ait
1857 3293 2214 3349 Aristoteles:

625 3405 915 3468 postquam
964 3390 1420 3447 dcterminaverat
1452 3388 1708 3442 animalia
1728 3427 1743 3451 ,
1773 3400 1895 3457 quae
1934 3385 2217 3456 superiore

625 3486 819 3541 ordine
889 3484 1135 3539 dentium
1192 3487 1415 3547 carent,
1452 3480 1732 3533 ruminare
1756 3486 1815 3532 ut
1852 3477 2041 3541 boves,
2063 3493 2216 3542 oves,

625 3590 804 3646 caprae
865 3582 920 3631 ct
980 3575 1107 3639 alia,
1136 3571 1366 3627 dubium
1419 3569 1600 3626 adhuc
1654 3569 1992 3635 remanebat,
2040 3584 2112 3623 an
2150 3585 2217 3625 ex

625 3670 864 3725 dentatis
908 3670 1167 3738 utrinque
1190 3667 1261 3722 sit
1294 3665 1498 3720 animal
1544 3664 1767 3734 aliquod
1808 3665 2120 3729 ruminans,
2165 3672 2220 3718 et

620 3758 1008 3831 respondendo
1036 3759 1111 3812 ait
1136 3772 1257 3814 esse
1280 3757 1567 3821 nonnulla,
1595 3763 1653 3809 ut
1679 3770 1865 3811 mures
1898 3753 2141 3817 Pontici,
2165 3763 2220 3810 et

626 3855 827 3925 pisces,
869 3862 922 3908 et
972 3854 1065 3923 qui
1100 3853 1172 3907 ob
1216 3867 1336 3907 eam
1391 3865 1507 3905 rem
1556 3848 1846 3903 ruminalis
1902 3863 1931 3901 a
1987 3848 2218 3917 quibus—

625 3948 751 4002 dam
787 3938 1110 4015 appcllatur.
1146 3942 1224 3997 Ita
1255 3942 1400 3996 enim
1434 3941 1589 3995 locus
1628 3938 1720 3993 ille
1754 3938 2053 3993 vertendus
2077 3947 2217 4004 erat,

624 4038 1022 4108 Μηρυκάζουσι
1041 4037 1098 4089 δὲ
1121 4036 1215 4090 καὶ
1239 4034 1346 4087 τῶν
1378 4032 1728 4104 ἀμφοδόντων
1759 4032 1895 4097 ἔνια,
1916 4033 1969 4085 οῖ
1999 4048 2059 4085 τε
2086 4031 2220 4103 μύες

623 4132 673 4183 οἱ
702 4130 975 4193 Ποντικοὶ,
1001 4130 1093 4183 καὶ
1125 4129 1175 4181 οἱ
1215 4128 1416 4198 ἰχθύες,
1448 4128 1542 4180 καὶ
1566 4126 1624 4179 ὃν
1658 4126 1914 4179 καλοῦσιν
1950 4126 2081 4179 ἔνιοι
2110 4125 2221 4179 ἀπὸ

576 4290 579 4295 ι
623 4219 718 4273 τοῦ
749 4220 911 4291 ἔργου
938 4216 1343 4291 Μήριικα.ρυιο
1370 4217 1556 4280 verba,
1585 4215 1839 4286 quamvis
1866 4216 1943 4269 ita
1966 4214 2220 4286 lcgantur

626 4314 696 4368 ab
732 4314 1011 4377 omnibus,
1057 4319 1318 4380 corrupta
1351 4324 1475 4365 esse
1508 4308 1733 4363 minime
1773 4306 2097 4370 dubitarim,
2131 4306 2217 4361 vel

530 4466 531 4469 η
625 4414 776 4463 certe
805 4405 1116 4460 Aristotelis
1159 4403 1397 4457 maxima
1425 4399 1926 4469 deprehenderetur
1972 4399 2213 4453 inscitia.

2322 536 2452 586 nus,
2501 518 2868 575 Ἀλιευτικ.ι
2910 536 2923 572 :

2322 635 2431 691 Kal
2480 633 2738 708 σκάρον,
2785 637 2853 705 ὃς
2910 636 2987 705 δὴ
3026 633 3258 704 μοῦνος
3300 634 3373 688 ἐν
3414 627 3902 784 ισχθύῖἇγέξὲἔν

3749 719 3785 753 υ
3855 720 3899 765 ις

3749 719 3899 765 vocre

2321 787 2639 857 Φθέγτεται
2690 777 2985 852 tum
3035 774 3338 845 λαλαγὴν,
3373 774 3473 828 καὶ
3519 771 3897 911 μοῦνοςῐὲξῇ-

2326 930 2634 999 Ἂψορῤον
2685 922 2971 999 animum
3013 916 3134 999 ἀγὰ
3176 917 3373 999 ardua
3393 914 3707 999 perrupta!"
3740 907 3896 978 ἁῦθις

2318 982 3014 1069 Δᾶἷνῦᾗενοςάιήλοισιν
3034 982 3358 1045 ἀναπτύὠν
3392 988 3499 1039 lca
3521 982 3771 1054 φορϐὴν.

2321 1090 2387 1146 Et
2421 1088 2677 1147 Elianus
2717 1084 2886 1141 Suida
2920 1084 3146 1147 citante,
3177 1080 3354 1143 Μόνος
3388 1078 3419 1131 ὁ
3455 1076 3747 1140 saxeam;
3780 1076 3895 1129 exa-

2323 1199 2417 1254 ρος
2448 1181 2547 1253 τὴν
2572 1177 2781 1252 τροφὴν
2811 1174 3077 1231 ἀναπολετ
3130 1172 3321 1243 ὥσπερ
3371 1168 3468 1223 καὶ
3505 1168 3575 1222 τὰ
3623 1167 3891 1239 βλήχσντα,

2318 1276 2357 1331 ἃ
2386 1276 2453 1346 δὴ
2476 1275 2815 1347 μηρυκᾶται.
2834 1269 3011 1336 llujus
3034 1266 3278 1323 nominis
3304 1262 3655 1336 ignoratione
3679 1263 3895 1315 maxime

2320 1369 2693 1425 ballucinatus
2711 1372 2797 1421 est
2824 1363 3017 1418 Billius
3032 1363 3089 1417 in
3103 1360 3355 1417 versione
3377 1358 3597 1412 illorum
3624 1354 3895 1411 verborum

2320 1460 2515 1518 lsidori
2544 1459 2839 1516 Pelusiotae
2884 1456 3011 1513 libr.
3045 1469 3111 1520 ιι,
3142 1453 3305 1523 epist.
3338 1448 3621 1505 H9:T&w
3654 1446 3806 1513 ζὼν
3838 1445 3899 1499 τὰ

2323 1555 2420 1626 μὲν
2451 1550 2882 1625 διαμασσώμενα
2921 1549 3023 1621 τὴν
3056 1544 3266 1619 τροφὴν
3294 1543 3586 1610 ζωοτοκεῆ
3620 1541 3694 1595 τὰ
3723 1540 3782 1594 δὲ
3810 1558 3899 1593 ιιι-

2316 1646 2612 1703 ταπῐνοντα
2642 1644 2891 1699 ᾠοτοκεῖ.
2929 1639 3023 1696 Sic
3062 1641 3210 1696 enim
3258 1637 3461 1693 vertit:
3493 1634 3581 1689 Ea:
3615 1636 3897 1689 animanti-

2319 1740 2415 1795 bus
2440 1756 2515 1795 ιω
2534 1754 2654 1809 qure
2687 1736 2862 1792 cibum
2893 1733 3189 1798 ruminant,
3220 1730 3482 1785 auimalia
3509 1729 3770 1796 pariunt;
3794 1743 3899 1796 qua:

2316 1842 2493 1887 autem
2528 1830 2734 1897 bibunt,
2758 1845 2857 1885 oua
2880 1834 3180 1898 procreant.
3196 1822 3474 1894 Multiplex
3505 1820 3860 1876 hallucinatio
3883 1838 3898 1875 :

2315 1926 2503 1996 plures
2556 1925 2867 1979 animantes
2925 1927 3056 1976 sunt
3094 1918 3357 1989 viviparae
3379 1930 3544 1987 quam
3582 1928 3709 1985 qua:
3736 1912 3902 1968 rumi-

2315 2026 2469 2073 nant.
2504 2014 2563 2072 Si
2623 2030 2820 2073 omnes
2871 2027 2995 2085 qua:
3052 2010 3252 2068 bibunt
3314 2010 3627 2063 animantes
3675 2005 3903 2076 oviparz

2316 2121 2469 2177 sunt,
2517 2117 2573 2166 et
2598 2122 2786 2165 vacca:
2830 2106 3023 2179 igitur,
3051 2113 3109 2161 et
3155 2101 3307 2175 equi,
3338 2111 3393 2157 et
3418 2115 3573 2168 oves,
3598 2106 3734 2164 etc.;
3764 2096 3900 2151 aliud

2315 2215 2402 2263 est
2425 2195 2833 2274 διαμασσᾶσθαι
2862 2198 2966 2272 τὴν
3007 2197 3241 2270 τροφήν,
3271 2194 3418 2249 aliud
3452 2194 3730 2266 μηρυκᾷν,
3762 2188 3901 2245 aliud

2312 2298 2630 2357 masticare,
2663 2291 2815 2347 aliud
2855 2292 3159 2354 ruminare,
3189 2286 3341 2343 aliud
3388 2285 3589 2349 πίνειν,
3625 2281 3776 2339 aliud
3812 2300 3903 2336 κα-

2314 2387 2563 2444 ταπξνειν
2594 2424 2609 2447 ,
2660 2381 2799 2438 illud
2863 2382 3056 2438 bibere
3104 2376 3379 2450 signiﬁcat
3401 2416 3416 2442 ,
3462 2374 3570 2431 b'oc
3617 2372 3898 2446 deglulire.

2315 2481 2496 2549 Quare
2530 2478 2737 2548 optime
2768 2473 3162 2531 animadvertit
3209 2473 3268 2527 in
3318 2469 3575 2526 eumdem
3608 2468 3817 2530 locum,
3853 2474 3902 2521 et

2313 2568 2477 2624 vertit
2528 2560 2993 2622 Rittershusius':
3022 2562 3394 2617 Animantium
3452 2575 3517 2612 ea
3569 2573 3693 2630 quae
3740 2556 3902 2611 cibum

2314 2662 2623 2726 masticant,
2649 2668 2806 2730 atque
2835 2657 3201 2725 comminuunt
3226 2655 3477 2723 vivipara:
3492 2660 3640 2720 sunt,
3656 2666 3773 2722 quae
3792 2664 3902 2705 vero

2313 2754 2607 2826 deglutiunt
2656 2754 2945 2823 integrum,
2970 2740 3231 2819 ouiparai.
3256 2738 3342 2803 De
3388 2742 3763 2800 ruminatione
3790 2742 3903 2797 ani-

2314 2845 2537 2899 malium
2601 2845 2775 2899 multa
2831 2842 3115 2899 adnotavit
3169 2838 3490 2911 HierOnyrn.
3524 2837 3899 2901 Mercurialis,

2315 2935 2438 2989 libr.
2489 2951 2521 2989 ν
2561 2933 2776 2988 Variar.
2830 2933 3135 2998 lectionum,
3184 2945 3308 3001 cap.
3358 2929 3449 2995 {5,
3491 2926 3549 2982 et
3594 2928 3773 2984 tribus
3821 2943 3903 2985 se-

2314 3031 2511 3095 quent.

2384 3114 2522 3170 lbid.
2562 3115 2664 3170 lin.
2721 3112 2810 3168 58.
2870 3106 3050 3167 Ἐστί
3087 3110 3156 3166 δὲ
3189 3108 3290 3165 καὶ
3322 3112 3363 3178 ἢ
3394 3107 3613 3180 τροφή.
3645 3108 3899 3175 Basilius,

2320 3206 2469 3263 hom.
2512 3208 2544 3259 7
2572 3225 2583 3259 :
2610 3205 2801 3278 Τροφὴ
2951 3202 3151 3274 ἰχθύων
3178 3198 3359 3266 ἄλλοις
3388 3201 3525 3273 ἄλλη
3572 3201 3718 3255 κατὰ
3755 3201 3903 3271 γένος

2320 3301 2676 3373 διωρισμένη.
2719 3300 2784 3353 0i
2845 3299 2945 3370 μὲν
2989 3296 3099 3368 γὰρ
3131 3295 3239 3350 ῐλύῖ
3262 3296 3579 3368 τρέφονται,
3614 3295 3667 3348 oi
3703 3293 3761 3347 δὲ
3796 3296 3905 3357 τοῖς

2322 3393 2557 3465 φυκίοις,
2596 3391 2743 3448 ἄλλοι
2775 3388 2833 3446 δὲ
2874 3393 2996 3455 ταῖς
3028 3390 3281 3461 βοτάναις
3323 3391 3445 3453 ταῖς
3485 3387 3906 3460 ἐντρεφομέναις

2320 3488 2397 3559 τῷ
2423 3486 2575 3541 ’ὕδατι
2606 3482 2924 3557 ἀρκοῦνται.
2965 3476 3361 3557 Ἄλληλοφάγοι
3398 3483 3455 3537 δὲ
3486 3482 3600 3535 τῶν
3636 3480 3833 3552 ἰχθύων
3859 3481 3906 3533 οἱ

2321 3580 2590 3633 πλεῖστοι*
2615 3578 2709 3632 καὶ
2733 3577 2763 3631 ὁ
2793 3578 3115 3649 μικρότερος
3140 3578 3271 3648 παρ’
3294 3575 3526 3638 ἐκείνοις
3568 3574 3771 3647 βρῶμά
3791 3575 3905 3627 ἔστι

2320 3674 2415 3728 τοῦ
2440 3672 2704 3745 μείζονος.
2729 3669 2848 3726 Κᾶν
2872 3685 3003 3724 ποτε
3030 3669 3328 3742 συμϐῇτὸν
3350 3666 3444 3721 τοῦ
3472 3668 3753 3730 ἐλάττονος
3776 3681 3906 3737 κρει-

2320 3766 2563 3836 τήσαντα.
2622 3762 2811 3835 ἑτέρον
2859 3761 3117 3832 γενέσθαι
3175 3760 3423 3833 θήραμα,
3472 3758 3579 3811 ὑπὸ
3626 3757 3729 3829 τὴν
3782 3757 3905 3829 μίαν

2322 3857 2544 3926 ἄγονται
2599 3854 2843 3928 γαστέρα
2866 3854 2960 3909 τοῦ
2999 3850 3331 3909 τελευταίαν.
3362 3850 3439 3908 De
3465 3852 3704 3923 piscium
3743 3865 3904 3922 gene-

2322 3949 2496 4012 ribus,
2549 3945 2897 4011 differentiis,
2947 3942 3401 4017 proprietatibus,
3428 3958 3494 3999 ac
3541 3944 3708 4009 cibis,
3754 3945 3905 4015 plura

2321 4037 2667 4102 Aristoteles,
2713 4034 2950 4102 Plinius,
2985 4036 3257 4101 Elianus,
3281 4035 3572 4094 Conradus
3603 4036 3901 4103 Gesnerus,

2322 4129 2563 4185 Achilles
2592 4127 3008 4193 Aldrovandus,
3040 4136 3095 4185 et
3125 4128 3239 4183 alii.

2392 4222 2556 4291 lbid.,
2590 4226 2689 4279 lin.
2724 4224 2813 4279 42.
2862 4225 2918 4277 Ὀ
2952 4223 3141 4293 πρίων
3169 4222 3487 4294 πτέρυγας.
3534 4222 3662 4281 Haec
3718 4222 3901 4281 eadem

2322 4317 2398 4372 ita
2426 4327 2614 4378 narrat
2646 4316 2846 4374 Petrus
2876 4315 3201 4381 Damianus,
3234 4317 3329 4373 lib.
3360 4333 3423 4382 ιι,
3454 4318 3618 4389 epist.
3649 4318 3757 4375 l8:
3785 4317 3904 4374 Ser-

2321 4426 2406 4475 ra,
2438 4411 2651 4463 marina
2682 4409 2882 4463 scilicet
2908 4408 3107 4473 bellua,
3139 4424 3257 4479 qua:
3298 4426 3416 4464 cum
3448 4410 3690 4477 prolixus
3720 4409 3901 4465 habet!

626 4498 912 4567 Quomodo
961 4498 1106 4553 enim
1158 4496 1338 4565 pisces
1392 4493 1694 4557 ruminant,
1747 4507 1871 4546 cum
1926 4492 2068 4545 inter
2120 4506 2215 4546 eos
2248 4493 2292 4549 D
2320 4518 2540 4571 pennas,
2592 4517 2715 4554 mot-
2745 4511 2804 4554 ut
2839 4500 3026 4556 viderit
3068 4516 3249 4555 narem
3291 4501 3665 4571 veliﬁcantem,
3697 4503 3901 4557 alarum

624 4594 780 4649 solus
828 4605 1023 4647 scarus
1073 4588 1127 4641 id
1165 4587 1354 4642 faciat.
1388 4586 1456 4640 Et
1487 4586 1532 4640 si
1563 4587 1666 4640 istc
1701 4584 1880 4657 μήρυξ
1908 4585 2077 4655 piscis
2108 4591 2214 4650 est,

624 4701 751 4741 cum
789 4684 931 4739 inter
963 4684 1149 4752 pisces
1192 4678 1510 4735 includatur
1560 4678 1762 4732 frustra
1820 4679 1880 4730 lit
1909 4677 2031 4745 ejus
2064 4691 2220 4731 men-

621 4780 737 4845 tio;
772 4776 823 4831 si
882 4791 991 4829 non
1047 4774 1240 4845 piscis,
1288 4786 1467 4843 quare
1521 4771 1771 4825 muribus
1817 4768 2062 4824 Ponticis
2107 4784 2217 4823 non

623 4869 936 4938 conjunxit.
980 4865 1089 4921 Sed
1145 4868 1393 4922 sinamus
1449 4865 1583 4919 haec.
1612 4863 1774 4918 Certe
1810 4879 1876 4917 ex
1908 4863 1993 4918 bis
2032 4864 2217 4918 verbis

625 4976 909 5032 nunquam
942 4973 1154 5013 murem
1195 4957 1482 5013 Ponticum
1515 4973 1637 5011 esse
1668 4958 1875 5027 piscem
1908 4956 2217 5027 deprehen-

625 5054 841 5117 demus,
865 5065 991 5104 cum
1021 5064 1146 5104 cum
1176 5047 1502 5103 Aristotcles
1536 5062 1567 5101 a
1599 5048 1844 5117 piscibus
1876 5058 2212 5117 separatum,

626 5154 680 5201 et
712 5152 970 5214 tanquam
998 5142 1129 5212 quid
1168 5140 1446 5196 diversum
1475 5141 1543 5193 ab
1576 5140 1686 5193 illis
1717 5141 1769 5192 in
1799 5138 2038 5195 llistoria
2074 5142 2217 5194 refe-

649 5244 729 5289 at.
773 5234 1043 5289 Praeterea
1090 5233 1412 5289 Aristoteles
1468 5231 1594 5286 libr.
1626 5246 1721 5285 VIII
1754 5230 1831 5284 De
1864 5231 2217 5311 umqum;-

642 5330 783 5394 nal.,
816 5328 975 5397 capit.
1018 5327 1105 5390 l7,
1143 5327 1334 5383 scribit
1388 5341 1598 5380 murem
1652 5323 1943 5379 Ponticum
1984 5304 2209 5388 Elim“,

636 5419 789 5476 sicuti
812 5427 865 5473 et
887 5418 1054 5489 glires
1084 5418 1138 5472 in
1166 5418 1459 5473 arboribus
1490 5415 1745 5473 conditos
1770 5418 1988 5472 latitare
2008 5416 2209 5473 hieme.

628 5510 927 5566 Confirmat
969 5509 1179 5565 Plinius
1219 5510 1345 5563 libr.
1383 5525 1503 5573 vm,
1545 5511 1714 5581 capit.
1746 5509 2212 5577 ὅἹςιθιηᾶῗείςιωις

626 5603 704 5657 De
750 5603 936 5659 histor.
984 5602 1205 5659 animal.
1241 5603 1365 5659 libr.
1418 5620 1493 5666 ιιι,
1553 5602 1718 5671 capit.
1758 5603 1848 5668 Η,
1887 5604 1940 5658 in
1969 5616 2210 5657 montem

624 5709 779 5749 more
817 5695 1090 5750 exercitus
1124 5692 1239 5747 acie
1266 5694 1535 5749 instructa
1565 5694 1829 5750 decedere
1873 5704 2064 5750 narrat
2092 5711 2213 5765 quae

625 5788 809 5843 nullus
848 5786 915 5844 de
958 5788 1226 5858 piscibus,
1257 5788 1363 5843 nisi
1408 5788 1689 5846 somnians
1719 5788 2030 5847 allirmarct.
2066 5789 2210 5856 Quid

2319 4604 2370 4647 et
2400 4595 2516 4663 ipsa
2564 4594 2855 4665 prazcincta
2894 4592 3126 4663 remigiis
3164 4595 3432 4648 contendit
3474 4594 3743 4664 reliﬁcare
3792 4602 3902 4665 post

2320 4704 2524 4741 navem.
2560 4686 2664 4742 Sed
2695 4687 2781 4741 vix
2812 4700 2904 4754 per
2934 4686 3496 4757 quadraginta‘stadia
3529 4689 3585 4741 in
3618 4688 3781 4759 hujus
3795 4705 3902 4741 cer-

2322 4781 2535 4833 taminis
2568 4779 2748 4833 labore
2779 4779 3069 4845 persistens
3101 4780 3301 4849 deﬁcit,
3343 4792 3393 4835 et
3429 4784 3507 4836 sic
3543 4782 3754 4851 defessa
3790 4780 3899 4835 ala:

2320 4870 2456 4925 inter
2507 4871 2827 4925 discrimina
2880 4871 3090 4924 marina
3138 4871 3371 4940 deponit,
3401 4874 3570 4941 fluctu
3614 4876 3791 4942 itaque
3818 4890 3899 4927 ro-

2319 4963 2463 5018 lante
2521 4963 2883 5033 compellitur,
2912 4972 2963 5017 et
3010 4964 3077 5017 ad
3110 4966 3283 5018 locum
3312 4964 3450 5018 unde
3488 4966 3782 5035 remigrare
3802 4980 3898 5018 cc-

2318 5066 2490 5126 perat,
2542 5057 2738 5109 iterum
2799 5056 3078 5110 relabitur.
3137 5055 3318 5115 Serra:
3348 5056 3521 5127 piscis
3567 5059 3816 5113 meminit
3845 5066 3893 5112 et

2318 5148 2530 5203 Plinius
2591 5147 2717 5202 libr.
2774 5163 2925 5202 usu
2960 5146 3159 5203 Natur.
3192 5149 3407 5212 histor.,
3460 5149 3634 5220 capit.
3677 5149 3762 5205 ll.
3795 5147 3891 5203 Sed

2317 5240 2543 5295 dubium
2574 5248 2681 5302 est,
2715 5253 2785 5292 an
2810 5239 2878 5295 de
2904 5238 3009 5295 hoc
3037 5240 3328 5311 intelligat,
3359 5256 3485 5296 cum
3517 5257 3622 5297 nec
3653 5243 3709 5298 in
3733 5242 3889 5313 expli-

2304 5332 2495 5387 ‘canda
2528 5345 2696 5386 serrae
2726 5331 2897 5402 piscis
2928 5343 3127 5389 natura
3154 5336 3488 5391 conveniant
3523 5343 3797 5393 auctores.

2387 5424 2551 5487 lbid.,
2586 5424 2685 5478 lin.
2719 5423 2806 5480 50.
2845 5424 2915 5479 Τὸ
2946 5426 3016 5480 δὲ
3064 5428 3247 5497 κῆτος
3274 5428 3305 5481 ὃ
3341 5427 3609 5483 καλεῖται
3634 5428 3766 5500 μέν,
3788 5427 3882 5482 Ba-

2316 5516 2497 5577 silius,
2524 5514 2672 5567 hom.
2704 5514 2734 5567 7
2768 5534 2780 5569 :
2828 5515 2964 5568 Ἀλλ’
2991 5517 3180 5589 ἐπειδὴ
3210 5520 3326 5580 τοῖς
3351 5516 3629 5586 μεγίστοις
3652 5519 3794 5589 ὄρεσι
3814 5513 3882 5581 τῷ

2316 5606 2462 5678 Civ-lg)
2494 5606 2587 5660 τοῦ
2631 5606 2879 5678 σώματος
2910 5608 3295 5691 παρισάξεται,
3317 5609 3432 5679 ἆγε
3453 5612 3547 5665 καὶ
3566 5614 3744 5683 νήσων
3770 5608 3879 5660 τεο).⁸

2315 5701 2473 5763 λάκις
2523 5700 2822 5769 φαντασίαν
2874 5703 3197 5773 παρέχεται,
3235 5692 3456 5756 ἐπειδάν
3496 5720 3627 5756 ποτε
3679 5700 3767 5755 ἐπὶ
3794 5697 3876 5767 τὴν

2314 5791 2489 5864 ἄκραν
2545 5793 2867 5862 ἐπιφάνειαν
2912 5794 3007 5848 τοῦ
3063 5794 3256 5859 ὓδατος
3312 5795 3671 5868 ἁνανήχητσι·
3727 5789 3875 5847 ταῦτα
