4042 6338
659 407 766 463 883

661 524 728 591 At
764 532 951 577 contra
977 522 1205 591 scopulis
1233 521 1424 577 crinali
1453 536 1664 589 corpore
1699 521 1869 590 segnis

656 590 892 662 Polypus
915 590 1095 657 heret,
1116 603 1167 646 et
1188 592 1285 645 hac
1305 591 1469 646 eludit
1499 593 1631 645 retia
1661 592 1870 659 fraude,

658 661 729 744 Et
752 661 847 715 sub
884 664 992 742 lege
1004 664 1132 744 loci
1144 664 1327 725 sumit,
1356 671 1626 744 mutatque
1648 664 1878 744 colorem

657 730 879 801 Semper.
898 730 947 786 ei
969 731 1159 787 sintilis
1181 748 1338 801 quam
1361 730 1600 801 contigit,
1628 745 1780 800 atque
1799 732 1889 784 ubi
1917 732 2155 801 pra'dant

661 800 978 872 Pendentem
1003 803 1126 856 sctis
1168 800 1352 856 avidus
1379 800 1537 867 rapit,
1567 802 1652 854 hic
1687 817 1888 872 quoque
1919 800 2085 872 ’[allit

659 870 818 947 litato
841 872 1049 947 calamo
1070 888 1191 947 cum
1229 871 1434 947 deruunt
1464 887 1695 925 emersus
1728 871 1783 923 in
1800 870 1978 947 auras

655 938 887 994 Brachia
912 941 1174 1007 dissolvit,
1196 942 1603 1011 populorumque
1627 942 1834 1009 exspuit
1862 942 2100 1005 hamum.

656 1053 793 1110 Hinc
805 1064 933 1110 nata
949 1056 1136 1127 adsgia
1152 1056 1403 1126 Polypus,
1418 1053 1608 1124 Polgpi
1620 1053 1993 1124 caput,Polgpi
2005 1065 2226 1110 utentem

656 1146 936 1214 obtinere;
972 1148 1196 1202 consule
1214 1146 1527 1216 adagiorum
1556 1146 1897 1201 collectores.
1929 1145 2038 1201 Nec
2054 1147 2225 1203 silen-

654 1238 787 1293 dum
817 1245 903 1294 est
954 1238 1252 1293 multorum
1278 1236 1447 1294 luisse
1468 1238 1801 1308 opinionem,
1833 1238 2061 1310 polypos
2089 1238 2229 1309 seip-

656 1344 771 1394 sos,
802 1330 889 1385 vel
917 1329 1103 1401 pedes,
1134 1330 1219 1385 vel
1250 1334 1479 1403 cyrrhos
1511 1334 1654 1385 fame
1684 1338 1908 1387 coactos
1938 1332 2227 1388 absumere

655 1422 919 1478 rodendo.
960 1420 1251 1489 Hesiodus,
1283 1422 1377 1478 lib.
1423 1437 1461 1485 ι,
1497 1423 1620 1475 'Ot‘
1651 1423 1943 1491 ἀνόστεος
1969 1424 2045 1479 ὃν
2069 1424 2229 1479 πόδα

652 1513 845 1569 τένδει
867 1530 885 1579 ;
911 1512 1221 1570 Carneades
1239 1513 1381 1585 apud
1411 1514 1683 1570 Stobazum
1704 1516 1840 1587 Περὶ
1859 1515 2225 1587 γραμμάτων

656 1605 973 1677 Καρνεάδης
999 1606 1096 1677 τὴν
1117 1605 1456 1677 διαλεκτικὴν
1484 1607 1634 1676 ἔλεγε
1668 1606 1924 1660 πολύποδι
1958 1608 2191 1662 ἐοικέναι
2210 1623 2223 1637 ·

655 1698 749 1749 καὶ
793 1694 901 1766 γὰρ
959 1698 1161 1749 ἐκεῖνον
1208 1696 1530 1767 αὐξηθείσας
1595 1696 1695 1760 τὰς
1736 1698 2039 1760 πλεκτάνας
2091 1713 2226 1750 κατ-

654 1786 877 1851 εσθίειν,
905 1788 1001 1841 καὶ
1027 1786 1247 1852 τούτους
1274 1788 1564 1859 προϊούσης
1581 1789 1679 1859 τῆς
1706 1789 2005 1859 δυνάμεως,
2039 1788 2133 1841 καὶ
2158 1787 2229 1841 τὰ

2000 402 2247 461 LEONIS
2284 404 2561 462 ALLATII

2249 554 2296 611 Α
2324 533 2381 579 et
2407 523 2656 587 inferius,
2690 521 2945 577 Echeneis
2981 538 3106 591 ergo
3137 520 3254 592 ﬁgit
3286 521 3341 574 in
3366 516 3634 589 ﬂuctibus.
3658 512 3911 570 bidem

3810 401 3913 457 886

2327 615 2421 670 lib.
2464 631 2527 680 ll,
2556 630 2677 687 cap.
2730 615 2789 679 2,
2847 613 3125 679 Echeneis,
3172 613 3370 683 inquit,
3401 625 3596 679 paruus
3646 615 3699 661 et
3745 606 3908 660 scuti-

2324 706 2528 776 pedalis
2558 707 2843 777 pisciculus
2873 720 3062 760 nomen
3098 705 3323 773 sumpsit
3353 700 3491 773 quod
3508 715 3694 754 nam
3718 695 3904 750 adha-

2326 798 2487 852 rcndo
2517 800 2764 853 retineat.
2784 796 2960 851 ﬂuant
2990 796 3108 850 licet
3125 794 3287 858 renti,
3303 803 3353 847 et
3376 792 3597 847 scviaut
3628 786 3900 857 procella,

2326 890 2474 945 nanis
2503 899 2677 945 tamen
2722 890 2877 960 quasi
2919 887 3169 943 radicata
3208 888 3267 939 in
3305 884 3445 938 mari
3482 892 3629 937 stare
3671 879 3899 943 videtur,

2325 996 2419 1033 nec
2460 981 2679 1044 moneri,
2708 995 2811 1033 non
2846 977 3143 1037 retinendo.
3185 974 3278 1030 sed
3316 983 3523 1028 tanturn
3559 968 3898 1025 sith

2329 1062 2487 1117 Hunc
2513 1062 2693 1117 Latini
2720 1079 2926 1117 moram
2955 1061 3312 1132 appellarunt,
3335 1074 3397 1113 eo
3414 1061 3554 1129 quod
3579 1065 3726 1111 stare
3750 1063 3901 1125 cogat

2327 1156 2558 1227 navigia.
2577 1153 2811 1218 Plinius,
2840 1154 2934 1209 lib.
2958 1168 3038 1217 ιι,
3066 1167 3188 1223 cap.
3213 1149 3307 1215 9.5,
3332 1148 3472 1203 idem
3501 1146 3820 1209 conﬁrmat,
3845 1150 3901 1199 et

2330 1246 2425 1301 lib.
2458 1262 2633 1311 usu,
2663 1260 2786 1316 cap.
2815 1246 2842 1300 l
2870 1264 2883 1301 :
2923 1245 3122 1300 Tanton
3146 1246 3325 1297 omnia
3351 1242 3463 1297 hac
3488 1242 3793 1312 pariterque
3814 1252 3900 1291 ea-

2326 1339 2443 1394 dem
2467 1337 2810 1407 impellentia,
2831 1354 2896 1391 ac
2920 1352 3114 1406 paruus
3135 1333 3416 1388 admodum
3434 1332 3726 1403 pisciculus
3752 1329 3898 1384 eche-

2327 1434 2438 1485 neis
2468 1430 2789 1500 appellatus,
2817 1430 2874 1483 in
2903 1445 2959 1483 se
2988 1437 3145 1484 tenet.
3169 1427 3347 1481 Ruant
3374 1426 3512 1481 venti
3539 1425 3687 1488 licet,
3712 1433 3767 1477 at
3798 1438 3899 1477 sc-

2327 1524 2470 1577 riant
2492 1524 2755 1592 procella,
2797 1523 3017 1591 imperat
3050 1520 3241 1589 furori,
3270 1520 3504 1589 uiresque
3534 1526 3717 1571 tantas
3756 1531 3904 1568 cosa-

2326 1617 2511 1685 pescit,
2538 1624 2589 1669 et
2609 1616 2749 1685 cogit
2768 1623 2914 1668 stare
2938 1613 3148 1683 navigia
3167 1628 3187 1665 :
3212 1609 3350 1681 quod
3389 1626 3493 1664 non
3523 1608 3738 1662 vincula
3762 1606 3899 1669 ulla,

2330 1724 2432 1760 non
2472 1707 2719 1761 anchora
2765 1704 2994 1777 pondere
3050 1702 3383 1758 irrevocabili
3417 1701 3605 1770 jactur.
3655 1697 3902 1765 Infrenat

2328 1798 2573 1866 impetus,
2608 1808 2659 1853 et
2698 1798 2882 1853 dontat
2924 1797 3106 1850 mundi
3147 1794 3343 1849 rabiem
3379 1793 3528 1847 nullo
3556 1808 3656 1846 sua
3697 1790 3901 1851 labare,

656 1879 872 1951 σφέτερ’
900 1881 1241 1951 ἀνατρέπειν.
1274 1881 1507 1937 Δίρκης·
1537 1880 1742 1934 Ἔδωδα
1768 1879 2002 1950 ἐμαυτὸν
2020 1879 2096 1943 ὡς
2129 1896 2215 1933 πο-

2325 1908 2428 1947 non
2457 1890 2749 1958 retinendo,
2781 1898 2873 1943 aut
2897 1888 3006 1942 alio
3030 1886 3204 1950 modo,
3226 1901 3384 1956 quant
3406 1882 3748 1938 adhercndo.
3770 1881 3901 1935 Hac

653 1972 875 2037 λύπους.
903 1970 1183 2043 Oppianus
1208 1973 1459 2027 'AJtsvr.
1480 1987 1555 2039 u;
1602 1970 1941 2043 Rhodiginus
1975 1972 2069 2027 lib.
2100 1986 2222 2037 ιιιι,

653 2078 776 2134 cap.
811 2064 899 2120 32.
933 2063 1049 2120 Hoc
1080 2064 1221 2121 idem
1248 2065 1496 2120 scribunt
1537 2065 1850 2127 Athenaeus,
1890 2062 2092 2131 liores,
2116 2062 2225 2117 Eu.

655 2156 916 2221 stathlus,
955 2154 1277 2228 Hesychius,
1318 2156 1515 2212 Suidas
1546 2163 1600 2211 et
1624 2156 1737 2210 alii.
1771 2155 1979 2227 Negant
2013 2156 2227 2211 Aristo-

655 2248 793 2302 teles
840 2247 963 2303 libr.
998 2263 1118 2314 vui,
1169 2249 1335 2318 capit.
1382 2248 1438 2311 2,
1489 2246 1566 2301 De
1608 2246 1795 2301 histor.
1831 2249 2022 2314 anim.,
2073 2248 2135 2300 Οἱ
2167 2246 2225 2299 δὲ

654 2338 883 2409 γόγγροι
912 2340 1038 2403 τοὺς
1088 2338 1391 2403 πολύποδας
1432 2336 1840 2392 κατεσθίουσιν·
1881 2346 1937 2393 et
1974 2353 2121 2401 mox,
2160 2339 2225 2391 Ὀ

652 2429 709 2483 δὲ
737 2431 952 2499 λέγουσί
971 2449 1134 2496 τινες,
1156 2432 1231 2496 ὡς
1257 2432 1413 2493 αὐτὸς
1438 2431 1597 2484 αὑτὸν
1618 2429 1784 2483 ἐσθίει
1804 2470 1818 2493 ,
1839 2430 2031 2497 ψεῦδός
2055 2431 2220 2483 ἐστιν.

666 2521 824 2576 Ἀλλά
834 2540 901 2574 πε
907 2522 1148 2593 ριεδηδεσ
1154 2524 1317 2594 μένας
1328 2523 1538 2593 ἔχουσιν
1553 2522 1681 2575 ἔνιοι
1696 2520 1793 2583 τὰς
1805 2520 2105 2584 πλεκτάνας
2120 2520 2226 2574 ὑπὸ

651 2611 761 2664 τῶν
793 2612 1062 2685 γόγγρων.
1098 2612 1423 2669 Plutarchus
1452 2611 1698 2682 Dialogo,
1748 2610 1941 2666 Utrum
1979 2611 2221 2681 pruden-

652 2704 796 2757 tiora
825 2704 954 2768 sint,
982 2714 1115 2769 etc.,
1141 2720 1171 2758 a
1187 2705 1405 2777 eongris
1426 2714 1480 2760 et
1509 2702 1766 2759 muraenis
1789 2704 1981 2758 scribit
2006 2703 2223 2761 cirrhos

650 2798 918 2851 consumi.
942 2795 1174 2864 Plinius,
1205 2797 1328 2853 libr.
1357 2812 1429 2857 Ix,
1454 2796 1618 2865 capit.
1648 2794 1719 2848 ‘29
1751 2813 1764 2848 :
1791 2793 1971 2863 Ipsum
2007 2794 2223 2848 brachia

650 2902 751 2939 sua
785 2887 964 2942 rodere
986 2888 1127 2957 falsa
1159 2888 1331 2955 opinio
1357 2896 1453 2940 est.
1487 2884 1553 2938 Id
1588 2886 1723 2938 enim
1752 2902 1786 2937 a
1814 2886 2023 2954 congris
2052 2885 2221 2939 evenit

650 2975 734 3037 ei;
763 2974 853 3029 sed
882 2979 1086 3032 renasci
1114 2978 1247 3031 sicut
1274 2975 1479 3040 colatis,
1502 2983 1551 3028 et
1580 2973 1788 3027 lacertis
1809 2970 2055 3038 caudam,
2080 2971 2221 3026 haud

678 3075 870 3127 'alsum.

678 3075 870 3127 alsum.

652 3075 681 3142 Ῑ
720 3165 882 3230 l‘hid.,
908 3165 1002 3219 lin.
1030 3163 1118 3218 20.
1148 3161 1517 3229 Μικρότατον
1541 3160 1610 3213 δὲ
1636 3158 1710 3227 τῇ
1733 3162 1933 3229 φύσει.
1960 3157 2217 3222 Basilius,

2328 1982 2545 2039 tantilla
2573 1992 2651 2038 est
2685 1984 2820 2037 satis
2848 1991 3034 2036 contra
3056 1988 3133 2034 tot
3158 1980 3382 2046 impetus
3411 1986 3468 2029 ut
3513 1983 3647 2029 vetet
3693 1975 3773 2027 ire
3802 1988 3902 2026 aa—

2326 2077 2485 2146 vigia.
2535 2073 2639 2130 Sed
2681 2083 2906 2128 armata
2946 2073 3144 2127 classes
3192 2071 3463 2139 imponunt
3507 2067 3609 2121 sibi
3664 2067 3901 2120 turi-iant

2325 2165 2721 2237 propugnacula
2759 2174 2816 2217 ut
2854 2165 2911 2217 in
2963 2164 3105 2217 mari
3152 2177 3354 2233 quoque
3391 2166 3650 2231 pugnetur
3688 2157 3833 2211 celat
3872 2172 3903 2211 e

2328 2260 2514 2314 inuris.
2553 2258 2708 2313 Heu!
2744 2258 2951 2311 vanitas
2980 2258 3232 2319 humana,
3275 2270 3393 2308 cuiu
3423 2251 3751 2307 rostra-illa
3797 2266 3905 2305 trra

2326 2352 2567 2421 ferroque
2594 2350 2663 2405 ad
2678 2351 2813 2403 ictus
2843 2358 3076 2411 armata,
3100 2344 3431 2415 semipedalis
3459 2343 3691 2398 inhibere
3704 2344 3899 2413 possit,

2326 2459 2390 2495 ac
2416 2453 2586 2497 tenere
2606 2443 2843 2496 devincta
2870 2441 3152 2508 pisciculus
3173 2440 3193 2491 !
3214 2438 3457 2495 Isidorus
3484 2438 3671 2507 itaque
3699 2452 3806 2491 sua
3832 2450 3902 2489 ex

2323 2533 2590 2589 Plinianis
2620 2534 2771 2589 hisce
2792 2541 3074 2588 mutuatus
3100 2538 3204 2593 est,
3230 2531 3331 2584 etsi
3366 2530 3538 2585 mavis
3558 2526 3899 2597 compilavit,

2322 2639 2433 2678 non
2448 2639 2525 2679 ex
2555 2622 2864 2687 Ambrosio,
2889 2629 2949 2675 ut
2976 2618 3359 2675 animadvertit
3388 2615 3796 2671 Rittershusius
3841 2614 3901 2667 in

2328 2714 2560 2786 Oppiani
2586 2714 2828 2768 Ἁλιευτ.
2858 2714 2950 2767 lib.
2984 2729 3020 2767 I.
3044 2710 3239 2764 Suhdit
3258 2708 3467 2762 Plinius
3480 2707 3697 2760 Attiaco
3721 2712 3901 2759 marte

2324 2806 2633 2877 praetoriam
2648 2818 2839 2858 navem
2861 2802 3084 2857 Antonii
3106 2800 3430 2871 pisciculum
3444 2798 3592 2851 hunc
3606 2792 3858 2852 tenuisse
3879 2810 3894 2846 :

2322 2903 2377 2950 et
2410 2908 2511 2949 sua
2540 2894 2803 2948 memoria
2844 2890 2962 2947 Caii
3014 2891 3279 2962 principis
3326 2889 3393 2943 ab
3421 2888 3625 2943 Astura
3673 2887 3897 2940 Antium

2321 2986 2644 3055 remigantis
2677 3002 2690 3037 :
2724 2984 2827 3041 hoc
2854 2994 2908 3039 et
2939 2984 3295 3054 experientiis
3336 2990 3653 3036 nostrorum
3691 2987 3900 3048 tempo-

2322 3094 2444 3132 rum
2462 3076 2875 3149 comprobatum
2910 3082 3017 3131 est.
3042 3073 3299 3129 Testatur
3317 3072 3620 3127 Guilelmus
3632 3068 3897 3124 Rondele

2322 3170 2430 3225 tius
2448 3184 2505 3225 se
2525 3169 2845 3239 cognovisse
2856 3170 3153 3231 triremem,
3173 3165 3228 3219 in
3243 3179 3346 3235 qua
3362 3161 3659 3217 cardinalis
3674 3159 3895 3230 quidam

648 3259 798 3314 hom.
831 3258 898 3311 7:
924 3254 1049 3309 Ἐὰν
1076 3255 1133 3306 δὲ
1154 3252 1410 3323 ἀκούσῃς,
1440 3252 1520 3304 ὅτι
1539 3249 1607 3303 τὰ
1633 3251 1861 3322 μέγιστα
1881 3242 1989 3303 τῶν
2020 3249 2215 3302 πλοίων

2322 3261 2660 3316 Turonensis
2701 3258 2929 3314 Romam
2960 3267 3152 3314 vectus
3172 3264 3277 3319 est,
3310 3254 3490 3310 medio
3516 3267 3685 3307 cursu
3709 3250 3894 3305 omni-

648 3349 987 3421 ὴπλωμένοις
1025 3347 1211 3409 ἱστίοις
1250 3345 1307 3411 ἐξ
1331 3344 1519 3417 οὐρίας
1554 3344 1828 3415 φερόμενα
1851 3342 1913 3395 τὸ
1954 3342 2216 3413 μικρότα-

646 3457 739 3494 τον
774 3439 1004 3511 ἰχθύδιον
1051 3438 1085 3509 ἡ
1133 3434 1344 3506 ὲχενηῖς
1380 3434 1520 3487 οὕτω
1563 3434 1758 3506 ῥαδίως
1802 3432 2034 3502 ἵστησιν,
2076 3429 2216 3482 ὥστε

645 3533 902 3605 ἀκίνητον
927 3530 1021 3584 ἐπὶ
1049 3530 1296 3581 πλεῖστον
1326 3526 1637 3597 φυλάσσειν.
1666 3525 1855 3597 ὥσπερ
1883 3524 2217 3596 καταρῤιζω-

647 3625 738 3677 θὲν
771 3626 828 3677 ὲν
853 3622 1002 3702 αὐτῷ
1042 3621 1120 3691 τῷ
1154 3619 1406 3688 πελάγει·
1438 3614 1524 3689 ἆρ’
1554 3617 1674 3687 οὐχὶ
1719 3616 1811 3670 καὶ
1839 3618 1895 3669 ὲν
1926 3615 2005 3686 τῷ
2038 3612 2217 3686 μικρῴ

644 3716 820 3787 τούτῳ
865 3716 964 3785 τὴν
992 3714 1159 3785 αὐτὴν
1187 3712 1285 3783 τῆς
1318 3711 1411 3764 τοῦ
1456 3710 1739 3773 κτίσαντος
1766 3709 2045 3780 δυνάμεως
2074 3708 2215 3775 λαμ-

647 3809 831 3873 ῆάνεις
860 3806 1159 3872 ἀπόδειξινς
1189 3805 1435 3867 Nonnus,
1474 3803 1689 3873 Dionys.
1717 3802 1777 3854 2i
1813 3820 1826 3854 :

652 3924 909 3986 Ἔκλυες
938 3922 1211 3986 είναλίην
1240 3918 1539 3988 ἐχενηΐδᾳ,
1564 3916 1689 3982 πῶς
1720 3916 1811 3968 ὲνι
1839 3916 2037 3988 πόντῳ

659 3992 854 4062 Ἰχθὺς
881 3984 1368 4062 ξβαιὺςηᾶγαῂὶις
1392 3984 1925 4062 ἐπέᾴχργιε-ποᾼλάκι
1941 3985 2184 4062 ναύταις

647 4052 762 4130 Ἂῗισ
785 4052 1203 4128 ἀὲἀσειρᾶζων.
1243 4052 1675 4130 ἧ(ὶλίγιιιδδίύπτὸ
1700 4053 1956 4130 χάσματι
1996 4052 2213 4130 ,βαθμοῦ

643 4120 1010 4198 Μῆκεδανὴνῖ
1028 4130 1288 4196 ἀπέκοψε
1320 4120 1952 4192 κάτάσχετονήόλκάδα
1989 4120 2209 4190 δεσμῷ.

719 4245 917 4300 Eadem
949 4244 1223 4313 eleganter
1240 4250 1294 4297 et
1310 4241 1527 4311 copiose
1541 4238 1819 4310 Oppianus
1845 4238 2085 4292 Ἁλιευτ.
2115 4236 2207 4289 lib.

643 4356 661 4395 ι
689 4357 703 4405 ;
738 4344 791 4393 et
820 4333 1207 4398 Lueanus,lib.
1240 4348 1289 4385 νι
1324 4351 1336 4386 :

644 4448 770 4502 Non
799 4447 1007 4515 puppim
1041 4445 1264 4498 renitens
1294 4460 1418 4497 euro
1444 4441 1679 4495 tendente
1724 4440 1968 4493 rudentes

645 4519 713 4573 In
747 4519 933 4571 mediis
968 4516 1196 4569 echeneis
1222 4516 1393 4585 aquis.

707 4608 935 4667 Ovidius
970 4626 983 4662 :

643 4718 819 4773 Parva
849 4716 1077 4771 echeneis
1108 4714 1277 4781 adest,
1308 4713 1521 4777 mirum,
1550 4726 1698 4764 mora
1729 4708 1983 4779 puppibus
2006 4709 2205 4777 ingens.

640 4836 786 4892 Idem
811 4831 1001 4888 scribit
1042 4829 1391 4889 Plutarchus,
1436 4844 1474 4881 ιι
1518 4825 1759 4895 Sympos.
1795 4832 1988 4895 quazst.
2025 4824 2056 4877 7
2086 4832 2140 4877 et
2170 4839 2206 4876 ιι

641 4927 906 5001 problem.
949 4930 1143 4992 quaest.
1193 4921 1253 4985 '7;
1300 4918 1643 4979 Ambrosius,
1690 4917 1787 4971 lib.
1823 4933 1875 4981 ν,
1925 4914 2203 4977 "omnem,

640 5037 762 5091 cap.
798 5018 899 5083 ll);
925 5014 1254 5068 Franciseus
1303 5010 1617 5071 Petrarcha,
1664 5007 1899 5078 prmfat.,
1935 5008 2029 5062 lib.
2060 5023 2097 5065 ιι
2132 5005 2207 5059 De

641 5109 836 5167 remed.
872 5116 981 5161 utr.
1009 5106 1162 5174 fort.;
1196 5102 1367 5156 Lilius
1396 5099 1675 5161 Giraldus,
1711 5098 1788 5150 De
1818 5098 2061 5167 navigiis,
2082 5112 2200 5165 cap.

639 5202 710 5266 5;
742 5196 979 5252 Joannes
1009 5193 1317 5248 Sambucus
1347 5190 1609 5245 Emhlem.
1636 5187 1772 5255 205;
1802 5186 1953 5241 Phile
1977 5187 2031 5239 in
2059 5187 2206 5239 Iam-

639 5290 718 5341 bis
765 5302 860 5342 eas
906 5285 1214 5355 ναυκράτας
1258 5282 1492 5339 vocavit.
1552 5280 1793 5333 Meminit
1840 5276 2205 5332 Cassiodorus

639 5379 736 5433 lib.
764 5393 779 5431 ι
836 5376 962 5430 Var.
994 5374 1354 5429 Echeneidem
1389 5388 1648 5425 remoram
1679 5370 1855 5424 Latini
1901 5375 2202 5433 vocarunt;

638 5470 893 5525 Afranius
922 5476 974 5523 et
1002 5467 1224 5520 Plautus
1254 5464 1396 5534 apud
1444 5464 1660 5519 Festum
1691 5464 2081 5533 remaligiuem;
2106 5461 2205 5516 Pe-

640 5572 758 5616 trus
787 5561 1103 5621 Damianus,
1132 5560 1225 5613 lib.
1252 5575 1313 5623 ιι,
1343 5557 1505 5628 epist.
1541 5558 1629 5619 18,
1675 5557 2018 5621 echeneidem,
2066 5557 2204 5610 echi-

638 5670 767 5708 nam
790 5663 965 5716 vocat,
998 5652 1140 5722 quod
1176 5660 1304 5722 puto
1332 5650 1547 5705 incuria
1591 5652 1941 5718 scriptorum,
1968 5657 2021 5704 et
2047 5649 2203 5703 simi-

639 5744 869 5802 litudine
913 5744 1152 5799 nominis
1195 5743 1246 5797 id
1281 5743 1579 5807 accidisse;
1626 5756 1755 5810 ergo
1788 5740 2051 5794 Damiano
2078 5756 2203 5810 pro-

641 5837 841 5911 prium,
866 5846 919 5893 et
947 5836 1237 5900 scribatur,
1264 5834 1415 5902 Quod
1432 5834 1659 5889 echeneis
1683 5834 1839 5890 etiam
1866 5834 2050 5897 breuis,
2069 5841 2197 5900 (δια,

2320 3355 2425 3410 bus
2454 3353 2851 3408 admirantibus
2880 3352 3186 3427 inhibitam.
3226 3348 3311 3402 .Et
3340 3363 3443 3418 ego
3468 3345 3599 3400 dum
3656 3343 3898 3400 Venetiis

2322 3459 2715 3507 commorarer,
2743 3444 2879 3497 alias
2901 3442 3141 3496 conchas
3165 3440 3304 3495 idem
3325 3440 3506 3492 valere
3532 3435 3898 3506 ejusdemque

2318 3552 2437 3593 esse
2476 3534 2732 3607 potentiae
2772 3533 3123 3604 deprehendi.
3157 3531 3289 3597 Quae
3331 3536 3386 3584 et
3419 3528 3575 3583 navis
3628 3527 3896 3597 impetum

2318 3628 2641 3698 impediunt,
2686 3636 2740 3683 et
2776 3640 2998 3680 cursum
3037 3624 3344 3694 segniorem
3394 3620 3655 3683 reddunt,
3704 3619 3754 3673 si
3800 3632 3897 3671 ca-

2317 3719 2451 3773 rinae
2473 3720 2558 3773 vel
2596 3718 2664 3772 iis
2696 3716 2943 3787 partibus
2972 3714 3199 3783 navigii,
3229 3728 3351 3783 qua:
3376 3711 3534 3780 aquis
3573 3724 3773 3763 mersae
3814 3708 3896 3761 la-

2317 3817 2433 3863 tent
2477 3808 2837 3878 applicentur,
2869 3806 2990 3859 ideo
3019 3804 3204 3858 nautis
3244 3803 3298 3857 in
3338 3815 3488 3854 more
3533 3799 3777 3868 positum
3807 3806 3892 3854 est

2316 3918 2408 3955 eas
2441 3916 2506 3955 ex
2536 3900 2644 3954 illis
2672 3898 2940 3968 partibus,
2974 3898 3104 3951 dum
3139 3895 3206 3949 ad
3231 3896 3334 3947 iter
3362 3891 3631 3961 agendum
3669 3905 3727 3944 se
3750 3905 3889 3958 pra:-

2315 3997 2530 4062 parant,
2551 3989 2854 4043 extrahere.
2892 3988 2951 4041 In
2993 3986 3098 4040 hoc
3126 3994 3311 4038 tamen
3346 3990 3555 4035 naturae
3587 3995 3884 4044 consensu,

2316 4082 2557 4150 nullique
2579 4079 2745 4133 dubia
2770 4078 3101 4148 experientia
3121 4074 3340 4145 quidam
3362 4088 3484 4127 esse
3502 4072 3693 4126 volunt
3712 4072 3776 4123 οὐ
3792 4089 3886 4123 τα-

2314 4177 2609 4248 χνπειθεῖς,
2632 4185 2686 4230 et
2720 4191 2783 4230 ea
2810 4190 2931 4245 qua
2964 4174 3204 4229 diximus
3236 4170 3313 4223 uti
3347 4168 3615 4233 fabulosa,
3653 4175 3708 4222 et
3732 4183 3883 4221 com—

2314 4268 2559 4322 mentitia
2590 4267 2871 4320 damnant.
2904 4266 3050 4317 Inter
3093 4277 3189 4316 eos
3218 4269 3303 4315 est
3332 4260 3594 4315 Gerartus
3647 4258 3879 4312 Falken-

2315 4359 2540 4427 burgius
2563 4359 2617 4411 in
2654 4357 2978 4411 lectionibus
3007 4361 3059 4407 et
3088 4353 3415 4420 coniecturis
3449 4351 3517 4404 ad
3540 4349 3719 4403 Nonni
3753 4348 3875 4401 Dim

2314 4452 2539 4519 nysica:
2572 4449 2773 4519 quibus
2818 4445 3105 4515 responsio
3133 4443 3189 4496 in
3232 4451 3487 4513 promptu
3518 4458 3585 4496 ex
3607 4441 3873 4511 Oppiano.

2243 4568 2287 4621 Β
2318 4540 2461 4605 Quid
2492 4556 2623 4595 vero
2653 4542 2723 4593 sit
2748 4538 2861 4591 haec
2891 4534 3147 4590 echeneis
3174 4550 3292 4603 qua:
3322 4534 3627 4602 eogitstare
3647 4532 3876 4598 navigia,

2314 4640 2728 4686 controversum
2766 4629 2942 4681 adhuc
2968 4636 3071 4681 est.
3101 4624 3202 4690 Qui
3228 4624 3565 4695 temporibus
3593 4621 3710 4676 Caii
3735 4622 3875 4675 illam

2311 4724 2601 4787 viderunt,
2655 4721 2837 4774 limaei
2885 4732 3094 4787 magna:
3142 4717 3373 4771 similem
3424 4730 3549 4770 esse
3598 4712 3873 4767 dixerunt.

2312 4813 2619 4877 Mutinnus,
2671 4811 2923 4864 muricem
2975 4825 3086 4862 esse
3133 4808 3375 4862 latiorem
3429 4822 3669 4876 purpura
3722 4820 3875 4875 neque

2311 4924 2493 4975 aspero
2517 4923 2677 4975 neque
2706 4905 2931 4957 rotundo
2953 4923 3059 4970 ore,
3085 4922 3244 4974 neque
3273 4906 3325 4955 in
3353 4901 3572 4971 angulos
3592 4899 3875 4967 prodeunte

2310 5009 2507 5063 r0slr0,
2539 4999 2628 5052 sed
2664 4996 2902 5065 simplice
2928 4998 3124 5051 concha
3154 5006 3374 5065 utroque
3402 4993 3565 5045 latere
3588 5005 3701 5044 sese
3723 4990 3871 5041 colli-

2308 5101 2492 5161 gente,
2515 5090 2787 5145 referente
2832 5088 3031 5143 Plinio.
3078 5087 3334 5141 Straboni
3379 5092 3464 5140 est
3496 5083 3718 5153 paena;
3756 5080 3870 5134 aliis

2310 5184 2627 5252 pisciculus.
2651 5181 2938 5236 Cardanus
2965 5194 3073 5235 una
3105 5194 3229 5232 cum
3254 5176 3542 5245 torpedine
3564 5172 3867 5232 confundit,

2308 5280 2512 5346 aitque,
2536 5274 2818 5329 nominum
2842 5271 3221 5335 similitudine,
3254 5278 3307 5325 et
3333 5268 3558 5324 ell'ectus
3589 5266 3865 5335 deceptum

2306 5368 2655 5423 Aristotelem
2695 5365 2956 5437 deceptus
2985 5368 3102 5436 ipse
3136 5378 3319 5416 rerum
3353 5360 3689 5415 naturalium
3721 5358 3865 5424 igno-

2308 5461 2543 5519 ratione,
2571 5468 2625 5512 et
2660 5457 2843 5513 minus
2872 5464 3081 5512 attenta
3112 5453 3477 5509 Aristotelian
3507 5449 3767 5502 doctrina:
3802 5445 3865 5497 le-

2305 5554 2508 5608 ctione.
2540 5549 2631 5603 Sic
2671 5550 2833 5604 etiam
2887 5548 3121 5603 Trebius
3168 5545 3329 5613 Niger
3359 5542 3603 5614 pedalem
3645 5553 3783 5598 esse.
3814 5542 3864 5585 et

2306 5644 2675 5700 crassitudine
2702 5644 2944 5713 quinque
2984 5640 3280 5711 digitorum
3324 5636 3631 5695 allirmavit,
3663 5627 3860 5683 Plinius

2306 5735 2717 5806 semipedalem.
2747 5734 3028 5804 Oppianus
3074 5730 3356 5800 ἱσὸπηχυν.
3410 5726 3596 5797 Neque
3656 5726 3708 5776 in
3758 5729 3859 5770 tra-

2309 5829 2485 5887 denda
2514 5843 2681 5884 causa
2709 5828 3060 5884 conveniunt.
3091 5823 3450 5894 ιιίριοιη-ιιιιιε
3469 5813 3853 5876 l'racastmius,
