4042 6338
289 406 402 466 833

1269 408 1337 463 IN
1370 405 1742 465 EUSTATIIII
1782 402 2254 461 IIEXAESIERON
2289 404 2520 462 NOTIE.

3439 411 3543 468 θοι

290 533 503 587 natum,
536 523 629 581 sed
656 525 771 594 jam
793 532 921 581 ante
949 524 1204 597 Antigoni
1241 535 1512 599 tempora,
1542 529 1637 599 qui
1672 529 1746 582 ita
1776 528 1857 582 in-

1966 526 2226 595 πέψωσιν,
2249 529 2335 595 ἐξε
2344 528 2557 599 μοῢςιν,
2583 528 2670 582 ἵνα
2687 530 3006 599 χασκουσῶν
3022 530 3091 585 τὰ
3110 529 3247 601 κρέα
3267 529 3543 603 ἐξαιροῦν-

290 623 513 671 ventum
544 617 840 686 expressit,
877 618 1229 690 restituitque
1265 619 1562 690 Κεκροπίδι
1591 636 1713 691 quae
1745 618 1865 673 Ste-

291 705 475 776 phano
502 704 748 761 Thraciae
786 708 939 789 regio
966 716 1080 775 est;
1110 709 1476 779 conciliatque
1516 724 1700 764 secum
1743 709 1865 761 Ari-

291 797 565 863 stotelem,
587 796 718 851 dum
740 796 1108 870 Amphipolim
1134 801 1325 855 urbem
1353 800 1411 855 in
1434 798 1671 855 Thracia
1702 801 1863 855 sitam

287 884 350 942 in
381 885 681 956 Cecropide
712 888 938 959 regione
960 892 1134 959 ponit.

357 976 476 1032 Col.
508 975 644 1045 729,
678 976 776 1033 lin.
838 980 893 1034 5.
949 983 1313 1036 Φιλότεκνον
1365 985 1398 1036 ὀ
1434 966 1717 1035 πὲλεκάν.
1758 977 1860 1035 Cff.

298 1071 653 1146 Physiclogus
684 1076 995 1149 Epiphanii,
1015 1085 1069 1132 et
1101 1076 1296 1133 Petrus
1327 1075 1644 1140 Damianus,
1675 1074 1769 1128 lib.
1798 1089 1861 1138 ιι,

284 1162 454 1231 epist.
524 1163 635 1230 l8;
704 1163 1103 1237 Hieronymus,
1174 1166 1291 1221 sive
1359 1172 1553 1220 auctor
1588 1163 1857 1234 epistolae

286 1253 358 1307 ad
401 1252 758 1320 Praesidium,
803 1258 1188 1327 pelecanurnm
1235 1257 1378 1312 ﬁlios
1425 1271 1458 1310 a
1516 1256 1863 1326 serpentibus

283 1346 487 1409 Occidi,
523 1356 579 1402 et
608 1357 891 1418 parentum
925 1349 1189 1420 sanguine
1221 1349 1486 1404 vivificari
1521 1356 1712 1402 auctor
1754 1357 1860 1403 est.

284 1437 531 1493 Isidorus
563 1440 654 1494 lib.
692 1456 791 1504 xu,
817 1456 869 1495 c.
908 1442 938 1494 7
966 1461 977 1494 :
1010 1440 1295 1493 Pelicantts
1339 1441 1451 1493 avis
1478 1436 1733 1509 Egyptia
1763 1437 1861 1489 ha-

282 1527 463 1582 bitans
511 1528 564 1582 in
608 1530 898 1584 solitudine
939 1528 1055 1582 Nili
1092 1530 1352 1597 ﬂuminis,
1392 1527 1530 1582 unde
1578 1537 1628 1581 et
1676 1543 1863 1581 nomen

282 1622 532 1689 sumpsit.
572 1618 715 1674 Nam
742 1620 1008 1690 Canopius
1040 1620 1308 1691 Egyptus
1336 1620 1555 1674 dicitur.
1596 1617 1791 1672 Fertur
1813 1618 1862 1672 si

280 1703 467 1767 verum
489 1722 587 1775 est,
626 1729 743 1767 eam
774 1713 1007 1768 occidere
1050 1724 1202 1768 natos
1234 1729 1378 1775 suos,
1408 1728 1598 1783 eosque
1632 1725 1722 1779 per
1757 1709 1859 1763 tri—

280 1802 449 1856 duum
482 1803 679 1874 lugere,
738 1803 924 1858 deinde
963 1804 1192 1873 seipsam
1236 1804 1535 1866 uulnerare,
1580 1810 1629 1854 ct
1678 1815 1856 1868 asper—

279 1895 432 1948 sione
467 1894 551 1949 sui
608 1896 882 1965 sanguinis
911 1895 1171 1963 viriftcare
1192 1896 1353 1961 ﬁlios.
1388 1892 1533 1947 Idem
1564 1891 1727 1945 habet
1750 1890 1859 1943 Au—

278 1987 539 2056 gustinus
579 1986 631 2040 in
661 1987 854 2054 psalm.
877 1999 953 2048 οι,
998 1985 1370 2055 etGregorius
1403 2000 1559 2053 super
1584 2000 1617 2037 v
1662 1982 1855 2051 psalm.

280 2078 558 2146 paeniteat.
584 2094 604 2141 ;
633 2078 890 2133 Albertus
924 2077 1148 2146 Magnus
1179 2092 1306 2130 cum
1348 2085 1538 2131 nostro
1571 2073 1857 2129 Enstatbio

279 2168 559 2233 convenit,
593 2169 683 2237 qui
736 2166 811 2221 ait
852 2176 1105 2237 parentes
1139 2182 1170 2221 a
1207 2167 1332 2221 filiis
1380 2172 1727 2235 provocatos,
1761 2179 1857 2219 eos

280 2257 611 2313 interﬁcere.
664 2258 905 2314 Consule
972 2257 1291 2314 Michaelem
1352 2257 1598 2329 Glycam,
1656 2255 1857 2310 Annal.

285 2349 414 2402 libr.
446 2348 722 2413 ullarum
755 2351 874 2404 libr.
915 2366 955 2412 ι,
992 2350 1157 2420 capit.
1190 2350 1277 2406 54.
1307 2350 1484 2404 Aliam
1516 2348 1859 2418 φιλοτεχνίας

280 2454 507 2495 causam
532 2442 699 2497 habes
723 2442 865 2511 apud
894 2441 1194 2505 Elianum,
1225 2441 1300 2495 De
1315 2442 1501 2496 nistor.
1521 2440 1854 2507 animalium,

280 2532 383 2586 lib.
417 2547 497 2597 ιιι,
528 2535 693 2602 capit.
724 2534 816 2589 24.
843 2532 1001 2589 llunc
1029 2533 1239 2589 Plinius
1265 2535 1521 2604 plateam,
1546 2533 1853 2604 plataleam,

278 2623 498 2687 Cicero,
532 2623 916 2697 Hieronymus,
943 2633 998 2681 et
1025 2623 1327 2680 Eucherius
1353 2623 1728 2679 onocrotalum
1755 2638 1856 2677 vo-

278 2720 500 2769 carunt.
527 2712 794 2769 Consalns
816 2713 1044 2769 Pontius
1069 2716 1212 2769 notis
1247 2714 1301 2767 in
1330 2711 1703 2783 Physiologum
1729 2710 1859 2782 Epi-

281 2803 500 2873 phanii,
527 2820 649 2873 quze
685 2804 753 2859 de
787 2805 1047 2874 pelecano
1089 2811 1365 2869 narratur,
1396 2802 1547 2857 nullo
1572 2809 1666 2855 aut
1693 2816 1857 2871 expe—

276 2894 540 2959 rimento,
589 2902 685 2947 aut“
732 2896 898 2949 veteri
949 2895 1179 2965 probato
1231 2894 1548 2948 testimonio
1596 2892 1857 2948 allirmari

274 3000 447 3059 posse
472 2986 773 3042 contendit.
807 2987 986 3053 Quare
1012 2994 1169 3057 putat
1199 3002 1298 3057 pro
1324 2988 1598 3057 pictorum
1627 2986 1855 3041 arbitrio

278 3079 597 3135 hominibus
649 3079 970 3146 exhibitam,
1026 3096 1127 3135 nec
1180 3081 1344 3134 ullam
1389 3079 1615 3147 hujusce
1648 3086 1856 3131 natura:

276 3186 438 3227 avem
472 3186 702 3239 usquam
730 3187 873 3236 esse,
899 3173 1326 3241 comprobatque
1356 3170 1706 3226 Hebraeorum
1730 3172 1855 3224 seu-

275 3264 472 3326 tentia,
503 3264 598 3333 qui
632 3263 873 3319 fatentur
903 3264 1115 3319 nescire
1140 3280 1199 3318 sc
1224 3279 1344 3333 qum
1379 3264 1494 3317 avis
1532 3263 1604 3317 sit
1637 3262 1855 3332 peleca-

277 3369 411 3409 nus.
446 3353 719 3423 Quidquid
744 3362 928 3408 tamen
959 3354 1050 3418 sit,
1082 3355 1198 3409 avis
1242 3354 1355 3408 haec
1392 3354 1493 3407 fuit
1521 3353 1733 3421 insigne
1758 3351 1855 3407 Ju-

278 3446 340 3499 lii
376 3446 596 3499 Antonii
656 3445 925 3499 Sanctorii
980 3446 1299 3507 cardinalis,
1355 3454 1480 3514 post
1531 3443 1853 3513 Gregorium

275 3538 550 3593 decimum
575 3538 793 3592 tertium
823 3537 1133 3606 pontificem
1162 3537 1449 3606 optimum,
1473 3534 1684 3603 collegii
1707 3533 1856 3588 Grai-

274 3646 471 3685 corum
501 3630 737 3699 primum
766 3640 993 3700 patrem,
1032 3628 1191 3698 primi
1222 3626 1643 3697 propugnatoris
1672 3640 1734 3678 ac
1764 3626 1857 3679 de-

278 3722 539 3785 fensoris,
574 3723 689 3791 qui,
724 3730 781 3775 ut
810 3721 1119 3775 Graecorum
1156 3719 1251 3772 filii
1283 3734 1349 3773 ex
1390 3719 1557 3786 impia
1596 3716 1685 3770 illa
1718 3715 1857 3769 Tur-

278 3828 473 3868 carum
501 3814 787 3883 tyrannide
821 3821 876 3867 et
920 3811 1242 3880 ignorantiae
1283 3810 1521 3865 tenebris
1568 3809 1759 3877 elapsi,
1802 3815 1857 3862 et

278 3904 445 3958 benis
466 3906 696 3969 artibus,
729 3912 783 3959 et
809 3903 1124 3959 lectissimis
1150 3902 1393 3956 moribus
1430 3900 1853 3962 instruerentur,

281 3994 552 4049 adversus
597 3996 906 4050 malesanos
947 3994 1267 4055 nebulones,
1308 3992 1403 4061 qui
1449 3999 1661 4044 tantum
1720 4005 1857 4058 opus

282 4091 533 4140 evertere
555 4086 916 4147 conabantur,
948 4084 1186 4155 prepriis
1212 4082 1404 4139 olliciis
1426 4083 1730 4151 Opibusque
1762 4081 1859 4134 bo-

288 4192 361 4231 na
398 4191 427 4229 a
459 4175 719 4246 Gregorio
749 4178 943 4247 legata,
994 4177 1341 4230 alumnorum
1382 4174 1690 4229 educationi
1717 4216 1731 4237 ,
1764 4173 1860 4225 diu

275 4268 399 4338 jam
450 4268 779 4330 corruentia,
838 4268 1137 4333 immania,
1181 4281 1423 4335 sanaque
1473 4263 1750 4327 sustinuit,
1806 4271 1860 4316 ct

279 4358 629 4414 conﬁrmavit
675 4360 947 4423 nutantia,
997 4361 1114 4413 suis
1177 4356 1477 4412 commodis
1545 4354 1856 4408 Graecorum

278 4449 648 4504 eruditionem
696 4457 1067 4518 anteponens,
1119 4456 1172 4503 et
1222 4463 1361 4516 quos
1414 4448 1527 4516 jam
1577 4444 1859 4497 cbaritatis

1966 634 2055 680 τες
2076 618 2317 673 solitust.
2346 618 2562 683 Cicero,
2598 619 2689 672 lib.
2717 634 2779 682 ll,
2807 618 2885 674 De
2916 632 3096 678 natur.
3127 620 3347 677 deorum
3376 637 3396 675 :
3418 619 3545 691 Legi

1964 707 2126 761 etiam
2155 709 2410 776 scriptum
2437 724 2549 763 esse
2572 723 2717 762 arei»
2735 707 3043 776 quamdam,
3072 725 3189 780 quae
3199 710 3437 779 platalea
3453 729 3545 764 no-

1966 800 2277 866 minaretur,
2294 816 2411 853 eam
2440 798 2545 853 sibi
2570 799 2744 853 cibum
2763 816 2996 869 quarere
3014 800 3345 856 advolantem
3363 800 3433 855 ad
3447 817 3539 855 eas

1964 902 2105 950 ares,
2133 903 2253 947 quia
2264 904 2318 941 se
2346 887 2399 941 in
2417 888 2556 940 mari
2580 897 2889 959 mergerent,
2908 905 3024 959 qua:
3045 906 3163 945 cum
3179 892 3535 956 emersissent,

1962 979 2259 1047 piscemque
2286 979 2582 1046 cepissent,
2606 994 2771 1049 usque
2799 995 2859 1034 eo
2889 995 3121 1049 premere
3147 997 3332 1035 earum
3359 984 3536 1052 capita
3608 996 3611 1001 ‘
3652 996 3655 1001 ‘

1964 1067 2229 1121 mordicus
2259 1066 2387 1121 dum
2413 1078 2625 1135 captum
2666 1069 2778 1123 illc
2812 1070 3135 1136 amitterent,
3171 1072 3225 1124 id
3254 1072 3395 1141 quod
3417 1073 3534 1142 ipsa

1963 1157 2249 1213 invaderet.
2298 1159 2599 1227 Eademque
2644 1160 2755 1215 lucc
2798 1162 2910 1217 avis
2951 1161 3201 1217 scribitur
3233 1164 3444 1218 conchis
3480 1181 3536 1220 se

1963 1246 2132 1299 solere
2160 1247 2439 1315 complere,
2489 1264 2681 1318 easque
2722 1265 2842 1303 cum
2882 1251 3140 1305 stomachi
3186 1256 3362 1308 calore
3410 1269 3537 1308 con-

1963 1335 2188 1402 coxerit,
2227 1352 2478 1401 euomere,
2507 1346 2664 1406 atque
2691 1339 2769 1392 ita
2811 1339 3003 1411 eligere
3045 1357 3113 1395 ea:
3156 1341 3223 1396 iis
3260 1358 3379 1411 quc
3411 1353 3535 1397 sunt

1962 1425 2250 1481 esculenta.
2284 1425 2513 1491 Plinius,
2554 1428 2651 1482 lib.
2681 1445 2737 1495 κ,
2765 1444 2888 1500 cap.
2920 1431 2991 1485 40
3026 1449 3041 1487 :
3074 1430 3264 1486 Platea
3290 1449 3410 1486 cum
3442 1434 3536 1488 de-

1965 1518 2161 1571 voratis
2190 1534 2246 1571 se
2274 1517 2504 1586 implevit
2534 1521 2766 1584 conchis,
2799 1522 2976 1576 calore
2995 1524 3187 1579 reatris
3215 1535 3391 1580 coctos
3419 1543 3538 1581 evo-

1963 1612 2078 1672 mit,
2111 1618 2266 1678 atque
2287 1611 2363 1664 ita
2388 1627 2452 1664 ea:
2478 1612 2543 1666 iis
2562 1612 2843 1667 esculenta
2872 1614 2995 1684 legit
3042 1625 3202 1670 testas
3230 1632 3532 1687 excerpens.

1963 1702 2027 1756 Et
2055 1702 2331 1767 Alliauus,
2358 1704 2433 1758 De
2460 1705 2583 1759 hist.
2611 1706 2776 1761 anim.
2814 1707 2909 1761 lib.
2949 1721 3033 1773 ιιι,
3067 1722 3189 1778 cap.
3221 1707 3328 1764 20:
3353 1711 3416 1762 Ui
3441 1727 3538 1762 πε-

1962 1795 2187 1857 λεκᾶνες
2214 1796 2273 1847 ἐν
2298 1800 2412 1861 τοῖς
2442 1800 2707 1869 ποταμοῖς
2732 1799 2936 1869 κόγχας
2968 1799 3396 1871 περιχαενοντες,
3418 1797 3539 1856 εἶτα.

1967 1886 2374 1939 καταπίνουσιν.
2427 1887 2614 1940 Ἔνδον
2646 1887 2703 1939 δὲ
2745 1889 2841 1941 καὶ
2883 1890 2943 1941 ὲν
2978 1888 3134 1960 μυχῷ
3164 1890 3264 1959 τῆς
3300 1892 3536 1962 γαστρὸς

1964 1975 2371 2045 timeam/aves;
2394 1976 2677 2048 ἀνεμοῦσι.
2707 1979 2817 2033 Καὶ
2845 1978 2915 2032 τὰ
2945 1979 3043 2049 μὲν
3063 1981 3328 2052 ὀστράκια
3354 1982 3418 2035 ἐκ
3438 1986 3535 2054 τῆς

1964 2068 2128 2132 ἁλέας
2160 2068 2342 2138 διέστη
2365 2068 2649 2140 ὠσπεροῢν
2678 2068 2786 2122 τῶν
2815 2069 3013 2139 ὲᾳοῶνο
3041 2073 3089 2123 οἱ
3112 2071 3168 2124 δὲ
3190 2072 3533 2142 ἑξορῦττουσι

1963 2159 2032 2213 τὰ
2054 2160 2212 2231 κρέα,
2239 2160 2333 2213 καὶ
2370 2160 2553 2231 ἔχουσι
2588 2161 2823 2217 δεῖπνον.
2858 2161 2990 2228 Quae
3022 2163 3267 2219 carmine
3302 2163 3534 2219 iambico

1965 2250 2042 2305 ita
2084 2249 2318 2306 reddidit
2344 2249 2497 2306 Phile
2533 2269 2547 2305 :

2032 2384 2275 2457 κόγχην
2298 2385 2368 2438 δὲ
2394 2384 2657 2457 πελεκάν
2682 2385 2959 2457 ἐμϐαλὼν
2982 2386 3107 2454 τοῖς
3138 2388 3428 2457 incitam,

2033 2454 2387 2509 Κὰνάπαλιν
2411 2454 2605 2527 αὐτὴν
2636 2454 2986 2527 ἐξὲνεγκὼν,
3012 2454 3329 2525 ὀστράκοις

2039 2526 2108 2579 Τὸ
2123 2527 2396 2597 ⁸ονἐιέηιιῖον
2420 2526 2684 2597 ,ϐέϐρωκε
2706 2526 2939 2597 ληφθὲν
2962 2530 3286 2595 εὐστόχως.

2038 2594 2151 2649 Τοῦ
2185 2598 2294 2665 γὰρ
2321 2596 2502 2649 τόνου
2534 2594 2815 2650 θλὰσασὰ
2849 2595 2957 2663 τὰς
2983 2594 3213 2665 κλεῖςίή
3246 2597 3424 2665 ζέσις,

2036 2666 2304 2720 Ἕλυσεν
2333 2665 2406 2731 ἇς
2441 2666 2730 2736 ἔσφιγξεν
2756 2670 2796 2736 ἡ
2826 2669 3015 2737 κόγχη
3045 2669 3294 2738 πτύχας.

2034 2797 2197 2865 lbid.,
2228 2799 2329 2854 lin.
2360 2798 2450 2855 26.
2486 2801 2825 2854 Φιλόκαλον
2855 2802 2891 2854 ό
2918 2800 3091 2867 ταώς.
3123 2798 3299 2870 llujus
3328 2802 3535 2857 descri-

1965 2890 2207 2961 ptionem
2256 2891 2450 2947 iisdem
2491 2907 2629 2961 pene
2666 2892 2849 2946 verbis
2880 2891 3049 2948 habes
3086 2895 3230 2962 apud
3267 2892 3535 2948 Achillem

1962 2979 2201 3045 Tatium,
2235 2980 2331 3035 lib.
2368 2996 2385 3035 ι
2420 2998 2436 3033 :
2470 2979 2654 3052 Ταύτῃ
2694 2981 2791 3034 νῦν
2822 2976 2973 3043 οὗτος
3010 2981 3071 3034 τὸ
3104 2980 3295 3044 κάλλος
3332 2981 3504 3033 ἐπιδεῖ
3520 3011 3534 3021 -

1962 3086 2152 3124 κνυται
2185 3070 2427 3151 λειμῶνα.
2460 3070 2693 3141 πτερῶν.
2730 3070 2790 3123 '0
2814 3070 2871 3123 δὲ
2895 3069 2988 3123 τοῦ
3015 3068 3128 3124 ταὼ
3151 3070 3353 3140 λειμὼν
3374 3070 3533 3124 εὐαν-

1881 3202 1929 3265 c
1962 3161 2234 3230 θὲστερος.
2273 3159 2614 3229 Πεφύτευται
2661 3160 2770 3233 γὰρ
2802 3159 2951 3230 σῦτῷ
2980 3162 3075 3214 καὶ
3105 3161 3301 3233 χρυσὸς
3337 3164 3395 3214 ὲν
3422 3166 3536 3225 τοῖς

1963 3255 2201 3322 πτεροῖς·
2226 3252 2409 3322 κύκλῳ
2423 3252 2480 3304 δὲ
2502 3251 2563 3304 τὸ
2579 3251 2844 3322 ἁλουργες
2859 3251 2949 3304 τὸν
2970 3253 3167 3323 χρυσὸν
3189 3252 3427 3324 περιθέει
3444 3253 3535 3306 τὸν

1961 3342 2072 3395 ἴσον
2091 3342 2308 3405 κύκλον,
2329 3344 2422 3395 καὶ
2442 3341 2588 3394 ἔστιν
2603 3341 2876 3412 ὀςςθαλμδς
2895 3346 2952 3395 ἐν
2966 3342 3042 3413 τῷ
3058 3342 3258 3413 πτερῷ.
3272 3344 3535 3419 Aristote-

1958 3432 2059 3495 les,
2090 3431 2183 3484 lib.
2212 3446 2227 3483 ι
2253 3430 2326 3483 De
2341 3430 2466 3484 hist.
2491 3431 2681 3493 anim.,
2703 3445 2827 3485 eum
2851 3430 3108 3502 φθονερὸν
3124 3433 3216 3484 καὶ
3247 3426 3531 3501 φιλόκαλον

1957 3531 2145 3587 vocat;
2193 3521 2313 3591 ejus
2357 3521 2798 3585 ostentationem,
2848 3522 3159 3590 superbiam
3220 3538 3283 3575 ac
3331 3522 3531 3577 fasuun

1955 3614 2188 3683 explicat
2225 3611 2475 3667 Ailiamts
2504 3612 2596 3665 lib.
2627 3627 2659 3661 ν
2700 3610 2778 3664 De
2818 3611 3006 3665 histor.
3059 3613 3248 3677 anim.,
3279 3628 3399 3682 cap.
3429 3613 3529 3679 2|;

1957 3703 2259 3772 Oppianus,
2286 3701 2363 3755 De
2384 3702 2671 3765 venatione,
2696 3701 2791 3754 lib.
2838 3716 2900 3763 ιι,
2934 3710 2985 3755 et
3012 3702 3105 3756 lib.
3129 3718 3214 3763 ιιι.
3237 3704 3331 3773 qui
3354 3706 3430 3757 ait
3452 3706 3530 3757 nil

1953 3795 2252 3865 jucundius
2293 3810 2357 3848 ac
2399 3794 2684 3863 pulchrius
2734 3808 2945 3862 pavone
2992 3793 3047 3846 in
3078 3794 3239 3848 rebus
3275 3810 3305 3848 a
3337 3804 3530 3877 natura

1956 3887 2291 3957 profectum;
2352 3884 2534 3951 Phile,
2591 3886 2645 3938 in
2702 3882 2945 3946 lambis;
3000 3884 3266 3955 Georgius
3323 3886 3529 3950 Pisida,

1958 3978 2035 4031 De
2066 3978 2248 4030 mundi
2284 3977 2491 4046 opiﬁc.;
2526 3974 2895 4029 Philostratus
2926 3973 3119 4029 Junior
3153 3974 3367 4031 Heroic.
3397 3976 3451 4038 2,
3478 3979 3531 4031 in

1959 4070 2305 4133 Alexandro;
2354 4068 2648 4139 Gregorius
2698 4066 3073 4123 Nazianzenus
3108 4070 3271 4122 Κατὰ
3316 4086 3534 4137 γυναι-

1960 4163 2082 4216 κῶν
2106 4160 2669 4230 καλλωπιζομένωνί
2690 4159 3004 4223 Athenaeus,
3034 4161 3161 4213 libr.
3195 4176 3271 4224 ix,
3305 4160 3534 4229 Deipno-

1959 4256 2203 4323 sophist;
2228 4255 2439 4315 Cicero,
2479 4269 2536 4306 ιιι
2574 4252 2652 4305 De
2678 4252 2903 4321 ﬁnibus;
2936 4252 3257 4316 Columella,
3286 4253 3380 4305 lib.
3411 4269 3527 4317 νιςι,

1959 4350 2125 4417 capit.
2150 4349 2206 4401 ll
2232 4365 2246 4413 ;
2276 4346 2574 4409 Lucianus,
2605 4345 2676 4396 De
2691 4344 2879 4407 domo;
2903 4342 3128 4406 Gellius,
3160 4344 3250 4399 lib.
3276 4362 3371 4403 vn,
3406 4362 3527 4415 cap.

1962 4439 2060 4503 -l7;
2099 4438 2193 4489 Dio
2224 4437 2671 4505 Chrysostomus,
2720 4436 2968 4487 oratione
2998 4433 3312 4504 Olympico;
3350 4434 3529 4490 Theo-

280 4539 471 4596 studio
503 4540 581 4593 uti
622 4537 761 4593 filios
810 4540 1127 4608 complexus
1188 4537 1383 4597 fuerat,
1415 4537 1574 4590 etiam
1636 4534 1682 4588 si
1722 4548 1859 4601 opus
1891 4556 1936 4610 υ
1964 4531 2250 4601 pliylattus
2270 4528 2598 4590 Simocatus,
2629 4528 2788 4594 epist.
2813 4528 2872 4579 Si
2899 4544 2911 4593 ;
2944 4526 3274 4597 Epiphanius
3309 4528 3362 4580 in
3392 4526 3531 4596 Phy-

282 4630 502 4695 fuisset,
533 4630 616 4685 sui
646 4629 928 4695 sanguinis
966 4629 1155 4683 fovens
1178 4628 1462 4688 effusione,
1496 4641 1528 4679 o
1559 4639 1682 4678 vere
1711 4623 1859 4691 pele~

279 4739 509 4786 canum,
544 4738 669 4777 vere
722 4736 946 4775 aureum
967 4761 981 4783 ,
1011 4736 1135 4775 vere
1164 4721 1494 4789 φιλότεκνον.
1538 4716 1613 4769 Ne
1646 4715 1858 4770 felicem

281 4826 341 4871 te
371 4816 658 4875 Graeciam.
704 4813 885 4867 felices
916 4818 1040 4865 tuos
1082 4812 1542 4873 adolescentulos,
1590 4810 1725 4861 tanti
1762 4824 1857 4876 pa-

278 4906 431 4960 troni
455 4906 707 4977 praesidio
730 4904 784 4957 in
806 4904 1040 4956 maxima
1068 4902 1397 4955 necessitate
1432 4916 1556 4953 vere
1587 4898 1856 4952 defensos.

281 4997 498 5059 Gaude,
533 4997 726 5067 gaude,
779 4995 916 5055 tanti
964 4993 1065 5045 viri
1118 4994 1366 5061 exemplo
1422 4989 1859 5061 praestantissimi

276 5093 528 5160 quinque
558 5090 818 5160 praesules
848 5096 971 5140 tuos
1002 5084 1160 5145 filios,
1194 5094 1247 5137 ct
1286 5086 1458 5147 alunt,
1515 5094 1569 5139 et
1616 5084 1860 5137 moribus

286 5181 645 5249 scicntiisqne
664 5180 980 5237 informant,
995 5189 1227 5243 quorum
1252 5174 1435 5229 laudes
1456 5190 1601 5228 nunc
1622 5191 1721 5227 non
1754 5183 1860 5225 tam

276 5272 753 5341 prwtermittimus,
780 5284 936 5339 quam
966 5267 1032 5319 ad
1066 5268 1318 5333 majorem
1350 5266 1608 5319 scribendi
1638 5265 1859 5334 diligen-

279 5365 420 5419 tiam
451 5379 797 5415 reservamus.

359 5454 519 5515 lbid.,
546 5454 643 5506 lin.
674 5455 753 5506 ll.
793 5448 965 5507 Οὗτοι
997 5450 1063 5502 δὲ
1092 5452 1145 5501 οἱ
1173 5448 1519 5514 Stella/ﬁrst).
1559 5449 1701 5502 Idem
1734 5464 1858 5501 nar-

282 5556 372 5599 rat
403 5545 726 5598 Aristotcles
758 5543 853 5597 lib.
891 5543 1028 5609 Περὶ
1066 5541 1413 5608 θαυμασίων
1439 5540 1854 5608 ἀκουσμάτων,

279 5645 335 5688 et
372 5635 463 5688 lib.
492 5650 547 5686 lx
566 5633 639 5685 De
669 5633 792 5687 hist.
832 5634 1024 5693 anim.,
1054 5647 1173 5698 cap.
1201 5630 1297 5681 10:
1325 5628 1455 5680 usa:
1484 5630 1779 5692 πελεκᾱνες
1808 5633 1856 5681 οἱ

280 5733 341 5783 ὲν
366 5728 477 5789 τοῖς
511 5728 775 5793 ποταμοῖς
804 5725 1074 5791 γινόμενοι
1099 5722 1452 5773 καταπίνουσι
1485 5721 1582 5783 τὰς
1616 5724 1855 5791 μεγάλας

280 5821 484 5883 κξγγσς
508 5817 600 5871 καὶ
624 5816 787 5879 λείας·
807 5818 933 5869 ὅταν
953 5816 995 5868 δ’
1026 5817 1082 5868 ἐν
1104 5816 1178 5881 τίς)
1212 5814 1316 5876 πρὸ
1349 5813 1444 5883 τῆς
1478 5816 1678 5878 κοιλίας
1706 5816 1854 5881 τόπῳ

1965 4624 2193 4690 siologo;
2227 4620 2475 4681 Ovidius,
2510 4629 2562 4675 et
2592 4620 2705 4672 alii.
2744 4617 2975 4681 Plinius,
3014 4619 3105 4673 lib.
3155 4635 3208 4683 κ,
3245 4634 3365 4688 cap.
3408 4619 3480 4672 20
3517 4642 3527 4672 -.

1966 4714 2294 4767 Gemmantes
2330 4714 2580 4766 laudatus
2607 4712 2855 4780 expandit
2880 4713 3099 4777 colores,
3124 4714 3340 4765 adrerso
3370 4715 3534 4765 maxi-

1965 4825 2043 4861 me
2072 4807 2199 4871 sole,
2231 4809 2357 4873 quia
2391 4809 2466 4859 sic
2498 4807 2783 4876 [ulgcnlius
2824 4807 3057 4860 radiant.
3118 4805 3291 4859 Simul
3335 4806 3531 4859 umbrw

1962 4902 2215 4969 quosdam
2244 4914 2575 4964 repercussus
2596 4901 2820 4962 rwtcris,
2838 4901 2893 4952 in
2918 4917 3076 4966 opaco
3095 4900 3292 4951 clarius
3311 4900 3527 4958 micant,

1965 4994 2217 5044 conc/lata
2245 4993 2433 5060 qttwrit
2473 4992 2643 5045 cauda
2677 5009 2694 5044 .'
2736 5008 3028 5061 omnesque,
3050 4992 3102 5043 in
3139 5007 3375 5043 acervum
3409 5008 3533 5043 con-

1964 5084 2122 5135 trahit
2160 5100 2471 5151 pennarum,
2504 5101 2630 5153 quos
2664 5084 2888 5150 spectari
2933 5084 3120 5153 gaudet
3159 5083 3357 5135 oculos.
3399 5081 3533 5136 Ter-

1961 5178 2244 5237 tullianns,
2281 5177 2374 5229 lib.
2418 5177 2488 5228 De
2548 5177 2710 5242 pallio
2771 5192 2786 5227 :
2846 5175 2985 5226 Pavo
3035 5175 3213 5241 planta
3258 5175 3435 5235 restis,
3483 5186 3532 5226 ct

1960 5266 2165 5335 quidem
2187 5266 2247 5318 de
2278 5264 2563 5326 cataclitis,
2598 5266 2700 5316 imo
2740 5266 2880 5316 omni
2914 5264 3182 5331 conchylio
3217 5263 3529 5328 depressior,

1960 5377 2061 5427 qua
2094 5357 2231 5409 colla
2272 5357 2483 5425 ﬂorent,
2516 5366 2563 5409 cl
2612 5356 2753 5407 omni
2806 5356 3020 5423 patagio
3062 5354 3379 5412 inauratior,
3428 5368 3533 5419 qua

1961 5464 2104 5517 terga
2147 5448 2376 5516 fulgent;
2409 5458 2457 5500 et
2490 5448 2630 5499 muni
2669 5454 2899 5513 syrmate
2943 5445 3184 5501 solutior,
3216 5459 3317 5510 qua
3349 5443 3533 5494 eandm

1951 5542 2152 5609 jacent,
2206 5539 2525 5599 multicolor,
2568 5546 2614 5590 et
2659 5537 2910 5597 discolor,
2958 5544 3004 5587 ct
3056 5532 3357 5595 versicolor,
3390 5548 3531 5583 unn-

1958 5649 2113 5700 tptam
2141 5633 2252 5699 ipsa
2276 5648 2474 5701 semper
2501 5632 2629 5693 alia,
2659 5628 2755 5681 etsi
2785 5644 2987 5694 semper
3014 5628 3123 5692 ipsa
3154 5625 3362 5692 quando
3387 5624 3531 5682 alia;

1961 5726 2113 5778 toties
2145 5723 2361 5791 denique
2396 5723 2649 5775 mutanda
2685 5721 2886 5789 quoties
2922 5716 3188 5770 morc'nda.
3236 5715 3364 5767 \‘ide
3396 5729 3529 5782 prun-

1960 5826 2103 5870 ιυτνιι
2129 5814 2391 5868 Joannem
2429 5812 2815 5873 l‘asscratiuin,
2848 5818 2896 5863 ct
2930 5807 3172 5875 Ulyssem
3231 5804 3528 5859 Milrowu-
