4042 6338
194 309 315 366 89³1

1206 309 1271 365 IN
1301 309 1674 368 EUSTATHII
1710 306 2185 368 HEXAEMERON
2233 312 2468 368 NOTJE.

3352 316 3457 372 898

185 424 301 496 ληξ
332 425 604 494 γεννᾶται,
645 424 737 478 καὶ
766 423 927 487 αὐτὸς
957 420 1112 487 αὖθις
1142 427 1222 489 εἰς
1264 426 1463 497 πτηνὸν
1505 425 1763 496 μεταϐάλ-

1877 423 2081 483 Versus
2124 426 2310 482 Musaei
2345 428 2414 482 de
2449 443 2677 482 numero
2700 443 2929 484 ovorum
2962 429 3268 499 aquilarum
3293 433 3338 484 is
3373 441 3457 489 est

186 516 348 570 λεται
377 516 468 569 τὸν
501 514 736 585 φοίνικα.
776 513 1028 605 Nonnus,
1059 515 1114 570 d.
1150 515 1269 571 loco
1296 535 1312 573 z

185 633 305 686 Kal
341 631 495 696 ξύλα
522 629 789 698 κηώεντα
813 630 1010 699 φέρων
1041 631 1391 700 mitti-dth
1421 630 1622 700 ταρσῷ

182 701 472 772 Χιλιετὴς
490 701 886 772 νσοφὸςγόρνις
911 702 1002 754 ἐπ’
1035 703 1264 770 εὐόδμῳ
1287 703 1394 755 σέο
1419 701 1606 772 ,βωμιῖι

183 771 402 834 Φοῖνιξ
433 771 615 840 τέρμα
636 771 800 835 ,βίοιο
826 771 1020 839 φέρων
1048 773 1429 840 αὑτόσπορον
1455 771 1654 841 ἀρχὴν

188 844 463 896 Τικτεται
496 842 805 894 (dominata
842 842 1063 908 χρόνον
1103 843 1534 910 παλινάγρετος
1571 844 1770 908 εἰκὼν,

181 914 403 979 Λύσεις
419 912 470 964 δ’
490 911 560 964 ἐν
578 912 720 979 πυρὶ
743 910 949 982 γῆρας,
970 912 1269 981 ἀμείϐεται
1290 913 1358 965 ἐκ
1388 913 1578 982 πυρὸς
1593 913 1770 983 ἥϐην.

183 1021 444 1076 Alcimus
465 1022 658 1076 Avitus
688 1040 700 1075 :

188 1136 303 1192 Hic
330 1152 446 1206 quae
467 1135 658 1189 donari
682 1137 930 1190 mentitur
960 1138 1108 1206 fama
1144 1135 1348 1192 Sabaeis

175 1206 472 1278 Qynnama
509 1217 819 1269 nascuntur,
853 1207 1004 1278 vivas:
1033 1223 1149 1277 qua:
1178 1208 1381 1276 colligit
1427 1208 1558 1277 ales,

180 1276 386 1347 Natali
417 1293 534 1330 cum
563 1279 666 1345 ﬁne
701 1279 855 1345 perit,
891 1276 1115 1347 nidoque
1141 1290 1354 1346 perusto

177 1346 486 1418 §uccedens
524 1349 730 1403 sibimet
755 1348 978 1418 quwsita
1029 1346 1197 1402 morte
1229 1349 1494 1416 resurgit;

178 1416 306 1473 Nec
337 1428 581 1471 contenta
603 1420 699 1472 suo
734 1416 940 1470 tantum
971 1418 1130 1471 semel
1153 1418 1336 1471 ordine
1366 1419 1536 1484 nasci,

174 1486 371 1559 Longa
400 1489 658 1543 veternosi
692 1497 970 1542 renovatur
997 1489 1230 1559 corporis
1261 1499 1391 1542 tetas
1409 1529 1425 1552 ,

177 1558 571 1629 Insensamque
611 1558 780 1613 levant
816 1558 1062 1612 incendia
1100 1560 1282 1612 crebra
1308 1567 1589 1612 senectam.

176 1669 363 1725 Aliter
392 1677 574 1724 tamen
620 1677 851 1724 narrant
893 1669 1014 1740 ejus
1052 1681 1281 1726 mortem
1334 1672 1532 1739 Horus,
1577 1673 1671 1728 lib.
1705 1686 1767 1737 ιι,

177 1776 311 1833 cap.
349 1762 443 1829 57;
479 1760 766 1833 Origenes,
805 1764 898 1817 lib.
938 1778 990 1816 IV
1034 1773 1218 1818 contra
1248 1749 1492 1826 Cels-In;
1531 1764 1770 1819 Achilles

178 1853 403 1919 Tatius,
438 1853 534 1909 lib.
579 1870 662 1918 ιιι,
699 1850 777 1908 ⁷1η
817 1853 943 1910 line.
988 1853 1324 1925 Epiphanius
1357 1854 1412 1908 in
1454 1853 1771 1926 Physiologo

178 1947 266 2001 ait
301 1967 314 2002 :
350 1946 647 2017 Postquam
686 1946 737 2001 in
773 1947 1011 2002 cinerem
1039 1954 1154 2001 tota
1186 1954 1510 2017 consumpta
1541 1953 1646 2014 est,
1681 1962 1771 2003 se-

176 2041 374 2112 quenti
405 2041 494 2097 die
525 2041 628 2095 alis
655 2041 862 2095 renatis
892 2039 1144 2108 inveniri,
1177 2042 1340 2095 tertio
1381 2041 1648 2112 integram
1681 2055 1773 2097 sa-

177 2131 465 2188 cerdotem
497 2132 754 2197 salutare,
780 2139 1254 2207 restauratamque
1276 2131 1445 2188 abire.
1492 2132 1768 2198 Albertus,

179 2224 330 2295 ignis
363 2226 418 2279 vi
447 2226 502 2279 in
532 2225 770 2280 cinerem
801 2225 962 2289 verti,
994 2225 1083 2280 die
1112 2226 1285 2280 altero
1315 2240 1549 2281 vermem
1600 2227 1656 2281 in
1685 2226 1770 2282 ci-

178 2331 316 2374 nere
345 2318 519 2382 nasci,
550 2317 642 2388 qui
671 2312 773 2372 alis
809 2317 895 2373 die
919 2318 1076 2374 tertia
1125 2319 1423 2388 assumptis
1454 2319 1607 2396 intra
1637 2334 1770 2388 pau-

179 2425 282 2464 cos
313 2409 430 2465 dies
463 2409 518 2463 in
565 2423 717 2463 avem
773 2400 1020 2481 pristina:
1067 2407 1265 2479 ﬁgurat
1290 2417 1684 2474 commutatur,
1714 2421 1771 2466 et

182 2501 389 2554 avolat.
448 2499 851 2566 Artemidorus,
899 2499 1198 2556 Onerocrit.
1226 2499 1365 2566 ,lih.,
1404 2516 1524 2571 cap.
1549 2499 1640 2563 49,
1686 2499 1770 2554 lo-

182 2606 313 2645 cum
343 2605 411 2647 ex
434 2605 542 2661 quo
561 2591 782 2662 phtcnix
809 2591 986 2647 evolet
1015 2592 1073 2646 in
1097 2587 1414 2663 Egyptum,
1437 2601 1492 2646 et
1515 2592 1579 2646 ad
1605 2605 1767 2661 quem

182 2697 315 2736 mox
357 2691 695 2746 revertatur,
729 2684 803 2738 ait
847 2683 1106 2753 ignorari.
1146 2673 1550 2738 Artemidorum
1587 2689 1769 2738 trans-

182 2774 380 2846 cripsit
407 2772 606 2830 Suidas
626 2775 795 2829 verbo
821 2773 1020 2840 Φοῖνιξ.
1041 2775 1118 2830 De
1136 2775 1390 2857 pbmnice
1409 2781 1464 2829 et
1488 2775 1607 2844 ejus
1635 2788 1767 2845 rogo

178 2865 309 2922 vide
333 2864 557 2920 Petrum
586 2865 927 2932 Damianum,
962 2866 1056 2920 lib.
1089 2881 1146 2932 ιι¹
1180 2866 1339 2934 epist.
1372 2864 1460 2918 18.

255 2953 417 3022 lbid.,
447 2954 545 3008 lin.
576 2954 665 3008 10.
696 2954 750 3007 '0
784 2953 853 3008 δὲ
883 2954 1054 3021 ἀετὸς
1084 2955 1217 3023 περὶ
1245 2954 1364 3023 τὴν
1393 2952 1764 3024 ἀνατροφήν.

181 3046 446 3112 Basilius.
479 3048 632 3103 hom.
672 3048 743 3102 8:
791 3047 1148 3111 Ἀδικώτατος
1180 3049 1308 3120 περὶ
1338 3047 1437 3130 τὴν
1465 3047 1574 3100 τῶν
1602 3045 1762 3114 ἐκγό-

180 3159 294 3195 νων
329 3140 601 3211 ἐκτροφὴν
634 3137 672 3192 ὂ
691 3140 869 3203 ἀετός.
905 3139 1008 3192 Δύο
1037 3141 1146 3210 γὰρ
1171 3127 1458 3208 ἐξαγαγὼν
1488 3140 1760 3202 νεοσσοὺς,
1790 3126 1832 3182 C

177 3237 274 3286 τὸν
299 3232 485 3303 ἕτερον
499 3229 677 3285 αὐτῶν
696 3232 775 3294 εἰς
790 3230 894 3300 γῆν
917 3231 1348 3302 καταρῤήγνυσι,
1378 3231 1497 3292 ταῖς
1524 3229 1761 3299 πληγαῖς

178 3325 292 3378 τῶν
325 3324 542 3395 πτερῶν
574 3323 980 3389 ὑπωθούμενος.
1021 3324 1123 3377 Τὸν
1156 3323 1199 3376 δ’
1226 3323 1415 3392 ἕτερον
1445 3322 1602 3392 μόνον
1627 3321 1762 3373 ἀνα-

179 3402 365 3458 λαϐὼν
419 3402 731 3465 οἰκειοῦται,
795 3402 882 3454 διὰ
945 3401 1011 3454 τὸ
1088 3401 1186 3472 τῆς
1237 3401 1444 3473 τροφῆς
1506 3400 1761 3453 ἐπίπονον

179 3492 618 3565 ἀποποιούμενος
656 3491 714 3545 ὃν
764 3492 1074 3563 ἐγέννησεν.
1131 3491 1268 3558 Ἀλλ’
1317 3493 1417 3544 οὐκ
1446 3491 1514 3562 ἐᾷ
1548 3490 1758 3553 τοῦτον,

178 3585 463 3654 ὣςφασι,
517 3584 881 3658 διαφθαρῆναι
931 3586 964 3654 ὴ
1018 3584 1188 3655 φήνη,
1245 3582 1359 3636 ἀλλ’
1417 3580 1759 3636 ὑπολαϐοῦσα

179 3679 348 3732 αὑτὸν
392 3679 505 3742 τοῖς
547 3675 767 3740 οἰκείοις
826 3676 1024 3745 ἑαυτῆς
1089 3677 1329 3736 νεοσσοῖς
1381 3672 1759 3744 συνεκτρέφει.

180 3771 370 3839 Quare
398 3771 581 3841 aquila
617 3785 748 3824 suos
788 3768 971 3839 pullos
1003 3767 1187 3834 ejiciat
1228 3765 1390 3819 aliam
1438 3762 1594 3819 all'ert
1637 3778 1764 3818 cau-

181 3877 304 3920 sam
341 3860 685 3922 Aristoteles,
710 3861 804 3914 lib.
841 3874 896 3912 Ix
930 3859 1007 3913 De
1035 3860 1159 3912 hist.
1194 3875 1309 3922 an.,
1346 3872 1466 3927 cap.
1488 3855 1557 3910 54
1582 3877 1596 3910 :
1626 3853 1759 3909 Hit-

181 3957 251 4010 tit
268 3971 492 4025 namque
529 3971 652 4008 suos
678 3954 857 4025 aquila
899 3961 1180 4022 antequam
1240 3960 1441 4018 tempus
1470 3952 1561 4012 sit,
1590 3949 1760 4003 adhuc

177 4051 418 4118 parentis
452 4062 666 4115 operam
704 4044 1084 4105 desiderantes,
1130 4058 1223 4096 nec
1271 4041 1485 4096 volandi
1543 4038 1760 4108 adeptos

180 4139 495 4211 facultatem
538 4153 555 4190 :
583 4136 720 4206 quod
755 4153 845 4206 per
873 4136 1128 4189 invidiam
1175 4134 1228 4186 id
1269 4132 1441 4201 facere
1473 4131 1712 4185 creditur
1741 4145 1760 4183 :

181 4243 384 4287 natura
411 4231 548 4284 enim
576 4227 756 4282 invida
776 4238 824 4281 et
847 4227 1093 4297 famelica
1113 4234 1210 4292 est,
1229 4241 1322 4278 nec
1357 4227 1567 4291 copiosa
1601 4239 1760 4277 vena-

180 4325 326 4377 tione
351 4337 368 4374 :
398 4335 645 4390 magnum
666 4329 840 4372 tamen
868 4317 994 4388 quid
1015 4317 1339 4371 nanciscitur
1359 4311 1488 4369 'cum
1520 4324 1757 4368 venatur.

183 4415 396 4470 Invidet
415 4429 538 4482 ergo
570 4411 680 4464 suis
698 4411 824 4480 filiis
831 4411 950 4479 jam
976 4409 1247 4470 masculis,
1271 4420 1426 4476 atque
1449 4403 1759 4458 edaciuscu-

184 4505 280 4567 lis,

182 4612 422 4666 pugnare
451 4593 707 4661 incipiunt
733 4589 795 4645 de
819 4590 940 4645 sede
968 4601 1017 4644 et
1048 4601 1237 4658 pastu;
1273 4590 1450 4658 itaque
1485 4604 1517 4640 a
1539 4597 1758 4657 parente

179 4689 496 4751 eiiciuntur,
515 4692 564 4738 ct
593 4683 898 4752 pulsantur,
933 4682 1121 4752 dejecti
1139 4681 1511 4751 vociferantur,
1543 4679 1760 4748 pericli—

183 4787 510 4847 tanturque;
542 4785 596 4830 et
622 4774 717 4828 lib.
745 4791 819 4838 v1,
855 4789 974 4843 cap.
1012 4774 1066 4838 6,
1098 4774 1258 4828 taedio
1286 4774 1450 4828 etiam
1479 4771 1760 4828 nutriendi

183 4871 313 4925 illos
340 4866 613 4937 expellere
634 4864 853 4929 fatetur,
868 4880 934 4919 eo
958 4866 1103 4919 enim
1132 4877 1374 4934 tempore
1399 4863 1755 4934 degenerare,

177 4969 240 5017 et
282 4961 574 5014 hebescere
598 4957 819 5019 dicitur,
853 4971 1067 5025 ungues
1103 4956 1326 5020 inverti,
1365 4970 1571 5024 pennas
1609 4955 1758 5009 albe-

178 5065 362 5115 scere,
385 5065 556 5122 quare
585 5056 642 5103 ut
668 5050 735 5103 ad
761 5049 1006 5118 rapinam
1032 5051 1248 5120 ineptae,
1269 5049 1447 5119 pullos
1462 5063 1600 5119 quos
1623 5048 1759 5102 edu-

180 5157 316 5197 care
374 5146 671 5210 nequeunt,
719 5137 848 5191 odio
900 5137 1134 5206 quodam
1189 5137 1455 5206 taedioque
1515 5136 1754 5189 mittunt.

178 5233 420 5299 Plinius,
457 5231 549 5285 lib.
590 5246 641 5293 ι,
677 5244 797 5298 cap.
840 5219 913 5282 δε
968 5226 1267 5298 Nidiﬁcant
1313 5230 1366 5281 in
1392 5229 1554 5298 petris
1588 5238 1636 5280 et
1672 5244 1760 5280 ar-

180 5325 399 5379 boribus
433 5324 688 5392 :pariunt
711 5337 806 5375 ova
838 5329 1008 5380 terna,
1043 5321 1328 5374 excludunt
1357 5321 1528 5389 pullos
1566 5319 1714 5372 binos
1737 5337 1755 5373 :

180 5417 285 5471 visi
315 5426 438 5468 sunt
480 5427 527 5468 et
553 5426 656 5467 tres
684 5411 992 5482 aliquando,
1029 5412 1254 5465 alterum
1290 5410 1557 5479 expellunt
1598 5409 1755 5463 ta'dio

179 5506 472 5562 astruendi.
507 5507 707 5575 Quippe
728 5522 786 5559 eo
818 5520 1044 5573 tempore
1068 5505 1195 5569 ipsis
1225 5505 1398 5558 cibum
1414 5505 1617 5574 negavit
1661 5519 1759 5555 na-

179 5611 305 5654 tura
325 5599 671 5668 prospiciens,
708 5614 768 5650 ne
790 5598 1023 5650 omnium
1058 5597 1295 5664 ferarum
1328 5598 1463 5666 [etus
1504 5612 1755 5664 raperen—

181 5705 287 5748 tur.
319 5691 524 5762 Ungues
552 5708 753 5761 quoque
772 5706 954 5744 earum
973 5691 1302 5743 invertuntur
1322 5689 1507 5743 diebus
1537 5705 1604 5742 xv
1633 5705 1646 5753 ;
1682 5689 1759 5742 al-

184 5787 396 5842 bescunt
419 5784 598 5840 inedia
626 5798 807 5851 penum
827 5825 841 5852 ,
866 5794 923 5836 ut
953 5784 1141 5839 merito
1163 5792 1347 5838 partus
1377 5797 1498 5835 suos
1523 5780 1748 5834 oderint.

1876 530 2039 584 quem
2067 515 2234 572 refert
2256 516 2584 573 Aristoteles
2615 520 2761 574 dicto
2790 520 2933 586 loco,
2967 528 3021 576 et
3048 518 3379 578 Plutarchus
3398 525 3454 579 in

1874 603 2055 659 Hario
2088 621 2109 660 :

1953 698 2049 762 Ὃς
2077 698 2203 769 τρια
2235 700 2334 771 μὲν
2358 700 2558 764 τίκτει,
2581 700 2674 754 δύο
2702 700 2992 767 δ’ὲκλέπει,
3029 701 3086 755 ἓν
3104 701 3150 754 δ’
3182 702 3450 772 ἀλεγίζει·

1875 787 1991 844 Hoc
2027 791 2222 846 ultimo
2252 792 2633 864 Daleeampius
2690 794 2839 866 legit,
2894 795 2952 849 ἒν
2993 795 3036 847 δ’
3072 794 3340 862 ἁλιδάζει,
3398 806 3455 852 et

1874 885 2201 939 sententiam
2219 899 2346 942 eam
2369 901 2495 941 esse
2513 887 2646 950 vult,
2671 887 2907 957 aquilam
2940 903 3105 942 unum
3132 904 3296 944 ovum
3327 905 3454 944 cor-

1874 989 2152 1044 rumpere,
2218 975 2472 1044 perdere,
2536 976 2646 1032 duo
2700 977 3015 1043 excludere,
3070 979 3178 1032 trina
3236 994 3449 1049 parere,

1872 1064 2365 1136 animadvertitque
2400 1067 2458 1121 in
2489 1066 2840 1138 interpretem
2869 1070 2960 1138 qui
2996 1069 3127 1122 illud
3152 1070 3212 1122 ἓν
3235 1067 3303 1123 ad
3334 1070 3454 1138 pul-

1874 1155 2010 1221 lum,
2039 1171 2148 1210 non
2184 1156 2252 1210 ad
2280 1172 2442 1211 ovum
2474 1158 2754 1224 retulerit;
2774 1173 2876 1213 nec
2909 1159 3024 1228 ipse
3053 1168 3234 1214 tamen
3262 1159 3449 1215 Musaei

1875 1249 2202 1306 sententiam
2225 1261 2509 1306 assecutus
2529 1261 2634 1316 est,
2669 1267 2832 1322 quam
2865 1268 2930 1307 ex
2963 1254 3268 1324 aquilarum
3289 1254 3455 1309 histo-

1872 1347 1955 1401 ria
1983 1344 2215 1411 elaram,
2246 1345 2436 1400 nescio
2460 1347 2732 1415 quomodo
2761 1349 3043 1417 pervertit,
3075 1362 3139 1404 ea
3163 1351 3307 1404 enim
3330 1356 3448 1405 est:

1871 1436 2125 1506 Aquilam
2158 1435 2261 1489 tria
2291 1450 2392 1490 ova
2424 1451 2708 1505 generare,
2765 1436 2888 1491 duo.
2931 1438 3243 1502 excludere,
3277 1455 3450 1493 unum

1873 1528 2084 1583 scilicet
2131 1528 2364 1596 pullum,
2395 1542 2520 1583 cum
2555 1529 2668 1598 jam
2727 1544 2826 1582 ova
2864 1545 2972 1584 non
3008 1540 3156 1596 sunt,
3189 1531 3449 1594 educare,

1873 1622 2127 1692 alereque
2155 1621 2276 1691 ejus
2301 1636 2487 1675 curam
2518 1622 2778 1692 gerendo.
2812 1621 2994 1690 Quare
3021 1631 3211 1694 postea
3233 1624 3451 1680 Aristo-

1873 1715 2008 1768 teles
2040 1713 2257 1770 subdit:
2284 1713 2547 1780 Quamvis
2574 1731 2772 1786 magna
2799 1732 2864 1772 ex
2897 1727 3051 1787 parte
3071 1718 3125 1773 id
3153 1717 3265 1781 ﬁat,
3299 1717 3450 1773 vide-

1803 1767 1844 1827 Β
1873 1805 2020 1869 licet,
2054 1821 2223 1862 unum
2252 1807 2510 1871 educere,
2560 1803 2744 1863 tame’n
2786 1767 3082 1879 aliqiiando
3113 1817 3170 1865 et
3200 1819 3313 1866 tres
3344 1809 3453 1865 visi

1871 1905 2002 1952 sunt
2026 1898 2178 1967 pulli.
2211 1895 2322 1954 Nec
2358 1898 2673 1953 Aristotelis
2705 1903 3036 1973 sententiam
3056 1902 3323 1973 integram
3353 1917 3450 1956 ex-

1870 1991 2072 2059 pressit
2095 1989 2305 2044 Plinius
2327 2007 2340 2043 :
2362 1988 2590 2043 Pariunt
2619 2007 2716 2044 ova
2745 1993 2888 2045 trina
2914 2008 2929 2044 :
2977 1971 3259 2047 eicludunt
3273 1992 3448 2062 pullos

1870 2081 2022 2136 binos
2049 2097 2069 2134 :
2096 2081 2192 2135 visi
2218 2091 2340 2135 sunt
2360 2092 2408 2136 et
2440 2092 2545 2137 tres
2581 2083 2899 2153 aliquando;
2919 2084 3105 2140 omisit
3135 2084 3281 2138 enim
3313 2084 3448 2139 illud

1870 2171 2017 2241 quod
2049 2180 2166 2227 erat
2187 2186 2400 2227 summe
2431 2175 2822 2238 necessarium,
2844 2189 3007 2226 unum
3041 2173 3157 2227 alit.
3191 2173 3281 2227 Sic
3299 2173 3449 2229 enim

1869 2265 2154 2320 sententiae
2207 2264 2472 2319 absoluta:
2525 2264 2774 2334 exceptio
2828 2267 2942 2330 illa,
2994 2273 3048 2320 et
3080 2265 3240 2337 quasi
3270 2281 3337 2321 ex
3376 2267 3450 2321 iis

1869 2370 1990 2426 qua:
2019 2369 2146 2409 raro
2215 2355 2542 2424 contingunt
2587 2356 3000 2419 notatiunculm,
3065 2354 3181 2409 Visi
3234 2363 3355 2409 sunt
3396 2364 3448 2409 et

1870 2458 1972 2500 tres
1999 2445 2311 2515 aliquando,
2355 2446 2828 2516 corresponderet.
2865 2445 2974 2501 Nec
2998 2447 3189 2502 dubito
3234 2448 3447 2502 exscri-

1869 2548 2088 2608 ptorum
2118 2538 2172 2592 id
2220 2538 2446 2593 incuria:
2503 2539 2706 2608 potius,
2749 2553 2910 2608 quam
2943 2537 3106 2593 Plinii
3142 2540 3448 2595 oscitantiaa

1869 2629 2254 2696 tribuendum;
2287 2631 2379 2701 qui
2413 2631 2620 2699 optima
2659 2645 2888 2700 quaeque
2941 2634 3010 2685 ab
3054 2632 3178 2687 aliis
3213 2633 3442 2694 dictata,

1867 2725 1953 2780 vel
1999 2726 2224 2793 scripta,
2274 2723 2691 2795 perversis’sime
2745 2724 3046 2794 excipiunt,
3097 2732 3446 2796 pervertunt-

1868 2829 1993 2886 que.

1939 2907 2097 2972 lbid.,
2121 2907 2217 2961 lin.
2239 2908 2324 2960 15.
2353 2906 2413 2962 Ἠ
2429 2905 2497 2960 δὲ
2515 2905 2676 2975 senm
2698 2905 2805 2960 τὸν
2827 2908 3075 2961 (incrtat.
3094 2907 3444 2976 Aristoteles,

1867 3002 1962 3055 lib.
1996 3016 2049 3055 τι
2093 3000 2166 3054 De
2191 3000 2380 3074 histor.
2419 3000 2611 3063 anim.,
2641 3014 2760 3069 cap.
2795 3001 2850 3062 6,
2881 3000 2984 3053 Τὸν
3012 2999 3069 3054 δὲ
3114 3001 3444 3072 ἐκϐληθέντα

1865 3097 2102 3167 δέχεται,
2135 3096 2229 3149 καὶ
2255 3095 2442 3166 τρέφει
2467 3098 2499 3166 ὴ
2528 3097 2692 3166 φήνη.
2727 3104 2781 3151 et
2805 3097 2900 3151 lib.
2935 3114 3010 3162 ιι,
3036 3113 3156 3167 cap.
3190 3098 3278 3161 54,
3305 3101 3365 3152 Οἱ
3388 3100 3444 3151 δὲ

1870 3187 2256 3258 ἐκϐαλλόμενοι
2289 3184 2473 3257 βοῶσι,
2508 3187 2606 3241 καὶ
2641 3187 2814 3253 οὕτως
2850 3190 3221 3260 ὑπολαμϐάνει
3248 3192 3444 3254 αὐτοὺς

1864 3279 1898 3348 ἡ
1927 3279 2091 3350 φήνη.
2130 3275 2364 3340 Plinius,
2401 3278 2495 3331 lib.
2530 3293 2585 3340 ι,
2611 3293 2734 3346 cap.
2766 3279 2836 3333 ὃς
2869 3278 2971 3334 Sed
3011 3283 3200 3348 ejectos
3249 3281 3315 3334 ab
3361 3282 3443 3336 his

1862 3378 2147 3441 cognatum
2179 3385 2339 3440 genus
2370 3370 2651 3438 ossifragae
2670 3371 2954 3438 excipiunt,
2987 3382 3038 3426 et
3065 3371 3290 3426 educant
3321 3390 3442 3426 cum

1862 3462 1993 3515 suis.
2033 3459 2185 3515 lianc
2237 3461 2563 3530 ossifragam
2600 3477 2709 3516 non
2754 3464 2987 3517 multum
3039 3466 3217 3520 oculis
3258 3468 3443 3522 valere

1863 3551 2031 3606 tradit
2051 3551 2395 3606 Aristoteles.
2429 3550 2504 3605 De
2524 3552 2708 3621 aquila
2743 3553 2844 3607 hoc
2878 3553 3019 3608 idem
3055 3554 3220 3609 habet
3241 3554 3441 3610 Petrus

1861 3641 2180 3708 Damianus,
2219 3645 2312 3698 lib.
2366 3659 2428 3706 ll,
2463 3642 2624 3712 epist.
2663 3643 2746 3697 l8.
2780 3642 2970 3698 Obiter
3003 3654 3186 3699 tamen
3242 3657 3444 3702 notan-

1862 3737 1991 3793 dum
2027 3737 2117 3790 hic
2157 3743 2244 3791 est
2308 3737 2460 3788 illum
2497 3734 2766 3790 allirmare
2803 3737 3008 3806 pullum
3057 3740 3251 3808 aquila:
3286 3739 3438 3808 deje-

1863 3837 2010 3883 ctum
2030 3843 2140 3890 non
2179 3827 2248 3881 ab
2285 3828 2490 3898 aquila,
2519 3841 2640 3896 quae
2674 3826 2944 3898 ossifraga
2978 3828 3198 3891 dicitur,
3232 3831 3437 3900 suscipi

1861 3931 1916 3977 et
1939 3920 2193 3985 cnutriri,
2227 3920 2320 3975 sed
2355 3937 2384 3974 a
2408 3919 2616 3990 plebeia
2651 3919 2884 3989 quadam
2939 3920 3045 3984 avi,
3090 3920 3256 3976 fulica
3287 3923 3440 3979 vide-

1863 4013 2020 4068 licet:
2054 4012 2354 4068 secundum
2381 4012 2495 4065 vult
2535 4011 2756 4065 fulicam
2790 4012 2965 4082 φήνην
2994 4011 3180 4069 Grzece
3219 4031 3436 4069 nuncu-

1862 4104 1999 4174 pari.
2047 4102 2266 4175 Falsum
2302 4111 2596 4172 utrumque
2625 4089 2679 4156 el
2711 4112 2906 4170 prmter
2960 4103 3204 4157 historia:
3236 4107 3438 4160 verita-

1861 4204 1992 4250 tem.
2017 4194 2126 4249 Nec
2162 4194 2306 4247 enim
2335 4193 2626 4263 pullusille
2661 4209 2688 4246 a
2719 4193 2929 4264 plebeia
2971 4196 3057 4248 avi
3100 4196 3434 4265 suscipitur;

1859 4295 1912 4343 et
1940 4286 2086 4340 aliud
2112 4295 2195 4340 est
2222 4286 2406 4348 fulica,
2435 4285 2581 4338 aliud
2623 4286 2788 4356 φὴνη.

1925 4378 2085 4444 lbid.,
2104 4377 2203 4432 lin.
2231 4378 2318 4432 15.
2348 4375 2583 4444 Θρέψας
2599 4375 2666 4428 δὲ
2686 4375 2792 4429 τὸν
2823 4378 3086 4430 νεοττόν.
3107 4376 3306 4432 Eadem
3336 4378 3436 4431 ha-

296 4512 345 4556 et
374 4503 434 4556 ob
457 4468 573 4555 e'am
591 4468 708 4554 γεω.
723 4468 982 4569 unguibus
1010 4509 1171 4553 secat.
1208 4496 1353 4551 Pulli
1372 4497 1682 4550 etiaminter
1703 4511 1759 4549 se

1865 4471 1952 4526 bet
1982 4471 2302 4526 Aristoteles
2325 4471 2444 4523 loco
2461 4469 2540 4531 d.,
2571 4475 2624 4522 et
2647 4468 2856 4523 Plinius
2876 4489 2886 4522 :
2909 4469 3202 4522 llalia'etus
3228 4478 3434 4522 tantum

1864 4564 2140 4630 implumes
2167 4564 2452 4616 etiamnum
2491 4562 2664 4629 pullos
2712 4578 2835 4614 suos
2872 4562 3168 4631 percutiens
3215 4561 3435 4615 subinde

1861 4657 1996 4725 cogit
2018 4655 2264 4709 adversos
2296 4655 2488 4708 intueri
2517 4654 2644 4706 solis
2667 4653 2866 4715 radios,
2902 4664 2950 4707 et
2977 4655 3022 4706 si
3051 4654 3430 4717 conniventem,

1859 4749 2343 4819 humectantemque
2361 4748 2753 4810 animadvertit,
2778 4746 3080 4815 prmeipitat
3118 4762 3144 4799 e
3175 4746 3298 4798 nido
3329 4745 3436 4798 velo

1859 4851 1916 4894 ut
1940 4841 2299 4895 adulterinum
2333 4852 2486 4910 atque
2520 4840 2821 4911 degenerem
2857 4856 2872 4891 :
2904 4839 3056 4891 illum
3089 4839 3240 4906 cujus
3290 4838 3430 4890 acies

1861 4934 2018 5002 ﬁrma
2044 4942 2228 4984 contra
2260 4938 2502 4998 steterit,
2533 4931 2742 4986 educat.
2775 4929 2929 5000 Apud
2962 4930 3309 4984 Aristotelem
3348 4938 3433 4982 est

1860 5023 2044 5093 aquila
2077 5023 2259 5089 ἀετός,
2299 5040 2411 5078 non
2463 5024 2763 5086 haliaeetos,
2813 5021 3064 5091 quamvis
3088 5023 3155 5074 de
3183 5020 3432 5074 haliaeeto

1859 5115 2270 5184 intelligendum
2307 5129 2429 5169 esse
2474 5115 2679 5168 nemini
2718 5113 2966 5174 dubium,
3017 5127 3140 5165 cum
3195 5111 3432 5181 aquilam

1860 5207 2002 5261 banc
2027 5221 2122 5276 per
2161 5221 2311 5259 mare
2338 5215 2392 5259 et
2426 5205 2634 5268 littora,
2667 5204 2811 5257 unde
2839 5218 3034 5256 nomen
3075 5202 3301 5271 accepit,
3340 5215 3436 5253 va-

1862 5301 1976 5368 gari
2003 5299 2180 5353 tradat
2208 5298 2360 5353 Phile
2391 5298 2444 5352 in
2479 5296 2678 5351 lambis

1935 5433 2039 5495 Ὃς
2067 5429 2206 5492 τοὺς
2227 5427 2506 5493 νεοττοὺς
2536 5428 2715 5494 ὄντας
2735 5425 3011 5493 ἀπτῆνας
3034 5425 3174 5489 τέως

1943 5494 2069 5552 Ἐπὶ
2091 5497 2575 5564 ξένηνβάσανον
2602 5499 2681 5563 ὡς
2709 5499 2930 5560 νόθους
2964 5494 3148 5561 ἄγων,

1931 5571 2098 5624 Ποιεῖ
2113 5570 2408 5634 δικαστὴν
2435 5568 2761 5633 πρακτικὸν
2783 5567 2888 5617 τὸν
2910 5565 3253 5634 ςρωσροφον.

1943 5642 2004 5692 Ὀ
2029 5639 2145 5708 μὲν
2169 5637 2277 5707 γὰρ
2300 5631 2488 5690 αὑτοῦ
2508 5637 2636 5701 ταῖς
2647 5635 2867 5708 βολαῖς
2886 5631 3288 5708 Sir-(taleam,

1936 5702 2059 5764 Τῶῦ
2077 5702 2374 5776 φιλτάτων
2409 5709 2499 5771 τίς
2524 5708 2674 5766 ἐστι,
2715 5707 2810 5758 καὶ
2840 5702 3288 5776 τῶν-ἐκκρίτων,

1945 5773 2178 5849 Ὀθεθείς
2205 5796 2270 5847 τε
2303 5778 2560 5843 καθαρὸς
2587 5774 2926 5839 δυσγενοῦς
2951 5773 3147 5834 ὐπούιί
3155 5787 3225 5831 ας
3249 5788 3264 5802 ο

3527 314 3560 340 Ά-
