4042 6338
583 378 690 456 899

672 517 732 571 '0
753 519 805 571 δ’
838 513 940 576 αὖ.
969 519 1120 586 apte
1159 516 1350 572 αὑτὸν
1376 514 1832 586 σιαρόαμρξας,
1873 513 2092 579 εὐθέως

669 585 1207 656 ’Λλλοτριουτόιιος
1221 589 1271 640 0‘
1295 587 1508 656 sepse"
1546 585 1912 652 σπέρματος,

657 660 767 713 Kal
790 657 895 725 τῆς
925 656 1142 724 καλιᾶς
1163 657 1484 725 δυστυχῶς
1511 657 1830 722 ἀπεκρίθη.

583 746 704 802 lluc
727 747 982 803 allusisse
1005 747 1227 802 videtur
1251 744 1640 808 Cassiodorus,
1679 744 1960 798 Variarum
1983 744 2020 798 l.
2049 759 2170 802 vIII.

581 841 742 909 epist.
782 840 849 894 2|
890 855 904 890 :
942 837 1034 894 Sic
1066 839 1206 908 [etus
1243 840 1322 892 tui
1366 856 1510 893 more
1544 838 1740 908 aquila:
1772 855 1826 892 se
1865 838 2169 906 probantes,

583 933 786 1004 regales
821 931 1005 988 oculos
1039 932 1105 984 ab
1140 932 1267 997 ipsis
1320 947 1447 998 pene
1485 930 1764 983 cunabulis
1819 930 2167 998 pertulerunt.

656 1021 818 1086 lbid.,
849 1022 948 1075 lin.
997 1021 1088 1075 2|.
1151 1020 1309 1074 Φασὶ
1357 1021 1469 1089 γὰρ
1518 1019 1890 1090 γηράσαντα.
1935 1020 2168 1086 Plinius,

581 1114 678 1167 lib.
707 1129 766 1176 χ,
794 1129 916 1184 cap.
950 1115 985 1168 3
1009 1131 1022 1166 ε
1050 1114 1313 1182 Oppctunt
1351 1129 1456 1165 non
1483 1113 1650 1177 senio,
1694 1129 1785 1164 nec
1829 1112 2168 1182 (egritudine,

581 1206 674 1261 sed
699 1205 862 1275 fante,
894 1206 948 1258 in
975 1216 1181 1258 tantum
1215 1207 1485 1274 superiore
1516 1214 1840 1259 accrescente
1881 1216 2078 1270 rostro,
2111 1215 2169 1257 ut

581 1298 865 1352 aduncitas
894 1298 1088 1366 aperiri
1133 1314 1237 1350 non
1291 1306 1466 1366 queat.
1509 1296 1722 1351 Similia
1757 1297 1921 1351 habet
1961 1297 2166 1360 llorus,

580 1390 676 1444 lib.
705 1405 770 1453 II,
793 1404 914 1461 cap.
935 1390 1029 1451 96.
1049 1389 1393 1456 Aristoteles,
1421 1389 1519 1442 lib.
1547 1405 1624 1451 ιχ,
1653 1389 1730 1443 De
1759 1390 1949 1445 histor.
1975 1392 2166 1456 anim,

577 1493 700 1548 cap.
735 1476 836 1544 32;
876 1477 1218 1547 Epiphanius
1250 1477 1307 1530 in
1343 1475 1687 1548 Physiologo,
1712 1489 1767 1533 ct
1799 1479 1913 1532 alii.

649 1568 811 1633 lbitl.,
843 1569 941 1624 lin.
971 1569 1062 1622 22.
1092 1567 1201 1622 Kal
1239 1571 1327 1634 εἰς
1352 1569 1556 1638 πηγὴν
1577 1569 1975 1639 ἀφικνεῖσθαι.
2015 1570 2168 1627 llanc

584 1662 780 1732 aquila:
805 1664 1214 1718 renovationem
1247 1664 1338 1716 alii
1368 1663 1525 1717 aliter
1552 1674 1797 1718 narrant.
1830 1664 2166 1735 Epiphanius

579 1754 657 1806 ait
714 1753 769 1807 in
814 1753 983 1807 altum
1033 1769 1154 1809 sese
1197 1754 1468 1816 attollere,
1519 1763 1575 1809 et
1633 1757 1686 1809 in
1734 1768 2062 1828 prteruptam
2107 1777 2167 1816 se

579 1845 851 1914 projicere
878 1860 1093 1916 rupem,
1124 1846 1192 1900 ad
1221 1862 1386 1916 quam
1428 1855 1668 1902 rostrum
1703 1850 1910 1917 allidit;
1946 1859 2001 1907 et
2040 1868 2167 1906 cum
2199 1858 2243 1913 Β

579 1951 641 1991 se
668 1935 882 2007 frigidis
912 1938 1242 1993 immerserit
1270 1940 1450 2008 aquis,
1483 1940 1551 1993 ad
1581 1941 1792 1995 solares
1820 1941 2008 1996 radios
2043 1959 2165 1999 sese

578 2044 879 2100 opponere,
910 2038 1149 2101 tuncque
1175 2047 1242 2086 ex
1270 2034 1447 2089 oculis
1471 2033 1672 2089 cadere
1703 2035 2079 2104 lippitudines,
2111 2045 2165 2091 et

579 2120 655 2175 ita
674 2121 1050 2200 iuvenescere:
1076 2124 1271 2180 Petrus
1295 2124 1610 2190 Damianus,
1639 2128 1733 2182 lib.
1767 2144 1826 2191 II,
1854 2130 2014 2197 epist.
2051 2130 2116 2183 l8
2147 2149 2158 2182 :

577 2214 794 2285 Aquila,
823 2217 923 2280 ait,
969 2232 1086 2268 cum
1131 2218 1382 2284 senuerit,
1431 2228 1479 2272 et
1527 2221 1740 2288 gravari
1785 2223 2034 2289 cit-perint
2061 2223 2166 2276 alte

576 2307 715 2376 ejus,
743 2320 901 2379 atque
941 2307 1082 2361 oculi
1121 2309 1375 2377 caligare,
1401 2319 1521 2361 tunc
1561 2310 1751 2378 quierit
1779 2313 1975 2378 fonte»:
2015 2330 2166 2382 aqua:

577 2410 766 2455 contra
807 2417 960 2470 quem
1005 2402 1178 2468 posita
1211 2403 1352 2454 volat
1396 2419 1557 2471 usque
1603 2405 1671 2456 ad
1721 2405 1975 2458 circulum
2012 2409 2163 2471 solis,

575 2492 792 2563 illicque
828 2493 887 2545 in
929 2491 1134 2562 puriori
1165 2495 1376 2547 wtheris
1415 2497 1663 2549 vastitate
1690 2497 1887 2549 librata
1909 2498 1979 2549 ad
2008 2515 2167 2566 vapo-

577 2599 688 2636 rem
733 2583 862 2636 solis
917 2593 966 2635 et
1032 2583 1148 2636 alas
1194 2584 1421 2637 incendit
1471 2593 1523 2638 et
1571 2587 1846 2654 caliginem
1892 2591 2164 2641 oculorum

576 2685 796 2739 prorsus
835 2670 1032 2732 exurit,
1084 2686 1304 2740 moxque
1330 2672 1645 2728 descendens
1683 2676 1849 2730 tribus
1882 2677 1934 2730 in
1966 2678 2162 2746 fontem

576 2761 774 2816 uicibus
806 2763 1076 2831 mergitur,
1115 2773 1164 2816 et
1209 2765 1286 2817 sic
1320 2765 1529 2817 alarum
1581 2769 1745 2836 vigor,
1790 2782 1839 2821 et
1889 2771 2164 2822 oculorum

577 2851 716 2906 acies
768 2851 934 2905 multo
969 2853 1153 2906 melius
1201 2870 1358 2921 quam
1408 2854 1652 2922 juventus
1704 2859 1977 2924 attulerat,
2011 2877 2163 2913 reno-

577 2952 754 2996 vatur.
796 2941 963 2996 Multa
1008 2943 1061 2996 in
1113 2943 1254 2996 hanc
1309 2946 1636 2999 sententiam
1679 2962 1746 3001 ex
1793 2947 2162 3022 Hieronymo,

577 3032 908 3103 Augustino,
942 3034 1094 3088 rabbi
1130 3033 1320 3098 David,
1353 3035 1659 3101 Vincentio,
1701 3040 1907 3111 colligit
1936 3042 2163 3100 Pontius

579 3125 636 3180 in
665 3125 874 3178 dictum
904 3125 1081 3179 locmn
1111 3124 1419 3196 Epiphanii,
1447 3144 1607 3196 quem
1633 3133 1876 3187 consule.
1911 3132 2163 3189 Theodo-

1938 387 2187 445 LEONIS
2219 386 2493 443 ALLATII

3759 386 3857 442 900

2208 519 2256 574 Α
2287 511 2430 566 Nam
2474 512 2636 566 herile
2670 527 2762 578 ego
2807 520 2856 564 te
2903 508 3070 563 barba
3116 507 3365 562 continuo
3402 508 3664 576 arripiam
3711 517 3763 562 et
3804 511 3857 562 iu

3260 578 3453 651 [ignem
3477 579 3789 651 conﬁciam,

2281 650 2448 721 Teque
2466 651 2884 706 ambustulatum
2899 649 3147 720 objiciunt
3166 649 3367 720 magnis
3383 649 3564 704 avibus
3585 649 3855 717 pabulum.

2277 765 2414 822 Vide
2447 776 2706 838 praeterea
2732 762 3205 834 Theophylactum
3229 761 3590 826 Simocatum,
3624 762 3679 816 in
3712 762 3858 827 Quc-

2277 857 2543 911 stionibus
2574 852 2932 916 naturalibus,
2967 860 3164 922 quast.
3193 852 3248 915 8,
3271 852 3364 923 qui
3394 867 3493 907 sua
3538 867 3608 906 ex
3644 850 3855 905 Etiam

2274 956 2558 1003 mutuatus
2587 955 2694 1012 est,
2726 954 2781 1000 et
2809 943 3115 1014 Gasparum
3149 941 3508 1004 Bauchinum,
3547 939 3628 993 De
3655 940 3854 994 (Iertae.

2272 1039 2643 1107 phroditorum
2687 1045 3209 1102 moustrosorumque
3236 1043 3486 1102 partuum
3514 1039 3736 1095 natura,
3767 1029 3850 1083 lib.

2274 1150 2336 1198 II,
2370 1147 2493 1201 cap.
2530 1132 2742 1185 ultimo.

2343 1223 2505 1288 lbid.,
2539 1223 2636 1276 lin.
2684 1222 2776 1277 3|.
2819 1217 3147 1281 Αὑλίζεται.
3181 1218 3522 1281 Aristoteles,
3565 1216 3667 1268 lib.
3706 1231 3759 1269 VI
3788 1213 3850 1267 De

2271 1320 2459 1373 histor.
2487 1318 2684 1378 anim.,
2717 1330 2837 1385 cap.
2867 1315 2924 1378 5,
2958 1315 3149 1370 scribit
3185 1313 3430 1366 vultures
3474 1308 3762 1365 nidiﬁcare
3803 1308 3848 1359 in

2269 1411 2663 1467 excelsissimis
2717 1409 2967 1479 rupibus,
3015 1407 3160 1462 unde
3209 1406 3267 1460 lit
3318 1415 3377 1459 ut
3426 1419 3551 1458 raro
3605 1401 3768 1456 nidus
3803 1408 3848 1454 et

2271 1506 2403 1576 pulli
2437 1504 2674 1558 vulzuris
2705 1509 3022 1556 cernantur.
3056 1498 3328 1566 Quocirca
3375 1496 3690 1552 Herodotus
3731 1493 3849 1563 Bry-

2272 1597 2425 1650 sonis
2457 1595 2700 1650 rhetoris
2726 1600 2881 1662 pater
2911 1592 3160 1647 vultures
3188 1607 3252 1646 ex
3282 1590 3499 1645 diverso
3540 1589 3677 1643 orbe
3705 1586 3848 1640 nobis

2273 1685 2550 1756 incognito
2589 1683 2842 1756 advolare
2870 1682 3150 1737 credebat.
3202 1680 3401 1733 Eadem
3430 1679 3628 1747 repetit
3667 1685 3722 1731 et
3759 1676 3844 1728 lib.

2271 1793 2344 1841 ιχ,
2371 1749 2492 1846 cap.
2535 1776 2619 1842 ll,
2645 1749 3002 1843 amnnatque,
3034 1773 3286 1843 quamvis
3314 1770 3366 1823 id
3411 1770 3482 1823 sit
3511 1767 3750 1829 diﬁicile,
3775 1765 3848 1818 vi-

2272 1883 2393 1922 sum
2424 1876 2606 1920 tamen
2653 1865 2949 1936 aliquando
2979 1865 3100 1933 ejus
3138 1863 3346 1916 nidum.
3396 1860 3630 1924 Plinius,
3664 1859 3756 1912 lib.
3791 1873 3841 1920 χ,

2271 1981 2393 2035 cap.
2421 1964 2453 2016 6
2481 1980 2494 2014 :
2542 1963 2820 2016 Vulturnus
2846 1959 3130 2030 prwvalent
3155 1959 3312 2026 nigri.
3345 1955 3514 2009 Nidos
3544 1970 3698 2007 nemo
3729 1954 3846 2005 atti—

2270 2059 2360 2128 git.
2397 2056 2522 2110 Ideo
2561 2056 2721 2109 etiam
2755 2056 2901 2122 {uere
2946 2054 3037 2124 qui
3083 2059 3328 2120 putarent
3369 2049 3488 2101 illos
3532 2063 3599 2100 ex
3637 2045 3846 2099 aduerso

2273 2149 2393 2202 orbe
2423 2148 2690 2201 adrolare.
2723 2145 2888 2200 Falso
2918 2160 2936 2197 :
2974 2144 3254 2211 nidiﬁcant
3300 2143 3435 2194 enim
3477 2139 3533 2192 in
3559 2137 3848 2192 excelsissi-

2273 2241 2372 2293 mis
2412 2239 2646 2306 rupibus.
2686 2236 2998 2302 Juvenalis,
3027 2242 3198 2302 satyr.
3226 2232 3313 2295 l5,
3343 2228 3573 2285 credidit
3607 2229 3664 2282 in
3691 2226 3848 2281 arbo-

2273 2333 2425 2386 ribus
2455 2330 2614 2384 nidos
2655 2330 2874 2383 l'acere:
2949 2371 2954 2375 .

2282 2443 2493 2507 Vultur,
2519 2444 2758 2512 jumento
2795 2450 2845 2494 et
2872 2441 3090 2494 canibus
3116 2439 3459 2512 crucibusque
3491 2436 3716 2512 relictis,

2273 2515 2353 2565 Ad
2385 2507 2533 2581 {etus
2550 2521 2794 2581 properat
2823 2522 3126 2578 partemque
3163 2509 3431 2581 cadaveris
3462 2507 3644 2581 affert,

2275 2578 2482 2636 llic-est
2511 2578 2806 2652 ergo‘cibus
2839 2582 3019 2652 magni
3051 2596 3250 2652 quoque
3282 2578 3526 2652 vulturis,
3553 2588 3608 2652 et
3627 2591 3682 2629 se

2275 2597 2376 2636 mc
2405 2597 2481 2636 est
2511 2601 2631 2652 ergo
2662 2597 2806 2634 cwus
2839 2599 3019 2651 magns
3051 2598 3151 2648 quo
3187 2597 3250 2632 ue
3282 2597 3526 2639 euuurts,
3553 2597 3603 2629 et
3627 2597 3682 2629 se

2275 2655 2574 2717 l’ascentis,
2609 2654 2827 2722 propria
2855 2669 2974 2704 cum
2995 2651 3112 2719 jam
3144 2597 3272 2718 [qacit
3304 2648 3490 2701 arbore
3516 2647 3691 2699 nidos.

2342 2767 2505 2828 lbid.,
2547 2767 2643 2820 lin.
2695 2765 2784 2819 53.
2822 2763 2931 2818 Kal
2975 2762 3176 2816 λαϐὼν
3217 2762 3324 2815 τὸν
3353 2762 3646 2814 εὐτόκιω·.
3688 2755 3845 2811 Etito-

2269 2857 2415 2912 cium
2447 2857 2676 2926 lapidem
2709 2855 2925 2908 aelitem
2949 2870 3092 2916 esse,
3117 2853 3318 2908 nemini
3353 2850 3579 2905 dubium
3605 2864 3727 2904 esse
3755 2846 3848 2902 dc-

2271 2949 2382 3013 het,
2413 2964 2536 3001 cum
2563 2964 2685 3017 qua:
2707 2950 2774 3001 de
2811 2947 3030 3001 eutocio
3051 2945 3368 3000 Eustathius
3394 2941 3584 3006 refert,
3605 2941 3673 2996 de
3693 2940 3848 2994 actito

2272 3041 2360 3093 alii
2387 3041 2591 3094 dicant.
2620 3039 2850 3104 Plinius,
2880 3038 2974 3092 lib.
2995 3054 3062 3099 χ,
3096 3039 3260 3106 capit.
3295 3051 3345 3089 Iv
3377 3055 3389 3088 :
3421 3034 3613 3087 Tribus
3644 3033 3844 3102 primis,

2269 3139 2318 3181 et
2364 3131 2546 3197 quinto
2589 3129 2889 3197 aquilarum
2931 3127 3106 3196 generi
3148 3125 3505 3192 inwdiﬁcatur
3545 3123 3671 3176 nido
3720 3123 3848 3188 lapis

578 3232 676 3272 rus
705 3225 887 3271 tamen
921 3215 1322 3282 Heracleensis,
1357 3217 1649 3274 Comment.
1680 3223 1735 3275 in
1770 3225 1907 3291 psal.
1935 3240 2030 3289 cu,
2067 3244 2165 3281 ne-
2194 3213 2236 3269 C
2269 3222 2476 3284 aetites,
2521 3238 2672 3290 quem
2701 3221 2865 3289 aliqui
2895 3221 3073 3272 dixere
3097 3227 3361 3288 gagatem,
3393 3215 3462 3269 ad
3489 3215 3659 3269 multa
3687 3231 3846 3266 reme-

577 3317 671 3380 gat
727 3309 968 3379 aquilam
1023 3311 1322 3364 renovari:
1363 3310 1438 3362 Οὐ
1477 3311 1634 3364 τοῦτο
1681 3314 1929 3384 βούλεται
1975 3320 2167 3382 εἰπεῖν,

576 3402 662 3454 δτι
697 3399 1100 3464 ἀνακαινίζεται
1133 3403 1162 3453 ὁ
1193 3402 1350 3465 ἀετός
1373 3420 1385 3431 ·
1419 3403 1480 3455 οὐ
1519 3404 1627 3476 γὰρ
1666 3406 2090 3471 ἀνακαινίζεται,
2124 3419 2170 3470 εἰ

581 3493 658 3562 μὴ
688 3492 868 3562 μόνον,
895 3491 970 3554 ὥς
999 3509 1184 3560 φασιν,
1218 3496 1246 3544 ὁ
1288 3495 1467 3561 φοῖνιξ
1499 3495 1558 3547 τὸ
1588 3497 1799 3568 ὄρνεονσ
1835 3500 1949 3552 ἀλλ’
1983 3501 2170 3571 ἐπειδὴ

577 3587 608 3637 ὁ
635 3583 790 3646 ἀετὸς
816 3583 963 3636 δοκεί
987 3584 1290 3654 βασιλεύειν
1322 3587 1432 3639 τῶν
1465 3589 1727 3642 πετεινῶν
1751 3592 2026 3656 ἁπάντων,
2055 3593 2170 3663 βού-

579 3675 730 3728 λεται
771 3676 966 3738 εἰπεῖν,
1002 3675 1082 3727 ὅτι
1115 3677 1147 3745 ἡ
1182 3675 1482 3746 παλαιότης
1512 3677 1670 3748 ἡμῶν
1714 3681 1747 3749 ἡ
1790 3682 1846 3732 ὲν
1890 3681 2166 3736 Βαϐυλῶνι

578 3769 1092 3839 ἀνακαινισθήσεται
1127 3771 1206 3830 εἰς
1246 3768 1520 3838 βασιλείαν
1563 3766 1737 3836 αὖθις,
1785 3772 1974 3845 ὥσπερ
2027 3770 2169 3844 ἦμέν

578 3876 733 3914 ποτε.
763 3859 861 3912 Διὰ
889 3859 997 3930 γὰρ
1033 3857 1127 3911 τοῦ
1162 3858 1374 3929 ὄρνιθος
1404 3859 1498 3911 τοῦ
1543 3860 1703 3912 ἀετοῦ
1749 3861 1846 3932 τὴν
1889 3863 2167 3932 βασιλείαν

578 3952 894 4007 αἰνίττεται.
923 3950 1162 4006 Consule
1203 3951 1333 4004 item
1375 3951 1596 4005 Caelium
1630 3950 1941 4024 Rodigium,
1973 3957 2009 4010 l.
2045 3971 2164 4020 χιιι,

579 4057 703 4113 cap.
739 4042 831 4096 20.

653 4152 814 4216 lbid.,
846 4151 945 4207 lin.
977 4152 1068 4206 29.
1106 4152 1171 4205 '0
1197 4152 1266 4206 es
1299 4154 1426 4222 γὺψ
1445 4153 1795 4224 ὑπηνέμιον.
1831 4155 2027 4213 Petrus
2063 4158 2165 4213 Da-

581 4244 820 4310 mianus,
853 4244 948 4298 lib.
980 4245 1220 4315 II,epist.
1246 4245 1316 4298 18
1345 4265 1357 4298 :
1393 4245 1743 4300 Perhibentur
1764 4247 1996 4303 vultures
2056 4267 2163 4304 ca,-

581 4343 816 4388 terarum
838 4335 1011 4386 avium
1039 4351 1199 4399 more,
1224 4335 1520 4389 concubitui
1544 4337 1844 4392 nullatenus
1862 4339 2162 4411 indulgere:

577 4427 670 4482 sed
698 4432 891 4497 absque
923 4428 1037 4480 ulla
1069 4444 1286 4496 prorsus
1332 4430 1616 4483 masculini
1660 4447 1816 4486 sexus
1847 4432 2162 4489 admistione

2275 3313 2366 3364 dia
2398 3311 2567 3377 utilis,
2601 3311 2735 3363 nihil
2766 3311 2884 3379 igne
2911 3307 3214 3376 dcperdens.
3259 3305 3355 3360 Est
3387 3315 3563 3357 autem
3591 3303 3729 3370 lapis
3757 3303 3849 3355 iste

2271 3417 2573 3472 pra'gnans,
2604 3402 2746 3453 intus
2775 3417 2894 3453 cum
2923 3401 3158 3467 quatias,
3198 3399 3305 3451 alis
3335 3397 3470 3448 velut
3501 3396 3554 3445 in
3579 3404 3730 3445 utero
3768 3412 3848 3448 so-

2273 3507 2448 3558 nante,
2475 3494 2563 3548 sed
2589 3495 2662 3548 vis
2689 3495 2785 3546 illa
2819 3493 3019 3545 medica
3041 3507 3144 3544 non
3173 3491 3276 3544 nisi
3299 3489 3422 3542 nido
3452 3486 3694 3546 direptis.
3719 3485 3846 3542 Oll‘e

2270 3581 2480 3637 Plinius
2524 3598 2633 3635 non
2689 3583 2824 3636 satis
2879 3581 3190 3651 distinguit,
3247 3581 3374 3634 dum
3430 3589 3677 3650 gagatem
3727 3592 3848 3632 cum

2272 3674 2433 3728 aetite
2474 3672 2778 3728 confundit.
2811 3674 3049 3729 Consule
3097 3675 3274 3742 ipsum
3325 3673 3416 3726 lib.
3462 3687 3650 3734 nm,
3685 3674 3842 3740 capit.

2270 3767 2332 3820 21
2372 3775 2426 3821 et
2460 3768 2624 3836 capit.
2655 3767 2740 3829 19,
2768 3767 3033 3821 Calenum
3068 3775 3120 3820 et
3163 3763 3556 3819 Dioscoridcm.
3591 3762 3844 3833 Lapidem

2271 3859 2415 3912 hunc
2464 3859 2820 3928 llarpocratio
2879 3859 3280 3913 Alexandrinus
3327 3857 3614 3927 ocytocion
3674 3867 3842 3917 vocat,

2270 3951 2666 4021 distinguitque
2720 3954 2788 4007 ab
2843 3954 3008 4006 actito
3063 3971 3076 4004 :
3132 3950 3440 4012 Ὤκυτόκιος
3500 3948 3648 4011 λίθος
3704 3947 3845 4000 ἐστὶν

2269 4043 2460 4105 ἐοικὼς
2488 4045 2566 4114 τῷ
2591 4046 2797 4116 deti-cn,
2835 4045 3157 4115 μικρότερος
3182 4043 3238 4094 δὲ
3278 4042 3508 4104 ἐκείνου,
3542 4041 3681 4110 πλὴν
3707 4042 3842 4109 ἁπη-

2268 4135 2396 4206 χῶν,
2423 4137 2498 4200 ὡς
2530 4139 2758 4200 ἐκεῖνος,
2795 4140 2852 4190 ἐν
2883 4137 2960 4208 τῷ
2995 4135 3260 4188 κινεῖσθαι
3294 4135 3442 4206 παρὰ
3466 4135 3528 4186 τὸ
3554 4130 3671 4196 οὖς.
3696 4135 3842 4187 Ἔστι

2266 4227 2322 4278 δὲ
2356 4228 2448 4281 καὶ
2486 4228 2627 4291 λεῖος
2654 4232 2720 4299 τῇ
2753 4228 2874 4300 θέᾳ.

2335 4344 2495 4404 lbid.,
2523 4344 2617 4398 lib.
2653 4345 2742 4399 55.
2769 4344 2873 4397 Καὶ
2899 4343 3217 4397 ἀποτίκτει.
3247 4339 3477 4404 Plinius,
3509 4341 3606 4396 lib.
3640 4357 3700 4405 ι,
3726 4356 3836 4410 cap.

2265 4436 2298 4490 6
2342 4457 2354 4491 :
2417 4437 2580 4492 Fetus
2628 4437 2836 4507 quidem
2885 4445 3170 4490 cernuntur
3223 4435 3330 4502 fere
3378 4435 3507 4488 bini.
3548 4433 3838 4488 Umbricius

578 4520 865 4588 concipere.
900 4517 1185 4584 Quomodo
1237 4528 1418 4574 autem
1465 4521 1519 4575 id
1560 4523 1651 4576 ﬁat
1681 4525 1931 4593 pluribus
1973 4539 2161 4581 narrat
2192 4557 2236 4612 Β
2266 4529 2570 4595 aruspicum
2622 4528 2678 4579 in
2725 4535 2906 4579 nostro
2939 4541 3046 4578 amo
3087 4524 3438 4592 peritissimus
3468 4540 3656 4592 parere
3687 4524 3838 4576 tradit

577 4607 761 4663 l’lorus
817 4609 912 4664 lib.
961 4625 1000 4673 I,
1061 4624 1185 4677 cap.
1242 4610 1342 4674 ll;
1389 4609 1738 4676 Plutarchus,
1791 4613 2158 4671 Romanarum

575 4703 866 4772 quastion.
899 4703 968 4757 93
998 4721 1010 4756 :
1046 4703 1191 4773 Θῆλυ
1227 4704 1334 4755 πᾶν
1365 4703 1426 4756 τὸ
1454 4707 1607 4772 γένος
1647 4707 1764 4759 ἐστὶ
1789 4710 1880 4760 καὶ
1912 4712 2163 4765 κυΐσκον-

576 4811 667 4848 ται
693 4795 976 4864 δεχόμεναι
1009 4795 1101 4847 τὸν
1140 4793 1478 4865 ἀπηλιώτην,
1513 4796 1700 4868 ὥσπερ
1734 4798 1802 4850 τὰ
1843 4799 2032 4872 δένδρα
2073 4801 2162 4854 τὸν

577 4887 833 4957 ζέφυρον.
864 4885 1140 4950 λΕΙίειιιιιε,
1178 4888 1272 4940 lib.
1304 4902 1362 4948 ll,
1389 4903 1509 4958 cap.
1541 4888 1607 4942 46
1634 4907 1646 4942 :
1681 4889 1834 4943 Γῦπα
1869 4891 1925 4944 δὲ
1959 4892 2164 4964 ἄρρενα

576 4979 637 5030 οὐ
668 4978 800 5046 φασὶ
824 4976 1077 5046 γενέσθαι
1118 4977 1270 5040 ποτὲ,
1299 4976 1433 5028 ἀλλὰ
1459 4977 1680 5048 Θηλείας
1717 4981 1952 5045 ἁπάσας.
1986 4983 2163 5055 Ὅπερ

579 5072 919 5141 ἐπιστάμενα.
947 5071 1016 5123 τὰ
1045 5071 1179 5136 ζῶα,
1207 5073 1300 5124 καὶ
1327 5073 1561 5144 ἐρημίαν
1590 5073 1796 5127 τέκνων
1825 5076 2054 5139 δεδιότα,
2083 5081 2163 5140 εἰς

581 5165 836 5233 ἐπιγονὴν
860 5164 1064 5216 τέκνων
1104 5165 1329 5219 τοιαῦτα
1379 5168 1499 5237 δρᾷ.
1543 5167 1896 5239 ’Λντξπρωροι
1924 5169 2001 5237 τῷ
2027 5170 2163 5238 νότῳ

579 5259 860 5321 πέτονται,
908 5258 957 5309 el
1001 5258 1059 5311 δὲ
1102 5258 1176 5328 μὴ
1215 5260 1297 5330 εἴη
1333 5261 1502 5325 νότος,
1538 5258 1614 5328 τῷ
1665 5259 1808 5330 εὔρῳ
1869 5263 2160 5330 κεχήνασι,

577 5350 671 5402 καὶ
709 5349 773 5401 τὸ
822 5350 1040 5419 πνεῦμα
1089 5351 1298 5421 εἰσρέον
1340 5350 1537 5422 πληροῖ
1575 5350 1777 5412 αὑτὰς,
1834 5353 1927 5402 καὶ
1972 5352 2162 5404 κύουσι

576 5441 742 5512 τριῶν
774 5441 930 5494 ὲτῶν.
967 5442 1098 5506 Quae
1125 5445 1368 5499 carmine
1400 5443 1634 5497 reddidit
1667 5443 1719 5496 in
1757 5441 1959 5498 lambis
1987 5445 2156 5499 Phile.

577 5536 852 5590 Adrianus
899 5534 1221 5599 Turnebus,
1278 5539 1370 5591 lib.
1408 5554 1530 5590 xvvl
1558 5579 1571 5602 ,
1621 5538 1787 5606 capit.
1829 5538 1864 5590 9.
1891 5580 1904 5602 ,
1962 5550 2015 5594 et
2052 5541 2158 5610 _|ib.

578 5643 736 5690 χχιιι,
767 5628 929 5696 capit.
989 5628 1040 5690 5,
1091 5636 1146 5682 et
1194 5627 1572 5698 Dalecampius
1629 5631 1878 5685 scribunt
1919 5633 2162 5689 vultures

578 5733 804 5788 magnas
836 5735 964 5773 aves
1004 5735 1034 5773 a
1086 5718 1278 5775 Plauto
1319 5722 1369 5775 in
1415 5720 1648 5776 Rudente
1706 5733 2050 5794 nuncupatas
2107 5725 2160 5779 itt

579 5809 688 5865 illis
726 5811 976 5867 versibus
1011 5833 1023 5866 :

2264 4635 2360 4672 ova
2383 4620 2487 4672 tria
2515 4636 2532 4671 .'
2562 4635 2666 4671 uno
2694 4633 2760 4671 ex
2803 4619 2869 4670 iis
2917 4616 3116 4686 reliqua
3156 4634 3253 4671 ova
3281 4618 3564 4685 nidumque
3595 4617 3834 4678 lustrare,

2264 4727 2388 4764 mox
2417 4712 2667 4780 abjicere.
2712 4709 2858 4764 Idem
2907 4709 3068 4764 habet
3119 4710 3348 4765 Aristot.
3388 4708 3466 4762 De
3503 4709 3630 4763 hist.
3659 4711 3834 4770 anim,

2263 4820 2383 4873 cap.
2423 4805 2476 4858 6.
2512 4802 2741 4864 Tamen,
2775 4803 2870 4858 lib.
2923 4819 2995 4866 ιχ,
3027 4819 3149 4872 cap.
3188 4803 3275 4866 ll,
3309 4802 3501 4858 scribit
3535 4821 3548 4855 :
3585 4801 3713 4857 Edit
3745 4820 3834 4856 non

2263 4900 2381 4965 plus
2410 4915 2568 4967 quam
2598 4889 2759 4949 umIm
2785 4913 2956 4960 ovum,
2977 4896 3188 4948 autduo
3205 4895 3634 4962 complurimum.
3654 4896 3777 4962 Quae
3790 4894 3832 4948 si

2265 4995 2517 5040 naturam
2541 4986 2722 5040 avium
2753 4995 2900 5042 recte
2929 4987 3266 5049 consideres,
3293 4986 3419 5055 quis
3449 4986 3524 5040 ita
3548 4987 3766 5057 iniquus
3780 4993 3834 5037 ut

2267 5093 2464 5147 negare
2499 5076 2696 5131 audeat
2734 5078 3003 5133 vulturem
3027 5093 3183 5131 avem
3210 5091 3309 5131 ova
3327 5077 3586 5146 gignere?
3611 5078 3684 5130 At
3701 5076 3830 5131 luere

2265 5172 2356 5238 qui
2383 5170 2627 5222 dicerent
2655 5183 2748 5224 eos
2773 5185 2875 5223 ova
2914 5186 3021 5223 non
3063 5168 3374 5231 excludere,
3406 5170 3500 5224 sed
3538 5171 3718 5240 pullos
3746 5183 3828 5237 pa-

2265 5276 2407 5322 rcre,
2437 5274 2641 5329 eosque
2667 5262 2850 5314 statim
2879 5276 2907 5314 a
2939 5272 3094 5330 partu
3123 5260 3374 5315 volatiles
3395 5276 3539 5316 esse.
3575 5259 3826 5319 Elianus,

2263 5354 2361 5409 lib.
2395 5369 2455 5418 tt,
2481 5367 2600 5422 cap.
2637 5353 2706 5407 46
2731 5375 2744 5408 ;
2778 5355 2961 5416 ram;
2991 5355 3046 5406 δὲ
3077 5353 3152 5423 μὴ
3180 5353 3263 5405 ὼὰ
3284 5354 3487 5406 τίκτειν
3519 5353 3826 5421 πέπεισμαι,

2265 5447 2512 5508 νεοττοὺς
2551 5446 2606 5498 δὲ
2640 5445 2871 5500 ὠδίνειν.
2915 5447 3024 5498 Καὶ
3072 5445 3147 5507 ὡς
3203 5446 3311 5497 ἀπὸ
3343 5448 3538 5512 γενεᾶς
3570 5447 3826 5498 κατάπτε-

2267 5539 2349 5610 ροί
2372 5540 2495 5602 εἰει,
2519 5540 2609 5590 καὶ
2638 5539 2794 5592 τοῦτο
2824 5540 3052 5606 ἥκουσα.
3081 5537 3147 5590 Ει
3185 5536 3629 5608 Theophylactus
3666 5537 3828 5591 Simo-

2264 5641 2443 5692 catus,
2493 5633 2545 5683 in
2590 5630 2794 5694 Qumst.
2828 5643 3031 5693 natur.,
3066 5636 3261 5698 quaest.
3297 5628 3352 5695 8,
3400 5630 3468 5684 de
3494 5611 3825 5682 vulturilntsi

2264 5723 2376 5775 Καὶ
2420 5723 2661 5774 τίκτουσι
2704 5722 2839 5786 ζῶα,
2891 5722 2992 5773 οὐκ
3025 5720 3107 5773 ibi
3141 5721 3438 5791 ὑπηνέμια.
3473 5721 3567 5774 Διὸ
3599 5719 3828 5772 πλείστου

2264 5815 2457 5885 χρόνον
2487 5814 2656 5869 δεῖται
2688 5815 2721 5884 ἡ
2753 5813 2914 5883 φύσις
2944 5814 3081 5884 πρός
3115 5811 3254 5878 ζῴου
3288 5812 3710 5881 τελεσιουργίαν,
3733 5808 3830 5861 Elo-
