4042 6338
154 395 257 450 901

152 589 288 645 etc.,
319 588 374 636 et
405 580 580 646 Phile,
614 582 670 636 in
702 578 907 635 lambis
935 597 954 632 :

150 713 360 781 Θῆλυς
384 716 454 768 δὲ
483 715 600 780 ,πᾶς
622 716 771 785 γὺψ,
793 716 891 769 καὶ
922 716 1156 784 σπορᾶς
1187 715 1333 769 ἄνευ
1359 716 1509 768 κύει.

148 786 387 839 Χαίνων
404 788 513 856 γὰρ
542 787 910 854 ἀντίπρωρος
939 787 1101 853 ὑψοῦ
1130 785 1277 853 πρὸς
1305 786 1505 847 νότον,

143 855 568 923 Συλλαμϐἀνει
594 856 662 908 τὸ
686 857 942 925 πνεῦμα,
978 857 1074 909 καὶ
1111 857 1309 923 τρίτου
1340 857 1561 925 χρόνον

144 925 497 1012 fre-inmite
516 924 849 1012 irrepserat)?
878 926 968 994 ἄρ’
1140 926 1371 1012 μήτρας
1402 924 1619 993 ἐξάγει.

137 993 211 1045 οἳ
235 993 417 1053 ᾰῖισιν
437 993 713 1059 εὐθὺς-ἐξ
734 993 971 1064 ὀνύχων
1005 993 1286 1064 ἀρπάτων

142 1052 409 1134 Ιινῖγους
433 1052 659 1119 κακιῶν
676 1052 1017 1135 ἑῠρεοὲντες
1045 1052 1396 1135 ἓφείὲτονες.

216 1198 382 1263 lbid.,
414 1199 510 1251 lin.
534 1200 624 1254 '53.
647 1201 799 1257 Φασὶ
822 1200 892 1253 δὲ
914 1200 1020 1255 τὸν
1041 1202 1220 1270 γῦπα.
1244 1202 1453 1257 Plinius
1480 1202 1725 1256 vultures

142 1287 317 1343 odore
340 1286 538 1359 fugari,
576 1290 671 1345 lib.
705 1308 765 1356 ιι,
813 1306 935 1360 cap.
981 1292 1068 1359 45,
1108 1292 1319 1346 scribit.
1364 1291 1510 1347 Idem
1554 1288 1726 1345 Elia-

140 1396 271 1446 nus,
305 1380 399 1435 lib.
432 1396 513 1447 ιιι,
538 1396 661 1452 cap.
698 1383 749 1445 7,
776 1392 829 1438 et
862 1384 957 1436 lib.
995 1398 1070 1446 iv,
1094 1398 1216 1453 cap.
1255 1384 1349 1450 18;
1380 1384 1724 1451 Aristoteles,

139 1465 238 1521 lib.
269 1468 411 1536 Περὶ
444 1471 790 1539 θαυμασίων
832 1470 1247 1539 ἀκουσμάτων.
1294 1470 1723 1543 Theophrastus,

139 1558 239 1615 lib.
302 1559 381 1614 De
436 1562 685 1617 odoribus
723 1578 742 1615 :
791 1564 978 1617 Πονείν
1019 1563 1078 1615 δὲ
1130 1562 1251 1617 ἔνια
1295 1566 1547 1633 φαίνεται
1605 1569 1724 1631 ταῖς

139 1650 340 1722 ὀσμαῖς
377 1653 472 1707 καὶ
506 1655 626 1717 ταῖς
678 1654 948 1721 εὐωδίαις,
973 1657 1021 1706 εί
1050 1654 1247 1725 ἀληθὲς
1270 1655 1330 1707 τὸ
1360 1656 1452 1709 ἐπὶ
1487 1653 1595 1710 τῶν
1625 1674 1713 1726 γυο

140 1740 262 1795 πῶν
314 1742 410 1795 καὶ
452 1743 757 1815 κανθάριον.
814 1745 880 1797 Et
934 1746 1195 1800 eollector
1240 1744 1578 1815 Ceoponicor.
1629 1748 1719 1804 lib.

1164 394 1232 450 IN
1260 378 1641 449 Eusrnuu
1685 392 2159 450 "summos
2182 394 2415 453 NOTAE.

154 487 438 561 ὶύκρατες.
487 490 734 545 Χαλεπὸν
775 489 884 560 γὰρ
930 488 1024 541 καὶ
1052 487 1172 542 λίαν
1196 488 1431 559 ἐργῶδες
1458 491 1524 558 τῇ
1552 487 1728 557 φύσει,
1762 496 1811 550 Α

3314 394 3415 447 ⁸)οΞ

1977 487 2195 542 Ciconia
2224 490 2385 543 etiam
2413 496 2588 557 grata,
2618 491 2913 559 peregrina,
2949 485 3176 554 hospita,

1972 559 2201 613 Pietatis
2230 560 2446 620 cultrix,
2477 558 2773 627 gracilipes,
2799 558 3131 629 glotoristrin

1976 630 2101 683 Acis
2130 630 2285 682 exsul
2316 630 2525 691 hiemis,
2556 638 2663 685 etc.
3046 648 3051 649 '

1830 740 2066 797 Consule
2113 742 2337 796 Adriani
2377 740 2526 795 Junii
2560 741 2891 796 Anintatlrer.
2928 741 3023 795 lib.
3051 757 3125 806 Vl,
3157 756 3279 810 cap.
3327 740 3412 793 13.

1903 833 2061 898 lbid.,
2108 833 2203 887 lin.
2258 834 2349 887 47.
2402 833 2969 901 Τετραυματισμέιηι
3009 831 3137 900 γάρ.
3175 831 3292 897 Qua
3327 845 3400 881 ra-

1828 925 1975 978 tione
2021 925 2126 978 sibi
2178 924 2499 979 medeantur
2536 924 2761 977 ciconia:
2795 940 2916 977 cum
2946 923 3148 976 vulnus
3182 937 3411 991 accepe-

1827 1009 1961 1075 rint,
1990 1009 2265 1076 Elianus,
2292 994 2389 1065 lib.
2424 1028 2479 1078 v,
2518 1026 2642 1081 cap.
2668 1010 2773 1075 £6;
2804 1021 2860 1065 et
2888 1012 3230 1066 Aristotcles.

1898 1101 2057 1167 lbid.,
2086 1102 2181 1155 lin.
2215 1103 2305 1156 ιε.
2350 1104 2491 1157 Ἐὰν
2536 1103 2605 1155 δὲ
2638 1102 2897 1171 γηράσῃ.
2950 1103 3216 1165 Basilius,
3257 1102 3404 1156 hom.

1827 1192 1861 1247 8
1886 1211 1898 1245 :
1945 1194 2170 1245 Ἐκεῖνοι
2194 1194 2284 1245 τὸν
2329 1196 2560 1266 πατέρα,
2590 1197 2697 1248 ὑπὸ
2724 1195 2817 1247 τοῦ
2854 1197 3038 1265 γήρως
3066 1197 3410 1266 πτερορῤυὴ-

1828 1301 2019 1347 σαντα,
2051 1287 2405 1357 περιστάντες
2442 1290 2498 1340 ἐν
2537 1288 2742 1357 κύκλῳ,
2772 1288 2883 1349 τοῖς
2928 1289 3148 1350 οἰκείοις
3190 1290 3409 1359 πτεριῖς

1824 1370 2198 1440 διαθάλπουσι,
2237 1378 2331 1430 καὶ
2376 1378 2474 1441 τὰς
2526 1379 2731 1448 τφφὲς
2778 1378 3025 1447 ἀνρθόνως
3062 1380 3411 1447 παρασκευά-

1826 1466 2031 1537 ζοντες,
2068 1470 2167 1540 τὴν
2208 1470 2435 1540 δυνατὴν
2482 1472 2577 1523 καὶ⁵
2620 1472 2679 1522 ἐν
2725 1474 2789 1541 τῇ
2837 1473 3031 1542 πτήσει
3078 1473 3406 1543 παρέχονται

1828 1558 2099 1629 βοήθειαν,
2132 1562 2315 1633 ἡρέμα
2339 1561 2415 1633 τῷ
2445 1562 2629 1634 πτερῷ
2657 1561 3002 1630 κουφίζοντες
3045 1566 3402 1635 ἑκατέρωθεν.

1824 1652 1936 1706 Καὶ
1984 1652 2127 1705 οὕτω
2159 1654 2315 1706 τοῦτο
2338 1653 2490 1724 παρὰ
2534 1657 2666 1707 πᾶσι
2710 1653 3089 1725 διαϐεϐόηται,
3125 1655 3264 1709 ὥστε
3304 1656 3406 1725 ἤδη

1822 1744 1967 1807 τινὲς
1992 1746 2093 1815 τὴν
2117 1745 2223 1797 τῶν
2266 1746 2715 1819 εὐεργετημάτων
2747 1745 3033 1809 ἀντίδοσιν,
3080 1746 3405 1817 smmis,»

140 1848 273 1890 xtv:
317 1835 697 1905 Ἀριστοτέλης
726 1838 860 1908 φησὶ
896 1837 1077 1906 γῦπας
1118 1838 1288 1910 μύρου
1318 1841 1460 1910 ὀσμῇ
1494 1841 1720 1893 ἀπόλλυ-

1823 1833 1991 1904 γωσιν
2027 1836 2370 1905 ὀνομάζουσι.
2402 1834 2817 1905 Aristophanes,
2846 1836 2903 1889 in
2931 1835 3129 1890 Aribns
3154 1853 3173 1889 :

142 1924 299 1979 σθαι·
342 1925 643 1997 κανθάρους
670 1926 728 1979 δὲ
758 1930 823 1999 τῇ
857 1929 999 1999 ὀσμῇ
1042 1930 1152 1983 τῶν
1196 1932 1383 2000 ῥόδων.
1428 1928 1581 1985 Εἶναι
1615 1932 1721 2002 γὰρ

140 2016 352 2079 τούτοις
385 2018 650 2090 σωτήριον
680 2018 779 2089 τὴν
814 2020 1099 2073 δυσωδίαν.

210 2105 374 2173 lbid.,
400 2109 495 2164 lin.
521 2111 609 2164 41.
650 2110 859 2164 Ἦνίκα
887 2110 955 2164 δέ
977 2128 1170 2181 φασιν
1194 2114 1426 2182 ἄνδρες.
1462 2114 1717 2180 Basilius,

140 2197 289 2254 hom.
318 2200 356 2255 8
382 2219 396 2254 :
429 2201 524 2265 Τίς
550 2204 662 2266 τοῖς
702 2202 836 2272 γυψὶ
864 2204 1329 2273 προαπαγγέλλων
1371 2206 1480 2258 τῶν
1512 2205 1721 2277 ἀνθρώ·

144 2307 259 2343 πων
282 2291 378 2345 τὸν
416 2292 664 2356 θάνατον,
689 2294 819 2347 ὅταν
849 2297 971 2346 κατ’
1005 2295 1248 2368 ἀλλήλων
1282 2298 1720 2369 ἐπιστρατεύσω-

146 2398 268 2447 σιν;
304 2383 464 2446 Ἷδοις
490 2383 601 2455 γὰρ
624 2383 693 2437 ἂν
725 2385 926 2455 μυρίας
965 2386 1163 2454 ἀγέλας
1189 2388 1377 2455 γυπῶν
1409 2391 1521 2451 τοῖς
1561 2406 1722 2459 στρα-

143 2474 388 2538 τοπέδοις
431 2476 850 2547 παρεπομένας,
902 2479 966 2530 ὲκ
1013 2479 1112 2545 τῆς
1161 2480 1268 2533 τῶν
1315 2482 1493 2533 ὃπλων
1545 2500 1723 2551 παρα-

146 2566 342 2635 σκευῆς
394 2568 840 2638 τεκμαιρομένων
890 2569 992 2639 τὴν
1055 2569 1295 2623 ἔκϐασιν.
1359 2570 1503 2627 ldem
1561 2573 1723 2628 habet

146 2654 417 2721 Elianus,
445 2660 539 2713 lib.
586 2676 649 2722 ιι,
685 2662 852 2731 capit.
886 2661 1000 2729 46;
1044 2661 1275 2727 Plinius,
1311 2664 1405 2718 lib.
1454 2681 1506 2726 ι,
1554 2666 1718 2735 capit.

144 2746 220 2802 6:
260 2748 461 2803 Triduo
514 2761 690 2805 autem
733 2762 875 2816 ante,
918 2765 1013 2807 aut
1060 2754 1221 2809 biduo
1264 2758 1441 2810 volare
1478 2775 1587 2821 eos,
1633 2759 1723 2811 ubi

148 2838 403 2895 cadauera
430 2843 614 2911 futura
639 2854 782 2898 sunt.
816 2844 884 2899 Et
912 2846 1139 2902 Plautus
1162 2848 1218 2901 in
1252 2847 1569 2903 Truculento
1598 2866 1615 2901 :

150 2953 293 3029 [llud
312 2966 431 3011 est:
466 2958 579 3029 uide
609 2968 667 3011 ut
696 2960 806 3020 iant
831 2962 988 3029 quasi
1016 2962 1250 3024 volturii,
1276 2964 1451 3015 triduo

148 3025 305 3080 Prius
332 3027 687 3095 pradivinant
713 3047 814 3099 quo
840 3025 925 3084 die
951 3034 1095 3085 esuri
1117 3034 1271 3085 sient.

1904 1946 2054 1996 Ἀλλ’
2078 1944 2252 1997 ἔστιν
2274 1945 2418 2012 ἡμῖν
2446 1944 2639 1997 τοῖσιν
2660 1944 2895 2011 ὄρνισιν
2920 1945 3104 2012 νόμος

1891 2014 2175 2079 Παλαιὸς,
2206 2016 2275 2067 ἐν
2296 2014 2418 2079 τοῖς
2454 2013 2573 2066 τῶν
2596 2014 2912 2082 πελαργῶν
2939 2017 3224 2081 κύρϐεσιν
3243 2032 3257 2047 ⁸

1904 2084 2086 2149 Ἐπὶιν
2105 2087 2138 2136 ό
2164 2084 2359 2150 πατὴρ
2384 2088 2418 2137 ό
2441 2085 2738 2151 πελαργὸς
2762 2085 3204 2152 ἐκπετησίμους

1891 2153 2129 2218 Πάντας
2152 2153 2377 2221 ποιῆσῃ
2410 2155 2551 2217 τοὺς
2581 2154 2959 2220 πελαργιδεῖς
2988 2155 3241 2223 τρέφων,

1890 2224 1989 2276 Δεῖ
2013 2224 2151 2289 τοὺς
2171 2224 2449 2289 νεοττοὺς
2473 2224 2579 2279 τὸν
2606 2223 2831 2291 πατέρα
2862 2224 3050 2277 πάλιν
3071 2225 3325 2294 τρέφειν.

1822 2334 2076 2390 Ciconias
2122 2335 2355 2403 juvenes
2425 2334 2541 2404 jam
2596 2336 3007 2391 senescentibus
3077 2339 3401 2406 parentibus

1823 2442 1980 2497 apem
2012 2426 2154 2481 ferre
2179 2440 2384 2495 eosque
2406 2426 2642 2481 educare
2686 2428 2857 2480 tradit
2894 2426 3069 2491 Plato,
3116 2428 3398 2484 Alcibiade

1822 2520 1991 2587 primo
2015 2516 2155 2571 κατὰ
2182 2518 2242 2569 τὸ
2284 2517 2467 2579 τέλος·
2502 2517 2824 2572 Aristoteles
2854 2517 3134 2573 Dehistor.
3171 2522 3397 2574 animal.

1824 2610 1916 2664 lib.
1949 2623 2165 2679 ix,cap.
2196 2609 2295 2673 l5;
2328 2606 2603 2672 Ailianus,
2626 2609 2720 2663 lib.
2747 2624 2975 2680 m,cap.
3008 2610 3101 2677 23,
3130 2619 3185 2667 et
3210 2613 3307 2667 lib.
3340 2630 3397 2677 τ,

1822 2717 1946 2771 cap.
1979 2701 2080 2767 16;
2109 2700 2511 2765 Artemidorus,
2554 2700 2853 2756 Onerorrit.
2898 2704 2995 2758 lib.
3028 2720 3089 2769 ιι,
3136 2721 3257 2775 cap.
3294 2705 3399 2774 20;

1823 2790 2054 2855 Plinius,
2090 2790 2185 2844 lib.
2242 2807 2296 2851 ι,
2332 2806 2455 2861 cap.
2491 2792 2595 2855 23;
2646 2791 2847 2857 llorus,
2888 2794 2984 2849 lib.
3031 2810 3093 2861 ιι,
3128 2811 3249 2866 cap.
3290 2799 3396 2864 5|;

1823 2881 2000 2947 Philo,
2038 2884 2092 2936 iu
2146 2881 2486 2950 Expositione
2533 2884 2816 2954 Decalogi;
2864 2885 3150 2957 Origenes,
3210 2899 3399 2943 contra

1825 2971 2059 3035 Celsum,
2084 2973 2176 3027 lib.
2200 2990 2252 3027 ιν
2274 2992 2289 3039 ;
2308 2973 2696 3039 Philostratus,
2721 2977 2793 3030 De
2816 2979 2908 3032 vit.
2948 2979 3219 3047 Apollonii
3250 2981 3394 3052 Tya-

1826 3063 1928 3126 nei,
1955 3078 2076 3133 pag.
2116 3062 2216 3129 l9;
2251 3064 2484 3118 Basilius
2508 3065 2757 3135 Magnus,
2790 3076 2930 3121 orat.
2968 3070 3035 3123 de
3059 3070 3265 3125 honore
3286 3086 3397 3141 quo

333 3139 501 3194 etiam
561 3138 733 3197 lberis
785 3141 1033 3197 vultures
1081 3142 1232 3199 luere
1286 3146 1524 3216 sepulcri
1578 3149 1717 3204 loco.
1750 3171 1792 3225 ρ
1826 3163 1956 3207 sunt
1996 3135 3394 3232 alliciendiparentes;Epiplianius,inPhysiolopo,

215 3334 445 3414 tellure,
470 3346 527 3391 ut
549 3339 853 3414 perhibent,
878 3341 924 3395 is
954 3358 1068 3396 mos
1103 3346 1352 3414 antiquus
1386 3346 1546 3400 lbera

216 3404 479 3462 Eunima
509 3404 760 3463 oliscenus
790 3404 1052 3465 consumit
1086 3404 1309 3483 corpora
1337 3418 1534 3471 vultur.

211 3517 368 3586 lbid.,
399 3522 500 3576 lin.
530 3522 622 3576 44.
649 3524 715 3577 οι
737 3522 806 3576 δὲ
835 3526 1140 3595 πελαργοί.
1175 3525 1430 3593 Basilius,
1464 3528 1611 3583 hom.
1637 3530 1669 3585 8
1702 3551 1714 3586 :

149 3610 219 3666 Τδ
242 3613 297 3667 δὲ
318 3614 429 3668 τῶν
459 3615 747 3687 πελαργῶν
774 3616 895 3669 οὐδὲ
940 3617 1131 3688 πόρρω
1182 3620 1298 3671 ἐστὶ
1344 3620 1609 3685 συνέσεως
1635 3623 1720 3675 λο-

154 3703 326 3776 γικῆς,
354 3705 500 3760 οὕτω
539 3708 637 3777 μὲν
659 3707 799 3762 κατά
826 3708 917 3761 τὸν
942 3707 1037 3763 ἕνα
1074 3710 1264 3781 καιρὸν
1296 3712 1504 3775 πάντας
1534 3715 1721 3786 ἐπιδη-

151 3798 264 3866 μιῐν
292 3800 403 3862 τοῖς
444 3799 574 3870 τῇδε
622 3800 863 3871 χωρίοις,
889 3800 1032 3853 οὕτω
1070 3802 1129 3855 δὲ
1164 3804 1253 3871 ὑφ’
1296 3804 1378 3856 ἑνὶ
1419 3805 1719 3877 συνθήματι

149 3888 345 3955 πάντας
390 3890 665 3963 ἀπαίρειν.
727 3891 1091 3964 Δορυφοροῦσι
1146 3894 1203 3947 δὲ
1246 3895 1443 3959 αὐτοὺς
1486 3898 1541 3949 αἱ
1594 3902 1720 3968 παρ’

150 3982 272 4053 ἡμῖν
307 3985 545 4056 κορῶναι
582 3986 677 4038 καὶ
702 3986 1185 4057 παραπέμπουσιν,
1218 3988 1568 4058 ἐμοὶδοκεῖν,
1628 3991 1722 4043 καὶ

152 4076 458 4148 συμμαχίαν
503 4078 627 4131 τινὰ
684 4079 1053 4151 παρεχόμεναι
1104 4079 1241 4153 πρὸς
1288 4080 1509 4153 ὄρνιθας
1565 4085 1724 4136 πολε-

152 4165 318 4236 μίους.
345 4168 578 4239 Σημεῖον
602 4168 659 4221 δὲ
691 4168 904 4241 πρῶτον
952 4171 1049 4241 μὲν
1081 4170 1144 4223 τὸ
1192 4171 1266 4241 μὴ
1304 4172 1587 4239 φαίνεσθαι
1618 4174 1722 4227 ὑπὸ

147 4257 233 4310 τὸν
268 4259 453 4331 καιρὸν
495 4262 701 4315 ἐκεῖνον
736 4262 983 4337 κορώνην
1014 4259 1393 4316 παντάπασιν·
1434 4263 1603 4317 ἔπειθ’
1639 4266 1721 4318 ὅτι

153 4350 282 4417 μετὰ
322 4353 651 4423 τραυμάτων
704 4352 1130 4424 ἐπανερχόμεναι
1184 4354 1391 4423 ἐναργῆ
1444 4355 1537 4408 τοῦ
1598 4374 1721 4409 συν-

150 4444 412 4515 ασπισμοῦ
444 4445 541 4498 καὶ
572 4446 671 4515 τῆς
717 4445 1015 4517 ἐπιμαχίας
1051 4446 1122 4499 τὰ
1171 4450 1373 4516 σημεῖα
1412 4446 1713 4517 κομίζουσι.

1823 3262 1944 3315 cap.
1968 3246 2058 3299 25.
2084 3244 2221 3300 llinc
2238 3255 2424 3300 natum
2448 3248 2791 3316 proverbium
2810 3251 3247 3323 ἀντιπελαργεῖν,
3276 3270 3398 3307 mu-

1823 3343 1972 3388 tuam
1995 3334 2156 3389 cilicii
2188 3336 2359 3391 vicem
2393 3336 2714 3407 rependere.
2754 3338 3051 3403 Zenobius,
3104 3342 3394 3407 Erasmus,

1820 3424 2201 3490 Arisuenctus,
2244 3428 2338 3481 lib.
2366 3443 2405 3492 ι,
2437 3428 2600 3496 epist.
2636 3429 2729 3491 25,
2753 3431 2818 3481 Τί
2849 3431 2905 3483 δὲ
2933 3434 3034 3485 οὐκ
3055 3434 3276 3503 ἔμελλον
3306 3436 3399 3505 ζὴ-

1820 3516 1919 3588 λην
1953 3519 2077 3588 ἐμοὶ
2099 3518 2387 3591 καθορῶσα
2403 3521 2501 3590 τὴν
2534 3521 2683 3592 ἐμὴν.
2699 3522 2953 3593 ἀδελφὴν,
2980 3525 3049 3594 ἥν
3067 3529 3187 3589 ταῖς
3232 3529 3393 3596 ἐμαῖς

1821 3612 2112 3680 ἀνέτρεφον
2138 3611 2407 3678 ἀγκάλαις
2434 3629 2449 3677 ;
2479 3614 2714 3669 Τοιαῦτά
2738 3634 2827 3685 μοι
2858 3618 3163 3688 παράὑτῆς
3188 3621 3258 3673 τὰ
3271 3638 3396 3691 τρο-

1821 3703 2122 3772 φεῖα,οὖτω
2150 3722 2217 3774 με
2239 3702 2335 3757 νῦν
2366 3706 2833 3778 ἀντιπελαργοῦσα
2856 3709 3072 3762 δικαίαν
3100 3712 3395 3766 ἀποδίδωσι

1820 3796 1996 3867 χάριν.
2024 3796 2088 3849 Et
2114 3798 2308 3852 Crates
2340 3800 2565 3869 cynicus
2598 3801 2848 3857 scribens
2882 3802 3226 3873 llipparchia:
3258 3821 3395 3860 uxo-

1820 3891 1963 3944 ride
1994 3889 2103 3944 lilio
2136 3898 2286 3953 nato,
2343 3892 2633 3959 pollicetur
2687 3894 2792 3947 sibi
2850 3910 2996 3949 curae
3027 3895 3294 3961 futurum,
3334 3908 3395 3954 ut

1822 3981 1976 4035 illum
1999 3983 2160 4034 matri
2188 3982 2454 4037 ciconiam
2484 3999 2584 4053 pro
2604 4000 2739 4039 cane
2773 3989 3016 4041 remittat
3047 3991 3101 4042 in
3141 4000 3389 4047 senecta.

1821 4071 2001 4126 llorus
2048 4071 2316 4126 ciconiam
2349 4073 2519 4128 solam
2563 4090 2629 4130 ex
2656 4077 3025 4133 animantibus
3058 4080 3265 4135 ratione
3293 4097 3391 4135 ca-

1820 4162 2071 4217 rentibus
2107 4163 2396 4217 educatam
2436 4179 2465 4217 a
2507 4166 2825 4234 parentibus
2858 4167 3050 4222 iisdem
3077 4185 3261 4239 parem
3298 4188 3388 4226 rc-

1822 4252 1963 4307 l'erre
1979 4254 2206 4323 gratiam
2229 4253 2381 4307 dicit.
2401 4254 2747 4321 Aristoteles,
2771 4257 3000 4323 Plinius,
3023 4260 3117 4313 lib.
3142 4276 3195 4323 ι,
3217 4277 3267 4315 c.
3284 4262 3387 4323 30;

1821 4345 2093 4410 Elianus,
2124 4361 2179 4399 ix
2210 4345 2287 4399 De
2328 4346 2516 4400 histor.
2582 4348 2772 4414 anim.,
2826 4365 2949 4420 cap.
2998 4352 3102 4419 50;
3141 4353 3392 4423 Meropas

1822 4437 1963 4492 idem
2011 4436 2191 4491 facere
2250 4438 2518 4493 scribunt.
2564 4437 2828 4509 Scaliger,
2864 4440 3159 4496 Exercitat.
3204 4455 3390 4499 contra

148 4526 368 4597 Plinius,
399 4534 495 4588 lib.
524 4549 580 4596 ι,
612 4548 731 4602 cap.
762 4534 825 4588 3i
866 4553 879 4587 :
915 4533 1145 4588 Ciconia:
1175 4551 1401 4604 quonam
1428 4552 1455 4589 e
1491 4536 1603 4591 loco
1634 4554 1717 4590 ve-

1820 4529 2146 4593 Cardanum,
2209 4531 2301 4593 ‘25,
2374 4533 2440 4594 ὁ,
2494 4530 2664 4586 relert
2719 4532 3037 4589 Africanum
3112 4538 3389 4592 vulturem

150 4617 311 4684 niant,
348 4630 437 4673 aut
475 4636 579 4690 quo
625 4637 680 4674 se
704 4621 979 4690 conferant
1007 4624 1384 4692 incompertum
1411 4624 1581 4678 adhuc
1613 4636 1709 4679 est.

153 4704 198 4759 Ε
234 4708 513 4781 longinquo
542 4713 712 4766 venire
744 4728 847 4767 non
887 4714 1126 4780 dubium,
1181 4714 1360 4769 eodem
1405 4734 1506 4787 quo
1556 4734 1713 4786 grues

152 4802 334 4856 modo:
361 4803 487 4859 i'las
525 4805 745 4869 hiemis,
793 4804 889 4859 has
933 4808 1135 4861 (astatis
1178 4799 1426 4861 adven-as.
1475 4809 1714 4863 Abitura:

154 4907 520 4966 congregantur
570 4898 624 4950 in
670 4897 782 4950 loco
847 4908 1026 4965 certo,
1088 4900 1451 4967 comitatwque
1504 4902 1601 4964 sic,
1654 4912 1714 4954 ut

154 4985 291 5039 nulla
330 4991 412 5041 sui
452 4991 654 5059 generis
683 4990 1042 5059 relinquatur,
1086 4994 1190 5046 nisi
1224 4995 1429 5061 captiva
1464 5002 1513 5046 et
1540 5011 1709 5059 serva,

155 5091 241 5128 ceu
255 5076 360 5147 lege
395 5081 650 5147 prwdicta
671 5079 755 5133 die
783 5081 1048 5135 recedunt.
1066 5088 1232 5137 Nemo
1250 5087 1378 5138 vidit
1398 5102 1581 5155 agmen
1596 5088 1711 5140 dis-

155 5167 427 5224 cedentium
450 5189 567 5225 cum
589 5172 943 5227 discessurum
978 5187 1271 5245 appareat:
1293 5194 1383 5230 nec
1401 5180 1589 5240 venire,
1622 5178 1713 5232 sed

156 5259 339 5314 uenisse
384 5265 682 5327 cernimus;
726 5275 1004 5335 utrumque
1056 5269 1323 5321 nocturnis
1364 5269 1425 5336 ﬁt
1472 5271 1712 5335 tempori—

157 5347 263 5403 bus.
294 5350 357 5405 Et
404 5356 637 5424 quamvis
681 5356 824 5409 ultra
874 5359 1068 5412 citrare
1106 5361 1400 5428 pervolent,
1448 5376 1711 5429 nunquam

159 5451 321 5498 tamen
372 5450 639 5503 advenisse
690 5465 913 5517 usquam
962 5452 1067 5504 nisi
1116 5462 1268 5505 noctu
1316 5454 1708 5506 existimantur.

159 5526 393 5591 Pithonos
440 5556 622 5593 comen
674 5548 858 5592 vocant
890 5540 945 5591 in
982 5542 1114 5593 Asia
1158 5542 1454 5609 patentibus
1488 5542 1710 5609 campis,

159 5620 238 5674 ubi
260 5641 577 5701 congregata:
607 5633 741 5685 inter
760 5648 816 5685 se
848 5642 1321 5695 commurmurant,
1354 5650 1570 5703 eamque
1597 5649 1713 5703 qua:

161 5719 429 5777 nouissima
460 5728 671 5781 advenit
697 5727 949 5786 lacerant,
983 5735 1137 5795 atque
1162 5728 1238 5780 ita
1268 5726 1477 5781 abeunt.
1520 5726 1709 5783 Petro-

164 5806 275 5865 nius
305 5813 516 5874 Arbiter
545 5820 630 5875 his
668 5819 919 5890 epithetis
954 5818 1027 5871 ita
1057 5833 1179 5874 eam
1207 5820 1462 5875 honestat
1492 5838 1503 5873 :

1817 4623 2001 4677 tandiu
2037 4625 2093 4677 in
2143 4623 2311 4693 Libya
2348 4634 2401 4677 et
2441 4623 2664 4677 Atlante
2719 4634 2903 4680 monte
2945 4626 3035 4680 ubi
3079 4641 3204 4681 eum
3248 4626 3389 4683 Sner

1814 4725 2035 4781 vocant,
2084 4718 2283 4781 vivere,
2320 4718 2500 4785 quoad
2540 4718 2720 4772 nudus
2771 4720 3019 4788 pennisa
3045 4720 3163 4774 suis
3210 4722 3391 4775 alatur

1815 4809 2001 4879 pullis.
2034 4807 2171 4863 llinc
2203 4810 2536 4879 lepidissime
2565 4811 2783 4879 joeatur
2831 4812 2887 4865 in
2925 4810 3166 4875 Graecos,
3225 4815 3387 4882 quasi

1814 4915 1879 4954 ex
1900 4900 2023 4959 hac,
2048 4915 2209 4968 quam
2238 4900 2352 4969 ipse
2384 4908 2542 4955 vocat
2576 4916 2771 4954 novam
2806 4901 3093 4957 historiam
3123 4918 3224 4957 nec
3255 4918 3390 4957 con-

1815 4990 2183 5053 temnendam,
2218 4991 2525 5060 tingendum
2552 4994 2623 5046 sit
2668 4993 2736 5047 iis
2766 4992 2912 5045 aliud
2960 5008 3178 5056 nomen,
3222 5011 3389 5062 quam

1815 5082 2247 5150 ἀντιπελαργεῖν,
2274 5098 2470 5151 nempe
2495 5084 2822 5135 ἀντοιωνεῖν.
2853 5081 2978 5135 Ilico
3000 5092 3179 5137 tamen
3201 5090 3387 5137 tantus

1814 5172 2001 5235 homo,
2043 5171 2244 5227 Grzecae
2277 5174 2475 5243 lingua:
2504 5172 2817 5242 Latinaeque
2867 5184 3147 5228 corrector
3172 5184 3227 5228 et
3262 5190 3392 5244 pro-

1814 5273 2041 5333 pagator
2089 5264 2457 5335 ἀπορροι66εῖ,
2506 5267 2600 5317 καὶ
2653 5266 2831 5329 τοίους
2864 5268 2928 5317 ἐκ
2969 5264 3218 5335 τρίποδος
3242 5264 3387 5334 βὸἐει

1814 5356 2162 5421 λιϐανωτούς,
2190 5365 2245 5410 et
2269 5358 2373 5411 sibi
2410 5358 2548 5413 bene
2574 5360 2722 5413 olere
2747 5360 2981 5413 videtur.
3000 5357 3209 5413 Nomen
3236 5360 3388 5412 Grae-

1816 5448 1895 5502 cis
1925 5446 2286 5517 ellingendum
2322 5465 2350 5503 a
2382 5452 2595 5505 vulture
2627 5452 2840 5506 desumi
2872 5452 3050 5515 debet,
3081 5452 3239 5520 cujus
3286 5465 3385 5503 na-

1816 5548 1937 5594 tura
1979 5541 2364 5611 ingeniumque
2427 5547 2864 5613 exprimendum,
2921 5560 3029 5599 non
3062 5545 3133 5599 ab
3168 5545 3383 5609 avibus,

1814 5650 2047 5702 quorum
2078 5636 2324 5704 plerique
2368 5636 2423 5688 in
2454 5646 2706 5705 parentes
2744 5638 2895 5707 impii
2927 5652 3050 5692 esse
3078 5636 3385 5706 deprehen-

1815 5724 2039 5779 duntur.
2065 5727 2201 5781 Cum
2226 5730 2369 5781 enim
2393 5730 2718 5783 sententiam
2747 5730 2889 5783 hanc
2909 5745 3021 5798 pra:
3044 5744 3102 5783 se
3132 5727 3275 5783 ferre
3290 5728 3387 5781 de-
3444 5720 3445 5723 “

1816 5822 1961 5884 heat,
1984 5821 2133 5876 vices
2158 5821 2407 5876 videlicet
2435 5822 2681 5878 beneﬁcii
2715 5821 3032 5893 rependere,
3061 5821 3207 5893 quod
3239 5822 3388 5877 aliti-
