4042 6338
651 311 758 365 903

1992 297 2238 355 LLOle
2273 296 2549 354 ALLATlI

656 419 759 475 bus
789 418 1044 473 omnibus
1075 432 1184 472 non
1223 416 1503 481 convenit,
1556 431 1667 470 non
1695 415 1763 469 ab
1791 415 1923 479 illis,
1961 412 2055 469 sed
2087 421 2140 464 a‘
2153 425 2230 472 re,
2262 411 2305 467 Α
2334 419 2577 479 pretatus
2606 420 2690 468 est
2718 414 2882 470 verba
2911 415 3100 474 Greca
3127 417 3394 493 Georgius
3420 421 3603 478 Dousa
3638 424 3699 479 in
3729 423 3898 483 Geor-

654 511 724 566 dc
750 527 856 582 qua
876 510 928 563 id
961 509 1104 580 quod
1143 524 1238 578 per
1269 523 1468 562 nomen
1499 508 1806 578 explicatur
1832 505 2060 566 dicitur,
2095 511 2146 556 at
2167 500 2233 554 de

656 605 870 658 vulture
912 603 962 656 id
993 610 1206 655 tantum
1261 615 1450 655 verum
1485 616 1640 667 esse;
1685 597 1962 670 quomodo
1989 610 2120 665 ergo
2148 595 2235 646 ἀν-

655 697 895 755 τοιωνετν
919 693 971 749 id
1002 696 1322 765 explicaret.
1373 692 1477 749 Sed
1531 693 1812 763 Scaligero
1845 691 1988 746 sicut
2035 696 2230 742 sonant

655 788 862 848 omnia,
891 787 965 840 ita
997 787 1210 852 ethoc;
1255 796 1308 841 et
1344 784 1588 855 Scaliger
1623 785 1697 838 ita
1749 781 1970 851 ellingit.
2010 777 2234 833 Graecus

656 894 767 933 non
799 879 950 940 item,
972 877 1088 947 qui,
1116 879 1162 933 si
1190 892 1220 930 a
1254 879 1471 931 vulture
1495 876 1548 929 id
1577 876 1736 929 vellet
1763 873 2018 937 formare,
2045 870 2234 939 utique

657 985 758 1024 nec
787 971 1091 1038 incongrue
1137 969 1346 1023 diceret
1401 967 1796 1036 ἀντιγυπίζειν,
1861 973 1918 1020 ιιι
1981 973 2231 1018 naturam

656 1059 799 1114 hanc
819 1060 1056 1114 vulturis
1077 1059 1428 1128 exprimeret,
1465 1059 1609 1112 sicut
1627 1056 1694 1111 ad
1722 1058 1948 1112 ciconia:
1980 1064 2231 1108 naturam

655 1143 1064 1214 exprimendam
1111 1143 1525 1214 ἀντιπελαργεῖν
1566 1142 1834 1197 vocabulo
1861 1156 1996 1196 usus
2027 1138 2228 1192 fuerat.

654 1233 736 1288 En
767 1232 1042 1288 Graeculos
1062 1234 1444 1304 sciolos,quos
1468 1244 1526 1288 tu
1558 1234 1697 1288 male
1729 1242 1922 1288 contra
1957 1231 2038 1283 las
2061 1242 2226 1282 omne

655 1326 865 1382 laceras
894 1327 1138 1395 iniquus,
1195 1333 1316 1379 utut
1340 1333 1488 1388 sunt,
1517 1334 1639 1380 tuas
1663 1336 1843 1379 tamen
1866 1329 2228 1394 cognoscunt,

651 1428 711 1476 et
765 1421 1037 1484 inscitias,
1070 1429 1126 1476 et
1175 1428 1544 1488 nugamenta:
1576 1420 1698 1474 aliis
1734 1418 1942 1471 fumum
1974 1414 2227 1479 vendita;

651 1511 733 1567 illi
758 1513 932 1567 lucem
961 1510 1265 1582 possident.

725 1602 894 1675 ὦσι-ο
928 1603 1033 1659 fert
1063 1606 1308 1657 calamus
1351 1603 1687 1656 ciconiarum
1717 1603 1771 1655 in
1813 1602 2104 1673 Byzantios
2137 1605 2231 1659 be-

657 1695 836 1750 neﬁcii
879 1710 987 1749 non
1040 1693 1409 1754 comminisci.
1447 1709 1677 1762 quarum
1727 1709 1827 1762 0pc
1876 1695 2069 1750 civitas
2133 1697 2222 1751 illa

653 1800 852 1840 noxam
888 1792 1203 1854 serpentum
1241 1782 1470 1853 depulit.
1519 1782 1705 1838 Dinmo
1740 1800 1975 1855 namque
2025 1785 2232 1858 Byzan-

653 1878 857 1932 tiorum
890 1877 1030 1930 duce
1069 1875 1287 1946 plurimi
1321 1875 1588 1931 dracones
1617 1876 1760 1928 illam
1794 1877 2143 1940 infestabant,
2178 1890 2230 1933 et

652 1970 948 2042 perniciem
979 1969 1192 2022 civibus
1221 1966 1545 2032 aﬂ‘erebant;
1574 1983 1668 2023 eos
1700 1968 2045 2022 inductarum
2081 1970 2230 2024 cico-

652 2060 868 2113 niarum
904 2072 1004 2128 ope
1029 2055 1391 2111 sustulerunt.
1418 2053 1608 2108 Postea
1637 2069 1760 2107 cum
1793 2055 2020 2108 ciconiae
2052 2057 2229 2109 noxiae

651 2155 837 2204 essent
867 2147 1077 2200 civibus
1133 2143 1428 2213 multisque
1463 2152 1691 2198 mortem
1746 2143 2026 2207 afferrent,
2081 2146 2226 2214 quod

651 2247 934 2309 serpentes
972 2239 1024 2292 in
1051 2246 1244 2307 puteos
1270 2235 1579 2304 injicerent,
1599 2236 1786 2305 sicque
1817 2250 1987 2304 aquas
2012 2235 2230 2291 infesta-

651 2339 796 2392 rent.
848 2331 928 2384 vel
954 2327 1098 2399 quod
1131 2328 1184 2382 in
1216 2328 1364 2382 cives
1393 2327 1445 2379 in
1475 2326 1652 2381 triviis
1683 2326 1961 2396 insperato
1990 2327 2224 2396 projice-

650 2429 792 2486 rent,
826 2423 1027 2492 populo
1056 2427 1199 2472 metu
1220 2419 1406 2478 anxio.
1428 2425 1482 2472 et
1514 2419 1730 2472 concilii
1768 2418 1916 2487 inopi
1952 2435 2109 2488 opem
2136 2427 2225 2472 tu-

650 2514 711 2567 lit
739 2511 990 2583 Tyaneus
1019 2510 1339 2579 Apollonius
1369 2509 1543 2562 tribus
1571 2507 1800 2563 ciconiis
1821 2523 1851 2562 e
1876 2508 2051 2576 lapide
2083 2509 2224 2563 inter

650 2619 709 2660 se
739 2603 990 2659 obversis
1037 2601 1258 2664 erectis,
1291 2615 1412 2670 qua:
1452 2598 1708 2669 deinceps
1745 2599 1866 2654 aliis
1896 2601 2123 2654 ciconiis
2157 2616 2223 2654 ne

650 2695 841 2749 urbem
876 2692 1236 2747 ascendereut
1269 2699 1425 2746 erant
1468 2691 1878 2760 impedimento.
1933 2690 2108 2759 llujus
2139 2693 2222 2746 hi-

651 2787 835 2841 storia:
864 2792 1054 2838 auctor
1087 2792 1170 2837 est
1197 2781 1499 2852 Hesychius
1532 2781 1776 2836 Milesius
1809 2783 1988 2836 libello
2022 2783 2095 2836 De
2138 2799 2222 2835 re-

651 2879 746 2931 bus
769 2878 958 2945 patriis
1003 2874 1630 2941 Constantinopolitanis.
1661 2872 1835 2928 Verba
1886 2875 2005 2942 ejus
2040 2885 2169 2928 sunt
2202 2891 2216 2928 :

650 2967 860 3038 Μικρὸν
892 2967 990 3036 μὲν
1034 2965 1260 3034 ὕστερον
1305 2963 1514 3025 διαϐὰς,
1554 2962 1772 3017 Dinzeus
1808 2980 2023 3032 nempe.
2052 2965 2108 3014 ὲν
2151 2965 2217 3034 τῇ

650 3059 827 3122 πόλει,
852 3058 945 3110 καὶ
968 3058 1094 3118 τοὺς
1115 3053 1422 3126 βαρϐάρους
1450 3055 1829 3124 ἀπωσάμενος,
1848 3055 2007 3116 αὐτὸς
2025 3057 2218 3125 ὲστρα-
2250 3089 2292 3147 C

648 3152 857 3220 τήγησε
887 3149 982 3201 τοῦ
1015 3149 1186 3218 δήμου
1220 3146 1325 3199 τῶν
1365 3146 1687 3210 Βυζαντίων.
1729 3145 1863 3198 Καθ’
1892 3145 1984 3208 οὓς
2010 3146 2073 3216 δὴ
2102 3146 2224 3217 χρό-

649 3259 774 3303 νους
808 3241 901 3293 καὶ
925 3240 1236 3310 δρακόντων
1262 3238 1488 3289 πλεῖστα
1510 3237 1641 3305 γένη
1676 3238 1999 3306 ἐπεφοίτησε
2022 3240 2086 3306 τῇ
2122 3239 2220 3288 πό-

647 3333 752 3396 λει,
785 3331 860 3395 ὼς
881 3333 1006 3394 τοὺς
1035 3330 1316 3392 οἰκοῦντας
1345 3329 1512 3388 αὐτὴν
1538 3329 1941 3399 διαφθείρεσθαι
1977 3345 1990 3358 ⁸
2039 3328 2131 3393 οὓς
2157 3329 2221 3398 δὴ

649 3423 716 3491 τῇ
749 3418 858 3471 τῶν
891 3419 1238 3488 καλουμένων
1271 3419 1560 3489 πελαργῶν
1587 3418 1815 3489 ὀρνίθων
1858 3420 2098 3489 ὲπιφορᾷ
2145 3420 2224 3471 δι-

647 3514 972 3582 εχρήσαντο,
1008 3510 1358 3573 Ποσειδῶνος,
1387 3510 1462 3572 ὣς
1481 3528 1630 3579 φασι,
1667 3513 2114 3582 συνεργήσαντος.
2145 3514 2219 3564 Οὐ

651 3603 791 3672 μετὰ
827 3601 960 3654 πολὺ
986 3601 1042 3653 δὲ
1073 3603 1166 3654 καὶ
1199 3601 1306 3654 τῶν
1336 3600 1564 3672 ὀρνίθων
1599 3603 1781 3664 αὐτοῖς
1828 3602 2046 3655 ἐναντία
2090 3619 2221 3672 φρο-

647 3695 904 3758 νούντων,
959 3697 1054 3748 καὶ
1108 3695 1356 3748 θανάτων
1407 3698 1586 3749 αἰτίαν
1617 3696 1950 3764 ἐπαγόντων,
1985 3695 2111 3758 τούς
2161 3712 2218 3747 τε

648 3786 1040 3857 ἁλισκομένους
1067 3788 1250 3850 αὐτοῖς
1269 3787 1420 3856 δφεις
1450 3787 1585 3856 πρὸς
1606 3787 1700 3849 τὰς
1719 3788 1824 3839 τῶν
1848 3787 2052 3841 ὑδάτων
2068 3787 2220 3851 δεξα-

649 3880 818 3950 μενὰς
869 3878 1278 3943 ἀκοντιζόντων,
1330 3881 1422 3930 καὶ
1480 3881 1590 3940 τοῖς
1616 3895 1677 3945 γε
1717 3879 1960 3940 πολίταις
2002 3878 2217 3947 ἀφανῶς

645 3971 1066 4032 ἐπιϐαλλόντων,
1093 3971 1150 4022 ἐν
1173 3971 1382 4040 ἀφασίᾳ.
1409 3970 1692 4022 διετέλουν.
1739 3970 1901 4039 ’Λνὴρ
1926 3970 1982 4022 δέ
2011 3985 2093 4032 τις
2116 3972 2219 4022 τῶν

647 4062 712 4113 ὲκ
724 4062 966 4124 Τυὰνων,
983 4058 1219 4129 τοῦνομα
1235 4059 1606 4122 Ἀπολλώνιος,
1627 4061 1688 4112 ἐκ
1705 4059 1849 4111 λίθου
1869 4059 2052 4124 ξεστοῦ
2075 4063 2219 4129 τρεῖς

647 4155 980 4221 ἀνεστήσατο
1009 4152 1311 4221 πελαργοὺς
1334 4150 1761 4223 ἁντιπροσὼπως
1784 4151 2031 4221 ἀλλήλοις
2050 4151 2218 4219 ὁρῶν-

649 4262 768 4307 τας,
804 4245 852 4296 οἳ
886 4245 979 4296 καὶ
1011 4243 1170 4312 μέχρι
1205 4242 1311 4294 τῶν
1344 4242 1438 4294 νῦν
1479 4241 1792 4311 διαμένουσι
1842 4242 1952 4294 τῶν
1988 4243 2212 4311 χρόνων,

647 4334 708 4385 οὐ
741 4332 1146 4403 συγχωροῦντες
1194 4332 1536 4400 ὲπιφοιτῆσαι
1593 4333 1658 4400 τῇ
1706 4331 1854 4381 πόλει
1892 4332 1952 4382 τὸ
1982 4330 2090 4382 τῶν
2131 4347 2219 4382 πε-

2336 499 2409 568 gii
2435 499 2627 556 Cadini
2655 504 2838 560 libello
2861 507 2940 562 De
2967 511 3119 565 rebus
3139 515 3331 582 patriis
3349 512 3893 585 Constantinopoleos.

2334 605 2459 644 cum
2490 593 2565 646 ita
2587 596 2868 666 scripserit
2893 616 2906 653 :
2942 599 3066 655 Non
3096 604 3246 674 longe
3272 615 3410 672 post,
3439 621 3556 659 cum
3590 622 3713 661 ares
3739 609 3896 663 iniuri-

2334 698 2452 735 cum
2480 688 2716 739 animum
2740 688 3056 756 induissent,
3079 705 3301 749 mortem
3330 697 3542 765 insuper
3553 698 3832 766 inferrent,
3856 712 3898 754 et

2335 782 2597 841 serpentes
2631 776 2685 828 in
2720 793 2859 846 aqua
2901 792 3082 849 captos
3115 783 3170 836 in
3196 786 3335 838 uiam
3379 785 3649 854 publicam
3677 789 3896 858 projice-

2333 871 2468 923 rent,
2505 865 2641 917 cives
2665 873 2878 933 stupore
2894 869 3135 934 perculsi
3161 880 3334 926 erant.

2403 951 2565 1019 lbid.,
2597 953 2695 1008 lin.
2715 956 2802 1012 54.
2850 961 2919 1012 Al
2960 958 3029 1013 δὲ
3063 959 3300 1031 γέρανοι
3327 963 3475 1032 ὁμοῦ
3507 963 3723 1021 πᾶσαι.
3766 965 3904 1024 Busi-

2334 1045 2462 1112 lius,
2510 1047 2655 1101 hom.
2692 1048 2756 1104 8:
2790 1051 2914 1115 Πῶς
2952 1053 3052 1124 μὲν
3084 1056 3141 1108 αἱ
3175 1055 3396 1127 γέρανοι
3423 1059 3524 1123 τὰς
3553 1063 3615 1114 ὲν
3652 1066 3727 1134 τῇ
3759 1066 3903 1118 νυκτὶ

2334 1138 2579 1207 φυλακὰς
2629 1143 2693 1194 ὲκ
2746 1145 3080 1215 περιτροπῆς
3121 1147 3500 1218 ὑποδέχονταιε
3553 1153 3651 1206 καὶ
3702 1155 3764 1209 αἱ
3812 1156 3901 1226 μὲν

2333 1228 2704 1295 καθεύδουσιν,
2724 1234 2780 1285 αΞ
2807 1234 2862 1288 δὲ
2885 1235 3068 1307 κΰκλῳ
3089 1238 3396 1308 περιῖοῦσαι
3427 1243 3610 1296 πᾶσαν
3630 1245 3826 1310 αὑταῖς
3849 1248 3902 1300 iv

2329 1318 2408 1390 τῷ
2437 1319 2594 1393 ὕπνῳ
2617 1325 2943 1395 παρέχονται
2968 1328 3067 1399 τὴν
3087 1330 3407 1399 ἀσφάλειαν.
3433 1329 3569 1387 Εἶτα
3587 1335 3684 1389 τοῦ
3717 1337 3900 1411 καιροῦ

2330 1411 2429 1500 τῆς
2477 1414 2721 1484 φυλακῆς
2777 1417 3181 1490 πληρουμένου,
3233 1422 3267 1492 ή
3331 1423 3432 1493 μὲν
3467 1422 3723 1495 βοήσασα
3777 1428 3901 1500 πρὸς

2333 1499 2499 1592 lim/0v
2529 1507 2819 1575 ἐτράπετο,
2851 1511 2884 1579 ἡ
2913 1509 2970 1561 δὲ
2991 1509 3090 1581 τὴν
3119 1511 3370 1585 διαδοχὴν
3403 1513 3806 1591 ὑποδεξαμένη,
3826 1499 3900 1592 γῆς

2333 1590 2522 1662 ἔτυχεν
2547 1594 2843 1663 ἀσφαλείας
2857 1599 3154 1653 ἀντέδωκεν
3179 1603 3238 1655 ὲν
3269 1601 3347 1672 τῷ
3377 1603 3550 1674 μέρει.
3579 1590 3805 1678 Ταύτην
3818 1590 3902 1661 καὶ

2339 1684 2395 1734 ἑν
2420 1687 2486 1754 τῇ
2507 1687 2702 1756 πτήσει
2720 1687 2817 1758 τὴν
2840 1689 3088 1754 εὐταξίαν
3117 1690 3361 1761 κατόψει.
3392 1693 3615 1748 ’Δλλοτε
3647 1697 3901 1768 γὰρᾶλλη

2337 1774 2436 1842 τὴν
2465 1776 2686 1846 ὁδηγίαν
2713 1780 3014 1850 ἐκδέχεται,
3049 1784 3142 1835 καὶ
3175 1785 3374 1839 τακτόν
3396 1804 3516 1841 τινα
3545 1789 3746 1859 χρόνον
3775 1806 3902 1860 προ-

2339 1861 2764 1936 καθηγησαμένη
2789 1867 2890 1937 τῆς
2921 1870 3192 1940 πτήσεως,
3227 1873 3308 1937 εἰς
3336 1874 3396 1928 τὸ
3428 1877 3662 1930 κατόπιν
3691 1879 3905 1950 περιελ-

2339 1952 2507 2042 θοῦσα
2542 1958 2606 2025 τῇ
2634 1956 2752 2024 μεθ’
2775 1959 2945 2030 αὐτὴν
2978 1961 3075 2030 τὴν
3101 1964 3398 2034 ἠγεμονίαν
3418 1967 3517 2038 τῆς
3541 1967 3664 2022 ὁδοῦ
3689 1971 3908 2042 παραδί-

2335 2041 2521 2096 δωσιν.
2557 2042 2766 2099 Similia
2802 2049 2994 2103 scribit
3025 2052 3371 2120 Aristoteles,
3419 2057 3516 2110 lib.
3563 2074 3618 2112 rx
3653 2058 3734 2114 De
3780 2041 3903 2117 bist.

2335 2135 2527 2199 anim.,
2558 2151 2680 2205 cap.
2708 2139 2806 2204 10;
2837 2138 3069 2207 Plinius,
3098 2144 3194 2199 lib.
3227 2161 3283 2211 x,
3317 2161 3435 2217 cap.
3463 2148 3574 2216 25;
3618 2148 3798 2217 Phile,
3845 2153 3900 2208 in

2337 2225 2572 2292 lambis;
2602 2227 2869 2297 (Elianus,
2904 2234 3000 2288 lib.
3037 2249 3076 2288 ιι
3107 2234 3184 2290 De
3206 2237 3332 2292 hist.
3363 2239 3551 2304 anim.,
3583 2258 3710 2312 cap.
3747 2244 3801 2298 l.

2404 2316 2524 2372 Col.
2560 2320 2682 2387 733,
2719 2322 2816 2376 lin.
2855 2324 2905 2379 Ι.
2968 2326 3072 2380 Ἐν
3100 2326 3168 2379 δὲ
3197 2327 3277 2393 τῷ
3306 2330 3638 2384 καθεύδειν.
3666 2331 3901 2402 Plinius,

2334 2409 2428 2464 lib.
2460 2426 2518 2476 x,
2547 2426 2665 2483 cap.
2716 2413 2820 2479 23;
2873 2413 3224 2484 Plutarchus,
3274 2419 3354 2475 De
3406 2422 3587 2476 solert.
3652 2427 3904 2490 animal;

2333 2497 2538 2564 Horus,
2564 2501 2662 2558 lib.
2694 2519 2753 2568 ιι,
2786 2519 2908 2575 cup.
2939 2506 3044 2574 94;
3093 2508 3440 2576 Aristoteles,
3471 2513 3567 2568 lib.
3603 2530 3682 2579 Ix,
3709 2516 3790 2572 De
3821 2519 3904 2571 hic

2330 2602 2463 2647 stor.
2522 2595 2769 2658 animal.,
2831 2612 2953 2667 cap.
3018 2599 3118 2667 £0;
3165 2600 3460 2668 Gregorius
3499 2604 3906 2679 Nazianzenus,

2329 2693 2469 2738 orat.
2503 2686 2558 2749 2,
2591 2687 2659 2743 de
2713 2688 3046 2758 Theologia;
3083 2690 3360 2761 Elianus,
3399 2699 3491 2754 lib.
3533 2715 3619 2765 ιιι,
3665 2701 3745 2758 De
3777 2705 3901 2757 trist.

2330 2780 2519 2845 anim.,
2555 2794 2676 2850 cap.
2710 2781 2808 2846 lli;
2842 2781 3111 2842 Maximus
3134 2787 3354 2859 Tyrius,
3381 2801 3520 2847 orat.
3547 2794 3654 2861 l0;
3685 2796 3901 2864 Cicero,

2331 2883 2368 2920 ιι
2405 2867 2477 2922 De
2506 2879 2700 2923 natura
2752 2871 3014 2938 deorum;
3063 2875 3307 2940 Solinus,
3338 2880 3586 2938 Andreas
3633 2886 3902 2950 Alciatus,

2329 2960 2422 3014 lib.
2461 2977 2474 3014 ι
2502 2960 2817 3032 l’arergon.,
2851 2978 2973 3034 cap.
3004 2966 3095 3030 20,
3127 2970 3221 3037 qui
3257 2980 3370 3024 tum
3397 2971 3464 3026 de
3502 2989 3701 3042 gruum
3739 2992 3906 3031 excu-

2328 3054 2454 3116 biis,
2507 3063 2621 3107 tum
2674 3056 2856 3110 volatu
2891 3064 3152 3113 tractant.
3185 3060 3248 3114 Et
3277 3062 3666 3130 Cassiodorus,
3688 3067 3788 3123 lib.
3824 3085 3903 3134 ix,

2325 3145 2484 3214 epist.
2521 3144 2555 3197 2
2586 3165 2599 3198 :
2638 3143 2801 3200 Grues
2827 3150 3081 3203 moralem
3115 3162 3364 3206 noverunt
3401 3171 3642 3211 exercere
3681 3175 3903 3213 concor-

2325 3238 2469 3290 diam
2501 3255 2519 3290 :
2549 3239 2686 3291 inter
2723 3257 2852 3308 quas
2905 3242 3084 3296 nullus
3145 3246 3407 3312 primatus
3453 3253 3746 3318 quaritur;
3778 3254 3902 3323 quia

2325 3328 2621 3395 iniquitatis
2652 3330 2882 3383 ambitus
2906 3348 3010 3384 non
3059 3333 3301 3388 habetur.
3363 3334 3598 3404 Vigilant
3642 3340 3898 3409 uicissim,

2324 3421 2587 3472 communi
2620 3438 2674 3474 se
2701 3423 2909 3476 cautela
2942 3424 3266 3494 custodiunt,
3303 3427 3411 3493 ipse
3429 3439 3617 3495 pastus
3661 3433 3902 3489 alternus

2321 3520 2419 3564 est.
2453 3510 2542 3565 Sic
2570 3511 2738 3565 honor
2761 3514 2922 3568 nullis
2948 3514 3224 3579 adimitur,
3257 3515 3383 3569 dum
3424 3520 3603 3572 omnia
3636 3522 3732 3574 sub
3764 3540 3906 3576 com-

2324 3603 2566 3657 munione
2595 3615 2887 3658 servantur.
2914 3605 3013 3659 !lis
3035 3607 3196 3659 etiam
3224 3606 3430 3660 volatus
3451 3609 3651 3662 vicaria
3679 3617 3904 3680 a-quali-

2325 3702 2430 3745 tate
2459 3693 2777 3760 disponitur,
2823 3698 3015 3750 ultima
3043 3699 3106 3765 ﬁt
3143 3699 3339 3766 prima,
3382 3708 3432 3751 et
3462 3715 3578 3768 qua:
3609 3702 3903 3766 primatum

2324 3787 2488 3857 tenuit
2511 3802 2622 3840 esse
2647 3789 2906 3855 posterior
2933 3805 3036 3841 non
3067 3799 3294 3844 recusat.
3341 3787 3430 3843 Sic
3456 3791 3688 3860 quadam
3752 3811 3904 3848 corn-

2323 3877 2567 3928 munione
2610 3877 2825 3931 sociata:
2848 3878 2950 3931 sibi
2987 3880 3099 3932 sine
3133 3878 3338 3948 regibus
3371 3879 3750 3949 obsequuntur,
3784 3885 3904 3937 sine

2321 3963 2595 4018 dominatu
2621 3977 2826 4035 parcnt,
2853 3970 2965 4021 sine
2994 3980 3192 4022 terrore
3237 3970 3588 4036 famulantur.
3635 3971 3903 4028 Volunta-

2321 4056 2415 4108 τίω
2463 4056 2731 4109 serviendo
2790 4057 2968 4110 libera:
3008 4068 3152 4122 sunt,
3189 4068 3239 4112 et
3270 4060 3487 4113 invicem
3521 4078 3574 4114 se
3623 4063 3901 4132 diligendo

2321 4149 2648 4200 muniuntur.
2669 4148 2906 4211 Quarum
2929 4165 3106 4202 rerum
3133 4150 3434 4217 scriptores,
3473 4169 3648 4206 rerum
3673 4167 3903 4208 natura-

2321 4237 2448 4287 lium
2477 4247 2800 4304 contuentes,
2851 4239 3093 4308 politiam
3125 4240 3510 4309 quodammodo
3560 4246 3694 4297 inter
3752 4248 3900 4313 ipsos

2318 4343 2429 4379 esse
2461 4344 2890 4395 commemorant,
2909 4349 3040 4399 quas
3057 4334 3218 4386 civico
3245 4335 3435 4402 affectu
3457 4337 3617 4389 virere
3639 4353 3901 4406 Cognosc-

649 4423 866 4492 λαργῶν
919 4424 1094 4490 γένος.
1141 4421 1270 4484 Qum
1303 4436 1584 4490 perperam
1615 4421 1772 4473 aliter
1803 4417 1993 4471 Latine
2042 4419 2212 4472 intcr-
2247 4436 2294 4493 ι)
2322 4427 2463 4470 runt.
2518 4420 2673 4484 Quod
2727 4428 2906 4475 autem
2964 4422 3116 4474 multi
3164 4431 3388 4477 narrant
3434 4425 3501 4480 de
3536 4425 3736 4494 lapide,
3787 4444 3902 4497 quo

652 4525 860 4585 pretata
895 4522 1042 4576 sunt,
1089 4527 1214 4565 cum
1247 4513 1528 4566 sententiae
1586 4511 1829 4563 auctoris
1875 4508 2076 4564 Graecae
2108 4509 2211 4564 La-

651 4610 764 4660 tina
797 4619 904 4656 non
934 4601 1321 4670 respondeant.
1357 4599 1474 4654 Non
1507 4601 1651 4653 enim
1687 4601 1913 4655 ciconizc
1948 4617 2014 4655 ex
2054 4604 2212 4670 aquis

647 4695 1009 4751 extrahebant
1063 4699 1364 4761 serpentes,
1421 4707 1559 4759 quos
1617 4691 1672 4744 in
1710 4692 1915 4761 plateas
1970 4692 2213 4760 publicas

648 4789 1008 4860 projicerent;
1049 4785 1144 4838 sed
1177 4783 1402 4836 ciconiae
1439 4783 1682 4836 sublatos
1742 4791 2046 4851 serpentes,
2089 4799 2215 4852 par-

647 4882 746 4935 tim
781 4880 833 4931 in
865 4887 1082 4946 puteos,
1117 4876 1230 4928 sive
1263 4876 1532 4926 cisternas
1571 4872 1949 4935 demittebant,
1980 4889 2210 4943 quorum

648 4986 859 5025 veneno
892 4983 1045 5037 aqua:
1077 4965 1482 5026 inliciebantur,
1521 4964 1748 5032 ideoque
1776 4965 1988 5020 civibus
2019 4966 2213 5020 biben-

647 5063 795 5116 tibus
818 5062 1014 5121 noxize,
1048 5058 1132 5112 vel
1160 5057 1348 5110 saltem
1375 5065 1642 5124 suspecta:
1671 5056 2056 5121 reddebantur,
2089 5074 2214 5126 par-

651 5158 745 5208 tim
782 5169 946 5222 super
964 5154 1113 5221 ipsos
1144 5150 1290 5204 cives
1317 5148 1462 5201 aliud
1490 5155 1736 5216 agentes,
1771 5149 1851 5201 vel
1890 5149 2058 5204 rebus
2089 5150 2210 5202 aliis

652 5247 704 5299 in
751 5245 928 5298 triviis
979 5252 1032 5297 et
1074 5243 1267 5311 plateis
1321 5239 1550 5309 publicis
1608 5238 1980 5294 incumbentes
2018 5251 2210 5309 przeter

651 5352 824 5405 spem,
861 5347 914 5388 et
938 5335 1217 5401 absquceo
1245 5331 1388 5400 quod
1422 5331 1522 5399 ipsi
1559 5330 1609 5406 id
1634 5332 2012 5396 odorarentur,
2040 5334 2214 5402 conji-

652 5427 885 5480 ciebant.
910 5422 1088 5489 Quare
1117 5426 1263 5477 cives
1295 5429 1348 5476 et
1396 5429 1541 5474 metu
1583 5422 1829 5488 periculi,
1882 5431 1936 5475 et
1991 5425 2211 5477 remedii

651 5517 847 5586 ignari,
869 5516 1121 5570 maximis
1141 5514 1469 5583 urgebantur
1491 5514 1779 5579 angustiis.
1808 5514 1978 5567 Simili
2006 5530 2209 5578 errore,

649 5621 701 5660 et
732 5608 845 5676 pari
887 5608 1166 5662 sententia!
1194 5607 1530 5676 ignoratione
1554 5605 1607 5658 in
1649 5605 1917 5660 similibus
1947 5608 2126 5665 verbis
2159 5617 2212 5660 et

654 5699 845 5755 eadem
880 5701 1129 5765 materia,
1161 5699 1404 5768 quamvis
1441 5699 1495 5752 in
1539 5704 1758 5752 auctore
1782 5697 1996 5753 diverso
2031 5699 2202 5754 inter-

2317 4522 2481 4573 grues
2524 4517 2782 4579 tanquam
2839 4509 3155 4564 fulcimento
3202 4521 3450 4576 utuntur,
3497 4513 3624 4566 dum
3674 4516 3896 4577 volant,

2318 4598 2514 4652 falsum
2571 4616 2694 4656 esse
2734 4602 2866 4654 dicit
2913 4600 3252 4669 Aristoteles,
3318 4605 3413 4657 lib.
3463 4620 3580 4666 vui,
3635 4603 3712 4657 De
3763 4609 3895 4660 hist.

2319 4697 2506 4757 anim.,
2539 4711 2660 4763 cap.
2695 4693 2791 4747 l2:
2828 4691 2930 4746 Sed
2967 4695 3140 4745 avium
3163 4711 3337 4764 grues,
3379 4707 3435 4747 ut
3462 4698 3657 4748 dictum
3684 4709 3798 4759 est,
3833 4715 3898 4752 ea:

2317 4788 2518 4839 ultimis
2544 4789 2596 4839 in
2620 4787 2810 4838 ultima
2840 4784 3051 4849 abeunt,
3091 4787 3266 4840 volant
3294 4788 3429 4855 ﬂatu
3451 4789 3697 4842 secundo.
3736 4791 3897 4855 Quod

2316 4877 2379 4929 de
2406 4876 2579 4944 lapide
2617 4885 2861 4937 narrant,
2906 4873 3100 4942 falsum
3135 4885 3232 4935 est,
3261 4877 3484 4945 lapidem
3518 4879 3654 4930 enim
3685 4894 3786 4932 eas
3818 4891 3895 4933 te-

2317 4985 2435 5022 nere
2467 4969 2794 5037 fulcimento,
2831 4982 2979 5035 quem
3006 4967 3095 5019 ubi
3123 4968 3395 5032 deciderit,
3428 4969 3594 5035 accipi
3616 4970 3809 5022 utilem
3828 4973 3896 5021 ad

2317 5062 2437 5114 auri
2451 5060 2812 5130 probationem
2845 5058 3016 5110 aiunt.
3061 5058 3246 5128 Neque
3283 5061 3501 5115 silentio
3546 5068 3896 5128 praetereun-

2316 5152 2444 5205 dum
2507 5149 2652 5221 quod
2700 5148 2876 5203 Julius
2914 5146 3158 5221 Scaliger
3203 5151 3256 5204 in
3309 5150 3535 5204 Paelicis
3568 5151 3626 5203 in
3664 5148 3895 5208 Graecos

2318 5242 2720 5296 animadvertit.
2762 5237 3021 5294 Fabulam
3044 5257 3165 5296 esse
3193 5243 3500 5311 grzeculam.
3535 5257 3661 5309 qua:
3689 5243 3893 5300 Home-

2315 5348 2411 5386 rus
2441 5330 2608 5385 relert
2633 5327 2700 5382 de
2739 5343 2932 5397 gruum
2984 5345 3105 5383 cum
3162 5331 3421 5401 pygmzeis
3474 5345 3678 5398 pugna.
3731 5335 3892 5398 Quod

2316 5439 2438 5479 cum
2492 5430 2639 5476 esset
2686 5418 3055 5485 Homericum,
3085 5424 3154 5477 ab
3200 5421 3432 5476 Homero
3469 5422 3701 5488 dictum,
3757 5429 3890 5481 nihil

2316 5516 2514 5569 mirmn
2560 5513 2603 5566 si
2635 5528 2740 5566 non
2786 5513 2989 5568 arridet
3015 5514 3309 5585 Scaligero.
3345 5513 3478 5566 Illud
3512 5515 3713 5570 mirum
3747 5534 3890 5588 quo-

2315 5605 2478 5659 modo
2511 5605 2589 5657 illi
2631 5619 2737 5657 non
2762 5603 3026 5669 arriserit,
3067 5606 3205 5660 idem
3241 5604 3538 5660 allirmante
3564 5609 3887 5665 Aristotele.

2316 5697 2414 5750 llic
2445 5709 2700 5765 namque,
2756 5695 2848 5748 lib.
2886 5713 2981 5750 vui
3035 5698 3108 5751 De
3147 5698 3269 5752 hist.
3305 5699 3492 5762 anim.,
3533 5715 3656 5760 cap.
3700 5702 3773 5755 l9.
3809 5703 3886 5756 vel
