4042 6338
662 399 767 455 90'!

2002 391 2245 450 LEONIS
2284 392 2549 448 ALLA'I'II

666 516 867 569 Ilarum
920 516 1029 569 duo
1075 527 1270 585 genera
1310 512 1551 573 tradunt,
1595 524 1765 580 eaque
1815 510 2077 583 distingui
2117 528 2236 567 ma-
2266 519 2310 574 Α
2341 512 2513 579 [erunt
2575 512 2703 567 alio.
2750 510 2870 565 Ille
2908 513 3120 583 quidem
3159 521 3209 565 et
3254 514 3476 565 maritas
3534 529 3661 567 suos
3699 514 3905 582 fuluus,

664 606 946 676 gnitudine
980 614 1033 660 et
1061 613 1223 658 cantu
1253 624 1264 657 :
1301 611 1354 657 et
1396 604 1637 658 minores
1675 604 1731 656 in
1772 602 2115 657 arundinetis
2147 618 2238 656 ca-

665 715 814 752 nore.
845 696 1017 751 Mares
1045 695 1209 766 ceryli
1249 704 1532 755 vocantur,
1567 702 1626 746 ut
1658 693 2040 747 animadvertit
2081 693 2239 747 Anti-

661 803 835 859 goutis
869 789 1157 849 Caristius.
1188 788 1280 841 lib.
1320 786 1391 839 De
1421 785 1653 838 mirabil.
1691 794 1899 840 narrat.
1929 784 2071 851 Qui,
2098 800 2235 840 cum

662 882 816 935 senio
867 881 1075 933 viribus
1122 878 1360 940 amissis,
1394 877 1576 931 volare
1626 891 1788 946 posse
1827 876 2108 939 desinunt,
2142 894 2238 947 ge-

662 980 881 1025 stantur
923 970 1025 1025 alis
1076 969 1433 1024 lemellarum.
1485 967 1595 1021 lloc
1645 983 1808 1022 senex
1856 967 1967 1036 jam
2007 977 2062 1023 et
2099 984 2241 1037 eger

660 1063 912 1126 Alcman,
947 1077 1047 1115 nec
1081 1076 1183 1114 una
1213 1074 1336 1113 eum
1372 1060 1566 1129 puellis
1593 1063 1794 1114 choros
1823 1059 2024 1113 ducere
2050 1060 2237 1116 valens

662 1154 728 1205 ad
763 1153 1067 1223 cerylorum
1116 1153 1528 1206 similitudinem
1575 1152 1727 1221 cupit
1759 1153 1959 1221 gestari
2000 1167 2030 1206 a
2074 1154 2241 1225 virgi-

662 1244 845 1300 nibus.

655 1358 736 1409 (ὶῦ
766 1356 823 1423 μ’
852 1356 937 1407 ἐτι
970 1356 1316 1423 παρθενικαὶ
1344 1352 1701 1423 μελιγάρυες
1724 1352 2032 1423 ιερόφωνοι

659 1421 811 1479 Γυῗα
852 1421 1059 1493 φέρειν⁷
1094 1425 1361 1479 δύναται.
1406 1421 1563 1476 Βάλε
1594 1421 1691 1488 δὴ,
1734 1422 1916 1484 βάλε.
1970 1426 2242 1545 ζίῗρύλος

1994 1513 2021 1545 ε
2056 1512 2129 1545 ην
2151 1512 2165 1524 ·

662 1566 821 1617 ’(νδσί
851 1565 946 1632 ἐπὶ
976 1565 1236 1632 κάματος
1268 1564 1448 1627 ἀνθος
1469 1562 1565 1630 ἅμ’
1594 1493 2242 1631 ἁικυόνεσσὲῗοῖττῆται

661 1634 888 1702 Αήλεὲς
914 1631 1057 1701 ἦτορ
1079 1633 1235 1701 ἔχων
1255 1635 1667 1700 ἁλιπόρφυρος
1691 1638 1890 1700 εἷιιρος
1915 1635 2099 1700 ὅρνις.

661 1746 795 1799 lilud
834 1746 1198 1817 ἁλιπόρφυρος
1244 1745 1309 1799 ad
1363 1745 1605 1815 cerylum
1649 1746 1827 1815 ipsum
1884 1753 2117 1815 spectat,
2146 1744 2239 1814 qui

660 1839 937 1892 caloribus
974 1852 1179 1906 cyaneo
1209 1852 1592 1906 purpureoque
1621 1837 1997 1906 distinguitur,
2032 1853 2138 1891 non
2172 1836 2237 1889 ad

661 1932 835 1983 undas
888 1930 1127 1981 marinas
1194 1938 1252 1981 ut
1314 1927 1635 1984 Guilielmus
1692 1928 1985 1999 :Xylander
2036 1937 2237 1982 temere

663 2022 845 2074 vertit.

730 2110 889 2170 Ibid.,
926 2109 1021 2163 lin.
1070 2110 1162 2163 50.
1212 2108 1321 2161 Kal
1368 2108 1525 2175 παρὰ
1573 2107 1711 2172 τοὺς
1760 2106 1868 2174 τῆς
1920 2105 2237 2173 θαλάττης.

657 2199 1008 2261 Plutarchus.
1040 2199 1135 2253 lib.
1170 2198 1248 2251 De
1272 2214 1450 2250 amore
1475 2206 1751 2266 parentum
1788 2200 1843 2250 in
1868 2198 2035 2265 ﬁlios,
2062 2197 2243 2267 alcyo-

661 2294 744 2346 uei
798 2291 909 2344 nidi
960 2301 1291 2345 structuram
1350 2290 1542 2342 miram
1595 2290 2019 2359 elegantissimis
2060 2291 2242 2344 verbis

659 2384 1028 2454 prosequitur,
1084 2381 1226 2451 quod
1289 2380 1556 2450 prolixius
1622 2380 1962 2450 exsequitur,
2017 2381 2111 2434 lib.
2167 2379 2243 2433 De

658 2473 923 2539 industria
959 2473 1293 2526 animalium.
1340 2471 1471 2527 Vide
1514 2470 1737 2526 omnino
1784 2468 2087 2532 Elianum,
2140 2470 2238 2523 lib.

660 2580 743 2628 ix,
802 2564 874 2617 De
921 2564 1110 2619 histor.
1155 2563 1403 2624 animal.,
1448 2577 1568 2631 cap.
1619 2560 1705 2625 l7,
1775 2562 1868 2630 qui
1933 2560 2239 2616 admirabili

658 2657 945 2709 verborum
979 2656 1196 2723 eloquio
1227 2656 1351 2708 talis
1387 2654 1496 2707 nidi
1525 2662 1863 2708 structuram
1892 2654 2133 2723 exponit.

731 2747 891 2811 Ibid.,
922 2749 1014 2802 lin.
1048 2748 1325 2801 15.Ὀταν
1349 2742 1465 2800 οὖν
1484 2744 1827 2811 ἐπωάζηται.
1854 2744 2089 2814 Ideoque
2117 2744 2235 2801 dies

659 2840 733 2892 illi
791 2839 1105 2911 alcyonides
1147 2848 1434 2905 vocantur,
1481 2837 1548 2892 de
1605 2838 1954 2907 tranquillam
2000 2847 2055 2892 et
2092 2839 2237 2893 otio-

658 2944 774 2985 sam
812 2931 977 2983 vitam
1006 2930 1312 3000 agentibus.
1343 2928 1742 2997 Arist0pbanes
1772 2930 1825 2982 in
1850 2929 2063 2981 Avibus.

812 3020 1200 3084 ’Λλκυονίδας
1244 3020 1291 3072 τ’
1336 3020 1496 3087 ἤγεθ’
1537 3018 1760 3085 ἡμέρας
1791 3019 1904 3071 ἀεί.

657 3114 896 3169 Consule
954 3111 1180 3166 Luciani
1234 3110 1515 3181 Dialogum
1566 3113 1655 3163 cui
1717 3112 1908 3167 titulus
1943 3110 2226 3165 Ἀλκυὼν.

660 3204 919 3273 Virgilius
951 3206 1091 3259 inter
1122 3205 1469 3275 prognostica
1518 3203 1717 3255 futuras
1763 3205 2101 3271 tempestatis
2126 3203 2228 3258 hoc
2258 3216 2299 3271 (ζ

657 3312 873 3365 quoque
904 3294 1071 3351 refert
1099 3314 1113 3349 :

659 3407 782 3461 Non
830 3409 1057 3477 tepidum
1108 3407 1172 3461 ad
1210 3408 1371 3461 solem
1415 3423 1613 3475 pennas
1660 3409 1714 3459 in
1768 3408 1945 3460 littore
1986 3405 2224 3473 pandunt

656 3480 877 3532 Dilectte
910 3479 1113 3532 Thetidi
1150 3481 1415 3547 alcyones.

656 3591 735 3644 Ad
768 3590 870 3644 hoc
908 3591 1091 3644 allusit
1121 3598 1174 3644 et
1204 3588 1528 3643 Theocritus
1563 3589 1614 3642 in

654 3726 1000 3790 Χᾰλκυόνες
1034 3724 1421 3792 στορεσεῦντι
1470 3724 1541 3775 τὰ
1584 3726 1835 3791 κύματα,
2021 3739 2085 3775 τε
2123 3722 2223 3776 θά-

1998 3808 2223 3851 ασσαν,

1998 3808 2225 3851 ασσαν,

662 3865 770 3918 Τόν
799 3881 857 3916 τε
875 3866 1073 3927 νότον,
1098 3865 1204 3916 τόν
1230 3865 1277 3916 τ’
1299 3858 1503 3929 εὖρον,
1519 3863 1585 3927 ὃς
1606 3864 1832 3930 ἔσχατα
1850 3858 2035 3929 φυὶιία
2056 3862 2222 3915 κινεῖ.

668 3934 987 3999 Ἀλκυόνες
1016 3933 1303 4002 γλαυκαῑς
1335 3936 1591 4002 Νηρηΐσιν
1616 3935 1708 3985 ταί
1744 3950 1804 3983 τε
1823 3932 2089 3997 μάλιστα

652 4004 937 4070 ⁴ἰζζονίθιιη-
963 4006 1300 4071 Ἐφίλαθεν,
1332 4002 1506 4068 ὅσαις
1536 4001 1594 4054 τέ
1616 4012 1723 4068 περ
1746 4003 1814 4065 ἐξ
1832 4002 1979 4066 ἁλὸς
1998 4002 2166 4070 ἄγρα.

725 4117 883 4179 Ibid.,
928 4117 1023 4170 litt.
1074 4116 1157 4169 18.
1206 4116 1480 4169 Ἐπειδὰν
1510 4107 1626 4169 οὖν
1657 4116 2018 4181 περιγλύψῃ.
2052 4112 2226 4168 Varia?

654 4210 818 4263 etiam
881 4218 1004 4262 sunt
1058 4209 1385 4276 scriptorum
1441 4209 1747 4277 opiniones.
1796 4207 2139 4269 Aristoteles,
2172 4214 2225 4258 et

658 4298 963 4353 Simonides
1014 4299 1272 4369 quinque,
1336 4297 1664 4367 Demagoras
1724 4296 1941 4349 Samius
1992 4302 2221 4365 septem,

655 4390 1009 4445 Philochorus
1062 4405 1275 4453 novem,
1312 4388 1561 4443 nonnulli
1607 4387 2039 4457 quatuordecim.
2078 4385 2222 4437 Con-

654 4484 771 4536 sule
822 4481 1170 4551 Rodiginum,
1204 4482 1296 4534 lib.
1336 4496 1447 4542 xw,
1484 4495 1603 4549 cap.
1632 4481 1716 4533 il.
1747 4477 1974 4548 Dignum
2002 4476 2217 4531 tandem

654 4581 839 4627 notatu
872 4583 973 4635 est,
1028 4572 1171 4641 quod
1220 4573 1285 4626 de
1333 4573 1622 4642 alcyonum
1672 4572 1803 4634 pelle
1846 4570 2226 4624 animadvertit
2262 4570 2301 4623 ο

651 4664 1060 4735 Theophrastus
1146 4663 1468 4718 Paracelsus
1532 4665 1599 4717 de
1666 4664 1876 4717 ccelesti
1930 4662 2220 4726 medicina,

649 4765 810 4810 tract.
848 4757 899 4817 1,
928 4755 1061 4809 Item
1088 4758 1220 4810 vires
1262 4756 1433 4809 adhuc
1474 4756 1693 4808 retinere
1727 4763 1844 4821 post
1869 4764 2085 4805 mortem
2121 4752 2223 4804 ali-

648 4864 753 4916 qua
781 4851 942 4913 probo
993 4864 1083 4915 per
1130 4850 1399 4917 alcyonem
1452 4862 1621 4907 arem,
1659 4846 1809 4912 cujus
1854 4843 2007 4912 pellis
2051 4858 2081 4894 a
2126 4857 2221 4895 suo

648 4937 898 4990 cadavere
926 4946 1170 5006 separata
1201 4938 1348 5006 clavo
1377 4952 1633 5004 suspensa
1658 4946 1707 4989 et
1732 4937 1999 4989 exsiccata
2035 4934 2217 5001 singu-

650 5034 713 5083 lis
742 5033 893 5083 annis
924 5033 1131 5098 plumas
1156 5032 1343 5100 rejicit,
1364 5033 1583 5101 aliteque
1610 5040 1897 5084 nascuntur
1921 5030 1989 5092 ei,
2015 5045 2077 5081 ne
2097 5028 2221 5080 dum

647 5138 751 5175 uno
783 5123 859 5175 rel
884 5122 1086 5175 duobus
1110 5124 1283 5186 annis,
1310 5133 1365 5175 at
1393 5122 1630 5190 pluribu‘s
1666 5138 1768 5174 uno
1799 5132 1914 5186 post
1945 5123 2129 5175 alium.

721 5211 880 5276 Ibid.,
910 5213 1005 5265 lin.
1038 5213 1125 5265 21.
1151 5214 1408 5279 Δολερὸν
1434 5216 1466 5266 ό
1498 5212 1729 5279 πέρδιξ.
1764 5210 1930 5264 Multa
1967 5212 2057 5266 hic
2093 5226 2219 5280 pos-

648 5313 789 5369 sent,
831 5321 893 5358 ex
932 5305 1171 5370 .‘Eliano,
1198 5304 1395 5371 Plinio,
1428 5306 1720 5359 Aristotele
1750 5305 1982 5372 aliisque
2010 5304 2217 5368 allerri,

646 5396 844 5462 quibus
900 5396 1002 5448 hoc
1057 5397 1258 5448 animal
1304 5395 1537 5467 δολερὸν,
1581 5394 1911 5465 πανοῦργον,
1942 5396 2030 5447 καὶ
2062 5394 2218 5464 ζηλό-

645 5504 811 5540 τυπον
859 5497 1043 5556 posset
1089 5488 1375 5555 convinci;
1413 5504 1534 5541 nam
1564 5489 1717 5555 spina
1756 5497 1803 5539 et
1835 5487 2042 5555 frutice,
2080 5485 2215 5540 rele-

644 5592 797 5638 rente
836 5582 1031 5645 Plinio,
1066 5584 1142 5637 sic
1196 5585 1438 5636 muniunt
1491 5582 1901 5650 receptaculum,
1944 5589 2215 5633 utcontra

646 5676 786 5741 feras
838 5673 1039 5727 abunde
1078 5674 1357 5728 vallentur.
1398 5673 1502 5738 Qui
1544 5672 1863 5741 stragulum,
1912 5672 2059 5724 molli
2096 5670 2213 5736 pul-

643 5782 758 5819 rcre
785 5768 1169 5829 contumulant,
1205 5783 1293 5820 nec
1321 5767 1374 5819 in
1406 5782 1508 5835 quo
1534 5766 1647 5819 loco
1675 5780 1912 5831 peperere
1940 5764 2212 5826 incubant,

645 5872 765 5910 uere
803 5859 883 5909 cui
920 5857 1234 5924 frequentior
1266 5860 1592 5914 conversatio
1631 5860 1699 5912 sit
1727 5867 1988 5925 suspecta,
2033 5865 2209 5910 trans-

2337 605 2585 673 quoniam
2615 605 3018 672 intemperantia
3041 604 3277 659 libidinis
3298 604 3550 674 frangunt
3580 621 3768 658 earum
3797 624 3903 670 oua.

2339 710 2404 748 ne
2462 695 2758 748 incubando
2817 695 3169 749 detineantur.
3242 694 3394 751 Unde
3447 704 3503 751 et
3558 698 3904 768 Aristophani

2341 787 2523 842 ticturn
2560 789 2786 841 verbum
2813 788 2867 840 in
2890 786 3084 840 Avibus
3118 788 3539 856 ἐκπερδικίζειν,
3584 790 3623 842 i.
3649 804 3705 845 e.
3742 801 3906 847 astute

2337 880 2477 933 elabi
2534 879 2947 948 periculumque
2995 878 3185 933 vitare.
3250 876 3385 933 Vide
3430 879 3783 950 liodiginum.
3820 882 3903 939 lib.

2341 986 2491 1032 xxix,
2547 984 2668 1041 cap.
2718 969 2805 1025 26.
2841 968 3068 1033 Taziren,
3119 976 3178 1023 ut
3223 986 3320 1040 ego
3365 974 3581 1040 opinor,
3608 981 3801 1029 auctor
3825 973 3903 1029 hic

2339 1069 2528 1115 noster
2552 1076 2672 1116 eam
2701 1061 3006 1133 πανοῦργον
3034 1063 3320 1132 appellavit
3347 1066 3418 1118 ob
3451 1066 3698 1122 llbldillis
3729 1070 3902 1121 intem-

2340 1153 2665 1220 perantiam,
2724 1152 2790 1207 de
2842 1168 2949 1223 qua
2983 1154 3105 1209 vide
3150 1154 3377 1217 Horum,
3428 1158 3523 1211 lib.
3564 1173 3628 1222 ιι,
3660 1175 3784 1228 cap.
3813 1160 3897 1223 95;

2342 1240 2574 1294 Plinium
2628 1240 2684 1296 d.
2738 1242 2897 1308 loco;
2949 1244 3288 1305 Athenaeum.
3332 1246 3425 1299 lib.
3485 1264 3575 1312 ix;
3613 1248 3898 1311 Ailianum,

2342 1333 2436 1387 lib.
2462 1349 2519 1386 ιιι
2540 1347 2571 1398 ;‘
2591 1350 2711 1403 cap.
2740 1334 2840 1399 i6;
2876 1335 3103 1391 Aristot.
3130 1351 3204 1400 Ix,
3240 1335 3316 1388 De
3338 1336 3459 1389 hist.
3489 1341 3684 1401 auim.,
3716 1356 3832 1410 cap.
3854 1340 3899 1402 8,

2341 1440 2463 1493 quae
2499 1426 2728 1479 aliorum
2770 1427 3083 1480 animalium
3129 1428 3334 1483 viribus
3360 1444 3467 1481 non
3506 1440 3790 1494 euntenta,
3819 1447 3901 1486 ne-

2340 1513 2476 1569 farie
2500 1516 2554 1569 in
2579 1518 2850 1571 masculos
2877 1532 2997 1570 sese
3020 1516 3213 1585 agitat;
3235 1533 3335 1572 nec
3358 1534 3480 1571 cum
3502 1521 3693 1573 eadem
3717 1522 3899 1589 specie,

2343 1607 2438 1663 sed
2491 1616 2545 1661 et
2589 1622 2712 1661 cum
2756 1606 2957 1661 diversi
3006 1608 3220 1676 generis
3253 1608 3446 1662 avibus
3474 1624 3531 1662 se
3568 1612 3899 1667 commiscet.

2343 1700 2387 1753 si
2416 1698 2690 1751 Aristoteli
2715 1697 2991 1751 credimus
3019 1695 3093 1749 De
3113 1697 3440 1765 generatione
3468 1698 3698 1750 animal.
3718 1712 3835 1767 cap.
3856 1699 3901 1752 5.

2342 1784 2624 1856 Origenes,
2652 1786 2797 1839 hom.
2830 1785 2882 1837 4.
2920 1786 2976 1838 in
3007 1783 3292 1838 Jeremiam
3328 1802 3347 1839 :
3378 1784 3530 1837 Ἐστι
3562 1786 3620 1837 δὲ
3653 1787 3752 1837 καὶ
3780 1787 3904 1837 ἀκά-

2273 1886 2312 1940 B
2341 1879 2557 1951 θαρτον,
2615 1878 2755 1931 ὥστε
2813 1878 2939 1940 τοὺς
2996 1876 3321 1948 Θηρεύοντας
3370 1878 3511 1947 (lego
3558 1877 3903 1948 χηρεύωτας)

2348 1975 2671 2044 μονομαχεῖν
2702 1970 2949 2040 ἀλλήλοις
2996 1972 3125 2039 περὶ
3169 1971 3266 2039 τῆς
3317 1969 3535 2040 μίξεως,
3566 1970 3663 2022 καὶ
3709 1970 3904 2041 ἄρρενα

2346 2064 2484 2133 μετά
2507 2063 2662 2131 νίκην
2691 2061 2988 2115 ὲπιόαίνειν
3008 2061 3102 2113 τοῦ
3134 2062 3377 2131 ἄρρενος.
3402 2060 3514 2115 Nisi
3540 2070 3729 2115 tamen
3759 2063 3904 2115 aliter

2344 2152 2521 2206 locum
2557 2153 2689 2207 velis
2714 2168 2777 2206 ex
2824 2151 3047 2217 Basilio,
3080 2151 3227 2203 hom.
3262 2152 3314 2213 8,
3359 2152 3532 2219 legere
3571 2169 3585 2204 :
3617 2152 3846 2221 Δολερδν
3878 2156 3907 2207 ὁ

2344 2242 2549 2313 πέρδιξ,
2580 2243 2674 2295 καὶ
2702 2242 3019 2312 ζηλότυπον,
3045 2240 3366 2311 κακούργως
3400 2241 3771 2311 συμπράττων
3798 2244 3905 2303 τοῖς

2343 2331 2631 2403 θηρευταῖς
2678 2333 2813 2403 πρὸς
2852 2332 2950 2405 τὴν
2994 2332 3191 2403 ἄγραν.
3229 2330 3321 2385 Sic
3360 2332 3503 2384 enim
3549 2348 3659 2385 non
3695 2331 3767 2384 ad
3795 2332 3907 2400 ejus

2343 2424 2642 2487 libidinem,
2671 2421 2765 2476 sed
2804 2421 2871 2475 ad
2926 2421 3206 2484 callidum,
3232 2421 3675 2490 malitiosumque
3707 2421 3908 2475 referes

2340 2514 2637 2585 ingenium,
2690 2528 2798 2583 quo
2842 2512 3187 2566 venatoribus
3231 2518 3290 2564 ut
3346 2512 3479 2565 alias
3518 2511 3779 2581 deceptas
3822 2526 3907 2565 ca~

2340 2605 2509 2673 piant,
2541 2618 2761 2673 Operam
2792 2610 3035 2673 praestat.

2402 2695 2538 2749 Ibid.
2572 2696 2668 2749 lin.
2698 2694 2787 2747 22.
2818 2692 3218 2763 Συμπράττων
3251 2693 3374 2759 τοῖς
3403 2692 3740 2761 θηρευταῖς.
3769 2690 3906 2747 Voce

2336 2790 2477 2842 enim
2523 2788 2660 2841 alias
2699 2787 2967 2850 alliciunt,
3012 2776 3344 2855 laqueosque
3377 2796 3687 2856 praeparant
3719 2786 3905 2840 amicis

2335 2882 2756 2948 inexspectatos,
2817 2879 3158 2949 praedamque
3234 2879 3500 2947 objiciunt
3570 2879 3901 2933 hominibus.

2335 2968 2729 3031 Theodoretus,
2770 2978 2949 3024 eatea.
3003 2971 3056 3023 in
3088 2968 3310 3032 Jerem.,
3366 2984 3487 3039 cap.
3521 2986 3654 3022 xvn.
3688 2970 3907 3037 Λέγοιτο

2332 3061 2376 3112 δ’
2414 3060 2479 3113 ἂν
2508 3061 2697 3131 πέρδιξ
2729 3061 3020 3131 Θηρατικὸς
3054 3062 3147 3112 καὶ
3179 3063 3205 3112 ὁ
3232 3059 3590 3122 Βαϐυλώνιος.
3622 3060 3905 3123 Τοιούτους

2334 3152 2441 3223 γὰρ
2470 3154 2517 3205 ol
2550 3152 2656 3204 τῶν
2685 3152 2954 3223 περδίκων
2977 3152 3330 3223 περιφέρουσι
3358 3152 3638 3221 Θηρευταὶ,
3670 3146 3747 3205 ὧν
3778 3152 3906 3223 πρὸς

2335 3244 2433 3314 τὴν
2472 3244 2654 3313 φωνὴν
2696 3244 2745 3295 οἱ
2780 3244 3055 3312 ὁμογενεῖς
3095 3241 3475 3311 συντρέχοντες
3506 3242 3759 3313 πέρδικες
3796 3246 3908 3306 τοῖς

2335 3336 2623 3407 θηράτροις
2665 3336 3044 3405 ἐμπίπτουσιν.
3070 3333 3246 3389 lllices
3300 3334 3528 3398 Latinis,
3565 3337 3773 3392 Graecis
3804 3352 3906 3388 πα·

2333 3424 2590 3496 λευτρίαι.
2646 3426 2827 3491 Quare
2868 3434 2921 3479 et
2977 3424 3283 3487 Turnebus,
3334 3423 3541 3478 πάτρη.
3593 3426 3686 3479 lib.
3756 3443 3906 3491 xxxv,

2333 3538 2452 3591 cap.
2502 3522 2592 3585 58,
2653 3523 2832 3575 locum
2882 3520 3041 3574 Plinii
3087 3520 3159 3572 ita
3196 3518 3682 3590 legitzCapiuntur
3707 3537 3907 3591 quoque

2330 3618 2685 3685 pugnacitate,
2715 3625 2900 3668 contra
2948 3614 3164 3681 aucupis
3204 3614 3399 3667 illicem
3432 3614 3650 3666 exeunte
3677 3615 3731 3666 in
3771 3630 3904 3682 pra:-

2335 3708 2459 3759 lium
2512 3706 2643 3759 duce
2697 3708 2855 3759 totius
2904 3706 3092 3774 gregis.
3149 3701 3427 3771 Oppianus
3479 3703 3551 3755 De
3611 3707 3897 3764 venatione.

2334 3796 2426 3849 lib.
2462 3812 2520 3850 ιι.
2574 3794 2893 3849 Perdicibus
2956 3794 3203 3847 homines
3246 3794 3337 3845 uti
3369 3793 3436 3845 ad
3467 3793 3657 3847 damas
3682 3798 3900 3863 capien-

2332 3884 2449 3946 das,
2475 3884 2755 3953 damisque
2780 3884 2845 3937 ad
2886 3883 3154 3952 perdices,
3185 3891 3368 3935 mutua
3403 3897 3637 3949 namque
3669 3882 3899 3938 familia-

2334 3975 2514 4033 ritate,
2542 3980 2595 4026 et
2630 3972 2990 4026 contubernio
3020 3971 3265 4032 devictae,
3298 3972 3477 4024 vicina
3522 3971 3723 4026 habent
3749 3973 3899 4027 cubi-

2333 4064 2424 4125 lia,
2448 4062 2747 4133 codemque
2780 4070 3079 4134 pascuntur
3105 4064 3159 4114 in
3190 4062 3327 4114 loco.

2332 4177 2610 4243 Πέρδικες
2638 4178 2836 4244 θοῦροι
2871 4176 2939 4228 δὲ
2976 4175 3273 4243 πυρώδεες
3309 4175 3655 4243 αὶολόδειροι
3862 4236 3872 4245 α

2331 4250 2661 4313 Δτῖρκοισιν,
2716 4246 2925 4315 φιλίην·
2964 4247 3121 4313 παρὰ
3166 4246 3452 4312 τέμπεσιν
3511 4247 3889 4301 ἐσπείσαντο.

2346 4319 2613 4371 Ἠθαλεοί
2641 4334 2703 4370 τε
2732 4317 3027 4370 πέλουσιν
3064 4316 3158 4367 καὶ
3178 4315 3540 4379 ἀλλήλοισιν
3556 4316 3827 4383 ἔμω-λοι,

2333 4388 2529 4456 βίη-ἀς
2544 4389 2591 4439 τ’
2604 4387 2782 4456 ἐγγὺς
2799 4387 3033 4454 ἔχουσι,
3050 4385 3144 4456 καὶ
3158 4387 3267 4437 οὐκ
3281 4384 3576 4456 ἀπάνευθε
3596 4387 3889 4447 νέμοι-ται.

2329 4454 2411 4512 Ἦ
2438 4458 2604 4526 μάλα
2633 4454 2707 4523 δὴ
2734 4459 3095 4525 μετόπισθεν
3116 4455 3406 4526 emanant;
3429 4455 3578 4522 τάχα
3615 4456 3829 4522 πικρῆς

2330 4524 2449 4581 Kal
2470 4530 2674 4594 φιλίης
2708 4528 3067 4579 ἀπέλαυσαν
3103 4524 3399 4592 ἁμειὸἐος.
3442 4527 3665 4577 ὁππότε
3708 4526 3894 4594 φῶτες

2327 4598 2641 4662 Κερδίιλέοι
2677 4596 2968 4648 δειλοῖσιν
3012 4595 3301 4661 ἐπίφρονα
3324 4595 3679 4662 μητίσαιντο

2329 4668 2615 4732 Πέρδικας
2639 4666 2904 4731 (Stipatores
2941 4666 3140 4732 φίλοις
3169 4666 3467 4727 ἀπατήλια
3496 4664 3698 4729 θέντες

2332 4739 2592 4805 Ἔμπαλι
2620 4736 2669 4788 δ’
2695 4732 2773 4788 αὖ
2814 4736 3065 4803 δόρκους
3101 4734 3331 4801 ἑτάροις
3358 4736 3463 4787 ἴσα
3484 4734 3887 4801 περδίκεσσιν.

2395 4847 2529 4903 ibid.
2562 4851 2871 4914 ’Λλλὸτρια
2901 4847 2967 4899 δὲ
3005 4847 3295 4902 κλέπτωνλ
3352 4848 3615 4911 lsidorus,
3647 4849 3743 4903 lib.
3794 4863 3886 4904 ιιι.

2326 4945 2490 5013 capit.
2546 4942 2600 5005 7,
2658 4940 2799 4994 Adeo
2849 4948 3020 4992 autem
3073 4939 3432 5003 fraudulenta,
3485 4949 3544 4991 ut
3594 4941 3751 4993 alteri
3797 4955 3887 4992 ora

2324 5034 2574 5099 diripiens
2606 5032 2775 5100 [creat
2806 5050 2823 5082 :
2866 5030 3017 5097 fraus
3059 5028 3287 5097 fructum
3317 5046 3419 5082 non
3460 5029 3636 5084 habet.
3664 5030 3888 5098 Denique

2323 5122 2448 5174 dum
2488 5121 2619 5189 pulli
2646 5119 2874 5187 propria:
2898 5135 3069 5171 vocem
3099 5120 3366 5187 genitricis
3418 5120 3705 5182 audierint,
3732 5131 3883 5173 natu-

2323 5213 2427 5263 rali
2447 5211 2671 5280 quodam
2694 5210 2945 5261 instinctu
2966 5209 3119 5269 hanc,
3137 5226 3252 5277 quin
3276 5226 3363 5262 eos
3393 5210 3543 5277 fovit,
3571 5210 3878 5278 relinquunt,

2322 5315 2371 5358 et
2430 5304 2499 5355 ad
2551 5301 2784 5355 eamdem
2823 5316 2938 5369 qum
2980 5303 3151 5369 genuit
3196 5311 3544 5355 revertuntur.
3571 5302 3877 5355 Consimilia

2323 5393 2487 5447 habet
2528 5392 2873 5454 Ambrosius,
2937 5390 3031 5443 lib.
3090 5406 3172 5453 Vl,
3220 5406 3341 5460 cap.
3386 5391 3453 5451 ‘5,
3501 5390 3558 5443 in
3598 5388 3875 5449 Heraean;

2322 5484 2474 5536 Phile
2504 5486 2559 5535 in
2592 5482 2815 5548 iambis;
2846 5479 3179 5551 Epiphanius
3210 5484 3261 5534 in
3294 5479 3632 5551 Physiologo,
3682 5480 3871 5550 cap.9:

2322 5575 2683 5646 Hieronymus
2732 5574 2787 5627 in
2841 5588 2961 5642 cap.
2988 5589 3093 5626 xvn
3132 5572 3397 5635 Jeremiae,
3433 5578 3487 5625 in
3514 5589 3675 5643 quem
3710 5575 3873 5627 locum

2319 5676 2373 5722 et
2436 5666 2758 5736 Hippolytus
2831 5674 3037 5736 martyr
3104 5667 3157 5719 in
3209 5672 3423 5728 eatena,
3480 5666 3555 5718 Οὐ
3629 5666 3799 5736 μάτην
3846 5663 3875 5712 6

2320 5762 2603 5831 προφήτης
2634 5759 2943 5829 ὰπεφήνετο
2966 5759 3027 5811 τὸ
3059 5758 3219 5829 ῥητὸν
3248 5760 3313 5829 τῇ
3348 5758 3440 5811 τοῦ
3474 5758 3614 5822 {mou
3646 5752 3873 5828 παρασο-

2318 5853 2382 5926 λῇ
2406 5852 2699 5924 χρώμενος.
2734 5850 2840 5905 Τοῦ
2858 5851 2965 5920 γὰρ
2984 5850 3235 5923 πέρδικος
3260 5851 3537 5918 κενοδόξου
3561 5850 3701 5915 {tina
3722 5847 3878 5902 ὐπάιρ
