4042 6338
169 417 280 473 909

1296 418 1366 475 ΙΝ
1404 419 1781 477 ευετΑτΗ-ιι
1823 420 2301 478 ΗΕΧΑΕΜΕΒΟΝ
2336 418 2566 479 κοτε.

3323 430 3425 484 9ιο

169 550 377 608 χον-τος,
429 536 568 591 ὶπὰν
625 538 848 609 πλησίον
888 539 974 611 ἴδῃ
1030 539 1215 611 ἑτέρου
1264 538 1519 610 πέρδικος
1559 541 1742 593 καλιὰν

1855 550 1947 594 aut
2004 543 2228 611 pavonis
2275 545 2450 596 cauda
2509 557 2615 596 non
2669 544 2934 613 dignosci,
2977 544 3049 597 ob
3106 545 3426 599 continuum

169 630 415 693 νεοττοὺς
445 628 693 699 ἔχουσαν,
724 631 1065 693 ἁποπτάντος
1091 630 1186 683 τοῦ
1223 632 1424 701 πατρὸς
1449 630 1628 684 αὐτῶν
1658 633 1751 685 ἐπὶ

168 722 272 791 τὴν
293 721 481 791 νομὴν,
503 720 836 790 μιμούμενος
858 721 954 791 τὴν
968 720 1062 773 τοῦ
1080 720 1360 789 ἀλλοτρίου
1382 722 1564 793 φωνὴν
1585 740 1751 795 προσ-

169 811 415 864 καλεῖται
465 811 602 880 πρὸς
642 810 832 863 ἑαυτὸν
878 812 1003 873 τοὺς
1039 810 1304 880 νεοττούς.
1338 811 1399 863 Οἱ
1437 809 1494 863 δὲ
1520 815 1745 878 νεοσσοὶ,

166 904 490 974 νομίσαντες
509 877 617 955 ⁷’ὢν
645 902 775 956 ἴδιον
804 903 981 955 αὐτῶν
1017 877 1282 973 ὑπάρχειν
1317 901 1547 973 πατέρα,
1584 877 1749 972 προσέ

166 996 453 1067 τρέχουσιν
511 994 677 1064 αὐτῷ.
726 996 782 1047 '0
820 995 877 1048 δὲ
925 995 1193 1065 ὲγγαυριᾷ
1233 994 1289 1046 ὲν
1320 993 1615 1065 ἀλλοτρίοις
1656 993 1746 1045 τέ·-

168 1102 321 1148 κνοις
355 1086 429 1149 ὡς
470 1085 638 1148 ἰδίοις.
682 1084 955 1148 Ἐλοόντος
995 1084 1052 1138 δὲ
1093 1085 1189 1139 τοῦ
1228 1085 1361 1138 ἰδίου
1396 1084 1618 1155 πατρὸς,
1655 1086 1747 1137 καὶ

169 1175 486 1247 βοήσαντος,
530 1176 628 1247 τὴν
682 1176 816 1229 ἰδίαν
853 1177 1037 1245 φωνὴν
1073 1177 1387 1244 ἐπιγνόντες
1415 1160 1464 1227 οἱ
1499 1177 1743 1240 νεοσσοὶ,

169 1267 562 1331 καταλιπόντες
586 1268 675 1321 τὸν
700 1268 871 1330 νόθον,
894 1269 1027 1339 πρὸς
1045 1269 1136 1320 τὸν
1165 1268 1297 1321 ἴδιον
1328 1269 1539 1340 πατέρα
1561 1268 1748 1338 πορεύ-

168 1375 342 1413 ονται.
367 1358 430 1413 Ει
448 1358 865 1430 Olympiodorus
890 1378 903 1414 :
932 1361 993 1413 Ὀ
1019 1359 1227 1431 πέρδιξ,
1255 1360 1330 1423 ὣς
1354 1376 1535 1427 φασιν,
1573 1360 1739 1430 ὑπερ-

166 1452 378 1521 ήφανος
393 1449 488 1513 ὢν,
506 1450 594 1504 διὰ
611 1452 707 1521 τῆς
724 1453 907 1522 φωνῆς
935 1456 1061 1515 τοὺς
1090 1454 1401 1526 ἀλλοτρίους
1428 1452 1747 1523 προσκαλεῖ-

163 1559 259 1593 ται
286 1541 531 1606 νεοττούς
554 1559 568 1574 ·
605 1545 814 1609 Οἰτινες
840 1544 1059 1612 γνόντες
1088 1544 1334 1616 ὕστερον,
1366 1547 1447 1598 ὅτι
1482 1545 1579 1597 οὐκ
1609 1546 1745 1597 εἰσὶν

163 1630 354 1695 αὑτοῦ,
407 1633 908 1704 καταλιμπάνουσιν
966 1632 1148 1689 αὐτόν.
1198 1633 1624 1704 Cltrysostomus
1687 1630 1743 1684 in

161 1723 418 1776 eumdem
442 1723 642 1779 locum.
668 1724 1009 1789 Perdicibus,
1040 1725 1214 1786 aiunt,
1249 1724 1352 1777 hoc
1382 1738 1503 1778 esse
1538 1721 1593 1775 in
1639 1737 1742 1777 usu

162 1820 292 1890 post
317 1828 544 1868 ovorum
573 1814 946 1871 exclusionem
969 1816 1150 1884 pullos
1184 1815 1423 1869 clamore
1450 1814 1738 1877 advocare,

163 1906 345 1973 iisque
372 1915 597 1961 matrem
637 1907 873 1976 privare.
902 1907 1083 1970 Ἐθος,
1115 1907 1404 1977 φησὶῌεςο
1417 1905 1590 1975 φασὶ),
1615 1904 1740 1968 τοὺς
1774 1896 1813 1950 Β

163 1995 449 2068 πέρδικας,
483 1998 620 2069 μετὰ
662 1999 722 2051 τὸ
762 2000 1129 2071 ἀωτεχθῆναι
1159 1999 1266 2052 τῶν
1292 1998 1413 2051 ὠῶν
1441 2000 1566 2061 τοὺς
1592 2015 1741 2050 νεοτ-

160 2089 292 2151 τοὺς
319 2092 384 2161 τῇ
419 2094 569 2162 φωνῇ
610 2092 1054 2160 προσκαλεῖσθαι,
1102 2093 1195 2145 καὶ
1242 2090 1482 2161 γυμνοῦν
1524 2091 1620 2162 τὴν
1650 2106 1741 2143 τε·

162 2184 266 2237 κοῦ
274 2200 390 2238 σαν.

234 2275 397 2343 lbid.,
427 2277 525 2331 lin.
555 2276 647 2331 26.
679 2276 917 2347 Λάγνον
959 2278 996 2344 ἡ
1042 2275 1380 2344 περιστερά.
1418 2274 1532 2331 Mas
1569 2274 1735 2337 enim,

163 2377 228 2424 ut
274 2370 437 2425 tradit
469 2370 668 2436 Horus,
702 2371 792 2424 ubi
842 2370 1120 2425 robustior
1149 2372 1387 2425 evaserit
1408 2386 1475 2425 ex
1508 2383 1737 2424 consor-

164 2461 245 2513 tio
274 2462 480 2523 matris,
504 2471 711 2531 patrem
744 2463 985 2532 expellit.
1008 2461 1198 2530 sicque
1223 2462 1272 2516 ei
1306 2462 1589 2515 connubio
1610 2460 1743 2528 jun-

162 2552 328 2620 gitur.
376 2552 434 2605 ’0
464 2554 570 2624 γὰρ
598 2553 795 2624 ἄρσην,
831 2546 1175 2625 ἰσχυρότερος
1210 2553 1521 2623 γενόμενος,
1556 2550 1740 2604 διώκει

160 2644 261 2696 τὸν
294 2644 483 2697 ἑαυτοῦ
518 2646 726 2717 πατέρα
751 2646 859 2699 ἀπὸ
889 2646 986 2717 τῆς
1022 2646 1248 2716 μητρὸς.
1268 2645 1362 2697 καὶ
1390 2644 1563 2706 οὕτως
1602 2646 1739 2714 αὐτῇ

162 2736 306 2806 πρὸς
352 2736 529 2805 γάμον
592 2737 843 2807 μίσγεται
881 2754 895 2790 :
931 2736 1013 2791 vel
1064 2743 1123 2789 ut
1176 2737 1499 2791 Aristoteles
1552 2735 1738 2798 tradit,

166 2828 293 2882 libr.
329 2842 404 2891 Ix,
452 2827 529 2882 De
555 2828 743 2880 histor.
770 2828 960 2891 anim.,
997 2842 1116 2896 cap.
1175 2826 1226 2888 7,
1289 2826 1468 2895 pullos
1525 2824 1742 2879 adultos

159 2919 303 2987 jam,
332 2932 454 2972 cum
488 2927 701 2988 tempus
732 2918 1037 2987 prodeundi
1064 2933 1129 2972 ex
1155 2918 1284 2971 nido
1313 2926 1419 2981 est,
1447 2932 1564 2970 mas
1613 2917 1744 2971 sub-

165 3012 289 3082 igit.
323 3008 419 3064 Vel
449 3010 575 3079 quia
608 3026 672 3065 ex
732 3010 920 3065 eodem
973 3010 1068 3063 lib.
1109 3024 1187 3074 vn,
1225 3024 1345 3079 cap.
1374 3008 1428 3075 2,
1460 3016 1514 3062 et
1565 3006 1743 3062 Plinio

166 3100 267 3153 lib.
302 3114 357 3161 ι,
387 3113 511 3168 cap.
553 3098 645 3161 58,
679 3100 954 3170 peculiare
988 3101 1059 3154 sit
1093 3099 1221 3161 illis,
1261 3107 1320 3153 ut
1369 3100 1423 3152 in
1453 3100 1601 3153 coitu
1637 3099 1741 3153 nisi

1851 631 2008 696 lucis,
2026 640 2080 685 et
2101 642 2408 686 atomorum
2438 632 2713 698 ellluxum,
2732 637 2876 703 quod
2909 634 3223 697 Lucretius.
3246 636 3338 688 lib.
3367 654 3424 693 ιι.

1848 722 1934 776 liis
1968 723 2217 778 versibus
2245 723 2484 778 asseruit

1850 853 2043 926 Pluma
2096 856 2457 910 columbarum
2508 874 2610 926 quo
2652 870 2803 925 pacto
2836 861 2887 911 in
2914 862 3023 913 sole
3058 861 3260 913 videtur

1850 925 1981 998 Qua:
2012 932 2117 978 sita
2142 928 2361 998 cervices
2391 925 2612 987 circum,
2645 930 2937 998 collumque
2970 942 3210 983 coronat.

1852 993 2093 1069 Namque
2125 996 2260 1050 alios
2290 999 2352 1064 [it
2384 1000 2461 1050 uti
2503 998 2649 1051 claro
2685 1004 2752 1051 sit
2802 993 2958 1052 rubra
2994 1017 3230 1069 pyropo;

1851 1063 2123 1136 Interdum
2165 1063 2393 1134 quodam
2431 1084 2585 1121 sensu
2617 1070 2676 1136 [it
2720 1070 2795 1120 uti
2842 1063 3076 1123 videatur

1848 1134 1888 1207 l_
1884 1145 1999 1207 nter
2021 1139 2297 1189 cwrttleum
2327 1139 2516 1192 virides
2544 1134 2757 1192 miscere
2784 1143 3116 1207 smaragdos,

1848 1204 2134 1277 Qaudaque
2160 1209 2375 1274 pavonis
2405 1209 2556 1277 larga
2581 1226 2699 1260 cum
2735 1212 2846 1262 luce
2876 1204 3069 1277 repleta
3099 1219 3175 1265 est

1849 1274 2130 1329 Consimili
2163 1287 2331 1330 mutat
2374 1274 2578 1332 ratione
2609 1279 2825 1332 obversa
2852 1274 3071 1335 colores.

1849 1384 2048 1443 Sextus
2068 1386 2395 1458 Empiricos.
2420 1389 2689 1461 Pyrrhon.
2710 1391 2980 1464 llypntyp.
3008 1394 3101 1448 lib.
3126 1412 3164 1457 ι,
3195 1409 3313 1463 cap.
3340 1395 3423 1458 Μ,

1846 1480 1953 1532 Καὶ
1976 1482 2024 1532 ol
2052 1481 2311 1551 τράχηλοι
2342 1483 2398 1535 δὲ
2431 1484 2537 1537 τῶν
2575 1487 2915 1556 περιστερῶν
2948 1485 3096 1557 παρὰ
3122 1485 3219 1548 τὰς
3241 1487 3423 1555 διαφό-

1850 1588 1975 1641 ρους
2023 1574 2322 1637 ὲπικλίσεις
2358 1575 2602 1648 διάφοροι
2669 1578 2943 1646 φαίνονται
3008 1580 3148 1631 κατὰ
3208 1580 3420 1650 χρῶμα.

1845 1660 1998 1728 Quod
2031 1664 2105 1717 ita
2134 1666 2409 1734 expressit
2455 1667 2843 1739 Hieronymus.
2878 1667 3256 1723 Columbarum
3286 1672 3425 1724 colla

1844 1756 1913 1807 ad
1945 1756 2180 1825 singulas
2215 1761 2575 1814 conversiones
2602 1762 2831 1814 colorem
2867 1772 3093 1814 mutant.
3126 1762 3424 1817 Martianus

1846 1844 1921 1899 De
1967 1848 2163 1915 nuptiis
2191 1846 2345 1902 Philo
2377 1869 2388 1903 :
2424 1851 2711 1907 Arcesilas.
2746 1853 2945 1921 inquit,
2976 1853 3171 1905 collum
3217 1854 3421 1907 intuens

1841 1937 2197 1991 columbinum
2254 1940 2534 1995 dubitabat
2599 1958 2614 1995 :
2667 1944 2923 2013 siquidem
2999 1945 3097 1998 hac
3156 1957 3421 2012 permotus

1840 2030 2110 2084 varietatis
2164 2033 2535 2087 inccrtitudine
2580 2038 2805 2103 amplius
2858 2048 3094 2092 astruere
3133 2039 3423 2091 ἀκανταλι-

1838 2117 1966 2188 ψίαν
1999 2124 2170 2190 carpit.
2203 2124 2484 2194 Apuleius,
2521 2125 2596 2179 De
2637 2129 2807 2191 asino,
2842 2129 2934 2183 lib.
2973 2144 3011 2182 ιι
3050 2147 3062 2182 :
3110 2130 3267 2183 Nunc
3306 2148 3422 2185 cor-

1842 2215 1959 2266 vina
2004 2216 2268 2284 nigredine
2299 2217 2574 2279 ctcruleus,
2599 2220 2963 2273 columbarum
3007 2223 3131 2275 colli
3169 2225 3421 2290 flosculus

1841 2303 2143 2371 a'mulatur,
2193 2305 2267 2359 rel
2316 2323 2433 2360 cum
2466 2311 2628 2378 guttis
2653 2312 2894 2364 Arabicis
2942 2312 3219 2375 obunctus,
3253 2326 3304 2367 et
3332 2330 3422 2382 pc-
3478 2297 3497 2319 θ

1842 2396 1995 2449 ctinis
2046 2399 2221 2467 arguti
2268 2397 2418 2453 dente
2452 2402 2593 2453 tenui
2623 2401 3047 2457 discriminatur.
3075 2403 3289 2460 Modum
3322 2422 3420 2460 au-

1843 2492 1951 2539 tem
1990 2503 2098 2557 quo
2156 2488 2425 2544 columba:
2470 2492 2832 2548 versicolores
2874 2493 3179 2548 efﬁciantur
3209 2498 3280 2549 ita
3327 2513 3421 2551 ex—

1846 2578 2044 2645 pressit
2076 2577 2377 2649 Oppianus,
2408 2584 2503 2637 lib.
2547 2599 2584 2647 ι,
2614 2583 2686 2638 De
2718 2596 2909 2650 uenat,
2941 2602 3085 2641 vers.
3111 2588 3214 2642 548
3249 2606 3291 2640 :—

1848 2689 1987 2767 [07d
2010 2708 2107 2767 ἐν
2138 2693 2412 2767 κάκεῖνοι,
2430 2695 2584 2749 τοῖσι
2613 2697 2865 2765 δόνακες
2900 2699 3281 2767 praedm-rat,

1843 2762 2472 2835 Μησὰθηνλπυξιινοῖσι
2505 2767 2804 2833 νοήμασιν
2835 2762 3143 2835 ἲξὲυτῆρεζ·

1857 2831 2118 2904 ξυππόῖςε
2140 2831 2505 2888 (Sardiniam
2532 2831 2924 2902 πεζῖηϊάὸεσσι
2951 2831 3267 2904 νεοσάούς.

1842 2900 1992 2976 Eure
2156 2904 2221 2968 ἐς
2256 2906 2546 2972 φιλότητα
2572 2900 2700 2960 daal
2738 2908 3030 2976 rpt'mwrec
3060 2900 3239 2968 itam,-
3312 2919 3315 2922 ⁴

1846 2972 2214 3049 ηιργνρμενειι
2261 2975 2628 3049 στομάτεσσι
2661 2972 3107 3048 ,ϐαρυροὀγγὲοις
3154 2981 3418 3049 ἀλόχοιο.

1846 3040 1927 3118 di)
1946 3042 2277 3118 tdtsjtﬁttr
2300 3040 2514 3118 ὖρᾳινε
2539 3040 2774 3113 κλυτῖιῦ
2803 3040 3229 3118 έιϐαὲοτρὸρες
3245 3040 3419 3118 cii-33p.

1852 3112 2023 3183 'Ayzt
2065 3112 2133 3165 δὲ
2182 3114 2586 3183 θηλυτέρῃσιν
2637 3112 2889 3182 ἐθήκατο
2938 3112 3191 3173 derideo-1a
3208 3112 3422 3175 ’πολλὰ

164 3197 297 3243 ante
319 3196 508 3245 mutuo
532 3191 871 3256 osculentur,
895 3204 1015 3244 mas
1038 3206 1147 3245 non
1169 3190 1449 3252 ascendat,
1476 3191 1559 3245 vel
1588 3191 1737 3259 quia,

1848 3182 2073 3259 ξῖματιι
2092 3182 2415 3259 πορφύρεα.
2460 3188 2555 3239 Tal
2584 3187 2651 3239 δὲ
2676 3189 2883 3259 adirier
2917 3190 3067 3243 ὄσσε
3091 3191 3418 3253 βαλοῦσαι,

165 3292 230 3336 ut
280 3297 347 3336 ex
397 3282 691 3337 Aristotele
723 3282 891 3337 refert
921 3283 1218 3337 Athenaeus
1273 3281 1367 3337 lib.
1413 3296 1489 3345 Ix,
1526 3282 1739 3335 femina:

166 3374 413 3443 absente,
450 3388 601 3429 mare
639 3389 760 3429 sese
805 3375 1147 3439 osculantur,
1188 3373 1472 3443 subigunt,
1510 3382 1566 3428 et
1615 3389 1741 3427 cum

166 3466 224 3519 in
283 3481 404 3521 sese
451 3466 715 3535 genituras
767 3466 905 3520 nihil
942 3464 1246 3529 effundant,
1279 3479 1380 3518 ova
1434 3465 1673 3532 pariunt,
1712 3479 1743 3515 e

163 3558 369 3629 quibus
423 3559 604 3628 pullus
647 3574 753 3612 non
794 3559 993 3613 editur.
1036 3558 1218 3624 Quare
1244 3566 1298 3612 et
1327 3553 1525 3610 Veneri
1560 3571 1738 3619 sacra,

165 3650 313 3720 apud
339 3650 610 3705 Elianum
642 3650 719 3703 De
740 3651 930 3705 histor.
962 3652 1189 3714 anima.,
1219 3650 1311 3703 lib.
1382 3664 1455 3711 Iv,
1506 3663 1627 3718 cap.
1682 3647 1738 3712 9.,

165 3748 222 3794 et
252 3739 327 3794 De
358 3741 505 3793 varia
537 3740 749 3803 histor.,
805 3742 898 3795 lib.
953 3757 992 3805 ι,
1029 3758 1151 3811 cap.
1194 3742 1281 3805 15,
1318 3741 1515 3810 legitur
1558 3748 1742 3793 tamen

166 3836 237 3885 de
264 3832 393 3898 illis,
413 3831 727 3903 pudicitiam
756 3833 867 3888 illis
894 3848 1019 3888 esse
1046 3834 1299 3902 primam,
1330 3840 1385 3886 et
1408 3831 1585 3886 neutri
1614 3839 1742 3884 nota

166 3920 457 3984 adulteria,
494 3922 841 3991 conjugiique
879 3922 1039 3977 ﬁdem
1087 3937 1197 3976 non
1233 3922 1462 3985 violare,
1497 3935 1742 3975 commu-

165 4026 403 4080 nemque
438 4028 659 4068 servare
695 4013 939 4068 domum.

237 4103 371 4159 Ibid.
396 4107 583 4160 ’Ἔστι
609 4107 676 4159 δὲ
698 4106 969 4175 δένδρον.
987 4107 1183 4163 Petrus
1215 4107 1533 4171 Damianus,
1557 4109 1648 4162 lib.
1675 4124 1738 4168 ιι,

164 4212 254 4265 ep.
304 4196 392 4259 18,
455 4196 570 4258 Est.
628 4199 824 4268 inquit,
886 4200 943 4252 in
966 4199 1139 4254 India:
1180 4201 1372 4267 ﬁnibus
1416 4201 1593 4263 arbor,
1627 4217 1743 4270 quae

168 4286 349 4341 Crasce
379 4289 701 4358 peridexium
731 4301 965 4353 vocatur,
983 4295 1133 4359 cujus
1156 4294 1331 4361 utique
1356 4292 1559 4358 fructus
1586 4293 1741 4346 nimis

163 4390 245 4434 est
274 4380 466 4443 dulcis,
498 4392 547 4435 et
600 4381 749 4437 valde
779 4384 978 4448 suavis,
1035 4385 1089 4435 in
1137 4384 1292 4450 hujus
1333 4384 1539 4437 arboris
1583 4386 1743 4453 igitur

165 4472 343 4541 gratia
368 4472 622 4527 columba:
651 4490 755 4527 non
780 4474 979 4527 modice
1011 4473 1369 4537 delectantur;
1399 4475 1551 4542 cujus
1585 4475 1742 4525 nimi-

1796 3232 1809 3249 .
1848 3230 2071 3249 _,,-,,-"
2097 3230 2165 3236 η-
2262 3230 2279 3238 -
2331 3230 2415 3238 ν...
2460 3230 2555 3239 η..
2586 3230 2646 3239 ν..
2676 3230 2860 3241 ...μνη
2918 3230 3064 3243 μιν..
3091 3230 3415 3253 ramos...”

1769 3230 1810 3286 (ι
1846 3252 2044 3319 Θυμὸν
2086 3230 2407 3322 lumbrae-rat
2464 3258 2725 3311 τίκτουσ⁹
2787 3260 3166 3329 ἀλιπόρριιρα
3218 3263 3415 3316 τέκνα.

1914 3362 2074 3427 lbid.,
2125 3365 2220 3420 lin.
2270 3365 2359 3419 40.
2396 3368 2818 3436 Φιλότεκνονή
2850 3370 3100 3435 κορώνη.
3156 3370 3415 3431 Basilius.

1846 3456 1991 3509 hom.
2026 3456 2078 3521 8,
2117 3456 2427 3511 Ἐπαινετὸν
2464 3460 2566 3529 τῆς
2610 3458 2853 3531 κορώνης
2896 3460 2955 3512 τὸ
3006 3460 3313 3526 φιλότεκνον
3345 3481 3357 3492 ·
3386 3464 3420 3533 ἢ

1844 3548 1938 3599 καὶ
1972 3548 2288 3617 πετομένοις
2322 3550 2422 3621 ἤδη
2447 3552 2754 3621 παρέπεται
2786 3551 3059 3615 σιτὶζουσα
3087 3551 3301 3615 αὐτοὺς,
3328 3553 3421 3605 καλ¹

1844 3638 2182 3708 ἐκτρέφουσα
2206 3640 2370 3710 μέχρι
2396 3639 2670 3692 πλείστου.
2712 3638 2887 3708 Hujus
2916 3641 3294 3710 φιλοστοργίαν
3327 3657 3413 3696 ex-

1844 3727 2009 3796 plicat
2037 3726 2237 3784 Horus.
2293 3729 2383 3783 lib.
2442 3745 2503 3789 ll,
2534 3744 2655 3798 cap.
2704 3730 2794 3792 97,
2844 3737 2897 3783 et
2945 3729 3294 3791 Aristoteles,
3344 3728 3420 3784 De

1844 3818 2031 3873 histor.
2083 3819 2306 3873 animal.
2347 3820 2444 3873 lib.
2483 3836 2556 3883 Vl,
2599 3836 2719 3889 cap.
2755 3820 2810 3881 6,
2863 3821 3055 3876 Omnes
3103 3820 3209 3890 fere
3267 3821 3419 3875 alites

1845 3910 2030 3980 quibus
2061 3927 2256 3981 ungues
2294 3909 2487 3963 adunci
2517 3911 2712 3976 pullos,
2740 3930 2857 3965 cum
2882 3915 3107 3981 primum
3141 3914 3419 3981 provolan-

1844 4002 1899 4054 di
1934 4002 2165 4071 facultas
2204 4002 2384 4070 fuerit,
2446 4003 2570 4057 nido
2614 4005 2903 4071 expellunt,
2973 4007 3421 4074 percutientesque

1843 4104 2038 4162 cogunt
2068 4094 2365 4156 discedere;
2393 4105 2440 4148 et
2472 4107 2675 4149 creterra
2696 4112 2894 4165 quoque
2922 4112 3037 4149 ares
3056 4098 3286 4149 maxima
3312 4097 3421 4166 fere

1845 4188 1929 4239 sui
1958 4196 2107 4254 parte
2130 4226 2141 4245 ,
2170 4197 2227 4238 ut
2269 4189 2466 4240 dictum
2497 4198 2595 4250 est,
2630 4190 2766 4240 idem
2796 4188 2891 4241 hoc
2922 4189 3123 4257 faciunt
3156 4204 3171 4240 :
3202 4205 3418 4259 cumque

1843 4279 2157 4331 enutrierint
2190 4279 2321 4332 nihil
2344 4289 2602 4347 pra'terea
2635 4280 2882 4333 adhibent
2911 4298 3049 4333 cura'
3066 4290 3277 4349 excepta
3302 4298 3417 4334 cor-

1845 4370 1978 4428 nice,
2023 4386 2139 4437 qua:
2166 4368 2476 4439 aliquandiu
2505 4373 2739 4437 providet
2769 4390 2786 4424 .'
2814 4374 3001 4441 (puppe
3041 4390 3156 4441 qua:
3188 4374 3416 4427 volantes

1836 4462 1953 4529 jam
1985 4478 2107 4513 suos
2144 4461 2317 4527 pullos
2344 4478 2563 4529 pascens
2606 4466 2722 4533 ipsa
2753 4466 3046 4518 comitetur.
3081 4463 3145 4517 Et
3184 4463 3411 4525 Plinius.

166 4580 287 4615 runt
320 4579 433 4628 eas,
475 4571 523 4616 et
574 4565 776 4633 fructus
820 4566 1007 4633 reﬁcit,
1030 4574 1079 4618 et
1128 4566 1313 4618 umbra
1356 4564 1606 4631 defendit.
1647 4565 1742 4617 Tc-

1852 4550 1945 4607 lib.
1976 4569 2029 4614 x,
2062 4568 2181 4622 cap.
2224 4554 2310 4615 19.,
2340 4554 2605 4608 Pra’terea
2656 4556 2773 4608 sola
2823 4557 2931 4608 ha'c
2980 4558 3139 4609 etiam
3178 4557 3412 4611 volantes

168 4655 415 4708 terrimus
478 4656 616 4708 enim
669 4655 828 4709 draco
884 4655 1041 4724 ferali
1084 4672 1173 4709 eas
1211 4658 1539 4709 immanitate
1562 4670 1736 4722 perse-

164 4748 366 4818 quitur,
396 4756 446 4800 et
500 4750 695 4804 cruenti
723 4751 950 4819 gutturis
986 4748 1235 4802 barathro
1264 4748 1526 4801 inhiantes
1558 4748 1739 4799 absor-

166 4829 284 4892 bere
307 4838 542 4895 molitur.
570 4838 670 4892 Sed
692 4842 826 4894 sicut
849 4840 1104 4894 columba:
1127 4840 1429 4901 draconem,
1450 4841 1527 4892 ita
1546 4839 1737 4891 nihilo-

165 4930 342 4982 minus
380 4928 542 4983 draco
575 4930 827 4997 formidat
851 4949 987 4994 eam,
1012 4948 1174 5003 quam
1198 4932 1541 4999 pra'diximus
1574 4934 1735 4985 arbo-

165 5034 299 5084 rem,
330 5017 419 5071 sed
462 5020 720 5085 pra'cipue
772 5021 913 5073 timet
962 5022 1225 5082 umbram,
1258 5023 1335 5075 ita
1365 5030 1422 5073 ut
1460 5022 1506 5074 si
1547 5022 1735 5073 umbra

166 5111 328 5180 fuerit
363 5127 394 5161 a
423 5119 570 5177 parte
615 5109 821 5163 arboris
846 5112 1055 5174 dextra,
1083 5114 1179 5167 illa
1212 5114 1329 5167 licet
1359 5113 1542 5183 procul
1569 5114 1738 5183 fugiat

165 5205 236 5257 ad
262 5204 557 5263 sinistram,
586 5200 723 5269 quod
756 5201 804 5253 si
831 5203 1018 5257 umbra
1048 5206 1277 5258 cernitur
1298 5205 1351 5257 in
1378 5205 1616 5267 sinistra,
1648 5204 1737 5257 ille

165 5302 404 5348 uertatur
436 5289 504 5343 ad
540 5290 830 5345 dexteram.
862 5290 1037 5347 Donec
1076 5311 1200 5364 ergo
1231 5294 1483 5347 columba:
1514 5294 1609 5346 sub
1645 5312 1734 5347 ar-

163 5390 307 5441 boris
334 5386 480 5438 illius
511 5382 816 5436 umbraculo
846 5384 1039 5451 fuerint
1080 5400 1436 5450 commoratw.
1458 5388 1615 5440 nullis
1647 5406 1735 5441 eas

162 5476 392 5531 crudelis
435 5475 529 5528 illa
568 5474 729 5529 bestia
780 5474 916 5528 valet
956 5477 1161 5531 insidiis
1195 5477 1403 5537 lwdere.
1429 5473 1660 5547 alioquin
1690 5480 1735 5529 si

158 5572 345 5639 procul
376 5585 466 5621 eas
498 5568 768 5630 inuenerit,
800 5568 912 5620 sine
945 5568 1055 5620 ullo
1085 5570 1517 5623 contradictionis
1556 5568 1736 5624 obsta-

156 5666 277 5717 culo
308 5663 608 5730 repentinus
638 5660 855 5713 invadit.

242 5752 401 5816 lbid.,
443 5753 540 5805 lin.
579 5751 668 5805 34.
702 5750 808 5803 Οἷα
837 5749 905 5803 δέ
932 5750 1103 5805 ἐστιν
1134 5751 1172 5818 ἠ
1205 5754 1408 5820 φύσις.
1452 5752 1737 5824 Anaxago-

154 5865 244 5902 "as
272 5847 509 5900 colorem
539 5853 745 5897 certum
771 5841 1079 5911 plumarum
1100 5842 1157 5898 in
1188 5844 1329 5899 collo
1357 5844 1734 5900 columbarum

1846 4644 2019 4711 pullos
2050 4646 2361 4713 aliquandiu
2402 4647 2569 4713 pascit
2603 4648 3097 4714 inauspicatissima
3129 4648 3262 4715 fetus
3292 4660 3415 4703 tem-

1843 4753 1989 4805 pore,
2022 4740 2117 4790 hoc
2135 4747 2210 4791 est
2236 4748 2351 4805 post
2373 4738 2678 4791 solstitium.
2719 4738 2935 4793 therw
2961 4756 3134 4793 onmes
3158 4755 3221 4793 ex
3236 4742 3413 4793 eodem

1845 4847 2026 4897 genere
2077 4830 2278 4897 pellunt
2309 4830 2447 4883 nidis
2478 4830 2675 4900 pullos,
2710 4847 2771 4883 ac
2802 4833 2979 4884 volare
3011 4841 3218 4897 cogunt,
3276 4834 3415 4883 sicut

1844 4934 1890 4976 et
1928 4924 2071 4976 corvi
2102 4940 2117 4975 :
2144 4925 2234 4991 qui
2274 4934 2321 4977 et
2356 4925 2458 4991 ipsi
2507 4940 2609 4977 non
2632 4940 2789 4976 carne
2819 4934 3023 4975 tantum
3058 4922 3293 4984 aluntur,
3320 4924 3408 4977 sed

1844 5028 1891 5071 et
1914 5016 2154 5070 robustos
2181 5033 2381 5085 quoque
2401 5016 2536 5084 fetus
2560 5032 2685 5069 suos
2725 5015 2909 5084 fugant
2956 5016 3180 5083 longius.

1915 5108 2050 5163 l-bid.
2099 5108 2211 5161 Kal
2260 5108 2620 5177 μένανδρον.
2654 5106 2827 5162 Mares
2874 5106 3088 5161 feminis
3134 5106 3410 5160 connubio

1839 5201 2046 5271 junctis
2068 5215 2282 5268 semper
2311 5200 2467 5261 fidos,
2492 5214 2768 5269 nunquam
2803 5198 2865 5251 ad
2894 5200 3115 5251 alteram
3144 5197 3408 5251 divertere

1844 5294 2122 5348 comitem.
2154 5307 2215 5344 ac
2246 5306 2345 5345 nec
2380 5293 2525 5361 ipsas
2553 5290 2770 5360 quidem
2814 5290 3059 5343 fetutinas.
3110 5287 3288 5358 quoad
3327 5289 3409 5341 vi-

1845 5394 1998 5443 vunt.
2042 5383 2104 5437 ad
2149 5386 2403 5447 alterum,
2466 5384 2559 5438 sed
2604 5383 2909 5451 disjunctos
2972 5382 3118 5436 solos
3154 5381 3409 5449 deinceps

1844 5493 2058 5546 semper
2085 5477 2280 5544 degere
2310 5483 2541 5529 testatur
2571 5474 2772 5535 Horas,
2810 5476 2899 5527 lib.
2936 5474 2985 5535 l,
3025 5488 3146 5540 cap.
3188 5472 3240 5525 8.
3274 5470 3402 5524 Plu-

1846 5569 2066 5621 tarchus
2100 5566 2305 5635 Gryllo,
2347 5565 2643 5636 Gregorius
2676 5565 3054 5620 Nazianzenus
3085 5562 3297 5615 Parten.
3337 5562 3405 5614 ad

1849 5660 2017 5728 Virg;
2066 5660 2312 5715 Elianus
2344 5659 2491 5719 item.
2512 5660 2605 5711 lib.
2634 5674 2714 5719 Ill,
2760 5659 2829 5711 De
2859 5660 3046 5709 histor.
3080 5657 3241 5708 anim.
3270 5670 3319 5708 c.
3350 5654 3405 5715 9,

1844 5752 2095 5823 Κορῶναι
2117 5752 2370 5820 ἀλλήλαις
2406 5752 2511 5804 εἰσὶ
2544 5752 2858 5804 πιστόταται
2892 5767 2903 5777 ·
2927 5751 3019 5803 καὶ
3051 5750 3271 5811 ὃτανείς
3295 5765 3409 5801 κοις

1845 5845 2039 5900 νωνίαν
2075 5844 2368 5899 συνέλθωσι
2400 5843 2540 5898 πάνυ
2583 5843 2781 5914 σφόδρα
2820 5843 3072 5913 ἀγαπῶσι
3116 5857 3277 5911 σφας,
3309 5841 3408 5894 καὶ
