4042 6338
149 411 251 467 M3

1263 393 1330 450 IN
1368 391 1742 450 EUSTAJ'HH
1783 391 2256 451 HEXAEMERON
2297 387 2527 447 ΝΟΙιΕ.

3292 386 3393 441 illi

144 528 239 583 tiis
271 522 444 587 ducti,
476 521 681 578 Horum
713 532 824 574 non
853 515 923 573 de
956 523 1206 571 terrestri
1250 520 1487 575 turture,
1517 518 1570 566 et
1599 524 1718 569 ave.

1896 507 2057 573 lbid.,
2091 509 2188 563 lin.
2219 508 2305 563 M.
2347 510 2512 563 Ἕνια
2542 508 2609 561 δὲ
2635 507 2753 561 τῶν
2782 505 3022 577 ὀρνέων.
3053 502 3129 559 De
3160 502 3247 557 bis
3275 505 3397 556 vide

145 617 244 673 sed
293 616 363 671 de
409 613 693 685 pastinaca
740 608 975 670 marina,
1032 606 1273 660 locutum
1312 602 1569 657 dicimus.
1603 598 1723 670 Ipsa

144 708 293 763 enim
326 706 490 759 hamo
519 699 804 772 implicita,
830 699 1042 769 spinam
1070 708 1236 765 quam
1268 693 1322 746 in
1352 692 1526 746 cauda
1561 690 1726 744 habet

144 800 336 868 abiicit
367 815 382 852 :
410 803 466 852 et
508 795 597 849 hic
626 793 844 849 videtur
889 805 1086 847 sensus
1121 786 1271 842 ﬂori.
1312 783 1389 840 De
1434 798 1538 854 qua
1569 784 1723 853 plura

144 890 430 962 Oppianus
472 883 712 948 Halicut,
747 883 841 937 lib.
882 897 921 945 ι,
954 888 1010 936 et
1062 895 1137 946 ii;
1193 877 1445 941 Aristot.,
1487 875 1581 929 lib.
1644 889 1722 934 ix,

92 1052 107 1061 ρ
145 998 270 1054 cap.
302 983 402 1046 37;
437 976 804 1044 Dioscorides,
853 976 948 1031 lib.
985 989 1085 1038 vn,
1128 986 1249 1041 cap.
1280 970 1336 1035 8,
1375 976 1429 1024 et
1470 966 1721 1030 lib.‘vm,

146 1088 272 1144 cap,
305 1074 370 1139 7;
400 1072 633 1134 Plinius,
668 1070 762 1125 lib.
797 1084 875 1131 ix,
905 1081 1030 1136 cap.
1070 1062 1174 1129 t8;
1207 1060 1477 1117 Nicander
1506 1061 1559 1113 in
1593 1057 1727 1114 The-

148 1167 352 1229 riacis;
375 1164 528 1219 Phile
556 1163 612 1217 in
636 1160 855 1225 iambis,
888 1165 943 1215 et
980 1153 1279 1225 alii,_quod
1310 1152 1401 1207 hic
1438 1164 1727 1206 recensere

147 1256 485 1329 superﬂuum
519 1268 640 1310 esse
670 1251 821 1307 duxi.
855 1248 1158 1305 Conﬁrmat
1186 1250 1369 1309 autem
1399 1256 1573 1297 meam
1596 1254 1725 1294 sen-

146 1347 376 1402 tentiam
398 1344 544 1415 quod
567 1331 1276 1399 scribitCornelius'Celsus
1308 1334 1402 1387 lib.
1431 1346 1505 1393 vi,
1524 1345 1645 1401 cap.
1672 1329 1725 1383 9.

149 1437 312 1492 Pleni
341 1437 525 1507 piscis,
574 1432 772 1503 inquit,
813 1445 964 1501 quem
994 1428 1327 1497 pastinacam
1365 1423 1551 1484 nostri,
1597 1436 1730 1490 τρυ-

146 1528 282 1595 γόνα
309 1526 483 1581 Graeci
513 1531 721 1587 uocant,
755 1521 971 1575 aculeus
1001 1524 1253 1579 torretur,
1278 1513 1466 1567 deinde
1499 1511 1728 1563 conteri-

150 1630 257 1683 tur,
284 1620 563 1688 resinaque
602 1615 886 1684 excipitur,
917 1627 1035 1682 quia
1062 1609 1204 1665 denti
1237 1608 1569 1661 circumdata
1594 1603 1729 1655 hunc

148 1712 326 1767 solvit.
360 1709 429 1763 Et
456 1709 687 1773 Plinius,
722 1706 815 1760 lib.
854 1721 933 1767 ix,
963 1718 1086 1772 cap.
1123 1700 1215 1765 48,
1248 1697 1352 1755 Sed
1394 1696 1601 1750 nullum
1638 1709 1731 1747 us-

148 1821 304 1875 quam
326 1800 725 1865 cxsecrabilius,
759 1812 915 1868 quam
945 1794 1128 1849 radius
1164 1805 1319 1859 super
1345 1788 1573 1843 caudam
1599 1786 1729 1839 emi-

149 1854 581 1964 irggonis,
643 1854 797 1960 queui
847 1887 1015 1940 nostri
1061 1854 1395 1953 pastinacam
1463 1877 1727 1947 appellant
1762 1854 1802 1908 Β

148 1985 428 2057 quincunci
458 1980 842 2052 magnitudine.
868 1978 1100 2048 Ideoque
1126 1990 1247 2031 eam
1277 1970 1490 2026 vocavit
1510 1967 1728 2022 ὀπισθό-

150 2094 373 2149 κεντρον
424 2075 807 2145 Epicbarmus,
864 2078 1003 2126 teste
1054 2067 1337 2126 Athenaeo,
1373 2062 1466 2143 lib.
1500 2076 1599 2124 vn,
1633 2058 1727 2114 sed

151 2171 205 2225 in
237 2182 297 2224 re
323 2168 473 2225 clara
501 2175 556 2222 et
580 2171 769 2235 aperta
794 2164 911 2218 haec
935 2159 1184 2216 innuisse
1213 2155 1349 2212 satis
1384 2155 1475 2209 sit.

218 2282 383 2347 lbid.,
410 2281 508 2336 lin.
538 2280 626 2335 58.
679 2280 750 2333 Δί
781 2277 851 2331 δὲ
880 2273 1245 2330 κατοικίδιοι.
1280 2268 1539 2330 Basilius,
1579 2265 1724 2320 hom.

149 2373 203 2437 8,
237 2372 348 2427 Καὶ
386 2373 442 2425 αί
483 2369 805 2424 κατοικίδιοι
844 2367 1026 2438 ὄρνεις
1059 2364 1153 2417 ἐπὶ
1201 2358 1404 2423 παντὸς
1437 2353 1632 2428 καιροῦ
1670 2353 1731 2405 τὸ

152 2463 592 2520 συνουσιαστικὸν
649 2460 870 2530 ἔχουσαι
902 2475 916 2511 :
956 2468 1011 2511 et
1038 2451 1382 2513 Aristoteles,
1426 2448 1524 2502 lib.
1563 2460 1597 2498 v
1655 2442 1730 2496 De

151 2559 271 2613 hist.
313 2557 563 2622 enimah,
601 2569 725 2624 cap.
767 2553 867 2618 l3;
898 2558 953 2606 et
980 2547 1214 2611 Plinius,
1264 2543 1360 2602 lib.
1389 2558 1446 2605 x,
1482 2554 1602 2609 cap.
1637 2536 1725 2591 53.

154 2649 217 2706 Et
248 2651 387 2705 ratio
409 2658 495 2705 est
516 2648 572 2702 in
599 2652 852 2719 promptu
885 2665 897 2698 :
930 2641 1059 2713 quia
1104 2637 1438 2697 callidiores,
1468 2641 1522 2687 et
1550 2631 1731 2685 minus

159 2742 594 2798 revolutionibus
640 2746 949 2807 temporum
989 2730 1260 2791 obnoxiae,
1308 2743 1411 2782 nec
1451 2723 1730 2779 laboribus

158 2834 359 2897 fractae,
398 2842 493 2887 aut
520 2837 693 2892 metu,
725 2827 812 2882 vel
845 2828 1171 2894 tempestate
1202 2817 1419 2887 fugatae.

220 2948 340 3005 Col.
369 2943 477 2999 756
531 2943 629 2996 lin.
676 2941 727 2993 l.
764 2939 839 2993 Τὰ
868 2936 936 2990 δὲ
968 2932 1252 3006 φίλυδρα.
1288 2927 1551 2990 Basilius,
1579 2925 1729 2979 liom.

155 3040 209 3106 8,
241 3038 410 3093 Πάλιν
452 3034 520 3088 τὰ
565 3030 795 3103 φίλυδρα
826 3027 933 3081 τῶν
964 3024 1117 3090 ζώων
1151 3017 1507 3092 καταμαθὼν,
1542 3016 1733 3087 ἑτέραν

157 3135 214 3186 ὲν
252 3131 437 3193 αὐτοῖς
485 3122 830 3191 κατασκευὴν
861 3119 1139 3189 εὑρήσεις,
1177 3113 1343 3175 πόδας
1380 3109 1505 3163 οὔτε
1535 3109 1734 3177 διεσχι-

159 3221 404 3294 σμένους,
438 3204 515 3281 ὡς
557 3216 685 3277 τοὺς
722 3213 821 3283 τῆς
862 3208 1130 3279 κορώνης,
1166 3204 1291 3259 οὔτε
1330 3202 1622 3271 ἀγκύλους,
1658 3200 1733 3262 ὡς
1759 3196 1803 3250 C

157 3313 277 3376 τοὺς
297 3313 407 3365 τῶν
429 3307 814 3380 σαρκοφάγων,
847 3302 982 3356 ἀλλὰ
1023 3301 1245 3361 πλατεῖς
1281 3296 1377 3349 καὶ
1418 3293 1731 3364 ὑμενώδεις,

159 3406 245 3460 ἵνα
271 3403 468 3476 ῥαδίως
493 3400 860 3468 ὲπινήχωνται
885 3393 962 3463 τῷ
992 3392 1165 3453 ὕδατι,
1196 3390 1359 3443 οἱονεὶ
1382 3388 1594 3448 κώπαις
1623 3383 1733 3436 τισὶ

158 3500 265 3560 τοῖς
292 3496 399 3549 τῶν
432 3490 610 3545 ποδῶν
634 3487 797 3559 ὑμέσι
823 3485 883 3537 τὸ
913 3482 1076 3554 ὑγρὸν
1096 3478 1467 3548 διωθούμενοι.

226 3611 385 3674 lbid.,
408 3610 510 3664 lin.
531 3605 586 3661 6.
627 3605 681 3656 Ὀ
707 3600 776 3654 δὲ
800 3600 1024 3663 κύκνος
1047 3595 1446 3666 μακρότερον.
1473 3587 1731 3647 Basilius,

163 3702 304 3757 hom.
336 3700 391 3767 8,
436 3693 646 3761 Ἐὰννδὲ
676 3686 1002 3760 καταμάθῃς
1026 3687 1172 3748 ὅπως
1196 3686 1275 3747 εἰς
1302 3681 1463 3752 βάθος
1490 3682 1517 3732 ὁ
1539 3678 1734 3737 κύκνος
1766 3733 1770 3751 ι

163 3794 363 3857 καθιεὶς
395 3791 487 3845 τὸν
519 3789 723 3860 αὐχένα
754 3783 999 3839 κάτωθεν
1034 3776 1211 3848 ἑαυτῷ
1239 3775 1337 3845 τὴν
1364 3770 1569 3844 τροφὴν
1601 3772 1734 3823 ἀνα-

162 3887 333 3959 φέρει,
369 3886 493 3939 τότε
525 3881 777 3952 εὑρήσεις
818 3877 915 3945 τὴν
963 3872 1156 3943 σοφίαν
1188 3868 1279 3922 τοῦ
1310 3866 1616 3927 κτίσαντος,
1652 3861 1733 3914 ὃτι

161 3956 245 4033 διὰ
284 3977 443 4031 τοῦτο
479 3973 818 4045 μακρότερον
863 3965 970 4019 τῶν
1001 3962 1175 4015 ποδῶν
1205 3960 1296 4013 τὸν
1332 3956 1535 4027 αὐχένα
1568 3969 1734 4025 προσ-

164 4069 373 4139 έθηκεν,
405 4042 496 4121 Eva
521 4042 710 4133 ὥσπερ
751 4058 877 4113 τινὰ
917 4055 1117 4128 ὁρμιάν
1147 4050 1403 4118 κατάγων
1435 4048 1534 4119 τὴν
1566 4047 1625 4098 ὲν
1655 4042 1733 4114 τῷ

165 4157 310 4229 βάθει
332 4153 723 4227 κεκρυμμένην
743 4150 951 4222 τροφὴν
983 4143 1356 4216 ὲκπορίζηται.

228 4270 389 4334 lbid.,
441 4268 542 4321 lin.
592 4267 647 4322 8.
708 4263 831 4317 Τῶν
869 4261 938 4314 δὲ
976 4257 1198 4327 ὀρνέων
1244 4250 1465 4307 πολλά.
1512 4248 1590 4302 De
1628 4247 1731 4299 hac

165 4360 314 4431 plura
348 4357 695 4420 Aristoteles,
738 4356 833 4408 lib.
872 4369 932 4405 ιιι
980 4351 1050 4403 De
1085 4349 1211 4401 hist.
1259 4346 1449 4408 anim,
1484 4358 1604 4413 cap.
1643 4340 1729 4405 l2,

165 4462 216 4508 et
241 4452 335 4507 lib.
372 4468 451 4514 ix,
476 4464 601 4519 cap.
629 4448 720 4511 44,
752 4455 807 4501 et
841 4445 1075 4505 Plinius,
1107 4442 1199 4495 lib.
1236 4453 1436 4506 x.,cap.
1465 4438 1551 4490 l9.

1824 600 2201 663 Aristotelem,
2233 598 2533 664 Elianum,
2570 598 2802 652 Plinium
2834 607 2888 653 et
2917 597 3076 650 alios.

1894 691 2056 755 lbid.,
2121 692 2217 746 lin.
2280 691 2367 745 l6.
2435 691 2609 746 Ἀλλὰ
2652 692 2745 744 καί
2788 690 2894 756 τὰς
2930 686 3395 757 ὑπογαστρίους.

1827 781 2065 838 Consule
2096 783 2467 845 Aristotelem,
2496 785 2589 838 lib.
2609 798 2685 847 vi,
2724 781 2814 853 De;
2832 781 2955 835 hist.
2986 780 3176 841 anim.,
3199 790 3321 844 cap.
3344 775 3394 837 l,

1828 878 1882 926 et
1907 870 2166 937 Plinium,
2202 872 2299 927 lib.
2335 886 2417 936 III,
2447 886 2570 941 cap.
2602 871 2689 926 55.

1902 959 2060 1025 lbid.,
2104 962 2204 1016 lin.
2231 961 2318 1016 19.
2356 964 2424 1016 Al
2462 959 2529 1013 δέ
2553 957 2784 1023 θήλειαι
2819 957 3027 1025 ὄρνεις.
3058 952 3398 1013 Aristotcles,

1826 1052 1919 1105 lib.
1960 1069 2032 1115 ιν,
2070 1052 2147 1106 De
2190 1069 2364 1123 gener.
2417 1053 2583 1105 anim.
2627 1066 2748 1121 cap.
2782 1049 2835 1113 5,
2871 1048 3026 1118 μόνα,
3069 1045 3265 1118 inquit,
3291 1044 3401 1097 τῶν

1827 1143 1981 1209 ζώων
2014 1144 2197 1215 ὀχείαν
2244 1144 2582 1213 ἐπιδέχονται
2627 1141 2859 1196 κυοῦντα
2900 1139 3037 1210 γύνη
3076 1137 3172 1193 καὶ
3213 1138 3397 1200 ῐππος.

1833 1235 2013 1290 Horus
2042 1235 2111 1290 de
2137 1236 2317 1305 aquila
2348 1234 2538 1290 scribit
2570 1254 2583 1289 :
2613 1233 2750 1289 Cum
2774 1232 2991 1302 reliqua,
3014 1230 3268 1286 animalia
3291 1245 3402 1285 non

1829 1342 2045 1396 semper
2080 1329 2219 1379 mari
2265 1326 2332 1379 ad
2385 1341 2599 1380 omnem
2643 1325 2953 1379 mistionem
2997 1337 3189 1393 parere
3213 1321 3400 1382 velint.

1830 1419 2009 1489 aquila
2061 1434 2295 1488 semper.
2356 1416 2645 1472 Terdccies
2698 1416 2843 1471 enim
2875 1417 2927 1469 in
2954 1414 3043 1471 die
3088 1429 3402 1489 compressa

1830 1517 2119 1581 postquam
2152 1510 2412 1570 surrexit,
2444 1510 2489 1563 si
2546 1524 2663 1563 mas
2708 1514 2883 1570 vocet,
2916 1506 3096 1562 denuo
3139 1488 3401 1569 accurrit,

1832 1600 1968 1657 adeo
1993 1601 2047 1655 in
2078 1599 2344 1657 Venerem
2374 1613 2545 1670 prona
2576 1611 2677 1655 est.
2716 1596 2805 1654 Sic
2835 1597 3138 1670 Oppianus,
3174 1597 3271 1653 lib.
3320 1613 3403 1664 ιιι,

1831 1695 2041 1765 Κυνηγ.
2085 1692 2347 1749 Ursarum
2378 1692 2637 1747 etl‘renem
2670 1691 2748 1746 ait
2775 1705 2897 1748 esse
2935 1690 3239 1752 libidinem,
3272 1690 3407 1746 adeo

1832 1796 1893 1841 ut
1923 1802 1991 1840 ne
2023 1786 2243 1856 quidem
2274 1786 2596 1856 gestationis
2622 1794 2863 1855 tempore
2909 1799 2942 1839 a
2981 1782 3274 1839 concubitu
3308 1781 3409 1837 ab-

1833 1880 2073 1935 stineant
2094 1897 2108 1945 ;
2133 1878 2367 1943 Plinius,
2393 1878 2488 1932 lib.
2515 1893 2610 1940 vn,
2637 1892 2757 1947 cap.
2783 1877 2871 1931 ll.
2901 1874 3104 1932 Praeter
3124 1875 3407 1930 mulierem

1832 1984 2004 2040 pauca
2034 1969 2289 2024 animalia
2319 1968 2524 2023 coitum
2554 1981 2758 2022 novere
2796 1966 3035 2038 gravida.
3073 1963 3253 2020 Unum
3280 1966 3406 2035 qui-

1831 2059 1951 2113 dem
1993 2069 2087 2113 aut
2128 2058 2358 2112 alterum
2395 2055 2711 2122 superfetat.
2756 2054 2931 2125 llujus
2965 2055 3146 2109 autem
3184 2068 3406 2109 causam

1831 2150 2009 2206 reddit
2038 2149 2378 2213 Lactantius,
2406 2148 2501 2203 lib.
2531 2163 2584 2203 vl
2637 2147 2815 2201 Divin.
2842 2144 3256 2209 institutionum,
3281 2159 3405 2213 cap.

1830 2244 1937 2308 23;
1971 2257 2135 2314 quam
2179 2234 2361 2297 etiam
2396 2240 2796 2299 iucertitudinis
2850 2240 2906 2295 in
2953 2249 3198 2310 tempore
3230 2240 3408 2294 coitus

1831 2351 2053 2391 causam
2091 2334 2433 2398 Ambrosius,
2463 2350 2518 2398 v,
2554 2332 2836 2397 "exuam,
2890 2345 3012 2401 cap.
3043 2331 3405 2394 l0,-aitesse,

1833 2442 1932 2481 cur
1985 2427 2040 2481 in
2070 2441 2265 2496 genere
2287 2426 2529 2481 humano
2555 2424 2749 2479 mulier
2777 2422 2986 2477 nullum
3018 2422 3214 2477 habeat
3238 2422 3407 2477 ﬁxum

1833 2534 1898 2573 ac
1943 2527 2145 2575 statum
2192 2521 2320 2575 anni
2350 2530 2563 2590 tempus
2597 2518 2663 2571 ad
2695 2516 3039 2587 pariendum,
3067 2524 3126 2570 ut
3161 2515 3273 2572 fere
3301 2531 3409 2573 cae-

1833 2616 1948 2663 tera
1973 2608 2251 2663 animalia.
2278 2608 2594 2677 Exemplum
2619 2621 2783 2675 super
2805 2606 2908 2660 hoc
2936 2604 3187 2660 Zenobim
3210 2608 3407 2663 castis-

1834 2700 1983 2751 simae
2006 2695 2440 2751 Palmirenorum
2475 2698 2675 2766 reginae
2709 2696 2874 2750 habes
2902 2694 3045 2764 apud
3077 2692 3409 2750 Trebellium

1833 2789 2156 2846 Pollionem.

1906 2880 2066 2945 lbid.,
2103 2876 2323 2946 linﬂﬁﬂ,
2360 2882 2424 2933 Ol
2451 2878 2520 2934 es
2565 2877 2847 2949 κάνθαροι
2876 2858 3002 2933 ἐάν.
3055 2879 3200 2935 idem
3240 2875 3411 2933 refert

1835 2971 2273 3043 Theophrastus,
2308 2970 2384 3026 De
2415 2972 2663 3026 odoribus
2688 2986 2707 3024 :
2733 2971 3004 3027 Collector
3035 2969 3409 3040 Ceoponicon.,

1837 3064 1930 3117 lib.
1964 3079 2074 3126 xw,
2107 3076 2227 3132 cap.
2251 3062 2387 3128 ult.;
2420 3063 2760 3127 Aristoteles,
2785 3063 2878 3117 lib.
2908 3062 3046 3131 Περὶ
3066 3062 3414 3131 θαυμασίων

1835 3150 2267 3221 decoquatur;
2294 3151 2568 3216 IElianus,
2603 3152 2698 3206 lib.
2741 3170 2814 3216 iv,
2843 3167 2964 3224 cap.
3008 3155 3091 3220 l8,
3128 3152 3412 3223 Κάνθαρον

1836 3248 1891 3303 δὲ
1919 3247 2159 3314 ἀπολεῖς,
2191 3246 2238 3300 εί
2270 3246 2534 3318 ὲπιϐάλῃς
2573 3247 2678 3299 τῶν
2709 3246 2879 3317 ῥόδων
2922 3244 3089 3316 αὐτῷ.
3123 3244 3303 3312 Quare
3332 3245 3412 3315 pii

1836 3341 2056 3408 mirum,
2095 3341 2140 3393 si
2183 3340 2613 3409 impurissimum
2646 3339 2749 3392 hoc
2784 3338 2997 3392 animal
3040 3337 3413 3406 impurissimo

1836 3434 2122 3489 llloametlii
2157 3433 2230 3486 ita
2262 3432 2424 3487 fuerit
2450 3431 2699 3493 charum,
2732 3438 2786 3484 et
2813 3430 2866 3482 in
2896 3430 3127 3491 deliciis,
3158 3440 3215 3483 ut
3258 3432 3411 3491 iussu

1836 3525 1931 3580 Dei
1964 3526 2018 3579 id
2078 3526 2133 3578 in
2186 3522 2524 3579 sacrificium
2585 3521 2863 3575 obtulerit.
2893 3521 2971 3573 Ita
3010 3522 3154 3574 enim
3184 3520 3314 3574 dicit
3344 3537 3411 3576 ex

1836 3632 2068 3688 persona
2123 3615 2239 3681 Dei,
2281 3615 2471 3685 Ἡμεῖς
2521 3612 2829 3683 δεδώκαμέν
2878 3628 2979 3673 σοι,
3028 3612 3102 3665 ita
3138 3612 3414 3667 si‘ribente

1836 3709 2124 3780 Eulhymio
2160 3708 2215 3761 in
2268 3705 2553 3772 Panoplia,
2609 3705 2698 3756 τὸν
2742 3703 3030 3774 κάνθαρον,
3078 3698 3230 3769 εὖξαι
3275 3702 3413 3776 πρὸς

1834 3802 1925 3856 τὸν
1947 3800 2135 3874 κύριόν
2179 3816 2294 3861 σου,
2344 3799 2436 3851 καὶ
2482 3795 2701 3865 σφάξον.
2736 3794 3128 3849 Admirandum
3162 3810 3295 3850 sane
3324 3808 3415 3851 sa-

1837 3893 2123 3956 criﬁcium,
2178 3900 2232 3946 et
2279 3890 2648 3962 magniﬁcum,
2708 3887 2912 3957 talique
2956 3886 3269 3957 legislatore
3323 3884 3412 3941 di-

1836 4001 2023 4057 gnum.

1905 4077 2071 4141 lbid.,
2105 4075 2205 4129 lin.
2236 4070 2328 4129 23.
2360 4073 2431 4126 Al
2462 4069 2531 4123 δὲ
2558 4069 2847 4140 μέλισσαι
2885 4066 2985 4121 καὶ
3019 4064 3272 4135 σφῆκες.
3310 4064 3418 4118 Ba-

1836 4166 2013 4231 silius,
2038 4165 2199 4219 1mm.
2236 4163 2291 4227 8,
2334 4160 2402 4216 de
2441 4155 2661 4225 iisdem,
2708 4158 2906 4229 Διόπερ
2935 4157 3026 4212 καὶ
3056 4155 3221 4227 ἐλαίῳ
3242 4170 3413 4208 κατα-

1837 4257 2135 4331 ϐρεχθέντα
2197 4254 2477 4323 φθείρεται
2542 4251 2651 4304 τῶν
2715 4250 2897 4321 πόρων
2959 4247 3409 4319 ἁποφράγέντων.

1838 4353 2030 4416 Ὀξους
2064 4348 2119 4401 δὲ
2156 4346 2316 4410 εὐθὺς
2346 4343 2748 4415 ὲπιϐληθὲντος,
2799 4341 2958 4395 πάλιν
2993 4338 3410 4397 ἀναϐιώσκεται.

1832 4439 1943 4494 τῶν
1990 4436 2236 4504 διεξόδων
2279 4434 2665 4505 ἀνοιγομένων.
2710 4431 2945 4497 Plinius,
2994 4431 3085 4485 lib.
3142 4446 3257 4493 ni,
3287 4445 3413 4500 cap,

230 4542 386 4604 lbid.,
408 4543 511 4598 lin.
535 4539 590 4595 9.
633 4540 687 4592 Ὁ
715 4537 827 4609 γὰρ
850 4537 1164 4603 κόττυφος.
1195 4528 1539 4592 AriStoteles,
1561 4526 1728 4580 lib-lx
1761 4530 1804 4583 D
1840 4531 1926 4593 l2,
1962 4530 2038 4583 ait
2088 4534 2343 4581 constare
2396 4539 2524 4594 apes
2556 4524 2711 4576 olivm
2756 4522 2941 4575 liorem
2974 4533 3081 4575 non
3123 4522 3410 4591 attingere,

167 4634 241 4690 De
270 4635 396 4689 hist.
421 4635 611 4695 anim.,
645 4646 769 4702 cap.
795 4629 887 4693 49,
920 4628 1029 4682 Καὶ
1060 4625 1194 4680 ἄλλα
1220 4623 1276 4676 δὲ
1307 4619 1490 4675 πολλᾶ
1501 4618 1610 4672 τῶν
1636 4620 1729 4690 ὀρ-

165 4727 319 4783 νίθων
354 4724 745 4799 μταὸάλλουσι
777 4722 918 4775 κατὰ
955 4720 1054 4782 τὰς
1090 4717 1255 4788 ὧρας.
1292 4715 1387 4768 καὶ
1418 4713 1479 4765 τὸ
1511 4710 1728 4783 χρῶμα,

166 4820 256 4872 καὶ
278 4818 377 4889 τὴν
409 4814 614 4886 φωνὴν,
644 4808 754 4868 οἷον
780 4814 809 4864 ὁ
832 4813 1098 4879 κόττυφος
1116 4807 1238 4861 ἀντὶ
1271 4805 1497 4876 μέλανος
1518 4800 1729 4867 ξανθὸς,

168 4907 257 4960 καὶ⁵
275 4906 374 4976 τὴν
401 4902 587 4973 φωνὴν
620 4900 777 4970 ἴσχει.
824 4900 911 4952 Ἐν
942 4898 1039 4969 μὲν
1060 4897 1169 4967 γὰρ
1195 4894 1273 4964 τῷ
1299 4892 1445 4956 θέρει
1467 4890 1602 4961 ᾅδει,
1635 4889 1729 4941 τοῦ

165 4999 223 5055 δὲ
246 4998 509 5072 χειμῶνος
530 4994 787 5061 παταγεῖ,
816 4994 913 5046 καὶ
931 4992 1139 5060 γίνεται
1168 4986 1487 5059 θορυϐῶδες.
1516 4983 1592 5038 Ex
1621 4999 1729 5053 quo

168 5107 263 5149 sua
290 5090 483 5148 habuit
510 5088 723 5142 Plinius
754 5085 808 5139 ιι.
841 5085 984 5139 loco.
1022 5083 1234 5151 Merula
1268 5097 1329 5135 ex
1370 5080 1526 5149 nigra
1566 5076 1727 5130 rulle-

170 5187 289 5253 scit,
320 5184 471 5241 canit
510 5186 723 5243 atate,
754 5177 934 5233 hieme
963 5176 1217 5238 balbutit,
1253 5175 1399 5226 circa
1434 5169 1729 5225 solstitium

176 5284 335 5333 lauta.

234 5370 389 5433 lbid.,
420 5369 519 5425 lin.
557 5366 643 5424 10.
684 5363 835 5419 Ἡδὲ
866 5361 1067 5429 ἀηδὼν
1099 5360 1167 5413 τὸ
1206 5359 1428 5430 χρῶμα.
1469 5355 1726 5411 Basilius.

189 5477 312 5519 tom.
347 5461 402 5525 8,
429 5460 556 5523 Πῶς
583 5459 858 5528 ἄγρυπνον
897 5456 932 5522 ἡ
974 5450 1174 5521 ἀηδὼν,
1223 5452 1349 5503 ὃταν
1389 5447 1609 5517 ὲπωάζῃ
1644 5446 1732 5500 διὰ

180 5540 343 5624 nunc
382 5551 580 5614 νυκτὸς
615 5550 713 5619 τῆς
759 5544 1020 5617 μελῳδίας
1068 5545 1143 5615 μὴ
1181 5543 1548 5613 ἀπολήγουσα.
1586 5538 1731 5593 Con-

174 5639 285 5696 sule
311 5638 543 5695 Aristot.
575 5636 630 5691 d.
669 5637 808 5691 loco.
843 5632 1226 5687 Lusciniaruni
1263 5642 1456 5686 cantus
1496 5627 1729 5684 varieta-

173 5735 298 5793 tem.
322 5736 378 5785 et
398 5726 728 5783 maritatam
760 5721 1169 5793 elegantissime
1197 5722 1473 5793 expressit
1500 5718 1727 5785 Plinius,

179 5818 267 5877 lib.
293 5836 349 5889 x,
376 5834 499 5893 cap.
524 5817 618 5887 29,
649 5824 706 5874 et
730 5814 1020 5873 Homerus.

1839 4625 2070 4693 ideoque
2086 4623 2227 4677 banc
2259 4619 2508 4673 arborem
2539 4615 2727 4687 procul
2757 4629 2879 4669 esse
2904 4613 3099 4667 melius
3124 4623 3239 4668 est:
3265 4610 3413 4683 quod

1839 4724 1999 4770 antea
2031 4726 2253 4778 vanum,
2303 4709 2615 4777 falsumque
2661 4720 2782 4760 esse
2816 4704 3138 4765 tradiderat,
3186 4702 3280 4756 lib.
3332 4717 3412 4767 xi,

1839 4820 1959 4873 cap.
2000 4803 2054 4862 8.
2089 4800 2277 4861 Falso.
2313 4810 2361 4852 et
2385 4800 2527 4852 oleas
2557 4798 2727 4865 excipi
2766 4794 3019 4859 arbitror,
3050 4794 3234 4873 quippe
3262 4792 3415 4847 oliva:

1838 4904 2085 4963 proventu
2139 4891 2368 4959 plurima
2416 4890 2661 4942 examina
2707 4886 2848 4956 gigni
2897 4862 3097 4937 certain
3149 4891 3244 4936 est.
3301 4880 3413 4936 Nec

1839 4987 1984 5041 aliud
2021 4984 2263 5039 sensisse
2308 4979 2629 5037 Aristoteles
2664 4977 2893 5039 videtur,
2928 4976 3027 5028 lib.
3054 4991 3108 5038 v,
3152 4988 3274 5044 cap.
3316 4973 3409 5035 22,

1840 5077 1916 5131 De
1967 5078 2153 5129 histor.
2218 5073 2408 5135 anim.,
2460 5071 2566 5125 illis
2620 5069 2823 5131 verbis,
2869 5066 3005 5118 Ἀλλ’
3052 5062 3262 5135 αὐχμοῦ
3313 5064 3411 5133 μὲν

1838 5168 2007 5229 ὄντος,
2046 5164 2167 5235 μέλι
2195 5161 2517 5234 ἐργάζονται
2547 5158 2764 5230 μᾶλλον,
2792 5154 3096 5226 ὲπομόρίας
3128 5154 3205 5215 δὲ,
3233 5152 3409 5222 γόνον.

1838 5259 1927 5311 Διὸ
1963 5257 2057 5310 καὶ
2084 5256 2198 5325 ἅμα
2230 5254 2513 5324 συμϐαίνει
2546 5250 2737 5303 ἐλαιῶν
2945 5248 3039 5300 καὶ
3065 5243 3265 5315 ἐσμῶν.
3308 5243 3413 5298 Eo-

1839 5351 1961 5403 dem
1987 5348 2148 5415 igitur
2178 5357 2386 5398 natura:
2408 5344 2624 5413 ingenio
2655 5341 2900 5396 l‘cruutur
2918 5339 2986 5393 ad
3010 5335 3219 5391 fructus
3246 5335 3413 5389 eden-

1839 5441 1940 5495 dos
1970 5439 2149 5498 olivae,
2182 5443 2237 5489 et
2272 5449 2423 5504 apes,
2472 5444 2526 5487 et
2558 5432 2704 5502 quod
2742 5430 2897 5485 olivae
2932 5430 3191 5483 damnum
3232 5423 3409 5485 aﬂ'crt,

1839 5533 1981 5586 idem
2011 5538 2064 5583 et
2097 5527 2291 5596 apibus
2321 5534 2655 5580 nocumento
2674 5531 2777 5578 est.
2815 5519 3083 5575 Imbribus
3114 5518 3287 5571 olivas
3316 5517 3414 5569 mi-

1840 5639 1945 5679 nus
1969 5618 2290 5675 oleLl'acere
2340 5618 2527 5672 multis
2562 5615 2870 5670 rationibus
2928 5619 2983 5667 et
3024 5608 3413 5680 experimentis

1840 5719 2181 5785 compertum
2214 5726 2322 5774 est,
2361 5719 2417 5767 et
2466 5694 2809 5764 conﬁrmavit
2844 5703 3274 5775 Theophrastus.
3336 5698 3413 5755 De

1844 5808 2017 5863 causis
2048 5806 2246 5875 plant.,
2270 5802 2365 5860 lib.
2399 5819 2476 5869 v1,
2509 5816 2631 5871 cap.
2660 5800 2745 5862 ll,
2783 5798 2904 5851 Ὀτι
2934 5796 2977 5851 δ’
2998 5795 3099 5849 οὐκ
3131 5795 3188 5848 ὲν
3218 5791 3413 5849 πλήθει
