4042 6338
648 388 750 445 υιπ

1998 389 2240 446 LEONIS
2279 388 2549 444 ALLATII
3807 395 3892 448 ιιι
3976 369 3985 390 ‘

648 506 875 574 τροφῆς,
913 505 1018 558 οὐδ’
1061 508 1116 557 ἑν
1155 504 1418 573 εὖσαρκία
1461 503 1567 555 τῶν
1599 503 1791 556 ὲλαιῶν
1821 505 1880 556 τὸ
1919 505 2012 556 τοῦ
2052 507 2223 557 ἐλαίου

2333 521 2428 572 que
2472 515 2639 566 tusas,
2672 503 2740 557 ad
2785 504 2922 571 fores
2961 521 3138 558 eorum
3165 508 3402 574 posuisse
3433 508 3719 562 conveniet.
3775 507 3890 563 Ite-it

649 597 870 666 πλῆῢος,
893 600 954 648 ἐκ
973 595 1177 648 πολλῶν
1199 613 1327 661 gave
1341 596 1446 664 ρόν.
1470 596 1535 646 Αἵ
1549 612 1605 646 τε.
1625 597 1730 666 γὰρ
1749 595 2039 664 ὲπομϐρῖαι
2061 596 2234 647 ττι)ιοῦ-

651 707 733 741 σιν
770 689 1006 749 ἔλαττον,
1043 691 1100 740 αῖ
1128 689 1173 739 τ’
1206 688 1497 758 ἀρδόμεναι
1528 691 1704 758 χείφν
1735 689 1965 756 ῥέουσιν.
2000 688 2233 741 Consule

650 784 829 833 locum
867 789 921 833 et
953 796 1070 848 cap.
1119 779 1185 832 12
1234 779 1477 848 ejusdem
1537 780 1680 832 libri.
1728 779 1881 843 Quod
1937 788 2114 831 autem
2160 782 2231 831 ait

653 876 742 927 hic
776 882 958 927 noster
991 872 1313 928 Eustathius
1348 889 1535 926 verum
1564 890 1686 926 esse
1718 874 1953 942 quisque
1995 874 2227 926 arbitra-

648 967 813 1028 bitur,
849 967 937 1033 qui
974 978 1182 1018 meatus
1210 964 1402 1016 borum
1437 965 1758 1017 animalium
1811 966 2231 1035 angustissimos

647 1072 768 1110 esse
801 1071 908 1110 non
943 1062 1184 1124 ignorat;
1216 1073 1386 1125 quare
1420 1065 1472 1110 et
1499 1057 1655 1110 {cedis
1688 1057 1970 1116 odoribus.
2013 1059 2140 1124 quin
2177 1067 2232 1110 et

651 1150 1275 1216 unguentorumdeliciis
1318 1151 1551 1202 maxime
1591 1151 2005 1214 crueiantur,et
2033 1167 2229 1218 percu-

651 1243 791 1290 tiunt
834 1241 938 1292 illis
969 1240 1263 1291 delibutus.
1309 1241 1649 1297 Aristotcles.
1702 1239 1794 1292 lib.
1835 1257 1908 1300 Ix,
1943 1240 2016 1294 lle
2043 1243 2224 1294 histor.

651 1334 840 1389 anim.,
879 1347 998 1398 cap.
1036 1332 1126 1394 40,
1172 1331 1577 1384 Mundissimum
1625 1335 1857 1384 omnium
1901 1333 1994 1386 hoc
2034 1336 2232 1387 animal

650 1431 764 1483 est,
820 1423 1157 1490 quamobrem
1202 1441 1573 1487 strpenumero,
1617 1442 1732 1476 cum
1783 1428 1888 1478 alri
1950 1429 2228 1481 necessitas

650 1521 750 1571 est,
797 1514 1030 1574 avolant,
1078 1524 1124 1565 et
1181 1515 1232 1566 in
1276 1531 1480 1567 secessu
1537 1516 1760 1568 reddunt
1823 1528 2227 1578 excrementum,

651 1608 897 1673 quoniam
941 1607 1076 1658 male
1117 1609 1289 1670 cleat;
1323 1609 1540 1660 oderunt
1575 1625 1673 1660 non
1712 1611 1882 1661 solum
1909 1610 2071 1677 fwdos
2101 1611 2229 1662 odo-

654 1714 756 1757 res,
813 1698 901 1750 sed
942 1700 1100 1750 etiam
1137 1711 1520 1766 unguentorum
1557 1702 1775 1755 delicias
1809 1720 1825 1754 :
1855 1719 1918 1756 ex
1946 1721 2047 1772 quo
2082 1705 2141 1770 fit
2173 1716 2228 1757 ut

650 1787 884 1842 homines
944 1790 1026 1841 his
1080 1789 1337 1844 delibutas
1389 1795 1705 1860 percutiant.
1780 1793 1980 1848 Eadem
2045 1807 2231 1850 narrat

2338 599 2489 650 lanas
2524 608 2723 650 tractas
2754 599 3014 650 medentes
3039 613 3214 664 passo,
3251 611 3342 652 aut
3370 599 3601 666 defruto,
3634 611 3726 652 aut
3771 618 3890 669 aqua

2338 685 2527 736 mulsa.
2569 685 2900 737 Gallinarum
2931 687 3090 738 etiam
3123 687 3315 740 crudas
3345 705 3549 742 carnes.
3577 687 3888 752 Quibusdam

2333 777 2490 827 etiam
2537 778 2810 829 testatibns
2846 777 3000 830 iidem
3041 777 3142 830 cibi
3195 781 3503 845 pra'standi,
3536 797 3656 832 cum
3698 783 3888 834 siccitas

2338 869 2590 919 continua
2618 869 2809 934 ﬂorum
2837 871 3142 921 alimentum
3170 873 3406 926 abstulit.
3439 871 3640 926 Eadem
3675 872 3786 927 fere
3813 873 3892 926 lia-

2335 959 2421 1012 bet
2451 960 2770 1021 Columella,
2809 962 2898 1013 lib.
2931 960 3008 1023 d.,
3033 977 3152 1030 cap.
3198 961 3284 1023 H,
3316 963 3492 1016 dilTert
3515 973 3702 1016 tamen
3726 967 3794 1018 ab
3818 979 3888 1025 eo.

2334 1050 2476 1119 quod
2503 1067 2607 1104 non
2634 1052 2885 1121 gallinas.
2910 1052 3001 1106 sed
3031 1068 3178 1114 aves,
3204 1055 3376 1122 iisque
3408 1055 3708 1110 interaneis
3727 1071 3891 1109 nemo

2333 1145 2438 1212 ptis
2469 1143 2747 1196 includam
2781 1145 3006 1197 hiberno
3037 1152 3278 1213 tempore
3311 1155 3367 1198 ut
3394 1146 3592 1213 plumis
3632 1147 3890 1214 prebeaut

2334 1244 2572 1304 teporem
2617 1235 2809 1304 apibus
2853 1237 3006 1296 dicit,
3053 1236 3184 1289 Tum
3226 1239 3431 1289 etiamsi
3469 1247 3592 1289 sunt
3630 1239 3890 1305 absumpta

2333 1328 2538 1380 cibaria
2572 1329 2840 1381 commode
2878 1339 3166 1396 pascuntur
3192 1331 3492 1390 esurientes,
3526 1347 3618 1382 nec
3653 1331 3758 1384 nisi
3786 1349 3889 1384 ossa

2333 1436 2515 1472 earum
2560 1421 2879 1488 relinquunt.
2912 1419 3005 1474 Sin
3043 1432 3216 1474 autem
3244 1422 3346 1487 favi
3385 1422 3655 1488 sufﬁcient
3704 1439 3891 1489 peruia-

2341 1523 2458 1565 nent
2493 1512 2735 1574 illibatae,
2770 1531 2859 1566 nec
2903 1517 3137 1582 quamvis
3177 1517 3570 1569 amantissimas
3611 1517 3892 1571 inauditiu-

2332 1620 2449 1654 rum
2485 1603 2755 1671 oﬂ'endunt
2811 1604 2968 1658 odore
3016 1623 3132 1661 suo.
3170 1600 3361 1658 Verum
3413 1606 3667 1661 Elianus
3709 1611 3892 1663 nullius

2332 1695 2584 1748 animalis
2613 1709 2807 1747 CarnPs
2840 1697 3019 1757 edere.
3051 1696 3145 1750 sed
3189 1697 3295 1751 illis
3331 1698 3464 1751 satis
3511 1713 3636 1751 esse
3681 1697 3894 1752 ﬂoribus

2333 1787 2478 1838 vesci
2533 1787 2834 1848 contendit,
2871 1787 2963 1840 lib.
3021 1804 3073 1848 ν,
3127 1786 3202 1838 De
3256 1787 3379 1840 hist.
3419 1788 3609 1848 anim.,
3650 1804 3772 1857 cap.
3814 1789 3891 1848 11,

654 1879 927 1940 ὧιίξιηιις,
963 1880 1030 1934 De
1055 1884 1178 1934 hist.
1211 1858 1401 1946 anim.,
1433 1886 1525 1938 lib.
1551 1903 1602 1948 ν,
1635 1904 1754 1956 cap.
1792 1891 1876 1942 14.
1910 1887 2045 1942 llinc
2067 1891 2223 1942 etiam

2336 1878 2457 1929 Βίον
2491 1878 2543 1930 δὲ
2577 1880 2809 1949 καθαρὸν
2834 1881 2897 1950 ζῇ
2927 1881 3166 1950 μέλιττα,
3199 1882 3289 1933 καὶ
3315 1882 3450 1945 ζῴου
3481 1884 3582 1933 οὒκ
3611 1879 3680 1934 ἂν
3697 1883 3895 1945 οὐδενὲς

653 1975 710 2027 lit
751 1985 808 2027 ut
860 1977 1066 2028 nullum
1104 1977 1332 2031 cadaver
1374 1980 1665 2049 attingant.
1724 1980 1964 2046 Plinius,
2013 1983 2104 2037 lib.
2151 1999 2227 2046 ιι,

653 2084 772 2136 cap.
808 2069 897 2122 25.

724 2161 882 2224 Ibid.,
918 2162 1012 2214 lin.
1045 2162 1135 2216 25.
1177 2163 1329 2226 Ὄξει
1363 2161 1475 2217 οὖν
1498 2163 1829 2216 ἀναϐιοῦσι.
1866 2165 2041 2217 Alium
2074 2180 2229 2233 repa-

653 2253 883 2307 ratiouis
937 2254 1153 2306 modum
1208 2263 1392 2306 narrat
1455 2253 1684 2316 Plinius,
1729 2255 1822 2307 lib.
1874 2271 1947 2322 xi,
1982 2271 2100 2324 cap.
2137 2255 2227 2319 9.0,

653 2343 788 2396 Sunt
818 2346 904 2411 qui
939 2355 1191 2406 mortuas,
1231 2347 1273 2397 si
1310 2347 1448 2397 intra
1496 2357 1684 2398 tectum
1730 2347 1896 2400 hicine
1937 2359 2224 2410 serventur,

651 2435 836 2487 deinde
870 2437 976 2488 sole
1007 2451 1158 2487 verno
1188 2444 1507 2497 torreantur,
1545 2454 1606 2488 ac
1641 2439 1863 2502 ficulneo
1909 2440 2076 2490 cinere
2121 2448 2228 2489 toto

649 2527 734 2579 die
770 2527 1068 2594 foueantur,
1097 2537 1274 2592 putent
1309 2528 1629 2580 reviviscere.
1669 2527 1720 2578 ld
1755 2539 1930 2580 autem
1965 2527 2228 2597 Hyginius

652 2617 888 2684 majores
946 2625 1165 2670 secutus
1221 2624 1472 2670 auctores
1520 2617 1850 2685 prodiderat.
1902 2616 2224 2680 Columella,

654 2706 730 2760 De
758 2724 810 2760 re
845 2717 1004 2770 rust.,
1031 2707 1122 2760 lib.
1154 2724 1228 2767 ix,
1271 2723 1392 2776 cap.
1429 2708 1513 2768 15,
1565 2705 1704 2758 Nam
1747 2707 1878 2758 illud
1900 2709 2036 2774 quod
2076 2706 2227 2777 [ligi-

653 2804 769 2853 nius
826 2802 1052 2870 majores
1114 2811 1322 2854 secutus
1370 2813 1610 2854 auctores
1670 2802 1924 2868 prodidit,
1967 2803 2076 2866 ipse
2124 2818 2226 2853 non

649 2903 891 2958 expertus
939 2908 1236 2946 asset-crare
1293 2909 1396 2944 non
1458 2891 1623 2944 audeo
1657 2910 1673 2944 :
1706 2891 1992 2945 volentibus
2055 2902 2227 2944 tamen

655 2986 826 3038 licebit
874 2988 1136 3055 experiri;
1215 2984 1469 3054 siquidem
1509 2987 1744 3052 pra'cipit
1787 3002 1940 3052 apum
1984 3000 2225 3051 corpora,

651 3095 767 3142 quae
796 3093 910 3129 cum
941 3077 1204 3145 ejusmodi
1234 3079 1393 3145 pestis
1423 3079 1654 3139 incessit,
1697 3077 1792 3130 sub
1830 3079 1964 3145 faris
2011 3095 2226 3130 acerva-

2335 1971 2567 2024 πάσαιτό
2601 1989 2750 2033 ποτε,
2790 1973 2884 2024 καὶ
2925 1973 2984 2025 οὐ
3027 1973 3192 2025 δεῖται
3237 1974 3553 2043 Πυθαγόρου
3603 1973 3894 2042 συμϐούλου

2330 2062 2450 2114 οὐδὲ
2482 2062 2560 2122 ἓν,
2589 2060 2734 2130 quod
2764 2068 2816 2114 et
2845 2070 2976 2114 ante
3001 2077 3122 2114 eum
3157 2061 3475 2115 Aristoteles
3504 2061 3891 2119 insinuaverat.

2332 2153 2425 2205 lib.
2461 2169 2536 2212 Ix,
2579 2151 2652 2205 De
2673 2152 2796 2204 hist.
2820 2153 3010 2214 anim.,
3037 2167 3159 2220 cap.
3192 2152 3279 2214 40,
3305 2153 3446 2222 Πρὸς
3476 2154 3654 2222 σάρκα
3681 2153 3736 2204 δὲ
3760 2152 3895 2206 οὐδε-

2330 2243 2417 2304 νὸς
2451 2243 2686 2307 καθίζει,
2715 2243 2820 2294 οὐδ’
2842 2243 3123 2311 ὀψοφαγεῖ.
3159 2243 3292 2308 Quis
3321 2259 3450 2312 ergo
3479 2244 3645 2298 hasce
3676 2246 3730 2298 in
3755 2253 3893 2298 tanta

2331 2334 2575 2386 ciborum
2609 2336 2784 2402 copia,
2815 2348 3103 2387 succorum
3131 2333 3399 2387 alliuentia
3430 2349 3556 2388 aere
3584 2335 3782 2389 nutriri
3804 2351 3895 2388 un-

2328 2441 2493 2494 quam
2527 2427 2900 2479 existimaret?
2931 2427 3053 2495 quis
3085 2427 3238 2480 cibos
3272 2435 3621 2497 praepararet,
3655 2429 3780 2496 quis
3808 2443 3895 2482 eas

2329 2525 2544 2570 Curaret
2578 2518 2822 2577 alendas,
2857 2518 3055 2586 quibus
3094 2534 3194 2572 nec
3253 2519 3408 2572 cibus
3464 2520 3661 2572 decese
3706 2529 3892 2588 potest,

2329 2626 2426 2663 nec
2463 2611 2620 2664 lamis
2668 2611 2934 2670 cruciare,
2989 2626 3111 2663 cum
3164 2626 3376 2679 semper
3431 2610 3672 2664 habeant
3722 2628 3890 2667 aerem

2327 2709 2619 2770 patentem,
2650 2715 2758 2770 quo
2792 2699 3001 2767 possint
3033 2701 3305 2754 enutriri?

2400 2791 2556 2852 Ibid.,
2608 2792 2704 2844 lin.
2751 2791 2840 2843 9.6.
2902 2793 3148 2859 Ἔχουσι
3190 2791 3258 2844 δὲ
3300 2791 3585 2855 βασιλέα.
3644 2791 3891 2852 Basilius,

2327 2884 2476 2936 hom.
2526 2882 2578 2946 8,
2629 2884 2783 2935 Ἐστι
2827 2883 2882 2934 δέ
2923 2901 3046 2936 τινα
3089 2886 3183 2936 καὶ
3227 2883 3476 2939 πολιτικὰ
3515 2883 3625 2934 τῶν
3671 2883 3890 2949 ἀλόγων

2330 2976 2486 3046 εἴπερ
2525 2975 2798 3037 πολιτείας
2835 2975 2965 3026 ἴδιον
3003 2975 3062 3027 τὸ
3095 2975 3230 3044 πρὸς
3269 2975 3325 3026 ἒν
3363 2975 3534 3043 πέρας
3574 2975 3755 3026 κοινὸν
3781 2991 3893 3026 συν·

2329 3067 2500 3120 νεύειν
2523 3070 2619 3137 τὴν
2641 3067 2920 3138 ἐνέργειαν
2938 3067 3045 3118 τῶν
3066 3066 3184 3119 καθ’
3209 3067 3453 3130 ἕκαστον,
3479 3065 3669 3136 ὥσπερ
3688 3068 3776 3118 ἐπὶ
3795 3065 3893 3118 τῶν

654 3174 746 3223 tim
780 3182 969 3224 enecta)
997 3172 1343 3236 reperiuntur,
1380 3171 1518 3222 sicco
1567 3170 1676 3220 loco
1707 3185 1796 3236 per
1825 3170 2041 3222 hiemem
2077 3186 2222 3238 repo—

2333 3158 2603 3228 μελισσῶν
2644 3159 2710 3211 ἄν
2749 3175 2832 3220 τις
2869 3157 2985 3209 ἴδοι.
3025 3158 3134 3210 Καὶ
3158 3158 3264 3228 γὰρ
3295 3157 3515 3210 ἐκείνων
3549 3159 3705 3228 κοινὴ
3745 3160 3840 3228 μὲν
3863 3161 3896 3228 ἡ

651 3267 756 3317 sita
786 3266 928 3316 circa
973 3263 1325 3331 a'qninoa‘iam
1370 3277 1600 3322 remum,
1643 3278 1758 3312 cum
1801 3260 2076 3314 clementia
2120 3262 2224 3314 diei

651 3363 876 3416 suaserit
907 3369 1021 3428 post
1061 3361 1244 3411 horam
1278 3359 1485 3410 tertiam
1505 3358 1556 3408 in
1589 3357 1750 3410 solent
1783 3357 2036 3425 proferre,
2071 3358 2224 3424 ﬁcul-

653 3471 844 3521 ncoque
877 3455 1046 3505 cinere
1081 3452 1314 3504 obruere.
1345 3452 1460 3516 Quo
1487 3451 1628 3517 facto
1662 3450 1895 3516 afﬁrmat
1920 3450 2064 3501 intra
2089 3448 2221 3501 duas

652 3543 808 3594 haras
857 3559 973 3594 cum
1023 3542 1185 3593 uirida
1223 3542 1392 3592 halitu
1427 3542 1617 3593 caloris
1654 3542 1902 3592 animata:
1943 3553 2086 3603 sunt,
2143 3558 2223 3594 re-

653 3646 858 3702 sumpto
889 3637 1075 3702 spiritu
1110 3635 1163 3686 in
1191 3645 1546 3702 pra'paratum
1577 3651 1689 3695 vas,
1723 3635 1768 3687 si
1809 3633 2112 3700 obiiciatur,
2145 3635 2222 3686 ir-

651 3745 848 3794 repere.

725 3819 852 3872 Ibid.
905 3820 1217 3887 Τρέφονται
1273 3819 1339 3871 δὲ
1374 3819 1452 3884 τῷ
1487 3820 1632 3886 ἔαρι.
1676 3819 1932 3881 Basilius,
1981 3819 2127 3871 hom.
2167 3818 2219 3880 8,

663 3913 799 3962 Ἀλλ’
831 3911 924 3962 ὅλα
951 3913 1016 3964 δι’
1051 3913 1172 3963 ὅλου
1207 3912 1464 3980 τρέφεται
1502 3911 1578 3980 τῷ
1601 3911 1739 3980 ἀέρι.
1778 3912 2117 3972 Aristotcles,
2149 3910 2223 3963 De

650 4003 772 4057 hist.
804 4006 990 4064 anim.,
1031 4004 1123 4057 lib.
1161 4020 1236 4066 ix,
1271 4018 1388 4072 cap.
1418 4004 1505 4065 40,
1534 4003 1764 4055 allirmat
1796 4018 1888 4056 eas
1918 4004 2127 4060 esurire
2157 4002 2222 4054 ab

651 4097 827 4148 hieme
853 4095 1194 4162 potissimum
1239 4110 1361 4147 cum
1399 4111 1534 4163 opus
1568 4095 1866 4162 incipiunt,
1911 4103 1962 4146 et
2006 4094 2096 4145 lib.
2147 4110 2219 4156 iv,

656 4184 726 4234 De
747 4194 887 4250 part.
917 4186 1102 4245 anim.,
1136 4199 1254 4251 cap.
1286 4187 1338 4245 6,
1365 4185 1438 4236 ait
1469 4200 1561 4238 eas
1596 4185 1714 4236 ideo
1746 4201 1864 4238 esse
1889 4184 2220 4252 quadrippu-

651 4290 768 4334 nes,
804 4285 857 4328 et
895 4276 1285 4342 corpulentiam
1333 4276 1531 4329 habere
1571 4276 1845 4341 leviorem,
1882 4275 2007 4345 quia
2034 4283 2083 4328 et
2128 4290 2221 4343 pa-

649 4367 798 4420 scuis
835 4367 1042 4426 vivunt.
1086 4375 1139 4421 et
1179 4383 1402 4423 necesse
1437 4368 1637 4423 habent
1671 4369 1852 4437 pabuli
1885 4382 2052 4422 causa
2090 4384 2218 4421 eva-

649 4475 788 4528 gari,
821 4469 874 4512 et
907 4460 999 4513 lib.
1029 4475 1102 4521 ix,
1134 4459 1209 4512 De
1234 4461 1356 4513 hist.
1395 4461 1581 4521 anim.,
1609 4476 1728 4530 cap.
1763 4462 1853 4525 40,
1891 4461 2218 4515 determinat

2326 3251 2562 3320 οἴκησις,
2600 3251 2754 3320 κοινὴ
2787 3250 2841 3302 δὲ
2877 3253 2908 3318 ἡ
2947 3253 3163 3320 πτῆσις,
3195 3252 3424 3320 ἐργασία
3455 3250 3511 3302 δὲ
3537 3252 3755 3304 πάντων

2327 3344 2421 3396 καὶ
2449 3343 2538 3394 τὸν
2575 3343 2852 3413 μέγιστον,
2887 3344 2968 3394 ὅτι
3001 3343 3104 3394 ὑπὸ
3135 3342 3343 3412 βασιλεί
3368 3345 3460 3396 καὶ
3486 3344 3765 3414 ταξιάρχῳ
3794 3346 3898 3398 τινὶ

2322 3433 2431 3485 τῶν
2457 3432 2629 3502 ἔργων
2663 3432 2946 3497 ἅπτονται,
2976 3433 3035 3485 οὐ
3065 3433 3326 3502 πρότερον
3355 3433 3782 3503 καταδεχόμεναι
3807 3435 3898 3488 ἐπὶ

2323 3526 2449 3588 τοὺς
2469 3525 2740 3594 λειμῶνας
2765 3525 2958 3587 ἐλθεῖν,
2995 3525 3122 3596 πρὶν
3161 3525 3226 3577 ἂν
3261 3525 3410 3576 ἴδωσι
3444 3525 3788 3594 κατάρξαντα
3809 3525 3898 3577 τὶν

2325 3613 2547 3683 βασιλέα
2577 3614 2672 3683 τῆς
2709 3615 2982 3683 πτήσεως.
3039 3615 3148 3666 Καὶ
3176 3613 3320 3666 ἐστιν
3349 3615 3536 3676 αὑταῖς
3573 3614 3634 3666 οὐ
3663 3631 3899 3684 χειροτο-

2323 3708 2478 3777 νητὸς
2510 3706 2778 3776 βασιλεὺς.
2807 3706 2870 3758 Et
2903 3706 3152 3772 inferius,
3189 3707 3326 3758 Ἀλλ’
3352 3709 3415 3757 ἐκ
3442 3705 3656 3774 φύσεως
3684 3706 3822 3774 ἔχων
3843 3709 3898 3758 τὺ

2324 3797 2462 3848 κατὰ
2506 3798 2722 3850 πάντων
2765 3801 3048 3868 πρωτεῖον,
3079 3799 3172 3849 καὶ
3219 3797 3437 3867 μεγέθει
3477 3796 3772 3868 διαφέρων,
3808 3801 3899 3849 καὶ

2326 3889 2582 3958 σχήματι,
2621 3889 2715 3942 καὶ
2748 3891 2812 3959 τῇ
2842 3888 2934 3940 τοῦ
2964 3887 3125 3959 ἤθους
3152 3887 3438 3957 πραότητι,
3473 3889 3627 3940 Ἔστι
3663 3891 3763 3959 μὲν
3793 3893 3898 3959 τὰρ

2327 3981 2546 4050 κέντρον
2571 3981 2648 4051 τῷ
2677 3980 2902 4051 βασιλεῖ,
2935 3979 3072 4032 ἀλλὰ
3098 3980 3157 4031 οὐ
3187 3979 3385 4048 χρῆται
3414 3979 3570 4030 τοῦτο
3601 3980 3738 4050 πρὸς
3763 3982 3895 4050 ἄμυ-

2325 4090 2436 4125 ναν.
2474 4071 2612 4127 Solae
2638 4075 2781 4128 enim
2816 4073 2897 4127 ba:
2928 4089 2992 4127 ex
3017 4072 3260 4124 omnium
3295 4071 3653 4124 animantium
3678 4088 3894 4141 genere,

2323 4172 2381 4217 ut
2410 4173 2602 4218 auctor
2631 4173 2715 4219 est
2750 4165 2951 4230 Horus,
2987 4164 3081 4218 lib.
3102 4178 3140 4225 ι,
3159 4177 3278 4231 cap.
3299 4162 3386 4225 62,
3409 4172 3460 4216 et
3479 4179 3660 4232 regem
3680 4164 3894 4223 habent,

2321 4259 2376 4306 et
2429 4253 2506 4306 illi
2547 4269 2654 4308 non
2691 4269 2851 4308 secus
2888 4267 2952 4306 ac
2991 4251 3185 4321 vulgus
3227 4252 3336 4320 regi
3368 4253 3896 4324 obtemperant._Ka'-.

2322 4343 2430 4415 γὰρ
2456 4346 2612 4414 μόνον
2636 4345 2742 4398 τῶν
2774 4345 2946 4398 ἄλλων
2974 4342 3126 4406 ζώων
3156 4342 3375 4411 βασιλέα
3406 4344 3539 4414 ἕχει,
3565 4339 3611 4412 ᾧ
3638 4346 3696 4397 τὸ
3719 4345 3896 4398 λοιπὸν

2321 4441 2427 4494 τῶν
2449 4441 2715 4510 μελισσῶν
2733 4443 2923 4495 ἕπεται
2944 4439 3166 4510 πλῆθος,
3193 4442 3324 4494 καθὸ
3347 4443 3439 4494 καὶ
3462 4445 3511 4494 οἱ
3540 4444 3654 4496 ἄνοι
3679 4443 3898 4496 ἕπονται

650 4566 742 4602 eas
775 4550 906 4602 nihil
940 4549 1147 4611 venari,
1198 4551 1298 4631 sed
1348 4551 1479 4618 ipsis
1526 4552 1628 4606 sibi
1682 4554 1889 4605 cibaria
1936 4552 2134 4613 facere,
2167 4562 2220 4604 et

2331 4534 2562 4603 βασιλεῖ.
2594 4534 2659 4588 Et
2698 4534 2983 4604 Didymus,
3032 4535 3086 4586 in
3133 4533 3420 4604 Georgicis,
3448 4536 3558 4588 Καὶ
3587 4537 3622 4604 ἡ
3657 4536 3898 4589 πολιτεία

652 4643 965 4704 recondere.
1003 4653 1054 4696 et
1099 4658 1283 4697 earum
1321 4645 1498 4697 cibum
1543 4661 1664 4699 esse
1702 4647 1827 4709 mel,
1867 4647 2015 4712 cujus
2045 4648 2118 4698 rei
2146 4651 2224 4698 in-

648 4734 844 4786 dicium
869 4736 1092 4803 faciunt,
1125 4753 1241 4788 cunt
1274 4738 1465 4803 apiarii
1499 4740 1723 4791 eximere
1755 4740 2013 4806 incipiunt
2039 4739 2221 4806 fauos;

648 4829 885 4895 quamvis
920 4829 1054 4879 enim
1089 4830 1395 4895 suf/iantur,
1427 4831 1841 4898 uehementerque
1867 4847 1930 4883 ea:
1964 4831 2108 4898 fumo
2143 4833 2224 4884 la-

650 4921 860 4978 borent,-
882 4927 1054 4969 tamen
1095 4921 1212 4984 plus
1254 4920 1422 4972 mellis
1463 4932 1582 4972 tunc
1615 4924 1796 4983 edunt,
1847 4938 2003 4988 quam
2051 4924 2218 4988 prius.

650 5009 801 5071 Quod
829 5008 967 5060 enim
997 5007 1099 5059 cibi
1140 5025 1301 5061 causa
1338 5012 1438 5062 sibi
1472 5012 1881 5076 recondiderint,
1917 5014 2128 5079 parcius
2163 5030 2220 5066 eo

649 5099 962 5158 temporibus
1011 5101 1212 5152 cwteris
1242 5111 1478 5152 utuntur.
1518 5101 1616 5154 Sed
1668 5102 1857 5154 habent
1910 5105 2068 5156 etiam
2121 5121 2220 5172 quo

647 5192 814 5242 altero
855 5190 968 5244 cibo
997 5192 1233 5253 alantur,
1259 5192 1397 5258 quod
1422 5193 1634 5259 quidam
1663 5195 1979 5262 ceraginem,
2017 5195 2112 5247 alii
2147 5212 2222 5247 ce-

646 5298 790 5333 reum
829 5292 1030 5342 vocant,
1085 5299 1257 5334 verum
1301 5283 1394 5336 hoc
1441 5282 1670 5335 deterius
1707 5295 1805 5347 est,
1847 5296 1896 5336 et
1949 5286 2219 5339 dulcedine

645 5390 803 5440 prope
821 5375 951 5440 ﬁcus
970 5388 987 5425 :
1007 5385 1288 5441 congerunt
1322 5376 1373 5426 id
1399 5391 1598 5444 quoque
1629 5385 1684 5428 ut
1714 5392 1883 5428 ceram
1911 5381 2019 5431 suis
2044 5381 2212 5430 cruri-

647 5462 758 5512 bus.
798 5460 858 5512 Et
888 5460 1136 5524 inferius,
1168 5461 1363 5516 Pastas
1399 5467 1731 5532 gratissimus
1763 5467 1946 5533 apibus
1983 5468 2216 5537 thymum

645 5563 719 5605 est
745 5569 761 5603 :
793 5554 880 5605 sed
913 5554 1090 5606 rubidc
1138 5554 1316 5606 album
1348 5557 1646 5624 profertur.
1703 5555 1765 5608 lit
1805 5558 1896 5610 lib.
1942 5575 2059 5623 vni,
2095 5575 2213 5627 cap.

652 5644 733 5703 ll,
781 5644 908 5710 Apis
949 5661 1052 5696 una
1089 5646 1250 5698 nullis
1285 5648 1482 5714 putidis
1523 5647 1740 5710 assidet,
1780 5665 1869 5703 nec
1915 5650 2079 5702 utitur
2112 5651 2217 5702 alio

645 5727 756 5778 cibo
800 5745 954 5798 quam
1008 5729 1168 5784 dulci.
1199 5730 1363 5797 Plin.,
1402 5733 1493 5784 lib.
1545 5748 1658 5798 xxi,
1688 5749 1806 5803 cap.
1845 5735 1930 5794 14,
1979 5736 2038 5789 Si
2073 5737 2218 5790 cibus

648 5837 820 5874 acc-ue
853 5834 1122 5876 censeatur
1155 5825 1335 5892 apibus
1377 5843 1500 5878 usas
1549 5842 1734 5879 oas1as
1775 5830 2019 5897 δίδωθι-ε,
2062 5832 2219 5898 ficos-

2326 4627 2516 4678 τοῦτου
2544 4627 2636 4679 τοῦ
2668 4626 2805 4690 ζώου
2835 4625 3122 4696 προσέοικε
3151 4629 3268 4690 ταῖς
3309 4627 3540 4696 μάλιστα
3565 4628 3894 4699 εὐνομουμέ-

2325 4734 2443 4778 ναις
2477 4716 2584 4769 τῶν
2619 4717 2846 4768 πόλεων.
2883 4718 2993 4778 Τάς
3023 4733 3082 4768 τε
3118 4718 3224 4788 γὰρ
3252 4718 3461 4784 ἐξόδους
3501 4719 3623 4778 καθ’
3659 4721 3895 4790 ἡγεμόνα

2325 4809 2423 4860 καὶ
2449 4809 2583 4878 πρὸς
2610 4809 2668 4860 τὸ
2696 4808 2975 4877 ἐπὶταγμα
3005 4811 3258 4862 ποιεῖται.
3294 4811 3356 4863 Et
3387 4811 3729 4873 Aristoteles,
3757 4810 3843 4865 lib:
3878 4827 3889 4862 l

2328 4905 2405 4958 De
2443 4907 2627 4958 histor.
2685 4909 2873 4963 anim.,
2922 4920 3043 4973 cap.
3076 4905 3126 4965 1,
3177 4907 3340 4959 etiam
3392 4921 3554 4975 grues
3604 4907 3707 4960 sub
3760 4908 3890 4959 duce

2327 5014 2488 5067 agere
2521 5001 2740 5058 asserit,
2788 4996 2967 5052 Civilis
2994 5000 3197 5066 generis
3235 5009 3312 5052 est
3342 4999 3516 5061 homo,
3551 5000 3686 5064 apis,
3719 5014 3882 5064 vespa.

2323 5090 2567 5158 formica,
2620 5107 2765 5161 grus.
2816 5089 3056 5154 Quarum
3103 5092 3226 5145 alia:
3259 5093 3354 5145 sub
3391 5092 3521 5145 duce
3570 5093 3780 5160 degunt,
3831 5100 3882 5141 sit

2322 5201 2496 5252 grues,
2530 5193 2588 5235 ut
2624 5199 2766 5249 opes,
2813 5183 2936 5234 alia:
2981 5183 3113 5236 nulli
3142 5185 3368 5236 subdita:
3411 5185 3630 5250 imperio
3661 5197 3798 5242 sunt,
3829 5195 3880 5234 at

2321 5273 2557 5340 formica:
2586 5285 2633 5326 et
2665 5273 2774 5326 alia
2807 5277 3082 5325 innumera
3107 5289 3234 5340 pene
3262 5290 3469 5343 genera.

2391 5367 2550 5431 lbid.,
2579 5369 2674 5419 lin.
2701 5365 2791 5418 28.
2827 5367 2931 5418 Kal
2958 5365 3203 5433 οὐδεμία
3230 5366 3574 5434 προχείρως.
3609 5364 3874 5439 Apes'pro-

2321 5462 2501 5529 prium
2537 5459 2756 5518 ducem,
2790 5465 2953 5524 atque
2988 5457 3392 5524 imperatorem,
3417 5454 3671 5508 omnibus
3698 5440 3873 5506 ofﬁciis

2325 5552 2582 5622 prosequi
2639 5549 2911 5601 alliruiant
2970 5545 3242 5609 IEliamis,
3291 5546 3368 5600 De
3419 5546 3604 5600 histor.
3646 5542 3871 5603 animal.,

2323 5644 2416 5695 lib.
2447 5659 2499 5704 ν,
2524 5656 2644 5709 cap.
2682 5640 2745 5692 10
2772 5648 2824 5691 et
2858 5640 2911 5691 11
2939 5657 2953 5694 ;
2980 5639 3318 5698 Aristoteles,
3338 5645 3391 5691 et
3423 5634 3652 5701 Plinius,
3685 5637 3772 5690 lib.
3807 5649 3870 5690 xi.

2321 5753 2441 5806 cap.
2486 5737 2539 5799 6,
2607 5744 2660 5788 et
2715 5750 2836 5804 cap.
2885 5734 2970 5788 17.
3008 5735 3148 5788 Mira
3197 5734 3369 5803 plebis
3409 5732 3554 5785 circa
3597 5746 3722 5786 eum
3758 5728 3874 5782 obe-

2323 5832 2542 5886 dientia.
2585 5829 2714 5885 Cum
2747 5828 2978 5898 procedit
3014 5844 3119 5882 una
3156 5836 3233 5882 est
3267 5836 3430 5882 totum
3467 5839 3703 5891 nomen,
3730 5822 3874 5877 circa-
