  <div class='ocr_page' id='page_1' title='image "/cluster/home/n/w/nwhite01/storage/ocr_20150623/18/pst.000005712038/476.png"; bbox 0 0 4042 6338; ppageno 0'>
   <div class='ocr_carea' id='block_1_1' title="bbox 177 403 284 465">
    <p class='ocr_par' dir='ltr' id='par_1_1' title="bbox 177 403 284 465">
     <span class='ocr_line' id='line_1_1' title="bbox 177 403 284 465; baseline -0.028 0"><span class='ocrx_word' id='word_1_1' title='bbox 177 403 284 465; x_wconf 72' lang='grc' dir='ltr'>οη</span> 
     </span>
    </p>
   </div>
   <div class='ocr_carea' id='block_1_2' title="bbox 1278 389 2532 456">
    <p class='ocr_par' dir='ltr' id='par_1_2' title="bbox 1278 389 2532 456">
     <span class='ocr_line' id='line_1_2' title="bbox 1278 389 2532 456; baseline -0.008 -3"><span class='ocrx_word' id='word_1_2' title='bbox 1278 401 1342 454; x_wconf 85' lang='grc' dir='ltr'><strong>ΙΝ</strong></span> <span class='ocrx_word' id='word_1_3' title='bbox 1382 400 1754 456; x_wconf 62' lang='lat' dir='ltr'><strong>EL‘STATHII</strong></span> <span class='ocrx_word' id='word_1_4' title='bbox 1794 392 2265 455; x_wconf 70' lang='lat' dir='ltr'><strong>HEXAEMEBON</strong></span> <span class='ocrx_word' id='word_1_5' title='bbox 2301 389 2532 445; x_wconf 73' lang='grc' dir='ltr'><strong>ΝυΤίΕ.</strong></span> 
     </span>
    </p>
   </div>
   <div class='ocr_carea' id='block_1_3' title="bbox 3309 378 3409 434">
    <p class='ocr_par' dir='ltr' id='par_1_3' title="bbox 3309 378 3409 434">
     <span class='ocr_line' id='line_1_3' title="bbox 3309 378 3409 434; baseline -0.02 0"><span class='ocrx_word' id='word_1_6' title='bbox 3309 378 3409 434; x_wconf 78' lang='grc'><strong>918</strong></span> 
     </span>
    </p>
   </div>
   <div class='ocr_carea' id='block_1_4' title="bbox 175 500 1754 595">
    <p class='ocr_par' dir='ltr' id='par_1_4' title="bbox 175 524 1745 595">
     <span class='ocr_line' id='line_1_4' title="bbox 175 524 1745 595; baseline -0.004 -13"><span class='ocrx_word' id='word_1_7' title='bbox 175 539 278 582; x_wconf 65' lang='grc' dir='ltr'>αι</span> <span class='ocrx_word' id='word_1_8' title='bbox 313 541 432 579; x_wconf 70' lang='lat' dir='ltr'><strong>cum</strong></span> <span class='ocrx_word' id='word_1_9' title='bbox 456 524 822 595; x_wconf 74' lang='lat' dir='ltr'><strong>conglobatur,</strong></span> <span class='ocrx_word' id='word_1_10' title='bbox 859 524 1042 593; x_wconf 86' lang='lat' dir='ltr'><strong>cingit,</strong></span> <span class='ocrx_word' id='word_1_11' title='bbox 1070 527 1316 595; x_wconf 82' lang='lat' dir='ltr'><strong>protegit,</strong></span> <span class='ocrx_word' id='word_1_12' title='bbox 1342 525 1484 577; x_wconf 86' lang='lat' dir='ltr'><strong>cerni</strong></span> <span class='ocrx_word' id='word_1_13' title='bbox 1522 541 1622 577; x_wconf 88' lang='lat' dir='ltr'><strong>non</strong></span> <span class='ocrx_word' id='word_1_14' title='bbox 1650 540 1745 592; x_wconf 86' lang='lat' dir='ltr'><strong>pa-</strong></span> 
     </span>
    </p>
   </div>
   <div class='ocr_carea' id='block_1_5' title="bbox 1854 500 3414 595">
    <p class='ocr_par' dir='ltr' id='par_1_5' title="bbox 1854 500 3414 590">
     <span class='ocr_line' id='line_1_5' title="bbox 1854 500 3414 590; baseline -0.016 -15"><span class='ocrx_word' id='word_1_15' title='bbox 1854 539 1944 590; x_wconf 79' lang='grc' dir='ltr'><strong>την</strong></span> <span class='ocrx_word' id='word_1_16' title='bbox 1983 523 2102 581; x_wconf 78' lang='grc' dir='ltr'>ταῖς</span> <span class='ocrx_word' id='word_1_17' title='bbox 2157 515 2427 583; x_wconf 76' lang='grc' dir='ltr'><strong>κοιλότησι</strong></span> <span class='ocrx_word' id='word_1_18' title='bbox 2474 510 2580 563; x_wconf 85' lang='grc' dir='ltr'><strong>τῶν</strong></span> <span class='ocrx_word' id='word_1_19' title='bbox 2628 508 2832 578; x_wconf 82' lang='grc' dir='ltr'><strong>κηρίων</strong></span> <span class='ocrx_word' id='word_1_20' title='bbox 2883 505 3132 572; x_wconf 62' lang='grc' dir='ltr'>ἐνίησινστ</span> <span class='ocrx_word' id='word_1_21' title='bbox 3161 500 3279 554; x_wconf 73' lang='grc' dir='ltr'>ὅθεν</span> <span class='ocrx_word' id='word_1_22' title='bbox 3320 501 3414 550; x_wconf 71' lang='grc' dir='ltr'><strong>καὶ</strong></span> 
     </span>
    </p>
   </div>
   <div class='ocr_carea' id='block_1_6' title="bbox 180 615 1750 685">
    <p class='ocr_par' dir='ltr' id='par_1_6' title="bbox 180 615 1750 685">
     <span class='ocr_line' id='line_1_6' title="bbox 180 615 1750 685; baseline -0.003 -13"><span class='ocrx_word' id='word_1_23' title='bbox 180 619 332 673; x_wconf 77' lang='lat' dir='ltr'><strong>titur.</strong></span> <span class='ocrx_word' id='word_1_24' title='bbox 364 616 576 685; x_wconf 83' lang='lat' dir='ltr'><strong>Quibus</strong></span> <span class='ocrx_word' id='word_1_25' title='bbox 619 617 769 670; x_wconf 90' lang='lat' dir='ltr'><strong>addit</strong></span> <span class='ocrx_word' id='word_1_26' title='bbox 817 615 1068 672; x_wconf 58' lang='lat' dir='ltr'><strong>Allienus</strong></span> <span class='ocrx_word' id='word_1_27' title='bbox 1103 618 1224 671; x_wconf 92' lang='lat' dir='ltr'><strong>loco</strong></span> <span class='ocrx_word' id='word_1_28' title='bbox 1257 617 1312 671; x_wconf 92' lang='lat' dir='ltr'><strong>d.</strong></span> <span class='ocrx_word' id='word_1_29' title='bbox 1360 617 1524 670; x_wconf 88' lang='lat' dir='ltr'><strong>etiam</strong></span> <span class='ocrx_word' id='word_1_30' title='bbox 1572 631 1750 684; x_wconf 76' lang='lat' dir='ltr'><strong>regem</strong></span> 
     </span>
    </p>
   </div>
   <div class='ocr_carea' id='block_1_7' title="bbox 179 705 1750 779">
    <p class='ocr_par' dir='ltr' id='par_1_7' title="bbox 179 705 1750 779">
     <span class='ocr_line' id='line_1_7' title="bbox 179 705 1750 779; baseline -0.003 -17"><span class='ocrx_word' id='word_1_31' title='bbox 179 705 467 779; x_wconf 65' lang='lat' dir='ltr'><strong>fugitivum</strong></span> <span class='ocrx_word' id='word_1_32' title='bbox 502 722 803 770; x_wconf 79' lang='lat' dir='ltr'><strong>accersere,</strong></span> <span class='ocrx_word' id='word_1_33' title='bbox 860 718 913 761; x_wconf 90' lang='lat' dir='ltr'><strong>et</strong></span> <span class='ocrx_word' id='word_1_34' title='bbox 962 707 1016 761; x_wconf 91' lang='lat' dir='ltr'><strong>in</strong></span> <span class='ocrx_word' id='word_1_35' title='bbox 1065 723 1294 777; x_wconf 80' lang='lat' dir='ltr'><strong>regnum</strong></span> <span class='ocrx_word' id='word_1_36' title='bbox 1326 707 1606 760; x_wconf 89' lang='lat' dir='ltr'><strong>reducere.</strong></span> <span class='ocrx_word' id='word_1_37' title='bbox 1648 707 1750 758; x_wconf 82' lang='grc' dir='ltr'><strong>Τὸν</strong></span> 
     </span>
    </p>
   </div>
   <div class='ocr_carea' id='block_1_8' title="bbox 181 797 1746 874">
    <p class='ocr_par' dir='ltr' id='par_1_8' title="bbox 181 797 1746 874">
     <span class='ocr_line' id='line_1_8' title="bbox 181 797 1746 874; baseline -0.004 -20"><span class='ocrx_word' id='word_1_38' title='bbox 181 797 408 874; x_wconf 62' lang='grc' dir='ltr'>βασιλέα</span> <span class='ocrx_word' id='word_1_39' title='bbox 439 799 616 853; x_wconf 83' lang='grc' dir='ltr'>αὐτῶν</span> <span class='ocrx_word' id='word_1_40' title='bbox 656 801 712 856; x_wconf 84' lang='lat' dir='ltr'><strong>al</strong></span> <span class='ocrx_word' id='word_1_41' title='bbox 760 797 1002 866; x_wconf 82' lang='grc' dir='ltr'><strong>μέλιτται</strong></span> <span class='ocrx_word' id='word_1_42' title='bbox 1045 802 1220 872; x_wconf 80' lang='grc' dir='ltr'>πρᾶον</span> <span class='ocrx_word' id='word_1_43' title='bbox 1249 799 1375 851; x_wconf 76' lang='grc' dir='ltr'>ὄντα</span> <span class='ocrx_word' id='word_1_44' title='bbox 1405 799 1496 850; x_wconf 77' lang='grc' dir='ltr'>καὶ</span> <span class='ocrx_word' id='word_1_45' title='bbox 1523 799 1746 867; x_wconf 77' lang='grc' dir='ltr'>ἥμερον,</span> 
     </span>
    </p>
   </div>
   <div class='ocr_carea' id='block_1_9' title="bbox 181 886 1750 962">
    <p class='ocr_par' dir='ltr' id='par_1_9' title="bbox 181 886 1750 962">
     <span class='ocr_line' id='line_1_9' title="bbox 181 886 1750 962; baseline -0.001 -20"><span class='ocrx_word' id='word_1_46' title='bbox 181 886 278 942; x_wconf 76' lang='grc' dir='ltr'><strong>καὶ</strong></span> <span class='ocrx_word' id='word_1_47' title='bbox 300 890 434 960; x_wconf 76' lang='grc' dir='ltr'>ἁμοῦ</span> <span class='ocrx_word' id='word_1_48' title='bbox 458 907 511 942; x_wconf 87' lang='grc' dir='ltr'><strong>τι</strong></span> <span class='ocrx_word' id='word_1_49' title='bbox 538 891 632 943; x_wconf 77' lang='grc' dir='ltr'>καὶ</span> <span class='ocrx_word' id='word_1_50' title='bbox 657 891 937 962; x_wconf 77' lang='grc' dir='ltr'>ἄκεντρον,</span> <span class='ocrx_word' id='word_1_51' title='bbox 954 891 1078 943; x_wconf 82' lang='grc' dir='ltr'>ὅταν</span> <span class='ocrx_word' id='word_1_52' title='bbox 1108 889 1278 950; x_wconf 82' lang='grc' dir='ltr'>αὐτὰς</span> <span class='ocrx_word' id='word_1_53' title='bbox 1305 887 1562 956; x_wconf 77' lang='grc' dir='ltr'><strong>ἀπολίπῃ,</strong></span> <span class='ocrx_word' id='word_1_54' title='bbox 1590 905 1750 956; x_wconf 85' lang='grc' dir='ltr'><strong>μετα-</strong></span> 
     </span>
    </p>
   </div>
   <div class='ocr_carea' id='block_1_10' title="bbox 182 977 1746 1049">
    <p class='ocr_par' dir='ltr' id='par_1_10' title="bbox 182 977 1746 1049">
     <span class='ocr_line' id='line_1_10' title="bbox 182 977 1746 1049; baseline -0.003 -17"><span class='ocrx_word' id='word_1_55' title='bbox 182 979 364 1033; x_wconf 73' lang='grc' dir='ltr'>θέουσι</span> <span class='ocrx_word' id='word_1_56' title='bbox 405 997 487 1044; x_wconf 86' lang='grc' dir='ltr'><strong>τε,</strong></span> <span class='ocrx_word' id='word_1_57' title='bbox 536 983 631 1035; x_wconf 76' lang='grc' dir='ltr'><strong>καὶ</strong></span> <span class='ocrx_word' id='word_1_58' title='bbox 675 982 930 1035; x_wconf 75' lang='grc' dir='ltr'>διώκουσι</span> <span class='ocrx_word' id='word_1_59' title='bbox 977 979 1187 1049; x_wconf 81' lang='grc' dir='ltr'>φυγάδα</span> <span class='ocrx_word' id='word_1_60' title='bbox 1238 978 1338 1047; x_wconf 80' lang='grc' dir='ltr'><strong>τῆς</strong></span> <span class='ocrx_word' id='word_1_61' title='bbox 1384 978 1558 1047; x_wconf 80' lang='grc' dir='ltr'>ἀρχῆς</span> <span class='ocrx_word' id='word_1_62' title='bbox 1601 977 1746 1029; x_wconf 81' lang='grc' dir='ltr'><strong>ὄντα.</strong></span> 
     </span>
    </p>
   </div>
   <div class='ocr_carea' id='block_1_11' title="bbox 195 1067 1748 1142">
    <p class='ocr_par' dir='ltr' id='par_1_11' title="bbox 195 1067 1748 1142">
     <span class='ocr_line' id='line_1_11' title="bbox 195 1067 1748 1142; baseline -0.002 -20"><span class='ocrx_word' id='word_1_63' title='bbox 195 1067 566 1140; x_wconf 83' lang='grc' dir='ltr'>Ῥινηλατοῢσι</span> <span class='ocrx_word' id='word_1_64' title='bbox 596 1072 845 1126; x_wconf 60' lang='lat' dir='ltr'><strong>secem</strong></span> <span class='ocrx_word' id='word_1_65' title='bbox 869 1074 1212 1142; x_wconf 69' lang='grc' dir='ltr'>ἀπορρήτους,</span> <span class='ocrx_word' id='word_1_66' title='bbox 1244 1069 1338 1122; x_wconf 77' lang='grc' dir='ltr'><strong>καὶ</strong></span> <span class='ocrx_word' id='word_1_67' title='bbox 1361 1070 1424 1120; x_wconf 81' lang='grc' dir='ltr'><strong>ὲκ</strong></span> <span class='ocrx_word' id='word_1_68' title='bbox 1447 1067 1546 1137; x_wconf 80' lang='grc' dir='ltr'><strong>τῆς</strong></span> <span class='ocrx_word' id='word_1_69' title='bbox 1575 1067 1748 1137; x_wconf 78' lang='grc' dir='ltr'><strong>ὁσμῆς</strong></span> 
     </span>
    </p>
   </div>
   <div class='ocr_carea' id='block_1_12' title="bbox 174 1158 1749 1235">
    <p class='ocr_par' dir='ltr' id='par_1_12' title="bbox 174 1158 1749 1235">
     <span class='ocr_line' id='line_1_12' title="bbox 174 1158 1749 1235; baseline -0.003 -21"><span class='ocrx_word' id='word_1_70' title='bbox 174 1162 284 1232; x_wconf 80' lang='grc' dir='ltr'><strong>τῆς</strong></span> <span class='ocrx_word' id='word_1_71' title='bbox 311 1163 436 1234; x_wconf 73' lang='grc' dir='ltr'>περὶ</span> <span class='ocrx_word' id='word_1_72' title='bbox 460 1164 618 1216; x_wconf 79' lang='grc' dir='ltr'>αὑτὸν</span> <span class='ocrx_word' id='word_1_73' title='bbox 638 1162 874 1235; x_wconf 79' lang='grc' dir='ltr'>αἱροῦσι,</span> <span class='ocrx_word' id='word_1_74' title='bbox 916 1163 1010 1217; x_wconf 74' lang='grc' dir='ltr'><strong>καὶ</strong></span> <span class='ocrx_word' id='word_1_75' title='bbox 1040 1165 1095 1225; x_wconf 88' lang='grc' dir='ltr'><strong>ὲς</strong></span> <span class='ocrx_word' id='word_1_76' title='bbox 1123 1162 1224 1230; x_wconf 86' lang='grc' dir='ltr'><strong>τὴν</strong></span> <span class='ocrx_word' id='word_1_77' title='bbox 1249 1158 1520 1230; x_wconf 81' lang='grc' dir='ltr'>βασιλείαν</span> <span class='ocrx_word' id='word_1_78' title='bbox 1546 1159 1749 1211; x_wconf 77' lang='grc' dir='ltr'>ἐπανά-</span> 
     </span>
    </p>
   </div>
   <div class='ocr_carea' id='block_1_13' title="bbox 175 1250 1750 1324">
    <p class='ocr_par' dir='ltr' id='par_1_13' title="bbox 175 1250 1750 1324">
     <span class='ocr_line' id='line_1_13' title="bbox 175 1250 1750 1324; baseline -0.004 -16"><span class='ocrx_word' id='word_1_79' title='bbox 175 1270 392 1323; x_wconf 81' lang='grc' dir='ltr'>γουσιν,</span> <span class='ocrx_word' id='word_1_80' title='bbox 423 1254 644 1308; x_wconf 73' lang='grc' dir='ltr'>ἑκοῦσαι</span> <span class='ocrx_word' id='word_1_81' title='bbox 677 1272 735 1308; x_wconf 87' lang='grc' dir='ltr'><strong>τε</strong></span> <span class='ocrx_word' id='word_1_82' title='bbox 769 1257 863 1309; x_wconf 77' lang='grc' dir='ltr'><strong>καὶ</strong></span> <span class='ocrx_word' id='word_1_83' title='bbox 898 1253 1217 1324; x_wconf 82' lang='grc' dir='ltr'>βουλόμεναι</span> <span class='ocrx_word' id='word_1_84' title='bbox 1254 1250 1349 1305; x_wconf 84' lang='grc' dir='ltr'><strong>τοῦ</strong></span> <span class='ocrx_word' id='word_1_85' title='bbox 1380 1251 1582 1320; x_wconf 79' lang='grc' dir='ltr'>τρόπου</span> <span class='ocrx_word' id='word_1_86' title='bbox 1616 1250 1750 1318; x_wconf 83' lang='grc' dir='ltr'><strong>ἀγά-</strong></span> 
     </span>
    </p>
   </div>
   <div class='ocr_carea' id='block_1_14' title="bbox 178 1344 1750 1418">
    <p class='ocr_par' dir='ltr' id='par_1_14' title="bbox 178 1344 1750 1418">
     <span class='ocr_line' id='line_1_14' title="bbox 178 1344 1750 1418; baseline -0.001 -18"><span class='ocrx_word' id='word_1_87' title='bbox 178 1363 368 1418; x_wconf 56' lang='grc' dir='ltr'><strong>μιναιι.</strong></span> <span class='ocrx_word' id='word_1_88' title='bbox 397 1345 679 1412; x_wconf 86' lang='lat' dir='ltr'><strong>Quomodo</strong></span> <span class='ocrx_word' id='word_1_89' title='bbox 711 1359 887 1401; x_wconf 88' lang='lat' dir='ltr'><strong>autem</strong></span> <span class='ocrx_word' id='word_1_90' title='bbox 917 1360 1026 1400; x_wconf 90' lang='lat' dir='ltr'><strong>una</strong></span> <span class='ocrx_word' id='word_1_91' title='bbox 1049 1361 1177 1398; x_wconf 87' lang='lat' dir='ltr'><strong>cum</strong></span> <span class='ocrx_word' id='word_1_92' title='bbox 1209 1359 1335 1413; x_wconf 73' lang='lat' dir='ltr'><strong>rege</strong></span> <span class='ocrx_word' id='word_1_93' title='bbox 1363 1344 1616 1412; x_wconf 74' lang='lat' dir='ltr'><strong>migrant,</strong></span> <span class='ocrx_word' id='word_1_94' title='bbox 1641 1359 1750 1412; x_wconf 91' lang='lat' dir='ltr'><strong>quo</strong></span> 
     </span>
    </p>
   </div>
   <div class='ocr_carea' id='block_1_15' title="bbox 177 1433 1752 1508">
    <p class='ocr_par' dir='ltr' id='par_1_15' title="bbox 177 1433 1752 1508">
     <span class='ocr_line' id='line_1_15' title="bbox 177 1433 1752 1508; baseline -0.003 -15"><span class='ocrx_word' id='word_1_95' title='bbox 177 1439 365 1508; x_wconf 77' lang='lat' dir='ltr'><strong>signo,</strong></span> <span class='ocrx_word' id='word_1_96' title='bbox 425 1454 532 1508; x_wconf 83' lang='lat' dir='ltr'><strong>qua</strong></span> <span class='ocrx_word' id='word_1_97' title='bbox 586 1453 736 1502; x_wconf 87' lang='lat' dir='ltr'><strong>voce,</strong></span> <span class='ocrx_word' id='word_1_98' title='bbox 786 1445 840 1491; x_wconf 89' lang='lat' dir='ltr'><strong>et</strong></span> <span class='ocrx_word' id='word_1_99' title='bbox 890 1436 1254 1498; x_wconf 78' lang='lat' dir='ltr'><strong>observantia,</strong></span> <span class='ocrx_word' id='word_1_100' title='bbox 1306 1433 1625 1489; x_wconf 79' lang='lat' dir='ltr'><strong>Aristoteles</strong></span> <span class='ocrx_word' id='word_1_101' title='bbox 1673 1433 1752 1488; x_wconf 82' lang='lat' dir='ltr'><strong>De</strong></span> 
     </span>
    </p>
   </div>
   <div class='ocr_carea' id='block_1_16' title="bbox 176 1525 1694 1598">
    <p class='ocr_par' dir='ltr' id='par_1_16' title="bbox 176 1525 1694 1598">
     <span class='ocr_line' id='line_1_16' title="bbox 176 1525 1694 1598; baseline -0.003 -16"><span class='ocrx_word' id='word_1_102' title='bbox 176 1528 376 1584; x_wconf 75' lang='lat' dir='ltr'><strong>histor.</strong></span> <span class='ocrx_word' id='word_1_103' title='bbox 411 1533 598 1592; x_wconf 88' lang='lat' dir='ltr'><strong>anim.,</strong></span> <span class='ocrx_word' id='word_1_104' title='bbox 631 1529 725 1583; x_wconf 86' lang='lat' dir='ltr'><strong>lib.</strong></span> <span class='ocrx_word' id='word_1_105' title='bbox 759 1544 833 1591; x_wconf 68' lang='grc' dir='ltr'><strong>ιι,</strong></span> <span class='ocrx_word' id='word_1_106' title='bbox 861 1543 982 1598; x_wconf 85' lang='lat' dir='ltr'><strong>cap.</strong></span> <span class='ocrx_word' id='word_1_107' title='bbox 1010 1527 1100 1592; x_wconf 72' lang='grc'><strong>40,</strong></span> <span class='ocrx_word' id='word_1_108' title='bbox 1128 1534 1182 1581; x_wconf 87' lang='lat' dir='ltr'><strong>et</strong></span> <span class='ocrx_word' id='word_1_109' title='bbox 1213 1525 1444 1586; x_wconf 79' lang='lat' dir='ltr'><strong>Plinius,</strong></span> <span class='ocrx_word' id='word_1_110' title='bbox 1471 1525 1527 1580; x_wconf 89' lang='lat' dir='ltr'><strong>d.</strong></span> <span class='ocrx_word' id='word_1_111' title='bbox 1553 1526 1694 1579; x_wconf 86' lang='lat' dir='ltr'><strong>loco.</strong></span> 
     </span>
    </p>
   </div>
   <div class='ocr_carea' id='block_1_17' title="bbox 257 1611 1747 1684">
    <p class='ocr_par' dir='ltr' id='par_1_17' title="bbox 257 1611 1747 1684">
     <span class='ocr_line' id='line_1_17' title="bbox 257 1611 1747 1684; baseline -0.003 -12"><span class='ocrx_word' id='word_1_112' title='bbox 257 1619 415 1684; x_wconf 89' lang='lat' dir='ltr'><strong>lbid.,</strong></span> <span class='ocrx_word' id='word_1_113' title='bbox 445 1621 540 1674; x_wconf 90' lang='lat' dir='ltr'><strong>lin.</strong></span> <span class='ocrx_word' id='word_1_114' title='bbox 563 1619 654 1674; x_wconf 77' lang='lat'><strong>‘29.</strong></span> <span class='ocrx_word' id='word_1_115' title='bbox 694 1620 860 1672; x_wconf 84' lang='grc' dir='ltr'>Ἔστι</span> <span class='ocrx_word' id='word_1_116' title='bbox 890 1617 958 1670; x_wconf 77' lang='grc' dir='ltr'>δὲ</span> <span class='ocrx_word' id='word_1_117' title='bbox 985 1615 1192 1681; x_wconf 83' lang='grc' dir='ltr'><strong>αὐταῖς</strong></span> <span class='ocrx_word' id='word_1_118' title='bbox 1224 1611 1420 1680; x_wconf 81' lang='grc' dir='ltr'><strong>οὗτος.</strong></span> <span class='ocrx_word' id='word_1_119' title='bbox 1460 1612 1575 1668; x_wconf 83' lang='grc' dir='ltr'>Νοιι</span> <span class='ocrx_word' id='word_1_120' title='bbox 1603 1616 1747 1668; x_wconf 85' lang='lat' dir='ltr'><strong>enim</strong></span> 
     </span>
    </p>
   </div>
   <div class='ocr_carea' id='block_1_18' title="bbox 175 1709 1750 1783">
    <p class='ocr_par' dir='ltr' id='par_1_18' title="bbox 175 1709 1750 1783">
     <span class='ocr_line' id='line_1_18' title="bbox 175 1709 1750 1783; baseline -0.006 -15"><span class='ocrx_word' id='word_1_121' title='bbox 175 1712 412 1783; x_wconf 70' lang='lat' dir='ltr'><strong>eligunt,</strong></span> <span class='ocrx_word' id='word_1_122' title='bbox 440 1713 536 1767; x_wconf 89' lang='lat' dir='ltr'><strong>sed</strong></span> <span class='ocrx_word' id='word_1_123' title='bbox 558 1711 905 1767; x_wconf 80' lang='lat' dir='ltr'><strong>successione</strong></span> <span class='ocrx_word' id='word_1_124' title='bbox 935 1716 990 1764; x_wconf 88' lang='lat' dir='ltr'><strong>et</strong></span> <span class='ocrx_word' id='word_1_125' title='bbox 1019 1723 1218 1779; x_wconf 79' lang='lat' dir='ltr'><strong>genere</strong></span> <span class='ocrx_word' id='word_1_126' title='bbox 1247 1709 1482 1778; x_wconf 76' lang='lat' dir='ltr'><strong>Optimos</strong></span> <span class='ocrx_word' id='word_1_127' title='bbox 1505 1722 1750 1776; x_wconf 85' lang='lat' dir='ltr'><strong>quosque</strong></span> 
     </span>
    </p>
   </div>
   <div class='ocr_carea' id='block_1_19' title="bbox 176 1798 1750 1869">
    <p class='ocr_par' dir='ltr' id='par_1_19' title="bbox 176 1798 1750 1869">
     <span class='ocr_line' id='line_1_19' title="bbox 176 1798 1750 1869; baseline -0.005 -11"><span class='ocrx_word' id='word_1_128' title='bbox 176 1811 534 1869; x_wconf 82' lang='lat' dir='ltr'><strong>conservant,</strong></span> <span class='ocrx_word' id='word_1_129' title='bbox 585 1819 647 1857; x_wconf 86' lang='lat' dir='ltr'><strong>ac</strong></span> <span class='ocrx_word' id='word_1_130' title='bbox 699 1801 930 1856; x_wconf 81' lang='lat' dir='ltr'><strong>fovendo</strong></span> <span class='ocrx_word' id='word_1_131' title='bbox 967 1807 1234 1864; x_wconf 92' lang='lat' dir='ltr'><strong>tutantur,</strong></span> <span class='ocrx_word' id='word_1_132' title='bbox 1288 1798 1565 1869; x_wconf 88' lang='lat' dir='ltr'><strong>improbos</strong></span> <span class='ocrx_word' id='word_1_133' title='bbox 1602 1801 1750 1852; x_wconf 81' lang='lat' dir='ltr'><strong>occi-</strong></span> 
     </span>
    </p>
   </div>
   <div class='ocr_carea' id='block_1_20' title="bbox 177 1889 1750 1964">
    <p class='ocr_par' dir='ltr' id='par_1_20' title="bbox 177 1889 1750 1964">
     <span class='ocr_line' id='line_1_20' title="bbox 177 1889 1750 1964; baseline -0.006 -14"><span class='ocrx_word' id='word_1_134' title='bbox 177 1894 341 1957; x_wconf 86' lang='lat' dir='ltr'><strong>dunt,</strong></span> <span class='ocrx_word' id='word_1_135' title='bbox 369 1903 425 1948; x_wconf 93' lang='lat' dir='ltr'><strong>ut</strong></span> <span class='ocrx_word' id='word_1_136' title='bbox 457 1910 523 1949; x_wconf 76' lang='lat' dir='ltr'><strong>ex</strong></span> <span class='ocrx_word' id='word_1_137' title='bbox 556 1910 720 1964; x_wconf 83' lang='lat' dir='ltr'><strong>supra</strong></span> <span class='ocrx_word' id='word_1_138' title='bbox 748 1893 907 1948; x_wconf 89' lang='lat' dir='ltr'><strong>dictis</strong></span> <span class='ocrx_word' id='word_1_139' title='bbox 937 1891 1250 1946; x_wconf 87' lang='lat' dir='ltr'><strong>auctoribus</strong></span> <span class='ocrx_word' id='word_1_140' title='bbox 1277 1889 1622 1944; x_wconf 77' lang='lat' dir='ltr'><strong>manifestum</strong></span> <span class='ocrx_word' id='word_1_141' title='bbox 1655 1905 1750 1958; x_wconf 80' lang='lat' dir='ltr'><strong>ap-</strong></span> 
     </span>
    </p>
   </div>
   <div class='ocr_carea' id='block_1_21' title="bbox 178 1981 1747 2056">
    <p class='ocr_par' dir='ltr' id='par_1_21' title="bbox 178 1981 1747 2056">
     <span class='ocr_line' id='line_1_21' title="bbox 178 1981 1747 2056; baseline -0.005 -15"><span class='ocrx_word' id='word_1_142' title='bbox 178 1995 360 2056; x_wconf 82' lang='lat' dir='ltr'><strong>paret.</strong></span> <span class='ocrx_word' id='word_1_143' title='bbox 397 1985 549 2040; x_wconf 85' lang='lat' dir='ltr'><strong>Hunc</strong></span> <span class='ocrx_word' id='word_1_144' title='bbox 583 2001 745 2055; x_wconf 93' lang='lat' dir='ltr'><strong>porro</strong></span> <span class='ocrx_word' id='word_1_145' title='bbox 794 1984 1183 2055; x_wconf 80' lang='lat' dir='ltr'><strong>magnitudine,</strong></span> <span class='ocrx_word' id='word_1_146' title='bbox 1228 1981 1396 2051; x_wconf 81' lang='lat' dir='ltr'><strong>ﬁgura</strong></span> <span class='ocrx_word' id='word_1_147' title='bbox 1437 1997 1499 2036; x_wconf 91' lang='lat' dir='ltr'><strong>ac</strong></span> <span class='ocrx_word' id='word_1_148' title='bbox 1536 1997 1747 2035; x_wconf 90' lang='lat' dir='ltr'><strong>morum</strong></span> 
     </span>
    </p>
   </div>
   <div class='ocr_carea' id='block_1_22' title="bbox 181 2072 1748 2145">
    <p class='ocr_par' dir='ltr' id='par_1_22' title="bbox 181 2072 1748 2145">
     <span class='ocr_line' id='line_1_22' title="bbox 181 2072 1748 2145; baseline -0.004 -13"><span class='ocrx_word' id='word_1_149' title='bbox 181 2078 456 2132; x_wconf 72' lang='lat' dir='ltr'><strong>suavitate</strong></span> <span class='ocrx_word' id='word_1_150' title='bbox 497 2084 722 2132; x_wconf 65' lang='lat' dir='ltr'><strong>caeteras</strong></span> <span class='ocrx_word' id='word_1_151' title='bbox 747 2092 876 2145; x_wconf 88' lang='lat' dir='ltr'><strong>apes</strong></span> <span class='ocrx_word' id='word_1_152' title='bbox 910 2074 1234 2127; x_wconf 87' lang='lat' dir='ltr'><strong>antecellere</strong></span> <span class='ocrx_word' id='word_1_153' title='bbox 1267 2082 1452 2127; x_wconf 88' lang='lat' dir='ltr'><strong>narrat</strong></span> <span class='ocrx_word' id='word_1_154' title='bbox 1481 2072 1748 2127; x_wconf 84' lang='lat' dir='ltr'><strong>Aristote-</strong></span> 
     </span>
    </p>
   </div>
   <div class='ocr_carea' id='block_1_23' title="bbox 177 2161 1748 2234">
    <p class='ocr_par' dir='ltr' id='par_1_23' title="bbox 177 2161 1748 2234">
     <span class='ocr_line' id='line_1_23' title="bbox 177 2161 1748 2234; baseline -0.001 -17"><span class='ocrx_word' id='word_1_155' title='bbox 177 2164 287 2226; x_wconf 86' lang='lat' dir='ltr'><strong>les,</strong></span> <span class='ocrx_word' id='word_1_156' title='bbox 318 2164 394 2217; x_wconf 88' lang='lat' dir='ltr'><strong>De</strong></span> <span class='ocrx_word' id='word_1_157' title='bbox 421 2176 650 2234; x_wconf 80' lang='lat' dir='ltr'><strong>generat.</strong></span> <span class='ocrx_word' id='word_1_158' title='bbox 682 2165 928 2228; x_wconf 87' lang='lat' dir='ltr'><strong>animal.,</strong></span> <span class='ocrx_word' id='word_1_159' title='bbox 959 2164 1054 2217; x_wconf 88' lang='lat' dir='ltr'><strong>lib.</strong></span> <span class='ocrx_word' id='word_1_160' title='bbox 1083 2178 1165 2226; x_wconf 83' lang='grc' dir='ltr'><strong>ιιι,</strong></span> <span class='ocrx_word' id='word_1_161' title='bbox 1195 2163 1360 2232; x_wconf 86' lang='lat' dir='ltr'><strong>capit.</strong></span> <span class='ocrx_word' id='word_1_162' title='bbox 1392 2162 1489 2228; x_wconf 85' lang='lat' dir='ltr'><strong>lO;</strong></span> <span class='ocrx_word' id='word_1_163' title='bbox 1521 2161 1748 2226; x_wconf 86' lang='lat' dir='ltr'><strong>Plinius,</strong></span> 
     </span>
    </p>
   </div>
   <div class='ocr_carea' id='block_1_24' title="bbox 179 2251 1746 2324">
    <p class='ocr_par' dir='ltr' id='par_1_24' title="bbox 179 2251 1746 2324">
     <span class='ocr_line' id='line_1_24' title="bbox 179 2251 1746 2324; baseline -0.003 -16"><span class='ocrx_word' id='word_1_164' title='bbox 179 2254 282 2309; x_wconf 89' lang='lat' dir='ltr'><strong>lib.</strong></span> <span class='ocrx_word' id='word_1_165' title='bbox 313 2271 386 2319; x_wconf 77' lang='lat' dir='ltr'><strong>sl,</strong></span> <span class='ocrx_word' id='word_1_166' title='bbox 418 2257 580 2324; x_wconf 85' lang='lat' dir='ltr'><strong>capit.</strong></span> <span class='ocrx_word' id='word_1_167' title='bbox 613 2255 699 2317; x_wconf 69' lang='grc'><strong>16,</strong></span> <span class='ocrx_word' id='word_1_168' title='bbox 723 2254 878 2324; x_wconf 83' lang='lat' dir='ltr'><strong>Reges</strong></span> <span class='ocrx_word' id='word_1_169' title='bbox 903 2255 1074 2322; x_wconf 78' lang='lat' dir='ltr'><strong>plures</strong></span> <span class='ocrx_word' id='word_1_170' title='bbox 1103 2253 1439 2317; x_wconf 80' lang='lat' dir='ltr'><strong>inchoantur,</strong></span> <span class='ocrx_word' id='word_1_171' title='bbox 1468 2269 1530 2305; x_wconf 89' lang='lat' dir='ltr'><strong>ne</strong></span> <span class='ocrx_word' id='word_1_172' title='bbox 1557 2251 1746 2306; x_wconf 87' lang='lat' dir='ltr'><strong>desint.</strong></span> 
     </span>
    </p>
   </div>
   <div class='ocr_carea' id='block_1_25' title="bbox 179 2342 1750 2410">
    <p class='ocr_par' dir='ltr' id='par_1_25' title="bbox 179 2342 1750 2410">
     <span class='ocr_line' id='line_1_25' title="bbox 179 2342 1750 2410; baseline -0.001 -13"><span class='ocrx_word' id='word_1_173' title='bbox 179 2342 382 2398; x_wconf 84' lang='lat' dir='ltr'><strong>Postea</strong></span> <span class='ocrx_word' id='word_1_174' title='bbox 407 2360 472 2398; x_wconf 82' lang='lat' dir='ltr'><strong>ea:</strong></span> <span class='ocrx_word' id='word_1_175' title='bbox 498 2345 576 2397; x_wconf 88' lang='lat' dir='ltr'><strong>his</strong></span> <span class='ocrx_word' id='word_1_176' title='bbox 600 2345 800 2399; x_wconf 83' lang='lat' dir='ltr'><strong>soboles</strong></span> <span class='ocrx_word' id='word_1_177' title='bbox 823 2362 942 2397; x_wconf 88' lang='lat' dir='ltr'><strong>cum</strong></span> <span class='ocrx_word' id='word_1_178' title='bbox 964 2344 1151 2398; x_wconf 90' lang='lat' dir='ltr'><strong>adulta</strong></span> <span class='ocrx_word' id='word_1_179' title='bbox 1175 2361 1287 2397; x_wconf 86' lang='lat' dir='ltr'><strong>esse</strong></span> <span class='ocrx_word' id='word_1_180' title='bbox 1314 2345 1486 2410; x_wconf 66' lang='lat' dir='ltr'><strong>erepit,</strong></span> <span class='ocrx_word' id='word_1_181' title='bbox 1507 2344 1750 2397; x_wconf 79' lang='lat' dir='ltr'><strong>concordi</strong></span> 
     </span>
    </p>
   </div>
   <div class='ocr_carea' id='block_1_26' title="bbox 177 2433 1747 2505">
    <p class='ocr_par' dir='ltr' id='par_1_26' title="bbox 177 2433 1747 2505">
     <span class='ocr_line' id='line_1_26' title="bbox 177 2433 1747 2505; baseline 0 -16"><span class='ocrx_word' id='word_1_182' title='bbox 177 2436 441 2505; x_wconf 69' lang='lat' dir='ltr'><strong>suﬂ&#39;ragio</strong></span> <span class='ocrx_word' id='word_1_183' title='bbox 473 2436 779 2488; x_wconf 74' lang='lat' dir='ltr'><strong>deterrimos</strong></span> <span class='ocrx_word' id='word_1_184' title='bbox 825 2445 1034 2500; x_wconf 89' lang='lat' dir='ltr'><strong>necant,</strong></span> <span class='ocrx_word' id='word_1_185' title='bbox 1074 2452 1137 2487; x_wconf 88' lang='lat' dir='ltr'><strong>ne</strong></span> <span class='ocrx_word' id='word_1_186' title='bbox 1186 2433 1485 2487; x_wconf 78' lang='lat' dir='ltr'><strong>distrahant</strong></span> <span class='ocrx_word' id='word_1_187' title='bbox 1518 2436 1747 2503; x_wconf 85' lang='lat' dir='ltr'><strong>agmina.</strong></span> 
     </span>
    </p>
   </div>
   <div class='ocr_carea' id='block_1_27' title="bbox 178 2525 1755 2598">
    <p class='ocr_par' dir='ltr' id='par_1_27' title="bbox 178 2525 1755 2598">
     <span class='ocr_line' id='line_1_27' title="bbox 178 2525 1755 2598; baseline -0.001 -18"><span class='ocrx_word' id='word_1_188' title='bbox 178 2526 306 2580; x_wconf 77' lang='lat' dir='ltr'><strong>Duo</strong></span> <span class='ocrx_word' id='word_1_189' title='bbox 337 2539 507 2581; x_wconf 89' lang='lat' dir='ltr'><strong>autem</strong></span> <span class='ocrx_word' id='word_1_190' title='bbox 540 2544 729 2598; x_wconf 85' lang='lat' dir='ltr'><strong>genera</strong></span> <span class='ocrx_word' id='word_1_191' title='bbox 760 2544 961 2591; x_wconf 87' lang='lat' dir='ltr'><strong>eorum,</strong></span> <span class='ocrx_word' id='word_1_192' title='bbox 1004 2527 1190 2579; x_wconf 83' lang='lat' dir='ltr'><strong>melior</strong></span> <span class='ocrx_word' id='word_1_193' title='bbox 1227 2525 1376 2593; x_wconf 69' lang='lat' dir='ltr'><strong>rufus</strong></span> <span class='ocrx_word' id='word_1_194' title='bbox 1421 2542 1578 2594; x_wconf 87' lang='lat' dir='ltr'><strong>quam</strong></span> <span class='ocrx_word' id='word_1_195' title='bbox 1609 2527 1755 2595; x_wconf 90' lang='lat' dir='ltr'><strong>niger</strong></span> 
     </span>
    </p>
   </div>
   <div class='ocr_carea' id='block_1_28' title="bbox 178 2614 1753 2687">
    <p class='ocr_par' dir='ltr' id='par_1_28' title="bbox 178 2614 1753 2687">
     <span class='ocr_line' id='line_1_28' title="bbox 178 2614 1753 2687; baseline -0.003 -16"><span class='ocrx_word' id='word_1_196' title='bbox 178 2620 480 2687; x_wconf 69' lang='lat' dir='ltr'><strong>variusque.</strong></span> <span class='ocrx_word' id='word_1_197' title='bbox 510 2616 762 2672; x_wconf 75' lang='lat' dir='ltr'><strong>Omnibus</strong></span> <span class='ocrx_word' id='word_1_198' title='bbox 796 2617 968 2686; x_wconf 76' lang='lat' dir='ltr'><strong>forma</strong></span> <span class='ocrx_word' id='word_1_199' title='bbox 1023 2630 1223 2682; x_wconf 89' lang='lat' dir='ltr'><strong>semper</strong></span> <span class='ocrx_word' id='word_1_200' title='bbox 1253 2616 1480 2684; x_wconf 86' lang='lat' dir='ltr'><strong>egregia,</strong></span> <span class='ocrx_word' id='word_1_201' title='bbox 1512 2625 1560 2668; x_wconf 89' lang='lat' dir='ltr'><strong>et</strong></span> <span class='ocrx_word' id='word_1_202' title='bbox 1593 2614 1753 2683; x_wconf 86' lang='lat' dir='ltr'><strong>duplo</strong></span> 
     </span>
    </p>
   </div>
   <div class='ocr_carea' id='block_1_29' title="bbox 176 2707 1750 2780">
    <p class='ocr_par' dir='ltr' id='par_1_29' title="bbox 176 2707 1750 2780">
     <span class='ocr_line' id='line_1_29' title="bbox 176 2707 1750 2780; baseline -0.004 -17"><span class='ocrx_word' id='word_1_203' title='bbox 176 2726 342 2780; x_wconf 83' lang='lat' dir='ltr'><strong>quam</strong></span> <span class='ocrx_word' id='word_1_204' title='bbox 379 2711 580 2763; x_wconf 77' lang='lat' dir='ltr'><strong>cwteris</strong></span> <span class='ocrx_word' id='word_1_205' title='bbox 622 2710 816 2776; x_wconf 82' lang='lat' dir='ltr'><strong>major,</strong></span> <span class='ocrx_word' id='word_1_206' title='bbox 864 2724 1045 2778; x_wconf 73' lang='lat' dir='ltr'><strong>penna:</strong></span> <span class='ocrx_word' id='word_1_207' title='bbox 1077 2707 1354 2770; x_wconf 79' lang='lat' dir='ltr'><strong>breviores,</strong></span> <span class='ocrx_word' id='word_1_208' title='bbox 1395 2722 1552 2759; x_wconf 81' lang='lat' dir='ltr'><strong>crnra</strong></span> <span class='ocrx_word' id='word_1_209' title='bbox 1587 2717 1750 2770; x_wconf 86' lang='lat' dir='ltr'><strong>recta,</strong></span> 
     </span>
    </p>
   </div>
   <div class='ocr_carea' id='block_1_30' title="bbox 179 2797 1752 2868">
    <p class='ocr_par' dir='ltr' id='par_1_30' title="bbox 179 2797 1752 2868">
     <span class='ocr_line' id='line_1_30' title="bbox 179 2797 1752 2868; baseline -0.001 -16"><span class='ocrx_word' id='word_1_210' title='bbox 179 2801 450 2868; x_wconf 82' lang='lat' dir='ltr'><strong>ingressus</strong></span> <span class='ocrx_word' id='word_1_211' title='bbox 485 2799 693 2862; x_wconf 78' lang='lat' dir='ltr'><strong>celsior,</strong></span> <span class='ocrx_word' id='word_1_212' title='bbox 732 2800 787 2850; x_wconf 88' lang='lat' dir='ltr'><strong>in</strong></span> <span class='ocrx_word' id='word_1_213' title='bbox 828 2799 1003 2867; x_wconf 74' lang='lat' dir='ltr'><strong>fronte</strong></span> <span class='ocrx_word' id='word_1_214' title='bbox 1049 2802 1260 2854; x_wconf 84' lang='lat' dir='ltr'><strong>macula</strong></span> <span class='ocrx_word' id='word_1_215' title='bbox 1305 2799 1533 2868; x_wconf 86' lang='lat' dir='ltr'><strong>quodam</strong></span> <span class='ocrx_word' id='word_1_216' title='bbox 1569 2797 1752 2850; x_wconf 89' lang='lat' dir='ltr'><strong>diade-</strong></span> 
     </span>
    </p>
   </div>
   <div class='ocr_carea' id='block_1_31' title="bbox 179 2887 1755 2956">
    <p class='ocr_par' dir='ltr' id='par_1_31' title="bbox 179 2887 1755 2956">
     <span class='ocr_line' id='line_1_31' title="bbox 179 2887 1755 2956; baseline -0.003 -14"><span class='ocrx_word' id='word_1_217' title='bbox 179 2899 328 2942; x_wconf 85' lang='lat' dir='ltr'><strong>mate</strong></span> <span class='ocrx_word' id='word_1_218' title='bbox 373 2888 680 2948; x_wconf 89' lang='lat' dir='ltr'><strong>candicans,</strong></span> <span class='ocrx_word' id='word_1_219' title='bbox 724 2888 888 2940; x_wconf 88' lang='lat' dir='ltr'><strong>multo</strong></span> <span class='ocrx_word' id='word_1_220' title='bbox 947 2889 1104 2940; x_wconf 86' lang='lat' dir='ltr'><strong>etiam</strong></span> <span class='ocrx_word' id='word_1_221' title='bbox 1143 2891 1311 2942; x_wconf 87' lang='lat' dir='ltr'><strong>nitore</strong></span> <span class='ocrx_word' id='word_1_222' title='bbox 1353 2906 1384 2940; x_wconf 89' lang='lat' dir='ltr'><strong>a</strong></span> <span class='ocrx_word' id='word_1_223' title='bbox 1419 2887 1570 2956; x_wconf 83' lang='lat' dir='ltr'><strong>vulgo</strong></span> <span class='ocrx_word' id='word_1_224' title='bbox 1600 2887 1755 2954; x_wconf 67' lang='grc' dir='ltr'><strong>Λῆγε-</strong></span> 
     </span>
    </p>
   </div>
   <div class='ocr_carea' id='block_1_32' title="bbox 180 2975 1756 3046">
    <p class='ocr_par' dir='ltr' id='par_1_32' title="bbox 180 2975 1756 3046">
     <span class='ocr_line' id='line_1_32' title="bbox 180 2975 1756 3046; baseline -0.003 -13"><span class='ocrx_word' id='word_1_225' title='bbox 180 2991 332 3034; x_wconf 88' lang='lat' dir='ltr'><strong>runt.</strong></span> <span class='ocrx_word' id='word_1_226' title='bbox 365 2977 502 3033; x_wconf 81' lang='lat' dir='ltr'><strong>Vide</strong></span> <span class='ocrx_word' id='word_1_227' title='bbox 532 2977 834 3041; x_wconf 59' lang='lat' dir='ltr'><strong>Elianum,</strong></span> <span class='ocrx_word' id='word_1_228' title='bbox 864 2978 958 3033; x_wconf 86' lang='lat' dir='ltr'><strong>lib.</strong></span> <span class='ocrx_word' id='word_1_229' title='bbox 997 2995 1049 3042; x_wconf 89' lang='lat' dir='ltr'><strong>v,</strong></span> <span class='ocrx_word' id='word_1_230' title='bbox 1080 2994 1200 3046; x_wconf 85' lang='lat' dir='ltr'><strong>cap.</strong></span> <span class='ocrx_word' id='word_1_231' title='bbox 1228 2980 1296 3033; x_wconf 83' lang='lat' dir='ltr'><strong>lO</strong></span> <span class='ocrx_word' id='word_1_232' title='bbox 1330 2986 1382 3032; x_wconf 90' lang='lat' dir='ltr'><strong>et</strong></span> <span class='ocrx_word' id='word_1_233' title='bbox 1415 2978 1472 3032; x_wconf 83' lang='grc'><strong>11</strong></span> <span class='ocrx_word' id='word_1_234' title='bbox 1501 2995 1514 3043; x_wconf 92' lang='grc'><strong>;</strong></span> <span class='ocrx_word' id='word_1_235' title='bbox 1558 2975 1756 3046; x_wconf 82' lang='lat' dir='ltr'><strong>Geapo-</strong></span> 
     </span>
    </p>
   </div>
   <div class='ocr_carea' id='block_1_33' title="bbox 181 3071 890 3130">
    <p class='ocr_par' dir='ltr' id='par_1_33' title="bbox 181 3071 890 3130">
     <span class='ocr_line' id='line_1_33' title="bbox 181 3071 890 3130; baseline -0.004 -4"><span class='ocrx_word' id='word_1_236' title='bbox 181 3073 341 3126; x_wconf 81' lang='lat' dir='ltr'><strong>nicon</strong></span> <span class='ocrx_word' id='word_1_237' title='bbox 374 3072 610 3130; x_wconf 83' lang='lat' dir='ltr'><strong>eollect.,</strong></span> <span class='ocrx_word' id='word_1_238' title='bbox 649 3080 703 3124; x_wconf 87' lang='lat' dir='ltr'><strong>et</strong></span> <span class='ocrx_word' id='word_1_239' title='bbox 733 3071 890 3125; x_wconf 92' lang='lat' dir='ltr'><strong>alios.</strong></span> 
     </span>
    </p>
   </div>
   <div class='ocr_carea' id='block_1_34' title="bbox 257 3157 1826 3246">
    <p class='ocr_par' dir='ltr' id='par_1_34' title="bbox 257 3157 1826 3246">
     <span class='ocr_line' id='line_1_34' title="bbox 257 3157 1826 3246; baseline -0.001 -32"><span class='ocrx_word' id='word_1_240' title='bbox 257 3161 393 3215; x_wconf 88' lang='lat' dir='ltr'><strong>lbid.</strong></span> <span class='ocrx_word' id='word_1_241' title='bbox 425 3163 520 3215; x_wconf 90' lang='lat' dir='ltr'><strong>lin.</strong></span> <span class='ocrx_word' id='word_1_242' title='bbox 563 3160 651 3216; x_wconf 69' lang='lat'><strong>&#39;52.</strong></span> <span class='ocrx_word' id='word_1_243' title='bbox 688 3161 855 3213; x_wconf 85' lang='grc' dir='ltr'><strong>Ἔστι</strong></span> <span class='ocrx_word' id='word_1_244' title='bbox 896 3161 1012 3229; x_wconf 78' lang='grc' dir='ltr'><strong>μὲν</strong></span> <span class='ocrx_word' id='word_1_245' title='bbox 1049 3161 1160 3228; x_wconf 80' lang='grc' dir='ltr'><strong>γὰρ</strong></span> <span class='ocrx_word' id='word_1_246' title='bbox 1205 3160 1474 3226; x_wconf 79' lang='grc' dir='ltr'><strong>κέντρον.</strong></span> <span class='ocrx_word' id='word_1_247' title='bbox 1515 3159 1571 3213; x_wconf 93' lang='lat' dir='ltr'><strong>ld</strong></span> <span class='ocrx_word' id='word_1_248' title='bbox 1611 3157 1752 3213; x_wconf 90' lang='lat' dir='ltr'><strong>idem</strong></span> <span class='ocrx_word' id='word_1_249' title='bbox 1781 3187 1826 3246; x_wconf 66' lang='grc' dir='ltr'>Ο</span> 
     </span>
    </p>
   </div>
   <div class='ocr_carea' id='block_1_35' title="bbox 181 3250 1755 3318">
    <p class='ocr_par' dir='ltr' id='par_1_35' title="bbox 181 3250 1755 3318">
     <span class='ocr_line' id='line_1_35' title="bbox 181 3250 1755 3318; baseline -0.004 -11"><span class='ocrx_word' id='word_1_250' title='bbox 181 3252 350 3308; x_wconf 82' lang='lat' dir='ltr'><strong>habet</strong></span> <span class='ocrx_word' id='word_1_251' title='bbox 379 3253 718 3313; x_wconf 82' lang='lat' dir='ltr'><strong>Aristoteles,</strong></span> <span class='ocrx_word' id='word_1_252' title='bbox 768 3250 844 3305; x_wconf 89' lang='lat' dir='ltr'><strong>De</strong></span> <span class='ocrx_word' id='word_1_253' title='bbox 874 3251 1058 3304; x_wconf 84' lang='lat' dir='ltr'><strong>histor.</strong></span> <span class='ocrx_word' id='word_1_254' title='bbox 1094 3252 1282 3315; x_wconf 89' lang='lat' dir='ltr'><strong>anim.,</strong></span> <span class='ocrx_word' id='word_1_255' title='bbox 1326 3265 1446 3318; x_wconf 90' lang='lat' dir='ltr'><strong>cap.</strong></span> <span class='ocrx_word' id='word_1_256' title='bbox 1495 3251 1584 3313; x_wconf 74' lang='grc'><strong>21,</strong></span> <span class='ocrx_word' id='word_1_257' title='bbox 1617 3253 1755 3301; x_wconf 84' lang='grc' dir='ltr'>Αειι-</span> 
     </span>
    </p>
   </div>
   <div class='ocr_carea' id='block_1_36' title="bbox 181 3341 1755 3410">
    <p class='ocr_par' dir='ltr' id='par_1_36' title="bbox 181 3341 1755 3410">
     <span class='ocr_line' id='line_1_36' title="bbox 181 3341 1755 3410; baseline -0.003 -14"><span class='ocrx_word' id='word_1_258' title='bbox 181 3343 325 3396; x_wconf 84' lang='lat' dir='ltr'><strong>leum</strong></span> <span class='ocrx_word' id='word_1_259' title='bbox 364 3359 484 3410; x_wconf 87' lang='lat' dir='ltr'><strong>apes</strong></span> <span class='ocrx_word' id='word_1_260' title='bbox 511 3341 798 3409; x_wconf 81' lang='lat' dir='ltr'><strong>possident,</strong></span> <span class='ocrx_word' id='word_1_261' title='bbox 835 3342 944 3409; x_wconf 79' lang='lat' dir='ltr'><strong>fuci</strong></span> <span class='ocrx_word' id='word_1_262' title='bbox 987 3358 1046 3395; x_wconf 85' lang='lat' dir='ltr'><strong>eo</strong></span> <span class='ocrx_word' id='word_1_263' title='bbox 1071 3350 1270 3404; x_wconf 84' lang='lat' dir='ltr'><strong>carent,</strong></span> <span class='ocrx_word' id='word_1_264' title='bbox 1310 3357 1451 3408; x_wconf 87' lang='lat' dir='ltr'><strong>reges</strong></span> <span class='ocrx_word' id='word_1_265' title='bbox 1503 3341 1755 3408; x_wconf 81' lang='lat' dir='ltr'><strong>ducesque</strong></span> 
     </span>
    </p>
   </div>
   <div class='ocr_carea' id='block_1_37' title="bbox 181 3432 1754 3501">
    <p class='ocr_par' dir='ltr' id='par_1_37' title="bbox 181 3432 1754 3501">
     <span class='ocr_line' id='line_1_37' title="bbox 181 3432 1754 3501; baseline -0.003 -15"><span class='ocrx_word' id='word_1_266' title='bbox 181 3433 397 3497; x_wconf 82' lang='lat' dir='ltr'><strong>habent,</strong></span> <span class='ocrx_word' id='word_1_267' title='bbox 430 3433 519 3488; x_wconf 83' lang='lat' dir='ltr'><strong>sed</strong></span> <span class='ocrx_word' id='word_1_268' title='bbox 554 3450 656 3487; x_wconf 86' lang='lat' dir='ltr'><strong>non</strong></span> <span class='ocrx_word' id='word_1_269' title='bbox 692 3441 912 3484; x_wconf 86' lang='lat' dir='ltr'><strong>utuntur</strong></span> <span class='ocrx_word' id='word_1_270' title='bbox 937 3448 956 3494; x_wconf 87' lang='lat'><strong><em>;</em></strong></span> <span class='ocrx_word' id='word_1_271' title='bbox 987 3434 1231 3501; x_wconf 84' lang='lat' dir='ltr'><strong>quocirca</strong></span> <span class='ocrx_word' id='word_1_272' title='bbox 1255 3448 1340 3484; x_wconf 88' lang='lat' dir='ltr'><strong>eos</strong></span> <span class='ocrx_word' id='word_1_273' title='bbox 1371 3447 1552 3484; x_wconf 82' lang='lat' dir='ltr'><strong>carere</strong></span> <span class='ocrx_word' id='word_1_274' title='bbox 1576 3432 1754 3484; x_wconf 87' lang='lat' dir='ltr'><strong>aculeo</strong></span> 
     </span>
    </p>
   </div>
   <div class='ocr_carea' id='block_1_38' title="bbox 183 3520 1784 3585">
    <p class='ocr_par' dir='ltr' id='par_1_38' title="bbox 183 3520 1784 3585">
     <span class='ocr_line' id='line_1_38' title="bbox 183 3520 1784 3585; baseline -0.004 -7"><span class='ocrx_word' id='word_1_275' title='bbox 183 3523 428 3578; x_wconf 80' lang='lat' dir='ltr'><strong>nonnulli</strong></span> <span class='ocrx_word' id='word_1_276' title='bbox 473 3523 796 3575; x_wconf 68' lang='lat' dir='ltr'><strong>existimant.</strong></span> <span class='ocrx_word' id='word_1_277' title='bbox 828 3521 1100 3585; x_wconf 61' lang='lat' dir='ltr'><strong>IElianus,</strong></span> <span class='ocrx_word' id='word_1_278' title='bbox 1137 3520 1214 3574; x_wconf 89' lang='lat' dir='ltr'><strong>De</strong></span> <span class='ocrx_word' id='word_1_279' title='bbox 1261 3521 1452 3574; x_wconf 87' lang='lat' dir='ltr'><strong>histor.</strong></span> <span class='ocrx_word' id='word_1_280' title='bbox 1508 3523 1784 3584; x_wconf 77' lang='lat' dir='ltr'><strong>animal...</strong></span> 
     </span>
    </p>
   </div>
   <div class='ocr_carea' id='block_1_39' title="bbox 184 3608 1756 3683">
    <p class='ocr_par' dir='ltr' id='par_1_39' title="bbox 184 3608 1756 3683">
     <span class='ocr_line' id='line_1_39' title="bbox 184 3608 1756 3683; baseline -0.002 -15"><span class='ocrx_word' id='word_1_281' title='bbox 184 3615 287 3670; x_wconf 87' lang='lat' dir='ltr'><strong>lib.</strong></span> <span class='ocrx_word' id='word_1_282' title='bbox 326 3631 362 3678; x_wconf 89' lang='lat' dir='ltr'><strong>I,</strong></span> <span class='ocrx_word' id='word_1_283' title='bbox 391 3629 509 3683; x_wconf 87' lang='lat' dir='ltr'><strong>cap.</strong></span> <span class='ocrx_word' id='word_1_284' title='bbox 545 3611 636 3674; x_wconf 84' lang='lat'><strong>60,</strong></span> <span class='ocrx_word' id='word_1_285' title='bbox 670 3614 830 3679; x_wconf 85' lang='grc' dir='ltr'><strong>Λέγει</strong></span> <span class='ocrx_word' id='word_1_286' title='bbox 869 3613 964 3682; x_wconf 86' lang='grc' dir='ltr'><strong>μέν</strong></span> <span class='ocrx_word' id='word_1_287' title='bbox 993 3629 1074 3675; x_wconf 85' lang='grc' dir='ltr'><strong>τις</strong></span> <span class='ocrx_word' id='word_1_288' title='bbox 1115 3611 1270 3679; x_wconf 84' lang='grc' dir='ltr'>λόγος</span> <span class='ocrx_word' id='word_1_289' title='bbox 1301 3613 1591 3682; x_wconf 79' lang='grc' dir='ltr'>ἀκέντρους</span> <span class='ocrx_word' id='word_1_290' title='bbox 1620 3608 1756 3665; x_wconf 82' lang='grc' dir='ltr'>εἶναι</span> 
     </span>
    </p>
   </div>
   <div class='ocr_carea' id='block_1_40' title="bbox 183 3701 1755 3772">
    <p class='ocr_par' dir='ltr' id='par_1_40' title="bbox 183 3701 1755 3772">
     <span class='ocr_line' id='line_1_40' title="bbox 183 3701 1755 3772; baseline -0.002 -16"><span class='ocrx_word' id='word_1_291' title='bbox 183 3705 314 3766; x_wconf 77' lang='grc' dir='ltr'>τοὺς</span> <span class='ocrx_word' id='word_1_292' title='bbox 343 3702 545 3756; x_wconf 80' lang='grc' dir='ltr'>τούτων</span> <span class='ocrx_word' id='word_1_293' title='bbox 580 3701 852 3771; x_wconf 77' lang='grc' dir='ltr'><strong>βασιλέας⁸</strong></span> <span class='ocrx_word' id='word_1_294' title='bbox 885 3701 1031 3769; x_wconf 81' lang='grc' dir='ltr'><strong>λέγει</strong></span> <span class='ocrx_word' id='word_1_295' title='bbox 1064 3701 1120 3754; x_wconf 84' lang='grc' dir='ltr'>δὲ</span> <span class='ocrx_word' id='word_1_296' title='bbox 1146 3702 1238 3756; x_wconf 82' lang='grc' dir='ltr'>καὶ</span> <span class='ocrx_word' id='word_1_297' title='bbox 1269 3701 1453 3772; x_wconf 67' lang='grc' dir='ltr'>ἔτερος</span> <span class='ocrx_word' id='word_1_298' title='bbox 1486 3702 1580 3754; x_wconf 70' lang='grc' dir='ltr'><strong>καὶ</strong></span> <span class='ocrx_word' id='word_1_299' title='bbox 1617 3702 1755 3754; x_wconf 74' lang='grc' dir='ltr'>πάνυ</span> 
     </span>
    </p>
   </div>
   <div class='ocr_carea' id='block_1_41' title="bbox 185 3793 1758 3866">
    <p class='ocr_par' dir='ltr' id='par_1_41' title="bbox 185 3793 1758 3866">
     <span class='ocr_line' id='line_1_41' title="bbox 185 3793 1758 3866; baseline -0.001 -19"><span class='ocrx_word' id='word_1_300' title='bbox 185 3795 474 3866; x_wconf 72' lang='grc' dir='ltr'>ἐρρωμένα</span> <span class='ocrx_word' id='word_1_301' title='bbox 520 3794 585 3846; x_wconf 76' lang='grc' dir='ltr'><strong>τὰ</strong></span> <span class='ocrx_word' id='word_1_302' title='bbox 633 3794 832 3863; x_wconf 82' lang='grc' dir='ltr'>κέντρα</span> <span class='ocrx_word' id='word_1_303' title='bbox 866 3793 1276 3862; x_wconf 81' lang='grc' dir='ltr'><strong>συμπεφυκέναι</strong></span> <span class='ocrx_word' id='word_1_304' title='bbox 1315 3795 1516 3856; x_wconf 77' lang='grc' dir='ltr'>αὐτοῖς,</span> <span class='ocrx_word' id='word_1_305' title='bbox 1546 3795 1638 3846; x_wconf 68' lang='grc' dir='ltr'>καὶ</span> <span class='ocrx_word' id='word_1_306' title='bbox 1674 3811 1758 3846; x_wconf 82' lang='grc' dir='ltr'><strong>τε-</strong></span> 
     </span>
    </p>
   </div>
   <div class='ocr_carea' id='block_1_42' title="bbox 186 3885 1757 3958">
    <p class='ocr_par' dir='ltr' id='par_1_42' title="bbox 186 3885 1757 3958">
     <span class='ocr_line' id='line_1_42' title="bbox 186 3885 1757 3958; baseline -0.001 -18"><span class='ocrx_word' id='word_1_307' title='bbox 186 3887 436 3957; x_wconf 77' lang='grc' dir='ltr'><strong>οηγμένα</strong></span> <span class='ocrx_word' id='word_1_308' title='bbox 466 3886 834 3956; x_wconf 76' lang='grc' dir='ltr'>ἀνδρειότατα.</span> <span class='ocrx_word' id='word_1_309' title='bbox 859 3885 993 3938; x_wconf 79' lang='grc' dir='ltr'><strong>Οὔτε</strong></span> <span class='ocrx_word' id='word_1_310' title='bbox 1016 3885 1071 3938; x_wconf 81' lang='grc' dir='ltr'><strong>δὲ</strong></span> <span class='ocrx_word' id='word_1_311' title='bbox 1091 3887 1176 3938; x_wconf 71' lang='grc' dir='ltr'><strong>ἐπ’</strong></span> <span class='ocrx_word' id='word_1_312' title='bbox 1198 3887 1351 3956; x_wconf 85' lang='grc' dir='ltr'>ἀνδρί</span> <span class='ocrx_word' id='word_1_313' title='bbox 1375 3904 1502 3938; x_wconf 84' lang='grc' dir='ltr'>ποτε</span> <span class='ocrx_word' id='word_1_314' title='bbox 1529 3886 1757 3958; x_wconf 80' lang='grc' dir='ltr'>χρῆσθαι</span> 
     </span>
    </p>
   </div>
   <div class='ocr_carea' id='block_1_43' title="bbox 186 3977 1761 4054">
    <p class='ocr_par' dir='ltr' id='par_1_43' title="bbox 186 3977 1761 4054">
     <span class='ocr_line' id='line_1_43' title="bbox 186 3977 1761 4054; baseline -0.001 -23"><span class='ocrx_word' id='word_1_315' title='bbox 186 3981 371 4041; x_wconf 67' lang='grc' dir='ltr'>αὐτοῖς</span> <span class='ocrx_word' id='word_1_316' title='bbox 416 3977 537 4032; x_wconf 67' lang='grc' dir='ltr'><strong>οὔτε</strong></span> <span class='ocrx_word' id='word_1_317' title='bbox 587 3978 848 4054; x_wconf 12' lang='grc' dir='ltr'><strong>ἐπὶνταίς</strong></span> <span class='ocrx_word' id='word_1_318' title='bbox 891 3977 1183 4047; x_wconf 65' lang='grc' dir='ltr'><strong>μελίτταις</strong></span> <span class='ocrx_word' id='word_1_319' title='bbox 1239 3977 1374 4030; x_wconf 77' lang='grc' dir='ltr'><strong>ἀλλὰ</strong></span> <span class='ocrx_word' id='word_1_320' title='bbox 1414 3979 1505 4030; x_wconf 67' lang='grc' dir='ltr'>καὶ</span> <span class='ocrx_word' id='word_1_321' title='bbox 1558 3979 1761 4030; x_wconf 83' lang='grc' dir='ltr'>ὑποπε-</span> 
     </span>
    </p>
   </div>
   <div class='ocr_carea' id='block_1_44' title="bbox 187 4057 1762 4138">
    <p class='ocr_par' dir='ltr' id='par_1_44' title="bbox 187 4057 1762 4138">
     <span class='ocr_line' id='line_1_44' title="bbox 187 4057 1762 4138; baseline 0 -16"><span class='ocrx_word' id='word_1_322' title='bbox 187 4067 424 4122; x_wconf 51' lang='lat' dir='ltr'><strong>«regem</strong></span> <span class='ocrx_word' id='word_1_323' title='bbox 456 4069 616 4137; x_wconf 77' lang='grc' dir='ltr'>φόϐον</span> <span class='ocrx_word' id='word_1_324' title='bbox 657 4057 848 4138; x_wconf 56' lang='grc' dir='ltr'><strong>ἄλλως.</strong></span> <span class='ocrx_word' id='word_1_325' title='bbox 886 4069 976 4138; x_wconf 81' lang='grc' dir='ltr'><strong>Μὴ</strong></span> <span class='ocrx_word' id='word_1_326' title='bbox 1028 4068 1136 4137; x_wconf 85' lang='grc' dir='ltr'><strong>γὰρ</strong></span> <span class='ocrx_word' id='word_1_327' title='bbox 1169 4066 1324 4137; x_wconf 85' lang='grc' dir='ltr'><strong>Θέμιν</strong></span> <span class='ocrx_word' id='word_1_328' title='bbox 1345 4064 1482 4121; x_wconf 76' lang='grc' dir='ltr'>εἶναι</span> <span class='ocrx_word' id='word_1_329' title='bbox 1531 4067 1618 4120; x_wconf 85' lang='grc' dir='ltr'><strong>τὸν</strong></span> <span class='ocrx_word' id='word_1_330' title='bbox 1665 4069 1762 4137; x_wconf 83' lang='grc' dir='ltr'><strong>ἄρ-</strong></span> 
     </span>
    </p>
   </div>
   <div class='ocr_carea' id='block_1_45' title="bbox 187 4159 1756 4233">
    <p class='ocr_par' dir='ltr' id='par_1_45' title="bbox 187 4159 1756 4233">
     <span class='ocr_line' id='line_1_45' title="bbox 187 4159 1756 4233; baseline 0 -19"><span class='ocrx_word' id='word_1_331' title='bbox 187 4178 352 4233; x_wconf 80' lang='grc' dir='ltr'>χοντα</span> <span class='ocrx_word' id='word_1_332' title='bbox 395 4162 490 4214; x_wconf 81' lang='grc' dir='ltr'><strong>καὶ</strong></span> <span class='ocrx_word' id='word_1_333' title='bbox 531 4160 622 4212; x_wconf 84' lang='grc' dir='ltr'>τὸν</span> <span class='ocrx_word' id='word_1_334' title='bbox 657 4159 906 4213; x_wconf 67' lang='grc' dir='ltr'>τοσοῦτον</span> <span class='ocrx_word' id='word_1_335' title='bbox 953 4160 1143 4229; x_wconf 75' lang='grc' dir='ltr'>ἔφορον</span> <span class='ocrx_word' id='word_1_336' title='bbox 1186 4160 1353 4212; x_wconf 81' lang='grc' dir='ltr'>κακὸν</span> <span class='ocrx_word' id='word_1_337' title='bbox 1401 4159 1756 4229; x_wconf 74' lang='grc' dir='ltr'>ἐργάσασθαι.</span> 
     </span>
    </p>
   </div>
   <div class='ocr_carea' id='block_1_46' title="bbox 187 4250 1752 4321">
    <p class='ocr_par' dir='ltr' id='par_1_46' title="bbox 187 4250 1752 4321">
     <span class='ocr_line' id='line_1_46' title="bbox 187 4250 1752 4321; baseline -0.001 -17"><span class='ocrx_word' id='word_1_338' title='bbox 187 4252 323 4315; x_wconf 61' lang='lat' dir='ltr'><strong>Quae</strong></span> <span class='ocrx_word' id='word_1_339' title='bbox 361 4266 466 4304; x_wconf 89' lang='lat' dir='ltr'><strong>non</strong></span> <span class='ocrx_word' id='word_1_340' title='bbox 503 4252 708 4321; x_wconf 81' lang='lat' dir='ltr'><strong>integre</strong></span> <span class='ocrx_word' id='word_1_341' title='bbox 746 4253 838 4305; x_wconf 91' lang='lat' dir='ltr'><strong>sed</strong></span> <span class='ocrx_word' id='word_1_342' title='bbox 875 4252 1060 4304; x_wconf 86' lang='lat' dir='ltr'><strong>mutile</strong></span> <span class='ocrx_word' id='word_1_343' title='bbox 1091 4250 1302 4305; x_wconf 90' lang='lat' dir='ltr'><strong>reddita</strong></span> <span class='ocrx_word' id='word_1_344' title='bbox 1335 4259 1463 4305; x_wconf 92' lang='lat' dir='ltr'><strong>sunt</strong></span> <span class='ocrx_word' id='word_1_345' title='bbox 1494 4252 1561 4305; x_wconf 89' lang='lat' dir='ltr'><strong>ab</strong></span> <span class='ocrx_word' id='word_1_346' title='bbox 1593 4252 1752 4303; x_wconf 88' lang='lat' dir='ltr'><strong>inter-</strong></span> 
     </span>
    </p>
   </div>
   <div class='ocr_carea' id='block_1_47' title="bbox 187 4338 1759 4410">
    <p class='ocr_par' dir='ltr' id='par_1_47' title="bbox 187 4338 1759 4410">
     <span class='ocr_line' id='line_1_47' title="bbox 187 4338 1759 4410; baseline 0 -18"><span class='ocrx_word' id='word_1_347' title='bbox 187 4350 379 4410; x_wconf 88' lang='lat' dir='ltr'><strong>prete;</strong></span> <span class='ocrx_word' id='word_1_348' title='bbox 412 4338 644 4404; x_wconf 87' lang='lat' dir='ltr'><strong>Plinius,</strong></span> <span class='ocrx_word' id='word_1_349' title='bbox 669 4341 765 4394; x_wconf 93' lang='lat' dir='ltr'><strong>lib.</strong></span> <span class='ocrx_word' id='word_1_350' title='bbox 796 4355 873 4401; x_wconf 68' lang='grc' dir='ltr'><strong>χι,</strong></span> <span class='ocrx_word' id='word_1_351' title='bbox 900 4355 1020 4408; x_wconf 86' lang='lat' dir='ltr'><strong>cap.</strong></span> <span class='ocrx_word' id='word_1_352' title='bbox 1063 4340 1148 4402; x_wconf 85' lang='lat' dir='ltr'><strong>l7,</strong></span> <span class='ocrx_word' id='word_1_353' title='bbox 1185 4340 1370 4401; x_wconf 76' lang='lat' dir='ltr'><strong>haeret,</strong></span> <span class='ocrx_word' id='word_1_354' title='bbox 1413 4354 1513 4393; x_wconf 91' lang='lat' dir='ltr'><strong>nec</strong></span> <span class='ocrx_word' id='word_1_355' title='bbox 1556 4339 1759 4409; x_wconf 84' lang='lat' dir='ltr'><strong>aliquid</strong></span> 
     </span>
    </p>
   </div>
   <div class='ocr_carea' id='block_1_48' title="bbox 186 4429 1760 4498">
    <p class='ocr_par' dir='ltr' id='par_1_48' title="bbox 186 4429 1760 4498">
     <span class='ocr_line' id='line_1_48' title="bbox 186 4429 1760 4498; baseline -0.002 -13"><span class='ocrx_word' id='word_1_356' title='bbox 186 4429 330 4485; x_wconf 88' lang='lat' dir='ltr'><strong>certi</strong></span> <span class='ocrx_word' id='word_1_357' title='bbox 386 4429 732 4483; x_wconf 84' lang='lat' dir='ltr'><strong>determinat.</strong></span> <span class='ocrx_word' id='word_1_358' title='bbox 795 4431 1014 4495; x_wconf 68' lang='lat' dir='ltr'><strong>Quaerat</strong></span> <span class='ocrx_word' id='word_1_359' title='bbox 1088 4447 1225 4482; x_wconf 90' lang='lat' dir='ltr'><strong>nunc</strong></span> <span class='ocrx_word' id='word_1_360' title='bbox 1281 4431 1494 4498; x_wconf 86' lang='lat' dir='ltr'><strong>aliquis,</strong></span> <span class='ocrx_word' id='word_1_361' title='bbox 1561 4447 1760 4483; x_wconf 88' lang='lat' dir='ltr'><strong>unusne</strong></span> 
     </span>
    </p>
   </div>
   <div class='ocr_carea' id='block_1_49' title="bbox 1853 594 3412 682">
    <p class='ocr_par' dir='ltr' id='par_1_49' title="bbox 1853 594 3412 682">
     <span class='ocr_line' id='line_1_49' title="bbox 1853 594 3412 682; baseline -0.015 -18"><span class='ocrx_word' id='word_1_362' title='bbox 1853 612 2013 682; x_wconf 82' lang='grc' dir='ltr'>ὑγρὸν</span> <span class='ocrx_word' id='word_1_363' title='bbox 2040 607 2191 679; x_wconf 75' lang='grc' dir='ltr'>παρὰ</span> <span class='ocrx_word' id='word_1_364' title='bbox 2224 606 2322 676; x_wconf 85' lang='grc' dir='ltr'><strong>τὴν</strong></span> <span class='ocrx_word' id='word_1_365' title='bbox 2367 602 2586 674; x_wconf 80' lang='grc' dir='ltr'>πρώτην</span> <span class='ocrx_word' id='word_1_366' title='bbox 2612 601 2775 664; x_wconf 74' lang='grc' dir='ltr'>ἐστὶν,</span> <span class='ocrx_word' id='word_1_367' title='bbox 2803 594 2917 650; x_wconf 85' lang='grc' dir='ltr'><strong>εἶτα</strong></span> <span class='ocrx_word' id='word_1_368' title='bbox 2944 595 3021 665; x_wconf 81' lang='grc' dir='ltr'><strong>τῷ</strong></span> <span class='ocrx_word' id='word_1_369' title='bbox 3061 594 3233 665; x_wconf 85' lang='grc' dir='ltr'>χρόνῳ</span> <span class='ocrx_word' id='word_1_370' title='bbox 3278 607 3412 658; x_wconf 87' lang='grc' dir='ltr'>συμ-</span> 
     </span>
    </p>
   </div>
   <div class='ocr_carea' id='block_1_50' title="bbox 1850 683 3411 772">
    <p class='ocr_par' dir='ltr' id='par_1_50' title="bbox 1850 683 3411 772">
     <span class='ocr_line' id='line_1_50' title="bbox 1850 683 3411 772; baseline -0.015 -16"><span class='ocrx_word' id='word_1_371' title='bbox 1850 702 2090 772; x_wconf 80' lang='grc' dir='ltr'><strong>πεφθὲν,</strong></span> <span class='ocrx_word' id='word_1_372' title='bbox 2149 699 2284 768; x_wconf 85' lang='grc' dir='ltr'>πρὸς</span> <span class='ocrx_word' id='word_1_373' title='bbox 2351 695 2448 765; x_wconf 77' lang='grc' dir='ltr'><strong>τὴν</strong></span> <span class='ocrx_word' id='word_1_374' title='bbox 2503 692 2706 772; x_wconf 75' lang='grc' dir='ltr'>οἰκείαν</span> <span class='ocrx_word' id='word_1_375' title='bbox 2763 689 3014 744; x_wconf 77' lang='grc' dir='ltr'>σύστασιν</span> <span class='ocrx_word' id='word_1_376' title='bbox 3077 688 3170 739; x_wconf 69' lang='grc' dir='ltr'>καὶ</span> <span class='ocrx_word' id='word_1_377' title='bbox 3223 683 3411 755; x_wconf 72' lang='grc' dir='ltr'>ἡδονὴν</span> 
     </span>
    </p>
   </div>
   <div class='ocr_carea' id='block_1_51' title="bbox 1849 765 3412 862">
    <p class='ocr_par' dir='ltr' id='par_1_51' title="bbox 1849 765 3412 862">
     <span class='ocr_line' id='line_1_51' title="bbox 1849 765 3412 862; baseline -0.013 -16"><span class='ocrx_word' id='word_1_378' title='bbox 1849 765 2222 862; x_wconf 72' lang='grc' dir='ltr'>ἐπανέρχεται.</span> <span class='ocrx_word' id='word_1_379' title='bbox 2258 786 2361 852; x_wconf 85' lang='lat' dir='ltr'><strong>Qui</strong></span> <span class='ocrx_word' id='word_1_380' title='bbox 2413 765 2527 838; x_wconf 58' lang='lat' dir='ltr'><strong>sini</strong></span> <span class='ocrx_word' id='word_1_381' title='bbox 2574 781 2664 834; x_wconf 89' lang='lat' dir='ltr'><strong>isti</strong></span> <span class='ocrx_word' id='word_1_382' title='bbox 2709 781 2885 842; x_wconf 78' lang='lat' dir='ltr'><strong>liores,</strong></span> <span class='ocrx_word' id='word_1_383' title='bbox 2922 795 2988 832; x_wconf 80' lang='lat' dir='ltr'><strong>ex</strong></span> <span class='ocrx_word' id='word_1_384' title='bbox 3038 777 3238 846; x_wconf 82' lang='lat' dir='ltr'><strong>quibus</strong></span> <span class='ocrx_word' id='word_1_385' title='bbox 3285 789 3412 842; x_wconf 86' lang='lat' dir='ltr'><strong>apes</strong></span> 
     </span>
    </p>
   </div>
   <div class='ocr_carea' id='block_1_52' title="bbox 1849 869 3414 954">
    <p class='ocr_par' dir='ltr' id='par_1_52' title="bbox 1849 869 3414 954">
     <span class='ocr_line' id='line_1_52' title="bbox 1849 869 3414 954; baseline -0.015 -15"><span class='ocrx_word' id='word_1_386' title='bbox 1849 882 2150 954; x_wconf 82' lang='lat' dir='ltr'><strong>colligendo</strong></span> <span class='ocrx_word' id='word_1_387' title='bbox 2204 893 2399 935; x_wconf 88' lang='lat' dir='ltr'><strong>succos</strong></span> <span class='ocrx_word' id='word_1_388' title='bbox 2446 890 2542 930; x_wconf 88' lang='lat' dir='ltr'><strong>sua</strong></span> <span class='ocrx_word' id='word_1_389' title='bbox 2584 872 2877 927; x_wconf 79' lang='lat' dir='ltr'><strong>coniiciunt</strong></span> <span class='ocrx_word' id='word_1_390' title='bbox 2925 869 3083 924; x_wconf 84' lang='lat' dir='ltr'><strong>mella</strong></span> <span class='ocrx_word' id='word_1_391' title='bbox 3132 872 3414 921; x_wconf 89' lang='lat' dir='ltr'><strong>enumerat</strong></span> 
     </span>
    </p>
   </div>
   <div class='ocr_carea' id='block_1_53' title="bbox 1851 957 3411 1036">
    <p class='ocr_par' dir='ltr' id='par_1_53' title="bbox 1851 957 3411 1036">
     <span class='ocr_line' id='line_1_53' title="bbox 1851 957 3411 1036; baseline -0.013 -6"><span class='ocrx_word' id='word_1_392' title='bbox 1851 976 2191 1036; x_wconf 83' lang='lat' dir='ltr'><strong>Aristoteles,</strong></span> <span class='ocrx_word' id='word_1_393' title='bbox 2223 988 2274 1034; x_wconf 84' lang='lat' dir='ltr'><strong>v,</strong></span> <span class='ocrx_word' id='word_1_394' title='bbox 2306 970 2380 1024; x_wconf 89' lang='lat' dir='ltr'><strong>De</strong></span> <span class='ocrx_word' id='word_1_395' title='bbox 2401 969 2585 1021; x_wconf 87' lang='lat' dir='ltr'><strong>histor.</strong></span> <span class='ocrx_word' id='word_1_396' title='bbox 2618 965 2858 1027; x_wconf 89' lang='lat' dir='ltr'><strong>animal.,</strong></span> <span class='ocrx_word' id='word_1_397' title='bbox 2891 978 3010 1031; x_wconf 86' lang='lat' dir='ltr'><strong>cap.</strong></span> <span class='ocrx_word' id='word_1_398' title='bbox 3034 961 3145 1023; x_wconf 71' lang='lat'><strong>9.2;</strong></span> <span class='ocrx_word' id='word_1_399' title='bbox 3183 957 3411 1019; x_wconf 80' lang='lat' dir='ltr'><strong>Plinius,</strong></span> 
     </span>
    </p>
   </div>
   <div class='ocr_carea' id='block_1_54' title="bbox 1849 1049 3410 1133">
    <p class='ocr_par' dir='ltr' id='par_1_54' title="bbox 1849 1049 3410 1133">
     <span class='ocr_line' id='line_1_54' title="bbox 1849 1049 3410 1133; baseline -0.012 -14"><span class='ocrx_word' id='word_1_400' title='bbox 1849 1068 1941 1121; x_wconf 90' lang='lat' dir='ltr'><strong>lib.</strong></span> <span class='ocrx_word' id='word_1_401' title='bbox 1977 1082 2050 1130; x_wconf 74' lang='grc' dir='ltr'><strong>ιι,</strong></span> <span class='ocrx_word' id='word_1_402' title='bbox 2091 1079 2210 1133; x_wconf 86' lang='lat' dir='ltr'><strong>cap.</strong></span> <span class='ocrx_word' id='word_1_403' title='bbox 2244 1064 2298 1125; x_wconf 92' lang='lat'><strong>8,</strong></span> <span class='ocrx_word' id='word_1_404' title='bbox 2322 1060 2568 1130; x_wconf 57' lang='lat' dir='ltr'><strong>quadam</strong></span> <span class='ocrx_word' id='word_1_405' title='bbox 2603 1073 2667 1112; x_wconf 80' lang='lat' dir='ltr'><strong>ex</strong></span> <span class='ocrx_word' id='word_1_406' title='bbox 2700 1056 2806 1108; x_wconf 88' lang='lat' dir='ltr'><strong>illis</strong></span> <span class='ocrx_word' id='word_1_407' title='bbox 2830 1053 3048 1121; x_wconf 76' lang='lat' dir='ltr'><strong>excipit,</strong></span> <span class='ocrx_word' id='word_1_408' title='bbox 3072 1059 3125 1105; x_wconf 90' lang='lat' dir='ltr'><strong>et</strong></span> <span class='ocrx_word' id='word_1_409' title='bbox 3147 1049 3410 1119; x_wconf 85' lang='lat' dir='ltr'><strong>quosdam</strong></span> 
     </span>
    </p>
   </div>
   <div class='ocr_carea' id='block_1_55' title="bbox 1847 1142 3415 1229">
    <p class='ocr_par' dir='ltr' id='par_1_55' title="bbox 1847 1142 3415 1229">
     <span class='ocr_line' id='line_1_55' title="bbox 1847 1142 3415 1229; baseline -0.013 -18"><span class='ocrx_word' id='word_1_410' title='bbox 1847 1161 1939 1229; x_wconf 91' lang='lat' dir='ltr'><strong>qui</strong></span> <span class='ocrx_word' id='word_1_411' title='bbox 1970 1157 2214 1228; x_wconf 67' lang='lat' dir='ltr'><strong>quaedam</strong></span> <span class='ocrx_word' id='word_1_412' title='bbox 2250 1157 2575 1221; x_wconf 76' lang='lat' dir='ltr'><strong>exceperant</strong></span> <span class='ocrx_word' id='word_1_413' title='bbox 2603 1147 2942 1216; x_wconf 85' lang='lat' dir='ltr'><strong>reprehendit</strong></span> <span class='ocrx_word' id='word_1_414' title='bbox 2976 1163 2990 1198; x_wconf 89' lang='lat'><strong>:</strong></span> <span class='ocrx_word' id='word_1_415' title='bbox 3021 1142 3181 1196; x_wconf 86' lang='lat' dir='ltr'><strong>Ceras</strong></span> <span class='ocrx_word' id='word_1_416' title='bbox 3211 1154 3274 1193; x_wconf 80' lang='lat' dir='ltr'><strong>ea:</strong></span> <span class='ocrx_word' id='word_1_417' title='bbox 3303 1155 3415 1192; x_wconf 79' lang='lat' dir='ltr'><strong>om-</strong></span> 
     </span>
    </p>
   </div>
   <div class='ocr_carea' id='block_1_56' title="bbox 1848 1237 3413 1310">
    <p class='ocr_par' dir='ltr' id='par_1_56' title="bbox 1848 1237 3413 1310">
     <span class='ocr_line' id='line_1_56' title="bbox 1848 1237 3413 1310; baseline -0.013 -6"><span class='ocrx_word' id='word_1_418' title='bbox 1848 1251 1992 1304; x_wconf 85' lang='lat' dir='ltr'><strong>nium</strong></span> <span class='ocrx_word' id='word_1_419' title='bbox 2042 1247 2289 1301; x_wconf 88' lang='lat' dir='ltr'><strong>arborum</strong></span> <span class='ocrx_word' id='word_1_420' title='bbox 2333 1251 2667 1310; x_wconf 87' lang='lat' dir='ltr'><strong>satorumque</strong></span> <span class='ocrx_word' id='word_1_421' title='bbox 2712 1237 2925 1306; x_wconf 83' lang='lat' dir='ltr'><strong>ﬂoribus</strong></span> <span class='ocrx_word' id='word_1_422' title='bbox 2971 1237 3290 1302; x_wconf 83' lang='lat' dir='ltr'><strong>conﬁngunt,</strong></span> <span class='ocrx_word' id='word_1_423' title='bbox 3323 1248 3413 1285; x_wconf 79' lang='lat' dir='ltr'><strong>ea:-</strong></span> 
     </span>
    </p>
   </div>
   <div class='ocr_carea' id='block_1_57' title="bbox 1847 1328 3410 1412">
    <p class='ocr_par' dir='ltr' id='par_1_57' title="bbox 1847 1328 3410 1412">
     <span class='ocr_line' id='line_1_57' title="bbox 1847 1328 3410 1412; baseline -0.013 -16"><span class='ocrx_word' id='word_1_424' title='bbox 1847 1353 1997 1412; x_wconf 81' lang='lat' dir='ltr'><strong>cepta</strong></span> <span class='ocrx_word' id='word_1_425' title='bbox 2043 1342 2238 1394; x_wconf 88' lang='lat' dir='ltr'><strong>rumice</strong></span> <span class='ocrx_word' id='word_1_426' title='bbox 2285 1347 2333 1393; x_wconf 89' lang='lat' dir='ltr'><strong>et</strong></span> <span class='ocrx_word' id='word_1_427' title='bbox 2369 1332 2679 1403; x_wconf 86' lang='lat' dir='ltr'><strong>chenopode,</strong></span> <span class='ocrx_word' id='word_1_428' title='bbox 2718 1330 2995 1384; x_wconf 82' lang='lat' dir='ltr'><strong>herbarum</strong></span> <span class='ocrx_word' id='word_1_429' title='bbox 3046 1328 3154 1381; x_wconf 81' lang='lat' dir='ltr'><strong>ha&#39;c</strong></span> <span class='ocrx_word' id='word_1_430' title='bbox 3204 1339 3410 1395; x_wconf 89' lang='lat' dir='ltr'><strong>genera.</strong></span> 
     </span>
    </p>
   </div>
   <div class='ocr_carea' id='block_1_58' title="bbox 1849 1418 3415 1500">
    <p class='ocr_par' dir='ltr' id='par_1_58' title="bbox 1849 1418 3415 1500">
     <span class='ocr_line' id='line_1_58' title="bbox 1849 1418 3415 1500; baseline -0.013 -12"><span class='ocrx_word' id='word_1_431' title='bbox 1849 1435 2014 1488; x_wconf 85' lang='lat' dir='ltr'><strong>Falso</strong></span> <span class='ocrx_word' id='word_1_432' title='bbox 2044 1433 2301 1500; x_wconf 74' lang='lat' dir='ltr'><strong>excipitur</strong></span> <span class='ocrx_word' id='word_1_433' title='bbox 2330 1439 2377 1482; x_wconf 91' lang='lat' dir='ltr'><strong>et</strong></span> <span class='ocrx_word' id='word_1_434' title='bbox 2408 1439 2664 1496; x_wconf 90' lang='lat' dir='ltr'><strong>spartum,</strong></span> <span class='ocrx_word' id='word_1_435' title='bbox 2695 1427 2878 1494; x_wconf 86' lang='lat' dir='ltr'><strong>quippe</strong></span> <span class='ocrx_word' id='word_1_436' title='bbox 2913 1437 3027 1474; x_wconf 89' lang='lat' dir='ltr'><strong>cum</strong></span> <span class='ocrx_word' id='word_1_437' title='bbox 3064 1421 3119 1471; x_wconf 91' lang='lat' dir='ltr'><strong>in</strong></span> <span class='ocrx_word' id='word_1_438' title='bbox 3155 1418 3415 1483; x_wconf 82' lang='lat' dir='ltr'><strong>Hispania</strong></span> 
     </span>
    </p>
   </div>
   <div class='ocr_carea' id='block_1_59' title="bbox 1848 1505 3415 1590">
    <p class='ocr_par' dir='ltr' id='par_1_59' title="bbox 1848 1505 3415 1590">
     <span class='ocr_line' id='line_1_59' title="bbox 1848 1505 3415 1590; baseline -0.013 -12"><span class='ocrx_word' id='word_1_439' title='bbox 1848 1526 2014 1578; x_wconf 89' lang='lat' dir='ltr'><strong>multa</strong></span> <span class='ocrx_word' id='word_1_440' title='bbox 2037 1525 2090 1576; x_wconf 89' lang='lat' dir='ltr'><strong>in</strong></span> <span class='ocrx_word' id='word_1_441' title='bbox 2121 1521 2399 1590; x_wconf 90' lang='lat' dir='ltr'><strong>spartariis</strong></span> <span class='ocrx_word' id='word_1_442' title='bbox 2431 1517 2586 1571; x_wconf 87' lang='lat' dir='ltr'><strong>mella</strong></span> <span class='ocrx_word' id='word_1_443' title='bbox 2607 1516 2818 1568; x_wconf 83' lang='lat' dir='ltr'><strong>herbam</strong></span> <span class='ocrx_word' id='word_1_444' title='bbox 2847 1529 2959 1565; x_wconf 87' lang='lat' dir='ltr'><strong>eam</strong></span> <span class='ocrx_word' id='word_1_445' title='bbox 2989 1512 3220 1577; x_wconf 83' lang='lat' dir='ltr'><strong>sapiant.</strong></span> <span class='ocrx_word' id='word_1_446' title='bbox 3252 1505 3415 1558; x_wconf 81' lang='lat' dir='ltr'><strong>Falso</strong></span> 
     </span>
    </p>
   </div>
   <div class='ocr_carea' id='block_1_60' title="bbox 1846 1600 3417 1680">
    <p class='ocr_par' dir='ltr' id='par_1_60' title="bbox 1846 1600 3417 1680">
     <span class='ocr_line' id='line_1_60' title="bbox 1846 1600 3417 1680; baseline -0.013 -9"><span class='ocrx_word' id='word_1_447' title='bbox 1846 1626 1894 1671; x_wconf 87' lang='lat' dir='ltr'><strong>et</strong></span> <span class='ocrx_word' id='word_1_448' title='bbox 1923 1617 2066 1670; x_wconf 83' lang='lat' dir='ltr'><strong>oleas</strong></span> <span class='ocrx_word' id='word_1_449' title='bbox 2100 1613 2267 1680; x_wconf 76' lang='lat' dir='ltr'><strong>excipi</strong></span> <span class='ocrx_word' id='word_1_450' title='bbox 2317 1610 2569 1671; x_wconf 89' lang='lat' dir='ltr'><strong>arbitror,</strong></span> <span class='ocrx_word' id='word_1_451' title='bbox 2610 1609 2794 1677; x_wconf 87' lang='lat' dir='ltr'><strong>quippe</strong></span> <span class='ocrx_word' id='word_1_452' title='bbox 2833 1606 2980 1658; x_wconf 73' lang='lat' dir='ltr'><strong>oliva:</strong></span> <span class='ocrx_word' id='word_1_453' title='bbox 3026 1609 3273 1670; x_wconf 86' lang='lat' dir='ltr'><strong>proventu</strong></span> <span class='ocrx_word' id='word_1_454' title='bbox 3298 1600 3417 1666; x_wconf 86' lang='lat' dir='ltr'><strong>plu-</strong></span> 
     </span>
    </p>
   </div>
   <div class='ocr_carea' id='block_1_61' title="bbox 1849 1690 3418 1773">
    <p class='ocr_par' dir='ltr' id='par_1_61' title="bbox 1849 1690 3418 1773">
     <span class='ocr_line' id='line_1_61' title="bbox 1849 1690 3418 1773; baseline -0.013 -12"><span class='ocrx_word' id='word_1_455' title='bbox 1849 1711 1982 1761; x_wconf 89' lang='lat' dir='ltr'><strong>rima</strong></span> <span class='ocrx_word' id='word_1_456' title='bbox 2013 1706 2262 1760; x_wconf 74' lang='lat' dir='ltr'><strong>exanima</strong></span> <span class='ocrx_word' id='word_1_457' title='bbox 2293 1703 2431 1773; x_wconf 87' lang='lat' dir='ltr'><strong>gigni</strong></span> <span class='ocrx_word' id='word_1_458' title='bbox 2462 1709 2659 1753; x_wconf 84' lang='lat' dir='ltr'><strong>certum</strong></span> <span class='ocrx_word' id='word_1_459' title='bbox 2686 1707 2780 1751; x_wconf 86' lang='lat' dir='ltr'><strong>est.</strong></span> <span class='ocrx_word' id='word_1_460' title='bbox 2825 1693 3105 1746; x_wconf 81' lang='lat' dir='ltr'><strong>Fructibus</strong></span> <span class='ocrx_word' id='word_1_461' title='bbox 3133 1690 3293 1744; x_wconf 84' lang='lat' dir='ltr'><strong>nullis</strong></span> <span class='ocrx_word' id='word_1_462' title='bbox 3323 1707 3418 1741; x_wconf 80' lang='lat' dir='ltr'><strong>nu-</strong></span> 
     </span>
    </p>
   </div>
   <div class='ocr_carea' id='block_1_62' title="bbox 1849 1780 3416 1858">
    <p class='ocr_par' dir='ltr' id='par_1_62' title="bbox 1849 1780 3416 1858">
     <span class='ocr_line' id='line_1_62' title="bbox 1849 1780 3416 1858; baseline -0.015 -6"><span class='ocrx_word' id='word_1_463' title='bbox 1849 1808 1992 1852; x_wconf 88' lang='lat' dir='ltr'><strong>cetur</strong></span> <span class='ocrx_word' id='word_1_464' title='bbox 2013 1813 2030 1848; x_wconf 92' lang='lat'><strong><em>:</em></strong></span> <span class='ocrx_word' id='word_1_465' title='bbox 2064 1793 2282 1848; x_wconf 88' lang='lat' dir='ltr'><strong>mortuis</strong></span> <span class='ocrx_word' id='word_1_466' title='bbox 2329 1808 2390 1844; x_wconf 91' lang='lat' dir='ltr'><strong>ne</strong></span> <span class='ocrx_word' id='word_1_467' title='bbox 2436 1788 2652 1858; x_wconf 80' lang='lat' dir='ltr'><strong>ﬂoribus</strong></span> <span class='ocrx_word' id='word_1_468' title='bbox 2683 1784 2886 1855; x_wconf 87' lang='lat' dir='ltr'><strong>quidem</strong></span> <span class='ocrx_word' id='word_1_469' title='bbox 2917 1799 3020 1836; x_wconf 87' lang='lat' dir='ltr'><strong>non</strong></span> <span class='ocrx_word' id='word_1_470' title='bbox 3053 1780 3202 1833; x_wconf 90' lang='lat' dir='ltr'><strong>modo</strong></span> <span class='ocrx_word' id='word_1_471' title='bbox 3231 1793 3416 1845; x_wconf 86' lang='lat' dir='ltr'><strong>corpo—</strong></span> 
     </span>
    </p>
   </div>
   <div class='ocr_carea' id='block_1_63' title="bbox 1851 1868 3418 1941">
    <p class='ocr_par' dir='ltr' id='par_1_63' title="bbox 1851 1868 3418 1941">
     <span class='ocr_line' id='line_1_63' title="bbox 1851 1868 3418 1941; baseline -0.014 0"><span class='ocrx_word' id='word_1_472' title='bbox 1851 1890 1994 1941; x_wconf 84' lang='lat' dir='ltr'><strong>ribus</strong></span> <span class='ocrx_word' id='word_1_473' title='bbox 2041 1885 2299 1939; x_wconf 87' lang='lat' dir='ltr'><strong>insidunt.</strong></span> <span class='ocrx_word' id='word_1_474' title='bbox 2353 1880 2455 1934; x_wconf 89' lang='lat' dir='ltr'><strong>Sed</strong></span> <span class='ocrx_word' id='word_1_475' title='bbox 2502 1878 2731 1939; x_wconf 88' lang='lat' dir='ltr'><strong>Plinius,</strong></span> <span class='ocrx_word' id='word_1_476' title='bbox 2764 1877 2816 1928; x_wconf 91' lang='lat' dir='ltr'><strong>in</strong></span> <span class='ocrx_word' id='word_1_477' title='bbox 2865 1871 3138 1928; x_wconf 89' lang='lat' dir='ltr'><strong>nonnullis</strong></span> <span class='ocrx_word' id='word_1_478' title='bbox 3171 1868 3418 1923; x_wconf 85' lang='lat' dir='ltr'><strong>animad-</strong></span> 
     </span>
    </p>
   </div>
   <div class='ocr_carea' id='block_1_64' title="bbox 1850 1959 3415 2042">
    <p class='ocr_par' dir='ltr' id='par_1_64' title="bbox 1850 1959 3415 2042">
     <span class='ocr_line' id='line_1_64' title="bbox 1850 1959 3415 2042; baseline -0.013 -12"><span class='ocrx_word' id='word_1_479' title='bbox 1850 1977 2100 2030; x_wconf 78' lang='lat' dir='ltr'><strong>versione</strong></span> <span class='ocrx_word' id='word_1_480' title='bbox 2132 1974 2328 2042; x_wconf 81' lang='lat' dir='ltr'><strong>dignus</strong></span> <span class='ocrx_word' id='word_1_481' title='bbox 2365 1970 2593 2024; x_wconf 78' lang='lat' dir='ltr'><strong>videtur.</strong></span> <span class='ocrx_word' id='word_1_482' title='bbox 2630 1967 2702 2020; x_wconf 89' lang='lat' dir='ltr'><strong>De</strong></span> <span class='ocrx_word' id='word_1_483' title='bbox 2729 1965 2863 2019; x_wconf 89' lang='lat' dir='ltr'><strong>oleis</strong></span> <span class='ocrx_word' id='word_1_484' title='bbox 2898 1959 3148 2032; x_wconf 70' lang='lat' dir='ltr'><strong>superius</strong></span> <span class='ocrx_word' id='word_1_485' title='bbox 3172 1961 3415 2030; x_wconf 58' lang='lat' dir='ltr'><strong>quaedam</strong></span> 
     </span>
    </p>
   </div>
   <div class='ocr_carea' id='block_1_65' title="bbox 1850 2041 3413 2130">
    <p class='ocr_par' dir='ltr' id='par_1_65' title="bbox 1850 2041 3413 2130">
     <span class='ocr_line' id='line_1_65' title="bbox 1850 2041 3413 2130; baseline -0.013 -8"><span class='ocrx_word' id='word_1_486' title='bbox 1850 2068 2124 2130; x_wconf 71' lang='lat' dir='ltr'><strong>diximus;</strong></span> <span class='ocrx_word' id='word_1_487' title='bbox 2159 2065 2226 2117; x_wconf 90' lang='lat' dir='ltr'><strong>de</strong></span> <span class='ocrx_word' id='word_1_488' title='bbox 2265 2041 2496 2116; x_wconf 59' lang='lat' dir='ltr'><strong>mortuis</strong></span> <span class='ocrx_word' id='word_1_489' title='bbox 2529 2058 2847 2127; x_wconf 84' lang='lat' dir='ltr'><strong>corporibus</strong></span> <span class='ocrx_word' id='word_1_490' title='bbox 2882 2069 2980 2116; x_wconf 86' lang='lat' dir='ltr'><strong>nec</strong></span> <span class='ocrx_word' id='word_1_491' title='bbox 3023 2054 3124 2107; x_wconf 89' lang='lat' dir='ltr'><strong>sibi</strong></span> <span class='ocrx_word' id='word_1_492' title='bbox 3166 2060 3413 2111; x_wconf 84' lang='lat' dir='ltr'><strong>constat;</strong></span> 
     </span>
    </p>
   </div>
   <div class='ocr_carea' id='block_1_66' title="bbox 1851 2131 3415 2226">
    <p class='ocr_par' dir='ltr' id='par_1_66' title="bbox 1851 2131 3415 2226">
     <span class='ocr_line' id='line_1_66' title="bbox 1851 2131 3415 2226; baseline -0.012 -15"><span class='ocrx_word' id='word_1_493' title='bbox 1851 2165 2094 2211; x_wconf 89' lang='lat' dir='ltr'><strong>mortuas</strong></span> <span class='ocrx_word' id='word_1_494' title='bbox 2128 2156 2325 2226; x_wconf 89' lang='lat' dir='ltr'><strong>quippe</strong></span> <span class='ocrx_word' id='word_1_495' title='bbox 2367 2131 2596 2221; x_wconf 68' lang='lat' dir='ltr'><strong>gallinas</strong></span> <span class='ocrx_word' id='word_1_496' title='bbox 2627 2148 2821 2216; x_wconf 90' lang='lat' dir='ltr'><strong>apibus</strong></span> <span class='ocrx_word' id='word_1_497' title='bbox 2853 2131 3031 2200; x_wconf 65' lang='lat' dir='ltr'><strong>cilium</strong></span> <span class='ocrx_word' id='word_1_498' title='bbox 3063 2158 3184 2198; x_wconf 87' lang='lat' dir='ltr'><strong>esse</strong></span> <span class='ocrx_word' id='word_1_499' title='bbox 3230 2155 3329 2196; x_wconf 85' lang='lat' dir='ltr'><strong>nos</strong></span> <span class='ocrx_word' id='word_1_500' title='bbox 3360 2141 3415 2193; x_wconf 88' lang='lat' dir='ltr'><strong>in</strong></span> 
     </span>
    </p>
   </div>
   <div class='ocr_carea' id='block_1_67' title="bbox 1852 2228 3415 2311">
    <p class='ocr_par' dir='ltr' id='par_1_67' title="bbox 1852 2228 3415 2311">
     <span class='ocr_line' id='line_1_67' title="bbox 1852 2228 3415 2311; baseline -0.012 -9"><span class='ocrx_word' id='word_1_501' title='bbox 1852 2251 1973 2304; x_wconf 86' lang='lat' dir='ltr'><strong>aliis</strong></span> <span class='ocrx_word' id='word_1_502' title='bbox 2013 2247 2311 2302; x_wconf 86' lang='lat' dir='ltr'><strong>admonuit.</strong></span> <span class='ocrx_word' id='word_1_503' title='bbox 2355 2244 2460 2298; x_wconf 85' lang='lat' dir='ltr'><strong>Sed</strong></span> <span class='ocrx_word' id='word_1_504' title='bbox 2487 2228 2610 2311; x_wconf 67' lang='lat' dir='ltr'><strong>quis</strong></span> <span class='ocrx_word' id='word_1_505' title='bbox 2649 2241 2702 2293; x_wconf 92' lang='lat' dir='ltr'><strong>in</strong></span> <span class='ocrx_word' id='word_1_506' title='bbox 2756 2246 2901 2291; x_wconf 86' lang='lat' dir='ltr'><strong>tanta</strong></span> <span class='ocrx_word' id='word_1_507' title='bbox 2948 2249 3126 2289; x_wconf 89' lang='lat' dir='ltr'><strong>rerum</strong></span> <span class='ocrx_word' id='word_1_508' title='bbox 3159 2233 3415 2286; x_wconf 85' lang='lat' dir='ltr'><strong>varietate</strong></span> 
     </span>
    </p>
   </div>
   <div class='ocr_carea' id='block_1_68' title="bbox 1850 2321 3416 2403">
    <p class='ocr_par' dir='ltr' id='par_1_68' title="bbox 1850 2321 3416 2403">
     <span class='ocr_line' id='line_1_68' title="bbox 1850 2321 3416 2403; baseline -0.015 -5"><span class='ocrx_word' id='word_1_509' title='bbox 1850 2354 1903 2398; x_wconf 89' lang='lat' dir='ltr'><strong>et</strong></span> <span class='ocrx_word' id='word_1_510' title='bbox 1935 2340 2249 2396; x_wconf 88' lang='lat' dir='ltr'><strong>diversitate</strong></span> <span class='ocrx_word' id='word_1_511' title='bbox 2292 2336 2605 2403; x_wconf 90' lang='lat' dir='ltr'><strong>opinionum</strong></span> <span class='ocrx_word' id='word_1_512' title='bbox 2644 2331 2719 2384; x_wconf 90' lang='lat' dir='ltr'><strong>ita</strong></span> <span class='ocrx_word' id='word_1_513' title='bbox 2771 2328 2873 2383; x_wconf 89' lang='lat' dir='ltr'><strong>sibi</strong></span> <span class='ocrx_word' id='word_1_514' title='bbox 2924 2325 3180 2380; x_wconf 86' lang='lat' dir='ltr'><strong>memoria</strong></span> <span class='ocrx_word' id='word_1_515' title='bbox 3220 2321 3416 2392; x_wconf 89' lang='lat' dir='ltr'><strong>poterit</strong></span> 
     </span>
    </p>
   </div>
   <div class='ocr_carea' id='block_1_69' title="bbox 1851 2412 3259 2491">
    <p class='ocr_par' dir='ltr' id='par_1_69' title="bbox 1851 2412 3259 2491">
     <span class='ocr_line' id='line_1_69' title="bbox 1851 2412 3259 2491; baseline -0.017 -4"><span class='ocrx_word' id='word_1_516' title='bbox 1851 2439 2105 2487; x_wconf 90' lang='lat' dir='ltr'><strong>constare</strong></span> <span class='ocrx_word' id='word_1_517' title='bbox 2141 2436 2198 2481; x_wconf 93' lang='lat' dir='ltr'><strong>ut</strong></span> <span class='ocrx_word' id='word_1_518' title='bbox 2225 2442 2287 2480; x_wconf 88' lang='lat' dir='ltr'><strong>ea</strong></span> <span class='ocrx_word' id='word_1_519' title='bbox 2317 2423 2423 2477; x_wconf 82' lang='lat' dir='ltr'><strong>labi</strong></span> <span class='ocrx_word' id='word_1_520' title='bbox 2464 2419 2792 2491; x_wconf 88' lang='lat' dir='ltr'><strong>quandoque</strong></span> <span class='ocrx_word' id='word_1_521' title='bbox 2822 2431 2928 2471; x_wconf 88' lang='lat' dir='ltr'><strong>non</strong></span> <span class='ocrx_word' id='word_1_522' title='bbox 2953 2412 3259 2481; x_wconf 82' lang='lat' dir='ltr'><strong>contingat?</strong></span> 
     </span>
    </p>
   </div>
   <div class='ocr_carea' id='block_1_70' title="bbox 1923 2501 3422 2579">
    <p class='ocr_par' dir='ltr' id='par_1_70' title="bbox 1923 2501 3422 2579">
     <span class='ocr_line' id='line_1_70' title="bbox 1923 2501 3422 2579; baseline -0.017 -2"><span class='ocrx_word' id='word_1_523' title='bbox 1923 2522 2078 2577; x_wconf 55' lang='lat' dir='ltr'><strong>Quid&quot;</strong></span> <span class='ocrx_word' id='word_1_524' title='bbox 2108 2521 2205 2572; x_wconf 90' lang='lat' dir='ltr'><strong>lin.</strong></span> <span class='ocrx_word' id='word_1_525' title='bbox 2231 2517 2318 2571; x_wconf 71' lang='grc'><strong>54.</strong></span> <span class='ocrx_word' id='word_1_526' title='bbox 2347 2514 2455 2567; x_wconf 85' lang='lat' dir='ltr'><strong>Kal</strong></span> <span class='ocrx_word' id='word_1_527' title='bbox 2475 2514 2586 2578; x_wconf 78' lang='grc' dir='ltr'><strong>τὴν</strong></span> <span class='ocrx_word' id='word_1_528' title='bbox 2599 2506 2969 2578; x_wconf 79' lang='grc' dir='ltr'>δροσοειδῶς.</span> <span class='ocrx_word' id='word_1_529' title='bbox 2996 2501 3422 2579; x_wconf 69' lang='lat' dir='ltr'><strong>Accuratissime</strong></span> 
     </span>
    </p>
   </div>
   <div class='ocr_carea' id='block_1_71' title="bbox 1853 2585 3419 2659">
    <p class='ocr_par' dir='ltr' id='par_1_71' title="bbox 1853 2585 3419 2659">
     <span class='ocr_line' id='line_1_71' title="bbox 1853 2585 3419 2659; baseline -0.013 0"><span class='ocrx_word' id='word_1_530' title='bbox 1853 2608 1966 2659; x_wconf 64' lang='lat' dir='ltr'><strong>haec</strong></span> <span class='ocrx_word' id='word_1_531' title='bbox 2007 2602 2189 2656; x_wconf 88' lang='lat' dir='ltr'><strong>omnia</strong></span> <span class='ocrx_word' id='word_1_532' title='bbox 2243 2597 2558 2651; x_wconf 86' lang='lat' dir='ltr'><strong>Aristoteles</strong></span> <span class='ocrx_word' id='word_1_533' title='bbox 2609 2594 2663 2646; x_wconf 93' lang='lat' dir='ltr'><strong>d.</strong></span> <span class='ocrx_word' id='word_1_534' title='bbox 2717 2593 2834 2645; x_wconf 85' lang='lat' dir='ltr'><strong>loco</strong></span> <span class='ocrx_word' id='word_1_535' title='bbox 2867 2610 2876 2642; x_wconf 92' lang='lat'>:</span> <span class='ocrx_word' id='word_1_536' title='bbox 2915 2587 3235 2649; x_wconf 79' lang='lat' dir='ltr'><strong>Construunt</strong></span> <span class='ocrx_word' id='word_1_537' title='bbox 3271 2585 3419 2652; x_wconf 80' lang='lat' dir='ltr'><strong>favos</strong></span> 
     </span>
    </p>
   </div>
   <div class='ocr_carea' id='block_1_72' title="bbox 1853 2676 3418 2762">
    <p class='ocr_par' dir='ltr' id='par_1_72' title="bbox 1853 2676 3418 2762">
     <span class='ocr_line' id='line_1_72' title="bbox 1853 2676 3418 2762; baseline -0.014 -14"><span class='ocrx_word' id='word_1_538' title='bbox 1853 2712 1880 2748; x_wconf 90' lang='lat' dir='ltr'><strong>e</strong></span> <span class='ocrx_word' id='word_1_539' title='bbox 1901 2693 2136 2762; x_wconf 80' lang='lat' dir='ltr'><strong>ﬂoribus,</strong></span> <span class='ocrx_word' id='word_1_540' title='bbox 2162 2705 2353 2752; x_wconf 85' lang='lat' dir='ltr'><strong>ceram,</strong></span> <span class='ocrx_word' id='word_1_541' title='bbox 2385 2702 2448 2740; x_wconf 85' lang='lat' dir='ltr'><strong>ea:</strong></span> <span class='ocrx_word' id='word_1_542' title='bbox 2482 2686 2717 2753; x_wconf 83' lang='lat' dir='ltr'><strong>lacryma</strong></span> <span class='ocrx_word' id='word_1_543' title='bbox 2744 2683 2990 2735; x_wconf 85' lang='lat' dir='ltr'><strong>arborum</strong></span> <span class='ocrx_word' id='word_1_544' title='bbox 3020 2679 3240 2747; x_wconf 82' lang='lat' dir='ltr'><strong>ﬁngunt,</strong></span> <span class='ocrx_word' id='word_1_545' title='bbox 3262 2676 3418 2730; x_wconf 83' lang='lat' dir='ltr'><strong>mella</strong></span> 
     </span>
    </p>
   </div>
   <div class='ocr_carea' id='block_1_73' title="bbox 1810 2772 3418 2843">
    <p class='ocr_par' dir='ltr' id='par_1_73' title="bbox 1810 2772 3418 2843">
     <span class='ocr_line' id='line_1_73' title="bbox 1810 2772 3418 2843; baseline -0.014 -3"><span class='ocrx_word' id='word_1_546' title='bbox 1810 2827 1814 2832; x_wconf 85' lang='grc'><strong>-</strong></span> <span class='ocrx_word' id='word_1_547' title='bbox 1854 2801 1918 2839; x_wconf 73' lang='lat' dir='ltr'><strong>ex</strong></span> <span class='ocrx_word' id='word_1_548' title='bbox 1947 2799 2062 2836; x_wconf 90' lang='lat' dir='ltr'><strong>rore</strong></span> <span class='ocrx_word' id='word_1_549' title='bbox 2094 2781 2254 2843; x_wconf 83' lang='lat' dir='ltr'><strong>aeris,</strong></span> <span class='ocrx_word' id='word_1_550' title='bbox 2287 2779 2518 2833; x_wconf 86' lang='lat' dir='ltr'><strong>siderum</strong></span> <span class='ocrx_word' id='word_1_551' title='bbox 2565 2783 2749 2828; x_wconf 77' lang='lat' dir='ltr'><strong>eaertu</strong></span> <span class='ocrx_word' id='word_1_552' title='bbox 2795 2772 3141 2838; x_wconf 84' lang='lat' dir='ltr'><strong>potissimum,</strong></span> <span class='ocrx_word' id='word_1_553' title='bbox 3182 2780 3228 2820; x_wconf 88' lang='lat' dir='ltr'><strong>et</strong></span> <span class='ocrx_word' id='word_1_554' title='bbox 3264 2782 3418 2819; x_wconf 80' lang='lat' dir='ltr'><strong>arcus</strong></span> 
     </span>
    </p>
   </div>
   <div class='ocr_carea' id='block_1_74' title="bbox 1856 2858 3420 2930">
    <p class='ocr_par' dir='ltr' id='par_1_74' title="bbox 1856 2858 3420 2930">
     <span class='ocr_line' id='line_1_74' title="bbox 1856 2858 3420 2930; baseline -0.013 0"><span class='ocrx_word' id='word_1_555' title='bbox 1856 2877 2074 2930; x_wconf 75' lang='lat' dir='ltr'><strong>caelestis</strong></span> <span class='ocrx_word' id='word_1_556' title='bbox 2103 2872 2334 2926; x_wconf 89' lang='lat' dir='ltr'><strong>incubitu</strong></span> <span class='ocrx_word' id='word_1_557' title='bbox 2371 2867 2702 2922; x_wconf 86' lang='lat' dir='ltr'><strong>contrahunt.</strong></span> <span class='ocrx_word' id='word_1_558' title='bbox 2741 2864 2966 2919; x_wconf 86' lang='lat' dir='ltr'><strong>Omnino</strong></span> <span class='ocrx_word' id='word_1_559' title='bbox 3009 2870 3126 2914; x_wconf 88' lang='lat' dir='ltr'><strong>ante</strong></span> <span class='ocrx_word' id='word_1_560' title='bbox 3168 2858 3420 2928; x_wconf 84' lang='lat' dir='ltr'><strong>Vergilia-</strong></span> 
     </span>
    </p>
   </div>
   <div class='ocr_carea' id='block_1_75' title="bbox 1858 2953 3418 3029">
    <p class='ocr_par' dir='ltr' id='par_1_75' title="bbox 1858 2953 3418 3029">
     <span class='ocr_line' id='line_1_75' title="bbox 1858 2953 3418 3029; baseline -0.013 -6"><span class='ocrx_word' id='word_1_561' title='bbox 1858 2987 1973 3024; x_wconf 90' lang='lat' dir='ltr'><strong>rum</strong></span> <span class='ocrx_word' id='word_1_562' title='bbox 2013 2977 2250 3021; x_wconf 78' lang='lat' dir='ltr'><strong>cxortum</strong></span> <span class='ocrx_word' id='word_1_563' title='bbox 2286 2965 2386 3016; x_wconf 86' lang='lat' dir='ltr'><strong>mel</strong></span> <span class='ocrx_word' id='word_1_564' title='bbox 2423 2979 2524 3016; x_wconf 89' lang='lat' dir='ltr'><strong>non</strong></span> <span class='ocrx_word' id='word_1_565' title='bbox 2559 2962 2639 3029; x_wconf 86' lang='lat' dir='ltr'><strong>ﬁt.</strong></span> <span class='ocrx_word' id='word_1_566' title='bbox 2676 2958 2847 3011; x_wconf 79' lang='lat' dir='ltr'><strong>Favos</strong></span> <span class='ocrx_word' id='word_1_567' title='bbox 2880 2958 3072 3025; x_wconf 89' lang='lat' dir='ltr'><strong>itaque,</strong></span> <span class='ocrx_word' id='word_1_568' title='bbox 3121 2963 3178 3006; x_wconf 90' lang='lat' dir='ltr'><strong>ut</strong></span> <span class='ocrx_word' id='word_1_569' title='bbox 3222 2953 3418 3004; x_wconf 86' lang='lat' dir='ltr'><strong>dictum</strong></span> 
     </span>
    </p>
   </div>
   <div class='ocr_carea' id='block_1_76' title="bbox 1856 3043 3422 3127">
    <p class='ocr_par' dir='ltr' id='par_1_76' title="bbox 1856 3043 3422 3127">
     <span class='ocr_line' id='line_1_76' title="bbox 1856 3043 3422 3127; baseline -0.012 -14"><span class='ocrx_word' id='word_1_570' title='bbox 1856 3070 1954 3123; x_wconf 88' lang='lat' dir='ltr'><strong>est,</strong></span> <span class='ocrx_word' id='word_1_571' title='bbox 1987 3076 2013 3113; x_wconf 89' lang='lat' dir='ltr'><strong>e</strong></span> <span class='ocrx_word' id='word_1_572' title='bbox 2037 3055 2254 3127; x_wconf 78' lang='lat' dir='ltr'><strong>ﬂoribus</strong></span> <span class='ocrx_word' id='word_1_573' title='bbox 2288 3055 2510 3119; x_wconf 71' lang='lat' dir='ltr'><strong>faciunt.</strong></span> <span class='ocrx_word' id='word_1_574' title='bbox 2561 3050 2668 3103; x_wconf 81' lang='lat' dir='ltr'><strong>Mel</strong></span> <span class='ocrx_word' id='word_1_575' title='bbox 2703 3060 2875 3102; x_wconf 85' lang='lat' dir='ltr'><strong>autent</strong></span> <span class='ocrx_word' id='word_1_576' title='bbox 2928 3064 3028 3100; x_wconf 88' lang='lat' dir='ltr'><strong>non</strong></span> <span class='ocrx_word' id='word_1_577' title='bbox 3075 3047 3215 3112; x_wconf 88' lang='lat' dir='ltr'><strong>ipsas</strong></span> <span class='ocrx_word' id='word_1_578' title='bbox 3251 3043 3422 3112; x_wconf 78' lang='lat' dir='ltr'><strong>facere</strong></span> 
     </span>
    </p>
   </div>
   <div class='ocr_carea' id='block_1_77' title="bbox 1858 3140 3421 3219">
    <p class='ocr_par' dir='ltr' id='par_1_77' title="bbox 1858 3140 3421 3219">
     <span class='ocr_line' id='line_1_77' title="bbox 1858 3140 3421 3219; baseline -0.012 -15"><span class='ocrx_word' id='word_1_579' title='bbox 1858 3167 1998 3219; x_wconf 87' lang='lat' dir='ltr'><strong>apes,</strong></span> <span class='ocrx_word' id='word_1_580' title='bbox 2042 3148 2132 3202; x_wconf 86' lang='lat' dir='ltr'><strong>sed</strong></span> <span class='ocrx_word' id='word_1_581' title='bbox 2179 3162 2348 3200; x_wconf 88' lang='lat' dir='ltr'><strong>rorem</strong></span> <span class='ocrx_word' id='word_1_582' title='bbox 2393 3142 2699 3197; x_wconf 85' lang='lat' dir='ltr'><strong>candentem</strong></span> <span class='ocrx_word' id='word_1_583' title='bbox 2755 3140 2954 3206; x_wconf 82' lang='lat' dir='ltr'><strong>deferre</strong></span> <span class='ocrx_word' id='word_1_584' title='bbox 2997 3144 3300 3207; x_wconf 85' lang='lat' dir='ltr'><strong>argumento</strong></span> <span class='ocrx_word' id='word_1_585' title='bbox 3345 3143 3421 3186; x_wconf 84' lang='lat' dir='ltr'><strong>est</strong></span> 
     </span>
    </p>
   </div>
   <div class='ocr_carea' id='block_1_78' title="bbox 1856 3224 3422 3307">
    <p class='ocr_par' dir='ltr' id='par_1_78' title="bbox 1856 3224 3422 3307">
     <span class='ocr_line' id='line_1_78' title="bbox 1856 3224 3422 3307; baseline -0.01 -16"><span class='ocrx_word' id='word_1_586' title='bbox 1856 3238 1993 3307; x_wconf 85' lang='lat' dir='ltr'><strong>quod</strong></span> <span class='ocrx_word' id='word_1_587' title='bbox 2039 3254 2142 3288; x_wconf 87' lang='lat' dir='ltr'><strong>uno</strong></span> <span class='ocrx_word' id='word_1_588' title='bbox 2191 3245 2282 3287; x_wconf 87' lang='lat' dir='ltr'><strong>aut</strong></span> <span class='ocrx_word' id='word_1_589' title='bbox 2329 3233 2495 3286; x_wconf 85' lang='lat' dir='ltr'><strong>altera</strong></span> <span class='ocrx_word' id='word_1_590' title='bbox 2547 3231 2630 3283; x_wconf 89' lang='lat' dir='ltr'><strong>die</strong></span> <span class='ocrx_word' id='word_1_591' title='bbox 2676 3230 2836 3282; x_wconf 86' lang='lat' dir='ltr'><strong>cellas</strong></span> <span class='ocrx_word' id='word_1_592' title='bbox 2867 3226 3018 3280; x_wconf 86' lang='lat' dir='ltr'><strong>melle</strong></span> <span class='ocrx_word' id='word_1_593' title='bbox 3062 3226 3241 3294; x_wconf 87' lang='lat' dir='ltr'><strong>plenas</strong></span> <span class='ocrx_word' id='word_1_594' title='bbox 3285 3224 3422 3276; x_wconf 81' lang='lat' dir='ltr'><strong>inue-</strong></span> 
     </span>
    </p>
   </div>
   <div class='ocr_carea' id='block_1_79' title="bbox 1856 3318 3421 3395">
    <p class='ocr_par' dir='ltr' id='par_1_79' title="bbox 1856 3318 3421 3395">
     <span class='ocr_line' id='line_1_79' title="bbox 1856 3318 3421 3395; baseline -0.01 -14"><span class='ocrx_word' id='word_1_595' title='bbox 1856 3331 2005 3381; x_wconf 88' lang='lat' dir='ltr'><strong>niunt</strong></span> <span class='ocrx_word' id='word_1_596' title='bbox 2034 3328 2243 3395; x_wconf 83' lang='lat' dir='ltr'><strong>apiarii.</strong></span> <span class='ocrx_word' id='word_1_597' title='bbox 2281 3325 2345 3378; x_wconf 87' lang='lat' dir='ltr'><strong>Et</strong></span> <span class='ocrx_word' id='word_1_598' title='bbox 2376 3325 2467 3378; x_wconf 89' lang='lat' dir='ltr'><strong>lib.</strong></span> <span class='ocrx_word' id='word_1_599' title='bbox 2501 3339 2575 3387; x_wconf 85' lang='lat' dir='ltr'><strong>Ix,</strong></span> <span class='ocrx_word' id='word_1_600' title='bbox 2607 3337 2725 3391; x_wconf 89' lang='lat' dir='ltr'><strong>cap.</strong></span> <span class='ocrx_word' id='word_1_601' title='bbox 2759 3321 2848 3383; x_wconf 74' lang='grc'><strong>40,</strong></span> <span class='ocrx_word' id='word_1_602' title='bbox 2882 3318 3186 3373; x_wconf 88' lang='lat' dir='ltr'><strong>observavit</strong></span> <span class='ocrx_word' id='word_1_603' title='bbox 3217 3331 3421 3370; x_wconf 90' lang='lat' dir='ltr'><strong>morem</strong></span> 
     </span>
    </p>
   </div>
   <div class='ocr_carea' id='block_1_80' title="bbox 1857 3411 3424 3486">
    <p class='ocr_par' dir='ltr' id='par_1_80' title="bbox 1857 3411 3424 3486">
     <span class='ocr_line' id='line_1_80' title="bbox 1857 3411 3424 3486; baseline -0.008 -16"><span class='ocrx_word' id='word_1_604' title='bbox 1857 3432 2036 3486; x_wconf 89' lang='lat' dir='ltr'><strong>apum,</strong></span> <span class='ocrx_word' id='word_1_605' title='bbox 2076 3431 2146 3470; x_wconf 90' lang='lat' dir='ltr'><strong>ne</strong></span> <span class='ocrx_word' id='word_1_606' title='bbox 2181 3414 2429 3471; x_wconf 82' lang='lat' dir='ltr'><strong>videlicet</strong></span> <span class='ocrx_word' id='word_1_607' title='bbox 2457 3411 2650 3465; x_wconf 84' lang='lat' dir='ltr'><strong>ﬂorum</strong></span> <span class='ocrx_word' id='word_1_608' title='bbox 2690 3411 2843 3481; x_wconf 89' lang='lat' dir='ltr'><strong>plura</strong></span> <span class='ocrx_word' id='word_1_609' title='bbox 2875 3423 3070 3480; x_wconf 79' lang='lat' dir='ltr'><strong>genera</strong></span> <span class='ocrx_word' id='word_1_610' title='bbox 3104 3414 3284 3477; x_wconf 84' lang='lat' dir='ltr'><strong>petant</strong></span> <span class='ocrx_word' id='word_1_611' title='bbox 3312 3421 3424 3460; x_wconf 90' lang='lat' dir='ltr'><strong>uno</strong></span> 
     </span>
    </p>
   </div>
   <div class='ocr_carea' id='block_1_81' title="bbox 1856 3499 3425 3576">
    <p class='ocr_par' dir='ltr' id='par_1_81' title="bbox 1856 3499 3425 3576">
     <span class='ocr_line' id='line_1_81' title="bbox 1856 3499 3425 3576; baseline -0.01 -13"><span class='ocrx_word' id='word_1_612' title='bbox 1856 3509 2151 3576; x_wconf 90' lang='lat' dir='ltr'><strong>eodemque</strong></span> <span class='ocrx_word' id='word_1_613' title='bbox 2174 3503 2439 3576; x_wconf 81' lang='lat' dir='ltr'><strong>profectu,</strong></span> <span class='ocrx_word' id='word_1_614' title='bbox 2469 3503 2564 3557; x_wconf 90' lang='lat' dir='ltr'><strong>sed</strong></span> <span class='ocrx_word' id='word_1_615' title='bbox 2589 3502 2815 3571; x_wconf 85' lang='lat' dir='ltr'><strong>singulis</strong></span> <span class='ocrx_word' id='word_1_616' title='bbox 2844 3500 3075 3569; x_wconf 79' lang='lat' dir='ltr'><strong>singula,</strong></span> <span class='ocrx_word' id='word_1_617' title='bbox 3115 3499 3263 3551; x_wconf 86' lang='lat' dir='ltr'><strong>verbi</strong></span> <span class='ocrx_word' id='word_1_618' title='bbox 3297 3511 3425 3566; x_wconf 78' lang='lat' dir='ltr'><strong>gra-</strong></span> 
     </span>
    </p>
   </div>
   <div class='ocr_carea' id='block_1_82' title="bbox 1857 3588 3423 3657">
    <p class='ocr_par' dir='ltr' id='par_1_82' title="bbox 1857 3588 3423 3657">
     <span class='ocr_line' id='line_1_82' title="bbox 1857 3588 3423 3657; baseline -0.01 -3"><span class='ocrx_word' id='word_1_619' title='bbox 1857 3601 1931 3655; x_wconf 91' lang='lat' dir='ltr'><strong>tia</strong></span> <span class='ocrx_word' id='word_1_620' title='bbox 1963 3616 1991 3652; x_wconf 89' lang='lat' dir='ltr'><strong>a</strong></span> <span class='ocrx_word' id='word_1_621' title='bbox 2034 3599 2172 3652; x_wconf 85' lang='lat' dir='ltr'><strong>viola</strong></span> <span class='ocrx_word' id='word_1_622' title='bbox 2205 3596 2269 3650; x_wconf 89' lang='lat' dir='ltr'><strong>ad</strong></span> <span class='ocrx_word' id='word_1_623' title='bbox 2297 3597 2493 3650; x_wconf 87' lang='lat' dir='ltr'><strong>violam</strong></span> <span class='ocrx_word' id='word_1_624' title='bbox 2521 3594 2794 3656; x_wconf 85' lang='lat' dir='ltr'><strong>advolant,</strong></span> <span class='ocrx_word' id='word_1_625' title='bbox 2825 3606 2926 3645; x_wconf 88' lang='lat' dir='ltr'><strong>nec</strong></span> <span class='ocrx_word' id='word_1_626' title='bbox 2953 3588 3097 3644; x_wconf 72' lang='lat' dir='ltr'><strong>aliud</strong></span> <span class='ocrx_word' id='word_1_627' title='bbox 3127 3590 3423 3657; x_wconf 76' lang='lat' dir='ltr'><strong>attingunt,</strong></span> 
     </span>
    </p>
   </div>
   <div class='ocr_carea' id='block_1_83' title="bbox 1857 3673 3422 3760">
    <p class='ocr_par' dir='ltr' id='par_1_83' title="bbox 1857 3673 3422 3760">
     <span class='ocr_line' id='line_1_83' title="bbox 1857 3673 3422 3760; baseline -0.008 -17"><span class='ocrx_word' id='word_1_628' title='bbox 1857 3703 2138 3760; x_wconf 85' lang='lat' dir='ltr'><strong>quousque</strong></span> <span class='ocrx_word' id='word_1_629' title='bbox 2166 3701 2322 3742; x_wconf 92' lang='lat' dir='ltr'><strong>suum</strong></span> <span class='ocrx_word' id='word_1_630' title='bbox 2354 3685 2407 3737; x_wconf 93' lang='lat' dir='ltr'><strong>in</strong></span> <span class='ocrx_word' id='word_1_631' title='bbox 2433 3673 2642 3737; x_wconf 86' lang='lat' dir='ltr'><strong>alveum</strong></span> <span class='ocrx_word' id='word_1_632' title='bbox 2662 3681 2905 3743; x_wconf 86' lang='lat' dir='ltr'><strong>redeant,</strong></span> <span class='ocrx_word' id='word_1_633' title='bbox 2939 3679 3024 3731; x_wconf 86' lang='lat' dir='ltr'><strong>hic</strong></span> <span class='ocrx_word' id='word_1_634' title='bbox 3057 3695 3114 3732; x_wconf 93' lang='lat' dir='ltr'><strong>se</strong></span> <span class='ocrx_word' id='word_1_635' title='bbox 3148 3679 3422 3746; x_wconf 85' lang='lat' dir='ltr'><strong>quatiunt;</strong></span> 
     </span>
    </p>
   </div>
   <div class='ocr_carea' id='block_1_84' title="bbox 1858 3767 3422 3849">
    <p class='ocr_par' dir='ltr' id='par_1_84' title="bbox 1858 3767 3422 3849">
     <span class='ocr_line' id='line_1_84' title="bbox 1858 3767 3422 3849; baseline -0.011 -14"><span class='ocrx_word' id='word_1_636' title='bbox 1858 3792 1910 3835; x_wconf 89' lang='lat' dir='ltr'><strong>et</strong></span> <span class='ocrx_word' id='word_1_637' title='bbox 1945 3780 2184 3849; x_wconf 83' lang='lat' dir='ltr'><strong>singulas</strong></span> <span class='ocrx_word' id='word_1_638' title='bbox 2235 3788 2345 3831; x_wconf 88' lang='lat' dir='ltr'><strong>tres</strong></span> <span class='ocrx_word' id='word_1_639' title='bbox 2399 3782 2490 3829; x_wconf 88' lang='lat' dir='ltr'><strong>aut</strong></span> <span class='ocrx_word' id='word_1_640' title='bbox 2536 3780 2769 3843; x_wconf 89' lang='lat' dir='ltr'><strong>quatuor</strong></span> <span class='ocrx_word' id='word_1_641' title='bbox 2811 3779 3131 3839; x_wconf 89' lang='lat' dir='ltr'><strong>sequuntur.</strong></span> <span class='ocrx_word' id='word_1_642' title='bbox 3161 3769 3264 3822; x_wconf 90' lang='lat' dir='ltr'><strong>Sed</strong></span> <span class='ocrx_word' id='word_1_643' title='bbox 3294 3767 3422 3836; x_wconf 73' lang='lat' dir='ltr'><strong>quid</strong></span> 
     </span>
    </p>
   </div>
   <div class='ocr_carea' id='block_1_85' title="bbox 1862 3858 3427 3940">
    <p class='ocr_par' dir='ltr' id='par_1_85' title="bbox 1862 3858 3427 3940">
     <span class='ocr_line' id='line_1_85' title="bbox 1862 3858 3427 3940; baseline -0.01 -14"><span class='ocrx_word' id='word_1_644' title='bbox 1862 3872 2131 3940; x_wconf 87' lang='lat' dir='ltr'><strong>accipiant</strong></span> <span class='ocrx_word' id='word_1_645' title='bbox 2181 3869 2320 3922; x_wconf 89' lang='lat' dir='ltr'><strong>haud</strong></span> <span class='ocrx_word' id='word_1_646' title='bbox 2365 3867 2522 3920; x_wconf 83' lang='lat' dir='ltr'><strong>facile</strong></span> <span class='ocrx_word' id='word_1_647' title='bbox 2567 3865 2803 3930; x_wconf 87' lang='lat' dir='ltr'><strong>videris;</strong></span> <span class='ocrx_word' id='word_1_648' title='bbox 2849 3878 2947 3916; x_wconf 91' lang='lat' dir='ltr'><strong>nec</strong></span> <span class='ocrx_word' id='word_1_649' title='bbox 2987 3875 3113 3916; x_wconf 86' lang='lat' dir='ltr'><strong>vero</strong></span> <span class='ocrx_word' id='word_1_650' title='bbox 3164 3858 3427 3929; x_wconf 80' lang='lat' dir='ltr'><strong>quemad-</strong></span> 
     </span>
    </p>
   </div>
   <div class='ocr_carea' id='block_1_86' title="bbox 1861 3957 2946 4030">
    <p class='ocr_par' dir='ltr' id='par_1_86' title="bbox 1861 3957 2946 4030">
     <span class='ocr_line' id='line_1_86' title="bbox 1861 3957 2946 4030; baseline -0.008 -13"><span class='ocrx_word' id='word_1_651' title='bbox 1861 3964 2076 4018; x_wconf 89' lang='lat' dir='ltr'><strong>modum</strong></span> <span class='ocrx_word' id='word_1_652' title='bbox 2111 3967 2405 4030; x_wconf 88' lang='lat' dir='ltr'><strong>opercntur</strong></span> <span class='ocrx_word' id='word_1_653' title='bbox 2438 3958 2615 4012; x_wconf 83' lang='lat' dir='ltr'><strong>visum</strong></span> <span class='ocrx_word' id='word_1_654' title='bbox 2641 3957 2816 4010; x_wconf 87' lang='lat' dir='ltr'><strong>adhuc</strong></span> <span class='ocrx_word' id='word_1_655' title='bbox 2843 3963 2946 4009; x_wconf 87' lang='lat' dir='ltr'><strong>est.</strong></span> 
     </span>
    </p>
   </div>
   <div class='ocr_carea' id='block_1_87' title="bbox 1929 4035 3422 4113">
    <p class='ocr_par' dir='ltr' id='par_1_87' title="bbox 1929 4035 3422 4113">
     <span class='ocr_line' id='line_1_87' title="bbox 1929 4035 3422 4113; baseline -0.012 -6"><span class='ocrx_word' id='word_1_656' title='bbox 1929 4052 2087 4113; x_wconf 65' lang='lat' dir='ltr'><strong>laid.,</strong></span> <span class='ocrx_word' id='word_1_657' title='bbox 2127 4051 2222 4104; x_wconf 89' lang='lat' dir='ltr'><strong>lin.</strong></span> <span class='ocrx_word' id='word_1_658' title='bbox 2253 4048 2340 4102; x_wconf 72' lang='lat'><strong>37.</strong></span> <span class='ocrx_word' id='word_1_659' title='bbox 2371 4047 2542 4101; x_wconf 78' lang='grc' dir='ltr'><strong>Ὅθεν</strong></span> <span class='ocrx_word' id='word_1_660' title='bbox 2571 4045 2667 4098; x_wconf 78' lang='grc' dir='ltr'><strong>καὶ</strong></span> <span class='ocrx_word' id='word_1_661' title='bbox 2700 4044 2882 4111; x_wconf 79' lang='grc' dir='ltr'>ὑγρόν</span> <span class='ocrx_word' id='word_1_662' title='bbox 2905 4041 3051 4093; x_wconf 82' lang='grc' dir='ltr'><strong>ἐστι.</strong></span> <span class='ocrx_word' id='word_1_663' title='bbox 3085 4035 3422 4094; x_wconf 82' lang='lat' dir='ltr'><strong>Aristoteles.</strong></span> 
     </span>
    </p>
   </div>
   <div class='ocr_carea' id='block_1_88' title="bbox 1861 4116 3423 4203">
    <p class='ocr_par' dir='ltr' id='par_1_88' title="bbox 1861 4116 3423 4203">
     <span class='ocr_line' id='line_1_88' title="bbox 1861 4116 3423 4203; baseline -0.014 -3"><span class='ocrx_word' id='word_1_664' title='bbox 1861 4145 1953 4201; x_wconf 88' lang='lat' dir='ltr'><strong>lib.</strong></span> <span class='ocrx_word' id='word_1_665' title='bbox 1995 4160 2026 4197; x_wconf 78' lang='grc' dir='ltr'><strong>γ</strong></span> <span class='ocrx_word' id='word_1_666' title='bbox 2059 4141 2133 4194; x_wconf 90' lang='lat' dir='ltr'><strong>De</strong></span> <span class='ocrx_word' id='word_1_667' title='bbox 2165 4141 2350 4191; x_wconf 87' lang='lat' dir='ltr'><strong>histor.</strong></span> <span class='ocrx_word' id='word_1_668' title='bbox 2401 4136 2646 4201; x_wconf 81' lang='lat' dir='ltr'><strong>anintal.,</strong></span> <span class='ocrx_word' id='word_1_669' title='bbox 2695 4149 2813 4203; x_wconf 91' lang='lat' dir='ltr'><strong>cap.</strong></span> <span class='ocrx_word' id='word_1_670' title='bbox 2864 4132 2955 4194; x_wconf 71' lang='lat'><strong>22,</strong></span> <span class='ocrx_word' id='word_1_671' title='bbox 3017 4129 3332 4183; x_wconf 78' lang='grc' dir='ltr'>Συνίσταται</span> <span class='ocrx_word' id='word_1_672' title='bbox 3363 4116 3423 4178; x_wconf 63' lang='grc' dir='ltr'>δὲ</span> 
     </span>
    </p>
   </div>
   <div class='ocr_carea' id='block_1_89' title="bbox 1859 4219 3427 4307">
    <p class='ocr_par' dir='ltr' id='par_1_89' title="bbox 1859 4219 3427 4307">
     <span class='ocr_line' id='line_1_89' title="bbox 1859 4219 3427 4307; baseline -0.011 -19"><span class='ocrx_word' id='word_1_673' title='bbox 1859 4237 1920 4288; x_wconf 71' lang='grc' dir='ltr'><strong>τό</strong></span> <span class='ocrx_word' id='word_1_674' title='bbox 1955 4236 2073 4307; x_wconf 82' lang='grc' dir='ltr'><strong>μέλι</strong></span> <span class='ocrx_word' id='word_1_675' title='bbox 2109 4233 2452 4302; x_wconf 80' lang='grc' dir='ltr'><strong>πεττόμενον.</strong></span> <span class='ocrx_word' id='word_1_676' title='bbox 2501 4228 2588 4293; x_wconf 81' lang='grc' dir='ltr'><strong>Ἐξ</strong></span> <span class='ocrx_word' id='word_1_677' title='bbox 2620 4228 2792 4298; x_wconf 78' lang='grc' dir='ltr'>ἀρχῆς</span> <span class='ocrx_word' id='word_1_678' title='bbox 2820 4227 2926 4294; x_wconf 80' lang='grc' dir='ltr'><strong>γὰρ</strong></span> <span class='ocrx_word' id='word_1_679' title='bbox 2954 4219 3063 4276; x_wconf 77' lang='grc' dir='ltr'>οἷον</span> <span class='ocrx_word' id='word_1_680' title='bbox 3113 4222 3253 4292; x_wconf 77' lang='grc' dir='ltr'>ὕδωρ</span> <span class='ocrx_word' id='word_1_681' title='bbox 3290 4221 3427 4288; x_wconf 79' lang='grc' dir='ltr'><strong>γίνε-</strong></span> 
     </span>
    </p>
   </div>
   <div class='ocr_carea' id='block_1_90' title="bbox 1860 4311 3425 4393">
    <p class='ocr_par' dir='ltr' id='par_1_90' title="bbox 1860 4311 3425 4393">
     <span class='ocr_line' id='line_1_90' title="bbox 1860 4311 3425 4393; baseline -0.012 -13"><span class='ocrx_word' id='word_1_682' title='bbox 1860 4347 1970 4392; x_wconf 73' lang='grc' dir='ltr'><strong>ται,</strong></span> <span class='ocrx_word' id='word_1_683' title='bbox 2006 4328 2097 4380; x_wconf 70' lang='grc' dir='ltr'><strong>καὶ</strong></span> <span class='ocrx_word' id='word_1_684' title='bbox 2131 4326 2213 4392; x_wconf 74' lang='grc' dir='ltr'><strong>ἐφ’</strong></span> <span class='ocrx_word' id='word_1_685' title='bbox 2241 4323 2452 4393; x_wconf 79' lang='grc' dir='ltr'>ἡμέρας</span> <span class='ocrx_word' id='word_1_686' title='bbox 2491 4321 2588 4390; x_wconf 88' lang='grc' dir='ltr'>μέν</span> <span class='ocrx_word' id='word_1_687' title='bbox 2620 4333 2769 4378; x_wconf 84' lang='grc' dir='ltr'>τινας</span> <span class='ocrx_word' id='word_1_688' title='bbox 2812 4317 2974 4386; x_wconf 87' lang='grc' dir='ltr'>ὑγρόν</span> <span class='ocrx_word' id='word_1_689' title='bbox 3005 4317 3150 4366; x_wconf 80' lang='grc' dir='ltr'><strong>ἐστι’</strong></span> <span class='ocrx_word' id='word_1_690' title='bbox 3203 4311 3281 4365; x_wconf 74' lang='grc' dir='ltr'><strong>διὸ</strong></span> <span class='ocrx_word' id='word_1_691' title='bbox 3325 4311 3425 4364; x_wconf 75' lang='grc' dir='ltr'><strong>κᾶν</strong></span> 
     </span>
    </p>
   </div>
   <div class='ocr_carea' id='block_1_91' title="bbox 1863 4401 3424 4490">
    <p class='ocr_par' dir='ltr' id='par_1_91' title="bbox 1863 4401 3424 4490">
     <span class='ocr_line' id='line_1_91' title="bbox 1863 4401 3424 4490; baseline -0.014 -17"><span class='ocrx_word' id='word_1_692' title='bbox 1863 4418 2127 4490; x_wconf 80' lang='grc' dir='ltr'>ὑφαιρεθῇ</span> <span class='ocrx_word' id='word_1_693' title='bbox 2160 4419 2216 4468; x_wconf 82' lang='grc' dir='ltr'>ὲν</span> <span class='ocrx_word' id='word_1_694' title='bbox 2255 4415 2443 4474; x_wconf 73' lang='grc' dir='ltr'>αὑταῖς</span> <span class='ocrx_word' id='word_1_695' title='bbox 2485 4413 2602 4472; x_wconf 82' lang='grc' dir='ltr'>ταῖς</span> <span class='ocrx_word' id='word_1_696' title='bbox 2641 4407 2889 4478; x_wconf 78' lang='grc' dir='ltr'><strong>ἡμέραις.</strong></span> <span class='ocrx_word' id='word_1_697' title='bbox 2923 4401 3018 4474; x_wconf 71' lang='grc' dir='ltr'>οὒκ</span> <span class='ocrx_word' id='word_1_698' title='bbox 3061 4404 3195 4472; x_wconf 72' lang='grc' dir='ltr'>ἴσχει</span> <span class='ocrx_word' id='word_1_699' title='bbox 3235 4403 3424 4471; x_wconf 76' lang='grc' dir='ltr'><strong>πάχος,</strong></span> 
     </span>
    </p>
   </div>
   <div class='ocr_carea' id='block_1_92' title="bbox 192 4496 1754 4588">
    <p class='ocr_par' dir='ltr' id='par_1_92' title="bbox 192 4496 1752 4588">
     <span class='ocr_line' id='line_1_92' title="bbox 192 4496 1752 4588; baseline 0 -16"><span class='ocrx_word' id='word_1_700' title='bbox 192 4517 446 4572; x_wconf 80' lang='lat' dir='ltr'><strong>Hercules</strong></span> <span class='ocrx_word' id='word_1_701' title='bbox 478 4519 658 4585; x_wconf 80' lang='lat' dir='ltr'><strong>fuerit,</strong></span> <span class='ocrx_word' id='word_1_702' title='bbox 689 4530 737 4572; x_wconf 89' lang='lat' dir='ltr'><strong>et</strong></span> <span class='ocrx_word' id='word_1_703' title='bbox 767 4519 903 4588; x_wconf 90' lang='lat' dir='ltr'><strong>quod</strong></span> <span class='ocrx_word' id='word_1_704' title='bbox 932 4519 1104 4573; x_wconf 86' lang='lat' dir='ltr'><strong>Liberi</strong></span> <span class='ocrx_word' id='word_1_705' title='bbox 1141 4519 1320 4571; x_wconf 87' lang='lat' dir='ltr'><strong>Patris</strong></span> <span class='ocrx_word' id='word_1_706' title='bbox 1359 4496 1672 4585; x_wconf 84' lang='lat' dir='ltr'><strong>sepulcrum,</strong></span> <span class='ocrx_word' id='word_1_707' title='bbox 1705 4532 1752 4572; x_wconf 90' lang='lat' dir='ltr'><strong>et</strong></span> 
     </span>
    </p>
   </div>
   <div class='ocr_carea' id='block_1_93' title="bbox 1854 4496 3428 4588">
    <p class='ocr_par' dir='ltr' id='par_1_93' title="bbox 1858 4496 3428 4576">
     <span class='ocr_line' id='line_1_93' title="bbox 1858 4496 3428 4576; baseline -0.013 -12"><span class='ocrx_word' id='word_1_708' title='bbox 1858 4514 1914 4564; x_wconf 82' lang='grc' dir='ltr'>ὲν</span> <span class='ocrx_word' id='word_1_709' title='bbox 1944 4511 2111 4563; x_wconf 79' lang='grc' dir='ltr'>εἴκοσι</span> <span class='ocrx_word' id='word_1_710' title='bbox 2142 4509 2197 4560; x_wconf 72' lang='grc' dir='ltr'>δὲ</span> <span class='ocrx_word' id='word_1_711' title='bbox 2242 4506 2472 4576; x_wconf 69' lang='grc' dir='ltr'><strong>μάλιστα</strong></span> <span class='ocrx_word' id='word_1_712' title='bbox 2507 4501 2838 4554; x_wconf 80' lang='grc' dir='ltr'>συνίσταται.</span> <span class='ocrx_word' id='word_1_713' title='bbox 2885 4497 3048 4565; x_wconf 76' lang='grc' dir='ltr'>Δῆλον</span> <span class='ocrx_word' id='word_1_714' title='bbox 3079 4497 3134 4548; x_wconf 84' lang='grc' dir='ltr'><strong>δέ</strong></span> <span class='ocrx_word' id='word_1_715' title='bbox 3161 4496 3305 4546; x_wconf 80' lang='grc' dir='ltr'>ἐστιν</span> <span class='ocrx_word' id='word_1_716' title='bbox 3338 4496 3428 4545; x_wconf 72' lang='grc' dir='ltr'><strong>εὑ-</strong></span> 
     </span>
    </p>
   </div>
   <div class='ocr_carea' id='block_1_94' title="bbox 190 4609 1755 4678">
    <p class='ocr_par' dir='ltr' id='par_1_94' title="bbox 190 4609 1755 4678">
     <span class='ocr_line' id='line_1_94' title="bbox 190 4609 1755 4678; baseline 0.001 -16"><span class='ocrx_word' id='word_1_717' title='bbox 190 4610 395 4677; x_wconf 84' lang='lat' dir='ltr'><strong>reliqua</strong></span> <span class='ocrx_word' id='word_1_718' title='bbox 426 4613 699 4664; x_wconf 83' lang='lat' dir='ltr'><strong>vetustatis</strong></span> <span class='ocrx_word' id='word_1_719' title='bbox 733 4612 839 4665; x_wconf 90' lang='lat' dir='ltr'><strong>situ</strong></span> <span class='ocrx_word' id='word_1_720' title='bbox 875 4611 1083 4664; x_wconf 88' lang='lat' dir='ltr'><strong>obruta.</strong></span> <span class='ocrx_word' id='word_1_721' title='bbox 1123 4609 1253 4662; x_wconf 85' lang='lat' dir='ltr'><strong>Ecce</strong></span> <span class='ocrx_word' id='word_1_722' title='bbox 1281 4611 1334 4662; x_wconf 85' lang='lat' dir='ltr'><strong>in</strong></span> <span class='ocrx_word' id='word_1_723' title='bbox 1375 4627 1429 4662; x_wconf 89' lang='lat' dir='ltr'><strong>re</strong></span> <span class='ocrx_word' id='word_1_724' title='bbox 1465 4627 1628 4678; x_wconf 86' lang='lat' dir='ltr'><strong>parva</strong></span> <span class='ocrx_word' id='word_1_725' title='bbox 1655 4611 1755 4664; x_wconf 81' lang='lat' dir='ltr'><strong>vil-</strong></span> 
     </span>
    </p>
   </div>
   <div class='ocr_carea' id='block_1_95' title="bbox 191 4701 1756 4768">
    <p class='ocr_par' dir='ltr' id='par_1_95' title="bbox 191 4701 1756 4768">
     <span class='ocr_line' id='line_1_95' title="bbox 191 4701 1756 4768; baseline 0 -15"><span class='ocrx_word' id='word_1_726' title='bbox 191 4701 357 4768; x_wconf 84' lang='lat' dir='ltr'><strong>lisque</strong></span> <span class='ocrx_word' id='word_1_727' title='bbox 383 4702 580 4753; x_wconf 84' lang='lat' dir='ltr'><strong>nostris</strong></span> <span class='ocrx_word' id='word_1_728' title='bbox 626 4716 852 4762; x_wconf 68' lang='lat' dir='ltr'><strong>annexa,</strong></span> <span class='ocrx_word' id='word_1_729' title='bbox 896 4718 1044 4768; x_wconf 66' lang='lat' dir='ltr'><strong>cujus</strong></span> <span class='ocrx_word' id='word_1_730' title='bbox 1076 4701 1295 4753; x_wconf 87' lang='lat' dir='ltr'><strong>assidua</strong></span> <span class='ocrx_word' id='word_1_731' title='bbox 1335 4703 1486 4766; x_wconf 84' lang='lat' dir='ltr'><strong>copia</strong></span> <span class='ocrx_word' id='word_1_732' title='bbox 1524 4709 1621 4760; x_wconf 89' lang='lat' dir='ltr'><strong>est,</strong></span> <span class='ocrx_word' id='word_1_733' title='bbox 1655 4717 1756 4753; x_wconf 89' lang='lat' dir='ltr'><strong>non</strong></span> 
     </span>
    </p>
   </div>
   <div class='ocr_carea' id='block_1_96' title="bbox 189 4786 1758 4842">
    <p class='ocr_par' dir='ltr' id='par_1_96' title="bbox 189 4786 1758 4842">
     <span class='ocr_line' id='line_1_96' title="bbox 189 4786 1758 4842; baseline -0.002 0"><span class='ocrx_word' id='word_1_734' title='bbox 189 4797 400 4842; x_wconf 72' lang='lat' dir='ltr'><strong>Constat</strong></span> <span class='ocrx_word' id='word_1_735' title='bbox 428 4789 563 4840; x_wconf 90' lang='lat' dir='ltr'><strong>inter</strong></span> <span class='ocrx_word' id='word_1_736' title='bbox 591 4799 832 4842; x_wconf 86' lang='lat' dir='ltr'><strong>auctores</strong></span> <span class='ocrx_word' id='word_1_737' title='bbox 864 4805 880 4841; x_wconf 93' lang='lat'><strong><em>:</em></strong></span> <span class='ocrx_word' id='word_1_738' title='bbox 914 4788 1023 4842; x_wconf 75' lang='lat' dir='ltr'><strong>Rex</strong></span> <span class='ocrx_word' id='word_1_739' title='bbox 1067 4789 1338 4841; x_wconf 90' lang='lat' dir='ltr'><strong>nullumne</strong></span> <span class='ocrx_word' id='word_1_740' title='bbox 1376 4787 1519 4840; x_wconf 87' lang='lat' dir='ltr'><strong>solus</strong></span> <span class='ocrx_word' id='word_1_741' title='bbox 1571 4786 1758 4840; x_wconf 86' lang='lat' dir='ltr'><strong>habeat</strong></span> 
     </span>
    </p>
   </div>
   <div class='ocr_carea' id='block_1_97' title="bbox 191 4879 1758 4946">
    <p class='ocr_par' dir='ltr' id='par_1_97' title="bbox 191 4879 1758 4946">
     <span class='ocr_line' id='line_1_97' title="bbox 191 4879 1758 4946; baseline -0.001 -14"><span class='ocrx_word' id='word_1_742' title='bbox 191 4879 455 4939; x_wconf 86' lang='lat' dir='ltr'><strong>aculeum,</strong></span> <span class='ocrx_word' id='word_1_743' title='bbox 511 4880 788 4946; x_wconf 86' lang='lat' dir='ltr'><strong>majestate</strong></span> <span class='ocrx_word' id='word_1_744' title='bbox 843 4890 1047 4932; x_wconf 82' lang='lat' dir='ltr'><strong>tantum</strong></span> <span class='ocrx_word' id='word_1_745' title='bbox 1106 4889 1347 4932; x_wconf 87' lang='lat' dir='ltr'><strong>armatus</strong></span> <span class='ocrx_word' id='word_1_746' title='bbox 1391 4894 1406 4931; x_wconf 91' lang='lat'><strong><em>:</em></strong></span> <span class='ocrx_word' id='word_1_747' title='bbox 1443 4895 1510 4931; x_wconf 90' lang='lat' dir='ltr'><strong>an</strong></span> <span class='ocrx_word' id='word_1_748' title='bbox 1561 4879 1758 4931; x_wconf 73' lang='lat' dir='ltr'><strong>dederit</strong></span> 
     </span>
    </p>
   </div>
   <div class='ocr_carea' id='block_1_98' title="bbox 191 4967 1761 5040">
    <p class='ocr_par' dir='ltr' id='par_1_98' title="bbox 191 4967 1761 5040">
     <span class='ocr_line' id='line_1_98' title="bbox 191 4967 1761 5040; baseline 0.001 -16"><span class='ocrx_word' id='word_1_749' title='bbox 191 4987 312 5024; x_wconf 84' lang='lat' dir='ltr'><strong>eum</strong></span> <span class='ocrx_word' id='word_1_750' title='bbox 343 4967 549 5039; x_wconf 88' lang='lat' dir='ltr'><strong>quidem</strong></span> <span class='ocrx_word' id='word_1_751' title='bbox 575 4977 788 5031; x_wconf 89' lang='lat' dir='ltr'><strong>natura,</strong></span> <span class='ocrx_word' id='word_1_752' title='bbox 818 4973 907 5023; x_wconf 88' lang='lat' dir='ltr'><strong>sed</strong></span> <span class='ocrx_word' id='word_1_753' title='bbox 934 4987 1085 5024; x_wconf 88' lang='lat' dir='ltr'><strong>usum</strong></span> <span class='ocrx_word' id='word_1_754' title='bbox 1116 4973 1228 5040; x_wconf 86' lang='lat' dir='ltr'><strong>ejus</strong></span> <span class='ocrx_word' id='word_1_755' title='bbox 1259 4973 1341 5024; x_wconf 88' lang='lat' dir='ltr'><strong>illi</strong></span> <span class='ocrx_word' id='word_1_756' title='bbox 1368 4981 1571 5024; x_wconf 89' lang='lat' dir='ltr'><strong>tantum</strong></span> <span class='ocrx_word' id='word_1_757' title='bbox 1604 4989 1761 5040; x_wconf 86' lang='lat' dir='ltr'><strong>nega-</strong></span> 
     </span>
    </p>
   </div>
   <div class='ocr_carea' id='block_1_99' title="bbox 193 5058 1760 5127">
    <p class='ocr_par' dir='ltr' id='par_1_99' title="bbox 193 5058 1760 5127">
     <span class='ocr_line' id='line_1_99' title="bbox 193 5058 1760 5127; baseline 0.001 -13"><span class='ocrx_word' id='word_1_758' title='bbox 193 5063 345 5115; x_wconf 79' lang='lat' dir='ltr'><strong>verit.</strong></span> <span class='ocrx_word' id='word_1_759' title='bbox 385 5058 530 5112; x_wconf 81' lang='lat' dir='ltr'><strong>Illud</strong></span> <span class='ocrx_word' id='word_1_760' title='bbox 561 5068 769 5112; x_wconf 86' lang='lat' dir='ltr'><strong>constat</strong></span> <span class='ocrx_word' id='word_1_761' title='bbox 801 5062 1172 5127; x_wconf 87' lang='lat' dir='ltr'><strong>imperatorem</strong></span> <span class='ocrx_word' id='word_1_762' title='bbox 1206 5062 1384 5115; x_wconf 85' lang='lat' dir='ltr'><strong>aculeo</strong></span> <span class='ocrx_word' id='word_1_763' title='bbox 1414 5079 1514 5114; x_wconf 89' lang='lat' dir='ltr'><strong>non</strong></span> <span class='ocrx_word' id='word_1_764' title='bbox 1530 5066 1625 5114; x_wconf 88' lang='lat' dir='ltr'><strong>uti.</strong></span> <span class='ocrx_word' id='word_1_765' title='bbox 1658 5062 1760 5115; x_wconf 80' lang='lat' dir='ltr'><strong>Ne-</strong></span> 
     </span>
    </p>
   </div>
   <div class='ocr_carea' id='block_1_100' title="bbox 192 5147 1762 5221">
    <p class='ocr_par' dir='ltr' id='par_1_100' title="bbox 192 5147 1762 5221">
     <span class='ocr_line' id='line_1_100' title="bbox 192 5147 1762 5221; baseline -0.001 -18"><span class='ocrx_word' id='word_1_766' title='bbox 192 5159 285 5221; x_wconf 76' lang='lat' dir='ltr'><strong>gat</strong></span> <span class='ocrx_word' id='word_1_767' title='bbox 318 5147 545 5212; x_wconf 81' lang='lat' dir='ltr'><strong>Seneca,</strong></span> <span class='ocrx_word' id='word_1_768' title='bbox 586 5149 677 5202; x_wconf 90' lang='lat' dir='ltr'><strong>lib.</strong></span> <span class='ocrx_word' id='word_1_769' title='bbox 725 5164 761 5210; x_wconf 87' lang='lat' dir='ltr'><strong>I,</strong></span> <span class='ocrx_word' id='word_1_770' title='bbox 795 5148 872 5202; x_wconf 90' lang='lat' dir='ltr'><strong>De</strong></span> <span class='ocrx_word' id='word_1_771' title='bbox 910 5151 1204 5214; x_wconf 84' lang='lat' dir='ltr'><strong>clementia,</strong></span> <span class='ocrx_word' id='word_1_772' title='bbox 1238 5167 1358 5220; x_wconf 87' lang='lat' dir='ltr'><strong>cap.</strong></span> <span class='ocrx_word' id='word_1_773' title='bbox 1403 5151 1490 5212; x_wconf 87' lang='lat' dir='ltr'><strong>l9,</strong></span> <span class='ocrx_word' id='word_1_774' title='bbox 1537 5150 1762 5202; x_wconf 87' lang='lat' dir='ltr'><strong>Iracun-</strong></span> 
     </span>
    </p>
   </div>
   <div class='ocr_carea' id='block_1_101' title="bbox 192 5227 1760 5309">
    <p class='ocr_par' dir='ltr' id='par_1_101' title="bbox 192 5227 1760 5309">
     <span class='ocr_line' id='line_1_101' title="bbox 192 5227 1760 5309; baseline -0.002 -15"><span class='ocrx_word' id='word_1_775' title='bbox 192 5242 450 5306; x_wconf 80' lang='lat' dir='ltr'><strong>dissimte,</strong></span> <span class='ocrx_word' id='word_1_776' title='bbox 501 5257 562 5292; x_wconf 88' lang='lat' dir='ltr'><strong>ac</strong></span> <span class='ocrx_word' id='word_1_777' title='bbox 597 5254 690 5306; x_wconf 90' lang='lat' dir='ltr'><strong>pro</strong></span> <span class='ocrx_word' id='word_1_778' title='bbox 729 5241 959 5305; x_wconf 88' lang='lat' dir='ltr'><strong>corporis</strong></span> <span class='ocrx_word' id='word_1_779' title='bbox 999 5251 1152 5309; x_wconf 83' lang='lat' dir='ltr'><strong>captu</strong></span> <span class='ocrx_word' id='word_1_780' title='bbox 1199 5227 1600 5309; x_wconf 69' lang='lat' dir='ltr'><strong>pugnacissinut</strong></span> <span class='ocrx_word' id='word_1_781' title='bbox 1641 5251 1760 5292; x_wconf 89' lang='lat' dir='ltr'><strong>sunt</strong></span> 
     </span>
    </p>
   </div>
   <div class='ocr_carea' id='block_1_102' title="bbox 194 5330 1764 5402">
    <p class='ocr_par' dir='ltr' id='par_1_102' title="bbox 194 5330 1764 5402">
     <span class='ocr_line' id='line_1_102' title="bbox 194 5330 1764 5402; baseline -0.001 -16"><span class='ocrx_word' id='word_1_782' title='bbox 194 5349 340 5402; x_wconf 78' lang='lat' dir='ltr'><strong>apes.</strong></span> <span class='ocrx_word' id='word_1_783' title='bbox 369 5341 420 5385; x_wconf 84' lang='lat' dir='ltr'><strong>et</strong></span> <span class='ocrx_word' id='word_1_784' title='bbox 453 5330 658 5383; x_wconf 88' lang='lat' dir='ltr'><strong>aculeos</strong></span> <span class='ocrx_word' id='word_1_785' title='bbox 689 5347 741 5382; x_wconf 74' lang='lat' dir='ltr'><strong>in</strong></span> <span class='ocrx_word' id='word_1_786' title='bbox 767 5331 975 5383; x_wconf 73' lang='lat' dir='ltr'><strong>vulnere</strong></span> <span class='ocrx_word' id='word_1_787' title='bbox 1004 5332 1304 5401; x_wconf 89' lang='lat' dir='ltr'><strong>relinquunt</strong></span> <span class='ocrx_word' id='word_1_788' title='bbox 1334 5349 1355 5387; x_wconf 82' lang='lat'><strong>:-</strong></span> <span class='ocrx_word' id='word_1_789' title='bbox 1385 5330 1492 5384; x_wconf 64' lang='grc' dir='ltr'>ηεαδ</span> <span class='ocrx_word' id='word_1_790' title='bbox 1516 5334 1625 5398; x_wconf 89' lang='lat' dir='ltr'><strong>ipse</strong></span> <span class='ocrx_word' id='word_1_791' title='bbox 1654 5333 1764 5384; x_wconf 83' lang='lat' dir='ltr'><strong>sine</strong></span> 
     </span>
    </p>
   </div>
   <div class='ocr_carea' id='block_1_103' title="bbox 197 5422 1619 5492">
    <p class='ocr_par' dir='ltr' id='par_1_103' title="bbox 197 5422 1619 5492">
     <span class='ocr_line' id='line_1_103' title="bbox 197 5422 1619 5492; baseline -0.001 -15"><span class='ocrx_word' id='word_1_792' title='bbox 197 5423 382 5477; x_wconf 87' lang='lat' dir='ltr'><strong>aculeo</strong></span> <span class='ocrx_word' id='word_1_793' title='bbox 410 5432 507 5476; x_wconf 69' lang='lat' dir='ltr'><strong>est.</strong></span> <span class='ocrx_word' id='word_1_794' title='bbox 537 5422 772 5477; x_wconf 83' lang='lat' dir='ltr'><strong>Consule</strong></span> <span class='ocrx_word' id='word_1_795' title='bbox 806 5422 1094 5487; x_wconf 80' lang='lat' dir='ltr'><strong>Brodeum,</strong></span> <span class='ocrx_word' id='word_1_796' title='bbox 1142 5425 1234 5477; x_wconf 91' lang='lat' dir='ltr'><strong>lib.</strong></span> <span class='ocrx_word' id='word_1_797' title='bbox 1270 5441 1340 5485; x_wconf 84' lang='lat' dir='ltr'><strong>IV,</strong></span> <span class='ocrx_word' id='word_1_798' title='bbox 1371 5439 1489 5492; x_wconf 86' lang='lat' dir='ltr'><strong>cap.</strong></span> <span class='ocrx_word' id='word_1_799' title='bbox 1532 5424 1619 5476; x_wconf 68' lang='lat'><strong>10.</strong></span> 
     </span>
    </p>
   </div>
   <div class='ocr_carea' id='block_1_104' title="bbox 269 5513 1761 5581">
    <p class='ocr_par' dir='ltr' id='par_1_104' title="bbox 269 5513 1761 5581">
     <span class='ocr_line' id='line_1_104' title="bbox 269 5513 1761 5581; baseline -0.003 -12"><span class='ocrx_word' id='word_1_800' title='bbox 269 5514 428 5578; x_wconf 89' lang='lat' dir='ltr'><strong>lbid.,</strong></span> <span class='ocrx_word' id='word_1_801' title='bbox 461 5516 555 5569; x_wconf 89' lang='lat' dir='ltr'><strong>lin.</strong></span> <span class='ocrx_word' id='word_1_802' title='bbox 612 5515 700 5569; x_wconf 76' lang='lat'><strong>33.</strong></span> <span class='ocrx_word' id='word_1_803' title='bbox 749 5513 1086 5581; x_wconf 77' lang='grc' dir='ltr'>Συνάγουσι</span> <span class='ocrx_word' id='word_1_804' title='bbox 1115 5514 1182 5566; x_wconf 79' lang='grc' dir='ltr'>δὲ</span> <span class='ocrx_word' id='word_1_805' title='bbox 1226 5517 1292 5568; x_wconf 79' lang='grc' dir='ltr'><strong>ἐκ</strong></span> <span class='ocrx_word' id='word_1_806' title='bbox 1322 5514 1457 5568; x_wconf 77' lang='grc' dir='ltr'><strong>τῶν.</strong></span> <span class='ocrx_word' id='word_1_807' title='bbox 1510 5513 1761 5575; x_wconf 85' lang='lat' dir='ltr'><strong>Basilius,</strong></span> 
     </span>
    </p>
   </div>
   <div class='ocr_carea' id='block_1_105' title="bbox 197 5606 1764 5676">
    <p class='ocr_par' dir='ltr' id='par_1_105' title="bbox 197 5606 1764 5676">
     <span class='ocr_line' id='line_1_105' title="bbox 197 5606 1764 5676; baseline -0.003 -15"><span class='ocrx_word' id='word_1_808' title='bbox 197 5608 344 5661; x_wconf 79' lang='lat' dir='ltr'><strong>hom.</strong></span> <span class='ocrx_word' id='word_1_809' title='bbox 373 5607 405 5659; x_wconf 89' lang='lat'>8</span> <span class='ocrx_word' id='word_1_810' title='bbox 433 5625 444 5659; x_wconf 91' lang='lat'><strong>:</strong></span> <span class='ocrx_word' id='word_1_811' title='bbox 481 5607 582 5659; x_wconf 82' lang='grc' dir='ltr'>Τὸν</span> <span class='ocrx_word' id='word_1_812' title='bbox 609 5608 704 5676; x_wconf 84' lang='grc' dir='ltr'>μὲν</span> <span class='ocrx_word' id='word_1_813' title='bbox 727 5607 831 5674; x_wconf 77' lang='grc' dir='ltr'><strong>γὰρ</strong></span> <span class='ocrx_word' id='word_1_814' title='bbox 859 5607 1024 5676; x_wconf 72' lang='grc' dir='ltr'>κηρὸν</span> <span class='ocrx_word' id='word_1_815' title='bbox 1058 5607 1164 5658; x_wconf 79' lang='grc' dir='ltr'><strong>ἀπὸ</strong></span> <span class='ocrx_word' id='word_1_816' title='bbox 1190 5607 1298 5658; x_wconf 79' lang='grc' dir='ltr'><strong>τῶν</strong></span> <span class='ocrx_word' id='word_1_817' title='bbox 1323 5606 1495 5658; x_wconf 81' lang='grc' dir='ltr'>ἀνθῶν</span> <span class='ocrx_word' id='word_1_818' title='bbox 1525 5607 1764 5674; x_wconf 72' lang='grc' dir='ltr'>φανερῶς</span> 
     </span>
    </p>
   </div>
   <div class='ocr_carea' id='block_1_106' title="bbox 198 5697 1765 5768">
    <p class='ocr_par' dir='ltr' id='par_1_106' title="bbox 198 5697 1765 5768">
     <span class='ocr_line' id='line_1_106' title="bbox 198 5697 1765 5768; baseline -0.004 -16"><span class='ocrx_word' id='word_1_819' title='bbox 198 5698 538 5768; x_wconf 67' lang='grc' dir='ltr'>συναγείρειν</span> <span class='ocrx_word' id='word_1_820' title='bbox 565 5698 623 5752; x_wconf 84' lang='grc' dir='ltr'><strong>τὸ</strong></span> <span class='ocrx_word' id='word_1_821' title='bbox 647 5699 703 5751; x_wconf 78' lang='grc' dir='ltr'>δὲ</span> <span class='ocrx_word' id='word_1_822' title='bbox 729 5699 866 5768; x_wconf 80' lang='grc' dir='ltr'><strong>μέλι,</strong></span> <span class='ocrx_word' id='word_1_823' title='bbox 896 5697 992 5766; x_wconf 83' lang='grc' dir='ltr'>τὴν</span> <span class='ocrx_word' id='word_1_824' title='bbox 1019 5697 1328 5766; x_wconf 84' lang='grc' dir='ltr'>δροσοειδῶς</span> <span class='ocrx_word' id='word_1_825' title='bbox 1362 5697 1765 5767; x_wconf 53' lang='grc' dir='ltr'>ὲνεσπαρμέντμ</span> 
     </span>
    </p>
   </div>
   <div class='ocr_carea' id='block_1_107' title="bbox 197 5787 1736 5859">
    <p class='ocr_par' dir='ltr' id='par_1_107' title="bbox 197 5787 1736 5859">
     <span class='ocr_line' id='line_1_107' title="bbox 197 5787 1736 5859; baseline -0.003 -15"><span class='ocrx_word' id='word_1_826' title='bbox 197 5788 374 5844; x_wconf 63' lang='grc' dir='ltr'><strong>ω’ίεσ</strong></span> <span class='ocrx_word' id='word_1_827' title='bbox 415 5790 523 5851; x_wconf 73' lang='lat' dir='ltr'><strong>:o&#39;;</strong></span> <span class='ocrx_word' id='word_1_828' title='bbox 557 5787 768 5842; x_wconf 79' lang='grc' dir='ltr'>ἄνθεσιν</span> <span class='ocrx_word' id='word_1_829' title='bbox 810 5788 1224 5858; x_wconf 72' lang='grc' dir='ltr'>ἐπισπασαμένη</span> <span class='ocrx_word' id='word_1_830' title='bbox 1255 5789 1330 5859; x_wconf 77' lang='grc' dir='ltr'><strong>τῷ</strong></span> <span class='ocrx_word' id='word_1_831' title='bbox 1362 5805 1607 5859; x_wconf 74' lang='grc' dir='ltr'><strong>στοματι,</strong></span> <span class='ocrx_word' id='word_1_832' title='bbox 1640 5789 1736 5841; x_wconf 80' lang='grc' dir='ltr'><strong><em>ταύ</em></strong></span> 
     </span>
    </p>
   </div>
   <div class='ocr_carea' id='block_1_108' title="bbox 1859 4583 3427 4665">
    <p class='ocr_par' dir='ltr' id='par_1_108' title="bbox 1859 4583 3427 4665">
     <span class='ocr_line' id='line_1_108' title="bbox 1859 4583 3427 4665; baseline -0.013 -10"><span class='ocrx_word' id='word_1_833' title='bbox 1859 4604 1994 4664; x_wconf 81' lang='grc' dir='ltr'><strong>θέως</strong></span> <span class='ocrx_word' id='word_1_834' title='bbox 2027 4601 2086 4653; x_wconf 83' lang='grc' dir='ltr'><strong>τὸ</strong></span> <span class='ocrx_word' id='word_1_835' title='bbox 2110 4599 2217 4652; x_wconf 83' lang='grc' dir='ltr'>ἀπὸ</span> <span class='ocrx_word' id='word_1_836' title='bbox 2249 4597 2339 4648; x_wconf 75' lang='grc' dir='ltr'><strong>τοῦ</strong></span> <span class='ocrx_word' id='word_1_837' title='bbox 2367 4594 2538 4665; x_wconf 81' lang='grc' dir='ltr'>χυμοῦ</span> <span class='ocrx_word' id='word_1_838' title='bbox 2574 4593 2824 4663; x_wconf 82' lang='grc' dir='ltr'><strong>μάλιστα.</strong></span> <span class='ocrx_word' id='word_1_839' title='bbox 2866 4588 2996 4654; x_wconf 70' lang='lat' dir='ltr'><strong>Quae</strong></span> <span class='ocrx_word' id='word_1_840' title='bbox 3025 4589 3097 4640; x_wconf 87' lang='lat' dir='ltr'><strong>ita</strong></span> <span class='ocrx_word' id='word_1_841' title='bbox 3128 4588 3287 4640; x_wconf 84' lang='lat' dir='ltr'><strong>vertit</strong></span> <span class='ocrx_word' id='word_1_842' title='bbox 3318 4583 3427 4636; x_wconf 82' lang='lat' dir='ltr'><strong>Pli-</strong></span> 
     </span>
    </p>
   </div>
   <div class='ocr_carea' id='block_1_109' title="bbox 1864 4676 3428 4754">
    <p class='ocr_par' dir='ltr' id='par_1_109' title="bbox 1864 4676 3428 4754">
     <span class='ocr_line' id='line_1_109' title="bbox 1864 4676 3428 4754; baseline -0.012 -9"><span class='ocrx_word' id='word_1_843' title='bbox 1864 4693 2013 4753; x_wconf 89' lang='lat' dir='ltr'><strong>nius,</strong></span> <span class='ocrx_word' id='word_1_844' title='bbox 2051 4690 2141 4742; x_wconf 89' lang='lat' dir='ltr'><strong>lib.</strong></span> <span class='ocrx_word' id='word_1_845' title='bbox 2180 4704 2253 4752; x_wconf 68' lang='grc' dir='ltr'><strong>χι,</strong></span> <span class='ocrx_word' id='word_1_846' title='bbox 2308 4701 2426 4754; x_wconf 90' lang='lat' dir='ltr'><strong>cap.</strong></span> <span class='ocrx_word' id='word_1_847' title='bbox 2497 4685 2564 4737; x_wconf 75' lang='lat'><strong>15</strong></span> <span class='ocrx_word' id='word_1_848' title='bbox 2599 4703 2609 4736; x_wconf 92' lang='lat'><strong>:</strong></span> <span class='ocrx_word' id='word_1_849' title='bbox 2645 4681 2739 4734; x_wconf 82' lang='lat' dir='ltr'><strong>Est</strong></span> <span class='ocrx_word' id='word_1_850' title='bbox 2790 4689 2960 4732; x_wconf 84' lang='lat' dir='ltr'><strong>autem</strong></span> <span class='ocrx_word' id='word_1_851' title='bbox 3006 4678 3154 4730; x_wconf 86' lang='lat' dir='ltr'><strong>initio</strong></span> <span class='ocrx_word' id='word_1_852' title='bbox 3207 4676 3325 4737; x_wconf 83' lang='lat' dir='ltr'><strong>mel,</strong></span> <span class='ocrx_word' id='word_1_853' title='bbox 3376 4689 3428 4726; x_wconf 86' lang='lat' dir='ltr'><strong>nt</strong></span> 
     </span>
    </p>
   </div>
   <div class='ocr_carea' id='block_1_110' title="bbox 1861 4773 3426 4852">
    <p class='ocr_par' dir='ltr' id='par_1_110' title="bbox 1861 4773 3426 4852">
     <span class='ocr_line' id='line_1_110' title="bbox 1861 4773 3426 4852; baseline -0.012 -15"><span class='ocrx_word' id='word_1_854' title='bbox 1861 4800 2020 4852; x_wconf 87' lang='lat' dir='ltr'><strong>aqua,</strong></span> <span class='ocrx_word' id='word_1_855' title='bbox 2051 4781 2295 4840; x_wconf 80' lang='lat' dir='ltr'><strong>dilutum,</strong></span> <span class='ocrx_word' id='word_1_856' title='bbox 2328 4789 2375 4830; x_wconf 91' lang='lat' dir='ltr'><strong>et</strong></span> <span class='ocrx_word' id='word_1_857' title='bbox 2417 4778 2600 4845; x_wconf 86' lang='lat' dir='ltr'><strong>primis</strong></span> <span class='ocrx_word' id='word_1_858' title='bbox 2654 4773 2834 4827; x_wconf 82' lang='lat' dir='ltr'><strong>diebus</strong></span> <span class='ocrx_word' id='word_1_859' title='bbox 2883 4775 3060 4841; x_wconf 77' lang='lat' dir='ltr'><strong>fervet,</strong></span> <span class='ocrx_word' id='word_1_860' title='bbox 3088 4780 3144 4822; x_wconf 91' lang='lat' dir='ltr'><strong>ut</strong></span> <span class='ocrx_word' id='word_1_861' title='bbox 3176 4779 3426 4829; x_wconf 82' lang='lat' dir='ltr'><strong>mustum,</strong></span> 
     </span>
    </p>
   </div>
   <div class='ocr_carea' id='block_1_111' title="bbox 1860 4861 3430 4943">
    <p class='ocr_par' dir='ltr' id='par_1_111' title="bbox 1860 4861 3430 4943">
     <span class='ocr_line' id='line_1_111' title="bbox 1860 4861 3430 4943; baseline -0.01 -15"><span class='ocrx_word' id='word_1_862' title='bbox 1860 4890 2010 4943; x_wconf 85' lang='lat' dir='ltr'><strong>seque</strong></span> <span class='ocrx_word' id='word_1_863' title='bbox 2039 4881 2258 4940; x_wconf 87' lang='lat' dir='ltr'><strong>purgat:</strong></span> <span class='ocrx_word' id='word_1_864' title='bbox 2287 4870 2524 4922; x_wconf 82' lang='lat' dir='ltr'><strong>vicesimo</strong></span> <span class='ocrx_word' id='word_1_865' title='bbox 2552 4867 2635 4919; x_wconf 88' lang='lat' dir='ltr'><strong>die</strong></span> <span class='ocrx_word' id='word_1_866' title='bbox 2658 4868 2968 4926; x_wconf 83' lang='lat' dir='ltr'><strong>crassescit;</strong></span> <span class='ocrx_word' id='word_1_867' title='bbox 3005 4876 3125 4916; x_wconf 75' lang='lat' dir='ltr'><strong>mox</strong></span> <span class='ocrx_word' id='word_1_868' title='bbox 3154 4861 3430 4916; x_wconf 86' lang='lat' dir='ltr'><strong>obducitur</strong></span> 
     </span>
    </p>
   </div>
   <div class='ocr_carea' id='block_1_112' title="bbox 1864 4957 3429 5029">
    <p class='ocr_par' dir='ltr' id='par_1_112' title="bbox 1864 4957 3429 5029">
     <span class='ocr_line' id='line_1_112' title="bbox 1864 4957 3429 5029; baseline -0.008 -12"><span class='ocrx_word' id='word_1_869' title='bbox 1864 4965 2005 5017; x_wconf 85' lang='lat' dir='ltr'><strong>tenui</strong></span> <span class='ocrx_word' id='word_1_870' title='bbox 2057 4961 2382 5023; x_wconf 84' lang='lat' dir='ltr'><strong>membrana,</strong></span> <span class='ocrx_word' id='word_1_871' title='bbox 2428 4976 2542 5029; x_wconf 76' lang='lat' dir='ltr'><strong>qua:</strong></span> <span class='ocrx_word' id='word_1_872' title='bbox 2581 4957 2797 5026; x_wconf 78' lang='lat' dir='ltr'><strong>fervoris</strong></span> <span class='ocrx_word' id='word_1_873' title='bbox 2858 4958 3020 5023; x_wconf 78' lang='lat' dir='ltr'><strong>ipsius</strong></span> <span class='ocrx_word' id='word_1_874' title='bbox 3069 4969 3253 5022; x_wconf 83' lang='lat' dir='ltr'><strong>spuma</strong></span> <span class='ocrx_word' id='word_1_875' title='bbox 3307 4967 3429 5006; x_wconf 87' lang='lat' dir='ltr'><strong>con-</strong></span> 
     </span>
    </p>
   </div>
   <div class='ocr_carea' id='block_1_113' title="bbox 1862 5054 2066 5108">
    <p class='ocr_par' dir='ltr' id='par_1_113' title="bbox 1862 5054 2066 5108">
     <span class='ocr_line' id='line_1_113' title="bbox 1862 5054 2066 5108; baseline 0 -1"><span class='ocrx_word' id='word_1_876' title='bbox 1862 5054 2066 5108; x_wconf 85' lang='lat' dir='ltr'><strong>crescit.</strong></span> 
     </span>
    </p>
   </div>
   <div class='ocr_carea' id='block_1_114' title="bbox 1933 5132 3431 5210">
    <p class='ocr_par' dir='ltr' id='par_1_114' title="bbox 1933 5132 3431 5210">
     <span class='ocr_line' id='line_1_114' title="bbox 1933 5132 3431 5210; baseline -0.009 -11"><span class='ocrx_word' id='word_1_877' title='bbox 1933 5145 2088 5206; x_wconf 88' lang='lat' dir='ltr'><strong>lbid.,</strong></span> <span class='ocrx_word' id='word_1_878' title='bbox 2123 5144 2217 5199; x_wconf 93' lang='lat' dir='ltr'><strong>lin.</strong></span> <span class='ocrx_word' id='word_1_879' title='bbox 2264 5144 2353 5199; x_wconf 80' lang='lat'><strong>59.</strong></span> <span class='ocrx_word' id='word_1_880' title='bbox 2377 5140 2602 5210; x_wconf 68' lang='grc' dir='ltr'><strong>’Σοφῶς</strong></span> <span class='ocrx_word' id='word_1_881' title='bbox 2643 5139 2710 5193; x_wconf 82' lang='grc' dir='ltr'>δὲ</span> <span class='ocrx_word' id='word_1_882' title='bbox 2741 5140 2836 5191; x_wconf 79' lang='grc' dir='ltr'>και</span> <span class='ocrx_word' id='word_1_883' title='bbox 2868 5137 2995 5202; x_wconf 81' lang='grc' dir='ltr'><strong>τάς.</strong></span> <span class='ocrx_word' id='word_1_884' title='bbox 3044 5135 3116 5189; x_wconf 90' lang='lat' dir='ltr'><strong>De</strong></span> <span class='ocrx_word' id='word_1_885' title='bbox 3145 5135 3248 5188; x_wconf 89' lang='lat' dir='ltr'><strong>boc</strong></span> <span class='ocrx_word' id='word_1_886' title='bbox 3292 5132 3431 5186; x_wconf 91' lang='lat' dir='ltr'><strong>miro</strong></span> 
     </span>
    </p>
   </div>
   <div class='ocr_carea' id='block_1_115' title="bbox 1865 5225 3399 5307">
    <p class='ocr_par' dir='ltr' id='par_1_115' title="bbox 1865 5225 3399 5307">
     <span class='ocr_line' id='line_1_115' title="bbox 1865 5225 3399 5307; baseline -0.01 -15"><span class='ocrx_word' id='word_1_887' title='bbox 1865 5241 2044 5307; x_wconf 90' lang='lat' dir='ltr'><strong>apium</strong></span> <span class='ocrx_word' id='word_1_888' title='bbox 2077 5237 2308 5290; x_wconf 80' lang='lat' dir='ltr'><strong>artiﬁcio</strong></span> <span class='ocrx_word' id='word_1_889' title='bbox 2340 5238 2393 5289; x_wconf 90' lang='lat' dir='ltr'><strong>in</strong></span> <span class='ocrx_word' id='word_1_890' title='bbox 2429 5236 2565 5290; x_wconf 78' lang='lat' dir='ltr'><strong>lavis</strong></span> <span class='ocrx_word' id='word_1_891' title='bbox 2608 5230 2990 5288; x_wconf 87' lang='lat' dir='ltr'><strong>construendis</strong></span> <span class='ocrx_word' id='word_1_892' title='bbox 3024 5228 3245 5284; x_wconf 80' lang='lat' dir='ltr'><strong>consule</strong></span> <span class='ocrx_word' id='word_1_893' title='bbox 3277 5225 3399 5279; x_wconf 87' lang='lat' dir='ltr'><strong>Basi</strong></span> 
     </span>
    </p>
   </div>
   <div class='ocr_carea' id='block_1_116' title="bbox 1867 5315 3433 5393">
    <p class='ocr_par' dir='ltr' id='par_1_116' title="bbox 1867 5315 3433 5393">
     <span class='ocr_line' id='line_1_116' title="bbox 1867 5315 3433 5393; baseline -0.011 -9"><span class='ocrx_word' id='word_1_894' title='bbox 1867 5333 2019 5392; x_wconf 81' lang='lat' dir='ltr'><strong>lium,</strong></span> <span class='ocrx_word' id='word_1_895' title='bbox 2066 5330 2212 5382; x_wconf 87' lang='lat' dir='ltr'><strong>born.</strong></span> <span class='ocrx_word' id='word_1_896' title='bbox 2263 5329 2335 5393; x_wconf 82' lang='lat'><strong>8;</strong></span> <span class='ocrx_word' id='word_1_897' title='bbox 2381 5328 2762 5388; x_wconf 84' lang='lat' dir='ltr'><strong>Aristotelem,</strong></span> <span class='ocrx_word' id='word_1_898' title='bbox 2811 5324 2906 5376; x_wconf 88' lang='lat' dir='ltr'><strong>lib.</strong></span> <span class='ocrx_word' id='word_1_899' title='bbox 2962 5337 3039 5386; x_wconf 77' lang='lat' dir='ltr'><strong>is,</strong></span> <span class='ocrx_word' id='word_1_900' title='bbox 3101 5334 3220 5387; x_wconf 87' lang='lat' dir='ltr'><strong>cap.</strong></span> <span class='ocrx_word' id='word_1_901' title='bbox 3255 5315 3344 5376; x_wconf 64' lang='lat'><strong>£0,</strong></span> <span class='ocrx_word' id='word_1_902' title='bbox 3379 5325 3433 5369; x_wconf 89' lang='lat' dir='ltr'><strong>et</strong></span> 
     </span>
    </p>
   </div>
   <div class='ocr_carea' id='block_1_117' title="bbox 1869 5410 3432 5483">
    <p class='ocr_par' dir='ltr' id='par_1_117' title="bbox 1869 5410 3432 5483">
     <span class='ocr_line' id='line_1_117' title="bbox 1869 5410 3432 5483; baseline -0.01 -6"><span class='ocrx_word' id='word_1_903' title='bbox 1869 5423 2163 5483; x_wconf 65' lang='lat' dir='ltr'><strong>Elianum,</strong></span> <span class='ocrx_word' id='word_1_904' title='bbox 2202 5420 2277 5472; x_wconf 88' lang='lat' dir='ltr'><strong>De</strong></span> <span class='ocrx_word' id='word_1_905' title='bbox 2322 5421 2508 5472; x_wconf 85' lang='lat' dir='ltr'><strong>histor.</strong></span> <span class='ocrx_word' id='word_1_906' title='bbox 2549 5416 2793 5476; x_wconf 86' lang='lat' dir='ltr'><strong>animul.,</strong></span> <span class='ocrx_word' id='word_1_907' title='bbox 2837 5416 2929 5467; x_wconf 77' lang='lat' dir='ltr'><strong>lib.</strong></span> <span class='ocrx_word' id='word_1_908' title='bbox 2969 5430 3015 5477; x_wconf 82' lang='grc' dir='ltr'><strong>ν,</strong></span> <span class='ocrx_word' id='word_1_909' title='bbox 3058 5427 3176 5479; x_wconf 85' lang='lat' dir='ltr'><strong>cap.</strong></span> <span class='ocrx_word' id='word_1_910' title='bbox 3215 5410 3302 5469; x_wconf 76' lang='lat' dir='ltr'><strong>l5,</strong></span> <span class='ocrx_word' id='word_1_911' title='bbox 3339 5411 3432 5476; x_wconf 89' lang='lat' dir='ltr'><strong>qui</strong></span> 
     </span>
    </p>
   </div>
   <div class='ocr_carea' id='block_1_118' title="bbox 1866 5506 3419 5584">
    <p class='ocr_par' dir='ltr' id='par_1_118' title="bbox 1866 5506 3419 5584">
     <span class='ocr_line' id='line_1_118' title="bbox 1866 5506 3419 5584; baseline -0.009 -19"><span class='ocrx_word' id='word_1_912' title='bbox 1866 5511 2284 5584; x_wconf 81' lang='lat' dir='ltr'><strong>elegantissimis</strong></span> <span class='ocrx_word' id='word_1_913' title='bbox 2327 5510 2505 5563; x_wconf 87' lang='lat' dir='ltr'><strong>verbis</strong></span> <span class='ocrx_word' id='word_1_914' title='bbox 2551 5507 2872 5562; x_wconf 87' lang='lat' dir='ltr'><strong>industriam</strong></span> <span class='ocrx_word' id='word_1_915' title='bbox 2919 5506 3056 5556; x_wconf 81' lang='lat' dir='ltr'><strong>hanc</strong></span> <span class='ocrx_word' id='word_1_916' title='bbox 3089 5518 3419 5570; x_wconf 74' lang='lat' dir='ltr'><strong>prosequor.-</strong></span> 
     </span>
    </p>
   </div>
   <div class='ocr_carea' id='block_1_119' title="bbox 1869 5618 1971 5659">
    <p class='ocr_par' dir='ltr' id='par_1_119' title="bbox 1869 5618 1971 5659">
     <span class='ocr_line' id='line_1_119' title="bbox 1869 5618 1971 5659; baseline 0 -1"><span class='ocrx_word' id='word_1_917' title='bbox 1869 5618 1971 5659; x_wconf 84' lang='lat' dir='ltr'><strong>IUI‘.</strong></span> 
     </span>
    </p>
   </div>
   <div class='ocr_carea' id='block_1_120' title="bbox 1941 5681 3432 5756">
    <p class='ocr_par' dir='ltr' id='par_1_120' title="bbox 1941 5681 3432 5756">
     <span class='ocr_line' id='line_1_120' title="bbox 1941 5681 3432 5756; baseline -0.012 -10"><span class='ocrx_word' id='word_1_918' title='bbox 1941 5695 2095 5755; x_wconf 77' lang='lat' dir='ltr'><strong>Ibitl.,</strong></span> <span class='ocrx_word' id='word_1_919' title='bbox 2123 5694 2215 5746; x_wconf 87' lang='lat' dir='ltr'><strong>lin.</strong></span> <span class='ocrx_word' id='word_1_920' title='bbox 2257 5693 2343 5748; x_wconf 77' lang='grc'><strong>45.</strong></span> <span class='ocrx_word' id='word_1_921' title='bbox 2378 5694 2443 5742; x_wconf 82' lang='lat' dir='ltr'><strong>Al</strong></span> <span class='ocrx_word' id='word_1_922' title='bbox 2484 5689 2546 5740; x_wconf 71' lang='grc' dir='ltr'>δὲ</span> <span class='ocrx_word' id='word_1_923' title='bbox 2585 5688 2817 5756; x_wconf 68' lang='grc' dir='ltr'><strong>ἀκρίδες</strong></span> <span class='ocrx_word' id='word_1_924' title='bbox 2852 5686 2960 5738; x_wconf 78' lang='grc' dir='ltr'><strong>ἐνί.</strong></span> <span class='ocrx_word' id='word_1_925' title='bbox 3002 5683 3255 5744; x_wconf 78' lang='lat' dir='ltr'><strong>Basilius,</strong></span> <span class='ocrx_word' id='word_1_926' title='bbox 3288 5681 3432 5734; x_wconf 80' lang='lat' dir='ltr'><strong>llom.</strong></span> 
     </span>
    </p>
   </div>
   <div class='ocr_carea' id='block_1_121' title="bbox 1872 5773 3439 5851">
    <p class='ocr_par' dir='ltr' id='par_1_121' title="bbox 1872 5773 3439 5851">
     <span class='ocr_line' id='line_1_121' title="bbox 1872 5773 3439 5851; baseline -0.011 -9"><span class='ocrx_word' id='word_1_927' title='bbox 1872 5791 1902 5842; x_wconf 87' lang='lat'>8</span> <span class='ocrx_word' id='word_1_928' title='bbox 1932 5807 1942 5842; x_wconf 88' lang='lat'>:</span> <span class='ocrx_word' id='word_1_929' title='bbox 1973 5787 2092 5849; x_wconf 79' lang='grc' dir='ltr'>Πῶς</span> <span class='ocrx_word' id='word_1_930' title='bbox 2125 5804 2201 5838; x_wconf 78' lang='grc' dir='ltr'><strong>σοι</strong></span> <span class='ocrx_word' id='word_1_931' title='bbox 2247 5784 2342 5846; x_wconf 76' lang='grc' dir='ltr'><strong>τὰς</strong></span> <span class='ocrx_word' id='word_1_932' title='bbox 2392 5781 2624 5851; x_wconf 67' lang='grc' dir='ltr'>φοϐερὰς</span> <span class='ocrx_word' id='word_1_933' title='bbox 2678 5778 3054 5849; x_wconf 75' lang='grc' dir='ltr'>ἐπιστρατείας</span> <span class='ocrx_word' id='word_1_934' title='bbox 3086 5779 3182 5847; x_wconf 73' lang='grc' dir='ltr'><strong>τῆς</strong></span> <span class='ocrx_word' id='word_1_935' title='bbox 3223 5773 3439 5845; x_wconf 70' lang='grc' dir='ltr'>ἀκρίίος</span> 
     </span>
    </p>
   </div>
  </div>
