4042 6338
149 372 260 431 εει

1275 380 1338 437 IN
1380 378 1751 438 EUSTATllll
1785 381 2254 441 llEXAEMERON
2289 383 2518 442 NOTAE.

3295 399 3405 454 9-22

148 496 476 553 tenuissimis
533 500 874 557 brachiorum
908 506 1156 560 membris
1197 521 1449 574 suspensa
1480 521 1498 558 :
1531 502 1734 558 animal
1763 509 1808 565 Α
1837 508 1930 573 (ita
1957 508 2102 560 enim
2132 508 2371 581 corrigo)
2393 519 2543 575 sunt,
2577 526 2673 565 nec
2695 526 2924 580 usquam
2959 511 3109 566 alibi.
3133 511 3287 578 Quod
3319 518 3398 568 vel

144 592 386 645 "aurium
408 593 601 656 simile,
626 611 729 648 non
754 605 864 648 tam
885 614 1003 651 rore
1031 615 1276 656 resonans
1304 614 1460 666 quam
1483 597 1727 664 stridore,

142 684 317 750 specie
346 702 545 756 quoque
579 688 810 743 volatilis
856 691 1018 744 simul
1053 701 1102 746 et
1148 693 1466 761 quadrupes,
1500 692 1637 760 quod
1675 693 1728 744 in

143 777 276 831 aliis
303 778 485 832 avibus
514 782 730 846 reperiri
769 801 870 835 non
905 784 1054 838 solet.
1083 785 1213 850 Qnre
1241 801 1363 839 cum
1390 785 1608 838 brachia
1637 799 1729 852 pc-

141 869 357 940 desque
389 870 605 933 habeat,
633 872 761 941 quid
801 874 998 927 mirum
1057 877 1100 930 si
1130 875 1486 946 τετρασκελές
1533 876 1603 928 sit
1636 891 1732 927 no-

143 967 270 1014 stro
307 962 558 1014 auctori?
606 965 853 1031 quamvis
904 981 1072 1019 unum
1139 975 1349 1020 tantum
1414 967 1601 1027 σκέλος
1655 965 1730 1018 illi

141 1053 292 1108 ttadi
320 1052 531 1110 Plinius
559 1056 801 1110 aliinnet.
837 1058 890 1112 ld
924 1068 1102 1113 tamen
1132 1067 1320 1112 notum
1352 1065 1435 1113 cst
1465 1074 1587 1112 esse
1614 1059 1731 1112 sine

139 1160 409 1214 genuum,
451 1149 821 1203 malleolorum
856 1151 1160 1221 pedumque
1191 1151 1460 1204 articulis.

220 1231 386 1299 lbid.,
417 1236 513 1289 lin.
546 1237 634 1292 59.
673 1241 736 1291 οι
774 1239 842 1292 δὲ
882 1239 1157 1309 τέττιγες.
1200 1223 1452 1300 Basilius,
1492 1239 1638 1291 hom.
1673 1238 1727 1302 8,

145 1325 250 1389 Τίς
272 1328 302 1379 ὀ
328 1329 528 1398 τρόπος
559 1331 660 1401 τῆς
696 1332 961 1402 μελῳδίας
1002 1332 1096 1385 τοῦ
1129 1333 1392 1399 τέττιγος.
1424 1331 1544 1394 Πῶς
1579 1333 1634 1383 ἐν
1663 1335 1728 1401 τῇ

148 1418 721 1495 μεσημΰρὶᾳκὲαυτῶν
768 1426 905 1476 εἰςιν
958 1423 1293 1495 ᾠδικώτεροι
1343 1428 1408 1494 τῇ
1459 1425 1590 1494 ὀλκῇ
1635 1426 1729 1478 τοῦ

145 1509 334 1580 ἀέρος,
362 1511 430 1580 ἢν
460 1491 516 1565 ἐν
543 1516 607 1582 τῇ
639 1513 890 1584 διαστολῇ
925 1491 1330 1567 ποιοῦνται-τοῦ
1360 1491 1606 1583 Θ-ιὶιρακος
1636 1518 1723 1568 ὲκ-

143 1599 428 1668 διδομὲνου
455 1601 550 1652 τοῦ
583 1601 843 1670 φθόγγου.
889 1602 1234 1664 Aristoteles,
1275 1602 1346 1655 De
1379 1603 1568 1658 histor.
1613 1607 1732 1658 ani-

149 1689 308 1751 mal.,
336 1703 457 1758 cap.
485 1690 575 1753 50,
610 1689 927 1745 Proveniant
949 1692 1095 1762 large
1127 1694 1289 1760 copia:
1320 1693 1587 1746 imbrium.

220 1777 360 1834 Ibid.
401 1781 794 1847 Ἠσυχάζουσι
841 1782 910 1836 δὲ·
961 1786 1184 1850 καιρόν.
1246 1783 1585 1846 AriSIoteles,
1637 1785 1727 1839 lib.

1833 603 1951 655 solo
1977 601 2177 657 {Eliani
2215 605 2529 658 testimonio
2567 605 2775 660 relcllet
2807 602 2935 676 quis
2967 625 2979 661 :
3023 607 3069 663 is
3095 609 3265 671 enim,
3302 608 3397 662 lib.

1834 707 1913 753 ιιι,
1940 692 2012 746 De
2037 694 2226 749 histor.
2253 696 2444 756 anim.,
2469 710 2588 764 cap.
2608 694 2698 757 '53,
2723 695 2798 748 ait
2829 696 2881 750 in
2914 694 3225 753 Macedonia
3249 712 3399 759 sues,

1831 795 1883 838 et
1914 800 2085 852 genus
2119 786 2390 853 quoddam
2421 785 2732 839 cicadarnm
2770 802 2891 840 esse
2934 797 3178 852 mutum;
3219 796 3274 842 et
3306 789 3402 842 ad-
3476 827 3484 830 —

1832 875 1993 929 ducta
2032 876 2240 932 ratione
2272 891 2302 929 a
2337 875 2606 930 Strabone
2661 877 2800 930 facili
2853 878 2903 930 id
2949 879 3167 946 negotio
3216 884 3401 948 posset

1832 967 2075 1035 probari.
2096 983 2219 1020 cum
2250 982 2315 1022 ea
2337 981 2503 1022 causa
2535 984 2643 1021 non
2671 969 2727 1022 in
2763 968 3018 1037 llheginis
3048 948 3278 1031 tantum,
3304 970 3401 1026 sed

1831 1057 1974 1110 etin
2009 1058 2131 1111 aliis
2161 1059 2324 1111 etiam
2373 1059 2479 1111 vim
2529 1073 2685 1113 suam
2734 1060 2992 1116 obtineat.
3037 1059 3181 1127 Quin
3223 1061 3401 1114 Theo-

1832 1147 2118 1217 phylactus
2153 1146 2481 1212 Siumcatus,
2514 1158 2711 1218 quaest.
2746 1158 2924 1203 natur.
2952 1151 3039 1212 l5,
3071 1149 3302 1204 aliirmat
3324 1153 3402 1206 ci-

1832 1239 2000 1292 cadas
2026 1254 2217 1294 omnes
2253 1239 2482 1294 feminas
2514 1251 2694 1295 mulas
2733 1258 2876 1304 esse,
2911 1258 3213 1311 earumque
3245 1243 3402 1314 frigi-

1831 1329 2056 1382 ditatem
2090 1344 2310 1383 causam
2346 1346 2467 1385 esse
2500 1332 2635 1394 vult,
2688 1331 2876 1398 Τέττιξ
2906 1329 2996 1386 οὖν
3039 1334 3226 1405 θήλεια
3264 1335 3405 1387 κατὰ

1833 1421 1967 1472 πολὺ
2020 1420 2328 1491 ψυχροτέρα
2376 1421 2469 1473 τοῦ
2506 1423 2764 1493 ᾰρρενος,
2808 1424 2901 1476 καὶ
2935 1425 3094 1494 φύσις
3133 1427 3266 1496 αὐτῇ
3306 1425 3405 1495 τὴν

1834 1505 2442 1582 σιωπὴνέγκὲλεύεται,
2475 1515 2722 1569 ἐπίτασιν
2751 1517 3018 1571 ὲντιΟεῖσα
3044 1517 3399 1589 ψυχρότητος.

1832 1605 1922 1656 Διὸ
1943 1605 2169 1669 κωτίλος
2203 1606 2378 1670 τέττιξ
2406 1607 2506 1659 οὐκ
2534 1606 2646 1660 ἔστι
2669 1607 2875 1680 θήλεια.
2905 1607 3060 1674 Quod
3081 1617 3131 1664 cl
3161 1609 3228 1664 de
3256 1609 3404 1664 Seri-

1835 1695 1979 1764 phiis
2013 1699 2183 1759 ranis,
2220 1713 2342 1766 qua:
2371 1707 2532 1753 mutae
2559 1710 2708 1764 sunt,
2742 1708 2934 1769 quiest.
2962 1701 3050 1766 l8,
3083 1702 3267 1756 tradit.

1902 1785 2062 1847 Ibid"
2084 1789 2179 1842 Νη·
2209 1790 2257 1841 7'
2291 1791 2475 1857 Ἃπερ
2505 1791 2718 1858 κοινὴν
2743 1792 2877 1861 μέν.
2901 1791 3157 1846 Omnium
3189 1793 3279 1847 illa
3303 1790 3528 1846 fuit-“

147 1887 270 1931 vin,
299 1871 375 1924 De
416 1872 604 1929 histor.
652 1877 841 1937 anim.
878 1891 999 1945 cap.
1035 1875 1101 1928 l7
1140 1895 1152 1930 :
1184 1875 1399 1930 Cicada:
1428 1877 1515 1930 ubi
1552 1893 1732 1943 erupe-
1765 1857 1804 1909 Β
1835 1881 2127 1944 sententia,
2161 1881 2432 1937 hominem
2468 1898 2590 1938 esse
2637 1857 2870 1939 divisum
2920 1885 2973 1937 in
3026 1893 3204 1954 partes
3239 1885 3400 1945 duas.

148 1969 304 2024 runt,
328 1962 484 2022 oleis,
519 1971 612 2014 aut
638 1964 988 2017 arundinibus
1015 1965 1255 2017 insidunt
1278 1981 1294 2015 .·
1321 1974 1391 2028 et,
1418 1981 1537 2018 cum
1579 1974 1730 2034 rupto

149 2053 400 2120 operculo
422 2064 630 2116 exeunt,
663 2072 884 2123 parvum
927 2056 1181 2124 quiddam
1229 2057 1283 2108 in
1328 2073 1386 2109 eo
1435 2059 1730 2126 relinquunt

149 2143 415 2207 humoris,
461 2162 552 2199 nec
583 2149 750 2200 multo
791 2156 909 2215 post
937 2147 1135 2207 volant,
1167 2159 1216 2200 et
1248 2149 1498 2216 incipiunt
1523 2167 1725 2205 canere.

221 2237 346 2293 Col.
381 2241 504 2305 757,
533 2241 628 2294 lin.
666 2242 718 2295 l.
750 2241 1049 2306 Πλήττειν
1070 2243 1138 2294 δὲ
1162 2243 1261 2295 καὶ
1287 2243 1473 2298 ἅδειν.
1493 2243 1726 2300 Causam

149 2347 326 2402 quare
379 2332 581 2388 cicadae
631 2342 832 2388 canant
858 2336 1083 2403 exponit
1124 2335 1468 2400 Aristotcles,
1500 2337 1594 2390 lib.
1652 2337 1730 2390 De

139 2426 351 2495 juvent.
381 2435 432 2478 et
461 2435 652 2478 senect.
698 2426 822 2478 vita.
857 2432 909 2477 et
939 2434 1097 2490 mort,
1143 2433 1192 2478 et
1227 2427 1437 2493 respir.,
1481 2441 1603 2496 cap.
1638 2427 1725 2480 11.

152 2515 424 2571 Videntur
454 2517 598 2571 enim
615 2531 678 2570 ea
699 2517 910 2571 ratione
934 2517 1021 2570 illa
1047 2517 1257 2570 scilicet
1289 2517 1728 2572 membranarum

153 2609 396 2663 elatione
434 2609 710 2674 anhelare,
737 2617 791 2663 et
820 2608 1132 2680 refrigerari
1189 2611 1632 2679 quodammodo;
1676 2621 1731 2667 et

152 2700 250 2755 lib.
279 2716 332 2755 tv
369 2699 440 2754 De
469 2701 659 2753 histor.
694 2702 916 2755 animal.
949 2740 964 2765 ,
997 2715 1118 2770 cap.
1150 2703 1204 2766 9,
1239 2703 1480 2757 declarat
1509 2706 1729 2757 modum

150 2791 322 2860 hujus
351 2794 492 2846 soni.
529 2792 619 2846 Ait
648 2807 791 2846 enim
835 2793 1183 2846 membranas
1221 2793 1341 2847 illas
1373 2795 1566 2862 spiritu
1591 2794 1730 2850 inte-

151 2885 285 2936 riori
339 2884 568 2944 moveri,
615 2897 725 2936 non
759 2883 1040 2943 exteriori,
1075 2884 1328 2952 illiusque
1365 2886 1592 2954 spiritus
1644 2893 1729 2940 at-

153 2975 286 3028 tritu
335 2989 528 3027 sonum
581 2974 689 3028 edi.
734 2973 814 3028 T'a
863 2975 960 3045 μὲν
1005 2971 1098 3026 οὖν
1141 2974 1341 3045 ἔντομα
1387 2975 1506 3029 οὔτε
1542 2980 1728 3047 φωνεῖ,

151 3065 276 3119 οὔτε
305 3065 632 3133 διαλέγεται,
664 3064 827 3134 ψοφεί
863 3066 922 3118 δὲ
960 3066 1038 3137 τῷ
1079 3065 1187 3118 ἔσω
1224 3067 1514 3138 πνεύματι,
1558 3069 1619 3121 οὐ
1653 3067 1731 3140 τῷ

1833 1987 2031 2040 corpus
2061 1979 2114 2025 et
2145 1973 2404 2036 animam,
2440 1984 2493 2027 et
2527 1975 2629 2029 hac
2668 1977 2871 2046 aliquid
2900 1977 3103 2032 habere
3140 1993 3261 2032 cum
3293 1978 3403 2034 Deo

1833 2076 2140 2120 commune.
2173 2063 2266 2118 illo
2299 2079 2423 2118 cum
2461 2065 2657 2129 brutis,
2696 2076 2749 2120 et
2780 2067 2994 2124 belluis.
3023 2067 3086 2121 Et
3107 2070 3251 2124 sicut
3276 2073 3364 2124 ani
3386 2105 3398 2113 .

1832 2166 1920 2204 mo
1975 2153 2184 2207 ueteris
2238 2155 2610 2209 animantibus
2663 2156 2821 2224 longe
2869 2165 3110 2225 praestat,
3145 2158 3401 2214 animalia

1833 2242 2141 2307 arboribus,
2163 2252 2216 2298 et
2240 2244 2511 2313 virgultis,
2538 2245 2858 2316 ueterisque
2876 2262 3040 2301 sensu
3062 2248 3399 2312 carentibus.

1830 2332 2037 2386 homini
2066 2349 2132 2386 ex
2161 2334 2345 2388 animo
2377 2335 2536 2398 ratio,
2569 2336 2674 2391 illis
2703 2351 2899 2392 sensus
2935 2352 2999 2390 ex
3033 2353 3261 2408 corpore
3285 2356 3300 2394 :
3324 2340 3401 2393 ita

1832 2433 2011 2480 tamen
2058 2434 2202 2480 utet
2241 2426 2449 2482 homini
2499 2429 2578 2482 uti
2631 2431 2879 2498 corporis
2913 2433 3150 2499 compoti
3203 2446 3400 2488 sensus

1831 2534 1938 2571 non
1969 2519 2286 2588 denegetur.
2329 2518 2560 2574 Interest
2606 2531 2785 2574 autem
2839 2522 2984 2575 inter
3033 2521 3309 2578 hominem
3345 2532 3400 2578 et

1830 2609 2065 2662 belluam
2118 2610 2255 2663 illud
2303 2612 2560 2674 maxime,
2587 2612 2734 2680 quod
2793 2612 2972 2666 bellua
3026 2614 3071 2669 si
3132 2623 3399 2678 movetur,

1833 2716 1995 2754 sensu
2032 2710 2280 2755 movetur
2313 2709 2549 2763 tantum,
2575 2710 2630 2757 et
2659 2703 2725 2756 ad
2752 2719 2994 2772 praesens
3024 2704 3401 2767 lertur.nihil-

1832 2805 1938 2859 que
1983 2801 2174 2859 prmter
2211 2790 2543 2861 voluptatem
2577 2793 2764 2856 sentit,
2798 2794 2862 2846 ad
2893 2809 3123 2863 eamque
3156 2802 3267 2848 toto
3297 2795 3402 2848 im-

1831 2889 1958 2950 petu
2006 2883 2251 2950 rapitur;
2283 2883 2466 2946 homo,
2523 2898 2649 2936 cum
2704 2885 2776 2937 sit
2821 2884 3050 2939 rationis
3111 2883 3399 2953 particeps,

1832 2972 1994 3028 etiam
2030 2972 2159 3027 dum
2202 2973 2390 3036 sentit,
2420 2975 2670 3042 quamvis
2726 2990 2892 3031 sensu
2948 2975 3198 3034 ducatur,
3227 2974 3404 3028 elevat

1834 3082 1890 3121 se
1915 3075 2096 3121 tamen
2130 3065 2197 3120 ad
2229 3067 2418 3119 altiora
2450 3064 2871 3130 consideranda,
2906 3072 2960 3120 et
2990 3065 3173 3121 divina
3203 3064 3404 3118 intelli-

152 3156 377 3228 Θύραζε.
425 3157 590 3210 Οὐδὲν
640 3157 747 3226 γὰρ
795 3158 1022 3210 ἀναπνεῖ
1082 3159 1279 3224 αὐτῶν,
1338 3159 1471 3212 ἀλλὰ
1514 3158 1583 3211 τὰ
1634 3159 1728 3229 μὲν

1836 3156 2030 3225 gentia,
2060 3163 2115 3209 et
2145 3155 2199 3208 in
2232 3157 2511 3226 pr0prium
2545 3171 2704 3210 usum
2740 3169 2847 3210 non
2891 3172 3054 3211 sensu
3087 3166 3267 3222 actus,
3306 3154 3403 3210 sed

155 3244 399 3316 βομϐεῖν,
447 3241 562 3297 οἷον
617 3245 856 3315 μέλιττα,
919 3247 1011 3298 καὶ⁴
1065 3248 1134 3301 τὰ
1193 3249 1370 3316 πτηνά
1415 3248 1614 3312 αὐτῶν,
1667 3249 1734 3301 τὰ

151 3335 208 3388 δὲ
249 3335 396 3406 ᾅδειν
439 3335 676 3402 λέγεται,
712 3329 822 3388 οἷον
863 3337 910 3387 οἱ
962 3335 1225 3402 τέττιγες.
1260 3337 1440 3388 Πάντα
1461 3336 1528 3388 ⁸δὲ
1562 3335 1734 3389 ταῦτα

151 3419 317 3489 ψοφεῖ
368 3420 444 3490 τῷ
483 3421 647 3490 ὑμήνι
691 3421 793 3473 ὑπὸ
831 3421 891 3473 τὸ
930 3419 1088 3490 ζῶμα
1129 3425 1253 3475 ὅσον
1298 3423 1573 3494 διῄρητον,
1622 3419 1732 3477 οἷον

153 3511 212 3564 τὸ
251 3511 362 3564 τῶν
406 3512 664 3579 τεττίγων
728 3511 883 3579 γένος
924 3515 990 3581 τῇ
1036 3513 1218 3583 τρίψει
1263 3514 1355 3566 τοῦ
1401 3515 1728 3585 πνεύματος.

155 3604 390 3674 Ideoque
454 3603 522 3658 ad
583 3603 686 3657 hoc
721 3610 782 3657 ut
831 3613 1031 3658 canant
1067 3621 1292 3660 necesse
1344 3613 1464 3671 est,
1524 3615 1584 3659 ut
1622 3607 1733 3660 sint

157 3698 450 3767 praecincti:
508 3696 772 3760 dividuae,
808 3706 862 3751 et
909 3697 1012 3752 sub
1067 3706 1222 3766 septo
1264 3705 1579 3752 transverso
1619 3699 1732 3754 dis-

156 3795 363 3841 sectum
418 3803 542 3841 esse
599 3787 726 3850 illis,
774 3787 889 3842 sive
941 3788 1357 3857 majoreslsint,
1401 3789 1517 3844 sive
1549 3789 1729 3843 mino-

154 3893 264 3941 res,
304 3893 428 3931 nam
465 3893 573 3932 non
603 3877 864 3940 dividuis,
898 3885 951 3932 et
979 3879 1179 3948 quibus
1207 3893 1319 3933 non
1357 3891 1441 3934 est
1475 3880 1729 3944 scissum,

154 3977 322 4022 mutze
367 3978 495 4023 sunt
542 3971 786 4024 omnino.
836 3968 1010 4024 Dorso
1055 3971 1176 4025 illas
1210 3985 1472 4025 resonare
1513 3971 1732 4041 scripsit

158 4059 360 4120 llorus,
395 4061 486 4114 lib.
527 4076 588 4123 ιι,
619 4075 737 4129 cap.
770 4061 858 4125 55,
895 4055 1062 4124 Οὗτος
1088 4061 1196 4133 γὰρ
1226 4061 1314 4114 διὰ
1342 4061 1434 4114 τοῦ
1470 4062 1733 4131 στόματος

154 4153 214 4207 οὺ
253 4150 423 4204 his?
458 4151 595 4205 ἀλλὰ
637 4153 724 4205 διὰ
761 4153 862 4222 τῆς
903 4154 1113 4223 ῥάχεως
1148 4152 1519 4222 φθεγγόμενος
1564 4154 1732 4207 καλὸν

157 4243 319 4314 μέλος
340 4244 527 4296 ἀείδει.
563 4243 626 4296 Et
660 4243 934 4303 Elianus.
967 4245 1043 4298 De
1068 4245 1254 4300 histor.
1292 4246 1534 4311 animal.,
1567 4247 1660 4300 lib.
1688 4264 1727 4311 ι,

152 4350 272 4405 cap.
319 4336 412 4388 20.
458 4335 541 4388 Τὰ
572 4337 668 4407 μὲν
698 4337 833 4391 ἄλλα
876 4336 985 4389 τῶν
1026 4337 1258 4389 Ἰνδικῶν
1301 4337 1502 4407 ὀρνέων
1544 4337 1730 4389 εὐστο-

155 4433 265 4500 μεῖ,
317 4430 409 4482 καὶ
469 4432 535 4499 τῇ
577 4429 792 4502 γλώττῃ
846 4430 1137 4499 φθέγγεται
1191 4430 1346 4498 δίκην
1400 4428 1686 4501 ἀνθρώπου

1836 3246 2048 3300 ratione
2081 3247 2263 3301 omnia
2297 3247 2694 3300 accommodat.
2727 3245 2907 3311 Quare
2933 3248 3098 3300 etiam
3122 3255 3174 3300 et
3205 3260 3403 3301 causas

1833 3351 2015 3390 rerum
2046 3345 2100 3390 et
2134 3339 2552 3392 consecutioncs
2581 3338 2764 3399 videt,
2799 3351 3094 3406 earumque
3144 3352 3403 3407 progres-

1832 3440 1928 3482 sus
1959 3442 2066 3480 non
2100 3427 2336 3498 ignorat.
2367 3426 2740 3498 Utrorumque
2771 3436 2950 3483 tamen
2999 3442 3197 3481 sensus
3229 3429 3283 3479 in
3310 3441 3402 3481 ea-

1832 3518 1952 3572 dem
1985 3517 2156 3570 fertur
2171 3518 2381 3588 objecta
2405 3527 2458 3571 et
2480 3520 2595 3588 pari
2623 3519 2832 3572 ratione
2860 3518 3050 3572 abillis
3074 3518 3402 3572 commutari

1830 3607 2182 3663 manifestum
2231 3619 2337 3672 est,
2377 3610 2641 3684 quidquid
2664 3610 2809 3662 dicat
2832 3607 3190 3664 Jamblichus.
3211 3608 3401 3681 Neque

1831 3701 2071 3768 negarim
2101 3701 2153 3753 in
2181 3700 2454 3770 aliquibus
2481 3702 2548 3755 ab
2576 3701 2889 3755 hominibus
2921 3700 3151 3762 belluas.
3180 3700 3233 3754 in
3277 3701 3401 3755 aliis

1831 3791 2080 3846 homines
2116 3776 2373 3848 abelluis
2400 3794 2666 3863 superari,
2698 3808 2817 3862 qua:
2842 3800 2925 3847 est
2949 3793 3256 3847 communis
3276 3794 3399 3864 opi-

1831 3881 1944 3941 nio,
1982 3889 2035 3935 et
2064 3881 2426 3936 Aristotelian
2461 3881 2726 3936 doctrinae
2763 3882 2936 3951 magis
2968 3882 3398 3938 accommodata.

1835 3969 1942 4024 Sed
1982 3973 2096 4026 haec
2129 3972 2356 4027 alterius
2387 3979 2515 4027 sunt
2538 3973 2757 4042 negotii.
2799 3971 2942 4028 Satis
2976 3972 3048 4028 sit
3079 3973 3234 4039 illud,
3269 3988 3402 4028 con-

1832 4071 1978 4117 stare
2032 4064 2308 4118 hominem
2362 4063 2564 4128 animo,
2595 4064 2697 4117 hoc
2735 4071 2818 4118 est
2866 4064 3092 4118 rationis
3149 4072 3400 4132 compote

1830 4155 1952 4208 aliis
2003 4153 2372 4212 animantibus
2420 4168 2542 4210 esse
2569 4155 3022 4224 praestantiorem,
3049 4162 3103 4210 et
3127 4171 3191 4210 e0
3224 4156 3400 4211 solum

1833 4245 1902 4299 ab
1929 4246 2034 4300 illis
2066 4245 2346 4314 distingui.
2397 4245 2577 4311 Quare
2609 4247 2804 4314 saepius
2829 4261 2938 4299 uno
2962 4261 3173 4300 mecum
3209 4257 3403 4315 reputo

1831 4336 2155 4391 Sallustiana
2182 4337 2270 4390 illa
2289 4351 2412 4391 vere
2428 4351 2589 4391 aurea
2604 4336 2656 4390 in
2683 4337 2947 4406 prommio
2982 4337 3056 4391 De
3076 4337 3399 4404 conjuratio-

1829 4445 1891 4480 ne
1921 4426 2186 4492 Catilinaz,
2213 4440 2333 4496 qua:
2378 4425 2543 4480 veluti
2585 4426 3101 4480 commentariorum
3144 4425 3273 4479 huic
3301 4440 3400 4478 no-

149 4522 198 4574 οἱ
244 4520 306 4574 δὲ
351 4521 594 4587 τέττιγες
646 4521 785 4573 κατὰ
842 4521 938 4590 τὴν
974 4519 1086 4584 ἰξὺν
1137 4522 1244 4572 εἶσι
1299 4519 1628 4573 λαλίστατοι.
1663 4520 1728 4574 Et

1835 4532 1950 4578 stro
1981 4522 2189 4574 auctori
2219 4520 2392 4573 lucem
2426 4518 2618 4574 afferre
2647 4528 2913 4590 possunt:
2944 4519 3136 4574 Omnes
3168 4517 3399 4572 homines

153 4620 279 4668 ante
336 4611 615 4666 :Elianum
671 4613 1028 4675 Aristoteles,
1095 4610 1169 4665 De
1229 4612 1416 4666 histor.
1480 4613 1727 4677 animal.,

151 4705 243 4761 lib.
280 4721 356 4771 Iv,
381 4721 504 4776 cap.
527 4705 559 4759 7
591 4723 603 4759 :
639 4703 840 4760 Cicada
871 4707 1008 4760 inter
1036 4705 1167 4769 lucc,
1205 4714 1254 4758 et
1289 4705 1500 4758 omnino
1529 4706 1583 4758 in
1614 4708 1731 4758 ani-

152 4796 379 4851 malium
424 4811 608 4866 genere
648 4813 757 4852 una
809 4814 899 4852 ore
944 4806 1130 4851 caret:
1168 4797 1434 4865 prolixum
1478 4797 1729 4865 quiddam

153 4896 506 4957 compactum,
536 4889 920 4958 indivisumque
967 4891 1120 4959 gerit.
1147 4890 1319 4944 simile
1354 4891 1428 4942 eis
1458 4889 1596 4960 quod
1628 4890 1730 4943 lin-

152 4998 266 5050 θείω
289 4981 512 5047 speciem
539 4980 729 5050 refert;
756 4981 810 5034 in
839 4982 904 5035 iis
930 4983 1117 5052 quibus
1150 4982 1362 5036 aculeus
1386 4983 1441 5033 in
1474 4998 1563 5035 ore
1593 4997 1611 5033 :
1641 4999 1730 5036 eo-

151 5091 244 5141 que
265 5075 383 5142 ipso
414 5088 586 5125 rorem
608 5073 787 5126 haurit
804 5113 818 5133 ,
845 5073 1155 5128 alimentum
1179 5091 1341 5128 unum
1368 5083 1416 5126 et
1445 5075 1725 5142 peculiare.

155 5165 225 5219 De
279 5163 602 5238 cicadarum
644 5161 1014 5233 Rheginarum
1051 5166 1270 5221 silentio
1317 5167 1488 5219 multa
1533 5165 1728 5221 Strabo

155 5252 496 5325 lieograpliia:
519 5239 615 5307 libi.
637 5268 728 5316 v1;
760 5253 1000 5316 Solinus,
1027 5271 1147 5326 cap.
1173 5257 1226 5320 8,
1251 5257 1317 5310 de
1355 5257 1572 5311 silentio
1596 5273 1729 5312 con-

154 5349 322 5411 venit,
349 5347 420 5402 de
451 5360 622 5422 causa
655 5346 926 5404 dissentit.
955 5346 1020 5401 Et
1048 5364 1114 5403 ex
1147 5348 1350 5403 Granio
1379 5347 1444 5401 ad
1491 5347 1724 5412 fabulas.

153 5447 201 5489 t-t
236 5443 524 5508 poetarum
551 5435 905 5490 deliramenta
937 5437 1050 5492 haec
1081 5438 1296 5507 rejicit;
1328 5453 1426 5493 nec
1460 5439 1514 5492 in
1545 5441 1728 5492 omni-

155 5527 251 5586 lus
273 5543 400 5597 qua
436 5527 513 5582 ibi
546 5535 733 5582 narrat
779 5544 965 5593 verax,
996 5531 1074 5583 ait
1117 5531 1262 5586 enim
1293 5550 1305 5584 :
1342 5530 1558 5586 Cicadw
1588 5531 1728 5599 apud

159 5616 413 5691 llheginos
463 5628 644 5683 multa,
685 5634 777 5672 nec
802 5636 1028 5689 usquam
1065 5622 1216 5675 alibi.
1253 5620 1470 5676 Etcum
1506 5629 1754 5677 secutus.

156 5708 415 5776 Isidorus,
469 5709 567 5763 lib.
618 5724 730 5772 xu,
765 5724 886 5780 cap.
921 5709 954 5765 8
992 5729 1004 5763 ε
1046 5710 1262 5766 Cicada:
1307 5727 1371 5766 ea:
1418 5711 1726 5766 cuculorum

156 5810 444 5859 teneantur
470 5808 643 5869 sputo.
682 5799 773 5857 lla:
799 5801 856 5856 in
885 5797 1034 5858 Italia
1078 5802 1222 5874 apud
1252 5801 1528 5876 Rbeginos
1563 5809 1727 5858 mutae

1830 4615 1920 4683 qui
1953 4629 2062 4666 sese
2091 4610 2303 4665 student
2333 4620 2587 4681 prwstare
2613 4612 2815 4665 cazteris
2847 4610 3225 4672 animantibus,
3250 4625 3400 4662 sum-

1832 4723 1919 4759 ma
1943 4721 2035 4772 ope
2061 4705 2156 4758 niti
2187 4704 2350 4766 decet,
2376 4721 2438 4758 ne
2468 4706 2628 4757 vitam
2677 4702 2886 4756 silentio
2918 4703 3212 4771 transigant
3243 4700 3401 4754 veluti

1830 4814 2040 4867 pecora,
2077 4813 2192 4866 qua:
2237 4806 2430 4850 natura
2466 4809 2634 4864 prona
2685 4803 2840 4865 atque
2883 4794 3048 4848 ventri
3105 4791 3400 4846 obedientia

1829 4891 2005 4960 ﬁnxit,
2043 4890 2134 4942 sed
2161 4890 2333 4943 omnis
2370 4897 2551 4941 nostra
2581 4888 2658 4942 vis
2690 4887 2745 4940 in
2776 4887 2981 4949 animo,
2996 4894 3046 4939 et
3064 4900 3279 4952 corpore
3298 4883 3402 4936 sita

1827 4991 1926 5036 est.
1979 4981 2160 5034 Animi
2199 4979 2440 5048 imperio,
2481 4979 2717 5046 corporis
2751 4976 2957 5030 servitio
2981 4976 3149 5046 magis
3179 4974 3398 5027 utimur.

1831 5076 2073 5127 Alterum
2115 5072 2263 5125 nobis
2311 5087 2432 5137 cum
2464 5070 2590 5132 diis,
2634 5069 2858 5124 alterum
2879 5084 2998 5120 cum
3034 5066 3219 5120 belluis
3259 5081 3400 5118 com-

1829 5177 1982 5213 mune
2041 5169 2137 5213 est.
2182 5159 2298 5224 Quo
2341 5160 2471 5211 mihi
2509 5159 2702 5210 rectius
2759 5172 2870 5210 esse
2928 5153 3153 5218 videtur,
3207 5153 3403 5222 ingenii

1826 5267 1982 5322 quam
2017 5252 2206 5305 virium
2254 5251 2439 5319 opibus
2496 5251 2722 5321 gloriam
2753 5263 2982 5318 quazrere
3012 5263 3030 5300 :
3064 5255 3115 5300 et
3151 5244 3400 5315 quoniam

1829 5347 1934 5398 vita
1965 5345 2079 5412 ipsa
2117 5361 2220 5413 qua
2250 5344 2501 5412 fruimur,
2545 5341 2711 5395 brevis
2734 5349 2833 5405 est,
2866 5339 3173 5396 memoriam
3205 5337 3395 5396 nostri,

1826 5453 1984 5505 quam
2015 5435 2242 5487 maxime
2295 5434 2502 5503 longam
2533 5433 2763 5502 efﬁcere.
2804 5430 2948 5485 Nam
2991 5430 3298 5483 divitiarum
3347 5434 3400 5478 et

1827 5530 2011 5596 formte
2043 5527 2236 5598 gloria,
2270 5526 2439 5593 ﬂuxa,
2473 5533 2626 5593 atque
2651 5525 2859 5595 fragilis
2889 5533 2968 5578 est
2995 5539 3013 5576 :
3035 5523 3204 5574 virtus
3227 5519 3396 5582 clara,

1828 5628 2122 5689 wternaque
2142 5617 2382 5671 habetur.
2419 5615 2581 5670 Disce
2608 5625 2686 5677 tu,
2715 5631 2748 5671 ο
2795 5614 2958 5668 homo
2984 5609 3294 5665 Christiana
3315 5608 3400 5662 di-

1830 5710 2058 5781 sciplina
2089 5710 2332 5764 imbutus
2354 5721 2384 5759 a
2422 5707 2541 5760 viro
2565 5706 2806 5769 cthnico,
2846 5713 2943 5759 tuo
2969 5702 3173 5763 animo,
3197 5708 3402 5768 tuaque

1829 5802 2060 5869 ratione,
2089 5807 2147 5856 ut
2175 5798 2286 5871 jus,
2322 5796 2513 5870 fasque
2543 5795 2795 5868 requirit,
2825 5795 2940 5861 uti;
2969 5791 3102 5865 quid
3143 5791 3402 5863 maiesta-
