4042 6338
671 370 779 428 ’33
2006 365 2256 423 L50le

2317 365 2563 421 lLLATlI
3818 381 3913 436 εει

672 500 780 543 teni
805 498 952 540 tuam
983 486 1265 542 vilissimis
1300 486 1658 541 Animantium
1703 486 1960 544 ductibus
1985 504 2251 560 conspur-
2278 493 2324 549 Α
2350 486 2680 550 constantia,
2733 487 2982 552 utilitate,
3037 487 3446 554 pulchritudine,
3502 497 3906 562 temperantiae,

669 593 768 634 cas
795 577 1133 634 foedissime?
1161 576 1334 631 Homo
1357 593 1417 633 es
1459 580 1526 632 ad
1575 580 1861 648 superiora
1913 581 2240 649 destinatus,
2347 595 2440 632 nec
2472 595 2626 646 posse
2657 581 2772 648 ﬁeri
2798 581 2924 648 quin
2957 579 3012 632 id
3033 582 3171 651 quod
3194 584 3426 638 mirabili
3461 587 3667 640 ratione
3691 599 3904 650 constet.

671 685 742 724 ne
764 679 1084 724 contemnas
1105 667 1250 737 quod
1285 668 1340 720 in
1381 675 1432 720 te
1458 667 1637 721 elucet
1667 667 1995 724 Divinitatis.
2345 671 2574 725 consilio
2601 671 2796 740 majori
2827 673 3004 741 aliquo
3027 677 3096 727 sit
3126 677 3459 732 instructum.

741 757 903 824 lbid.,
931 760 1030 815 lin.
1062 759 1114 812 9.
1151 760 1263 813 Kal
1305 762 1628 829 κινούμενα
1659 761 1922 826 κίνησιν.
1961 760 2124 818 Multa
2157 764 2245 818 hic

2416 763 2552 817 lbid.
2615 765 2712 818 lin.
2765 763 2856 818 28.
2895 765 3020 818 Ποῦ
3049 768 3231 835 λόγος
3255 769 3392 836 ἐρεῖ.
3442 767 3728 825 Rationem
3780 771 3907 826 hanc

670 863 893 924 possent
933 853 1117 908 all‘erri
1151 854 1218 909 de
1266 857 1472 909 ratione
1521 863 1704 910 motus
1751 857 2086 919 animalium,
2123 876 2244 929 qua:
2343 853 2487 915 fuse,
2521 853 2992 922 disertissimeque
3026 859 3370 926 prosequitur
3421 858 3726 913 Methodius
3755 857 3906 912 Pata-

670 944 907 1000 l‘acultas
937 947 1272 1016 requiratur,
1305 957 1359 1002 et
1385 948 1516 1017 quid
1563 947 1779 1004 tandem
1831 963 2126 1004 concurrat
2175 958 2240 1009 ad
2346 945 2548 1007 rensis,
2581 945 2675 999 lib.
2705 943 2783 998 Ds
2807 945 2970 1000 libe'ro
2993 946 3238 1011 arbitrio,
3269 958 3459 1004 contra
3482 934 3904 1014 Valentinianus,

670 1046 878 1090 motum
929 1037 1075 1092 hunc
1119 1040 1547 1107 exsequendum,
1597 1039 1690 1094 sed
1748 1055 1812 1094 ea
1862 1042 2242 1098 subtilioribus
2342 1052 2502 1107 quem
2526 1037 2744 1101 vide.el
2764 1037 3010 1093 Cicero"
3044 1039 3116 1094 De
3131 1049 3243 1094 nat.
3267 1043 3500 1094 deorum.
3527 1042 3684 1108 Quod
3707 1046 3907 1098 Aristo-

671 1129 1014 1200 philosophis
1058 1131 1324 1199 relinquo.
1365 1129 1640 1185 Adducam
1697 1141 1878 1187 tamen
1936 1149 2104 1190 unum
2158 1141 2241 1192 vel

2343 1129 2501 1182 telem
2536 1144 2767 1199 negasse
2810 1129 2978 1184 refert
3005 1131 3218 1188 Atticus
3244 1134 3384 1203 apud
3413 1133 3732 1199 Eusebium,
3769 1138 3905 1206 ’Δρι-

671 1219 902 1274 alterum
943 1221 1012 1274 ad
1043 1221 1206 1290 hujus
1249 1222 1355 1275 loci
1399 1223 1838 1292 explicationem.
1872 1222 2066 1280 Noster
2097 1229 2240 1280 enim

2343 1219 2602 1288 στοτέλης
2644 1220 2806 1290 μέχρι
2849 1221 3075 1292 σελήνης
3119 1223 3321 1294 στήσας
3360 1225 3422 1277 τὸ
3448 1225 3621 1288 Θείον,
3658 1230 3727 1280 τὰ
3757 1228 3907 1282 λοιπὰ

669 1310 990 1367 Eustathius
1032 1325 1157 1366 cum
1205 1314 1259 1367 in
1313 1314 1494 1369 verbis
1534 1317 1912 1384 superioribus
1963 1318 2240 1372 videretur

2141 1328 2240 1372 ειυι·
2341 1311 2437 1364 τοῦ
2468 1313 2671 1381 κόσμου
2705 1314 3035 1384 περιγράφει
3056 1316 3154 1384 τῆς
3173 1314 3267 1367 τοῦ
3297 1315 3430 1368 Θεοῦ
3461 1318 3737 1386 προνοίας.

667 1405 855 1458 nescio
879 1405 1186 1474 quomodo,
1211 1405 1452 1458 animum
1487 1406 1658 1462 brutis
1704 1408 2114 1479 pecudibusque
2141 1412 2239 1464 dc-

2412 1403 2573 1464 lbid.,
2599 1403 2695 1455 lin.
2732 1402 2823 1458 40.
2866 1404 3038 1457 Oilei
3059 1404 3172 1474 γὰρ
3204 1403 3276 1458 τὰ
3311 1404 3460 1473 πρὸς
3488 1409 3672 1472 τινος.
3706 1409 3906 1463 Aristo-

668 1508 919 1564 negasse,
946 1503 999 1550 et
1027 1503 1236 1549 tantum
1282 1512 1503 1551 sensum
1561 1499 1668 1553 illis
1695 1501 2032 1564 attribuisse,
2073 1502 2125 1555 in
2157 1503 2239 1558 his
2340 1497 2498 1556 theS.
2525 1495 2640 1550 sive
2656 1495 3078 1565 aliusquispiam
3113 1498 3180 1551 de
3208 1497 3410 1552 mundo
3433 1496 3496 1550 ad
3519 1498 3902 1558 Alexandrum.

667 1597 729 1639 se
748 1585 1004 1655 explicat,
1029 1585 1095 1639 de
1117 1602 1350 1655 quonam
1382 1603 1565 1644 annuo
1587 1592 1948 1660 loquebatur;
1973 1595 2047 1646 ait
2071 1596 2235 1660 enim,
2344 1588 2593 1657 exemplo
2616 1589 2834 1652 animae,
2862 1603 2984 1658 quae
3006 1589 3060 1641 in
3093 1588 3311 1643 homine
3342 1605 3450 1643 non
3481 1589 3718 1654 videtur,
3741 1599 3796 1645 et
3832 1600 3906 1644 ta-

666 1676 922 1732 animalia
958 1677 1093 1739 haec,
1139 1695 1260 1748 quae
1311 1695 1533 1734 sensum
1585 1697 1692 1736 una
1743 1699 1866 1738 cum
1927 1684 2239 1742 hominibus
2343 1696 2466 1734 men
2516 1696 2742 1736 necesse
2783 1691 2868 1737 est
2920 1681 3075 1737 fateri
3107 1683 3308 1749 omnia,
3352 1699 3472 1753 quae
3503 1697 3599 1753 per
3635 1684 3904 1738 hominem

663 1781 1010 1822 communem
1044 1769 1264 1834 habent,
1290 1787 1397 1825 non
1424 1782 1602 1828 tamen
1653 1775 1898 1843 ejusdem
1947 1777 2238 1846 perfectio-

2346 1771 2482 1825 liunt
2512 1773 2581 1826 ah
2605 1773 2694 1826 illa
2731 1775 3017 1843 provenire
3053 1774 3267 1844 probat,
3299 1773 3486 1838 Deum,
3516 1774 3598 1828 vel
3624 1777 3810 1844 potius
3846 1776 3905 1828 ad

664 1859 752 1913 nis
811 1861 1076 1924 animum,
1139 1866 1321 1918 vivere
1371 1873 1427 1918 et
1490 1868 1694 1921 moveri
1755 1883 1864 1922 non
1916 1880 2068 1924 motu
2127 1888 2236 1942 quo

2345 1860 2438 1915 Dei
2468 1863 2836 1932 cognitionem
2887 1879 2986 1917 nos
3015 1879 3082 1918 ex
3126 1867 3274 1918 illius
3303 1866 3559 1933 operibus
3592 1881 3756 1933 posse
3796 1881 3906 1934 per-

664 1962 952 2007 moventur
985 1954 1273 2023 homines;
1297 1965 1428 2012 tunc
1458 1959 1599 2011 enim
1625 1971 1678 2014 et
1710 1961 1969 2029 aequalem
1995 1965 2234 2018 anitnum
2341 1955 2547 2016 Venii‘e.
2581 1956 2674 2024 qui
2711 1958 2814 2010 etsi
2857 1959 3028 2010 nostri
3056 1966 3312 2026 aspectus
3355 1957 3522 2010 aciem
3560 1955 3721 2025 fugit,
3746 1957 3804 2010 lit
3839 1968 3909 2009 ta-

664 2042 1076 2112 participarent.
1109 2044 1250 2098 Cum
1293 2046 1455 2100 homo
1485 2062 1592 2101 non
1629 2049 1964 2118 intelligatur
1999 2067 2234 2120 unquam
2336 2063 2459 2102 men
2494 2049 2629 2117 ipsis
2676 2038 2933 2118 operibus
2976 2051 3300 2119 perspicuus
3347 2061 3401 2102 et
3445 2049 3816 2103 manifestus:
3859 2058 3909 2103 et

664 2135 895 2195 moveri,
927 2137 1033 2189 nisi
1068 2136 1282 2192 ratione
1333 2145 1383 2191 et
1438 2139 1543 2192 line
1596 2139 1774 2208 primo
1833 2141 1900 2194 ab
1957 2141 2234 2196 intellectu
2336 2139 2440 2192 boc
2463 2140 2616 2192 nullo
2651 2140 2813 2193 modo
2843 2141 3036 2194 obesse
3067 2149 3160 2192 aut
3188 2140 3264 2192 illi
3292 2138 3358 2192 ad
3381 2139 3788 2208 agendum,aut
3816 2155 3909 2194 no-

661 2239 761 2292 per
788 2225 1100 2280 discursum
1129 2227 1452 2298 sibimetipsi
1483 2231 1784 2299 proposito,
1820 2234 1963 2300 quod
1990 2234 2234 2288 animan-
2337 2229 2420 2284 bis
2449 2230 2516 2283 ad
2551 2230 2711 2284 [idem
2743 2231 2892 2285 bisce
2919 2232 3082 2285 rebus
3109 2229 3651 2289 accommodandam.
3676 2233 3787 2283 Καὶ
3807 2232 3908 2302 γὰρ

663 2315 815 2370 tibus
837 2318 1046 2371 caeteris
1079 2319 1302 2373 omnino
1333 2335 1441 2374 non
1479 2323 1734 2378 convenit
1767 2343 1779 2376 :
1818 2326 1935 2392 ipsa
1964 2325 2108 2378 enim
2139 2340 2236 2394 ap-

2338 2322 2370 2389 ή
2397 2321 2562 2391 ψυχὴ.
2591 2323 2657 2375 δι’
2687 2323 2754 2391 ἢν
2788 2319 2968 2392 ζῶμέν
3021 2339 3078 2374 τε
3115 2322 3209 2375 καὶ
3237 2322 3413 2384 πόλεις
3457 2322 3549 2374 καὶ
3583 2323 3763 2385 οἴκους
3796 2322 3907 2392 ἐχο-

661 2407 829 2475 petitu
887 2417 1124 2472 tantum,
1166 2419 1219 2464 et
1275 2410 1661 2482 imaginatione
1720 2426 2023 2470 moventur.
2078 2416 2232 2482 Quod

2339 2427 2459 2478 μεν,
2499 2411 2730 2480 ἀόρατος
2774 2406 2907 2462 οὖσα
2945 2414 3056 2474 τοῖς
3094 2410 3272 2479 ἔργοις
3315 2411 3494 2469 αὐτοῖς
3536 2411 3752 2478 ὁρᾶται.
3799 2411 3909 2473 Πᾶς

661 2498 820 2553 nobis
849 2511 1041 2553 auctor
1065 2502 1262 2567 innuit,
1285 2501 1413 2556 dum
1443 2504 1576 2557 dicit
1607 2524 1619 2558 :
1669 2505 1794 2559 llaec
1841 2509 2095 2560 animalia
2143 2509 2235 2561 bo-

2334 2502 2440 2571 γὰρ
2479 2503 2508 2552 ὁ
2543 2502 2636 2553 τοῦ
2673 2501 2787 2570 βίος
2825 2501 3117 2570 διάκοσμος
3156 2503 3262 2554 ὑπὸ
3296 2501 3498 2570 ταύτης
3536 2499 3790 2571 εὕρηται,
3823 2504 3907 2556 καὶ

660 2592 806 2645 tuine
835 2593 1014 2646 minus
1045 2593 1389 2662 perfectiora,
1420 2605 1630 2650 natura!
1651 2598 1700 2649 vi
1721 2598 1977 2666 quadam,
2006 2600 2233 2667 sangui-

2331 2592 2697 2656 διατέτακται,
2746 2593 2838 2645 καὶ
2881 2593 3180 2661 συνέχεται.
3216 2591 3282 2644 Et
3314 2591 3561 2653 inferius,
3590 2591 3776 2645 Ταῦτα
3807 2597 3906 2663 χρὴ

660 2697 730 2738 ne
769 2691 931 2753 atque
970 2699 1093 2740 aere
1123 2686 1428 2755 impellente
1463 2688 1573 2757 agi.
1600 2687 1672 2742 De
1701 2704 1864 2741 causa
1898 2697 2077 2742 motus
2112 2690 2230 2741 aui-

2332 2685 2425 2737 καὶ
2459 2685 2586 2754 περὶ
2618 2682 2752 2735 Θεοῦ
2789 2683 3132 2748 διανοεῖσθαι,
3170 2684 3392 2753 δυνάμει
3423 2683 3522 2754 μὲν
3561 2685 3718 2748 ὄντος
3760 2687 3905 2755 ἰσχυ-

659 2778 882 2834 malium
917 2779 1259 2841 Aristoteles,
1303 2781 1398 2834 lib.
1433 2797 1518 2844 ιιι,
1554 2782 1630 2834 De
1661 2784 1861 2844 anima,
1889 2790 2022 2836 text.
2056 2783 2144 2846 48,
2177 2792 2231 2837 et

2334 2776 2580 2846 ροτάτου,
2609 2775 2792 2827 κάλλει
2815 2775 2867 2826 δὲ
2898 2774 3361 2844 εὐπρεπεστάτου,
3390 2775 3500 2845 ζωῇ
3532 2775 3590 2827 δὲ
3613 2775 3901 2839 ἀθανάτου,

656 2880 908 2939 sequent.
926 2868 1143 2925 Refcllit
1165 2873 1347 2940 itaque
1378 2872 1462 2925 his
1484 2873 1664 2929 verbis
1685 2888 1871 2926 eorum
1894 2875 2228 2953 Opinionem,

2330 2868 2496 2936 ἀρετῇ
2525 2867 2582 2917 δὲ
2614 2865 2924 2934 κρατίστου.
2958 2866 3048 2918 Διὸ
3075 2866 3224 2937 πάσῃ
3247 2866 3410 2936 θνητῇ
3437 2867 3596 2932 φύσει
3622 2867 3904 2936 γενόμενος

656 2960 752 3027 qui
784 2960 959 3013 brutis
996 2962 1223 3016 rationis
1251 2961 1375 3014 vim
1399 2968 1451 3014 et
1488 2963 1797 3016 discursum
1840 2965 2225 3020 attribuerunt.

2329 2958 2640 3028 ἀθεώρητος
2668 2960 2763 3010 ἀπ’
2794 2957 2972 3010 αὐτῶν
3002 2957 3108 3008 τῶν
3145 2958 3320 3027 ἔργων
3347 2957 3655 3027 Θεωρεῖται.
3695 2959 3773 3011 Τὰ
3804 2958 3901 3029 γὰρ

658 3041 1019 3122 Ροτριιγίἱυε,
1044 3052 1137 3106 lib.
1171 3068 1253 3113 nl.
1286 3052 1360 3106 De
1391 3055 1707 3106 abstinentia
1737 3054 1801 3106 ab
1835 3071 1923 3107 esu
1963 3056 2224 3117 carnium,

2331 3049 2499 3119 πάθη,
2536 3050 2630 3101 καὶ
2653 3048 2723 3101 τὰ
2757 3049 2824 3101 δι’
2853 3050 3012 3114 ἀέρος
3037 3048 3270 3110 ἅπαντα,
3309 3050 3402 3102 καὶ
3436 3049 3501 3100 τὰ
3533 3051 3626 3101 ἐπὶ
3655 3051 3779 3119 γῆς,
3814 3050 3902 3101 καὶ

656 3147 874 3205 statuit,
905 3153 1153 3198 naturam
1176 3145 1427 3200 omnibus
1462 3148 1853 3210 animantibus,
1877 3147 2077 3216 quibus
2102 3162 2224 3202 sen-

2330 3142 2397 3194 τὰ
2425 3143 2482 3193 ἐν
2512 3141 2662 3193 ὕδατι
2689 3140 2822 3193 Θεοῦ
2847 3140 3056 3206 λέγοιτο
3078 3141 3142 3192 ἂν
3167 3141 3331 3202 ὅντως
3353 3141 3487 3209 ἔργα
3512 3137 3672 3205 εἶναι,
3702 3141 3793 3193 τοῦ
3817 3143 3901 3193 τὸν

657 3251 778 3289 sum
814 3244 867 3289 et
901 3237 1220 3289 memoriam
1243 3235 1411 3302 dedit,
1444 3237 1706 3293 rationem
1742 3254 1979 3308 quoque,
2023 3240 2132 3292 imo
2171 3247 2223 3294 et

2330 3234 2532 3302 κόσμον
2565 3232 2872 3302 ἐπέχοντος,
2911 3231 2970 3295 ἐξ
3007 3224 3089 3294 οὗ,
3136 3233 3275 3285 κατὰ
3310 3233 3397 3284 τὸν
3439 3235 3667 3301 φυσικὸν
3711 3235 3902 3302 Ἑμπε·

654 3329 978 3392 orationem,
1019 3334 1128 3381 tam
1165 3329 1431 3383 internam
1454 3346 1614 3399 quam
1640 3338 1918 3385 externam
1943 3332 2222 3394 tribuisse,
2327 3325 2536 3392 δοκλέα,

655 3419 818 3489 idque
846 3420 1095 3488 pluribus
1125 3422 1479 3490 argumentis,
1503 3431 1556 3474 et
1589 3421 1950 3492 Empedoclis,
1982 3421 2224 3477 Platonis

2326 3458 2510 3513 Πάν-θ’
2535 3459 2654 3513 ὅσα
2685 3460 2734 3511 τ’
2773 3455 2872 3529 ἦν,
2904 3458 3020 3514 ὅσα
3059 3462 3108 3513 τ’
3133 3460 3305 3514 ἐστὶν
3343 3459 3414 3512 ιδ’
3447 3460 3706 3529 docure
3733 3461 3899 3514 ἔσται

652 3519 710 3566 et
738 3512 1050 3566 Aristotelis
1087 3514 1246 3566 etiam
1278 3514 1608 3568 testimoniis
1636 3524 1868 3568 conatur
1909 3516 2218 3570 ostendere.
2326 3500 2486 3513 mm,
2535 3500 2654 3513 ww
2689 3500 2709 3511 ’
2779 3500 2833 3529 Ψ
2858 3500 2872 3524 ’
2904 3500 3020 3514 ww
3063 3500 3082 3513 ’
3133 3500 3287 3514 ww
3343 3500 3392 3512 Ν
3447 3500 3895 3600 νυνἼξῐῖτιῖοἶξξ

655 3604 1006 3666 Plutarchus,
1035 3605 1130 3658 lib.
1149 3622 1177 3660 v
1207 3605 1284 3659 De
1312 3606 1546 3673 placitis,
1571 3621 1688 3675 cap.
1714 3607 2217 3677 20,Anaxagoram,

2329 3599 2593 3677 agapen
2612 3599 3068 3677 t‘_é6.140’tﬂ0’8,-
3093 3601 3191 3677 καὶ
3231 3600 3440 3677 ἁιςέρες
3466 3599 3576 3663 ἠδὲ
3603 3601 3896 3677 qun-giae,

651 3704 706 3751 et
738 3695 1099 3768 Pythagoram
1133 3696 1270 3751 idem
1304 3669 1544 3752 sensisse
1583 3669 1836 3762 testatur,
1865 3669 2067 3772 quibus
2105 3700 2222 3768 ipse

2327 3669 2515 3737 Θῆρές
2546 3671 2593 3721 τ’
2625 3671 2820 3722 οἰωνοί
2858 3687 2939 3732 τε,
2977 3669 3074 3722 καὶ
3098 3669 3602 3738 ὑδατοθρέμμονες
3637 3670 3825 3738 ἰχθῦς.

651 3757 981 3858 sull'ragatur
1012 3789 1066 3842 in
1104 3787 1325 3858 Dialogo
1347 3804 1505 3857 quem
1533 3757 1833 3857 inscripsit,
1861 3757 2014 3854 ῥυοά
2053 3757 2219 3842 brutis
2396 3757 2529 3814 Vide
2552 3761 2713 3814 etiam
2738 3775 2857 3830 qm”
2880 3768 3203 3829 sequuntur'

652 3883 791 3936 ratio
826 3883 976 3935 insit.
1012 3882 1132 3946 Quo
1181 3881 1314 3949 quid
1363 3881 1701 3936 absurdius?
1746 3879 1877 3950 quid
1923 3881 2220 3935 insulsius?

2393 3892 2552 3956 lbid.,
2597 3894 2693 3949 lin.
2724 3894 2812 3948 47.
2861 3894 3262 3965 Συγγεννᾶται
3307 3895 3422 3964 μὲν
3465 3893 3597 3965 γάρ.
3639 3895 3891 3961 Basilius,

650 3973 908 4028 Plurimis
935 3973 1237 4028 rationibus
1260 3971 1402 4024 hanc
1433 3973 1758 4028 sententiam
1801 3971 2058 4027 refellunt
2098 3973 2217 4042 pbi-

2321 3985 2466 4040 hom.
2511 3986 2566 4049 9,
2605 3986 3051 4057 Συναπεγεννήθη
3085 3990 3114 4039 ὁ
3151 3986 3320 4056 Θυμός
3349 3987 3427 4056 τῷ
3456 3987 3650 4052 λέοντι,
3696 3989 3758 4042 τὸ
3804 4006 3896 4058 μο-

650 4065 862 4134 losophi
912 4063 1054 4133 apud
1090 4061 1456 4125 Aristotelem,
1492 4077 1651 4130 quos,
1685 4062 1730 4116 si
1770 4063 1920 4128 libet,
1969 4065 2211 4118 consule.

2321 4079 2579 4130 ναστικὸν
2612 4079 2773 4131 αὐτοῦ
2817 4078 2917 4147 τῆς
2959 4080 3124 4149 ζωῆς,
3169 4080 3230 4132 τὸ
3272 4079 3632 4150 ἀκοινώνητον
3675 4081 3811 4150 πρὸς
3837 4083 3893 4134 τὸ

647 4153 817 4210 Nobis
836 4155 918 4208 vel
951 4153 1180 4224 hujusce
1203 4153 1282 4206 rei
1306 4153 1619 4206 meminisse
1649 4153 1783 4208 satis
1813 4153 1900 4206 sit.

2319 4168 2608 4238 ὁμόφυλον.
2637 4163 2764 4222 Οἷον
2787 4170 2894 4238 γάρ
2921 4186 3004 4232 τις
3033 4168 3291 4240 τύραννος
3312 4168 3420 4221 τῶν
3452 4170 3658 4238 ἀλόγων
3687 4169 3775 4222 διὰ
3799 4170 3891 4238 τὴν

718 4244 875 4310 lbid.,
927 4245 1024 4298 lin.
1084 4244 1171 4298 11.
1211 4244 1377 4295 Ἔστι
1423 4241 1490 4294 δὲ
1536 4243 1629 4296 καὶ
1675 4244 1745 4296 ἐν
1787 4242 2011 4309 αὐτοῖς.
2072 4241 2214 4298 Sane

2321 4263 2384 4311 ὲκ
2415 4258 2629 4328 φύσεως
2657 4259 2980 4329 ὑπεροψίαν,
3014 4259 3111 4329 τὴν
3148 4259 3284 4329 πρὸς
3311 4262 3436 4322 τοὺς
3464 4259 3691 4323 πολλοὺς
3714 4261 3890 4330 ὁμοτι-

646 4337 1015 4412 pulcherrima
1040 4345 1122 4391 est
1144 4336 1259 4391 haec
1295 4335 1568 4406 digressio
1603 4337 1655 4389 in
1687 4352 1816 4406 qua,
1848 4352 1915 4391 ex
1953 4338 2209 4393 omnibus

2321 4351 2448 4421 μίαν
2482 4352 2542 4404 οὐ
2569 4351 2938 4420 καταδέχεται·
2976 4352 3103 4418 ὅσγε
3130 4351 3248 4402 οὐδὲ
3276 4349 3464 4420 χθιζὴν
3483 4351 3689 4420 τροφὴν
3726 4366 3889 4422 προσ-

645 4435 809 4488 rebns
834 4447 863 4485 a
897 4429 1009 4485 Deo
1046 4431 1244 4486 creatis
1272 4431 1326 4484 in
1372 4430 1476 4484 hoc
1518 4429 1744 4491 mundo,
1777 4440 2032 4482 aeternam
2066 4431 2214 4499 ejus-

2320 4442 2480 4506 ἱεται,
2521 4441 2630 4494 οὐδ’
2676 4442 2741 4494 ἂν
2775 4441 2843 4492 τὰ
2875 4439 3100 4508 λείψανα
3127 4441 3224 4508 τῆς
3246 4439 3437 4491 ἑαυτοῦ
3460 4441 3633 4509 Θήρας
3655 4439 3884 4492 ἐπέλθοι·

643 4525 767 4579 dem
796 4521 890 4577 Dei
918 4524 972 4593 in
1000 4521 1114 4574 haec
1139 4521 1398 4575 inferiora
1427 4520 1822 4588 providentiam
1861 4521 2214 4575 validissimis

2316 4525 2360 4599 ᾧ
2408 4532 2502 4585 καὶ
2548 4529 2850 4601 τηλικαῦτα
2899 4530 2998 4600 τῆς
3048 4530 3228 4600 φωνῆς
3273 4528 3342 4583 τὰ
3389 4528 3597 4598 ὄργανα
3641 4531 3674 4599 ἠ
3736 4533 3888 4599 φύσις

645 4597 952 4670 rationibus
981 4610 1300 4678 confirmat;
1328 4619 1382 4666 et
1403 4625 1522 4680 qua:
1548 4611 1638 4663 alii
1678 4611 1852 4679 longis
1901 4624 1963 4662 ac
1985 4610 2215 4663 divulsis

2319 4597 2772 4692 svéquav,‘&iots
2823 4597 2995 4673 πολλᾶ
3039 4597 3145 4673 τῶν
3183 4597 3356 4684 ζώων,
3394 4597 3799 4691 mmmam
3823 4623 3887 4692 τῇ

644 4704 935 4760 verborum
967 4702 1286 4766 structuris,
1317 4701 1403 4772 pie
1434 4711 1615 4755 tamen
1643 4708 2071 4771 pertractarunt,
2099 4700 2215 4768 ipse

2317 4716 2605 4783 ταχύτητι,
2646 4713 2791 4783 μόνῳ
2825 4712 3081 4775 πολλάκις
3113 4712 3426 4766 ἁλίσκεσθαι
3459 4711 3534 4783 τῷ
3558 4712 3883 4786 βρυχήματι.

641 4797 1027 4867 compendiosa
1072 4795 1307 4867 Quadam
1358 4806 1800 4866 argumentorum
1883 4805 1936 4850 et
1989 4794 2215 4848 demOH-
2323 4803 2532 4858 Similia
2564 4806 2818 4875 leguntur
2839 4803 2981 4874 apud
3007 4803 3176 4857 Eliam
3205 4803 3519 4860 Cretensem
3547 4807 3884 4876 episcopum,

640 4891 968 4945 strationum
1027 4889 1456 4952 enumeratione,
1516 4889 1795 4943 succincte
1856 4902 1920 4941 ac
1978 4887 2215 4942 breviter
2317 4904 2375 4951 ει
2397 4896 2618 4968 clycam
2653 4897 2748 4950 lib.
2776 4911 2793 4949 ι
2821 4895 3044 4957 AnnaL,
3075 4895 3245 4964 θυμός
3271 4896 3412 4965 apud
3431 4893 3651 4950 amcos
3681 4913 3783 4950 vox
3804 4903 3887 4951 est

639 4983 896 5051 explicat.
920 4980 1335 5051 Elegantissime
1351 4981 1455 5034 hoc
1473 4980 2215 5051 argumentumpertractavit
2321 4985 2659 5056 πολύσημος,
2702 4985 2932 5053 ideoque
2974 4985 3140 5037 variis
3180 4986 3721 5054 interpretationibus
3757 4985 3883 5040 sub-

639 5073 1020 5130 Theodoretus
1053 5073 1241 5131 decem
1269 5074 1638 5130 sermonibus.
1657 5073 1837 5139 Quare
1875 5073 2211 5142 superﬂuum
2313 5076 2479 5146 jecta,
2513 5078 2746 5130 maxime
2771 5076 2825 5130 in
2857 5076 2956 5129 bac
2979 5091 3038 5130 re
3059 5076 3127 5131 de
3159 5089 3268 5145 qua
3298 5077 3501 5146 agitur,
3525 5091 3716 5132 omnes
3741 5079 3880 5133 enim

639 5165 769 5220 mihi
791 5166 1002 5220 videtur
1032 5165 1120 5218 hic
1146 5166 1375 5220 aliorum
1411 5166 1723 5221 testimonia
1753 5165 1818 5218 ad
1855 5165 1995 5219 banc
2034 5167 2212 5222 nostri
2318 5169 2462 5222 leoni
2487 5169 2663 5238 aptari
2693 5182 2855 5236 posse
2882 5166 3153 5221 videntur.
3170 5167 3348 5235 Quare
3369 5170 3590 5238 quidam
3628 5167 3874 5237 furorem,

637 5259 878 5313 auctoris
907 5258 1232 5314 sententiam
1263 5260 1599 5328 probandam
1620 5259 1885 5314 inserere.
1905 5260 2210 5331 Adjungam
2316 5261 2406 5313 alii
2429 5261 2685 5322 animum,
2711 5260 2869 5322 iram,
2902 5259 3153 5327 furorem,
3177 5260 3397 5330 quidam
3427 5260 3615 5323 etiam,
3647 5262 3872 5314 animum

637 5359 819 5405 tamen
849 5352 939 5405 hic
970 5353 1247 5406 corollarii
1277 5353 1398 5407 loco
1426 5339 1590 5407 verba
1623 5353 1892 5407 Lactantii
1925 5353 2207 5418 Firmiani,
2315 5369 2642 5422 generosum.
2669 5349 2780 5420 Ego
2797 5353 3350 5420 potiusrracundiam,
3371 5367 3494 5405 cum
3517 5353 3870 5421 generositate

638 5443 718 5499 De
745 5445 888 5513 falsa
919 5444 1190 5514 religione,
1224 5459 1346 5515 cap.
1379 5445 1414 5499 2
1449 5464 1461 5501 :
1499 5443 1669 5499 Nemo
1703 5455 1779 5499 est
1810 5448 1947 5498 enim
1977 5457 2085 5500 tam
2119 5464 2209 5500 ru-
2313 5444 2598 5512 conjunxi,
2635 5452 2695 5496 ut
2728 5444 2836 5496 vim
2885 5442 3084 5498 Graecae
3120 5445 3289 5506 vocis,
3323 5453 3376 5498 et
3409 5444 3582 5496 leonis
3629 5453 3858 5497 naturam

635 5536 740 5601 dis,
768 5547 874 5590 tam
907 5537 1034 5606 [eris
1082 5537 1333 5604 moribus,
1357 5539 1483 5608 quin
1518 5539 1697 5592 oculos
1745 5555 1867 5592 suos
1912 5540 1966 5591 in
2022 5538 2208 5591 caelum
2316 5534 2523 5588 clarius
2565 5534 2916 5603 explicarem.
2965 5533 3163 5598 Horus,
3197 5534 3293 5588 lib.
3328 5549 3385 5597 tl,
3417 5547 3538 5602 cap.
3579 5536 3676 5600 l7,
3712 5531 3862 5600 Θυμον

637 5627 845 5691 tollens,
875 5629 1084 5682 tametsi
1115 5629 1312 5682 nesciat
1342 5630 1494 5698 cujus
1523 5629 1621 5685 Dei
1642 5629 1968 5699 providentia
1997 5641 2208 5700 regatur

2312 5627 2621 5698 βουλόμενοι
2649 5626 2882 5697 δηλῶσαι
2902 5626 3089 5679 λέοντα
3114 5625 3513 5696 ςι-ιγραφοῦσιν.
3540 5625 3646 5681 Sed
3669 5622 3858 5678 tlimcile

636 5717 733 5772 hoc
761 5734 930 5781 omne,
961 5719 1100 5789 quod
1125 5722 1378 5782 cernitur,
1405 5721 1639 5790 aliquam
1671 5731 1846 5774 tamen
1877 5737 1988 5774 esse
2010 5721 2206 5774 intelli-
2311 5728 2394 5774 est
2460 5734 2682 5772 causam
2736 5719 3116 5788 generositatis
3172 5719 3510 5788 potissimam
3585 5718 3855 5787 explicare.

637 5816 727 5878 gat
760 5823 826 5862 ex
854 5809 969 5878 ipsa
1001 5825 1172 5863 rerum
1220 5811 1600 5881 magnitudine,
1637 5822 1800 5878 motu,
1839 5812 2201 5880 dispositione,
2311 5810 2596 5875 Martialis,
2631 5810 2722 5865 lib.
2757 5826 2855 5876 xn,
2898 5810 3161 5880 epigram.
3193 5809 3260 5865 dc
3301 5808 3526 5880 Ligurra
3558 5826 3570 5858 :
