4042 6338
406 519 462 573 1η
505 531 686 576 tauros
711 519 895 588 Libyci
931 528 1088 571 ruunt
1118 519 1288 572 leones
1312 559 1326 580 ,

406 589 525 644 Non
564 602 687 654 sunt
719 590 1071 659 papilionibus
1102 590 1329 643 molesti.

182 702 471 758 Mattheus
505 702 773 764 Baderus,
806 717 970 770 quem
1021 714 1234 768 semper
1277 698 1622 758 eruditionis.
1656 698 1750 749 do-

181 795 393 857 ctrinae,
427 795 814 863 elegantiaeque
856 806 985 860 ergo
1014 791 1313 844 admiratus
1356 805 1496 850 sum.
1538 803 1752 857 qnmpie

182 885 458 938 monachii
491 884 917 936 familiarissime
951 898 1082 937 usus
1117 898 1259 942 sum.
1304 880 1432 932 dum
1467 880 1753 933 bibliothe-

179 990 304 1028 cam
361 973 657 1028 Palatinam
720 973 1092 1042 lleidellcrga,
1153 975 1382 1042 spolium
1447 972 1664 1031 fat-tam,
1699 978 1752 1024 et

183 1075 448 1134 trnp:cum
495 1069 718 1120 missam
768 1065 1031 1134 Gregorio
1057 1066 1271 1120 decimo
1299 1065 1492 1134 quinto
1516 1081 1542 1116 a
1581 1063 1750 1116 Mari--

178 1157 410 1221 miliano
451 1160 748 1226 utriusque
797 1157 1036 1211 Bavaria:
1089 1157 1228 1210 duce
1293 1158 1474 1224 (cujus
1530 1157 1756 1208 eximias

180 1248 376 1304 laudes
427 1259 480 1304 et
515 1251 762 1314 virtutes,
790 1252 1042 1320 pietatem
1097 1251 1148 1302 in
1196 1249 1385 1309 Deum,
1424 1249 1663 1299 animum
1699 1243 1751 1298 in

182 1341 504 1410 religionem
551 1343 874 1396 catholicam
908 1342 1212 1403 ardentem,
1247 1343 1299 1393 in
1331 1342 1582 1394 subditus
1617 1341 1753 1393 libe-

179 1432 375 1495 ralem,
401 1434 452 1486 in
481 1433 617 1487 alios
653 1449 996 1503 gencmsum,
1015 1446 1289 1486 austerum
1326 1433 1378 1484 in
1403 1434 1752 1501 semetipsum

179 1523 404 1577 silentio
457 1525 543 1577 hic
569 1537 848 1593 praetereo,
885 1525 1004 1576 aliis
1039 1522 1398 1588 σαλπιγκταῖς
1442 1537 1499 1572 τε
1535 1522 1627 1572 καὶ
1655 1521 1752 1590 κή-

181 1614 304 1684 ρυξι
344 1616 558 1684 pondus
610 1615 711 1669 hoc
753 1623 805 1668 ct
857 1614 1095 1668 laborem
1137 1612 1494 1681 relinquens),
1528 1611 1754 1664 llomam

180 1707 638 1760 transvehendam
694 1721 969 1767 curarem,
1004 1721 1167 1775 quam
1225 1706 1442 1758 tandem
1502 1703 1594 1758 Dei
1637 1719 1756 1757 mu-

177 1811 335 1858 nere.
383 1805 437 1850 et
483 1802 619 1849 tanti
661 1797 926 1865 principis
973 1797 1170 1866 gloria,
1199 1811 1320 1865 ope,
1360 1811 1425 1848 ac
1476 1794 1752 1848 beneﬁciis
1791 1853 1798 1858 _

178 1901 374 1939 sanam
413 1887 849 1955 incolumemque
884 1888 1178 1948 transvexi,
1237 1888 1479 1954 inquam,
1504 1883 1750 1938 l‘nadcrus
1784 1873 1824 1926 Β

176 1977 379 2032 ibidem
436 1979 564 2032 ait:
614 1977 717 2031 Leo
778 1979 1151 2046 γενναιότατον
1200 1976 1386 2047 θηρίον
1443 1993 1544 2028 non
1603 1981 1750 2028 swvit

178 2071 234 2123 in
267 2068 535 2132 bestiolas,
557 2081 604 2124 et
633 2072 857 2124 minores
887 2071 1051 2137 feras,
1087 2070 1354 2129 hinnulos,
1391 2068 1608 2136 lepores,
1653 2084 1748 2119 cu-

180 2162 408 2222 niculos,
437 2163 601 2215 multo
645 2162 817 2213 minus
858 2162 1174 2229 papiliones,
1219 2159 1309 2212 sed
1343 2160 1394 2211 in
1443 2169 1645 2222 tauros,
1677 2159 1754 2211 in-

176 2264 455 2325 gentesque
487 2256 686 2308 belluas
707 2297 721 2320 ,
754 2255 904 2323 cujus
949 2255 1228 2322 ingenii,et
1259 2252 1450 2306 indolis
1483 2253 1646 2320 fuisse
1675 2253 1750 2305 le-

174 2359 376 2419 guntur
422 2359 470 2401 et
514 2365 670 2401 canes
722 2347 862 2416 apud
915 2346 1173 2408 Plinium,
1210 2346 1301 2399 lib.
1339 2360 1457 2408 vm,
1503 2359 1624 2413 cap.
1655 2345 1746 2407 b0,

178 2442 330 2494 missi
363 2441 666 2493 Alexandro
699 2439 1070 2499 Macedonum,
1104 2446 1211 2491 etc.
1265 2438 1517 2491 Elianus
1566 2445 1749 2491 tamen

175 2533 252 2586 ita
283 2549 351 2586 ex
381 2534 485 2586 hac
515 2534 878 2601 generositate
912 2529 1084 2584 delabi
1115 2528 1302 2591 refert,
1339 2538 1397 2580 ut
1429 2535 1750 2581 assuescant

177 2623 537 2679 mansuefacti
566 2639 595 2676 a
625 2624 1004 2682 venatoribus,
1047 2621 1209 2674 veluti
1245 2635 1409 2673 canes
1441 2620 1506 2672 ad
1540 2634 1749 2672 venan-

173 2712 278 2768 dos
323 2713 600 2778 binnulos,
634 2729 816 2781 apros,
846 2727 1038 2766 cervos
1065 2721 1118 2766 et
1162 2714 1286 2772 alia,
1321 2711 1414 2764 lib.
1449 2725 1583 2772 xvu,
1626 2725 1746 2779 cap.

175 2803 267 2868 26,
310 2811 363 2858 et
414 2804 559 2856 hunc
600 2803 800 2856 AELani
854 2805 1031 2856 locum
1076 2804 1130 2856 in
1180 2804 1295 2856 suis
1355 2801 1652 2854 Comment.
1698 2801 1750 2852 in

177 2894 526 2959 Martialem;
553 2896 645 2948 lib.
671 2912 707 2958 ι,
727 2897 866 2964 epig.
892 2896 946 2956 9,
973 2895 1087 2964 ipse
1113 2892 1361 2947 Radcrus
1383 2895 1588 2956 retulit,
1613 2894 1674 2946 Εἰ
1695 2894 1751 2946 δὲ

175 2987 375 3042 ἁλῶναι
400 2986 694 3056 δυνηθεῖεν,
718 2987 1049 3056 πραῢνονταί
1065 3002 1147 3053 γε,
1167 2985 1278 3038 ἀλλ’
1299 2987 1396 3055 οὐχ
1419 2987 1464 3038 ot
1487 2986 1748 3055 μέγιστοι,

175 3081 269 3134 καὶ
297 3082 328 3151 ἡ
338 3097 401 3150 με
412 3078 626 3150 ροῦνταί
644 3095 726 3145 γε.
747 3079 837 3130 καὶ
867 3077 1104 3145 γίνονταί
1124 3094 1184 3144 γε
1208 3079 1377 3148 ῥᾷστα
1391 3076 1656 3139 τιθασσοὶ,
1677 3079 1750 3140 ὡς

177 3171 330 3239 ἆγειν
355 3187 414 3222 τε
437 3170 540 3222 ὑπὸ
565 3170 816 3240 ῥυτῆρος,
836 3169 1086 3221 καὶκατὰ
1105 3169 1454 3236 κυναγωγοὺς
1472 3169 1566 3220 ἐπὶ
1583 3168 1750 3239 θήραν

177 3263 444 3333 κεμάδων,
459 3263 552 3315 καὶ
565 3262 796 3329 ἐλάφων.
811 3261 903 3312 καὶ
917 3260 1077 3322 συῶν,
1098 3262 1189 3313 καὶ
1200 3260 1531 3331 ταύρων,κα“ι
1545 3260 1751 3330 ἀγρίων

175 3357 328 3409 δνων·
365 3358 470 3408 εἰσὶ
490 3356 598 3425 γὰρ
623 3357 714 3407 καὶ
739 3354 1111 3424 ῥινηλατῆσαι,
1140 3353 1215 3415 ὡς
1235 3353 1439 3416 ἀκούω,
1470 3354 1649 3406 δεινοί.
1689 3353 1752 3405 Ει

181 3448 394 3504 Marcus
415 3447 568 3500 Pauli
607 3447 862 3506 Venetus,
900 3447 992 3499 lib.
1020 3465 1054 3498 ιι
1074 3445 1149 3498 De
1177 3445 1413 3497 moribus
1439 3455 1488 3498 et
1515 3454 1747 3516 consul.

180 3540 384 3598 Orient.
449 3541 714 3610 regionum
769 3548 816 3590 et
865 3537 1236 3599 Turtarorum,
1267 3538 1336 3590 de
1371 3552 1566 3606 magno
1616 3536 1750 3590 liam

181 3637 344 3690 verba
377 3634 602 3694 faciens,
635 3632 824 3697 liabet,
852 3631 1062 3692 scribit,
1123 3645 1214 3682 rex
1249 3646 1344 3697 pro
1367 3645 1478 3682 sua
1512 3631 1746 3682 venatio.
1767 3611 1805 3705 _‘

181 3730 260 3781 nis
290 3727 482 3781 solatio
519 3724 796 3794 leopardos
823 3723 1013 3775 multos
1043 3721 1378 3784 domesticos,
1403 3724 1492 3792 qui
1524 3739 1641 3774 cum
1667 3722 1755 3775 ho-

181 3819 406 3873 minibus
449 3816 516 3871 ad
560 3817 880 3871 venationem
931 3813 1127 3867 assueti
1179 3823 1320 3877 sunt,
1357 3823 1406 3866 et
1454 3829 1548 3882 pro
1597 3815 1751 3882 hujus

179 3913 450 3965 venatione
482 3910 682 3978 optimi,
717 3908 1008 3976 multasque
1047 3905 1238 3959 bestias
1265 3907 1499 3973 capiunt.
1542 3907 1750 3960 Simili-

181 4015 255 4056 ter
287 4002 481 4056 linceos
534 4001 685 4054 habet
742 3999 811 4052 ad
870 3999 1158 4052 venandum
1220 3999 1528 4053 industrios.
1582 3998 1751 4052 liabet

179 4097 336 4150 etiam
368 4095 538 4148 leones
585 4093 846 4145 maximos
877 4101 924 4144 et
951 4090 1348 4158 pulcherrimos,
1387 4090 1611 4158 maiores
1643 4090 1754 4143 illis

178 4188 264 4254 qui
295 4189 350 4240 in
395 4185 692 4254 Babylonia
721 4195 865 4247 sunt,
892 4185 982 4253 qui
1010 4183 1062 4235 in
1095 4184 1201 4249 pilo
1255 4183 1469 4250 pellium
1525 4183 1749 4252 ungulas

179 4280 366 4333 habent
402 4294 494 4348 per
537 4278 746 4347 longum
782 4277 975 4331 coloris
1004 4276 1161 4337 varii,
1193 4276 1328 4344 nigri
1353 4285 1400 4328 et
1434 4274 1600 4326 rubri.
1646 4273 1750 4340 Qui

177 4373 337 4425 etiam
370 4370 514 4424 docti
560 4381 680 4424 sunt
733 4387 852 4422 cum
898 4368 1192 4420 hominibus
1246 4367 1446 4429 venari,
1484 4375 1532 4420 et
1567 4382 1746 4433 apros,

177 4470 349 4524 ursos,
383 4478 580 4522 cervos,
635 4476 846 4529 capras,
895 4476 1143 4528 onagros,
1188 4458 1439 4526 bovesque
1483 4458 1748 4510 silvestres

1282 398 1348 453 IN
1393 399 1762 457 ECSTATHII
1807 396 2280 455 HEXAEMERON
2308 391 2539 452 ΝΟΤΕ.

1779 524 1821 580 Α
1853 515 2104 586 σώματος
2134 516 2292 590 ῥώμῃ
2314 516 2640 588 θαρροῦντος
2655 517 2842 586 ἄμφω,
2869 513 2986 571 εἶτα
2999 519 3060 570 οὗ
3081 517 3250 571 δεῖται
3267 517 3425 572 θατέ-

1855 623 1948 674 ρου
1965 609 1992 658 ό
2008 607 2211 676 ἕτερος,
2231 606 2306 669 ὣς
2322 623 2486 674 φασιν
2501 607 2547 658 οἱ
2571 607 2945 679 πρεσϐύτεροι.
2958 606 3190 667 Plinius.
3205 608 3424 670 lime,

1852 714 1970 766 cap.
1998 699 2084 760 lli,
2121 700 2257 755 alias
2287 699 2452 768 hujus
2483 700 2557 752 rei
2582 715 2777 754 causas
2793 702 2983 756 all'ert:
3011 700 3347 755 Generositas
3369 702 3425 754 in

1852 790 2097 857 periculis
2130 790 2358 843 maxime
2379 789 2783 857 deprehenditur
2813 807 2828 841 :
2855 809 2955 846 non
2988 794 3042 845 in
3059 793 3160 845 illo
3191 802 3428 845 tantum-

1861 880 2038 943 modo,
2082 881 2218 950 quod
2253 898 2498 950 spernens
2525 884 2626 936 tela
2661 882 2753 935 diu
2781 901 2834 937 se
2862 896 3056 937 terrore
3083 885 3196 938 solo
3227 894 3424 945 tuetur,

1857 991 1919 1026 ac
1961 974 2104 1027 velut
2135 976 2250 1043 cogi
2285 984 2508 1028 testatur
2537 976 2907 1044 :cooriturque
2929 994 3030 1030 non
3067 986 3316 1046 tanquam
3345 991 3431 1046 pe-

1855 1067 2024 1119 riculo
2046 1077 2280 1127 coactus,
2306 1069 2393 1120 sed
2427 1077 2676 1136 tanquam
2707 1069 2950 1120 amentia:
2971 1069 3160 1120 iratus.
3196 1066 3304 1120 Illa
3334 1084 3430 1120 no-

1856 1155 2013 1208 bilior
2067 1157 2233 1209 animi
2277 1158 2618 1225 signiﬁcatio,
2672 1157 2958 1226 quamlibet
2999 1173 3191 1225 magna
3237 1172 3431 1209 canunt

1853 1259 1902 1302 et
1964 1259 2268 1302 venantium
2313 1259 2525 1317 urgente
2576 1250 2646 1309 ri,
2681 1249 3037 1312 contemptim,
3081 1249 3432 1318 restitansquc

1856 1341 2001 1394 cedit
2036 1342 2088 1392 in
2123 1341 2322 1406 campis
2346 1350 2392 1392 et
2441 1340 2526 1391 ubi
2565 1342 2788 1404 spectari
2819 1349 3005 1407 potest.
3035 1337 3181 1393 Idem
3215 1325 3303 1392 ubi
3326 1356 3432 1392 tir-

1859 1435 2008 1502 gulta
2057 1432 2327 1500 silvasque
2365 1442 2671 1499 penetravit,
2721 1433 2978 1485 acerrimo
3027 1447 3183 1483 cursu
3239 1431 3427 1499 fertur,

1858 1526 1994 1580 velut
2045 1525 2392 1579 abscondente
2428 1526 2799 1592 turpitudinem
2844 1527 2976 1578 loco.
3008 1522 3205 1578 Noster
3237 1532 3429 1578 auctor

1855 1617 2122 1686 quasdam
2173 1631 2239 1669 ex
2295 1616 2382 1670 his
2435 1617 2647 1684 attigit,
2684 1618 2820 1672 alias
2875 1617 3142 1684 adjunxit,
3177 1615 3307 1669 dum
3352 1614 3428 1668 illi

1859 1708 2213 1762 solitudinem
2259 1717 2312 1762 et
2354 1721 2631 1762 recessum
2679 1709 2874 1770 amica,
2915 1715 2968 1762 et
2995 1709 3149 1763 cibos
3172 1713 3429 1763 externos

1853 1799 2206 1869 dedignando
2243 1815 2414 1854 novos
2441 1813 2728 1868 capessere
2759 1799 3004 1854 allirmat.

1929 1892 2088 1955 lbid.,
2139 1893 2236 1945 lin.
2267 1892 2356 1945 b9.
2409 1891 2561 1945 Οὐδὲ
2611 1892 2818 1959 χθιζὴν
2875 1892 3120 1960 τροφήν.
3177 1890 3430 1946 Ειίιιηυδ

1851 1980 1927 2034 De
1968 1980 2092 2033 hist.
2125 1980 2369 2046 animal.,
2405 1981 2497 2033 lib.
2534 1997 2586 2043 ν,
2619 1996 2738 2050 cap.
2779 1981 2867 2046 39,
2901 1981 3064 2049 hujus
3099 1981 3176 2034 rei
3209 1996 3427 2034 causam

1850 2082 1903 2126 et
1938 2073 2160 2126 modum
2189 2081 2396 2138 narrat,
2418 2089 2521 2128 nec
2553 2074 2605 2126 in
2637 2074 2892 2126 omnibus
2925 2088 3109 2126 verum
3139 2089 3260 2126 esse
3291 2074 3424 2125 Vult.

1853 2166 2020 2218 Ὅταν
2047 2165 2104 2217 δὲ
2134 2165 2214 2227 είς
2247 2165 2405 2234 κόρον
2447 2164 2756 2236 ἐμπλησθῇ,
2799 2164 3043 2234 βούλεται
3080 2165 3176 2234 μὲν
3204 2164 3430 2234 ταμιεύ-

1853 2253 2046 2307 σασθαι
2077 2255 2170 2306 καὶ
2227 2253 2470 2316 εἰσαῦθις
2503 2253 2663 2316 αίδὼς
2702 2255 2757 2306 δὲ
2811 2255 2950 2323 ἴσχει
2983 2256 3142 2308 αὑτὸν
3173 2259 3429 2326 φρουρεῖν

1852 2345 2255 2416 παραμένοντα,
2279 2346 2354 2408 ὼς
2384 2347 2589 2416 τροφῆς
2613 2347 2766 2414 γήτει
2794 2345 2949 2414 λιμὸν
2968 2346 3201 2398 δεδιότα,
3220 2346 3427 2399 Οὐκοῦν

1851 2436 2156 2506 περιχανὼν
2187 2439 2380 2505 ἐμπνεί
2415 2437 2510 2505 μὲν
2555 2435 2646 2487 τοῦ
2681 2435 2799 2488 καθ’
2829 2436 2989 2487 αὑτὸν
3016 2435 3308 2504 ἄσθματος,
3333 2435 3430 2489 καὶ

1851 2526 2022 2596 τούτῳ
2053 2527 2150 2597 τὴν
2178 2525 2422 2596 φυλακὴν
2464 2527 2764 2596 ὲπιτρέπιι,
2794 2525 3191 2578 ἀπαλλάττεταί
3226 2541 3287 2592 γε
3322 2527 3429 2594 μὴν

1851 2617 2032 2678 αὑτός.
2062 2617 2140 2668 Τά
2179 2618 2234 2669 δὲ
2270 2617 2403 2669 ἄλλα
2434 2615 2545 2678 ζῶα
2583 2618 2804 2686 ἥκοντα,
2842 2619 2936 2668 καὶ
2977 2615 3270 2686 αἰσθόμενα
3297 2616 3428 2668 ὅπου

1850 2707 2096 2776 λείψανον
2128 2711 2242 2760 ἐστι
2268 2708 2328 2760 τὸ
2359 2707 2626 2775 κείμενον,
2654 2708 2714 2758 οὐ
2749 2705 2987 2775 τολμῶσι
3021 2705 3428 2776 προσάψασθαι,

1853 2799 1964 2850 ἀλλ’
1995 2799 2393 2851 ἀπαλλάττεται
2426 2797 2628 2851 δεδιότα
2661 2785 2834 2851 δοκεῖν
2865 2799 3048 2868 συλᾷν,
3089 2798 3183 2850 κα)⁸
3208 2800 3432 2868 περικό-

1855 2907 2008 2943 πτειν
2048 2908 2100 2942 τι
2128 2889 2221 2943 τοῦ
2268 2891 2527 2961 σφετέρου
2563 2890 2839 2960 βασιλέως.
2877 2889 2977 2943 Τὸν
3011 2892 3066 2944 δὲ
3097 2891 3224 2961 ἄρα,
3249 2894 3297 2943 εἰ
3333 2891 3432 2962 μὲν

1854 2983 2080 3055 εὐθηρία
2113 2985 2319 3052 γένοιτο
2353 2986 2445 3037 καὶ
2480 2984 2690 3052 ἑτέρου,
2742 2985 2834 3036 καὶ
2875 2986 3122 3054 εὑερμία.
3154 2985 3291 3054 λήθη
3337 2984 3431 3037 τοῦ

1857 3076 2071 3148 πρώτου
2101 3077 2384 3148 λαμϐάνει,
2412 3079 2505 3130 καὶ
2538 3078 2612 3140 ὼς
2640 3077 2803 3129 ἕωλον
2829 3077 3121 3145 ἀτιμάσας,
3155 3077 3432 3133 ἀπαλλάτο

1853 3188 2025 3232 τεται,
2053 3173 2098 3222 εἰ
2125 3170 2181 3223 δὲ
2213 3169 2285 3240 μὴ
2310 3171 2384 3231 ὡς
2417 3170 2502 3221 ἐπ’
2531 3171 2725 3221 οίκείον
2757 3168 3105 3241 θησαύρισμα
3131 3171 3436 3242 παραγένε-

1853 3281 1960 3317 ται.
1997 3263 2190 3318 Eadem
2228 3264 2386 3316 habet
2418 3260 2569 3316 Phile
2602 3263 2657 3316 in
2689 3262 2909 3326 lambis,
2943 3264 3217 3332 quomodo
3250 3272 3430 3318 autem

1853 3362 2107 3410 vescatur
2146 3353 2406 3406 carnibus
2450 3361 2504 3405 et
2553 3352 2677 3406 cibo
2725 3358 2908 3405 utatur
2970 3353 3281 3414 immodico.
3314 3354 3432 3408 ine-

1853 3446 2107 3513 diamque
2153 3449 2406 3513 patiatur,
2447 3443 2638 3498 scribit
2683 3443 3021 3508 Aristotcles,
3074 3443 3147 3497 De
3205 3445 3428 3498 historia

1851 3537 2039 3598 anim,
2067 3535 2160 3590 lib.
2196 3551 2312 3598 vm,
2349 3550 2465 3603 cap.
2490 3534 2542 3587 5.
3233 3543 3235 3552 '

1921 3625 2057 3681 Ibid.
2122 3627 2217 3681 lin.
2280 3626 2367 3681 30.
2427 3624 2661 3688 Ὀξεῖαν
2712 3624 2764 3677 δ’
2821 3626 3087 3692 ἕχειτὴν
3117 3626 3429 3693 ατσθησιν.

1853 3718 2127 3784 ιΕΙὶλιιυε,
2161 3721 2257 3774 lib.
2291 3736 2428 3782 xvu.
2481 3735 2602 3791 cap.
2633 3719 2724 3784 26,
2751 3720 2871 3772 Εἰσὶ
2896 3719 3002 3790 γὰρ
3033 3718 3107 3780 ὼς
3130 3716 3310 3769 ἀκούω
3339 3718 3432 3771 καὶ

1855 3811 2208 3884 ῥὶνηλατῆσαι
2238 3811 2420 3865 δεινοί.

1926 3901 2085 3968 lbid.,
2144 3904 2236 3955 lin.
2296 3903 2384 3958 52.
2440 3902 2520 3956 Τὰ
2566 3905 2704 3972 ἴχνη
2735 3901 2807 3969 τῇ
2836 3904 3012 3969 σέϐῃ.
3038 3900 3314 3963 Ᾰὲιὶαηιιε,
3353 3897 3433 3952 De

1851 3996 2040 4050 histor.
2076 3993 2320 4055 animal.,
2365 3995 2457 4048 lib.
2493 4011 2570 4058 ix,
2609 4010 2731 4064 cap.
2766 3993 2854 4056 30,
2898 3995 3045 4046 Λέων
3076 3993 3130 4044 δὲ
3166 3993 3291 4044 ὅταν
3334 3991 3431 4062 βα-

1849 4084 1970 4157 δίζῃ
2000 4085 2099 4137 οὐκ
2126 4083 2398 4153 εὐθύωρον
2436 4085 2702 4154 πρόεισιν,
2733 4083 2852 4136 οὐδὲ
2886 4085 2949 4152 ἐᾷ
2981 4082 3088 4134 τῶν
3118 4080 3277 4152 ἰχνῶν
3306 4080 3432 4133 ἑαυ-

1850 4175 1942 4228 τοῦ
1971 4174 2119 4228 ἁπλᾶ
2145 4171 2283 4228 εἶναι
2313 4175 2405 4227 καὶ
2430 4176 2498 4228 τά
2535 4174 2850 4244 ἰνδάλματα,
2884 4174 3019 4226 ἀ).λά
3060 4174 3135 4243 τιὴ
3165 4175 3262 4243 μὲν
3294 4173 3430 4245 πρό-

1851 4284 1978 4330 εισι,
2009 4266 2084 4337 ni}
2106 4266 2161 4318 δὲ
2193 4268 2458 4329 ἐπάνεισι,
2492 4269 2584 4320 καὶ
2609 4264 2674 4320 αὖ
2705 4268 2866 4321 πάλιν
2896 4266 2988 4320 τοῦ
3020 4268 3205 4338 πρόσω
3227 4267 3428 4336 ἔχεται,

1852 4363 1945 4413 καὶ
1984 4361 2163 4431 μέντοι
2195 4361 2288 4412 καὶ
2318 4360 2452 4412 ἵεται
2500 4359 2826 4429 τοῦμπαλιν.
2859 4356 2994 4412 Εἶτα
3033 4362 3310 4430 προχωρεῖ
3331 4360 3432 4430 τὴν

1851 4452 1986 4515 ὁδὸν,
2018 4453 2111 4504 καὶ
2165 4449 2415 4520 ἀφανίζει
2445 4454 2553 4514 τοῖς
2592 4451 2853 4522 θηραταῖς
2890 4453 3023 4504 ίέναι
3058 4452 3198 4504 κατά
3229 4449 3430 4514 στίϐον,

178 4573 292 4609 cum
347 4553 682 4608 venatoribus
739 4571 941 4623 capere.
1009 4551 1232 4617 Quando
1294 4551 1428 4618 regis
1483 4559 1750 4602 venatores

1855 4546 1951 4616 τὴν
1987 4544 2198 4609 ἑαυτοῦ,
2223 4545 2314 4597 καὶ
2340 4545 2534 4616 ῥαδίως
2558 4544 2654 4615 τὴν
2685 4545 2872 4616 κοίτην
2902 4544 3032 4597 ἔνθα
3071 4544 3428 4607 ἀναπαύεται,

179 4650 347 4702 leones
387 4647 566 4700 volunt
595 4662 768 4700 secum
816 4646 885 4698 ad
921 4647 1244 4698 venationem
1273 4643 1478 4703 ducere.
1524 4645 1654 4694 duos
1683 4657 1746 4694 ea:

177 4743 246 4794 eis
273 4742 326 4792 in
362 4740 539 4792 calvea
588 4739 805 4801 ducunt,
837 4755 1059 4808 quarunt
1098 4737 1313 4807 quilibet
1352 4737 1566 4788 comites
1596 4735 1747 4789 habet

178 4834 383 4903 aquilas
409 4832 602 4884 multas
633 4831 1102 4900 domesticas,qu(o
1127 4831 1254 4881 adeo
1294 4829 1488 4895 feroces
1513 4838 1654 4888 sunt,
1691 4838 1746 4879 ut

179 4927 400 4993 lepores,
425 4940 636 4991 capras,
663 4922 933 4989 damulas,
966 4923 1141 4990 vulpes
1177 4923 1388 4986 capiant
1419 4939 1435 4971 .·
1468 4919 1596 4971 intes
1616 4935 1746 4987 quas

180 5025 339 5069 tanta:
374 5014 618 5066 audacia:
661 5015 910 5081 plurima:
944 5027 1087 5075 sunt,
1125 5022 1180 5063 ut
1221 5026 1410 5078 magno
1447 5010 1637 5076 impetu
1696 5011 1749 5062 in

200 5124 327 5176 upos
358 5107 623 5170 insiliant,
660 5121 750 5158 nec
777 5104 842 5156 ab
871 5107 944 5158 eis
977 5123 1030 5158 se
1056 5105 1258 5172 possint
1294 5104 1401 5170 lupi
1451 5103 1745 5169 defendent,

179 5202 337 5255 donec
367 5199 671 5267 capiantur.
719 5195 960 5251 Leonum
996 5200 1176 5266 itaque
1211 5195 1594 5266 generositatis
1626 5209 1750 5248 cau-

185 5305 293 5344 sam
317 5292 383 5343 ad
411 5288 557 5342 aliud
595 5300 757 5358 caput
798 5290 1018 5343 videtur
1057 5289 1261 5342 referre
1295 5287 1434 5340 idem
1472 5284 1747 5346 AEIiauus,

183 5383 273 5437 lib.
314 5395 531 5448 iv,cap.
571 5378 660 5431 Q5.
685 5377 840 5442 Quod
883 5394 990 5431 non
1022 5378 1184 5433 simul
1217 5379 1317 5442 leo,
1341 5387 1393 5430 et
1425 5377 1610 5440 leaena,
1654 5375 1750 5429 sed

183 5471 407 5526 seorsim
463 5470 530 5522 ad
582 5470 926 5522 venationem
984 5477 1049 5524 ct-
1088 5479 1274 5538 potum
1333 5470 1548 5531 abeant,
1603 5468 1746 5537 quod

182 5564 294 5619 suis
329 5571 560 5631 uterque
610 5562 817 5616 viribus
858 5561 1123 5627 conlisus,
1174 5563 1400 5616 alterius
1429 5576 1586 5630 Opem
1640 5577 1748 5614 non

181 5656 469 5712 desideret.
513 5655 678 5708 Λύκω
711 5655 977 5724 συννόμω,
1014 5656 1105 5707 καὶ
1138 5655 1306 5718 ἵππω,
1337 5655 1516 5707 λέοντέ
1546 5671 1608 5722 γε
1645 5653 1749 5724 μὴν

182 5748 276 5800 οὐκ
296 5749 469 5802 ἱστόν.
501 5747 703 5800 Λέαινα
727 5747 836 5817 γὰρ
863 5748 956 5798 καὶ
976 5746 1110 5798 λέων
1128 5745 1251 5799 οὔτε
1277 5748 1374 5816 τὴν
1395 5746 1562 5816 αὐτὴν
1587 5747 1748 5806 ἴασιν,

184 5835 301 5892 οὔτε
334 5840 428 5892 ἰπὶ
463 5837 655 5911 θήρας,
687 5837 808 5892 οὔτε
843 5838 1106 5909 πιόμενοι.
1151 5837 1222 5892 Τὸ
1263 5839 1316 5894 δὲ
1356 5839 1525 5893 αἴτιον
1561 5840 1624 5907 τῇ
1658 5837 1746 5890 τοῦ

1849 4639 1942 4689 καὶ
1994 4638 2133 4690 οίκεϊ
2181 4639 2276 4690 σὺν
2326 4639 2438 4699 τοῖς
2487 4637 2746 4706 σκύμνοις
2787 4637 3080 4707 εὑρίσκειν.
3117 4634 3185 4690 Et
3238 4633 3432 4690 Petrus

1851 4726 2173 4790 Damianus,
2210 4729 2304 4780 lib.
2348 4743 2406 4789 Il,
2441 4727 2603 4796 epist.
2636 4727 2722 4789 18,
2761 4725 2862 4780 Leo
2892 4744 3008 4780 cum
3039 4744 3070 4778 a
3097 4725 3430 4780 venatoribus

1848 4819 2123 4885 quairitur,
2158 4833 2338 4870 eorum
2367 4818 2605 4884 protinus
2665 4815 2822 4869 odore
2875 4826 3117 4884 concepto
3165 4827 3221 4867 ut
3255 4831 3431 4886 perse-

1847 4911 2112 4979 quentium
2159 4926 2213 4963 se
2256 4909 2470 4961 deludat
2500 4909 2818 4977 indaginem,
2855 4919 3074 4962 versuta:
3099 4908 3254 4961 struit
3283 4906 3433 4976 frau-

1848 5004 2100 5056 dulentite
2163 5006 2468 5056 novitatem.
2536 5001 2778 5055 Caudam
2843 5004 3027 5070 quippe
3092 5015 3182 5067 per
3235 5009 3430 5053 terram

1853 5096 2064 5149 trahens
2115 5098 2336 5165 vestigia
2375 5113 2473 5150 sua
2509 5096 2633 5148 dum
2666 5095 2908 5166 graditur
2939 5095 3122 5162 operit,
3149 5095 3324 5162 sicque
3347 5110 3430 5146 ve-

1853 5191 2092 5242 nantium
2122 5191 2334 5259 laqueos
2367 5209 2429 5244 ne
2459 5193 2702 5258 capiatur
2727 5189 2914 5242 evadit.

1922 5281 2081 5346 lbid.,
2117 5284 2209 5335 lin.
2246 5283 2331 5337 54.
2368 5284 2565 5352 Πηρὸς
2607 5283 2674 5336 δὲ
2702 5281 2885 5334 αὐτοῦ
2915 5284 2966 5332 ό.
3001 5278 3235 5332 Leonem
3271 5277 3421 5332 nasci

1850 5376 2027 5428 oculis
2068 5374 2268 5442 apertis
2304 5373 2642 5428 Democritus
2699 5373 2898 5436 aiebat,
2943 5380 3202 5437 tanquam
3239 5367 3424 5420 statim

1851 5483 1881 5520 a
1911 5477 2068 5536 partu
2101 5466 2443 5520 iracundum.
2482 5465 2752 5524 lElianus,
2793 5462 2885 5514 lib.
2919 5458 3229 5529 v,cap.59:
3262 5457 3424 5524 Λέγει

1852 5559 2189 5628 Δημόκριτος
2223 5556 2330 5607 τῶν
2381 5555 2534 5619 ζώων
2589 5556 2746 5623 μόνον
2789 5553 2878 5604 τὸν
2932 5551 3116 5602 λέοντα
3148 5549 3427 5599 ἐκπεπτω-

1854 5651 2033 5720 μένοις
2085 5646 2361 5702 τίκτεσθαι
2403 5651 2514 5709 τοῖς
2563 5645 2879 5714 ὀρθαλμοίς,
2909 5641 3010 5712 ἤδη
3057 5640 3255 5709 τρόπον
3305 5638 3426 5691 τινὰ

1849 5741 2255 5811 τεθυμωμένον,
2291 5740 2384 5792 καὶ
2417 5737 2475 5802 ἐξ
2517 5737 2718 5790 ὠδίνων
2745 5732 3061 5802 δρασείοντά
3089 5748 3140 5782 τι
3175 5730 3420 5796 μανικόν.

1852 5832 1971 5904 Ipse
2016 5842 2216 5899 tamen,
2251 5845 2370 5901 cap.
2402 5828 2491 5893 24,
2532 5830 2593 5881 0t
2625 5826 2677 5879 δὲ
2712 5825 2934 5894 σκύμνοι
2976 5822 3306 5892 ἀρτιγεννείς
3333 5836 3422 5891 μισ
