  <div class='ocr_page' id='page_1' title='image "/cluster/home/n/w/nwhite01/storage/ocr_20150623/18/pst.000005712038/481.png"; bbox 0 0 4042 6338; ppageno 0'>
   <div class='ocr_carea' id='block_1_1' title="bbox 611 346 716 400">
    <p class='ocr_par' dir='ltr' id='par_1_1' title="bbox 611 346 716 400">
     <span class='ocr_line' id='line_1_1' title="bbox 611 346 716 400; baseline -0.01 0"><span class='ocrx_word' id='word_1_1' title='bbox 611 346 716 400; x_wconf 71' lang='lat'><strong>0:27</strong></span> 
     </span>
    </p>
   </div>
   <div class='ocr_carea' id='block_1_2' title="bbox 614 464 1954 535">
    <p class='ocr_par' dir='ltr' id='par_1_2' title="bbox 614 464 1954 535">
     <span class='ocr_line' id='line_1_2' title="bbox 614 464 1954 535; baseline 0.002 -17"><span class='ocrx_word' id='word_1_2' title='bbox 614 481 740 535; x_wconf 78' lang='grc' dir='ltr'>κροι</span> <span class='ocrx_word' id='word_1_3' title='bbox 775 465 836 518; x_wconf 80' lang='grc' dir='ltr'>τι</span> <span class='ocrx_word' id='word_1_4' title='bbox 866 466 972 518; x_wconf 74' lang='grc' dir='ltr'>εισι</span> <span class='ocrx_word' id='word_1_5' title='bbox 1008 466 1102 519; x_wconf 81' lang='grc' dir='ltr'>καὶ</span> <span class='ocrx_word' id='word_1_6' title='bbox 1133 464 1346 534; x_wconf 74' lang='grc' dir='ltr'>τυφλοῖ,</span> <span class='ocrx_word' id='word_1_7' title='bbox 1382 472 1439 520; x_wconf 88' lang='lat' dir='ltr'><strong>et</strong></span> <span class='ocrx_word' id='word_1_8' title='bbox 1470 464 1645 530; x_wconf 84' lang='lat' dir='ltr'><strong>Phile,</strong></span> <span class='ocrx_word' id='word_1_9' title='bbox 1677 467 1731 520; x_wconf 91' lang='lat' dir='ltr'><strong>in</strong></span> <span class='ocrx_word' id='word_1_10' title='bbox 1759 467 1954 521; x_wconf 83' lang='lat' dir='ltr'><strong>iambis</strong></span> 
     </span>
    </p>
   </div>
   <div class='ocr_carea' id='block_1_3' title="bbox 687 575 1930 658">
    <p class='ocr_par' dir='ltr' id='par_1_3' title="bbox 687 575 1930 658">
     <span class='ocr_line' id='line_1_3' title="bbox 687 575 1930 658; baseline 0 0"><span class='ocrx_word' id='word_1_11' title='bbox 687 576 869 658; x_wconf 59' lang='grc' dir='ltr'><strong>ὲυρῖῖ</strong></span> <span class='ocrx_word' id='word_1_12' title='bbox 897 576 965 658; x_wconf 64' lang='grc' dir='ltr'>ἔέ</span> <span class='ocrx_word' id='word_1_13' title='bbox 983 575 1298 658; x_wconf 64' lang='grc' dir='ltr'><strong>μηνίειν.τά</strong></span> <span class='ocrx_word' id='word_1_14' title='bbox 1327 577 1535 658; x_wconf 63' lang='grc' dir='ltr'><strong>βρέφη</strong></span> <span class='ocrx_word' id='word_1_15' title='bbox 1564 579 1930 658; x_wconf 46' lang='lat' dir='ltr'><strong>“Mazaei,</strong></span> 
     </span>
    </p>
   </div>
   <div class='ocr_carea' id='block_1_4' title="bbox 689 647 1983 717">
    <p class='ocr_par' dir='ltr' id='par_1_4' title="bbox 689 647 1983 717">
     <span class='ocr_line' id='line_1_4' title="bbox 689 647 1983 717; baseline 0 -18"><span class='ocrx_word' id='word_1_16' title='bbox 689 647 956 717; x_wconf 71' lang='grc' dir='ltr'>Σκύλαξι</span> <span class='ocrx_word' id='word_1_17' title='bbox 999 649 1261 717; x_wconf 9' lang='grc' dir='ltr'><strong>,τυφλοῖς</strong></span> <span class='ocrx_word' id='word_1_18' title='bbox 1314 647 1558 717; x_wconf 72' lang='grc' dir='ltr'><strong>ἐμφερῆ,</strong></span> <span class='ocrx_word' id='word_1_19' title='bbox 1590 649 1684 700; x_wconf 75' lang='grc' dir='ltr'>καὶ</span> <span class='ocrx_word' id='word_1_20' title='bbox 1712 650 1983 716; x_wconf 80' lang='grc' dir='ltr'><strong>μετρίως,</strong></span> 
     </span>
    </p>
   </div>
   <div class='ocr_carea' id='block_1_5' title="bbox 685 716 1964 787">
    <p class='ocr_par' dir='ltr' id='par_1_5' title="bbox 685 716 1964 787">
     <span class='ocr_line' id='line_1_5' title="bbox 685 716 1964 787; baseline 0.002 -19"><span class='ocrx_word' id='word_1_21' title='bbox 685 716 1054 782; x_wconf 70' lang='grc' dir='ltr'><strong>Καὶ,λευκὸν</strong></span> <span class='ocrx_word' id='word_1_22' title='bbox 1087 716 1466 785; x_wconf 25' lang='grc' dir='ltr'><strong>ἐμπίπτω-ταί</strong></span> <span class='ocrx_word' id='word_1_23' title='bbox 1484 720 1766 786; x_wconf 83' lang='grc' dir='ltr'><strong>μαστεύει</strong></span> <span class='ocrx_word' id='word_1_24' title='bbox 1791 719 1964 787; x_wconf 70' lang='grc' dir='ltr'>γάλα.</span> 
     </span>
    </p>
   </div>
   <div class='ocr_carea' id='block_1_6' title="bbox 619 827 2194 901">
    <p class='ocr_par' dir='ltr' id='par_1_6' title="bbox 619 827 2194 901">
     <span class='ocr_line' id='line_1_6' title="bbox 619 827 2194 901; baseline 0.003 -20"><span class='ocrx_word' id='word_1_25' title='bbox 619 827 686 881; x_wconf 78' lang='lat' dir='ltr'><strong>Et</strong></span> <span class='ocrx_word' id='word_1_26' title='bbox 714 828 979 885; x_wconf 79' lang='lat' dir='ltr'><strong>ridiculus</strong></span> <span class='ocrx_word' id='word_1_27' title='bbox 1011 845 1144 886; x_wconf 91' lang='lat' dir='ltr'><strong>sane</strong></span> <span class='ocrx_word' id='word_1_28' title='bbox 1198 831 1412 886; x_wconf 87' lang='lat' dir='ltr'><strong>censeri</strong></span> <span class='ocrx_word' id='word_1_29' title='bbox 1453 830 1696 897; x_wconf 78' lang='lat' dir='ltr'><strong>deberet,</strong></span> <span class='ocrx_word' id='word_1_30' title='bbox 1733 832 1778 888; x_wconf 85' lang='lat' dir='ltr'><strong>si</strong></span> <span class='ocrx_word' id='word_1_31' title='bbox 1809 832 1932 901; x_wconf 87' lang='lat' dir='ltr'><strong>quis</strong></span> <span class='ocrx_word' id='word_1_32' title='bbox 1963 845 2063 901; x_wconf 89' lang='lat' dir='ltr'><strong>pro</strong></span> <span class='ocrx_word' id='word_1_33' title='bbox 2091 829 2194 885; x_wconf 86' lang='lat' dir='ltr'><strong>De-</strong></span> 
     </span>
    </p>
   </div>
   <div class='ocr_carea' id='block_1_7' title="bbox 621 919 2191 982">
    <p class='ocr_par' dir='ltr' id='par_1_7' title="bbox 621 919 2191 982">
     <span class='ocr_line' id='line_1_7' title="bbox 621 919 2191 982; baseline 0.003 -11"><span class='ocrx_word' id='word_1_34' title='bbox 621 919 878 982; x_wconf 86' lang='lat' dir='ltr'><strong>mocrito,</strong></span> <span class='ocrx_word' id='word_1_35' title='bbox 909 919 1115 975; x_wconf 86' lang='lat' dir='ltr'><strong>diceret</strong></span> <span class='ocrx_word' id='word_1_36' title='bbox 1145 936 1270 976; x_wconf 89' lang='lat' dir='ltr'><strong>eum</strong></span> <span class='ocrx_word' id='word_1_37' title='bbox 1303 936 1411 975; x_wconf 92' lang='lat' dir='ltr'><strong>non</strong></span> <span class='ocrx_word' id='word_1_38' title='bbox 1455 921 1576 977; x_wconf 88' lang='lat' dir='ltr'><strong>ideo</strong></span> <span class='ocrx_word' id='word_1_39' title='bbox 1605 922 1822 976; x_wconf 85' lang='lat' dir='ltr'><strong>leonum</strong></span> <span class='ocrx_word' id='word_1_40' title='bbox 1852 923 2052 976; x_wconf 89' lang='lat' dir='ltr'><strong>liberos</strong></span> <span class='ocrx_word' id='word_1_41' title='bbox 2085 937 2191 976; x_wconf 69' lang='lat' dir='ltr'><strong>(ze-</strong></span> 
     </span>
    </p>
   </div>
   <div class='ocr_carea' id='block_1_8' title="bbox 617 1009 2191 1082">
    <p class='ocr_par' dir='ltr' id='par_1_8' title="bbox 617 1009 2191 1082">
     <span class='ocr_line' id='line_1_8' title="bbox 617 1009 2191 1082; baseline 0.002 -21"><span class='ocrx_word' id='word_1_42' title='bbox 617 1022 713 1062; x_wconf 89' lang='lat' dir='ltr'><strong>cos</strong></span> <span class='ocrx_word' id='word_1_43' title='bbox 750 1023 858 1062; x_wconf 91' lang='lat' dir='ltr'><strong>non</strong></span> <span class='ocrx_word' id='word_1_44' title='bbox 909 1025 1032 1065; x_wconf 91' lang='lat' dir='ltr'><strong>esse</strong></span> <span class='ocrx_word' id='word_1_45' title='bbox 1072 1009 1338 1064; x_wconf 80' lang='lat' dir='ltr'><strong>aﬂirmare</strong></span> <span class='ocrx_word' id='word_1_46' title='bbox 1383 1012 1526 1080; x_wconf 89' lang='lat' dir='ltr'><strong>quod</strong></span> <span class='ocrx_word' id='word_1_47' title='bbox 1579 1013 1783 1082; x_wconf 88' lang='lat' dir='ltr'><strong>apertis</strong></span> <span class='ocrx_word' id='word_1_48' title='bbox 1814 1013 1989 1068; x_wconf 89' lang='lat' dir='ltr'><strong>oculis</strong></span> <span class='ocrx_word' id='word_1_49' title='bbox 2040 1013 2191 1066; x_wconf 90' lang='lat' dir='ltr'><strong>nasci</strong></span> 
     </span>
    </p>
   </div>
   <div class='ocr_carea' id='block_1_9' title="bbox 615 1095 2194 1171">
    <p class='ocr_par' dir='ltr' id='par_1_9' title="bbox 615 1095 2194 1171">
     <span class='ocr_line' id='line_1_9' title="bbox 615 1095 2194 1171; baseline 0.003 -22"><span class='ocrx_word' id='word_1_50' title='bbox 615 1095 867 1153; x_wconf 76' lang='lat' dir='ltr'><strong>dixisset.</strong></span> <span class='ocrx_word' id='word_1_51' title='bbox 927 1097 1184 1154; x_wconf 83' lang='lat' dir='ltr'><strong>Videmus</strong></span> <span class='ocrx_word' id='word_1_52' title='bbox 1240 1100 1383 1154; x_wconf 91' lang='lat' dir='ltr'><strong>enim</strong></span> <span class='ocrx_word' id='word_1_53' title='bbox 1450 1100 1696 1170; x_wconf 74' lang='lat' dir='ltr'><strong>quaedam</strong></span> <span class='ocrx_word' id='word_1_54' title='bbox 1743 1102 2018 1165; x_wconf 82' lang='lat' dir='ltr'><strong>animalia,</strong></span> <span class='ocrx_word' id='word_1_55' title='bbox 2073 1117 2194 1171; x_wconf 75' lang='lat' dir='ltr'><strong>qua:</strong></span> 
     </span>
    </p>
   </div>
   <div class='ocr_carea' id='block_1_10' title="bbox 611 1191 2192 1262">
    <p class='ocr_par' dir='ltr' id='par_1_10' title="bbox 611 1191 2192 1262">
     <span class='ocr_line' id='line_1_10' title="bbox 611 1191 2192 1262; baseline 0.001 -16"><span class='ocrx_word' id='word_1_56' title='bbox 611 1191 717 1246; x_wconf 86' lang='lat' dir='ltr'><strong>etsi</strong></span> <span class='ocrx_word' id='word_1_57' title='bbox 753 1199 998 1262; x_wconf 87' lang='lat' dir='ltr'><strong>patentes</strong></span> <span class='ocrx_word' id='word_1_58' title='bbox 1051 1193 1253 1248; x_wconf 88' lang='lat' dir='ltr'><strong>habent</strong></span> <span class='ocrx_word' id='word_1_59' title='bbox 1283 1195 1496 1262; x_wconf 88' lang='lat' dir='ltr'><strong>oculos,</strong></span> <span class='ocrx_word' id='word_1_60' title='bbox 1527 1203 1711 1248; x_wconf 87' lang='lat' dir='ltr'><strong>tamen</strong></span> <span class='ocrx_word' id='word_1_61' title='bbox 1757 1210 1865 1248; x_wconf 92' lang='lat' dir='ltr'><strong>non</strong></span> <span class='ocrx_word' id='word_1_62' title='bbox 1893 1193 2101 1258; x_wconf 79' lang='lat' dir='ltr'><strong>vident,</strong></span> <span class='ocrx_word' id='word_1_63' title='bbox 2135 1203 2192 1248; x_wconf 93' lang='lat' dir='ltr'><strong>ut</strong></span> 
     </span>
    </p>
   </div>
   <div class='ocr_carea' id='block_1_11' title="bbox 621 1281 2192 1350">
    <p class='ocr_par' dir='ltr' id='par_1_11' title="bbox 621 1281 2192 1350">
     <span class='ocr_line' id='line_1_11' title="bbox 621 1281 2192 1350; baseline 0.004 -18"><span class='ocrx_word' id='word_1_64' title='bbox 621 1281 773 1350; x_wconf 80' lang='lat' dir='ltr'><strong>lepus</strong></span> <span class='ocrx_word' id='word_1_65' title='bbox 826 1281 956 1335; x_wconf 91' lang='lat' dir='ltr'><strong>dum</strong></span> <span class='ocrx_word' id='word_1_66' title='bbox 1017 1281 1242 1345; x_wconf 68' lang='lat' dir='ltr'><strong>dormit,</strong></span> <span class='ocrx_word' id='word_1_67' title='bbox 1277 1291 1331 1336; x_wconf 90' lang='lat' dir='ltr'><strong>ct</strong></span> <span class='ocrx_word' id='word_1_68' title='bbox 1389 1299 1491 1336; x_wconf 80' lang='lat' dir='ltr'><strong>nos</strong></span> <span class='ocrx_word' id='word_1_69' title='bbox 1543 1285 1708 1338; x_wconf 89' lang='lat' dir='ltr'><strong>etiam</strong></span> <span class='ocrx_word' id='word_1_70' title='bbox 1759 1283 1900 1336; x_wconf 87' lang='lat' dir='ltr'><strong>inl‘ra</strong></span> <span class='ocrx_word' id='word_1_71' title='bbox 1941 1283 2008 1337; x_wconf 90' lang='lat' dir='ltr'><strong>de</strong></span> <span class='ocrx_word' id='word_1_72' title='bbox 2037 1285 2192 1338; x_wconf 88' lang='lat' dir='ltr'><strong>leone</strong></span> 
     </span>
    </p>
   </div>
   <div class='ocr_carea' id='block_1_12' title="bbox 613 1371 2190 1442">
    <p class='ocr_par' dir='ltr' id='par_1_12' title="bbox 613 1371 2190 1442">
     <span class='ocr_line' id='line_1_12' title="bbox 613 1371 2190 1442; baseline 0.001 -16"><span class='ocrx_word' id='word_1_73' title='bbox 613 1371 883 1427; x_wconf 84' lang='lat' dir='ltr'><strong>dicemus.</strong></span> <span class='ocrx_word' id='word_1_74' title='bbox 949 1371 1072 1426; x_wconf 80' lang='lat' dir='ltr'><strong>Pati</strong></span> <span class='ocrx_word' id='word_1_75' title='bbox 1142 1374 1321 1442; x_wconf 83' lang='lat' dir='ltr'><strong>itaque</strong></span> <span class='ocrx_word' id='word_1_76' title='bbox 1377 1374 1586 1429; x_wconf 78' lang='lat' dir='ltr'><strong>ratione</strong></span> <span class='ocrx_word' id='word_1_77' title='bbox 1648 1389 1934 1442; x_wconf 75' lang='lat' dir='ltr'><strong>possemus</strong></span> <span class='ocrx_word' id='word_1_78' title='bbox 1988 1372 2190 1435; x_wconf 82' lang='lat' dir='ltr'><strong>dicere,</strong></span> 
     </span>
    </p>
   </div>
   <div class='ocr_carea' id='block_1_13' title="bbox 617 1463 2192 1534">
    <p class='ocr_par' dir='ltr' id='par_1_13' title="bbox 617 1463 2192 1534">
     <span class='ocr_line' id='line_1_13' title="bbox 617 1463 2192 1534; baseline 0.001 -19"><span class='ocrx_word' id='word_1_79' title='bbox 617 1463 803 1518; x_wconf 86' lang='lat' dir='ltr'><strong>leones</strong></span> <span class='ocrx_word' id='word_1_80' title='bbox 843 1463 972 1518; x_wconf 94' lang='lat' dir='ltr'><strong>dum</strong></span> <span class='ocrx_word' id='word_1_81' title='bbox 1021 1475 1345 1526; x_wconf 85' lang='lat' dir='ltr'><strong>nascuntur,</strong></span> <span class='ocrx_word' id='word_1_82' title='bbox 1381 1464 1630 1532; x_wconf 82' lang='lat' dir='ltr'><strong>quamvis</strong></span> <span class='ocrx_word' id='word_1_83' title='bbox 1693 1463 1902 1534; x_wconf 88' lang='lat' dir='ltr'><strong>apertis</strong></span> <span class='ocrx_word' id='word_1_84' title='bbox 1943 1473 1996 1518; x_wconf 88' lang='lat' dir='ltr'><strong>et</strong></span> <span class='ocrx_word' id='word_1_85' title='bbox 2037 1465 2192 1517; x_wconf 86' lang='lat' dir='ltr'><strong>hian-</strong></span> 
     </span>
    </p>
   </div>
   <div class='ocr_carea' id='block_1_14' title="bbox 616 1553 2192 1625">
    <p class='ocr_par' dir='ltr' id='par_1_14' title="bbox 616 1553 2192 1625">
     <span class='ocr_line' id='line_1_14' title="bbox 616 1553 2192 1625; baseline 0.001 -20"><span class='ocrx_word' id='word_1_86' title='bbox 616 1553 762 1608; x_wconf 85' lang='lat' dir='ltr'><strong>tibus</strong></span> <span class='ocrx_word' id='word_1_87' title='bbox 787 1555 896 1608; x_wconf 90' lang='lat' dir='ltr'><strong>sint</strong></span> <span class='ocrx_word' id='word_1_88' title='bbox 920 1556 1116 1621; x_wconf 87' lang='lat' dir='ltr'><strong>oculis,</strong></span> <span class='ocrx_word' id='word_1_89' title='bbox 1145 1571 1320 1609; x_wconf 65' lang='lat' dir='ltr'><strong>caecos</strong></span> <span class='ocrx_word' id='word_1_90' title='bbox 1359 1571 1501 1618; x_wconf 88' lang='lat' dir='ltr'><strong>esse,</strong></span> <span class='ocrx_word' id='word_1_91' title='bbox 1544 1571 1722 1625; x_wconf 88' lang='lat' dir='ltr'><strong>neque</strong></span> <span class='ocrx_word' id='word_1_92' title='bbox 1750 1570 1998 1609; x_wconf 84' lang='lat' dir='ltr'><strong>cernere.</strong></span> <span class='ocrx_word' id='word_1_93' title='bbox 2028 1553 2192 1607; x_wconf 84' lang='lat' dir='ltr'><strong>Nam-</strong></span> 
     </span>
    </p>
   </div>
   <div class='ocr_carea' id='block_1_15' title="bbox 615 1644 2193 1714">
    <p class='ocr_par' dir='ltr' id='par_1_15' title="bbox 615 1644 2193 1714">
     <span class='ocr_line' id='line_1_15' title="bbox 615 1644 2193 1714; baseline -0.001 -17"><span class='ocrx_word' id='word_1_94' title='bbox 615 1659 720 1712; x_wconf 86' lang='lat' dir='ltr'><strong>que</strong></span> <span class='ocrx_word' id='word_1_95' title='bbox 759 1644 1102 1708; x_wconf 77' lang='lat' dir='ltr'><strong>Aristotcles,</strong></span> <span class='ocrx_word' id='word_1_96' title='bbox 1135 1647 1222 1698; x_wconf 90' lang='lat' dir='ltr'><strong>cui</strong></span> <span class='ocrx_word' id='word_1_97' title='bbox 1271 1648 1324 1698; x_wconf 90' lang='lat' dir='ltr'><strong>in</strong></span> <span class='ocrx_word' id='word_1_98' title='bbox 1373 1647 1477 1698; x_wconf 89' lang='lat' dir='ltr'><strong>hoc</strong></span> <span class='ocrx_word' id='word_1_99' title='bbox 1519 1646 1664 1699; x_wconf 86' lang='lat' dir='ltr'><strong>sicut</strong></span> <span class='ocrx_word' id='word_1_100' title='bbox 1689 1652 1742 1699; x_wconf 87' lang='lat' dir='ltr'><strong>et</strong></span> <span class='ocrx_word' id='word_1_101' title='bbox 1778 1645 1832 1698; x_wconf 92' lang='lat' dir='ltr'><strong>in</strong></span> <span class='ocrx_word' id='word_1_102' title='bbox 1858 1646 1980 1698; x_wconf 89' lang='lat' dir='ltr'><strong>aliis</strong></span> <span class='ocrx_word' id='word_1_103' title='bbox 2013 1644 2193 1714; x_wconf 89' lang='lat' dir='ltr'><strong>potior</strong></span> 
     </span>
    </p>
   </div>
   <div class='ocr_carea' id='block_1_16' title="bbox 619 1734 2187 1807">
    <p class='ocr_par' dir='ltr' id='par_1_16' title="bbox 619 1734 2187 1807">
     <span class='ocr_line' id='line_1_16' title="bbox 619 1734 2187 1807; baseline 0 -21"><span class='ocrx_word' id='word_1_104' title='bbox 619 1734 771 1798; x_wconf 77' lang='lat' dir='ltr'><strong>ﬁdes,</strong></span> <span class='ocrx_word' id='word_1_105' title='bbox 804 1737 900 1790; x_wconf 91' lang='lat' dir='ltr'><strong>lib.</strong></span> <span class='ocrx_word' id='word_1_106' title='bbox 933 1736 1010 1790; x_wconf 86' lang='lat' dir='ltr'><strong>De</strong></span> <span class='ocrx_word' id='word_1_107' title='bbox 1035 1754 1207 1807; x_wconf 80' lang='lat' dir='ltr'><strong>gener.</strong></span> <span class='ocrx_word' id='word_1_108' title='bbox 1230 1739 1393 1790; x_wconf 88' lang='lat' dir='ltr'><strong>anim.</strong></span> <span class='ocrx_word' id='word_1_109' title='bbox 1442 1751 1494 1793; x_wconf 92' lang='lat' dir='ltr'><strong>c.</strong></span> <span class='ocrx_word' id='word_1_110' title='bbox 1524 1737 1581 1800; x_wconf 73' lang='grc'>4,</span> <span class='ocrx_word' id='word_1_111' title='bbox 1615 1737 1711 1798; x_wconf 87' lang='lat' dir='ltr'><strong>ait,</strong></span> <span class='ocrx_word' id='word_1_112' title='bbox 1749 1737 1896 1790; x_wconf 87' lang='lat' dir='ltr'><strong>circa</strong></span> <span class='ocrx_word' id='word_1_113' title='bbox 1930 1735 2187 1796; x_wconf 84' lang='lat' dir='ltr'><strong>medium,</strong></span> 
     </span>
    </p>
   </div>
   <div class='ocr_carea' id='block_1_17' title="bbox 1952 343 2504 401">
    <p class='ocr_par' dir='ltr' id='par_1_17' title="bbox 1952 343 2504 401">
     <span class='ocr_line' id='line_1_17' title="bbox 1952 343 2504 401; baseline -0.005 -2"><span class='ocrx_word' id='word_1_114' title='bbox 1952 345 2198 401; x_wconf 82' lang='lat' dir='ltr'><strong>LEONIS</strong></span> <span class='ocrx_word' id='word_1_115' title='bbox 2232 343 2504 401; x_wconf 81' lang='lat' dir='ltr'><strong>ALLATII</strong></span> 
     </span>
    </p>
   </div>
   <div class='ocr_carea' id='block_1_18' title="bbox 2217 457 3875 536">
    <p class='ocr_par' dir='ltr' id='par_1_18' title="bbox 2217 457 3875 536">
     <span class='ocr_line' id='line_1_18' title="bbox 2217 457 3875 536; baseline -0.006 -17"><span class='ocrx_word' id='word_1_116' title='bbox 2217 476 2264 534; x_wconf 70' lang='grc' dir='ltr'><strong>Α</strong></span> <span class='ocrx_word' id='word_1_117' title='bbox 2301 481 2420 528; x_wconf 71' lang='lat' dir='ltr'>IIII,</span> <span class='ocrx_word' id='word_1_118' title='bbox 2450 480 2570 536; x_wconf 94' lang='lat' dir='ltr'><strong>cap.</strong></span> <span class='ocrx_word' id='word_1_119' title='bbox 2621 465 2674 520; x_wconf 89' lang='lat'><strong>8.</strong></span> <span class='ocrx_word' id='word_1_120' title='bbox 2723 463 2979 519; x_wconf 78' lang='lat' dir='ltr'><strong>Nicolaus</strong></span> <span class='ocrx_word' id='word_1_121' title='bbox 3010 461 3350 518; x_wconf 82' lang='lat' dir='ltr'><strong>Leonicenus</strong></span> <span class='ocrx_word' id='word_1_122' title='bbox 3381 459 3434 512; x_wconf 92' lang='lat' dir='ltr'><strong>in</strong></span> <span class='ocrx_word' id='word_1_123' title='bbox 3469 457 3875 528; x_wconf 65' lang='lat' dir='ltr'><strong>quaestionibus</strong></span> 
     </span>
    </p>
   </div>
   <div class='ocr_carea' id='block_1_19' title="bbox 3774 337 3878 391">
    <p class='ocr_par' dir='ltr' id='par_1_19' title="bbox 3774 337 3878 391">
     <span class='ocr_line' id='line_1_19' title="bbox 3774 337 3878 391; baseline 0 0"><span class='ocrx_word' id='word_1_124' title='bbox 3774 337 3878 391; x_wconf 75' lang='lat'><strong>9‘33</strong></span> 
     </span>
    </p>
   </div>
   <div class='ocr_carea' id='block_1_20' title="bbox 2294 545 3872 622">
    <p class='ocr_par' dir='ltr' id='par_1_20' title="bbox 2294 545 3872 622">
     <span class='ocr_line' id='line_1_20' title="bbox 2294 545 3872 622; baseline -0.008 -12"><span class='ocrx_word' id='word_1_125' title='bbox 2294 557 2637 610; x_wconf 79' lang='lat' dir='ltr'><strong>naturalibus</strong></span> <span class='ocrx_word' id='word_1_126' title='bbox 2660 555 2798 608; x_wconf 85' lang='lat' dir='ltr'><strong>duas</strong></span> <span class='ocrx_word' id='word_1_127' title='bbox 2817 553 3047 622; x_wconf 86' lang='lat' dir='ltr'><strong>hujusce</strong></span> <span class='ocrx_word' id='word_1_128' title='bbox 3069 551 3418 622; x_wconf 85' lang='lat' dir='ltr'><strong>pr0prietatis</strong></span> <span class='ocrx_word' id='word_1_129' title='bbox 3444 561 3651 602; x_wconf 79' lang='lat' dir='ltr'><strong>causas</strong></span> <span class='ocrx_word' id='word_1_130' title='bbox 3673 545 3872 600; x_wconf 71' lang='lat' dir='ltr'><strong>reddit.</strong></span> 
     </span>
    </p>
   </div>
   <div class='ocr_carea' id='block_1_21' title="bbox 2293 637 3874 714">
    <p class='ocr_par' dir='ltr' id='par_1_21' title="bbox 2293 637 3874 714">
     <span class='ocr_line' id='line_1_21' title="bbox 2293 637 3874 714; baseline -0.011 -9"><span class='ocrx_word' id='word_1_131' title='bbox 2293 648 2405 705; x_wconf 86' lang='lat' dir='ltr'><strong>Cur</strong></span> <span class='ocrx_word' id='word_1_132' title='bbox 2429 649 2600 702; x_wconf 84' lang='lat' dir='ltr'><strong>leones</strong></span> <span class='ocrx_word' id='word_1_133' title='bbox 2632 647 2873 701; x_wconf 80' lang='lat' dir='ltr'><strong>iracundi</strong></span> <span class='ocrx_word' id='word_1_134' title='bbox 2921 655 3064 714; x_wconf 87' lang='lat' dir='ltr'><strong>terga</strong></span> <span class='ocrx_word' id='word_1_135' title='bbox 3111 661 3212 697; x_wconf 81' lang='lat' dir='ltr'><strong>sua</strong></span> <span class='ocrx_word' id='word_1_136' title='bbox 3241 641 3413 696; x_wconf 83' lang='lat' dir='ltr'><strong>cauda</strong></span> <span class='ocrx_word' id='word_1_137' title='bbox 3441 637 3732 708; x_wconf 75' lang='lat' dir='ltr'><strong>ﬂagellant</strong></span> <span class='ocrx_word' id='word_1_138' title='bbox 3751 637 3775 686; x_wconf 82' lang='lat'><strong>.‘</strong></span> <span class='ocrx_word' id='word_1_139' title='bbox 3799 640 3874 689; x_wconf 71' lang='lat' dir='ltr'><strong>Aa</strong></span> 
     </span>
    </p>
   </div>
   <div class='ocr_carea' id='block_1_22' title="bbox 2293 728 3870 812">
    <p class='ocr_par' dir='ltr' id='par_1_22' title="bbox 2293 728 3870 812">
     <span class='ocr_line' id='line_1_22' title="bbox 2293 728 3870 812; baseline -0.01 -19"><span class='ocrx_word' id='word_1_140' title='bbox 2293 743 2419 812; x_wconf 76' lang='lat' dir='ltr'><strong>quia</strong></span> <span class='ocrx_word' id='word_1_141' title='bbox 2449 741 2658 794; x_wconf 79' lang='lat' dir='ltr'><strong>leonum</strong></span> <span class='ocrx_word' id='word_1_142' title='bbox 2685 739 2846 792; x_wconf 89' lang='lat' dir='ltr'><strong>animi</strong></span> <span class='ocrx_word' id='word_1_143' title='bbox 2880 738 3034 790; x_wconf 74' lang='lat' dir='ltr'><strong>index</strong></span> <span class='ocrx_word' id='word_1_144' title='bbox 3054 748 3130 789; x_wconf 85' lang='lat' dir='ltr'><strong>est</strong></span> <span class='ocrx_word' id='word_1_145' title='bbox 3153 734 3365 788; x_wconf 79' lang='lat' dir='ltr'><strong>cauda?</strong></span> <span class='ocrx_word' id='word_1_146' title='bbox 3388 741 3445 788; x_wconf 90' lang='lat' dir='ltr'><strong>et</strong></span> <span class='ocrx_word' id='word_1_147' title='bbox 3468 732 3689 800; x_wconf 83' lang='lat' dir='ltr'><strong>reliqua</strong></span> <span class='ocrx_word' id='word_1_148' title='bbox 3713 728 3870 782; x_wconf 85' lang='lat' dir='ltr'><strong>Plinii</strong></span> 
     </span>
    </p>
   </div>
   <div class='ocr_carea' id='block_1_23' title="bbox 2295 820 3873 902">
    <p class='ocr_par' dir='ltr' id='par_1_23' title="bbox 2295 820 3873 902">
     <span class='ocr_line' id='line_1_23' title="bbox 2295 820 3873 902; baseline -0.01 -17"><span class='ocrx_word' id='word_1_149' title='bbox 2295 834 2480 887; x_wconf 85' lang='lat' dir='ltr'><strong>verba.</strong></span> <span class='ocrx_word' id='word_1_150' title='bbox 2509 833 2593 885; x_wconf 79' lang='lat' dir='ltr'><strong>An</strong></span> <span class='ocrx_word' id='word_1_151' title='bbox 2633 830 2770 902; x_wconf 80' lang='lat' dir='ltr'><strong>quod</strong></span> <span class='ocrx_word' id='word_1_152' title='bbox 2813 827 3114 887; x_wconf 84' lang='lat' dir='ltr'><strong>iracundia,</strong></span> <span class='ocrx_word' id='word_1_153' title='bbox 3134 841 3350 878; x_wconf 85' lang='lat' dir='ltr'><strong>accenso</strong></span> <span class='ocrx_word' id='word_1_154' title='bbox 3391 824 3538 875; x_wconf 85' lang='lat' dir='ltr'><strong>circa</strong></span> <span class='ocrx_word' id='word_1_155' title='bbox 3571 820 3873 887; x_wconf 63' lang='lat' dir='ltr'><strong>praecordia</strong></span> 
     </span>
    </p>
   </div>
   <div class='ocr_carea' id='block_1_24' title="bbox 2299 915 3873 988">
    <p class='ocr_par' dir='ltr' id='par_1_24' title="bbox 2299 915 3873 988">
     <span class='ocr_line' id='line_1_24' title="bbox 2299 915 3873 988; baseline -0.009 -12"><span class='ocrx_word' id='word_1_156' title='bbox 2299 925 2493 987; x_wconf 83' lang='lat' dir='ltr'><strong>calore,</strong></span> <span class='ocrx_word' id='word_1_157' title='bbox 2506 922 2776 988; x_wconf 87' lang='lat' dir='ltr'><strong>provenire</strong></span> <span class='ocrx_word' id='word_1_158' title='bbox 2811 919 3046 972; x_wconf 77' lang='lat' dir='ltr'><strong>dicitur?</strong></span> <span class='ocrx_word' id='word_1_159' title='bbox 3067 915 3227 968; x_wconf 85' lang='lat' dir='ltr'><strong>calidi</strong></span> <span class='ocrx_word' id='word_1_160' title='bbox 3251 916 3386 968; x_wconf 89' lang='lat' dir='ltr'><strong>enim</strong></span> <span class='ocrx_word' id='word_1_161' title='bbox 3411 923 3488 967; x_wconf 86' lang='lat' dir='ltr'><strong>est</strong></span> <span class='ocrx_word' id='word_1_162' title='bbox 3519 927 3735 965; x_wconf 71' lang='lat' dir='ltr'><strong>movere</strong></span> <span class='ocrx_word' id='word_1_163' title='bbox 3758 925 3873 961; x_wconf 73' lang='grc' dir='ltr'>εισι</span> 
     </span>
    </p>
   </div>
   <div class='ocr_carea' id='block_1_25' title="bbox 2301 1002 3870 1081">
    <p class='ocr_par' dir='ltr' id='par_1_25' title="bbox 2301 1002 3870 1081">
     <span class='ocr_line' id='line_1_25' title="bbox 2301 1002 3870 1081; baseline -0.01 -12"><span class='ocrx_word' id='word_1_164' title='bbox 2301 1018 2499 1081; x_wconf 86' lang='lat' dir='ltr'><strong>omnia,</strong></span> <span class='ocrx_word' id='word_1_165' title='bbox 2517 1027 2624 1067; x_wconf 89' lang='lat' dir='ltr'><strong>tum</strong></span> <span class='ocrx_word' id='word_1_166' title='bbox 2652 1030 2714 1068; x_wconf 89' lang='lat' dir='ltr'><strong>ea</strong></span> <span class='ocrx_word' id='word_1_167' title='bbox 2745 1013 2908 1081; x_wconf 83' lang='lat' dir='ltr'><strong>magis</strong></span> <span class='ocrx_word' id='word_1_168' title='bbox 2930 1021 2977 1064; x_wconf 87' lang='lat' dir='ltr'><strong>et</strong></span> <span class='ocrx_word' id='word_1_169' title='bbox 2995 1009 3242 1066; x_wconf 81' lang='lat' dir='ltr'><strong>crebrius,</strong></span> <span class='ocrx_word' id='word_1_170' title='bbox 3265 1024 3379 1078; x_wconf 72' lang='lat' dir='ltr'><strong>quae</strong></span> <span class='ocrx_word' id='word_1_171' title='bbox 3406 1004 3699 1060; x_wconf 69' lang='lat' dir='ltr'><strong>mobiliore</strong></span> <span class='ocrx_word' id='word_1_172' title='bbox 3734 1002 3870 1056; x_wconf 74' lang='lat' dir='ltr'><strong>mi-</strong></span> 
     </span>
    </p>
   </div>
   <div class='ocr_carea' id='block_1_26' title="bbox 2296 1093 3870 1177">
    <p class='ocr_par' dir='ltr' id='par_1_26' title="bbox 2296 1093 3870 1177">
     <span class='ocr_line' id='line_1_26' title="bbox 2296 1093 3870 1177; baseline -0.01 -15"><span class='ocrx_word' id='word_1_173' title='bbox 2296 1109 2652 1177; x_wconf 82' lang='lat' dir='ltr'><strong>stunt,qualis</strong></span> <span class='ocrx_word' id='word_1_174' title='bbox 2685 1122 2812 1158; x_wconf 83' lang='lat' dir='ltr'><strong>sane</strong></span> <span class='ocrx_word' id='word_1_175' title='bbox 2833 1106 2886 1157; x_wconf 86' lang='lat' dir='ltr'><strong>in</strong></span> <span class='ocrx_word' id='word_1_176' title='bbox 2918 1101 3272 1156; x_wconf 77' lang='lat' dir='ltr'><strong>animantibus</strong></span> <span class='ocrx_word' id='word_1_177' title='bbox 3293 1099 3534 1153; x_wconf 78' lang='lat' dir='ltr'><strong>omnibus</strong></span> <span class='ocrx_word' id='word_1_178' title='bbox 3566 1109 3644 1150; x_wconf 82' lang='lat' dir='ltr'><strong>est</strong></span> <span class='ocrx_word' id='word_1_179' title='bbox 3670 1093 3870 1149; x_wconf 64' lang='lat' dir='ltr'><strong>cortis.</strong></span> 
     </span>
    </p>
   </div>
   <div class='ocr_carea' id='block_1_27' title="bbox 2294 1186 3870 1264">
    <p class='ocr_par' dir='ltr' id='par_1_27' title="bbox 2294 1186 3870 1264">
     <span class='ocr_line' id='line_1_27' title="bbox 2294 1186 3870 1264; baseline -0.01 -10"><span class='ocrx_word' id='word_1_180' title='bbox 2294 1199 2430 1254; x_wconf 86' lang='lat' dir='ltr'><strong>Hinc</strong></span> <span class='ocrx_word' id='word_1_181' title='bbox 2453 1197 2624 1253; x_wconf 87' lang='lat' dir='ltr'><strong>cauda</strong></span> <span class='ocrx_word' id='word_1_182' title='bbox 2647 1197 2842 1250; x_wconf 81' lang='grc' dir='ltr'>ἀλκαία</span> <span class='ocrx_word' id='word_1_183' title='bbox 2861 1196 3026 1258; x_wconf 88' lang='lat' dir='ltr'><strong>dicta,</strong></span> <span class='ocrx_word' id='word_1_184' title='bbox 3041 1192 3184 1264; x_wconf 90' lang='lat' dir='ltr'><strong>quod</strong></span> <span class='ocrx_word' id='word_1_185' title='bbox 3202 1192 3292 1244; x_wconf 86' lang='lat' dir='ltr'><strong>illa</strong></span> <span class='ocrx_word' id='word_1_186' title='bbox 3314 1205 3373 1245; x_wconf 91' lang='lat' dir='ltr'><strong>se</strong></span> <span class='ocrx_word' id='word_1_187' title='bbox 3392 1189 3461 1244; x_wconf 85' lang='lat' dir='ltr'><strong>ad</strong></span> <span class='ocrx_word' id='word_1_188' title='bbox 3481 1186 3870 1242; x_wconf 74' lang='lat' dir='ltr'><strong>fortitudinem</strong></span> 
     </span>
    </p>
   </div>
   <div class='ocr_carea' id='block_1_28' title="bbox 2291 1279 3872 1358">
    <p class='ocr_par' dir='ltr' id='par_1_28' title="bbox 2291 1279 3872 1358">
     <span class='ocr_line' id='line_1_28' title="bbox 2291 1279 3872 1358; baseline -0.012 -10"><span class='ocrx_word' id='word_1_189' title='bbox 2291 1294 2510 1348; x_wconf 80' lang='lat' dir='ltr'><strong>excitet.</strong></span> <span class='ocrx_word' id='word_1_190' title='bbox 2541 1291 2811 1358; x_wconf 85' lang='lat' dir='ltr'><strong>lnterpres</strong></span> <span class='ocrx_word' id='word_1_191' title='bbox 2849 1285 3118 1357; x_wconf 82' lang='lat' dir='ltr'><strong>Apollonii</strong></span> <span class='ocrx_word' id='word_1_192' title='bbox 3142 1284 3235 1338; x_wconf 85' lang='lat' dir='ltr'><strong>lib.</strong></span> <span class='ocrx_word' id='word_1_193' title='bbox 3270 1298 3345 1345; x_wconf 78' lang='lat' dir='ltr'><strong>tv,</strong></span> <span class='ocrx_word' id='word_1_194' title='bbox 3384 1281 3617 1350; x_wconf 77' lang='grc' dir='ltr'>Ἀλκαεη</span> <span class='ocrx_word' id='word_1_195' title='bbox 3648 1279 3872 1345; x_wconf 73' lang='grc' dir='ltr'>λέγεται</span> 
     </span>
    </p>
   </div>
   <div class='ocr_carea' id='block_1_29' title="bbox 2293 1368 3872 1453">
    <p class='ocr_par' dir='ltr' id='par_1_29' title="bbox 2293 1368 3872 1453">
     <span class='ocr_line' id='line_1_29' title="bbox 2293 1368 3872 1453; baseline -0.009 -19"><span class='ocrx_word' id='word_1_196' title='bbox 2293 1382 2494 1453; x_wconf 65' lang='grc' dir='ltr'><strong>κυρίως</strong></span> <span class='ocrx_word' id='word_1_197' title='bbox 2536 1383 2570 1451; x_wconf 79' lang='grc' dir='ltr'><strong>ἡ</strong></span> <span class='ocrx_word' id='word_1_198' title='bbox 2619 1380 2711 1433; x_wconf 79' lang='grc' dir='ltr'><strong>τοῦ</strong></span> <span class='ocrx_word' id='word_1_199' title='bbox 2749 1377 2958 1439; x_wconf 78' lang='grc' dir='ltr'>λέοντος</span> <span class='ocrx_word' id='word_1_200' title='bbox 2993 1375 3148 1446; x_wconf 77' lang='grc' dir='ltr'>οὐρὰ,</span> <span class='ocrx_word' id='word_1_201' title='bbox 3179 1373 3349 1427; x_wconf 72' lang='grc' dir='ltr'><strong>ὰπὸὸ</strong></span> <span class='ocrx_word' id='word_1_202' title='bbox 3383 1371 3556 1433; x_wconf 77' lang='grc' dir='ltr'>αὐτῆς</span> <span class='ocrx_word' id='word_1_203' title='bbox 3582 1371 3664 1434; x_wconf 72' lang='grc' dir='ltr'><strong>εἰς</strong></span> <span class='ocrx_word' id='word_1_204' title='bbox 3697 1368 3872 1438; x_wconf 71' lang='grc' dir='ltr'>ἀλκὴν</span> 
     </span>
    </p>
   </div>
   <div class='ocr_carea' id='block_1_30' title="bbox 2292 1473 2976 1543">
    <p class='ocr_par' dir='ltr' id='par_1_30' title="bbox 2292 1473 2976 1543">
     <span class='ocr_line' id='line_1_30' title="bbox 2292 1473 2976 1543; baseline -0.013 -17"><span class='ocrx_word' id='word_1_205' title='bbox 2292 1473 2606 1543; x_wconf 79' lang='grc' dir='ltr'>τρέπεσθαι.</span> <span class='ocrx_word' id='word_1_206' title='bbox 2969 1510 2976 1517; x_wconf 93' lang='grc'><strong>.</strong></span> 
     </span>
    </p>
   </div>
   <div class='ocr_carea' id='block_1_31' title="bbox 2366 1552 3867 1630">
    <p class='ocr_par' dir='ltr' id='par_1_31' title="bbox 2366 1552 3867 1630">
     <span class='ocr_line' id='line_1_31' title="bbox 2366 1552 3867 1630; baseline -0.009 -11"><span class='ocrx_word' id='word_1_207' title='bbox 2366 1565 2526 1628; x_wconf 93' lang='lat' dir='ltr'><strong>lbid.,</strong></span> <span class='ocrx_word' id='word_1_208' title='bbox 2576 1564 2670 1617; x_wconf 92' lang='lat' dir='ltr'><strong>lin.</strong></span> <span class='ocrx_word' id='word_1_209' title='bbox 2721 1562 2772 1617; x_wconf 83' lang='lat'><strong>7.</strong></span> <span class='ocrx_word' id='word_1_210' title='bbox 2831 1559 3109 1630; x_wconf 80' lang='grc' dir='ltr'><strong>Γηράσας</strong></span> <span class='ocrx_word' id='word_1_211' title='bbox 3167 1558 3234 1611; x_wconf 83' lang='grc' dir='ltr'><strong>δὲ</strong></span> <span class='ocrx_word' id='word_1_212' title='bbox 3265 1555 3360 1610; x_wconf 78' lang='grc' dir='ltr'><strong>και</strong></span> <span class='ocrx_word' id='word_1_213' title='bbox 3401 1557 3511 1619; x_wconf 75' lang='grc' dir='ltr'>εις.</span> <span class='ocrx_word' id='word_1_214' title='bbox 3574 1552 3867 1622; x_wconf 75' lang='lat' dir='ltr'><strong>Origenes.</strong></span> 
     </span>
    </p>
   </div>
   <div class='ocr_carea' id='block_1_32' title="bbox 2293 1644 3872 1720">
    <p class='ocr_par' dir='ltr' id='par_1_32' title="bbox 2293 1644 3872 1720">
     <span class='ocr_line' id='line_1_32' title="bbox 2293 1644 3872 1720; baseline -0.011 -9"><span class='ocrx_word' id='word_1_215' title='bbox 2293 1666 2398 1711; x_wconf 82' lang='lat' dir='ltr'><strong>cat.</strong></span> <span class='ocrx_word' id='word_1_216' title='bbox 2445 1658 2500 1709; x_wconf 86' lang='lat' dir='ltr'><strong>in</strong></span> <span class='ocrx_word' id='word_1_217' title='bbox 2543 1652 2735 1709; x_wconf 80' lang='lat' dir='ltr'><strong>Jerem.</strong></span> <span class='ocrx_word' id='word_1_218' title='bbox 2770 1669 2890 1720; x_wconf 85' lang='lat' dir='ltr'><strong>cap.</strong></span> <span class='ocrx_word' id='word_1_219' title='bbox 2921 1669 2974 1717; x_wconf 77' lang='grc' dir='ltr'>ν,</span> <span class='ocrx_word' id='word_1_220' title='bbox 3004 1654 3055 1720; x_wconf 58' lang='grc' dir='ltr'><strong>ᾖ.</strong></span> <span class='ocrx_word' id='word_1_221' title='bbox 3085 1650 3138 1712; x_wconf 86' lang='grc'><strong>6.</strong></span> <span class='ocrx_word' id='word_1_222' title='bbox 3171 1651 3229 1704; x_wconf 90' lang='grc' dir='ltr'>Ὀ</span> <span class='ocrx_word' id='word_1_223' title='bbox 3269 1650 3326 1702; x_wconf 81' lang='grc' dir='ltr'><strong>δὲ</strong></span> <span class='ocrx_word' id='word_1_224' title='bbox 3357 1647 3511 1711; x_wconf 80' lang='grc' dir='ltr'>λέων,</span> <span class='ocrx_word' id='word_1_225' title='bbox 3535 1644 3615 1707; x_wconf 84' lang='grc' dir='ltr'>ὡς</span> <span class='ocrx_word' id='word_1_226' title='bbox 3637 1645 3872 1714; x_wconf 64' lang='lat' dir='ltr'><strong>impet-</strong></span> 
     </span>
    </p>
   </div>
   <div class='ocr_carea' id='block_1_33' title="bbox 2296 1735 3870 1818">
    <p class='ocr_par' dir='ltr' id='par_1_33' title="bbox 2296 1735 3870 1818">
     <span class='ocr_line' id='line_1_33' title="bbox 2296 1735 3870 1818; baseline -0.01 -17"><span class='ocrx_word' id='word_1_227' title='bbox 2296 1767 2407 1814; x_wconf 79' lang='grc' dir='ltr'>ται,</span> <span class='ocrx_word' id='word_1_228' title='bbox 2451 1749 2718 1818; x_wconf 79' lang='grc' dir='ltr'><strong>γηράσας,</strong></span> <span class='ocrx_word' id='word_1_229' title='bbox 2763 1746 2890 1816; x_wconf 76' lang='grc' dir='ltr'>περὶ</span> <span class='ocrx_word' id='word_1_230' title='bbox 2932 1743 3026 1806; x_wconf 80' lang='grc' dir='ltr'><strong>τὰς</strong></span> <span class='ocrx_word' id='word_1_231' title='bbox 3073 1741 3252 1805; x_wconf 76' lang='grc' dir='ltr'>πόλεις</span> <span class='ocrx_word' id='word_1_232' title='bbox 3309 1739 3550 1808; x_wconf 80' lang='grc' dir='ltr'><strong>νέμεται,</strong></span> <span class='ocrx_word' id='word_1_233' title='bbox 3607 1735 3870 1805; x_wconf 75' lang='grc' dir='ltr'>θηρεύειν</span> 
     </span>
    </p>
   </div>
   <div class='ocr_carea' id='block_1_34' title="bbox 618 1811 3864 1909">
    <p class='ocr_par' dir='ltr' id='par_1_34' title="bbox 618 1811 3864 1909">
     <span class='ocr_line' id='line_1_34' title="bbox 618 1811 3864 1909; baseline 0.002 -30"><span class='ocrx_word' id='word_1_234' title='bbox 618 1828 1028 1898; x_wconf 84' lang='lat' dir='ltr'><strong>Quadrupedum</strong></span> <span class='ocrx_word' id='word_1_235' title='bbox 1049 1847 1163 1898; x_wconf 83' lang='lat' dir='ltr'><strong>qua:</strong></span> <span class='ocrx_word' id='word_1_236' title='bbox 1184 1829 1611 1898; x_wconf 83' lang='lat' dir='ltr'><strong>multiﬁdasunt,</strong></span> <span class='ocrx_word' id='word_1_237' title='bbox 1634 1839 1688 1881; x_wconf 90' lang='lat' dir='ltr'><strong>ut</strong></span> <span class='ocrx_word' id='word_1_238' title='bbox 1711 1831 1881 1892; x_wconf 86' lang='lat' dir='ltr'><strong>canis,</strong></span> <span class='ocrx_word' id='word_1_239' title='bbox 1903 1828 2195 1896; x_wconf 77' lang='lat' dir='ltr'><strong>leo,lupuso</strong></span> <span class='ocrx_word' id='word_1_240' title='bbox 2233 1811 2270 1865; x_wconf 74' lang='grc' dir='ltr'><strong><em>Β</em></strong></span> <span class='ocrx_word' id='word_1_241' title='bbox 2301 1811 2475 1894; x_wconf 47' lang='grc' dir='ltr'>θέλξον</span> <span class='ocrx_word' id='word_1_242' title='bbox 2513 1811 2868 1909; x_wconf 48' lang='grc' dir='ltr'><strong>’ἀνθρώ-κτους.</strong></span> <span class='ocrx_word' id='word_1_243' title='bbox 2922 1834 3193 1898; x_wconf 63' lang='lat' dir='ltr'><strong>Elianus,</strong></span> <span class='ocrx_word' id='word_1_244' title='bbox 3251 1831 3326 1884; x_wconf 86' lang='lat' dir='ltr'><strong>De</strong></span> <span class='ocrx_word' id='word_1_245' title='bbox 3380 1830 3566 1883; x_wconf 76' lang='lat' dir='ltr'><strong>histor.</strong></span> <span class='ocrx_word' id='word_1_246' title='bbox 3633 1827 3864 1880; x_wconf 69' lang='lat' dir='ltr'><strong>animal.</strong></span> 
     </span>
    </p>
   </div>
   <div class='ocr_carea' id='block_1_35' title="bbox 616 1920 2186 1999">
    <p class='ocr_par' dir='ltr' id='par_1_35' title="bbox 616 1920 2177 1991">
     <span class='ocr_line' id='line_1_35' title="bbox 616 1920 2177 1991; baseline -0.001 -20"><span class='ocrx_word' id='word_1_247' title='bbox 616 1920 811 1986; x_wconf 83' lang='lat' dir='ltr'><strong>rulpes,</strong></span> <span class='ocrx_word' id='word_1_248' title='bbox 864 1921 1016 1990; x_wconf 87' lang='lat' dir='ltr'><strong>lupus</strong></span> <span class='ocrx_word' id='word_1_249' title='bbox 1054 1927 1339 1986; x_wconf 81' lang='lat' dir='ltr'><strong>cervarius,</strong></span> <span class='ocrx_word' id='word_1_250' title='bbox 1375 1924 1550 1976; x_wconf 87' lang='lat' dir='ltr'><strong>omnia</strong></span> <span class='ocrx_word' id='word_1_251' title='bbox 1576 1938 1739 1986; x_wconf 72' lang='lat' dir='ltr'><strong>cwcos</strong></span> <span class='ocrx_word' id='word_1_252' title='bbox 1773 1931 2039 1991; x_wconf 79' lang='lat' dir='ltr'><strong>generant,</strong></span> <span class='ocrx_word' id='word_1_253' title='bbox 2061 1928 2177 1988; x_wconf 87' lang='lat' dir='ltr'><strong>post</strong></span> 
     </span>
    </p>
   </div>
   <div class='ocr_carea' id='block_1_36' title="bbox 2287 1920 3873 1999">
    <p class='ocr_par' dir='ltr' id='par_1_36' title="bbox 2289 1922 3873 1999">
     <span class='ocr_line' id='line_1_36' title="bbox 2289 1922 3873 1999; baseline -0.01 -15"><span class='ocrx_word' id='word_1_254' title='bbox 2289 1932 2383 1986; x_wconf 86' lang='lat' dir='ltr'><strong>lib.</strong></span> <span class='ocrx_word' id='word_1_255' title='bbox 2443 1947 2518 1994; x_wconf 82' lang='lat' dir='ltr'><strong>Iv,</strong></span> <span class='ocrx_word' id='word_1_256' title='bbox 2568 1945 2689 1999; x_wconf 88' lang='lat' dir='ltr'><strong>cap.</strong></span> <span class='ocrx_word' id='word_1_257' title='bbox 2728 1929 2826 1992; x_wconf 71' lang='grc'><strong>54,</strong></span> <span class='ocrx_word' id='word_1_258' title='bbox 2863 1927 2968 1980; x_wconf 84' lang='grc' dir='ltr'><strong>Τοῦ</strong></span> <span class='ocrx_word' id='word_1_259' title='bbox 3033 1928 3215 1996; x_wconf 79' lang='grc' dir='ltr'>γήρως</span> <span class='ocrx_word' id='word_1_260' title='bbox 3244 1923 3300 1977; x_wconf 82' lang='grc' dir='ltr'><strong>δὲ</strong></span> <span class='ocrx_word' id='word_1_261' title='bbox 3343 1922 3744 1992; x_wconf 74' lang='grc' dir='ltr'>ἐπαρχόμενος,</span> <span class='ocrx_word' id='word_1_262' title='bbox 3779 1924 3873 1979; x_wconf 63' lang='grc' dir='ltr'>καὶ</span> 
     </span>
    </p>
   </div>
   <div class='ocr_carea' id='block_1_37' title="bbox 612 2007 2186 2088">
    <p class='ocr_par' dir='ltr' id='par_1_37' title="bbox 612 2010 2179 2083">
     <span class='ocr_line' id='line_1_37' title="bbox 612 2010 2179 2083; baseline 0 -21"><span class='ocrx_word' id='word_1_263' title='bbox 612 2010 871 2078; x_wconf 79' lang='lat' dir='ltr'><strong>palpebra:</strong></span> <span class='ocrx_word' id='word_1_264' title='bbox 894 2013 1261 2075; x_wconf 79' lang='lat' dir='ltr'><strong>dehiscunt;et</strong></span> <span class='ocrx_word' id='word_1_265' title='bbox 1287 2015 1379 2067; x_wconf 90' lang='lat' dir='ltr'><strong>lib.</strong></span> <span class='ocrx_word' id='word_1_266' title='bbox 1435 2029 1507 2079; x_wconf 83' lang='lat' dir='ltr'><strong>IV,</strong></span> <span class='ocrx_word' id='word_1_267' title='bbox 1534 2028 1655 2083; x_wconf 89' lang='lat' dir='ltr'><strong>cap.</strong></span> <span class='ocrx_word' id='word_1_268' title='bbox 1677 2011 1728 2070; x_wconf 90' lang='lat'><strong>6,</strong></span> <span class='ocrx_word' id='word_1_269' title='bbox 1757 2011 2013 2078; x_wconf 68' lang='lat' dir='ltr'><strong>Quadam</strong></span> <span class='ocrx_word' id='word_1_270' title='bbox 2040 2012 2179 2064; x_wconf 87' lang='lat' dir='ltr'><strong>enim</strong></span> 
     </span>
    </p>
   </div>
   <div class='ocr_carea' id='block_1_38' title="bbox 2287 2007 3872 2088">
    <p class='ocr_par' dir='ltr' id='par_1_38' title="bbox 2287 2007 3872 2088">
     <span class='ocr_line' id='line_1_38' title="bbox 2287 2007 3872 2088; baseline -0.01 -14"><span class='ocrx_word' id='word_1_271' title='bbox 2287 2022 2387 2074; x_wconf 81' lang='grc' dir='ltr'>ὑπὸ</span> <span class='ocrx_word' id='word_1_272' title='bbox 2423 2020 2492 2072; x_wconf 83' lang='grc' dir='ltr'><strong>τὰ</strong></span> <span class='ocrx_word' id='word_1_273' title='bbox 2521 2019 2684 2074; x_wconf 70' lang='grc' dir='ltr'>αὔλια</span> <span class='ocrx_word' id='word_1_274' title='bbox 2709 2023 2945 2088; x_wconf 72' lang='grc' dir='ltr'>ἔρχεται,</span> <span class='ocrx_word' id='word_1_275' title='bbox 2979 2018 3071 2069; x_wconf 75' lang='grc' dir='ltr'>καὶ</span> <span class='ocrx_word' id='word_1_276' title='bbox 3111 2013 3201 2066; x_wconf 76' lang='grc' dir='ltr'><strong>ἐπὶ</strong></span> <span class='ocrx_word' id='word_1_277' title='bbox 3233 2013 3327 2076; x_wconf 81' lang='grc' dir='ltr'><strong>τὰς</strong></span> <span class='ocrx_word' id='word_1_278' title='bbox 3357 2011 3617 2075; x_wconf 73' lang='grc' dir='ltr'>καλύϐας,</span> <span class='ocrx_word' id='word_1_279' title='bbox 3645 2011 3748 2061; x_wconf 70' lang='grc' dir='ltr'><strong>καὶ</strong></span> <span class='ocrx_word' id='word_1_280' title='bbox 3779 2007 3872 2059; x_wconf 75' lang='grc' dir='ltr'>ἐπὶ</span> 
     </span>
    </p>
   </div>
   <div class='ocr_carea' id='block_1_39' title="bbox 611 2101 2186 2181">
    <p class='ocr_par' dir='ltr' id='par_1_39' title="bbox 611 2102 2180 2173">
     <span class='ocr_line' id='line_1_39' title="bbox 611 2102 2180 2173; baseline -0.001 -19"><span class='ocrx_word' id='word_1_281' title='bbox 611 2116 678 2154; x_wconf 81' lang='lat' dir='ltr'><strong>e1:</strong></span> <span class='ocrx_word' id='word_1_282' title='bbox 708 2102 773 2154; x_wconf 77' lang='lat' dir='ltr'><strong>iis</strong></span> <span class='ocrx_word' id='word_1_283' title='bbox 820 2105 1024 2156; x_wconf 83' lang='lat' dir='ltr'><strong>catulos</strong></span> <span class='ocrx_word' id='word_1_284' title='bbox 1059 2105 1427 2159; x_wconf 87' lang='lat' dir='ltr'><strong>iuarticulatos</strong></span> <span class='ocrx_word' id='word_1_285' title='bbox 1461 2104 1830 2173; x_wconf 85' lang='lat' dir='ltr'><strong>propemodum</strong></span> <span class='ocrx_word' id='word_1_286' title='bbox 1856 2104 2090 2169; x_wconf 83' lang='lat' dir='ltr'><strong>pariunt,</strong></span> <span class='ocrx_word' id='word_1_287' title='bbox 2126 2112 2180 2153; x_wconf 88' lang='lat' dir='ltr'><strong>ut</strong></span> 
     </span>
    </p>
   </div>
   <div class='ocr_carea' id='block_1_40' title="bbox 2287 2101 3871 2181">
    <p class='ocr_par' dir='ltr' id='par_1_40' title="bbox 2287 2101 3871 2181">
     <span class='ocr_line' id='line_1_40' title="bbox 2287 2101 3871 2181; baseline -0.008 -16"><span class='ocrx_word' id='word_1_288' title='bbox 2287 2113 2380 2176; x_wconf 71' lang='grc' dir='ltr'><strong>τὰς</strong></span> <span class='ocrx_word' id='word_1_289' title='bbox 2408 2112 2650 2181; x_wconf 75' lang='grc' dir='ltr'>οἰκήσεις</span> <span class='ocrx_word' id='word_1_290' title='bbox 2675 2111 2770 2173; x_wconf 78' lang='grc' dir='ltr'><strong>τὰς</strong></span> <span class='ocrx_word' id='word_1_291' title='bbox 2809 2109 2914 2161; x_wconf 81' lang='grc' dir='ltr'><strong>τῶν</strong></span> <span class='ocrx_word' id='word_1_292' title='bbox 2951 2107 3156 2178; x_wconf 83' lang='grc' dir='ltr'><strong>νομέων</strong></span> <span class='ocrx_word' id='word_1_293' title='bbox 3199 2105 3296 2166; x_wconf 78' lang='grc' dir='ltr'>τὰς</span> <span class='ocrx_word' id='word_1_294' title='bbox 3349 2104 3671 2173; x_wconf 74' lang='grc' dir='ltr'><strong>ὑπάντρους.</strong></span> <span class='ocrx_word' id='word_1_295' title='bbox 3739 2101 3871 2160; x_wconf 66' lang='lat' dir='ltr'><strong>Tui;</strong></span> 
     </span>
    </p>
   </div>
   <div class='ocr_carea' id='block_1_41' title="bbox 616 2190 2186 2277">
    <p class='ocr_par' dir='ltr' id='par_1_41' title="bbox 616 2190 2184 2258">
     <span class='ocr_line' id='line_1_41' title="bbox 616 2190 2184 2258; baseline 0.003 -18"><span class='ocrx_word' id='word_1_296' title='bbox 616 2190 812 2256; x_wconf 81' lang='lat' dir='ltr'><strong>vulpes,</strong></span> <span class='ocrx_word' id='word_1_297' title='bbox 839 2206 988 2256; x_wconf 82' lang='lat' dir='ltr'><strong>ursa,</strong></span> <span class='ocrx_word' id='word_1_298' title='bbox 1019 2192 1205 2255; x_wconf 73' lang='lat' dir='ltr'><strong>lemna,</strong></span> <span class='ocrx_word' id='word_1_299' title='bbox 1240 2204 1288 2247; x_wconf 88' lang='lat' dir='ltr'><strong>et</strong></span> <span class='ocrx_word' id='word_1_300' title='bbox 1317 2195 1428 2247; x_wconf 89' lang='lat' dir='ltr'><strong>alia</strong></span> <span class='ocrx_word' id='word_1_301' title='bbox 1457 2193 1736 2256; x_wconf 83' lang='lat' dir='ltr'><strong>nonnulla,</strong></span> <span class='ocrx_word' id='word_1_302' title='bbox 1761 2193 1850 2247; x_wconf 78' lang='lat' dir='ltr'><strong>sed</strong></span> <span class='ocrx_word' id='word_1_303' title='bbox 1880 2193 2056 2246; x_wconf 86' lang='lat' dir='ltr'><strong>omnia</strong></span> <span class='ocrx_word' id='word_1_304' title='bbox 2079 2192 2184 2258; x_wconf 80' lang='lat' dir='ltr'><strong>{ere</strong></span> 
     </span>
    </p>
   </div>
   <div class='ocr_carea' id='block_1_42' title="bbox 2287 2190 3869 2277">
    <p class='ocr_par' dir='ltr' id='par_1_42' title="bbox 2287 2194 3869 2277">
     <span class='ocr_line' id='line_1_42' title="bbox 2287 2194 3869 2277; baseline -0.008 -21"><span class='ocrx_word' id='word_1_305' title='bbox 2287 2205 2391 2277; x_wconf 85' lang='grc' dir='ltr'><strong>γὰρ</strong></span> <span class='ocrx_word' id='word_1_306' title='bbox 2447 2205 2642 2274; x_wconf 80' lang='grc' dir='ltr'><strong>ὀρείοις</strong></span> <span class='ocrx_word' id='word_1_307' title='bbox 2695 2202 2772 2254; x_wconf 74' lang='grc' dir='ltr'>ἔτι</span> <span class='ocrx_word' id='word_1_308' title='bbox 2809 2201 3001 2272; x_wconf 78' lang='grc' dir='ltr'><strong>Θήραις</strong></span> <span class='ocrx_word' id='word_1_309' title='bbox 3054 2197 3366 2268; x_wconf 77' lang='grc' dir='ltr'>ὲπιθαρῤεῖν</span> <span class='ocrx_word' id='word_1_310' title='bbox 3394 2194 3654 2256; x_wconf 73' lang='grc' dir='ltr'>ἀδύνατός</span> <span class='ocrx_word' id='word_1_311' title='bbox 3691 2195 3869 2244; x_wconf 72' lang='grc' dir='ltr'>ἐστιν,</span> 
     </span>
    </p>
   </div>
   <div class='ocr_carea' id='block_1_43' title="bbox 615 2285 2180 2353">
    <p class='ocr_par' dir='ltr' id='par_1_43' title="bbox 615 2285 2180 2353">
     <span class='ocr_line' id='line_1_43' title="bbox 615 2285 2180 2353; baseline 0.003 -23"><span class='ocrx_word' id='word_1_312' title='bbox 615 2295 801 2344; x_wconf 67' lang='lat' dir='ltr'><strong>caecos,</strong></span> <span class='ocrx_word' id='word_1_313' title='bbox 828 2293 884 2335; x_wconf 88' lang='lat' dir='ltr'><strong>ut</strong></span> <span class='ocrx_word' id='word_1_314' title='bbox 912 2301 974 2336; x_wconf 89' lang='lat' dir='ltr'><strong>ea</strong></span> <span class='ocrx_word' id='word_1_315' title='bbox 999 2301 1114 2353; x_wconf 72' lang='lat' dir='ltr'><strong>qum</strong></span> <span class='ocrx_word' id='word_1_316' title='bbox 1138 2285 1290 2339; x_wconf 90' lang='lat' dir='ltr'><strong>modo</strong></span> <span class='ocrx_word' id='word_1_317' title='bbox 1314 2286 1427 2338; x_wconf 73' lang='lat' dir='ltr'><strong>dixi</strong></span> <span class='ocrx_word' id='word_1_318' title='bbox 1460 2294 1614 2353; x_wconf 89' lang='lat' dir='ltr'><strong>atque</strong></span> <span class='ocrx_word' id='word_1_319' title='bbox 1641 2287 1801 2338; x_wconf 86' lang='lat' dir='ltr'><strong>etiam</strong></span> <span class='ocrx_word' id='word_1_320' title='bbox 1833 2286 2002 2346; x_wconf 87' lang='lat' dir='ltr'><strong>canis,</strong></span> <span class='ocrx_word' id='word_1_321' title='bbox 2037 2285 2180 2352; x_wconf 83' lang='lat' dir='ltr'><strong>lupa,</strong></span> 
     </span>
    </p>
   </div>
   <div class='ocr_carea' id='block_1_44' title="bbox 618 2367 2180 2444">
    <p class='ocr_par' dir='ltr' id='par_1_44' title="bbox 618 2367 2180 2444">
     <span class='ocr_line' id='line_1_44' title="bbox 618 2367 2180 2444; baseline 0.003 -22"><span class='ocrx_word' id='word_1_322' title='bbox 618 2374 770 2440; x_wconf 86' lang='lat' dir='ltr'><strong>lupus</strong></span> <span class='ocrx_word' id='word_1_323' title='bbox 800 2378 1085 2429; x_wconf 82' lang='lat' dir='ltr'><strong>ccrvarius.</strong></span> <span class='ocrx_word' id='word_1_324' title='bbox 1128 2374 1192 2428; x_wconf 84' lang='lat' dir='ltr'><strong>Et</strong></span> <span class='ocrx_word' id='word_1_325' title='bbox 1225 2367 1364 2429; x_wconf 87' lang='lat' dir='ltr'><strong>inter</strong></span> <span class='ocrx_word' id='word_1_326' title='bbox 1387 2375 1488 2430; x_wconf 89' lang='lat' dir='ltr'><strong>hos</strong></span> <span class='ocrx_word' id='word_1_327' title='bbox 1525 2384 1735 2430; x_wconf 90' lang='lat' dir='ltr'><strong>tantum</strong></span> <span class='ocrx_word' id='word_1_328' title='bbox 1775 2377 1975 2444; x_wconf 81' lang='lat' dir='ltr'><strong>excipit</strong></span> <span class='ocrx_word' id='word_1_329' title='bbox 2006 2390 2180 2434; x_wconf 83' lang='lat' dir='ltr'><strong>suem,</strong></span> 
     </span>
    </p>
   </div>
   <div class='ocr_carea' id='block_1_45' title="bbox 615 2467 2182 2538">
    <p class='ocr_par' dir='ltr' id='par_1_45' title="bbox 615 2467 2182 2538">
     <span class='ocr_line' id='line_1_45' title="bbox 615 2467 2182 2538; baseline 0.001 -20"><span class='ocrx_word' id='word_1_330' title='bbox 615 2480 736 2534; x_wconf 67' lang='lat' dir='ltr'><strong>quae</strong></span> <span class='ocrx_word' id='word_1_331' title='bbox 793 2467 907 2520; x_wconf 89' lang='lat' dir='ltr'><strong>sola</strong></span> <span class='ocrx_word' id='word_1_332' title='bbox 955 2468 1095 2536; x_wconf 83' lang='lat' dir='ltr'><strong>parit</strong></span> <span class='ocrx_word' id='word_1_333' title='bbox 1141 2469 1433 2537; x_wconf 75' lang='lat' dir='ltr'><strong>perfectos.</strong></span> <span class='ocrx_word' id='word_1_334' title='bbox 1468 2467 1544 2521; x_wconf 82' lang='lat' dir='ltr'><strong>Ex</strong></span> <span class='ocrx_word' id='word_1_335' title='bbox 1599 2468 1797 2538; x_wconf 86' lang='lat' dir='ltr'><strong>quibus</strong></span> <span class='ocrx_word' id='word_1_336' title='bbox 1840 2469 2047 2521; x_wconf 85' lang='lat' dir='ltr'><strong>clarum</strong></span> <span class='ocrx_word' id='word_1_337' title='bbox 2077 2477 2182 2528; x_wconf 89' lang='lat' dir='ltr'><strong>est,</strong></span> 
     </span>
    </p>
   </div>
   <div class='ocr_carea' id='block_1_46' title="bbox 619 2555 2186 2627">
    <p class='ocr_par' dir='ltr' id='par_1_46' title="bbox 619 2555 2186 2627">
     <span class='ocr_line' id='line_1_46' title="bbox 619 2555 2186 2627; baseline 0.001 -19"><span class='ocrx_word' id='word_1_338' title='bbox 619 2555 844 2608; x_wconf 67' lang='lat' dir='ltr'><strong>leaenam</strong></span> <span class='ocrx_word' id='word_1_339' title='bbox 903 2558 1078 2610; x_wconf 91' lang='lat' dir='ltr'><strong>oculis</strong></span> <span class='ocrx_word' id='word_1_340' title='bbox 1135 2559 1373 2612; x_wconf 86' lang='lat' dir='ltr'><strong>occlusis</strong></span> <span class='ocrx_word' id='word_1_341' title='bbox 1427 2557 1566 2612; x_wconf 83' lang='lat' dir='ltr'><strong>ﬁlios</strong></span> <span class='ocrx_word' id='word_1_342' title='bbox 1608 2559 1842 2627; x_wconf 76' lang='lat' dir='ltr'><strong>gignere.</strong></span> <span class='ocrx_word' id='word_1_343' title='bbox 1878 2555 2026 2610; x_wconf 85' lang='lat' dir='ltr'><strong>Vana</strong></span> <span class='ocrx_word' id='word_1_344' title='bbox 2057 2572 2186 2625; x_wconf 79' lang='lat' dir='ltr'><strong>ergo</strong></span> 
     </span>
    </p>
   </div>
   <div class='ocr_carea' id='block_1_47' title="bbox 614 2647 2187 2718">
    <p class='ocr_par' dir='ltr' id='par_1_47' title="bbox 614 2647 2187 2718">
     <span class='ocr_line' id='line_1_47' title="bbox 614 2647 2187 2718; baseline 0 -18"><span class='ocrx_word' id='word_1_345' title='bbox 614 2648 718 2700; x_wconf 82' lang='lat' dir='ltr'><strong>erit</strong></span> <span class='ocrx_word' id='word_1_346' title='bbox 753 2662 814 2700; x_wconf 90' lang='lat' dir='ltr'><strong>ac</strong></span> <span class='ocrx_word' id='word_1_347' title='bbox 847 2647 1014 2703; x_wconf 81' lang='lat' dir='ltr'><strong>futilis</strong></span> <span class='ocrx_word' id='word_1_348' title='bbox 1049 2649 1134 2701; x_wconf 90' lang='lat' dir='ltr'><strong>illa</strong></span> <span class='ocrx_word' id='word_1_349' title='bbox 1169 2665 1265 2717; x_wconf 90' lang='lat' dir='ltr'><strong>pro</strong></span> <span class='ocrx_word' id='word_1_350' title='bbox 1308 2648 1616 2704; x_wconf 88' lang='lat' dir='ltr'><strong>Democrito</strong></span> <span class='ocrx_word' id='word_1_351' title='bbox 1665 2649 1966 2718; x_wconf 86' lang='lat' dir='ltr'><strong>responsio.</strong></span> <span class='ocrx_word' id='word_1_352' title='bbox 1997 2648 2187 2703; x_wconf 70' lang='lat' dir='ltr'><strong>Demo-</strong></span> 
     </span>
    </p>
   </div>
   <div class='ocr_carea' id='block_1_48' title="bbox 615 2739 2021 2807">
    <p class='ocr_par' dir='ltr' id='par_1_48' title="bbox 615 2739 2021 2807">
     <span class='ocr_line' id='line_1_48' title="bbox 615 2739 2021 2807; baseline 0.004 -17"><span class='ocrx_word' id='word_1_353' title='bbox 615 2739 739 2791; x_wconf 90' lang='lat' dir='ltr'><strong>criti</strong></span> <span class='ocrx_word' id='word_1_354' title='bbox 764 2741 1072 2807; x_wconf 81' lang='lat' dir='ltr'><strong>opiuioncm</strong></span> <span class='ocrx_word' id='word_1_355' title='bbox 1109 2750 1331 2795; x_wconf 87' lang='lat' dir='ltr'><strong>secutus</strong></span> <span class='ocrx_word' id='word_1_356' title='bbox 1365 2751 1447 2795; x_wconf 87' lang='lat' dir='ltr'><strong>est</strong></span> <span class='ocrx_word' id='word_1_357' title='bbox 1475 2741 1636 2796; x_wconf 89' lang='lat' dir='ltr'><strong>etiam</strong></span> <span class='ocrx_word' id='word_1_358' title='bbox 1677 2739 2021 2796; x_wconf 87' lang='lat' dir='ltr'><strong>Plutarchus.</strong></span> 
     </span>
    </p>
   </div>
   <div class='ocr_carea' id='block_1_49' title="bbox 686 2828 2186 2901">
    <p class='ocr_par' dir='ltr' id='par_1_49' title="bbox 686 2828 2186 2901">
     <span class='ocr_line' id='line_1_49' title="bbox 686 2828 2186 2901; baseline 0.004 -21"><span class='ocrx_word' id='word_1_359' title='bbox 686 2828 848 2891; x_wconf 89' lang='lat' dir='ltr'><strong>lbid.,</strong></span> <span class='ocrx_word' id='word_1_360' title='bbox 883 2830 977 2882; x_wconf 89' lang='lat' dir='ltr'><strong>lin.</strong></span> <span class='ocrx_word' id='word_1_361' title='bbox 1032 2830 1120 2882; x_wconf 79' lang='grc'><strong>55.</strong></span> <span class='ocrx_word' id='word_1_362' title='bbox 1152 2830 1258 2882; x_wconf 77' lang='grc' dir='ltr'><strong>Καὶ</strong></span> <span class='ocrx_word' id='word_1_363' title='bbox 1302 2831 1455 2896; x_wconf 76' lang='grc' dir='ltr'>τρεῖς</span> <span class='ocrx_word' id='word_1_364' title='bbox 1481 2831 1723 2898; x_wconf 77' lang='grc' dir='ltr'><strong>ἡμέρας.</strong></span> <span class='ocrx_word' id='word_1_365' title='bbox 1769 2831 2103 2901; x_wconf 80' lang='lat' dir='ltr'><strong>Epiphanius</strong></span> <span class='ocrx_word' id='word_1_366' title='bbox 2133 2834 2186 2886; x_wconf 87' lang='lat' dir='ltr'><strong>in</strong></span> 
     </span>
    </p>
   </div>
   <div class='ocr_carea' id='block_1_50' title="bbox 620 2918 2190 2990">
    <p class='ocr_par' dir='ltr' id='par_1_50' title="bbox 620 2918 2190 2990">
     <span class='ocr_line' id='line_1_50' title="bbox 620 2918 2190 2990; baseline 0.003 -20"><span class='ocrx_word' id='word_1_367' title='bbox 620 2918 960 2988; x_wconf 77' lang='lat' dir='ltr'><strong>Physiologo,</strong></span> <span class='ocrx_word' id='word_1_368' title='bbox 986 2933 1107 2988; x_wconf 87' lang='lat' dir='ltr'><strong>cap.</strong></span> <span class='ocrx_word' id='word_1_369' title='bbox 1131 2918 1186 2981; x_wconf 72' lang='grc'>2,</span> <span class='ocrx_word' id='word_1_370' title='bbox 1208 2920 1376 2972; x_wconf 85' lang='grc' dir='ltr'>Ὅταν</span> <span class='ocrx_word' id='word_1_371' title='bbox 1399 2919 1618 2990; x_wconf 77' lang='grc' dir='ltr'>τέξηται</span> <span class='ocrx_word' id='word_1_372' title='bbox 1644 2921 1736 2972; x_wconf 81' lang='grc' dir='ltr'><strong>τὸν</strong></span> <span class='ocrx_word' id='word_1_373' title='bbox 1765 2921 1931 2990; x_wconf 70' lang='grc' dir='ltr'>αὐτῆς</span> <span class='ocrx_word' id='word_1_374' title='bbox 1956 2921 2190 2990; x_wconf 84' lang='grc' dir='ltr'><strong>σκύμνον</strong></span> 
     </span>
    </p>
   </div>
   <div class='ocr_carea' id='block_1_51' title="bbox 621 3010 2189 3083">
    <p class='ocr_par' dir='ltr' id='par_1_51' title="bbox 621 3010 2189 3083">
     <span class='ocr_line' id='line_1_51' title="bbox 621 3010 2189 3083; baseline 0.002 -21"><span class='ocrx_word' id='word_1_375' title='bbox 621 3012 649 3080; x_wconf 74' lang='grc' dir='ltr'>ἡ</span> <span class='ocrx_word' id='word_1_376' title='bbox 694 3011 902 3072; x_wconf 82' lang='grc' dir='ltr'>λέαινα,</span> <span class='ocrx_word' id='word_1_377' title='bbox 932 3010 1132 3063; x_wconf 77' lang='grc' dir='ltr'>ἄπνουν</span> <span class='ocrx_word' id='word_1_378' title='bbox 1160 3028 1217 3062; x_wconf 87' lang='grc' dir='ltr'><strong>τε</strong></span> <span class='ocrx_word' id='word_1_379' title='bbox 1252 3011 1346 3063; x_wconf 75' lang='grc' dir='ltr'><strong>καὶ</strong></span> <span class='ocrx_word' id='word_1_380' title='bbox 1374 3011 1568 3078; x_wconf 76' lang='grc' dir='ltr'>τυφλὸν</span> <span class='ocrx_word' id='word_1_381' title='bbox 1603 3012 1958 3081; x_wconf 81' lang='grc' dir='ltr'>τυγχανόντα,</span> <span class='ocrx_word' id='word_1_382' title='bbox 1991 3013 2189 3083; x_wconf 74' lang='grc' dir='ltr'><strong>ἐμϐλέ-</strong></span> 
     </span>
    </p>
   </div>
   <div class='ocr_carea' id='block_1_52' title="bbox 2286 2287 3602 2364">
    <p class='ocr_par' dir='ltr' id='par_1_52' title="bbox 2286 2287 3602 2364">
     <span class='ocr_line' id='line_1_52' title="bbox 2286 2287 3602 2364; baseline -0.008 -14"><span class='ocrx_word' id='word_1_383' title='bbox 2286 2297 2417 2364; x_wconf 69' lang='lat' dir='ltr'><strong>Quae</strong></span> <span class='ocrx_word' id='word_1_384' title='bbox 2452 2297 2523 2348; x_wconf 89' lang='lat' dir='ltr'><strong>ita</strong></span> <span class='ocrx_word' id='word_1_385' title='bbox 2549 2294 2788 2349; x_wconf 89' lang='lat' dir='ltr'><strong>carmine</strong></span> <span class='ocrx_word' id='word_1_386' title='bbox 2825 2290 3094 2362; x_wconf 71' lang='lat' dir='ltr'><strong>expressit</strong></span> <span class='ocrx_word' id='word_1_387' title='bbox 3115 2290 3265 2343; x_wconf 85' lang='lat' dir='ltr'><strong>Phile</strong></span> <span class='ocrx_word' id='word_1_388' title='bbox 3298 2293 3352 2342; x_wconf 90' lang='lat' dir='ltr'><strong>in</strong></span> <span class='ocrx_word' id='word_1_389' title='bbox 3384 2287 3602 2340; x_wconf 87' lang='lat' dir='ltr'><strong>iambis.</strong></span> 
     </span>
    </p>
   </div>
   <div class='ocr_carea' id='block_1_53' title="bbox 2361 2423 3628 2498">
    <p class='ocr_par' dir='ltr' id='par_1_53' title="bbox 2361 2423 3628 2498">
     <span class='ocr_line' id='line_1_53' title="bbox 2361 2423 3628 2498; baseline -0.007 -16"><span class='ocrx_word' id='word_1_390' title='bbox 2361 2431 2556 2482; x_wconf 77' lang='grc' dir='ltr'><em>Ὀταν</em></span> <span class='ocrx_word' id='word_1_391' title='bbox 2585 2429 2654 2481; x_wconf 80' lang='grc' dir='ltr'><strong>δὲ</strong></span> <span class='ocrx_word' id='word_1_392' title='bbox 2682 2425 2861 2498; x_wconf 68' lang='grc' dir='ltr'><strong>γηρᾷ,</strong></span> <span class='ocrx_word' id='word_1_393' title='bbox 2881 2425 2977 2479; x_wconf 77' lang='grc' dir='ltr'>καὶ</span> <span class='ocrx_word' id='word_1_394' title='bbox 3007 2425 3232 2495; x_wconf 63' lang='grc' dir='ltr'>τροφῆς</span> <span class='ocrx_word' id='word_1_395' title='bbox 3252 2425 3457 2498; x_wconf 57' lang='grc' dir='ltr'><strong>χρείαν·</strong></span> <span class='ocrx_word' id='word_1_396' title='bbox 3483 2423 3628 2498; x_wconf 60' lang='grc' dir='ltr'>ἔχει,</span> 
     </span>
    </p>
   </div>
   <div class='ocr_carea' id='block_1_54' title="bbox 2374 2491 3679 2566">
    <p class='ocr_par' dir='ltr' id='par_1_54' title="bbox 2374 2491 3679 2566">
     <span class='ocr_line' id='line_1_54' title="bbox 2374 2491 3679 2566; baseline -0.007 -15"><span class='ocrx_word' id='word_1_397' title='bbox 2374 2501 2529 2551; x_wconf 79' lang='grc' dir='ltr'>Ἐπεὶ</span> <span class='ocrx_word' id='word_1_398' title='bbox 2565 2499 2628 2550; x_wconf 79' lang='grc' dir='ltr'><em>τὸ</em></span> <span class='ocrx_word' id='word_1_399' title='bbox 2667 2491 2904 2566; x_wconf 63' lang='grc' dir='ltr'>όαρρεῖν</span> <span class='ocrx_word' id='word_1_400' title='bbox 2941 2491 3128 2561; x_wconf 61' lang='grc' dir='ltr'><strong>εἰς’τῦ</strong></span> <span class='ocrx_word' id='word_1_401' title='bbox 3162 2491 3679 2566; x_wconf 14' lang='grc' dir='ltr'><strong>θηρᾆνῗοὺκγέχει,</strong></span> 
     </span>
    </p>
   </div>
   <div class='ocr_carea' id='block_1_55' title="bbox 2359 2563 3657 2636">
    <p class='ocr_par' dir='ltr' id='par_1_55' title="bbox 2359 2563 3657 2636">
     <span class='ocr_line' id='line_1_55' title="bbox 2359 2563 3657 2636; baseline -0.007 -14"><span class='ocrx_word' id='word_1_402' title='bbox 2359 2568 2540 2634; x_wconf 81' lang='grc' dir='ltr'><strong>Φοιτᾷ</strong></span> <span class='ocrx_word' id='word_1_403' title='bbox 2565 2568 2714 2636; x_wconf 81' lang='grc' dir='ltr'>πρὸς</span> <span class='ocrx_word' id='word_1_404' title='bbox 2735 2563 2956 2635; x_wconf 48' lang='grc' dir='ltr'>ἀγροὺς</span> <span class='ocrx_word' id='word_1_405' title='bbox 2979 2567 3079 2618; x_wconf 73' lang='grc' dir='ltr'>καὶ</span> <span class='ocrx_word' id='word_1_406' title='bbox 3110 2568 3318 2634; x_wconf 77' lang='grc' dir='ltr'>νομαῖς</span> <span class='ocrx_word' id='word_1_407' title='bbox 3336 2563 3657 2626; x_wconf 63' lang='grc' dir='ltr'><strong>ἐταυλίοις.</strong></span> 
     </span>
    </p>
   </div>
   <div class='ocr_carea' id='block_1_56' title="bbox 2289 2666 3862 2747">
    <p class='ocr_par' dir='ltr' id='par_1_56' title="bbox 2289 2666 3862 2747">
     <span class='ocr_line' id='line_1_56' title="bbox 2289 2666 3862 2747; baseline -0.01 -13"><span class='ocrx_word' id='word_1_408' title='bbox 2289 2679 2355 2734; x_wconf 89' lang='grc' dir='ltr'>Ει</span> <span class='ocrx_word' id='word_1_409' title='bbox 2407 2680 2602 2733; x_wconf 85' lang='lat' dir='ltr'><strong>horum</strong></span> <span class='ocrx_word' id='word_1_410' title='bbox 2655 2677 2864 2747; x_wconf 88' lang='lat' dir='ltr'><strong>primus</strong></span> <span class='ocrx_word' id='word_1_411' title='bbox 2930 2675 3248 2730; x_wconf 82' lang='lat' dir='ltr'><strong>Aristoteles</strong></span> <span class='ocrx_word' id='word_1_412' title='bbox 3295 2671 3391 2728; x_wconf 90' lang='lat' dir='ltr'><strong>lib.</strong></span> <span class='ocrx_word' id='word_1_413' title='bbox 3449 2686 3524 2734; x_wconf 79' lang='lat' dir='ltr'><strong>Ix,</strong></span> <span class='ocrx_word' id='word_1_414' title='bbox 3591 2683 3716 2736; x_wconf 87' lang='lat' dir='ltr'><strong>cap.</strong></span> <span class='ocrx_word' id='word_1_415' title='bbox 3777 2666 3862 2720; x_wconf 59' lang='grc' dir='ltr'><strong>μ.</strong></span> 
     </span>
    </p>
   </div>
   <div class='ocr_carea' id='block_1_57' title="bbox 2299 2761 3857 2836">
    <p class='ocr_par' dir='ltr' id='par_1_57' title="bbox 2299 2761 3857 2836">
     <span class='ocr_line' id='line_1_57' title="bbox 2299 2761 3857 2836; baseline -0.011 -11"><span class='ocrx_word' id='word_1_416' title='bbox 2299 2774 2499 2826; x_wconf 59' lang='lat' dir='ltr'><strong>Adeunt</strong></span> <span class='ocrx_word' id='word_1_417' title='bbox 2528 2769 2705 2833; x_wconf 85' lang='lat' dir='ltr'><strong>urbes,</strong></span> <span class='ocrx_word' id='word_1_418' title='bbox 2735 2779 2785 2823; x_wconf 89' lang='lat' dir='ltr'><strong>et</strong></span> <span class='ocrx_word' id='word_1_419' title='bbox 2811 2768 3061 2836; x_wconf 81' lang='lat' dir='ltr'><strong>injuriam</strong></span> <span class='ocrx_word' id='word_1_420' title='bbox 3098 2764 3387 2819; x_wconf 77' lang='lat' dir='ltr'><strong>hominibus</strong></span> <span class='ocrx_word' id='word_1_421' title='bbox 3417 2763 3670 2830; x_wconf 73' lang='lat' dir='ltr'><strong>inferunt,</strong></span> <span class='ocrx_word' id='word_1_422' title='bbox 3697 2761 3857 2825; x_wconf 42' lang='lat' dir='ltr'><strong>potis-</strong></span> 
     </span>
    </p>
   </div>
   <div class='ocr_carea' id='block_1_58' title="bbox 2298 2854 3857 2927">
    <p class='ocr_par' dir='ltr' id='par_1_58' title="bbox 2298 2854 3857 2927">
     <span class='ocr_line' id='line_1_58' title="bbox 2298 2854 3857 2927; baseline -0.01 -12"><span class='ocrx_word' id='word_1_423' title='bbox 2298 2867 2482 2916; x_wconf 70' lang='lat' dir='ltr'><strong>simum</strong></span> <span class='ocrx_word' id='word_1_424' title='bbox 2507 2872 2732 2927; x_wconf 85' lang='lat' dir='ltr'><strong>tempore</strong></span> <span class='ocrx_word' id='word_1_425' title='bbox 2763 2875 2872 2913; x_wconf 70' lang='lat' dir='ltr'><strong>sum</strong></span> <span class='ocrx_word' id='word_1_426' title='bbox 2901 2857 3213 2911; x_wconf 72' lang='lat' dir='ltr'><strong>senectutis:</strong></span> <span class='ocrx_word' id='word_1_427' title='bbox 3246 2865 3366 2907; x_wconf 86' lang='lat' dir='ltr'><strong>tunc</strong></span> <span class='ocrx_word' id='word_1_428' title='bbox 3395 2854 3531 2906; x_wconf 88' lang='lat' dir='ltr'><strong>enim</strong></span> <span class='ocrx_word' id='word_1_429' title='bbox 3559 2868 3653 2918; x_wconf 84' lang='lat' dir='ltr'><strong>per</strong></span> <span class='ocrx_word' id='word_1_430' title='bbox 3673 2864 3857 2917; x_wconf 79' lang='lat' dir='ltr'><strong>corpo-</strong></span> 
     </span>
    </p>
   </div>
   <div class='ocr_carea' id='block_1_59' title="bbox 2299 2943 3857 3017">
    <p class='ocr_par' dir='ltr' id='par_1_59' title="bbox 2299 2943 3857 3017">
     <span class='ocr_line' id='line_1_59' title="bbox 2299 2943 3857 3017; baseline -0.01 -10"><span class='ocrx_word' id='word_1_431' title='bbox 2299 2956 2366 3007; x_wconf 82' lang='lat' dir='ltr'><strong>ris</strong></span> <span class='ocrx_word' id='word_1_432' title='bbox 2397 2953 2831 3017; x_wconf 79' lang='lat' dir='ltr'><strong>imbecillitatem,</strong></span> <span class='ocrx_word' id='word_1_433' title='bbox 2863 2960 2911 3005; x_wconf 91' lang='lat' dir='ltr'><strong>et</strong></span> <span class='ocrx_word' id='word_1_434' title='bbox 2956 2950 3188 3002; x_wconf 89' lang='lat' dir='ltr'><strong>dentium</strong></span> <span class='ocrx_word' id='word_1_435' title='bbox 3211 2946 3542 3015; x_wconf 78' lang='lat' dir='ltr'><strong>defectionem</strong></span> <span class='ocrx_word' id='word_1_436' title='bbox 3575 2943 3758 2995; x_wconf 73' lang='lat' dir='ltr'><strong>venari</strong></span> <span class='ocrx_word' id='word_1_437' title='bbox 3783 2957 3857 2992; x_wconf 79' lang='lat' dir='ltr'><strong>ne-</strong></span> 
     </span>
    </p>
   </div>
   <div class='ocr_carea' id='block_1_60' title="bbox 2300 3055 2506 3114">
    <p class='ocr_par' dir='ltr' id='par_1_60' title="bbox 2300 3055 2506 3114">
     <span class='ocr_line' id='line_1_60' title="bbox 2300 3055 2506 3114; baseline 0.005 -17"><span class='ocrx_word' id='word_1_438' title='bbox 2300 3055 2506 3114; x_wconf 67' lang='lat' dir='ltr'><strong>queunt.</strong></span> 
     </span>
    </p>
   </div>
   <div class='ocr_carea' id='block_1_61' title="bbox 619 3106 3849 3212">
    <p class='ocr_par' dir='ltr' id='par_1_61' title="bbox 619 3106 3849 3212">
     <span class='ocr_line' id='line_1_61' title="bbox 619 3106 3849 3212; baseline -0.011 -2"><span class='ocrx_word' id='word_1_439' title='bbox 619 3124 792 3212; x_wconf 61' lang='grc' dir='ltr'><strong>Ξουθία</strong></span> <span class='ocrx_word' id='word_1_440' title='bbox 823 3106 1238 3212; x_wconf 60' lang='grc' dir='ltr'><strong>,ἴτρθίίαθέξετῗι</strong></span> <span class='ocrx_word' id='word_1_441' title='bbox 1291 3109 1627 3212; x_wconf 44' lang='lat' dir='ltr'><strong>“Em-mf“</strong></span> <span class='ocrx_word' id='word_1_442' title='bbox 1685 3108 1834 3177; x_wconf 58' lang='grc' dir='ltr'><strong>αὐτῷ</strong></span> <span class='ocrx_word' id='word_1_443' title='bbox 1871 3111 2186 3206; x_wconf 63' lang='grc' dir='ltr'><strong>ἶρίήμερον·</strong></span> <span class='ocrx_word' id='word_1_444' title='bbox 2217 3156 2259 3212; x_wconf 72' lang='grc' dir='ltr'>ο</span> <span class='ocrx_word' id='word_1_445' title='bbox 2305 3106 2315 3114; x_wconf 79' lang='grc'><em>’</em></span> <span class='ocrx_word' id='word_1_446' title='bbox 2364 3133 2524 3199; x_wconf 58' lang='lat' dir='ltr'><strong>una,</strong></span> <span class='ocrx_word' id='word_1_447' title='bbox 2579 3134 2674 3187; x_wconf 92' lang='lat' dir='ltr'><strong>lin.</strong></span> <span class='ocrx_word' id='word_1_448' title='bbox 2737 3131 2790 3185; x_wconf 89' lang='lat'><strong>8.</strong></span> <span class='ocrx_word' id='word_1_449' title='bbox 2829 3132 3002 3184; x_wconf 81' lang='grc' dir='ltr'>Ἔστι</span> <span class='ocrx_word' id='word_1_450' title='bbox 3043 3129 3109 3181; x_wconf 78' lang='grc' dir='ltr'><strong>δὲ</strong></span> <span class='ocrx_word' id='word_1_451' title='bbox 3143 3126 3327 3181; x_wconf 83' lang='grc' dir='ltr'>αὑτοῦ</span> <span class='ocrx_word' id='word_1_452' title='bbox 3356 3126 3420 3178; x_wconf 82' lang='grc' dir='ltr'><strong>τὸ</strong></span> <span class='ocrx_word' id='word_1_453' title='bbox 3452 3122 3849 3191; x_wconf 63' lang='grc' dir='ltr'>στόμαειπς-</span> 
     </span>
    </p>
   </div>
   <div class='ocr_carea' id='block_1_62' title="bbox 615 3193 2190 3270">
    <p class='ocr_par' dir='ltr' id='par_1_62' title="bbox 615 3193 2190 3270">
     <span class='ocr_line' id='line_1_62' title="bbox 615 3193 2190 3270; baseline 0.004 -24"><span class='ocrx_word' id='word_1_454' title='bbox 615 3194 767 3247; x_wconf 80' lang='grc' dir='ltr'><strong>Μετὰ</strong></span> <span class='ocrx_word' id='word_1_455' title='bbox 817 3193 873 3245; x_wconf 80' lang='grc' dir='ltr'><strong>δὲ</strong></span> <span class='ocrx_word' id='word_1_456' title='bbox 920 3195 979 3246; x_wconf 83' lang='grc' dir='ltr'>τὸ</span> <span class='ocrx_word' id='word_1_457' title='bbox 1022 3194 1482 3265; x_wconf 76' lang='grc' dir='ltr'>συμπληρωθῆναι</span> <span class='ocrx_word' id='word_1_458' title='bbox 1519 3198 1616 3259; x_wconf 77' lang='grc' dir='ltr'><strong>τὰς</strong></span> <span class='ocrx_word' id='word_1_459' title='bbox 1660 3201 1805 3267; x_wconf 80' lang='grc' dir='ltr'>τρεῖς</span> <span class='ocrx_word' id='word_1_460' title='bbox 1833 3197 1940 3250; x_wconf 83' lang='grc' dir='ltr'>τῶν</span> <span class='ocrx_word' id='word_1_461' title='bbox 1970 3199 2190 3270; x_wconf 81' lang='grc' dir='ltr'>ἡμερῶν</span> 
     </span>
    </p>
   </div>
   <div class='ocr_carea' id='block_1_63' title="bbox 618 3285 2190 3364">
    <p class='ocr_par' dir='ltr' id='par_1_63' title="bbox 618 3285 2190 3364">
     <span class='ocr_line' id='line_1_63' title="bbox 618 3285 2190 3364; baseline 0.003 -28"><span class='ocrx_word' id='word_1_462' title='bbox 618 3285 1003 3357; x_wconf 75' lang='grc' dir='ltr'>προσπελὰζων</span> <span class='ocrx_word' id='word_1_463' title='bbox 1033 3286 1208 3364; x_wconf 61' lang='lat' dir='ltr'><strong>(ipng</strong></span> <span class='ocrx_word' id='word_1_464' title='bbox 1241 3285 1397 3348; x_wconf 81' lang='grc' dir='ltr'>λέων,</span> <span class='ocrx_word' id='word_1_465' title='bbox 1419 3285 1512 3338; x_wconf 67' lang='grc' dir='ltr'>καὶ</span> <span class='ocrx_word' id='word_1_466' title='bbox 1533 3288 1858 3356; x_wconf 63' lang='grc' dir='ltr'>ἐμφυσήσεις</span> <span class='ocrx_word' id='word_1_467' title='bbox 1881 3288 2058 3358; x_wconf 79' lang='grc' dir='ltr'>αὐτῷ,</span> <span class='ocrx_word' id='word_1_468' title='bbox 2096 3292 2190 3342; x_wconf 78' lang='grc' dir='ltr'><strong>καὶ</strong></span> 
     </span>
    </p>
   </div>
   <div class='ocr_carea' id='block_1_64' title="bbox 615 3376 2189 3448">
    <p class='ocr_par' dir='ltr' id='par_1_64' title="bbox 615 3376 2189 3448">
     <span class='ocr_line' id='line_1_64' title="bbox 615 3376 2189 3448; baseline 0.001 -17"><span class='ocrx_word' id='word_1_469' title='bbox 615 3377 776 3440; x_wconf 76' lang='grc' dir='ltr'>εὐθὺς</span> <span class='ocrx_word' id='word_1_470' title='bbox 808 3376 1015 3447; x_wconf 80' lang='grc' dir='ltr'>βλέπει,</span> <span class='ocrx_word' id='word_1_471' title='bbox 1053 3378 1145 3431; x_wconf 75' lang='grc' dir='ltr'>καὶ</span> <span class='ocrx_word' id='word_1_472' title='bbox 1175 3377 1262 3448; x_wconf 78' lang='grc' dir='ltr'><strong>ζῇ.</strong></span> <span class='ocrx_word' id='word_1_473' title='bbox 1282 3376 1487 3432; x_wconf 86' lang='lat' dir='ltr'><strong>Locum</strong></span> <span class='ocrx_word' id='word_1_474' title='bbox 1522 3377 1826 3448; x_wconf 82' lang='lat' dir='ltr'><strong>Physiologi</strong></span> <span class='ocrx_word' id='word_1_475' title='bbox 1856 3379 2038 3434; x_wconf 82' lang='lat' dir='ltr'><strong>laudat</strong></span> <span class='ocrx_word' id='word_1_476' title='bbox 2067 3379 2189 3432; x_wconf 77' lang='lat' dir='ltr'><strong>Ori-</strong></span> 
     </span>
    </p>
   </div>
   <div class='ocr_carea' id='block_1_65' title="bbox 623 3468 2189 3541">
    <p class='ocr_par' dir='ltr' id='par_1_65' title="bbox 623 3468 2189 3541">
     <span class='ocr_line' id='line_1_65' title="bbox 623 3468 2189 3541; baseline 0.003 -20"><span class='ocrx_word' id='word_1_477' title='bbox 623 3484 812 3537; x_wconf 76' lang='lat' dir='ltr'><strong>genes,</strong></span> <span class='ocrx_word' id='word_1_478' title='bbox 856 3468 1002 3520; x_wconf 87' lang='lat' dir='ltr'><strong>hom.</strong></span> <span class='ocrx_word' id='word_1_479' title='bbox 1037 3468 1106 3522; x_wconf 79' lang='lat' dir='ltr'><strong>l7</strong></span> <span class='ocrx_word' id='word_1_480' title='bbox 1131 3471 1183 3522; x_wconf 86' lang='lat' dir='ltr'><strong>in</strong></span> <span class='ocrx_word' id='word_1_481' title='bbox 1216 3485 1330 3537; x_wconf 88' lang='lat' dir='ltr'><strong>cap.</strong></span> <span class='ocrx_word' id='word_1_482' title='bbox 1371 3486 1517 3534; x_wconf 66' lang='grc' dir='ltr'>χιιι,</span> <span class='ocrx_word' id='word_1_483' title='bbox 1557 3470 1756 3527; x_wconf 82' lang='lat' dir='ltr'><strong>Cenes.</strong></span> <span class='ocrx_word' id='word_1_484' title='bbox 1793 3490 1804 3524; x_wconf 92' lang='lat'>:</span> <span class='ocrx_word' id='word_1_485' title='bbox 1839 3471 2189 3541; x_wconf 83' lang='lat' dir='ltr'><strong>Physiologus</strong></span> 
     </span>
    </p>
   </div>
   <div class='ocr_carea' id='block_1_66' title="bbox 614 3560 2188 3634">
    <p class='ocr_par' dir='ltr' id='par_1_66' title="bbox 614 3560 2188 3634">
     <span class='ocr_line' id='line_1_66' title="bbox 614 3560 2188 3634; baseline 0.004 -22"><span class='ocrx_word' id='word_1_486' title='bbox 614 3560 679 3614; x_wconf 85' lang='lat' dir='ltr'><strong>de</strong></span> <span class='ocrx_word' id='word_1_487' title='bbox 705 3561 880 3614; x_wconf 88' lang='lat' dir='ltr'><strong>catulo</strong></span> <span class='ocrx_word' id='word_1_488' title='bbox 907 3561 1110 3614; x_wconf 84' lang='lat' dir='ltr'><strong>leonum</strong></span> <span class='ocrx_word' id='word_1_489' title='bbox 1131 3561 1238 3615; x_wconf 71' lang='lat' dir='ltr'><strong>lucc</strong></span> <span class='ocrx_word' id='word_1_490' title='bbox 1269 3563 1471 3628; x_wconf 82' lang='lat' dir='ltr'><strong>scribit,</strong></span> <span class='ocrx_word' id='word_1_491' title='bbox 1494 3564 1652 3634; x_wconf 86' lang='lat' dir='ltr'><strong>quod,</strong></span> <span class='ocrx_word' id='word_1_492' title='bbox 1684 3581 1800 3617; x_wconf 89' lang='lat' dir='ltr'><strong>cum</strong></span> <span class='ocrx_word' id='word_1_493' title='bbox 1826 3565 1981 3633; x_wconf 75' lang='lat' dir='ltr'><strong>fuerit</strong></span> <span class='ocrx_word' id='word_1_494' title='bbox 2010 3575 2188 3628; x_wconf 89' lang='lat' dir='ltr'><strong>natus,</strong></span> 
     </span>
    </p>
   </div>
   <div class='ocr_carea' id='block_1_67' title="bbox 616 3651 2192 3708">
    <p class='ocr_par' dir='ltr' id='par_1_67' title="bbox 616 3651 2192 3708">
     <span class='ocr_line' id='line_1_67' title="bbox 616 3651 2192 3708; baseline 0.002 -4"><span class='ocrx_word' id='word_1_495' title='bbox 616 3652 782 3707; x_wconf 82' lang='lat' dir='ltr'><strong>tribus</strong></span> <span class='ocrx_word' id='word_1_496' title='bbox 810 3651 990 3705; x_wconf 83' lang='lat' dir='ltr'><strong>diebus</strong></span> <span class='ocrx_word' id='word_1_497' title='bbox 1030 3663 1080 3705; x_wconf 89' lang='lat' dir='ltr'><strong>et</strong></span> <span class='ocrx_word' id='word_1_498' title='bbox 1104 3652 1269 3705; x_wconf 84' lang='lat' dir='ltr'><strong>tribus</strong></span> <span class='ocrx_word' id='word_1_499' title='bbox 1294 3654 1531 3707; x_wconf 85' lang='lat' dir='ltr'><strong>noctibus</strong></span> <span class='ocrx_word' id='word_1_500' title='bbox 1556 3655 1804 3708; x_wconf 84' lang='lat' dir='ltr'><strong>dormiat.</strong></span> <span class='ocrx_word' id='word_1_501' title='bbox 1836 3654 1979 3707; x_wconf 89' lang='lat' dir='ltr'><strong>Tunc</strong></span> <span class='ocrx_word' id='word_1_502' title='bbox 2008 3655 2192 3708; x_wconf 86' lang='lat' dir='ltr'><strong>deinde</strong></span> 
     </span>
    </p>
   </div>
   <div class='ocr_carea' id='block_1_68' title="bbox 616 3745 2190 3814">
    <p class='ocr_par' dir='ltr' id='par_1_68' title="bbox 616 3745 2190 3814">
     <span class='ocr_line' id='line_1_68' title="bbox 616 3745 2190 3814; baseline 0.002 -20"><span class='ocrx_word' id='word_1_503' title='bbox 616 3745 783 3810; x_wconf 82' lang='lat' dir='ltr'><strong>patris</strong></span> <span class='ocrx_word' id='word_1_504' title='bbox 813 3746 1027 3812; x_wconf 84' lang='lat' dir='ltr'><strong>gemitu,</strong></span> <span class='ocrx_word' id='word_1_505' title='bbox 1071 3745 1147 3797; x_wconf 84' lang='lat' dir='ltr'><strong>vel</strong></span> <span class='ocrx_word' id='word_1_506' title='bbox 1197 3746 1396 3814; x_wconf 81' lang='lat' dir='ltr'><strong>rugitu,</strong></span> <span class='ocrx_word' id='word_1_507' title='bbox 1434 3754 1687 3813; x_wconf 86' lang='lat' dir='ltr'><strong>tanquam</strong></span> <span class='ocrx_word' id='word_1_508' title='bbox 1732 3747 2067 3814; x_wconf 83' lang='lat' dir='ltr'><strong>tremefactus</strong></span> <span class='ocrx_word' id='word_1_509' title='bbox 2098 3762 2190 3798; x_wconf 85' lang='lat' dir='ltr'><strong>cu-</strong></span> 
     </span>
    </p>
   </div>
   <div class='ocr_carea' id='block_1_69' title="bbox 619 3834 2190 3890">
    <p class='ocr_par' dir='ltr' id='par_1_69' title="bbox 619 3834 2190 3890">
     <span class='ocr_line' id='line_1_69' title="bbox 619 3834 2190 3890; baseline 0.003 -4"><span class='ocrx_word' id='word_1_510' title='bbox 619 3834 736 3886; x_wconf 89' lang='lat' dir='ltr'><strong>bilis</strong></span> <span class='ocrx_word' id='word_1_511' title='bbox 784 3835 928 3888; x_wconf 82' lang='lat' dir='ltr'><strong>locus</strong></span> <span class='ocrx_word' id='word_1_512' title='bbox 975 3836 1195 3888; x_wconf 74' lang='lat' dir='ltr'><strong>suscitat</strong></span> <span class='ocrx_word' id='word_1_513' title='bbox 1252 3836 1491 3888; x_wconf 87' lang='lat' dir='ltr'><strong>catulum</strong></span> <span class='ocrx_word' id='word_1_514' title='bbox 1535 3836 1901 3889; x_wconf 84' lang='lat' dir='ltr'><strong>dormientem.</strong></span> <span class='ocrx_word' id='word_1_515' title='bbox 1946 3837 2190 3890; x_wconf 81' lang='lat' dir='ltr'><strong>Isidorus</strong></span> 
     </span>
    </p>
   </div>
   <div class='ocr_carea' id='block_1_70' title="bbox 615 3925 2188 3997">
    <p class='ocr_par' dir='ltr' id='par_1_70' title="bbox 615 3925 2188 3997">
     <span class='ocr_line' id='line_1_70' title="bbox 615 3925 2188 3997; baseline 0.001 -18"><span class='ocrx_word' id='word_1_516' title='bbox 615 3925 858 3980; x_wconf 81' lang='lat' dir='ltr'><strong>eamdem</strong></span> <span class='ocrx_word' id='word_1_517' title='bbox 899 3927 1223 3979; x_wconf 86' lang='lat' dir='ltr'><strong>sententiam</strong></span> <span class='ocrx_word' id='word_1_518' title='bbox 1258 3941 1325 3978; x_wconf 73' lang='lat' dir='ltr'><strong>ex</strong></span> <span class='ocrx_word' id='word_1_519' title='bbox 1367 3925 1598 3995; x_wconf 78' lang='lat' dir='ltr'><strong>Origene</strong></span> <span class='ocrx_word' id='word_1_520' title='bbox 1627 3928 1940 3997; x_wconf 77' lang='lat' dir='ltr'><strong>exscripsit.</strong></span> <span class='ocrx_word' id='word_1_521' title='bbox 1982 3926 2046 3979; x_wconf 88' lang='lat' dir='ltr'><strong>Et</strong></span> <span class='ocrx_word' id='word_1_522' title='bbox 2077 3927 2188 3980; x_wconf 80' lang='lat' dir='ltr'><strong>Ru-</strong></span> 
     </span>
    </p>
   </div>
   <div class='ocr_carea' id='block_1_71' title="bbox 619 4015 2186 4085">
    <p class='ocr_par' dir='ltr' id='par_1_71' title="bbox 619 4015 2186 4085">
     <span class='ocr_line' id='line_1_71' title="bbox 619 4015 2186 4085; baseline 0.001 -16"><span class='ocrx_word' id='word_1_523' title='bbox 619 4015 782 4080; x_wconf 70' lang='lat' dir='ltr'><strong>finus,</strong></span> <span class='ocrx_word' id='word_1_524' title='bbox 819 4017 918 4070; x_wconf 89' lang='lat' dir='ltr'><strong>lib.</strong></span> <span class='ocrx_word' id='word_1_525' title='bbox 973 4016 1048 4069; x_wconf 91' lang='lat' dir='ltr'><strong>De</strong></span> <span class='ocrx_word' id='word_1_526' title='bbox 1100 4017 1352 4072; x_wconf 88' lang='lat' dir='ltr'><strong>benedict.</strong></span> <span class='ocrx_word' id='word_1_527' title='bbox 1405 4018 1698 4085; x_wconf 80' lang='lat' dir='ltr'><strong>patriarch.</strong></span> <span class='ocrx_word' id='word_1_528' title='bbox 1756 4019 1920 4071; x_wconf 80' lang='lat' dir='ltr'><strong>refert</strong></span> <span class='ocrx_word' id='word_1_529' title='bbox 1971 4019 2107 4072; x_wconf 87' lang='lat' dir='ltr'><strong>tradi</strong></span> <span class='ocrx_word' id='word_1_530' title='bbox 2158 4034 2186 4070; x_wconf 86' lang='lat' dir='ltr'><strong>a</strong></span> 
     </span>
    </p>
   </div>
   <div class='ocr_carea' id='block_1_72' title="bbox 619 4109 2184 4182">
    <p class='ocr_par' dir='ltr' id='par_1_72' title="bbox 619 4109 2184 4182">
     <span class='ocr_line' id='line_1_72' title="bbox 619 4109 2184 4182; baseline -0.001 -19"><span class='ocrx_word' id='word_1_531' title='bbox 619 4110 956 4182; x_wconf 80' lang='lat' dir='ltr'><strong>physiologis</strong></span> <span class='ocrx_word' id='word_1_532' title='bbox 1006 4111 1146 4162; x_wconf 90' lang='lat' dir='ltr'><strong>hanc</strong></span> <span class='ocrx_word' id='word_1_533' title='bbox 1187 4125 1308 4165; x_wconf 88' lang='lat' dir='ltr'><strong>esse</strong></span> <span class='ocrx_word' id='word_1_534' title='bbox 1348 4109 1512 4164; x_wconf 88' lang='lat' dir='ltr'><strong>catuli</strong></span> <span class='ocrx_word' id='word_1_535' title='bbox 1553 4110 1727 4164; x_wconf 91' lang='lat' dir='ltr'><strong>leonis</strong></span> <span class='ocrx_word' id='word_1_536' title='bbox 1762 4124 2036 4171; x_wconf 86' lang='lat' dir='ltr'><strong>naturam,</strong></span> <span class='ocrx_word' id='word_1_537' title='bbox 2063 4126 2184 4163; x_wconf 83' lang='lat' dir='ltr'><strong>cum</strong></span> 
     </span>
    </p>
   </div>
   <div class='ocr_carea' id='block_1_73' title="bbox 619 4201 2184 4265">
    <p class='ocr_par' dir='ltr' id='par_1_73' title="bbox 619 4201 2184 4265">
     <span class='ocr_line' id='line_1_73' title="bbox 619 4201 2184 4265; baseline -0.001 -10"><span class='ocrx_word' id='word_1_538' title='bbox 619 4208 780 4256; x_wconf 84' lang='lat' dir='ltr'><strong>natus</strong></span> <span class='ocrx_word' id='word_1_539' title='bbox 810 4210 894 4254; x_wconf 86' lang='lat' dir='ltr'><strong>est</strong></span> <span class='ocrx_word' id='word_1_540' title='bbox 920 4202 1159 4254; x_wconf 89' lang='lat' dir='ltr'><strong>triduum</strong></span> <span class='ocrx_word' id='word_1_541' title='bbox 1190 4201 1448 4265; x_wconf 87' lang='lat' dir='ltr'><strong>dormire,</strong></span> <span class='ocrx_word' id='word_1_542' title='bbox 1475 4201 1631 4256; x_wconf 89' lang='lat' dir='ltr'><strong>tertio</strong></span> <span class='ocrx_word' id='word_1_543' title='bbox 1661 4213 1838 4255; x_wconf 86' lang='lat' dir='ltr'><strong>autem</strong></span> <span class='ocrx_word' id='word_1_544' title='bbox 1860 4202 1946 4255; x_wconf 89' lang='lat' dir='ltr'><strong>die</strong></span> <span class='ocrx_word' id='word_1_545' title='bbox 1968 4201 2184 4256; x_wconf 83' lang='lat' dir='ltr'><strong>fremitu</strong></span> 
     </span>
    </p>
   </div>
   <div class='ocr_carea' id='block_1_74' title="bbox 619 4294 1623 4365">
    <p class='ocr_par' dir='ltr' id='par_1_74' title="bbox 619 4294 1623 4365">
     <span class='ocr_line' id='line_1_74' title="bbox 619 4294 1623 4365; baseline 0 -19"><span class='ocrx_word' id='word_1_546' title='bbox 619 4296 788 4365; x_wconf 87' lang='lat' dir='ltr'><strong>patris</strong></span> <span class='ocrx_word' id='word_1_547' title='bbox 819 4295 1135 4348; x_wconf 79' lang='lat' dir='ltr'><strong>tremefacto</strong></span> <span class='ocrx_word' id='word_1_548' title='bbox 1174 4295 1338 4348; x_wconf 90' lang='lat' dir='ltr'><strong>cubili</strong></span> <span class='ocrx_word' id='word_1_549' title='bbox 1375 4294 1623 4348; x_wconf 80' lang='lat' dir='ltr'><strong>excitari.</strong></span> 
     </span>
    </p>
   </div>
   <div class='ocr_carea' id='block_1_75' title="bbox 687 4383 2184 4454">
    <p class='ocr_par' dir='ltr' id='par_1_75' title="bbox 687 4383 2184 4454">
     <span class='ocr_line' id='line_1_75' title="bbox 687 4383 2184 4454; baseline 0.001 -16"><span class='ocrx_word' id='word_1_550' title='bbox 687 4383 805 4438; x_wconf 89' lang='lat' dir='ltr'><strong>Col.</strong></span> <span class='ocrx_word' id='word_1_551' title='bbox 850 4385 974 4448; x_wconf 72' lang='grc'>740,</span> <span class='ocrx_word' id='word_1_552' title='bbox 1005 4385 1101 4440; x_wconf 87' lang='lat' dir='ltr'><strong>lin.</strong></span> <span class='ocrx_word' id='word_1_553' title='bbox 1139 4384 1188 4438; x_wconf 78' lang='lat' dir='ltr'><strong>l.</strong></span> <span class='ocrx_word' id='word_1_554' title='bbox 1243 4387 1449 4440; x_wconf 79' lang='grc' dir='ltr'>Ἠνίκα</span> <span class='ocrx_word' id='word_1_555' title='bbox 1485 4386 1537 4439; x_wconf 82' lang='grc' dir='ltr'><strong>δ’</strong></span> <span class='ocrx_word' id='word_1_556' title='bbox 1586 4383 1890 4454; x_wconf 79' lang='grc' dir='ltr'><strong>ἀνθρώπῳ.</strong></span> <span class='ocrx_word' id='word_1_557' title='bbox 1933 4384 2184 4440; x_wconf 82' lang='lat' dir='ltr'><strong>Lucanus</strong></span> 
     </span>
    </p>
   </div>
   <div class='ocr_carea' id='block_1_76' title="bbox 618 4475 1660 4538">
    <p class='ocr_par' dir='ltr' id='par_1_76' title="bbox 618 4475 1660 4538">
     <span class='ocr_line' id='line_1_76' title="bbox 618 4475 1660 4538; baseline 0.001 -8"><span class='ocrx_word' id='word_1_558' title='bbox 618 4475 712 4531; x_wconf 90' lang='lat' dir='ltr'><strong>lib.</strong></span> <span class='ocrx_word' id='word_1_559' title='bbox 762 4490 821 4538; x_wconf 84' lang='lat' dir='ltr'><strong>tt,</strong></span> <span class='ocrx_word' id='word_1_560' title='bbox 1657 4528 1660 4531; x_wconf 87' lang='lat'><strong>.</strong></span> 
     </span>
    </p>
   </div>
   <div class='ocr_carea' id='block_1_77' title="bbox 722 4565 2052 4625">
    <p class='ocr_par' dir='ltr' id='par_1_77' title="bbox 722 4565 2052 4625">
     <span class='ocr_line' id='line_1_77' title="bbox 722 4565 2052 4625; baseline 0.002 -5"><span class='ocrx_word' id='word_1_561' title='bbox 722 4565 850 4620; x_wconf 68' lang='lat' dir='ltr'><strong>Hos:</strong></span> <span class='ocrx_word' id='word_1_562' title='bbox 881 4565 969 4618; x_wconf 83' lang='lat' dir='ltr'><strong>u&#39;bi</strong></span> <span class='ocrx_word' id='word_1_563' title='bbox 1021 4582 1074 4618; x_wconf 90' lang='lat' dir='ltr'><strong>se</strong></span> <span class='ocrx_word' id='word_1_564' title='bbox 1120 4581 1269 4619; x_wconf 68' lang='lat' dir='ltr'><strong>sava:</strong></span> <span class='ocrx_word' id='word_1_565' title='bbox 1299 4566 1586 4619; x_wconf 81' lang='lat' dir='ltr'><strong>stimulavit</strong></span> <span class='ocrx_word' id='word_1_566' title='bbox 1618 4565 1821 4619; x_wconf 79' lang='lat' dir='ltr'><strong>verbere</strong></span> <span class='ocrx_word' id='word_1_567' title='bbox 1849 4566 2052 4625; x_wconf 65' lang='lat' dir='ltr'><strong>caudis.</strong></span> 
     </span>
    </p>
   </div>
   <div class='ocr_carea' id='block_1_78' title="bbox 615 4654 2188 4725">
    <p class='ocr_par' dir='ltr' id='par_1_78' title="bbox 615 4654 2188 4725">
     <span class='ocr_line' id='line_1_78' title="bbox 615 4654 2188 4725; baseline -0.001 -15"><span class='ocrx_word' id='word_1_568' title='bbox 615 4655 886 4716; x_wconf 69' lang='lat' dir='ltr'><strong>Elianus.</strong></span> <span class='ocrx_word' id='word_1_569' title='bbox 937 4654 1028 4709; x_wconf 90' lang='lat' dir='ltr'><strong>lib.</strong></span> <span class='ocrx_word' id='word_1_570' title='bbox 1067 4672 1140 4716; x_wconf 76' lang='lat' dir='ltr'><strong>vr,</strong></span> <span class='ocrx_word' id='word_1_571' title='bbox 1205 4670 1324 4725; x_wconf 87' lang='lat' dir='ltr'><strong>cap.</strong></span> <span class='ocrx_word' id='word_1_572' title='bbox 1383 4657 1434 4718; x_wconf 84' lang='lat' dir='ltr'><strong>l,</strong></span> <span class='ocrx_word' id='word_1_573' title='bbox 1493 4656 1602 4708; x_wconf 73' lang='grc' dir='ltr'><strong>Καὶ</strong></span> <span class='ocrx_word' id='word_1_574' title='bbox 1650 4655 1830 4725; x_wconf 82' lang='grc' dir='ltr'>μέντοι</span> <span class='ocrx_word' id='word_1_575' title='bbox 1870 4655 1964 4709; x_wconf 82' lang='grc' dir='ltr'>καὶ</span> <span class='ocrx_word' id='word_1_576' title='bbox 1995 4655 2188 4709; x_wconf 81' lang='grc' dir='ltr'>ὀλέων</span> 
     </span>
    </p>
   </div>
   <div class='ocr_carea' id='block_1_79' title="bbox 613 4744 2184 4819">
    <p class='ocr_par' dir='ltr' id='par_1_79' title="bbox 613 4744 2184 4819">
     <span class='ocr_line' id='line_1_79' title="bbox 613 4744 2184 4819; baseline -0.002 -18"><span class='ocrx_word' id='word_1_577' title='bbox 613 4750 678 4819; x_wconf 78' lang='grc' dir='ltr'><strong>τῇ</strong></span> <span class='ocrx_word' id='word_1_578' title='bbox 744 4745 943 4816; x_wconf 75' lang='grc' dir='ltr'>ἀλκαίᾳ,</span> <span class='ocrx_word' id='word_1_579' title='bbox 1015 4747 1203 4799; x_wconf 64' lang='grc' dir='ltr'>ἑαυτὸν</span> <span class='ocrx_word' id='word_1_580' title='bbox 1247 4745 1521 4813; x_wconf 75' lang='grc' dir='ltr'>ἐπεγείρει</span> <span class='ocrx_word' id='word_1_581' title='bbox 1572 4744 1862 4814; x_wconf 76' lang='grc' dir='ltr'>μαστίζων,</span> <span class='ocrx_word' id='word_1_582' title='bbox 1919 4745 2011 4797; x_wconf 77' lang='grc' dir='ltr'><strong>καὶ</strong></span> <span class='ocrx_word' id='word_1_583' title='bbox 2057 4744 2184 4814; x_wconf 84' lang='grc' dir='ltr'>βλα-</span> 
     </span>
    </p>
   </div>
   <div class='ocr_carea' id='block_1_80' title="bbox 613 4834 2185 4906">
    <p class='ocr_par' dir='ltr' id='par_1_80' title="bbox 613 4834 2185 4906">
     <span class='ocr_line' id='line_1_80' title="bbox 613 4834 2185 4906; baseline -0.003 -14"><span class='ocrx_word' id='word_1_584' title='bbox 613 4837 812 4902; x_wconf 69' lang='grc' dir='ltr'>κεύειν,</span> <span class='ocrx_word' id='word_1_585' title='bbox 857 4838 951 4891; x_wconf 81' lang='grc' dir='ltr'><strong>καὶ</strong></span> <span class='ocrx_word' id='word_1_586' title='bbox 993 4836 1221 4890; x_wconf 74' lang='grc' dir='ltr'>ἐλινύειν</span> <span class='ocrx_word' id='word_1_587' title='bbox 1253 4838 1351 4889; x_wconf 79' lang='grc' dir='ltr'><strong>οὐκ</strong></span> <span class='ocrx_word' id='word_1_588' title='bbox 1380 4837 1704 4906; x_wconf 77' lang='grc' dir='ltr'><strong>ἐπιτρέπων.</strong></span> <span class='ocrx_word' id='word_1_589' title='bbox 1734 4836 1842 4887; x_wconf 74' lang='grc' dir='ltr'><strong>Καὶ</strong></span> <span class='ocrx_word' id='word_1_590' title='bbox 1876 4834 2126 4888; x_wconf 79' lang='grc' dir='ltr'><strong>τοῦτοδὲ</strong></span> <span class='ocrx_word' id='word_1_591' title='bbox 2159 4838 2185 4887; x_wconf 85' lang='grc' dir='ltr'>ὁ</span> 
     </span>
    </p>
   </div>
   <div class='ocr_carea' id='block_1_81' title="bbox 612 4923 2181 5000">
    <p class='ocr_par' dir='ltr' id='par_1_81' title="bbox 612 4923 2181 5000">
     <span class='ocr_line' id='line_1_81' title="bbox 612 4923 2181 5000; baseline -0.005 -18"><span class='ocrx_word' id='word_1_592' title='bbox 612 4928 840 5000; x_wconf 70' lang='grc' dir='ltr'>ποιητὴς</span> <span class='ocrx_word' id='word_1_593' title='bbox 888 4927 1042 4990; x_wconf 78' lang='grc' dir='ltr'>εἰδὼς</span> <span class='ocrx_word' id='word_1_594' title='bbox 1089 4927 1204 4999; x_wconf 83' lang='grc' dir='ltr'>ᾄδει</span> <span class='ocrx_word' id='word_1_595' title='bbox 1247 4927 1371 4995; x_wconf 67' lang='grc' dir='ltr'>περὶ</span> <span class='ocrx_word' id='word_1_596' title='bbox 1426 4924 1517 4978; x_wconf 82' lang='grc' dir='ltr'><strong>τοῦ</strong></span> <span class='ocrx_word' id='word_1_597' title='bbox 1555 4925 1786 4987; x_wconf 80' lang='grc' dir='ltr'><strong>λέοντος.</strong></span> <span class='ocrx_word' id='word_1_598' title='bbox 1840 4923 1903 4976; x_wconf 83' lang='grc' dir='ltr'>Ει</span> <span class='ocrx_word' id='word_1_599' title='bbox 1938 4925 2029 4977; x_wconf 91' lang='lat' dir='ltr'><strong>lib.</strong></span> <span class='ocrx_word' id='word_1_600' title='bbox 2064 4939 2181 4986; x_wconf 74' lang='lat' dir='ltr'><strong>sin,</strong></span> 
     </span>
    </p>
   </div>
   <div class='ocr_carea' id='block_1_82' title="bbox 611 5013 2183 5087">
    <p class='ocr_par' dir='ltr' id='par_1_82' title="bbox 611 5013 2183 5087">
     <span class='ocr_line' id='line_1_82' title="bbox 611 5013 2183 5087; baseline -0.004 -17"><span class='ocrx_word' id='word_1_601' title='bbox 611 5034 732 5087; x_wconf 71' lang='lat' dir='ltr'><strong>i-ap.</strong></span> <span class='ocrx_word' id='word_1_602' title='bbox 770 5019 854 5072; x_wconf 72' lang='grc' dir='ltr'><strong>Η.</strong></span> <span class='ocrx_word' id='word_1_603' title='bbox 890 5018 1124 5080; x_wconf 83' lang='lat' dir='ltr'><strong>Plinius,</strong></span> <span class='ocrx_word' id='word_1_604' title='bbox 1171 5018 1264 5071; x_wconf 91' lang='lat' dir='ltr'><strong>lib.</strong></span> <span class='ocrx_word' id='word_1_605' title='bbox 1298 5030 1419 5079; x_wconf 85' lang='lat' dir='ltr'><strong>vm,</strong></span> <span class='ocrx_word' id='word_1_606' title='bbox 1475 5029 1597 5083; x_wconf 90' lang='lat' dir='ltr'><strong>cap.</strong></span> <span class='ocrx_word' id='word_1_607' title='bbox 1636 5013 1722 5079; x_wconf 71' lang='lat'><strong>16,</strong></span> <span class='ocrx_word' id='word_1_608' title='bbox 1757 5013 1987 5066; x_wconf 86' lang='lat' dir='ltr'><strong>Leonum</strong></span> <span class='ocrx_word' id='word_1_609' title='bbox 2018 5014 2183 5065; x_wconf 79' lang='lat' dir='ltr'><strong>animi</strong></span> 
     </span>
    </p>
   </div>
   <div class='ocr_carea' id='block_1_83' title="bbox 613 5103 2181 5178">
    <p class='ocr_par' dir='ltr' id='par_1_83' title="bbox 613 5103 2181 5178">
     <span class='ocr_line' id='line_1_83' title="bbox 613 5103 2181 5178; baseline -0.003 -16"><span class='ocrx_word' id='word_1_610' title='bbox 613 5111 769 5163; x_wconf 67' lang='lat' dir='ltr'><strong>inde:</strong></span> <span class='ocrx_word' id='word_1_611' title='bbox 799 5111 996 5169; x_wconf 87' lang='lat' dir='ltr'><strong>cauda.</strong></span> <span class='ocrx_word' id='word_1_612' title='bbox 1020 5112 1154 5162; x_wconf 87' lang='lat' dir='ltr'><strong>sicut</strong></span> <span class='ocrx_word' id='word_1_613' title='bbox 1186 5119 1235 5163; x_wconf 88' lang='lat' dir='ltr'><strong>et</strong></span> <span class='ocrx_word' id='word_1_614' title='bbox 1265 5109 1498 5176; x_wconf 82' lang='lat' dir='ltr'><strong>ipsorum</strong></span> <span class='ocrx_word' id='word_1_615' title='bbox 1528 5122 1701 5159; x_wconf 87' lang='lat' dir='ltr'><strong>aures.</strong></span> <span class='ocrx_word' id='word_1_616' title='bbox 1737 5103 1976 5174; x_wconf 84' lang='lat' dir='ltr'><strong>Namque</strong></span> <span class='ocrx_word' id='word_1_617' title='bbox 2006 5113 2057 5178; x_wconf 77' lang='lat' dir='ltr'><strong>et</strong></span> <span class='ocrx_word' id='word_1_618' title='bbox 2085 5104 2181 5157; x_wconf 86' lang='lat' dir='ltr'><strong>has</strong></span> 
     </span>
    </p>
   </div>
   <div class='ocr_carea' id='block_1_84' title="bbox 611 5195 2182 5270">
    <p class='ocr_par' dir='ltr' id='par_1_84' title="bbox 611 5195 2182 5270">
     <span class='ocr_line' id='line_1_84' title="bbox 611 5195 2182 5270; baseline -0.005 -14"><span class='ocrx_word' id='word_1_619' title='bbox 611 5212 765 5256; x_wconf 87' lang='lat' dir='ltr'><strong>notas</strong></span> <span class='ocrx_word' id='word_1_620' title='bbox 811 5202 1213 5270; x_wconf 84' lang='lat' dir='ltr'><strong>generosissimo</strong></span> <span class='ocrx_word' id='word_1_621' title='bbox 1254 5200 1438 5269; x_wconf 85' lang='lat' dir='ltr'><strong>cuique</strong></span> <span class='ocrx_word' id='word_1_622' title='bbox 1474 5207 1667 5250; x_wconf 89' lang='lat' dir='ltr'><strong>natura</strong></span> <span class='ocrx_word' id='word_1_623' title='bbox 1712 5197 1914 5250; x_wconf 73' lang='lat' dir='ltr'><strong>tribuit.</strong></span> <span class='ocrx_word' id='word_1_624' title='bbox 1951 5195 2182 5250; x_wconf 87' lang='lat' dir='ltr'><strong>Immota</strong></span> 
     </span>
    </p>
   </div>
   <div class='ocr_carea' id='block_1_85' title="bbox 610 5287 2180 5364">
    <p class='ocr_par' dir='ltr' id='par_1_85' title="bbox 610 5287 2180 5364">
     <span class='ocr_line' id='line_1_85' title="bbox 610 5287 2180 5364; baseline -0.005 -16"><span class='ocrx_word' id='word_1_625' title='bbox 610 5310 760 5364; x_wconf 87' lang='lat' dir='ltr'><strong>ergo,</strong></span> <span class='ocrx_word' id='word_1_626' title='bbox 786 5293 1048 5362; x_wconf 72' lang='lat' dir='ltr'><strong>placidus,</strong></span> <span class='ocrx_word' id='word_1_627' title='bbox 1092 5293 1336 5355; x_wconf 84' lang='lat' dir='ltr'><strong>clemens,</strong></span> <span class='ocrx_word' id='word_1_628' title='bbox 1373 5288 1761 5356; x_wconf 86' lang='lat' dir='ltr'><strong>blandientique</strong></span> <span class='ocrx_word' id='word_1_629' title='bbox 1808 5287 2021 5352; x_wconf 79' lang='lat' dir='ltr'><strong>similis,</strong></span> <span class='ocrx_word' id='word_1_630' title='bbox 2043 5287 2180 5356; x_wconf 87' lang='lat' dir='ltr'><strong>quod</strong></span> 
     </span>
    </p>
   </div>
   <div class='ocr_carea' id='block_1_86' title="bbox 613 5371 2181 5451">
    <p class='ocr_par' dir='ltr' id='par_1_86' title="bbox 613 5371 2181 5451">
     <span class='ocr_line' id='line_1_86' title="bbox 613 5371 2181 5451; baseline -0.004 -15"><span class='ocrx_word' id='word_1_631' title='bbox 613 5398 796 5436; x_wconf 87' lang='lat' dir='ltr'><strong>rarum</strong></span> <span class='ocrx_word' id='word_1_632' title='bbox 842 5392 918 5436; x_wconf 82' lang='lat' dir='ltr'><strong>est</strong></span> <span class='ocrx_word' id='word_1_633' title='bbox 947 5397 963 5434; x_wconf 90' lang='lat'><strong><em>:</em></strong></span> <span class='ocrx_word' id='word_1_634' title='bbox 993 5381 1224 5435; x_wconf 87' lang='lat' dir='ltr'><strong>crebrior</strong></span> <span class='ocrx_word' id='word_1_635' title='bbox 1253 5381 1389 5434; x_wconf 86' lang='lat' dir='ltr'><strong>enim</strong></span> <span class='ocrx_word' id='word_1_636' title='bbox 1420 5379 1705 5451; x_wconf 81' lang='lat' dir='ltr'><strong>iracundia</strong></span> <span class='ocrx_word' id='word_1_637' title='bbox 1740 5378 1851 5446; x_wconf 87' lang='lat' dir='ltr'><strong>ejus</strong></span> <span class='ocrx_word' id='word_1_638' title='bbox 1889 5380 1946 5430; x_wconf 87' lang='lat' dir='ltr'><strong>in</strong></span> <span class='ocrx_word' id='word_1_639' title='bbox 1983 5371 2181 5446; x_wconf 82' lang='lat' dir='ltr'><strong>princi-</strong></span> 
     </span>
    </p>
   </div>
   <div class='ocr_carea' id='block_1_87' title="bbox 611 5468 2178 5541">
    <p class='ocr_par' dir='ltr' id='par_1_87' title="bbox 611 5468 2178 5541">
     <span class='ocr_line' id='line_1_87' title="bbox 611 5468 2178 5541; baseline -0.004 -16"><span class='ocrx_word' id='word_1_640' title='bbox 611 5475 718 5541; x_wconf 69' lang='grc' dir='ltr'>ρῖοε</span> <span class='ocrx_word' id='word_1_641' title='bbox 737 5482 880 5526; x_wconf 89' lang='lat' dir='ltr'><strong>terra</strong></span> <span class='ocrx_word' id='word_1_642' title='bbox 925 5472 1245 5537; x_wconf 82' lang='lat' dir='ltr'><strong>verberatur,</strong></span> <span class='ocrx_word' id='word_1_643' title='bbox 1276 5473 1591 5526; x_wconf 87' lang='lat' dir='ltr'><strong>incremento</strong></span> <span class='ocrx_word' id='word_1_644' title='bbox 1622 5478 1785 5537; x_wconf 86' lang='lat' dir='ltr'><strong>terga,</strong></span> <span class='ocrx_word' id='word_1_645' title='bbox 1828 5484 1922 5521; x_wconf 90' lang='lat' dir='ltr'><strong>ceu</strong></span> <span class='ocrx_word' id='word_1_646' title='bbox 1949 5468 2178 5536; x_wconf 81' lang='lat' dir='ltr'><strong>quodam</strong></span> 
     </span>
    </p>
   </div>
   <div class='ocr_carea' id='block_1_88' title="bbox 613 5557 2174 5633">
    <p class='ocr_par' dir='ltr' id='par_1_88' title="bbox 613 5557 2174 5633">
     <span class='ocr_line' id='line_1_88' title="bbox 613 5557 2174 5633; baseline -0.002 -18"><span class='ocrx_word' id='word_1_647' title='bbox 613 5564 952 5617; x_wconf 80' lang='lat' dir='ltr'><strong>incitamento</strong></span> <span class='ocrx_word' id='word_1_648' title='bbox 1019 5562 1374 5633; x_wconf 84' lang='lat' dir='ltr'><strong>ﬂagellantur.</strong></span> <span class='ocrx_word' id='word_1_649' title='bbox 1466 5561 1810 5624; x_wconf 84' lang='lat' dir='ltr'><strong>Theocritus,</strong></span> <span class='ocrx_word' id='word_1_650' title='bbox 1876 5557 2019 5628; x_wconf 77' lang='lat' dir='ltr'><strong>Idyl;</strong></span> <span class='ocrx_word' id='word_1_651' title='bbox 2085 5559 2174 5618; x_wconf 70' lang='lat'><strong>25,</strong></span> 
     </span>
    </p>
   </div>
   <div class='ocr_carea' id='block_1_89' title="bbox 625 5651 2176 5728">
    <p class='ocr_par' dir='ltr' id='par_1_89' title="bbox 625 5651 2176 5728">
     <span class='ocr_line' id='line_1_89' title="bbox 625 5651 2176 5728; baseline -0.003 -19"><span class='ocrx_word' id='word_1_652' title='bbox 625 5653 932 5724; x_wconf 75' lang='grc' dir='ltr'><strong>Μακρὴνδὲ</strong></span> <span class='ocrx_word' id='word_1_653' title='bbox 988 5657 1116 5727; x_wconf 65' lang='grc' dir='ltr'>παρτ</span> <span class='ocrx_word' id='word_1_654' title='bbox 1175 5655 1418 5728; x_wconf 74' lang='grc' dir='ltr'>ιγνύῃσιν</span> <span class='ocrx_word' id='word_1_655' title='bbox 1469 5653 1640 5719; x_wconf 70' lang='grc' dir='ltr'>ἕλιξεν</span> <span class='ocrx_word' id='word_1_656' title='bbox 1675 5654 1906 5723; x_wconf 73' lang='grc' dir='ltr'>Κέρκον,</span> <span class='ocrx_word' id='word_1_657' title='bbox 1938 5651 2085 5721; x_wconf 79' lang='grc' dir='ltr'>ἄφαρ</span> <span class='ocrx_word' id='word_1_658' title='bbox 2122 5651 2176 5704; x_wconf 77' lang='grc' dir='ltr'>δὲ</span> 
     </span>
    </p>
   </div>
   <div class='ocr_carea' id='block_1_90' title="bbox 624 5735 2172 5818">
    <p class='ocr_par' dir='ltr' id='par_1_90' title="bbox 624 5735 2172 5818">
     <span class='ocr_line' id='line_1_90' title="bbox 624 5735 2172 5818; baseline 0.002 -20"><span class='ocrx_word' id='word_1_659' title='bbox 624 5735 807 5805; x_wconf 73' lang='grc' dir='ltr'><strong>μάχης</strong></span> <span class='ocrx_word' id='word_1_660' title='bbox 839 5746 1111 5817; x_wconf 66' lang='grc' dir='ltr'><strong>ἐμνήσατο</strong></span> <span class='ocrx_word' id='word_1_661' title='bbox 1175 5746 1414 5805; x_wconf 88' lang='lat' dir='ltr'><strong>Consule</strong></span> <span class='ocrx_word' id='word_1_662' title='bbox 1447 5745 1670 5803; x_wconf 61' lang='lat' dir='ltr'><strong>Caelium</strong></span> <span class='ocrx_word' id='word_1_663' title='bbox 1707 5745 2051 5818; x_wconf 78' lang='lat' dir='ltr'><strong>Radigintim,</strong></span> <span class='ocrx_word' id='word_1_664' title='bbox 2079 5747 2172 5801; x_wconf 83' lang='lat' dir='ltr'><strong>lib.</strong></span> 
     </span>
    </p>
   </div>
   <div class='ocr_carea' id='block_1_91' title="bbox 2293 3212 3855 3290">
    <p class='ocr_par' dir='ltr' id='par_1_91' title="bbox 2293 3212 3855 3290">
     <span class='ocr_line' id='line_1_91' title="bbox 2293 3212 3855 3290; baseline -0.011 -9"><span class='ocrx_word' id='word_1_665' title='bbox 2293 3233 2591 3290; x_wconf 86' lang='lat' dir='ltr'><strong>sostomus,</strong></span> <span class='ocrx_word' id='word_1_666' title='bbox 2653 3225 2707 3277; x_wconf 88' lang='lat' dir='ltr'><strong>in</strong></span> <span class='ocrx_word' id='word_1_667' title='bbox 2750 3237 2865 3289; x_wconf 90' lang='lat' dir='ltr'><strong>cap.</strong></span> <span class='ocrx_word' id='word_1_668' title='bbox 2908 3237 2959 3275; x_wconf 77' lang='lat' dir='ltr'><strong>v1</strong></span> <span class='ocrx_word' id='word_1_669' title='bbox 2995 3219 3140 3284; x_wconf 84' lang='lat' dir='ltr'><strong>Jobi,</strong></span> <span class='ocrx_word' id='word_1_670' title='bbox 3191 3217 3434 3280; x_wconf 79' lang='grc' dir='ltr'><strong>Δυσῶδες</strong></span> <span class='ocrx_word' id='word_1_671' title='bbox 3477 3218 3584 3286; x_wconf 80' lang='grc' dir='ltr'><strong>γὰρ</strong></span> <span class='ocrx_word' id='word_1_672' title='bbox 3612 3212 3773 3267; x_wconf 82' lang='grc' dir='ltr'><strong>τοῦτο</strong></span> <span class='ocrx_word' id='word_1_673' title='bbox 3804 3213 3855 3264; x_wconf 69' lang='grc' dir='ltr'><strong>τὲ</strong></span> 
     </span>
    </p>
   </div>
   <div class='ocr_carea' id='block_1_92' title="bbox 2292 3305 3859 3388">
    <p class='ocr_par' dir='ltr' id='par_1_92' title="bbox 2292 3305 3859 3388">
     <span class='ocr_line' id='line_1_92' title="bbox 2292 3305 3859 3388; baseline -0.008 -19"><span class='ocrx_word' id='word_1_674' title='bbox 2292 3317 2479 3388; x_wconf 79' lang='grc' dir='ltr'>οηρίον</span> <span class='ocrx_word' id='word_1_675' title='bbox 2508 3314 2622 3385; x_wconf 78' lang='grc' dir='ltr'>μεθ’</span> <span class='ocrx_word' id='word_1_676' title='bbox 2642 3313 2964 3384; x_wconf 78' lang='grc' dir='ltr'>ὑπερϐολῆς.</span> <span class='ocrx_word' id='word_1_677' title='bbox 3007 3311 3220 3380; x_wconf 80' lang='grc' dir='ltr'>Ἐπειδὴ</span> <span class='ocrx_word' id='word_1_678' title='bbox 3241 3309 3347 3378; x_wconf 78' lang='grc' dir='ltr'><strong>γὰρ</strong></span> <span class='ocrx_word' id='word_1_679' title='bbox 3377 3309 3486 3377; x_wconf 80' lang='grc' dir='ltr'>ἔχει</span> <span class='ocrx_word' id='word_1_680' title='bbox 3514 3307 3608 3376; x_wconf 69' lang='grc' dir='ltr'><strong>τὴν</strong></span> <span class='ocrx_word' id='word_1_681' title='bbox 3633 3306 3744 3358; x_wconf 82' lang='grc' dir='ltr'><strong>ἀπὺ</strong></span> <span class='ocrx_word' id='word_1_682' title='bbox 3763 3305 3859 3372; x_wconf 79' lang='grc' dir='ltr'><strong>τῆς</strong></span> 
     </span>
    </p>
   </div>
   <div class='ocr_carea' id='block_1_93' title="bbox 2291 3400 3852 3478">
    <p class='ocr_par' dir='ltr' id='par_1_93' title="bbox 2291 3400 3852 3478">
     <span class='ocr_line' id='line_1_93' title="bbox 2291 3400 3852 3478; baseline -0.01 -15"><span class='ocrx_word' id='word_1_683' title='bbox 2291 3411 2504 3478; x_wconf 81' lang='grc' dir='ltr'>φύσεως</span> <span class='ocrx_word' id='word_1_684' title='bbox 2543 3408 2876 3471; x_wconf 81' lang='grc' dir='ltr'>πλεονεξίαν,</span> <span class='ocrx_word' id='word_1_685' title='bbox 2923 3405 3124 3476; x_wconf 77' lang='grc' dir='ltr'>ἑτέρως</span> <span class='ocrx_word' id='word_1_686' title='bbox 3168 3403 3326 3455; x_wconf 82' lang='grc' dir='ltr'>αὐτὸν</span> <span class='ocrx_word' id='word_1_687' title='bbox 3368 3402 3474 3452; x_wconf 76' lang='grc' dir='ltr'><strong>τῶν</strong></span> <span class='ocrx_word' id='word_1_688' title='bbox 3515 3400 3688 3453; x_wconf 75' lang='grc' dir='ltr'>ἄλλων</span> <span class='ocrx_word' id='word_1_689' title='bbox 3725 3414 3852 3464; x_wconf 71' lang='grc' dir='ltr'><strong>φαυ-</strong></span> 
     </span>
    </p>
   </div>
   <div class='ocr_carea' id='block_1_94' title="bbox 2290 3486 3857 3572">
    <p class='ocr_par' dir='ltr' id='par_1_94' title="bbox 2290 3486 3857 3572">
     <span class='ocr_line' id='line_1_94' title="bbox 2290 3486 3857 3572; baseline -0.011 -17"><span class='ocrx_word' id='word_1_690' title='bbox 2290 3503 2505 3572; x_wconf 84' lang='grc' dir='ltr'>λότερον</span> <span class='ocrx_word' id='word_1_691' title='bbox 2530 3499 2780 3569; x_wconf 79' lang='grc' dir='ltr'>ἐποίησεν</span> <span class='ocrx_word' id='word_1_692' title='bbox 2803 3500 2831 3549; x_wconf 86' lang='grc' dir='ltr'>ὁ</span> <span class='ocrx_word' id='word_1_693' title='bbox 2859 3495 3010 3558; x_wconf 84' lang='grc' dir='ltr'>Θεός.</span> <span class='ocrx_word' id='word_1_694' title='bbox 3044 3492 3118 3548; x_wconf 87' lang='lat' dir='ltr'><strong>De</strong></span> <span class='ocrx_word' id='word_1_695' title='bbox 3148 3493 3266 3562; x_wconf 87' lang='lat' dir='ltr'><strong>ejus</strong></span> <span class='ocrx_word' id='word_1_696' title='bbox 3296 3489 3527 3558; x_wconf 71' lang='lat' dir='ltr'><strong>Euchiq.</strong></span> <span class='ocrx_word' id='word_1_697' title='bbox 3555 3490 3710 3558; x_wconf 88' lang='lat' dir='ltr'><strong>plura</strong></span> <span class='ocrx_word' id='word_1_698' title='bbox 3741 3486 3857 3539; x_wconf 86' lang='lat' dir='ltr'><strong>Ari-</strong></span> 
     </span>
    </p>
   </div>
   <div class='ocr_carea' id='block_1_95' title="bbox 2292 3590 2764 3657">
    <p class='ocr_par' dir='ltr' id='par_1_95' title="bbox 2292 3590 2764 3657">
     <span class='ocr_line' id='line_1_95' title="bbox 2292 3590 2764 3657; baseline -0.013 -9"><span class='ocrx_word' id='word_1_699' title='bbox 2292 3594 2534 3657; x_wconf 87' lang='lat' dir='ltr'><strong>stoteles,</strong></span> <span class='ocrx_word' id='word_1_700' title='bbox 2566 3599 2619 3644; x_wconf 86' lang='lat' dir='ltr'><strong>et</strong></span> <span class='ocrx_word' id='word_1_701' title='bbox 2651 3590 2764 3642; x_wconf 85' lang='lat' dir='ltr'><strong>alii.</strong></span> 
     </span>
    </p>
   </div>
   <div class='ocr_carea' id='block_1_96' title="bbox 2361 3671 3862 3739">
    <p class='ocr_par' dir='ltr' id='par_1_96' title="bbox 2361 3671 3862 3739">
     <span class='ocr_line' id='line_1_96' title="bbox 2361 3671 3862 3739; baseline -0.012 0"><span class='ocrx_word' id='word_1_702' title='bbox 2361 3683 2498 3739; x_wconf 76' lang='lat' dir='ltr'><strong>ibid.</strong></span> <span class='ocrx_word' id='word_1_703' title='bbox 2563 3683 2660 3735; x_wconf 84' lang='lat' dir='ltr'><strong>lin.</strong></span> <span class='ocrx_word' id='word_1_704' title='bbox 2710 3681 2762 3736; x_wconf 89' lang='lat'><strong>9.</strong></span> <span class='ocrx_word' id='word_1_705' title='bbox 2821 3678 3134 3734; x_wconf 75' lang='grc' dir='ltr'><strong>Καθεύδων</strong></span> <span class='ocrx_word' id='word_1_706' title='bbox 3177 3677 3244 3729; x_wconf 84' lang='grc' dir='ltr'><strong>δὲ</strong></span> <span class='ocrx_word' id='word_1_707' title='bbox 3289 3674 3425 3728; x_wconf 73' lang='lat' dir='ltr'><strong>circi.</strong></span> <span class='ocrx_word' id='word_1_708' title='bbox 3460 3671 3657 3733; x_wconf 76' lang='lat' dir='ltr'><strong>liorus,</strong></span> <span class='ocrx_word' id='word_1_709' title='bbox 3687 3671 3785 3723; x_wconf 86' lang='lat' dir='ltr'><strong>lib.</strong></span> <span class='ocrx_word' id='word_1_710' title='bbox 3821 3687 3862 3730; x_wconf 82' lang='grc' dir='ltr'><strong>ι,</strong></span> 
     </span>
    </p>
   </div>
   <div class='ocr_carea' id='block_1_97' title="bbox 2293 3760 3856 3840">
    <p class='ocr_par' dir='ltr' id='par_1_97' title="bbox 2293 3760 3856 3840">
     <span class='ocr_line' id='line_1_97' title="bbox 2293 3760 3856 3840; baseline -0.013 -12"><span class='ocrx_word' id='word_1_711' title='bbox 2293 3781 2342 3829; x_wconf 72' lang='lat' dir='ltr'><strong>ei</strong></span> <span class='ocrx_word' id='word_1_712' title='bbox 2380 3774 2468 3839; x_wconf 77' lang='grc'><strong>19,</strong></span> <span class='ocrx_word' id='word_1_713' title='bbox 2508 3771 2723 3840; x_wconf 80' lang='grc' dir='ltr'>Ἐπειδὴ</span> <span class='ocrx_word' id='word_1_714' title='bbox 2770 3772 2796 3822; x_wconf 82' lang='grc' dir='ltr'>ὁ</span> <span class='ocrx_word' id='word_1_715' title='bbox 2847 3769 2981 3821; x_wconf 81' lang='grc' dir='ltr'><strong>λέων</strong></span> <span class='ocrx_word' id='word_1_716' title='bbox 3022 3768 3078 3818; x_wconf 84' lang='grc' dir='ltr'>ὲν</span> <span class='ocrx_word' id='word_1_717' title='bbox 3119 3765 3194 3835; x_wconf 83' lang='grc' dir='ltr'>τῷ</span> <span class='ocrx_word' id='word_1_718' title='bbox 3242 3760 3595 3832; x_wconf 74' lang='grc' dir='ltr'><strong>ἐγρηγορέναι</strong></span> <span class='ocrx_word' id='word_1_719' title='bbox 3648 3761 3856 3827; x_wconf 73' lang='grc' dir='ltr'>μέμυκε</span> 
     </span>
    </p>
   </div>
   <div class='ocr_carea' id='block_1_98' title="bbox 2290 3850 3861 3932">
    <p class='ocr_par' dir='ltr' id='par_1_98' title="bbox 2290 3850 3861 3932">
     <span class='ocr_line' id='line_1_98' title="bbox 2290 3850 3861 3932; baseline -0.011 -14"><span class='ocrx_word' id='word_1_720' title='bbox 2290 3866 2416 3929; x_wconf 80' lang='grc' dir='ltr'>τοὺς</span> <span class='ocrx_word' id='word_1_721' title='bbox 2461 3863 2788 3932; x_wconf 80' lang='grc' dir='ltr'>ὀφθαλμοὺς,</span> <span class='ocrx_word' id='word_1_722' title='bbox 2820 3857 3155 3928; x_wconf 83' lang='grc' dir='ltr'>κοιμώμενος</span> <span class='ocrx_word' id='word_1_723' title='bbox 3189 3855 3244 3906; x_wconf 83' lang='grc' dir='ltr'><strong>δὲ</strong></span> <span class='ocrx_word' id='word_1_724' title='bbox 3298 3854 3601 3918; x_wconf 79' lang='grc' dir='ltr'>ἁνεωγότας</span> <span class='ocrx_word' id='word_1_725' title='bbox 3638 3850 3861 3911; x_wconf 73' lang='grc' dir='ltr'><strong>τούτους</strong></span> 
     </span>
    </p>
   </div>
   <div class='ocr_carea' id='block_1_99' title="bbox 2292 3942 3856 4025">
    <p class='ocr_par' dir='ltr' id='par_1_99' title="bbox 2292 3942 3856 4025">
     <span class='ocr_line' id='line_1_99' title="bbox 2292 3942 3856 4025; baseline -0.01 -17"><span class='ocrx_word' id='word_1_726' title='bbox 2292 3956 2422 4025; x_wconf 74' lang='grc' dir='ltr'>ἔχει.</span> <span class='ocrx_word' id='word_1_727' title='bbox 2458 3954 2827 4015; x_wconf 87' lang='lat' dir='ltr'><strong>Plutarchus,</strong></span> <span class='ocrx_word' id='word_1_728' title='bbox 2887 3968 2937 4004; x_wconf 81' lang='lat' dir='ltr'><strong>iv</strong></span> <span class='ocrx_word' id='word_1_729' title='bbox 2995 3947 3258 4018; x_wconf 85' lang='lat' dir='ltr'><strong>Sympos.,</strong></span> <span class='ocrx_word' id='word_1_730' title='bbox 3310 3951 3501 4014; x_wconf 66' lang='lat' dir='ltr'><strong>quaest.</strong></span> <span class='ocrx_word' id='word_1_731' title='bbox 3559 3942 3610 4007; x_wconf 82' lang='lat'><strong>5,</strong></span> <span class='ocrx_word' id='word_1_732' title='bbox 3669 3943 3856 3995; x_wconf 85' lang='lat' dir='ltr'><strong>oculos</strong></span> 
     </span>
    </p>
   </div>
   <div class='ocr_carea' id='block_1_100' title="bbox 2292 4034 3854 4108">
    <p class='ocr_par' dir='ltr' id='par_1_100' title="bbox 2292 4034 3854 4108">
     <span class='ocr_line' id='line_1_100' title="bbox 2292 4034 3854 4108; baseline -0.012 -7"><span class='ocrx_word' id='word_1_733' title='bbox 2292 4047 2469 4102; x_wconf 89' lang='lat' dir='ltr'><strong>leonis</strong></span> <span class='ocrx_word' id='word_1_734' title='bbox 2518 4045 2845 4099; x_wconf 88' lang='lat' dir='ltr'><strong>dormientis</strong></span> <span class='ocrx_word' id='word_1_735' title='bbox 2899 4044 2995 4108; x_wconf 88' lang='lat' dir='ltr'><strong>ait,</strong></span> <span class='ocrx_word' id='word_1_736' title='bbox 3049 4038 3361 4106; x_wconf 71' lang='lat' dir='ltr'><strong>sulfulgere,</strong></span> <span class='ocrx_word' id='word_1_737' title='bbox 3404 4034 3642 4089; x_wconf 85' lang='lat' dir='ltr'><strong>dormire</strong></span> <span class='ocrx_word' id='word_1_738' title='bbox 3677 4042 3854 4087; x_wconf 81' lang='lat' dir='ltr'><strong>autem</strong></span> 
     </span>
    </p>
   </div>
   <div class='ocr_carea' id='block_1_101' title="bbox 2289 4121 3852 4202">
    <p class='ocr_par' dir='ltr' id='par_1_101' title="bbox 2289 4121 3852 4202">
     <span class='ocr_line' id='line_1_101' title="bbox 2289 4121 3852 4202; baseline -0.013 -11"><span class='ocrx_word' id='word_1_739' title='bbox 2289 4143 2565 4191; x_wconf 90' lang='lat' dir='ltr'><strong>momento</strong></span> <span class='ocrx_word' id='word_1_740' title='bbox 2595 4129 3074 4202; x_wconf 87' lang='lat' dir='ltr'><strong>temporis.‘.Phile,</strong></span> <span class='ocrx_word' id='word_1_741' title='bbox 3107 4127 3159 4179; x_wconf 91' lang='lat' dir='ltr'><strong>in</strong></span> <span class='ocrx_word' id='word_1_742' title='bbox 3194 4125 3404 4190; x_wconf 80' lang='lat' dir='ltr'><strong>iambis,</strong></span> <span class='ocrx_word' id='word_1_743' title='bbox 3440 4124 3600 4177; x_wconf 85' lang='lat' dir='ltr'><strong>etiam</strong></span> <span class='ocrx_word' id='word_1_744' title='bbox 3627 4121 3852 4175; x_wconf 87' lang='lat' dir='ltr'><strong>caudam</strong></span> 
     </span>
    </p>
   </div>
   <div class='ocr_carea' id='block_1_102' title="bbox 2290 4214 3843 4297">
    <p class='ocr_par' dir='ltr' id='par_1_102' title="bbox 2290 4214 3843 4297">
     <span class='ocr_line' id='line_1_102' title="bbox 2290 4214 3843 4297; baseline -0.014 -15"><span class='ocrx_word' id='word_1_745' title='bbox 2290 4230 2467 4297; x_wconf 90' lang='lat' dir='ltr'><strong>ipsum</strong></span> <span class='ocrx_word' id='word_1_746' title='bbox 2499 4229 2555 4281; x_wconf 90' lang='lat' dir='ltr'><strong>in</strong></span> <span class='ocrx_word' id='word_1_747' title='bbox 2585 4230 2768 4295; x_wconf 83' lang='lat' dir='ltr'><strong>quiete</strong></span> <span class='ocrx_word' id='word_1_748' title='bbox 2799 4237 3032 4282; x_wconf 78' lang='lat' dir='ltr'><strong>movere,</strong></span> <span class='ocrx_word' id='word_1_749' title='bbox 3055 4220 3146 4271; x_wconf 87' lang='lat' dir='ltr'><strong>ait.</strong></span> <span class='ocrx_word' id='word_1_750' title='bbox 3181 4217 3308 4271; x_wconf 77' lang='lat' dir='ltr'><strong>Vide</strong></span> <span class='ocrx_word' id='word_1_751' title='bbox 3335 4216 3400 4271; x_wconf 92' lang='lat' dir='ltr'><strong>de</strong></span> <span class='ocrx_word' id='word_1_752' title='bbox 3427 4217 3530 4270; x_wconf 89' lang='lat' dir='ltr'><strong>hoc</strong></span> <span class='ocrx_word' id='word_1_753' title='bbox 3558 4214 3843 4269; x_wconf 62' lang='lat' dir='ltr'><strong>Elianum.</strong></span> 
     </span>
    </p>
   </div>
   <div class='ocr_carea' id='block_1_103' title="bbox 2289 4307 3851 4386">
    <p class='ocr_par' dir='ltr' id='par_1_103' title="bbox 2289 4307 3851 4386">
     <span class='ocr_line' id='line_1_103' title="bbox 2289 4307 3851 4386; baseline -0.01 -14"><span class='ocrx_word' id='word_1_754' title='bbox 2289 4320 2383 4374; x_wconf 92' lang='lat' dir='ltr'><strong>lib.</strong></span> <span class='ocrx_word' id='word_1_755' title='bbox 2417 4335 2470 4382; x_wconf 88' lang='lat' dir='ltr'><strong>v,</strong></span> <span class='ocrx_word' id='word_1_756' title='bbox 2503 4334 2622 4386; x_wconf 88' lang='lat' dir='ltr'><strong>cap.</strong></span> <span class='ocrx_word' id='word_1_757' title='bbox 2656 4318 2743 4379; x_wconf 74' lang='lat'><strong>39,</strong></span> <span class='ocrx_word' id='word_1_758' title='bbox 2770 4314 3000 4367; x_wconf 88' lang='lat' dir='ltr'><strong>Plinium</strong></span> <span class='ocrx_word' id='word_1_759' title='bbox 3052 4319 3103 4364; x_wconf 87' lang='lat' dir='ltr'><strong>et</strong></span> <span class='ocrx_word' id='word_1_760' title='bbox 3139 4309 3295 4363; x_wconf 76' lang='lat' dir='ltr'><strong>alios.</strong></span> <span class='ocrx_word' id='word_1_761' title='bbox 3349 4307 3420 4362; x_wconf 89' lang='lat' dir='ltr'><strong>De</strong></span> <span class='ocrx_word' id='word_1_762' title='bbox 3447 4323 3634 4362; x_wconf 87' lang='lat' dir='ltr'><strong>eorum</strong></span> <span class='ocrx_word' id='word_1_763' title='bbox 3669 4320 3851 4360; x_wconf 83' lang='lat' dir='ltr'><strong>somno</strong></span> 
     </span>
    </p>
   </div>
   <div class='ocr_carea' id='block_1_104' title="bbox 2288 4403 3300 4480">
    <p class='ocr_par' dir='ltr' id='par_1_104' title="bbox 2288 4403 3300 4480">
     <span class='ocr_line' id='line_1_104' title="bbox 2288 4403 3300 4480; baseline -0.011 -13"><span class='ocrx_word' id='word_1_764' title='bbox 2288 4415 2363 4467; x_wconf 90' lang='lat' dir='ltr'><strong>ita</strong></span> <span class='ocrx_word' id='word_1_765' title='bbox 2400 4412 2599 4467; x_wconf 88' lang='lat' dir='ltr'><strong>cecinit</strong></span> <span class='ocrx_word' id='word_1_766' title='bbox 2626 4409 2903 4480; x_wconf 85' lang='lat' dir='ltr'><strong>Oppianus</strong></span> <span class='ocrx_word' id='word_1_767' title='bbox 2931 4408 3214 4471; x_wconf 75' lang='grc' dir='ltr'><strong>Κυνηγετ.</strong></span> <span class='ocrx_word' id='word_1_768' title='bbox 3249 4403 3300 4456; x_wconf 72' lang='lat'><strong>’5.</strong></span> 
     </span>
    </p>
   </div>
   <div class='ocr_carea' id='block_1_105' title="bbox 2195 4533 3852 4612">
    <p class='ocr_par' dir='ltr' id='par_1_105' title="bbox 2195 4533 3852 4612">
     <span class='ocr_line' id='line_1_105' title="bbox 2195 4533 3852 4612; baseline -0.011 -10"><span class='ocrx_word' id='word_1_769' title='bbox 2195 4533 2255 4583; x_wconf 53' lang='grc' dir='ltr'><strong>η’</strong></span> <span class='ocrx_word' id='word_1_770' title='bbox 2293 4545 2428 4601; x_wconf 66' lang='grc' dir='ltr'><strong>Οὐδ’</strong></span> <span class='ocrx_word' id='word_1_771' title='bbox 2451 4545 2646 4599; x_wconf 78' lang='grc' dir='ltr'><strong>ὕπνον</strong></span> <span class='ocrx_word' id='word_1_772' title='bbox 2659 4543 3018 4612; x_wconf 73' lang='grc' dir='ltr'><strong>μυχάτρισιν</strong></span> <span class='ocrx_word' id='word_1_773' title='bbox 3037 4539 3158 4612; x_wconf 68' lang='grc' dir='ltr'>ἔχει</span> <span class='ocrx_word' id='word_1_774' title='bbox 3181 4535 3338 4604; x_wconf 79' lang='grc' dir='ltr'>παρὰ</span> <span class='ocrx_word' id='word_1_775' title='bbox 3351 4533 3599 4612; x_wconf 50' lang='grc' dir='ltr'>τέρμασι</span> <span class='ocrx_word' id='word_1_776' title='bbox 3617 4533 3852 4612; x_wconf 58' lang='grc' dir='ltr'><strong>πέτρης,-</strong></span> 
     </span>
    </p>
   </div>
   <div class='ocr_carea' id='block_1_106' title="bbox 2303 4598 3815 4685">
    <p class='ocr_par' dir='ltr' id='par_1_106' title="bbox 2303 4598 3815 4685">
     <span class='ocr_line' id='line_1_106' title="bbox 2303 4598 3815 4685; baseline -0.012 -14"><span class='ocrx_word' id='word_1_777' title='bbox 2303 4598 2604 4685; x_wconf 48' lang='grc' dir='ltr'><strong>ἷὶιμεραδὸν</strong></span> <span class='ocrx_word' id='word_1_778' title='bbox 2617 4598 2836 4685; x_wconf 49' lang='lat' dir='ltr'><strong>ehi-(Ie.</strong></span> <span class='ocrx_word' id='word_1_779' title='bbox 2853 4609 2918 4662; x_wconf 85' lang='grc' dir='ltr'><em>δὲ</em></span> <span class='ocrx_word' id='word_1_780' title='bbox 2938 4598 3318 4685; x_wconf 56' lang='grc' dir='ltr'><strong>θραρ-ὖφροιῖα</strong></span> <span class='ocrx_word' id='word_1_781' title='bbox 3334 4598 3521 4685; x_wconf 58' lang='grc' dir='ltr'>ϐολῶν</span> <span class='ocrx_word' id='word_1_782' title='bbox 3534 4598 3815 4685; x_wconf 39' lang='grc' dir='ltr'><strong>ἐμω-οἴομ’.</strong></span> 
     </span>
    </p>
   </div>
   <div class='ocr_carea' id='block_1_107' title="bbox 2286 4673 3783 4747">
    <p class='ocr_par' dir='ltr' id='par_1_107' title="bbox 2286 4673 3783 4747">
     <span class='ocr_line' id='line_1_107' title="bbox 2286 4673 3783 4747; baseline -0.009 -8"><span class='ocrx_word' id='word_1_783' title='bbox 2286 4673 2459 4740; x_wconf 54' lang='lat' dir='ltr'><strong>nobis;</strong></span> <span class='ocrx_word' id='word_1_784' title='bbox 2488 4685 2539 4737; x_wconf 80' lang='grc' dir='ltr'><strong>δ’</strong></span> <span class='ocrx_word' id='word_1_785' title='bbox 2573 4685 2721 4738; x_wconf 72' lang='grc' dir='ltr'><strong>ἔνθα</strong></span> <span class='ocrx_word' id='word_1_786' title='bbox 2751 4673 2998 4747; x_wconf 70' lang='grc' dir='ltr'><strong>κίχῃσιῦ</strong></span> <span class='ocrx_word' id='word_1_787' title='bbox 3028 4673 3341 4745; x_wconf 66' lang='grc' dir='ltr'><strong>ὑπείροχος</strong></span> <span class='ocrx_word' id='word_1_788' title='bbox 3378 4677 3629 4742; x_wconf 75' lang='grc' dir='ltr'><strong>ἑσπερίη</strong></span> <span class='ocrx_word' id='word_1_789' title='bbox 3652 4673 3783 4736; x_wconf 76' lang='grc' dir='ltr'><strong>νύξ.</strong></span> 
     </span>
    </p>
   </div>
   <div class='ocr_carea' id='block_1_108' title="bbox 2358 4829 3850 4901">
    <p class='ocr_par' dir='ltr' id='par_1_108' title="bbox 2358 4829 3850 4901">
     <span class='ocr_line' id='line_1_108' title="bbox 2358 4829 3850 4901; baseline -0.011 -6"><span class='ocrx_word' id='word_1_790' title='bbox 2358 4838 2498 4895; x_wconf 80' lang='lat' dir='ltr'><strong>Ibid.</strong></span> <span class='ocrx_word' id='word_1_791' title='bbox 2546 4838 2609 4893; x_wconf 87' lang='grc' dir='ltr'>Ἡ</span> <span class='ocrx_word' id='word_1_792' title='bbox 2639 4836 2707 4889; x_wconf 84' lang='grc' dir='ltr'><em>δὲ</em></span> <span class='ocrx_word' id='word_1_793' title='bbox 2740 4833 2951 4889; x_wconf 69' lang='grc' dir='ltr'>,λέαινα</span> <span class='ocrx_word' id='word_1_794' title='bbox 2981 4833 3158 4901; x_wconf 78' lang='grc' dir='ltr'>μόλις</span> <span class='ocrx_word' id='word_1_795' title='bbox 3201 4833 3354 4897; x_wconf 70' lang='grc' dir='ltr'><strong>ἐαγός.</strong></span> <span class='ocrx_word' id='word_1_796' title='bbox 3402 4831 3479 4884; x_wconf 89' lang='lat' dir='ltr'><strong>lta</strong></span> <span class='ocrx_word' id='word_1_797' title='bbox 3529 4829 3850 4886; x_wconf 77' lang='lat' dir='ltr'><strong>existimarit</strong></span> 
     </span>
    </p>
   </div>
   <div class='ocr_carea' id='block_1_109' title="bbox 2296 4921 3851 4992">
    <p class='ocr_par' dir='ltr' id='par_1_109' title="bbox 2296 4921 3851 4992">
     <span class='ocr_line' id='line_1_109' title="bbox 2296 4921 3851 4992; baseline -0.008 -9"><span class='ocrx_word' id='word_1_798' title='bbox 2296 4929 2558 4992; x_wconf 82' lang='lat' dir='ltr'><strong>Basilius,</strong></span> <span class='ocrx_word' id='word_1_799' title='bbox 2592 4928 2738 4980; x_wconf 90' lang='lat' dir='ltr'><strong>hom.</strong></span> <span class='ocrx_word' id='word_1_800' title='bbox 2773 4925 2807 4978; x_wconf 88' lang='lat'><strong>9</strong></span> <span class='ocrx_word' id='word_1_801' title='bbox 2829 4964 2844 4985; x_wconf 94' lang='lat'><strong>,</strong></span> <span class='ocrx_word' id='word_1_802' title='bbox 2871 4923 3033 4976; x_wconf 83' lang='grc' dir='ltr'>’Ὅθεν</span> <span class='ocrx_word' id='word_1_803' title='bbox 3061 4923 3270 4987; x_wconf 83' lang='grc' dir='ltr'><strong>λέοντος</strong></span> <span class='ocrx_word' id='word_1_804' title='bbox 3299 4924 3414 4986; x_wconf 75' lang='grc' dir='ltr'>ἑνὸς</span> <span class='ocrx_word' id='word_1_805' title='bbox 3440 4923 3592 4992; x_wconf 86' lang='grc' dir='ltr'>μόλις</span> <span class='ocrx_word' id='word_1_806' title='bbox 3619 4926 3650 4991; x_wconf 76' lang='grc' dir='ltr'>ἡ</span> <span class='ocrx_word' id='word_1_807' title='bbox 3677 4921 3851 4973; x_wconf 76' lang='grc' dir='ltr'>λέαινα</span> 
     </span>
    </p>
   </div>
   <div class='ocr_carea' id='block_1_110' title="bbox 2290 5015 3847 5092">
    <p class='ocr_par' dir='ltr' id='par_1_110' title="bbox 2290 5015 3847 5092">
     <span class='ocr_line' id='line_1_110' title="bbox 2290 5015 3847 5092; baseline -0.006 -20"><span class='ocrx_word' id='word_1_808' title='bbox 2290 5022 2475 5092; x_wconf 75' lang='grc' dir='ltr'><strong>μήτηρ</strong></span> <span class='ocrx_word' id='word_1_809' title='bbox 2507 5019 2732 5087; x_wconf 84' lang='grc' dir='ltr'>γίνεται.</span> <span class='ocrx_word' id='word_1_810' title='bbox 2761 5017 2894 5079; x_wconf 83' lang='grc' dir='ltr'>Ταῖς</span> <span class='ocrx_word' id='word_1_811' title='bbox 2916 5015 3023 5086; x_wconf 84' lang='grc' dir='ltr'>γὰρ</span> <span class='ocrx_word' id='word_1_812' title='bbox 3045 5018 3247 5086; x_wconf 80' lang='grc' dir='ltr'>ἀκμαῖς</span> <span class='ocrx_word' id='word_1_813' title='bbox 3279 5016 3384 5068; x_wconf 83' lang='grc' dir='ltr'>τῶν</span> <span class='ocrx_word' id='word_1_814' title='bbox 3412 5015 3616 5086; x_wconf 78' lang='grc' dir='ltr'><strong>ὀνύχων</strong></span> <span class='ocrx_word' id='word_1_815' title='bbox 3641 5015 3847 5067; x_wconf 78' lang='grc' dir='ltr'>διασπα-</span> 
     </span>
    </p>
   </div>
   <div class='ocr_carea' id='block_1_111' title="bbox 2291 5105 3845 5182">
    <p class='ocr_par' dir='ltr' id='par_1_111' title="bbox 2291 5105 3845 5182">
     <span class='ocr_line' id='line_1_111' title="bbox 2291 5105 3845 5182; baseline -0.005 -19"><span class='ocrx_word' id='word_1_816' title='bbox 2291 5111 2461 5182; x_wconf 79' lang='grc' dir='ltr'>ράξας</span> <span class='ocrx_word' id='word_1_817' title='bbox 2491 5109 2588 5180; x_wconf 77' lang='grc' dir='ltr'><strong>τὴν</strong></span> <span class='ocrx_word' id='word_1_818' title='bbox 2621 5109 2851 5178; x_wconf 85' lang='grc' dir='ltr'>μήτραν,</span> <span class='ocrx_word' id='word_1_819' title='bbox 2878 5105 3020 5158; x_wconf 75' lang='grc' dir='ltr'><strong>οὕτω</strong></span> <span class='ocrx_word' id='word_1_820' title='bbox 3064 5107 3326 5177; x_wconf 81' lang='grc' dir='ltr'>πρόεισιν,</span> <span class='ocrx_word' id='word_1_821' title='bbox 3367 5105 3442 5170; x_wconf 82' lang='grc' dir='ltr'>ὦς</span> <span class='ocrx_word' id='word_1_822' title='bbox 3473 5125 3651 5176; x_wconf 74' lang='grc' dir='ltr'>φασιν.</span> <span class='ocrx_word' id='word_1_823' title='bbox 3685 5105 3845 5171; x_wconf 76' lang='lat' dir='ltr'><strong>Hujus</strong></span> 
     </span>
    </p>
   </div>
   <div class='ocr_carea' id='block_1_112' title="bbox 2285 5198 3842 5268">
    <p class='ocr_par' dir='ltr' id='par_1_112' title="bbox 2285 5198 3842 5268">
     <span class='ocr_line' id='line_1_112' title="bbox 2285 5198 3842 5268; baseline -0.008 -8"><span class='ocrx_word' id='word_1_824' title='bbox 2285 5220 2408 5260; x_wconf 86' lang='lat' dir='ltr'><strong>esse</strong></span> <span class='ocrx_word' id='word_1_825' title='bbox 2480 5202 2762 5257; x_wconf 64' lang='lat' dir='ltr'><strong>sententia:</strong></span> <span class='ocrx_word' id='word_1_826' title='bbox 2819 5199 3031 5252; x_wconf 88' lang='lat' dir='ltr'><strong>videtur</strong></span> <span class='ocrx_word' id='word_1_827' title='bbox 3095 5198 3332 5268; x_wconf 66' lang='lat' dir='ltr'><strong>Aisopus</strong></span> <span class='ocrx_word' id='word_1_828' title='bbox 3381 5201 3435 5253; x_wconf 93' lang='lat' dir='ltr'><strong>in</strong></span> <span class='ocrx_word' id='word_1_829' title='bbox 3492 5200 3722 5264; x_wconf 80' lang='lat' dir='ltr'><strong>fabulis;</strong></span> <span class='ocrx_word' id='word_1_830' title='bbox 3781 5198 3842 5249; x_wconf 82' lang='lat' dir='ltr'><strong>ibi</strong></span> 
     </span>
    </p>
   </div>
   <div class='ocr_carea' id='block_1_113' title="bbox 2282 5289 3841 5359">
    <p class='ocr_par' dir='ltr' id='par_1_113' title="bbox 2282 5289 3841 5359">
     <span class='ocr_line' id='line_1_113' title="bbox 2282 5289 3841 5359; baseline -0.006 -10"><span class='ocrx_word' id='word_1_831' title='bbox 2282 5297 2426 5349; x_wconf 90' lang='lat' dir='ltr'><strong>enim</strong></span> <span class='ocrx_word' id='word_1_832' title='bbox 2487 5295 2658 5347; x_wconf 63' lang='lat' dir='ltr'><strong>leaena</strong></span> <span class='ocrx_word' id='word_1_833' title='bbox 2701 5289 2871 5359; x_wconf 80' lang='lat' dir='ltr'><strong>vulpi,</strong></span> <span class='ocrx_word' id='word_1_834' title='bbox 2905 5289 3154 5358; x_wconf 79' lang='lat' dir='ltr'><strong>glorianti</strong></span> <span class='ocrx_word' id='word_1_835' title='bbox 3190 5291 3390 5344; x_wconf 86' lang='lat' dir='ltr'><strong>multos</strong></span> <span class='ocrx_word' id='word_1_836' title='bbox 3425 5305 3484 5344; x_wconf 88' lang='lat' dir='ltr'><strong>se</strong></span> <span class='ocrx_word' id='word_1_837' title='bbox 3515 5290 3653 5344; x_wconf 81' lang='lat' dir='ltr'><strong>fetus</strong></span> <span class='ocrx_word' id='word_1_838' title='bbox 3674 5289 3841 5347; x_wconf 84' lang='lat' dir='ltr'><strong>edere.</strong></span> 
     </span>
    </p>
   </div>
   <div class='ocr_carea' id='block_1_114' title="bbox 2285 5375 3834 5448">
    <p class='ocr_par' dir='ltr' id='par_1_114' title="bbox 2285 5375 3834 5448">
     <span class='ocr_line' id='line_1_114' title="bbox 2285 5375 3834 5448; baseline -0.005 -14"><span class='ocrx_word' id='word_1_839' title='bbox 2285 5395 2451 5434; x_wconf 92' lang='lat' dir='ltr'><strong>unum</strong></span> <span class='ocrx_word' id='word_1_840' title='bbox 2491 5377 2772 5448; x_wconf 87' lang='lat' dir='ltr'><strong>respondit</strong></span> <span class='ocrx_word' id='word_1_841' title='bbox 2801 5392 2858 5430; x_wconf 89' lang='lat' dir='ltr'><strong>se</strong></span> <span class='ocrx_word' id='word_1_842' title='bbox 2891 5384 3098 5429; x_wconf 89' lang='lat' dir='ltr'><strong>tantum</strong></span> <span class='ocrx_word' id='word_1_843' title='bbox 3130 5393 3340 5448; x_wconf 86' lang='lat' dir='ltr'><strong>parere,</strong></span> <span class='ocrx_word' id='word_1_844' title='bbox 3380 5379 3474 5431; x_wconf 80' lang='lat' dir='ltr'><strong>sed</strong></span> <span class='ocrx_word' id='word_1_845' title='bbox 3495 5380 3726 5432; x_wconf 87' lang='lat' dir='ltr'><strong>lennem.</strong></span> <span class='ocrx_word' id='word_1_846' title='bbox 3755 5375 3834 5428; x_wconf 77' lang='lat' dir='ltr'><strong>He-</strong></span> 
     </span>
    </p>
   </div>
   <div class='ocr_carea' id='block_1_115' title="bbox 2279 5467 3838 5539">
    <p class='ocr_par' dir='ltr' id='par_1_115' title="bbox 2279 5467 3838 5539">
     <span class='ocr_line' id='line_1_115' title="bbox 2279 5467 3838 5539; baseline -0.006 -14"><span class='ocrx_word' id='word_1_847' title='bbox 2279 5472 2527 5533; x_wconf 84' lang='lat' dir='ltr'><strong>rodotus,</strong></span> <span class='ocrx_word' id='word_1_848' title='bbox 2577 5470 2666 5522; x_wconf 86' lang='lat' dir='ltr'><strong>lib.</strong></span> <span class='ocrx_word' id='word_1_849' title='bbox 2728 5485 2812 5529; x_wconf 83' lang='lat' dir='ltr'><strong>In,</strong></span> <span class='ocrx_word' id='word_1_850' title='bbox 2855 5468 2919 5520; x_wconf 81' lang='grc' dir='ltr'><strong>Ἡ</strong></span> <span class='ocrx_word' id='word_1_851' title='bbox 2951 5467 3006 5520; x_wconf 82' lang='grc' dir='ltr'><strong>δὲ</strong></span> <span class='ocrx_word' id='word_1_852' title='bbox 3052 5469 3115 5538; x_wconf 82' lang='grc' dir='ltr'><strong>δὴ</strong></span> <span class='ocrx_word' id='word_1_853' title='bbox 3157 5469 3362 5532; x_wconf 80' lang='grc' dir='ltr'>λέαινα,</span> <span class='ocrx_word' id='word_1_854' title='bbox 3392 5469 3479 5521; x_wconf 80' lang='grc' dir='ltr'><strong>ἐὸν</strong></span> <span class='ocrx_word' id='word_1_855' title='bbox 3513 5470 3838 5539; x_wconf 69' lang='grc' dir='ltr'><strong>ἰσχυρότατον</strong></span> 
     </span>
    </p>
   </div>
   <div class='ocr_carea' id='block_1_116' title="bbox 2287 5553 3838 5629">
    <p class='ocr_par' dir='ltr' id='par_1_116' title="bbox 2287 5553 3838 5629">
     <span class='ocr_line' id='line_1_116' title="bbox 2287 5553 3838 5629; baseline -0.006 -15"><span class='ocrx_word' id='word_1_856' title='bbox 2287 5561 2381 5614; x_wconf 68' lang='grc' dir='ltr'><strong>καὶ</strong></span> <span class='ocrx_word' id='word_1_857' title='bbox 2403 5557 2753 5629; x_wconf 82' lang='grc' dir='ltr'>Θρασύτατον,</span> <span class='ocrx_word' id='word_1_858' title='bbox 2778 5553 2922 5620; x_wconf 77' lang='grc' dir='ltr'>ἅπαξ</span> <span class='ocrx_word' id='word_1_859' title='bbox 2951 5560 3008 5609; x_wconf 83' lang='grc' dir='ltr'><strong>ὲν</strong></span> <span class='ocrx_word' id='word_1_860' title='bbox 3034 5559 3112 5628; x_wconf 78' lang='grc' dir='ltr'><strong>τῷ</strong></span> <span class='ocrx_word' id='word_1_861' title='bbox 3143 5557 3244 5629; x_wconf 83' lang='grc' dir='ltr'><strong>βίῳ</strong></span> <span class='ocrx_word' id='word_1_862' title='bbox 3267 5559 3440 5610; x_wconf 77' lang='grc' dir='ltr'>τίκτει</span> <span class='ocrx_word' id='word_1_863' title='bbox 3474 5559 3552 5613; x_wconf 73' lang='grc' dir='ltr'><strong>ἓν.</strong></span> <span class='ocrx_word' id='word_1_864' title='bbox 3588 5555 3838 5611; x_wconf 74' lang='grc' dir='ltr'>Τιιτοῦσα</span> 
     </span>
    </p>
   </div>
   <div class='ocr_carea' id='block_1_117' title="bbox 2281 5642 3838 5721">
    <p class='ocr_par' dir='ltr' id='par_1_117' title="bbox 2281 5642 3838 5721">
     <span class='ocr_line' id='line_1_117' title="bbox 2281 5642 3838 5721; baseline -0.005 -18"><span class='ocrx_word' id='word_1_865' title='bbox 2281 5651 2389 5720; x_wconf 83' lang='grc' dir='ltr'><strong>γὰρ</strong></span> <span class='ocrx_word' id='word_1_866' title='bbox 2423 5648 2765 5703; x_wconf 79' lang='grc' dir='ltr'>συνεκὸἀλλει</span> <span class='ocrx_word' id='word_1_867' title='bbox 2794 5648 2871 5718; x_wconf 85' lang='grc' dir='ltr'><strong>τῷ</strong></span> <span class='ocrx_word' id='word_1_868' title='bbox 2907 5649 3084 5720; x_wconf 82' lang='grc' dir='ltr'>τέκνῳ</span> <span class='ocrx_word' id='word_1_869' title='bbox 3115 5649 3215 5712; x_wconf 83' lang='grc' dir='ltr'><strong>τὰς</strong></span> <span class='ocrx_word' id='word_1_870' title='bbox 3247 5652 3476 5721; x_wconf 75' lang='grc' dir='ltr'><strong>μήτρας.</strong></span> <span class='ocrx_word' id='word_1_871' title='bbox 3496 5648 3560 5703; x_wconf 83' lang='lat' dir='ltr'><strong>Et</strong></span> <span class='ocrx_word' id='word_1_872' title='bbox 3591 5642 3838 5717; x_wconf 69' lang='lat' dir='ltr'><strong>Egyptii,</strong></span> 
     </span>
    </p>
   </div>
   <div class='ocr_carea' id='block_1_118' title="bbox 2285 5739 3837 5812">
    <p class='ocr_par' dir='ltr' id='par_1_118' title="bbox 2285 5739 3837 5812">
     <span class='ocr_line' id='line_1_118' title="bbox 2285 5739 3837 5812; baseline -0.006 -16"><span class='ocrx_word' id='word_1_873' title='bbox 2285 5755 2348 5798; x_wconf 88' lang='lat' dir='ltr'><strong>ut</strong></span> <span class='ocrx_word' id='word_1_874' title='bbox 2381 5753 2465 5799; x_wconf 88' lang='lat' dir='ltr'><strong>est</strong></span> <span class='ocrx_word' id='word_1_875' title='bbox 2497 5740 2638 5812; x_wconf 86' lang='lat' dir='ltr'><strong>apud</strong></span> <span class='ocrx_word' id='word_1_876' title='bbox 2671 5739 2897 5806; x_wconf 84' lang='lat' dir='ltr'><strong>Horum,</strong></span> <span class='ocrx_word' id='word_1_877' title='bbox 2930 5742 3235 5805; x_wconf 81' lang='lat' dir='ltr'><strong>mulierem,</strong></span> <span class='ocrx_word' id='word_1_878' title='bbox 3272 5757 3391 5812; x_wconf 69' lang='lat' dir='ltr'><strong>quae</strong></span> <span class='ocrx_word' id='word_1_879' title='bbox 3435 5743 3603 5797; x_wconf 83' lang='lat' dir='ltr'><strong>semel</strong></span> <span class='ocrx_word' id='word_1_880' title='bbox 3646 5744 3837 5791; x_wconf 82' lang='lat' dir='ltr'><strong>tantum</strong></span> 
     </span>
    </p>
   </div>
  </div>
