4042 6338
645 375 744 434 νει

1983 383 2167 440 LEON
2173 385 2234 441 IS
2265 386 2541 444 ALLATII

3819 399 3913 454 933

699 489 850 553 .lbid.
899 494 1011 552 Kal
1054 494 1120 547 rb
1158 489 1306 564 ἦθος
1350 495 1641 562 ὕπουλος.
1692 494 1930 564 Plinius,
1964 498 2058 556 lib.
2096 518 2212 566 vm,
2247 510 2292 565 Α
2317 505 2410 572 qui
2443 507 2667 574 gerrime
2719 509 2972 565 uocabulo
3014 521 3384 578 nuncupatur,
3425 512 3627 567 habens
3680 517 3908 585 uirgulta

642 598 766 654 Cap.
801 584 892 649 36,
929 584 1040 640 Nec
1070 587 1227 641 alteri
1256 589 1574 643 animalium
1604 590 1659 643 iu
1692 591 1954 659 maleﬁcio
1981 595 2212 647 stultitia

643 674 907 729 solertior.

715 766 874 833 lbid.,
908 767 1004 822 lin.
1040 767 1128 822 I7.
1177 769 1478 835 Πολλάκις
1522 764 1636 823 οὖν
1678 770 1898 833 βαθυτ.
1951 769 2212 837 Basilius,

643 856 790 912 hom.
817 856 872 918 9,
897 858 1099 929 Ἄρτιος
1130 859 1409 924 πολλάκις,
1445 859 1772 928 βαθυτάταις
1803 863 2216 933 κατατρωθεὼα

644 946 896 1018 πληγαῖς,
923 949 1121 1017 ἑαυτὴν
1151 950 1387 1019 ἰατρεύει
1415 951 1609 1014 πάσαις
1639 955 1904 1021 μηχαναῖς
1926 952 2003 1022 τῷ
2030 955 2218 1024 φλὸμῳ

641 1041 817 1111 τούτῳ
845 1039 1014 1112 ξηρὰν
1062 1041 1158 1112 τὴν
1205 1042 1366 1111 φύσιν
1406 1041 1579 1112 ἔχοντι
1627 1042 1726 1106 τὰς
1767 1043 1997 1106 ὠτειλὰς
2040 1062 2216 1116 παρα-

641 1129 867 1186 ϐύουσα.
911 1131 1108 1187 Petrus
1135 1131 1456 1194 Damianus,
1482 1134 1578 1187 lib.
1617 1148 1678 1198 ll,
1708 1134 1869 1202 epist.
1902 1134 1988 1198 l8,
2017 1134 2220 1190 Ursasi

639 1221 854 1289 quando
893 1222 1084 1278 ictibus
1115 1222 1444 1290 gravissime
1479 1223 1639 1277 cwdis
1673 1224 1920 1293 afficitur,
1955 1226 2218 1279 ueletiam

632 1309 832 1378 iaculis
875 1311 1111 1380 perfossa
1143 1315 1441 1376 sauciatur,
1486 1313 1658 1368 herba:
1699 1316 1783 1368 cui
1813 1315 1992 1370 Grece
2033 1333 2221 1370 nomen

643 1401 846 1472 φλόμος
871 1413 951 1457 est
982 1403 1203 1457 vulnera
1225 1404 1441 1472 subjicit
1471 1420 1490 1458 :
1519 1415 1570 1459 et
1605 1407 1682 1458 sic
1722 1407 1837 1460 solo
1867 1416 2012 1459 tactu
2044 1421 2220 1461 omnes

637 1493 874 1556 ulcerum
906 1495 1116 1549 dolores
1144 1495 1404 1562 excludit,
1431 1506 1480 1551 et
1505 1498 1572 1550 ad
1596 1498 2012 1553 incolumitatem
2039 1502 2223 1570 pristi-

638 1601 762 1639 nam
790 1587 1131 1641 convalescit.

708 1675 872 1742 lbid.,
913 1677 1008 1731 lin.
1048 1677 1137 1731 Ξῖ.
1202 1677 1256 1730 '0
1296 1677 1512 1746 ταῦρος
1555 1679 1681 1745 τοῖς
1715 1679 1945 1747 κέρασι.
1991 1681 2221 1750 Plinius,

638 1766 734 1822 lib.
762 1783 880 1834 VIII,
948 1784 1065 1839 cap.
1109 1769 1199 1833 ιδ,
1262 1769 1454 1824 Tauris
1508 1771 1563 1823 in
1605 1784 1816 1839 aspectu
1867 1775 2223 1857 generositas,

2317 594 2554 658 subtilia,
2606 609 2759 668 atque
2801 601 3028 668 prolixa.
3079 603 3293 657 Veniens
3346 613 3521 657 autern
3584 606 3902 674 αιιιΙιοιοριι

2317 685 2385 736 ad
2401 689 2668 755 geminam
2694 690 2820 743 dum
2849 692 3029 746 ludere
3054 695 3328 749 lasciviens
3358 706 3545 758 tentat,
3582 714 3792 750 cornua
3813 717 3903 752 sua

2316 779 2556 847 uirgultis
2605 782 3050 839 crebrescentibus
3103 787 3321 856 obligat.
3362 789 3494 842 Cum
3538 805 3661 842 vero
3702 789 3899 845 diutius

2317 884 2554 939 pugnans
2595 889 2704 927 sese
2739 876 3037 930 nullatenus
3065 884 3199 931 ualet
3219 883 3433 934 educere
3471 883 3679 951 magnis
3722 883 3900 948 incipit

2318 959 2525 1014 uocibus
2549 964 2868 1023 exclamare.
2908 966 3008 1020 His
3046 971 3304 1023 excitatus
3334 972 3656 1025 clamoribus
3685 984 3900 1026 uenator

2319 1054 2573 1114 accurrit,
2602 1071 2816 1126 eumque
2841 1058 2966 1111 dum
2991 1062 3216 1127 propriis
3257 1063 3473 1117 nexibus
3511 1074 3786 1126 arctatur,
3815 1083 3898 1120 oc-

2319 1143 2470 1199 cidit.
2499 1143 2554 1198 ln
2587 1146 2674 1202 his
2705 1159 2887 1204 tamen
2920 1153 3181 1206 nonnulla
3216 1156 3704 1212 animadvertenda
3748 1167 3894 1219 sunt,

2320 1249 2442 1302 qua
2479 1252 2584 1290 non
2612 1241 2849 1296 auctoris
2878 1242 3106 1307 incuria,
3143 1246 3284 1298 absit
3338 1247 3440 1301 hoc
3490 1263 3521 1302 a
3573 1258 3734 1305 tanto
3757 1252 3895 1314 viro,

2322 1324 2418 1378 sed
2447 1342 2512 1380 ex
2537 1330 2822 1397 scriptoris
2857 1331 3092 1398 inscitia,
3121 1335 3175 1388 in
3206 1344 3406 1389 textum
3436 1336 3732 1408 irrepsisse
3749 1358 3899 1396 cum-

2321 1420 2581 1486 perimus.
2619 1418 2693 1475 De
2723 1425 3072 1493 corruptione
3102 1429 3338 1482 nominis
3371 1430 3424 1482 in
3469 1434 3894 1503 autholalopum

2323 1508 2460 1562 nihil
2496 1521 2579 1565 est
2612 1513 2755 1582 quod
2803 1516 3001 1578 dicam,
3048 1519 3235 1572 talium
3279 1521 3422 1574 enim
3457 1526 3894 1593 corrumpendo-

2324 1612 2446 1654 rum
2480 1603 2664 1658 nullus
2684 1615 2768 1659 est
2802 1608 3016 1670 modus,
3050 1612 3194 1663 sicut
3219 1620 3271 1665 et
3299 1612 3366 1666 de
3393 1624 3721 1682 venatorum
3753 1627 3892 1671 recta

2326 1691 2600 1748 scribendi
2650 1697 2879 1752 ratione.
2922 1699 3058 1753 lllud
3104 1710 3308 1756 tantum
3372 1719 3480 1757 non
3530 1706 3894 1762 dissimulabo

2326 1785 2599 1849 quomodo
2639 1787 2807 1849 erica,
2840 1789 2956 1843 sive
2985 1793 3170 1845 ervina
3219 1794 3361 1862 quod
3398 1793 3541 1847 idem
3577 1807 3679 1860 est,
3717 1798 3895 1854 frutex

639 1867 784 1913 torva
819 1860 1011 1927 fronte,
1049 1861 1267 1914 auribus
1309 1861 1528 1923 setosis,
1548 1862 1792 1917 cornibus
1842 1865 1896 1916 in
1943 1867 2214 1931 procinctu
2251 1864 2291 1922 Β
2321 1875 2523 1928 nemini
2557 1891 2664 1930 non
2688 1885 2872 1942 notus,
2915 1881 2967 1933 in
2997 1860 3274 1951 gen-inani
3301 1885 3514 1938 abierit.
3541 1885 3616 1942 De
3647 1904 3759 1958 qua
3791 1889 3895 1944 Pli-

635 1950 1029 2006 dinticationem
1076 1953 1428 2018 poscentibus.
1461 1951 1564 2009 Sed
1588 1964 1699 2006 tota
1722 1957 2061 2010 comminatio
2083 1959 2219 2025 prio-

637 2040 783 2095 rillus
815 2044 870 2094 iu
894 2042 1110 2111 pedibus
1140 2052 1268 2105 stat,
1299 2043 1384 2094 ira
1411 2043 1657 2112 gliscente
1680 2044 1908 2098 alternos
1935 2047 2212 2113 replicans,

637 2146 984 2202 spargensque
1012 2135 1066 2186 in
1104 2133 1275 2186 altum
1303 2149 1544 2200 arenam,
1562 2142 1612 2188 et
1637 2136 1781 2190 solus
1821 2138 2134 2191 animalium
2154 2154 2216 2194 eo

637 2223 852 2278 stimulo
881 2223 1180 2278 ardescens.
2107 2265 2112 2270 ι

709 2310 874 2376 lbid.,
900 2313 996 2368 lin.
1029 2312 1117 2366 27.
1149 2313 1268 2379 Σῦς
1294 2313 1363 2366 δὲ
1391 2313 1538 2366 ὅταν
1563 2314 1688 2382 ιδῃ.
1727 2313 2006 2378 Ειίοηυε,
2033 2314 2129 2369 lib.
2159 2331 2213 2377 ν,

635 2416 761 2473 cap.
782 2403 874 2466 45.
909 2404 1014 2456 Τὸν
1045 2402 1141 2456 σῦν
1189 2405 1278 2457 τὸν
1317 2404 1507 2473 ἄγριόν
1541 2421 1674 2473 φασι
1717 2406 1794 2475 μὴ
1835 2405 2097 2475 πρότερον
2123 2404 2214 2456 ἐπί

633 2509 756 2547 τινα
791 2492 1052 2563 φέρεσθαι
1101 2495 1230 2564 πρὶν
1269 2494 1301 2564 ἢ
1337 2497 1463 2558 τοὺς
1509 2496 1883 2565 χαυλιόδοντας
1924 2494 2210 2566 ὑποθῆξαι.

633 2586 919 2657 Μαρτυρεῖ
941 2587 996 2639 δὲ
1027 2585 1134 2658 ἄρα
1157 2588 1249 2640 καὶ
1280 2589 1525 2660 Ὄμηρος
1562 2589 1741 2652 τοῦτο,
1777 2590 1971 2657 λέγων’

634 2699 834 2767 Θήξας
858 2701 1082 2756 λευκὸν
1107 2701 1325 2755 ὀδόντα
1353 2703 1504 2772 μετὰ
1531 2702 1875 2773 γναμπτῇσι
1901 2704 2205 2774 τένεσσιν.

633 2807 700 2862 Et
734 2810 827 2864 lib.
859 2827 934 2874 νι,
974 2826 1093 2882 cap.
1136 2811 1189 2878 l,
1233 2813 1291 2865 '0
1327 2813 1456 2881 γοῦν
1495 2812 1610 2877 σῦς,
1657 2813 1864 2884 μέλλων
1903 2817 1984 2879 είς
2029 2818 2210 2889 μάχην

631 2895 770 2953 εἶναι
798 2901 939 2973 (lego
965 2903 1144 2972 ἱέναι),
1168 2904 1302 2975 πρὸς
1326 2907 1443 2968 ταῖς
1467 2905 1638 2968 λείαις
1670 2906 1896 2976 πέτραις
1917 2909 2043 2970 τοὺς
2066 2909 2210 2962 ὀδόν-

631 3007 732 3054 τας
765 2991 1049 3061 ὑποθήγει.
1087 2991 1257 3045 Τοῦτό
1299 3009 1376 3045 τοι
1407 2995 1501 3047 καὶ
1535 2995 1779 3065 Ὅμηρος
1810 2994 1888 3065 τῷ
1917 2995 2038 3067 ζώῳ
2076 3015 2209 3069 μαρ-

631 3081 810 3153 τυρῶν
847 3082 1006 3151 δῆλός
1051 3084 1215 3136 ἐστιν.
1254 3083 1657 3140 Advertendum
1689 3088 1777 3140 hic
1810 3087 2067 3141 eximium
2102 3105 2206 3142 na-

635 3183 771 3225 tura:
820 3175 1143 3227 miraculum
1196 3174 1265 3229 de
1311 3175 1469 3244 igneo
1513 3178 1675 3233 dente
1728 3179 1850 3232 irati
1898 3181 2068 3249 capri,
2116 3183 2202 3236 cui
2231 3208 2276 3271 ε

635 3264 840 3317 admoti
887 3264 1003 3333 pili,
1041 3266 1264 3334 perinde
1296 3275 1355 3319 ut
1390 3267 1461 3321 ab
1491 3269 1615 3338 igne
1655 3280 2110 3340 contorquentur,
2149 3281 2204 3327 et

631 3362 899 3421 uruntur;
929 3363 1160 3440 testatur
1190 3356 1245 3410 id
1277 3355 1576 3427 Oppianus,
1605 3361 1698 3417 lib.
1729 3377 1788 3415 ιιι
1818 3366 2044 3432 Κυνητ.

634 3467 801 3537 Ἐστι
827 3464 894 3518 δέ
919 3483 1008 3529 τις
1040 3465 1287 3533 κάπροιο
1321 3466 1493 3534 φάτις
1514 3470 1665 3537 πέρι,
1707 3471 1932 3526 λευκὸν
1959 3472 2176 3527 ὀδόντα

629 3533 884 3610 Λιέθριιῖγ
906 3537 1077 3610 ἐντὸς
1105 3538 1247 3610 ἔμεν
1271 3533 1556 3610 μαλερὴνί
1571 3533 1919 3608 ἕτυρόεσσαν
1940 3543 2176 3610 ἐνιπήν.

630 3603 797 3677 Σῆμα
821 3604 872 3656 δ’
898 3603 1289 3677 ἐφιμερίοισιν
1316 3603 1633 3676 ἀριφραδὲς
1648 3603 1966 3677 ἓρῤἰζωται.

641 3675 1034 3752 λλππότειγὰρ
1062 3677 1254 3752 nodi";
1284 3675 1468 3752 ὄχλος
1487 3675 1804 3748 ἐπήτριμα*
1824 3683 2202 3752 ἀγφειιτήρων

627 3744 751 3819 Σὺν
772 3745 955 3819 κρυσὶν
977 3748 1322 3819 ξὺτόλμοισι
1337 3749 1472 3819 ποτὶ
1495 3744 1681 3815 χθόνα
1691 3744 1857 3819 Ὁήρα
1869 3744 2198 3816 Βάλωνῗται,

629 3813 950 3890 Αζχμῇᾳιν-
966 3813 1286 3890 δολιχῇσιν
1321 3813 1738 3890 ἑπασᾷὐτερον
1765 3813 2161 3890 δαμάσαντες,

628 3885 710 3949 ait
745 3886 1144 3960 cdt‘_ai;zér0¢
1173 3886 1228 3960 el
1248 3903 1338 3951 τις
1367 3885 1709 3955 ἀειράμενος
1732 3885 1903 3957 τρί’ᾆία
1931 3885 2165 3960 λεπτὴ-ν

631 3954 824 4026 θηρὸς
853 3955 934 4026 ἐτ’
967 3957 1403 4026 ἀσθμαίνοντος
1435 3954 1860 4026 amputa-eisi
1881 3961 2100 4023 ὀδόντι,

620 4021 959 4098 Αἷψαᾲμάλα
985 4021 1320 4098 σφὰιρηδὸν
1353 4021 1695 4098 ἀνέδρᾶμέν
1715 4030 1995 4098 αἰθομένη
2019 4021 2151 4097 θρὶξ

630 4097 736 4146 Hal
771 4093 821 4145 δ’
856 4095 1088 4146 αὑτοῖσι
1123 4098 1378 4147 κύνεσσι
1407 4097 1508 4148 ἐπὶ
1533 4093 1800 4166 πλευρῇς
1829 4093 2161 4166 ἑκάτερθεν,

631 4166 817 4216 ’Ἔνθα
856 4165 1008 4228 συὸς
1035 4166 1263 4231 γενύων
1293 4165 1553 4217 πέλασαι
1582 4165 1829 4232 αἴθωνες
1861 4165 2122 4234 ὀδόντες,

631 4235 825 4301 Ἶχνεα
852 4236 1269 4300 πυρσευθέντα
1292 4235 1388 4288 διὰ
1403 4236 1595 4302 ῥινοῖο
1623 4240 1913 4291 τέτανται.

629 4344 702 4400 De
725 4346 914 4400 eodem
939 4347 1164 4400 consule
1188 4347 1620 4418 Xenophontem.
1645 4352 1698 4404 in
1725 4350 2031 4422 Cynegetico
2048 4372 2065 4417 ;
2084 4353 2201 4408 Polo

629 4439 823 4499 lucem,
851 4437 944 4488 lib.
974 4453 1007 4490 ν
1047 4435 1345 4504 0nomast.,
1385 4455 1504 4508 cap.
1534 4441 1635 4505 ης
1664 4441 1914 4502 Plinium,
1943 4444 2034 4498 lib.
2061 4460 2192 4510 VIII;

2318 1964 2463 2028 nius,
2499 1965 2866 2036 Dioscorides,
2899 1971 3303 2042 Theophrastus
3325 1983 3378 2030 et
3404 1978 3517 2041 alii,
3551 1981 3765 2034 animal
3795 1983 3892 2036 hoc

2316 2056 2465 2109 varie
2497 2071 2526 2108 a
2563 2059 2730 2115 variis
2760 2062 3086 2131 appellatur,
3122 2066 3193 2116 ila
3230 2077 3288 2120 ut
3317 2065 3536 2122 Alberto
3570 2068 3776 2139 Magno
3805 2087 3894 2126 ca-

2316 2146 2476 2215 lopus
2506 2147 2600 2212 sit,
2633 2163 2698 2203 ex
2726 2165 2836 2218 quo
2864 2149 3148 2208 Conradus
3186 2153 3458 2212 Gesnerus
3489 2158 3557 2212 de
3584 2159 3896 2228 quadrupe-

2314 2237 2476 2292 dibus
2498 2239 2592 2292 lib.
2651 2255 2688 2302 I,
2715 2241 2770 2294 in
2799 2240 3082 2310 Calopode.
3110 2243 3335 2314 Calopus
3361 2249 3561 2301 animal
3583 2263 3664 2303 est
3691 2255 3888 2314 acutis,

2317 2326 2484 2398 langis
2517 2340 2565 2384 et
2599 2333 2816 2386 serratis
2854 2335 3123 2397 cornibus,
3150 2337 3332 2407 quibus
3365 2343 3523 2392 etiam
3559 2342 3785 2396 arbores
3825 2345 3889 2396 li-

2317 2428 2396 2473 cet
2431 2437 2651 2489 magnas
2695 2432 2744 2476 et
2781 2424 2919 2478 altas
2980 2442 3156 2481 secare
3201 2429 3368 2496 fertur
3408 2446 3426 2482 :
3476 2433 3669 2498 saepius
3712 2448 3886 2488 autem

2311 2513 2437 2565 dum
2470 2517 2606 2592 rami
2664 2525 2712 2570 et
2756 2518 2983 2587 uirgulta
3015 2522 3258 2574 cornibus
3307 2523 3512 2576 adactis
3551 2525 3773 2592 cedunt,
3817 2531 3888 2582 eis

2315 2591 2613 2672 inuoluitur,
2647 2609 3018 2679 retineturque.
3050 2613 3184 2664 unde
3217 2614 3296 2680 ﬁt,
3328 2624 3386 2666 ut
3417 2632 3555 2681 τοι-ε,
3578 2628 3627 2668 et
3656 2591 3889 2674 clamore

2311 2710 2365 2747 se
2385 2695 2578 2762 prodat
2608 2699 2956 2754 senatoribus.
2996 2700 3056 2754 In
3091 2701 3246 2771 Syria
3267 2704 3426 2771 juxta
3456 2705 3786 2774 Euphratem
3810 2713 3887 2763 in-

2309 2790 2530 2853 venitur,
2565 2791 2714 2860 cujus
2737 2808 2888 2861 aqua:
2916 2802 3040 2861 potu
3065 2807 3274 2863 propter
3299 2797 3645 2867 frigiditatem
3669 2804 3883 2870 gaudet,

2310 2890 2546 2933 astutum
2571 2891 2620 2934 et
2655 2885 2792 2936 mira
2832 2886 3120 2953 uelocitate,
3152 2897 3209 2940 ut
3252 2901 3518 2944 venatores
3559 2892 3722 2958 facile
3756 2897 3886 2964 egu-

2308 2972 2437 3040 giat.
2475 2971 2550 3027 De
2581 2974 2682 3028 hoc
2711 2975 2900 3030 eodem
2930 2979 3314 3049 intelligendus
3342 2984 3553 3038 videtur
3573 2974 3884 3042 Alexander

2310 3061 2554 3132 Magnus,
2615 3067 2778 3134 epist.
2813 3068 2887 3121 De
2913 3070 3240 3126 mirabilibus
3272 3072 3442 3128 Indice
3504 3079 3571 3128 ad
3607 3079 3836 3131 Aristot.
3864 3096 3882 3132 :

2310 3151 2443 3206 Euri
2466 3157 2600 3209 uenti
2637 3157 2799 3224 ﬂatus
2827 3162 2990 3213 secuti
3024 3162 3304 3216 incidimus
3334 3166 3388 3217 in
3424 3165 3684 3236 malignas
3718 3171 3879 3234 feras,

2305 3243 2369 3298 de
2396 3262 2620 3314 quarum
2675 3250 2932 3316 capitibus
2986 3255 3123 3306 velut
3180 3255 3344 3325 gladii
3395 3274 3427 3310 a
3459 3261 3668 3322 venia,
3698 3271 3883 3323 acuta,

2305 3346 2630 3406 serrataque,
2669 3341 2962 3395 eminebant
3006 3359 3128 3396 ossa
3171 3360 3190 3397 :
3232 3355 3282 3398 et
3323 3346 3404 3400 ha:
3447 3349 3670 3400 arietino
3717 3365 3881 3412 more,

2304 3428 2554 3482 adversus
2594 3431 2824 3485 homines
2866 3434 3144 3488 currebant
3174 3454 3193 3489 :
3223 3445 3332 3489 tum
3382 3439 3586 3492 invicta:
3625 3441 3885 3507 plurimo-

2301 3536 2419 3572 rum
2447 3522 2674 3574 militum
2715 3523 2920 3592 clypeos
2972 3541 3132 3578 cornu
3176 3544 3271 3580 suo
3322 3533 3825 3586 transverberabant
3864 3550 3882 3586 :

2301 3629 2526 3680 quorum
2547 3615 2731 3668 occisis
2763 3616 3048 3669 admodum
3073 3629 3186 3671 octo
3211 3620 3442 3674 millibus
3472 3623 3880 3693 quadringentis

2301 3705 2722 3775 quinquaginta,
2778 3708 2852 3758 sic
2894 3707 3016 3760 inde
3063 3709 3131 3760 ad
3169 3709 3369 3762 Porum
3425 3715 3683 3766 exercitus
3738 3731 3882 3768 meus

2301 3810 2418 3846 cum
2448 3812 2652 3848 summa
2681 3796 2890 3849 tandem
2926 3799 3126 3862 labore,
3161 3816 3223 3852 ac
3250 3803 3480 3868 periculo
3533 3819 3646 3856 meo
3697 3822 3882 3873 perue-

2301 3888 2400 3940 nit.
2431 3887 2509 3941 Ex
2539 3890 2738 3958 quibus
2772 3890 3118 3944 manifestum
3149 3902 3235 3945 est
3267 3893 3334 3946 ad
3377 3893 3480 3948 hoc
3512 3897 3715 3949 animal
3758 3914 3881 3966 per-

2301 3980 2495 4046 tinere,
2531 3996 2651 4050 qua:
2699 3983 2767 4035 de
2801 3997 2901 4035 uro
2951 3983 3117 4036 tradit
3162 3981 3501 4052 Epiphanius
3542 3989 3598 4040 in
3653 3988 3879 4059 Physic-

2302 4070 2438 4139 logo.
2488 4087 2608 4139 cap.
2663 4072 2717 4134 5,
2776 4073 2833 4125 '0
2883 4068 3040 4142 οὖρος
3087 4073 3340 4142 μέγιστόν
3377 4077 3490 4127 ἐστι
3538 4077 3697 4140 ζῶον,
3744 4079 3877 4133 πολὺ

2300 4162 2635 4231 ὑπερϐάλλον
2663 4163 2732 4214 τὰ
2759 4164 2939 4233 ἕτερα,
2984 4163 3067 4232 βοῒ
3100 4167 3501 4235 παραπλήσιος,
3534 4168 3629 4222 δύο
3670 4170 3875 4240 κέρατα

2299 4252 2356 4302 ὲν
2391 4252 2570 4321 ἑαυτῷ
2618 4254 2795 4322 πρίονι
2839 4254 2998 4321 ὅμοια
3036 4253 3189 4322 ἔχων.
3242 4256 3524 4326 Λύστηρὸς
3566 4262 3630 4328 τῇ
3673 4260 3873 4330 θεωρίᾳ

2300 4344 2449 4413 παρὰ
2474 4345 2649 4395 πάντα
2672 4344 2738 4394 τὰ
2765 4343 2896 4405 ζῶα·
2923 4344 3060 4396 ὥστε
3081 4346 3149 4397 τὰ
3177 4347 3388 4415 μεγάλα
3415 4348 3603 4417 δένδρα
3631 4344 3873 4421 Suvqu-

2303 4452 2456 4503 μενος
2479 4438 2590 4497 τοῖς
2616 4435 2807 4505 κέρασι
2828 4437 3116 4507 διαπρίειν,
3145 4438 3237 4489 καὶ
3261 4438 3633 4509 κλωνοκοπᾷν,
3665 4444 3756 4495 καὶ
3784 4446 3870 4496 οὐ·

625 4527 934 4596 Apuleium,
975 4529 1068 4582 lib.
1108 4546 1228 4594 vm,
1272 4532 1423 4586 Asini
1467 4533 1637 4585 aurei.
1681 4532 1770 4587 Sic
1809 4531 2056 4597 Ovidius,
2096 4535 2190 4589 lib.

2307 4526 2384 4578 5ὲν
2422 4526 2528 4576 τῶν
2561 4524 2713 4585 ζώων
2754 4526 3013 4578 δύνασθαι
3055 4527 3142 4594 ὑφ’
3171 4529 3348 4597 ἑαυτῴ
3388 4533 3729 4601 ποιήσασθαι.
3768 4536 3867 4587 Νέ-

625 4635 697 4672 vu
729 4618 1140 4687 Metamorpltos.
1177 4636 1194 4673 :

699 4710 922 4765 Fulmen
953 4713 1137 4766 habent
1171 4731 1315 4768 acres
1346 4714 1400 4766 in
1429 4713 1646 4766 aduncis
1673 4714 1915 4767 dentibus
1946 4717 2083 4784 apri.

624 4803 688 4856 Et
729 4804 794 4858 de
826 4821 891 4857 eo
921 4805 1076 4875 plura
1109 4807 1313 4876 colligit
1344 4806 1628 4860 Conradus
1671 4805 2109 4862 llitthershusius
2139 4807 2190 4861 in

624 4896 802 4948 locum
832 4897 1037 4950 dictum
1067 4895 1320 4966 Oppiani.

695 4985 850 5049 lbid.,
881 4988 973 5042 lin.
1008 4988 1095 5041 50.
1137 4990 1301 5040 Ἔστι
1333 4988 1401 5040 δὲ
1439 4988 1581 5049 ζῶον
1617 4990 1908 5057 ἀνθολοψ.
1949 4989 2073 5044 Ηωο
2119 4991 2192 5043 ita

622 5086 861 5132 verterat
891 5079 1086 5134 Petrus
1112 5079 1425 5147 Damianus,
1463 5081 1632 5148 Epist.
1679 5083 1773 5136 lib.
1810 5100 1881 5148 ιι,
1909 5085 2066 5148 epist.
2101 5085 2188 5145 l8,

622 5168 691 5220 ad
728 5167 1063 5222 Desiderium
1108 5171 1346 5224 abbatem
1378 5183 1425 5224 et
1460 5172 1801 5226 cardinales:
1838 5173 2191 5239 Anum/opum

621 5276 821 5328 quoque
851 5263 1159 5313 acerrimum
1190 5263 1368 5323 nimis,
1408 5272 1456 5314 et
1502 5262 1779 5315 violentum
1822 5273 1899 5315 est
1952 5264 2187 5324 animal;

621 5352 752 5405 adeo
777 5361 833 5404 ut
863 5370 951 5405 nec
981 5354 1058 5405 illi
1083 5365 1294 5407 venator
1322 5354 1584 5414 accedere,
1607 5372 1696 5407 nec
1723 5366 2022 5422 persecutor
2046 5358 2190 5424 quis~

618 5461 776 5512 quam
803 5446 992 5497 audeat
1022 5447 1386 5514 propinquare.
1419 5445 1585 5498 [labet
1619 5457 1789 5499 autem
1811 5446 1966 5515 longa
1995 5463 2190 5498 cornua

620 5539 672 5589 in
703 5553 863 5589 serrae
888 5539 1228 5590 similitudine
1255 5540 1484 5607 ﬁgurata
1511 5552 1528 5590 :
1553 5539 1740 5605 quibus
1773 5538 2018 5590 nimirum
2053 5554 2188 5606 pra:-

619 5628 844 5695 grandia
898 5629 1066 5680 valeat
1107 5629 1324 5682 arbusta
1377 5646 1572 5691 secare,
1615 5640 1863 5697 lerrtt’que
1913 5632 2183 5697 deponere.

621 5719 752 5770 Cum
803 5736 916 5771 vero
948 5722 1136 5773 sitierit
1173 5723 1375 5775 ueniens
1406 5724 1474 5773 ad
1512 5722 1828 5788 Euphratem
1866 5723 2014 5776 bibit.
2053 5722 2187 5773 Pro-

617 5822 730 5874 pter
763 5827 911 5876 quem
948 5813 1420 5881 ι·ἱι’.¹ι’1ἱείίιῐιιινίυηι
1458 5814 1631 5880 frutex
1674 5816 1885 5870 (mitium
1924 5815 2184 5876 nascitur,

2301 4637 2460 4687 μεται
2503 4620 2558 4672 δὲ
2594 4623 2622 4671 ὁ
2668 4620 2829 4681 αὐτὸς
2873 4615 3030 4689 οὖρος
3081 4620 3304 4689 πλησίον
3347 4623 3439 4675 τοῦ
3478 4625 3738 4688 ὠκεανοῦ,
3777 4630 3862 4680 καὶ

2295 4712 2495 4773 εὐθέως
2525 4712 2871 4776 μεθύσκεται,
2919 4713 3012 4763 καὶ
3057 4713 3273 4765 παλαίει
3314 4715 3448 4785 πρὸς
3490 4717 3592 4785 γῆν
3635 4721 3742 4780 τοῖς
3775 4719 3859 4771 κέ-

2299 4818 2451 4869 ρασιν
2480 4801 2666 4872 ὥσπερ
2701 4801 2845 4868 βοῦς.
2887 4802 3040 4853 Ἔστι
3071 4801 3126 4854 δὲ
3150 4805 3268 4854 ἐκεῖ
3290 4803 3501 4875 δένδρον
3543 4809 3574 4875 ή
3603 4808 3858 4876 ὀνομαζο-

2299 4894 2432 4962 μένη
2458 4895 2643 4957 τάνυς,
2680 4894 2938 4963 κλίματος
2963 4893 3241 4963 μόρφωσιν
3260 4896 3455 4964 ἔχουσα
3478 4898 3854 4960 λευκολλὼνον,

2294 4985 2386 5038 καὶ
2419 4988 2527 5046 τοῖς
2558 4985 2735 5054 ἔρνεσι
2771 4982 3099 5052 κληθόμενος
3130 4986 3158 5037 ὁ
3189 4986 3350 5049 αὐτὸς
3378 4983 3538 5059 οὖρος
3564 4989 3665 5058 τὴν
3691 5006 3852 5056 κεφα-

2293 5075 2392 5144 λὴν
2432 5077 2565 5145 πρὸς
2593 5075 2660 5127 τὰ
2693 5074 2821 5143 ἔρνη
2855 5074 2953 5142 τῆς
2990 5075 3202 5139 τάνοος,
3237 5077 3297 5129 τὸ
3331 5079 3495 5148 κέρας
3531 5080 3694 5133 αὑτοῦ
3722 5081 3852 5134 δέδι-

2291 5186 2381 5221 ται
2417 5170 2507 5219 ὑπ’
2536 5169 2719 5235 αὐτῆς.
2767 5169 3216 5237 ΠαραγενομὲνΟυ
3243 5172 3530 5241 τοιγαροῦν
3565 5173 3659 5225 τοῦ
3694 5189 3846 5240 κυνη-

2292 5259 2409 5325 γοῦ,
2446 5260 2539 5310 καὶ
2577 5261 2919 5329 εὑρίσκοντος
2969 5262 3413 5332 ὲμπεπεδημένον
3444 5265 3552 5316 τῶν
3593 5267 3841 5335 κεράτων.

2293 5354 2484 5420 κρατεί
2515 5351 2698 5402 αὐτοῦ.
2738 5351 3020 5418 Nunquam
3069 5361 3248 5407 tamen
3292 5370 3473 5418 urum,
3521 5365 3576 5408 et
3608 5357 3842 5408 autholo-

2293 5460 2410 5511 pcm
2445 5459 2611 5495 unum
2643 5459 2761 5495 esse
2795 5443 3134 5496 crediderim.

2363 5535 2518 5598 Ibid,
2551 5537 2643 5586 lin.
2678 5535 2763 5586 59.
2797 5536 2960 5586 Ἔστι
2989 5534 3055 5586 δὲ
3071 5536 3138 5586 ἐν
3154 5537 3431 5601 Σκύθαις.
3457 5535 3529 5591 De
3559 5535 3773 5589 tarando
3792 5540 3836 5584 et

2291 5629 2409 5692 ejus
2438 5629 2627 5696 ligura.
2663 5635 2715 5678 rt
2747 5626 2941 5686 forma,
2986 5638 3038 5680 et
3087 5635 3142 5678 ut
3187 5643 3390 5688 rerum,
3424 5644 3560 5696 quas
3594 5627 3832 5694 attigerit.

2290 5727 2501 5773 colores
2530 5721 2768 5781 exhibet,
2807 5719 2976 5783 Phile,
3005 5721 3057 5772 in
3087 5720 3303 5782 iambis,
3327 5719 3603 5783 IEIianus.
3638 5720 3706 5773 lle
3723 5718 3830 5766 biﬂ-

2290 5813 2479 5869 anim.,
2510 5811 2599 5864 lib.
2638 5826 2696 5872 ιι,
2734 5827 2854 5876 cap.
2890 5813 2983 5874 l6;
3028 5810 3255 5872 Plinius,
3295 5812 3388 5866 lib.
3430 5827 3544 5872 vm,
3591 5827 3706 5866 can.
3747 5803 3832 5858 34°
