4042 6338
143 381 257 438 937

1148 385 1215 443 IN
1256 387 1629 446 EUSTATHII
1670 389 2150 450 HEXAEMERON
2187 392 2420 454 NOTIE.

3313 415 3420 472 938

135 496 445 567 probratur
475 499 675 565 Κυνὸς
725 498 932 569 ὄμματ’
972 499 1136 569 ἔχειν
1156 541 1172 566 ,
1192 503 1463 572 «κραδίην
1499 504 1552 558 δ’
1586 505 1710 559 ἐλά·

1834 506 1902 558 Αι
1934 505 2252 565 Eustathius
2286 526 2393 565 non
2427 511 2669 569 anhelitu
2705 515 2799 571 sed
2827 517 3022 574 attritu
3049 535 3319 581 cornuum
3352 534 3421 584 ad

133 605 305 659 suaso.
345 589 568 648 Boetius
608 592 686 646 De
708 591 1070 647 consolatione
1097 595 1290 663 philos.
1321 597 1358 649 Ι.
1395 611 1470 660 tv,
1506 613 1624 666 pro.
1654 599 1729 652 5:

129 682 387 738 Pavidus
419 698 484 738 ac
523 683 687 753 fugax
724 700 834 738 non
887 686 1177 740 metuenda
1231 687 1491 742 formidat
1532 707 1546 742 :
1587 692 1733 744 cervi

133 773 352 830 similis
403 775 689 837 habeatur,
747 774 980 846 ideoque
1023 777 1093 831 ab
1116 775 1404 847 'Oppiano,
1455 780 1490 830 l.
1550 796 1600 832 IV
1639 780 1731 833 Ἀ-

134 869 367 929 sit:th
396 868 685 936 draJneln
702 869 948 938 ἐλάφοιο
965 880 1209 925 vocatur.
1227 870 1401 938 Hujus
1427 870 1732 926 timiditatis

127 972 310 1012 causa
343 960 655 1029 assignatur
682 960 752 1014 ab
782 960 954 1016 Arist.
985 961 1063 1015 De
1087 977 1203 1030 par.
1241 964 1404 1016 anim.
1436 963 1473 1017 I.
1497 977 1578 1022 tu.
1598 978 1648 1015 c.
1673 962 1729 1025 4,

124 1063 232 1104 cor
279 1063 564 1120 magnum,
608 1060 662 1106 et
707 1053 993 1122 grandius.
1030 1056 1290 1124 quoniam
1339 1055 1573 1108 calorem
1603 1069 1731 1123 pro-

127 1141 395 1210 portione
421 1141 607 1196 cordis
639 1158 747 1196 non
780 1143 1004 1208 habent,
1046 1144 1141 1200 sed
1195 1159 1388 1214 parum
1441 1145 1642 1198 caloris
1674 1144 1727 1197 in

126 1243 340 1300 magno
383 1233 767 1301 conceptaculo
813 1234 1128 1299 exolescat;
1162 1233 1349 1304 itaque
1377 1233 1604 1302 sanguis
1632 1233 1728 1286 iri-

126 1320 316 1390 gidior
349 1332 457 1386 est,
499 1331 553 1378 et
590 1325 736 1394 quod
769 1326 822 1378 in
869 1327 1191 1381 ventriculis
1228 1327 1435 1392 cordis,
1478 1327 1530 1379 id
1563 1328 1727 1382 etiam

126 1411 182 1464 in
214 1412 378 1467 venis
407 1415 609 1470 evenit.
641 1414 779 1469 Sunt
807 1417 946 1470 enim
975 1418 1300 1487 frigidiores,
1333 1428 1384 1470 et
1430 1433 1572 1471 venit
1612 1433 1730 1469 am-

123 1502 352 1571 pliores,
405 1515 457 1558 et
504 1507 779 1560 ventriculi
814 1508 1140 1571 ampliores;
1193 1525 1316 1561 nam
1362 1517 1420 1560 ut
1471 1509 1523 1560 in
1565 1523 1726 1576 parvo

124 1604 173 1647 et
226 1595 283 1648 in
333 1612 526 1667 magno
559 1597 851 1663 domicilio,
895 1602 1224 1654 tantumdem
1253 1601 1391 1671 ignis
1432 1616 1537 1652 non
1582 1616 1727 1669 teque

124 1687 408 1757 calefacit,
447 1688 537 1743 sed
582 1691 759 1745 minus
798 1692 853 1745 in
901 1709 1115 1762 magno,
1163 1694 1241 1747 sic
1285 1702 1334 1746 et
1380 1695 1434 1747 in
1461 1694 1527 1747 iis
1578 1693 1727 1746 calor

123 1795 228 1833 non
261 1783 472 1850 pariter
496 1783 644 1852 agit;
676 1800 767 1838 vas
795 1783 935 1838 enim
964 1793 1073 1837 tam
1101 1801 1250 1848 vena,
1276 1802 1434 1855 quam
1462 1787 1724 1840 ventricu-

1843 607 2048 667 petram
2100 616 2403 672 eorumque
2445 604 2805 678 ἀναθυμιάσει
2855 611 2909 665 id
2963 612 3148 671 facere
3195 631 3419 674 cervum

1837 692 2044 746 scribit.
2071 693 2306 765 Ideoque
2329 695 2657 756 Plutarchus
2685 712 2834 758 recte
2855 706 3193 764 existimavit
3214 710 3421 766 dictam

1833 796 1866 835 a
1907 781 2113 841 Grecis
2143 786 2361 857 ἔλαφον,
2395 806 2508 848 non
2545 807 2575 845 a
2607 809 2774 850 cursu
2802 797 2897 851 sed
2930 808 3218 867 serpentes
3248 811 3422 858 attra-

1834 873 1996 928 hendi
2045 875 2312 934 facilitate
2345 883 2459 934 τοὺ
2509 884 2660 955 παρὰ
2709 885 2808 957 τὴν
2853 887 3220 960 ἐλαφρότητα,
3283 890 3421 946 ἀλλὰ

1833 967 1984 1037 παρά
2015 967 2113 1039 τὴν
2142 969 2288 1034 ἕλξιν
2320 972 2413 1024 τοῦ
2445 974 2640 1043 ὄφεως.
2668 975 2733 1030 Et
2773 978 3110 1035 Athanasius
3161 983 3217 1035 in
3264 999 3419 1052 qua:-

1831 1059 2102 1116 stionibus
2122 1063 2372 1118 eamdem
2404 1069 2788 1139 etymologiam
2821 1079 3024 1126 servat.
3060 1071 3139 1126 Ita
3172 1070 3414 1145 Epipha—

1831 1152 1979 1212 nius.
2017 1153 2068 1206 in
2107 1153 2450 1228 Physiologo,
2490 1175 2613 1232 cap.
2646 1162 2711 1216 5:
2744 1163 2843 1216 Διὰ
2869 1164 3030 1216 τοῦτο
3063 1164 3260 1235 ἔλαφος
3291 1170 3412 1222 ὀνο-

1833 1242 2089 1312 μάζεται,
2125 1246 2212 1300 διὰ
2235 1249 2298 1301 τὸ
2324 1249 2464 1304 ἑλεῖν
2490 1254 2614 1316 τοὺς
2644 1253 2796 1322 ὄφεις
2826 1257 2892 1308 ὲκ
2933 1255 3025 1308 τοῦ
3060 1256 3278 1326 βάθους.
3321 1257 3415 1314 Sic

1828 1333 1993 1386 etiam
2026 1335 2080 1389 in
2102 1341 2411 1394 enarranda
2448 1342 2551 1398 hac
2583 1344 2812 1400 historia
2838 1355 3096 1405 auctores
3130 1366 3240 1405 non
3274 1367 3413 1408 ocu-

1829 1425 2078 1514 veniunt.
2109 1425 2436 1488 Eustathius
2466 1448 2704 1505 namque
2744 1438 2900 1506 prius
2949 1454 3174 1495 cervum
3213 1458 3412 1514 aquam

1829 1513 2074 1581 haurire,
2109 1518 2307 1576 deinde
2338 1533 2648 1593 serpentem
2683 1528 2751 1582 de
2781 1528 3008 1586 latebris
3039 1513 3272 1588 ducere.
3302 1535 3412 1589 Alii

1828 1621 1895 1660 eo
1925 1617 2085 1678 pasto
2113 1626 2313 1683 aquam
2343 1627 2631 1686 expetere;
2663 1635 2772 1689 qua
2805 1621 2854 1676 si
2882 1637 2942 1677 se
2966 1622 3109 1679 infra
3145 1627 3414 1697 scriptum

1827 1701 2066 1768 Spatium
2107 1719 2219 1759 non
2254 1707 2507 1776 explerit,
2538 1712 2737 1765 emori.

1895 1791 2016 1848 Col.
2052 1794 2173 1859 741,
2205 1798 2302 1852 lin.
2330 1800 2383 1853 4.
2408 1803 2476 1854 El
2501 1800 2570 1853 δὲ
2599 1803 2697 1854 καὶ
2722 1802 2841 1856 τῶν
2866 1805 3146 1874 κεράτων,
3173 1807 3409 1876 Plinius,

124 1873 210 1927 lus
241 1884 346 1930 est.
394 1875 570 1928 Aliam
597 1875 762 1943 hujus
787 1890 1011 1932 causam
1046 1878 1208 1932 habet
1245 1877 1280 1930 l.
1315 1894 1375 1942 ιι,
1409 1893 1458 1932 c.
1495 1877 1550 1942 4,
1587 1879 1715 1948 quia
1748 1861 1792 1920 Β
1821 1882 1915 1939 lib.
1945 1901 2001 1950 x,
2033 1888 2198 1956 capit.
2240 1889 2306 1943 70
2337 1910 2349 1944 :
2385 1890 2592 1948 Cornus
2625 1898 2818 1950 cervini
2846 1861 3006 1954 odore
3035 1861 3411 1973 serpentes—iii:

124 1965 386 2022 videlicet
422 1967 642 2037 sanguis
669 1981 859 2021 eorum
901 1967 1138 2029 dilutus,
1169 1969 1441 2037 librasque
1472 1984 1581 2022 non
1617 1969 1714 2020 lia-

123 2058 236 2113 bet.
292 2058 538 2124 Quorum
568 2059 713 2113 anim
753 2061 967 2128 sanguis
1005 2060 1154 2127 ﬁbris
1198 2059 1482 2112 admodum
1533 2061 1711 2115 multis

123 2149 432 2216 crassisque
457 2148 681 2216 refertus
711 2159 812 2214 est,
843 2152 952 2203 haec
983 2160 1189 2203 terrena
1209 2151 1436 2219 amplius
1462 2162 1712 2205 constant

123 2247 345 2300 natura,
381 2248 430 2291 et
459 2238 699 2293 animosa
738 2239 1037 2306 iracundia,
1073 2241 1390 2310 proindeque
1429 2241 1712 2311 furibunda

123 2339 268 2394 sunt,
311 2331 398 2383 ira
427 2331 565 2384 enim
595 2333 872 2400 caloriﬁca
918 2341 1017 2387 est.
1069 2331 1263 2387 Verum
1312 2335 1357 2388 si
1403 2335 1551 2388 cervi
1595 2335 1714 2388 libi—

125 2421 251 2478 dine
274 2421 530 2492 ﬂagrant,
562 2424 857 2478 eﬂerantur
890 2425 1043 2479 sicut
1073 2435 1127 2479 et
1158 2434 1355 2480 caetera
1385 2426 1707 2490 animantia,

123 2511 287 2583 idque
330 2530 395 2568 ex
458 2515 753 2571 Aristotele
789 2516 863 2570 De
895 2518 1019 2571 hist.
1057 2519 1222 2572 anim.
1269 2529 1322 2573 et
1362 2517 1590 2589 Virgilio
1647 2535 1708 2573 ιιι

123 2602 503 2673 Georgicorum
538 2608 783 2661 nonnulli
837 2609 1203 2663 tradiderunt.

195 2694 357 2756 Ibid.,
397 2697 494 2750 lin.
525 2697 612 2752 49.
641 2700 750 2752 Kal
791 2701 941 2767 πρὸς
969 2703 1039 2755 τὰ
1066 2701 1302 2768 ἑρπετά.
1338 2703 1471 2756 Odia
1521 2711 1573 2756 et
1607 2703 1712 2756 ini-

127 2786 362 2840 micitias
404 2787 544 2841 inter
581 2796 864 2857 serpentes
896 2798 949 2843 et
991 2806 1203 2848 cervos.
1245 2799 1298 2843 et
1343 2805 1579 2858 quanam
1623 2805 1712 2842 ra-

125 2879 272 2933 tione
299 2880 444 2934 alius
478 2882 531 2933 in
562 2882 729 2934 alium
767 2882 1046 2935 invehitur
1086 2882 1510 2951 elegantissimis
1541 2883 1711 2937 versi-

128 2969 230 3025 bus
253 2971 454 3024 cecinit
489 2969 771 3041 Oppianus
800 2976 1023 3042 Κυνηγ.
1063 2988 1097 3026 ιι
1128 2981 1178 3026 et
1223 2974 1476 3026 Ἀλιευτ.
1517 2990 1552 3027 ιι
1583 2993 1596 3026 :

138 3081 234 3148 Ὠς
265 3082 315 3155 δ’
352 3083 437 3135 ὅτ’
476 3083 590 3155 ἀνὰ
619 3083 921 3155 ξυλόχους
955 3089 1140 3155 ὀφίων
1181 3086 1325 3139 ὁδὸν
1367 3088 1712 3154 ἐξερεείνων

127 3153 494 3225 Βριρύκερως
525 3153 750 3222 ἔλαφος
773 3153 1114 3224 ’ρινήνὶειτον
1145 3157 1314 3224 ἴχνος
1343 3153 1558 3225 ἀνεῦρε
1582 3200 1596 3222 ,

123 3223 304 3295 Xstilis
332 3224 384 3276 δ’
404 3223 790 3295 εἰσαφίκανε,
817 3233 910 3279 καὶ
940 3223 1199 3295 ἑρπετὸν
1213 3228 1300 3294 εἷρ
1313 3243 1460 3281 υσεν
1489 3223 1631 3294 ἔξω,

129 3294 332 3348 Δάιττει
390 3294 442 3347 δ’
492 3295 804 3362 ἐμμενέως.
854 3301 905 3349 '0
969 3294 1022 3350 δ’
1067 3298 1375 3351 ἑλίσσεται
1439 3300 1597 3379 άμρέ
1641 3316 1703 3351 τε

1494 3385 1699 3433 γουνα,

127 3433 332 3505 ῥειρήν
358 3454 441 3498 τε,
469 3438 724 3504 στέρνον
767 3454 850 3489 τε.
899 3434 973 3488 Τὰ
1005 3436 1056 3488 δ’
1092 3437 1388 3505 ἡμίϐρωτα

129 3501 338 3571 Ἀψεα·
388 3501 590 3561 πολλὰ
622 3508 674 3559 δ’
706 3507 949 3572 ὀδόντες
985 3501 1330 3576 ὑπὸστὸμα
1359 3501 1700 3649 data-{5811;012-

1591 3595 1696 3630 λιν.

1591 3595 1633 3630 γι
1642 3595 1696 3630 ν.

130 3661 190 3716 Et
217 3664 489 3724 Nicander
517 3669 573 3724 in
609 3668 874 3723 Theriacis
900 3682 919 3720 :

134 3759 205 3832 ’_'H
235 3763 411 3832 οπότε
443 3763 787 3832 σκαρθμοὺς
814 3762 1055 3831 ἐλάφων
1091 3761 1342 3829 ὀχεῇσιν
1369 3763 1602 3829 ἀλύξας

141 3827 366 3902 Ἀνδρὸς
403 3827 714 3902 sumini/tn
744 3827 970 3900 χολέων
999 3827 1373 3900 θυμοέρθόρον
1409 3833 1518 3887 ἰόν.

131 3899 351 3972 ’ξεξοχα
373 3904 485 3972 γὰρ
510 3899 805 3972 eoaque:
837 3899 1239 3969 κινωπηστὰῖς
1261 3899 1448 3956 ίκοτέο
1459 3922 1557 3958 υσι

127 3969 469 4040 Νεϐροτόκοι
520 3975 618 4026 καὶ
645 3969 877 4040 ἴόρκες.
943 3974 1346 4039 Ἀνιχνεύουσι
1387 3974 1455 4027 δὲ
1505 3975 1699 4028 πάντα

134 4039 435 4112 ζρόχμαλά
486 4047 535 4097 6’
557 4039 837 4111 αἱμασιάς
874 4060 956 4104 τε,
1003 4045 1103 4096 καὶ
1149 4045 1390 4109 εἰλυοὺς
1428 4044 1699 4112 ἑρέοντες

127 4109 459 4181 Σιιερδαλέῃ
485 4109 790 4182 μυκτῆρος
815 4109 1292 4182 ἐπισπέρχοντες
1319 4109 1531 4184 ἀϋτμῇ.

127 4196 550 4271 Theophrastus,
587 4206 681 4259 lib.
719 4223 770 4260 iv
799 4205 873 4258 De
901 4209 1074 4259 causis
1110 4207 1305 4274 plant.,
1333 4222 1450 4274 cap.
1489 4207 1589 4261 lt):
1621 4206 1696 4259 οὐ

127 4293 253 4345 πᾶσι
277 4295 450 4349 ταῦτα
471 4297 752 4369 πρόσφορα
776 4299 916 4350 κατὰ
946 4297 1042 4360 τὰς
1069 4298 1295 4367 τροφὰς,
1317 4297 1427 4350 ἁλλ’
1448 4297 1697 4362 ἑκάστοις

127 4384 258 4437 κατὰ
287 4389 385 4451 τὰς
418 4389 552 4451 ἰδίας
578 4387 796 4457 φύσεις’
843 4391 977 4462 ὅπερ
1024 4393 1081 4442 ὲν
1130 4389 1341 4452 πολλοῖς
1389 4389 1487 4458 μὲν
1518 4407 1698 4458 φανε-

131 4472 234 4543 ρδν,
278 4480 340 4533 ὲκ
369 4481 626 4552 πλείστης
655 4482 700 4534 δ’
735 4484 1080 4553 ἀποφάσεως,
1128 4483 1204 4546 ὡς
1251 4483 1444 4544 εἰπεῖν,
1491 4481 1600 4534 τῶν
1629 4501 1695 4551 γε

128 4539 402 4640 incipiunt»:
439 4572 508 4625 τὰ
540 4539 668 4645 rte-pi.
695 4577 820 4638 τοὺς
847 4539 1079 4644 ἐλάφου-ς
1108 4539 1239 4644 δῆλα
1259 4591 1271 4604 ’
1298 4572 1353 4627 αἳ
1387 4539 1512 4637 ﬂii):
1541 4539 1695 4644 ὄφεις
1725 4573 1770 4627 Ῑ)

127 4652 403 4724 ἐσθίουσιν,
456 4662 544 4730 ὑφ’
593 4654 668 4715 ὧν
698 4662 766 4715 τὰ
810 4663 944 4717 ἄλλα
995 4665 1284 4735 θνήσκουσι
1336 4663 1470 4717 πολὺ
1525 4660 1696 4733 μείζω

127 4746 212 4797 καὶ
249 4749 568 4824 ἰσχυρότερα
607 4753 707 4825 τὴν
750 4752 911 4824 φύσιν
945 4755 1094 4812 ὅντα.
1129 4755 1440 4820 Lucretius,
1487 4748 1583 4813 lib.
1617 4774 1690 4822 Vl,

127 4835 212 4902 qui
237 4843 523 4898 verborum
553 4841 917 4915 Theophrasti
948 4847 1161 4904 initium
1193 4849 1273 4905 sic
1301 4851 1693 4920 interpretatus

125 4934 202 4980 est
227 4945 242 4983 :

225 5018 290 5104 Et
322 5027 628 5104 magis‘esse
657 5028 782 5104 aliis
808 5029 949 5084 alias
981 5031 1343 5088 animantibus
1376 5043 1532 5104 aptas

224 5089 322 5147 Res
355 5089 430 5150 ad
459 5099 586 5151 vitai
617 5101 897 5154 rationem.

130 5193 365 5261 Elianus
397 5219 585 5263 narrat
627 5210 730 5264 hoc
759 5209 902 5265 idem
957 5210 1030 5266 De
1078 5214 1206 5268 hist.
1239 5215 1401 5269 anim.
1436 5215 1533 5271 lib.
1566 5231 1686 5278 vin,

129 5301 240 5359 Cap.
271 5294 324 5359 6,
344 5310 397 5353 et
426 5301 550 5357 libr.
585 5317 648 5365 ιι,
683 5317 803 5373 cap.
833 5301 900 5368 9;
927 5303 1164 5362 Basilius
1192 5305 1423 5380 Magnus
1443 5309 1497 5363 in
1527 5325 1692 5379 expo-

127 5383 314 5473 sitione
339 5398 530 5463 psalm.
568 5412 779 5465 xxvm;
828 5397 1042 5454 Plinius
1086 5400 1211 5457 libr.
1246 5419 1368 5467 vui,
1405 5404 1572 5473 capit.
1595 5404 1685 5467 52,

129 5472 192 5528 ΕΙ
226 5481 289 5536 iis
333 5499 409 5541 est
464 5507 584 5545 cum
616 5500 850 5561 serpente
891 5507 1088 5562 pugna,
1126 5495 1383 5566 vestigant
1409 5472 1683 5561 cavernas,

129 5572 420 5647 nariumque
445 5584 635 5651 spiritu
662 5587 958 5653 extrahunt,
975 5587 1287 5651 renitentes;
1320 5584 1592 5644 Nicander
1630 5590 1686 5644 in

131 5653 409 5736 Thsriacis;
427 5675 695 5732 Martialis
721 5679 983 5748 epigram.
1001 5677 1096 5732 lib.
1119 5694 1195 5732 xu
1221 5698 1234 5735 ε

223 5754 466 5847 ϐαξυίηιιε
497 5769 727 5847 gelidum
757 5769 931 5847 sorbet
956 5771 1033 5847 sic
1069 5769 1269 5827 halitus
1294 5790 1540 5847 anguem,

287 5829 520 5894 Casura;
547 5841 652 5896 alte
675 5829 751 5894 sic
782 5842 922 5910 rapit
950 5842 1045 5895 iris
1076 5858 1264 5911 aquas.

424 5931 695 5995 ΡΑτιιοι..
737 5933 855 5994 Gn.
899 5921 1132 5997 XVIII.

1814 1986 2027 2043 gantur,
2059 1978 2151 2032 sed
2181 1984 2413 2036 maxime
2443 1988 2693 2053 styracis.
2727 1986 2792 2042 Et
2819 1990 2913 2046 lib.
2943 2007 3134 2055 xxvul,
3165 2009 3285 2064 cap.
3322 1995 3356 2048 9
3391 2015 3403 2049 :

1817 2059 1997 2113 Eaitio
2045 2066 2373 2132 serpentibus
2411 2084 2523 2121 esse
2567 2086 2742 2126 cervos
2794 2090 2944 2126 nemo
2986 2077 3220 2145 ignorat,
3255 2089 3313 2132 ut
3359 2082 3409 2134 si

1812 2161 1929 2220 qua!
1966 2165 2091 2208 sunt
2141 2167 2413 2213 extractas
2462 2165 2700 2216 cavernis
2748 2166 3077 2222 mandentes.
3121 2167 3236 2222 Nec
3285 2189 3404 2226 vero

1812 2244 1914 2311 ipsi
1940 2248 2304 2320 spirantesque
2350 2263 2560 2306 tantum
2605 2256 2976 2326 adversantur,
3012 2259 3102 2314 sed
3141 2264 3403 2317 membra-

1815 2333 1908 2385 tim
1938 2352 2140 2407 quoque
2167 2341 2347 2410 fugari
2387 2361 2476 2397 eas
2529 2346 2713 2400 nidore
2758 2366 2972 2416 cornus,
3003 2355 3048 2405 si
3076 2365 3286 2420 uratur,
3318 2358 3404 2410 di-

1812 2434 1952 2478 ctum
1986 2439 2106 2481 est:
2137 2441 2192 2484 at
2229 2449 2258 2486 e
2294 2450 2500 2488 summo
2538 2447 2749 2504 gutture
2781 2443 2914 2495 ustis
2947 2445 3152 2496 ossibus
3186 2463 3403 2516 congre~

1809 2519 1928 2586 gari
1960 2519 2229 2591 dicuntur,
2259 2535 2364 2580 etc.
2414 2527 2479 2581 Et
2523 2531 2618 2587 lib.
2654 2545 2773 2598 vui,
2806 2550 2928 2603 cap.
2959 2535 3028 2588 52
3062 2555 3074 2589 :
3112 2537 3238 2591 Ideo
3290 2542 3404 2593 sin-

1810 2610 1994 2679 gulare
2047 2613 2322 2684 abigendis
2369 2623 2696 2688 serpentibus
2744 2624 2904 2689 odor,
2954 2627 3148 2681 adusto
3195 2632 3403 2686 cervino

1811 2718 1995 2757 cornu.
2030 2703 2104 2758 Ea
2134 2715 2218 2761 est
2257 2708 2423 2777 hujus
2452 2713 2749 2768 animantis
2808 2716 2862 2770 in
2921 2725 3205 2788 serpentes
3255 2722 3404 2775 ἀντι-

1813 2793 2031 2859 πάθεια,
2060 2803 2118 2849 ιιι
2144 2804 2198 2851 et
2232 2809 2509 2855 mortuum
2562 2803 2691 2868 illis,
2727 2817 2780 2859 et
2809 2808 3151 2863 membratim
3186 2812 3258 2866 sit
3286 2815 3404 2867 exi-

1811 2882 2037 2941 tiosum.
2086 2884 2362 2956 JElianus,
2410 2889 2486 2945 De
2532 2893 2718 2947 histor.
2771 2898 2960 2962 anim.,
2998 2899 3093 2953 lib.
3149 2917 3224 2965 ix,
3277 2917 3398 2973 cap.

1811 2974 1881 3027 20
1928 2994 1941 3028 :
1985 2975 2058 3029 Τὸ
2101 2978 2195 3030 τοῦ
2237 2980 2436 3051 ἐλάφου
2494 2985 2665 3056 κέρας
2709 2988 3055 3059 Ουμιώμενον
3081 3031 3095 3055 ,
3143 2994 3225 3046 ὅτι
3274 2997 3403 3060 τοὺς

1810 3067 1964 3137 ὄφεις
1993 3069 2176 3124 διώκει
2205 3072 2362 3142 δῆλόν
2391 3077 2558 3131 ἐστιν.
2613 3079 2679 3131 Ει
2709 3080 2804 3135 lib.
2851 3098 2912 3147 Il,
2961 3098 3083 3152 cap.
3135 3085 3169 3138 9
3206 3106 3219 3141 :
3261 3087 3400 3159 Ἤδη

1816 3162 1996 3231 μέντοι
2031 3164 2126 3216 καὶ
2158 3165 2326 3238 κέρας
2360 3168 2559 3238 ἐλάφου
2582 3188 2665 3234 τις
2684 3172 2866 3238 ξέσᾳς,
2895 3171 3014 3228 εἶτα
3028 3177 3088 3228 τὸ
3123 3177 3297 3248 ξέσμα
3322 3183 3402 3243 εἰς

1812 3255 1922 3326 πῦρ
1951 3255 2192 3319 ἐνέϐαλε,
2225 3261 2318 3310 καὶ
2353 3263 2381 3312 ὁ
2417 3263 2623 3325 καπνὸς
2655 3263 2819 3316 ἀνιὼν
2849 3265 3034 3319 διώκει
3081 3269 3204 3332 τοὺς
3250 3271 3403 3337 ὄφεις

1810 3347 2144 3415 πανταχόθεν
2169 3350 2304 3418 μηδὲ
2328 3351 2425 3422 τὴν
2447 3353 2621 3424 ὀσμὴν
2645 3357 3030 3424 ὑπομένοντας.
3061 3357 3400 3417 Scholiastes

1808 3435 2079 3505 Apollonii
2108 3439 2200 3493 lib.
2235 3457 2272 3494 ιι
2295 3442 2616 3512 Argonaut.,
2649 3447 2874 3502 scribit:
2905 3447 3199 3507 Corvinum
3223 3467 3395 3508 cornu

1808 3527 2062 3582 adustum
2123 3541 2404 3600 serpentes
2454 3536 2639 3605 fugat,
2698 3539 3154 3606 quemadmodum
3214 3543 3399 3602 fumus

1808 3633 1958 3689 apes.
2001 3622 2414 3692 Theophrastus
2456 3626 2760 3698 fragmento
2805 3631 2950 3699 Περὶ
2992 3632 3113 3684 τῶν
3150 3637 3398 3704 λεγομέ-

1805 3729 1927 3766 νων
1971 3712 2126 3775 ζώων
2169 3719 2435 3785 φθονεῖν.
2474 3719 2747 3776 Nicander
2804 3724 2859 3777 in
2911 3723 3391 3792 Alexipharmacis.

1806 3803 2056 3875 Orpheus
2122 3809 2177 3864 in
2233 3826 2336 3864 suo
2380 3812 2448 3866 de
2506 3813 2780 3883 lapidibus
2831 3830 3099 3886 poemate,
3145 3835 3390 3884 cervum,

1805 3899 1951 3952 cervi
1985 3900 2160 3967 dotes,
2189 3903 2541 3974 medieasque
2568 3906 2714 3963 vires
2746 3909 3035 3980 diligenter
3062 3921 3390 3982 prosecutus

1803 3998 1907 4045 est.

1875 4082 2035 4148 lbid.,
2067 4085 2162 4139 lin.
2211 4085 2265 4142 6.
2306 4088 2578 4143 Ἐπειδὰν
2622 4091 2692 4145 δὲ
2747 4093 3040 4164 ἀποϐάλῃ.
3088 4093 3387 4152 Cervorum

1804 4190 2010 4231 cornua
2039 4180 2335 4247 quotannis
2372 4181 2556 4250 abjici,
2590 4193 2642 4238 et
2675 4185 2870 4240 iterum
2903 4187 3208 4255 germinare
3253 4191 3389 4245 satis

1803 4277 1988 4319 notum
2045 4267 2102 4322 in
2163 4269 2409 4324 historia.
2463 4271 2676 4337 Herus,
2734 4274 3091 4340 Aristoteles,
3142 4277 3387 4343 Plinius.

1804 4357 2055 4413 [Elianus
2089 4369 2141 4413 et
2169 4361 2284 4416 alii.
2311 4360 2485 4430 Hujus
2521 4377 2687 4416 causa
2717 4381 2780 4419 ex
2817 4365 3126 4421 Democrito
3157 4368 3390 4424 habetur

1803 4450 1944 4520 apud
1985 4449 2283 4515 Elianum,
2317 4453 2410 4505 lib.
2440 4469 2538 4515 xu,
2572 4470 2692 4524 cap.
2728 4456 2794 4510 18
2824 4473 2839 4510 :
2876 4458 3064 4511 Αἰτίαν
3099 4460 3154 4512 δὲ
3187 4460 3383 4525 αὐτὸς,

1847 4541 2143 4596 emocritus
2187 4543 2429 4609 scilicet,
2479 4545 2623 4613 λέγει
2675 4548 2774 4616 τῆς
2809 4548 2917 4599 τῶν
2957 4550 3203 4620 κεράτων
3271 4556 3386 4618 τοῖς

1798 4629 2016 4699 ἐλάφοις
2052 4632 2370 4701 άναςρύσεως
2417 4637 2630 4708 ἐκείνην
2665 4635 2830 4689 εἶναι.
2870 4638 3025 4695 Vide.
3064 4640 3292 4712 Delapsa
3330 4647 3384 4698 in

1797 4724 1933 4780 locis
1960 4726 2162 4782 abditis
2191 4737 2245 4782 et
2278 4730 2575 4786 inaccessis
2632 4740 2776 4785 terra
2827 4733 3086 4789 obruunt.
3130 4738 3380 4803 Aristot.,

1795 4817 1874 4872 De
1900 4819 2025 4873 hist.
2057 4822 2250 4885 anim.,
2284 4822 2376 4876 lib.
2418 4839 2494 4888 ix,
2532 4839 2653 4893 cap.
2687 4826 2720 4877 5
2750 4844 2762 4878 :
2807 4824 3024 4880 Cornua
3060 4830 3220 4882 etiam
3252 4833 3380 4886 locis

1793 4915 2118 4983 diﬂicillimis
2151 4917 2371 4983 amittit,
2411 4927 2461 4969 et
2510 4934 2614 4987 qua
2658 4919 2880 4971 inveniri
2926 4932 3201 4988 nequeant,
3244 4923 3382 4976 unde

1792 5005 1928 5058 illud
1953 5006 2284 5073 proverbium
2320 5017 2516 5069 ortum,
2545 5009 2662 5072 Qua
2690 5011 2826 5062 cervi
2862 5012 3116 5063 amittunt
3152 5029 3372 5067 cornua.

1793 5094 2025 5164 Plinius,
2075 5099 2169 5154 lib.
2215 5117 2337 5163 vm,
2393 5115 2513 5170 cap.
2556 5100 2624 5153 52
2659 5118 2673 5155 :
2713 5100 2930 5154 Cornua
2962 5120 3134 5156 mares
3163 5104 3376 5168 habent.

1791 5190 1992 5258 solique
2013 5191 2331 5245 animalium
2372 5194 2615 5247 omnibus
2643 5197 2794 5248 annis
2829 5204 2968 5249 stato
2993 5199 3125 5251 veris
3153 5208 3381 5266 tempore

1792 5283 2065 5336 amittunt.
2104 5282 2232 5339 Ideo
2269 5286 2362 5338 sub
2394 5287 2508 5354 ipsa
2541 5287 2628 5340 die
2653 5305 2814 5357 quam
2853 5289 3084 5342 maxime
3121 5291 3264 5343 invia
3291 5308 3352 5359 pe

1793 5385 1929 5429 tunt.
1971 5372 2256 5444 Oppianus
2284 5382 2509 5447 Κυνηγ.
2551 5396 2587 5432 ιι
2624 5397 2637 5433 :

1794 5465 2014 5540 ῗεεοχα
2045 5465 2097 5517 δ’
2132 5466 2201 5540 ἐν
2226 5467 2524 5540 ,θήρεσσιν
2555 5471 2646 5521 ἐπ’
2674 5471 2897 5539 ἀγλαΐη
2930 5475 3247 5540 κομόωσιν.

1793 5538 2071 5611 ςΑρσξνες
2096 5535 2388 5611 εὐκέραοι,
2422 5535 3074 5611 ποᾷυδᾳίὸὰλονέρὼς
3107 5543 3373 5611 ἔχοντες,

1788 5602 1869 5678 ἾΙΫ
1892 5608 2000 5676 γὰρ
2025 5602 2356 5678 ὲϋσχιδέων
2382 5609 2608 5675 κεράων
2632 5609 2822 5678 ὥρῃσι
2849 5602 3162 5665 πεσόντων

1787 5673 2012 5752 βόθρον
2035 5673 2335 5752 μὲν-κατά
2380 5673 2557 5752 reiicit
2603 5673 2982 5752 όρὶιξὰμενοι
3009 5684 3375 5752 κατέθαψαν,

1790 5748 1974 5816 "Oppi;
1998 5764 2064 5800 κε
2089 5747 2269 5816 μήτις
2293 5749 2513 5816 ἕλῃσιν
2537 5750 2630 5802 ἐπ’
2655 5747 2922 5816 αὐλὰκος
2954 5747 3377 5822 ἀντιϐολήσας,

1786 5840 1870 5896 An
1898 5848 2079 5896 autem
2112 5839 2291 5895 cervis
2325 5839 2544 5898 feminis
2572 5857 2780 5899 cornua
2821 5844 2931 5898 sint
2962 5843 3105 5900 infra
3139 5848 3374 5905 dicetur.

3020 5937 3100 5999 30
