4042 6338
645 372 755 449 939

1991 380 2240 438 LEONIS
2273 371 2545 434 ALLATII

3817 372 3916 426 βω

718 503 880 568 lbid.,
931 503 1029 558 lin.
1082 503 1136 560 9.
1176 501 1270 568 Ὠς
1335 500 1732 555 ἀποϐαλοῦσα
1783 501 1951 568 πρός.
1999 499 2230 555 Amissis

2340 493 2420 548 διὰ
2442 493 2503 546 τὸ
2532 491 2756 565 bapth
2778 491 2853 556 ὡς
2879 492 3091 563 ἔχοντες
3116 484 3162 558 ᾧ
3189 489 3500 561 ἀμύνονται.
3532 487 3673 556 Qua
3708 489 3784 542 ita
3817 495 3915 544 La-

642 600 788 654 enlm
814 595 1074 652 comibus
1103 592 1452 650 solitudinem
1484 598 1677 664 petunt
1695 600 1748 646 et
1769 591 1887 646 loca
1910 592 2228 659 inaccessa;

642 701 814 758 quare
863 685 916 739 id
965 691 1126 755 agant
1171 682 1308 736 varii
1352 681 1502 735 varie
1549 680 1910 735 tradiderunt.
1948 679 2227 749 Oppianus

650 783 881 845 Κυνητ.
908 793 942 830 ιι
974 778 1038 828 ad
1072 775 1334 845 pudorem
1362 773 1527 829 refert
1557 792 1571 827 :

646 889 964 942 Κεύθονται
994 885 1046 937 δ’
1073 885 1240 938 αὐτοὶ
1267 884 1556 952 πυμάτοις
1591 881 1861 936 λασίοισι
1888 897 1955 952 τε
1985 880 2228 948 θάμνοις

645 958 954 1026 Αιόόμενοι
990 956 1245 1023 θήρεσσι
1283 949 1548 1026 καρήατα
1585 952 1710 1026 τοῖα
1751 949 2015 1026 garriant

647 1022 879 1096 ιὐμὶρὰ,
911 1026 983 1080 ra'
1012 1022 1098 1078 τοι
1123 1023 1478 1094 προπάροιθε
1506 1023 1802 1091 μετήορον
1828 1022 2118 1089 ἀείροντο.

648 1140 973 1195 Aristoteles
1002 1147 1183 1192 tamen
1223 1151 1346 1190 cum
1379 1135 1502 1190 aliis
1539 1135 1783 1188 eamdem
1817 1147 1979 1203 quam
2014 1133 2102 1187 hic
2132 1147 2230 1188 no-

647 1240 763 1287 ster
796 1239 986 1284 auctor
1015 1243 1237 1282 causam
1271 1225 1446 1289 all‘ert,
1488 1226 1715 1279 nimium
1751 1225 1878 1293 quia
1918 1239 2228 1278 muscarum

647 1335 891 1375 morsum
951 1325 1222 1380 metuunt,
1257 1331 1378 1386 qua
1427 1315 1639 1370 radices
1701 1331 1967 1369 cornuum
2013 1323 2231 1369 teneras

647 1413 806 1468 facile
837 1412 1205 1483 perforarent,
1234 1424 1358 1462 cum
1394 1422 1610 1462 summo
1639 1421 1826 1460 eorum
1864 1405 2070 1460 dolore.
2099 1407 2230 1462 Item

644 1504 772 1573 quia
800 1517 909 1555 non
932 1502 1185 1560 habeant,
1211 1515 1318 1569 quo
1343 1513 1402 1553 se
1430 1499 1500 1551 ab
1532 1498 1654 1552 aliis
1686 1498 1814 1552 feris
1841 1499 2233 1567 propugnando

645 1594 968 1653 defendant,
1004 1590 1079 1643 De
1122 1591 1249 1644 hist.
1305 1590 1494 1650 anim.,
1529 1589 1622 1643 lib.
1675 1605 1750 1649 Ix,
1788 1603 1909 1658 cap.
1942 1589 1976 1642 5
2007 1608 2020 1642 :
2065 1588 2233 1654 Quasi

647 1685 784 1738 enim
819 1699 918 1735 sua
952 1682 1191 1734 amiserit
1227 1696 1401 1743 arma,
1441 1687 1587 1732 cavet
1629 1695 1692 1732 ne
1737 1680 1954 1732 inermis
2003 1679 2234 1745 reperia-

649 1784 756 1828 tur.
811 1771 876 1824 Et
920 1770 1152 1824 inferius
1199 1788 1208 1821 :
1260 1769 1523 1821 Amittunt
1567 1768 1790 1837 singulis
1831 1768 1987 1820 annis
2029 1783 2232 1821 cornua

649 1880 823 1918 mense
845 1864 1054 1931 Aprili:
1083 1877 1202 1930 qua
1232 1877 1349 1914 cum
1382 1862 1680 1920 amiserint,
1705 1860 1971 1912 occultant
1998 1877 2050 1912 se
2079 1862 2242 1913 inter-

650 1956 765 2019 diu,
799 1966 856 2008 ut
886 1957 1124 2022 superius
1157 1953 1292 2013 dixi,
1326 1952 1482 2020 idque
1523 1954 1699 2018 opacis
1741 1952 1945 2013 faciunt
1995 1951 2147 2012 locis,
2179 1961 2238 2004 ut

651 2064 956 2102 muscarum
1001 2047 1158 2100 tredio
1188 2055 1386 2098 vacent.
1438 2043 1503 2097 Et
1556 2045 1651 2098 lib.
1703 2044 1840 2109 Περὶ
1891 2043 2238 2109 θαυμασίων

648 2140 1078 2209 ἀκουσμάτων,
1123 2139 1191 2193 de
1233 2138 1410 2192 cervis
1461 2138 1712 2190 Achaicis
1756 2154 1768 2188 :
1804 2136 1937 2188 Φασι
1985 2151 2127 2196 τινες
2181 2136 2238 2186 ἐν

663 2233 856 2302 ’Λχαῖᾳ
882 2231 990 2284 τῶν
1024 2230 1259 2300 ἐλάφων,
1299 2230 1424 2282 ὖταν
1455 2228 1767 2282 ἀποϐάλωσι
1796 2228 1863 2280 τὰ
1902 2227 2125 2296 κέρατα,
2159 2227 2239 2288 εις

649 2325 874 2387 τούτους
910 2320 1038 2387 τοὺς
1074 2324 1272 2387 τόπους
1304 2323 1578 2394 ἔρχεσθαι,
1609 2322 1749 2374 ὥστε
1795 2321 1868 2391 μὴ
1911 2321 2107 2390 ῥᾳδίως
2145 2320 2237 2370 εὐ-

653 2417 894 2489 ρεθῆναι.
917 2416 1087 2470 Τοῦτο
1101 2416 1156 2468 δὲ
1175 2419 1345 2468 ποιεῖν
1361 2416 1446 2469 διὰ
1464 2415 1522 2467 τὸ
1552 2414 1626 2484 μὴ
1660 2413 1823 2482 ἐχειν,
1844 2407 1887 2479 ᾧ
1904 2412 2236 2480 ἀμύνωνται,

653 2510 748 2562 καὶ
765 2509 854 2562 διὰ
869 2511 927 2561 τὸ
958 2511 1140 2561 πονεῖν
1160 2511 1285 2571 τοὺς
1316 2509 1536 2570 τόπους,
1554 2505 1676 2558 ὅθεν
1702 2504 1768 2557 τὰ
1804 2504 2010 2575 κέρατα
2030 2501 2238 2554 ἀπέϐα-

651 2599 760 2654 λον.
791 2600 856 2652 Et
887 2598 1327 2670 Theophylactus
1362 2597 1668 2652 Simocatus
1693 2597 1748 2650 in
1773 2595 1967 2661 Quart.
2001 2592 2236 2646 natural.

653 2688 690 2744 5
717 2704 732 2742 :
773 2686 923 2742 Οἶδεν
956 2691 988 2758 ὴ
1019 2691 1233 2757 ἔλαφος,
1269 2686 1677 2758 ἀποκειραμένη
1707 2687 1776 2740 τὰ
1816 2686 2043 2757 κέρατα,
2078 2685 2240 2738 ἀσθε-

653 2781 914 2851 νεσθέραν
961 2781 1056 2852 τὴν
1119 2781 1279 2851 φύσιν
1329 2779 1628 2848 ἀμύνεσθαι
1686 2779 1814 2840 τοὺς
1868 2778 2236 2847 λυπήσαντας.

654 2871 864 2928 οὐκοῦν
911 2873 1320 2943 ἀποκρύπτεται
1372 2867 1461 2924 οἷα
1515 2869 1853 2942 στρατιώτης
1903 2887 1986 2932 τις
2045 2869 2241 2933 ἄοπλος

657 2963 842 3026 δεδιὼς
887 2964 1347 3034 παρατάττεσθαι.
1405 2965 1514 3018 Καὶ
1573 2966 1761 3036 πόρῤω
1805 2983 1907 3018 που
1959 2966 2241 3036 ἁπόμαχος

655 3052 794 3109 εἶναι
843 3057 1182 3126 βουλόμενος,
1234 3058 1365 3127 πρὸς
1414 3059 1508 3109 ἐπὶ
1547 3058 1757 3120 τούτοις
1799 3058 1954 3126 ἀλγεί
1997 3057 2058 3110 τὸ
2106 3057 2242 3121 ζῶον

656 3148 756 3218 τὴν
803 3149 948 3219 κάρα
1002 3148 1297 3201 δεινότατα.
1357 3148 1588 3208 Plinius.
1647 3150 1741 3203 lib.
1801 3165 1920 3213 VIII,
1961 3164 2081 3218 cap.
2125 3149 2236 3203 32:

2331 587 2444 641 tine
2471 585 2735 654 expressit
2775 581 2986 638 Plinius
3021 603 3033 637 :
3074 580 3372 649 Erumpunt
3410 591 3585 635 autem
3632 598 3914 634 renasca-

2331 680 2470 732 tibus
2522 674 2790 730 tuberibus
2836 677 3008 744 primo
3053 676 3222 730 aridtr
3265 678 3398 730 cutis
3439 673 3667 729 similia.
3723 672 3912 727 Eadem

2331 771 2519 824 teneris
2568 770 2863 822 increscunt
2917 768 3102 836 ferulis
3149 767 3466 820 arundineas
3518 768 3576 818 in
3619 767 3913 834 particulas

2332 866 2478 916 molli
2524 861 2764 931 plumata
2805 861 3073 930 lanugine.
3115 860 3364 926 Quandiu
3387 869 3569 912 carent
3614 859 3711 924 iis,
3758 862 3912 910 novi-

2332 955 2428 1008 bus
2461 953 2747 1022 procedunt
2787 956 2855 1004 ad
2885 951 3103 1020 pabula,
3155 952 3499 1004 increscentia
3547 951 3685 1004 solis
3739 965 3914 1014 rapere

2331 1049 2549 1108 durant,
2596 1044 2664 1096 ad
2709 1045 2921 1098 arbores
2962 1042 3181 1096 subinde
3208 1045 3550 1110 experientes,
3593 1043 3688 1094 ubi
3723 1043 3912 1107 placuit

2332 1138 2493 1191 robur
2521 1139 2572 1190 in
2605 1146 2784 1204 aperta
2827 1135 3105 1203 prodeunt.
3141 1133 3246 1189 Sed
3284 1135 3438 1190 nefas
3485 1142 3575 1188 est
3624 1136 3721 1188 hic
3761 1137 3914 1187 omit-

2332 1236 2448 1283 tere
2493 1228 2547 1281 in
2602 1227 2844 1296 subjecta
2889 1227 3116 1280 materia
3148 1227 3368 1280 verbum
3407 1226 3755 1286 Aristotelis.
3782 1228 3914 1296 quod

2335 1319 2548 1387 magnis
2591 1317 2725 1370 viris
2758 1317 3034 1386 negotium
3077 1314 3384 1374 facessisse.
3415 1331 3482 1370 ex
3512 1331 3718 1370 eorum
3757 1320 3914 1373 inter-

2333 1409 2730 1478 pretationibus
2790 1406 3136 1461 manifestum
3198 1414 3298 1462 est.
3367 1409 3457 1459 Ait
3529 1407 3914 1465 Aristoteles:

2336 1501 2476 1569 Ἤδη
2510 1500 2566 1552 δέ
2622 1499 2874 1569 εἴληπται
2901 1497 3127 1566 ἀχαὶτης
3164 1498 3359 1566 ἔλαφος
3394 1499 3488 1552 ἐπὶ
3521 1500 3637 1552 τῶν
3686 1503 3916 1573 κεράτων

2334 1592 2453 1662 ἕχον
2487 1592 2668 1643 κιττὸν
2697 1589 2865 1643 πολὺν
2898 1590 3178 1658 πεφυκότα
3211 1590 3437 1662 χλωρὸν,
3469 1592 3548 1655 ὡς
3578 1594 3815 1646 ἁπαλῶν
3842 1596 3916 1649 δν-

2333 1701 2439 1737 των
2467 1685 2574 1736 τῶν
2608 1683 2850 1752 κεράτων
2879 1680 3176 1752 ἐμφύοντα,
3209 1681 3396 1752 ὥσπερ
3425 1684 3484 1734 ἐν
3524 1680 3678 1750 ξύλῳ
3712 1685 3914 1754 χλωρῷ.

2334 1776 2659 1830 Theodorus
2690 1774 2835 1828 Gaza
2877 1774 2952 1826 ita
2984 1774 3142 1826 vertit
3172 1793 3184 1826 :
3224 1771 3420 1840 Captus
3460 1773 3586 1841 jam
3620 1791 3806 1829 cereus
3833 1787 3915 1836 est,

2273 1867 2314 1920 Β
2343 1869 2587 1922 hederam
2619 1868 2728 1922 suis
2758 1875 2968 1920 enatam
2995 1865 3240 1918 cornibus
3265 1881 3445 1933 gerens
3471 1866 3727 1926 uiridem,
3747 1878 3847 1921 etc.
3867 1867 3915 1920 Et

2344 1957 2552 2012 Plinius
2577 1957 2679 2010 hoc
2713 1955 2854 2009 idem
2885 1964 3102 2009 vertens
3129 1973 3142 2007 :
3167 1951 3417 2024 Caplique
3426 1956 3550 2022 jam
3581 1969 3714 2010 sunt
3745 1959 3916 2011 hedera

2343 2052 2397 2104 in
2429 2049 2671 2103 cornibus
2701 2049 2960 2102 viridante
2987 2062 3051 2101 ex
3075 2050 3260 2100 attritu
3300 2049 3554 2102 arborum
3580 2061 3642 2102 ut
3676 2053 3737 2103 in
3761 2054 3916 2122 aliqua

2343 2142 2484 2212 ligno
2512 2141 2724 2204 teneris,
2756 2141 2881 2193 dum
2913 2141 3250 2208 experiuntur
3277 2141 3484 2193 innata.
3513 2139 3616 2195 Sat
3653 2143 3796 2197 bene
3821 2160 3915 2198 oin-

2344 2236 2456 2294 nia,
2490 2232 2714 2304 quidni?
2752 2231 2986 2286 Mentem
3037 2233 3346 2286 Aristotelis
3405 2233 3609 2301 habeo,
3645 2237 3810 2303 plana
3853 2238 3916 2287 ri-

2344 2325 2543 2378 dentur
2571 2339 2693 2378 esse
2731 2321 3156 2378 0mnia.Verum
3205 2321 3332 2393 quid
3385 2328 3458 2378 sit
3511 2326 3760 2397 ἀχαίτης
3808 2329 3914 2382 illud

2346 2431 2511 2471 cervo
2543 2416 2782 2470 additum
2812 2416 3050 2468 nondum
3085 2415 3259 2469 video.
3301 2416 3455 2480 Quod
3491 2431 3621 2470 cum
3655 2420 3916 2488 posuisset

2344 2507 2662 2562 Arismteles
2684 2547 2697 2570 ,
2741 2507 3063 2577 interpretes
3095 2509 3213 2562 sine
3245 2508 3472 2564 inscitia:
3514 2519 3646 2563 nota
3681 2512 3920 2566 omittere

2346 2599 2570 2652 minime
2619 2598 2944 2652 debuerunt.
2991 2596 3097 2652 Sed
3145 2599 3567 2655 modestissimis
3597 2601 3757 2655 hisce.
3807 2603 3920 2656 viris

2345 2689 2548 2758 aliquid
2574 2690 2988 2744 condonandum
3016 2701 3120 2744 est.
3143 2689 3281 2755 Quid
3314 2694 3733 2747 ot-ulatissimus
3757 2692 3920 2750 Julius

2349 2775 2615 2847 Scaliger,
2649 2793 2808 2848 quem
2854 2779 2986 2832 nihil
3016 2783 3270 2849 praeterit.
3303 2789 3356 2835 et
3396 2783 3448 2834 in
3480 2797 3611 2850 quo,
3642 2786 3690 2836 si
3737 2799 3922 2838 conce-

2346 2868 2444 2922 das
2489 2884 2706 2924 errores
2756 2878 2811 2925 et
2864 2870 3087 2939 lapsus,
3137 2871 3205 2926 de
3246 2871 3366 2940 ejus
3415 2873 3580 2926 etiam
3643 2874 3924 2930 divinitate

2347 2961 2536 3034 tollere
2583 2975 2806 3016 necesse
2855 2972 2959 3025 est,
3010 2977 3108 3016 nec
3153 2963 3533 3032 dedignabitur
3583 2966 3756 3020 etiam
3818 2969 3926 3038 ipse

2347 3050 2673 3122 quandoque
2728 3063 2898 3108 semet
2955 3053 3225 3108 hominem
3273 3069 3394 3110 esse
3445 3057 3622 3110 fateri.
3681 3060 3927 3130 Scaliger

2349 3142 2531 3210 itaque
2561 3142 2906 3197 Aristotelem
2939 3145 3012 3196 ita
3049 3145 3209 3197 vertit
3243 3164 3254 3196 :
3281 3145 3402 3199 Jam
3435 3164 3549 3201 vero
3593 3162 3789 3217 captus
3820 3169 3928 3204 cer-

654 3237 849 3293 Latent
876 3239 1087 3292 antissis
1121 3239 1257 3292 velut
1289 3241 1531 3295 inermes.
1559 3239 1662 3294 Sed
1706 3253 1754 3295 et
1789 3241 1842 3294 hi
1874 3241 2006 3294 bono
2038 3257 2133 3295 suo
2161 3243 2245 3294 in-
2274 3223 2314 3280 C
2349 3248 2440 3286 vus
2466 3242 2544 3286 est
2583 3248 2763 3302 gerens
2795 3235 2847 3285 in
2882 3233 3127 3287 cornibus
3159 3247 3366 3288 enatam
3411 3237 3651 3293 hederam
3704 3244 3926 3295 multant

655 3332 904 3386 videntes.
960 3331 1232 3398 Elianus,
1289 3334 1380 3386 lib.
1434 3348 1482 3386 vI
1545 3332 1622 3386 De
1662 3334 1847 3389 histor.
1899 3334 2241 3402 anim.,cap.

653 3425 710 3490 5,
741 3424 929 3479 eadem
963 3425 1147 3479 refert.
1183 3423 1335 3478 Multi
1391 3427 1556 3478 etiam
1607 3439 1831 3479 causam
1880 3441 2048 3494 quare
2099 3427 2244 3480 cervi

655 3530 864 3570 cornua
900 3516 1130 3570 latenter
1164 3515 1458 3576 dimittant,
1495 3517 1577 3570 vel
1610 3526 1812 3570 terram
1854 3516 2122 3571 fodientes
2152 3532 2247 3569 oc-

652 3608 884 3671 cultent,
919 3608 1337 3678 investigarunt.
1387 3608 1597 3665 Plinius
1627 3611 1693 3664 ad
1726 3609 1985 3664 invidiam
2026 3611 2242 3674 retulit;

655 3699 746 3753 cui
777 3700 1053 3754 consentit
1105 3699 1380 3762 Ailianus,
1435 3703 1528 3756 lib.
1582 3719 1675 3764 In,
1712 3716 1831 3771 cap.
1879 3701 1994 3754 t7:
2039 3698 2159 3754 Οἵδε
2189 3700 2246 3752 δὲ

656 3789 751 3842 καὶ
786 3788 980 3856 ἔλαφος
1009 3789 1069 3841 τὸ
1109 3788 1282 3852 δεξιὸν
1326 3790 1490 3858 κέρας
1517 3790 1655 3858 ἔχων
1688 3792 1767 3851 εἰς
1804 3789 1973 3842 πολλὰ
2019 3789 2243 3856 ἀγαθὸν,

657 3879 751 3933 καὶ
769 3880 948 3948 μέντοι
972 3879 1289 3949 κατορύττει
1309 3881 1439 3933 αὐτὸ
1459 3882 1551 3932 καὶ
1570 3879 1912 3950 ἀποκρύπτει
1935 3879 2130 3949 φθόνῳ,
2150 3879 2244 3932 τοῦ

659 3971 736 4042 μὴ
759 3971 1011 4023 τοσοῦτον
1035 3971 1132 4040 (ita
1161 3973 1307 4024 enim
1337 3973 1574 4039 corrigo)
1594 3971 1716 4024 τινὰ
1746 3970 2249 4025 ἀπολαῦσαιπιιθο-

656 4063 919 4133 phrastus
946 4061 1084 4128 Περὶ
1103 4059 1220 4112 τῶν
1243 4060 1582 4129 ,λεγομένων
1598 4060 1753 4121 ζώων
1775 4060 2039 4129 φθονεῖν,
2061 4070 2247 4130 aperte

658 4152 712 4206 id
744 4158 904 4221 negat
936 4166 1047 4205 non
1081 4158 1292 4204 tantum
1333 4152 1387 4205 in
1431 4153 1629 4215 cervis,
1663 4152 1758 4207 sed
1791 4161 1846 4207 et
1892 4153 1946 4206 in
1982 4154 2102 4209 aliis
2130 4155 2246 4206 ani-

657 4243 915 4306 malibus,
945 4258 1066 4312 quae
1091 4258 1176 4297 res
1203 4243 1324 4297 aliis
1350 4244 1508 4299 utiles
1535 4245 1619 4299 vel
1648 4246 1988 4300 abscondunt
2014 4247 2093 4301 vel
2123 4261 2246 4300 cor-

656 4339 941 4402 rumpunt.
972 4331 1207 4386 Tantum
1237 4335 1382 4388 enim
1405 4335 1480 4388 ait
1513 4333 1616 4389 hoc
1648 4336 2056 4391 existimatione
2077 4336 2245 4390 homi-

658 4437 788 4477 num
829 4422 966 4477 falsa
1009 4423 1280 4478 accusari.
1318 4423 1391 4477 Ea
1440 4441 1677 4496 namque
1724 4430 1958 4483 naturali
2005 4430 2242 4500 quodam

659 4513 942 4576 instinctu,
993 4514 1107 4569 sive
1161 4517 1322 4569 etiam
1367 4517 1661 4586 aliquando
1713 4520 1909 4576 timore
1953 4521 2006 4575 id
2059 4538 2239 4592 agere,

657 4620 892 4676 quorum
929 4617 1109 4660 tamen
1135 4607 1401 4659 rationem
1436 4623 1537 4663 nos
1572 4612 1860 4680 nequimus
1892 4613 2139 4668 reddere.

732 4695 892 4760 lbi-.l.,
962 4697 1058 4752 lin.
1093 4700 1179 4754 15.
1233 4700 1342 4753 Καὶ
1395 4702 1618 4765 νυκτὸς
1665 4702 1925 4771 νέμεται.
1974 4703 2248 4772 Ειὶεηιιε,

659 4785 756 4842 lib.
781 4804 857 4851 γι,
884 4803 1005 4858 cap.
1031 4790 1063 4843 5
1087 4810 1098 4844 :
1125 4791 1386 4859 Λέγονται
1429 4794 1486 4845 δέ
1520 4796 1613 4846 καὶ
1636 4795 2016 4862 φυλάττεσθαι,
2044 4800 2251 4869 μήποτε

660 4878 769 4951 ἄρα
817 4885 1029 4952 νεαροῖς
1073 4879 1222 4934 οὖσιν
1270 4885 1449 4938 αὐτῶν
1486 4889 1598 4949 τοῖς
1631 4886 1832 4951 ἕλκεσι,
1865 4882 1983 4940 εἶτα
2023 4892 2251 4960 προσπί-

661 4988 873 5026 πτουσα
901 4974 934 5043 ἡ
964 4974 1125 5037 ἀκτὶς
1163 4976 1348 5046 πρὶνῆ
1386 4978 1648 5047 παγῆναι,
1683 4979 1778 5032 καὶ
1818 4982 1943 5042 τοὺς
1980 4983 2250 5052 καλουμέ-

661 5079 789 5126 νους
842 5064 1097 5136 χόνδρους
1157 5066 1363 5121 λαϐεῖν.
1404 5069 1536 5122 Ἦδε
1597 5072 1696 5141 τὴν
1745 5072 1921 5142 σάρκα
1975 5073 2252 5148 ὑποσήψῃ.

665 5153 1010 5219 Aristoteles,
1041 5157 1136 5212 lib.
1169 5174 1224 5211 Ix
1268 5159 1343 5212 De
1369 5159 1496 5213 hist.
1525 5163 1713 5225 anim.,
1745 5177 1868 5232 cap.
1901 5163 1933 5217 5
1963 5181 1976 5217 :
2013 5163 2254 5217 Pascun-

669 5254 756 5298 tur
782 5262 872 5314 per
903 5247 956 5300 id
987 5257 1185 5319 tempus
1218 5261 1374 5305 noctu
1399 5250 1561 5306 donec
1601 5254 1857 5321 recipiant
1886 5272 2109 5319 cornua,
2136 5273 2252 5326 qua:

666 5336 897 5404 primum
949 5341 1105 5408 quasi
1157 5351 1273 5394 cute
1317 5344 1504 5396 vestita
1533 5353 1582 5397 et
1615 5343 1930 5398 hirtiuscula
1969 5348 2251 5409 emittunt;

667 5426 758 5481 sed
787 5443 908 5482 cum
945 5431 1196 5484 creverint
1238 5433 1342 5485 soli
1382 5443 1670 5503 exponunt,
1713 5443 1771 5487 ut
1817 5446 2177 5506 excoquuntur
2200 5445 2254 5491 et

668 5519 864 5572 siccent
875 5561 889 5574 .

736 5609 898 5676 lbid.,
922 5612 1019 5669 lin.
1044 5615 1131 5670 15.
1161 5616 1506 5686 Βουλομένη
1536 5616 1605 5670 δὲ
1625 5617 1961 5688 δοκιμάσαι.
1985 5620 2253 5675 Aristote.

673 5701 752 5757 les
780 5701 849 5756 ibi
861 5702 978 5761 :letn
1005 5724 1020 5760 :
1055 5707 1222 5760 Ὅταν
1249 5706 1305 5760 δὲ
1334 5709 1530 5778 μηκέτι
1567 5709 1769 5762 πονῶσι
1802 5711 1938 5781 πρὸς
1965 5711 2033 5763 τὰ
2059 5710 2251 5781 δένδρα

672 5789 936 5861 κνώμενοι
967 5797 1125 5863 αὐτὰ,
1155 5800 1274 5852 τότε
1301 5799 1613 5854 ἐκλείπουσι
1643 5802 1770 5864 τοὺς
1798 5803 1998 5865 τόπους
2025 5800 2249 5866 τούτους

2348 3321 2586 3390 viridem,
2613 3324 2764 3393 quasi
2793 3340 2908 3391 qua:
2937 3341 3051 3376 cum
3083 3327 3272 3379 tenella
3312 3339 3505 3394 essent,
3541 3331 3734 3384 innata
3773 3335 3928 3398 fuerit

2349 3424 2600 3483 tanquam
2639 3416 2692 3468 in
2740 3415 2926 3468 arbore
2967 3416 3144 3472 viridi.
3192 3416 3269 3472 Ne
3315 3418 3427 3473 hilo
3449 3421 3666 3490 quidem
3707 3428 3927 3481 melius.

2347 3505 2535 3559 Adhuc
2559 3523 2756 3561 nomen
2781 3508 3009 3578 ἀχαίτης
3040 3511 3224 3565 nescio
3255 3528 3359 3581 qua
3384 3515 3588 3569 ratione
3611 3521 3927 3586 explosum.

2347 3598 2478 3664 Quae
2508 3600 2723 3654 nescias
2750 3603 3176 3670 praetermittere.
3213 3603 3316 3658 Sed
3344 3606 3644 3674 videamus,
3677 3613 3820 3679 quid
3854 3616 3931 3667 in-

2350 3691 2529 3744 nuerit
2573 3691 2912 3747 Aristoteles.
2945 3691 3045 3747 Diu
3085 3694 3139 3748 in
3167 3710 3228 3750 ea
3263 3695 3336 3749 fui
3369 3701 3654 3763 sententia,
3705 3702 3842 3757 loco
3875 3706 3934 3758 il-

2348 3781 2453 3836 lius
2511 3785 2905 3838 restituendum
2965 3801 3088 3841 esse
3147 3789 3436 3858 Ἀχαῐκός,
3492 3791 3811 3859 Achaicus,
3872 3814 3928 3850 et

2349 3874 2554 3929 Achaia
2590 3877 2830 3946 regione,
2856 3877 2960 3932 nisi
2990 3877 3043 3932 id
3068 3877 3211 3932 idem
3239 3881 3578 3935 retinendum
3610 3894 3767 3939 esset
3795 3902 3929 3940 nova

2347 3964 2579 4034 quadam
2622 3965 2946 4020 formatione
2984 3967 3257 4038 ’Δχαΐτης,
3292 3985 3358 4024 ex
3389 3969 3619 4034 Achaia,
3654 3975 3933 4032 Aristote—

2349 4056 2563 4124 lemque
2584 4056 2823 4112 locutum
2853 4058 2920 4112 de
2950 4075 3113 4114 cervo
3145 4071 3303 4131 capto
3325 4063 3572 4118 videlicet
3610 4066 3662 4119 in
3692 4068 3927 4124 Achaia.

2347 4146 2718 4201 Confirmabat
2750 4165 2920 4204 meam
2953 4154 3274 4207 sententiam
3307 4155 3444 4207 idem
3463 4155 3821 4225 Aristoteles,
3839 4162 3925 4232 qui

2349 4241 2530 4297 libello
2557 4242 2698 4310 Περὶ
2723 4246 3070 4312 θαυμασίων
3097 4246 3491 4316 ἀκουσμάτων
3514 4250 3567 4302 in
3599 4251 3816 4307 Achaia
3851 4258 3923 4309 di-

2347 4335 2423 4384 cit
2483 4346 2694 4396 cervos,
2745 4334 2964 4387 amissis
3013 4334 3288 4397 cornibus,
3338 4337 3658 4393 solitudines
3715 4351 3919 4410 petere.

2345 4422 2482 4475 Φασὶ
2508 4422 2564 4475 δέ
2596 4425 2838 4487 τινας-ἐν
2881 4424 3070 4496 Ἀχαΐᾳ
3116 4425 3223 4478 τῶν
3256 4427 3488 4496 ἐλάφων,
3531 4446 3688 4498 quem
3747 4432 3919 4488 locum

2349 4513 2600 4582 superius
2631 4514 3058 4584 exscripsimus,
3104 4515 3178 4570 ibi
3223 4519 3364 4572 enim
3420 4520 3603 4573 subdit
3639 4539 3651 4572 :
3689 4522 3918 4584 Πολὶαίς

2344 4605 2401 4658 δὲ
2440 4605 2626 4660 κισσὸν
2673 4608 3048 4677 ἐπιπεφυκότα
3093 4609 3150 4661 ἐν
3191 4609 3267 4679 τῷ
3321 4611 3431 4663 τῶν
3481 4612 3728 4682 κεράτων

2339 4699 2588 4768 ὁρᾶσθαι.
2625 4697 2751 4754 Haec
2795 4708 2974 4756 tamen
3020 4717 3120 4757 nec
3148 4703 3338 4768 dubio,
3366 4719 3466 4758 nec
3508 4705 3797 4761 hominum
3835 4725 3918 4762 ex-

2341 4789 2657 4857 spectationi
2675 4781 3012 4845 'videbantur
3035 4793 3186 4854 satis,
3217 4809 3338 4848 cum
3363 4795 3538 4847 adhuc
3565 4806 3708 4849 esset
3745 4797 3917 4852 incer-

2343 4889 2455 4934 tum
2513 4895 2584 4934 an
2641 4881 2708 4935 de
2752 4883 2930 4938 cervis
2986 4882 3240 4940 Achaicis
3297 4886 3627 4954 loqueretur,
3679 4901 3913 4956 quorum

2341 4974 2492 5026 nulla
2512 4973 2652 5026 facta
2684 4977 2978 5039 mentione,
3007 4977 3100 5032 sed
3134 4978 3241 5032 alio
3256 4979 3419 5032 ducto
3448 4979 3716 5047 principio
3743 4980 3911 5035 dicit:

2341 5063 2568 5126 Πολλαῖς
2600 5062 2656 5116 δέ
2685 5065 2869 5118 κισσὸν
2897 5067 3287 5138 ἐπιπεφυκότα.
3321 5068 3427 5125 Sed
3448 5086 3506 5126 re
3528 5072 3722 5126 melius
3745 5075 3913 5144 inspe~

2342 5163 2427 5208 cta
2461 5153 2936 5226 considerataque,
2990 5162 3065 5215 ita
3107 5162 3286 5216 locum
3321 5162 3625 5217 Aristotelis
3652 5169 3907 5220 restituo:

2345 5246 2484 5317 Ἤδη
2517 5246 2571 5299 δὲ
2601 5248 2849 5319 εἴληπται
2890 5254 3083 5324 ἀχαῖνὴ
3129 5254 3344 5323 ἔλαφος,
3386 5255 3465 5310 vel
3501 5255 3749 5328 ἀχαΐνης,
3777 5259 3908 5330 quod

2341 5346 2396 5394 et
2427 5340 2642 5396 melius.
2694 5341 2848 5397 Libet
2895 5348 3040 5400 enim
3085 5363 3306 5402 cervum
3339 5348 3485 5402 hunc
3522 5348 3594 5400 ita
3626 5353 3907 5420 appellare.

2343 5430 2485 5500 quod
2516 5429 2831 5504 Elymologo
2861 5434 3132 5493 referente
3166 5439 3314 5493 circa
3359 5439 3670 5493 Achaiuam
3702 5443 3907 5499 urbem.

2342 5523 2457 5578 sive
2517 5525 2679 5578 etiam
2730 5527 3028 5596 regionem,
3081 5531 3190 5584 sint
3236 5545 3432 5600 genera
3475 5545 3762 5585 cervorum
3811 5547 3909 5585 rna-

2343 5629 2594 5682 gnorum,
2646 5617 2875 5686 ideoque
2917 5634 3107 5674 cervos
3150 5622 3223 5674 ita
3272 5632 3534 5674 vocatos:
3583 5623 3905 5692 Ἀχαιῐνὲαή

2343 5704 2557 5774 ἔλαφος,
2601 5708 3016 5774 Ἀπολλώνιος...
3044 5715 3112 5782 ἦν
3141 5716 3186 5766 τ’
3225 5716 3468 5786 ἁγρῶται
3497 5717 3782 5786 ἀχαιῖνέην
3823 5732 3909 5767 ια-

2349 5798 2557 5852 λέουσιν
2580 5801 2685 5857 ἀπὸ
2721 5803 3020 5874 Ἀχαιϊνὲας
3057 5806 3283 5875 πόλεως,
3319 5811 3378 5863 ἐν
3411 5803 3442 5876 ἦ
3482 5809 3590 5874 εἴδη
3628 5812 3771 5863 εἰσὶν
3799 5808 3909 5862 ἐλά-
