4042 6338
131 425 229 484 9η

1029 421 1095 480 ΙΝ
1137 422 1511 482 ΕυδτᾸΤΠΙΙ
1552 419 2027 479 HEXAEMERON
2071 418 2303 478 NOTAE.

3271 420 3375 475 9η

124 567 244 620 φων
303 551 567 623 μεγάλων.
627 549 690 606 Et
740 549 1079 612 Aristoteles,
1141 550 1234 603 lib.
1285 562 1320 602 tt
1375 547 1451 602 De
1499 548 1695 602 histor.
1730 559 1772 612 Α
1803 563 1922 610 nus,
1958 563 2158 610 cervus,
2187 547 2369 605 dama,
2407 554 2458 599 et
2488 544 2650 614 paulo
2687 554 2806 614 post
2843 563 2852 596 :
2888 541 3236 609 Quamobrem
3267 543 3377 609 pul-

120 644 374 708 πίθηαι..
408 659 528 714 cap.
573 643 661 706 15,
719 642 956 713 Δχαῖνάς
986 642 1293 712 appellavit.
1339 640 1460 694 Τῶν
1488 641 1544 694 δὲ
1579 642 1694 696 ἑλάο

119 752 239 803 φων
283 738 339 789 αἱ
398 737 615 806 ὰχαῖναὶ
663 734 992 805 καλούμεναι
1035 734 1282 788 δοκοῦσιν
1339 732 1484 804 ἔχειν
1531 736 1588 787 ἐν
1637 737 1703 806 τῇ

118 829 309 899 κέρκῳ
365 829 566 899 χολήν,
611 842 753 898 quos
817 827 1060 895 Scaliger
1106 828 1162 881 in
1218 843 1272 883 ix
1317 828 1434 880 vult
1484 836 1704 883 vocatas

117 919 370 989 ἁχαττας.
424 918 598 984 Quam
650 925 796 974 recte
842 919 1069 973 aliorum
1122 927 1243 975 esto
1286 919 1577 987 judicium.
1625 917 1700 974 Ex

118 1011 418 1066 Aristotele
465 1011 769 1082 Antigonus
820 1009 1102 1083 Carystius
1158 1013 1212 1066 in
1268 1009 1465 1065 Hirab.
1509 1028 1528 1066 :
1583 1012 1704 1065 Τῶν

117 1100 174 1156 δὲ
210 1103 428 1171 nam
458 1105 586 1166 τοὺς
621 1105 898 1174 ἁχαιῒνους
935 1105 1299 1175 καλουμένους
1339 1104 1513 1158 δοκεῖν
1541 1108 1598 1159 ὲν
1635 1108 1700 1176 τῇ

116 1194 306 1265 κίρκῳ
328 1193 426 1266 τὴν
447 1195 610 1267 χολὴν
642 1197 803 1267 ἔχειν.
841 1196 1073 1253 Dubium
1122 1206 1299 1252 tamen
1338 1212 1499 1252 omne
1543 1198 1703 1252 solvit
1752 1223 1758 1240 ρ

119 1287 265 1342 idem
316 1287 623 1357 Antigonus
651 1331 668 1354 ,
725 1290 889 1345 verba
957 1292 1274 1347 exscribens
1314 1292 1642 1346 -Aristotelis
1683 1309 1700 1348 :

120 1377 261 1450 Ἤδη
307 1379 367 1433 δὲ
397 1381 705 1451 ,διειλῆφθαι
757 1385 1006 1454 ἀχαιΐνην
1047 1384 1240 1452 ἔλαφον
1274 1381 1452 1436 κιττὸν
1479 1384 1703 1453 ἔχουσαν

116 1471 206 1523 tibi.
233 1471 345 1524 τῶν
371 1473 635 1546 κεράτων,
670 1475 744 1537 ὡς
775 1473 840 1528 ἂν
873 1475 1114 1546 ἐνύγρων
1145 1475 1334 1529 ὄντων.
1362 1474 1540 1541 Quare
1569 1479 1704 1530 scri-

117 1562 357 1617 bendum
395 1567 666 1630 existimo,
694 1566 794 1636 ¹ἤδη
827 1567 883 1620 δὲ
923 1567 1176 1637 εἴληπται
1203 1568 1452 1638 ἀχαιῖνης
1484 1567 1700 1636 ἔλαφος,

115 1661 170 1708 et
199 1658 560 1726 reddendum,
586 1660 713 1714 Jam
735 1678 854 1714 vero
883 1671 1068 1728 captus
1090 1670 1167 1714 est
1211 1662 1468 1716 achaines
1501 1679 1699 1715 cerrus.

185 1751 348 1816 lbid.,
377 1753 472 1806 lin.
503 1753 587 1807 i9.
623 1753 778 1821 Πρὸς
822 1753 891 1806 δὲ
931 1753 1004 1806 τὰ
1052 1751 1338 1821 δήγματα.
1385 1753 1702 1808 Aristoteles

117 1843 308 1898 eodem
344 1844 466 1898 loco
498 1862 509 1897 :
543 1841 693 1897 Cervi
727 1845 889 1898 marsi
925 1845 1001 1898 vel
1033 1861 1065 1896 a
1100 1844 1380 1913 phalangio
1422 1844 1498 1896 vel
1522 1861 1554 1896 a
1581 1861 1702 1911 quo-

1805 637 1924 690 chre
1957 654 1988 690 a
2020 636 2273 691 ueteribus
2304 635 2498 688 dieitur
2527 636 2657 696 illis,
2683 638 2770 702 qui
2803 651 3020 688 causam
3049 651 3143 687 cur
3175 634 3377 685 diutius

1805 731 2026 793 vivatur,
2063 729 2200 799 fellis
2244 729 2557 783 vacuitatem
2603 744 2713 782 esse
2757 729 2926 793 aiunt,
2971 737 3278 798 argumento
3317 741 3383 778 ex

1805 820 2094 886 solipedum
2136 833 2507 887 cervorumque
2554 832 2734 885 genere
2766 817 2990 870 deducto
3033 831 3051 870 :
3092 816 3202 870 ha-c
3243 817 3381 869 enim

1802 923 1850 966 et
1898 912 2017 980 felle
2054 921 2263 972 uacant,
2311 921 2360 964 et
2407 911 2496 962 diu
2540 911 2731 964 uiuunt.
2780 909 2988 964 Plinius
3022 911 3117 965 lib.
3152 923 3226 970 ιι.
3257 922 3378 978 cap.

1804 1007 1893 1071 37,
1924 1005 2067 1074 quod
2098 1005 2165 1061 de
2188 1005 2434 1059 Acbaino
2463 1003 2581 1058 solo
2613 1003 2929 1058 Aristotcles
2969 1026 2979 1057 :
3021 1004 3138 1073 ipse
3166 1004 3233 1057 de
3262 1016 3383 1056 om-

1804 1095 1969 1148 nibus
2002 1095 2203 1148 tradit:
2233 1095 2368 1149 Sunt
2423 1095 2513 1164 qui
2559 1109 2689 1163 equo
2719 1111 2820 1147 non
2849 1093 3056 1163 quidem
3103 1094 3156 1146 in
3204 1093 3381 1162 jecore

1801 1204 1934 1252 esse,
1973 1188 2070 1241 sed
2107 1189 2161 1240 in
2193 1189 2307 1243 alvo
2341 1199 2545 1258 putent,
2575 1201 2624 1244 et
2655 1206 2800 1244 cervo
2837 1191 2890 1242 in
2925 1187 3096 1240 cauda
3126 1195 3216 1238 aut
3248 1187 3382 1238 inte-

1803 1283 1982 1337 stinis.
2017 1282 2226 1336 Plinius
2267 1285 2490 1349 ibidem,
2539 1285 2797 1339 intestina
2842 1295 3128 1338 cervorum
3168 1283 3377 1332 tantam

1804 1376 2005 1430 habere
2036 1376 2200 1430 tradit
2228 1378 2672 1440 amaritudinem,
2708 1386 2764 1431 ut
2814 1391 2843 1428 a
2877 1375 3108 1427 canibus
3156 1385 3263 1425 non
3299 1377 3379 1422 at-

1804 1466 2105 1534 tingantur.
2143 1466 2465 1521 AristOteles
2490 1509 2504 1532 ,
2543 1468 2618 1520 De
2661 1468 2784 1521 hist.
2837 1466 2998 1519 anim.
3033 1464 3124 1516 lib.
3168 1477 3228 1528 ιι,
3253 1473 3375 1530 cap.

1808 1555 1894 1620 l5,
1939 1571 2002 1611 ea
2057 1558 2268 1618 scribit,
2301 1571 2330 1610 a
2361 1558 2592 1611 canibus
2642 1572 2752 1611 non
2798 1555 3014 1625 attingi,
3046 1553 3152 1608 nisi
3182 1566 3380 1606 cervus

1803 1648 2134 1718 praepinguis
2185 1649 2279 1703 sit.
2316 1649 2534 1704 Falsum
2570 1649 2622 1703 id
2676 1663 2797 1703 esse
2827 1646 3178 1716 experientia,
3205 1651 3260 1698 et
3289 1659 3381 1696 ve-

1804 1750 2022 1795 natores
2058 1741 2275 1805 docent,
2309 1742 2400 1810 qui
2447 1749 2606 1811 capto
2636 1756 2796 1795 cervo
2832 1742 2887 1792 in
2925 1753 3128 1792 morem
3180 1735 3380 1789 habent

1803 1830 1922 1898 ejus
1948 1831 2270 1889 visceribus.
2298 1833 2595 1894 intestinis,
2618 1841 2671 1886 et
2695 1832 2962 1901 sanguine
2984 1843 3148 1883 canes
3172 1827 3375 1881 cibare.

117 1934 192 1988 eis
223 1935 430 2002 generis
462 1934 714 2000 ejusdem,
742 1950 961 1988 cancros
988 1903 1169 1987 edunt.
1200 1903 1353 1998 Quod
1377 1935 1513 1987 idem
1536 1903 1697 1987 etiam
1735 1903 1776 1958 Β
1805 1922 2158 1984 Aristoteles,
2214 1923 2290 1977 De
2331 1925 2456 1977 hist.
2516 1926 2681 1978 anim.
2737 1924 2832 1980 lib.
2887 1934 2959 1985 tv,
3006 1936 3124 1990 cap.
3160 1922 3376 1980 ultimo,

118 2021 320 2077 homini
371 2024 617 2092 prodesse
663 2033 924 2092 putatur;
968 2025 1059 2079 sed
1112 2042 1214 2078 non
1266 2036 1408 2078 caret
1455 2024 1695 2092 fastidio.

117 2113 470 2183 Plutarchus,
499 2118 535 2172 l.
579 2119 804 2188 Πότερα
827 2117 946 2172 τῶν
966 2117 1140 2185 ζώων,
1179 2118 1450 2174 Nicander
1479 2119 1531 2173 in
1567 2118 1699 2172 The-

117 2207 301 2274 riacis,
331 2206 611 2279 Oppianus
645 2213 866 2279 Κυνητ.
899 2224 936 2264 ιι
969 2229 984 2266 :

116 2320 314 2392 ᾼρτὰρ
347 2318 402 2383 ὃ,
433 2319 738 2392 τινὼσκῳν
765 2323 969 2375 θεόθεν
1000 2323 1179 2389 τόπερ
1220 2321 1443 2392 ἔλλαχε
1486 2320 1695 2390 δῶρον,

119 2388 322 2460 "circa
346 2393 633 2460 μαστεύει
661 2390 955 2459 δνοφερὸν
982 2388 1263 2460 ποταμοῖο
1282 2388 1546 2459 ρέἑθρον.

117 2459 323 2531 Κεῖθεν
351 2459 708 2531 καρκινάόας
739 2461 808 2512 δὲ
835 2463 1040 2529 φίλαις
1067 2459 1347 2531 ferream
1379 2462 1698 2530 δαμάσσας

120 2529 437 2599 Φάρμακον
465 2530 893 2584 αὐτοδίδακτον
918 2531 1042 2600 ἔχει
1073 2529 1501 2602 πολυπήμονος
1528 2535 1694 2602 ἄτης.

119 2659 445 2714 Adnotanda
488 2658 739 2715 videntur
775 2663 1037 2716 nonnulla
1066 2662 1132 2716 de
1163 2666 1364 2729 cervis,
1403 2667 1457 2720 in
1491 2667 1695 2736 quibus

120 2760 372 2806 auctores
419 2751 703 2806 dissident.
762 2753 1086 2811 Aristoteles
1143 2757 1238 2810 lib.
1307 2772 1407 2811 vm
1485 2757 1690 2813 Ilistor.

121 2844 316 2911 enim,
344 2857 466 2916 cap.
497 2844 598 2914 28;
642 2843 860 2911 Strabo,
894 2845 1126 2911 Plinius,
1162 2847 1388 2915 Seneca,
1416 2849 1692 2916 Lucanus,

122 2937 448 3007 Antigonus,
491 2937 799 2993 Herodotus
833 2938 1166 3008 Melpomene
1197 2957 1306 2994 uno
1335 2957 1429 2996 ore
1460 2942 1695 2997 fatentur

121 3031 173 3082 in
220 3028 387 3101 Libya
425 3045 601 3098 neque
644 3045 865 3083 cervum
908 3047 1083 3102 neque
1119 3047 1310 3101 aprum
1352 3034 1521 3087 ullum
1547 3049 1690 3091 esse.

119 3117 401 3190 Oppianus
431 3121 630 3175 Africa:
666 3122 882 3187 tribuit,
915 3123 1009 3176 lib.
1059 3139 1095 3176 ιι
1142 3127 1366 3194 Κυνητ.
1391 3123 1695 3182 Commune

123 3213 174 3266 id
208 3214 399 3268 habuit
437 3227 563 3267 cum
594 3211 844 3284 Virgilio.
885 3213 976 3283 qui
1010 3215 1103 3268 lib.
1133 3231 1148 3268 ι
1175 3224 1228 3270 et
1260 3233 1331 3280 tv,
1371 3216 1598 3272 Eneam
1635 3219 1688 3272 in

122 3306 300 3362 littore
331 3306 531 3360 Africa:
565 3322 754 3362 cervos
786 3308 1103 3377 agitantem,
1128 3317 1181 3363 et
1210 3310 1564 3380 conligentem
1603 3309 1686 3364 fa-

121 3394 216 3459 cit,
247 3403 301 3450 et
331 3410 454 3450 cum
481 3395 814 3450 Philostrato
845 3399 1126 3451 Albericus
1159 3401 1396 3468 gentilis,
1425 3401 1518 3455 lib.
1573 3399 1691 3453 γέν·-

120 3487 212 3555 git.
236 3487 379 3548 lect.,
421 3503 474 3542 c.
518 3487 572 3553 8,
606 3490 881 3542 existimat
909 3487 1192 3558 Virgilium
1236 3505 1359 3543 cum
1393 3506 1586 3546 cervos
1633 3494 1690 3545 in

121 3578 298 3632 Africa
339 3580 545 3649 posuit,
586 3588 832 3633 secutum
868 3595 989 3635 esse
1037 3579 1299 3634 Timaeum
1339 3583 1687 3646 historicum,

121 3670 275 3739 cujus
330 3671 475 3725 baud
523 3670 813 3726 mediocris
860 3673 1154 3727 auctoritas
1183 3683 1288 3728 est.
1336 3673 1401 3726 Et
1434 3672 1691 3729 Brodzeus

121 3762 306 3827 tradit,
340 3765 435 3818 lib.
473 3763 767 3817 Miscctlan.
802 3778 922 3828 vm,
951 3781 1070 3835 cap.
1108 3768 1192 3832 l3,
1223 3765 1385 3821 Italos
1413 3782 1441 3820 a
1481 3784 1539 3823 se
1566 3765 1692 3821 Gal-

124 3857 312 3927 iosque
356 3857 449 3927 qui
487 3857 716 3911 fuissent
762 3858 817 3910 in
854 3857 1038 3910 Africa
1081 3859 1436 3912 barbarorum
1471 3861 1689 3929 captivi,

122 3964 184 4003 ea
212 3950 279 4004 de
310 3965 370 4004 re
391 3951 754 4019 interrogatos
782 3961 926 4013 esse,
951 3965 1013 4002 ac
1047 3944 1414 4019 respondisse,
1436 3952 1488 4004 in
1506 3952 1690 4005 Africa

122 4054 310 4095 cervos
340 4057 399 4096 se
428 4041 633 4095 vidisse
667 4043 983 4110 permultos.
1017 4040 1248 4108 Quidam
1288 4043 1452 4096 etiam
1498 4059 1563 4098 ex
1601 4061 1696 4099 ve-

123 4131 404 4184 natoribus
438 4132 513 4184 ita
550 4130 833 4202 Virgilium
861 4131 1151 4188 defendere
1181 4135 1281 4188 visi
1309 4143 1466 4201 sunt;
1500 4151 1692 4206 nempe

120 4219 268 4274 illum
315 4222 555 4275 locutum
606 4222 774 4278 fuisse
814 4239 908 4294 per
953 4225 1418 4294 anticipationem,
1463 4227 1688 4297 figuram

121 4311 293 4381 poetis
331 4312 680 4370 familiarem.
716 4317 913 4370 Dicunt
957 4318 1121 4379 enim,
1160 4331 1349 4371 eorum
1375 4319 1466 4388 qui
1504 4320 1554 4372 id
1595 4337 1692 4374 ne-

119 4413 316 4471 garunt
343 4418 461 4457 avo
499 4419 690 4462 cervos
732 4409 912 4464 nullos
951 4409 1004 4462 in
1037 4408 1218 4462 Africa
1257 4409 1448 4476 fuisse,
1481 4409 1693 4482 Virgilii

120 4501 297 4548 autem
329 4504 488 4549 aetate
524 4496 633 4566 jam
663 4498 882 4555 aliunde
914 4501 1168 4556 advectos
1195 4502 1494 4567 exstitisse,
1531 4505 1694 4558 adeo-

1803 2011 2016 2068 Gene'is
2045 2017 2236 2069 ceruini
2262 2016 2460 2083 femina
2483 2033 2738 2070 cornuum
2767 2018 2935 2082 inops,
2966 2014 3254 2083 :nutilaque
3277 2016 3376 2073 est,

1799 2113 1854 2160 et
1893 2106 1964 2159 De
1992 2117 2132 2175 part.
2167 2109 2331 2162 anim.
2361 2109 2455 2162 lib.
2491 2124 2572 2168 ut,
2599 2124 2719 2177 cap.
2753 2108 2800 2170 l,
2827 2108 3160 2175 Quapropter
3186 2106 3238 2158 in
3265 2121 3378 2157 cer-

1800 2214 1979 2252 uorum
2018 2216 2218 2269 genere,
2248 2217 2367 2253 cum
2392 2199 2622 2252 maribus
2660 2216 2860 2254 cornua
2894 2201 3024 2262 sint,
3044 2199 3251 2266 feminis
3286 2196 3380 2249 de-

1798 2301 1955 2352 sunt;
1987 2305 2039 2346 et
2087 2293 2250 2361 liujus
2303 2293 2355 2347 in
2385 2294 2572 2347 eodem
2624 2294 2800 2361 capite
2848 2293 3111 2345 rationem
3168 2289 3373 2344 subdit.

1798 2383 1987 2451 Pollux
2023 2384 2300 2441 Onomast.
2339 2389 2433 2441 lib.
2468 2404 2520 2452 v,
2560 2388 2669 2439 τῶν
2711 2387 2924 2454 ἐλάφων
2963 2385 3177 2454 ἄκερως
3206 2385 3238 2444 ὴ
3269 2375 3378 2433 Θεία

1797 2475 1932 2529 λεια·
1978 2479 2005 2530 ὁ
2038 2477 2084 2529 δ’
2131 2479 2305 2550 apem
2344 2479 2659 2550 κεροφὸρος,
2709 2479 2742 2548 ἢ
2787 2479 3078 2547 κεράστης.
3137 2475 3242 2527 Alii
3293 2474 3375 2526 fe-

1799 2568 1964 2622 minis
2018 2583 2223 2623 cornua
2287 2570 2601 2624 tribuerunt
2652 2588 2663 2621 :
2717 2568 2986 2621 Pindarus
3047 2567 3254 2636 Olymp.
3317 2565 3372 2626 3,

1797 2659 2141 2730 χρυσόκερων
2171 2659 2366 2728 ἔλαφον
2413 2659 2647 2731 θήλειαν.
2684 2659 3048 2713 Callimachus
3090 2658 3275 2728 liymn.
3319 2657 3375 2709 in

1797 2749 2022 2805 Dianam
2048 2767 2172 2805 cum
2210 2751 2278 2807 de
2310 2753 2491 2807 cervis
2527 2752 2742 2807 feminis
2781 2753 3116 2821 loqueretur,
3141 2745 3377 2820 κεραίων

1795 2841 1839 2896 δ’
1868 2843 2223 2915 ἀπελάμπετο
2245 2843 2466 2916 χρυσός.
2492 2844 2594 2901 Ubi
2629 2845 2961 2899 Sclioliastes
2987 2845 3088 2898 hoc
3117 2851 3374 2912 tanquam

1797 2949 1994 2986 novum
2037 2943 2225 3001 notat,
2290 2937 2612 3008 σημείωσαι,
2669 2937 2867 3005 inquit,
2914 2937 2995 2988 ὅτι
3029 2934 3126 2998 τὰς
3158 2935 3376 3002 (inlatae

1796 3020 2026 3091 ἐλάφους
2053 3025 2452 3098 κερατοφόρους
2478 3022 2619 3080 εἶπε.
2663 3025 2802 3091 Quid
2855 3027 2942 3079 hic
2978 3027 3293 3104 adnotarent
3319 3024 3374 3077 in

1797 3123 1946 3168 tanta
1982 3131 2167 3170 rerum
2205 3118 2460 3172 inscitia?
2500 3117 2755 3173 Solemne
2780 3118 2882 3172 hoc
2916 3117 3015 3170 fuit
3041 3105 3376 3188 poctisicon-

1794 3210 1976 3262 traria!
2024 3213 2309 3265 sententia:
2358 3213 2746 3276 assertoribus,
2795 3227 3030 3281 quorum
3083 3213 3376 3265 nonnullos

1792 3302 2099 3371 aggregavit
2119 3301 2389 3369 Albanus,
2417 3302 2492 3357 De
2520 3305 2644 3357 hist.
2678 3305 2841 3358 anim.
2874 3304 2965 3358 lib.
2995 3315 3092 3365 VII,
3123 3319 3244 3374 cap.
3280 3304 3372 3366 Ξῖ),

1793 3387 2117 3458 SOphoclem
2149 3392 2358 3446 scilicet
2399 3393 2452 3445 in
2497 3393 2753 3455 Aloadis;
2783 3392 3095 3462 Euripidem
3144 3397 3196 3447 in
3227 3394 3374 3461 Iphi-

1791 3482 1942 3550 genia
1971 3489 2025 3536 et
2061 3483 2354 3539 Temenidis
2374 3501 2392 3548 ;
2410 3483 2730 3548 Pindarum,
2749 3487 3180 3552 Anacreontem;
3207 3485 3374 3540 ctJu-

1795 3573 1902 3628 lius
1951 3572 2214 3644 Scaliger,
2265 3575 2359 3629 lib.
2403 3590 2487 3640 ιιι,
2534 3575 2712 3641 Poet.,
2763 3592 2886 3646 cap.
2926 3579 2979 3641 4,
3032 3579 3226 3633 scribit
3272 3595 3372 3634 sua

1791 3671 1949 3719 tetate
1982 3664 2035 3717 in
2080 3662 2254 3719 Gallia
2284 3673 2497 3736 captam
2535 3667 2706 3722 fuisse
2745 3684 2962 3723 cervam
3011 3670 3364 3740 cornigeram

1792 3765 1846 3810 et
1890 3757 2009 3826 ejus
2041 3757 2204 3812 etiam
2237 3771 2401 3828 caput
2429 3763 2656 3814 servari.
2689 3759 2929 3816 Joannes
2955 3761 3214 3833 Langius,
3245 3748 3372 3833 Epio

1792 3849 1914 3903 stol.
1943 3850 2371 3920 medicinal.,ep.
2407 3851 2495 3914 70,
2525 3852 2618 3905 lib.
2645 3867 2684 3915 t,
2703 3852 2970 3908 referente
2996 3853 3230 3908 Henrico
3253 3853 3374 3908 Sal-

1793 3941 2024 4004 mutbio,
2073 3942 2467 3996 commentario
2511 3944 2562 3995 in
2600 3944 2857 3998 ﬁnitionis
2912 3944 3186 3999 Panciroti
3235 3961 3369 4001 nova

1794 4044 1980 4101 reperi.
2010 4036 2094 4090 tit.
2138 4035 2225 4098 l0,
2251 4035 2316 4091 de
2342 4037 2659 4106 horologiis,
2686 4040 2934 4094 scribunt
2965 4041 3018 4094 in
3045 4050 3198 4095 utero
3222 4046 3371 4097 cervi

1794 4126 2087 4196 cornigeri,
2121 4143 2284 4196 quam
2317 4127 2483 4183 Ottbo
2529 4127 2813 4195 Henricus,
2863 4146 3046 4187 comes
3088 4133 3372 4190 Palatinus

1794 4233 1962 4289 prope
2025 4217 2336 4290 Odewangh
2401 4232 2639 4290 ceperat,
2695 4233 2966 4293 repertum
3006 4223 3199 4290 fuisse,
3243 4226 3373 4283 dum

1794 4312 2190 4366 evisceraretur
2208 4313 2493 4366 liinnulum
2514 4315 2906 4370 membranulis
2919 4318 3370 4389 circumseptum,

1795 4408 1848 4454 et
1869 4401 2087 4470 quidem
2113 4416 2306 4458 cervos
2341 4402 2608 4473 quosdam
2645 4421 2811 4461 sexus
2839 4418 3092 4464 naturam
3133 4415 3370 4476 variare,

1798 4492 1923 4546 inde
1947 4494 2174 4564 colligit,
2211 4497 2355 4564 quod
2383 4497 2730 4553 observatum
2751 4501 3025 4556 sitcervas
3045 4503 3373 4573 quandoque

121 4599 224 4653 que
249 4597 463 4655 poetam
504 4602 568 4642 ea
600 4591 677 4642 uti
713 4592 952 4646 voluisse
980 4595 1171 4662 ﬁgura,
1202 4608 1322 4661 qua
1353 4591 1541 4648 Graec
1563 4594 1693 4648 dici.
1727 4607 1771 4664 ο
1797 4599 2026 4647 cornua,
2057 4601 2175 4655 qua:
2205 4589 2382 4641 virilia
2431 4603 2714 4644 cervorum
2747 4608 2894 4646 arma
2940 4604 3087 4655 sunt,
3133 4605 3370 4665 gestare.

120 4683 210 4732 tur
245 4678 535 4749 πρόληψις.
571 4678 725 4746 Quod
759 4683 1111 4753 probabiliter
1133 4684 1240 4738 dici
1280 4683 1553 4738 videbitur
1573 4683 1699 4738 Car-

121 4770 333 4838 patbios
377 4771 606 4840 lepores.
635 4787 847 4826 necnon
877 4783 930 4828 et
957 4773 1171 4829 Siculos
1194 4775 1692 4838 considerantibus,

119 4861 207 4928 qui
239 4874 366 4914 cum
397 4874 508 4914 non
533 4866 719 4916 essent
749 4863 1040 4932 importati,
1058 4865 1124 4919 ad
1150 4864 1428 4920 fastidium
1451 4881 1625 4935 usque
1641 4874 1697 4919 et

120 4965 312 5005 noxam
347 4953 713 5006 increverunt.
745 4952 905 5008 Levis
933 4965 1116 5010 tamen
1149 4966 1234 5012 est
1263 4958 1356 5010 illa
1397 4957 1694 5012 vindicatio

120 5041 163 5093 si
206 5058 394 5097 verum
436 5043 591 5097 fateri
647 5044 919 5100 volumus.
970 5047 1105 5101 Cum
1167 5047 1397 5110 Plinius,
1459 5046 1691 5113 Seneca,

120 5128 334 5200 Strabo,
371 5133 651 5196 Lucanus,
682 5134 1004 5206 Antigonus,
1039 5137 1336 5209 Virgiliano
1361 5153 1475 5194 aevo
1508 5154 1690 5210 pares,

123 5233 182 5279 ut
221 5226 294 5281 ita
338 5228 540 5292 dicam,
579 5230 662 5283 vel
705 5229 1011 5297 inferiores,
1047 5231 1100 5285 id
1144 5248 1252 5286 non
1296 5232 1692 5287 animadverte-

124 5327 266 5384 runt,
296 5321 389 5391 qni
419 5336 610 5376 omnes
637 5321 958 5384 oscitantur,
993 5332 1051 5376 ut
1087 5341 1229 5379 unus
1261 5323 1518 5394 Virgilius
1542 5325 1691 5392 judi-

122 5416 288 5472 cetur,
311 5411 672 5480 redarguendi
695 5417 844 5464 sunt.
863 5411 978 5464 Alia
997 5414 1161 5482 igitur
1183 5413 1480 5468 vindicatio
1502 5422 1689 5482 peten-

121 5498 206 5561 da,
239 5502 516 5557 Aristotel.
551 5502 645 5556 lib.
677 5517 738 5564 ιι,
775 5516 899 5571 cap.
935 5501 1023 5566 15,
1057 5513 1216 5575 negat
1248 5505 1314 5559 fel
1343 5506 1396 5558 in
1428 5520 1590 5558 cervo
1633 5512 1688 5559 et

121 5589 294 5659 damn,
323 5596 468 5651 sicut
496 5604 551 5651 et
582 5595 705 5648 aliis
733 5594 1059 5664 quibusdam
1089 5597 1437 5659 animalibus,
1469 5605 1523 5651 et
1553 5597 1685 5650 sub-

123 5680 198 5736 dit
223 5702 235 5738 :
265 5685 456 5743 Cervis
485 5687 744 5742 Achainis
771 5688 1096 5756 cognomine
1122 5689 1389 5744 contineri
1429 5690 1481 5742 in
1512 5689 1684 5743 cauda

126 5776 382 5844 creditur;
421 5787 478 5836 et
536 5780 629 5838 lib.
677 5795 753 5844 iv,
802 5777 880 5833 De
925 5789 1067 5849 part.
1104 5781 1355 5846 animat.,
1404 5781 1572 5851 capit.
1621 5783 1679 5846 2,

1798 4674 1957 4740 Quali
1993 4678 2237 4730 marcbio
2267 4679 2488 4747 quidam
2523 4681 2784 4737 Badensis
2822 4692 2979 4752 capta
3009 4684 3129 4753 ejus
3168 4701 3373 4740 cornua

1799 4765 1910 4836 regi
1945 4764 2222 4822 Gallorum
2267 4770 2412 4824 dono
2449 4772 2692 4834 miserat,
2732 4788 2852 4842 quae
2883 4773 3105 4839 Ambasi
3136 4774 3191 4829 in
3224 4776 3373 4845 regio

1799 4857 1958 4910 horto
1998 4860 2410 4928 propejanunm
2447 4862 2763 4917 interiorem
2801 4866 2992 4934 parieti
3024 4865 3208 4928 affixa,
3243 4868 3376 4922 sub-

1798 4950 2020 5018 scriptis
2059 4951 2114 5004 in
2152 4953 2350 5006 tabella
2388 4954 2646 5018 testibus,
2674 4956 2767 5023 qui
2800 4957 3076 5011 venationi
3110 4958 3373 5012 interfue-

1797 5049 1946 5104 rant,
1978 5042 2279 5096 etiamnum
2303 5046 2472 5098 cerni.
2504 5045 2681 5111 Quare
2707 5043 3045 5102 Salmuthius
3069 5048 3276 5120 colligit
3307 5061 3374 5103 ex

1796 5133 1886 5186 illa
1933 5147 2199 5188 cornuum
2258 5137 2561 5205 gestatione
2611 5153 2776 5192 sexus
2833 5141 3186 5193 mutationem
3237 5140 3374 5195 satis

1795 5241 1905 5280 non
1937 5227 2177 5295 probari.
2207 5228 2549 5293 Aristoteles,
2587 5231 2680 5284 lib.
2720 5246 2792 5296 Ix,
2830 5232 2997 5302 capit.
3032 5232 3244 5296 ultimo,
3275 5234 3373 5294 ait,

1793 5319 1989 5381 cervis,
2032 5319 2077 5373 si
2107 5319 2324 5388 quidem
2353 5319 2592 5373 nondum
2649 5323 2864 5375 cornuti
2908 5323 3209 5387 evirentur,
3264 5337 3375 5376 non

1792 5425 2041 5465 crescere
2075 5426 2315 5476 cornua;
2353 5413 2437 5466 sin
2485 5420 2667 5465 autem
2706 5411 2817 5480 jam
2851 5414 3068 5468 cornuti
3118 5426 3375 5467 exsecen-

1790 5514 1899 5561 tur.
1956 5518 2178 5559 manere
2230 5503 2320 5556 illa
2378 5518 2598 5573 semper
2650 5503 2900 5572 ejusdem
2959 5503 3373 5574 magnitudinis.

1789 5595 1939 5650 Cervi
1972 5597 2018 5649 si
2049 5608 2168 5648 cum
2225 5611 2318 5664 per
2367 5607 2579 5650 (etatem
2632 5597 2866 5650 nondum
2914 5614 3114 5651 cornua
3166 5607 3377 5666 gerunt,

1790 5699 2115 5751 castrentur,
2141 5705 2246 5742 non
2265 5689 2426 5743 edunt
2457 5706 2660 5744 cornua
2689 5705 2707 5744 :
2734 5692 2824 5744 sed
2864 5692 2910 5744 si
2948 5691 3206 5760 cornigeri
3237 5691 3381 5744 caci-ﬁ

1784 5783 1984 5835 duntur
2023 5796 2128 5834 non
2157 5779 2404 5834 decidunt
2443 5797 2665 5847 cornua,
2707 5791 2756 5835 et
2797 5782 3162 5851 magnitudine
3191 5779 3378 5835 eadem

130 5864 370 5935 Mm
399 5873 522 5944 folle
551 5873 762 5929 omnino
807 5883 1006 5938 carent,
1039 5881 1097 5926 ut
1122 5889 1306 5943 equus,
1341 5873 1536 5938 mulus,
1571 5875 1680 5930 σει·
1785 5881 2087 5930 servantur.
2121 5869 2363 5940 Plinius,
2401 5869 2522 5927 Non
2563 5871 2809 5927 decidunt
2868 5872 3120 5927 castratis
3156 5885 3377 5932 cornua.
