4042 6338
667 421 777 477 ’διδ

2037 407 2284 464 LEOle
2324 405 2598 463 ALLATll

3834 397 3938 455 ιω

670 549 761 587 nec
791 542 1094 585 nascuntur.
1123 529 1268 584 Idem
1291 527 1532 582 sentiunt
1579 523 1800 580 Solinus
1824 531 1877 578 et
1900 520 2235 592 Porphyrius
2267 530 2306 583 Α
2336 520 2564 576 deantur
2590 517 2899 573 convenire.
2933 514 3024 571 Sic
3051 514 3212 570 etiam
3244 514 3547 586 Xenophon
3579 514 3642 568 in
3673 515 3932 583 Rus-sns—

671 625 807 690 Περὶ
833 623 1064 692 ἀπογῆς
1093 617 1693 689 ἐμψόγων.,ορρὶιιιιιε
1723 627 1902 670 tamen
1925 616 2143 672 Κιννητ.
2173 627 2233 677 ιι,

670 718 1005 768 contrarium
1034 713 1232 767 cecinit
1271 729 1281 764 :

671 830 962 882 Κεύθουσι
998 827 1325 895 ,κανόνεσσι
1353 823 1403 876 δ’
1447 823 1546 877 ὑπ’
1581 820 1771 895 αὐτὴν
1802 818 1998 895 ἕνδορι
2027 814 2237 895 ,νηδὺν

682 886 1350 967 Ἀμφιδύμσυςρλιοὺς,
1389 895 1531 967 τοὺς
1573 894 1622 944 ei
1797 905 1885 967 τις
1921 886 2234 967 dynastas-3

669 956 891 1021 Αὗτῗκα
927 956 1130 1031 ὒῆλὶθν
1163 956 1362 1032 ἔθηκε,
1390 964 1628 1031 πρόπαν
1653 960 1706 1013 δ’
1736 956 2237 1097 ἀπέρευσῖκαρή-

1687 1043 1690 1046 ’
2047 1042 2168 1079 νων

1687 1043 1690 1046 ’
2025 1042 2168 1079 trior

679 1106 999 1178 Ὁξύκομω·
1039 1105 1262 1174 κεράων
1295 1099 1745 1156 πολυδαίδαλον
1794 1099 2004 1152 αιόλον
2034 1097 2228 1164 ἔρνος.

736 1218 893 1284 lbid.,
929 1218 1022 1272 lin.
1052 1216 1142 1270 2|.
1179 1215 1238 1267 Ἠ
1262 1212 1329 1266 δὲ
1351 1211 1448 1275 αἲξ
1476 1211 1513 1277 ἠ
1538 1208 1730 1276 ἀγρία.
1750 1207 2071 1261 Aristoteles
2100 1206 2234 1272 Περὶ

665 1311 1008 1384 θαυμασίων
1042 1303 1439 1374 ἀκουσμάτων
1465 1310 1519 1356 ει
1553 1302 1647 1354 lib.
1687 1299 1762 1354 De
1792 1300 1915 1353 hist.
1936 1301 2123 1361 anim.,
2157 1315 2231 1360 ιι,

664 1420 784 1474 cap.
814 1404 882 1468 6;
912 1401 1233 1471 Antigonus,
1265 1396 1494 1458 Plinius,
1531 1394 1622 1447 lib.
1653 1407 1779 1453 xxv,
1807 1406 1927 1462 cap.
1963 1391 2030 1444 8:
2053 1388 2235 1443 Dicta.

663 1513 805 1549 nium
829 1494 1118 1556 ostendere,
1143 1501 1199 1545 ut
1223 1489 1564 1543 indicavimus
1587 1484 1874 1537 uulnerata!
1902 1491 2090 1550 pastis,
2121 1491 2206 1534 sta
2222 1509 2235 1520 -

664 1593 756 1643 tim
786 1587 1142 1643 decidentibus
1184 1578 1714 1648 tclis.‘Theophrast.
1772 1574 1845 1629 De
1885 1575 2010 1628 hist.
2059 1574 2226 1641 plant.

663 1684 755 1737 lib.
787 1697 862 1744 Ix,
894 1695 1014 1749 cap.
1056 1678 1143 1740 16,
1185 1672 1402 1743 Ἀληοὲς
1427 1671 1482 1723 δέ
1513 1687 1675 1739 φασιν
1714 1663 1849 1720 εἶναι
1880 1668 1973 1720 καὶ
2003 1666 2064 1718 τὸ
2105 1668 2233 1736 περὶ

661 1774 767 1825 τῶν
807 1768 997 1839 βελῶν,
1044 1769 1123 1819 ὅτι
1159 1762 1458 1832 φαγούσας,
1499 1760 1626 1810 ὅταν
1658 1753 1998 1818 τοξευθῶσιν,
2043 1751 2233 1805 ἐκϐάλ-

661 1865 791 1918 λειν.
825 1860 1101 1931 Virgilius,
1135 1857 1226 1910 lib.
1264 1869 1337 1906 xtl
1371 1850 1586 1903 Ᾰίηεὶά.

733 1954 890 2017 lbid.,
920 1953 1012 2005 lin.
1053 1949 1144 2003 22.
1180 1948 1249 2000 Τὸ
1288 1946 1663 2000 καλούμενον
1699 1940 2008 2008 δίκταμον.
2042 1936 2231 1990 Δικτον

661 2033 873 2104 vocavit
913 2044 1203 2099 Nicander.
1248 2040 1421 2094 Creta:
1469 2025 1750 2108 preprium
1798 2041 1912 2096 est,
1961 2047 2061 2087 nec
2103 2031 2232 2084 alibi

660 2143 926 2204 nascitur,
973 2147 1026 2194 et
1062 2139 1136 2192 ibi
1177 2151 1283 2190 non
1317 2135 1573 2211 spatiose.
1613 2131 1691 2183 Ad
1731 2129 1886 2198 plura
1927 2126 2232 2181 conducere

660 2234 827 2288 tradit
861 2228 1274 2299 Theophrastus
1321 2223 1396 2276 De
1430 2224 1550 2275 hist.
1597 2221 1767 2288 plant.
1811 2219 1903 2272 lib.
1947 2234 2074 2281 xxv,
2106 2232 2228 2282 cap.

657 2329 712 2389 8,
742 2326 972 2394 ejusque
1001 2331 1113 2374 tres
1142 2317 1350 2387 species
1383 2315 1520 2368 inter
1559 2329 1616 2367 se
1654 2312 1945 2365 distinctas
1974 2309 2122 2363 facit.
2153 2307 2230 2361 Ex

654 2432 765 2486 quo
794 2430 891 2470 sua
923 2412 1109 2466 habuit
1139 2409 1368 2463 Plinius:
1400 2406 1806 2474 Theophrastus
1835 2403 1998 2465 enim,
2041 2399 2229 2471 Χρῶν-

653 2525 746 2560 ται
776 2507 832 2559 δὲ
864 2509 972 2568 τοῖς
1000 2502 1236 2573 φύλλοις,
1261 2500 1320 2551 οὐ
1349 2502 1460 2560 τοῖς
1495 2498 1712 2554 κλωσὶν,
1740 2494 1860 2546 οὐδὲ
1893 2492 1971 2562 τῷ
2013 2491 2225 2562 καρπῷ,

655 2599 708 2654 id
739 2608 844 2664 est,
880 2612 1013 2652 usus
1062 2593 1336 2655 foliorum,
1373 2606 1481 2644 non
1529 2603 1826 2647 ramorum,
1873 2600 1972 2639 nec
2020 2584 2230 2637 fructus

654 2700 758 2746 est.
791 2689 996 2743 Plinius
1037 2688 1132 2750 ita,
1167 2683 1337 2740 Foliis
1377 2693 1578 2735 tantum
1622 2689 1861 2733 utuntur.
1894 2675 2022 2732 Flos
2053 2677 2228 2730 nullus

654 2786 723 2850 ei,
749 2792 839 2836 aut
869 2797 1061 2843 semen,
1089 2777 1390 2831 autcaulis.
1425 2776 1480 2828 Si
1515 2774 1754 2826 dictamo
1787 2785 1894 2824 non
1920 2778 2005 2825 est
2054 2783 2227 2838 neque

654 2876 851 2937 caulis,
893 2889 1066 2942 neque
1108 2885 1314 2930 semen,
1351 2882 1478 2937 ergo
1517 2866 1597 2920 vel
1639 2864 1791 2917 inviti
1835 2863 1979 2917 l'oliis
2023 2863 2100 2915 uti
2134 2861 2229 2916 de-

655 2969 801 3023 bent.
839 2967 905 3020 At
937 2971 1122 3034 utique
1159 2971 1211 3016 et
1243 2961 1418 3024 ﬂoret,
1451 2967 1504 3014 et
1544 2957 1780 3011 fructum
1820 2954 1976 3009 aﬂ‘ert
2015 2970 2082 3008 ex
2125 2954 2228 3008 hoc

655 3059 1020 3128 Theophrasti
1057 3061 1198 3115 loco,
1233 3061 1286 3109 et
1332 3049 1665 3106 Dioscoridis
1714 3055 1922 3102 tentata
1967 3044 2224 3109 lectione,

653 3153 775 3208 οὕτε
810 3152 987 3214 ἄνθος,
1026 3149 1147 3202 οὔτε
1190 3146 1399 3215 καρπὸς
1436 3143 1725 3213 συμφέρει,
1766 3148 1819 3194 ει
1865 3137 2080 3210 Virgilii
2127 3137 2222 3192 lib.

656 3263 732 3300 xu
760 3243 999 3306 Aineidq
1032 3257 1170 3296 vers.
1201 3239 1308 3293 412
1336 3259 1346 3291 :

797 3357 1135 3412 Dictamnum
1170 3349 1659 3424 gemtrixicreta’a’
1679 3348 1851 3417 carpit
1882 3349 1947 3400 ab
1982 3343 2087 3399 Ida

794 3428 1084 3482 I’uberibus
1116 3422 1317 3478 caulem
1347 3423 1513 3490 foliis,
1542 3433 1590 3474 et
1625 3422 1752 3488 flore
1787 3427 2080 3470 comantem

795 3500 1087 3565 Purpureo,
1119 3512 1221 3548 non
1251 3495 1346 3546 illa
1380 3494 1502 3561 feris
1540 3491 1803 3565 incognita
1839 3490 2013 3565 capris

795 3557 1081 3630 Gramina,
1097 3582 1213 3618 cum
1242 3557 1389 3632 tergo
1413 3565 1643 3616 volucres
1660 3557 1866 3614 'haesere
1884 3557 2113 3627 sagittis.

657 3679 797 3749 Ergo
828 3686 910 3733 est
944 3685 997 3732 et
1026 3675 1218 3741 caulis,
1256 3681 1310 3726 et
1339 3671 1457 3736 llos,
1485 3681 1536 3725 et
1561 3684 1768 3732 semen,
1806 3665 1970 3730 Plini,
2012 3664 2127 3718 ἀλλ’
2161 3667 2220 3716 οὺ

656 3775 942 3842 συμφέρει,
977 3776 1029 3824 ει
1053 3769 1175 3823 idco
1209 3765 1377 3820 Foliis
1412 3775 1614 3817 tantum
1645 3769 1884 3824 utuntur,
1921 3765 1981 3813 ut
2021 3757 2223 3828 optime

653 3873 917 3918 verteras.

726 3956 887 4018 lbid.,
917 3956 1010 4009 lin.
1038 3953 1129 4007 24.
1160 3955 1228 4007 Al
1259 3951 1326 4004 δὲ
1363 3948 1703 4016 παρδάλεις.
1747 3945 2009 4017 Superius
2033 3958 2220 3999 eorum

653 4049 938 4119 opiniones
965 4046 1274 4106 retulimus,
1311 4044 1402 4114 qui
1437 4059 1602 4095 unum
1633 4050 1687 4096 et
1719 4040 1862 4094 idem
1893 4038 2094 4092 animal
2125 4053 2224 4108 pu-

655 4149 839 4193 tarunt
865 4155 988 4194 esse
1011 4136 1299 4208 pardalim,
1331 4143 1384 4191 et
1418 4135 1736 4204 pantheram
1786 4140 1839 4187 et
1868 4145 2103 4201 quanam
2136 4145 2223 4182 ra-

654 4235 802 4288 tione
834 4231 1186 4299 distinguant.
1224 4227 1281 4279 ln
1309 4243 1417 4296 qua
1448 4242 1504 4280 re
1539 4241 1670 4280 sane
1714 4223 1931 4278 facilius
1968 4229 2053 4277 est
2076 4220 2221 4291 quod

653 4326 746 4380 alii
779 4325 1031 4381 dixerunt
1060 4335 1322 4392 pugnare,
1347 4335 1509 4389 quam
1545 4317 1677 4388 quid
1716 4317 1849 4372 certi
1891 4316 1946 4370 in
1978 4314 2218 4369 medium

652 4418 866 4481 afferre,
896 4415 1039 4490 quod
1070 4415 1162 4468 alii
1195 4429 1304 4467 non
1343 4413 1680 4481 impugnent.
1713 4409 1923 4464 Etenim
1955 4410 2001 4464 si
2030 4408 2216 4471 Plinii,

651 4508 1012 4581 Theophrasti
1076 4512 1131 4559 et
1181 4503 1488 4558 Aristotelis
1545 4500 1796 4567 vestigiis
1853 4498 2218 4554 insistendum

647 4607 753 4664 est,
789 4598 1034 4666 ejusdem
1077 4598 1292 4667 generis
1335 4593 1590 4647 animalia
1631 4607 1752 4646 esse
1802 4605 1911 4644 non
1959 4590 2225 4644 inllciabi-

651 4706 790 4743 mur.
816 4687 1225 4761 Theophrastus
1248 4686 1413 4745 enim,
1444 4683 1517 4736 De
1545 4684 1720 4736 causis
1757 4681 1994 4749 plantar.
2023 4682 2116 4734 lib.
2145 4697 2219 4743 VI,

647 4798 772 4851 cap.
825 4781 915 4845 26,
961 4781 1169 4839 nullum
1218 4777 1417 4834 animal
1465 4778 1539 4829 ait
1588 4789 1712 4829 esse
1757 4773 2064 4835 odoratum,
2117 4772 2222 4827 nisi

650 4875 775 4944 quis
810 4873 1008 4930 dixerit
1027 4872 1289 4945 pardalim
1323 4870 1689 4924 animantibus
1716 4867 1851 4921 bene
1884 4868 2050 4920 olere.
2078 4865 2223 4919 Ζῶον

650 4967 707 5019 δὲ
733 4966 904 5033 οὐδὲν,
945 4969 991 5018 εξ
1037 4964 1110 5036 μὴ
1146 4963 1244 5034 τὴν
1279 4961 1539 5034 πάρδαλιν
1572 4977 1724 5029 φασι,
1761 4958 2010 5029 καθάπερ
2033 4957 2222 5027 ἐλέχθη

651 5063 765 5122 τοῖς
797 5059 1022 5134 θηρίοις.
1053 5057 1280 5111 Aristot.
1314 5054 1575 5110 Problem.
1619 5061 1752 5106 sect.
1791 5052 1880 5115 15,
1921 5051 1975 5115 4,
2012 5051 2222 5114 nullum

653 5153 854 5206 animal
900 5152 1139 5206 suaviter
1169 5149 1315 5202 olere
1353 5155 1578 5215 excepta
1611 5144 1818 5214 pardali
1866 5159 1986 5214 quae
2017 5153 2071 5198 et
2105 5143 2224 5213 ipsa

653 5243 874 5298 nonnisi
923 5241 1114 5296 bestiis
1140 5240 1213 5293 ita
1247 5239 1396 5293 olere
1427 5235 1675 5292 allirmat.
1708 5234 1916 5288 Plinius
1944 5235 2107 5288 etiam
2135 5233 2224 5288 illa

655 5332 942 5388 confundit
977 5332 1071 5388 lib.
1104 5348 1223 5393 vni,
1262 5346 1381 5398 cap.
1419 5327 1507 5390 l7,
1545 5325 1701 5379 Nunc
1730 5326 1909 5392 parias
1931 5335 1981 5379 et
2003 5324 2222 5395 pardos,

652 5428 743 5497 qui
785 5442 954 5479 mares
980 5432 1123 5486 sunt,
1159 5423 1425 5491 appellant
1460 5422 1514 5474 in
1546 5436 1605 5474 eo
1638 5417 1782 5476 omni
1805 5433 2005 5484 genere,
2032 5415 2227 5469 creber-

653 5519 789 5571 rimo
833 5519 887 5572 in
932 5517 1061 5570 Asia
1117 5514 1396 5586 Syriaquc.
1446 5511 1676 5579 Quidam
1723 5508 1789 5562 ab
1831 5509 1897 5561 iis
1941 5508 2226 5581 pantheras

653 5609 882 5663 candore
913 5608 1026 5663 solo
1071 5606 1410 5660 discernunt:
1447 5621 1538 5658 nec
1573 5603 1745 5656 adhuc
1785 5601 1948 5654 aliam
1977 5600 2229 5668 differen-

657 5702 786 5756 tiam
808 5701 997 5755 inveni.
1029 5697 1137 5753 Sed
1158 5697 1368 5752 diversa
1392 5711 1513 5751 esse
1539 5695 1653 5749 hinc
1683 5692 1998 5747 animalium
2028 5704 2226 5760 genera

654 5792 812 5847 docet
851 5792 938 5847 hic
964 5797 1172 5854 noster,
1209 5789 1302 5858 qui
1331 5796 1587 5855 tanquam
1618 5784 1687 5839 de
1719 5783 1935 5838 duobus
1966 5780 2227 5835 diversis-

655 5881 811 5938 simis
849 5893 1155 5937 sermonem
1203 5877 1435 5933 iustituit
1469 5896 1482 5932 ι
1532 5876 1636 5932 etsi
1686 5875 1740 5930 in
1779 5871 2108 5945 quibusdam
2149 5871 2228 5926 vi-

2344 612 2503 677 τικῷ,
2530 619 2583 668 et
2612 610 2890 681 Oppianus
2916 613 3138 679 Κυνητ.
3173 624 3234 674 ιι,
3266 610 3359 680 qui
3387 609 3456 663 de
3497 608 3595 664 his
3623 610 3927 678 separatim

2343 711 2527 774 agunt.
2579 701 2858 774 Oppianus
2901 702 3047 757 enim
3100 702 3222 756 loco
3268 702 3330 756 d.
3365 703 3432 756 ad
3485 700 3718 757 Busam
3776 716 3927 756 suu-

2343 803 2666 852 converteus
2719 809 3056 858 sermonem,
3117 796 3191 848 ait
3252 809 3312 849 se
3373 794 3466 849 diu
3515 793 3676 849 nolle
3729 795 3929 846 morari

2342 888 2716 969 circaparva,
2750 887 2844 942 sed
2881 888 3083 942 missas
3117 887 3295 942 facere
3324 877 3531 942 bestias
3563 885 3849 949 imbelles,
3877 899 3924 939 et

2342 979 2610 1043 infelices,
2643 980 2719 1033 uti
2750 979 3065 1049 pantheras,
3105 979 3386 1045 mustelas,
3418 980 3625 1049 glires;
3654 986 3719 1034 et
3743 984 3924 1048 postea

2341 1076 2439 1130 lib.
2474 1091 2558 1140 ιιι,
2600 1083 2826 1144 peracto
2863 1088 3116 1130 sermone
3165 1073 3232 1128 de
3277 1073 3553 1136 leonibus,
3605 1072 3924 1143 par-dabunt

2342 1185 2535 1240 genus,
2586 1168 2665 1222 uti
2702 1176 2757 1222 et
2800 1167 3019 1229 robore,
3059 1174 3112 1221 et
3148 1166 3578 1237 pulchritudine,
3622 1173 3682 1222 et
3726 1180 3926 1236 genae

2341 1257 2522 1313 nobile
2546 1256 2748 1312 subdit.
2777 1254 2922 1311 Satis
2956 1256 3126 1327 liquet
3160 1271 3291 1327 ergo
3317 1254 3628 1325 Oppianum
3663 1255 3823 1310 aliud
3873 1263 3924 1311 et

2341 1349 2490 1405 aliud
2533 1363 2657 1405 esse
2691 1347 2954 1418 pardalim
2996 1357 3050 1401 et
3097 1348 3414 1418 pantheram
3448 1348 3832 1411 existimasse,
3871 1357 3924 1403 et

2342 1443 2533 1496 horum
2567 1441 2763 1510 duplex
2808 1440 2999 1495 statuit
3036 1455 3226 1509 genus.
3269 1439 3524 1506 Quasdam
3566 1438 3722 1493 enim
3759 1453 3922 1508 aspe-

2339 1543 2428 1589 ctu
2476 1536 2732 1605 majores,
2776 1545 2829 1591 et
2871 1535 3041 1590 dorso
3064 1533 3358 1603 ampliores
3387 1540 3535 1595 sunt,
3573 1531 3700 1584 alia
3739 1531 3923 1584 mino-

2340 1644 2449 1691 res,
2478 1629 2573 1685 sed
2598 1630 2714 1699 pari
2741 1630 2956 1695 robore,
2991 1627 3153 1682 simili
3182 1625 3374 1688 forma,
3404 1639 3514 1678 non
3541 1623 3920 1694 inaequalibus

2338 1722 2590 1784 maculis,
2627 1736 2728 1776 nec
2770 1720 3020 1791 corporis
3065 1718 3429 1782 lineamentis,
3455 1719 3502 1772 si
3544 1715 3789 1771 caudam
3818 1717 3918 1770 de—

2337 1810 2591 1874 traxeris,
2637 1825 2758 1880 quae
2797 1809 3103 1865 minoribus
3137 1806 3328 1876 major,
3363 1816 3417 1862 et
3450 1812 3633 1861 mlnor
3678 1805 3916 1875 majori-

2265 1892 2304 1944 Β
2333 1899 2436 1955 bus
2463 1907 2572 1954 est.

2332 2010 2659 2080 Πορδάλιες
2688 2011 2739 2063 δ’
2773 2011 2961 2072 ὀλοαὶ,
2989 2009 3240 2080 δίδυμον
3267 2007 3457 2076 γένος,
3491 2008 3551 2058 al
3582 2013 3703 2080 μὲν
3733 2010 3914 2080 agar

2333 2073 2605 2147 Μεῖζονές
2636 2073 2755 2140 εισι
2796 2081 2976 2141 δέειν,
3013 2073 3454 2142 καῖπάσὰονες
3494 2077 3692 2147 είῬέαν
3714 2073 3906 2126 mbra-

2331 2155 2401 2207 Al
2451 2152 2504 2204 δ’
2545 2146 2627 2204 ἐϊ
2663 2151 2983 2219 όλιζότεραι
3023 2149 3166 2218 μὲν,
3215 2147 3360 2215 ἀτὰρ
3390 2146 3771 2266 μένος-[οέῗὲ
3815 2160 3912 2212 χε-

3771 2235 3837 2266 ῨΓ.

2333 2291 2510 2347 Εῐδεα
2538 2291 2588 2343 δ’
2616 2290 3036 2359 ἀμφοτέροισιν
3063 2288 3265 2359 enata
3285 2214 3837 2359 δαιδάλλοξξῗιῗυς.

2331 2362 2522 2429 Νόσφι
2550 2354 2743 2429 ﬁdi-1i;-
2775 2354 2981 2425 οίξρῆς,
3012 2357 3085 2424 τῇ
3103 2354 3160 2409 ’τ’
3183 2357 3440 2429 ἔμπαλιν
3464 2354 3837 2429 ειεξιτ-ἄαται.

2329 2425 2679 2500 Μείὸσίμὲν
2696 2425 2911 2499 μείζων
2931 2429 3171 2485 τελέθει,
3192 2428 3489 2496 percitam
3521 2425 3590 2477 δὲ
3622 2428 3834 2493 μείων.

2402 2539 2537 2597 lbid.
2572 2539 2780 2608 Σαφῶς
2819 2539 2931 2607 τὰρ
2959 2536 3190 2591 εἰδυῖαι.
3233 2535 3438 2591 Caztera
3482 2536 3749 2590 animalia
3785 2552 3907 2605 par-

2328 2631 2531 2687 daliuni
2556 2632 2744 2694 odore,
2776 2631 2944 2684 veluti
2969 2629 3221 2683 illecebra
3247 2628 3390 2681 trahi
3411 2628 3596 2681 retulit
3623 2625 3908 2689 Elianus.

2329 2725 2423 2778 lib.
2449 2740 2481 2776 ν
2533 2723 2607 2776 De
2628 2725 2752 2777 hist.
2793 2722 3038 2785 animal.,
3066 2737 3183 2790 cap.
3221 2721 3320 2774 4οε
3348 2720 3585 2781 Εὐωδίας
3615 2720 3767 2783 τινὸς
3790 2720 3914 2772 θαυ-

2333 2817 2540 2886 μαστῆς
2569 2816 2664 2885 τὴν
2696 2814 2958 2884 πάρδαλιν
3007 2813 3379 2883 μετειληχέναι
3423 2812 3586 2882 φησὶν
3627 2814 3766 2882 ἡμῖν
3811 2815 3912 2882 μὲν

2328 2908 2639 2976 ἀπορρήτου
2661 2923 2673 2936 ·
2705 2906 2842 2976 αὐτὴ
2869 2906 2925 2958 δὲ
2949 2905 3056 2957 οἶδε
3086 2905 3147 2958 τὸ
3189 2905 3561 2973 πλεονέκτημα
3594 2905 3659 2955 τὸ
3681 2905 3906 2964 simias.

2329 3001 2422 3053 καὶ
2471 2999 2656 3068 μέντοι
2688 2997 2782 3050 καὶ
2817 2998 2884 3050 τὰ
2912 2996 3045 3050 ἄλλα
3073 2995 3189 3060 ζῶα
3220 2996 3601 3068 συνεπέσταται
3645 2996 3812 3048 τοῦτο
3842 2999 3906 3066 τῇ

2329 3059 2611 3161 παρδξὶλει,
2641 3090 2736 3142 καὶ
2771 3089 3050 3142 ἁλίσκεται
3087 3059 3275 3141 ποῦτον
3302 3059 3405 3140 :va
3424 3088 3646 3158 τρόπον.
3687 3059 3912 3157 Έκείνξλ

2331 3186 2363 3253 ἡ
2398 3181 2680 3253 πάρδαλις,
2722 3181 2925 3252 τροφῆς
2963 3180 3210 3250 δεομένη,
3258 3180 3451 3250 ἑαυτὴν
3483 3181 3913 3251 ὑπαποκρύπτει

2331 3275 2364 3344 ἢ
2395 3275 2568 3344 λόχμῃ
2601 3272 2767 3343 πολλῇ
2797 3272 2830 3342 ἢ
2863 3270 3087 3340 φυλλάδι
3127 3271 3336 3342 βαθείᾳ,
3367 3272 3462 3324 καὶ
3483 3273 3725 3340 ἐντυχεῖν
3762 3275 3910 3327 ἐστιν

2330 3364 2564 3433 ἀφανὴς,
2608 3363 2766 3432 μόνον
2797 3361 2854 3414 δὲ
2903 3362 3151 3416 ἀναπνεῖ.
3201 3360 3407 3413 Οὐκοῦν
3453 3362 3500 3413 oi
3553 3360 3766 3432 νεδροὶ,
3817 3363 3910 3416 καὶ

2328 3453 2586 3524 δορκάδες
2623 3451 2717 3504 καὶ
2742 3445 2896 3518 αἶγες
2923 3451 2980 3503 ul
3021 3451 3232 3520 ἄγριαι,
3276 3451 3372 3502 καὶ
3413 3448 3484 3501 τὰ
3524 3450 3754 3501 τοιαῦτα
3800 3451 3910 3502 τῶν

2330 3546 2504 3611 ζώων,
2541 3545 2616 3608 ὼς
2653 3544 2759 3597 ὑπό
2797 3560 2938 3606 τινος
2978 3542 3162 3611 ἴυγγος
3187 3541 3285 3612 τῆς
3313 3541 3537 3604 εὐωδίας
3560 3540 3788 3594 ἕλκεται
3817 3543 3909 3595 καὶ

2329 3639 2534 3708 γίνεται.
2573 3637 2794 3707 πλησίον
2814 3653 2828 3667 °
2861 3637 2893 3708 ἡ
2935 3635 2991 3688 δὲ
3017 3634 3246 3705 ἐκπηδᾷ,
3277 3634 3370 3686 καὶ
3403 3633 3513 3704 ἔχει
3559 3634 3619 3686 τὸ
3649 3627 3906 3705 Θήραμα.

2327 3731 2563 3786 Consule
2587 3729 2938 3784 Plutarchum
2967 3726 3044 3781 De
3073 3726 3385 3780 animalium
3409 3726 3664 3787 solertia;
3692 3726 3910 3780 Aristo-

2328 3827 2510 3889 telem,
2539 3824 2617 3878 De
2641 3823 2826 3877 histor.
2853 3818 3070 3875 animal.
3097 3821 3194 3875 lib.
3226 3836 3300 3885 Ix,
3331 3834 3450 3888 cap.
3482 3818 3549 3882 6;
3583 3815 3908 3886 Theophra-

2329 3929 2499 3984 stum,
2525 3918 2602 3972 De
2631 3917 2810 3971 causis
2838 3917 3008 3984 plant.
3037 3913 3134 3968 lib.
3165 3928 3240 3976 vt,
3267 3926 3386 3980 cap.
3413 3910 3467 3975 5,
3489 3909 3583 3978 qui
3612 3909 3742 3964 talis
3774 3909 3909 3963 odo-

2329 4014 2406 4068 ris
2438 4027 2660 4067 causam
2685 4011 2912 4066 reddere
2929 4014 3218 4064 conantur.
3242 4004 3561 4060 Aristoteles
3581 4004 3907 4073 graveolen-

2328 4108 2457 4161 tiam
2503 4106 2567 4160 ad
2628 4105 2947 4162 cruditatem
2999 4099 3290 4172 quamdam
3341 4097 3507 4152 refert
3543 4097 3901 4162 excrementi,

2326 4217 2447 4270 quae
2476 4209 2530 4254 et
2556 4199 2694 4254 vivis
2724 4214 2890 4253 causa
2922 4195 3050 4251 {cedi
3079 4193 3282 4247 halitus
3302 4199 3407 4254 est,
3433 4200 3487 4246 et
3516 4192 3747 4245 mortuis
3774 4207 3900 4245 cum

2327 4295 2629 4366 putrescit:
2662 4302 2715 4349 et
2763 4292 2885 4347 ideo
2916 4292 3139 4361 pingue,
3186 4303 3271 4352 os,
3303 4287 3444 4357 pilus
3494 4285 3698 4340 {cadum
3751 4302 3898 4341 nun-

2326 4404 2487 4458 quam
2511 4387 2748 4443 reddunt
2774 4385 3020 4449 odorem,
3049 4381 3176 4453 quia
3207 4381 3405 4451 pingue
3433 4387 3757 4434 concoctum
3794 4374 3894 4441 est;

2325 4496 2452 4536 ossa
2484 4486 2538 4534 et
2573 4479 2665 4547 pili
2697 4478 2927 4532 humore
2974 4479 3190 4528 vacant.
3238 4471 3420 4526 Genus
3453 4479 3630 4525 autem
3685 4471 3894 4540 planta-

2257 4587 2299 4641 ι)
2329 4585 2447 4623 rum
2478 4569 2686 4623 nullum
2721 4568 2867 4621 intra
2897 4581 2957 4621 se
2985 4563 3260 4619 contrahit
3291 4571 3722 4622 excrementum,
3753 4571 3807 4616 et
3849 4563 3892 4617 si

2325 4660 2454 4714 ouid
2489 4660 2715 4724 inesset,
2745 4657 2921 4713 calida
2949 4655 3204 4723 siccaque
3243 4661 3436 4706 natura
3487 4651 3622 4705 illud
3669 4651 3892 4722 expedi-

2325 4755 2434 4809 tius
2459 4751 2772 4821 concoquit,
2793 4758 2847 4805 et
2870 4749 2991 4804 ideo
3017 4747 3216 4801 humor
3238 4760 3429 4801 eorum
3468 4760 3578 4798 non
3610 4753 3700 4799 est
3731 4744 3892 4799 {mcu-

2325 4846 2535 4910 lentus;
2585 4845 2751 4914 idque
2792 4840 3152 4896 conﬁrmatur
3196 4839 3369 4909 plagis
3418 4846 3614 4899 terrae,
3665 4851 3789 4907 qua
3839 4845 3892 4889 ut

2327 4939 2705 5002 ferve‘ntiores,
2740 4937 2820 4991 sic
2851 4934 3193 4989 odoratiores
3225 4942 3370 4988 sunt.
3394 4930 3811 5002 TbeOpbrastus
3838 4931 3889 4985 in

2325 5035 2652 5103 quibusdam
2678 5031 2936 5088 convenit
2976 5044 3099 5084 cum
3130 5027 3444 5091 Aristotele,
3482 5025 3537 5079 in
3565 5023 3889 5094 quibusdam

2325 5130 2598 5191 dissentit,
2631 5126 2697 5180 ad
2724 5138 2866 5194 quas,
2895 5137 2964 5176 ne
2991 5121 3199 5176 diutius
3219 5132 3531 5190 evagemur,
3564 5115 3887 5171 remittimus

2325 5220 2607 5274 lectorem.
2660 5214 2863 5270 Neuter
2905 5220 3087 5267 tamen
3139 5210 3204 5265 ad
3251 5212 3484 5281 primam
3535 5206 3886 5276 quaestionem

2325 5311 2629 5383 respondit,
2675 5324 2777 5364 nec
2826 5306 3029 5362 nodum
3078 5303 3331 5360 dissolvit
3374 5298 3734 5355 diﬁicultatis.
3785 5293 3885 5350 Nec

2325 5407 2469 5460 enim
2505 5404 2633 5458 dum
2676 5401 2743 5457 de
2780 5398 3010 5471 pardali,
3042 5412 3205 5468 quam
3247 5397 3420 5452 solam
3455 5394 3599 5446 inter
3639 5388 3885 5445 animalis

2325 5498 2607 5554 odoratam
2659 5510 2783 5550 esse
2830 5492 3222 5554 concedebant,
3273 5489 3557 5560 agebatur,
3605 5483 3742 5538 satis
3779 5485 3886 5535 erat

2326 5606 2548 5647 causam
2591 5595 2816 5658 propter
2861 5602 3025 5657 quam
3070 5586 3296 5641 arbores
3325 5591 3380 5638 et
3417 5580 3616 5650 planta
3657 5577 3885 5630 odorata

2327 5690 2477 5746 sunt,
2510 5682 2767 5737 animalia
2814 5697 2924 5736 non
2957 5683 3086 5737 item
3127 5679 3427 5749 assignare.
3468 5672 3578 5727 Sed
3617 5671 3752 5725 illud
3779 5673 3884 5724 erat

2326 5773 2728 5845 explicandum,
2756 5786 2993 5843 quanam
3016 5771 3229 5826 ratione
3252 5769 3395 5822 inter
3425 5769 3623 5818 uetera
3653 5761 3885 5813 animan-

2324 5867 2403 5921 tia
2429 5865 2547 5922 sola
2575 5862 2815 5934 pardalis
2850 5864 2989 5920 bene
3018 5864 3147 5931 olet,
3173 5868 3226 5917 et
3255 5857 3423 5928 hujus
3445 5852 3747 5912 animantis
3769 5845 3888 5904 odo-
