4042 6338
127 393 245 450 θιό

1088 393 1153 447 IN
1195 393 1563 450 EUSTATHII
1600 393 2072 452 HEXAEMBRON
2111 393 2344 453 NOTAE.

3274 401 3376 456 9-56

133 514 266 577 ratl,
299 521 352 569 et
379 514 614 568 aliorum
653 527 761 567 non
808 512 1162 569 odoratorum
1194 513 1513 570 discrimen.
1555 514 1707 570 Tunc
1739 521 1781 576 Α
1812 517 2034 572 animal.
2083 517 2177 572 lib.
2209 533 2288 582 vi,
2321 531 2442 588 cap.
2483 517 2592 573 27:
2625 516 2846 574 Ferendi
2883 520 3018 573 uteri
3053 528 3250 589 tempus
3285 523 3379 576 alii

133 605 290 659 enim
330 605 534 675 optime
576 602 866 674 quaestioni
909 603 1350 674 responderetur,
1398 605 1496 657 Διὰ
1523 605 1575 657 τί
1606 605 1710 656 τῶν

135 696 246 767 μὲν
287 694 441 760 ζώων
473 695 626 749 οὐδὲν
677 694 872 758 εὐῶδές
904 697 1052 748 ἐστιν
1084 694 1189 760 ἔξω
1229 696 1327 766 τῆς
1376 695 1710 767 παρδάλεως,

1813 629 2008 666 annum
2039 622 2088 666 et
2111 627 2202 666 sea:
2225 629 2446 678 menses,
2477 613 2569 666 alii
2598 615 2876 667 triennium
2902 624 3172 676 statuunt;
3205 627 3258 669 et
3287 615 3381 669 hu-

1811 706 1900 775 jus
1928 704 2248 761 ditl‘erentiae
2279 715 2331 761 et
2362 705 2765 764 incertitudinis
2793 720 3012 760 causam
3041 706 3209 771 addit,
3234 706 3380 775 quod

134 785 284 859 αὕτη
321 787 376 840 δὲ
402 787 497 839 καὶ
531 786 711 849 αὐτοῖς
751 789 860 850 τοῖς
893 785 1131 857 Θηρίοιςς
1167 785 1273 840 etsi
1303 784 1713 854 Theophrastus

1845 813 1922 852 non
1958 806 2137 868 pateat
2165 799 2360 854 coitus.
2397 797 2458 852 Et
2490 797 2581 851 lib.
2616 814 2666 861 v,
2701 812 2818 866 cap.
2855 797 2955 850 lli:
2989 795 3203 850 Uterum
3237 797 3383 849 bien—

127 880 307 935 etiam
334 879 390 934 in
418 878 541 935 aliis
567 889 622 934 et
647 895 756 934 non
788 879 844 933 in
877 879 991 934 sola
1030 877 1238 948 pardali
1262 877 1486 934 odorem
1521 893 1716 968 coace-

1816 892 1903 944 nio
1929 891 2100 961 gerit:
2130 890 2272 959 parit
2314 889 2549 960 singulos
2572 902 2592 941 :
2629 888 2906 957 uniparum
2951 906 3170 959 namque
3205 899 3304 952 est,
3330 899 3387 944 et

136 971 262 1026 dat.
287 970 440 1027 Tunc
458 982 578 1028 erat
605 973 834 1028 ulterius
863 973 931 1028 ab
956 973 1075 1041 ipso
1116 971 1521 1042 explicandum,
1547 986 1718 1042 quare
1819 981 1938 1034 libr.
1978 996 2030 1034 iv
2062 978 2138 1033 De
2160 987 2390 1049 generat.
2426 977 2670 1040 animal.,
2695 992 2812 1044 cap.
2839 977 3051 1040 ultimo,
3070 978 3209 1032 idem
3243 977 3386 1031 atlir-

128 1078 278 1136 ergo
315 1064 384 1119 ab
415 1065 741 1122 animalibus
778 1065 914 1120 odor
952 1065 1040 1120 hic
1069 1079 1178 1120 non
1226 1065 1460 1119 sentitur
1495 1064 1549 1117 in
1596 1064 1717 1118 aliis

134 1156 256 1212 nisi
302 1156 358 1211 in
394 1157 510 1212 sola
543 1157 786 1228 pardali?
832 1155 1031 1213 Verum
1068 1157 1197 1211 dum
1223 1155 1638 1226 Theophrastus
1667 1167 1720 1209 et

137 1247 470 1307 Aristoteles
508 1253 645 1306 tanti
677 1251 776 1308 viri
825 1251 1104 1322 proposita
1150 1251 1470 1320 quaestione,
1514 1250 1621 1304 alio
1665 1266 1723 1305 se

137 1348 496 1405 convertunt,
537 1349 592 1395 et
621 1340 1045 1413 subterfugiunt,
1076 1342 1200 1411 quis
1232 1341 1305 1395 ita
1356 1340 1532 1395 audax
1585 1355 1642 1395 se
1670 1341 1723 1394 id

136 1431 369 1502 assequi
393 1431 661 1488 conﬁdet?
681 1433 866 1489 Potest
893 1432 1037 1498 Deus
1072 1436 1243 1486 multa
1273 1431 1473 1495 moliri,
1502 1440 1552 1486 et
1577 1433 1725 1486 varia

142 1524 454 1592 coniicere,
503 1541 626 1596 quae
681 1526 990 1581 intellectus
1047 1524 1322 1579 humanus
1364 1539 1472 1579 non
1525 1525 1724 1594 capiet.

145 1617 322 1672 Multa
356 1619 460 1674 sibi
495 1617 638 1674 Deus
665 1617 788 1681 soli,
821 1631 1123 1686 eorumque
1144 1616 1511 1687 cognitionem
1554 1631 1730 1673 reser-

143 1712 320 1767 vavit.
358 1711 415 1766 In
445 1711 657 1780 paucis,
694 1711 747 1765 in
785 1709 1047 1773 minimis,
1079 1709 1134 1763 in
1170 1709 1462 1773 οὐτιδανοῖς
1498 1707 1648 1771 felix,
1675 1716 1729 1763 et

143 1805 280 1873 ejus
317 1819 418 1874 ope
442 1805 515 1858 ita
544 1803 796 1872 superbis
824 1814 877 1857 et
905 1803 1223 1868 insolescis;
1259 1802 1305 1858 si
1337 1802 1391 1856 in
1420 1799 1726 1858 secretiori-

146 1898 262 1953 bus
300 1898 478 1967 potior
506 1911 676 1961 esses,
707 1895 838 1966 quid
878 1894 1131 1950 faceres?
1174 1894 1318 1950 Cave
1354 1901 1450 1948 tuo
1487 1893 1724 1964 ingenio,

147 1986 273 2042 tuis
311 1985 523 2041 viribus
569 1986 795 2041 metiare
834 1982 1035 2048 Deum;
1084 1983 1246 2039 nimis
1288 1988 1551 2053 angustus
1580 1996 1661 2045 es,
1695 1996 1728 2036 ο

150 2078 474 2134 homuncio.

232 2167 390 2233 lbid.,
422 2169 518 2223 lin.
543 2168 631 2224 29.
668 2169 722 2222 Ὁ
754 2168 822 2224 δὲ
861 2170 1095 2237 narem)
1121 2168 1322 2237 φίλον.
1358 2166 1434 2223 De
1469 2166 1729 2238 panthera

153 2260 364 2315 similia
395 2260 558 2316 habet
604 2259 798 2316 Petrus
839 2262 1159 2323 Damianus,
1187 2260 1284 2316 lib.
1329 2274 1391 2322 ll,
1425 2260 1586 2330 epist.
1632 2258 1729 2324 l8;

153 2349 393 2416 Plinius,
421 2353 517 2406 lib.
553 2368 672 2418 vm,
697 2368 817 2422 cap.
858 2354 942 2421 l7,
981 2351 1247 2406 Panthera
1296 2361 1346 2406 et
1377 2353 1526 2420 tigris
1552 2366 1733 2404 macu-

156 2446 341 2499 larum
363 2445 616 2499 uarietate
635 2460 792 2513 prope
813 2446 942 2499 solae
970 2446 1256 2499 bestiarum
1284 2439 1605 2513 spectantur,
1632 2459 1734 2497 ca:-

158 2538 294 2593 tcris
320 2553 474 2600 unus,
507 2554 569 2589 ac
597 2553 724 2590 suus
767 2537 1020 2606 cujusque
1047 2537 1247 2605 generis
1289 2535 1434 2589 color
1465 2544 1561 2589 est.
1604 2533 1735 2590 lnde

158 2629 383 2700 tigrina:
413 2637 468 2684 et
496 2628 835 2698 pantherinm
863 2644 1082 2692 mensa,
1115 2634 1169 2683 et
1217 2626 1399 2696 βάλιος
1448 2625 1736 2696 πανθήρων

158 2720 343 2792 δίκην.

238 2809 403 2872 lbid.,
444 2810 540 2864 lin.
572 2809 662 2864 51.
702 2808 811 2863 Kal
851 2807 961 2874 ἕως
991 2807 1108 2876 μὲν
1145 2808 1218 2861 οὐ
1257 2805 1394 2875 χρή.
1435 2803 1736 2876 Oppianus,

167 2900 270 2957 lib.
301 2917 340 2955 ιι
384 2904 630 2968 Κυνηγ.,
659 2900 1048 2968 pantherarum
1077 2906 1131 2952 et
1159 2897 1392 2951 aliorum
1423 2894 1738 2950 animalium

164 3006 429 3048 somnum
459 2997 514 3045 et
543 2991 792 3045 inertiam
839 2989 1060 3052 cecinit,
1093 3005 1253 3058 quem
1287 2988 1433 3042 vide.

243 3079 404 3147 lbid.,
431 3082 526 3136 lin.
550 3081 640 3136 35.
683 3081 761 3134 Δι’
794 3075 869 3151 ἧς
895 3080 968 3134 τὰ
1000 3080 1175 3134 ἄλλα.
1220 3079 1352 3146 Qum
1381 3079 1632 3150 superius
1675 3078 1744 3133 de

1820 1080 1953 1135 mat,
2002 1080 2055 1126 et
2097 1085 2316 1128 causam
2355 1070 2477 1132 dat,
2507 1071 2941 1139 exsuperantiam
2973 1071 3383 1138 magnitudinis.

1823 1166 2052 1228 Plinius,
2089 1165 2212 1218 libr.
2251 1180 2370 1227 vin,
2409 1179 2530 1233 sap.
2580 1164 2663 1228 l0,
2711 1169 3002 1231 utrumque
3037 1162 3240 1218 refert:
3279 1163 3385 1218 De-

1823 1270 1932 1308 cem
1972 1254 2124 1306 annis
2154 1263 2356 1322 gestare
2387 1253 2440 1305 in
2474 1263 2620 1306 utero
2658 1253 2840 1320 vulgus
2867 1253 3156 1316 existimat,
3187 1253 3388 1308 Aristo-

1827 1348 1948 1401 teles
1984 1347 2213 1409 biennio,
2257 1362 2347 1400 nec
2377 1346 2602 1414 amplius
2643 1362 2801 1415 quam
2831 1347 2988 1398 semel
3012 1347 3238 1415 gignere,
3270 1344 3362 1415 plu

1826 1438 1969 1491 restis
2003 1453 2161 1505 quam
2193 1438 2448 1506 singulas.
2485 1435 2598 1490 Hoc
2637 1445 2817 1491 tamen
2863 1437 3114 1493 videlicet
3151 1438 3389 1508 singulos

1826 1538 1874 1583 et
1910 1528 2067 1582 semel
2112 1543 2314 1596 parere,
2362 1543 2471 1581 non
2507 1542 2668 1597 posse
2706 1543 2770 1581 ex
2819 1526 3108 1581 Aristotele
3155 1525 3389 1579 Plinium

1830 1619 2071 1690 profiteri
2107 1619 2367 1690 Scaliger,
2409 1620 2636 1674 exercit.
2677 1618 2802 1682 203,
2843 1620 2908 1674 de
2959 1619 3279 1681 subtilitate,
3323 1619 3390 1672 ad

1830 1715 2163 1777 Cardanum,
2216 1713 2429 1768 asserit.
2481 1711 2588 1767 Nec
2637 1712 2877 1766 additum
2929 1725 2958 1763 a
3015 1710 3253 1764 librariis
3302 1710 3392 1762 in-

1836 1808 2018 1860 sinuat
2057 1821 2122 1859 ex
2175 1806 2380 1867 Solino,
2429 1806 2519 1873 qui
2561 1819 2713 1859 more
2765 1819 2865 1859 suo
2913 1805 2977 1855 ad
3022 1803 3242 1857 verbum
3291 1802 3392 1854 hoc

1830 1896 1970 1951 idem
2031 1895 2202 1950 fidelis
2252 1902 2591 1962 reposuerat,
2640 1904 2694 1947 et
2749 1893 2957 1947 ratione
3012 1893 3062 1946 id
3119 1907 3239 1946 esse
3294 1892 3396 1944 fal-

1830 2003 1949 2043 sum
1981 1987 2158 2055 palam
2197 1987 2472 2040 ostendit:
2506 1984 2648 2037 Nam
2689 1985 2734 2037 si
2775 1985 2908 2037 binis
2951 1983 3251 2052 parentibus
3290 2001 3396 2036 una

1831 2080 2058 2135 succedit
2115 2079 2336 2144 soboles,
2392 2093 2594 2132 necesse
2644 2085 2720 2130 est
2763 2077 2829 2130 ad
2888 2076 3107 2129 nihilum
3162 2075 3391 2128 tandem.

1836 2171 1956 2226 Non
1999 2173 2166 2224 solum
2217 2188 2332 2224 vero
2368 2172 2486 2238 plus
2526 2171 2682 2223 semel
2725 2170 2885 2237 parit,
2924 2185 3095 2221 verum
3130 2178 3178 2222 et
3220 2175 3394 2236 plures

1835 2265 2078 2334 singulis,
2129 2265 2206 2316 uti
2257 2264 2576 2316 dicebamus.
2645 2261 2866 2316 Dicebat
2916 2262 3059 2315 enim
3121 2266 3395 2330 superius,

1839 2355 2018 2426 Neque
2078 2355 2309 2425 singulos
2377 2355 2531 2407 modo
2584 2370 2795 2420 parere,
2856 2357 3038 2422 quippe
3092 2361 3140 2406 et
3203 2363 3396 2417 ternos,

1834 2459 1882 2501 et
1926 2456 2227 2517 quaternos,
2284 2455 2360 2500 tot
2416 2448 2554 2500 enim
2610 2446 2852 2498 comitari
2896 2447 3018 2497 risa'
3069 2456 3208 2498 sunt.
3275 2445 3400 2498 Hinc

1839 2539 2027 2593 ultima
2056 2536 2314 2608 Scaligeri
2342 2538 2510 2592 verba
2549 2543 2598 2590 in
2631 2538 2877 2591 doctrina
2908 2535 3261 2605 Peripatetica
3289 2553 3398 2590 non

1839 2631 2107 2687 satistuta
2141 2645 2263 2687 esse
2297 2630 2566 2686 videntur.
2601 2629 2923 2699 Elephantes
2955 2630 3160 2684 scdicet
3203 2645 3312 2682 uno
3347 2637 3405 2684 et

1839 2723 2028 2778 eodem
2053 2731 2209 2791 partu
2235 2722 2416 2792 plures
2437 2723 2686 2793 gignere;
2711 2722 2810 2776 etsi
2831 2737 2940 2779 non
2964 2737 3049 2775 me
3076 2721 3210 2791 fugit
3232 2720 3403 2775 Elia—

1841 2831 1993 2880 num,
2024 2816 2115 2869 lib.
2151 2829 2266 2880 vni,
2289 2830 2411 2886 cap.
2436 2814 2526 2876 27,
2561 2813 2614 2868 id
2652 2815 3049 2883 quodammodo
3075 2815 3404 2877 insinuasse.

1842 2915 2027 2961 tamen
2061 2923 2124 2962 ex
2154 2907 2383 2962 aliorum
2416 2908 2685 2964 sententia
2721 2907 2772 2960 id
2802 2908 3089 2976 scripsisse
3129 2907 3264 2976 ipsis
3294 2921 3410 2963 ver-

1842 3001 1926 3055 bis
1953 2999 2318 3054 clarissimum
2354 3007 2460 3054 est.
2489 2999 2745 3052 Τικτεται
2781 2998 2976 3067 ἐλέφας
3015 2998 3154 3052 κατὰ
3185 3000 3282 3069 τὴν
3311 3015 3404 3051 κε-

1846 3093 2019 3162 φαλὴν
2048 3092 2315 3162 ὲκπηδῶν.
2350 3092 2423 3145 Τὸ
2449 3092 2505 3145 δὲ
2553 3091 2779 3162 μέγεθός
2813 3092 2926 3142 ἐστι
2961 3089 3054 3143 τοῦ
3092 3087 3408 3159 τικτομένου

167 3175 408 3247 pardali,
436 3177 556 3246 ejus
585 3175 753 3229 odore
803 3182 858 3228 et
891 3167 1112 3229 solertia
1142 3172 1556 3242 explicavimus,
1587 3171 1740 3224 multi

1847 3185 1986 3236 κατὰ
2018 3183 2254 3251 δέλφακα
2301 3181 2395 3252 τὴν
2439 3183 2720 3253 μεγίστην.
2776 3184 2890 3252 Μιᾷ
2921 3181 2975 3233 δὲ
3027 3179 3192 3251 μητρὶ
3240 3163 3423 3232 πλείωί

167 3267 457 3340 panthera:
491 3265 798 3328 ascribunt,
837 3265 924 3318 vel
960 3280 1025 3319 eo
1066 3264 1243 3319 solum
1290 3262 1436 3333 quod
1485 3262 1743 3316 animalia

167 3360 551 3417 diversissima
584 3357 926 3413 confundunt
978 3365 1032 3411 et
1061 3357 1314 3416 miscent,
1340 3355 1460 3409 ideo
1490 3351 1743 3408 lectorem

172 3453 248 3508 ad
309 3452 398 3506 illa
449 3450 796 3514 remittimus,
841 3464 909 3504 ne
955 3449 1156 3503 iterum
1205 3447 1394 3502 eadem
1451 3445 1746 3514 repetendo

170 3541 395 3598 molesti
430 3541 621 3596 simus.
663 3538 761 3594 Hic
792 3554 1078 3608 possemus
1117 3538 1282 3591 etiam
1309 3536 1579 3597 dubitare,
1615 3550 1748 3604 qua-

173 3646 307 3686 nam
337 3632 545 3685 ratione
589 3628 842 3683 animalia
881 3627 1049 3682 odore
1079 3627 1465 3697 pantherarum
1500 3624 1749 3678 allician-

175 3732 292 3787 tur,
317 3731 376 3776 ut
401 3737 430 3776 a
462 3723 647 3777 multis
674 3720 990 3775 auctoribus
1017 3718 1277 3773 traditum
1299 3727 1403 3780 est,
1428 3732 1552 3771 cum
1578 3715 1751 3770 Theo-

174 3814 462 3887 phrastus,
505 3812 578 3866 De
608 3813 783 3866 causis
817 3812 1049 3880 plantar.
1091 3811 1186 3864 lib.
1227 3827 1280 3876 v,
1323 3824 1441 3879 cap.
1482 3809 1536 3872 5,
1582 3808 1749 3871 dicat,

173 3910 327 3964 inter
353 3906 512 3960 bruta
555 3905 780 3960 omnino
824 3905 910 3959 vel
958 3904 1191 3967 nullum,
1243 3903 1324 3958 vel
1373 3910 1523 3956 certe
1568 3916 1751 3954 rarum

235 3999 476 4052 Tmodum
521 4012 642 4053 esse
683 3995 829 4066 quod
882 3996 1105 4051 odorem
1150 4003 1530 4065 persequatur,
1580 4009 1754 4063 neque

175 4091 359 4162 gratia
385 4089 570 4144 oderis
599 4091 821 4153 sentire,
848 4103 1023 4159 neque
1062 4088 1385 4158 dijudicare,
1416 4088 1756 4158 quandoqui-

177 4183 333 4243 dem,
363 4181 468 4236 etsi
504 4180 751 4252 quaadam
786 4182 1069 4244 sentirent,
1105 4195 1296 4235 eorum
1325 4187 1508 4234 tamen
1548 4187 1755 4233 natura!

178 4273 490 4336 adversari,
516 4280 571 4327 et
592 4273 659 4328 de
685 4273 1015 4337 insectorum
1045 4287 1242 4344 genere
1263 4271 1486 4334 dicitur,
1516 4271 1608 4340 qui
1636 4271 1756 4326 oleo

179 4364 541 4430 infestantur,
563 4363 776 4434 fugiunt
801 4366 948 4421 enim
983 4365 1329 4420 vehementer
1353 4365 1473 4434 ejus
1507 4364 1752 4425 odorem,

179 4456 382 4530 paucis
411 4454 557 4510 hunc
587 4455 792 4510 nodum
825 4455 1142 4526 expediam;
1171 4454 1315 4508 haud
1353 4463 1607 4508 constare
1652 4454 1750 4507 ho-

1847 3273 2224 3342 ὲλεφαντίσκια
2252 3273 2462 3338 ἕπεται,
2504 3274 2688 3340 φασίν.
2736 3270 2798 3324 Et
2837 3273 3044 3326 ratione
3074 3271 3409 3326 validissima

1847 3360 2106 3432 Scaligeri
2140 3362 2193 3416 id
2235 3363 2502 3417 allirmare
2547 3365 2736 3417 saltem
2777 3364 2830 3415 in
2869 3363 3154 3430 elephanto
3201 3363 3408 3423 Indico,

1845 3454 1928 3507 vel
1966 3453 2169 3507 invitus
2208 3462 2513 3523 cogeretur,
2547 3455 2696 3518 dum,
2733 3455 2828 3508 lib.
2882 3471 2995 3516 vm,
3037 3469 3157 3523 cap.
3187 3453 3272 3516 l7,
3314 3455 3410 3516 ait,

1847 3560 1940 3599 eos
1983 3545 2303 3614 elephantos
2348 3547 2516 3601 semel
2551 3547 2606 3600 in
2645 3548 2750 3600 vita
2781 3545 2948 3600 coire.
2987 3543 3166 3608 ’Ἁπαξ
3195 3543 3325 3612 γοῦν
3354 3547 3411 3598 ὲν

1846 3636 1923 3706 τῷ
1981 3635 2080 3705 βίῳ
2128 3636 2206 3706 τῷ
2256 3637 2499 3707 σφετέρῳ
2557 3636 2980 3708 μνημονεύουσιν
3051 3636 3366 3704 Ἀφροδίτης
3394 3653 3410 3666 ·

1848 3730 2034 3798 ὅτανὴ
2090 3727 2278 3798 Θήλεια
2312 3728 2554 3799 ὑπομένῃ
2605 3728 2698 3780 καὶ
2744 3728 2900 3797 αὐτή.
2951 3722 3080 3778 Εἶτα
3128 3726 3414 3795 ἐμπλήσας

1849 3819 2077 3882 ἕκαστος
2122 3819 2220 3890 τὴν
2267 3817 2548 3888 σύννομον,
2580 3819 2641 3870 τὸ
2681 3816 2928 3870 ἐντεῦθεν
2956 3817 3048 3869 ἐπὶ
3078 3815 3284 3878 τούτοις
3315 3819 3415 3870 οὐκ

1853 3900 1989 3960 εἶδεν
2037 3907 2224 3977 αὐτήν.
2281 3905 2376 3962 Vel
2425 3907 2588 3978 igitur
2639 3922 2808 3977 genus
2862 3907 2961 3960 hoc
3006 3906 3414 3976 elephantorum

1857 3997 2042 4067 plures
2079 3999 2308 4069 singulis
2349 3999 2614 4069 partubus
2662 4006 2946 4069 generant,
2999 4001 3078 4052 vel
3108 4014 3228 4053 cum
3271 3999 3417 4053 binis

1857 4090 2174 4159 parentibus
2203 4107 2311 4145 una
2356 4089 2613 4145 succedet
2652 4091 2888 4153 soboles,
2921 4090 3133 4145 tandem
3171 4089 3237 4143 ad
3271 4089 3418 4143 nihi~

1857 4183 1969 4236 lum
2001 4191 2144 4237 esset
2195 4182 2608 4238 deveniendum.
2657 4180 2762 4236 Sed
2809 4184 3036 4236 ulterius
3084 4183 3157 4236 ita
3188 4181 3417 4241 Plinius,

1857 4275 1951 4328 lib.
1988 4290 2044 4337 ι,
2079 4290 2199 4344 cap.
2229 4276 2317 4338 53,
2349 4273 2596 4344 Singulos
2626 4276 2864 4344 gignunt,
2893 4274 3172 4342 elephanti,
3211 4274 3417 4334 cameli,

1857 4368 2003 4436 equi;
2035 4377 2090 4421 et
2123 4367 2369 4429 inferius,
2403 4365 2701 4432 Elephanti,
2726 4375 2780 4417 ut
2800 4365 3052 4428 diximus,
3080 4368 3291 4433 pariunt
3323 4367 3425 4419 sin-

1857 4461 2028 4528 gulos,
2063 4459 2420 4529 magnitudine
2457 4459 2606 4510 vituli
2648 4458 2943 4512 trimestris.
2993 4457 3103 4511 Nec
3133 4457 3246 4511 haec
3296 4474 3424 4512 sen-

181 4546 456 4612 minibus,
491 4563 560 4602 an
605 4547 827 4602 odorem
861 4550 1118 4609 sentiant.
1165 4547 1394 4616 ejusque
1439 4546 1612 4616 gratia
1642 4559 1754 4598 rem
1790 4533 1833 4590 υ
1863 4551 2028 4605 tentia
2051 4552 2263 4606 videtur
2293 4551 2360 4605 ab
2387 4549 2730 4606 Aristotelica
2764 4550 3074 4605 dissentire.
3105 4549 3425 4604 Aristoteles

180 4637 475 4696 odoratam
508 4649 924 4709 persequantur,
959 4657 1026 4695 an
1058 4640 1328 4711 appetitus
1361 4647 1570 4692 tantum
1612 4636 1756 4692 fera-

179 4740 284 4789 tur
339 4731 406 4785 ad
463 4733 641 4802 ipsum
700 4733 980 4802 pabulum,
1039 4735 1268 4804 ejusque
1326 4746 1495 4787 causa
1550 4729 1640 4784 sit.
1696 4730 1760 4783 Et

182 4825 445 4897 quamvis
487 4824 784 4878 animantia
816 4825 1080 4881 olfactum
1125 4825 1262 4896 ipsis
1299 4823 1614 4878 hominibus
1663 4822 1760 4876 ob-

182 4921 405 4978 tineant
457 4919 889 4989 exquisitiorem,
926 4937 1036 4975 non
1082 4929 1263 4976 tamen
1311 4927 1519 4976 certum
1554 4927 1638 4974 est
1681 4918 1761 4971 vel

183 5013 419 5070 odorem
455 5013 677 5073 sentire,
708 5011 790 5064 vel
821 5012 940 5079 ejus
968 5013 1141 5081 gratia
1167 5011 1311 5065 duci.

265 5105 429 5168 lbid.,
462 5106 558 5161 lin.
601 5106 689 5160 Η.
729 5109 784 5157 '0
815 5106 882 5158 δὲ
917 5106 1140 5177 ἐλέφας
1185 5108 1393 5178 ἐγκυμ.
1443 5106 1668 5162 Plautus
1711 5108 1762 5160 in

185 5196 380 5255 Sticho
399 5213 418 5251 :

337 5311 529 5381 Audivi
555 5325 688 5378 ηερε
719 5310 870 5381 vulgo
903 5327 936 5364 a
967 5312 1147 5366 multis
1175 5313 1360 5374 dicier,

338 5380 520 5452 Solere
547 5380 874 5452 elephantum
915 5383 1185 5452 gravidam
1218 5395 1488 5450 perpetuos
1520 5381 1694 5435 decem

340 5450 472 5507 Esse
499 5468 664 5507 annos
690 5468 709 5506 :
730 5451 843 5521 ejus
871 5467 898 5505 e
920 5450 1118 5506 semine
1146 5453 1256 5507 haec
1290 5462 1426 5507 certo
1456 5462 1533 5505 est
1578 5452 1762 5520 fames.

185 5561 475 5627 Elianus,
511 5564 588 5617 De
631 5563 754 5617 hist.
794 5564 957 5616 anim.
999 5563 1036 5614 l.
1083 5579 1156 5624 iv,
1191 5579 1312 5634 cap.
1355 5564 1415 5617 5i
1453 5583 1465 5618 :
1509 5563 1674 5616 Κύειν
1711 5562 1766 5614 δὲ

186 5657 539 5728 πυνθάνομαι
568 5659 660 5713 δύο
698 5659 833 5711 ὲτῶν
866 5657 955 5710 τὸν
1001 5656 1281 5726 ἐλέφαντα.
1313 5661 1374 5710 0i
1406 5659 1457 5709 δὲ
1492 5659 1550 5710 οὐ
1580 5657 1765 5708 τοσοῦ-

186 5767 288 5804 τον
347 5751 554 5821 χρόνον,
612 5750 747 5804 ἀλλὰ
807 5749 1177 5802 ὀκτωκαίδεκα
1237 5751 1420 5819 μηνῶν
1475 5747 1760 5819 ὁμολογοῦ-

190 5857 306 5897 σιν.
348 5843 687 5910 Aristotclcs,
723 5859 787 5898 cx
840 5833 1069 5897 alioi-um
1120 5843 1411 5908 sententia,
1449 5840 1525 5896 De
1579 5843 1764 5894 histor.

1862 4657 2116 4711 namque,
2145 4642 2215 4695 De
2240 4653 2470 4712 generat.
2508 4641 2726 4695 animal.
2755 4641 2847 4694 lib.
2881 4658 2950 4704 iv,
2974 4656 3092 4711 cap.
3117 4641 3151 4694 4
3181 4659 3192 4694 :
3227 4640 3426 4711 Πρῶτα

1865 4733 1960 4798 μὲν
1978 4729 2069 4785 οὖν
2097 4732 2184 4785 διὰ
2210 4734 2262 4784 τί
2290 4733 2358 4786 τὰ
2389 4735 2486 4803 μὲν
2513 4734 2627 4786 ἐστι
2653 4733 2942 4794 πολυτόκα,
2961 4732 3026 4784 τὰ
3053 4732 3107 4784 δὲ
3138 4732 3421 4800 μονοτόκα.

1860 4820 2002 4873 τοῦτ’
2033 4820 2096 4874 ἄν
2124 4839 2204 4885 τις
2231 4822 2432 4889 δόξειεν
2465 4823 2697 4890 εὐλόγως
2721 4821 3035 4892 θαυμάζειν.
3064 4821 3143 4874 Τὰ
3173 4818 3279 4892 γὰρ
3329 4823 3424 4890 μὲ-

1863 4933 2021 4987 γιστα
2055 4917 2320 4986 μονοτὸκα
2348 4916 2451 4969 τῶν
2479 4916 2629 4981 ζώων
2663 4915 2828 4977 ἐστὶν,
2855 4909 2962 4967 οἷον
2994 4914 3210 4982 ἐλέφας,
3245 4913 3427 4984 κάμη-

1862 5012 1971 5075 λος,
2005 5011 2188 5073 ῖππος,
2224 5011 2316 5062 καὶ
2347 5007 2416 5062 τὰ
2447 5008 2687 5079 μώνυχα.
2725 5007 2788 5059 Et
2826 5007 2950 5076 quia
2999 5005 3331 5076 probabilius
3376 5004 3430 5058 id

1865 5102 2171 5167 videbatur,
2203 5101 2408 5170 majora
2444 5100 2719 5160 animalia,
2754 5114 2876 5153 cum
2914 5099 3034 5167 plus
3081 5096 3305 5152 seminis
3351 5095 3431 5152 ef-

1865 5195 2007 5250 ferre
2034 5202 2277 5264 possent,
2314 5193 2466 5262 plura
2500 5192 2663 5246 etiam
2707 5205 2987 5261 generare,
3023 5188 3180 5258 cujus
3212 5198 3430 5243 contra-

1867 5285 2007 5339 rium
2057 5284 2255 5337 mirum
2303 5293 2405 5338 est.
2439 5281 2751 5353 ReSpondet
2776 5282 2902 5336 huic
2953 5289 3274 5350 argumento
3297 5280 3432 5333 vali-

1867 5377 2092 5431 dissima
2126 5376 2355 5437 ratione,
2385 5375 2729 5442 maximeque
2758 5374 2971 5437 idonea,
3005 5371 3430 5443 magnitudinem

1870 5467 2075 5523 scilicet
2105 5480 2293 5520 eorum
2341 5463 2396 5517 id
2440 5463 2615 5517 facere
2654 5480 2719 5516 ne
2765 5464 2933 5516 multa
2981 5461 3231 5530 pariant;
3276 5460 3434 5514 cibus

1869 5560 2012 5616 enim
2065 5559 2120 5612 in
2173 5557 2240 5612 iis
2283 5557 2586 5611 absumitur
2619 5555 2672 5608 in
2720 5557 2968 5623 corporis
3007 5555 3432 5617 incrementum;

1871 5653 2172 5706 minoribus
2221 5664 2347 5703 vero
2391 5657 2584 5702 natura
2636 5647 2901 5701 demendo
2931 5649 2995 5700 de
3041 5643 3434 5714 magnitudine,

1872 5760 2068 5814 augere
2130 5745 2181 5816 in
2249 5747 2595 5797 excremento
2661 5739 2907 5793 scminali
2970 5736 3435 5806 exsuperantiam.

1871 5839 2034 5910 idque
2068 5836 2348 5895 confirmat
2376 5833 2479 5889 alia
2515 5833 2744 5899 ratione,
2776 5831 3018 5886 videlicet
3055 5831 3172 5900 plus
3215 5826 3440 5884 seminis
