4042 6338
134 383 278 441 9‘9
1175 385 1242 440 IN
1289 384 1664 460 EUSTATHII
1703 383 2179 443 HEXAEIERON
2220 382 2454 441 ΝΟΤΕ.
3315 391 3422 444 97:0

128 505 535 573 quinquennis,
580 505 777 573 femina
813 505 1075 561 decennis.
1126 508 1490 576 Aristoteles,
1537 509 1635 564 lib.
1678 527 1697 562 ι

1802 547 1808 570 ι
1836 507 1971 579 πρὸς
1989 505 2173 577 φιλίαν
2191 506 2539 578 μνημονικόν.
2563 505 2910 570 Aristoteles,
2933 505 3010 560 De
3023 505 3208 559 histor.
3226 507 3412 570 anim.,

124 592 230 649 Dc
271 595 468 650 histor.
494 598 679 659 cuii...
713 613 829 666 cap.
862 598 955 661 27,
1016 602 1232 656 nonnisi
1267 602 1527 658 vicesimo
1557 603 1734 659 atatis
1833 598 1928 656 lib.
1959 612 2034 662 VI,
2060 611 2184 667 cap.
2214 595 2307 659 ἥ,
2339 593 2742 650 Salacissimum
2779 598 3034 660 omnium,
3055 607 3164 650 tum
3194 597 3416 665 [antino-

127 699 316 741 anno
347 688 494 743 coire
537 688 717 742 tradit.
757 686 1100 756 Elephantus,
1151 699 1261 744 tam
1297 707 1413 746 nias
1450 709 1608 763 quam
1649 692 1732 762 fe—
1831 697 2081 742 rumturn
2111 690 2363 751 marium,
2389 704 2551 758 equus
2565 697 2665 752 est,
2684 688 2892 742 homine
2915 697 3148 754 excepto,
3171 698 3225 744 et
3243 703 3415 758 equas

125 779 341 842 mina,
366 779 548 847 incipit
575 781 714 834 coire
735 798 873 834 anno
901 782 1074 835 aetatis
1093 782 1353 837 vicesimo.
1387 783 1582 838 Mirum
1599 799 1732 840 sane
1829 779 2056 835 libidine
2109 780 2347 835 maxime
2393 779 2613 835 incendi
2648 790 2838 834 auctor
2881 788 2966 836 est
2991 779 3267 843 Elianus,
3310 781 3406 837 lib.

121 858 404 938 Quanam
437 871 644 925 ratione
669 871 888 940 quidam
913 871 966 924 in
999 871 1053 925 d.
1088 873 1266 926 locum
1297 873 1460 928 Plinii
1494 889 1561 928 ex
1602 874 1729 927 Ari-
1828 885 1883 924 Iv
1910 870 1985 924 De
2020 871 2211 926 histor.
2246 871 2497 935 animal.,
2529 885 2652 942 cap.
2699 872 2799 938 ll;
2854 887 3024 941 quare
3057 882 3111 927 et
3153 873 3412 928 mulieres

125 960 360 1014 stotele
375 958 721 1024 adnotarent,
747 977 868 1017 eum
896 963 1130 1026 tradere,
1165 964 1465 1032 elephantos
1493 982 1596 1018 non
1623 965 1729 1020 nisi
1828 960 2153 1018 libidinosas
2182 964 2252 1017 ab
2275 963 2358 1018 eis
2387 964 2480 1034 qui
2517 963 2826 1019 convicium
2857 963 3037 1018 facere
3062 965 3284 1018 student
3312 980 3412 1018 vo-

115 1059 263 1117 post
309 1052 611 1105 vicesimum
663 1070 858 1107 annum
901 1057 1062 1116 coire,
1114 1065 1206 1107 aut
1250 1056 1475 1126 gignere.
1515 1056 1725 1112 Plinius

117 1138 202 1194 de
232 1154 444 1194 eorum
477 1142 836 1211 appellatione
868 1143 921 1196 in
948 1142 1122 1205 ltalia,
1149 1158 1273 1212 cap.
1317 1143 1371 1206 6,
1405 1141 1724 1212 Elephantos

117 1229 152 1285 1
159 1231 320 1286 talia
352 1233 581 1300 primum
610 1233 735 1286 vidit
767 1233 964 1304 Pyrrhi
1002 1236 1136 1303 regis
1167 1235 1322 1298 bello,
1346 1248 1395 1290 et
1440 1235 1589 1290 boves
1619 1233 1725 1289 Lu-

116 1334 224 1372 cas
272 1321 586 1387 appellavit,
617 1323 672 1375 in
711 1321 936 1378 Lucanis
967 1326 1104 1380 visos
1134 1341 1274 1378 anno
1298 1325 1442 1380 urbis
1467 1325 1723 1395 quadrin-

112 1413 436 1481 gentesimo
473 1415 847 1482 septuagesimo
877 1416 1121 1470 secundo.
1158 1415 1294 1471 Hinc
1322 1425 1376 1470 et
1422 1417 1570 1471 boves
1615 1416 1722 1470 Lu-

116 1502 258 1554 cani
300 1512 576 1556 vocantur
622 1507 689 1555 ab
717 1500 946 1568 Isidoro,
985 1507 1082 1560 lib.
1115 1522 1174 1568 II,
1206 1507 1370 1576 capit.
1404 1506 1474 1572 2;
1523 1506 1720 1572 Varro,

113 1594 226 1649 lib.
261 1610 350 1658 VI,
382 1595 458 1650 De
487 1598 666 1666 lingua
700 1595 914 1662 Latina,
955 1613 1055 1654 nec
1081 1614 1113 1652 a
1161 1599 1350 1671 Libya,
1395 1614 1495 1655 nec
1531 1613 1562 1654 ι
1607 1600 1719 1655 Lu-

114 1686 300 1740 cania
341 1687 526 1742 dictos
562 1698 738 1758 putat,
770 1689 863 1745 sed
895 1706 923 1745 a
971 1690 1107 1754 luce,
1139 1691 1286 1761 quod
1316 1693 1474 1763 longe
1508 1694 1721 1748 reluce-

115 1782 261 1834 bant
301 1791 532 1852 propter
560 1783 842 1838 inauratos
881 1785 1062 1854 regios
1103 1786 1347 1856 clypeos,
1376 1786 1576 1856 quibus
1602 1795 1719 1840 tur-

1825 1053 1938 1105 cari
1956 1052 2154 1107 ‘solere
2193 1068 2379 1123 equas.
2437 1052 2623 1116 Μόνας
2663 1053 2846 1107 ἀκούω
2874 1053 2981 1107 τῶν
3011 1052 3166 1116 ζώων
3194 1053 3292 1116 τὰς
3320 1055 3411 1107 ἴπ-

1828 1157 1962 1204 πους
1995 1142 2091 1194 καὶ
2123 1141 2362 1205 κυούσας
2387 1141 2682 1212 ὑπομένειν
2705 1143 2805 1214 τὴν
2827 1144 2937 1196 τῶν
2968 1143 3215 1215 ἀρρένων
3241 1144 3403 1214 μίξιν.

1825 1226 1978 1285 Εἶναι
2006 1231 2113 1302 γὰρ
2135 1232 2498 1300 λαγνιστάτας
2522 1249 2535 1262 ο
2557 1231 2645 1286 διὰ
2671 1231 2845 1285 ταῦτά
2870 1250 2950 1285 τοι
2977 1235 3067 1286 καὶ
3092 1233 3198 1286 τῶν
3224 1248 3409 1300 γυναι-

1825 1321 1936 1374 κῶν
1961 1322 2057 1386 τὰς
2086 1323 2440 1387 ἀκολάστους,
2470 1324 2576 1378 ὑπὸ
2611 1325 2719 1378 τῶν
2760 1325 3096 1397 σεμνοτέρως
3122 1324 3289 1388 αὑτὰς
3310 1325 3404 1378 εὖ·
3477 1375 3484 1382 .

1823 1411 2085 1465 θυνόντων
2125 1412 2406 1468 καλεῖσθαι
2453 1415 2672 1478 ἵππους.
2728 1413 2792 1468 Ει
2839 1415 3159 1471 Aristoteles
3203 1431 3402 1486 equam

1820 1515 2015 1558 natura
2047 1505 2390 1560 libidinosam
2423 1508 2657 1569 vocavit,
2685 1506 2778 1560 lib.
2816 1522 2866 1560 Iv
2904 1506 2980 1560 De
3008 1523 3180 1576 gener.
3208 1508 3399 1571 anim.,

1821 1609 1942 1664 cap.
1978 1595 2031 1652 5.
2066 1595 2195 1651 Sola
2218 1597 2359 1651 enim
2397 1597 2734 1660 animalium,
2772 1605 2833 1652 ut
2873 1597 3013 1654 idem
3045 1598 3240 1668 inquit,
3278 1615 3399 1651 mu-

1821 1685 1920 1739 lier
1949 1695 1999 1740 et
2032 1703 2165 1757 equa
2207 1689 2428 1759 gravida
2467 1692 2660 1743 coitum
2709 1691 3027 1756 patiuntur;
3068 1698 3122 1746 et
3163 1691 3397 1761 librum

1821 1775 1900 1829 De
1921 1777 2108 1833 histor.
2145 1780 2396 1848 animal.,
2431 1796 2552 1850 cap.
2591 1782 2646 1845 4,
2678 1779 2872 1835 Mulier
2896 1791 2945 1834 et
2980 1798 3132 1849 equa,
3165 1783 3397 1836 omnium

117 1887 214 1926 res
248 1887 454 1925 eorum
485 1881 691 1926 "mam
717 1874 953 1929 fuel-ul“.
985 1879 1149 1929 Arma
1173 1891 1384 1940 eorum,
1423 1883 1482 1930 υι
1507 1892 1573 1930 εχ
1602 1876 1714 1930 Ριί-
1746 1857 1788 1915 Β
1818 1867 2042 1921 maxime
2060 1869 2392 1932 animalium,
2409 1869 2642 1938 gravida:
2656 1871 2848 1923 coitum
2865 1870 3394 1939 patiunturxtrtera,

113 1964 240 2027 nio,
277 1979 413 2032 cap.
467 1965 520 2025 5,
566 1965 850 2029 habemus,
882 1964 1018 2020 Juba
1054 1984 1147 2023 rex
1181 1984 1376 2022 cornua
1395 1968 1704 2037 appellavit.

116 2049 309 2104 Varro
375 2067 615 2121 quoque,
655 2053 750 2108 lib.
797 2069 852 2108 γι
894 2055 969 2109 De
997 2056 1179 2126 lingua
1222 2056 1435 2127 Latina,
1468 2064 1558 2118 illa
1585 2077 1708 2118 esse

111 2156 339 2196 cornua
398 2151 575 2211 putat,
645 2152 700 2198 et
743 2146 1063 2212 Pausanias,
1118 2150 1210 2204 lib.
1261 2168 1312 2209 v.
1356 2162 1409 2208 et
1455 2154 1706 2212 Elianus

114 2231 248 2286 libr.
282 2248 386 2285 ιιν
420 2232 489 2286 De
523 2234 711 2288 histor.
749 2239 937 2300 anim.,
969 2239 1135 2308 capit.
1182 2257 1234 2299 v,
1262 2249 1316 2295 et
1351 2243 1445 2298 lib.
1479 2259 1552 2311 Iv,
1580 2261 1701 2315 cap.

109 2323 214 2386 ὄις
248 2330 308 2378 et
357 2325 661 2393 Oppianus,
694 2328 816 2384 libr.
856 2346 893 2383 ιι
924 2332 1170 2399 Evr-mm,
1200 2335 1546 2402 reprehendit
1586 2340 1706 2392 vul-

114 2431 308 2484 garem
360 2417 678 2486 Opinionem
727 2421 794 2474 de
839 2421 999 2475 dente
1045 2425 1354 2492 elephanti,
1403 2435 1458 2481 et
1509 2430 1704 2499 probat

112 2504 342 2560 duobus
369 2511 731 2576 argumentis,
759 2519 872 2564 tum
896 2512 1039 2579 quod
1069 2530 1099 2566 e
1129 2515 1306 2583 capite
1334 2517 1563 2582 oriatur,
1591 2519 1704 2576 sive

116 2611 185 2650 ex
236 2597 462 2660 cranio,
510 2599 654 2667 quod
709 2616 914 2655 cornua
971 2605 1249 2672 proprium
1314 2608 1544 2673 habent;
1587 2620 1699 2665 tum

113 2687 264 2756 quod
296 2702 362 2742 se
394 2690 730 2757 poliendum,
759 2694 1075 2759 secandum,
1106 2695 1431 2766 fingendum,
1462 2702 1702 2770 formati-

118 2778 367 2847 dumque
424 2781 678 2847 praebeat,
724 2784 866 2851 quod
914 2801 1180 2854 nusquam
1233 2788 1422 2842 dentes
1473 2791 1696 2845 faciunt.

119 2865 324 2922 Dentes
358 2875 544 2922 tamen
579 2886 699 2924 esse
737 2911 751 2933 ,
792 2881 847 2926 et
894 2890 999 2926 non
1031 2890 1236 2928 cornua
1267 2885 1490 2932 tuentur
1529 2878 1700 2934 Hero-

117 2956 321 3024 dotus;
354 2958 700 3024 Aristoteles,
734 2962 828 3016 lib.
866 2979 924 3016 ιιι
959 2965 1029 3016 De
1060 2967 1255 3033 partib.
1300 2970 1544 3034 animoL,
1576 2987 1694 3040 cap.

117 3044 170 3104 2,
219 3055 277 3100 et
324 3048 455 3102 libr.
492 3065 529 3103 ιι
581 3048 785 3106 Histor.
830 3055 1073 3119 animal.,
1126 3072 1248 3126 cap.
1297 3059 1360 3125 5;
1409 3059 1695 3131 Dionysius

117 3134 274 3200 Afer,
304 3138 708 3209 ’Hepmrritret.
731 3144 962 3206 Plinius,
993 3145 1114 3200 libr.
1152 3165 1268 3211 vm,
1296 3166 1415 3218 cap.
1447 3152 1481 3205 5
1502 3171 1515 3217 ;
1535 3152 1694 3207 Clau~

1813 1955 1903 2007 ubi
1921 1957 2138 2026 gravida
2160 1941 2377 2027 fuerint,
2395 1960 2603 2028 fugiunt
2631 1977 2825 2023 mares,
2856 1977 2919 2015 ea
2945 1960 3144 2015 scilicet
3171 1977 3394 2030 quorum

1813 2057 2004 2100 natura
2020 2051 2342 2120 superfetare
2357 2068 2500 2104 more
2515 2051 2704 2120 leporis
2720 2062 2942 2106 recusat.
2960 2052 3188 2115 Plinius,
3219 2053 3312 2107 lib.
3336 2070 3390 2116 ι,

1811 2152 1930 2207 cap.
1961 2139 2051 2203 43,
2075 2147 2128 2194 et
2153 2156 2304 2195 suem
2328 2141 2632 2211 conjungit.
2664 2141 2860 2195 Mirum
2897 2153 2954 2195 ut
2993 2144 3391 2212 quadrupedum

1808 2239 2134 2298 pregnanles
2181 2231 2427 2285 Venerem
2459 2244 2658 2294 arcent,
2695 2243 2884 2302 prteter
2919 2252 3104 2304 equam
3143 2244 3191 2288 et
3222 2252 3386 2288 suem.

1810 2317 2095 2374 Rationem
2139 2321 2304 2390 hujus
2353 2323 2523 2378 habes
2573 2325 2714 2392 apud
2755 2326 3126 2388 Aristotelem,
3181 2326 3275 2379 lib.
3335 2341 3390 2382 Iv

1810 2406 1886 2461 De
1924 2413 2258 2478 generatione
2297 2413 2542 2478 animal.,
2587 2430 2709 2483 cap.
2748 2415 2800 2468 5.
2837 2413 2901 2466 Et
2924 2415 3051 2484 quia
3088 2416 3261 2470 solida
3291 2432 3387 2471 na-

1809 2504 1932 2553 tura
1954 2509 2040 2556 est
2070 2519 2084 2555 :
2117 2514 2170 2556 et
2203 2503 2375 2557 solida
2414 2514 2543 2558 sunt
2573 2504 2803 2560 Veneris
2835 2510 3229 2574 appetentiora,
3261 2523 3385 2561 cum

1809 2604 2028 2646 careant
2061 2597 2400 2664 purgatione,
2427 2612 2547 2666 qua:
2573 2597 2794 2666 perinde
2819 2608 2901 2653 est
2931 2598 3166 2662 feminis,
3197 2607 3255 2651 ut
3274 2599 3388 2653 coi-

1809 2692 1897 2737 tus
1935 2673 2211 2748 niarib‘us;
2248 2693 2302 2738 et
2330 2700 2469 2755 equa
2507 2698 2786 2741 menstrua
2825 2688 3046 2743 minime
3071 2690 3289 2742 emittit.
3324 2687 3388 2743 Et

1807 2772 1952 2842 quod
1983 2773 2059 2827 illi
2107 2774 2312 2844 aliquid
2348 2779 2510 2846 spatii
2550 2779 2606 2833 in
2642 2788 2798 2834 utero
2837 2788 3111 2848 superest,
3151 2780 3387 2849 amplius

1806 2879 1968 2934 quam
1992 2873 2051 2919 ut
2080 2866 2148 2920 ab
2171 2883 2278 2920 uno
2307 2877 2626 2937 occupetur,
2649 2870 2855 2924 arctius
2880 2884 3042 2938 quam
3073 2876 3131 2921 ut
3153 2871 3385 2922 alterum

1806 2953 2047 3021 perfecte
2092 2957 2265 3024 possit
2310 2957 2673 3026 superfetari;
2718 2967 2771 3014 et
2817 2959 2909 3013 lib.
2954 2975 3025 3012 VII
3073 2959 3148 3012 De
3193 2960 3381 3015 histor.

1806 3046 2053 3110 animal.,
2083 3062 2205 3118 cap.
2238 3047 2327 3112 22,
2360 3065 2627 3118 equorum
2681 3058 2810 3106 tunc
2852 3059 3154 3105 armentum
3201 3051 3381 3120 perfe-

1804 3147 1954 3189 ctum
1993 3152 2139 3204 esse,
2180 3154 2304 3193 cum
2351 3153 2603 3211 parentes
2628 3158 2780 3197 suam
2824 3143 3011 3197 ineunt
3041 3144 3268 3212 prolem,
3298 3145 3382 3198 vel

118 3225 338 3294 dianus,
370 3231 467 3284 lib.
505 3249 560 3284 ιιι
607 3233 682 3286 De
721 3235 964 3290 laudibus
996 3237 1303 3304 Stiliconis;
1338 3241 1535 3306 llorus,
1573 3245 1695 3298 libr.

1802 3224 1934 3292 pulli
1980 3235 2205 3281 matres.
2243 3226 2517 3298 Quidquid
2563 3237 2742 3285 tamen
2782 3233 2874 3295 sit,
2912 3233 3143 3304 insignis
3189 3235 3381 3303 legitur

121 3326 184 3375 II,
211 3329 333 3383 cap.
375 3315 467 3369 88.
505 3319 655 3372 Hanc
684 3325 1008 3376 sententiain
1035 3329 1222 3380 multis
1248 3331 1545 3386 rationibus
1579 3349 1702 3387 con-

120 3401 300 3457 firmat
327 3406 720 3473 Philostratus,
752 3412 873 3466 libr.
903 3431 940 3468 II
975 3415 1049 3467 De
1090 3415 1207 3470 Vita
1237 3421 1521 3486 Apollonii.
1556 3425 1699 3478 Pau-

119 3497 287 3550 saniae
324 3511 652 3569 argumenta
699 3520 795 3572 pro
849 3508 1022 3574 pi-ima
1074 3513 1342 3565 sententia
1390 3531 1551 3583 quam
1591 3519 1701 3572 sint

123 3585 337 3644 infirma
391 3592 556 3648 docet
608 3593 848 3653 Joannes
909 3600 1166 3656 Bodinus.
1225 3603 1538 3674 Juvenalis,
1601 3609 1698 3664 Sa-

122 3688 222 3748 tyr.
260 3680 356 3737 ll:

222 3769 484 3855 gentibus
508 3792 576 3855 ea:
598 3778 706 3855 illis
736 3795 862 3846 quos
886 3783 1055 3855 _u_tittit
1088 3801 1246 3851 porca
1272 3805 1470 3855 syenes,

329 3843 517 3927 Mauri
546 3840 852 3927 ιηςίείἰεδξυεοε.⁸
875 3851 1068 3927 Mauro
1088 3840 1371 3927 obscurior
1402 3840 1589 3927 Itilius,

226 3910 295 3991 ξι
320 3929 448 3991 quos
476 3916 715 3991 deposuit
742 3910 1018 3991 Nubat/leo
1051 3924 1224 3979 bellua
1252 3910 1416 3991 saltu,

224 3978 350 4033 lam
385 3978 601 4048 nimios,
639 3990 895 4059 capitique
928 4011 1132 4062 graves.

125 4085 188 4140 Et
213 4092 432 4147 tandem
457 4107 515 4149 ut
535 4097 616 4151 his
641 4105 1032 4158 controversiis
1057 4109 1383 4165 enarramlis
1410 4109 1571 4166 linem
1599 4113 1695 4167 im-

128 4192 338 4246 ponam,
359 4182 648 4242 Cardanus
681 4200 842 4260 negat
863 4195 1029 4246 ullum
1052 4198 1250 4250 animal
1275 4203 1463 4254 tandiu
1490 4205 1689 4268 vivere,

126 4269 259 4325 duce
293 4284 346 4326 et
395 4279 660 4346 magistro
691 4282 999 4348 Aristotele,
1031 4288 1124 4362 qui
1157 4291 1249 4341 lib.
1304 4290 1376 4343 De
1430 4294 1611 4362 longét.
1642 4305 1691 4349 et

128 4363 372 4419 brevitate
435 4373 558 4421 vitae
625 4375 698 4425 ait
768 4359 1082 4430 animalium
1156 4381 1500 4444 elephantum
1571 4403 1691 4441 eSse

126 4461 175 4503 et
205 4453 534 4526 longissima:
582 4467 706 4519 vita:
740 4485 752 4520 :
791 4476 844 4521 et
879 4471 1024 4523 varie
1056 4485 1274 4525 causam
1335 4475 1686 4543 longitudinis

1803 3313 2046 3364 narratio
2074 3313 2140 3366 de
2171 3317 2420 3370 castitate
2452 3332 2749 3386 equorum;
2783 3320 2868 3372 ubi
2888 3322 3032 3373 enim
3063 3323 3265 3391 pullus,
3285 3323 3380 3376 do-

1803 3397 1933 3453 losis
1963 3401 2336 3466 vaframentis,
2365 3404 2608 3473 olcisque
2640 3405 3005 3476 fragrantibus
3033 3417 3088 3462 et
3115 3409 3379 3464 odoribus

1799 3489 2080 3559 deceptus,
2100 3507 2222 3545 cum
2251 3503 2442 3558 matre,
2462 3505 2514 3549 et
2541 3497 2654 3565 ipsa
2686 3498 2879 3560 inscia,
2902 3499 3166 3553 incestum
3201 3501 3379 3553 admi-

1798 3583 1994 3649 sisset;
2039 3598 2096 3638 re
2128 3592 2249 3653 post
2289 3588 2398 3641 tale
2438 3586 2698 3658 flagitium
2734 3593 2974 3659 cognita.
3007 3603 3059 3646 et
3103 3593 3285 3659 pullus
3319 3603 3376 3648 et

1798 3682 1973 3727 mater
1994 3675 2300 3743 prmeipites
2328 3692 2386 3730 se
2405 3689 2656 3748 egerunt.
2680 3680 2807 3734 Eam
2836 3681 3004 3737 habes
3030 3682 3173 3750 apud
3201 3680 3376 3738 Elia-

1797 3781 1950 3827 num,
1994 3765 2069 3819 De
2111 3767 2237 3822 hist.
2284 3770 2504 3823 animal.
2551 3771 2646 3825 lib.
2679 3786 2750 3832 Iv,
2795 3787 2916 3841 cap.
2953 3772 3015 3838 7;
3064 3772 3370 3841 Oppianum

1796 3857 2005 3927 Κυνηγ.
2042 3857 2134 3911 lib.
2165 3875 2236 3922 II;
2267 3859 2615 3916 Aristotelem
2651 3904 2664 3926 ,
2715 3863 2806 3916 lib.
2845 3879 2894 3915 Ix
2939 3862 3015 3915 De
3045 3863 3230 3918 histor.
3259 3867 3373 3918 ani-

1796 3946 1950 4012 mal.,
1983 3931 2102 4015 ca‘p.
2144 3947 2248 4008 l7;
2292 3948 2550 4015 Plinium,
2585 3953 2677 4006 lib.
2708 3969 2824 4017 vIII,
2876 3967 2993 4022 cap.
3019 3953 3120 4018 ης
3168 3953 3372 4008 Varro-

1795 4049 1940 4097 nem,
1994 4036 2085 4088 lib.
2129 4051 2165 4089 ιι
2202 4037 2280 4090 De
2338 4056 2394 4093 re
2448 4042 2666 4104 rustica,
2704 4058 2823 4111 cap.
2871 4043 2924 4096 7.
2962 4043 3064 4107 Qui
3111 4045 3212 4098 etsi
3261 4061 3369 4099 non

1792 4139 1983 4180 omnes
2013 4128 2067 4181 in
2091 4129 2342 4184 omnibus
2371 4134 2722 4195 conveniunt,
2746 4133 2838 4187 sed
2861 4135 3016 4188 aliter
3046 4135 3185 4190 alius
3217 4150 3369 4189 com-

1794 4223 2076 4279 memoret,
2111 4226 2312 4271 statum
2351 4220 2403 4272 id
2434 4232 2535 4283 est,
2560 4222 3202 4293 firmumque,equosque
3243 4227 3366 4280 Illos

1793 4318 1905 4358 sua:
1933 4308 2272 4363 castimonia?
2310 4323 2682 4375 monumenta,
2718 4325 2891 4368 morte
2925 4318 3142 4384 propria
3177 4329 3363 4384 poste-

1791 4397 1865 4449 ris
1894 4399 2203 4469 reliquisse.
2255 4401 2462 4454 Similia
2497 4419 2712 4472 quoque
2741 4405 2807 4458 de
2843 4405 3066 4458 camelis
3102 4405 3368 4460 Aristote-

1791 4488 1869 4543 les
1898 4491 2030 4546 ihid.
2067 4501 2273 4554 narrat,
2306 4502 2358 4547 et
2398 4498 2596 4564 repetit
2631 4498 2769 4563 Περὶ
2809 4498 3156 4566 θαυμασίων
3187 4499 3365 4551 ἀκου-

127 4542 400 4604 brevitatis
458 4554 580 4607 vitae
642 4563 1018 4627 prosequitur,
1080 4573 1130 4616 et
1175 4562 1250 4616 De
1291 4542 1526 4632 generat.
1578 4573 1686 4623 ani-

129 4636 229 4657 μη,
283 4638 349 4657 ιι
777 4649 789 4657 -
910 4653 918 4657 -
1128 4656 1133 4657 κ

1853 4542 1860 4543 ,
1929 4542 1932 4543 ν
1995 4542 2030 4546 η
2311 4542 2356 4547 ν-
2400 4542 2596 4564 ηρ---
2631 4542 2768 4563 ,ην
2810 4542 2906 4550 ν..-

1802 4579 2048 4646 γμάτων,
2082 4591 2133 4635 et
2157 4582 2407 4639 Elianus
2440 4586 2532 4639 lib.
2565 4603 2645 4647 III,
2673 4603 2790 4657 cap.
2830 4588 2918 4641 47.

129 4636 247 4686 mal.
283 4638 373 4692 lib.
401 4657 472 4700 iv,
499 4659 620 4713 cap.
654 4647 741 4711 10,
777 4649 1049 4706 hominem
1086 4656 1205 4720 plus
1241 4660 1498 4726 temporis
1521 4678 1682 4727 quam

128 4727 346 4792 quodvis
386 4737 584 4790 animal
623 4740 800 4794 vivere
851 4748 1062 4808 scr-ibit,
1100 4761 1324 4812 excepto
1371 4753 1679 4819 elephanto.

128 4817 292 4874 Julius
324 4823 569 4897 Scaliger
618 4838 838 4887 exercit.
891 4838 995 4891 204
1043 4843 1378 4893 contrarium
1434 4847 1564 4897 vult.
1621 4847 1682 4900 Ni

131 4910 323 4977 majora
359 4933 442 4970 Ine
473 4922 542 4972 ab
580 4922 768 4975 barum
796 4930 1246 4984 exercitationum
1271 4936 1451 4987 studio
1483 4937 1684 4989 distra-

131 4999 329 5063 herent,
371 5013 713 5065 ostenderem
741 5023 891 5071 tanto
920 5020 1055 5074 viro.
1089 5034 1345 5086 quantum
1380 5028 1430 5076 in
1477 5028 1682 5082 Aristo—

131 5099 142 5135 ί
182 5091 240 5142 iis
269 5094 510 5151 doctrina
551 5104 730 5156 varius
760 5125 769 5157 :
796 5124 1056 5174 quantum
1091 5114 1154 5163 ἢ)
1190 5114 1306 5179 ipso
1341 5117 1678 5180 Aristoteles,

129 5188 174 5228 et
199 5181 312 5248 ejus
355 5196 766 5256 argumentandi
803 5203 980 5264 modo,
1016 5207 1496 5274 perquireznla‘que
1544 5215 1681 5264 vei-i-

155 5280 249 5324 .lllS
281 5289 487 5335 ratione
521 5285 634 5337 diu
651 5302 771 5340 rsus
800 5290 1032 5344 alie-Iret.

192 5362 302 5415 Col.
363 5368 480 5432 744,
533 5374 627 5430 lin.
679 5377 729 5428 4.
785 5383 1007 5448 θείμὸς
1058 5388 1089 5435 ι]
1150 5387 1328 5451 7.2m;-
1412 5387 1676 5457 Basilius,

134 5445 266 5502 ³³01⁸³-
294 5459 361 5510 ‘J:
399 5463 668 5536 Ίδιειιμεισι
698 5469 752 5519 δὲ
781 5471 1052 5543 ὅιαᾳὸροις
1103 5475 1328 5529 ἕκαστον
1376 5479 1482 5530 τῶν
1526 5479 1679 5543 ζώων

134 5551 382 5639 ξεκριται.
412 5556 688 5624 Humili};
713 5562 808 5628 μὲν
837 5565 942 5632 γὰρ
974 5567 1001 5612 ὁ
1026 5568 1169 5635 fio-3:.
1202 5571 1374 5639 νωθὴς
1403 5573 1457 5623 δὲ
1490 5574 1675 5637 eam,

136 5625 316 5733 ξξρμδς
342 5641 394 5695 δὲ
425 5649 453 5698 ὁ
484 5653 642 5715 ἵππος
681 5655 813 5722 πρὸς
862 5657 1150 5726 ἐπιθυμίαν
1182 5663 1276 5714 τοῦ
1307 5664 1515 5733 Βήλεος,
1557 5670 1672 5718 ἀτι-

133 5712 404 5794 Θάσσευτος
430 5741 457 5789 ὁ
497 5712 677 5805 iuncis,
703 5712 914 5816 dolepr
956 5748 988 5816 ἡ
1020 5712 1259 5821 illum;
1299 5712 1526 5824 δεξλδίξξ
1557 5757 1676 5807 ἐλα-

139 5825 241 5879 9ἓοῖι
269 5821 294 5872 ὁ
329 5827 544 5901 μύρμηξ
594 5837 891 5904 φιλόπδνος,
946 5842 1258 5913 εὐχάριστον
1305 5850 1332 5900 ὁ
1377 5851 1537 5906 κέων,
1585 5855 1674 5904 καὶ

1859 4671 1994 4727 lbitl.
2054 4677 2252 4741 Νωθός
2308 4680 2341 4730 ό
2397 4678 2536 4743 ὄνος
2594 4682 2716 4734 καί.
2780 4681 3048 4746 Basilius,
3104 4681 3249 4736 hom.
3288 4683 3358 4739 8:

1787 4759 1906 4814 Οἵδε
1931 4763 2028 4832 τὴν
2064 4767 2263 4836 συνήθη
2312 4770 2492 4838 φωνὴν
2527 4771 2553 4820 ὁ
2582 4772 2720 4835 ὄνος,
2755 4768 2891 4824 οἶδεν
2924 4773 3038 4824 ὁδὸν
3064 4773 3130 4842 ἧν
3162 4775 3360 4828 πολλά·-

1787 4869 1873 4912 xz;
1899 4852 2131 4916 ἑϐἁδισε,
2168 4858 2260 4908 καί
2295 4874 2396 4908 που
2428 4859 2518 4909 καὶ
2558 4859 2746 4929 eam;
2789 4861 2957 4912 ἐνίοτε
2995 4863 3358 4928 ἀποσφαλέντι

1784 4946 1988 5011 γίνεται
2023 4947 2100 5016 τῷ
2129 4950 2256 5002 ἄνω.
2294 4951 2366 5002 Τὸ
2388 4951 2443 5002 δὲ
2474 4952 2729 5023 ὁξυήκοον
2757 4954 2847 5004 τοῦ
2888 4953 3043 5015 ζῴου,
3077 4956 3196 5007 οὐδὲ
3233 4957 3358 5011 ἄλλο

1783 5053 1832 5087 τε
1885 5038 2026 5092 ἔγειν
2058 5039 2272 5106 λέγεται
2323 5042 2431 5092 τῶν
2486 5045 2773 5112 χερσαίων.
2813 5045 3083 5104 Ᾱίιιςιιιιιε,
3129 5047 3221 5098 lib.
3258 5065 3352 5109 νιι,

1784 5142 1902 5194 cap.
1937 5131 1995 5182 l9
2025 5148 2036 5180 :
2075 5131 2181 5184 Kal
2221 5134 2390 5185 ταῦτα
2424 5135 2479 5186 δὲ
2522 5136 2589 5187 τὰ
2625 5136 2726 5188 ἴδια
2758 5137 2866 5187 τῶν
2906 5137 3056 5199 ζώων
3092 5140 3264 5192 εἰπεῖν
3295 5141 3370 5195 oCr

1783 5221 1959 5289 χεῖρὸν
2004 5220 2139 5273 ἐστι.
2203 5224 2549 5295 Νωῦέστερόν
2599 5244 2712 5288 πως
2753 5228 2898 5278 δοκεῖ
2943 5227 3209 5296 πρόϐατον
3262 5235 3351 5282 καὶ

1782 5308 1916 5369 ὄνος.

1855 5399 2014 5462 Ibid,
2066 5401 2161 5455 liti.
2217 5404 2268 5458 5.
2317 5407 2712 5470 Μνησίκαλον
2743 5409 3025 5476 κάμηλος.
3085 5410 3346 5472 Basilius,

1783 5493 1927 5546 hom.
1965 5493 2034 5546 8:
2067 5494 2140 5546 Τὸ
2168 5495 2221 5546 δὲ
2251 5496 2356 5548 τῶν
2389 5499 2644 5567 καμήλων
2679 5501 3029 5567 μνησίκακον,
3052 5502 3140 5553 καὶ
3183 5502 3346 5571 βαρ-3-

1784 5602 1930 5652 μηνι,
1969 5585 2060 5636 καὶ
2090 5586 2307 5656 διαρκὲς
2333 5588 2467 5656 πρὸς
2494 5589 2661 5659 ὀργὴν
2690 5591 2739 5642 τί
2774 5593 2839 5642 ἂν
2870 5593 3204 5669 μιμήσασύαι
3244 5595 3348 5646 τῶν

1781 5675 2075 5730 θαλαττίων
2117 5677 2364 5740 δύναιτο;
2394 5679 2565 5730 Πάλαι
2607 5682 2732 5732 ποτὲ
2777 5683 3040 5749 πληγεῖσα
3084 5684 3344 5754 κάμηλος,

1784 5764 1978 5837 μακρῷ
2013 5768 2184 5837 χρόνῳ
2226 5771 2629 5838 ταμιευσαμένη
2662 5772 2758 5839 τὴν
2797 5773 2975 5840 μῆνιν,
3016 5776 3233 5827 ἐπειδὰν
3255 5776 3346 5828 εἰ·

1785 5860 2004 5930 καιρίας
2026 5859 2274 5929 λάϐηται,
2306 5861 2364 5914 τὸ
2394 5861 2555 5914 κακὸν
2585 5864 2932 5918 ἀντιξιίόωςιν.
2954 5866 3344 5924 (lonﬁrmauxt-
