4042 6338
152 372 295 433 ,εδ

1168 371 1235 428 1N
1272 368 1645 428 nusrs'rnn
1687 349 2165 426 usxssneaon
2202 369 2435 428 ΝΟἸῈ.

3337 371 3446 426 954

165 499 308 562 cap.
335 487 423 549 83.
450 484 687 560 Singulis
714 486 980 545 mensibus
1002 499 1276 561 generant,
1309 489 1398 545 sed
1438 488 1576 560 fetus
1603 487 1761 543 edunt

1866 502 1949 539 τοι
1993 486 2101 539 τῶν
2147 486 2377 541 λεόντων
2437 487 2866 559 παραπλησίους.
2907 485 3266 557 Κατάπτερον
3294 485 3351 537 δὲ
3381 486 3454 539 τὰ

166 594 290 636 m
318 580 621 644 universos;
652 580 981 649 interpositis
1013 582 1153 635 enim
1183 580 1389 647 diebus,
1412 590 1538 652 quot
1565 597 1648 635 res
1679 590 1765 634 tu-

128 738 131 741 ,
168 670 307 726 km
332 680 585 741 peragunt
608 672 928 740 partionem.
963 671 1164 727 Eorum
1192 672 1582 729 fecunditatem
1613 678 1765 727 retu-

166 763 388 827 lerunt,
441 763 671 829 Plinius,
722 765 817 819 lib.
863 781 984 832 vni,
1034 780 1154 837 cap.
1191 767 1263 822 ‘29
1318 774 1373 822 et
1407 767 1507 831 55;
1542 764 1761 831 Strabo,

168 854 279 910 lib.
323 871 418 921 Ill;
450 854 704 921 Basilius,
736 856 883 912 born.
917 857 951 913 8
981 857 1274 921 ﬂamen;
1304 856 1541 931 Symeou
1582 856 1762 929 Logo-

164 944 335 1001 theta
363 961 430 1001 ex
465 946 656 1001 eodem
684 946 910 1013 Basilio,
946 958 1088 1004 orat.
1121 965 1155 1003 ν
1175 966 1189 1016 ;
1212 950 1537 1006 Ambrosius
1560 950 1655 1004 lib.
1685 948 1763 1005 De

169 1037 373 1106 Tobia,
407 1054 530 1111 cap.
567 1041 657 1104 15,
682 1051 737 1096 et
766 1058 989 1098 causam
1018 1052 1214 1114 praeter
1241 1045 1593 1099 Aristotelem
1626 1042 1765 1098 Pro-

164 1129 339 1185 blem.
373 1138 508 1187 sect.
556 1133 657 1188 l07
685 1142 740 1191 et
772 1151 823 1189 tv
864 1134 942 1189 De
986 1145 1219 1206 generat.
1268 1137 1491 1192 animal.
1530 1151 1653 1206 cap.
1703 1135 1760 1199 5,

165 1219 365 1277 reddit
416 1221 725 1282 Herodotus
753 1226 810 1282 in
851 1227 1044 1284 Thalia
1089 1244 1108 1281 :
1136 1228 1246 1283 Kal
1280 1246 1391 1295 κως
1421 1227 1518 1282 τοῦ
1545 1228 1694 1282 θείου
1725 1232 1760 1299 ἡ

160 1313 407 1385 ⁸προνοίη
443 1315 632 1388 ὥσπερ
668 1319 760 1372 καὶ
790 1319 938 1383 εἰκός
968 1320 1113 1372 ἐστιν
1147 1319 1313 1372 ἐοῦσα
1343 1320 1504 1390 σοφή·
1529 1321 1630 1373 ὅσα
1663 1320 1763 1389 μὲν

160 1407 293 1479 γὰρ
322 1407 500 1478 ψυχήν
531 1425 591 1462 τε
617 1408 785 1475 δειλὰ,
821 1412 913 1463 κα)⁵
946 1409 1204 1481 ἐδώδιμα,
1237 1411 1412 1465 ταῦτα
1449 1412 1549 1482 μὲν
1584 1411 1763 1463 πάντα

158 1498 452 1569 πολύγονα
487 1502 810 1573 πεποίηκεν,
840 1503 927 1557 ἵνα
976 1504 1051 1575 μὴ
1098 1504 1444 1576 ὲπιλεῑπηται
1477 1504 1763 1558 κατεσθιό-

165 1609 340 1664 μενα,
361 1594 458 1647 ὅσα
471 1594 528 1648 δὲ
548 1596 766 1666 σχέτλια
796 1599 889 1651 καὶ
916 1598 1114 1668 ἀνιηρά
1142 1597 1441 1666 ὀλιγόγονα,
1470 1597 1629 1649 τοῦτο
1664 1597 1763 1668 μὲν

158 1684 260 1738 ὅτι
295 1685 522 1754 λαγωὸς,
556 1688 661 1741 ὑπὸ
709 1688 907 1752 παντὸς
954 1688 1246 1761 θηρεύεται
1267 1689 1477 1760 θηρίου,
1501 1689 1763 1760 καὶὸρνι-

159 1775 291 1841 ὑος,
327 1780 419 1831 καὶ
446 1778 752 1851 ἀνθρώπου.
780 1780 936 1835 Οὕτω
962 1782 1025 1851 δή
1044 1800 1126 1835 τοι
1155 1783 1217 1835 τὸ
1245 1782 1537 1852 πολύγονόν
1569 1784 1719 1836 ἐστιν
1742 1800 1755 1813 ·

160 1869 556 1925 ἐπικυΐσκεται
584 1872 781 1942 μοῦνον
811 1873 1027 1927 πάντων
1058 1873 1167 1927 τῶν
1195 1874 1395 1945 θηρίων
1416 1892 1430 1904 ·
1459 1875 1634 1929 καὶτὸ
1662 1875 1759 1944 μὲν
1793 1853 1833 1907 Β

158 1963 314 2017 δασὺ
362 1963 468 2015 τῶν
513 1963 719 2017 τέκνων
750 1966 807 2018 ὲν
833 1968 898 2036 τῇ
930 1968 1148 2037 γαστρὶ,
1199 1966 1260 2018 τὸ
1301 1966 1358 2018 δὲ
1401 1964 1575 2035 ψιλὸν,
1608 1965 1668 2017 τὸ
1702 1965 1759 2018 δὲ

161 2054 306 2126 ἄρτι
334 2059 392 2110 ὲν
419 2060 545 2128 τῇσι
582 2058 821 2131 μήτρῃσι
864 2057 1183 2123 πλάσσεται,
1217 2059 1279 2111 τὸ
1331 2058 1389 2111 δὲ
1426 2060 1755 2130 ἀναιρέεται.

164 2146 284 2203 Hic
331 2149 495 2203 etiam
554 2149 687 2203 illud
745 2150 1291 2205 animadvertendum
1323 2151 1378 2205 in
1410 2151 1515 2205 hoc
1561 2165 1761 2220 genere
1791 2169 1811 2185 ο

163 2241 520 2308 animalium,
551 2256 661 2297 non
719 2250 932 2297 tantum
977 2242 1208 2297 feminas
1269 2256 1488 2298 uterum
1526 2243 1668 2298 ferre
1705 2251 1761 2299 et

165 2333 402 2404 gignere
459 2328 804 2389 observatum
835 2349 979 2397 esse,
1026 2334 1145 2398 sed,
1178 2334 1323 2404 quod
1376 2343 1462 2390 est
1512 2335 1761 2391 mirabile

164 2423 352 2487 dictu,
380 2425 545 2480 etiam
580 2440 759 2480 mares
787 2440 855 2480 ex
886 2440 1008 2481 sese
1031 2440 1224 2495 parere
1246 2435 1300 2480 et
1327 2426 1559 2480 nutrire.
1591 2425 1762 2480 Aﬁlia-

166 2531 286 2572 nus
310 2517 499 2573 scribit
515 2518 817 2587 probatque
841 2518 1075 2573 hominis
1102 2519 1431 2573 auctoritate
1458 2518 1562 2573 [ide
1582 2518 1760 2589 digni,

164 2609 273 2663 lib.
292 2625 390 2664 xm
408 2609 485 2665 De
498 2611 623 2666 hist.
650 2613 841 2674 anim.,
857 2626 978 2681 cap.
1014 2611 1100 2676 12,
1123 2611 1439 2683 Θηρατώδὲ
1456 2612 1648 2683 ἀνδρὸς
1667 2614 1762 2666 καὶ⁵

166 2699 246 2754 τά
268 2700 432 2771 ἕτερα
452 2700 679 2769 ἀγαθοῦ,
696 2702 810 2755 οἵου
838 2701 914 2773 μὴ
933 2702 998 2755 ἀν
1010 2701 1335 2770 ψεύσασθαι,
1353 2703 1507 2771 λόγον
1529 2706 1759 2776 ἥκουσα,

162 2791 275 2845 καὶ
298 2784 447 2863 αὐΐῷ
477 2794 840 2859 πεπίστευκα,
869 2796 983 2865 lege
1013 2796 1466 2864 experimentum,
1488 2804 1542 2851 et
1572 2813 1765 2851 narra-

160 2882 379 2938 tionem
408 2900 517 2940 non
539 2885 914 2955 iniucundam,
935 2887 1135 2955 quibus
1147 2888 1331 2942 subdit
1350 2907 1362 2941 :
1381 2888 1472 2960 Μὴ
1486 2889 1763 2944 πιστεύειν

158 2967 268 3028 οὖν
327 2974 405 3046 τῷ
455 2976 598 3047 λόγῳ
663 2978 847 3029 πεῖσαι
908 2980 1145 3048 ἐμαυτὸν
1196 2980 1257 3032 οὐ
1303 2979 1559 3051 δύναμαι,
1592 2982 1654 3035 τὸ
1706 2982 1763 3035 δὲ

162 3066 347 3120 αἴτιον
400 3071 434 3137 ή
482 3068 576 3122 τοῦ
653 3070 843 3141 ἀνδρὸς
905 3071 1150 3139 γλῶττα,
1205 3072 1329 3127 οὔτε
1390 3073 1584 3143 ψεῦδος
1639 3074 1762 3129 οὕτε

166 3155 391 3227 κόμπον
421 3159 709 3228 ἠπίστατο.
741 3161 980 3231 Ideoque
1011 3178 1111 3217 nec
1144 3165 1340 3218 mirum
1380 3166 1554 3221 videri
1599 3167 1761 3222 debet
1788 3192 1830 3248 ο

167 3248 221 3302 si
247 3250 469 3318 quidam
492 3253 862 3307 existimarint
894 3254 1109 3323 lepores
1129 3272 1253 3312 esse
1276 3259 1563 3329 utriusque
1588 3277 1752 3317 sexus

168 3343 491 3411 participes.
521 3340 657 3398 Cum
686 3346 829 3398 enim
853 3348 1103 3403 eumdem
1131 3350 1448 3405 viderentet
1470 3353 1754 3406 muliebria

170 3434 288 3501 pati
336 3440 390 3486 et
446 3432 574 3487 item
615 3448 796 3504 agere,
829 3444 883 3490 et
912 3437 1057 3505 quod
1106 3439 1288 3507 potius
1323 3440 1563 3509 gignere,
1593 3441 1755 3495 sobo—

175 3522 398 3605 lemque
447 3525 704 3589 educare,
734 3542 843 3581 non
874 3529 995 3583 sine
1027 3531 1241 3585 ratione
1274 3531 1325 3585 id
1356 3542 1413 3585 ut
1446 3534 1751 3598 crederent,

169 3614 329 3671 ducti
384 3627 533 3675 sunt.
585 3619 742 3687 Quod
799 3619 1009 3676 Plinius
1062 3623 1390 3678 Archelaum
1448 3626 1755 3683 allirmasse

171 3708 393 3773 scribit,
427 3718 482 3765 et
527 3710 871 3767 Democritus
903 3713 956 3767 in
994 3711 1300 3782 Geoponicis
1331 3716 1576 3771 tradidit.

244 3798 519 3863 lbid.,liu.
543 3803 632 3856 27.
661 3804 771 3858 Καὶ
797 3805 1057 3859 τεκοῦσα
1078 3806 1286 3861 πάλιν.
1319 3806 1549 3869 Plinius,
1575 3808 1672 3862 lib.
1700 3827 1752 3875 ι,

171 3906 301 3961 cap.
358 3893 427 3947 43
461 3913 475 3948 :
510 3894 550 3946 Α
612 3906 773 3965 partu
814 3899 996 3952 statim
1038 3899 1359 3967 implentur;
1423 3902 1751 3969 concipiunt,

170 3986 414 4056 quamvis
450 3988 612 4042 ubera
653 3991 886 4045 siccante
936 3992 1065 4060 fetu.
1097 3991 1164 4045 Et
1213 3993 1309 4049 lib.
1342 4010 1462 4058 vm,
1502 4009 1623 4064 cap.
1650 3995 1752 4057 '55:

172 4075 346 4144 Lepus
375 4081 605 4133 omnium
630 4083 827 4151 prwdw
849 4101 1090 4146 nascens,
1124 4086 1268 4139 solus
1305 4096 1496 4154 pra-ter
1525 4087 1756 4157 dasypo—

172 4169 295 4222 dem
327 4171 639 4239 superfetat,
696 4174 848 4227 aliud
877 4175 1129 4241 educans,
1176 4177 1323 4231 aliud
1358 4179 1410 4231 in
1451 4188 1600 4233 utero
1630 4180 1754 4249 pilis

175 4262 443 4326 vestitum,
474 4265 623 4318 aliud
644 4266 914 4336 implume,
944 4270 1091 4323 aliud
1118 4271 1422 4325 inchoatum
1450 4289 1630 4343 gerens
1659 4290 1755 4341 pa-

177 4356 328 4410 riter.
366 4354 557 4411 Solum
587 4361 946 4429 superfetare,
974 4370 1033 4416 ut
1062 4380 1248 4418 verum
1280 4365 1372 4427 sit,
1406 4366 1603 4420 viderit
1638 4367 1756 4437 ipse

175 4447 411 4505 Plinius.
450 4448 634 4520 Equas
672 4458 727 4506 et
750 4454 1009 4511 mulieres
1047 4472 1267 4526 quoque
1294 4456 1632 4526 super-fetere
1656 4473 1755 4527 pro

1864 577 2027 642 νῶτα,
2058 580 2152 632 καὶ
2206 578 2409 633 τούτων
2440 578 2550 631 τῶν
2579 578 2793 650 πτερῶν
2842 579 2944 650 τὴν
2986 576 3153 651 χρόαν
3194 576 3454 647 μέλαιναν

1862 669 2002 724 εἶναι
2054 670 2260 741 ᾄδουσι.
2295 669 2379 724 Τὰ
2436 669 2493 723 δὲ
2542 670 2777 741 πρόσθια
2828 669 3037 741 ἐρυθρά
3065 683 3220 736 φασι,
3240 667 3345 731 τάς
3388 682 3451 734 γε

1865 763 1972 836 μὴν
2004 764 2283 834 πτέρυγας
2334 761 2505 825 αὑτὰς
2542 762 2727 816 οὐκέτι
2758 762 3032 824 τοιαύτας,
3063 759 3200 814 ἀλλά
3226 757 3449 821 λευκὰς,

1860 856 1959 927 τὴν
2009 858 2172 928 δέρην
2214 856 2271 911 δὲ
2308 856 2490 910 αὐτῶν
2535 856 2761 917 κυανοτς,
2798 852 3101 923 διηνθίσθαι
3146 854 3259 913 τοῖς
3314 865 3449 903 πτε-

1864 952 1976 1022 ροῖς
1999 950 2244 1019 Κτησίας
2271 950 2492 1020 ἱστορεῖ.
2510 948 2695 1019 Στόμα
2719 946 2777 999 δὲ
2802 945 2941 1015 ἔχειν
2971 944 3224 1007 ἀετῶδες,
3243 942 3335 994 καὶ
3352 940 3451 1011 τὴν

1861 1040 2101 1111 κεφαλὴν
2146 1041 2335 1094 ὁποίαν
2381 1041 2432 1094 oi
2488 1037 2934 1111 χειρουργοῦντες
2954 1035 3234 1107 γράφουσί
3265 1051 3324 1086 τε
3355 1033 3452 1087 καὶ

1863 1133 2177 1187 πλάττουσι.
2198 1130 2493 1201 Φλογώδεις
2520 1132 2579 1184 δέ
2608 1147 2742 1200 φασι
2769 1131 2895 1193 τοὺς
2921 1128 3232 1199 ὀφθαλμοὺς
3257 1124 3447 1180 αὑτοῦ.

1862 1223 2092 1289 Plinius,
2124 1224 2219 1279 lib.
2254 1239 2351 1288 vn,
2375 1238 2496 1294 cap.
2524 1222 2561 1277 2
2592 1244 2605 1278 :
2648 1223 2948 1291 Arimaspis
2994 1219 3221 1274 assidue.
3256 1217 3450 1273 bellant

1860 1332 1975 1372 esse
1990 1315 2134 1370 circa
2157 1314 2376 1370 metalla
2390 1332 2509 1370 cum
2525 1315 2759 1386 gryphis,
2779 1316 3019 1384 ferarum
3044 1312 3251 1367 volucri
3265 1325 3451 1381 genere

1862 1410 2020 1481 quale
2068 1409 2219 1479 vulgo
2273 1408 2528 1473 traditur,
2573 1420 2788 1463 eruente
2824 1423 2889 1464 ea:
2923 1406 3185 1460 cuniculis
3233 1419 3449 1467 aurum,

1864 1506 2002 1558 mira
2021 1503 2329 1573 cupiditate,
2353 1512 2403 1557 et
2447 1502 2575 1572 feris
2604 1500 3043 1565 custodientibus,
3070 1509 3119 1553 et
3164 1500 3450 1567 arimaspis

1865 1596 2215 1665 rapientibus,
2247 1596 2420 1661 multi,
2460 1594 2549 1650 sed
2583 1596 2813 1649 maxime
2860 1593 3096 1647 illustres
3148 1589 3451 1645 Herodotus

1861 1700 1912 1745 et
1969 1690 2207 1751 Aristeas
2268 1687 2685 1752 Proconnesius,
2723 1687 2978 1742 scribunt.
3036 1684 3234 1739 Eorum
3282 1683 3451 1737 etiam

1864 1782 2160 1856 meminere
2207 1780 2450 1844 Solinus,
2490 1778 2798 1834 PauSanius
2838 1780 2894 1833 iu
2920 1777 3225 1839 Arcadicis,
3259 1773 3418 1827 Philo

1861 1882 2066 1941 stratus
2094 1874 2147 1928 in
2198 1873 2315 1928 Vita
2362 1873 2652 1942 Apollonii.
2677 1872 2802 1927 llaec
2834 1882 3015 1926 tamen
3045 1885 3169 1925 esse
3201 1868 3448 1923 fabulosa

1860 1966 2196 2022 existimavit
2221 1965 2432 2022 Plinius
2459 1965 2585 2020 libr.
2631 1981 2685 2028 ιι,
2710 1979 2832 2033 cap.
2874 1963 2964 2025 49,
2992 1961 3227 2032 Pegasos
3258 1961 3449 2030 equino

1859 2058 2029 2125 capite
2076 2056 2333 2119 volucres,
2384 2065 2434 2110 et
2469 2054 2699 2126 gryphas
2755 2054 2936 2107 aurita
2999 2051 3308 2103 aduncitate
3363 2063 3451 2099 ro-

1859 2150 1979 2211 stri,
2000 2148 2270 2218 fabulosos
2301 2164 2417 2203 reor
2451 2148 2571 2200 illos
2604 2148 2660 2199 in
2684 2144 2922 2214 Scythia,
2948 2142 3041 2196 hos
3063 2144 3118 2196 in
3142 2139 3445 2208 AEthiopia.

1928 2240 2088 2303 ιδιά..
2144 2240 2241 2294 lin.
2296 2240 2384 2294 3i.
2446 2236 2710 2306 Ἀρπάζει
2753 2234 2822 2289 δὲ
2877 2234 3119 2289 λέοντα.
3176 2231 3449 2301 Georgius

1861 2332 2095 2396 Pisides,
2143 2330 2220 2385 De
2265 2329 2448 2383 mundi
2478 2329 2720 2397 cpi/icio,
2746 2342 2873 2381 eum
2900 2332 2957 2380 et
2983 2324 3177 2379 bovem
3210 2321 3448 2393 rapidis-

1862 2426 2001 2482 sime
2056 2431 2334 2494 arreptum
2366 2423 2474 2476 alte
2505 2422 2719 2477 elevare
2751 2418 3012 2472 afﬁrmat.

1934 2538 2127 2591 Πόθεν
2159 2535 2228 2588 δὲ
2260 2533 2421 2603 γρὺψ
2456 2529 2743 2605 εῄσθεγὲς
2781 2528 2983 2605 λαϐὼν
3008 2526 3249 2605 τιράτος,

1933 2609 2043 2663 Καὶ
2080 2607 2244 2672 ,Βοῦν
2267 2599 2561 2658 dirae:sz
2601 2602 2668 2665 ἐξ
2710 2601 2959 2672 ἑτοίμων
2990 2599 3272 2672 ἁρπαγῶν

1934 2678 2044 2733 Καὶ
2065 2666 2292 2744 πτηνὸς
2329 2672 2522 2745 ἦρται,
2565 2672 2665 2725 καὶ
2692 2666 2919 2737 βαδίζει
2949 2666 3319 2736 τετράπουςς

1865 2791 2118 2847 Elianus
2174 2798 2355 2841 tamen
2412 2801 2536 2841 cum
2597 2784 2717 2839 aliis
2780 2782 3155 2837 animantibus
3208 2779 3448 2851 gryphas

1864 2891 2182 2942 concertare
2212 2889 2268 2936 et
2296 2880 2517 2933 vincere
2565 2876 2779 2937 scribit,
2815 2874 2911 2929 sed
2944 2886 3180 2944 pugnam
3223 2872 3443 2925 leonum

1863 2990 1919 3037 et
1958 2979 2373 3050 elephantorum
2407 2974 2722 3037 abhorrere,
2749 2986 2925 3040 neque
2951 2986 3076 3024 cum
3120 2968 3201 3022 eis
3240 2967 3294 3021 in
3324 2981 3444 3021 cer-

1865 3086 2046 3129 tamen
2099 3067 2435 3125 descendere
2483 3065 2707 3121 ibidem.
2744 3062 2856 3116 Καὶ
2886 3058 3303 3129 διαγωνίζεσθαι
3347 3058 3447 3129 μὲν

1865 3167 1999 3239 πρὸς
2033 3165 2103 3217 τά
2133 3162 2268 3217 ἄλλα
2301 3160 2437 3225 ζῶα,
2469 3160 2563 3212 καὶ
2590 3159 2810 3228 κρατεῖν
2842 3157 3033 3227 ῥᾷστα.
3068 3154 3258 3208 Λέοντι
3286 3152 3343 3206 δὲ
3369 3152 3447 3227 μὴ

1857 3258 2229 3319 ἀνθίστασθαι,
2266 3255 2399 3325 μηδὲ
2432 3252 2704 3318 ἐλέφαντι.

1929 3351 2088 3410 lbid.,
2116 3348 2212 3401 lin.
2238 3348 2326 3401 52.
2376 3345 2573 3408 Ἀετὸς
2595 3343 2732 3409 παρ’
2773 3340 2937 3409 ἡμῖν.
2960 3340 3309 3403 Aristoteles,
3344 3339 3441 3405 lib.

1858 3463 1913 3499 Ix
1945 3443 2018 3496 De
2040 3442 2167 3495 hist.
2202 3440 2364 3493 anim.
2391 3452 2440 3491 c.
2478 3437 2581 3489 3'2:
2620 3435 2851 3487 Venatur
2874 3434 3057 3500 aquila
3088 3430 3445 3500 lepores,hin-

1858 3538 2033 3598 uulos,
2059 3536 2259 3601 vulpes,
2283 3541 2330 3586 et
2361 3529 2565 3599 reliqua
2594 3544 2711 3597 qua:
2749 3528 2947 3580 vincere
2969 3524 3163 3578 valeat.
3189 3522 3447 3579 .Elianus

1858 3632 1951 3684 lib.
1970 3646 2022 3683 Ix
2048 3627 2122 3681 De
2151 3626 2277 3679 hist.
2307 3623 2637 3690 anim.,cap.
2660 3619 2724 3673 10
2746 3638 2759 3673 :
2780 3615 2959 3680 ’Δετός
2975 3616 3114 3682 ζῶον
3130 3616 3445 3669 πλεονεκτι-

1859 3723 1973 3784 κὸν,
2007 3721 2098 3773 καὶ
2124 3718 2189 3770 δι’
2216 3714 2480 3787 ἁρπαγῶν
2520 3710 2797 3765 ποιοῦνται
2842 3709 3069 3780 τροφὰς,
3088 3708 3181 3760 καὶ
3223 3705 3445 3777 σαρκῶν

1859 3814 2115 3867 ἐσθίουσι·
2170 3811 2263 3863 καὶ
2289 3808 2397 3879 γὰρ
2425 3806 2575 3875 λαγὼ
2611 3802 2936 3876 ἁρπάζουσι,
2966 3801 3060 3854 καὶ
3107 3799 3319 3870 νεϐρὸν,
3350 3799 3445 3851 καὶ

1858 3907 1995 3976 χῆνα
2014 3903 2074 3968 ἐξ
2092 3901 2281 3972 αὐλῆς,
2307 3901 2400 3954 καὶ
2420 3896 2821 3965 ἄλλα.1ι1εο‹ιιιθ
2848 3908 2974 3948 eum
3009 3892 3317 3961 aquilarum
3352 3905 3443 3943 vo-

1856 4014 1974 4051 cem
2029 3995 2265 4049 maxime
2310 3993 2523 4057 timere,
2576 3991 2718 4045 sicut
2751 3999 2805 4045 et
2859 3988 3090 4041 aliarum
3154 3984 3359 4050 avium,
3411 3999 3441 4038 a

1858 4090 2060 4161 quibus
2101 4087 2239 4140 male
2266 4092 2527 4154 exceptus
2553 4084 2903 4138 interimitur.
2932 4082 3079 4135 Idem
3105 4079 3180 4133 ait
3202 4078 3295 4132 lib.
3321 4094 3440 4141 xui,

1858 4198 1978 4250 cap.
2018 4182 2075 4234 ll
2108 4198 2121 4245 ;
2150 4178 2381 4242 Plinius,
2410 4177 2505 4231 lib.
2541 4192 2595 4237 ι,
2621 4191 2739 4243 cap.
2771 4176 2825 4235 ι,
2854 4172 3162 4244 aquilarum
3192 4172 3361 4239 primo
3392 4179 3442 4223 et

1859 4273 2086 4328 secundo
2123 4272 2325 4342 generi,
2370 4287 2474 4323 non
2508 4271 2770 4321 minorum
2804 4278 3008 4320 tantum
3044 4264 3443 4337 quadrupedum

1859 4368 2070 4429 rapina,
2105 4356 2195 4419 sed
2232 4366 2394 4418 etiam
2428 4380 2545 4416 cum
2577 4365 2738 4416 cervis
2765 4361 2971 4428 prwlia.
3010 4360 3243 4413 Multum
3265 4360 3442 4427 pulve-

1858 4478 1969 4516 rem
2009 4459 2246 4514 volutatu
2269 4457 2566 4512 collectum.
2603 4455 2836 4508 insidens
2872 4453 3117 4505 cornibus
3161 4451 3357 4503 excutit
3387 4450 3440 4501 in

176 4540 489 4597 indubitata
541 4540 793 4598 habetur.
841 4543 947 4600 Sed
978 4548 1043 4601 ad
1074 4564 1189 4601 rem
1236 4548 1557 4604 Aristoteles
1602 4549 1754 4614 item,
1790 4541 1835 4595 Β
1864 4552 2078 4614 oculos,
2122 4551 2303 4619 pennis
2349 4566 2444 4604 ora
2490 4547 2788 4605 verberans,
2836 4546 2999 4598 donec
3052 4544 3341 4612 pra'cipitet
3385 4542 3441 4595 in

176 4635 303 4690 libr.
344 4650 397 4688 νι
429 4633 506 4689 De
542 4634 733 4691 histor.
787 4638 1036 4704 animal.,
1073 4642 1241 4709 capit.
1305 4642 1375 4695 55
1411 4660 1424 4695 :
1464 4640 1636 4695 Habet
1673 4642 1751 4711 [e-

173 4729 324 4782 mina
363 4728 448 4783 lac
484 4727 632 4798 prius
672 4746 832 4797 quam
885 4733 1085 4797 pariat,
1111 4744 1161 4795 et
1213 4752 1246 4789 a
1297 4749 1456 4803 partu
1501 4737 1751 4789 continuo

177 4821 360 4891 repetit
384 4822 580 4874 coitum
601 4838 619 4875 :
637 4829 687 4875 et
715 4822 920 4876 lactans
952 4824 1124 4876 adhuc
1151 4828 1380 4894 concipit
1409 4827 1594 4896 fetum.
1624 4827 1753 4881 Haec

176 4917 305 4971 item
359 4915 541 4969 omnia
594 4915 649 4967 in
706 4914 1096 4979 Qua’slionibus
1148 4918 1400 4989 physicis,
1434 4928 1629 4990 quaast.
1662 4920 1748 4985 ll,

178 5005 497 5076 complexus
526 5014 608 5059 est
638 5004 1084 5076 Theophylactus
1122 5008 1454 5066 Simocatus.

246 5097 407 5160 Ibid.,
445 5098 538 5152 litt.
578 5099 665 5152 30.
705 5098 816 5151 Τὸν
843 5098 910 5151 δὲ
938 5100 1134 5169 γρῦπά
1187 5119 1393 5170 φασιν.
1435 5103 1687 5158 Elianus
1722 5120 1753 5158 e

176 5191 358 5245 Ctesia
388 5205 579 5245 eorum
608 5189 835 5243 formam
866 5190 1160 5257 describit;
1188 5208 1311 5248 esse
1346 5195 1489 5248 enim
1519 5194 1753 5265 gryphes

177 5282 580 5356 quadrupedes,
654 5282 1054 5337 robustissimis
1129 5286 1438 5354 unguibus;
1492 5287 1752 5340 anteriori

178 5373 425 5443 corporis
467 5385 620 5442 parte
675 5374 892 5436 rubros,
925 5374 1025 5428 alis
1076 5376 1343 5439 candidis,
1369 5376 1534 5432 dorso
1561 5380 1755 5449 pennis

181 5467 350 5537 nigris
404 5467 645 5527 indutos.
702 5470 915 5523 cervice
966 5469 1236 5528 cmruleis,
1291 5478 1343 5521 et
1401 5468 1629 5529 ﬂoridis,
1661 5478 1754 5525 ore

179 5559 440 5629 aquilino,
474 5567 526 5613 et
557 5560 757 5629 capite,
783 5560 957 5614 oculis
982 5559 1175 5629 igneis,
1218 5558 1310 5611 lib.
1351 5576 1400 5611 Iv
1446 5560 1522 5613 De
1562 5560 1751 5614 histor.

180 5651 420 5715 animal.,
438 5668 557 5721 cap.
577 5652 678 5705 ‘27:
714 5653 817 5705 Τὸν
839 5653 1025 5723 γρύπα
1055 5653 1235 5704 ἀκούω
1264 5651 1324 5703 τὸ
1358 5652 1495 5715 ζῶον
1520 5654 1580 5705 τὸ
1611 5654 1757 5708 Ἰνδι-

184 5747 270 5799 κὸν
312 5746 616 5815 τετράπουν
670 5742 808 5798 εἶναι
862 5747 1003 5798 κνιτά
1044 5747 1177 5815 τοὺς,
1214 5744 1453 5810 λέοντας,
1488 5749 1579 5799 καὶ
1612 5748 1754 5817 ἔχειν

176 5837 370 5908 ὄνυχας
402 5838 704 5911 καρτεροὺς
738 5838 812 5902 ὡς
839 5839 918 5892 ὅτι
955 5839 1207 5910 μάλιστα,
1245 5850 1335 5892 και
1373 5838 1592 5905 τούτους
1629 5841 1752 5914 μέν·

1860 4662 2032 4715 rupes.
2063 4644 2175 4699 Nec
2205 4659 2318 4699 non
2350 4650 2404 4697 et
2434 4651 2623 4696 tauros
2651 4640 2838 4693 venari
2871 4649 3063 4694 auctor
3095 4648 3181 4693 est
3208 4636 3359 4693 Phile
3386 4638 3439 4691 in

1859 4734 2056 4789 lambis
2074 4775 2090 4799 ,

1930 4826 2089 4895 Θηρᾷ
2112 4826 2179 4879 δὲ
2210 4826 2307 4879 καὶ
2346 4824 2453 4877 τὸν
2492 4822 2671 4893 χῆνα,
2714 4821 2809 4895 καὶ
2834 4822 2948 4895 τὴν
2976 4820 3239 4895 δορκάδα

1927 4891 2039 4951 Kal
2063 4891 2179 4950 τὸν
2205 4891 2574 4966 λαγωὸνρεαὶ
2608 4896 2673 4948 τὸ
2696 4893 2814 4947 τῶν
2845 4894 3075 4961 ταύρων
3104 4891 3295 4960 γένος.

1860 5013 1924 5065 Ει
1980 5011 2257 5073 Αειὶιιιιιιε,
2303 5010 2375 5064 De
2417 5010 2606 5064 histor.
2650 5008 2873 5062 animal.
2922 5008 3014 5061 lib.
3064 5022 3133 5069 ιι,
3184 5020 3305 5076 cap.
3344 5004 3438 5065 39,

1858 5105 2163 5175 aquilarqu
2222 5117 2415 5172 genus,
2468 5101 2613 5169 quod
2671 5098 2893 5168 quidam
2949 5094 3292 5167 χρυσαίετον,
3346 5094 3437 5148 alii

1860 5196 2138 5267 ἀστερίαν,
2172 5195 2227 5248 in
2257 5194 2419 5248 Creta
2450 5194 2498 5246 vi
2530 5191 2763 5261 quadam
2793 5198 2846 5244 et
2876 5189 3144 5243 industria
3175 5186 3435 5257 singulari

1860 5301 2048 5343 tauros
2096 5288 2246 5356 ipsos
2306 5286 2584 5345 invadere,
2621 5292 2669 5334 rt
2732 5283 2965 5351 praedam
3001 5280 3106 5335 sibi
3145 5280 3439 5348 cibumque

1860 5395 2051 5451 parare
2089 5398 2100 5432 :
2135 5395 2199 5432 ex
2246 5378 2462 5431 insidiis
2507 5377 2650 5429 enim
2707 5373 2906 5427 cervici
2964 5372 3210 5426 insidens
3258 5383 3437 5423 rostro

1859 5488 2018 5543 quam
2053 5472 2318 5525 acerrime
2352 5470 2559 5539 pungit.
2584 5465 2798 5520 Taurus
2828 5466 3027 5519 ictibus
3060 5464 3270 5534 pulsus,
3297 5462 3424 5515 furi-

1862 5563 2079 5619 bundus
2103 5562 2156 5612 in
2183 5560 2360 5630 fugam
2386 5559 2634 5621 vertitur,
2655 5557 2741 5609 ubi
2771 5558 2945 5609 locum
2970 5555 3264 5624 proclivem
3296 5568 3433 5623 pra3~

1860 5656 2191 5725 cipitcmque
2241 5651 2566 5715 accesserit,
2606 5650 2889 5717 explicatis
2921 5649 2973 5701 in
3000 5648 3186 5701 orbem
3229 5648 3330 5702 alis
3367 5647 3429 5699 il-

1861 5751 1967 5813 lius
2018 5748 2207 5800 oculos
2245 5747 2395 5812 tegit,
2423 5744 2513 5814 qui
2542 5743 2819 5813 prmcipitii
2858 5742 3081 5809 ignarus
3111 5740 3350 5800 subsilit,
3380 5747 3436 5793 et

1861 5854 2100 5911 prccccps
2123 5837 2416 5894 dilaniatus
2435 5836 2726 5900 cmoritur;
2754 5832 2914 5889 ctlib,
2942 5848 3009 5899 ιν,
3100 5833 3193 5903 fit.
3234 5832 3319 5897 10,
3340 5830 3430 5895 ait,
