4042 6338
223 384 333 442 957
1233 382 1301 437 ΙΝ
1336 378 1707 438 EUSTATBII
1746 377 1787 434 Η

1890 378 2223 439 AEMEIION
2261 385 2491 442 ΝΟΤᾸΞ.
3355 386 3462 441 958

219 504 389 557 anim.
430 496 525 557 lib.
546 516 621 565 vt,
655 514 778 571 cap.
801 499 903 565 ὄις
937 497 1180 561 Solinus.
1208 499 1373 569 capit.
1399 497 1490 561 εδ,
1516 496 1608 567 qni
1639 497 1783 551 idem
1812 498 1857 555 Δ
1887 494 1982 549 lib.
2023 513 2119 551 vm
2138 539 2153 561 ,
2178 514 2299 571 cap.
2340 501 2447 557 τοοε
2476 503 2658 572 Africa
2682 509 2951 562 asinorunt
2990 504 3306 560 silvestrium
3328 502 3462 556 mulo

219 592 389 660 capit.
439 591 511 645 28
562 591 630 647 de
682 590 987 660 elephantis
1039 590 1270 656 scribit;
1328 588 1607 651 Alciatus,
1671 601 1787 642 em-

219 682 387 738 blem.
420 682 558 738 152:

220 771 295 829 Et
326 774 540 838 pedibus
572 764 993 843 segnis,tuniida
1017 783 1065 827 et
1112 772 1469 842 propendulus
1497 772 1615 828 also

295 847 422 899 Hcce
450 842 871 897 tamen’insidias
899 844 1079 913 e/fugit
1111 857 1223 897 arte
1255 844 1401 910 fiber.

220 911 498 970 Hardie-us
530 915 637 981 ipse
664 913 764 966 sibi
804 911 1066 967 medicata
1099 914 1274 967 virilia
1305 914 1471 977 vellit,

298 983 699 1053 Atqueabjicit,
731 998 840 1053 sese
865 1000 1061 1053 gnarus
1090 984 1151 1037 ob
1182 984 1277 1037 illa
1316 985 1438 1053 peti.

219 1051 403 1121 Hujus
434 1052 500 1105 ab
525 1052 760 1121 exemplo
786 1051 955 1107 disces
994 1071 1095 1107 non
1123 1067 1334 1119 parcere
1363 1052 1539 1113 rebus.

292 1120 365 1176 Et
394 1123 557 1176 vitant
586 1133 643 1175 ut
673 1120 923 1189 redimas,
962 1124 1198 1177 hostibus
1230 1139 1341 1177 ams
1372 1123 1520 1176 dare.

210 1228 289 1287 Et
321 1232 505 1302 plures
526 1232 638 1287 alii.
666 1231 804 1286 Hinc
826 1241 880 1288 et
905 1232 1085 1288 fabula
1109 1231 1391 1303 Esopica,
1422 1239 1476 1286 et
1503 1228 1785 1301 Apuleius,

216 1322 319 1378 lib.
359 1338 377 1377 t
424 1323 607 1389 Asini,
657 1322 974 1380 Thessalam
1020 1324 1313 1379 veneficam
1346 1323 1539 1397 scribit
1579 1328 1790 1375 amato-

212 1428 339 1470 rem
365 1429 545 1479 suum,
581 1416 836 1485 quoniam
864 1416 1088 1470 alterius
1127 1415 1370 1470 mulieris
1399 1398 1790 1469 consuetudine

214 1520 358 1563 usus
386 1507 617 1571 fuisset,
661 1507 717 1561 in
766 1516 1035 1562 castorem
1087 1518 1345 1570 mutasse,
1382 1514 1440 1559 ut
1486 1512 1790 1575 amputaret

212 1595 328 1651 sibi
359 1597 635 1667 genitalia,
669 1597 719 1652 si
757 1595 980 1667 quando
1009 1586 1299 1650 venatores
1343 1595 1784 1663 insequerentur.

209 1684 403 1756 Longe
429 1694 613 1742 tamen
643 1688 749 1742 alia
774 1701 859 1743 est
883 1687 1156 1742 sententia
1202 1685 1370 1741 Sextii
1416 1685 1610 1741 medici
1642 1684 1787 1754 apud

209 1776 478 1843 Plinium,
511 1779 603 1833 lib.
648 1794 806 1849 sum,
836 1793 957 1849 cap.
996 1779 1067 1833 3:
1105 1777 1420 1845 Spectabilis
1461 1791 1667 1832 natura:
1692 1793 1785 1845 po-

210 1870 383 1925 lentia
411 1874 464 1923 in
495 1869 576 1924 Itis
607 1887 827 1940 quoque,
860 1872 1047 1941 quibus
1075 1880 1125 1925 et
1163 1872 1219 1925 in
1263 1871 1439 1931 terris,
1476 1878 1524 1923 et
1564 1870 1616 1922 in
1648 1883 1785 1938 aqua

206 1962 386 2016 uictus
420 1971 521 2025 est,
566 1962 703 2016 sicut
739 1970 789 2017 et
836 1963 1006 2033 ﬁbris,
1041 1978 1168 2032 quos
1201 1971 1441 2015 castoras
1489 1968 1692 2022 vocant,
1736 1966 1786 2012 et

206 2063 459 2109 castorea
489 2064 643 2108 testes
684 2070 887 2109 eorum.
914 2054 1195 2123 Amputari
1239 2053 1330 2105 hos
1376 2051 1441 2104 ab
1486 2052 1636 2117 ipsis,
1666 2066 1783 2102 cum

204 2147 517 2214 capiantur,
548 2156 701 2216 negat
750 2144 961 2202 Sextius
1008 2145 1447 2216 diligentissimus
1491 2142 1781 2196 medicinae.

205 2237 463 2303 Quinimo
499 2253 687 2304 parvos
714 2252 847 2299 esse,
895 2236 1325 2305 substrictosque,
1365 2247 1413 2288 et
1447 2234 1779 2287 adharrentes

203 2326 399 2395 spina,
422 2343 583 2396 neque
602 2327 766 2380 adimi
793 2328 907 2381 sine
938 2328 1044 2381 vita
1076 2327 1324 2380 animalis
1350 2341 1521 2393 posse.
1558 2323 1785 2393 Negavit

203 2416 358 2473 idem
407 2416 773 2482 Dioscorides,
819 2418 911 2472 lib.
962 2433 1020 2483 ιι,
1056 2433 1177 2488 cap.
1221 2417 1314 2481 99,
1362 2409 1415 2473 et
1458 2415 1785 2471 Franciscus

204 2502 506 2568 Vallesius,
537 2505 613 2562 De
641 2523 796 2561 sacra
831 2507 1123 2577 philosoph.
1152 2522 1271 2577 cap.
1307 2509 1359 2562 3.

285 2601 446 2667 lbid.,
480 2603 573 2658 lin.
606 2604 696 2659 55.
729 2602 1189 2656 Ἐπιδιωκόντων
1232 2602 1301 2655 δὲ
1341 2602 1565 2656 ἄλλων.
1605 2600 1777 2656 Elia-

203 2707 321 2751 nus
348 2692 424 2748 De
449 2693 572 2749 hist.
602 2695 766 2749 anim.
801 2694 924 2748 libr.
948 2711 1025 2758 v1,
1058 2708 1179 2764 cap.
1207 2694 1312 2748 ὄις
1342 2693 1469 2746 Ἐὰν
1500 2694 1555 2745 δὲ
1660 2692 1786 2763 πρόι

203 2800 371 2855 τερον
403 2784 647 2855 ἐκτεμὼν
696 2786 791 2838 καὶ
826 2784 1038 2847 σωθεὶς,
1075 2781 1194 2837 εἶτα
1223 2782 1383 2837 πάλιν
1422 2784 1717 2853 διώκηται·
1756 2783 1785 2835 ὁ

203 2877 269 2932 δὲ
315 2876 619 2946 ἀναστήσας
654 2876 865 2937 ἑαυτὸν,
910 2875 1003 2929 καὶ
1035 2875 1325 2941 ἐπιδείξας,
1357 2876 1438 2929 ὅτι
1474 2876 1573 2945 τῆς
1606 2876 1785 2928 αὐτῶν

208 2966 452 3037 σπουδῆς
474 2967 574 3021 οὐκ
598 2965 709 3037 ἔχει
731 2968 829 3037 τὴν
857 2965 1117 3019 ὑπόθεσιν
1145 2966 1239 3019 τοῦ
1272 2967 1579 3038 περαιτέρω
1608 2968 1787 3037 καμά-

202 3073 333 3122 του,
368 3056 642 3130 παρέλυσε
688 3058 814 3122 τοὺς
861 3056 1136 3130 θηρατάς·
1183 3053 1345 3128 ἦττον
1394 3057 1503 3127 γὰρ
1553 3057 1631 3109 ἔτι
1676 3058 1785 3111 τῶν

1890 591 2163 645 titudinem
2197 583 2393 660 fundit.
2426 594 2604 651 Mares
2627 601 2678 652 in
2711 615 2769 654 eo
2800 615 2980 670 genere
3001 597 3197 668 singuli
3229 595 3456 665 femina-

1886 696 2004 734 "m'
2025 684 2262 753 ςτεςίὸιιι
2290 686 2614 753 imperitam.
2643 689 2924 760 Oppianus
2951 694 3175 758 Κυνητ.
3204 704 3260 741 ιιι
3283 703 3297 752 ;
3331 688 3459 756 Atu—

1889 775 2110 831 mlanus
2140 777 2507 843 Marcellinus.
2532 783 2627 836 lib.
2654 800 2821 840 xxiv:
2856 785 3136 839 Asinoruns
3170 782 3455 838 anrestinm

1886 867 2171 925 multitudo
2210 873 2264 924 in
2299 875 2557 929 tractibus
2582 873 2850 930 Parthicis
2883 886 2957 929 est
2997 878 3289 928 innumera.
3331 871 3454 926 Ideo

1886 960 2049 1013 simul
2067 961 2333 1023 incedens.
2359 975 2416 1018 ut
2440 968 2819 1036 constipatione
2839 967 3001 1021 densa
3025 966 3221 1035 feroces
3250 963 3455 1017 leonum

1886 1047 2175 1117 frustretur
2203 1054 2461 1108 assultus.

1960 1138 2096 1196 Ibid;
2154 1142 2261 1197 Kal
2297 1143 2416 1199 τῶν
2453 1145 2803 1216 γενομένων.
2833 1144 3061 1207 Plinius,
3088 1143 3327 1201 ibidem:
3365 1141 3457 1197 Ti-

1887 1240 2028 1283 ment
2068 1229 2306 1287 libidinis
2337 1234 2572 1295 amtulos,
2616 1244 2667 1289 et
2703 1234 2819 1289 ideo
2856 1234 3101 1305 grauidas
3127 1231 3452 1293 custodiunt,

1888 1338 2170 1391 morsuque
2189 1336 2344 1377 natos
2373 1340 2546 1380 mares
2570 1335 2831 1388 castraut,
2863 1336 3047 1380 contra
3069 1323 3299 1395 grauida:
3322 1325 3455 1376 late-

1890 1414 2011 1467 bras
2045 1423 2246 1481 petunt,
2274 1425 2326 1470 et
2362 1432 2547 1484 parere
2583 1417 2728 1484 furto
2761 1420 2999 1487 cupiunt,
3023 1418 3346 1486 gaudentque
3367 1432 3456 1468 co-

1885 1504 1976 1570 pia
2004 1502 2261 1558 libidinis.
2297 1503 2577 1574 Oppianus
2602 1506 2733 1579 ibid.
2760 1506 3139 1569 disertissime,
3162 1521 3320 1575 quem
3345 1521 3458 1558 om.

1887 1595 2019 1649 nino
2042 1596 2294 1662 consule;
2314 1595 2573 1662 Isidorus,
2594 1595 2631 1652 Ι.
2669 1612 2767 1660 ιιι,
2792 1611 2916 1667 cap.
2950 1597 3004 1662 l;
3035 1594 3202 1650 Olaus
3232 1593 3455 1662 tlsgnus

1886 1684 2172 1741 confundit
2198 1688 2339 1741 male
2360 1702 2595 1757 onagros
2620 1703 2744 1743 cum
2776 1689 3004 1743 alcibns.
3030 1687 3122 1743 Est
3168 1694 3222 1741 et
3244 1700 3449 1739 memo-

1887 1779 1981 1831 riae
2006 1793 2114 1832 non
2144 1777 2422 1847 indignum
2449 1777 2594 1846 quod
2616 1775 2768 1833 Phile
2794 1779 2849 1832 in
2880 1776 3104 1841 lambis,
3134 1787 3190 1831 et
3212 1776 3453 1829 Ammia-

1889 1884 1994 1923 nus
2024 1866 2373 1923 Marcellinus
2403 1869 2438 1921 l.
2484 1884 2643 1931 xxtu.
2671 1869 2738 1923 de
2763 1869 2872 1925 illis
2901 1869 3127 1924 scribit:
3164 1869 3335 1927 Asini.
3367 1869 3454 1922 in-

1886 1961 2025 2030 quit,
2058 1960 2161 2028 feri
2180 1976 2299 2013 cum
2322 1961 2591 2015 uenatibus
2616 1961 2891 2029 agitantur
2920 1962 2998 2014 ita
3018 1961 3220 2014 eminus
3254 1959 3454 2025 lapides

1884 2062 2001 2121 post
2029 2040 2175 2123 terga
2215 2052 2545 2125 calcitrando
2568 2054 2834 2115 emittunt,
2864 2061 2921 2105 ut
2951 2052 3212 2120 perforent
3244 2061 3454 2118 pectora

1893 2145 2239 2211 sequentium,
2274 2153 2366 2196 aut
2399 2142 2685 2211 perforatis
2733 2141 2940 2196 ossibus
2973 2142 3149 2210 capita
3188 2141 3305 2209 ipsa
3341 2140 3454 2194 dis-

1883 2233 2122 2302 pludtml.
2180 2233 2365 2304 Neque
2418 2234 2551 2288 illud
2606 2234 2798 2289 silebo.
2860 2232 3159 2303 Oppianus,
3221 2234 3340 2289 loco
3392 2232 3449 2287 d.

1883 2340 2213 2396 onagrorum
2237 2341 2432 2383 carnes
2473 2341 2597 2383 esse
2636 2326 2839 2383 bonum
2863 2325 3117 2408 pabulum
3154 2325 3284 2380 leris
3317 2324 3449 2379 scri-

1884 2417 1989 2471 bit:

1897 2508 2047 2563 Ἀλλ’
2068 2511 2246 2575 αὐτὸς
2268 2509 2575 2580 κρατεροῖς
2593 2509 2785 2579 ἀγαθὴ
2806 2510 2989 2575 βόσις
3009 2509 3225 2562 ἔπλετο
3253 2507 3431 2577 θηρσί
3436 2545 3450 2560 .

1884 2600 1950 2653 Ει
1989 2602 2259 2661 consentit
2288 2600 2611 2669 Xenophon,
2664 2600 2699 2653 l.
2748 2616 2764 2653 t
2808 2600 3002 2653 ’Δγ-αδ.
3049 2598 3217 2665 Κύρ.,
3254 2606 3306 2651 et
3345 2596 3453 2652 Pli-

1883 2692 2030 2746 nius.
2077 2690 2329 2748 Aﬂlianus
2376 2692 2469 2746 lib.
2518 2709 2551 2744 v
2596 2691 2671 2746 De
2702 2692 2823 2745 hist.
2870 2692 3059 2751 anim.,
3100 2704 3286 2745 eorum
3329 2704 3456 2743 ear—

1883 2798 2006 2837 nem
2038 2798 2277 2837 amaram
2302 2800 2423 2839 esse
2448 2784 2660 2845 scribit,
2690 2792 2744 2838 et
2766 2781 2918 2838 Phile
2950 2783 3008 2837 in
3053 2781 3274 2847 lambis,
3303 2776 3365 2835 οὗ
3394 2781 3456 2835 τὸ

1886 2876 2053 2946 κρέας
2078 2877 2125 2927 τ’
2152 2875 2394 2946 ἄϐρωτον
2422 2876 2479 2941 ἐξ
2504 2876 2711 2945 ἀηδίας.

1955 2966 2116 3025 lbid.,
2145 2966 2241 3019 litt.
2269 2966 2353 3021 10.
2397 2967 2449 3017 ’0
2491 2966 2560 3019 δὲ
2604 2966 2800 3036 ἐχῖνος
2842 2966 2924 3031 ὡς
2963 2963 3206 3034 σφαῖρα.
3250 2961 3454 3018 Horum

1885 3057 1993 3111 duo
2022 3073 2217 3127 genera
2250 3056 2377 3111 facit
2407 3056 2684 3127 Oppianus
2715 3054 2937 3127 Κυνηγ.
2969 3057 3062 3110 lib.
3096 3074 3129 3112 ιι
3157 3074 3171 3111 :

207 3150 393 3222 κρεῶν
423 3152 651 3213 ικεενοις
685 3150 903 3222 φροντίς
940 3152 1077 3203 ἐστι.
1120 3149 1386 3211 Πολλάκις
1423 3150 1479 3202 δὲ
1519 3149 1612 3203 καὶ
1637 3150 1781 3239 ἔνορέ
1812 3177 1857 3236 c
1883 3172 2005 3229 οὐκ
2037 3168 2179 3237 ἐρέω
2212 3169 2466 3239 κρυερὸν
2506 3170 2681 3238 γένος
2714 3172 3071 3239 ὀκρυόεντος
3106 3170 3315 3237 ἐχίνου

208 3260 303 3317 χοι
330 3242 500 3306 ὄντες,
525 3243 601 3305 ὡς
638 3240 974 3313 πορρωτάτω
1006 3241 1230 3301 ἑαυτοὺς
1261 3238 1783 3308 ἀποσπάσαντες’“τῷ

206 3334 417 3405 δρόμῳ,
454 3330 570 3386 εἶτα
598 3332 1012 3393 ὑποστείλαντες
1038 3331 1100 3383 τὸ
1131 3330 1559 3399 σπουδαζόμενον
1595 3332 1780 3401 μέρος,

209 3427 360 3479 πάνυ
405 3425 581 3493 σοφῶς
630 3425 724 3477 καὶ
790 3422 1113 3493 πανούργως
1154 3420 1523 3491 ἐξηπάτησαν,
1572 3423 1647 3485 ὡς
1685 3422 1785 3475 οὐκ

208 3516 431 3586 ιχοντες
454 3516 490 3569 ἃ
513 3515 815 3585 κρύψαντες
842 3514 1074 3584 ἔχουσιν.
1106 3511 1204 3566 Hic
1233 3512 1409 3567 obiter
1445 3512 1784 3567 animadver-

209 3607 441 3663 tendum
486 3623 514 3661 a
546 3606 822 3677 Scaliger-0
846 3604 1155 3660 Cardanum
1185 3604 1507 3673 reprehendi
1537 3604 1681 3673 quod
1717 3603 1777 3657 ii-

212 3697 306 3754 bri
344 3706 511 3753 testes
562 3713 686 3751 cum
739 3698 965 3751 moscho
1016 3704 1218 3750 temere
1266 3694 1597 3758 confuderit,
1630 3697 1785 3749 dece-

213 3800 370 3861 ptum
427 3806 493 3845 ex
528 3791 667 3843 mala
712 3789 1154 3858 interpretatione
1187 3785 1543 3839 Vartomanni
1600 3803 1781 3843 exere.

211 3882 345 3944 2H,
377 3897 529 3935 num.
556 3882 610 3943 6,
635 3888 688 3935 et
710 3896 892 3935 exere.
923 3880 1046 3938 210.
1082 3895 1233 3932 num.
1266 3878 1318 3933 5.
1355 3877 1601 3934 Errorem
1634 3886 1785 3934 notat

214 3972 504 4029 Varronis.
538 3972 629 4042 qui
678 3972 892 4035 librant,
926 3972 1121 4026 lutram
1167 3971 1251 4025 vel
1289 3970 1572 4041 enhydrim
1615 3986 1783 4023 unum

215 4068 409 4124 fecerit
447 4078 569 4137 qute
593 4076 648 4123 et
687 4067 855 4124 Olaus
895 4065 1120 4139 Magnus
1155 4076 1302 4123 recte
1340 4068 1652 4137 distinguit,
1686 4068 1781 4123 lib.

212 4174 375 4223 xvut,
418 4166 473 4212 et
506 4160 620 4214 alii.

288 4248 408 4305 Co'l.
438 4250 560 4315 745,
590 4252 683 4306 lin.
722 4252 773 4307 l.
815 4253 868 4305 Ὀ
906 4250 973 4304 δὲ
1000 4249 1450 4319 μυρμηκολέων.
1485 4249 1784 4321 hiyrmeco-

212 4346 393 4401 leonis
416 4352 623 4399 natura:
650 4344 1059 4399 fundamentum
1095 4343 1300 4412 absque
1324 4343 1490 4396 dubio
1520 4350 1603 4397 est
1639 4343 1785 4412 quod

215 4438 415 4506 legitur
462 4437 601 4503 apud
646 4433 768 4499 Job,
810 4452 930 4505 cap.
977 4453 1052 4499 tv,
1106 4452 1247 4489 vers.
1304 4435 1391 4495 il,
1438 4433 1785 4503 Myrmecoleo

212 4520 373 4590 periit
399 4535 459 4572 eo
484 4520 619 4587 quod
650 4536 750 4573 non
784 4521 989 4575 haberet
1012 4520 1267 4585 prwdam.
1308 4518 1613 4587 Hujusloci
1644 4521 1787 4587 opti-
1821 4529 1863 4583 ι)

217 4627 363 4667 mam
393 4609 803 4678 explicationem
834 4611 1000 4666 babes
1025 4610 1169 4681 apud
1200 4610 1450 4683 Pbotinm
1483 4626 1547 4663 ex
1582 4607 1791 4679 Eulogii

219 4702 569 4758 Alexandrini
600 4702 722 4755 libr.
755 4718 827 4764 tv,
858 4713 1051 4757 contra
1076 4703 1425 4757 Novatianos.
1457 4700 1527 4755 De
1554 4701 1637 4755 his
1660 4701 1795 4770 Aga-

219 4790 535 4848 tharcbides
561 4808 573 4843 :
606 4791 724 4843 Τῶν
754 4792 810 4843 δὲ
834 4792 1179 4862 καλουμένων
1223 4792 1708 4863 μυρμηκο).εόντυιν
1742 4796 1791 4845 ol

223 4885 325 4957 μὲν
358 4883 596 4936 πλεῖστοι
619 4882 756 4935 κατὰ
782 4884 879 4952 τὴν
910 4886 1049 4936 ἰδέαν
1070 4885 1175 4937 τῶν
1196 4883 1394 4937 λοιπῶν
1415 4883 1565 4935 οὐδὲν
1586 4883 1792 4953 παραλ-

219 4976 490 5035 λάττουσι,
534 4974 630 5044 τὴν
667 4973 722 5025 δὲ
752 4972 861 5025 τῶν
887 4973 1098 5025 αἰδοίων
1134 4973 1291 5041 φύσιν
1330 4972 1792 5043 ἀπεστραμμένην

221 5068 438 5136 ἔχουσιν
470 5064 716 5119 ἐναντίαν
744 5067 853 5127 τοῖς
889 5065 1087 5130 ἄλλοις.
1121 5068 1225 5120 Alii
1265 5068 1476 5129 dicunt,
1508 5081 1632 5119 esse
1676 5065 1792 5117 exi—

218 5170 388 5227 guum
414 5154 797 5208 animalculum
834 5152 1074 5209 formicis
1099 5156 1407 5217 adversum,
1438 5153 1579 5224 quod
1606 5170 1663 5207 se
1690 5154 1792 5208 sub

224 5247 447 5319 pulvere
485 5245 791 5308 abscondit,
823 5256 875 5299 et
918 5246 1173 5303 formicas
1210 5250 1477 5303 frumenta
1513 5256 1787 5317 gestantes

224 5337 505 5401 interﬁcit,
538 5336 856 5391 interiectas
905 5340 1201 5395 consumit.
1250 5340 1451 5411 Sicque
1498 5351 1787 5392 vocatum:

225 5446 348 5486 nam
384 5428 838 5499 quemadmodum
874 5428 957 5481 leo
992 5430 1406 5485 imbecilliorum
1450 5433 1785 5493 animalium,

224 5526 301 5580 ita
358 5523 461 5578 hoc
510 5522 894 5576 animalculum
953 5521 1301 5576 formicarum
1356 5525 1589 5594 praedam
1637 5524 1783 5592 agit:

225 5630 349 5671 cum
388 5621 570 5668 tamen
618 5613 932 5668 volucribus
974 5612 1109 5667 nihil
1156 5614 1303 5670 aliud
1352 5618 1423 5671 sit
1469 5632 1630 5687 quam
1676 5615 1786 5667 lor-

227 5706 389 5761 mica.

298 5793 457 5865 lbid.,
489 5794 587 5850 lin.
620 5793 673 5851 8.
707 5794 761 5848 Ὀ
790 5792 857 5847 δὲ
893 5793 1141 5863 ὄναγρος
1166 5793 1522 5865 ἀγελὰρχης.
1554 5793 1783 5864 Plinius,

1890 3240 2183 3309 Μείζονος,
2222 3238 2567 3309 (ἀμφίδυμοι
2592 3242 2698 3308 γὰρ
2720 3238 2943 3307 ἐχίνοις
2969 3240 3357 3307 ὀξυκόμοισιν

1902 3308 2199 3377 Ὰργαλέαι
2222 3310 2443 3377 μορφαὶ
2461 3314 2496 3376 ·)
2516 3312 2768 3378 κρυερόν
2793 3326 2857 3361 τε
2885 3310 3237 3376 περίδρομον
3260 3310 3453 3378 ἕρκος.

1892 3383 1955 3431 Ol
1982 3380 2099 3451 μὲιρ
2124 3380 2233 3447 τπὰρ
2251 3380 2418 3451 ⁸δϐᾳιοοί
2443 3396 2505 3433 τε
2530 3380 2624 3432 καὶ
2657 3378 2952 3451 οὐτιδανοὶ
2976 3379 3350 3451 ςελέθουᾳιν,

1896 3452 2041 3500 Tuto
2053 3448 2191 3514 ᾖσιν
2218 3447 2578 3516 φρίσὰοντες
2602 3447 3106 3515 ἐπὶεπροὸολῇσιν
3133 3447 3452 3515 ἀκάνθαιςσ

1893 3522 1957 3571 Οἱ
1987 3519 2037 3571 δ’
2065 3519 2180 3586 ἄρα
2210 3518 2306 3570 καὶ
2328 3517 2557 3588 μεγέθει
2594 3519 2751 3572 πολὺ
2773 3516 3055 3587 μείζονες,
3092 3518 3185 3586 ἡδ’
3224 3518 3459 3588 ἑκάτερ-

1900 3657 2063 3719 Ὁεέα
2090 3658 2454 3726 πεφρίκασιν
2477 3656 2887 3725 ἀρειοτέρῃσιν
2912 3657 3187 3722 ἀκιοκαῖς.
3241 3586 3383 3657 [θεν

1960 3768 2119 3833 lbid.,
2152 3770 2247 3824 lin.
2276 3769 2362 3824 l2.
2412 3774 2729 3840 Πορεύεται
2754 3773 2902 3843 γοῦν
2947 3773 3045 3827 ἐπὶ
3071 3774 3216 3826 ιτόν.
3254 3772 3455 3828 Eadem

1889 3858 2053 3915 habet
2088 3860 2281 3916 Petrus
2312 3862 2625 3929 Damianus,
2669 3864 2705 3917 l.
2742 3878 2803 3930 ιι,
2829 3878 2914 3934 ep.
2952 3866 3035 3919 18.
3066 3863 3269 3921 Versus
3312 3866 3455 3918 anti-

1889 3953 1981 4022 qui
2013 3953 2089 4007 illi
2115 3968 2222 4007 non
2265 3954 2618 4025 inelegantes,

1888 4067 2381 4153 Kdigqvlocnrdr
2425 4066 2814 4153 ἐχῖνον-ὶςςυις
2997 4065 3183 4153 ιςῶτᾳ⁵
3202 4066 3459 4137 φέροντα

1960 4135 2195 4205 Ῥᾶγας,
2223 4135 2569 4191 ἀπέκτεινεν
2592 4137 2673 4204 τῷ
2695 4137 2747 4190 ὁ·
2778 4138 2875 4191 ἐπὶ
2908 4135 3282 4203 θειλοπέδῳξ
3326 4214 3329 4217 η

1891 4250 1956 4305 Et
1990 4250 2078 4303 ille
2098 4288 2113 4307 .

1903 4364 2266 4433 Ῥαγολόνων
2292 4360 2601 4430 γλυκερῶν
2630 4362 2877 4432 σίντορα
2903 4364 3248 4430 θειλοπέόῳ.

1892 4477 2002 4533 Nec
2029 4478 2274 4532 absimile
2298 4479 2428 4533 illud
2458 4477 2637 4532 Pbiles
2661 4478 2714 4531 in
2748 4476 2968 4540 lambis,

2045 4588 2269 4655 Ἐχῖνος
2305 4588 2373 4641 ἐκ
2400 4586 2509 4657 γῆς
2540 4583 2646 4641 οἷδ’
2672 4588 2987 4641 ἀκάνθαισι
3012 4590 3219 4657 βρύων

2029 4659 2137 4711 Καὶ
2171 4658 2311 4725 τῇσι
2335 4658 2606 4727 πρασιαῖς
2636 4660 3069 4711 ἐ·κκυ.1ινδεῖτιιι
3104 4662 3319 4727 κρύφα.

2031 4728 2140 4781 Kal
2174 4730 2279 4792 τὰς
2304 4729 2530 4781 ἐκεῖθεν
2552 4729 2916 4795 ἐμπαρείσας
2948 4730 3201 4797 ἰσχάδας

2030 4800 2133 4861 Εἰς
2162 4798 2300 4862 τοὺς
2322 4799 2536 4851 ἑαυτοῦ
2569 4800 2835 4866 φωλεοὺς
2865 4801 3259 4865 tinctu-picae,

2034 4870 2152 4919 Οὐκ
2188 4868 2288 4936 ἔχε
2321 4867 2497 4936 λιμοῦ
2531 4868 2847 4937 συμφορὰν
2874 4871 3164 4936 ὀλεθρίου.

1962 4977 2117 5041 lbid.,
2148 4978 2241 5033 lin.
2278 4980 2362 5032 ιδ.
2411 4979 2669 5047 Δολερὸν
2708 4980 2745 5047 ἡ
2790 4978 3059 5046 ἀλώπηξ.
3109 4978 3275 5034 Multa
3330 4996 3461 5037 sane

1892 5079 2042 5127 sunt,
2073 5085 2193 5137 qum
2233 5070 2447 5138 vulpem
2481 5070 2724 5122 fallacem
2774 5080 2827 5122 et
2859 5071 3157 5139 improbam
3188 5087 3306 5125 esse
3330 5090 3458 5127 cnn-

1890 5160 2134 5220 vincunt,
2167 5158 2365 5225 quibus
2395 5166 2448 5210 et
2478 5160 2823 5224 semetipsum
2858 5158 2925 5210 ab
2963 5156 3196 5210 hostium
3244 5157 3459 5214 insidiis

1890 5259 2093 5312 tuetur,
2146 5257 2197 5301 et
2242 5250 2349 5304 illis
2387 5264 2595 5307 necem,
2644 5249 2743 5301 sibi
2796 5249 2977 5300 cibum
3037 5258 3088 5301 et
3138 5249 3456 5303 nietlicinzuu

1892 5350 2087 5413 parat;
2120 5356 2290 5408 quare
2324 5342 2391 5395 ab
2424 5341 2712 5393 Aristotele
2747 5339 2818 5393 De
2864 5340 3049 5393 histor.
3086 5343 3248 5393 anim.
3283 5342 3371 5393 lib.
3417 5357 3452 5403 ι,

1888 5450 2009 5502 cap.
2044 5433 2095 5494 l,
2130 5432 2269 5483 inter
2302 5432 2590 5491 malitiosa,
2628 5438 2807 5483 astuta
2862 5441 2914 5483 et
2956 5432 3148 5484 callida
3195 5448 3456 5484 attumne-

1889 5535 2059 5577 ratur.
2086 5523 2364 5591 Oppianus
2393 5526 2610 5589 Κυνηγ.
2634 5531 2917 5585 tttnarral,
2948 5540 3014 5577 ne
3045 5539 3074 5575 a
3108 5523 3457 5577 venatoribus

1890 5613 2273 5668 insidiantibus
2300 5612 2353 5665 in
2382 5613 2601 5679 laqueos
2631 5612 2943 5679 conjiciatur
3007 5620 3207 5679 septem
3234 5610 3455 5665 forami-

1888 5705 2049 5758 nibus
2108 5704 2263 5757 nidos
2312 5718 2683 5769 cavernasque
2735 5718 2861 5759 suas
2917 5702 3349 5770 cucummuniri,
3397 5713 3456 5759 ut

1889 5796 2013 5870 fuga
2050 5798 2119 5851 sit
2151 5798 2319 5851 tutior
2348 5794 2684 5865 faciliorque.
