4042 6338
670 352 777 413 ων

666 474 779 528 Nai
812 474 941 544 μὴν
995 479 1404 546 αιολόσουαῑος.
1446 480 1534 532 ἐπ’
1577 481 1932 550 ἀγραύλοισι
1977 482 2236 550 μάλιστα

667 543 853 618 θνσι
884 545 1046 618 πέλω
1087 547 1274 616 κερδὼ
1309 549 1453 618 μάλ
1491 549 1699 618 ἀρήϊος
1742 553 1811 603 ἐν
1851 553 2236 618 πραπίδεσσι,

663 613 774 688 [Esi
804 615 1022 688 πινυτὴ
1052 613 1204 670 rales
1237 613 1643 686 πύμάτοιςῗὲὸοὶ
1671 613 2035 688 έρωλειοῗσιν,

677 683 1090 760 Ἐξταῃιξλριις
1118 683 1335 752 εἶξασὰ
1365 683 1586 760 δόμους
1612 683 1827 760 τρητάς
1853 709 1917 746 re
1960 683 2170 759 καλιὰς

668 753 998 832 ἴδη-δόθ’ρί
1026 757 1337 832 Μήλιον.
1356 753 1446 828 μή
1470 753 1578 832 ιριῆ
1609 753 1929 832 ὧὼήτὸρες
1955 753 2168 832 ἀνδρεὲ

675 821 836 891 Ἀμφὶ
859 825 1009 892 θύρῃ
1033 821 1373 896 λοχόωντέξ
1395 821 1514 884 eis
1539 821 1935 900 βροξίδεᾰσιᾶ·
1961 821 2235 903 animus.

659 931 742 986 Ad
785 936 930 1004 quod
961 939 1201 1008 respexit
1237 949 1291 994 et
1336 939 1653 998 Lactantius
1685 941 2019 1010 Firmianus,
2048 944 2126 999 De
2152 947 2238 999 ira

661 1019 780 1084 Dei,
827 1039 948 1095 cap.
988 1025 1054 1080 7:
1093 1025 1228 1081 Sunt
1269 1031 1548 1095 animalia,
1596 1031 1795 1104 inquit,
1838 1051 1955 1104 qute
1998 1035 2236 1090 latibulis

659 1120 771 1169 suis
825 1117 1056 1174 diversos
1100 1131 1149 1176 et
1189 1124 1368 1191 plures
1407 1128 1578 1180 exitus
1607 1127 1869 1194 pandunt,
1902 1139 1980 1192 ut,
2007 1130 2054 1183 si
2097 1129 2237 1201 quod

658 1209 950 1275 periculum
990 1215 1258 1279 inciderit,
1296 1218 1422 1288 fuga
1466 1229 1643 1286 pateat
1675 1221 1931 1285 obsessis;
1965 1224 2103 1293 quod
2132 1242 2236 1278 non

655 1299 889 1369 facerent
937 1307 1042 1360 nisi
1084 1309 1275 1364 inesset
1321 1313 1431 1366 illis
1475 1315 1825 1384 intelligentia
1863 1327 1912 1371 et
1959 1319 2231 1387 cogitatio.

653 1390 818 1448 Plura
851 1397 957 1452 alia
998 1401 1140 1468 apud
1173 1412 1426 1460 auctores
1451 1407 1635 1462 videre
1678 1409 1919 1477 poteris;
1947 1425 2047 1464 nos
2085 1412 2233 1465 enim

653 1486 710 1540 in
748 1491 1004 1558 praesenti
1050 1509 1157 1547 non
1204 1496 1522 1552 animalium
1574 1498 1860 1554 historiam
1913 1502 2231 1568 scribimus,

651 1575 750 1631 sed
782 1586 994 1633 tantum
1019 1592 1268 1638 nostrum
1300 1595 1579 1642 auctorem
1605 1589 1660 1643 in
1695 1589 1860 1646 rebus
1890 1594 2232 1649 naturalibus

656 1682 761 1722 non
792 1685 952 1736 nova,
984 1689 1158 1743 neque
1184 1680 1491 1748 peregrina,
1524 1681 1618 1735 sed
1647 1684 1902 1752 genuina,
1930 1693 1983 1739 et
2012 1685 2080 1740 ab
2108 1687 2230 1740 aliis

648 1761 848 1816 tradita
894 1768 1180 1846 enuntiare
1228 1771 1590 1828 ostendimus.
1650 1773 1759 1829 Nec
1815 1791 1952 1846 opus
2001 1787 2085 1831 est
2142 1779 2230 1832 hic

812 474 956 550 μὴν·Δ
995 479 1404 550 αιολόσρυλος.
1446 480 1534 532 ἐπ’
1577 481 1932 550 ἀγραύλοισι
1977 482 2102 550 μάλ

1967 360 2216 418 LEONIS
2253 359 2526 419 ALLATII

2107 497 2242 536 ιστα
2275 513 2314 564 Α
2343 499 2398 538 se
2425 484 2587 538 coriis
2616 483 2885 546 loricavit,
2906 485 2959 536 in
2983 483 3379 540 dimicationem
3407 485 3618 556 pergit:
3637 486 3697 539 in
3722 504 3784 541 ea
3804 505 3920 543 cas-

3827 373 3924 430 ego

2341 579 2465 632 dans
2501 579 2750 634 attollens
2783 578 2918 633 ictus
2967 582 3147 635 irritos
3197 581 3446 636 adversus
3491 582 3733 652 excipit,
3771 586 3920 643 deus;

2340 670 2551 741 obliquo
2581 673 2750 742 capite
2771 675 3072 741 speculatus
3105 675 3321 729 invadat
3360 677 3411 729 in
3435 676 3646 743 fauces.
3695 675 3812 732 Nec
3837 680 3917 734 bas

2339 773 2634 826 contentus,
2656 765 2809 818 aliud
2839 765 2980 818 haud
3007 768 3191 821 mitius
3216 768 3443 823 debellat
3464 771 3703 825 animal.
3732 770 3799 826 Et
3823 770 3914 843 0p-

2339 852 2571 921 pianus,
2602 853 2698 909 lib.
2734 871 2793 908 ιιι
2822 860 3071 926 Itur-117.,
3111 857 3222 913 haec
3278 871 3465 915 nostra
3508 862 3913 930 elegantissime

2339 943 2628 1011 expressit.
2686 941 2958 999 Nicander
3031 945 3157 1000 item
3233 947 3288 1002 in
3352 948 3629 1006 Theriacis
3656 969 3680 1017 ;
3745 951 3914 1009 lilia-

2339 1047 2442 1087 nus
2464 1031 2542 1086 De
2571 1033 2759 1088 histor.
2801 1037 3003 1102 anim.,
3045 1037 3140 1093 lib.
3190 1054 3288 1101 ιιι.
3339 1056 3462 1111 cap.
3498 1042 3609 1105 ἥ,
3654 1053 3717 1099 et
3748 1045 3839 1101 lib.
3867 1063 3912 1109 ι,

2335 1135 2455 1191 cap.
2499 1123 2603 1187 47,
2650 1136 2705 1180 et
2746 1126 2842 1182 lib.
2897 1144 2984 1191 γι,
3035 1143 3156 1198 cap.
3203 1131 3307 1195 38,
3358 1133 3552 1188 scribit
3602 1137 3913 1193 ichneumo-

2335 1223 2457 1261 nem
2489 1209 2696 1280 aspidis
2721 1226 2821 1265 ova
2843 1211 3179 1282 disperdere,
3203 1223 3258 1270 et
3285 1225 3548 1288 tanquam
3575 1222 3793 1277 catulis
3814 1224 3914 1278 suis

2335 1298 2576 1354 futuram
2629 1301 2881 1357 hostilem
2933 1306 3229 1374 perniciem
3293 1309 3668 1367 submovere-
3722 1312 3911 1376 Horas,

2335 1389 2427 1444 lib.
2461 1406 2533 1456 ιι,
2567 1406 2692 1462 cap.
2730 1394 2820 1457 35,
2859 1411 2967 1449 non
3013 1396 3191 1452 solum
3238 1399 3292 1452 in
3337 1412 3651 1471 serpentem
3687 1403 3911 1468 imm.

2333 1480 2428 1533 sed
2461 1483 2668 1537 vocatis
2699 1485 2852 1552 prius
2895 1486 3134 1542 clamore
3166 1487 3290 1544 aliis
3310 1529 3324 1554 ,
3352 1505 3473 1559 qua
3510 1494 3712 1547 omnia
3765 1495 3909 1549 simul

2331 1569 2538 1626 addidit
2561 1572 2906 1640 Aristoteles,
2937 1575 3012 1631 De
3037 1579 3225 1634 histor.
3257 1583 3445 1646 anim.,
3482 1582 3584 1638 lib.
3617 1600 3686 1648 ιι,
3718 1600 3839 1656 cap.
3861 1586 3908 1644 6.

2332 1659 2616 1718 chneumo
2639 1663 2880 1737 £ggpti,
2895 1667 2985 1722 ubi
3007 1669 3239 1737 aspidem
3262 1689 3483 1744 anguem
3510 1693 3676 1729 suum
3709 1679 3905 1733 hostem

2330 1766 2609 1821 aspexerit,
2647 1772 2750 1811 non
2780 1759 2926 1825 prius
2986 1761 3287 1832 aggreditur
3332 1781 3490 1834 quam
3521 1769 3708 1822 socios
3755 1782 3908 1832 vocet,

649 1851 807 1920 plura
853 1844 1151 1924 congerere
1192 1858 1260 1913 ad
1303 1860 1425 1930 ejus
1463 1865 1722 1919 astutiam
1775 1875 1826 1922 et
1852 1844 2229 1924 calliditatem
2263 1875 2304 1930 Β
2331 1854 2380 1898 et
2406 1845 2530 1898 “mo
2558 1845 2806 1912 obduw’
2833 1859 3017 1903 comm
3041 1852 3179 1908 id”
3206 1870 3514 1923 manuque
3543 1873 3662 1911 ³⁸⁸⁸
3707 1860 3906 1922 una“

647 1943 1158 2005 demonstrandam.

717 2034 875 2100 lbid.,
922 2039 1018 2094 lin.
1067 2042 1157 2096 l7.
1195 2045 1479 2112 Εὐροῦσα
1514 2048 1627 2118 γὰρ
1673 2051 2023 2120 τελμιστήν.
2062 2051 2226 2106 Plura

644 2126 715 2184 de
753 2130 875 2199 ejus
910 2133 964 2185 in
998 2145 1196 2190 venatu
1239 2148 1293 2191 et
1338 2139 1552 2209 piscatu
1580 2143 1791 2199 artibus
1822 2141 2096 2207 Elianus,
2127 2146 2221 2201 lib.

644 2238 722 2288 νι,
754 2239 873 2296 cap.
907 2225 998 2288 24,
1040 2236 1094 2282 et
1142 2230 1240 2284 lib.
1283 2248 1334 2297 ι,
1384 2249 1505 2304 cap.
1551 2235 1651 2302 36;
1696 2237 1790 2292 lib.
1841 2254 1914 2301 iv,
1948 2255 2069 2308 cap.
2115 2239 2221 2306 38;

645 2314 740 2372 lib.
769 2333 840 2381 νι,
865 2333 984 2391 cap.
1017 2320 1087 2376 65
1113 2341 1128 2387 ;
1173 2323 1267 2378 lib.
1297 2342 1417 2380 xm.
1449 2325 1581 2396 Ejus
1618 2339 1810 2385 contra
1840 2347 1966 2388 aves
1990 2333 2219 2390 insidias

639 2411 1100 2477 quemadmodum
1140 2422 1196 2470 et
1230 2415 1321 2472 hic
1355 2429 1546 2475 noster
1578 2430 1771 2476 auctor
1815 2425 2018 2494 optime
2047 2426 2212 2495 expli-

638 2500 785 2555 cavit
818 2500 1096 2572 Oppianus
1135 2507 1392 2565 Ἁλιευτ.
1422 2527 1483 2575 ιι,
1512 2520 1566 2568 et
1603 2512 1867 2584 Epiphan.
1906 2518 1960 2571 in
1994 2517 2217 2589 Physic-

639 2591 758 2662 logo
791 2607 809 2644 :
842 2595 907 2648 Ἦ
935 2594 1161 2668 ἀλώπηξ
1188 2601 1306 2655 ἐστὶ
1338 2603 1675 2673 πολύτροπον
1714 2606 1869 2670 ζῶον.
1909 2609 2216 2666 Πεινάσασα

635 2680 694 2736 δι
727 2683 821 2737 καὶ
860 2686 1139 2758 ἀποροῦσα
1171 2694 1379 2766 τροφῆς
1414 2697 1710 2768 ἀπέρχεται
1757 2699 1851 2752 ἐπὶ
1892 2703 2019 2765 τοὺς
2064 2703 2216 2774 ήλια-

637 2775 769 2839 κοὺς
796 2777 995 2844 τόπους
1017 2798 1030 2811 ·
1060 2786 1511 2858 καταρῤίπτουσα
1543 2790 1713 2862 αὐτὴν
1738 2793 1795 2855 ις
1821 2793 1944 2864 γῆν,
1979 2797 2072 2850 καὶ
2115 2800 2211 2851 ἀν-

635 2868 871 2942 εχομένη
899 2871 998 2945 τὴν
1028 2877 1217 2947 πνοὴν,
1242 2881 1335 2933 καὶ
1364 2881 1735 2954 ὑποκρίνουσα
1771 2885 2094 2957 τεθνηκυῖαν
2110 2893 2216 2944 κεῖ-

633 2974 726 3013 ται
777 2961 976 3028 ὑπτία,
1027 2969 1155 3030 τοὺς
1201 2969 1513 3042 ὀφθαλμοὺς
1567 2975 1663 3030 καὶ
1708 2977 1836 3040 τοὺς
1889 2979 2054 3043 πόδας
2101 2983 2213 3035 ἀνω

633 3050 851 3120 ἔχουσα.
901 3056 1314 3130 Ἐπερχομένων
1347 3063 1404 3118 δὲ
1444 3065 1552 3118 τῶν
1593 3069 1875 3133 πετεινῶν,
1924 3073 2017 3125 καὶ
2042 3073 2211 3143 αὐτὴν

2330 1937 2518 1992 modus
2544 1939 2793 1993 armandi
2831 1950 2888 1994 ut
2922 1945 3152 2009 primum
3176 1945 3497 2015 madefaciat
3535 1963 3764 2018 corpus,
3787 1960 3838 2005 et
3861 1952 3908 2004 in

2329 2036 2474 2082 terra
2507 2046 2563 2084 se
2589 2031 2804 2085 volutet.

2400 2115 2518 2172 Col.
2555 2118 2655 2173 748
2678 2161 2692 2185 ,
2726 2121 2820 2175 lin.
2857 2123 2908 2176 l.
2947 2123 3145 2192 Σαῦρα
3175 2125 3246 2180 δὲ
3280 2128 3318 2195 ἠ
3347 2129 3667 2199 λεττμένη.
3716 2130 3907 2188 Petrus

2327 2205 2642 2278 Damianus,
2673 2212 2769 2267 lib.
2801 2228 2858 2277 ιι,
2887 2229 2976 2284 ep.
3011 2215 3109 2270 l8:
3134 2216 3515 2285 Salamandra,
3541 2238 3758 2292 quoque
3797 2226 3905 2279 licet

2323 2301 2536 2370 exigua,
2565 2304 2861 2360 mirabilem
2892 2307 3062 2376 fertur
3093 2308 3281 2364 habere
3306 2320 3591 2377 naturam;
3625 2315 3765 2370 adeo
3789 2327 3844 2369 ut
3862 2320 3904 2372 si

2322 2409 2450 2447 casu
2492 2394 2778 2465 aliquando
2823 2400 2876 2452 in
2928 2401 3044 2470 igne
3095 2402 3366 2473 mergitur.
3417 2406 3590 2460 omnis
3635 2409 3800 2478 ignea
3834 2412 3902 2463 eis

2323 2494 2572 2556 tanquam
2607 2488 2920 2546 inundantis
2968 2509 3121 2563 aqua:
3148 2496 3408 2564 proﬂuvio
3433 2500 3683 2567 protinus
3707 2505 3902 2558 mliu-

2317 2587 2532 2646 guatur.
2567 2577 2864 2648 Nicander,
2891 2584 2945 2638 in
2974 2585 3239 2641 Tim-iacis
3266 2605 3284 2641 .-

2452 2671 2938 2750 adaquari?me
2966 2675 3173 2750 (δόλιον
3203 2676 3386 2750 δάκος
3410 2679 3544 2750 (μὲν
3565 2681 3838 2750 ἀπειθὲς

2320 2737 2462 2818 '_'I_Ire
2493 2741 2589 2793 καὶ
2612 2737 2937 2818 ἆςσέὰτοιο
2962 2745 3038 2800 δι’
3075 2747 3142 2800 ἐκ
3176 2737 3561 2818 πυρὸςόϊμον
3592 2737 3837 2818 ἕχὸἶισᾶ

2321 2809 2616 2864 Ἕσσυται
2666 2813 2966 2882 ἄκμηνος,
3010 2817 3109 2871 καὶ
3157 2809 3465 2886 ἀνῶδύνοξδ
3484 2859 3502 2886 ,
3538 2809 3682 2875 οὺδὲ
3736 2827 3798 2877 τι
3849 2828 3899 2878 oi

2317 2947 2548 3002 Σίνεται
2583 2950 2854 3020 ἀσϐέστη
2877 2954 3100 3020 pay-dss-
3134 2955 3307 3024 δέρος
3340 2957 3496 3032 ἄκρα
3523 2891 3832 3031 uitii.

2380 3035 2448 3091 Et
2475 3039 2529 3093 in
2561 3041 3019 3109 Alexipharmacis
3048 3059 3068 3096 :

2317 3129 2423 3212 LBV-
2451 3129 2519 3183 es
2539 3131 2908 3212 .Ilt‘izopplroto
2946 3134 3134 3212 stator-
3162 3135 3439 3212 δυιζᾴὲσκ
3447 3156 3550 3212 ζον
3584 3141 3744 3212 ἰάψει

634 3146 1540 3283 Ξξῑᾚεέῖηςξῖϊὶῒμέζῖῄὶξξξϊη
1559 3161 2206 3283 ἑῖεεεξλςςλὲῖέξξῖξξξν
2236 3204 2278 3261 c
2312 3146 3550 3274 ἕαὲβὲκῖὲῖὲρίὲἓὲΐηὲῗὲῖυῖξὲῗέεσῗῖτῗ
3564 3146 3896 3283 «me

634 3236 728 3292 καὶ
753 3238 856 3292 ὅσα
881 3240 1129 3310 βούλεται
1160 3249 1522 3321 κατατρώγει.
1557 3250 1758 3308 Eadem
1793 3262 1920 3309 sunt
1940 3255 2082 3324 apud
2111 3253 2210 3311 lsi-

630 3328 850 3396 dorum,
875 3334 970 3390 lib.
1008 3352 1106 3403 xu,
1131 3353 1252 3411 cap.
1277 3341 1349 3409 2;
1385 3341 1604 3400 Petrum
1638 3345 1983 3425 Damianum,
2016 3347 2111 3402 lib.
2142 3363 2204 3413 ιι,

627 3438 715 3492 ep.
749 3423 844 3491 18;
871 3427 1175 3497 Albertum,
1204 3433 1495 3504 Georgium
1525 3423 1858 3508 Agricolam,
1889 3437 2204 3494 Michaelem

627 3515 876 3588 Glycam,
912 3531 964 3575 et
1002 3523 1140 3579 alios
1175 3528 1529 3584 recentiores.

703 3609 864 3672 lbid.,
897 3611 994 3667 lin.
1033 3613 1123 3669 24.
1166 3616 1239 3670 'H
1280 3618 1479 3686 σαῦρα
1508 3621 1847 3689 γηράσασα.
1881 3623 2205 3681 Aristoteles

627 3701 914 3770 lacertum,
935 3715 988 3760 et
1018 3717 1353 3764 senectutem
1382 3725 1605 3775 exuere,
1632 3720 1687 3768 et
1709 3714 1886 3769 oculis
1909 3717 2204 3782 connivere

626 3794 878 3862 tradidit;
903 3800 1176 3867 quomodo
1199 3809 1380 3862 autem
1404 3803 1584 3858 lumen
1609 3805 1894 3861 oculorum
1919 3817 2202 3864 senectute

624 3888 889 3942 amissum
925 3900 1211 3959 recuperet
1239 3908 1348 3947 non
1380 3895 1696 3963 explicavit.

692 3976 830 4034 lbid.
855 4021 869 4045 ,
909 3983 1006 4036 lin.
1040 3985 1127 4038 58.
1169 3987 1356 4040 Ἀλλὰ
1395 3987 1494 4040 καὶ
1541 3987 1807 4055 αὔξησιν
1827 3990 2085 4058 μείζονα.
2123 3990 2222 4048 De‘

620 4072 1000 4141 magnitudine
1044 4076 1343 4130 draconum
1380 4086 1434 4132 et
1468 4090 1781 4150 serpentum
1825 4097 1856 4136 e
1901 4081 2195 4140 Metastbe-

620 4178 688 4218 ne
730 4172 784 4219 et
817 4166 962 4229 aliis,
1011 4167 1134 4223 vide
1163 4167 1430 4233 Plinium,
1469 4173 1563 4227 lib.
1603 4189 1737 4238 vm,
1767 4189 1888 4244 cap.
1925 4177 2018 4241 l2,
2048 4177 2114 4230 15
2143 4187 2196 4232 et

618 4256 726 4323 ib;
778 4257 922 4327 apud
971 4258 1331 4324 Strabonem,
1373 4263 1468 4319 lib.
1511 4280 1598 4320 xv.
1643 4264 1985 4322 Onesicritus
2027 4269 2194 4323 refert

615 4351 757 4418 apud
785 4352 1073 4407 Abisarum
1107 4354 1272 4410 india:
1304 4372 1482 4427 regem
1516 4358 1655 4412 duos
1702 4359 1870 4414 fuisse
1900 4361 2182 4422 dracones,

614 4442 843 4497 alterum
894 4444 1092 4514 pedum
1133 4447 1232 4501 MO
1258 4489 1271 4510 ,
1309 4451 1537 4503 alterum
1572 4451 1659 4505 80.
1692 4449 1971 4506 Nearchus
2008 4463 2186 4506 autem

3626 3283 3791 3350 δρην

2308 3338 2649 3407 κλείουσιν,
2689 3341 2806 3410 τὴν
2841 3341 2984 3398 οὐδὲ
3013 3345 3203 3414 πυρὸς
3229 3346 3542 3416 λωόήσὰτό
3568 3338 3811 3423 Itin-3c.

2309 3445 2550 3505 Serenus
2579 3469 2591 3503 :

2307 3559 2411 3615 Seu
2437 3561 2798 3620 Salamandra
2829 3575 3034 3636 potens,
3070 3570 3330 3642 nullisque
3367 3574 3596 3629 obnoxia
3624 3578 3886 3645 ﬂammis.

2305 3650 2533 3718 Plinius,
2584 3656 2678 3710 lib.
2720 3672 2787 3722 ι,
2823 3673 2945 3729 cap.
2973 3660 3041 3714 67
3075 3680 3089 3715 :
3121 3661 3273 3717 Sicut
3303 3663 3665 3721 Salamandra
3689 3671 3889 3726 lacerti

2304 3743 2502 3813 ﬁgura,
2549 3747 2857 3816 stellatum,
2900 3767 3168 3822 nunquam
3220 3756 3321 3809 nisi
3357 3761 3558 3827 magnis
3599 3761 3888 3829 imbribus,

2299 3841 2626 3908 proveniens,
2649 3850 2700 3895 et
2718 3845 2998 3899 serenitate
3025 3845 3291 3914 deﬁciens.
3329 3848 3469 3903 Huic
3500 3861 3680 3906 tantus
3707 3857 3881 3925 rigor,

2301 3939 2357 3983 ut
2387 3931 2558 4001 ignem
2584 3942 2782 3988 tactum
2803 3938 3107 4007 exstinguat
3136 3955 3238 3992 non
3267 3940 3373 3994 alio
3405 3943 3558 3998 modo
3577 3963 3738 4015 quam
3759 3949 3882 4018 gla-

2298 4024 2422 4077 cies.
2452 4024 2722 4092 Elianus,
2761 4028 2840 4083 De
2865 4029 2988 4083 hist.
3024 4031 3215 4094 anim.,
3263 4032 3358 4089 lib.
3389 4048 3448 4099 ιι,
3492 4051 3615 4108 cap.
3651 4038 3757 4106 5i;
3789 4040 3880 4098 Pi-

2297 4117 2464 4180 sides,
2503 4117 2580 4172 De
2610 4119 2792 4174 mundi
2826 4121 3037 4190 api/icio
3065 4139 3083 4175 :

2401 4211 2605 4291 ῌοέαις
2639 4212 2707 4291 es
2732 4215 2950 4291 πῃῖαῖς
3048 4214 3261 4291 βυθοῖς
3302 4219 3727 4291 κεκρυμμένοις
3748 4280 3763 4291 ,

2399 4279 2515 4347 Δρᾷ
2542 4279 2938 4350 ouandi-opes
2966 4279 3072 4348 τὰς
3098 4279 3384 4352 καμίνους
3403 4279 3669 4359 allicimu-

2292 4369 2714 4442 Olympiodorus
2758 4375 2902 4444 apud
2959 4373 3298 4445 Scaligerum
3346 4379 3413 4434 de
3462 4381 3768 4441 subtilitate
3797 4391 3862 4445 ad

2291 4461 2804 4519 Cardanumexerc.
2838 4465 2924 4529 74,
2949 4482 3100 4521 num.
3133 4469 3187 4531 5,
3215 4470 3339 4533 Τοῖς
3367 4471 3641 4542 ὑελέψαις,
3669 4475 3862 4544 inquit.

613 4535 783 4591 visam
823 4537 1059 4606 viperam
1118 4539 1375 4595 feminam
1417 4543 1725 4597 cubitorum
1761 4545 2013 4599 sedecim.
2053 4544 2186 4600 Vide

2311 4551 2460 4622 πολλὴ
2491 4555 2711 4623 φροντὶς
2743 4553 2835 4607 τοῦ
2871 4555 3145 4610 τινάσσειν
3176 4557 3276 4628 τὴν
3319 4535 3570 4633 πάπυρον
3589 4535 3756 4629 ,ἴνα-
3789 4569 3862 4638 μὴ

611 4626 911 4691 1Eliauum,
951 4629 1047 4684 lib.
1082 4647 1112 4684 χ
1155 4631 1226 4685 De
1258 4632 1383 4686 hist.
1413 4634 1600 4697 anim.,
1637 4649 1757 4704 cap.
1793 4634 1882 4690 39.

680 4719 815 4775 Ibid.
859 4721 1044 4775 Ἐπὰν
1071 4721 1186 4778 οὖν
1217 4723 1325 4777 τὸν
1364 4729 1559 4796 ὀρισμ.
1599 4726 1808 4790 llorus,
1842 4728 1936 4782 lib.
1980 4744 2026 4791 ι,
2058 4743 2208 4796 (ξορρ

609 4811 631 4864 Ι
669 4829 680 4864 :
716 4811 966 4882 Ἐπειδὴ,
993 4813 1159 4883 τριῶν
1193 4815 1364 4883 γενῶν
1427 4817 1632 4886 ὅφεων”
1668 4817 2022 4871 καθεστώτων
2049 4857 2063 4877 ,
2114 4815 2182 4868 τὰ

609 4905 707 4973 μὲν
738 4903 899 4956 λοιπὰ
936 4903 1106 4974 Θνητὰ
1131 4906 1398 4977 ὑπάρχει,
1434 4907 1593 4960 τοῦτο
1617 4909 1674 4961 δὲ
1706 4909 1864 4978 μόνον
1892 4909 2176 4970 ἀθάνατον,

603 4997 633 5049 ὃ
657 4980 748 5049 ιιαὶ
791 4998 1182 5066 προσφυσῆσαν
1212 4999 1382 5070 ἑτέρῳ
1431 5000 1594 5053 παντὶ
1622 4999 1746 5072 {tiin
1790 5001 1913 5070 δίχα
1961 4999 2177 5053 καὶτοῦ

602 5088 784 5140 δακεῖν
820 5089 1048 5160 ἀναιρεῖ.

676 5178 836 5243 lbid.,
866 5181 963 5234 lin.
988 5181 1079 5234 42.
1116 5183 1306 5248 Τούτῳ
1327 5185 1360 5237 ό
1401 5183 1714 5253 ἰχνεύμων.
1747 5185 2027 5253 Quomodo
2055 5207 2175 5246 ser-

601 5282 792 5342 pentes
814 5282 868 5327 et
890 5273 1198 5331 crocodilos
1230 5285 1408 5341 necat,
1433 5279 1713 5347 eleganter
1759 5278 2042 5352 Oppianus
2063 5287 2173 5339 Ku-

600 5382 732 5433 νηγ.
771 5364 864 5419 lib.
896 5381 975 5420 ιιι.

667 5457 800 5511 Ibid.
832 5500 848 5524 ,
897 5460 992 5514 lin.
1027 5459 1114 5514 44.
1158 5462 1343 5515 faue
1393 5462 1522 5532 μὴν
1564 5465 1663 5536 aeui
1717 5467 1885 5532 πρός.
1937 5465 2168 5530 Plinius,

599 5549 694 5602 lib.
725 5566 844 5615 νιιι,
888 5567 1007 5621 cap.
1039 5553 1144 5606 21s:
1185 5555 1338 5617 Aspis
1373 5555 1528 5609 habet
1553 5555 1743 5611 deinde
1791 5559 2168 5613 internecinum

597 5639 788 5692 bellum
820 5659 936 5695 cum
982 5645 1336 5704 ichneumone.
1369 5646 1569 5701 Nolunt
1596 5658 1672 5702 est
1707 5651 1907 5704 animal
1933 5653 2029 5705 hac
2052 5653 2168 5722 glo-

597 5732 677 5785 ria
704 5735 928 5787 maxime
956 5737 1006 5787 in
1044 5737 1224 5791 eadem
1258 5749 1440 5792 natum
1469 5742 1715 5809 .‘Egypto.
1745 5741 1933 5812 Mergil
1961 5761 2012 5798 se
2042 5746 2166 5799 limo

593 5823 807 5889 sapius,
836 5825 1096 5889 siccatque
1135 5827 1260 5882 sole.
1289 5827 1415 5884 Mox
1445 5830 1530 5881 ubi
1555 5832 1788 5885 nim-ibus
1815 5835 1990 5887 eodem
2015 5836 2165 5890 modo

2291 4644 2441 4708 ἐντὸς
2472 4646 2792 4717 περιέχηται
2831 4649 2865 4718 ἡ
2904 4647 3256 4720 σαλαμάνδρα
3275 4668 3288 4682 ·
3323 4653 3594 4724 ζημιῶδες
3623 4658 3732 4730 γὰρ
3761 4661 3861 4714 αὖ-

2288 4738 2400 4800 τοῖς
2426 4737 2503 4808 τῷ
2536 4738 2724 4792 σϐέσαι
2760 4739 2859 4809 τὴν
2887 4739 3132 4810 κάμινον.
3191 4743 3552 4812 Aristoteles,
3583 4749 3680 4804 lib.
3714 4767 3746 4806 ν
3784 4751 3860 4806 De

2288 4826 2414 4881 hist.
2442 4829 2633 4895 anim.,
2669 4843 2792 4899 cap.
2827 4831 2932 4896 l9;
2971 4829 3351 4892 Nazianzenus
3385 4837 3436 4889 in
3471 4838 3758 4905 Basilium,
3805 4853 3856 4896 et

2288 4917 2562 4973 Partenesi
2589 4920 2658 4972 ad
2698 4920 2956 4988 Virgines.
2998 4920 3134 4978 Huic
3173 4933 3354 4981 tamen
3386 4932 3670 4987 sententia
3703 4931 3854 4988 Dios-

2284 5011 2499 5066 corides
2539 5009 2878 5081 refragatur,
2920 5023 2975 5069 et
3023 5012 3264 5071 Galenus
3293 5018 3348 5072 in
3382 5018 3626 5085 Simplic.
3649 5061 3665 5086 ,
3695 5023 3851 5080 σαλα-

2287 5101 2525 5170 μάνδρας
2558 5103 2854 5174 καυθείσης
2879 5107 3122 5162 meminit
3147 5125 3160 5172 ;
3208 5116 3262 5164 et
3293 5125 3347 5163 Iv
3378 5112 3537 5165 Κατὰ
3567 5114 3718 5181 τόπ.,
3753 5118 3848 5171 Σα-

2283 5192 2593 5264 λαμάνδρας
2621 5197 2966 5269 κεκαυμένης
3000 5201 3199 5254 σποδόν
3226 5203 3477 5272 requirit.

2353 5283 2486 5340 Ibid.
2515 5325 2530 5349 ,
2581 5285 2677 5339 lin.
2709 5287 2761 5340 '5.
2818 5289 2969 5342 Φασὶ
3009 5289 3079 5344 δὲ
3127 5291 3243 5361 τὴν
3290 5293 3558 5360 ἔχιδναν.
3595 5295 3842 5361 Basilius,

2281 5377 2427 5432 hom.
2467 5379 2501 5432 9
2535 5400 2548 5432 :
2583 5377 2695 5432 Καὶ
2737 5377 2938 5449 ἔχιδναι
2966 5381 3066 5445 τὰς
3100 5384 3310 5455 μήτρας
3335 5385 3694 5454 ὲκφαγοῦσαι,
3715 5407 3842 5461 προ-

2279 5470 2545 5543 έρχονται,
2575 5470 2901 5541 ,πρέποντας
2936 5477 3000 5546 τῇ
3035 5476 3411 5548 γεννησαμένη
3457 5480 3583 5543 τοὺς
3625 5482 3842 5551 μισθοὺς

2277 5561 2671 5616 ὲκτιννύουσαι.
2723 5561 3029 5619 Notandum
3087 5577 3172 5621 est
3224 5568 3368 5637 quod
3395 5579 3584 5624 narrat
3647 5570 3836 5629 Petrus

2281 5653 2606 5719 Damianus,
2657 5654 2753 5708 lib.
2791 5671 2833 5710 ιι
2857 5695 2873 5720 ,
2922 5659 3138 5728 epistol.
3176 5659 3272 5720 18,
3307 5660 3373 5714 de
3408 5661 3510 5716 hac
3537 5662 3727 5718 eadem
3761 5679 3833 5717 re.

2288 5745 2506 5813 Viperw,
2543 5747 2748 5815 inquit,
2781 5748 2876 5801 hac
2909 5753 3128 5804 coeundi
3177 5753 3256 5806 vel
3290 5754 3531 5820 pariendi
3561 5766 3836 5810 consueta-

2275 5837 2396 5892 (ϋηο
2441 5838 2678 5893 naturali
2709 5842 2981 5909 potiuntur
3015 5845 3232 5915 imperio
3268 5855 3324 5898 ut
3375 5847 3636 5901 maswlus
3680 5847 3732 5901 in
3779 5863 3834 5902 os
