4042 6338
139 404 278 462 06!

1186 400 1254 455 ΙΝ
1293 397 1662 456 EUSTATHII
1700 396 2171 455 HEXAEHERON
2211 396 2444 456 Νοτιεῖς.

3322 403 3428 462 961

146 524 398 592 femina
430 530 584 590 caput
614 522 908 590 impingat,
935 519 1080 589 quod
1111 519 1207 573 illa
1236 533 1346 588 prw
1377 518 1530 572 nimii
1559 518 1760 571 amoris
1787 524 1835 580 Α
1864 529 2004 582 ram,
2039 515 2184 586 quod
2215 523 2270 572 et
2299 515 2523 570 tradidit
2571 515 2892 588 Apollonius
2942 515 3084 588 apud
3122 515 3426 574 Philostra-

142 617 519 682 s'mpatiéntia
550 613 834 668 mordendo
859 612 1136 680 pra'cidat,
1181 628 1242 666 ac
1260 617 1455 679 presio
1479 609 1756 679 deglutiat,

149 722 236 760 ea:
267 706 424 777 cujus
469 707 659 773 capitis
701 703 869 757 oculis
913 702 1018 756 duo
1054 701 1219 757 catuli
1265 711 1645 770 procreantur,
1669 701 1759 770 qui

147 807 372 868 partus
409 807 636 864 tempore
673 803 914 848 materna
960 793 1131 848 latera
1171 794 1414 862 utrinque
1448 791 1757 859 corrodunt,

149 897 218 941 et
249 889 336 942 sic
364 888 679 941 altrinsecus
703 885 863 940 simul
883 885 1262 947 occidentes,et
1292 891 1562 936 nascentes
1582 897 1758 935 erum-

145 989 334 1046 punt.
369 977 475 1043 Qui
499 977 747 1030 nimirum
769 987 889 1030 ante
918 985 1038 1030 sunt
1064 975 1344 1044 parricidae
1377 989 1535 1043 quam
1560 975 1680 1042 filii,
1708 982 1757 1026 et

157 1069 301 1122 ideo
336 1083 606 1136 nunquam
632 1077 823 1136 prater
850 1067 986 1122 duos
1005 1069 1142 1124 valet
1182 1067 1340 1136 hujus
1369 1070 1572 1137 generis
1606 1081 1756 1119 exce-

151 1160 311 1214 dens
342 1160 542 1229 aliquid
575 1160 816 1215 inveniri.
851 1160 967 1214 Duo
999 1168 1181 1214 tamen
1217 1159 1306 1213 hic
1331 1157 1400 1212 de
1430 1167 1626 1212 natura
1657 1157 1756 1211 hu-

146 1245 268 1315 jus
296 1247 570 1316 serpentis
594 1287 609 1310 ,
642 1263 763 1317 quae
810 1247 978 1303 refert
1008 1249 1094 1304 hic
1127 1255 1356 1312 auctor,
1388 1257 1442 1301 et
1473 1248 1627 1301 multi
1663 1247 1754 1301 alii

157 1351 292 1392 uno
326 1352 442 1400 ore,
494 1338 892 1393 consideranda
921 1347 1072 1404 sunt,
1102 1346 1157 1393 et
1201 1339 1436 1409 primum
1473 1339 1541 1392 de
1574 1340 1750 1405 coitu;

155 1429 254 1483 ait
293 1430 478 1492 enim,
519 1430 762 1500 viperam
803 1448 898 1502 per
925 1446 989 1486 os
1041 1445 1230 1486 semen
1274 1432 1547 1500 excipere,
1582 1446 1752 1485 mem-

161 1520 456 1590 bruanue
487 1523 654 1576 maris
683 1538 778 1577 ore
805 1521 1077 1584 excidere,
1111 1523 1212 1577 hac
1244 1521 1456 1577 ratione
1486 1526 1620 1576 mari
1655 1538 1751 1577 ne-

154 1626 298 1668 cem
326 1613 586 1682 parando.
611 1613 725 1668 Hoc
757 1615 897 1669 idem
927 1615 1086 1668 aliter
1115 1613 1207 1667 alii
1240 1622 1486 1678 narrant,
1507 1615 1749 1683 viperam

155 1702 447 1758 duntaxat
478 1705 560 1757 ori
590 1719 692 1759 suo
724 1705 890 1758 maris
922 1711 1088 1774 caput
1140 1704 1341 1758 habere
1389 1705 1654 1758 insertum
1693 1704 1748 1758 in

154 1791 349 1855 coitu,
384 1799 437 1848 et
467 1791 598 1846 illud
629 1793 824 1847 ardore
856 1792 1096 1846 libidinis
1135 1806 1494 1862 pmmorsum
1524 1791 1747 1845 abscin-

1863 614 2012 671 tum,
2041 616 2097 662 et
2145 606 2413 663 Maximus
2463 605 2682 679 Tyrius.
2731 607 2798 661 Et
2820 606 3006 663 Roma:
3040 610 3342 678 saepissime
3373 613 3428 665 in

1859 699 2051 768 ligneis
2080 701 2254 756 thecis
2295 707 2459 755 enata
2505 699 2724 756 soboles
2763 701 2833 755 ab
2861 701 3117 756 omnibus
3161 703 3428 768 cernitur,

1855 799 1910 846 et
1951 808 2150 863 parens
2199 793 2352 848 salva
2398 807 2464 847 ac
2500 800 2783 863 superstes
2819 809 2834 857 ;
2886 801 2942 847 et
2969 808 3068 862 ego
3101 792 3268 847 etiam
3296 793 3426 848 vidi.

1856 882 2095 940 Consule
2122 883 2475 953 Rodiginum,
2503 883 2599 939 lib.
2619 899 2831 953 vt,cap.-
2861 885 2946 939 l3.
2981 883 3116 938 lllud
3140 885 3302 939 etiam
3332 884 3428 938 ad-

1854 976 2001 1041 dam,
2053 975 2365 1032 Cardanum
2406 991 2436 1030 a
2474 975 2751 1046 Scaligero
2799 991 2980 1032 exere.
3037 977 3140 1032 l25
3190 985 3245 1031 et
3294 976 3425 1041 185,

1855 1084 2006 1122 ιιιιιιι.
2042 1069 2131 1133 15,
2167 1067 2514 1139 reprehendi,
2553 1068 2697 1136 quod
2728 1069 2935 1123 scilicet
2966 1069 3208 1138 aspidem
3263 1075 3318 1123 et
3344 1069 3427 1122 vi-

1853 1174 2040 1229 peram
2092 1173 2256 1214 unam
2305 1166 2359 1214 et
2406 1159 2652 1219 eamdem
2698 1159 3018 1228 agnoverit;
3051 1158 3194 1213 sicut
3229 1156 3284 1210 in
3311 1157 3429 1228 epi-

1853 1248 1992 1302 stola
2015 1247 2249 1316 quadam
2271 1262 2432 1300 manu
2456 1247 2677 1318 prepria
2703 1245 2940 1301 Cardani
2966 1247 3170 1318 scripta
3201 1261 3261 1302 se
3290 1245 3428 1301 Sea.

1851 1337 1988 1408 liger
2036 1337 2239 1392 vidisse
2285 1345 2556 1401 testatur,
2604 1354 2730 1394 eum
2770 1339 3054 1408 dipsadem
3084 1355 3209 1395 cum
3242 1342 3427 1411 vipera

1852 1429 1996 1483 idem
2023 1429 2392 1484 existimasse.
2424 1429 2621 1486 Petrus
2656 1432 2786 1486 item
2817 1431 3118 1500 Bellonius,
3148 1433 3423 1488 Observat.

1853 1521 1949 1577 lib.
1988 1537 2061 1584 ll,
2095 1537 2216 1591 cap.
2247 1520 2315 1575 54
2336 1560 2352 1584 ,
2383 1520 2578 1577 fatetur
2628 1539 2688 1579 se
2713 1523 2896 1578 verbis
2935 1523 3298 1579 Aristotelicis
3325 1525 3427 1578 im-

1850 1614 2070 1683 pulsum
2094 1654 2107 1675 ,
2143 1617 2361 1684 viperas
2400 1624 2742 1685 praegnantes
2770 1618 3095 1671 observasse
3120 1635 3133 1670 :
3165 1632 3287 1686 quae
3308 1617 3429 1671 sine

1851 1706 2056 1762 tunicis
2090 1706 2333 1762 sobolem
2364 1708 2643 1777 peperisse
2669 1709 2802 1763 visae
2832 1717 2978 1763 sunt.
3009 1706 3111 1775 Qui
3136 1715 3319 1762 tamen
3345 1709 3430 1762 vi-

1851 1812 2040 1868 peram
2075 1812 2193 1852 eam
2231 1797 2505 1867 intelligit,
2536 1813 2700 1868 quam
2750 1797 3104 1854 Turonenses
3160 1807 3215 1854 et
3243 1798 3424 1854 Ceno-

160 1883 330 1940 dere.
352 1883 550 1947 Horus,
581 1885 675 1940 lib.
709 1899 770 1938 ιι.
803 1900 922 1954 cap.
942 1883 1040 1938 59:
1067 1883 1213 1955 Αὕτη
1243 1885 1371 1956 γὰρ,
1403 1884 1528 1936 ὃταν
1555 1882 1746 1951 συγγὲ-

1851 1889 2037 1943 manni
2063 1889 2221 1954 Aspic
2251 1891 2534 1944 nominant
2556 1905 2675 1961 quae
2704 1906 2865 1961 quam
2896 1906 3026 1947 vera
3054 1891 3162 1946 sint
3196 1890 3424 1947 alterius

163 1993 339 2048 νηται
358 1975 438 2046 τῷ
455 1975 660 2047 agapen,
687 1975 862 2046 στόμα
894 1974 1118 2044 στόματι
1142 1972 1470 2043 ἐμϐαλοῦσα,
1489 1972 1582 2026 καὶ
1611 1970 1747 2042 μετὰ

158 2068 235 2120 τὸ
265 2067 690 2138 ἀποζευχθῆναι,
713 2064 1054 2119 ἁποδακοῦσα
1078 2065 1174 2135 τὴν
1206 2064 1443 2134 κεφαλὴν
1468 2062 1559 2117 τοῦ
1586 2061 1747 2132 appe-

161 2177 288 2225 νος,
319 2159 549 2230 ἀναιρεῖ.
583 2158 834 2220 Basilius,
856 2157 1057 2211 Contra
1086 2157 1404 2223 feneratores
1425 2195 1440 2218 ,
1481 2163 1535 2208 et
1565 2153 1639 2207 De
1666 2155 1746 2206 in-

161 2253 345 2314 uidia;
376 2249 646 2312 IEIianus,
679 2247 754 2302 De
779 2250 904 2302 hist.
935 2248 1126 2311 anim.,
1160 2247 1252 2302 lib.
1286 2263 1325 2309 ι,
1357 2261 1479 2315 cap.
1511 2245 1601 2310 M,
1637 2245 1745 2300 etsi

165 2342 460 2412 paululum
491 2339 558 2393 ab
587 2340 708 2393 aliis
735 2339 921 2392 varius
948 2335 1120 2402 Phile,
1156 2337 1208 2390 in
1231 2334 1468 2389 lambis:

288 2455 458 2522 Ἐχις
488 2454 555 2507 δὲ
583 2455 794 2523 θερμὸς
827 2451 1237 2522 προσπλακεὶς
1265 2449 1341 2519 τῇ
1369 2449 1620 2523 συζύτφ,

285 2521 397 2579 Καὶ
427 2524 533 2577 τὸν
556 2521 698 2589 reas
732 2521 982 2589 ἣδιστον
1010 2523 1101 2590 ἀρ’
1132 2523 1366 2586 ἀνύσας
1394 2521 1602 2590 τάμον,

282 2595 482 2650 Κεῖται
513 2593 824 2662 φονευθεὶς
852 2594 999 2648 ὑπαὶ
1027 2592 1132 2659 τῆς
1165 2593 1480 2662 ἐραστρίας

292 2660 656 2718 Τὸϋτουήσὺν
685 2663 831 2731 ὀργῇ
859 2664 1273 2726 λανθανόντως
1298 2660 1586 2728 ἐχομένης

291 2733 557 2802 Σοόαρὸν
582 2734 629 2787 τ’
656 2735 889 2787 ἐκεῖνον
917 2733 1286 2800 ὲκτεμούσης
1309 2731 1556 2811 αὐχένα.

170 2845 546 2911 Prudentius,
607 2845 1052 2916 Hamartigenia;
1090 2843 1333 2909 Plinius,
1383 2844 1483 2898 lib.
1520 2861 1549 2897 x
1574 2884 1588 2908 ,
1620 2857 1741 2914 cap.

170 2937 270 3000 42,
318 2937 516 3005 Vipera:
543 2952 657 2990 mas
688 2945 842 3003 caput
873 2936 1057 2988 inserit
1089 2936 1142 2986 in
1175 2951 1254 3000 os,
1285 2932 1422 3004 quod
1462 2933 1556 2986 illa
1589 2934 1746 2988 abro-

172 3031 260 3083 dit
292 3029 574 3096 voluptatis
602 3027 891 3080 dulcedine.
932 3025 998 3079 Et
1024 3041 1091 3081 ex
1118 3025 1517 3082 recentioribus
1548 3025 1744 3080 Adria-

175 3133 288 3173 nus
315 3116 532 3180 Junius,
561 3118 816 3171 emblem.
842 3115 930 3171 38.

251 3212 416 3279 lbid.,
448 3213 543 3266 lin.
579 3211 632 3266 5.
662 3212 824 3278 Αὕτη
853 3209 920 3263 δὲ
950 3209 1180 3279 ἔγγυος.
1217 3207 1530 3265 Secundum
1561 3216 1644 3266 est
1677 3208 1744 3266 de
1774 3225 1815 3281 α

175 3312 341 3374 partu
385 3320 605 3370 eorum;
646 3305 797 3357 aiunt
841 3317 1074 3373 namque
1125 3303 1272 3373 quod
1320 3302 1446 3366 filii,
1492 3301 1745 3372 disrupto

175 3405 370 3452 ventre
392 3437 407 3460 ,
443 3411 710 3466 exesaque
742 3397 900 3450 vulva
947 3402 1278 3464 erumpunt,
1313 3402 1607 3464 pensantes
1632 3431 1648 3456 ,
1681 3407 1744 3447 ac

179 3489 508 3542 ulciscentes
561 3489 790 3556 primam
863 3486 1038 3555 pejori
1100 3487 1397 3556 impietate.
1452 3483 1632 3552 Phile,
1688 3485 1744 3540 in

183 3578 384 3634 lambis
399 3593 420 3631 :

289 3669 460 3737 Πλὴν
485 3669 622 3724 ἀλλ’
652 3671 684 3722 ὀ
713 3667 829 3737 μὲν
856 3668 1160 3735 τέθνηκεν.
1185 3669 1224 3736 ἠ
1253 3666 1322 3720 δὲ
1348 3666 1465 3720 νῦν
1496 3668 1622 3720 κύει
1641 3682 1654 3695 °

288 3741 448 3795 Μετὰ
472 3739 540 3791 δὲ
572 3740 784 3808 μικρόν
815 3756 945 3792 τινα
971 3738 1218 3808 astam
1241 3737 1439 3808 βρέφη
1471 3740 1692 3806 χρόνον

292 3811 408 3875 Τὴν
430 3805 725 3878 μητρικὴν
746 3806 1234 3878 ρήξανταίνηδὺν
1263 3805 1460 3878 ἐξέδυ.

285 3880 379 3948 Μὴ
412 3877 561 3948 γοῦν
598 3879 948 3947 τετιμώρηκε
975 3877 1053 3942 τῷ
1082 3877 1462 3946 φυτοσπόρῳ.

189 3995 392 4057 Horus,
424 3995 517 4047 lib.
553 4010 625 4055 ιι,
660 4008 781 4062 cap.
826 3992 933 4058 60;
973 3992 1278 4062 Antigonus
1313 3990 1631 4061 Carystius,
1667 3989 1744 4043 De

190 4087 415 4141 mirabil.
440 4127 454 4150 ,
499 4087 635 4140 Οὐδὲ
691 4088 868 4157 ἔχιδνα
917 4087 1018 4150 δίς.
1053 4086 1252 4138 Ἐσθίει
1303 4083 1412 4153 γὰρ
1454 4083 1620 4154 αὐτῆς
1647 4082 1745 4153 τὴν

190 4179 386 4232 κοιλίαν
413 4177 479 4230 τὰ
506 4177 734 4247 ἔμϐρυα.
767 4177 1034 4243 Αἰιίθιιιιε,
1059 4176 1151 4231 lib.
1175 4191 1192 4231 ι
1217 4175 1304 4234 ,De
1330 4178 1517 4230 histor.
1555 4179 1742 4239 anim.,

188 4283 304 4338 cap.
334 4267 402 4320 24
425 4307 440 4330 ,
469 4276 522 4322 et
573 4269 665 4321 lib.
705 4284 771 4321 xv
800 4312 814 4334 ,
850 4284 970 4338 cap.
1005 4268 1071 4322 16
1096 4307 1110 4330 ,
1151 4285 1217 4322 ex
1260 4269 1530 4322 sententia
1561 4265 1743 4321 Theo-

191 4359 387 4429 phrasti
414 4358 506 4421 ait,
540 4367 785 4410 ventrem
819 4373 926 4412 non
979 4359 1194 4412 corrodi
1219 4398 1233 4421 ,
1265 4373 1443 4427 neque
1475 4357 1742 4426 disrumpi

191 4463 221 4502 a
254 4447 390 4513 llliis,
423 4446 519 4502 sed
567 4438 694 4516 quia
731 4456 996 4517 angustus
1041 4456 1125 4502 est
1172 4449 1313 4501 mole
1347 4448 1551 4502 sobolis
1585 4447 1744 4515 pelli-

1846 1980 1948 2034 erit
1972 1979 2178 2048 negotii
2211 1979 2508 2037 discutere.

1917 2069 2090 2133 lbid-,
2136 2070 2234 2124 lin.
2266 2072 2318 2125 9.
2363 2073 2650 2141 Γηράσας
2685 2074 2754 2127 δὲ
2781 2081 2814 2132 ὁ
2853 2077 3007 2146 ὄφις.
3041 2075 3118 2132 De
3143 2086 3421 2148 serpente,

1847 2161 1968 2231 ejus
2007 2170 2239 2226 natura,
2283 2173 2338 2220 et
2379 2168 2654 2234 quomodo
2697 2178 2972 2224 senectam
3000 2180 3197 2233 exuat,
3223 2169 3420 2224 Petrus

1847 2254 2177 2323 Damianus,
2220 2257 2315 2313 lib.
2353 2274 2424 2325 ιι,
2466 2261 2631 2329 epist.
2682 2261 2794 2328 18;
2837 2259 3124 2326 Elianus,
3169 2260 3242 2316 De
3288 2260 3416 2316 hist.

1846 2349 2009 2405 anim.
2047 2350 2140 2404 lib.
2175 2366 2388 2420 Ix,cap.
2421 2351 2507 2416 16,
2527 2351 2622 2416 ait,
2656 2363 2965 2424 serpentem
2998 2353 3260 2410 fteniculo
3286 2370 3420 2409 oon-

1845 2439 1916 2496 lis
1941 2441 2506 2498 all‘ricatis-oculorum
2536 2446 2920 2500 hebetudinem
2955 2447 3226 2516 abjicere;
3261 2463 3422 2504 sene-

1845 2544 2006 2587 scunt
2031 2535 2175 2588 enim
2211 2537 2355 2590 oculi
2391 2544 2446 2591 et
2483 2536 2642 2591 sicuti
2681 2539 2947 2606 reliquum
2986 2553 3219 2608 corpus,
3263 2539 3336 2592 ita
3364 2545 3420 2592 et

1845 2627 1987 2681 oculi
2018 2643 2128 2681 sua:
2158 2628 2512 2696 perfectionis
2542 2629 2745 2683 habent
2782 2630 3074 2683 terminum
3143 2645 3303 2698 quem
3331 2639 3417 2682 at-

1846 2717 2086 2787 tingant,
2117 2735 2275 2788 quem
2303 2720 2348 2775 si
2377 2721 2715 2776 excesserint
2747 2721 2928 2774 lumen
2960 2713 3293 2785 absumunt,
3336 2722 3421 2775 in-

1846 2807 2095 2880 ﬁrmique
2125 2811 2460 2876 redduntur,
2503 2814 2667 2865 Ὅταν
2716 2813 3048 2882 ἀποδύσῃς-αι
3084 2813 3146 2867 τὸ
3182 2814 3360 2885 γῆρας
3396 2815 3425 2866 ὁ

1844 2899 1966 2968 ὄφις
1985 2940 2000 2964 ,
2042 2904 2418 2973 ὑπαρχομένου
2456 2904 2512 2956 δὲ
2542 2906 2634 2958 τοῦ
2671 2901 2804 2976 ἦρος
2845 2907 2945 2976 δρᾷ
2975 2904 3132 2958 τοῦτο
3151 2944 3164 2968 ,
3195 2904 3428 2959 ἐνταῦθά

1844 3006 1925 3044 τοι
1958 2993 2053 3045 καὶ
2082 2995 2190 3046 τῶν
2227 2996 2531 3067 ὀφθαλμῶν,
2546 2999 2642 3068 τὴν
2678 2999 2864 3068 ἀχλὺν,
2898 2999 2996 3052 καὶ
3020 2998 3081 3050 τὸ
3113 2998 3294 3068 ἀμϐλὺ
3323 3000 3424 3067 τῆς

1846 3083 2020 3152 ὅψεως
2053 3086 2296 3154 ῥίπτεται
2316 3127 2330 3150 ,
2354 3089 2448 3141 κέύ⁵
2475 3091 2647 3142 ἐκεῖνο
2677 3091 2752 3153 ὠς
2786 3091 2963 3162 γῆρας
2991 3089 3305 3160 ὀφθαλμῶν.
3334 3087 3424 3160 Τῷ

1845 3175 1902 3227 δὲ
1936 3177 2200 3249 μαράθρῳ
2235 3181 2633 3250 προῦποθήγων
2654 3224 2667 3246 ,
2711 3183 2802 3234 καὶ
2832 3183 3144 3253 trepidat)me
3173 3180 3234 3233 τὸ
3269 3180 3425 3252 ὄμμα

1849 3271 2143 3342 ἑκάτερον,
2187 3270 2303 3328 εἶτα
2346 3275 2573 3345 ὲξάνθης
2613 3275 2765 3329 τοῦδε
2795 3276 2885 3329 τοῦ
2929 3277 3133 3338 πάθους
3190 3275 3420 3344 γίνεταιο

1848 3360 2214 3429 Ἀμϐλυὼττει
2247 3363 2304 3416 δὲ
2346 3364 2454 3433 ἄρα.
2501 3364 2589 3416 διὰ
2614 3363 2707 3416 τοῦ
2751 3364 3016 3433 χειμῶνος
3044 3363 3325 3432 φωλεύσας
3365 3365 3422 3414 ὲν

1849 3450 2002 3520 μυχῷ
2023 3452 2117 3502 καὶ
2145 3453 2338 3522 σκότῳ.
2364 3452 2569 3505 Οὐκοῦν
2600 3452 2932 3506 παλαιοῦσαν
2961 3456 3025 3505 ὲκ
3048 3453 3156 3504 τῶν
3187 3452 3420 3522 κρυμῶν

1844 3539 1951 3592 τῶν
1994 3539 2148 3602 ζώων
2183 3541 2282 3611 τὴν
2319 3541 2440 3609 ὄψιν
2472 3541 2868 3612 ὑποθερμαῖνον
2893 3541 2954 3592 τὸ
2984 3540 3258 3611 μάραθρον
3287 3541 3420 3595 καθ-

1741 3639 1746 3645 ’
1842 3629 2006 3701 αίρει,
2036 3633 2128 3683 καὶ
2156 3632 2559 3703 ὸξυωπέστερον
2615 3633 2925 3700 ἀποφαίνει.
2963 3630 3029 3685 Et
3055 3632 3284 3697 Plinius,
3320 3632 3415 3686 lib.

1845 3738 1962 3786 vm,
1982 3739 2100 3791 cap.
2135 3724 2202 3776 27
2232 3741 2243 3775 :
2270 3725 2469 3794 Anguis
2485 3725 2714 3793 hyberna
2736 3725 2938 3778 latebra
2971 3726 3084 3778 uisu
3113 3724 3416 3790 obscurato,

1846 3815 2116 3868 marathro
2162 3815 2333 3868 herbae
2366 3833 2474 3870 sese
2518 3817 2805 3884 a/fricans,
2843 3818 3020 3870 oculos
3064 3818 3308 3886 inungit,
3358 3833 3421 3871 ac

1848 3909 2042 3976 refovet
2068 3924 2084 3970 ;
2107 3910 2154 3960 si
2184 3925 2300 3962 vero
2339 3924 2572 3976 squama:
2609 3910 2949 3978 obtorpuere,
2982 3911 3149 3978 spinis
3181 3909 3419 3978 juniperi

1845 4015 1900 4053 se
1927 3999 2111 4053 scabit.
2142 3999 2207 4053 Et
2237 4000 2330 4054 lib.
2363 4017 2416 4064 x,
2436 4015 2554 4069 cap.
2587 4001 2658 4054 25
2683 4017 2694 4051 :
2723 4001 3052 4055 Feniculum
3083 4003 3421 4055 nobilitat-ere

1845 4103 2100 4160 serpentes
2139 4103 2372 4162 gustatu,
2405 4104 2462 4145 ut
2491 4093 2625 4157 dixi,
2657 4105 2918 4148 senectam
2951 4096 3205 4156 eruenda,
3235 4095 3418 4148 oculo-

1846 4203 2060 4256 rumque
2090 4191 2253 4240 aciem
2283 4203 2436 4239 succo
2471 4187 2581 4254 ejus
2631 4187 2926 4254 refovendo.
2968 4189 3288 4242 Aristoteles
3332 4195 3415 4240 ta-

1845 4291 1966 4328 men
1989 4314 2004 4337 ,
2040 4276 2135 4328 lib.
2165 4291 2258 4327 vui
2292 4275 2364 4328 De
2402 4277 2525 4328 bist.
2575 4277 2736 4328 anim.
2761 4318 2776 4341 ,
2822 4293 2943 4346 cap.
2976 4277 3078 4342 17,
3110 4278 3322 4332 videtur
3359 4275 3410 4330 in

1845 4380 1905 4418 ea
1944 4381 2065 4419 esse
2095 4367 2364 4419 sententia
2387 4405 2400 4429 ,
2445 4367 2490 4421 si
2527 4377 2672 4420 recte
2705 4368 2825 4436 ejus
2865 4367 3028 4421 verba
3057 4367 3407 4422 consideren-

1847 4465 1968 4520 tur,
1996 4458 2249 4511 videlicet
2288 4469 2567 4526 serpentes
2596 4473 2705 4512 non
2739 4474 2860 4513 esse
2889 4474 3062 4514 caacos
3097 4478 3109 4512 :
3153 4458 3248 4514 sed
3286 4459 3414 4528 quia

191 4547 294 4600 tur,
317 4538 403 4606 qui
435 4553 558 4591 cum
588 4537 749 4590 reniti
772 4553 882 4592 non
915 4540 1088 4607 possit
1111 4537 1503 4608 perrumpitur,
1526 4545 1581 4592 et
1608 4553 1742 4594 acus

1847 4554 2006 4623 pellis
2028 4553 2116 4607 illa
2142 4555 2255 4608 sive
2279 4560 2496 4607 senecta
2521 4554 2753 4622 primum
2784 4552 3091 4606 detrahitur
3121 4553 3188 4606 ab
3214 4553 3415 4616 oculis,

193 4632 404 4686 marinae
435 4628 683 4698 exemplo
715 4630 1043 4697 persuadere
1074 4640 1320 4691 conatur,
1345 4644 1466 4698 quae
1495 4629 1625 4701 quia
1649 4645 1739 4683 ca-

194 4739 367 4794 pacem
389 4723 568 4776 alvum
586 4737 705 4794 non
729 4721 930 4776 habent
954 4723 1206 4777 similiter
1226 4721 1533 4776 adiciuntur
1561 4737 1591 4775 a
1625 4724 1741 4778 suis

195 4793 402 4872 fetibus.
426 4793 656 4878 Plinius,
690 4813 728 4866 l.
756 4812 812 4866 d.
834 4831 846 4867 :
883 4814 1063 4869 Tertia
1084 4815 1168 4869 die
1196 4817 1339 4868 intra
1361 4823 1568 4867 uterum
1592 4825 1743 4867 catu-

197 4908 268 4961 los
293 4903 550 4967 excludit,
583 4903 767 4956 deinde
809 4904 1044 4973 singulos
1085 4904 1262 4958 diebus
1305 4904 1525 4972 singulis
1575 4905 1737 4972 parit,

195 4999 360 5069 viginti
401 4997 506 5064 fere
533 5011 769 5050 numero.
800 4993 988 5064 Itaque
1016 4997 1194 5050 ca'teri
1254 4995 1524 5049 tarditatis
1554 4995 1741 5063 impa-

197 5095 359 5147 tientes
389 5097 731 5160 perrumpunt
763 5087 932 5140 latera
965 5089 1138 5142 occisa
1163 5098 1399 5155 parente.
1423 5088 1740 5142 Aristotcles

197 5195 378 5247 tamen,
413 5183 490 5238 De
523 5183 646 5236 bist.
677 5182 866 5242 anim.,
901 5180 994 5234 lib.
1023 5196 1084 5242 v,
1114 5195 1236 5251 cap.
1270 5182 1392 5243 ult.,
1425 5179 1584 5233 aliter
1613 5194 1740 5233 sen-

197 5280 256 5332 tit
292 5287 338 5335 et
373 5285 584 5333 narrat.
642 5273 871 5344 Ideoque
918 5275 986 5328 ab
1023 5275 1299 5344 aliquibus
1341 5275 1442 5328 boc
1488 5273 1649 5327 sicuti
1683 5281 1738 5326 et

199 5370 409 5438 primum
435 5368 505 5423 de
525 5369 830 5438 viperarum
856 5367 1004 5420 coitu
1035 5367 1114 5420 uti
1139 5367 1446 5422 fabulosum
1470 5365 1733 5434 rejicitur.

200 5459 334 5513 Parit
358 5460 564 5513 catulos
612 5441 882 5513 obuolutas
932 5460 1252 5514 membranis
1273 5499 1289 5523 ,
1320 5474 1429 5528 qua
1463 5458 1620 5512 tertia
1652 5457 1737 5511 die

197 5561 506 5620 rumpuntur.
539 5549 806 5621 Contingit
831 5565 948 5604 vero
998 5565 1372 5620 nonnunquam
1396 5592 1413 5616 ,
1449 5560 1506 5602 ut
1545 5550 1636 5620 qui
1682 5550 1737 5603 in

196 5653 322 5698 utero
363 5643 533 5697 adhuc
572 5652 696 5698 sunt
746 5641 948 5696 abrosis
1002 5643 1323 5697 membranis
1369 5648 1730 5711 prorumpunt.

197 5735 416 5807 Singulos
441 5735 625 5790 diebus
661 5736 882 5807 singulis
924 5735 1100 5805 parit,
1129 5735 1306 5803 plures
1331 5752 1490 5805 quam
1529 5735 1732 5804 viginti.

201 5825 527 5884 Verissimum
561 5827 744 5898 itaque
774 5835 857 5882 est
898 5840 1185 5896 superesse
1229 5827 1409 5896 partiti
1453 5839 1553 5878 suo
1586 5823 1734 5894 vipe-

1842 4646 1970 4702 dum
1994 4654 2290 4709 exuuntur,
2309 4647 2430 4700 ideo
2453 4646 2520 4699 iis
2537 4647 2627 4714 qui
2648 4660 2760 4699 rem
2785 4660 2890 4698 non
2920 4643 3224 4713 intelligunt
3247 4646 3416 4700 videri

1840 4753 2016 4792 caecos
2046 4737 2181 4798 ﬁeri,
2202 4737 2369 4790 Ὅταν
2389 4737 2444 4790 δὲ
2477 4738 2750 4806 ἄρχωνται
2780 4733 3020 4787 ὲκδύνειν
3045 4737 3090 4786 οἱ
3119 4734 3291 4800 ὄφεις,
3310 4736 3419 4788 ἀπὸ

1838 4829 1945 4882 τῶν
1983 4829 2274 4899 ὀφθαλμῶν
2305 4828 2632 4896 ἀφίστασθαι
2664 4827 2877 4898 πρῶτόν
2915 4841 3111 4893 φασιν,
3153 4825 3291 4878 ὥστε
3329 4827 3418 4880 δο-

1839 4922 1954 4972 κεῖν
1995 4920 2237 4986 γίνεσθαι
2279 4920 2511 4988 τυφλοὺς
2553 4922 2665 4981 τοῖς
2709 4918 2782 4989 μὴ
2824 4918 3063 4970 συνιοῦσι
3113 4917 3174 4971 τὸ
3221 4917 3412 4981 πάθος.

1838 5010 2042 5065 Natura
2075 5012 2492 5080 perfectioribus
2521 5010 2849 5064 animalibus
2882 5009 3086 5071 invida,
3119 5012 3203 5064 sui
3233 5018 3413 5062 tamen

1840 5104 1895 5157 in
1928 5105 2271 5173 serpentibus
2314 5103 2541 5174 prodiga
2599 5103 2958 5172 conspicitur.
3009 5100 3065 5155 Si
3124 5102 3212 5154 cui
3269 5100 3414 5155 enim

1839 5196 1922 5250 vel
1958 5196 2293 5250 levissimum
2329 5196 2456 5264 quid
2485 5196 2537 5248 in
2570 5198 2760 5249 oculos
2793 5194 3068 5262 injeceris,
3093 5201 3292 5260 praeter
3317 5191 3411 5244 do-

1839 5283 1982 5338 lores
2008 5284 2324 5346 immensos,
2342 5293 2394 5338 et
2416 5284 2704 5353 lacrymas,
2725 5299 2845 5352 qua:
2862 5283 3126 5337 continuo
3149 5279 3410 5343 deﬂuunt,

1837 5381 1922 5429 est
1967 5385 2020 5428 et
2063 5375 2365 5443 periculum
2421 5375 2563 5437 illis,
2604 5391 2671 5429 ne
2733 5375 2921 5428 morbo
2962 5374 3184 5427 obnoxii
3229 5373 3407 5426 lumen

1837 5465 2109 5520 amittant.
2137 5463 2293 5530 Quod
2325 5465 2372 5520 si
2410 5467 2740 5534 contigerit,
2779 5480 3049 5535 nusquam
3078 5465 3144 5518 ad
3177 5465 3410 5533 primam

1837 5556 1984 5611 illam
2032 5557 2202 5611 aciem
2239 5557 2450 5628 regredi
2476 5560 2679 5615 valent.
2713 5559 3072 5626 Serpentibus
3102 5556 3153 5610 id
3184 5569 3409 5610 conces-

1836 5650 1943 5713 sit,
1971 5663 2203 5718 quorum
2233 5650 2426 5705 oculos
2457 5651 2502 5705 si
2536 5651 2886 5712 Iaceraveris,
2913 5651 3002 5702 alii
3031 5655 3405 5711 renascentur,

1834 5747 1890 5794 et
1931 5740 2073 5795 idem
2117 5755 2241 5794 cum
2283 5742 2560 5810 prioribus
2593 5757 2793 5796 munus
2823 5740 3178 5812 praestabunt.
3213 5737 3407 5794 Notavi

1836 5839 1901 5880 ex
1930 5825 2242 5890 Aristotele,
2274 5825 2346 5880 De
2374 5828 2500 5882 hist.
2537 5828 2725 5890 anim.,
2759 5825 2852 5881 lib.
2892 5839 2964 5889 ιι,
2989 5838 3109 5887 cap.
3144 5822 3242 5886 l7,
3278 5821 3408 5878 Buc-
