4042 6338
608 392 754 450 9063

1943 395 2189 451 LEONIS
2223 393 2495 450 ALLA'I‘II

3800 406 3892 460 964

647 512 760 564 nire
797 508 1123 579 senpentibus
1153 510 1291 563 idem
1324 510 1460 580 quod
1492 509 1654 577 pullis
1697 509 2042 564 hirundinum
2077 529 2207 564 non-

2327 525 2425 571 τας
2443 527 2455 538 ”
2491 511 2582 562 καὶ
2605 512 2727 574 τοὺς
2755 509 2960 576 ἰδόντας
2984 513 3145 569 αὐτόν
3165 530 3176 542 ·
3198 515 3293 571 καὶ
3316 515 3528 572 ὅτιτῶν
3554 517 3738 573 ἄλλην
3753 518 3896 583 ζώων

645 602 782 656 nulli
810 604 992 664 aiunt;
1008 603 1176 656 oculis
1196 603 1334 656 enim
1358 611 1655 670 serpentum
1681 602 1951 668 laceratis,
1970 603 2220 656 subnasci

647 691 782 746 alios
807 691 1076 762 referunt;
1109 693 1297 746 cauda
1331 694 1494 746 etiam
1523 693 1738 745 lacertis
1779 702 1934 763 atque
1961 694 2217 761 serpenti-

647 784 744 836 bus
773 793 1062 852 amputata!
1094 798 1466 838 renascuntur.
1497 782 1726 844 Plinius,
1746 783 1838 837 lib.
1873 797 1949 846 x1,
1973 797 2095 851 cap.
2130 782 2218 846 57,

650 852 960 943 Serpentum
975 876 1168 928 catulis
1184 886 1233 930 et
1263 876 1605 928 hirundinum
1628 875 1808 944 pullis,
1828 875 1874 928 si
1903 875 2020 942 quis
2044 883 2218 937 eruat,

646 969 852 1020 renasci
883 967 1124 1020 tradunt.

717 1055 850 1112 Ibid.
871 1057 978 1112 Kal
995 1058 1344 1126 νηστεύσας
1359 1056 1599 1126 ἡμέρας.
1629 1057 1972 1115 Aristoteles.
1991 1056 2064 1111 De
2093 1058 2218 1112 hist.

644 1149 810 1201 enim.
844 1150 879 1202 1.
910 1165 1028 1210 vni,
1071 1165 1120 1201 c.
1157 1149 1210 1212 4,
1242 1147 1334 1202 diu
1359 1157 1411 1200 et
1441 1156 1721 1216 serpentes
1753 1156 1809 1201 et
1831 1147 2120 1217 pbalangia
2149 1147 2224 1200 vi-

645 1255 772 1293 vere
815 1255 974 1308 posse
1011 1240 1129 1293 sine
1167 1240 1290 1294 cibo
1349 1238 1601 1300 afﬁrmat,
1640 1237 1784 1308 quod
1823 1253 1888 1292 ex
1939 1239 2028 1301 iis,
2081 1254 2221 1307 quos

643 1332 1076 1400 pharmacopolae
1124 1331 1276 1383 alunt
1308 1335 1654 1399 perspicuum
1703 1340 1808 1386 est.
1863 1331 2218 1400 Epiphanius,

643 1423 696 1476 in
739 1421 977 1491 Pltysiol.
1007 1439 1058 1476 c.
1087 1424 1152 1475 l5
1179 1442 1190 1474 :
1227 1425 1396 1475 Ὀταν
1430 1424 1706 1493 γηράσκῃ,
1741 1424 2101 1493 ἀμόλύνονται
2128 1425 2221 1476 αὑ-

639 1511 734 1565 τοῦ
767 1514 815 1566 οι
846 1514 1133 1582 ὀφθαλμοὶ,
1166 1514 1259 1565 καὶ
1291 1513 1385 1564 ἐὰν
1433 1499 1747 1577 ἀνανεάζειν
1793 1516 1979 1568 ἑαυτὸν
2023 1515 2220 1586 βούλη-

637 1621 750 1665 ται,
779 1605 1024 1674 νηστεύει
1054 1607 1264 1674 ἡμέρας
1293 1608 1719 1677 τεσσαράκοντα,
1741 1607 1844 1668 ἕως
1872 1608 1938 1660 ἂν
1964 1608 2026 1660 τὸ
2051 1608 2221 1678 δέμας

640 1696 807 1750 αὑτοῦ
859 1697 1146 1767 χαυωθῇ,
1189 1698 1282 1750 καὶ
1330 1698 1576 1766 εὑρίσκει
1635 1699 1859 1767 πέτραν,
1908 1702 2002 1754 καὶ
2051 1705 2220 1772 ῥαγα-

638 1787 886 1842 δαστεύει
908 1807 920 1818 °
963 1789 1246 1860 προκύψας
1279 1789 1334 1840 δὲ
1373 1789 1458 1841 διὰ
1506 1791 1602 1859 τῆς
1629 1791 1767 1860 ὀπῆς
1798 1792 2016 1844 ὠθεῖται
2049 1793 2220 1864 περά-

2321 600 2375 652 ετ
2403 617 2454 653 τι
2490 601 2581 653 καὶ
2611 602 2806 670 ἅψαιτο
2851 604 2945 656 τοῦ
2994 605 3132 670 ζώου
3166 610 3488 681 ἀνηρμένου,
3523 611 3621 664 καὶ
3651 612 3786 666 αὐτὸ
3811 629 3890 667 τε·

2322 690 2485 761 λευτᾷ
2511 691 2731 758 εὐθέως,
2762 711 2857 746 και
2881 696 2968 748 διὰ
2994 697 3152 751 τοῦτο
3185 703 3292 753 πᾶν
3328 701 3489 755 αὑτοῦ
3521 703 3587 756 τὸ
3614 703 3776 772 γένος
3796 707 3891 760 τῶν

2320 780 2494 835 ἄλλων
2539 782 2743 852 θηρίων
2791 787 2957 854 ἐγγὺς
3005 783 3143 843 εἶναι
3174 791 3518 860 φυλάττεται.
3570 792 3782 849 Eadem
3815 811 3891 852 re-

2323 872 2430 955 fert
2463 872 2663 940 Horas,
2711 876 2803 930 lib.
2857 892 2896 939 ι,
2932 892 3053 948 cap.
3087 881 3142 944 1,
3191 890 3245 936 et
3283 883 3377 938 lib.
3420 900 3479 944 ιι,
3512 899 3638 954 cap.
3672 884 3736 938 6!
3764 903 3780 952 ;
3811 887 3893 940 Al-

2321 965 2511 1020 bertus
2554 966 2800 1036 Magnus,
2832 968 2924 1021 lib.
2957 985 3063 1022 xxv
3092 970 3169 1024 De
3196 975 3382 1039 auim.,
3403 978 3692 1030 nominum
3723 977 3893 1032 diver-

2321 1057 2479 1112 sitate
2525 1058 2805 1128 deceptus,
2841 1061 3153 1116 basiliscum
3178 1068 3610 1133 congeminando
3656 1069 3799 1125 duas
3831 1071 3892 1124 il-

2321 1146 2428 1202 lius
2482 1149 2694 1216 species
2770 1151 3016 1208 diversas
3066 1157 3380 1222 constituit;
3454 1159 3733 1228 siquidem
3789 1160 3890 1216 duo

2319 1240 2498 1305 capita
2552 1239 2701 1301 facit,
2739 1240 2971 1296 alterum
3003 1243 3070 1297 de
3123 1244 3396 1312 basilisco,
3432 1249 3668 1303 alterum
3701 1251 3772 1306 de
3817 1267 3895 1306 ar-

2321 1342 2497 1382 mene.
2521 1328 2800 1386 Avicenna
2824 1332 3058 1401 dubitat,
3084 1337 3226 1391 sitne
3249 1337 3388 1393 idem
3416 1357 3648 1410 serpens
3677 1358 3894 1401 armeue

2321 1434 2446 1473 cum
2482 1421 2758 1485 basilisca,
2809 1425 2894 1479 vel
2925 1426 3195 1483 diversus.
3248 1429 3504 1486 Nicolaus
3551 1432 3894 1493 Leonicenus

2321 1524 2608 1590 armenem.
2630 1521 2685 1568 et
2712 1515 3029 1571 basiliscum
3061 1520 3274 1574 unicam
3295 1537 3416 1576 esse
3439 1527 3684 1594 speciem
3720 1539 3776 1583 et
3795 1545 3894 1584 non

2321 1603 2460 1659 duas
2491 1607 2678 1662 multis
2725 1613 3063 1679 argumentis
3113 1627 3175 1667 ac
3216 1616 3518 1672 rationibus
3552 1621 3777 1687 probat,
3817 1636 3893 1678 re-

2320 1691 2565 1765 fellitque
2615 1698 2919 1763 Albertum,
2951 1709 3006 1754 et
3049 1701 3401 1768 Aviceunam,
3442 1715 3497 1759 et
3521 1710 3890 1776 quorumdam

2322 1787 2550 1841 aliorum
2583 1791 2918 1859 opinionem,
2947 1793 3039 1863 qui
3081 1809 3357 1851 armenem
3388 1813 3557 1852 unum
3591 1815 3723 1855 cum
3754 1815 3896 1857 cato-

641 1893 753 1939 σαι,
806 1879 899 1929 καὶ
944 1855 1194 1931 ἐκϐάλλει
1246 1878 1306 1932 τὸ
1354 1855 1569 1948 γῆραςξ
1621 1855 1733 1933 καὶ.
1760 1882 2050 1937 ἀποϐαλὼν
2088 1855 2207 1937 αὖτέ

2323 1878 2479 1948 blepa
2526 1855 3235 1956 constituebant-Decepti,
3275 1899 3332 1942 ut
3358 1897 3511 1958 puto,
3567 1895 3893 1948 auctoritate

636 1970 921 2040 τερπωλὴν
960 1972 1186 2040 παρέχει
1223 1971 1539 2028 νεανίσκων,

712 2059 870 2126 Ibid.,
904 2062 1001 2116 lin.
1037 2063 1122 2116 l0.
1175 2063 1289 2115 Kal
1321 2064 1651 2132 εἰσέρχεται
1683 2067 1769 2132 εις
1794 2069 1931 2136 par.
1984 2066 2219 2138 Serpen-

637 2161 722 2210 tes
753 2165 1027 2209 senectam
1069 2173 1270 2210 exuere
1318 2159 1568 2211 scribunt
1594 2160 1937 2224 Aristoteles,
1974 2160 2050 2216 De
2090 2164 2214 2218 hist.

638 2246 801 2300 anim.
856 2246 947 2299 lib.
1000 2261 1120 2306 vui,
1163 2262 1212 2300 c.
1254 2247 1350 2316 l7;
1388 2247 1659 2312 Elianus,
1708 2251 1744 2304 I.
1775 2267 1850 2314 ix,
1883 2267 1934 2306 c.
1985 2254 2086 2320 l6;
2124 2254 2217 2307 Ni-

638 2337 865 2397 cander,
921 2337 974 2390 in
1031 2337 1335 2402 Theriacis;
1389 2340 1682 2410 Virgilius,
1744 2358 1780 2396 ιι
1835 2343 2020 2413 Georg.
2076 2355 2128 2400 et
2177 2363 2214 2400 ll

638 2425 896 2491 Eneid.;
937 2427 1186 2492 Nonnus,
1221 2429 1574 2501 Dionysiacon
1625 2434 1658 2485 Ι.
1696 2449 1813 2499 xu;
1851 2434 2126 2498 Simmias,
2161 2439 2215 2492 in

637 2517 802 2581 Ala.;
841 2516 1111 2572 Theodor.
1163 2519 1199 2574 1.
1235 2535 1250 2572 ι
1288 2519 1639 2589 Therapeut.;
1681 2521 1913 2585 Plinius,
1950 2526 1982 2578 l.
2012 2539 2129 2589 vni,
2162 2543 2210 2582 c.

633 2609 703 2661 27
732 2627 744 2661 :
777 2608 979 2678 Anguis
1010 2609 1239 2680 hyberna
1271 2612 1376 2663 situ
1411 2613 1712 2665 membrana
1736 2619 1967 2684 corporis
1990 2617 2214 2670 obducta

635 2701 868 2768 {mniculi
901 2717 1053 2753 succo
1085 2701 1511 2766 impedimentum
1556 2704 1690 2755 illud
1723 2708 1885 2766 exuit,
1915 2707 2214 2776 nitidusque

634 2803 836 2846 vernat.
888 2791 1050 2846 Exuit
1079 2803 1255 2846 autem
1291 2810 1322 2844 α
1361 2795 1529 2861 capite
1571 2797 1822 2862 primum,
1859 2815 1949 2850 nec
1992 2800 2213 2854 celerius

633 2901 793 2954 quam
826 2902 927 2938 uno
955 2887 1059 2945 die,
1095 2903 1156 2939 ac
1191 2897 1337 2938 nocte
1369 2885 1648 2954 replicans,
1678 2899 1733 2940 ut
1761 2905 1910 2942 extra
1935 2893 2030 2959 ﬁat
2053 2908 2213 2945 mem-

636 2976 825 3035 brana,
878 2975 1016 3044 quod
1066 2976 1241 3044 fuerat
1289 2976 1466 3038 intus;
1520 2975 1719 3043 Horas,
1754 2978 1788 3032 Ι.
1843 2994 1878 3041 ι,
1929 2996 1979 3034 c.
2011 2981 2066 3033 2.
2105 2979 2214 3036 Nec

637 3066 811 3132 parcit
855 3065 1039 3117 hacin
1079 3080 1136 3118 re
1181 3064 1435 3119 Cardano
1479 3063 1741 3136 Scaliger,
1777 3083 1956 3122 exerc.
1994 3070 2113 3132 I89,
2153 3087 2207 3126 η.

637 3155 692 3218 ὅ.
733 3156 826 3211 sed
863 3171 1083 3209 causam
1125 3156 1414 3210 adductam
1448 3174 1614 3226 quare
1638 3171 1917 3228 serpentes
1957 3174 2209 3217 senectu-

2321 1971 2505 2036 Plinii,
2552 1975 2644 2043 qui
2685 1975 2779 2030 lib.
2825 1993 2942 2039 vni,
2977 1979 3137 2048 capit.
3172 1979 3261 2044 21,
3297 1982 3392 2044 ait,
3427 1986 3892 2054 quemadmodum

2321 2062 2660 2129 basiliscum,
2687 2066 2758 2118 ita
2785 2074 2840 2121 et
2869 2069 3203 2138 catoblepam
3229 2072 3311 2124 vel
3331 2073 3447 2126 solo
3465 2085 3698 2143 aspectu
3728 2077 3894 2131 homi-

2321 2169 2419 2208 nes
2477 2164 2641 2225 atque
2672 2158 2778 2212 alia
2807 2161 3059 2214 animalia
3085 2161 3412 2218 interimere.
3453 2164 3612 2222 Mons
3641 2169 3778 2222 item
3807 2171 3890 2239 qui

2319 2241 2600 2314 Narsingae
2653 2261 2880 2317 regnum
2932 2248 3128 2303 dividit
3174 2267 3204 2304 a
3239 2250 3525 2309 Malabaris
3562 2257 3775 2312 multas
3806 2258 3893 2310 alit

2320 2335 2486 2402 feras,
2522 2339 2662 2392 inter
2691 2356 2828 2408 quas
2856 2343 3031 2396 alatos
3061 2359 3268 2414 angues
3306 2346 3600 2404 arboribus
3630 2349 3893 2406 insiste:-

2319 2434 2425 2490 tss,
2459 2444 2598 2497 quos
2631 2432 2784 2485 aiunt
2826 2419 2944 2488 solo
2977 2435 3188 2500 aﬂlatu,‘
3217 2439 3300 2492 vel
3347 2441 3509 2493 etiam
3545 2442 3774 2507 obtutu,
3805 2460 3895 2501 eos

2316 2519 2409 2586 qui
2465 2524 2686 2589 propius
2739 2525 3008 2579 accedunt
3057 2528 3381 2586 interficere.
3432 2530 3616 2588 Julius
3649 2534 3891 2606 Scaliger

2317 2609 2370 2661 in
2404 2607 2736 2677 Cardanum,
2771 2617 2998 2670 exercit.
3023 2617 3128 2672 249
3179 2619 3363 2685 refert,
3392 2638 3451 2677 se
3502 2625 3709 2694 legisse
3756 2629 3889 2697 apud

2316 2704 2646 2758 recentiores
2671 2704 2853 2760 Ronue
2874 2706 3052 2763 Leone
3074 2711 3329 2778 pontifice
3360 2715 3600 2770 maximo
3625 2717 3700 2772 ad
3727 2721 3889 2774 tndem

2313 2791 2495 2849 Lucis:
2533 2797 2634 2849 sub
2666 2798 2870 2853 fornice
2898 2801 3231 2856 atabulaluiu
3261 2820 3383 2862 esse
3415 2805 3770 2873 basiliscum,
3802 2827 3890 2866 cu-

2308 2886 2402 2954 jus
2432 2888 2611 2942 aﬂlatu
2648 2906 2839 2958 magna
2875 2893 2960 2946 lue
2993 2893 3184 2949 aﬂecta
3221 2895 3395 2952 Ruina
3437 2900 3626 2963 fuerit,
3657 2919 3890 2974 eumque

2314 2975 2458 3028 illico
2516 2978 2790 3045 pontiﬁcis
2845 2983 3098 3049 precibus
3140 2986 3493 3044 exstinctum.
3561 2988 3887 3046 Basiliscum

2313 3084 2423 3123 non
2455 3070 2722 3124 incantari
2753 3080 3006 3126 testatum
3029 3077 3303 3131 estsacris
3320 3075 3541 3134 Litteris
3569 3101 3582 3134 :
3607 3081 3749 3138 Ecce
3777 3102 3887 3154 ego,

2313 3160 2479 3230 inquit
2517 3160 2792 3227 Dominus,
2820 3166 3023 3218 mittam
3059 3169 3200 3222 vobis
3227 3183 3482 3239 serpentes
3509 3178 3745 3246 regulos,
3777 3182 3888 3250 qui-

635 3254 743 3300 tem
801 3254 1006 3299 exuant
1064 3255 1286 3314 pr0pter
1325 3247 1641 3300 [siccitatem
1691 3249 1956 3303 duntaxat
2013 3252 2210 3307 refellit
2238 3247 2278 3265 “
2312 3251 2405 3304 bus
2432 3269 2533 3305 non
2554 3263 2630 3306 est
2658 3255 2967 3322 incantatio,
2986 3269 3036 3311 et
3059 3261 3362 3316 mordebunt
3391 3268 3528 3319 vos'.
3561 3247 3884 3334 Quinetiam

633 3338 880 3406 exemplo
912 3337 1203 3400 stellionis,
1237 3338 1327 3406 qui
1359 3353 1467 3391 non
1501 3346 1586 3392 est
1636 3340 1820 3395 siccus
1856 3349 1911 3396 et
1952 3345 2122 3407 exuit,
2157 3353 2210 3398 et
2311 3341 2529 3410 quidam
2561 3345 3243 3406 credideruntbasiliscum
3279 3354 3684 3415 incantamenta
3709 3363 3884 3421 discu-

631 3431 891 3484 arborum
936 3432 1253 3493 sicciorum,
1286 3431 1378 3499 qui
1418 3432 1676 3486 corticem
1720 3435 1928 3487 nullum
1959 3443 2206 3503 mutant;
2310 3448 2443 3497 tere.
2479 3449 2532 3494 et
2561 3440 2632 3494 ab
2661 3442 2748 3497 his
2785 3444 2898 3512 jam
2934 3455 3127 3516 captos
3159 3449 3297 3504 alios
3343 3463 3628 3523 serpentes
3661 3461 3804 3516 solvi
3834 3473 3882 3518 et

633 3523 1042 3586 cantharidum,
1074 3539 1197 3593 qua:
1229 3524 1369 3576 inter
1397 3524 1604 3577 insecta
1630 3525 1950 3581 siccissimm
1975 3535 2124 3590 sunt,
2157 3535 2210 3582 et
2309 3529 2566 3587 lberari.‘
2599 3531 2786 3588 Obiter
2830 3537 3068 3591 notanda
3101 3548 3184 3594 est
3233 3541 3318 3596 hic
3351 3543 3645 3615 Augustini
3700 3552 3880 3626 Euga-

631 3617 890 3670 cimicum
928 3617 1252 3679 volantium,
1285 3631 1424 3684 quos
1457 3616 1574 3686 ipse
1613 3632 1671 3672 se
1705 3617 1893 3688 igneos
1923 3628 2206 3690 expertum
2307 3621 2421 3677 bini
2468 3629 2760 3691 sententia,
2815 3630 2908 3698 qui
2954 3631 3008 3684 in
3056 3629 3385 3702 Cosmapaeia
3435 3651 3750 3710 serpentem
3785 3616 3881 3719 qui

631 3719 758 3761 esse
794 3708 1014 3762 fatetur.

707 3797 867 3860 lbid.,
905 3799 1002 3852 lin.
1034 3799 1120 3854 13.
1145 3802 1330 3854 Ὅταν
1362 3802 1431 3855 δὲ
1463 3800 1722 3869 διψήσῃ.
1755 3798 1831 3857 De
1854 3802 2057 3872 vipera,
2088 3817 2208 3871 qua:

630 3905 900 3943 venenum
948 3893 1166 3960 exspuit
1200 3893 1328 3946 dum
1371 3908 1495 3946 cum
1539 3908 1779 3946 muraena
1831 3893 2202 3964 congreditur,

632 3980 772 4037 idem
791 3983 1039 4036 scribunt
1060 3985 1343 4052 Oppianus
1369 3985 1621 4039 Ἀλιευτ.
1644 4001 1659 4040 ι
1682 4004 1695 4052 ;
1718 3984 1872 4041 Phile
1890 3987 1944 4040 in
1959 3985 1987 4040 I
1993 3987 2161 4041 ambis
2182 4005 2203 4053 ;

629 4071 870 4125 Achilles
901 4070 1112 4132 Tatius,
1149 4083 1203 4127 et
1241 4075 1354 4128 alii.

702 4162 862 4225 Ibid,
902 4164 998 4217 lin.
1035 4163 1123 4220 l9.
1155 4165 1216 4217 '0
1247 4165 1315 4218 δὲ
1337 4166 1709 4233 βασιλίσκος
1733 4168 1845 4222 ίόν.
1879 4169 2202 4225 Basiliscum

626 4261 684 4307 et
703 4254 904 4308 olfactu
937 4264 1240 4317 necantem,
1277 4265 1329 4310 et
1358 4257 1630 4312 hominem
1659 4259 1704 4315 si
1733 4260 1961 4330 aspiciat
1990 4269 2200 4316 tantum

630 4346 942 4402 interimere
976 4349 1109 4402 dicit
1153 4347 1386 4412 Plinius,
1424 4352 1517 4404 lib.
1555 4368 1702 4416 xxix,
1734 4368 1856 4423 cap.
1901 4353 1957 4418 4,
2005 4354 2060 4408 in
2093 4371 2203 4425 quo

626 4437 748 4492 loco
799 4454 897 4508 pro
947 4441 1169 4502 olfactu,
1223 4439 1403 4512 afﬂatu
1450 4445 1798 4500 restituerem
1830 4461 1895 4500 ex
1921 4449 2199 4502 communi

2308 3713 2472 3770 Evam
2524 3719 2735 3790 decepit
2792 3720 2964 3777 fuisse
3010 3724 3331 3781 basiliscum
3376 3743 3582 3796 censet,
3629 3747 3691 3792 ut
3739 3713 3880 3796 sicut

2303 3806 2577 3872 diabolus,
2607 3814 2699 3881 qui
2731 3815 2959 3870 tentavit
2989 3815 3180 3883 Evam,
3215 3822 3471 3892 princeps
3500 3824 3674 3884 fuisse
3705 3835 3880 3888 credi-

2307 3904 2397 3950 tur
2429 3900 2756 3968 dzemonum,
2788 3904 2862 3959 ita
2903 3923 3036 3964 usus
3069 3910 3141 3964 sit
3183 3918 3240 3963 ut
3275 3927 3478 3981 organo
3509 3931 3576 3970 eo
3605 3933 3877 3990 serpente,

2306 3991 2400 4058 qui
2461 3993 2706 4047 omnium
2762 4007 3080 4067 serpentum
3146 4010 3405 4070 tanquam
3465 4022 3558 4062 rex
3625 4010 3875 4070 habetur.

2307 4077 2462 4134 Hunc
2490 4099 2618 4137 vero
2653 4102 2774 4142 esse
2818 4088 3158 4152 basiliscnm,
3190 4101 3244 4146 et
3290 4110 3488 4151 nomen
3526 4077 3708 4168 ipsum
3742 4106 3879 4161 indi-

2303 4181 2412 4234 cat,
2443 4183 2498 4229 et
2543 4192 2663 4246 quae
2708 4179 2777 4233 de
2832 4182 3139 4237 incredibili
3187 4185 3308 4254 ejus
3358 4189 3424 4243 ad
3476 4195 3792 4254 nocendum
3825 4203 3873 4255 vi

2303 4261 2511 4321 Plinius
2538 4275 2590 4321 et
2621 4267 2840 4325 Solinus
2877 4273 3118 4329 tradunt.

2376 4357 2537 4423 lbid.,
2568 4360 2661 4414 lin.
2694 4361 2783 4415 22.
2831 4362 3164 4432 ’ἱστοροῦσι
3189 4366 3257 4421 δὲ
3288 4373 3490 4426 αὐτόν.
3525 4373 3797 4449 Origenes
3821 4383 3870 4436 in

2301 4455 2492 4503 catena
2540 4450 2724 4506 Graeca
2757 4455 2813 4507 in
2862 4451 3084 4521 Jerem.,
3116 4474 3237 4530 cap.
3269 4460 3338 4516 l9
3367 4483 3380 4518 :
3409 4466 3519 4520 Καὶ
3561 4469 3722 4537 ὄφεις
3773 4475 3878 4546 γὰρ

625 4538 912 4584 auctorum
969 4533 1260 4596 sententia,
1309 4535 1402 4603 Qui
1461 4535 1641 4590 afﬂatu
1688 4553 1846 4592 suum
1877 4539 2027 4595 virus
2083 4541 2196 4594 cir-

2310 4540 2569 4606 ἱοδόλὶους
2615 4546 3079 4614 εικατακλείσεις,
3129 4551 3249 4622 ὕψει
3284 4557 3412 4621 τοὺς
3467 4533 3718 4626 ἀσθενεῖξ

625 4635 1012 4692 ctunspargere
1037 4623 1251 4685 dicunt,
1280 4633 1335 4680 et
1367 4626 1543 4694 ipsius
1575 4627 1732 4681 Plinii
1766 4630 1969 4691 verbis,
2010 4631 2046 4683 Ι.
2077 4647 2198 4692 νιιι.

624 4725 676 4765 c.
710 4711 772 4765 21
800 4732 812 4767 :
836 4711 1031 4768 Eadem
1053 4725 1101 4768 et
1131 4715 1369 4770 basilisci
1392 4720 1645 4785 serpentis
1677 4728 1755 4773 est
1789 4720 1882 4773 vis.
1909 4719 2201 4790 Cyrenaica

622 4800 759 4855 hunc
783 4812 992 4870 generat
1033 4807 1325 4872 provincia,
1369 4821 1444 4860 xu
1493 4824 1596 4861 non
1634 4811 1862 4877 amplius
1911 4812 2199 4881 digitorum

623 4893 1001 4961 magnitudine,
1038 4898 1265 4952 candida
1312 4901 1363 4952 in
1398 4902 1569 4969 capite
1600 4904 1833 4966 macula,
1883 4913 1940 4957 ut
1967 4906 2199 4976 quodam

619 4983 920 5039 diademate
961 4987 1233 5057 insignem.
1285 4990 1454 5042 Sibila
1501 5007 1677 5046 omnes
1713 4994 1866 5063 fugat
1911 5008 2195 5065 serpentes,

620 5093 712 5130 nec
753 5076 895 5145 flexu
929 5082 1207 5148 multiplici
1239 5092 1294 5134 ut
1340 5084 1554 5152 reliqua:
1596 5103 1783 5156 corpus
1830 5089 2073 5158 impellit,
2105 5091 2196 5144 sed

619 5169 789 5222 celsus
826 5180 876 5223 et
918 5181 1120 5225 erectus
1167 5173 1220 5225 in
1269 5176 1438 5228 medio
1468 5177 1727 5232 incedens.
1782 5178 1948 5233 Necat
1979 5182 2196 5249 frutices

620 5274 723 5312 non
757 5270 1025 5316 contactos
1057 5263 1230 5327 modo,
1279 5282 1455 5319 verum
1499 5281 1547 5321 et
1596 5269 1799 5339 afﬂatos
1825 5287 1844 5323 :
1871 5274 2045 5326 exurit
2077 5274 2196 5328 her-

618 5346 714 5402 bas
739 5366 757 5401 :
788 5355 982 5419 rumpit
1009 5370 1169 5416 saxa,
1217 5357 1342 5410 talis
1374 5360 1448 5411 vis
1479 5361 1618 5412 malo
1658 5371 1755 5416 est.
1801 5362 2062 5428 Galenus,
2095 5365 2190 5419 lib.

619 5438 698 5492 De
725 5439 981 5494 Theriaca
1010 5443 1076 5496 ad
1125 5444 1375 5501 Pisonem
1410 5467 1423 5501 :
1472 5446 1531 5503 Ὀ
1562 5451 1662 5519 μὲν
1706 5451 1815 5521 γὰρ
1858 5451 2189 5521 βασιλίσκος.

621 5531 776 5584 Ἐστι
811 5532 920 5604 γὰρ
962 5534 1022 5585 τὸ
1051 5535 1235 5606 θηρίον
1261 5538 1578 5606 ὑπόξανθον,
1615 5541 1707 5595 καὶ
1749 5545 1842 5596 ἐπὶ
1884 5548 1950 5616 τῇ
1984 5547 2189 5618 κεφαλῇ

616 5627 765 5693 τρεῖς
817 5625 1089 5695 ὑπεροχὰς
1137 5628 1298 5700 ἔχων,
1346 5631 1422 5695 ὣς
1481 5650 1666 5701 φασιν,
1715 5635 1796 5687 ὅτι
1835 5637 1927 5690 καὶ
1977 5635 2192 5708 ὁραθείς

617 5715 775 5786 μόνον
805 5720 898 5770 καὶ
928 5721 1190 5790 συρίττων
1220 5724 1504 5789 ἀκουσθείς
1527 5729 1739 5798 ἀναιρεῖ
1767 5730 1891 5792 τοὺς
1917 5729 2187 5785 ἀκοῦσαν*

688 5814 729 5844 ⁸³
760 5811 958 5868 Jerem.
998 5831 1116 5883 vm,
1149 5804 1237 5871 Π.

2302 4631 2411 4686 τῶν
2446 4633 2827 4707 δυνατωτέρων
2856 4637 2964 4692 ἀπὸ
2990 4640 3146 4711 λιμοῦ
3174 4647 3647 4718 κατεσθιομένους,
3683 4656 3793 4719 ἕως
3817 4653 3872 4710 οὗ

2299 4724 2328 4775 ὁ
2357 4726 2573 4779 πάντων
2602 4727 2950 4797 ἰσχυρότατος
2971 4730 3278 4803 πληρωθεὶς
3312 4734 3416 4790 ὑπὸ
3438 4740 3547 4792 τῶν
3569 4741 3754 4809 ὄφεων
3783 4746 3872 4808 οὓς

2301 4816 2657 4886 κατεδήδοκεν
2702 4819 2731 4870 ὁ
2777 4819 3104 4891 καλούμενος
3154 4827 3378 4899 γένηται
3423 4830 3761 4900 βασιλίσκος,
3797 4837 3870 4890 ἰὸν

2298 4904 2439 4976 ιχων
2487 4909 2556 4999 ἐκ
2597 4909 2766 4980 μόνης
2823 4910 2950 4975 θέας
3011 4921 3358 4991 καρποφόρον
3407 4922 3624 4993 δένδρον
3685 4927 3869 4999 ξηραί-

2297 5012 2477 5052 νοντα.
2517 4997 2875 5069 Epiphanius,
2919 5002 3138 5060 Advers.
3176 5007 3363 5064 laceres.
3410 5011 3504 5064 lib.
3540 5027 3580 5080 ι,
3620 4997 3862 5082 tom—.11,

2299 5087 2492 5144 haeres.
2524 5091 2614 5155 22,
2649 5100 2837 5146 narrat
2868 5093 3008 5149 hanc
3041 5111 3072 5150 a
3116 5100 3399 5157 veteribus
3428 5102 3715 5163 historiam
3749 5124 3866 5180 pro-

2295 5181 2464 5235 ditam
2492 5198 2614 5238 esse
2645 5201 2660 5238 :
2699 5182 2832 5239 Cum
2860 5187 3032 5254 plures
3056 5190 3343 5262 aliquando
3369 5196 3578 5264 aspides
3620 5202 3679 5255 in
3707 5220 3860 5260 unum

2295 5271 2457 5340 ﬁctile
2516 5291 2606 5328 vas
2658 5277 2940 5345 conjectw,
2997 5290 3045 5334 et
3079 5284 3132 5336 in
3164 5285 3521 5353 fundamentis
3549 5297 3858 5363 angulorum

2294 5373 2520 5432 quatuor
2549 5367 2800 5437 cujusque
2829 5371 3095 5427 idolorum
3154 5379 3332 5446 templi
3358 5380 3414 5432 in
3453 5379 3691 5455 λεπριο
3719 5390 3860 5458 depo.

2292 5455 2412 5509 sita:
2439 5465 2632 5519 essent,
2663 5473 2727 5511 ea:
2755 5460 2820 5513 iis
2848 5462 3118 5530 aspidibus
3137 5484 3254 5538 qua
3275 5470 3466 5538 fortior
3495 5485 3613 5528 erat
3635 5479 3690 5532 in
3726 5455 3856 5534 alius

2290 5555 2504 5616 invasit,
2542 5571 2732 5626 easque
2765 5560 3046 5623 deuorauit,
3069 5578 3183 5634 qua:
3205 5583 3323 5620 curn
3351 5569 3466 5621 sola
3501 5577 3853 5640 remansisset,

2289 5651 2340 5697 et
2362 5658 2466 5712 quo
2497 5659 2550 5696 se
2579 5646 2743 5700 aleret
2770 5650 2980 5705 haberet
3021 5654 3173 5720 nihil,
3207 5657 3262 5708 in
3298 5673 3356 5710 se
3386 5658 3553 5724 ipsam
3583 5675 3783 5719 retorta
3810 5670 3852 5720 et

2290 5748 2323 5785 a
2345 5733 2519 5786 cauda
2544 5734 2804 5801 paulatim
2832 5740 3084 5797 arrodens
3119 5755 3270 5814 parte
3293 5761 3348 5801 se
3365 5749 3700 5819 aliquatenus
3735 5769 3849 5810 ur-
