4042 6338
158 419 277 472 965

1161 417 1224 471 ΙΝ
1268 414 1642 472 EUbTA'l‘llll
1682 412 2160 472 ΠΕΧΛΕΜΕΠΟΝ
2204 415 2438 472 NOTAE.

3322 419 3430 476 966

156 536 314 603 poris
354 535 573 600 depasta
614 543 711 599 est,
760 533 888 587 adeo
932 543 1120 586 utnon
1164 533 1390 599 amplius
1419 532 1623 594 inteqra
1660 526 1752 582 sed
1780 533 1826 589 Α
1853 531 2076 600 signito,
2126 539 2282 600 tergo
2312 529 2566 592 caeruleo,
2608 530 2782 584 cauda
2828 529 3105 585 turbinata
3142 539 3305 601 atque
3339 536 3421 591 in-

155 624 396 678 dimidia
459 626 543 678 sui
599 632 746 692 parte
793 624 1041 676 mutilata
1089 623 1436 691 permanserit
1482 637 1498 673 :

152 808 376 860 tiantnn
405 809 458 860 in
484 807 758 860 Antonino
787 805 904 868 Pio,
935 805 1086 859 Visus
1114 816 1189 860 est
1220 806 1272 858 in
1297 804 1496 857 Arabia
1517 805 1740 873 jubatua

153 898 357 966 anguis
377 896 551 962 major
575 896 767 960 solitis,
790 900 878 966 qui
903 914 956 950 se
981 914 1011 949 a
1036 897 1208 949 cauda
1233 894 1460 949 medium
1492 896 1736 949 comedit.

153 987 379 1058 Saepius
405 1005 491 1042 me
522 988 739 1042 memini
769 990 1008 1052 audisse,
1047 999 1100 1044 et
1126 991 1320 1060 vulgus
1341 991 1458 1044 sine
1492 991 1600 1043 ulla
1628 990 1738 1044 hie-

148 1079 421 1134 sitatione
455 1076 704 1143 afﬁrmat,
737 1079 1048 1133 basiliscum
1095 1081 1247 1135 nasci
1274 1096 1337 1135 ex
1379 1095 1484 1134 ovo
1508 1081 1656 1149 galli,
1690 1081 1736 1134 si

149 1171 381 1239 quando
431 1185 461 1222 a
502 1172 715 1234 rubeta,
762 1187 858 1226 seu
908 1172 1108 1227 bufone
1155 1172 1322 1226 fotum
1373 1174 1464 1227 sit.
1505 1171 1648 1226 Sane
1683 1171 1737 1225 id

149 1264 278 1317 sine
315 1262 481 1316 dubio
511 1279 718 1317 certum
747 1271 852 1324 est,
885 1271 936 1316 et
959 1265 1294 1333 experientia
1317 1265 1559 1334 quotidie
1585 1263 1739 1317 vide-

149 1368 281 1406 mus
314 1353 487 1421 gallos
513 1353 628 1422 jam
661 1362 818 1408 aetate
853 1352 1100 1408 defessos
1128 1370 1252 1408 cum
1284 1355 1734 1414 veneris.virium

151 1443 558 1506 imbecillitate,
625 1461 802 1514 neque
850 1446 1086 1499 fructum
1138 1462 1315 1514 neque
1358 1462 1514 1500 usum
1565 1447 1737 1501 ullum

151 1533 420 1596 habeant.
450 1552 611 1590 ovum
640 1551 851 1605 parere,
880 1537 1183 1589 orbiculata
1214 1538 1403 1606 figura,
1440 1539 1624 1592 colore
1658 1539 1737 1591 lu-

151 1635 268 1689 teo,
320 1626 655 1691 ﬂavescenti,
704 1629 904 1683 lurido.
961 1627 1026 1681 Et
1075 1630 1229 1694 mihi,
1294 1629 1421 1682 dum
1481 1628 1737 1686 Lucania:

148 1735 330 1778 eram.
362 1729 641 1776 ostensum
675 1721 797 1785 fuit,
848 1723 900 1776 in
936 1738 1046 1792 quo
1078 1734 1273 1792 praeter
1318 1724 1485 1780 hosce
1521 1726 1734 1781 colores

147 1814 518 1868 circumcirca
567 1812 737 1883 ligura
761 1818 1006 1882 quaedam
1040 1831 1104 1870 ex
1141 1817 1344 1870 cortice
1369 1818 1486 1871 ovis
1531 1819 1731 1872 exube-

1545 619 1743 672 idcirco

155 714 648 787 Aspidogorgonem
676 731 794 768 eam
825 714 1180 782 appellarunt.
1235 714 1323 766 Sic
1370 711 1514 781 apud
1577 711 1744 772 Spar-

1852 637 2021 675 curva
2049 663 2063 684 ,
2119 623 2268 676 hiatu
2323 623 2576 690 rictuque
2621 624 2735 678 oris
2779 637 2877 693 pro
2910 624 3160 694 corporis
3195 641 3401 698 proper

1845 713 1992 768 tione
2027 715 2315 769 immenso.
2351 712 2510 779 Quod
2543 713 2682 768 inter
2707 724 2990 785 serpentes
3027 717 3232 788 potius,
3259 735 3424 791 quam

1844 804 2134 861 basiliscos
2164 804 2508 861 referendum
2560 816 2664 868 est.
2709 822 2834 860 cum
2875 824 2973 863 nec
3011 809 3181 863 halitu
3233 820 3415 865 conta-

1841 897 2003 966 gione
2035 897 2293 962 alliciant,
2327 912 2428 952 nec
2459 905 2684 967 aSpectu
2717 909 2910 953 necent
2938 903 3256 957 adorientes
3279 905 3424 970 agri-

1841 990 2011 1056 colas,
2050 993 2102 1044 ni
2135 991 2374 1061 regionis
2417 992 2565 1046 illius
2599 990 2770 1061 frigus
2802 995 3055 1062 aerisque
3101 1005 3253 1050 certa
3285 1007 3420 1052 tem-

1839 1083 2019 1152 peries
2049 1094 2317 1137 venenum
2351 1083 2484 1137 illud
2529 1084 2604 1138 ita
2638 1099 3007 1153 compescere,
3050 1087 3424 1160 impedireque

1839 1192 1909 1230 ne
1949 1175 2262 1230 eﬂ'undatur
2309 1175 2578 1229 al'lirmare
2607 1166 2860 1230 velimus.
2912 1176 3068 1242 Quod
3120 1179 3424 1237 inadustis

1839 1268 2151 1336 regionibus
2199 1267 2644 1337 tenentibusque
2686 1281 2795 1321 non
2829 1269 3092 1322 eveniret.
3117 1267 3422 1342 Oppianus.

1838 1353 1934 1407 lib.
1987 1369 2000 1406 I
2049 1355 2272 1408 Ἀλιευτ
2303 1395 2316 1420 ,
2352 1355 2520 1425 piscis
2563 1355 2853 1425 cujusdam
2904 1357 3147 1414 basilisci
3201 1375 3426 1419 nomine

1839 1446 2112 1500 meminit.

1910 1537 2070 1596 lbid..
2105 1536 2199 1590 lin.
2233 1536 2323 1592 28.
2369 1538 2477 1591 Ὶόν
2505 1537 2664 1606 ἔχων
2700 1538 2994 1607 χαλεπώτ.
3025 1538 3098 1594 Ea
3129 1541 3293 1612 hujus
3323 1558 3420 1599 ve-

1840 1626 1966 1679 neni
2020 1627 2121 1690 vis,
2165 1633 2225 1679 ut
2279 1641 2389 1680 non
2441 1627 2617 1682 solum
2658 1637 2808 1683 tactu
2857 1630 3131 1696 absumat,
3170 1633 3268 1686 sed
3298 1647 3420 1688 eam

1838 1718 2003 1770 etiam
2031 1718 2195 1772 rebus
2229 1732 2258 1770 a
2291 1734 2352 1772 se
2384 1721 2726 1788 consumptis
2758 1721 3010 1789 pestifere
3038 1738 3232 1793 repens
3270 1725 3422 1796 inge-

1842 1817 1943 1870 rat,
1977 1811 2047 1860 ita
2075 1818 2132 1861 ut
2169 1818 2221 1861 et
2256 1809 2359 1863 illa:
2388 1812 2554 1864 etiam
2588 1827 2856 1866 venenum
2891 1825 3156 1884 spargant
3182 1824 3238 1870 et
3276 1816 3417 1871 inte-

149 1921 284 1961 rans
337 1881 708 1974 spectabatur,
760 1881 1014 1976 tactuque
1057 1908 1258 1976 optime
1303 1909 1731 1978 dignosgebalur
1767 1881 1806 1935 Β
1837 1902 2056 1953 rimant.
2085 1899 2316 1964 Plinius,
2350 1902 2444 1956 lib.
2478 1919 2596 1967 Vill,
2629 1919 2752 1974 cap.
2795 1905 2858 1959 21
2902 1881 3220 1961 {Creditum
3250 1924 3423 1978 quon-

148 1999 325 2052 variis
366 1996 594 2052 ﬂexibus
633 1999 1008 2067 contortisque
1051 1999 1197 2067 gyris
1247 1998 1300 2052 in
1353 1999 1580 2052 formam
1615 2015 1729 2054 ser-

149 2090 336 2158 pentis
385 2087 678 2150 desinens,
727 2088 1065 2156 relatumque
1113 2086 1216 2141 fuit
1262 2103 1424 2141 ovum
1475 2088 1607 2141 illud
1663 2105 1729 2143 ex

147 2179 295 2249 gallo
327 2187 537 2235 natum.
579 2178 722 2247 Ἐγὼ
748 2179 809 2238 se
844 2195 924 2230 τοι
956 2179 1016 2229 οὑ
1039 2177 1390 2248 mxumam,
1425 2194 1728 2246 me,eorum

146 2270 424 2326 inscitiam
453 2272 635 2324 mirari
667 2271 950 2336 dicebam;
984 2270 1098 2323 fieri
1131 2271 1276 2324 enim
1314 2285 1493 2339 posse,
1529 2279 1587 2323 ut
1609 2271 1726 2341 gal-

148 2363 234 2416 lus
280 2370 532 2430 pareret:
567 2361 642 2414 illi
696 2361 1140 2429 reprehensionis
1170 2363 1513 2430 impatientes
1541 2363 1728 2433 plures

147 2453 433 2506 adducunt
463 2460 631 2506 testes
663 2453 786 2506 aliis
811 2452 968 2506 annis
995 2452 1044 2505 id
1069 2455 1232 2507 etiam
1274 2453 1547 2518 evenisse,
1575 2463 1628 2508 et
1663 2455 1729 2509 il-

145 2544 229 2599 los
261 2559 384 2599 esse
418 2553 585 2600 testes
610 2545 662 2598 in
701 2546 801 2597 hoc
830 2544 1096 2605 oculatos,
1122 2553 1176 2596 et
1208 2544 1309 2598 [ide
1337 2545 1551 2614 dignos.
1587 2545 1727 2600 Dum

147 2636 329 2690 adhuc
361 2635 659 2700 obstarem,
692 2644 749 2688 et
795 2635 950 2704 quasi
996 2651 1185 2689 eorum
1227 2635 1348 2691 fidei
1381 2646 1728 2708 contemptor

146 2732 352 2784 abirem
387 2744 615 2784 aversus
636 2770 650 2791 ,
681 2729 1011 2783 contrahunt
1044 2728 1270 2794 vestem,
1301 2733 1462 2800 vique
1506 2739 1725 2801 raptum

149 2829 373 2885 cogunt,
408 2831 467 2875 ut
513 2837 622 2876 una
670 2823 1044 2890 procederem.
1097 2821 1236 2887 Quid
1281 2823 1557 2878 facerem?
1594 2839 1724 2894 pro-

147 2914 312 2976 cessi,
363 2917 583 2967 domum
638 2915 690 2966 in
742 2928 850 2982 quo
880 2914 1055 2982 gallus
1105 2922 1243 2976 erat,
1324 2915 1633 2979 invisimus,
1674 2924 1728 2970 et

148 3018 306 3056 ovum
343 3002 487 3057 unde
520 3003 855 3057 abStulerant
897 2995 1196 3072 deponunt.
1228 3005 1414 3060 Gallus
1445 3007 1538 3075 qui
1581 3006 1728 3062 vide-

148 3094 307 3148 batur
349 3097 538 3150 nescio
570 3095 846 3165 quomodo
881 3099 1157 3154 turbatus.
1188 3099 1368 3151 statim
1406 3100 1592 3167 agnito
1615 3098 1725 3152 fetu

149 3187 436 3249 acclamat,
485 3189 743 3253 accurrit,
797 3194 976 3241 rostro
1014 3187 1172 3256 quasi
1213 3188 1565 3248 deosculatus,
1623 3189 1725 3242 alis

149 3279 406 3346 expansis
461 3279 845 3348 superinsedit.
908 3278 1270 3334 Discedimns.
1316 3281 1449 3333 Post
1501 3280 1722 3334 tertium

149 3367 289 3422 diem
324 3368 524 3424 accedo
554 3380 778 3424 vocatus
801 3389 813 3421 :
834 3370 1009 3438 gallus
1037 3384 1199 3423 ovum
1232 3369 1466 3436 fovebat,
1497 3370 1602 3423 cibi
1627 3384 1724 3439 po-

150 3467 345 3530 tusque
377 3464 696 3526 immernor;
747 3477 1024 3532 nunquam
1067 3462 1158 3515 illo
1200 3461 1379 3514 triduo
1411 3462 1604 3516 cistam
1638 3477 1721 3515 re—

151 3551 402 3619 liquerat.
457 3551 531 3605 Eo
580 3553 772 3618 minis,
830 3551 1134 3621 baculoque
1179 3552 1404 3620 depulso
1453 3567 1614 3618 ovum
1665 3552 1720 3605 in

153 3640 423 3695 fornacem
463 3641 737 3709 abjicitur.
787 3640 1010 3695 Pariunt
1059 3642 1243 3710 itaque
1276 3642 1425 3711 galli,
1473 3648 1528 3695 et
1564 3641 1718 3694 incu-

149 3731 296 3786 bant.
329 3731 530 3787 Verum
572 3748 638 3786 an
673 3747 736 3786 ex
779 3733 869 3785 illa
909 3732 1258 3786 incubatione
1307 3731 1598 3786 basiliscus
1639 3731 1720 3801 gi-

151 3825 437 3893 gneretur?
486 3823 726 3879 Dicerem
769 3825 990 3894 aliquod
1021 3824 1242 3886 animal,
1275 3823 1441 3893 idque
1483 3839 1722 3877 veneno-

151 3929 267 3967 sum
295 3917 534 3985 prodire,
583 3932 710 3970 cum
757 3917 934 3986 putris
964 3917 1054 3968 illa
1090 3919 1336 3978 materia,
1367 3931 1489 3985 qua:
1525 3916 1579 3968 in
1617 3931 1720 3970 ovo

150 4003 294 4072 latet,
342 4017 600 4062 concreta
631 4008 684 4062 id
728 4008 927 4063 habeat
975 4010 1121 4078 quod
1170 4008 1369 4063 similia
1427 4008 1716 4077 producat,

151 4113 265 4166 quae
291 4107 344 4153 et
377 4100 505 4170 galli
539 4101 735 4167 halitu,
783 4102 866 4154 vel
897 4101 1121 4154 alterius
1159 4100 1454 4155 animantis
1487 4100 1718 4153 animari

152 4204 304 4258 posse
340 4208 448 4245 non
480 4192 692 4257 dubito,
724 4201 783 4246 ut
810 4193 1058 4248 videmus
1091 4193 1142 4246 in
1178 4194 1265 4256 iis,
1297 4209 1418 4263 quae
1445 4209 1511 4247 ex
1540 4194 1717 4262 putri-

151 4283 232 4337 dis
280 4286 604 4354 corporibus
655 4295 1011 4341 enascuutur.
1064 4287 1244 4351 Quare
1300 4295 1353 4340 et
1407 4302 1506 4339 sua
1559 4287 1718 4341 laude

153 4371 365 4441 dignum
395 4375 876 4447 estngyptiorum
909 4380 1210 4442 inventum,
1241 4379 1332 4448 qui
1367 4381 1486 4433 ovis
1517 4378 1716 4433 ibidem

151 4461 494 4531 insidiantur,
525 4479 848 4538 repertaque
880 4470 1157 4539 frangunt,
1190 4484 1257 4524 ne
1293 4470 1516 4524 noxium
1558 4471 1718 4539 quid-

153 4557 286 4625 piam
306 4561 428 4615 inde
448 4563 624 4615 trahat
641 4564 927 4634 originem,
961 4566 1096 4627 sive,
1115 4571 1173 4616 ttt
1189 4564 1290 4633 ipsi
1305 4563 1714 4630 existimabant,

151 4647 455 4708 basiliscus.
516 4652 730 4707 Etenim
766 4672 889 4709 cum
919 4656 1093 4712 ibides
1124 4666 1438 4710 venatorum
1469 4657 1713 4710 venatio-

154 4742 306 4797 nibus
339 4744 631 4813 gaudeant,
681 4748 1136 4818 serpentibusque
1169 4747 1546 4814 inferciantur,
1582 4750 1713 4802 nulli

152 4832 364 4889 dubium
399 4836 691 4907 aliquando
738 4854 806 4892 ex
851 4854 1039 4894 eorum
1069 4843 1187 4895 ovis
1233 4840 1551 4911 pestiferum
1582 4841 1713 4911 quid

155 4927 504 4983 nasciturum.
555 4927 792 4984 Consule
839 4929 1311 5003 The0phylactum
1353 4932 1710 5014 Sjmoca‘tum,

156 5013 217 5080 Ω.
266 5029 397 5082 nat.,
429 5026 628 5089 quast.
673 5018 758 5082 M,
806 5021 950 5090 Ποῐῳ
992 5021 1135 5090 λόγῳ
1169 5020 1237 5073 τὰ
1291 5013 1399 5072 τῶν
1436 5021 1595 5073 ἴϐεων
1629 5022 1712 5074 dii

155 5109 505 5182 εὐχερέστατα
538 5110 782 5164 τίκτουσι
819 5109 1165 5179 βασιλίσκους
1198 5112 1383 5181 δφειςς
1423 5113 1596 5166 Aliam
1629 5122 1714 5166 ta-

155 5216 269 5256 men
296 5205 534 5260 basilisci
563 5203 963 5274 generationem
1006 5213 1196 5258 narrat
1239 5206 1325 5260 hic
1371 5206 1710 5260 Eustathius.

156 5291 413 5366 Quidquid
447 5305 626 5351 tamen
651 5297 743 5357 sit.
768 5295 1016 5350 historici
1050 5299 1269 5352 tradunt
1300 5299 1422 5353 illos
1454 5300 1508 5351 itt
1530 5298 1711 5351 Africa

157 5391 410 5453 generari,
439 5398 496 5446 et
534 5387 760 5444 torridis
797 5387 903 5442 illis
937 5389 1252 5458 regionibus
1295 5389 1554 5445 nidulari.
1605 5389 1712 5444 Re-

159 5475 251 5533 fert
277 5478 510 5538 Levinus
527 5475 901 5542 Lemnitts,-De
922 5486 1110 5537 occult.
1146 5493 1260 5537 nat.
1294 5485 1483 5537 mirae.
1507 5483 1605 5536 lib.
1635 5499 1709 5550 tv,

157 5583 269 5640 cap.
300 5575 383 5639 12,
418 5580 474 5632 in
523 5565 759 5630 Saxonia
806 5574 1044 5630 basilisci
1091 5577 1365 5647 quoddam
1408 5593 1580 5647 genus
1615 5578 1710 5632 sil-

159 5670 323 5717 vestre
350 5668 552 5735 passim
603 5664 869 5737 conspici.
918 5665 1095 5734 capite
1138 5668 1473 5731 acuminato,
1526 5669 1712 5724 colore

159 5747 303 5817 ﬂavo,
328 5758 662 5831 longitudine
692 5758 1018 5822 dodrantali,
1040 5760 1299 5816 inusitata
1320 5760 1707 5826 crassitudine,

160 5855 330 5909 Ventri:
372 5856 672 5923 maculoso,
719 5854 1013 5926 multisque
1058 5853 1307 5913 candidis
1359 5856 1578 5927 punctis
1624 5856 1710 5912 in-

1833 1992 1959 2045 dam
2003 2008 2067 2046 ex
2113 2009 2244 2062 equo
2275 1997 2446 2046 occiso
2494 1994 2672 2059 hasta,
2707 2006 2756 2049 et
2795 2013 2888 2064 per
2916 2016 3033 2051 eam
3078 2000 3328 2054 subeunte
3370 2003 3418 2055 vi

1834 2100 1938 2137 non
1978 2087 2198 2154 equitem
2242 2085 2396 2138 modo
2445 2085 2536 2138 sed
2593 2103 2781 2157 equum
2811 2106 3012 2158 quoque
3057 2091 3413 2160 absumptum.

1834 2176 2107 2240 Elianus,
2162 2180 2256 2233 lib.
2305 2196 2339 2232 tt
2388 2179 2463 2233 De
2506 2181 2633 2234 hist.
2669 2184 2858 2244 anim.,
2893 2198 3014 2248 cap.
3054 2184 3105 2244 ὅ,
3145 2185 3207 2237 El
3240 2185 3296 2238 δὲ
3323 2187 3417 2240 ἇν-

1833 2266 2050 2337 θρωπος
2094 2268 2314 2336 κατέχει
2366 2269 2581 2336 ῥάϐδον,
2618 2266 2734 2321 εἶτα
2765 2272 2969 2340 ταύτην
2992 2271 3200 2336 ἐκεῖνος
3249 2272 3412 2347 δάκῃ,

1829 2358 2090 2428 τέθνηκεν
2115 2361 2141 2412 ὁ
2167 2359 2354 2430 κύριος
2384 2359 2485 2429 τῆς
2518 2360 2703 2428 λύγου.
3126 2409 3133 2414 .

1907 2444 2067 2507 Ibid.,
2122 2445 2217 2499 lin.
2269 2445 2359 2500 29.
2429 2449 2521 2514 Ὡς
2572 2450 2668 2502 καὶ
2727 2451 2845 2504 ἀπὸ
2891 2453 3105 2520 μόνου.
3150 2452 3414 2524 Superius

1831 2535 2090 2602 diximus,
2127 2537 2444 2594 basiliscum
2476 2541 2596 2596 solo
2635 2544 2920 2596 oculorum
2964 2554 3188 2614 aspectu
3237 2550 3413 2603 homi-

1829 2629 1994 2699 nibus
2042 2646 2227 2684 necem
2279 2631 2505 2695 inl’erre.
2553 2635 2724 2689 variis
2765 2635 3008 2690 historiis
3041 2639 3091 2690 id
3127 2638 3415 2694 referenti-

1830 2719 1951 2774 b‘us.
1985 2719 2314 2778 Franciscus
2345 2721 2638 2787 Vallesius,
2670 2725 2748 2779 De
2780 2743 2934 2780 sacra
2970 2728 3263 2799 philosoplt.
3287 2746 3410 2802 cap.

1830 2809 1920 2878 68,
1955 2813 2066 2866 haec
2099 2812 2345 2869 fabulosa
2379 2832 2503 2872 esse
2533 2818 2836 2883 contendit,
2865 2836 2964 2874 nec
2997 2837 3159 2890 posse
3215 2824 3412 2879 adduci

1832 2914 1890 2957 ut
1929 2908 2134 2961 credat.
2167 2899 2322 2972 Quod
2365 2909 2570 2962 dictum
2615 2924 2777 2979 quam
2809 2913 2881 2966 sit
2922 2913 2975 2966 in
3010 2915 3128 2967 vi'o
3173 2917 3415 2985 philoso-

1830 2998 1940 3066 pho
1978 2999 2244 3068 ineptum,
2279 3018 2387 3056 non
2432 3013 2518 3058 est
2550 3020 2688 3074 opus
2724 3007 2910 3061 multis
2953 3011 3248 3076 explicare,
3284 3025 3410 3064 cum

1831 3082 2133 3147 rationibus
2156 3102 2210 3147 et
2237 3097 2616 3164 experientiis,
2648 3113 2753 3152 non
2785 3101 3108 3170 pertinacia,
3133 3118 3238 3156 non
3267 3104 3414 3175 igna-

1829 3182 1913 3234 via
1948 3184 2004 3236 in
2046 3184 2207 3239 rebus
2238 3187 2481 3269 physicis
2510 3191 2778 3259 agendum
2811 3193 2898 3247 sit.
2932 3191 3044 3247 Nec
3081 3195 3292 3249 videtur
3321 3211 3411 3251 sa-

1830 3276 2027 3343 pientis
2064 3278 2115 3330 id
2147 3294 2290 3343 esse,
2350 3281 2479 3334 dum
2536 3299 2595 3337 se
2644 3286 2872 3352 opponit
2921 3286 3212 3341 dillicultas
3242 3305 3408 3358 quam

1827 3382 1936 3420 non
1969 3367 2241 3440 intelligit,
2275 3370 2421 3424 illico
2453 3381 2713 3442 tanquam
2747 3375 3018 3438 fabulosa,
3052 3395 3172 3446 quae
3195 3379 3265 3432 ab
3281 3380 3408 3434 aliis

1825 3473 1934 3512 uno
1994 3474 2265 3516 consensu
2324 3462 2619 3529 dicuntur,
2680 3466 2925 3534 rejicere.
3001 3467 3106 3522 Sed
3164 3480 3224 3523 ut
3288 3471 3406 3524 ha-c

1824 3553 2052 3620 quaestio
2102 3553 2298 3608 habeat
2349 3555 2526 3610 lucem
2577 3558 2839 3627 aliquam,
2875 3563 3273 3617 consideranda
3321 3575 3408 3620 est

1823 3659 1988 3697 causa
2035 3660 2156 3714 quae
2204 3645 2502 3701 Vallesium
2553 3651 2802 3719 impulit,
2861 3662 2921 3705 ut
2973 3655 3084 3707 haec
3146 3664 3404 3725 tanquam

1823 3727 1957 3782 falsa
1987 3728 2292 3783 damnaret.
2325 3731 2461 3785 Cum
2488 3733 2635 3787 enim
2687 3746 2872 3805 ageret
2911 3738 2977 3792 de
3016 3738 3404 3805 fascinatione,

1821 3833 1925 3872 nec
1975 3835 2164 3873 eorum
2199 3821 2510 3890 opinionem
2548 3824 2710 3878 vellet
2753 3827 3063 3891 admittere,
3105 3832 3198 3899 qui
3241 3830 3406 3885 fasci-

1822 3912 2097 3966 nationem
2119 3912 2231 3966 lieri
2263 3913 2519 3968 dicebant
2541 3919 2866 3972 exeuntibus
2888 3920 3108 3976 visoriis
3141 3925 3329 3985 radiis,
3350 3932 3406 3978 et

1821 4018 1944 4058 cum
1977 4004 2062 4058 his
2093 4004 2293 4058 delerri
2329 4021 2559 4075 vapores
2579 4024 2898 4074 venenosos,
2918 4027 3039 4080 quae
3069 4014 3256 4082 Opinio
3290 4030 3399 4070 non

1821 4095 2104 4151 videbatur
2133 4097 2208 4150 illi
2244 4099 2575 4164 communis,
2601 4102 2694 4156 sed
2725 4103 2935 4156 tantum
2962 4102 3399 4170 Platonicorum,

1824 4202 1891 4241 ne
1925 4198 2230 4258 cogeretur,
2264 4193 2515 4260 quamvis
2541 4193 2656 4263 ipse
2679 4193 2732 4247 id
2763 4209 2870 4248 nou
2909 4196 3164 4268 attingat,
3199 4202 3252 4252 in
3279 4215 3399 4252 eam

1821 4282 1901 4336 ire
1949 4282 2296 4346 sententiam,
2338 4284 2384 4338 si
2431 4284 2676 4340 basilisci
2719 4303 3061 4343 venenosum
3119 4301 3436 4362 aspectom‘

1819 4374 2164 4438 concederet,
2226 4373 2473 4430 fabulosa
2523 4392 2646 4430 esse
2676 4393 2796 4446 qua:
2846 4379 2913 4434 de
2959 4381 3216 4435 basilisco
3263 4383 3400 4436 tanti

1819 4464 1924 4518 viri
1977 4465 2320 4519 tradiderunt
2347 4448 2669 4523 contendit.
2719 4469 2875 4534 Quod
2918 4474 3167 4540 quamvis
3210 4483 3400 4529 contra

1749 4576 1794 4632 ι)
1823 4558 2131 4614 Aristotelis
2159 4559 2486 4612 sententiam
2510 4560 2700 4614 nescio
2733 4565 3012 4629 quomodo
3048 4563 3227 4618 facere
3255 4566 3398 4620 vide-

1826 4657 1932 4714 tur,
1976 4657 2158 4702 tamen
2209 4663 2309 4702 nec
2356 4647 2758 4705 Platonicorum
2789 4653 2974 4720 opinio
3019 4654 3396 4715 conﬁrmatur,

1821 4756 1924 4796 nec
1957 4739 2438 4812 Peripateticorum
2489 4741 2774 4805 refellitur.
2827 4743 3124 4800 Basiliscus
3163 4760 3399 4817 namque

1802 4849 1931 4888 'non
1967 4835 2260 4889 emissione
2289 4834 2591 4896 radiorum,
2617 4835 2818 4902 quibus
2854 4843 3114 4904 tanquam
3137 4840 3400 4892 vehiculis

1821 4940 2090 4979 venenum
2138 4932 2195 4979 et
2233 4939 2377 4979 noxa
2409 4926 2525 4980 viso
2554 4924 2855 4989 deferatur,
2893 4927 2986 4981 sed
3024 4927 3246 4982 humido
3272 4945 3397 4982 ocu-

1821 5014 2019 5078 lorum,
2050 5015 2105 5068 in
2137 5030 2247 5084 quo
2276 5024 2534 5085 tanquam
2571 5016 2820 5086 subjecto
2865 5032 3132 5071 venenum
3173 5028 3276 5081 est,
3313 5021 3398 5073 in-

1822 5107 1935 5159 licit
1963 5121 2111 5170 aera,
2142 5116 2196 5161 et
2224 5123 2322 5177 per
2356 5108 2506 5160 illum
2550 5107 2848 5172 hominem,
2878 5118 2932 5163 et
2974 5121 3227 5178 aspectus
3270 5119 3395 5164 tan-

1819 5204 1935 5251 tum
1970 5198 2265 5266 requiritur
2308 5207 2367 5252 ut
2401 5198 2602 5269 dirigat
2641 5199 2773 5254 illud
2816 5215 3083 5254 venenum
3129 5200 3183 5254 in
3215 5201 3394 5255 homi-

1819 5306 1944 5346 nem
1993 5306 2152 5359 quem
2195 5291 2360 5345 videt.
2413 5289 2559 5345 Nulli
2616 5292 2760 5346 enim
2795 5291 3021 5365 dubium
3055 5307 3178 5348 esse
3209 5293 3391 5356 debet,

1820 5388 1923 5441 hoc
1957 5387 2158 5440 animal
2189 5401 2346 5441 suum
2374 5391 2715 5458 pestilentem
2745 5389 2996 5454 halitum,
3040 5405 3148 5443 non
3178 5397 3390 5444 tantutn

1819 5497 1980 5552 quem
2018 5496 2111 5536 ore
2157 5481 2348 5549 spirat,
2393 5482 2484 5537 sed
2516 5490 2570 5537 et
2604 5497 2765 5552 quem
2813 5490 2929 5536 toto
2961 5497 3188 5552 corpore
3224 5482 3391 5536 exha-

1818 5577 1914 5634 lat,
1970 5575 2245 5629 effundere
2295 5575 2655 5630 circumcirca
2705 5591 2801 5644 per
2847 5584 3018 5629 totum
3069 5589 3248 5628 aerem
3279 5588 3392 5629 aln-

1817 5670 2075 5728 bientem,
2125 5682 2355 5737 eumque
2395 5668 2635 5723 inlicere.
2677 5667 2952 5736 Singulari
2997 5675 3176 5718 tamen
3223 5665 3388 5720 modo

1817 5762 2097 5816 oculorum
2129 5770 2300 5824 motu,
2333 5773 2512 5812 aerem
2546 5773 2911 5820 commovere,
2943 5766 2998 5812 et
3030 5757 3386 5826 perniciosio-

1815 5870 1930 5911 rem
1961 5852 2206 5909 reddere.
2246 5851 2350 5907 Sed
2382 5850 2550 5905 multa
2587 5850 2835 5907 fabulosa
2884 5856 2938 5906 et
2970 5849 3096 5906 ﬁcta
3125 5848 3382 5914 Vallesio,
