4042 6338
649 393 756 454 967

1995 385 2240 443 ιεοιιιε
2279 383 2559 440 ΑιιΑτιι

3821 383 3908 438 968

649 514 833 574 etiam,
859 509 992 580 proh
1024 507 1209 563 nefas!
1239 523 1306 563 ex
1337 506 1510 562 sacris
1538 503 1859 576 Scripturis,
1894 503 2039 574 quod
2063 519 2225 574 quam

2336 520 2424 574 ρος
2442 503 2499 554 ἐν
2515 501 2694 572 εὑδινῇ
2714 499 3040 554 καταστάσει
3057 500 3479 571 φυλαττομένου.
3510 496 3737 569 Ἀμέλει
3751 498 3908 550 οὐκᾶν

654 603 826 671 pium,
849 618 1012 673 quam
1035 609 1232 662 tutum,
1256 615 1418 670 quam
1440 598 1812 655 Christianum
1840 597 1931 650 alii
1957 597 2225 667 judicent.

657 692 849 748 Melius
891 703 977 748 est
1025 693 1299 746 inscitiam
1350 691 1506 746 fateri
1556 705 1736 752 suam,
1786 703 1949 759 quam
2002 688 2092 742 ubi
2147 703 2233 742 res

656 783 803 850 ipsas
860 797 966 836 non
1013 781 1254 847 noveris,
1306 781 1550 835 scientia:
1591 779 1978 850 sapientiaque
2039 778 2230 830 obtutu

546 862 550 867 ’
656 873 871 929 inficias
936 872 1013 927 ire
1049 892 1062 927 :
1097 883 1152 928 et
1184 888 1305 943 qua:
1334 870 1570 942 Spiritus
1601 877 1825 924 sanctus
1866 869 1982 938 ipse
2009 867 2234 921 dictavit

655 963 900 1033 negando
925 967 980 1017 in
1016 975 1235 1019 sensum
1270 962 1435 1016 alium
1465 960 1810 1029 detorquere.

726 1053 887 1118 lbid.,
920 1055 1016 1108 lin.
1048 1055 1137 1108 30.
1184 1055 1238 1106 '0
1271 1053 1339 1106 es
1364 1053 1676 1118 κάνθαρος.
1710 1049 1785 1103 Ita
1826 1049 1990 1104 etiam
2029 1046 2231 1110 ﬂorus,

654 1143 752 1198 lib.
821 1162 860 1208 i,
915 1160 1037 1214 cap.
1091 1144 1190 1207 l0,
1239 1143 1358 1214 βοὸς
1420 1143 1718 1212 ἁφόδευμα.
1792 1140 1990 1196 Suidas
2053 1152 2232 1196 tamen

653 1236 799 1290 ὄνου.
829 1235 1042 1291 Plinius
1077 1251 1143 1291 ex
1179 1233 1425 1305 Virgilio,
1470 1234 1722 1303 Virgilius
1744 1235 2090 1301 jusencorum
2125 1250 2236 1288 cor-

655 1342 781 1392 pore
807 1327 1140 1388 «animato,
1179 1325 1315 1380 sicut
1336 1341 1586 1395 equorum
1609 1339 1812 1393 vespas,
1844 1335 1999 1392 atque
2027 1324 2236 1380 crabro-

657 1436 767 1481 nes,
798 1419 933 1472 sicut
979 1419 1250 1472 asinorum
1293 1417 1592 1472 scarabaos
1631 1425 1866 1469 mutante
1905 1427 2126 1478 natura,
2170 1432 2236 1471 ea:

656 1509 780 1563 aliis
813 1509 1055 1578 quasdam
1094 1510 1148 1562 in
1173 1510 1305 1564 alia.
1350 1506 1482 1562 Vide
1521 1507 1883 1578 Epiphanium
1913 1508 1966 1561 in
1997 1509 2232 1562 Ancirot.

654 1600 906 1657 Clemens
930 1603 1057 1656 item
1105 1600 1300 1670 Hypot.
1330 1617 1406 1662 vi,
1451 1600 1698 1655 homines
1735 1600 2101 1669 voluptatibus
2143 1600 2237 1654 im-

658 1695 883 1762 pensius
921 1693 1157 1756 deditos,
1192 1700 1245 1746 et
1295 1692 1600 1755 immersos,
1639 1706 1702 1745 ac
1746 1692 1930 1746 ebrios
1977 1698 2235 1762 tanquam

656 1780 951 1834 cantharos
980 1782 1034 1833 in
1065 1790 1305 1835 stercore
1337 1780 1570 1833 volutari
1599 1780 1811 1834 scribit.

2336 594 2465 656 ῐδοις
2481 593 2684 664 δμὸρον
2713 594 2777 645 ὲκ
2792 592 2966 662 νεφῶν
2985 593 3326 661 ἀπορρυέντα
3350 591 3483 660 παρ’
3499 589 3634 643 ὅσον
3655 589 3838 657 χρόνον
3855 591 3908 641 ἐκ

2331 684 2440 736 τῶν
2461 683 2765 755 μυρμήκων
2785 685 2812 735 ὀ
2829 686 2972 745 σῖτος
2991 683 3371 754 προϐέϐληται.
3394 680 3602 744 Herus,
3625 681 3721 734 lib.
3749 695 3786 743 l,
3801 695 3901 750 cap.

2334 774 2422 835 52.
2442 776 2539 837 ait,
2557 774 2814 830 formicas
2829 779 2884 830 in
2902 777 3130 832 hiemem
3149 780 3250 832 sibi
3270 781 3421 835 cibos
3436 795 3748 852 congerere
3761 793 3814 834 et
3835 797 3906 835 eo»

2334 882 2454 920 rum
2470 868 2707 922 studium
2736 870 2789 922 in
2813 869 3055 939 parando
3089 869 3190 924 sibi
3217 871 3362 932 cibo.
3378 880 3431 927 et
3461 872 3794 943 colligendis
3814 873 3902 927 ira-

2333 959 2513 1013 ctibus
2537 960 3166 1029 expressitAristoteJes,
3198 961 3286 1016 lib.
3312 978 3387 1027 ιι,
3421 979 3544 1034 cap.
3573 964 3670 1018 38.
3690 963 3900 1025 Plinius,

2334 1049 2428 1103 lib.
2467 1065 2542 1109 ιι.
2585 1065 2708 1119 cap.
2751 1050 2838 1113 50,
2869 1067 2932 1104 ex
2957 1051 3269 1114 Aristotele.
3317 1054 3536 1108 Semina
3569 1071 3770 1108 σηοω
3798 1071 3904 1107 css-

2334 1139 2488 1202 dunt,
2544 1156 2608 1193 ne
2653 1156 2838 1194 rursus
2883 1143 2939 1195 in
2975 1142 3152 1211 fruges
3194 1154 3378 1197 exeant
3415 1162 3443 1198 e
3482 1156 3654 1199 terra.
3709 1146 3905 1215 lajars

2335 1232 2405 1284 ad
2436 1234 2712 1286 introitum
2749 1232 3011 1286 dividunt.
3062 1232 3367 1303 Hadefacta
3407 1238 3574 1291 imbre
3615 1239 3906 1306 proferunt,

2335 1335 2490 1395 atque
2517 1325 2739 1380 siccant.
2766 1324 3067 1393 Operantur
3089 1336 3138 1378 et
3159 1340 3313 1380 noctu
3331 1329 3487 1395 plena
3513 1330 3667 1383 luna.
3707 1328 3906 1383 Eas-den

2336 1415 2619 1471 interlunio
2641 1429 2866 1473 cessant.
2885 1417 3011 1470 1am
3039 1419 3094 1472 in
3111 1435 3261 1484 opere
3279 1421 3368 1488 qui
3398 1420 3588 1472 labar!
3616 1437 3738 1490 quer
3764 1424 3906 1476 sedi-

2336 1504 2502 1556 lilas!
2539 1503 2812 1568 Elianus,
2848 1507 2940 1559 lib.
2977 1520 3038 1569 ιι,
3079 1522 3198 1576 cap.
3228 1506 3333 1574 25;
3369 1506 3641 1578 Georgius
3682 1509 3905 1573 Pisidea.

2338 1593 2417 1648 De
2448 1597 2632 1649 mundi
2660 1598 2904 1666 api/icio;
2935 1597 3289 1668 Epiphanius,
3330 1599 3385 1652 in
3415 1596 3772 1671 Physiologo,
3795 1617 3904 1672 cap.

2336 1699 2508 1752 XVIII;
2561 1696 2755 1742 auctor
2806 1689 3048 1759 epistolae
3086 1689 3153 1742 ad
3206 1689 3540 1758 praesidium,
3599 1689 3706 1744 Dio
3757 1693 3916 1763 Chry-

2339 1789 2636 1844 sostomus,
2663 1781 2910 1835 oratione
2934 1783 3153 1850 politica
3186 1781 3238 1834 in
3269 1783 3559 1842 concione,
3587 1785 3706 1835 Καὶ
3740 1785 3912 1854 μέντοι

729 1874 862 1928 lbid.
892 1874 1262 1940 κυκλοτερὲς
1276 1871 1500 1942 σχῆμα.
1534 1870 1733 1932 Horus,
1766 1873 1860 1925 lib.
1895 1886 1933 1935 ι,
1973 1886 2094 1942 cap.
2124 1872 2191 1926 10
2220 1891 2232 1927 :

2339 1873 2431 1925 καὶ
2472 1871 2767 1942 μύρμηκας
2795 1849 2945 1925 πάνυ
2968 1873 3139 1943 ἡδέως
3180 1873 3304 1926 ἰδεῖν
3332 1888 3501 1938 εστιν,
3525 1875 3682 1940 ὅπως
3711 1849 3811 1946 μὲν
3853 1881 3912 1930 sic

655 1964 891 2019 Πλάσσει
926 1964 1263 2033 σφαιροειδὲς
1298 1963 1679 2032 παραπλήσιον
1701 1961 1772 2030 τῷ
1804 1963 1992 2033 κόσμῳ
2027 1963 2232 2032 σχῆμα,

655 2056 683 2108 ὃ
712 2060 775 2109 ὲκ
805 2057 910 2108 τῶν
943 2056 1206 2109 ὀπισθίων
1254 2055 1433 2125 μερῶν
1460 2054 1685 2116 κυλίσας
1714 2054 1821 2107 ἀπὸ
1866 2055 2127 2124 ἀνατολῆς
2157 2060 2238 2117 εἰς

655 2148 803 2201 δύσιν
837 2148 996 2210 αὐτὸς
1025 2149 1160 2217 πρὸς
1193 2147 1452 2215 ἀνατολὴν
1485 2146 1691 2214 βλέπει,
1719 2148 1804 2198 ἵνα
1841 2147 2023 2217 ἁποδῴ
2060 2148 2120 2200 τὸ
2144 2149 2235 2200 τοῦ

656 2240 860 2309 κόσμου
911 2241 1116 2309 σχῆμα.
1154 2237 1421 2308 Georgius
1461 2236 1693 2299 Pisides,
1742 2237 1815 2290 De
1858 2239 2046 2290 mundi
2085 2240 2238 2306 api/i-

656 2334 774 2395 cio;
812 2330 1096 2392 zElianus,
1129 2333 1222 2385 lib.
1273 2348 1326 2393 ι,
1372 2347 1493 2399 cap.
1530 2332 1638 2384 15:
1684 2332 1739 2382 ὐ
1779 2331 2046 2400 κάνθαρος
2070 2331 2236 2401 ἄθηλυ

656 2423 794 2485 ζῶόν
826 2426 958 2476 ἐστι.
991 2425 1209 2494 Σπείρει
1230 2424 1283 2475 δὲ
1312 2425 1390 2485 είς
1411 2424 1509 2491 τὴν
1529 2426 1760 2491 σφαῖραν
1783 2423 1847 2492 ἢν
1866 2423 2034 2474 κυλίει
2053 2441 2063 2451 ·
2095 2424 2237 2475 ὀκτὼ

654 2513 710 2567 δὲ
777 2516 870 2567 καὶ
919 2516 1091 2566 εῐκοσι
1128 2513 1350 2584 ἡμερῶν
1410 2513 1564 2564 τοῦτο
1615 2513 1840 2581 δράσας,
1901 2515 1993 2565 καὶ
2031 2513 2235 2581 saxea;

653 2607 844 2677 αὐτὴν,
864 2601 978 2659 εἷτα
1001 2607 1182 2676 μέντοι
1202 2609 1267 2676 τῇ
1293 2607 1384 2658 ὲπὶ
1409 2605 1630 2666 ταύταις
1647 2604 1874 2673 προάγει
1891 2607 1980 2657 τὸν
2002 2607 2232 2661 νεοττόν.

724 2697 883 2761 lbid.,
913 2697 1009 2751 lin.
1044 2697 1134 2750 51.
1184 2697 1336 2748 Φασὶ
1364 2695 1430 2747 δὲ
1461 2697 1668 2749 αὐτόν.
1707 2693 1866 2749 Forte
1904 2695 1971 2749 ad
2018 2697 2118 2749 hoc
2152 2713 2236 2749 re-

655 2790 832 2855 spexit
875 2791 1221 2849 Aristotcles,
1275 2786 1352 2840 De
1399 2788 1522 2840 hist.
1567 2788 1734 2840 anim.
1772 2787 1865 2841 lib.
1913 2804 1964 2851 v,
1993 2803 2113 2857 cap.
2144 2787 2231 2851 l9,

657 2877 927 2932 Scaraba'i
960 2880 1200 2948 pilularii
1237 2881 1291 2931 in
1320 2879 1445 2946 ﬁmo
1484 2893 1635 2946 quem
1684 2879 1890 2931 volvunt
1935 2880 2235 2932 conduntur

653 2989 745 3041 per
784 2973 1002 3031 hiemem
1051 2987 1336 3040 parvosque
1383 2971 1692 3024 vermiculos
1736 2971 1976 3037 pariunt,
2026 2986 2089 3023 ex
2117 2972 2235 3039 qui-

654 3066 751 3117 hus
783 3066 883 3130 ipsi
905 3076 1270 3132 procreantur.

722 3176 883 3241 lbid.,
920 3176 1017 3229 lin.
1047 3173 1136 3228 '52.
1173 3175 1254 3226 Οὐ
1298 3173 1406 3242 γὰρ
1433 3168 1585 3238 θῆλυ
1651 3168 1830 3238 ὐπάρ.
1868 3169 2066 3232 Horus,
2113 3170 2232 3224 loco
2261 3191 2301 3247 ρ

653 3271 820 3323 citato
852 3266 925 3321 De
973 3266 1094 3319 hist.
1130 3265 1290 3317 anim.
1328 3263 1422 3318 lib.
1460 3278 1514 3325 ι,
1562 3277 1681 3333 cap.
1718 3263 1803 3324 15,
1847 3263 2037 3316 scribit
2061 3261 2229 3332 Egy-

655 3361 890 3430 ptiorum
910 3357 1200 3412 bellatores
1219 3355 1272 3409 in
1303 3354 1518 3408 annulis
1543 3353 1874 3423 insculptum
1894 3354 2226 3408 scarabaaum

652 3459 900 3523 gestasse
931 3451 996 3504 ad
1034 3445 1452 3519 signiﬁcandum
1481 3446 1614 3500 solis
1651 3445 1896 3501 maribus
1926 3461 2023 3514 pro
2055 3447 2228 3515 patria

652 3561 776 3600 esse
807 3543 1140 3604 bellandum,
1165 3539 1313 3609 quod
1356 3539 1666 3594 scarabseus
1711 3546 1862 3592 caret
1898 3538 2114 3593 femina.
2138 3541 2230 3592 Ai-

653 3635 896 3703 γυπτίων
952 3634 1008 3686 δὲ
1055 3633 1106 3686 οἱ
1145 3630 1372 3702 μάχιμοι
1421 3630 1513 3682 ἐπὶ
1572 3628 1680 3681 τῶν
1742 3628 2042 3682 δακτυλίων
2086 3625 2230 3698 εἶχον

653 3725 1094 3799 ὲγγεγλυμμένον
1141 3721 1430 3792 κάνθαρον,
1471 3720 1841 3790 αἰνιττομένου
1869 3720 1963 3774 τοῦ
2002 3721 2229 3790 νομοθέ-

653 3838 748 3874 του
780 3819 889 3871 δεῖν
922 3816 1155 3886 ἄρρενας
1201 3808 1340 3864 εἶναι
1372 3810 1579 3872 πάντας
1619 3810 1795 3877 πάντη
1825 3808 1951 3870 τοὺς
1994 3808 2231 3877 μαχομέ-

655 3930 775 3974 νους
811 3910 950 3978 ὑπὲρ
985 3908 1083 3977 τῆς
1110 3904 1314 3974 χώρας.
1359 3902 1510 3954 Ἐπεὶ
1539 3901 1634 3954 καὶ
1660 3903 1687 3954 ὁ
1713 3900 1980 3971 κάνθαρος
2012 3899 2230 3969 θηλείας

654 4001 868 4072 φύσεως
894 3999 954 4049 οὐ
988 3994 1325 4065 μετείληχεν.

723 4090 855 4146 lbid.
894 4086 1000 4139 Καὶ
1035 4086 1088 4137 ol
1124 4083 1427 4149 Αἰγύπτιοι
1460 4079 1558 4132 διὰ
1600 4082 1733 4144 τήν.
1788 4079 1986 4132 Praeter
2019 4079 2231 4134 Plutar-

653 4185 819 4239 chum
850 4187 903 4232 et
936 4175 1238 4234 Elianum,
1279 4168 1548 4225 Eusebius
1585 4170 1677 4221 lib.
1710 4184 1766 4220 ιιι
1822 4169 1897 4222 De
1939 4179 2225 4236 ρηεραναε,

653 4275 885 4344 evangel.
921 4273 1062 4326 idem
1116 4269 1270 4324 affert
1299 4283 1362 4323 ex
1395 4267 1486 4320 lib.
1522 4266 1785 4336 Porphyr.
1820 4265 1958 4332 Περὶ
1983 4264 2089 4330 τῆς
2113 4265 2232 4317 τῶν

653 4369 939 4436 ἐμψύχων
955 4362 1207 4432 ἀποχῆς.
1232 4360 1515 4428 Αἰγύπτιοι
1544 4358 1600 4411 δὲ
1626 4357 1929 4426 ὲσέφθησαν
1949 4357 2024 4420 ὡς
2048 4359 2231 4411 εἰκόνα

656 4461 806 4530 ἡλίου
855 4457 1128 4527 ἔμψυχον,
1170 4454 1224 4518 in
1259 4467 1417 4522 quem
1465 4450 1727 4505 acerrime
1772 4449 2048 4504 invehitur
2089 4448 2229 4502 Pisi-

2338 1964 2492 2017 κοῦσι
2522 1965 2641 2035 μετ’
2668 1964 2913 2034 ἀλλήλων
2950 1965 3206 2028 εὐκόλως,
3237 1967 3384 2028 ὅπως
3412 1966 3468 2019 δὲ
3509 1967 3746 2032 ἐξίασιν,
3776 1970 3910 2032 ὅπως

2334 2057 2390 2108 δὲ
2413 2057 2480 2108 τὰ
2511 2057 2650 2127 βάρη
2681 2056 3203 2126 μεταλαμϐάνουσιν,
3233 2059 3378 2118 ὅπως
3407 2058 3462 2109 δὲ
3493 2061 3912 2131 παραχωροῦσιν

2337 2147 2586 2217 ἀλλήλοις
2622 2147 2731 2199 τῶν
2767 2147 2918 2199 ὁδῶν.
2958 2145 3030 2200 De
3071 2147 3421 2202 formicarum
3453 2149 3509 2202 in
3552 2152 3748 2205 labore
3789 2154 3908 2206 assi-

2335 2240 2544 2295 duitate
2564 2255 2671 2292 non
2689 2237 2982 2308 injucunda
3002 2247 3083 2292 est
3101 2239 3390 2307 Aphthonii
3412 2241 3680 2309 sophista
3706 2243 3905 2298 fabella.

2409 2331 2568 2396 “)ld.,
2616 2332 2710 2384 lin.
2751 2333 2840 2385 45.
2881 2331 3118 2384 Βδέλλα
3154 2331 3608 2398 σκωληκοειᾷές.
3662 2333 3737 2390 De
3770 2335 3908 2388 hiru-

2336 2425 2558 2478 dinibus
2603 2422 2971 2486 Dioscorides,
3015 2423 3108 2476 lib.
3157 2439 3232 2485 γι,
3266 2438 3383 2493 cap.
3428 2423 3520 2487 32,
3552 2433 3606 2480 et
3647 2427 3905 2496 Apsyrtus

2337 2519 2476 2584 apud
2509 2516 2723 2569 collect.
2755 2515 3036 2583 Ceoponic.
3064 2515 3154 2568 lib.
3193 2531 3301 2570 ni.

2406 2607 2563 2669 lbid.,
2597 2607 2691 2660 lin.
2725 2607 2813 2660 54.
2859 2605 2979 2660 Τῶν
3009 2607 3076 2658 δὲ
3105 2607 3295 2674 ὄφεων
3325 2609 3421 2660 καὶ
3454 2607 3592 2662 τῶν.
3628 2608 3906 2679 Theophr-

2334 2699 2510 2751 lactus
2544 2696 2855 2751 Simocatus
2884 2697 2936 2750 in
2975 2697 3176 2762 Quazst.
3212 2699 3568 2764 naturalibus,
3600 2713 3801 2765 quaest.
3828 2701 3905 2762 il,

2333 2790 2400 2842 de
2435 2790 2595 2851 ibide,
2629 2790 2852 2842 Ἥδεται
2876 2790 3027 2840 τουτὶ
3047 2789 3108 2840 τὸ
3134 2789 3318 2858 ὄρνεον
3344 2791 3465 2842 τινὰ
3488 2789 3703 2860 δυσώδη
3740 2792 3904 2845 σιτού-

2338 2899 2494 2950 μενον
2517 2898 2527 2908 ’
2548 2881 2724 2949 χαίρει
2750 2881 2804 2932 δὲ
2832 2881 3064 2949 μάλιστα
3083 2882 3173 2933 καὶ
3188 2884 3306 2943 ταῖς
3330 2879 3436 2932 τῶν
3456 2882 3682 2934 ἰοϐόλων
3699 2885 3904 2952 ἄγραις,

2335 2971 2776 3041 πολυϐορώτατον
2803 2974 2881 3024 ὃν.
2929 2973 3088 3024 Ἀλλὰ
3116 2973 3208 3024 καὶ
3246 2976 3352 3034 τοῖς
3374 2973 3562 3040 ΙΒφεσιν
3595 2974 3727 3035 ῐῦις,
3758 2974 3910 3027 καθά-

2336 3077 2441 3130 περ
2481 3062 2508 3111 6
2550 3060 2880 3129 βασιλίσκος,
2928 3060 3202 3130 πολέμιον.
3255 3059 3345 3112 Διὸ
3396 3063 3488 3113 καὶ
3541 3064 3720 3130 πτερά
3759 3062 3908 3116 ἴϐεων

2336 3152 2573 3221 πολέμια
2614 3151 2819 3219 ὄφεσιν,
2872 3153 3218 3220 Ἐμφορεῖται
3243 3151 3299 3203 δὲ
3348 3150 3564 3222 σαρκῶν
3595 3153 3777 3220 ὃρεων
3824 3157 3908 3208 καὶ

2339 3245 2632 3314 σκορπίων,
2665 3247 2757 3298 καὶ
2791 3245 3024 3313 γέγηθεν
3053 3245 3143 3295 ἐπὶ
3170 3243 3338 3314 ταύτῃ
3366 3246 3430 3313 τῇ
3455 3244 3612 3316 θήρᾳ.
3654 3245 3790 3301 Vide
3817 3245 3910 3301 Pe»

2339 3344 2480 3388 trum
2495 3333 2838 3394 Damianum,
2865 3335 2956 3387 lib.
2975 3349 3035 3395 ιι,
3053 3349 3172 3402 cap.
3192 3333 3276 3388 l8.
3298 3332 3400 3387 Sed
3420 3333 3642 3390 deibide
3660 3336 3905 3392 inferius.

2406 3424 2540 3480 Ibid.
2588 3427 2715 3492 Τοῖς
2757 3426 2826 3478 δὲ
2875 3425 3213 3494 κεράσταις.
3269 3425 3542 3488 ιΕΙίειιιιιε,
3586 3419 3668 3481 De
3724 3431 3904 3484 histor.

2336 3518 2562 3572 animal.
2597 3518 2691 3572 lib.
2725 3533 2779 3581 ι,
2820 3531 2940 3586 cap.
2984 3516 3070 3579 14,
3101 3517 3313 3586 Ὂφεὼν
3342 3533 3400 3569 τε
3428 3514 3519 3570 καὶ
3551 3518 3795 3573 δακετῶν
3821 3521 3910 3591 θη-

2338 3611 2469 3681 ρίων
2499 3609 2658 3673 αὑτός
2699 3612 2845 3663 ἐστιν
2880 3609 3140 3679 ἔχθιστος.
3173 3610 3287 3662 Οὐκ
3325 3608 3391 3662 ἂν
3418 3609 3550 3675 γοῦν
3590 3613 3759 3665 αὑτὸν
3799 3613 3908 3666 δια-

2336 3701 2494 3772 λάθῃ,
2531 3699 2654 3754 οὖτε
2700 3702 2841 3769 ὄφις,
2871 3700 2994 3752 οὕτε
3039 3702 3317 3772 σκορπίος,
3359 3702 3480 3754 οὔτε
3508 3702 3624 3772 μὴν
3671 3705 3908 3774 πονηρᾶς

2337 3792 2469 3862 ὕλης
2496 3793 2622 3846 ἄλλο
2643 3810 2694 3844 τι
2724 3793 2964 3846 ἐκτοκον.

2408 3885 2569 3948 lbid.,
2611 3884 2706 3938 lin.
2741 3885 2828 3938 57.
2866 3886 3038 3937 Ἐστι
3069 3882 3136 3935 δὲ
3179 3883 3354 3936 τοῦτο
3399 3897 3590 3949 συμπ.
3633 3881 3906 3947 Ᾱῐιίιιιιιις,

2338 3979 2432 4031 lib.
2465 3995 2499 4031 ιι
2535 3978 2608 4030 De
2637 3978 2758 4030 hist.
2796 3979 3122 4047 anim.,cap.
3159 3977 3228 4030 42
3261 3994 3273 4029 :
3306 3973 3514 4044 Νεκρὸν
3543 3974 3600 4026 δὲ
3628 3976 3906 4047 άνθρωτων

2340 4069 2493 4138 ἱέραξ
2525 4067 2668 4130 ἰδὼν,
2694 4068 2967 4121 ἐπιϐάλλει
3006 4067 3110 4135 γῆς
3137 4067 3214 4136 τῷ
3243 4065 3453 4134 άτάφῳ.
3481 4065 3593 4117 Καὶ
3622 4066 3783 4118 τοῦτο

2335 4160 2395 4210 οὐ
2437 4159 2646 4211 κελεύει
2696 4157 2843 4227 αὐτῷ
2881 4160 2909 4209 ὁ
2955 4156 3150 4220 Σόλων,
3181 4155 3255 4217 ὡς
3296 4155 3612 4224 Ἀθηναίους
3654 4156 3902 4208 ἐκέλευσε

2335 4250 2468 4319 δρᾷν
2487 4266 2500 4278 ·
2527 4249 2647 4302 οὐδὲ
2678 4245 2927 4317 σώματος
2964 4245 3058 4316 (ita
3097 4245 3241 4299 enim
3273 4244 3510 4314 corrigO)
3541 4245 3769 4314 ἅψεται.
3797 4246 3902 4298 Μέ-

2337 4356 2415 4391 νει
2448 4338 2503 4391 δὲ
2544 4337 2803 4406 ἄγευστος
2849 4330 2942 4388 καὶ
2983 4334 3145 4387 ποτοῦ
3195 4333 3286 4386 ἐὰν
3316 4335 3394 4395 είς
3433 4334 3644 4388 αὔλακα
3687 4337 3902 4404 ὲποχευ-

2335 4429 2466 4500 τεύῃ
2496 4424 2576 4492 εἷς
2605 4428 2885 4498 ἄνθρωπος
2906 4443 2919 4456 ⁸
2961 4423 3287 4477 πεπίστευκε
3313 4425 3420 4494 γὰρ
3447 4425 3610 4478 αὑτὸν
3647 4428 3903 4497 πονούμε·

655 4515 774 4614 des,
803 4515 1083 4604 Demun‘d.
1109 4515 1305 4615 opilio;
1332 4542 1560 4608 Plinius,
1587 4542 1677 4596 lib.
1709 4557 1837 4603 χιχ,
1861 4557 1981 4610 cap.
2008 4543 2093 4602 ll,
2122 4557 2232 4596 sca-

2338 4539 2425 4572 νον
2445 4519 2675 4591 ζημιοῦν
2692 4518 3086 4588 ὑφαιρούμενος
3103 4519 3165 4568 ἐκ
3183 4515 3281 4584 τῆς
3306 4516 3514 4568 ἐκείνου
3531 4518 3726 4586 χρείας
3751 4518 3898 4586 ὕδωρ.

658 4644 894 4697 τειὶισξιιηι
944 4643 1037 4710 qui
1086 4638 1284 4709 pilulas
1327 4636 1517 4694 volvit,
1575 4632 1796 4701 Propter
1834 4634 1969 4685 hunc
2012 4632 2234 4702 /Egypti

659 4751 852 4805 magna
888 4749 1012 4801 pars
1062 4731 1358 4786 scarabteos
1406 4730 1544 4781 inter
1577 4727 1795 4780 numina
1837 4723 1985 4785 colit,
2025 4727 2233 4776 curiosa

661 4823 879 4890 Apionis
931 4820 1381 4888 interpretatione,
1431 4833 1534 4886 qua
1581 4815 1798 4883 colligat
1838 4813 1967 4866 solis
2017 4829 2230 4880 operum

658 4910 1061 4966 similitudinem
1089 4910 1208 4962 huic
1231 4907 1454 4960 animali
1480 4921 1592 4960 esse
1617 4905 1684 4957 ad
1716 4903 2042 4958 excusandas
2067 4905 2233 4972 gentis

660 5019 772 5057 sum
816 5003 972 5055 ritus.
1018 4999 1196 5054 Hotus
1233 5007 1491 5069 praeterea
1529 4996 1687 5049 aliam
1730 4995 1894 5064 hujus
1932 4997 2236 5049 veneratio-

662 5095 748 5148 nis
783 5106 1008 5148 causam
1060 5088 1257 5151 reddit,
1297 5085 1444 5158 quod
1479 5083 1690 5139 scilicet
1740 5098 1918 5138 mares
1957 5084 2069 5138 sint
2120 5098 2235 5138 om—

662 5199 759 5239 nes
815 5183 1100 5246 scarabaai,
1139 5180 1284 5236 nulla
1325 5177 1544 5234 femina.
1577 5174 1712 5229 Vide
1745 5173 2094 5245 Rodiginum,
2135 5175 2229 5229 lib.

661 5292 782 5338 vni,
823 5291 946 5346 cap.
980 5275 1034 5329 5.

730 5366 892 5432 lbid.,
929 5364 1306 5422 |in.39.016&
1329 5364 1635 5433 μύρμηκες
1654 5359 1778 5414 τόν.
1799 5356 2054 5421 Basilius,
2084 5357 2231 5412 hom.

659 5461 711 5520 9.
748 5461 892 5515 inter
912 5459 1126 5528 reliqua
1154 5475 1168 5511 :
1195 5455 1484 5509 Διακόπτει
1521 5451 1630 5522 γὰρ
1664 5451 1786 5513 ταῖς
1823 5447 2015 5502 ἑαυτοῦ
2043 5448 2236 5520 χηλαῖς

659 5554 769 5604 τῶν
819 5549 1049 5623 καρπῶν
1085 5547 1146 5602 τδ
1207 5546 1550 5619 μεσαίτατον,
1599 5543 1676 5606 ὡς
1717 5541 1783 5596 ἂν
1830 5541 1906 5612 μὴ
1947 5541 2236 5609 ὲκφυέντες

661 5642 923 5713 ἄχρηστοι
960 5639 1097 5713 πρὸς
1131 5638 1337 5710 τροφὴν
1373 5635 1522 5708 αὺτῷ
1557 5634 1830 5702 γένοιντο·
1858 5631 1951 5686 καὶ
1990 5630 2238 5700 διαψύχει

661 5735 900 5799 τούτους,
940 5733 1068 5787 ὅταν
1091 5731 1345 5802 αἴσθηται
1381 5729 1560 5784 αὐτῶν
1587 5726 1909 5799 διαδρόχων,
1940 5723 2033 5778 καὶ
2062 5723 2161 5776 οὑκ
2182 5724 2240 5775 ὲν

635 5807 637 5810 ί
667 5826 830 5882 παντὶ
855 5824 1146 5896 προϐάλλει
1161 5822 1357 5894 καιριῖι,
1377 5819 1491 5876 ἀλλ’
1509 5821 1636 5875 ὃταν
1661 5815 2021 5889 προαίσθηται
2047 5814 2139 5868 τοῦ
2156 5815 2238 5869 ἀέ-

2338 4616 2399 4666 El
2449 4614 2505 4666 δὲ
2560 4613 2778 4677 πλείους
2827 4611 3142 4680 ὲπάρδοιεν,
3192 4610 3448 4678 ἀφθονίαν
3496 4611 3594 4664 τοῦ
3643 4613 3902 4684 ῥεύματος

2334 4705 2475 4777 ὁρῶν
2515 4704 2590 4768 ὠς
2637 4701 2952 4774 φιλοτησίας
2990 4700 3134 4765 τινὸς
3166 4699 3223 4767 ὲξ
3271 4701 3445 4754 αὐτῶν
3479 4703 3901 4773 μεταλαμϐάνει,

2335 4798 2428 4852 καὶ
2458 4794 2600 4850 πίνει
2629 4796 2818 4866 ἡδέως.

2402 4889 2522 4965 Col.
2557 4887 2685 4950 749,
2709 4888 2805 4940 lin.
2831 4886 2884 4940 4.
2915 4882 3074 4937 Μετὰ
3095 4882 3163 4936 δὲ
3192 4884 3306 4951 τὴν
3332 4883 3437 4937 τοῦ
3463 4886 3720 4954 κόσμου.
3759 4884 3901 4940 Sicut

2333 4981 2401 5037 de
2439 4982 2712 5052 principio
2747 4987 2802 5033 et
2838 4977 3116 5033 creatione
3144 4975 3304 5044 hujus
3333 4976 3520 5030 mundi
3570 4977 3740 5030 variae
3770 4977 3902 5047 apud

2335 5077 2479 5140 illos,
2512 5074 2713 5146 quibus
2754 5071 2939 5125 lumen
2965 5067 3240 5140 Evangelii
3278 5085 3388 5123 non
3429 5067 3660 5132 aﬂ‘ulsit,
3691 5079 3905 5124 contro—

2335 5183 2508 5224 versa
2540 5163 2821 5222 sententiae
2848 5161 3023 5224 fuere,
3058 5176 3180 5231 qua:
3219 5176 3409 5216 omnes
3435 5175 3466 5213 a
3505 5160 3739 5216 veritate
3764 5163 3904 5215 aber-

2335 5268 2565 5325 rarunt;
2602 5259 2676 5312 ita
2706 5267 2759 5312 et
2799 5257 2854 5311 in
2885 5255 3159 5310 creatione
3205 5253 3445 5309 hominis
3485 5253 3626 5306 varii
3663 5252 3902 5308 dissidiis

2337 5355 2662 5423 semetipsos
2706 5357 2992 5404 vexarunt.
3041 5346 3269 5413 Quidam
3307 5346 3452 5402 enim
3501 5354 3759 5399 naturam
3813 5347 3904 5398 liu-

2336 5459 2554 5498 mauam
2583 5448 2842 5496 aeternam
2878 5446 3296 5494 asseverarunt:
3329 5436 3419 5490 alii
3445 5437 3685 5506 primum
3732 5438 3788 5490 in
3818 5435 3894 5486 At-

2338 5539 2448 5592 tica
2482 5543 2644 5590 natos
2674 5533 2844 5588 fuisse
2885 5532 3168 5596 homines;
3203 5531 3291 5585 alii
3335 5531 3389 5583 in
3419 5528 3694 5590 Arcadia;
3728 5527 3817 5579 alii
3856 5524 3900 5574 in

2337 5626 2593 5698 Egypto.
2619 5620 3016 5684 Theodoretus,
3043 5620 3212 5675 erc.
3234 5619 3410 5688 aﬁ'ect.
3434 5617 3528 5671 lib.
3553 5633 3584 5667 ν
3603 5634 3620 5682 ;
3641 5615 3895 5677 Justinus.

2344 5717 2550 5772 Histor.
2585 5715 2678 5769 lib.
2714 5727 2778 5778 ιι,
2806 5710 3078 5766 diuturna
3095 5710 3460 5766 contentionis
3503 5707 3649 5759 inter
3676 5701 3895 5774 Scythas

2339 5820 2394 5868 et
2438 5806 2723 5880 Egyptios
2759 5803 2827 5858 de
2863 5805 3081 5876 generis
3107 5809 3375 5860 vetustate
3413 5797 3699 5864 meminit;
3726 5802 3782 5850 et
3814 5802 3892 5847 co-
