4042 6338
84 362 234 423 973
1163 360 1231 415 ΙΝ
1274 359 1640 417 EUSTATHII
1682 357 1693 412 Ι

1802 357 2154 414 ἰΑΕΜΕῐὶΟΝ
2182 355 2408 412 ΝυΤιΕ.
3293 354 3398 413 076

82 477 417 541 tullianus.
452 480 547 534 lib.
589 478 664 532 De
687 479 895 532 veland.
918 479 1134 550 virgin.,
1159 493 1282 549 cap.
1309 479 1380 544 5;
1434 476 1703 547 Hierony-
1734 485 1778 538 Α
1811 475 2050 544 probari.
2101 473 2385 527 Reclamat
2423 472 2674 528 Justinus
2713 473 2916 545 Martyr
2946 472 3010 526 ad
3046 471 3398 528 Orthodoxos

82 589 276 639 mus,
303 573 502 628 Contra
531 572 1276 638 lovinianum;Ambrosius,
1308 571 1405 626 lib.
1432 569 1508 624 De
1542 571 1712 624 instit.
1818 574 2010 636 (ιιιιυει.
2074 566 2198 630 119,
2243 568 2297 619 in
2352 581 2460 636 qua
2508 567 2783 620 l'rucmum
2830 574 2884 622 et
2940 567 3188 620 carnium
3237 579 3398 620 usum

81 668 424 738 virgt'num,‘
457 666 714 734 Basilius,
745 667 907 737 epist.
935 667 1001 722 ad
1026 665 1331 738 Letorium,
1355 663 1434 719 De
1461 680 1584 718 vera
1613 664 1717 716 vir.
1816 657 1968 712 Abcli
1998 668 2052 713 et
2076 659 2247 713 Caino
2291 660 2565 714 concedit.

77 736 383 825 gin'itate;
421 736 824 829 Cbrysostomi,
864 758 1012 813 hom.
1045 736 1113 813 18
1160 758 1216 810 in
1253 753 1465 817 Cenes.;
1505 754 1712 807 Marius
1889 751 2047 816 lbid.,
2097 752 2195 806 lin.
2235 751 2324 806 5‘2.
2363 753 2744 820 Προσήνεγκε
2800 751 2867 804 δὲ
2895 752 3096 805 Ἅϐελ.
3151 748 3398 805 Primum

80 847 341 917 Victor,
374 849 468 904 lib.
523 865 561 903 ιι
619 850 674 903 in
702 848 913 914 Cenes.;
972 851 1336 920 Augustinus,
1389 847 1484 902 lib.
1538 851 1599 900 iit
1637 846 1713 900 De
1816 841 1923 898 Deo
1969 844 2194 898 Abelem
2249 846 2440 901 litasse
2501 855 2586 900 est
2631 846 2940 899 communis
2991 843 3103 899 fere
3146 844 3393 898 omnium

80 940 314 995 Germ.
353 941 423 994 ad
447 942 576 1005 litt.;
605 942 839 1004 Delrius.
870 944 924 995 in
963 941 1149 996 Cenes.
1182 957 1305 1011 cap.
1345 955 1419 995 tv.
1473 937 1582 993 Nec
1611 939 1711 991 ali-
1814 939 2012 1007 opinio.
2047 936 2220 991 Judaei
2259 937 2469 993 Adamo
2499 937 2554 991 id
2587 937 2857 1001 tribuunt,
2895 947 2949 991 et
2980 951 3104 991 eum
3156 935 3394 1006 primum

78 1042 210 1089 ter
245 1035 413 1090 sentit
457 1033 779 1106 Procopius.
817 1036 882 1090 Et
910 1037 965 1090 in
994 1035 1183 1100 Cyrilli
1225 1033 1708 1104 Hierosolymitani
1812 1029 2003 1082 bovem
2062 1031 2428 1096 sacriﬁcasse,
2463 1038 2518 1086 et
2547 1031 2711 1085 ritum
2761 1030 2912 1084 illum
2946 1028 3088 1084 ﬁlios
3116 1027 3390 1084 docuisse.

83 1123 406 1179 catechesi
447 1123 533 1191 12,
566 1125 638 1179 ita
662 1126 1032 1198 reponendum
1058 1125 1307 1180 nonnulli
1328 1125 1703 1179 contendunt:
1811 1119 2088 1177 Cilbertus
2118 1120 2527 1183 Cenehrardus.
2567 1122 2816 1179 Chronol.
2857 1123 2952 1180 lib.
2985 1138 3023 1178 t.

75 1215 358 1268 Accessit
388 1215 456 1268 ad
484 1218 753 1273 mulierem
783 1219 955 1272 adhuc
981 1219 1253 1288 virginem.
1296 1215 1441 1269 Nam
1462 1225 1580 1284 post
1615 1232 1693 1268 ca-

1881 1212 2040 1278 lbid.,
2070 1215 2167 1273 litt.
2201 1215 2288 1269 55.
2319 1218 2427 1270 Καὶ
2460 1219 2498 1283 ἡ
2519 1215 2703 1269 θυσία
2745 1215 2950 1270 αὑτοῦ.
2986 1213 3142 1279 Quod
3184 1212 3388 1267 scilicet

76 1324 238 1361 sum
265 1309 323 1360 in
372 1309 646 1378 paradiso,
690 1319 813 1363 tunc
841 1312 1072 1380 primum
1104 1312 1347 1380 cognovit
1395 1307 1582 1363 Evam.
1641 1306 1706 1360 Et
1809 1303 1931 1373 igne
1956 1304 2023 1358 de
2053 1306 2207 1359 cmlis
2230 1308 2470 1362 demisso
2501 1309 2835 1362 oblationem
2859 1307 2978 1375 ejus
3002 1306 3390 1376 absumpserit,

73 1400 225 1454 hoc
267 1399 540 1456 Eustathii
582 1403 703 1456 loco
731 1403 1136 1471 cognoscimus,
1194 1403 1401 1472 primos
1432 1401 1701 1464 homines,
1805 1397 1961 1452 Caini
2017 1399 2276 1453 intactam
2306 1402 2611 1470 reliquerit.
2639 1403 2718 1456 lta
2765 1401 3088 1474 Procopius,
3122 1400 3394 1469 Hierony-

76 1491 301 1561 quoad
334 1490 552 1545 luerunt
584 1493 636 1544 in
679 1493 957 1561 paradiso,
1005 1493 1245 1562 virgines
1283 1492 1471 1547 fuisse.
1519 1490 1702 1545 Prima
1805 1505 1958 1556 mus;
2013 1491 2248 1562 Cyrillus
2301 1495 2355 1545 in
2429 1492 2611 1546 Cenes.
2675 1508 2794 1564 cap.
2857 1511 2908 1548 tv
2957 1502 3011 1550 et
3061 1492 3300 1564 Glaphyr
3340 1495 3395 1546 in

74 1582 265 1636 enim
295 1597 490 1636 eorum
544 1583 862 1636 commistio
895 1593 1017 1653 post
1051 1598 1332 1652 egressum
1377 1600 1408 1637 e
1448 1584 1702 1653 paradiso
1806 1577 1988 1635 Cenes.
2021 1584 2140 1635 libr.
2207 1601 2254 1648 i;
2303 1584 2538 1640 Faustus
2583 1584 2927 1656 Rhegiensis,
2981 1586 3150 1641 libsu
3185 1585 3262 1639 De
3298 1585 3391 1639 lib.

79 1684 603 1730 commemoratur.
645 1673 923 1745 Recteque
984 1675 1291 1729 Methodius
1346 1677 1400 1728 in
1457 1676 1595 1729 libro
1626 1675 1701 1728 De
1808 1673 1998 1737 arbit.,
2049 1690 2170 1744 cap.
2220 1679 2272 1740 li,
2309 1686 2362 1731 et
2395 1678 2485 1730 alii
2522 1696 2533 1732 :
2567 1679 2714 1746 quod
2753 1687 2806 1733 et
2837 1687 3267 1734 consentaneum
3306 1686 3394 1732 est

79 1769 215 1835 ﬁne
254 1765 440 1819 mundi
471 1785 487 1821 :
517 1768 732 1832 ’lcttéov,
774 1769 876 1831 δτι,
918 1766 1224 1832 ἐξελθόντες
1256 1767 1343 1820 ὅτε
1401 1766 1569 1835 Ἀδὰμ
1605 1766 1693 1818 καὶ

1804 1766 1939 1817 mori
1971 1767 2176 1820 divino.
2215 1768 2384 1823 Levit.
2413 1771 2738 1838 Ix,‘24;lud.
2758 1761 2911 1836 vim
2932 1791 2948 1841 ;
2967 1772 2994 1826 1
3013 1771 3254 1841 Paralip.
3277 1788 3389 1836 ιιι,

79 1857 225 1914 Εὔα.
262 1860 327 1911 ὲκ
368 1858 461 1911 τοῦ
493 1860 841 1933 παραδείσου,
883 1859 1139 1929 παρθένοι
1178 1858 1492 1928 ἐτύγχανον.
1526 1859 1610 1910 Ἐν
1638 1858 1692 1909 δὲ

1802 1856 1858 1922 2;
1878 1857 1939 1910 11
1963 1860 2198 1928 I’aralip.
2221 1878 2327 1928 vn;
2357 1863 3395 1934 IllReg.xvtttctxxxvm;11.11acha-

79 1951 175 2022 τῷ
206 1952 526 2024 τριακοστῷ
554 1952 662 2004 ἔτει
687 1952 786 2022 τῆς
816 1951 994 2016 ἐξόδου
1029 1950 1208 2005 αὐτῶν
1241 1951 1334 2002 τοῦ
1364 1949 1689 2021 παραδείσου

81 2045 342 2099 τέτοκεν
395 2046 534 2099 Κὰῐν
562 2045 652 2098 τὸν
685 2046 1026 2117 πρωτότοκον
1066 2045 1158 2097 καὶ
1196 2044 1293 2115 τὴν
1328 2043 1562 2112 ἀδελφὴν
1596 2043 1693 2094 αὑ-

81 2136 192 2191 τοῦ
240 2137 564 2209 Καλμάναν.
587 2137 724 2192 Nota
749 2146 832 2193 est
865 2139 990 2192 item
1016 2152 1180 2207 super
1223 2138 1324 2190 hac
1359 2152 1418 2190 re
1447 2135 1693 2205 Gregorii

81 2229 348 2301 Nysseni
382 2231 788 2301 sententia,qui
821 2231 900 2284 De
933 2231 1108 2299 api/ie.
1143 2230 1394 2292 hominis,
1441 2244 1563 2298 cap.
1598 2229 1690 2291 ‘24,

83 2322 176 2374 ait
214 2339 232 2373 :
270 2320 428 2386 Quod
473 2325 755 2392 generatio
785 2325 974 2394 prolis,
1022 2333 1074 2377 et
1109 2322 1427 2392 propagatio
1468 2322 1693 2376 humani

82 2414 354 2482 generis,
408 2414 455 2468 si
501 2415 663 2484 primi
723 2422 976 2485 parentes
1023 2430 1131 2469 non
1191 2422 1526 2484 peccassent,
1586 2430 1695 2468 non

85 2505 312 2560 fuisset
344 2521 441 2575 per
467 2507 695 2572 coitum,
731 2509 826 2562 sed
857 2507 1091 2563 fuissent
1131 2507 1476 2577 multiplicati
1505 2508 1691 2560 multi-

83 2594 430 2665 plicatiouis
465 2595 630 2650 modo
675 2596 914 2666 quodam
954 2597 1380 2668 perfectissimo,
1433 2597 1694 2666 quemad-

88 2687 338 2741 modum
361 2689 539 2758 angeli
574 2708 586 2741 :
620 2691 896 2758 generatio
932 2705 1167 2758 namque
1192 2689 1328 2752 haec,
1364 2703 1485 2758 qua:
1517 2689 1574 2741 ﬁt
1599 2704 1696 2756 per

88 2777 492 2841 concubitum,
518 2794 616 2849 per
636 2788 919 2848 peccatum
945 2789 1027 2836 est
1049 2765 1379 2834 introducta.
1401 2781 1545 2834 ldem
1567 2796 1694 2835 sen-

89 2871 164 2923 tit
195 2867 370 2923 Joan.
407 2870 813 2941 Chrysostom.,
845 2873 994 2926 hom.
1024 2873 1090 2927 l8
1124 2873 1175 2924 in
1209 2870 1392 2926 Cenes.
1419 2889 1436 2933 ;
1492 2872 1697 2926 Proco-

89 2963 230 3032 pius
263 2962 324 3025 in
357 2960 540 3017 Cenes.
569 2979 690 3033 cap.
724 2980 806 3028 iv;
852 2962 1242 3028 Damascenus,
1285 2965 1376 3017 lib.
1405 2981 1458 3019 ιν
1486 2964 1564 3018 De
1594 2964 1696 3032 ﬁde

93 3053 352 3119 arthod.,
389 3069 509 3124 cap.
562 3054 672 3122 25;
726 3054 1051 3126 Euthymius
1108 3057 1162 3108 in
1213 3056 1406 3124 psalm.
1465 3072 1530 3122 L;
1585 3058 1696 3111 Au-

1797 1947 2026 2001 bworum
2052 1966 2084 2002 ι.
2121 1951 2391 2008 Lutherus
2413 1963 2463 2008 et
2486 1955 2747 2010 Calvinus
2769 1959 3015 2012 veritatis
3034 1957 3391 2013 infensissimi

1797 2040 2002 2104 hostes,
2026 2051 2074 2094 ct
2103 2058 2383 2098 sacrarum
2423 2045 2830 2117 Scripturarum
2880 2051 3298 2115 obtrectatores,
3334 2048 3388 2103 id

1800 2139 2072 2185 tantorum
2099 2131 2320 2189 Patrum
2340 2138 2662 2193 auctoritate
2693 2138 2964 2192 ﬁrmatum
3015 2149 3212 2211 negant
3241 2140 3387 2211 inju-

1798 2226 1886 2288 rii,
1912 2226 2234 2298 fabulasque
2261 2229 2517 2288 Judaicas
2541 2249 2662 2288 esse
2688 2237 3054 2305 nugacissime
3084 2245 3386 2292 autumant.

1869 2315 2002 2371 l-bid.
2048 2319 2099 2370 Ὀ
2134 2320 2201 2372 δὲ
2239 2320 2391 2374 Κάῖπν
2431 2321 2684 2390 πρῶτος.
2712 2324 3004 2381 Verissima
3037 2343 3168 2382 sane
3196 2344 3387 2393 causa,

1797 2415 1853 2458 et
1880 2407 2263 2465 efﬁcacissima
2295 2412 2362 2466 ad
2398 2416 2783 2483 explicandum
2838 2434 3007 2487 quare
3039 2419 3182 2476 Deus
3214 2423 3383 2476 sacri-

1802 2497 1982 2553 ﬁcium
2038 2503 2220 2570 potius
2255 2503 2440 2560 Abelis
2486 2523 2648 2577 quam
2683 2509 2840 2563 Caini
2880 2514 3193 2581 aspexerit;
3226 2515 3387 2570 aliam

1803 2588 1956 2643 alTert
1985 2589 2276 2662 Iosephus,
2311 2597 2426 2663 sed,
2457 2605 2514 2651 ut
2543 2609 2791 2669 apparet,
2825 2618 2933 2655 non
2964 2603 3120 2656 multi
3151 2605 3388 2671 roboris,

1800 2681 2048 2749 maleque
2096 2684 2163 2737 ab
2201 2684 2321 2754 ipso
2359 2688 2670 2756 conﬁctam,
2697 2693 2949 2749 videlicet
2980 2698 3124 2765 quod
3173 2699 3388 2754 sacriﬁ-

1801 2771 1947 2826 cium
1997 2775 2182 2832 Abelis
2231 2786 2425 2848 sponte
2470 2792 2677 2837 naturte
2707 2787 2906 2855 genitis
2945 2799 3244 2857 constaret,
3288 2806 3390 2847 sua

1802 2879 1932 2919 vero
1991 2866 2127 2922 Cain
2211 2870 2374 2926 homo
2426 2888 2624 2930 avarus
2675 2885 2730 2932 et
2784 2878 3089 2936 industrius
3139 2881 3236 2950 ροι-
3280 2884 3388 2938 vim
3426 2945 3443 2962 ς

1803 2958 2096 3025 quamdam
2119 2976 2147 3013 a
2174 2970 2367 3017 natura
2392 2973 2715 3023 extorserat.
2751 2970 2925 3024 Θῦσαι
2963 2973 3041 3044 τῷ
3073 2973 3189 3043 Θεῷ
3227 2973 3388 3040 δόξαν

1802 3049 2004 3114 αὐτοῖς,
2031 3053 2059 3103 ό
2094 3052 2192 3121 μὲν
2226 3055 2364 3107 Κάῖν
2395 3057 2502 3109 ἀπὸ
2534 3058 2634 3128 τῆς
2655 3063 2930 3131 γεωργίας
2954 3067 3046 3118 καὶ
3079 3067 3186 3119 τῶν
3206 3069 3388 3136 φυτῶν

92 3145 373 3215 gustinus
401 3146 456 3198 in
492 3145 676 3200 Cenes.
735 3145 876 3211 Quid
910 3156 1091 3200 autem
1128 3149 1182 3200 in
1225 3148 1329 3201 hac
1360 3163 1420 3202 re
1450 3155 1693 3201 statuen-

1803 3143 2048 3212 καρποὺς
2086 3146 2414 3215 ἀπήνεγκεν,
2464 3149 2686 3215 ’Ἄϐελος
2714 3154 2771 3207 δέ
2806 3155 2967 3224 γάλα,
3004 3157 3192 3213 καὶτὰ
3235 3178 3388 3233 πρω-

94 3239 237 3292 dum
273 3238 372 3302 sit,
402 3237 706 3294 S.Tbomas
732 3241 966 3309 explicat
993 3239 1165 3310 prima
1199 3248 1362 3309 part.,
1387 3249 1578 3310 quaest.
1603 3239 1691 3306 98,

94 3341 209 3385 art.
244 3330 308 3397 2,
339 3338 394 3386 et
425 3346 550 3385 cum
591 3348 658 3386 eo
686 3335 871 3402 plures
895 3335 984 3386 alii
1013 3333 1288 3388 doctores.

172 3420 306 3479 Col.
324 3423 451 3487 7A9,
476 3424 573 3477 lin.
587 3423 678 3477 29.
694 3424 864 3490 Υἱοὺς
880 3424 988 3477 δύο
1004 3423 1350 3494 ἐγέννησεν.
1368 3421 1485 3476 Νοη
1503 3422 1697 3493 gemel-

99 3511 210 3574 los,
230 3521 296 3566 ut
324 3529 447 3568 cum
471 3515 720 3570 rabbinis
743 3515 948 3586 colligit
972 3531 1106 3570 ausu
1128 3516 1419 3570 temerario
1436 3513 1696 3569 Calvinus

103 3601 372 3672 ambigua
419 3602 678 3658 Methodii
720 3594 961 3659 lectione
1019 3605 1302 3674 deceptus,
1334 3604 1428 3661 sed
1480 3605 1697 3660 diverso

101 3702 297 3762 partu,
332 3711 443 3748 uno
477 3697 686 3750 scilicet
740 3695 896 3760 Cain,
925 3696 1059 3752 Abel
1119 3699 1289 3752 altero
1324 3717 1336 3751 :
1371 3699 1532 3752 verba
1590 3697 1698 3751 Me-

105 3787 286 3842 tbodii
319 3797 449 3843 sunt
479 3790 599 3842 :‘Ev
634 3789 690 3842 δέ
727 3789 805 3860 τῷ
845 3789 1147 3860 τριακοστῷ
1179 3790 1354 3861 χρόνῳ
1385 3792 1484 3861 τῆς
1517 3790 1696 3855 ἐξόδου

103 3880 292 3933 αὐτῶν
327 3881 421 3934 τοῦ
449 3883 776 3952 παραδείσου
801 3883 1026 3936 τέτοκαν
1050 3885 1189 3936 Κάῖν
1217 3884 1306 3937 τὸν
1332 3883 1694 3955 πρωτότοκον,

107 3971 203 4024 καὶ
234 3973 339 4043 τὴν
375 3973 608 4046 ἀδελφὴν
644 3977 808 4030 αὑτοῦ
859 3975 1178 4044 Καλμάναν.
1217 3977 1326 4028 Καὶ⁴
1357 3975 1494 4045 μετὰ
1540 3993 1696 4046 τρια-

107 4063 305 4116 κοστὸν
333 4065 520 4136 ἕτερον
558 4067 677 4129 ἔτος
708 4068 965 4139 ἐγέννησε
993 4068 1083 4121 τὸν
1116 4067 1279 4119 Ἀὅελ
1314 4067 1412 4120 σὺν
1444 4069 1508 4138 τῇ
1554 4070 1698 4138 Λεμ-

111 4154 248 4226 ϐόρᾳ
278 4160 346 4227 τῇ
370 4157 570 4230 ἀδελφῇ
593 4161 777 4214 αὑτοῦ.
806 4160 937 4226 Quae
965 4161 1089 4230 quis
1119 4175 1230 4213 non
1260 4159 1405 4213 videt
1427 4159 1696 4214 diversam

109 4261 140 4300 a
172 4246 409 4303 Calvino
440 4252 768 4306 sententiam
831 4253 1154 4307 continere?

186 4338 349 4406 lbid.,
393 4342 489 4397 lin.
532 4343 620 4398 30.
659 4344 768 4397 Τὸν
795 4342 964 4398 Κάϊν.
1003 4344 1178 4413 Hujus
1212 4344 1451 4400 nominis
1476 4352 1694 4416 etymon

109 4436 165 4484 et
184 4432 488 4488 declaratio
511 4435 740 4491 habetur
769 4440 823 4492 in
853 4439 987 4508 ipsis
1016 4438 1189 4491 sacris
1219 4437 1439 4492 Litteris
1475 4453 1486 4488 :
1522 4437 1590 4490 Et
1607 4455 1695 4506 pe-

1800 3234 1995 3287 τότοκα
2045 3236 2150 3288 τῶν
2209 3239 2663 3309 βοσκημάτων.¹0
2709 3245 2842 3311 Θεὸς
2888 3249 2946 3303 δὲ
2985 3251 3152 3325 ταύτῃ
3185 3254 3387 3322 μᾶλλον

1798 3326 1983 3395 ἥδεται
2037 3329 2103 3397 τῇ
2153 3327 2330 3402 θυσίᾳ,
2383 3336 2494 3396 τοῖς
2541 3336 2887 3406 αὐτομάτοις,
2923 3343 3187 3398 καὶκατὰ
3222 3347 3386 3417 φύσιν

1799 3417 2045 3484 γεγονόσι
2080 3418 2419 3491 τιμώμενος,
2464 3424 2581 3477 ἀλλ’
2635 3428 2756 3500 οὐχὶ
2813 3435 2926 3494 τοῖς
2977 3437 3096 3487 κατ’
3141 3437 3386 3493 ἐπίνοιαν

1801 3509 2086 3576 ἀνθρώπου
2120 3512 2441 3568 πλεονέκτου
2471 3517 2611 3570 κατὰ
2646 3519 2765 3588 βίαν
2792 3524 3112 3592 πεφυκόσιν.
3148 3525 3384 3584 Basilius

1802 3601 2085 3658 Seleucius
2117 3608 2365 3663 oratione
2417 3609 2484 3663 de
2506 3609 2642 3665 Cain
2685 3623 2739 3668 et
2769 3615 2936 3672 Abele
2965 3620 3030 3672 ad
3056 3635 3167 3673 rem
3198 3624 3384 3685 εΚάῖν

1804 3695 1900 3764 μὲν
1927 3695 2035 3766 γὰρ
2065 3697 2161 3766 τὴν
2191 3697 2383 3753 Θυσίαν
2416 3700 2619 3772 ζημίαν
2648 3707 2948 3778 ⁴ἡγούμενος
2976 3712 3040 3764 ἐκ
3071 3711 3177 3766 τῶν
3204 3714 3379 3768 ἀδοκί-

1804 3803 1918 3856 μων
1954 3787 2051 3856 τὴν
2083 3789 2248 3860 τιμὴν
2275 3789 2351 3860 τῷ
2400 3794 2696 3865 τιμωμένῳ
2741 3799 3104 3871 προσεκόμιζε
3140 3805 3384 3860 νενοθευ-

1803 3876 1937 3970 μενῃ
1981 3876 2174 3948 γνώμῃ
2215 3879 2313 3948 τὴν
2346 3881 2510 3951 τιμὴν
2544 3885 2900 3953 καπηλεύων·
2942 3892 2971 3942 6
2999 3891 3053 3943 δὲ
3091 3891 3254 3947 Ἀϐελ
3284 3896 3385 3970 οὐχ

1800 3967 1970 4032 οὕτως
1991 3987 2002 3998 ·
2039 3969 2161 4033 ὅλος
2190 3972 2248 4024 δέ
2290 3971 2382 4026 τοῦ
2436 3974 2608 4046 δώρου
2640 3980 2928 4050 γενόμενος
2966 3983 3248 4055 εἰλικρινεῖ
3269 3967 3384 4042 διαλ

1801 4061 1919 4134 νοία
1954 4063 2245 4135 θεραπεύει
2272 4067 2362 4121 τὸν
2393 4071 2711 4140 Κρείττονα.
2749 4075 2859 4127 Καὶ
2891 4076 2980 4127 τὸν
3019 4077 3117 4146 τῆς
3148 4080 3383 4154 ποίμνης

1799 4157 1997 4229 δοτῆρα
2038 4162 2151 4222 τοῖς
2181 4162 2280 4231 τῆς
2314 4161 2550 4234 ποίμνης
2582 4164 2886 4238 ἐξαιρέτοις
2914 4169 3094 4240 ἐτίμα,
3122 4172 3220 4243 τῆς
3244 4174 3384 4244 γνώ-

1805 4265 1912 4318 μης
1936 4249 2033 4320 τὴν
2062 4252 2264 4323 ἀρετὴν
2285 4255 2572 4307 συνάπτων
2597 4260 2709 4318 τοῖς
2739 4258 2951 4329 δώροις,
2975 4262 3067 4315 καὶ
3092 4264 3261 4335 αὐτὴν
3282 4266 3384 4338 τὴν

1801 4340 1978 4411 ψυχὴν
2059 4345 2497 4416 συμπροσφέρων
2560 4348 2638 4417 τῷ
2684 4347 2978 4422 δεχομένῳ.
3029 4354 3093 4407 Et
3139 4354 3383 4426 Cyrillus

1801 4435 2202 4491 Alexandrinus
2256 4437 2514 4510 Glaphyr.
2556 4443 2611 4494 in
2659 4441 2843 4498 Cenes.
2894 4445 2990 4501 lib.
3043 4465 3062 4501 ι
3101 4452 3382 4524 εἈγειδὴ

113 4524 246 4588 perit
299 4522 459 4589 Cain,
504 4525 708 4588 dicens.
745 4529 966 4583 Possedi
1017 4529 1277 4582 hominem
1307 4545 1401 4597 per
1441 4528 1607 4583 Deum
1625 4528 1689 4582 ⁸⁸.

1802 4524 1892 4579 οὖν
1920 4532 1948 4581 6
1982 4530 2080 4598 μὲν
2112 4532 2254 4602 ἱερός
2291 4549 2350 4584 τε
2385 4535 2478 4586 καὶ
2509 4534 2782 4606 πάνσοφος
2815 4539 2980 4593 Ἀδελ
3013 4542 3083 4595 τὰ
3115 4544 3214 4614 τῆς
3247 4522 3380 4615 ἀγὲ-ξ

113 4615 294 4680 Quare
342 4635 454 4674 non
498 4632 646 4674 recte
695 4622 985 4690 Eusebius,
1027 4627 1120 4681 lib.
1170 4641 1208 4678 ιι
1263 4623 1340 4677 De
1403 4634 1691 4691 praeparat.

112 4726 321 4781 evang.,
371 4729 494 4784 cap.
531 4715 586 4779 4,
629 4713 765 4770 Cain
813 4718 1204 4788 interpretatur
1242 4717 1517 4779 invidiam,
1547 4716 1692 4785 quod

116 4802 327 4858 scilicet
380 4805 539 4868 Cain,
586 4805 771 4863 fratris
830 4811 912 4864 sui
958 4810 1212 4866 sacriﬁcii
1259 4823 1390 4877 ergo
1418 4807 1691 4872 invidens,

115 4906 238 4945 eum
275 4896 564 4950 occiderit.

183 4984 321 5041 ibid.
356 4988 466 5042 Καὶ
496 4991 528 5042 ὀ
553 4987 669 5057 μὲν
694 4987 844 5042 Κάῐν
868 4985 967 5059 ἦν.
1009 4989 1246 5045 Joannes
1295 4989 1538 5044 Zonaras
1583 4990 1693 5043 Αη-

117 5077 318 5130 nalium
358 5089 492 5134 tom.
525 5078 545 5132 Ι
571 5100 583 5133 :
619 5079 729 5132 Καὶ
751 5083 779 5132 6
807 5082 902 5150 μὲν
920 5082 1083 5135 Ἀὀελ
1107 5085 1301 5154 νομεὺς
1322 5078 1389 5153 ἦν
1421 5083 1691 5152 ποιμνίου,

118 5170 207 5222 καὶ
252 5173 456 5246 ἀρετῆς
509 5175 870 5244 ἐπεμέλετο,ὁ
895 5175 950 5227 δὲ
983 5177 1122 5230 Κάῖν
1155 5176 1417 5248 ἐγεώργει
1459 5175 1552 5246 τὴν
1591 5177 1694 5243 γῆν

121 5267 481 5335 πονηρότατος
503 5265 598 5321 ὢν.
632 5267 733 5321 llic
762 5271 1064 5323 notandum
1097 5270 1346 5324 carnium
1378 5283 1534 5323 esum
1569 5275 1695 5323 ante

123 5350 382 5413 diluvium
417 5376 526 5414 non
569 5359 742 5414 fuisse
783 5368 1084 5430 receptum,
1121 5360 1318 5417 Cenes.
1361 5376 1480 5429 cap.
1517 5376 1589 5415 ιχ.
1630 5359 1694 5412 Et

127 5441 382 5517 oleribus,
419 5453 713 5521 herbisque
749 5467 920 5521 genus
953 5453 1248 5508 humanum
1283 5461 1408 5507 ante
1427 5452 1693 5506 diluvium

126 5540 364 5602 potuisse
406 5546 706 5601 sustentari
738 5544 998 5600 facillimo
1028 5548 1246 5617 negotio
1271 5553 1456 5616 posset
1478 5562 1544 5600 ex
1570 5560 1692 5599 ver-

123 5623 206 5682 bis
219 5627 420 5692 Iuliani
442 5638 737 5709 Apostatze,
762 5655 880 5710 qua:
909 5637 1075 5694 refert
1095 5639 1296 5696 Suidas
1319 5641 1376 5694 in
1391 5637 1689 5703 Herodoto,

194 5782 238 5814 ⁸⁵
273 5786 405 5847 Gen.
442 5809 516 5862 tv,
560 5793 612 5850 l.

1800 4620 2174 4690 ληςὰπόλεκτα
2207 4623 2298 4677 καὶ
2328 4626 2637 4698 ἀριστίνδην
2663 4631 3110 4703 ἐγκεκρυμμένα·
3142 4637 3378 4707 Ἤνεγκο

1798 4715 1928 4788 γὰρ,
1952 4717 2135 4786 φησὶν,
2157 4719 2265 4771 ἀπὸ
2284 4718 2392 4772 τῶν
2422 4722 2780 4792 πρωτοτόκων
2805 4725 2913 4777 τῶν
2943 4727 3129 4796 ἀμνῶν
3156 4732 3247 4783 καὶ
3271 4732 3383 4786 ἀπὸ

1798 4803 1905 4858 τῶν
1928 4807 2165 4859 στεόιτων
2190 4809 2389 4874 αὐτῶν,
2414 4813 2656 4865 τουτέστι
2679 4814 2747 4866 τὰ
2773 4816 3096 4887 προῦχοντα,
3116 4821 3208 4874 καὶ
3235 4823 3381 4888 ἐξαί-

1802 4913 1951 4971 ρετα·
1989 4901 2082 4953 καὶ
2106 4902 2196 4955 τὸν
2228 4903 2327 4973 τῆς
2363 4905 2669 4976 ἱερουργίας
2694 4909 2794 4962 οὑκ
2831 4911 3101 4980 ἀγνοήσας
3151 4915 3376 4984 τρόπον,

1799 4989 2077 5060 παρετίθει
2122 4993 2188 5045 τὰ
2227 4995 2460 5046 στέαταο
2518 4997 2656 5049 Κὰῐν
2711 4999 2768 5051 δὲ
2815 5000 2912 5070 οὑχ
2963 5001 3124 5067 οὕτω,
3160 5006 3292 5060 πολὺ
3321 5008 3380 5063 δὲ

1798 5082 1916 5136 λίαν
1968 5083 2255 5154 ἀτημελῶς
2281 5106 2293 5116 ’
2337 5090 2405 5142 τὰ
2451 5092 2549 5160 μὲν
2582 5092 2690 5163 γὰρ
2719 5093 2799 5146 ὃτι
2834 5095 3064 5164 μάλιστα
3102 5098 3208 5152 τῶν
3243 5100 3377 5169 ὡρί-

1801 5192 1915 5243 μων
1946 5177 2198 5247 ἐκπρεπῆ
2228 5182 2348 5242 ταῖς
2388 5180 2543 5244 ἰδίαις
2588 5184 2868 5254 ἐχαρίζετο
2893 5192 3152 5258 τρυφαίς’
3190 5191 3380 5247 ἐλύπει

1797 5265 1854 5318 δὲ
1888 5269 1997 5329 τοῖς
2030 5267 2300 5340 δευτέροις
2327 5271 2417 5324 τὸν
2443 5273 2535 5326 ἐπὶ
2560 5277 2775 5330 πάντων
2805 5279 2956 5332 Θεόν.

1870 5357 2030 5422 Ibid.,
2061 5359 2155 5412 lin.
2192 5359 2279 5414 56.
2318 5363 2641 5432 Ὀρτισθεὶς
2673 5368 2770 5421 ἐπὶ
2815 5372 3023 5436 τούτῳ.
3071 5371 3378 5429 Mclhodius

1798 5449 2115 5507 Patarensis
2170 5455 2355 5510 Abelis
2403 5457 2604 5514 caedem
2655 5476 2801 5518 anno
2843 5467 3220 5522 ducentesimo
3251 5469 3377 5524 vitae

1797 5543 1992 5598 Adami
2024 5547 2342 5616 contigisse,
2375 5555 2428 5602 et
2477 5551 2754 5620 planctum
2788 5555 2980 5609 Adami
3029 5565 3084 5611 et
3111 5557 3234 5613 Eva:
3279 5576 3377 5630 per

1798 5643 2017 5691 centum
2052 5637 2222 5694 luisse
2254 5647 2609 5710 protractum,
2639 5645 2851 5702 scribit.
2909 5648 2998 5719 Τῷ
3025 5650 3081 5704 δὲ
3109 5650 3380 5708 διακοσιο-
