4058 6330
694 417 799 476 I79

2052 421 2298 481 [ΕΟΝῶ
2331 422 2603 483 ΑιιΑτιι
3863 439 3952 495 ιω

691 542 1091 612 Chronograph.
1125 541 1221 599 lib.
1256 557 1294 605 ι.
1327 557 1422 598 eas
1449 543 1619 598 modo
1646 544 1887 606 tabulas,
1920 544 2084 598 modo
2114 554 2273 599 vocat
2303 553 2347 606 Α
2377 549 2514 600 mine
2559 549 2647 600 ubi
2696 559 3022 619 regnaretur.
3069 553 3284 607 condita
3343 565 3421 608 est
3476 557 3693 611 ciuitas.
3757 557 3949 614 Tertius

691 633 1011 697 columnas;
1039 633 1252 688 tandem
1280 635 1470 689 scribit
1523 650 1618 691 eas
1643 635 1813 692 fuisse
1844 636 2078 701 tabulas,
2113 655 2276 693 unam

690 738 898 778 aeneam
932 732 1126 778 contra
1171 741 1328 794 aqua:
1373 728 1691 792 illuviones.
1727 730 1952 784 alteram
1986 731 2276 786 lateritiam

689 823 880 870 contra
913 815 1056 885 ignis
1073 817 1570 888 conflagrationes;
1607 822 1661 875 in
1693 836 1924 890 quarum
1951 823 2123 891 prima
2149 824 2276 878 libe-

690 905 837 960 rales
871 916 1018 963 artes
1051 911 1355 979 praesertim
1385 912 1693 966 doctrinam
1727 914 1794 968 de
1821 913 1950 978 Deo,
1975 923 2029 970 et
2064 917 2274 972 mathe-

689 997 910 1062 matica,
961 1000 1016 1054 in
1066 1001 1238 1056 altera
1285 1005 1707 1071 promissionem
1736 1006 1804 1059 dc
1844 1008 2076 1069 semine,
2111 1008 2162 1061 id
2192 1019 2276 1063 est

687 1087 931 1154 Christo,
988 1092 1118 1146 Ada:
1169 1091 1392 1158 factam,
1450 1096 1719 1159 crelatam,
1768 1100 2143 1166 scripserunt;
2180 1099 2274 1155 sed

689 1187 947 1237 auctores
979 1183 1122 1238 unde
1154 1183 1269 1238 haec
1298 1186 1495 1240 habeat
1521 1185 1909 1243 Genebrardus
1932 1205 2040 1244 non
2065 1191 2270 1255 laudat,

686 1286 827 1342 quos
856 1281 988 1344 puto
1017 1290 1127 1329 non
1161 1276 1367 1331 multos
1395 1285 1636 1341 exstare,
1677 1288 1732 1333 et
1766 1280 1810 1335 si
1843 1282 1968 1350 quis
1999 1282 2089 1334 ille
2123 1290 2272 1338 esset

687 1378 797 1418 non
823 1367 1124 1436 probabilia
1156 1368 1426 1434 dicerent,
1458 1386 1557 1425 nec
1591 1371 1646 1424 in
1675 1371 1904 1426 historia
1941 1381 2053 1427 tuta
2081 1382 2136 1428 et
2162 1375 2270 1443 pri-

684 1472 834 1511 mum
864 1469 1056 1514 contra
1084 1459 1498 1516 Genebrardum
1535 1464 1855 1518 necessario
1890 1464 2267 1520 allirmandum

683 1558 789 1612 cst,
829 1551 883 1603 in
916 1550 1024 1607 illis
1055 1550 1259 1607 tabulis
1289 1554 1402 1608 sive
1432 1555 1707 1609 columnis
1741 1556 1928 1609 czelata
1961 1571 2069 1610 non
2101 1555 2270 1612 fuisse

682 1639 923 1705 diversa,
950 1650 1002 1696 et
1035 1642 1141 1695 alia
1180 1658 1244 1696 ac
1275 1644 1380 1697 alia
1407 1662 1421 1698 :
1453 1646 1547 1700 sed
1579 1663 1700 1714 quae
1735 1647 1790 1700 in
1824 1661 1954 1711 una,
1993 1647 2184 1702 eadem
2214 1657 2269 1704 et

682 1734 739 1788 in
770 1734 896 1788 alia.
939 1734 1139 1792 Demus
1166 1737 1311 1791 enim
1343 1739 1490 1807 quod
1518 1746 1571 1793 et
1606 1737 1674 1793 de
1706 1738 1834 1804 Deo,
1874 1747 1927 1795 et
1967 1740 2267 1794 mathema-

680 1825 813 1889 tica,
851 1837 905 1882 et
945 1827 1012 1884 de
1042 1830 1411 1899 promissione
1450 1833 1700 1895 seminis,
1733 1831 1878 1900 quod
1904 1839 2050 1887 esset
2085 1831 2262 1886 adhuc

2382 637 2610 703 Caidad,
2645 658 2796 706 quem
2822 645 2999 712 genuit
3032 641 3213 698 Enoch
3236 641 3257 697 ἶ·
3294 657 3516 715 quartus
3550 647 3781 714 Haniel,
3815 667 3948 719 qua

2377 731 2554 798 genuit
2603 729 2813 785 Gaidad
2849 750 2867 786 :
2922 736 3137 803 quintus
3188 734 3514 803 Hathusael,
3574 757 3730 810 quem
3788 743 3947 808 genuit

2379 820 2579 876 Maniel
2601 841 2617 876 :
2643 835 2821 878 sextus
2856 823 3104 888 Lamech,
3136 843 3284 896 quem
3316 830 3492 897 genuit
3523 829 3851 890 Mathusael.
3872 834 3948 900 qui

2375 917 2625 981 septimus
2652 925 2728 970 est
2762 916 2825 970 ab
2852 918 3027 980 Adam
3057 935 3148 988 per
3176 918 3331 976 Cain.
3357 921 3789 976 Generationem
3820 922 3944 975 hanc

2375 1004 2592 1075 vulgata
2639 1005 2807 1059 editio
2853 1009 2958 1060 etsi
3000 1017 3208 1062 mutato
3253 1011 3474 1066 nomine
3530 1013 3702 1068 habet
3749 1027 3872 1082 cap.
3901 1027 3944 1065 ιν

2377 1094 2600 1151 Genes.:
2628 1095 2798 1151 Porro
2828 1099 2933 1168 ipsi
2967 1098 3179 1153 Henoclt
3209 1111 3366 1156 natus
3390 1113 3467 1156 est
3505 1102 3668 1166 Irad,
3703 1102 3834 1157 Ind
3866 1121 3944 1157 as-

2375 1196 2475 1240 tem
2498 1189 2675 1256 genuit
2699 1185 2977 1252 Hehviael,
2997 1187 3252 1243 Hehviael
3279 1193 3456 1260 genuit
3479 1191 3818 1260 Mathusael,
3841 1192 3944 1247 la-

2374 1279 2578 1335 thusael
2621 1296 2738 1334 vero
2779 1284 2957 1351 genuit
3005 1280 3260 1347 Lamech;
3286 1293 3338 1336 At
3370 1281 3600 1338 Lamech
3636 1285 3820 1349 duxit,
3852 1296 3941 1340 etc.

2374 1370 2726 1443 Septuaginta
2773 1374 2959 1443 legunt
3005 1375 3355 1429 Μαθουσάλα.
3399 1375 3772 1431 Levissimam
3821 1378 3944 1432 hanc

2369 1467 2725 1535 exscriptoris
2749 1466 2954 1536 πλάνην
2972 1465 3401 1536 agnovitCatena
3425 1466 3616 1521 Grzrca
3643 1471 3702 1522 in
3733 1467 3911 1524 Gener.
3927 1488 3943 1522 .-

2370 1559 2528 1630 Παρὰ
2566 1563 2678 1622 τοῖς
2737 1558 3136 1628 Ἐὃδομήκοντα
3177 1557 3500 1613 Μαθουσάλα
3538 1563 3748 1615 κεῖται.
3792 1562 3945 1614 Τοῦτο

2369 1649 2424 1703 δὲ
2464 1649 2636 1720 πλάνη
2682 1649 2922 1719 γραφική
2962 1649 3128 1702 ἐστιν.
3172 1649 3231 1700 '0
3267 1648 3376 1719 γὰρ
3403 1648 3748 1702 Μαθουσάλα
3773 1653 3837 1702 ἐκ
3861 1651 3945 1713 τῆς

2373 1739 2711 1809 συνεστώσης
2755 1741 2946 1807 γενεᾶς
2989 1741 3106 1792 ἐστι
3151 1739 3243 1792 τοῦ
3293 1740 3420 1809 Σήθ.
3477 1740 3539 1793 Ὁ
3574 1740 3694 1814 ’,ἀρ
3727 1742 3837 1794 ἀπὸ
3862 1742 3942 1794 τοῦ

2353 1833 2511 1884 ,Κάῖν
2549 1831 2878 1885 Μαθουσάλα
2924 1831 3189 1897 καλεῖται,
3235 1831 3310 1895 ὡς
3344 1831 3636 1902 ἐξώριςται
3677 1833 3819 1904 μετὰ
3849 1833 3942 1886 τῶν

678 1916 898 1974 dimeile
946 1922 1200 1990 probatu,
1247 1922 1588 1992 scripserint,
1620 1926 1676 1978 in
1724 1939 1875 1979 amca
1910 1944 1923 1980 :
1955 1927 2268 1980 necessario
2298 1892 2341 1948 Β
2369 1924 2589 1977 λοιπῶν.

687 2017 870 2064 tamen
904 2010 1183 2067 fatendum
1215 2024 1319 2077 est,
1357 2014 1474 2068 haec
1503 2014 1694 2070 eadem
1735 2023 1791 2070 et
1822 2016 1875 2070 in
1911 2016 2146 2072 lateritia
2173 2017 2269 2070 de-

688 2102 1001 2173 scripsisse,
1031 2112 1226 2160 etnon
1265 2107 1506 2162 diversa.
1548 2105 1810 2162 Sciebant
1850 2110 2114 2162 mundum
2157 2111 2268 2164 col-

686 2195 994 2265 lapsurum,
1039 2198 1191 2252 dubii
1236 2214 1305 2252 an
1354 2201 1512 2269 aquis
1557 2200 1902 2266 immersam,
1934 2204 2020 2256 vel
2051 2203 2267 2272 ignibus

678 2287 1079 2360 conﬂagratum
1116 2298 1215 2344 :ut
1261 2290 1572 2346 doctrinam
1624 2303 1929 2358 servarent,
1961 2301 2014 2348 et
2049 2295 2267 2364 utrique

682 2380 1030 2435 incommodo
1080 2382 1436 2438 subvenirent
1485 2392 1782 2440 exstruunt
1835 2385 1934 2439 has
1985 2386 2122 2440 dllaS
2173 2402 2266 2441 co-

676 2476 915 2537 lumnas.
959 2477 1187 2530 alteram
1233 2493 1298 2531 ex
1342 2493 1472 2540 εει-ο.
1511 2479 1594 2533 vel
1637 2486 1694 2531 ut
1737 2479 1913 2546 placet
1949 2489 2138 2534 nostro
2166 2495 2266 2533 au-

674 2566 837 2627 ctori,
897 2565 1274 2637 digniorisque
1328 2575 1471 2622 notae
1523 2569 1911 2639 scriptoribus,
1961 2585 2026 2623 ex
2061 2570 2258 2639 lapide,

674 2657 901 2712 alteram
931 2673 999 2713 ex
1031 2659 1323 2714 coctilibus
1357 2660 1657 2715 laterculis.
1711 2659 1802 2715 Sic
1849 2661 1993 2715 enim
2035 2677 2140 2716 aere
2179 2663 2261 2716 vel

672 2748 855 2820 lapide
886 2752 1065 2820 aquis,
1111 2750 1394 2807 laterculis
1426 2752 1537 2822 igni
1569 2753 1911 2817 resisterent,
1956 2763 2008 2807 et
2053 2753 2132 2807 sic
2162 2753 2261 2807 do-

671 2842 908 2895 ctrinam
948 2841 1275 2897 mandarent
1320 2843 1386 2896 ad
1433 2854 1706 2914 posteros.
1751 2845 1893 2910 Quid
1944 2845 2110 2914 igitur
2151 2846 2259 2900 illis

670 2931 972 3009 profuisset
1025 2936 1071 2988 si
1119 2933 1337 2988 diversa
1377 2935 1774 3005 scripsissent?
1810 2936 2094 3002 Quomodo
2136 2939 2258 3009 igne

674 3005 824 3075 illato
856 3037 976 3092 qua!
1009 3031 1168 3077 erant
1225 3024 1279 3077 in
1323 3024 1538 3094 lapide,
1589 3027 1749 3095 aquis
1799 3026 1986 3082 effusis
2037 3005 2181 3098 qure—
2204 3030 2258 3084 in

669 3113 953 3168 laterculis
991 3117 1456 3169 conservassem?
1496 3114 1645 3170 Dicet
1682 3116 1914 3174 fortasse
1949 3119 2258 3175 Gcnehrar-

2440 2012 2570 2067 Ibid.
2596 2010 2704 2066 Kal
2725 2015 2758 2066 ὁ
2781 2012 2981 2082 Λάμεχ
3014 2010 3481 2082 δύο.Τι]εορ11ἰΙυε
3512 2014 3584 2068 ad
3608 2015 3938 2084 Autolycus,

2369 2105 2460 2159 lib.
2495 2121 2534 2159 ll
2575 2125 2585 2157 :
2617 2107 2674 2158 '0
2703 2105 2760 2156 δὲ
2791 2105 2982 2176 Λάμεχ
3006 2105 3195 2158 ἔλαὸεν
3222 2106 3398 2176 ἑαυτῷ
3425 2105 3519 2158 δύο
3545 2110 3840 2174 γυναῖκας,
3865 2104 3940 2170 αἶς

2365 2197 2602 2266 ὀνόματα
2645 2197 2771 2249 ’Δδᾶ
2808 2198 2900 2248 καὶ
2943 2197 3103 2250 Σελᾶ.
3135 2197 3359 2250 "Exacto
3410 2197 3556 2269 ἁρχὴ
3596 2199 3824 2266 ἐγένετο
3859 2201 3941 2271 τῆς

2366 2287 2708 2357 πολυμιξίας,
2738 2287 2874 2341 ἀλλὰ
2901 2289 2997 2341 καὶ
3025 2289 3126 2359 τῆς
3168 2289 3453 2360 μουσικῆς.
3486 2288 3787 2360 Nugantur
3830 2291 3939 2345 rab-

2364 2379 2499 2443 bini,
2525 2381 2617 2449 qui
2659 2381 2852 2434 volunt
2874 2380 3030 2450 prius
3050 2381 3118 2434 ah
3141 2394 3208 2435 eo
3243 2383 3391 2435 viros
3424 2389 3679 2443 necatos,
3712 2389 3837 2451 post
3861 2382 3943 2436 ad-

2361 2472 2559 2526 ductas
2604 2487 2820 2526 uxores.
2853 2470 3068 2526 Primus
3104 2471 3330 2525 Lamech
3377 2481 3496 2525 ante
3544 2472 3813 2526 diluvium
3843 2475 3942 2532 fors

2359 2573 2410 2616 et
2438 2564 2660 2617 ultimus
2697 2564 3054 2633 polygamiam
3115 2581 3300 2628 ausus,
3333 2573 3381 2617 et
3429 2581 3592 2617 unam
3640 2582 3861 2619 carnem
3896 2566 3941 2618 ir:

2359 2653 2495 2707 duas
2526 2669 2716 2706 uxores
2746 2652 2946 2718 divisit,
2989 2654 3064 2706 ait
3103 2651 3322 2727 Hieron.
3377 2653 3472 2708 lib.
3507 2670 3523 2708 ι
3559 2654 3770 2709 Contra
3801 2653 3939 2710 Jovi-

2359 2745 2622 2810 nianum;
2683 2753 2736 2800 et
2770 2743 3023 2808 Tertull.,
3058 2745 3150 2799 lib.
3202 2744 3278 2798 De
3297 2744 3500 2799 exhort.
3528 2757 3697 2810 east.,
3729 2761 3852 2817 cap.
3877 2746 3937 2803 S:

2360 2835 2574 2889 Primus
2612 2846 2714 2888 tres
2755 2836 2808 2888 in
2841 2851 3002 2890 unam
3032 2851 3241 2889 carnem
3264 2835 3451 2903 eﬂ'ecit.
3478 2834 3744 2890 Peccavit
3769 2838 3941 2906 itaque

2357 2926 2618 2991 Lamech,
2644 2943 2753 2980 non
2786 2927 2912 2996 quia
2935 2927 3120 2995 plures
3159 2941 3360 2981 uxores
3399 2927 3612 2988 habuit,
3668 2928 3770 2983 sed
3823 2928 3941 2998 quia

2356 3020 2542 3091 plures
2572 3035 2681 3074 uno
2705 3027 2965 3087 tempore.
2990 3016 3130 3088 Lege
3175 3017 3360 3082 Delrii,
3390 3033 3510 3087 cap.
3541 3034 3593 3071 tv
3624 3017 3787 3082 Gem,
3809 3020 3942 3089 opti-

2356 3127 2500 3166 mam
2534 3111 3070 3165 animadversionem
3119 3108 3175 3162 in
3227 3124 3469 3163 errorem
3509 3108 3843 3164 Tertulliani
3875 3109 3940 3166 De

668 3203 794 3269 dus,
829 3204 956 3260 illos
977 3219 1087 3258 non
1116 3205 1335 3268 dubios,
1367 3207 1461 3261 sed
1491 3215 1673 3263 certos
1696 3208 1762 3264 de
1786 3210 1949 3265 modo
1969 3219 2023 3266 et
2046 3211 2254 3269 ratione
2281 3231 2328 3293 ε
2359 3203 2722 3274 manosamia.
2742 3201 3127 3258 Genebrardus
3145 3201 3310 3256 refert
3336 3217 3399 3256 ex
3425 3202 3695 3263 rabbinis.
3711 3201 3937 3258 [δικιδθώ

668 3298 1161 3352 consummationis
1198 3299 1386 3352 mundi
1419 3299 1704 3357 columnas
1729 3302 1994 3357 erexisse.
2025 3302 2255 3360 Frustra
2362 3296 2667 3350 venalionis
2690 3296 2998 3365 exemplum
3024 3296 3260 3366 Ροδῑετίε
3278 3295 3589 3364 reliquisse.
3613 3311 3772 3349 arma
3798 3297 3939 3350 ἱππε-

669 3387 837 3456 igitur
869 3389 1087 3446 diversa
1134 3391 1228 3444 illa
1273 3391 1655 3446 columnarum
1702 3397 1988 3455 materies:
2036 3405 2091 3451 et
2125 3413 2253 3464 una,

660 3493 789 3548 qua:
810 3481 1005 3534 mundi
1023 3481 1239 3535 excidio
1273 3482 1564 3537 incolumis
1589 3491 1774 3554 posset
1792 3502 2103 3556 superesse,
2123 3492 2255 3546 satis

667 3566 900 3636 fuisset;
937 3570 1051 3632 sed,
1074 3572 1201 3640 quia
1243 3571 1437 3625 incerti
1478 3577 1760 3630 materiam
1793 3579 1934 3633 hanc
1967 3581 2050 3634 vel
2093 3581 2254 3635 aliam

667 3661 882 3717 incerto
911 3665 1096 3728 modo,
1139 3673 1192 3719 et
1221 3667 1422 3721 rationi
1458 3671 1656 3724 excidii
1694 3682 2095 3741 prrepararunt.
2142 3673 2256 3728 Pli-

666 3753 817 3816 nius,
851 3754 948 3809 lib.
982 3771 1077 3820 vn,
1111 3771 1234 3826 cap.
1267 3757 1356 3819 56,
1393 3774 1458 3812 ex
1497 3759 1737 3831 Epigene
1768 3763 1836 3817 de
1863 3763 1950 3819 his
1983 3765 2254 3820 columnis

667 3846 784 3903 haec
841 3848 1052 3902 habet:
1087 3848 1134 3901 E
1191 3850 1397 3905 dircrso
1454 3852 1705 3922 Epigenes
1752 3854 1892 3924 apud
1932 3855 2253 3927 Babylonios

666 3953 844 3995 occxx'
907 3958 1171 3995 annorum
1237 3944 1628 3998 observationes
1688 3945 1923 3999 siderum
1977 3947 2253 4002 coctilibus

665 4019 940 4086 laterculis
979 4033 1263 4101 inscriptas
1308 4035 1479 4099 docet,
1511 4038 1690 4104 gravis
1722 4047 1909 4090 auctor
1934 4037 1989 4090 in
2022 4039 2209 4105 primis
2234 4053 2253 4091 :

665 4123 756 4194 qui
795 4125 1073 4177 minimum
1105 4123 1356 4187 Berosus,
1391 4136 1439 4179 et
1479 4125 1809 4182 Critodemus
1851 4143 2124 4183 ccccuxx
2156 4147 2253 4184 an-

665 4233 877 4272 norum.
914 4215 997 4269 Ea:
1026 4233 1127 4286 quo
1152 4229 1370 4287 apparet
1396 4229 1624 4274 (τίει-ηαδ
1651 4219 1951 4275 litterarum
1983 4239 2129 4277 usus.

733 4308 854 4362 Col.
890 4310 1009 4371 752,
1045 4311 1143 4366 lin.
1190 4311 1274 4367 ll.
1332 4312 1649 4381 Ἐγέννησε
1701 4313 1769 4366 δὲ
1820 4317 1852 4366 ὀ
1895 4313 2062 4367 Κάιν.
2099 4312 2251 4368 Hanc

664 4398 822 4456 Caini
857 4403 1103 4458 sobolem
1139 4405 1294 4459 mulli
1327 4406 1478 4473 parvi
1505 4406 1800 4469 duxerunt,
1838 4423 1960 4460 cum
1994 4408 2048 4461 in
2083 4416 2252 4477 aqua-

664 4508 788 4547 rum
820 4495 1180 4551 inundatione
1211 4498 1427 4566 penitus
1464 4497 1751 4567 absumpta
1785 4498 1876 4560 sit,
1928 4498 2158 4567 ideoque
2192 4489 2252 4553 in.

2358 3390 2525 3454 uisse,
2556 3396 2610 3444 et
2642 3389 2966 3455 fabricasse,
2997 3389 3200 3459 quibus
3230 3388 3408 3443 credes
3439 3387 3655 3443 ﬁerent.
3692 3387 3936 3459 Ioseph,

2357 3481 2452 3536 lib.
2491 3498 2508 3535 ι
2539 3482 2744 3551 Antiq.,
2793 3496 2913 3549 cap.
2940 3481 2994 3544 5,
3025 3480 3215 3536 scribit
3253 3480 3399 3533 hunc
3436 3494 3724 3535 sacrarum
3759 3495 3936 3534 rerum

2356 3575 2590 3643 peritum
2628 3589 2686 3629 se
2737 3575 2998 3628 luiturum
3052 3588 3242 3645 pinnas
3304 3573 3625 3642 predixisse
3686 3574 3939 3627 fraterna

2355 3667 2519 3721 credis
2566 3681 2595 3719 a
2630 3665 2806 3720 Caino
2855 3664 3033 3733 factae,
3082 3665 3232 3720 haud
3279 3664 3444 3719 dubie
3486 3663 3724 3719 diluvio.
3772 3664 3939 3725 Idem,

2357 3749 2762 3812 Genebrardus.

2427 3848 2589 3912 lbid.,
2610 3848 2706 3900 lin.
2729 3846 2815 3901 l5.
2843 3843 3076 3914 Ἐκμὲγ
3102 3843 3214 3912 τῆς
3234 3842 3433 3898 ’Ᾱδάν.
3458 3838 3576 3894 Non
3605 3840 3729 3910 ipse
3753 3849 3943 3911 pasto-

2356 3942 2495 3995 ritiae
2527 3940 2659 3994 artis
2688 3938 2973 3994 institutor
3018 3936 3104 3993 vel
3151 3943 3341 3989 auctor
3376 3953 3389 3987 :
3427 3931 3522 3988 sed
3582 3946 3722 3988 nece
3754 3932 3942 3987 Abelis

2356 4035 2797 4097 intermortuam,
2818 4039 2873 4084 et
2899 4029 3055 4100 quasi
3089 4028 3319 4098 sopitam
3348 4041 3449 4081 suo
3483 4025 3666 4079 studio
3691 4025 3940 4094 ingenio-

2354 4143 2460 4198 que
2489 4125 2750 4188 restituit,
2777 4131 2831 4177 et
2861 4123 2978 4193 ipse
3000 4136 3217 4192 gregem
3247 4120 3409 4189 pavit.
3427 4116 3936 4172 Tabernaculorum

2355 4219 2482 4274 item
2509 4233 2666 4273 usum
2694 4213 2916 4284 adjecit.
2941 4211 3276 4284 Theophilus
3295 4210 3363 4264 ad
3385 4209 3708 4274 Autot.,lih.
3736 4226 3808 4266 ηε
3830 4209 3940 4263 Καὶ

2353 4314 2383 4363 ὁ
2421 4311 2519 4380 μὲν
2535 4308 2698 4380 Ἀϐὴλ
2728 4309 2948 4376 ἐγένετο
2979 4303 3119 4375 ἀνὴρ
3151 4305 3210 4357 ὲν
3249 4305 3420 4374 σκηνῇ
3455 4298 3894 4375 κτηνοτρὸφων.”

2424 4401 2584 4464 lbid.,
2618 4402 2714 4454 lin.
2750 4400 2837 4454 16.
2869 4398 2978 4454 Kal
3009 4398 3115 4450 τὸν
3142 4395 3395 4453 Ἰουϐἁλ.
3444 4394 3702 4452 Psallefii
3753 4405 3808 4452 et
3857 4395 3930 4449 ci-

2355 4495 2519 4548 tharae
2547 4509 2706 4548 usum
2741 4493 3014 4546 invenisse
3034 4487 3254 4544 tradunt
3274 4494 3466 4560 praeter
3481 4503 3670 4544 sacras
3701 4488 3929 4544 Litteras

662 4599 727 4638 ea
752 4600 861 4641 non
891 4588 1226 4642 conveniunt
1251 4600 1540 4654 auctores;
1566 4591 1702 4643 inea
1731 4598 1911 4644 tamen
1938 4589 2244 4643 enarranda

2359 4585 2641 4655 Iosephus,
2660 4582 2996 4653 Theophilus
3027 4580 3250 4634 d.loco:
3284 4578 3488 4632 ’[ουὸὰλ
3517 4579 3574 4632 δέ
3599 4581 3753 4631 ἐστιν
3773 4581 3802 4632 ὁ
3839 4596 3930 4630 κα-

665 4686 860 4733 noster
894 4678 1216 4734 Eustathius
1234 4691 1456 4736 secutus
1491 4689 1577 4736 est
1604 4681 1823 4735 divinas
1855 4681 2247 4750 Litteras,qu:e

664 4786 775 4826 non
815 4771 920 4823 alia
951 4771 1186 4832 ratione,
1225 4771 1329 4824 nisi
1363 4787 1530 4840 parva
1561 4773 1842 4826 nominum
1876 4772 2121 4826 formulae
2146 4774 2247 4825 im-

662 4864 966 4917 mutatione
996 4871 1429 4933 prosequuntur.

738 4956 898 5019 lbid.,
937 4956 1032 5010 lin.
1064 4956 1150 5010 15.
1188 4958 1297 5011 Kal
1334 4953 1511 5021 οὗτος
1543 4958 1648 5009 τὸν
1677 4955 1899 5026 Λάμεχ.
1940 4955 2243 5010 Genebrar-

662 5044 768 5101 dus
799 5045 875 5100 ait
907 5060 1004 5100 eos
1046 5060 1255 5108 errare,
1313 5047 1405 5116 qui
1441 5046 1677 5102 Lamech
1716 5048 1883 5100 illium
1929 5045 2246 5102 Mathusala:

662 5135 940 5205 accipiunt
970 5151 985 5196 ;
1018 5135 1288 5189 rationem
1325 5143 1509 5190 tamen
1557 5151 1728 5202 quare
1775 5137 1828 5190 id
1864 5137 2010 5191 dicat
2038 5139 2245 5192 nullam

659 5227 908 5282 adducit.
951 5224 1152 5280 Errant
1191 5242 1323 5297 ergo
1369 5229 1591 5282 maximi
1633 5228 1836 5297 quique
1871 5227 2082 5294 Patres,
2119 5247 2243 5284 cum

651 5322 720 5376 iis
762 5317 1106 5380 Eustathius,
1126 5315 1460 5384 Theophilus
1493 5317 1561 5370 ad
1595 5318 1912 5387 Autolycum
1944 5319 2036 5375 lib.
2060 5337 2095 5373 ll
2118 5338 2130 5372 :
2156 5320 2246 5390 Τῷ

646 5411 703 5472 ἀὲ
752 5407 923 5479 Ἑνὼχ
961 5408 1225 5478 ἐγεννήθη
1262 5410 1376 5472 οἰὸς
1415 5411 1640 5480 ὀνόματι
1673 5411 1962 5476 Γαῖδᾶς,ὂς
1988 5414 2244 5486 ἐγέννησε

646 5499 740 5552 τὸν
782 5498 1114 5568 καλούμενον
1141 5498 1314 5568 Μεὴλ,
1351 5501 1442 5552 καὶ
1477 5500 1629 5572 Μεὴλ
1654 5501 1742 5554 τὸν
1774 5501 2124 5567 Μαθουσάλα,
2154 5507 2247 5558 καὶ

647 5591 986 5647 Μαθουσάλα
1029 5592 1119 5645 τὸν
1166 5592 1374 5662 Λάμεχ.
1429 5595 1486 5647 Ὁ
1533 5594 1588 5646 δὲ
1638 5595 1826 5664 Λάμεχ
1875 5596 2064 5649 ἔλαϐεν
2097 5597 2245 5669 αὑτῷ

647 5679 744 5736 δύο
777 5687 1058 5751 γυναῖκας.
1098 5685 1316 5738 Erravit
1349 5685 1714 5756 Augustinus,
1749 5688 1843 5743 lib.
1881 5706 1960 5742 ,ιν
2002 5689 2078 5744 De
2117 5692 2245 5745 civi-

652 5782 759 5829 tate
796 5773 912 5838 Dei,
949 5791 1069 5846 cap.
1092 5777 1163 5832 20
1195 5794 1206 5829 :
1251 5777 1454 5831 Horum
1489 5795 1668 5848 regum
1697 5781 1900 5848 primus
1931 5799 2044 5837 esse
2074 5785 2248 5852 potuit

655 5878 769 5929 ipse
799 5863 932 5921 Cain
970 5883 985 5919 :
1023 5869 1278 5922 secundus
1305 5870 1448 5934 ﬁlius
1480 5871 1593 5935 eius
1629 5870 1829 5937 Enoclt,
1865 5873 2114 5951 inﬁnitis
2148 5891 2245 5932 no—

2352 4677 2602 4744 ταδείξας
2631 4676 2935 4747 ψαλτήριον
2967 4673 3062 4726 καὶ
3093 4672 3347 4744 κιθάραν.
3367 4670 3441 4726 De
3465 4671 3551 4725 his
3586 4669 3926 4726 Methodius:

2350 4772 2439 4842 Τῷ
2483 4767 2878 4843 τριακοσιοστῷ
2904 4766 3320 4837 τεσσαρακοστῷ
3339 4766 3436 4837 τῆς
3475 4765 3742 4837 δευτέρας
3773 4766 3929 4838 χιλιά-

2347 4866 2434 4927 δος
2468 4862 2578 4916 ἔτει
2607 4861 2980 4930 ἐπανέστησαν
3004 4857 3322 4928 κακότεχνοι
3353 4849 3567 4928 ἄνδρες,
3593 4859 3825 4929 πονηροὶ
3841 4857 3927 4909 καὶ

2347 4956 2676 5026 παράνομοι,
2714 4954 2940 5024 πλήρεις
2971 4950 3200 5021 ἀνομίας
3249 4953 3312 5003 ὲκ
3339 4948 3445 5002 τῶν
3474 4949 3611 5002 υίῶν
3639 4949 3737 5001 τοῦ
3771 4951 3926 5010 Κάῐν,

2361 5046 2566 5117 Ἰουϐὴλ
2592 5048 2683 5099 καὶ
2716 5041 3000 5112 Θουκιδὴλ,
3031 5041 3196 5094 τέκνα
3223 5041 3315 5094 τοῦ
3355 5040 3543 5111 Λάμεχ
3588 5039 3686 5092 τοῦ
3706 5038 3930 5108 τυφλοῦ,

2347 5136 2441 5190 τοῦ
2469 5137 2888 5197 ἀποκτείναντος
2921 5134 3010 5186 τὸν
3040 5133 3198 5196 Κάῖν,
3221 5125 3296 5186 ὧν
3328 5135 3417 5188 καὶ
3443 5133 3744 5203 κυριεύσας
3770 5132 3798 5183 ὁ
3822 5131 3924 5185 διά-

2348 5228 2502 5293 ϐολος
2532 5228 2882 5300 ὲτροπὼσατο
2906 5227 3100 5290 αὐτοὺς
3132 5226 3274 5280 ἅπαν
3307 5222 3448 5288 εἶδος
3477 5226 3740 5296 μουσικὸν
3769 5240 3923 5278 κατα-

2351 5322 2642 5385 σκευάσας.
2688 5318 2896 5373 Horum
2930 5332 3088 5372 usum
3130 5316 3272 5372 sicut
3307 5325 3361 5372 et
3387 5317 3623 5371 aliorum
3679 5317 3922 5371 nationes

2347 5413 2683 5468 recentiores
2711 5411 2848 5474 suis,
2872 5410 2956 5464 vel
2987 5409 3109 5462 aliis
3132 5409 3234 5464 sibi
3256 5407 3508 5479 cognatis
3527 5407 3917 5476 ascripserunt.

2348 5504 2454 5558 Alii
2480 5505 2625 5557 enim
2655 5499 2970 5571 Amphioni,
3001 5500 3092 5554 alii
3133 5499 3368 5569 Orpheo,
3402 5499 3626 5568 quidam
3665 5499 3918 5569 Apollini,

2348 5605 2402 5653 et
2428 5598 2525 5652 alii
2548 5596 2672 5651 aliis
2725 5591 3092 5649 inventionem
3125 5593 3269 5648 hanc
3322 5598 3605 5661 acceptam
3658 5593 3916 5648 releruut.

2347 5689 2684 5760 Theophilus
2742 5686 2980 5741 ibidem:
3015 5685 3173 5739 Ἀλλὰ
3225 5686 3330 5756 μὴν
3377 5685 3470 5738 καὶ
3517 5683 3587 5738 τὰ
3647 5685 3783 5757 περὶ
3834 5683 3917 5751 τῆς

2350 5782 2615 5856 μουσικῆς
2649 5780 2996 5850 ὲφλυάρησάν
3040 5797 3183 5842 τινες
3214 5777 3443 5851 εὑρετὴν
3490 5777 3807 5833 Ἀπόλλωνα
3841 5793 3918 5845 γιο

2346 5873 2607 5951 χινῆσθαι
2627 5891 2640 5904 ·
2675 5873 2822 5931 ἄλλοι
2846 5873 2903 5928 δί
2927 5872 3130 5940 Ὀρφέα
3156 5871 3263 5927 ἀπὸ
3283 5871 3384 5938 τῆς
3415 5869 3523 5926 τῶν
3540 5870 3781 5939 ὀρνίθων
3806 5870 3917 5938 ﬁo-
