  <div class='ocr_page' id='page_1' title='image "/cluster/home/n/w/nwhite01/storage/ocr_20150623/18/pst.000005712038/508.png"; bbox 0 0 4058 6330; ppageno 0'>
   <div class='ocr_carea' id='block_1_1' title="bbox 232 391 348 449">
    <p class='ocr_par' dir='ltr' id='par_1_1' title="bbox 232 391 348 449">
     <span class='ocr_line' id='line_1_1' title="bbox 232 391 348 449; baseline -0.017 0"><span class='ocrx_word' id='word_1_1' title='bbox 232 391 348 449; x_wconf 78' lang='grc'><strong>981</strong></span> 
     </span>
    </p>
   </div>
   <div class='ocr_carea' id='block_1_2' title="bbox 1262 397 2522 458">
    <p class='ocr_par' dir='ltr' id='par_1_2' title="bbox 1262 397 2522 458">
     <span class='ocr_line' id='line_1_2' title="bbox 1262 397 2522 458; baseline 0.005 -6"><span class='ocrx_word' id='word_1_2' title='bbox 1262 397 1327 452; x_wconf 81' lang='grc' dir='ltr'><strong>ΙΝ</strong></span> <span class='ocrx_word' id='word_1_3' title='bbox 1370 397 1744 454; x_wconf 78' lang='lat' dir='ltr'><strong>EUS’I‘ATlill</strong></span> <span class='ocrx_word' id='word_1_4' title='bbox 1778 398 2260 456; x_wconf 70' lang='grc' dir='ltr'><strong>ΗΕΧΑΕΜΕΠΟΝ</strong></span> <span class='ocrx_word' id='word_1_5' title='bbox 2296 400 2522 458; x_wconf 65' lang='grc' dir='ltr'><strong>ΝΟΤΕ.</strong></span> 
     </span>
    </p>
   </div>
   <div class='ocr_carea' id='block_1_3' title="bbox 3372 403 3481 463">
    <p class='ocr_par' dir='ltr' id='par_1_3' title="bbox 3372 403 3481 463">
     <span class='ocr_line' id='line_1_3' title="bbox 3372 403 3481 463; baseline 0 0"><span class='ocrx_word' id='word_1_6' title='bbox 3372 403 3481 463; x_wconf 65' lang='grc'><strong>981</strong></span> 
     </span>
    </p>
   </div>
   <div class='ocr_carea' id='block_1_4' title="bbox 220 507 3562 591">
    <p class='ocr_par' dir='ltr' id='par_1_4' title="bbox 220 507 3562 591">
     <span class='ocr_line' id='line_1_4' title="bbox 220 507 3562 591; baseline 0.004 -31"><span class='ocrx_word' id='word_1_7' title='bbox 220 507 441 578; x_wconf 75' lang='grc' dir='ltr'><strong>φωνξας</strong></span> <span class='ocrx_word' id='word_1_8' title='bbox 480 509 642 579; x_wconf 66' lang='grc' dir='ltr'><strong>φασὶν</strong></span> <span class='ocrx_word' id='word_1_9' title='bbox 673 508 1022 582; x_wconf 68' lang='grc' dir='ltr'><strong>ὲξιυρηκὲναι</strong></span> <span class='ocrx_word' id='word_1_10' title='bbox 1055 513 1156 584; x_wconf 77' lang='grc' dir='ltr'><strong>τὴν</strong></span> <span class='ocrx_word' id='word_1_11' title='bbox 1211 519 1493 586; x_wconf 72' lang='grc' dir='ltr'><strong>μουσικήν.</strong></span> <span class='ocrx_word' id='word_1_12' title='bbox 1540 518 1708 581; x_wconf 77' lang='grc' dir='ltr'><strong>Κενὸς</strong></span> <span class='ocrx_word' id='word_1_13' title='bbox 1747 517 1805 570; x_wconf 80' lang='grc' dir='ltr'><strong>δὲ</strong></span> <span class='ocrx_word' id='word_1_14' title='bbox 1835 523 1878 579; x_wconf 79' lang='grc' dir='ltr'>Α</span> <span class='ocrx_word' id='word_1_15' title='bbox 1907 517 1998 572; x_wconf 81' lang='grc' dir='ltr'><strong>τοῦ</strong></span> <span class='ocrx_word' id='word_1_16' title='bbox 2029 518 2135 587; x_wconf 79' lang='grc' dir='ltr'><strong>Σὴθ</strong></span> <span class='ocrx_word' id='word_1_17' title='bbox 2169 518 2366 571; x_wconf 77' lang='grc' dir='ltr'><strong>δίκαιοι</strong></span> <span class='ocrx_word' id='word_1_18' title='bbox 2404 519 2706 587; x_wconf 77' lang='grc' dir='ltr'><strong>γεγόνασιν,</strong></span> <span class='ocrx_word' id='word_1_19' title='bbox 2736 519 2857 572; x_wconf 71' lang='grc' dir='ltr'><strong>ὅθεν</strong></span> <span class='ocrx_word' id='word_1_20' title='bbox 2886 521 2918 587; x_wconf 70' lang='grc' dir='ltr'><strong>ἡ</strong></span> <span class='ocrx_word' id='word_1_21' title='bbox 2951 519 3138 591; x_wconf 64' lang='grc' dir='ltr'><strong>Γραφὴ</strong></span> <span class='ocrx_word' id='word_1_22' title='bbox 3171 521 3334 589; x_wconf 77' lang='grc' dir='ltr'><strong>ἑαυτῇ</strong></span> <span class='ocrx_word' id='word_1_23' title='bbox 3347 521 3477 573; x_wconf 71' lang='grc' dir='ltr'><strong>ἁκο-</strong></span> <span class='ocrx_word' id='word_1_24' title='bbox 3559 548 3562 552; x_wconf 64' lang='grc' dir='ltr'><strong>ι</strong></span> 
     </span>
    </p>
   </div>
   <div class='ocr_carea' id='block_1_5' title="bbox 221 600 1809 686">
    <p class='ocr_par' dir='ltr' id='par_1_5' title="bbox 221 600 1809 686">
     <span class='ocr_line' id='line_1_5' title="bbox 221 600 1809 686; baseline 0.006 -32"><span class='ocrx_word' id='word_1_25' title='bbox 221 600 331 686; x_wconf 64' lang='grc' dir='ltr'><strong>ξεὶ</strong></span> <span class='ocrx_word' id='word_1_26' title='bbox 362 603 636 672; x_wconf 72' lang='grc' dir='ltr'><strong>μάταιατὸ</strong></span> <span class='ocrx_word' id='word_1_27' title='bbox 669 601 824 670; x_wconf 68' lang='grc' dir='ltr'><strong>λθγος</strong></span> <span class='ocrx_word' id='word_1_28' title='bbox 843 603 1022 658; x_wconf 65' lang='lat' dir='ltr'><strong>aurth</strong></span> <span class='ocrx_word' id='word_1_29' title='bbox 1047 605 1339 661; x_wconf 74' lang='grc' dir='ltr'><strong>δείκνυται.</strong></span> <span class='ocrx_word' id='word_1_30' title='bbox 1371 610 1525 662; x_wconf 67' lang='grc' dir='ltr'><strong>Μετὰ</strong></span> <span class='ocrx_word' id='word_1_31' title='bbox 1547 610 1654 679; x_wconf 73' lang='grc' dir='ltr'><strong>γὰρ</strong></span> <span class='ocrx_word' id='word_1_32' title='bbox 1685 611 1809 663; x_wconf 81' lang='grc' dir='ltr'><strong>πολ-</strong></span> 
     </span>
    </p>
   </div>
   <div class='ocr_carea' id='block_1_6' title="bbox 221 688 1808 766">
    <p class='ocr_par' dir='ltr' id='par_1_6' title="bbox 221 688 1808 766">
     <span class='ocr_line' id='line_1_6' title="bbox 221 688 1808 766; baseline 0.011 -24"><span class='ocrx_word' id='word_1_33' title='bbox 221 688 308 747; x_wconf 67' lang='grc' dir='ltr'>λὰ</span> <span class='ocrx_word' id='word_1_34' title='bbox 327 691 422 764; x_wconf 63' lang='grc' dir='ltr'><strong>ἐτη</strong></span> <span class='ocrx_word' id='word_1_35' title='bbox 457 692 551 746; x_wconf 78' lang='grc' dir='ltr'><strong>τοῦ</strong></span> <span class='ocrx_word' id='word_1_36' title='bbox 582 693 969 766; x_wconf 73' lang='grc' dir='ltr'><strong>κατακλυσμοῦ</strong></span> <span class='ocrx_word' id='word_1_37' title='bbox 998 689 1143 751; x_wconf 77' lang='grc' dir='ltr'><strong>οὗτοι</strong></span> <span class='ocrx_word' id='word_1_38' title='bbox 1173 699 1438 766; x_wconf 70' lang='grc' dir='ltr'><strong>ὲγένοντο.</strong></span> <span class='ocrx_word' id='word_1_39' title='bbox 1459 700 1620 755; x_wconf 87' lang='lat' dir='ltr'><strong>Plura</strong></span> <span class='ocrx_word' id='word_1_40' title='bbox 1640 702 1808 759; x_wconf 82' lang='lat' dir='ltr'><strong>dehis</strong></span> 
     </span>
    </p>
   </div>
   <div class='ocr_carea' id='block_1_7' title="bbox 228 780 1809 855">
    <p class='ocr_par' dir='ltr' id='par_1_7' title="bbox 228 780 1809 855">
     <span class='ocr_line' id='line_1_7' title="bbox 228 780 1809 855; baseline 0.006 -19"><span class='ocrx_word' id='word_1_41' title='bbox 228 781 545 855; x_wconf 74' lang='lat' dir='ltr'><strong>Polydorus</strong></span> <span class='ocrx_word' id='word_1_42' title='bbox 567 780 830 854; x_wconf 77' lang='lat' dir='ltr'><strong>Virgilius</strong></span> <span class='ocrx_word' id='word_1_43' title='bbox 854 783 930 838; x_wconf 80' lang='lat' dir='ltr'><strong>De</strong></span> <span class='ocrx_word' id='word_1_44' title='bbox 966 785 1160 843; x_wconf 75' lang='lat' dir='ltr'><strong>iuvent.</strong></span> <span class='ocrx_word' id='word_1_45' title='bbox 1204 807 1400 843; x_wconf 85' lang='lat' dir='ltr'><strong>rerum.</strong></span> <span class='ocrx_word' id='word_1_46' title='bbox 1428 790 1689 845; x_wconf 85' lang='lat' dir='ltr'><strong>Dicuntur</strong></span> <span class='ocrx_word' id='word_1_47' title='bbox 1711 807 1809 845; x_wconf 79' lang='lat' dir='ltr'><strong>au-</strong></span> 
     </span>
    </p>
   </div>
   <div class='ocr_carea' id='block_1_8' title="bbox 224 877 1804 952">
    <p class='ocr_par' dir='ltr' id='par_1_8' title="bbox 224 877 1804 952">
     <span class='ocr_line' id='line_1_8' title="bbox 224 877 1804 952; baseline 0.006 -23"><span class='ocrx_word' id='word_1_48' title='bbox 224 881 428 932; x_wconf 82' lang='lat' dir='ltr'><strong>tem-et</strong></span> <span class='ocrx_word' id='word_1_49' title='bbox 474 877 530 930; x_wconf 83' lang='lat' dir='ltr'><strong>hi</strong></span> <span class='ocrx_word' id='word_1_50' title='bbox 561 891 722 931; x_wconf 85' lang='lat' dir='ltr'><strong>suum</strong></span> <span class='ocrx_word' id='word_1_51' title='bbox 755 878 994 937; x_wconf 76' lang='lat' dir='ltr'><strong>musices</strong></span> <span class='ocrx_word' id='word_1_52' title='bbox 1028 880 1309 936; x_wconf 88' lang='lat' dir='ltr'><strong>inventum</strong></span> <span class='ocrx_word' id='word_1_53' title='bbox 1351 883 1804 952; x_wconf 81' lang='lat' dir='ltr'><strong>quemadmodum</strong></span> 
     </span>
    </p>
   </div>
   <div class='ocr_carea' id='block_1_9' title="bbox 223 967 1807 1040">
    <p class='ocr_par' dir='ltr' id='par_1_9' title="bbox 223 967 1807 1040">
     <span class='ocr_line' id='line_1_9' title="bbox 223 967 1807 1040; baseline 0.006 -18"><span class='ocrx_word' id='word_1_54' title='bbox 223 975 292 1022; x_wconf 79' lang='lat' dir='ltr'><strong>et</strong></span> <span class='ocrx_word' id='word_1_55' title='bbox 324 967 420 1022; x_wconf 86' lang='lat' dir='ltr'><strong>filii</strong></span> <span class='ocrx_word' id='word_1_56' title='bbox 451 967 603 1022; x_wconf 86' lang='lat' dir='ltr'><strong>Sethi</strong></span> <span class='ocrx_word' id='word_1_57' title='bbox 623 984 710 1033; x_wconf 84' lang='lat' dir='ltr'><strong>ea,</strong></span> <span class='ocrx_word' id='word_1_58' title='bbox 738 985 860 1040; x_wconf 69' lang='lat' dir='ltr'><strong>qua</strong></span> <span class='ocrx_word' id='word_1_59' title='bbox 891 969 959 1026; x_wconf 90' lang='lat' dir='ltr'><strong>de</strong></span> <span class='ocrx_word' id='word_1_60' title='bbox 987 971 1228 1029; x_wconf 82' lang='lat' dir='ltr'><strong>siderum</strong></span> <span class='ocrx_word' id='word_1_61' title='bbox 1272 977 1512 1031; x_wconf 90' lang='lat' dir='ltr'><strong>motibus</strong></span> <span class='ocrx_word' id='word_1_62' title='bbox 1565 985 1618 1031; x_wconf 90' lang='lat' dir='ltr'><strong>et</strong></span> <span class='ocrx_word' id='word_1_63' title='bbox 1640 978 1807 1032; x_wconf 88' lang='lat' dir='ltr'><strong>disci-</strong></span> 
     </span>
    </p>
   </div>
   <div class='ocr_carea' id='block_1_10' title="bbox 224 1061 1430 1131">
    <p class='ocr_par' dir='ltr' id='par_1_10' title="bbox 224 1061 1430 1131">
     <span class='ocr_line' id='line_1_10' title="bbox 224 1061 1430 1131; baseline 0.005 -16"><span class='ocrx_word' id='word_1_64' title='bbox 224 1061 384 1131; x_wconf 83' lang='lat' dir='ltr'><strong>plina</strong></span> <span class='ocrx_word' id='word_1_65' title='bbox 419 1069 756 1130; x_wconf 84' lang='lat' dir='ltr'><strong>repererant,</strong></span> <span class='ocrx_word' id='word_1_66' title='bbox 785 1061 840 1116; x_wconf 88' lang='lat' dir='ltr'><strong>in</strong></span> <span class='ocrx_word' id='word_1_67' title='bbox 875 1062 1151 1120; x_wconf 84' lang='lat' dir='ltr'><strong>columnis</strong></span> <span class='ocrx_word' id='word_1_68' title='bbox 1180 1068 1430 1123; x_wconf 67' lang='lat' dir='ltr'><strong>calasse.</strong></span> 
     </span>
    </p>
   </div>
   <div class='ocr_carea' id='block_1_11' title="bbox 304 1146 1805 1228">
    <p class='ocr_par' dir='ltr' id='par_1_11' title="bbox 304 1146 1805 1228">
     <span class='ocr_line' id='line_1_11' title="bbox 304 1146 1805 1228; baseline 0.006 -24"><span class='ocrx_word' id='word_1_69' title='bbox 304 1146 422 1204; x_wconf 87' lang='lat' dir='ltr'><strong>Col.</strong></span> <span class='ocrx_word' id='word_1_70' title='bbox 437 1148 567 1212; x_wconf 72' lang='grc'><strong>752,</strong></span> <span class='ocrx_word' id='word_1_71' title='bbox 588 1148 683 1204; x_wconf 85' lang='lat' dir='ltr'><strong>lin.</strong></span> <span class='ocrx_word' id='word_1_72' title='bbox 708 1149 795 1206; x_wconf 80' lang='grc' dir='ltr'><strong>Π.</strong></span> <span class='ocrx_word' id='word_1_73' title='bbox 813 1152 917 1207; x_wconf 81' lang='grc' dir='ltr'><strong><em>Ἐκ</em></strong></span> <span class='ocrx_word' id='word_1_74' title='bbox 943 1151 1013 1206; x_wconf 74' lang='grc' dir='ltr'><strong>δὲ</strong></span> <span class='ocrx_word' id='word_1_75' title='bbox 1023 1152 1134 1222; x_wconf 85' lang='grc' dir='ltr'><strong>τῆς</strong></span> <span class='ocrx_word' id='word_1_76' title='bbox 1148 1154 1364 1225; x_wconf 76' lang='grc' dir='ltr'><em>Σελὰμ,</em></span> <span class='ocrx_word' id='word_1_77' title='bbox 1385 1157 1687 1228; x_wconf 81' lang='lat' dir='ltr'><strong>Sculptura:</strong></span> <span class='ocrx_word' id='word_1_78' title='bbox 1705 1158 1805 1213; x_wconf 89' lang='lat' dir='ltr'><strong>fttit</strong></span> 
     </span>
    </p>
   </div>
   <div class='ocr_carea' id='block_1_12' title="bbox 223 1239 1801 1311">
    <p class='ocr_par' dir='ltr' id='par_1_12' title="bbox 223 1239 1801 1311">
     <span class='ocr_line' id='line_1_12' title="bbox 223 1239 1801 1311; baseline 0.006 -17"><span class='ocrx_word' id='word_1_79' title='bbox 223 1250 447 1303; x_wconf 85' lang='lat' dir='ltr'><strong>auctor,</strong></span> <span class='ocrx_word' id='word_1_80' title='bbox 480 1239 728 1297; x_wconf 80' lang='lat' dir='ltr'><strong>fabrilem</strong></span> <span class='ocrx_word' id='word_1_81' title='bbox 758 1251 930 1300; x_wconf 90' lang='lat' dir='ltr'><strong>artem</strong></span> <span class='ocrx_word' id='word_1_82' title='bbox 965 1246 1194 1309; x_wconf 85' lang='lat' dir='ltr'><strong>invenit,</strong></span> <span class='ocrx_word' id='word_1_83' title='bbox 1218 1248 1433 1302; x_wconf 87' lang='lat' dir='ltr'><strong>metalla</strong></span> <span class='ocrx_word' id='word_1_84' title='bbox 1459 1249 1665 1311; x_wconf 70' lang='lat' dir='ltr'><strong>edodit,</strong></span> <span class='ocrx_word' id='word_1_85' title='bbox 1705 1266 1801 1306; x_wconf 79' lang='lat' dir='ltr'><strong>eo-</strong></span> 
     </span>
    </p>
   </div>
   <div class='ocr_carea' id='block_1_13' title="bbox 220 1335 1803 1406">
    <p class='ocr_par' dir='ltr' id='par_1_13' title="bbox 220 1335 1803 1406">
     <span class='ocr_line' id='line_1_13' title="bbox 220 1335 1803 1406; baseline 0.004 -18"><span class='ocrx_word' id='word_1_86' title='bbox 220 1346 356 1388; x_wconf 80' lang='lat' dir='ltr'><strong>rum</strong></span> <span class='ocrx_word' id='word_1_87' title='bbox 400 1349 559 1388; x_wconf 90' lang='lat' dir='ltr'><strong>usum</strong></span> <span class='ocrx_word' id='word_1_88' title='bbox 603 1337 838 1404; x_wconf 89' lang='lat' dir='ltr'><strong>aperuit.</strong></span> <span class='ocrx_word' id='word_1_89' title='bbox 877 1335 1215 1406; x_wconf 81' lang='lat' dir='ltr'><strong>Theophilus</strong></span> <span class='ocrx_word' id='word_1_90' title='bbox 1265 1339 1466 1394; x_wconf 86' lang='lat' dir='ltr'><strong>ibidem</strong></span> <span class='ocrx_word' id='word_1_91' title='bbox 1501 1359 1514 1394; x_wconf 89' lang='lat'><strong><em>:</em></strong></span> <span class='ocrx_word' id='word_1_92' title='bbox 1545 1341 1714 1394; x_wconf 79' lang='grc' dir='ltr'><strong>Θόσελ</strong></span> <span class='ocrx_word' id='word_1_93' title='bbox 1745 1343 1803 1395; x_wconf 79' lang='grc' dir='ltr'><strong>δὲ</strong></span> 
     </span>
    </p>
   </div>
   <div class='ocr_carea' id='block_1_14' title="bbox 223 1423 1800 1505">
    <p class='ocr_par' dir='ltr' id='par_1_14' title="bbox 223 1423 1800 1505">
     <span class='ocr_line' id='line_1_14' title="bbox 223 1423 1800 1505; baseline 0.008 -30"><span class='ocrx_word' id='word_1_94' title='bbox 223 1423 450 1492; x_wconf 68' lang='grc' dir='ltr'><strong>ἑγάνεδο</strong></span> <span class='ocrx_word' id='word_1_95' title='bbox 498 1428 859 1497; x_wconf 77' lang='grc' dir='ltr'><strong>σφυροκόπος.</strong></span> <span class='ocrx_word' id='word_1_96' title='bbox 901 1428 1134 1499; x_wconf 81' lang='grc' dir='ltr'><strong>χαλκεὺς</strong></span> <span class='ocrx_word' id='word_1_97' title='bbox 1185 1429 1386 1500; x_wconf 76' lang='grc' dir='ltr'><strong>χαλκοῦ</strong></span> <span class='ocrx_word' id='word_1_98' title='bbox 1431 1433 1522 1486; x_wconf 79' lang='grc' dir='ltr'><strong>καὶ</strong></span> <span class='ocrx_word' id='word_1_99' title='bbox 1561 1433 1800 1505; x_wconf 85' lang='grc' dir='ltr'><strong>σιδήρου.</strong></span> 
     </span>
    </p>
   </div>
   <div class='ocr_carea' id='block_1_15' title="bbox 222 1513 1802 1589">
    <p class='ocr_par' dir='ltr' id='par_1_15' title="bbox 222 1513 1802 1589">
     <span class='ocr_line' id='line_1_15' title="bbox 222 1513 1802 1589; baseline 0.008 -21"><span class='ocrx_word' id='word_1_100' title='bbox 222 1513 410 1584; x_wconf 78' lang='lat' dir='ltr'><strong>Hujus</strong></span> <span class='ocrx_word' id='word_1_101' title='bbox 454 1517 592 1572; x_wconf 88' lang='lat' dir='ltr'><strong>artis</strong></span> <span class='ocrx_word' id='word_1_102' title='bbox 643 1519 789 1574; x_wconf 81' lang='lat' dir='ltr'><strong>nacti</strong></span> <span class='ocrx_word' id='word_1_103' title='bbox 837 1522 1180 1576; x_wconf 79' lang='lat' dir='ltr'><strong>occasionem</strong></span> <span class='ocrx_word' id='word_1_104' title='bbox 1228 1523 1496 1589; x_wconf 89' lang='lat' dir='ltr'><strong>homines,</strong></span> <span class='ocrx_word' id='word_1_105' title='bbox 1535 1534 1593 1578; x_wconf 92' lang='lat' dir='ltr'><strong>ut</strong></span> <span class='ocrx_word' id='word_1_106' title='bbox 1646 1525 1802 1583; x_wconf 88' lang='lat' dir='ltr'><strong>Philo</strong></span> 
     </span>
    </p>
   </div>
   <div class='ocr_carea' id='block_1_16' title="bbox 219 1606 1802 1685">
    <p class='ocr_par' dir='ltr' id='par_1_16' title="bbox 219 1606 1802 1685">
     <span class='ocr_line' id='line_1_16' title="bbox 219 1606 1802 1685; baseline 0.006 -21"><span class='ocrx_word' id='word_1_107' title='bbox 219 1614 288 1664; x_wconf 87' lang='lat' dir='ltr'><strong>et</strong></span> <span class='ocrx_word' id='word_1_108' title='bbox 323 1606 590 1679; x_wconf 68' lang='lat' dir='ltr'><strong>Iosephus</strong></span> <span class='ocrx_word' id='word_1_109' title='bbox 620 1610 984 1675; x_wconf 88' lang='lat' dir='ltr'><strong>tradiderunt,</strong></span> <span class='ocrx_word' id='word_1_110' title='bbox 1023 1614 1204 1683; x_wconf 90' lang='lat' dir='ltr'><strong>primo</strong></span> <span class='ocrx_word' id='word_1_111' title='bbox 1234 1616 1566 1685; x_wconf 87' lang='lat' dir='ltr'><strong>sculptilium</strong></span> <span class='ocrx_word' id='word_1_112' title='bbox 1594 1629 1646 1673; x_wconf 85' lang='lat' dir='ltr'><strong>et</strong></span> <span class='ocrx_word' id='word_1_113' title='bbox 1687 1618 1802 1673; x_wconf 90' lang='lat' dir='ltr'><strong>ido-</strong></span> 
     </span>
    </p>
   </div>
   <div class='ocr_carea' id='block_1_17' title="bbox 224 1702 1802 1774">
    <p class='ocr_par' dir='ltr' id='par_1_17' title="bbox 224 1702 1802 1774">
     <span class='ocr_line' id='line_1_17' title="bbox 224 1702 1802 1774; baseline 0.006 -18"><span class='ocrx_word' id='word_1_114' title='bbox 224 1702 411 1757; x_wconf 87' lang='lat' dir='ltr'><strong>lorum</strong></span> <span class='ocrx_word' id='word_1_115' title='bbox 445 1703 771 1774; x_wconf 73' lang='lat' dir='ltr'><strong>imaginibus</strong></span> <span class='ocrx_word' id='word_1_116' title='bbox 801 1704 1098 1760; x_wconf 87' lang='lat' dir='ltr'><strong>adorandis</strong></span> <span class='ocrx_word' id='word_1_117' title='bbox 1129 1722 1186 1761; x_wconf 90' lang='lat' dir='ltr'><strong>se</strong></span> <span class='ocrx_word' id='word_1_118' title='bbox 1227 1707 1512 1763; x_wconf 87' lang='lat' dir='ltr'><strong>dederunt.</strong></span> <span class='ocrx_word' id='word_1_119' title='bbox 1551 1709 1802 1766; x_wconf 88' lang='lat' dir='ltr'><strong>Secundo</strong></span> 
     </span>
    </p>
   </div>
   <div class='ocr_carea' id='block_1_18' title="bbox 226 1791 1797 1868">
    <p class='ocr_par' dir='ltr' id='par_1_18' title="bbox 226 1791 1797 1868">
     <span class='ocr_line' id='line_1_18' title="bbox 226 1791 1797 1868; baseline 0.006 -22"><span class='ocrx_word' id='word_1_120' title='bbox 226 1791 464 1857; x_wconf 86' lang='lat' dir='ltr'><strong>ferrum,</strong></span> <span class='ocrx_word' id='word_1_121' title='bbox 495 1801 550 1847; x_wconf 89' lang='lat' dir='ltr'><strong>et</strong></span> <span class='ocrx_word' id='word_1_122' title='bbox 568 1810 641 1849; x_wconf 82' lang='lat' dir='ltr'><strong>:es</strong></span> <span class='ocrx_word' id='word_1_123' title='bbox 677 1795 810 1849; x_wconf 87' lang='lat' dir='ltr'><strong>rude</strong></span> <span class='ocrx_word' id='word_1_124' title='bbox 840 1796 895 1848; x_wconf 94' lang='lat' dir='ltr'><strong>in</strong></span> <span class='ocrx_word' id='word_1_125' title='bbox 921 1795 1045 1849; x_wconf 72' lang='lat' dir='ltr'><strong>belli</strong></span> <span class='ocrx_word' id='word_1_126' title='bbox 1075 1797 1434 1853; x_wconf 86' lang='lat' dir='ltr'><strong>instrumenta</strong></span> <span class='ocrx_word' id='word_1_127' title='bbox 1475 1803 1797 1868; x_wconf 81' lang='lat' dir='ltr'><strong>exacuendi,</strong></span> 
     </span>
    </p>
   </div>
   <div class='ocr_carea' id='block_1_19' title="bbox 1908 607 3477 680">
    <p class='ocr_par' dir='ltr' id='par_1_19' title="bbox 1908 607 3477 680">
     <span class='ocr_line' id='line_1_19' title="bbox 1908 607 3477 680; baseline 0.001 -18"><span class='ocrx_word' id='word_1_128' title='bbox 1908 609 2170 664; x_wconf 81' lang='grc' dir='ltr'><strong>λουθοῢσα</strong></span> <span class='ocrx_word' id='word_1_129' title='bbox 2197 609 2336 680; x_wconf 73' lang='grc' dir='ltr'><strong>μετὰ</strong></span> <span class='ocrx_word' id='word_1_130' title='bbox 2355 608 2528 662; x_wconf 80' lang='grc' dir='ltr'><strong>ταῦτὰ</strong></span> <span class='ocrx_word' id='word_1_131' title='bbox 2553 626 2731 678; x_wconf 76' lang='grc' dir='ltr'><strong>φησιν·</strong></span> <span class='ocrx_word' id='word_1_132' title='bbox 2769 630 2786 660; x_wconf 78' lang='grc' dir='ltr'><strong>ι</strong></span> <span class='ocrx_word' id='word_1_133' title='bbox 2819 607 2968 662; x_wconf 71' lang='grc' dir='ltr'><strong>Εῗδον</strong></span> <span class='ocrx_word' id='word_1_134' title='bbox 2997 612 3045 662; x_wconf 80' lang='grc' dir='ltr'>οἱ</span> <span class='ocrx_word' id='word_1_135' title='bbox 3083 611 3190 662; x_wconf 72' lang='grc' dir='ltr'><strong>υἱοὶ</strong></span> <span class='ocrx_word' id='word_1_136' title='bbox 3212 609 3304 662; x_wconf 78' lang='grc' dir='ltr'><strong>τοῦ</strong></span> <span class='ocrx_word' id='word_1_137' title='bbox 3343 609 3477 664; x_wconf 79' lang='grc' dir='ltr'><strong>Θεοῦ</strong></span> 
     </span>
    </p>
   </div>
   <div class='ocr_carea' id='block_1_20' title="bbox 1904 699 3474 771">
    <p class='ocr_par' dir='ltr' id='par_1_20' title="bbox 1904 699 3474 771">
     <span class='ocr_line' id='line_1_20' title="bbox 1904 699 3474 771; baseline 0.001 -18"><span class='ocrx_word' id='word_1_138' title='bbox 1904 701 2004 764; x_wconf 71' lang='grc' dir='ltr'><strong>τὰς</strong></span> <span class='ocrx_word' id='word_1_139' title='bbox 2033 700 2338 771; x_wconf 78' lang='grc' dir='ltr'><strong>θυγατέρας</strong></span> <span class='ocrx_word' id='word_1_140' title='bbox 2365 699 2474 754; x_wconf 83' lang='grc' dir='ltr'><strong>τῶν</strong></span> <span class='ocrx_word' id='word_1_141' title='bbox 2503 699 2820 769; x_wconf 77' lang='grc' dir='ltr'><strong>ἀνθρώπιον,</strong></span> <span class='ocrx_word' id='word_1_142' title='bbox 2842 721 2859 752; x_wconf 76' lang='grc' dir='ltr'><strong>ι</strong></span> <span class='ocrx_word' id='word_1_143' title='bbox 2900 702 3172 756; x_wconf 66' lang='grc' dir='ltr'><strong>τουτέστιν</strong></span> <span class='ocrx_word' id='word_1_144' title='bbox 3196 701 3474 762; x_wconf 52' lang='grc' dir='ltr'><strong>αἰδίκαιοι.</strong></span> 
     </span>
    </p>
   </div>
   <div class='ocr_carea' id='block_1_21' title="bbox 1908 788 3478 864">
    <p class='ocr_par' dir='ltr' id='par_1_21' title="bbox 1908 788 3478 864">
     <span class='ocr_line' id='line_1_21' title="bbox 1908 788 3478 864; baseline 0.003 -20"><span class='ocrx_word' id='word_1_145' title='bbox 1908 793 1982 845; x_wconf 78' lang='grc' dir='ltr'><strong>Οὐ</strong></span> <span class='ocrx_word' id='word_1_146' title='bbox 2019 793 2125 864; x_wconf 76' lang='grc' dir='ltr'><strong>γὰρ</strong></span> <span class='ocrx_word' id='word_1_147' title='bbox 2153 788 2220 862; x_wconf 79' lang='grc' dir='ltr'><strong>ἧν</strong></span> <span class='ocrx_word' id='word_1_148' title='bbox 2245 791 2494 863; x_wconf 75' lang='grc' dir='ltr'><strong>ἐπιμιξία</strong></span> <span class='ocrx_word' id='word_1_149' title='bbox 2521 790 2630 845; x_wconf 81' lang='grc' dir='ltr'><strong>τῶν</strong></span> <span class='ocrx_word' id='word_1_150' title='bbox 2663 792 2790 844; x_wconf 81' lang='grc' dir='ltr'><strong>υἱῶν</strong></span> <span class='ocrx_word' id='word_1_151' title='bbox 2823 793 2928 863; x_wconf 83' lang='grc' dir='ltr'><strong>Σὴο</strong></span> <span class='ocrx_word' id='word_1_152' title='bbox 2958 794 3090 864; x_wconf 71' lang='grc' dir='ltr'><strong>πρὸς</strong></span> <span class='ocrx_word' id='word_1_153' title='bbox 3125 793 3354 862; x_wconf 45' lang='grc' dir='ltr'><strong>τὰςοάπὸ</strong></span> <span class='ocrx_word' id='word_1_154' title='bbox 3383 792 3478 847; x_wconf 78' lang='grc' dir='ltr'><strong>τοῦ</strong></span> 
     </span>
    </p>
   </div>
   <div class='ocr_carea' id='block_1_22' title="bbox 1907 885 2066 939">
    <p class='ocr_par' dir='ltr' id='par_1_22' title="bbox 1907 885 2066 939">
     <span class='ocr_line' id='line_1_22' title="bbox 1907 885 2066 939; baseline 0.013 -2"><span class='ocrx_word' id='word_1_155' title='bbox 1907 885 2066 939; x_wconf 80' lang='grc' dir='ltr'><strong>Κάῖν.</strong></span> 
     </span>
    </p>
   </div>
   <div class='ocr_carea' id='block_1_23' title="bbox 1975 973 3478 1042">
    <p class='ocr_par' dir='ltr' id='par_1_23' title="bbox 1975 973 3478 1042">
     <span class='ocr_line' id='line_1_23' title="bbox 1975 973 3478 1042; baseline 0.002 -16"><span class='ocrx_word' id='word_1_156' title='bbox 1975 973 2135 1039; x_wconf 86' lang='lat' dir='ltr'><strong>lhid.,</strong></span> <span class='ocrx_word' id='word_1_157' title='bbox 2165 974 2261 1028; x_wconf 88' lang='lat' dir='ltr'><strong>lin.</strong></span> <span class='ocrx_word' id='word_1_158' title='bbox 2292 973 2384 1030; x_wconf 77' lang='grc'><strong>27.</strong></span> <span class='ocrx_word' id='word_1_159' title='bbox 2416 973 2528 1027; x_wconf 80' lang='grc' dir='ltr'><strong>Τοῦ</strong></span> <span class='ocrx_word' id='word_1_160' title='bbox 2559 973 2628 1026; x_wconf 74' lang='grc' dir='ltr'><strong>δὲ</strong></span> <span class='ocrx_word' id='word_1_161' title='bbox 2653 973 2842 1042; x_wconf 70' lang='grc' dir='ltr'><strong>Ἰἁρεδ</strong></span> <span class='ocrx_word' id='word_1_162' title='bbox 2885 976 3032 1040; x_wconf 82' lang='grc' dir='ltr'><strong>υἱός.</strong></span> <span class='ocrx_word' id='word_1_163' title='bbox 3063 973 3328 1041; x_wconf 84' lang='lat' dir='ltr'><strong>Zonaras,</strong></span> <span class='ocrx_word' id='word_1_164' title='bbox 3366 977 3478 1029; x_wconf 73' lang='lat' dir='ltr'><strong>An-</strong></span> 
     </span>
    </p>
   </div>
   <div class='ocr_carea' id='block_1_24' title="bbox 1905 1063 3476 1137">
    <p class='ocr_par' dir='ltr' id='par_1_24' title="bbox 1905 1063 3476 1137">
     <span class='ocr_line' id='line_1_24' title="bbox 1905 1063 3476 1137; baseline -0.001 -18"><span class='ocrx_word' id='word_1_165' title='bbox 1905 1064 2016 1119; x_wconf 83' lang='lat' dir='ltr'><strong>nal.</strong></span> <span class='ocrx_word' id='word_1_166' title='bbox 2052 1075 2190 1118; x_wconf 75' lang='lat' dir='ltr'><strong>toni.</strong></span> <span class='ocrx_word' id='word_1_167' title='bbox 2217 1063 2235 1118; x_wconf 84' lang='grc' dir='ltr'><strong>Ι</strong></span> <span class='ocrx_word' id='word_1_168' title='bbox 2267 1085 2280 1119; x_wconf 89' lang='lat'>:</span> <span class='ocrx_word' id='word_1_169' title='bbox 2311 1065 2654 1136; x_wconf 72' lang='grc' dir='ltr'><strong>Εὑηρέστησε</strong></span> <span class='ocrx_word' id='word_1_170' title='bbox 2694 1065 2750 1118; x_wconf 73' lang='grc' dir='ltr'><strong>δὲ</strong></span> <span class='ocrx_word' id='word_1_171' title='bbox 2792 1065 2961 1136; x_wconf 82' lang='grc' dir='ltr'><strong>Ἑνὼχ</strong></span> <span class='ocrx_word' id='word_1_172' title='bbox 3002 1065 3078 1135; x_wconf 85' lang='grc' dir='ltr'><strong>τῷ</strong></span> <span class='ocrx_word' id='word_1_173' title='bbox 3118 1065 3328 1137; x_wconf 74' lang='grc' dir='ltr'><strong>Κυρίῳ,</strong></span> <span class='ocrx_word' id='word_1_174' title='bbox 3381 1066 3476 1118; x_wconf 76' lang='grc' dir='ltr'><strong>καὶ</strong></span> 
     </span>
    </p>
   </div>
   <div class='ocr_carea' id='block_1_25' title="bbox 1907 1155 3478 1230">
    <p class='ocr_par' dir='ltr' id='par_1_25' title="bbox 1907 1155 3478 1230">
     <span class='ocr_line' id='line_1_25' title="bbox 1907 1155 3478 1230; baseline -0.001 -18"><span class='ocrx_word' id='word_1_175' title='bbox 1907 1157 2190 1230; x_wconf 80' lang='grc' dir='ltr'><strong>μετετέθη,</strong></span> <span class='ocrx_word' id='word_1_176' title='bbox 2227 1158 2318 1212; x_wconf 76' lang='grc' dir='ltr'><strong>καὶ</strong></span> <span class='ocrx_word' id='word_1_177' title='bbox 2351 1159 2450 1227; x_wconf 85' lang='grc' dir='ltr'><strong>οὐχ</strong></span> <span class='ocrx_word' id='word_1_178' title='bbox 2489 1157 2772 1229; x_wconf 74' lang='grc' dir='ltr'><strong>εὑρίσκετο</strong></span> <span class='ocrx_word' id='word_1_179' title='bbox 2799 1158 2932 1210; x_wconf 82' lang='grc' dir='ltr'><strong>ὲτῶν</strong></span> <span class='ocrx_word' id='word_1_180' title='bbox 2973 1155 3211 1224; x_wconf 84' lang='grc' dir='ltr'><strong>γεγονὼς</strong></span> <span class='ocrx_word' id='word_1_181' title='bbox 3258 1172 3478 1227; x_wconf 71' lang='grc' dir='ltr'><strong>τριακο-</strong></span> 
     </span>
    </p>
   </div>
   <div class='ocr_carea' id='block_1_26' title="bbox 1907 1244 3479 1318">
    <p class='ocr_par' dir='ltr' id='par_1_26' title="bbox 1907 1244 3479 1318">
     <span class='ocr_line' id='line_1_26' title="bbox 1907 1244 3479 1318; baseline -0.002 -18"><span class='ocrx_word' id='word_1_182' title='bbox 1907 1247 2038 1300; x_wconf 73' lang='grc' dir='ltr'><strong>σίων</strong></span> <span class='ocrx_word' id='word_1_183' title='bbox 2067 1248 2325 1318; x_wconf 77' lang='grc' dir='ltr'><strong>ἐξήκοντα</strong></span> <span class='ocrx_word' id='word_1_184' title='bbox 2353 1245 2445 1300; x_wconf 80' lang='grc' dir='ltr'><strong>καὶ</strong></span> <span class='ocrx_word' id='word_1_185' title='bbox 2476 1247 2658 1299; x_wconf 82' lang='grc' dir='ltr'><strong>πέντε.</strong></span> <span class='ocrx_word' id='word_1_186' title='bbox 2689 1244 2930 1298; x_wconf 81' lang='lat' dir='ltr'><strong>Primum</strong></span> <span class='ocrx_word' id='word_1_187' title='bbox 2976 1246 3064 1300; x_wconf 85' lang='lat' dir='ltr'><strong>hic</strong></span> <span class='ocrx_word' id='word_1_188' title='bbox 3089 1244 3479 1300; x_wconf 88' lang='lat' dir='ltr'><strong>advertendum</strong></span> 
     </span>
    </p>
   </div>
   <div class='ocr_carea' id='block_1_27' title="bbox 1907 1333 3480 1407">
    <p class='ocr_par' dir='ltr' id='par_1_27' title="bbox 1907 1333 3480 1407">
     <span class='ocr_line' id='line_1_27' title="bbox 1907 1333 3480 1407; baseline 0 -16"><span class='ocrx_word' id='word_1_189' title='bbox 1907 1337 2294 1407; x_wconf 79' lang='lat' dir='ltr'><strong>Hieronymum</strong></span> <span class='ocrx_word' id='word_1_190' title='bbox 2335 1338 2498 1391; x_wconf 79' lang='lat' dir='ltr'><strong>veluti</strong></span> <span class='ocrx_word' id='word_1_191' title='bbox 2535 1337 2796 1392; x_wconf 85' lang='lat' dir='ltr'><strong>memoria</strong></span> <span class='ocrx_word' id='word_1_192' title='bbox 2851 1337 3061 1405; x_wconf 86' lang='lat' dir='ltr'><strong>lapsum</strong></span> <span class='ocrx_word' id='word_1_193' title='bbox 3106 1338 3285 1390; x_wconf 90' lang='lat' dir='ltr'><strong>notari</strong></span> <span class='ocrx_word' id='word_1_194' title='bbox 3314 1352 3344 1391; x_wconf 83' lang='lat' dir='ltr'><strong>a</strong></span> <span class='ocrx_word' id='word_1_195' title='bbox 3377 1333 3480 1392; x_wconf 82' lang='lat' dir='ltr'><strong>Pe-</strong></span> 
     </span>
    </p>
   </div>
   <div class='ocr_carea' id='block_1_28' title="bbox 1904 1427 3481 1498">
    <p class='ocr_par' dir='ltr' id='par_1_28' title="bbox 1904 1427 3481 1498">
     <span class='ocr_line' id='line_1_28' title="bbox 1904 1427 3481 1498; baseline -0.001 -14"><span class='ocrx_word' id='word_1_196' title='bbox 1904 1431 2049 1484; x_wconf 86' lang='lat' dir='ltr'><strong>rerio</strong></span> <span class='ocrx_word' id='word_1_197' title='bbox 2088 1431 2141 1483; x_wconf 87' lang='lat' dir='ltr'><strong>in</strong></span> <span class='ocrx_word' id='word_1_198' title='bbox 2168 1427 2376 1492; x_wconf 77' lang='lat' dir='ltr'><strong>Genes.,</strong></span> <span class='ocrx_word' id='word_1_199' title='bbox 2413 1429 2509 1482; x_wconf 88' lang='lat' dir='ltr'><strong>lib.</strong></span> <span class='ocrx_word' id='word_1_200' title='bbox 2543 1445 2618 1484; x_wconf 89' lang='lat' dir='ltr'><strong>vtt</strong></span> <span class='ocrx_word' id='word_1_201' title='bbox 2645 1427 2722 1497; x_wconf 88' lang='lat' dir='ltr'><strong>(id</strong></span> <span class='ocrx_word' id='word_1_202' title='bbox 2762 1428 2930 1498; x_wconf 89' lang='lat' dir='ltr'><strong>quod,</strong></span> <span class='ocrx_word' id='word_1_203' title='bbox 2982 1436 3040 1482; x_wconf 89' lang='lat' dir='ltr'><strong>ut</strong></span> <span class='ocrx_word' id='word_1_204' title='bbox 3085 1429 3199 1498; x_wconf 90' lang='lat' dir='ltr'><strong>ipse</strong></span> <span class='ocrx_word' id='word_1_205' title='bbox 3239 1428 3334 1492; x_wconf 79' lang='lat' dir='ltr'><strong>ait,</strong></span> <span class='ocrx_word' id='word_1_206' title='bbox 3363 1441 3481 1482; x_wconf 86' lang='lat' dir='ltr'><strong>ma-</strong></span> 
     </span>
    </p>
   </div>
   <div class='ocr_carea' id='block_1_29' title="bbox 1903 1519 3477 1594">
    <p class='ocr_par' dir='ltr' id='par_1_29' title="bbox 1903 1519 3477 1594">
     <span class='ocr_line' id='line_1_29' title="bbox 1903 1519 3477 1594; baseline -0.001 -18"><span class='ocrx_word' id='word_1_207' title='bbox 1903 1525 2026 1594; x_wconf 90' lang='lat' dir='ltr'><strong>gnis</strong></span> <span class='ocrx_word' id='word_1_208' title='bbox 2050 1523 2205 1586; x_wconf 85' lang='lat' dir='ltr'><strong>viris,</strong></span> <span class='ocrx_word' id='word_1_209' title='bbox 2235 1522 2323 1575; x_wconf 89' lang='lat' dir='ltr'><strong>vel</strong></span> <span class='ocrx_word' id='word_1_210' title='bbox 2368 1521 2535 1575; x_wconf 90' lang='lat' dir='ltr'><strong>nimia</strong></span> <span class='ocrx_word' id='word_1_211' title='bbox 2583 1521 2861 1576; x_wconf 77' lang='lat' dir='ltr'><strong>memoria:</strong></span> <span class='ocrx_word' id='word_1_212' title='bbox 2892 1519 3110 1584; x_wconf 80' lang='lat' dir='ltr'><strong>ﬁducia,</strong></span> <span class='ocrx_word' id='word_1_213' title='bbox 3145 1521 3227 1575; x_wconf 86' lang='lat' dir='ltr'><strong>vel</strong></span> <span class='ocrx_word' id='word_1_214' title='bbox 3267 1520 3371 1574; x_wconf 91' lang='lat' dir='ltr'><strong>alia</strong></span> <span class='ocrx_word' id='word_1_215' title='bbox 3420 1520 3477 1574; x_wconf 90' lang='lat' dir='ltr'><strong>in</strong></span> 
     </span>
    </p>
   </div>
   <div class='ocr_carea' id='block_1_30' title="bbox 1903 1613 3478 1684">
    <p class='ocr_par' dir='ltr' id='par_1_30' title="bbox 1903 1613 3478 1684">
     <span class='ocr_line' id='line_1_30' title="bbox 1903 1613 3478 1684; baseline -0.001 -16"><span class='ocrx_word' id='word_1_216' title='bbox 1903 1630 1962 1671; x_wconf 91' lang='lat' dir='ltr'><strong>re</strong></span> <span class='ocrx_word' id='word_1_217' title='bbox 2022 1615 2203 1671; x_wconf 88' lang='lat' dir='ltr'><strong>studio</strong></span> <span class='ocrx_word' id='word_1_218' title='bbox 2249 1629 2493 1684; x_wconf 88' lang='lat' dir='ltr'><strong>curaque</strong></span> <span class='ocrx_word' id='word_1_219' title='bbox 2537 1613 2885 1669; x_wconf 88' lang='lat' dir='ltr'><strong>vehementer</strong></span> <span class='ocrx_word' id='word_1_220' title='bbox 2924 1613 3146 1667; x_wconf 87' lang='lat' dir='ltr'><strong>intentis</strong></span> <span class='ocrx_word' id='word_1_221' title='bbox 3198 1629 3309 1666; x_wconf 88' lang='lat' dir='ltr'><strong>non</strong></span> <span class='ocrx_word' id='word_1_222' title='bbox 3350 1627 3478 1666; x_wconf 85' lang='lat' dir='ltr'><strong>raro</strong></span> 
     </span>
    </p>
   </div>
   <div class='ocr_carea' id='block_1_31' title="bbox 1902 1703 3480 1779">
    <p class='ocr_par' dir='ltr' id='par_1_31' title="bbox 1902 1703 3480 1779">
     <span class='ocr_line' id='line_1_31' title="bbox 1902 1703 3480 1779; baseline -0.001 -19"><span class='ocrx_word' id='word_1_223' title='bbox 1902 1706 2209 1778; x_wconf 63' lang='lat' dir='ltr'><strong>contingit);</strong></span> <span class='ocrx_word' id='word_1_224' title='bbox 2229 1708 2275 1762; x_wconf 90' lang='lat' dir='ltr'><strong>si</strong></span> <span class='ocrx_word' id='word_1_225' title='bbox 2304 1705 2519 1779; x_wconf 87' lang='lat' dir='ltr'><strong>quidem</strong></span> <span class='ocrx_word' id='word_1_226' title='bbox 2549 1705 2692 1776; x_wconf 81' lang='lat' dir='ltr'><strong>quod</strong></span> <span class='ocrx_word' id='word_1_227' title='bbox 2723 1705 2826 1760; x_wconf 90' lang='lat' dir='ltr'><strong>hoc</strong></span> <span class='ocrx_word' id='word_1_228' title='bbox 2857 1707 2977 1760; x_wconf 91' lang='lat' dir='ltr'><strong>loco</strong></span> <span class='ocrx_word' id='word_1_229' title='bbox 3007 1703 3286 1774; x_wconf 80' lang='lat' dir='ltr'><strong>Scriptura</strong></span> <span class='ocrx_word' id='word_1_230' title='bbox 3314 1703 3480 1759; x_wconf 83' lang='lat' dir='ltr'><strong>tradit</strong></span> 
     </span>
    </p>
   </div>
   <div class='ocr_carea' id='block_1_32' title="bbox 1904 1794 3476 1867">
    <p class='ocr_par' dir='ltr' id='par_1_32' title="bbox 1904 1794 3476 1867">
     <span class='ocr_line' id='line_1_32' title="bbox 1904 1794 3476 1867; baseline -0.001 -16"><span class='ocrx_word' id='word_1_231' title='bbox 1904 1797 1970 1851; x_wconf 89' lang='lat' dir='ltr'><strong>de</strong></span> <span class='ocrx_word' id='word_1_232' title='bbox 2001 1796 2208 1863; x_wconf 90' lang='lat' dir='ltr'><strong>Enoch,</strong></span> <span class='ocrx_word' id='word_1_233' title='bbox 2239 1797 2330 1867; x_wconf 86' lang='lat' dir='ltr'><strong>qui</strong></span> <span class='ocrx_word' id='word_1_234' title='bbox 2356 1797 2621 1867; x_wconf 89' lang='lat' dir='ltr'><strong>septimus</strong></span> <span class='ocrx_word' id='word_1_235' title='bbox 2659 1794 2761 1851; x_wconf 88' lang='lat' dir='ltr'><strong>fuit</strong></span> <span class='ocrx_word' id='word_1_236' title='bbox 2796 1796 2864 1850; x_wconf 90' lang='lat' dir='ltr'><strong>ab</strong></span> <span class='ocrx_word' id='word_1_237' title='bbox 2899 1795 3127 1859; x_wconf 84' lang='lat' dir='ltr'><strong>Adamo,</strong></span> <span class='ocrx_word' id='word_1_238' title='bbox 3161 1796 3278 1865; x_wconf 91' lang='lat' dir='ltr'><strong>ipse</strong></span> <span class='ocrx_word' id='word_1_239' title='bbox 3318 1795 3476 1849; x_wconf 88' lang='lat' dir='ltr'><strong>attri-</strong></span> 
     </span>
    </p>
   </div>
   <div class='ocr_carea' id='block_1_33' title="bbox 225 1865 3479 1961">
    <p class='ocr_par' dir='ltr' id='par_1_33' title="bbox 225 1865 3479 1961">
     <span class='ocr_line' id='line_1_33' title="bbox 225 1865 3479 1961; baseline -0 -22"><span class='ocrx_word' id='word_1_240' title='bbox 225 1891 290 1939; x_wconf 76' lang='grc' dir='ltr'><strong>ει</strong></span> <span class='ocrx_word' id='word_1_241' title='bbox 322 1884 700 1943; x_wconf 73' lang='lat' dir='ltr'><strong>conformandi</strong></span> <span class='ocrx_word' id='word_1_242' title='bbox 747 1896 998 1942; x_wconf 84' lang='lat' dir='ltr'><strong>auctores</strong></span> <span class='ocrx_word' id='word_1_243' title='bbox 1037 1888 1229 1954; x_wconf 88' lang='lat' dir='ltr'><strong>fuere;</strong></span> <span class='ocrx_word' id='word_1_244' title='bbox 1259 1903 1548 1961; x_wconf 78' lang='lat' dir='ltr'><strong>utrumque</strong></span> <span class='ocrx_word' id='word_1_245' title='bbox 1595 1865 1802 1948; x_wconf 65' lang='lat' dir='ltr'><strong>naturae</strong></span> <span class='ocrx_word' id='word_1_246' title='bbox 1837 1865 1876 1919; x_wconf 78' lang='grc' dir='ltr'><strong>Β</strong></span> <span class='ocrx_word' id='word_1_247' title='bbox 1904 1889 2023 1943; x_wconf 86' lang='lat' dir='ltr'><strong>buit</strong></span> <span class='ocrx_word' id='word_1_248' title='bbox 2052 1887 2196 1942; x_wconf 88' lang='lat' dir='ltr'><strong>Enos</strong></span> <span class='ocrx_word' id='word_1_249' title='bbox 2247 1865 2358 1942; x_wconf 81' lang='lat' dir='ltr'><strong>filio</strong></span> <span class='ocrx_word' id='word_1_250' title='bbox 2389 1865 2544 1953; x_wconf 80' lang='lat' dir='ltr'><strong>Seth,</strong></span> <span class='ocrx_word' id='word_1_251' title='bbox 2576 1888 2767 1942; x_wconf 83' lang='lat' dir='ltr'><strong>Adami</strong></span> <span class='ocrx_word' id='word_1_252' title='bbox 2797 1888 3001 1957; x_wconf 89' lang='lat' dir='ltr'><strong>nepoti.</strong></span> <span class='ocrx_word' id='word_1_253' title='bbox 3043 1884 3134 1942; x_wconf 86' lang='lat' dir='ltr'><strong>Sic</strong></span> <span class='ocrx_word' id='word_1_254' title='bbox 3163 1887 3307 1942; x_wconf 88' lang='lat' dir='ltr'><strong>enim</strong></span> <span class='ocrx_word' id='word_1_255' title='bbox 3340 1885 3479 1940; x_wconf 87' lang='lat' dir='ltr'><strong>scri-</strong></span> 
     </span>
    </p>
   </div>
   <div class='ocr_carea' id='block_1_34' title="bbox 223 1976 1049 2045">
    <p class='ocr_par' dir='ltr' id='par_1_34' title="bbox 223 1976 1049 2045">
     <span class='ocr_line' id='line_1_34' title="bbox 223 1976 1049 2045; baseline 0.001 -15"><span class='ocrx_word' id='word_1_256' title='bbox 223 1977 482 2030; x_wconf 81' lang='lat' dir='ltr'><strong>humanae</strong></span> <span class='ocrx_word' id='word_1_257' title='bbox 507 1976 1049 2045; x_wconf 87' lang='lat' dir='ltr'><strong>perniciosissimum.</strong></span> 
     </span>
    </p>
   </div>
   <div class='ocr_carea' id='block_1_35' title="bbox 304 2065 1801 2139">
    <p class='ocr_par' dir='ltr' id='par_1_35' title="bbox 304 2065 1801 2139">
     <span class='ocr_line' id='line_1_35' title="bbox 304 2065 1801 2139; baseline 0.007 -19"><span class='ocrx_word' id='word_1_258' title='bbox 304 2065 462 2131; x_wconf 93' lang='lat' dir='ltr'><strong>lbid.,</strong></span> <span class='ocrx_word' id='word_1_259' title='bbox 498 2069 593 2123; x_wconf 92' lang='lat' dir='ltr'><strong>lin.</strong></span> <span class='ocrx_word' id='word_1_260' title='bbox 626 2067 715 2122; x_wconf 78' lang='lat' dir='ltr'><strong>i9.</strong></span> <span class='ocrx_word' id='word_1_261' title='bbox 763 2068 825 2121; x_wconf 84' lang='lat'><strong>&#39;0</strong></span> <span class='ocrx_word' id='word_1_262' title='bbox 858 2067 927 2121; x_wconf 72' lang='grc' dir='ltr'><em>δὲ</em></span> <span class='ocrx_word' id='word_1_263' title='bbox 967 2068 1149 2138; x_wconf 79' lang='grc' dir='ltr'><strong>Ἀδὰμ</strong></span> <span class='ocrx_word' id='word_1_264' title='bbox 1179 2069 1385 2139; x_wconf 70' lang='grc' dir='ltr'><strong>ζήσας.</strong></span> <span class='ocrx_word' id='word_1_265' title='bbox 1412 2071 1590 2128; x_wconf 85' lang='lat' dir='ltr'><strong>Editio</strong></span> <span class='ocrx_word' id='word_1_266' title='bbox 1616 2074 1801 2130; x_wconf 73' lang='lat' dir='ltr'><strong>Graeca</strong></span> 
     </span>
    </p>
   </div>
   <div class='ocr_carea' id='block_1_36' title="bbox 228 2153 1802 2228">
    <p class='ocr_par' dir='ltr' id='par_1_36' title="bbox 228 2153 1802 2228">
     <span class='ocr_line' id='line_1_36' title="bbox 228 2153 1802 2228; baseline 0.006 -18"><span class='ocrx_word' id='word_1_267' title='bbox 228 2153 592 2226; x_wconf 76' lang='lat' dir='ltr'><strong>Septuaginta</strong></span> <span class='ocrx_word' id='word_1_268' title='bbox 632 2158 997 2228; x_wconf 90' lang='lat' dir='ltr'><strong>lnterpretum</strong></span> <span class='ocrx_word' id='word_1_269' title='bbox 1040 2159 1098 2213; x_wconf 90' lang='lat' dir='ltr'><strong>in</strong></span> <span class='ocrx_word' id='word_1_270' title='bbox 1147 2165 1534 2218; x_wconf 80' lang='lat' dir='ltr'><strong>enumerandis</strong></span> <span class='ocrx_word' id='word_1_271' title='bbox 1582 2165 1802 2220; x_wconf 91' lang='lat' dir='ltr'><strong>humani</strong></span> 
     </span>
    </p>
   </div>
   <div class='ocr_carea' id='block_1_37' title="bbox 223 2249 1801 2315">
    <p class='ocr_par' dir='ltr' id='par_1_37' title="bbox 223 2249 1801 2315">
     <span class='ocr_line' id='line_1_37' title="bbox 223 2249 1801 2315; baseline 0.008 -16"><span class='ocrx_word' id='word_1_272' title='bbox 223 2249 445 2315; x_wconf 87' lang='lat' dir='ltr'><strong>generis</strong></span> <span class='ocrx_word' id='word_1_273' title='bbox 477 2255 763 2302; x_wconf 89' lang='lat' dir='ltr'><strong>auctorum</strong></span> <span class='ocrx_word' id='word_1_274' title='bbox 811 2249 972 2305; x_wconf 90' lang='lat' dir='ltr'><strong>annis</strong></span> <span class='ocrx_word' id='word_1_275' title='bbox 1010 2265 1135 2304; x_wconf 91' lang='lat' dir='ltr'><strong>cum</strong></span> <span class='ocrx_word' id='word_1_276' title='bbox 1183 2250 1449 2306; x_wconf 83' lang='lat' dir='ltr'><strong>Hebraica</strong></span> <span class='ocrx_word' id='word_1_277' title='bbox 1489 2252 1801 2310; x_wconf 65' lang='lat' dir='ltr'><strong>Judaaorum</strong></span> 
     </span>
    </p>
   </div>
   <div class='ocr_carea' id='block_1_38' title="bbox 226 2335 1800 2413">
    <p class='ocr_par' dir='ltr' id='par_1_38' title="bbox 226 2335 1800 2413">
     <span class='ocr_line' id='line_1_38' title="bbox 226 2335 1800 2413; baseline 0.009 -23"><span class='ocrx_word' id='word_1_278' title='bbox 226 2352 340 2391; x_wconf 85' lang='lat' dir='ltr'><strong>non</strong></span> <span class='ocrx_word' id='word_1_279' title='bbox 365 2335 646 2406; x_wconf 64' lang='lat' dir='ltr'><strong>convenit;</strong></span> <span class='ocrx_word' id='word_1_280' title='bbox 670 2356 858 2395; x_wconf 89' lang='lat' dir='ltr'><strong>eorum</strong></span> <span class='ocrx_word' id='word_1_281' title='bbox 874 2341 1234 2396; x_wconf 75' lang='lat' dir='ltr'><strong>differentiam</strong></span> <span class='ocrx_word' id='word_1_282' title='bbox 1265 2345 1446 2413; x_wconf 85' lang='lat' dir='ltr'><strong>plures</strong></span> <span class='ocrx_word' id='word_1_283' title='bbox 1473 2354 1800 2405; x_wconf 88' lang='lat' dir='ltr'><strong>tractarunt.</strong></span> 
     </span>
    </p>
   </div>
   <div class='ocr_carea' id='block_1_39' title="bbox 228 2427 1800 2501">
    <p class='ocr_par' dir='ltr' id='par_1_39' title="bbox 228 2427 1800 2501">
     <span class='ocr_line' id='line_1_39' title="bbox 228 2427 1800 2501; baseline 0.008 -23"><span class='ocrx_word' id='word_1_284' title='bbox 228 2427 369 2484; x_wconf 84' lang='lat' dir='ltr'><strong>Vide</strong></span> <span class='ocrx_word' id='word_1_285' title='bbox 420 2432 564 2501; x_wconf 90' lang='lat' dir='ltr'><strong>apud</strong></span> <span class='ocrx_word' id='word_1_286' title='bbox 605 2430 819 2487; x_wconf 78' lang='lat' dir='ltr'><strong>Sixtum</strong></span> <span class='ocrx_word' id='word_1_287' title='bbox 873 2433 1194 2498; x_wconf 83' lang='lat' dir='ltr'><strong>Senensem,</strong></span> <span class='ocrx_word' id='word_1_288' title='bbox 1228 2435 1506 2490; x_wconf 78' lang='lat' dir='ltr'><strong>Pereriuni</strong></span> <span class='ocrx_word' id='word_1_289' title='bbox 1558 2447 1611 2492; x_wconf 82' lang='lat' dir='ltr'><strong>et</strong></span> <span class='ocrx_word' id='word_1_290' title='bbox 1644 2439 1800 2496; x_wconf 90' lang='lat' dir='ltr'><strong>alios.</strong></span> 
     </span>
    </p>
   </div>
   <div class='ocr_carea' id='block_1_40' title="bbox 227 2519 1801 2596">
    <p class='ocr_par' dir='ltr' id='par_1_40' title="bbox 227 2519 1801 2596">
     <span class='ocr_line' id='line_1_40' title="bbox 227 2519 1801 2596; baseline 0.006 -22"><span class='ocrx_word' id='word_1_291' title='bbox 227 2519 406 2574; x_wconf 73' lang='lat' dir='ltr'><strong>Graeci</strong></span> <span class='ocrx_word' id='word_1_292' title='bbox 439 2529 657 2575; x_wconf 85' lang='lat' dir='ltr'><strong>centum</strong></span> <span class='ocrx_word' id='word_1_293' title='bbox 707 2537 882 2578; x_wconf 91' lang='lat' dir='ltr'><strong>annos</strong></span> <span class='ocrx_word' id='word_1_294' title='bbox 919 2524 1041 2594; x_wconf 89' lang='lat' dir='ltr'><strong>plus</strong></span> <span class='ocrx_word' id='word_1_295' title='bbox 1072 2525 1320 2590; x_wconf 85' lang='lat' dir='ltr'><strong>tribuunt</strong></span> <span class='ocrx_word' id='word_1_296' title='bbox 1351 2543 1512 2596; x_wconf 81' lang='lat' dir='ltr'><strong>quam</strong></span> <span class='ocrx_word' id='word_1_297' title='bbox 1569 2527 1801 2594; x_wconf 75' lang='lat' dir='ltr'><strong>Hebra-i,</strong></span> 
     </span>
    </p>
   </div>
   <div class='ocr_carea' id='block_1_41' title="bbox 229 2610 1804 2680">
    <p class='ocr_par' dir='ltr' id='par_1_41' title="bbox 229 2610 1804 2680">
     <span class='ocr_line' id='line_1_41' title="bbox 229 2610 1804 2680; baseline 0.007 -17"><span class='ocrx_word' id='word_1_298' title='bbox 229 2621 428 2680; x_wconf 53' lang='lat' dir='ltr'><strong>praeter</strong></span> <span class='ocrx_word' id='word_1_299' title='bbox 456 2610 709 2668; x_wconf 87' lang='lat' dir='ltr'><strong>Lamecbi</strong></span> <span class='ocrx_word' id='word_1_300' title='bbox 741 2629 936 2679; x_wconf 89' lang='lat' dir='ltr'><strong>annos,</strong></span> <span class='ocrx_word' id='word_1_301' title='bbox 974 2617 1067 2670; x_wconf 90' lang='lat' dir='ltr'><strong>ubi</strong></span> <span class='ocrx_word' id='word_1_302' title='bbox 1117 2632 1208 2672; x_wconf 87' lang='lat' dir='ltr'><strong>sex</strong></span> <span class='ocrx_word' id='word_1_303' title='bbox 1245 2621 1402 2671; x_wconf 84' lang='lat' dir='ltr'><strong>annis</strong></span> <span class='ocrx_word' id='word_1_304' title='bbox 1458 2627 1668 2674; x_wconf 86' lang='lat' dir='ltr'><strong>tantum</strong></span> <span class='ocrx_word' id='word_1_305' title='bbox 1721 2623 1804 2674; x_wconf 82' lang='lat' dir='ltr'><strong>di-</strong></span> 
     </span>
    </p>
   </div>
   <div class='ocr_carea' id='block_1_42' title="bbox 226 2704 1803 2780">
    <p class='ocr_par' dir='ltr' id='par_1_42' title="bbox 226 2704 1803 2780">
     <span class='ocr_line' id='line_1_42' title="bbox 226 2704 1803 2780; baseline 0.006 -22"><span class='ocrx_word' id='word_1_306' title='bbox 226 2712 410 2769; x_wconf 78' lang='lat' dir='ltr'><strong>staut,</strong></span> <span class='ocrx_word' id='word_1_307' title='bbox 439 2715 490 2760; x_wconf 88' lang='lat' dir='ltr'><strong>et</strong></span> <span class='ocrx_word' id='word_1_308' title='bbox 522 2704 737 2773; x_wconf 78' lang='lat' dir='ltr'><strong>Noe-tbi,</strong></span> <span class='ocrx_word' id='word_1_309' title='bbox 763 2709 817 2760; x_wconf 91' lang='lat' dir='ltr'><strong>in</strong></span> <span class='ocrx_word' id='word_1_310' title='bbox 857 2709 1059 2778; x_wconf 85' lang='lat' dir='ltr'><strong>quibus</strong></span> <span class='ocrx_word' id='word_1_311' title='bbox 1092 2710 1532 2780; x_wconf 79' lang='lat' dir='ltr'><strong>quingentesimo</strong></span> <span class='ocrx_word' id='word_1_312' title='bbox 1561 2724 1612 2768; x_wconf 91' lang='lat' dir='ltr'><strong>et</strong></span> <span class='ocrx_word' id='word_1_313' title='bbox 1647 2730 1803 2768; x_wconf 87' lang='lat' dir='ltr'><strong>sexa-</strong></span> 
     </span>
    </p>
   </div>
   <div class='ocr_carea' id='block_1_43' title="bbox 225 2798 1803 2873">
    <p class='ocr_par' dir='ltr' id='par_1_43' title="bbox 225 2798 1803 2873">
     <span class='ocr_line' id='line_1_43' title="bbox 225 2798 1803 2873; baseline 0.007 -23"><span class='ocrx_word' id='word_1_314' title='bbox 225 2798 448 2866; x_wconf 80' lang='lat' dir='ltr'><strong>gesimo</strong></span> <span class='ocrx_word' id='word_1_315' title='bbox 500 2799 722 2853; x_wconf 88' lang='lat' dir='ltr'><strong>omnino</strong></span> <span class='ocrx_word' id='word_1_316' title='bbox 761 2801 1118 2855; x_wconf 88' lang='lat' dir='ltr'><strong>conveniunt.</strong></span> <span class='ocrx_word' id='word_1_317' title='bbox 1173 2801 1246 2854; x_wconf 87' lang='lat' dir='ltr'><strong>De</strong></span> <span class='ocrx_word' id='word_1_318' title='bbox 1287 2805 1564 2873; x_wconf 83' lang='lat' dir='ltr'><strong>sepultura</strong></span> <span class='ocrx_word' id='word_1_319' title='bbox 1611 2808 1803 2862; x_wconf 75' lang='lat' dir='ltr'><strong>Adami</strong></span> 
     </span>
    </p>
   </div>
   <div class='ocr_carea' id='block_1_44' title="bbox 223 2890 1802 2957">
    <p class='ocr_par' dir='ltr' id='par_1_44' title="bbox 223 2890 1802 2957">
     <span class='ocr_line' id='line_1_44' title="bbox 223 2890 1802 2957; baseline 0.006 -13"><span class='ocrx_word' id='word_1_320' title='bbox 223 2899 492 2945; x_wconf 87' lang='lat' dir='ltr'><strong>constans</strong></span> <span class='ocrx_word' id='word_1_321' title='bbox 541 2900 624 2945; x_wconf 91' lang='lat' dir='ltr'><strong>est</strong></span> <span class='ocrx_word' id='word_1_322' title='bbox 657 2890 1003 2947; x_wconf 67' lang='lat' dir='ltr'><strong>Hebraeorum</strong></span> <span class='ocrx_word' id='word_1_323' title='bbox 1053 2894 1301 2957; x_wconf 89' lang='lat' dir='ltr'><strong>traditio,</strong></span> <span class='ocrx_word' id='word_1_324' title='bbox 1336 2897 1602 2952; x_wconf 82' lang='lat' dir='ltr'><strong>Adamum</strong></span> <span class='ocrx_word' id='word_1_325' title='bbox 1655 2916 1802 2954; x_wconf 86' lang='lat' dir='ltr'><strong>mor-</strong></span> 
     </span>
    </p>
   </div>
   <div class='ocr_carea' id='block_1_45' title="bbox 225 2984 1801 3061">
    <p class='ocr_par' dir='ltr' id='par_1_45' title="bbox 225 2984 1801 3061">
     <span class='ocr_line' id='line_1_45' title="bbox 225 2984 1801 3061; baseline 0.007 -27"><span class='ocrx_word' id='word_1_326' title='bbox 225 2991 387 3036; x_wconf 89' lang='lat' dir='ltr'><strong>tuum</strong></span> <span class='ocrx_word' id='word_1_327' title='bbox 431 2990 484 3036; x_wconf 92' lang='lat' dir='ltr'><strong>et</strong></span> <span class='ocrx_word' id='word_1_328' title='bbox 533 2984 802 3051; x_wconf 88' lang='lat' dir='ltr'><strong>sepultum</strong></span> <span class='ocrx_word' id='word_1_329' title='bbox 848 2984 906 3037; x_wconf 91' lang='lat' dir='ltr'><strong>in</strong></span> <span class='ocrx_word' id='word_1_330' title='bbox 964 2993 1111 3039; x_wconf 89' lang='lat' dir='ltr'><strong>terra</strong></span> <span class='ocrx_word' id='word_1_331' title='bbox 1180 2985 1340 3041; x_wconf 90' lang='lat' dir='ltr'><strong>lsrael</strong></span> <span class='ocrx_word' id='word_1_332' title='bbox 1403 3004 1568 3059; x_wconf 89' lang='lat' dir='ltr'><strong>prope</strong></span> <span class='ocrx_word' id='word_1_333' title='bbox 1614 3006 1801 3061; x_wconf 78' lang='lat' dir='ltr'><strong>agrum</strong></span> 
     </span>
    </p>
   </div>
   <div class='ocr_carea' id='block_1_46' title="bbox 226 3072 1803 3149">
    <p class='ocr_par' dir='ltr' id='par_1_46' title="bbox 226 3072 1803 3149">
     <span class='ocr_line' id='line_1_46' title="bbox 226 3072 1803 3149; baseline 0.007 -22"><span class='ocrx_word' id='word_1_334' title='bbox 226 3072 756 3136; x_wconf 78' lang='lat' dir='ltr'><strong>Damasceaum,ibi</strong></span> <span class='ocrx_word' id='word_1_335' title='bbox 807 3076 955 3130; x_wconf 90' lang='lat' dir='ltr'><strong>enim</strong></span> <span class='ocrx_word' id='word_1_336' title='bbox 1015 3075 1192 3131; x_wconf 84' lang='lat' dir='ltr'><strong>fuerat</strong></span> <span class='ocrx_word' id='word_1_337' title='bbox 1251 3090 1589 3149; x_wconf 90' lang='lat' dir='ltr'><strong>procreatus,</strong></span> <span class='ocrx_word' id='word_1_338' title='bbox 1627 3084 1699 3138; x_wconf 92' lang='lat' dir='ltr'><strong>ibi</strong></span> <span class='ocrx_word' id='word_1_339' title='bbox 1750 3093 1803 3138; x_wconf 90' lang='lat' dir='ltr'><strong>et</strong></span> 
     </span>
    </p>
   </div>
   <div class='ocr_carea' id='block_1_47' title="bbox 1903 1978 3475 2035">
    <p class='ocr_par' dir='ltr' id='par_1_47' title="bbox 1903 1978 3475 2035">
     <span class='ocr_line' id='line_1_47' title="bbox 1903 1978 3475 2035; baseline 0 -3"><span class='ocrx_word' id='word_1_340' title='bbox 1903 1980 1998 2034; x_wconf 87' lang='lat' dir='ltr'><strong>bit.</strong></span> <span class='ocrx_word' id='word_1_341' title='bbox 2029 1981 2123 2035; x_wconf 92' lang='lat' dir='ltr'><strong>lib.</strong></span> <span class='ocrx_word' id='word_1_342' title='bbox 2158 1997 2172 2034; x_wconf 91' lang='lat' dir='ltr'><strong>l</strong></span> <span class='ocrx_word' id='word_1_343' title='bbox 2216 1980 2476 2035; x_wconf 79' lang='lat' dir='ltr'><strong>Adversus</strong></span> <span class='ocrx_word' id='word_1_344' title='bbox 2521 1979 2868 2034; x_wconf 74' lang='lat' dir='ltr'><strong>Iovinianum</strong></span> <span class='ocrx_word' id='word_1_345' title='bbox 2901 1998 2919 2034; x_wconf 87' lang='lat'><strong><em>:</em></strong></span> <span class='ocrx_word' id='word_1_346' title='bbox 2959 1978 3084 2034; x_wconf 82' lang='lat' dir='ltr'><strong>Non</strong></span> <span class='ocrx_word' id='word_1_347' title='bbox 3128 1996 3246 2033; x_wconf 79' lang='lat' dir='ltr'><strong>reor</strong></span> <span class='ocrx_word' id='word_1_348' title='bbox 3277 1979 3475 2033; x_wconf 84' lang='lat' dir='ltr'><strong>idcirco</strong></span> 
     </span>
    </p>
   </div>
   <div class='ocr_carea' id='block_1_48' title="bbox 1903 2067 3478 2140">
    <p class='ocr_par' dir='ltr' id='par_1_48' title="bbox 1903 2067 3478 2140">
     <span class='ocr_line' id='line_1_48' title="bbox 1903 2067 3478 2140; baseline -0.001 -16"><span class='ocrx_word' id='word_1_349' title='bbox 1903 2072 2224 2125; x_wconf 81' lang='lat' dir='ltr'><strong>translatum</strong></span> <span class='ocrx_word' id='word_1_350' title='bbox 2252 2071 2452 2134; x_wconf 79' lang='lat' dir='ltr'><strong>Enoch,</strong></span> <span class='ocrx_word' id='word_1_351' title='bbox 2484 2071 2621 2140; x_wconf 83' lang='lat' dir='ltr'><strong>quod</strong></span> <span class='ocrx_word' id='word_1_352' title='bbox 2650 2087 2869 2125; x_wconf 74' lang='lat' dir='ltr'><strong>uxorem</strong></span> <span class='ocrx_word' id='word_1_353' title='bbox 2897 2071 3163 2134; x_wconf 78' lang='lat' dir='ltr'><strong>habuerit,</strong></span> <span class='ocrx_word' id='word_1_354' title='bbox 3200 2071 3291 2124; x_wconf 80' lang='lat' dir='ltr'><strong>sed</strong></span> <span class='ocrx_word' id='word_1_355' title='bbox 3336 2067 3478 2139; x_wconf 77' lang='lat' dir='ltr'><strong>quod</strong></span> 
     </span>
    </p>
   </div>
   <div class='ocr_carea' id='block_1_49' title="bbox 1902 2159 3476 2229">
    <p class='ocr_par' dir='ltr' id='par_1_49' title="bbox 1902 2159 3476 2229">
     <span class='ocr_line' id='line_1_49' title="bbox 1902 2159 3476 2229; baseline -0.001 -16"><span class='ocrx_word' id='word_1_356' title='bbox 1902 2165 2104 2229; x_wconf 85' lang='lat' dir='ltr'><strong>primus</strong></span> <span class='ocrx_word' id='word_1_357' title='bbox 2127 2163 2443 2216; x_wconf 82' lang='lat' dir='ltr'><strong>invocaverit</strong></span> <span class='ocrx_word' id='word_1_358' title='bbox 2499 2161 2686 2224; x_wconf 78' lang='lat' dir='ltr'><strong>Deum,</strong></span> <span class='ocrx_word' id='word_1_359' title='bbox 2727 2171 2776 2214; x_wconf 87' lang='lat' dir='ltr'><strong>et</strong></span> <span class='ocrx_word' id='word_1_360' title='bbox 2808 2159 3086 2214; x_wconf 82' lang='lat' dir='ltr'><strong>crediderit</strong></span> <span class='ocrx_word' id='word_1_361' title='bbox 3134 2162 3190 2213; x_wconf 86' lang='lat' dir='ltr'><strong>in</strong></span> <span class='ocrx_word' id='word_1_362' title='bbox 3226 2160 3476 2214; x_wconf 81' lang='lat' dir='ltr'><strong>Salvato-</strong></span> 
     </span>
    </p>
   </div>
   <div class='ocr_carea' id='block_1_50' title="bbox 1905 2249 3478 2322">
    <p class='ocr_par' dir='ltr' id='par_1_50' title="bbox 1905 2249 3478 2322">
     <span class='ocr_line' id='line_1_50' title="bbox 1905 2249 3478 2322; baseline 0.001 -18"><span class='ocrx_word' id='word_1_363' title='bbox 1905 2269 2033 2305; x_wconf 86' lang='lat' dir='ltr'><strong>rem.</strong></span> <span class='ocrx_word' id='word_1_364' title='bbox 2065 2253 2133 2306; x_wconf 82' lang='lat' dir='ltr'><strong>At</strong></span> <span class='ocrx_word' id='word_1_365' title='bbox 2158 2253 2400 2322; x_wconf 67' lang='lat' dir='ltr'><strong>primum</strong></span> <span class='ocrx_word' id='word_1_366' title='bbox 2425 2252 2688 2316; x_wconf 87' lang='lat' dir='ltr'><strong>omnium,</strong></span> <span class='ocrx_word' id='word_1_367' title='bbox 2711 2253 2803 2322; x_wconf 93' lang='lat' dir='ltr'><strong>qui</strong></span> <span class='ocrx_word' id='word_1_368' title='bbox 2833 2267 3028 2306; x_wconf 87' lang='lat' dir='ltr'><strong>nomen</strong></span> <span class='ocrx_word' id='word_1_369' title='bbox 3061 2249 3277 2305; x_wconf 83' lang='lat' dir='ltr'><strong>Domini</strong></span> <span class='ocrx_word' id='word_1_370' title='bbox 3307 2251 3478 2321; x_wconf 60' lang='lat' dir='ltr'><strong>carpit</strong></span> 
     </span>
    </p>
   </div>
   <div class='ocr_carea' id='block_1_51' title="bbox 1906 2341 3473 2413">
    <p class='ocr_par' dir='ltr' id='par_1_51' title="bbox 1906 2341 3473 2413">
     <span class='ocr_line' id='line_1_51' title="bbox 1906 2341 3473 2413; baseline -0.001 -15"><span class='ocrx_word' id='word_1_371' title='bbox 1906 2346 2159 2400; x_wconf 84' lang='lat' dir='ltr'><strong>invocare</strong></span> <span class='ocrx_word' id='word_1_372' title='bbox 2181 2361 2290 2400; x_wconf 90' lang='lat' dir='ltr'><strong>non</strong></span> <span class='ocrx_word' id='word_1_373' title='bbox 2318 2345 2524 2409; x_wconf 86' lang='lat' dir='ltr'><strong>Enoch,</strong></span> <span class='ocrx_word' id='word_1_374' title='bbox 2553 2345 2647 2400; x_wconf 86' lang='lat' dir='ltr'><strong>sed</strong></span> <span class='ocrx_word' id='word_1_375' title='bbox 2675 2342 2822 2399; x_wconf 82' lang='lat' dir='ltr'><strong>Enos</strong></span> <span class='ocrx_word' id='word_1_376' title='bbox 2853 2343 3020 2399; x_wconf 89' lang='lat' dir='ltr'><strong>fuisse</strong></span> <span class='ocrx_word' id='word_1_377' title='bbox 3040 2359 3161 2413; x_wconf 89' lang='lat' dir='ltr'><strong>cap.</strong></span> <span class='ocrx_word' id='word_1_378' title='bbox 3192 2359 3267 2407; x_wconf 87' lang='lat' dir='ltr'><strong>tv,</strong></span> <span class='ocrx_word' id='word_1_379' title='bbox 3288 2341 3473 2404; x_wconf 77' lang='lat' dir='ltr'><strong>Gener.</strong></span> 
     </span>
    </p>
   </div>
   <div class='ocr_carea' id='block_1_52' title="bbox 1911 2431 3474 2506">
    <p class='ocr_par' dir='ltr' id='par_1_52' title="bbox 1911 2431 3474 2506">
     <span class='ocr_line' id='line_1_52' title="bbox 1911 2431 3474 2506; baseline -0.001 -18"><span class='ocrx_word' id='word_1_380' title='bbox 1911 2436 2076 2489; x_wconf 87' lang='lat' dir='ltr'><strong>tradit</strong></span> <span class='ocrx_word' id='word_1_381' title='bbox 2115 2435 2349 2506; x_wconf 82' lang='lat' dir='ltr'><strong>Moyses.</strong></span> <span class='ocrx_word' id='word_1_382' title='bbox 2405 2434 2715 2490; x_wconf 88' lang='lat' dir='ltr'><strong>Secundum</strong></span> <span class='ocrx_word' id='word_1_383' title='bbox 2752 2448 2766 2484; x_wconf 89' lang='lat'><strong>:</strong></span> <span class='ocrx_word' id='word_1_384' title='bbox 2813 2432 3114 2502; x_wconf 85' lang='lat' dir='ltr'><strong>Procopius</strong></span> <span class='ocrx_word' id='word_1_385' title='bbox 3167 2431 3376 2487; x_wconf 85' lang='lat' dir='ltr'><strong>Gazeus</strong></span> <span class='ocrx_word' id='word_1_386' title='bbox 3407 2448 3474 2487; x_wconf 80' lang='lat' dir='ltr'><strong>ex</strong></span> 
     </span>
    </p>
   </div>
   <div class='ocr_carea' id='block_1_53' title="bbox 1904 2523 3477 2596">
    <p class='ocr_par' dir='ltr' id='par_1_53' title="bbox 1904 2523 3477 2596">
     <span class='ocr_line' id='line_1_53' title="bbox 1904 2523 3477 2596; baseline -0.005 -16"><span class='ocrx_word' id='word_1_387' title='bbox 1904 2528 2084 2581; x_wconf 69' lang='lat' dir='ltr'><strong>Verbis</strong></span> <span class='ocrx_word' id='word_1_388' title='bbox 2103 2525 2388 2595; x_wconf 77' lang='lat' dir='ltr'><strong>Scriptura&#39;</strong></span> <span class='ocrx_word' id='word_1_389' title='bbox 2414 2534 2564 2596; x_wconf 86' lang='lat' dir='ltr'><strong>putat</strong></span> <span class='ocrx_word' id='word_1_390' title='bbox 2589 2524 2771 2578; x_wconf 84' lang='lat' dir='ltr'><strong>Enoch</strong></span> <span class='ocrx_word' id='word_1_391' title='bbox 2795 2533 2920 2580; x_wconf 90' lang='lat' dir='ltr'><strong>ante</strong></span> <span class='ocrx_word' id='word_1_392' title='bbox 2950 2523 3119 2579; x_wconf 87' lang='lat' dir='ltr'><strong>fuisse</strong></span> <span class='ocrx_word' id='word_1_393' title='bbox 3146 2523 3477 2592; x_wconf 69' lang='lat' dir='ltr'><strong>improbum,</strong></span> 
     </span>
    </p>
   </div>
   <div class='ocr_carea' id='block_1_54' title="bbox 1903 2611 3473 2686">
    <p class='ocr_par' dir='ltr' id='par_1_54' title="bbox 1903 2611 3473 2686">
     <span class='ocr_line' id='line_1_54' title="bbox 1903 2611 3473 2686; baseline -0.005 -14"><span class='ocrx_word' id='word_1_394' title='bbox 1903 2629 1953 2672; x_wconf 82' lang='lat' dir='ltr'><strong>et</strong></span> <span class='ocrx_word' id='word_1_395' title='bbox 1981 2618 2325 2686; x_wconf 80' lang='lat' dir='ltr'><strong>ﬂagitiosum,</strong></span> <span class='ocrx_word' id='word_1_396' title='bbox 2359 2617 2454 2671; x_wconf 88' lang='lat' dir='ltr'><strong>sed</strong></span> <span class='ocrx_word' id='word_1_397' title='bbox 2494 2623 2679 2684; x_wconf 89' lang='lat' dir='ltr'><strong>postea</strong></span> <span class='ocrx_word' id='word_1_398' title='bbox 2712 2613 2874 2684; x_wconf 84' lang='lat' dir='ltr'><strong>digna</strong></span> <span class='ocrx_word' id='word_1_399' title='bbox 2905 2620 2959 2667; x_wconf 93' lang='lat' dir='ltr'><strong>et</strong></span> <span class='ocrx_word' id='word_1_400' title='bbox 2985 2611 3224 2683; x_wconf 86' lang='lat' dir='ltr'><strong>perfecta</strong></span> <span class='ocrx_word' id='word_1_401' title='bbox 3248 2626 3473 2666; x_wconf 89' lang='lat' dir='ltr'><strong>suorum</strong></span> 
     </span>
    </p>
   </div>
   <div class='ocr_carea' id='block_1_55' title="bbox 1905 2700 3473 2776">
    <p class='ocr_par' dir='ltr' id='par_1_55' title="bbox 1905 2700 3473 2776">
     <span class='ocr_line' id='line_1_55' title="bbox 1905 2700 3473 2776; baseline -0.008 -12"><span class='ocrx_word' id='word_1_402' title='bbox 1905 2710 2172 2764; x_wconf 87' lang='lat' dir='ltr'><strong>scelerum</strong></span> <span class='ocrx_word' id='word_1_403' title='bbox 2205 2707 2525 2776; x_wconf 61' lang='lat' dir='ltr'><strong>poenitentia</strong></span> <span class='ocrx_word' id='word_1_404' title='bbox 2551 2719 2662 2758; x_wconf 90' lang='lat' dir='ltr'><strong>non</strong></span> <span class='ocrx_word' id='word_1_405' title='bbox 2693 2711 2902 2756; x_wconf 88' lang='lat' dir='ltr'><strong>tantum</strong></span> <span class='ocrx_word' id='word_1_406' title='bbox 2931 2701 3254 2758; x_wconf 88' lang='lat' dir='ltr'><strong>emendasse</strong></span> <span class='ocrx_word' id='word_1_407' title='bbox 3284 2700 3473 2762; x_wconf 88' lang='lat' dir='ltr'><strong>vitam,</strong></span> 
     </span>
    </p>
   </div>
   <div class='ocr_carea' id='block_1_56' title="bbox 1906 2792 3475 2866">
    <p class='ocr_par' dir='ltr' id='par_1_56' title="bbox 1906 2792 3475 2866">
     <span class='ocr_line' id='line_1_56' title="bbox 1906 2792 3475 2866; baseline -0.008 -11"><span class='ocrx_word' id='word_1_408' title='bbox 1906 2801 1998 2855; x_wconf 84' lang='lat' dir='ltr'><strong>sed</strong></span> <span class='ocrx_word' id='word_1_409' title='bbox 2030 2799 2164 2853; x_wconf 91' lang='lat' dir='ltr'><strong>adeo</strong></span> <span class='ocrx_word' id='word_1_410' title='bbox 2215 2797 2324 2852; x_wconf 86' lang='lat' dir='ltr'><strong>Deo</strong></span> <span class='ocrx_word' id='word_1_411' title='bbox 2374 2797 2665 2866; x_wconf 85' lang='lat' dir='ltr'><strong>placuisse,</strong></span> <span class='ocrx_word' id='word_1_412' title='bbox 2699 2804 2758 2848; x_wconf 95' lang='lat' dir='ltr'><strong>ut</strong></span> <span class='ocrx_word' id='word_1_413' title='bbox 2811 2799 3114 2848; x_wconf 84' lang='lat' dir='ltr'><strong>mereretur</strong></span> <span class='ocrx_word' id='word_1_414' title='bbox 3157 2792 3349 2845; x_wconf 91' lang='lat' dir='ltr'><strong>mortis</strong></span> <span class='ocrx_word' id='word_1_415' title='bbox 3379 2804 3475 2843; x_wconf 86' lang='lat' dir='ltr'><strong>ex-</strong></span> 
     </span>
    </p>
   </div>
   <div class='ocr_carea' id='block_1_57' title="bbox 1906 2880 3476 2961">
    <p class='ocr_par' dir='ltr' id='par_1_57' title="bbox 1906 2880 3476 2961">
     <span class='ocr_line' id='line_1_57' title="bbox 1906 2880 3476 2961; baseline -0.007 -16"><span class='ocrx_word' id='word_1_416' title='bbox 1906 2907 2055 2961; x_wconf 37' lang='lat' dir='ltr'><strong>pers,</strong></span> <span class='ocrx_word' id='word_1_417' title='bbox 2084 2892 2137 2944; x_wconf 91' lang='lat' dir='ltr'><strong>in</strong></span> <span class='ocrx_word' id='word_1_418' title='bbox 2188 2890 2396 2945; x_wconf 88' lang='lat' dir='ltr'><strong>felicem</strong></span> <span class='ocrx_word' id='word_1_419' title='bbox 2441 2890 2563 2942; x_wconf 69' lang='lat' dir='ltr'><strong>vita:</strong></span> <span class='ocrx_word' id='word_1_420' title='bbox 2617 2895 2821 2944; x_wconf 82' lang='lat' dir='ltr'><strong>statum</strong></span> <span class='ocrx_word' id='word_1_421' title='bbox 2869 2883 3174 2940; x_wconf 88' lang='lat' dir='ltr'><strong>transferri.</strong></span> <span class='ocrx_word' id='word_1_422' title='bbox 3229 2880 3476 2936; x_wconf 87' lang='lat' dir='ltr'><strong>Tertium</strong></span> 
     </span>
    </p>
   </div>
   <div class='ocr_carea' id='block_1_58' title="bbox 1905 2972 3478 3035">
    <p class='ocr_par' dir='ltr' id='par_1_58' title="bbox 1905 2972 3478 3035">
     <span class='ocr_line' id='line_1_58' title="bbox 1905 2972 3478 3035; baseline -0.005 -2"><span class='ocrx_word' id='word_1_423' title='bbox 1905 2983 2240 3035; x_wconf 85' lang='lat' dir='ltr'><strong>Abenezram</strong></span> <span class='ocrx_word' id='word_1_424' title='bbox 2283 2995 2405 3033; x_wconf 91' lang='lat' dir='ltr'><strong>cum</strong></span> <span class='ocrx_word' id='word_1_425' title='bbox 2483 2977 2605 3032; x_wconf 89' lang='lat' dir='ltr'><strong>aliis</strong></span> <span class='ocrx_word' id='word_1_426' title='bbox 2635 2972 3312 3031; x_wconf 84' lang='lat' dir='ltr'><strong>contendisse:Enochum</strong></span> <span class='ocrx_word' id='word_1_427' title='bbox 3331 2984 3478 3025; x_wconf 87' lang='lat' dir='ltr'><strong>mor-</strong></span> 
     </span>
    </p>
   </div>
   <div class='ocr_carea' id='block_1_59' title="bbox 1910 3062 3473 3140">
    <p class='ocr_par' dir='ltr' id='par_1_59' title="bbox 1910 3062 3473 3140">
     <span class='ocr_line' id='line_1_59' title="bbox 1910 3062 3473 3140; baseline -0.007 -12"><span class='ocrx_word' id='word_1_428' title='bbox 1910 3083 2062 3128; x_wconf 89' lang='lat' dir='ltr'><strong>tuum</strong></span> <span class='ocrx_word' id='word_1_429' title='bbox 2095 3089 2238 3135; x_wconf 89' lang='lat' dir='ltr'><strong>esse,</strong></span> <span class='ocrx_word' id='word_1_430' title='bbox 2267 3081 2320 3127; x_wconf 90' lang='lat' dir='ltr'><strong>et</strong></span> <span class='ocrx_word' id='word_1_431' title='bbox 2355 3073 2426 3125; x_wconf 91' lang='lat' dir='ltr'><strong>ita</strong></span> <span class='ocrx_word' id='word_1_432' title='bbox 2467 3070 2767 3140; x_wconf 69' lang='lat' dir='ltr'><strong>Scriptura:</strong></span> <span class='ocrx_word' id='word_1_433' title='bbox 2809 3071 2988 3123; x_wconf 88' lang='lat' dir='ltr'><strong>locum</strong></span> <span class='ocrx_word' id='word_1_434' title='bbox 3042 3062 3473 3134; x_wconf 85' lang='lat' dir='ltr'><strong>intelligendum,</strong></span> 
     </span>
    </p>
   </div>
   <div class='ocr_carea' id='block_1_60' title="bbox 231 3159 3479 3248">
    <p class='ocr_par' dir='ltr' id='par_1_60' title="bbox 231 3159 3479 3248">
     <span class='ocr_line' id='line_1_60' title="bbox 231 3159 3479 3248; baseline -0.003 -28"><span class='ocrx_word' id='word_1_435' title='bbox 231 3169 408 3220; x_wconf 85' lang='lat' dir='ltr'><strong>vitam</strong></span> <span class='ocrx_word' id='word_1_436' title='bbox 440 3166 700 3223; x_wconf 89' lang='lat' dir='ltr'><strong>traduxit.</strong></span> <span class='ocrx_word' id='word_1_437' title='bbox 736 3167 842 3222; x_wconf 84' lang='lat' dir='ltr'><strong>Alii</strong></span> <span class='ocrx_word' id='word_1_438' title='bbox 875 3184 942 3223; x_wconf 85' lang='lat' dir='ltr'><strong>ex</strong></span> <span class='ocrx_word' id='word_1_439' title='bbox 974 3167 1155 3224; x_wconf 72' lang='lat' dir='ltr'><strong>Josua:</strong></span> <span class='ocrx_word' id='word_1_440' title='bbox 1189 3187 1241 3223; x_wconf 83' lang='lat' dir='ltr'><strong>tv</strong></span> <span class='ocrx_word' id='word_1_441' title='bbox 1269 3173 1419 3226; x_wconf 91' lang='lat' dir='ltr'><strong>aiunt</strong></span> <span class='ocrx_word' id='word_1_442' title='bbox 1455 3175 1601 3228; x_wconf 85' lang='lat' dir='ltr'><strong>illum</strong></span> <span class='ocrx_word' id='word_1_443' title='bbox 1629 3179 1806 3246; x_wconf 77' lang='lat' dir='ltr'><strong>sepul-</strong></span> <span class='ocrx_word' id='word_1_444' title='bbox 1835 3192 1877 3248; x_wconf 69' lang='grc' dir='ltr'>ο</span> <span class='ocrx_word' id='word_1_445' title='bbox 1913 3167 2098 3220; x_wconf 91' lang='lat' dir='ltr'><strong>multis</strong></span> <span class='ocrx_word' id='word_1_446' title='bbox 2129 3165 2456 3227; x_wconf 83' lang='lat' dir='ltr'><strong>rationibus,</strong></span> <span class='ocrx_word' id='word_1_447' title='bbox 2484 3164 2578 3218; x_wconf 92' lang='lat' dir='ltr'><strong>sed</strong></span> <span class='ocrx_word' id='word_1_448' title='bbox 2601 3171 2806 3217; x_wconf 91' lang='lat' dir='ltr'><strong>temere</strong></span> <span class='ocrx_word' id='word_1_449' title='bbox 2821 3168 3054 3214; x_wconf 88' lang='lat' dir='ltr'><strong>conatur</strong></span> <span class='ocrx_word' id='word_1_450' title='bbox 3073 3159 3479 3214; x_wconf 86' lang='lat' dir='ltr'><strong>demonstrare.</strong></span> 
     </span>
    </p>
   </div>
   <div class='ocr_carea' id='block_1_61' title="bbox 231 3255 1804 3330">
    <p class='ocr_par' dir='ltr' id='par_1_61' title="bbox 231 3255 1804 3330">
     <span class='ocr_line' id='line_1_61' title="bbox 231 3255 1804 3330; baseline 0.01 -22"><span class='ocrx_word' id='word_1_451' title='bbox 231 3266 347 3309; x_wconf 93' lang='lat' dir='ltr'><strong>tum</strong></span> <span class='ocrx_word' id='word_1_452' title='bbox 384 3256 438 3309; x_wconf 90' lang='lat' dir='ltr'><strong>in</strong></span> <span class='ocrx_word' id='word_1_453' title='bbox 471 3255 672 3311; x_wconf 83' lang='lat' dir='ltr'><strong>Eb‘ron.</strong></span> <span class='ocrx_word' id='word_1_454' title='bbox 721 3256 1044 3313; x_wconf 86' lang='lat' dir='ltr'><strong>Nostrorum</strong></span> <span class='ocrx_word' id='word_1_455' title='bbox 1077 3268 1257 3314; x_wconf 90' lang='lat' dir='ltr'><strong>tamen</strong></span> <span class='ocrx_word' id='word_1_456' title='bbox 1290 3266 1558 3318; x_wconf 87' lang='lat' dir='ltr'><strong>sententia</strong></span> <span class='ocrx_word' id='word_1_457' title='bbox 1596 3277 1698 3330; x_wconf 91' lang='lat' dir='ltr'><strong>est,</strong></span> <span class='ocrx_word' id='word_1_458' title='bbox 1749 3269 1804 3323; x_wconf 91' lang='lat' dir='ltr'><strong>in</strong></span> 
     </span>
    </p>
   </div>
   <div class='ocr_carea' id='block_1_62' title="bbox 232 3346 1800 3418">
    <p class='ocr_par' dir='ltr' id='par_1_62' title="bbox 232 3346 1800 3418">
     <span class='ocr_line' id='line_1_62' title="bbox 232 3346 1800 3418; baseline 0.009 -18"><span class='ocrx_word' id='word_1_459' title='bbox 232 3355 420 3402; x_wconf 87' lang='lat' dir='ltr'><strong>monte</strong></span> <span class='ocrx_word' id='word_1_460' title='bbox 463 3346 710 3418; x_wconf 85' lang='lat' dir='ltr'><strong>Golgota,</strong></span> <span class='ocrx_word' id='word_1_461' title='bbox 769 3349 821 3402; x_wconf 90' lang='lat' dir='ltr'><strong>in</strong></span> <span class='ocrx_word' id='word_1_462' title='bbox 874 3363 982 3418; x_wconf 90' lang='lat' dir='ltr'><strong>quo</strong></span> <span class='ocrx_word' id='word_1_463' title='bbox 1031 3349 1293 3406; x_wconf 87' lang='lat' dir='ltr'><strong>Dominus</strong></span> <span class='ocrx_word' id='word_1_464' title='bbox 1350 3355 1646 3412; x_wconf 82' lang='lat' dir='ltr'><strong>cruciﬁxus</strong></span> <span class='ocrx_word' id='word_1_465' title='bbox 1683 3359 1800 3414; x_wconf 81' lang='lat' dir='ltr'><strong>fuit.</strong></span> 
     </span>
    </p>
   </div>
   <div class='ocr_carea' id='block_1_63' title="bbox 228 3435 1806 3510">
    <p class='ocr_par' dir='ltr' id='par_1_63' title="bbox 228 3435 1806 3510">
     <span class='ocr_line' id='line_1_63' title="bbox 228 3435 1806 3510; baseline 0.008 -18"><span class='ocrx_word' id='word_1_466' title='bbox 228 3435 493 3507; x_wconf 74' lang='lat' dir='ltr'><strong>Origenes</strong></span> <span class='ocrx_word' id='word_1_467' title='bbox 539 3444 700 3492; x_wconf 88' lang='lat' dir='ltr'><strong>tract.</strong></span> <span class='ocrx_word' id='word_1_468' title='bbox 729 3437 798 3491; x_wconf 78' lang='lat'><strong>35</strong></span> <span class='ocrx_word' id='word_1_469' title='bbox 831 3439 884 3490; x_wconf 87' lang='lat' dir='ltr'><strong>in</strong></span> <span class='ocrx_word' id='word_1_470' title='bbox 923 3437 1187 3502; x_wconf 74' lang='lat' dir='ltr'><strong>Marcum,</strong></span> <span class='ocrx_word' id='word_1_471' title='bbox 1243 3439 1578 3510; x_wconf 85' lang='lat' dir='ltr'><strong>Epiphanius</strong></span> <span class='ocrx_word' id='word_1_472' title='bbox 1613 3449 1664 3500; x_wconf 91' lang='lat' dir='ltr'><strong>in</strong></span> <span class='ocrx_word' id='word_1_473' title='bbox 1703 3449 1806 3505; x_wconf 75' lang='lat' dir='ltr'><strong>line</strong></span> 
     </span>
    </p>
   </div>
   <div class='ocr_carea' id='block_1_64' title="bbox 229 3526 1804 3612">
    <p class='ocr_par' dir='ltr' id='par_1_64' title="bbox 229 3526 1804 3612">
     <span class='ocr_line' id='line_1_64' title="bbox 229 3526 1804 3612; baseline 0.006 -29"><span class='ocrx_word' id='word_1_474' title='bbox 229 3526 483 3590; x_wconf 66' lang='lat' dir='ltr'><strong>Pancrii,</strong></span> <span class='ocrx_word' id='word_1_475' title='bbox 511 3529 847 3583; x_wconf 79' lang='lat' dir='ltr'><strong>Athanasius</strong></span> <span class='ocrx_word' id='word_1_476' title='bbox 879 3529 954 3582; x_wconf 88' lang='lat' dir='ltr'><strong>De</strong></span> <span class='ocrx_word' id='word_1_477' title='bbox 983 3532 1228 3598; x_wconf 79' lang='lat' dir='ltr'><strong>passione</strong></span> <span class='ocrx_word' id='word_1_478' title='bbox 1254 3532 1488 3600; x_wconf 83' lang='lat' dir='ltr'><strong>Domini,</strong></span> <span class='ocrx_word' id='word_1_479' title='bbox 1519 3537 1804 3612; x_wconf 83' lang='lat' dir='ltr'><strong>Thcopby-</strong></span> 
     </span>
    </p>
   </div>
   <div class='ocr_carea' id='block_1_65' title="bbox 231 3618 1802 3698">
    <p class='ocr_par' dir='ltr' id='par_1_65' title="bbox 231 3618 1802 3698">
     <span class='ocr_line' id='line_1_65' title="bbox 231 3618 1802 3698; baseline 0.008 -23"><span class='ocrx_word' id='word_1_480' title='bbox 231 3619 416 3675; x_wconf 81' lang='lat' dir='ltr'><strong>iactus</strong></span> <span class='ocrx_word' id='word_1_481' title='bbox 459 3621 514 3673; x_wconf 90' lang='lat' dir='ltr'><strong>in</strong></span> <span class='ocrx_word' id='word_1_482' title='bbox 546 3618 719 3673; x_wconf 74' lang='lat' dir='ltr'><strong>llath.</strong></span> <span class='ocrx_word' id='word_1_483' title='bbox 756 3635 928 3683; x_wconf 85' lang='lat' dir='ltr'><strong>xxvtt,</strong></span> <span class='ocrx_word' id='word_1_484' title='bbox 955 3619 1280 3691; x_wconf 84' lang='lat' dir='ltr'><strong>Euthymius</strong></span> <span class='ocrx_word' id='word_1_485' title='bbox 1311 3624 1464 3692; x_wconf 85' lang='lat' dir='ltr'><strong>ibid.,</strong></span> <span class='ocrx_word' id='word_1_486' title='bbox 1497 3626 1802 3698; x_wconf 84' lang='lat' dir='ltr'><strong>Cyprianus</strong></span> 
     </span>
    </p>
   </div>
   <div class='ocr_carea' id='block_1_66' title="bbox 226 3713 1798 3791">
    <p class='ocr_par' dir='ltr' id='par_1_66' title="bbox 226 3713 1798 3791">
     <span class='ocr_line' id='line_1_66' title="bbox 226 3713 1798 3791; baseline 0.005 -22"><span class='ocrx_word' id='word_1_487' title='bbox 226 3727 484 3769; x_wconf 72' lang='lat' dir='ltr'><strong>sermone</strong></span> <span class='ocrx_word' id='word_1_488' title='bbox 516 3713 589 3769; x_wconf 88' lang='lat' dir='ltr'><strong>De</strong></span> <span class='ocrx_word' id='word_1_489' title='bbox 617 3714 1015 3781; x_wconf 79' lang='lat' dir='ltr'><strong>resurrectione,</strong></span> <span class='ocrx_word' id='word_1_490' title='bbox 1061 3714 1387 3771; x_wconf 86' lang='lat' dir='ltr'><strong>Ambrosius</strong></span> <span class='ocrx_word' id='word_1_491' title='bbox 1421 3718 1515 3772; x_wconf 84' lang='lat' dir='ltr'><strong>lib.</strong></span> <span class='ocrx_word' id='word_1_492' title='bbox 1556 3737 1607 3785; x_wconf 91' lang='lat' dir='ltr'><strong>v,</strong></span> <span class='ocrx_word' id='word_1_493' title='bbox 1640 3723 1798 3791; x_wconf 85' lang='lat' dir='ltr'><strong>epist.</strong></span> 
     </span>
    </p>
   </div>
   <div class='ocr_carea' id='block_1_67' title="bbox 228 3806 572 3869">
    <p class='ocr_par' dir='ltr' id='par_1_67' title="bbox 228 3806 572 3869">
     <span class='ocr_line' id='line_1_67' title="bbox 228 3806 572 3869; baseline -0.006 -6"><span class='ocrx_word' id='word_1_494' title='bbox 228 3806 326 3869; x_wconf 65' lang='lat'><strong>£9.</strong></span> <span class='ocrx_word' id='word_1_495' title='bbox 340 3815 394 3862; x_wconf 93' lang='lat' dir='ltr'><strong>et</strong></span> <span class='ocrx_word' id='word_1_496' title='bbox 423 3808 572 3863; x_wconf 90' lang='lat' dir='ltr'><strong>alibi.</strong></span> 
     </span>
    </p>
   </div>
   <div class='ocr_carea' id='block_1_68' title="bbox 301 3894 1802 3974">
    <p class='ocr_par' dir='ltr' id='par_1_68' title="bbox 301 3894 1802 3974">
     <span class='ocr_line' id='line_1_68' title="bbox 301 3894 1802 3974; baseline 0.007 -24"><span class='ocrx_word' id='word_1_497' title='bbox 301 3894 462 3962; x_wconf 89' lang='lat' dir='ltr'><strong>lbid.,</strong></span> <span class='ocrx_word' id='word_1_498' title='bbox 493 3899 586 3953; x_wconf 91' lang='lat' dir='ltr'><strong>lin.</strong></span> <span class='ocrx_word' id='word_1_499' title='bbox 624 3899 714 3955; x_wconf 75' lang='lat' dir='ltr'><strong>2i.</strong></span> <span class='ocrx_word' id='word_1_500' title='bbox 745 3899 928 3967; x_wconf 83' lang='grc' dir='ltr'><strong>Ἐνὼς</strong></span> <span class='ocrx_word' id='word_1_501' title='bbox 955 3899 1022 3954; x_wconf 84' lang='grc' dir='ltr'><strong>δὲ</strong></span> <span class='ocrx_word' id='word_1_502' title='bbox 1050 3901 1180 3966; x_wconf 73' lang='grc' dir='ltr'><strong>υἱὸς</strong></span> <span class='ocrx_word' id='word_1_503' title='bbox 1201 3901 1328 3955; x_wconf 83' lang='grc' dir='ltr'><strong>τοῦ.</strong></span> <span class='ocrx_word' id='word_1_504' title='bbox 1360 3900 1604 3974; x_wconf 69' lang='lat' dir='ltr'><strong>Paterna:</strong></span> <span class='ocrx_word' id='word_1_505' title='bbox 1629 3907 1802 3974; x_wconf 84' lang='lat' dir='ltr'><strong>picta-</strong></span> 
     </span>
    </p>
   </div>
   <div class='ocr_carea' id='block_1_69' title="bbox 237 3988 1802 4062">
    <p class='ocr_par' dir='ltr' id='par_1_69' title="bbox 237 3988 1802 4062">
     <span class='ocr_line' id='line_1_69' title="bbox 237 3988 1802 4062; baseline 0.007 -22"><span class='ocrx_word' id='word_1_506' title='bbox 237 3988 305 4042; x_wconf 89' lang='lat' dir='ltr'><strong>tis</strong></span> <span class='ocrx_word' id='word_1_507' title='bbox 353 3990 577 4059; x_wconf 84' lang='lat' dir='ltr'><strong>vestigia</strong></span> <span class='ocrx_word' id='word_1_508' title='bbox 613 3992 977 4061; x_wconf 87' lang='lat' dir='ltr'><strong>amplexatus,</strong></span> <span class='ocrx_word' id='word_1_509' title='bbox 1022 3993 1266 4062; x_wconf 90' lang='lat' dir='ltr'><strong>proniori</strong></span> <span class='ocrx_word' id='word_1_510' title='bbox 1321 3996 1502 4048; x_wconf 89' lang='lat' dir='ltr'><strong>animo</strong></span> <span class='ocrx_word' id='word_1_511' title='bbox 1547 3995 1711 4051; x_wconf 89' lang='lat' dir='ltr'><strong>Deum</strong></span> <span class='ocrx_word' id='word_1_512' title='bbox 1745 3999 1802 4051; x_wconf 91' lang='lat' dir='ltr'><strong>in</strong></span> 
     </span>
    </p>
   </div>
   <div class='ocr_carea' id='block_1_70' title="bbox 241 4083 1800 4154">
    <p class='ocr_par' dir='ltr' id='par_1_70' title="bbox 241 4083 1800 4154">
     <span class='ocr_line' id='line_1_70' title="bbox 241 4083 1800 4154; baseline 0.008 -23"><span class='ocrx_word' id='word_1_513' title='bbox 241 4093 393 4147; x_wconf 58' lang='lat' dir='ltr'><strong>iuem</strong></span> <span class='ocrx_word' id='word_1_514' title='bbox 413 4095 510 4134; x_wconf 87' lang='lat' dir='ltr'><strong>sua</strong></span> <span class='ocrx_word' id='word_1_515' title='bbox 543 4083 726 4137; x_wconf 89' lang='lat' dir='ltr'><strong>omnia</strong></span> <span class='ocrx_word' id='word_1_516' title='bbox 758 4085 1048 4150; x_wconf 88' lang='lat' dir='ltr'><strong>referebat,</strong></span> <span class='ocrx_word' id='word_1_517' title='bbox 1064 4086 1300 4154; x_wconf 89' lang='lat' dir='ltr'><strong>publice,</strong></span> <span class='ocrx_word' id='word_1_518' title='bbox 1324 4102 1423 4140; x_wconf 91' lang='lat' dir='ltr'><strong>nec</strong></span> <span class='ocrx_word' id='word_1_519' title='bbox 1453 4089 1800 4143; x_wconf 88' lang='lat' dir='ltr'><strong>tenebrarum</strong></span> 
     </span>
    </p>
   </div>
   <div class='ocr_carea' id='block_1_71' title="bbox 237 4169 1796 4246">
    <p class='ocr_par' dir='ltr' id='par_1_71' title="bbox 237 4169 1796 4246">
     <span class='ocr_line' id='line_1_71' title="bbox 237 4169 1796 4246; baseline 0.008 -25"><span class='ocrx_word' id='word_1_520' title='bbox 237 4169 532 4225; x_wconf 73' lang='lat' dir='ltr'><strong>involucris</strong></span> <span class='ocrx_word' id='word_1_521' title='bbox 581 4173 850 4238; x_wconf 86' lang='lat' dir='ltr'><strong>adoravit,</strong></span> <span class='ocrx_word' id='word_1_522' title='bbox 901 4177 1102 4230; x_wconf 87' lang='lat' dir='ltr'><strong>avitam</strong></span> <span class='ocrx_word' id='word_1_523' title='bbox 1160 4178 1477 4246; x_wconf 83' lang='lat' dir='ltr'><strong>religionem</strong></span> <span class='ocrx_word' id='word_1_524' title='bbox 1534 4180 1796 4233; x_wconf 89' lang='lat' dir='ltr'><strong>retinens.</strong></span> 
     </span>
    </p>
   </div>
   <div class='ocr_carea' id='block_1_72' title="bbox 227 4258 1800 4335">
    <p class='ocr_par' dir='ltr' id='par_1_72' title="bbox 227 4258 1800 4335">
     <span class='ocr_line' id='line_1_72' title="bbox 227 4258 1800 4335; baseline 0.006 -20"><span class='ocrx_word' id='word_1_525' title='bbox 227 4258 421 4315; x_wconf 85' lang='lat' dir='ltr'><strong>Latius</strong></span> <span class='ocrx_word' id='word_1_526' title='bbox 451 4259 566 4316; x_wconf 72' lang='lat' dir='ltr'><strong>hate</strong></span> <span class='ocrx_word' id='word_1_527' title='bbox 594 4267 943 4335; x_wconf 90' lang='lat' dir='ltr'><strong>prosequitur</strong></span> <span class='ocrx_word' id='word_1_528' title='bbox 970 4265 1232 4321; x_wconf 79' lang='lat' dir='ltr'><strong>Vatablus</strong></span> <span class='ocrx_word' id='word_1_529' title='bbox 1259 4277 1550 4324; x_wconf 86' lang='lat' dir='ltr'><strong>comment.</strong></span> <span class='ocrx_word' id='word_1_530' title='bbox 1571 4271 1624 4323; x_wconf 92' lang='lat' dir='ltr'><strong>in</strong></span> <span class='ocrx_word' id='word_1_531' title='bbox 1657 4272 1800 4324; x_wconf 90' lang='lat' dir='ltr'><strong>hunc</strong></span> 
     </span>
    </p>
   </div>
   <div class='ocr_carea' id='block_1_73' title="bbox 227 4351 1802 4420">
    <p class='ocr_par' dir='ltr' id='par_1_73' title="bbox 227 4351 1802 4420">
     <span class='ocr_line' id='line_1_73' title="bbox 227 4351 1802 4420; baseline 0.006 -15"><span class='ocrx_word' id='word_1_532' title='bbox 227 4351 435 4405; x_wconf 70' lang='lat' dir='ltr'><strong>lot&#39;um.</strong></span> <span class='ocrx_word' id='word_1_533' title='bbox 459 4351 597 4407; x_wconf 84' lang='lat' dir='ltr'><strong>Ante</strong></span> <span class='ocrx_word' id='word_1_534' title='bbox 633 4353 797 4418; x_wconf 86' lang='lat' dir='ltr'><strong>Enos,</strong></span> <span class='ocrx_word' id='word_1_535' title='bbox 824 4357 1016 4420; x_wconf 83' lang='lat' dir='ltr'><strong>Adam,</strong></span> <span class='ocrx_word' id='word_1_536' title='bbox 1042 4357 1196 4420; x_wconf 84' lang='lat' dir='ltr'><strong>Abel,</strong></span> <span class='ocrx_word' id='word_1_537' title='bbox 1232 4357 1362 4412; x_wconf 80' lang='lat' dir='ltr'><strong>Seth</strong></span> <span class='ocrx_word' id='word_1_538' title='bbox 1411 4367 1464 4412; x_wconf 92' lang='lat' dir='ltr'><strong>et</strong></span> <span class='ocrx_word' id='word_1_539' title='bbox 1509 4359 1676 4414; x_wconf 88' lang='lat' dir='ltr'><strong>Deum</strong></span> <span class='ocrx_word' id='word_1_540' title='bbox 1709 4376 1802 4414; x_wconf 89' lang='lat' dir='ltr'><strong>co-</strong></span> 
     </span>
    </p>
   </div>
   <div class='ocr_carea' id='block_1_74' title="bbox 234 4444 1796 4520">
    <p class='ocr_par' dir='ltr' id='par_1_74' title="bbox 234 4444 1796 4520">
     <span class='ocr_line' id='line_1_74' title="bbox 234 4444 1796 4520; baseline 0.007 -24"><span class='ocrx_word' id='word_1_541' title='bbox 234 4444 415 4506; x_wconf 89' lang='lat' dir='ltr'><strong>luere,</strong></span> <span class='ocrx_word' id='word_1_542' title='bbox 437 4452 484 4497; x_wconf 89' lang='lat' dir='ltr'><strong>et</strong></span> <span class='ocrx_word' id='word_1_543' title='bbox 518 4445 806 4503; x_wconf 86' lang='lat' dir='ltr'><strong>sacrificiis</strong></span> <span class='ocrx_word' id='word_1_544' title='bbox 835 4448 1033 4503; x_wconf 89' lang='lat' dir='ltr'><strong>oblatis</strong></span> <span class='ocrx_word' id='word_1_545' title='bbox 1063 4449 1356 4520; x_wconf 80' lang='lat' dir='ltr'><strong>prapitium</strong></span> <span class='ocrx_word' id='word_1_546' title='bbox 1381 4449 1483 4503; x_wconf 90' lang='lat' dir='ltr'><strong>sibi</strong></span> <span class='ocrx_word' id='word_1_547' title='bbox 1511 4451 1796 4507; x_wconf 88' lang='lat' dir='ltr'><strong>reddidere</strong></span> 
     </span>
    </p>
   </div>
   <div class='ocr_carea' id='block_1_75' title="bbox 1911 3247 3476 3327">
    <p class='ocr_par' dir='ltr' id='par_1_75' title="bbox 1911 3247 3476 3327">
     <span class='ocr_line' id='line_1_75' title="bbox 1911 3247 3476 3327; baseline -0.006 -17"><span class='ocrx_word' id='word_1_548' title='bbox 1911 3257 2054 3312; x_wconf 84' lang='lat' dir='ltr'><strong>Mera</strong></span> <span class='ocrx_word' id='word_1_549' title='bbox 2090 3255 2337 3327; x_wconf 83' lang='lat' dir='ltr'><strong>prodigia</strong></span> <span class='ocrx_word' id='word_1_550' title='bbox 2365 3264 2510 3321; x_wconf 89' lang='lat' dir='ltr'><strong>sunt,</strong></span> <span class='ocrx_word' id='word_1_551' title='bbox 2541 3261 2597 3308; x_wconf 86' lang='lat' dir='ltr'><strong>et</strong></span> <span class='ocrx_word' id='word_1_552' title='bbox 2625 3253 2798 3307; x_wconf 88' lang='lat' dir='ltr'><strong>aniles</strong></span> <span class='ocrx_word' id='word_1_553' title='bbox 2833 3250 3049 3316; x_wconf 61' lang='lat' dir='ltr'><strong>fabula},</strong></span> <span class='ocrx_word' id='word_1_554' title='bbox 3084 3265 3204 3320; x_wconf 74' lang='lat' dir='ltr'><strong>qua:</strong></span> <span class='ocrx_word' id='word_1_555' title='bbox 3233 3247 3476 3304; x_wconf 64' lang='lat' dir='ltr'><strong>heretici</strong></span> 
     </span>
    </p>
   </div>
   <div class='ocr_carea' id='block_1_76' title="bbox 1908 3340 3477 3403">
    <p class='ocr_par' dir='ltr' id='par_1_76' title="bbox 1908 3340 3477 3403">
     <span class='ocr_line' id='line_1_76' title="bbox 1908 3340 3477 3403; baseline -0.006 0"><span class='ocrx_word' id='word_1_556' title='bbox 1908 3351 1974 3403; x_wconf 90' lang='lat' dir='ltr'><strong>de</strong></span> <span class='ocrx_word' id='word_1_557' title='bbox 2008 3357 2182 3402; x_wconf 88' lang='lat' dir='ltr'><strong>morte</strong></span> <span class='ocrx_word' id='word_1_558' title='bbox 2217 3346 2426 3401; x_wconf 84' lang='lat' dir='ltr'><strong>Enocbi</strong></span> <span class='ocrx_word' id='word_1_559' title='bbox 2459 3345 2822 3398; x_wconf 89' lang='lat' dir='ltr'><strong>tradiderunt.</strong></span> <span class='ocrx_word' id='word_1_560' title='bbox 2869 3340 3152 3396; x_wconf 87' lang='lat' dir='ltr'><strong>Enocbum</strong></span> <span class='ocrx_word' id='word_1_561' title='bbox 3197 3353 3306 3394; x_wconf 88' lang='lat' dir='ltr'><strong>non</strong></span> <span class='ocrx_word' id='word_1_562' title='bbox 3351 3353 3477 3394; x_wconf 82' lang='lat' dir='ltr'><strong>esse</strong></span> 
     </span>
    </p>
   </div>
   <div class='ocr_carea' id='block_1_77' title="bbox 1907 3431 3474 3507">
    <p class='ocr_par' dir='ltr' id='par_1_77' title="bbox 1907 3431 3474 3507">
     <span class='ocr_line' id='line_1_77' title="bbox 1907 3431 3474 3507; baseline -0.006 -14"><span class='ocrx_word' id='word_1_563' title='bbox 1907 3449 2180 3494; x_wconf 88' lang='lat' dir='ltr'><strong>mortuum</strong></span> <span class='ocrx_word' id='word_1_564' title='bbox 2231 3438 2575 3507; x_wconf 84' lang='lat' dir='ltr'><strong>separatione</strong></span> <span class='ocrx_word' id='word_1_565' title='bbox 2623 3435 2818 3489; x_wconf 75' lang='lat' dir='ltr'><strong>anima:</strong></span> <span class='ocrx_word' id='word_1_566' title='bbox 2857 3449 2887 3486; x_wconf 91' lang='lat' dir='ltr'><strong>a</strong></span> <span class='ocrx_word' id='word_1_567' title='bbox 2931 3448 3160 3503; x_wconf 77' lang='lat' dir='ltr'><strong>corpore</strong></span> <span class='ocrx_word' id='word_1_568' title='bbox 3197 3431 3431 3487; x_wconf 90' lang='lat' dir='ltr'><strong>violenta</strong></span> <span class='ocrx_word' id='word_1_569' title='bbox 3457 3469 3474 3493; x_wconf 91' lang='lat'><strong>,</strong></span> 
     </span>
    </p>
   </div>
   <div class='ocr_carea' id='block_1_78' title="bbox 1908 3527 3474 3600">
    <p class='ocr_par' dir='ltr' id='par_1_78' title="bbox 1908 3527 3474 3600">
     <span class='ocr_line' id='line_1_78' title="bbox 1908 3527 3474 3600; baseline -0.004 -13"><span class='ocrx_word' id='word_1_570' title='bbox 1908 3533 2002 3588; x_wconf 90' lang='lat' dir='ltr'><strong>sed</strong></span> <span class='ocrx_word' id='word_1_571' title='bbox 2027 3535 2135 3587; x_wconf 92' lang='lat' dir='ltr'><strong>alio</strong></span> <span class='ocrx_word' id='word_1_572' title='bbox 2165 3549 2306 3587; x_wconf 91' lang='lat' dir='ltr'><strong>novo</strong></span> <span class='ocrx_word' id='word_1_573' title='bbox 2341 3532 2524 3596; x_wconf 90' lang='lat' dir='ltr'><strong>modo,</strong></span> <span class='ocrx_word' id='word_1_574' title='bbox 2553 3546 2744 3600; x_wconf 90' lang='lat' dir='ltr'><strong>nempe</strong></span> <span class='ocrx_word' id='word_1_575' title='bbox 2777 3540 2939 3584; x_wconf 86' lang='lat' dir='ltr'><strong>exuta</strong></span> <span class='ocrx_word' id='word_1_576' title='bbox 2966 3537 3173 3583; x_wconf 90' lang='lat' dir='ltr'><strong>tantum</strong></span> <span class='ocrx_word' id='word_1_577' title='bbox 3201 3527 3474 3597; x_wconf 89' lang='lat' dir='ltr'><strong>corrupti-</strong></span> 
     </span>
    </p>
   </div>
   <div class='ocr_carea' id='block_1_79' title="bbox 1905 3620 3474 3688">
    <p class='ocr_par' dir='ltr' id='par_1_79' title="bbox 1905 3620 3474 3688">
     <span class='ocr_line' id='line_1_79' title="bbox 1905 3620 3474 3688; baseline -0.004 -8"><span class='ocrx_word' id='word_1_578' title='bbox 1905 3626 2000 3680; x_wconf 90' lang='lat' dir='ltr'><strong>bili</strong></span> <span class='ocrx_word' id='word_1_579' title='bbox 2047 3633 2261 3688; x_wconf 88' lang='lat' dir='ltr'><strong>natura,</strong></span> <span class='ocrx_word' id='word_1_580' title='bbox 2295 3633 2350 3678; x_wconf 91' lang='lat' dir='ltr'><strong>et</strong></span> <span class='ocrx_word' id='word_1_581' title='bbox 2389 3624 2698 3678; x_wconf 82' lang='lat' dir='ltr'><strong>absolutum</strong></span> <span class='ocrx_word' id='word_1_582' title='bbox 2745 3637 2774 3675; x_wconf 91' lang='lat' dir='ltr'><strong>a</strong></span> <span class='ocrx_word' id='word_1_583' title='bbox 2819 3623 3057 3677; x_wconf 88' lang='lat' dir='ltr'><strong>miseriis</strong></span> <span class='ocrx_word' id='word_1_584' title='bbox 3091 3620 3249 3688; x_wconf 85' lang='lat' dir='ltr'><strong>hujus</strong></span> <span class='ocrx_word' id='word_1_585' title='bbox 3288 3620 3474 3676; x_wconf 67' lang='lat' dir='ltr'><strong>saeculi</strong></span> 
     </span>
    </p>
   </div>
   <div class='ocr_carea' id='block_1_80' title="bbox 1905 3711 3477 3788">
    <p class='ocr_par' dir='ltr' id='par_1_80' title="bbox 1905 3711 3477 3788">
     <span class='ocr_line' id='line_1_80' title="bbox 1905 3711 3477 3788; baseline -0.004 -16"><span class='ocrx_word' id='word_1_586' title='bbox 1905 3718 2118 3788; x_wconf 88' lang='lat' dir='ltr'><strong>placida</strong></span> <span class='ocrx_word' id='word_1_587' title='bbox 2148 3717 2384 3786; x_wconf 90' lang='lat' dir='ltr'><strong>quadam</strong></span> <span class='ocrx_word' id='word_1_588' title='bbox 2413 3732 2478 3770; x_wconf 82' lang='lat' dir='ltr'><strong>ex</strong></span> <span class='ocrx_word' id='word_1_589' title='bbox 2511 3716 2613 3768; x_wconf 91' lang='lat' dir='ltr'><strong>boc</strong></span> <span class='ocrx_word' id='word_1_590' title='bbox 2657 3715 2862 3769; x_wconf 79' lang='lat' dir='ltr'><strong>mundo</strong></span> <span class='ocrx_word' id='word_1_591' title='bbox 2893 3713 3239 3782; x_wconf 79' lang='lat' dir='ltr'><strong>migratione.</strong></span> <span class='ocrx_word' id='word_1_592' title='bbox 3273 3711 3340 3765; x_wconf 88' lang='lat' dir='ltr'><strong>Et</strong></span> <span class='ocrx_word' id='word_1_593' title='bbox 3385 3711 3477 3766; x_wconf 87' lang='lat' dir='ltr'><strong>ad-</strong></span> 
     </span>
    </p>
   </div>
   <div class='ocr_carea' id='block_1_81' title="bbox 1905 3803 3472 3875">
    <p class='ocr_par' dir='ltr' id='par_1_81' title="bbox 1905 3803 3472 3875">
     <span class='ocr_line' id='line_1_81' title="bbox 1905 3803 3472 3875; baseline -0.003 -14"><span class='ocrx_word' id='word_1_594' title='bbox 1905 3809 2060 3872; x_wconf 87' lang='lat' dir='ltr'><strong>dunt,</strong></span> <span class='ocrx_word' id='word_1_595' title='bbox 2113 3823 2171 3862; x_wconf 91' lang='lat' dir='ltr'><strong>se</strong></span> <span class='ocrx_word' id='word_1_596' title='bbox 2214 3808 2361 3875; x_wconf 91' lang='lat' dir='ltr'><strong>loqui</strong></span> <span class='ocrx_word' id='word_1_597' title='bbox 2404 3807 2470 3859; x_wconf 93' lang='lat' dir='ltr'><strong>de</strong></span> <span class='ocrx_word' id='word_1_598' title='bbox 2515 3805 2631 3869; x_wconf 92' lang='lat' dir='ltr'><strong>tali,</strong></span> <span class='ocrx_word' id='word_1_599' title='bbox 2660 3805 2836 3874; x_wconf 89' lang='lat' dir='ltr'><strong>qualis</strong></span> <span class='ocrx_word' id='word_1_600' title='bbox 2888 3803 3080 3857; x_wconf 86' lang='lat' dir='ltr'><strong>fuisset</strong></span> <span class='ocrx_word' id='word_1_601' title='bbox 3118 3803 3383 3857; x_wconf 88' lang='lat' dir='ltr'><strong>transitus</strong></span> <span class='ocrx_word' id='word_1_602' title='bbox 3417 3803 3472 3856; x_wconf 91' lang='lat' dir='ltr'><strong>in</strong></span> 
     </span>
    </p>
   </div>
   <div class='ocr_carea' id='block_1_82' title="bbox 1904 3896 3475 3967">
    <p class='ocr_par' dir='ltr' id='par_1_82' title="bbox 1904 3896 3475 3967">
     <span class='ocr_line' id='line_1_82' title="bbox 1904 3896 3475 3967; baseline -0.004 -13"><span class='ocrx_word' id='word_1_603' title='bbox 1904 3908 2046 3954; x_wconf 90' lang='lat' dir='ltr'><strong>statu</strong></span> <span class='ocrx_word' id='word_1_604' title='bbox 2101 3900 2446 3962; x_wconf 59' lang='lat' dir='ltr'><strong>innocentim,</strong></span> <span class='ocrx_word' id='word_1_605' title='bbox 2480 3908 2534 3952; x_wconf 90' lang='lat' dir='ltr'><strong>et</strong></span> <span class='ocrx_word' id='word_1_606' title='bbox 2580 3898 2758 3967; x_wconf 86' lang='lat' dir='ltr'><strong>qualis</strong></span> <span class='ocrx_word' id='word_1_607' title='bbox 2810 3896 3026 3950; x_wconf 89' lang='lat' dir='ltr'><strong>futurus</strong></span> <span class='ocrx_word' id='word_1_608' title='bbox 3071 3911 3284 3957; x_wconf 89' lang='lat' dir='ltr'><strong>eorum,</strong></span> <span class='ocrx_word' id='word_1_609' title='bbox 3333 3907 3475 3964; x_wconf 73' lang='lat' dir='ltr'><strong>quoe</strong></span> 
     </span>
    </p>
   </div>
   <div class='ocr_carea' id='block_1_83' title="bbox 1903 3988 3475 4060">
    <p class='ocr_par' dir='ltr' id='par_1_83' title="bbox 1903 3988 3475 4060">
     <span class='ocr_line' id='line_1_83' title="bbox 1903 3988 3475 4060; baseline -0.003 -14"><span class='ocrx_word' id='word_1_610' title='bbox 1903 3993 2020 4046; x_wconf 90' lang='lat' dir='ltr'><strong>dies</strong></span> <span class='ocrx_word' id='word_1_611' title='bbox 2055 3993 2281 4046; x_wconf 89' lang='lat' dir='ltr'><strong>ultimus</strong></span> <span class='ocrx_word' id='word_1_612' title='bbox 2312 3991 2641 4060; x_wconf 88' lang='lat' dir='ltr'><strong>superstites</strong></span> <span class='ocrx_word' id='word_1_613' title='bbox 2679 3990 2946 4054; x_wconf 85' lang='lat' dir='ltr'><strong>inveniet;</strong></span> <span class='ocrx_word' id='word_1_614' title='bbox 2983 3997 3146 4057; x_wconf 81' lang='lat' dir='ltr'><strong>atque</strong></span> <span class='ocrx_word' id='word_1_615' title='bbox 3173 3990 3245 4040; x_wconf 90' lang='lat' dir='ltr'><strong>ita</strong></span> <span class='ocrx_word' id='word_1_616' title='bbox 3276 3988 3330 4039; x_wconf 93' lang='lat' dir='ltr'><strong>in</strong></span> <span class='ocrx_word' id='word_1_617' title='bbox 3365 4000 3475 4041; x_wconf 73' lang='grc' dir='ltr'><strong>ιω-</strong></span> 
     </span>
    </p>
   </div>
   <div class='ocr_carea' id='block_1_84' title="bbox 1903 4079 3468 4153">
    <p class='ocr_par' dir='ltr' id='par_1_84' title="bbox 1903 4079 3468 4153">
     <span class='ocr_line' id='line_1_84' title="bbox 1903 4079 3468 4153; baseline -0.004 -16"><span class='ocrx_word' id='word_1_618' title='bbox 1903 4085 2092 4139; x_wconf 89' lang='lat' dir='ltr'><strong>lestem</strong></span> <span class='ocrx_word' id='word_1_619' title='bbox 2129 4085 2356 4153; x_wconf 90' lang='lat' dir='ltr'><strong>patriam</strong></span> <span class='ocrx_word' id='word_1_620' title='bbox 2405 4082 2590 4136; x_wconf 87' lang='lat' dir='ltr'><strong>Enoch</strong></span> <span class='ocrx_word' id='word_1_621' title='bbox 2630 4082 2952 4136; x_wconf 87' lang='lat' dir='ltr'><strong>translatum</strong></span> <span class='ocrx_word' id='word_1_622' title='bbox 2989 4079 3179 4143; x_wconf 88' lang='lat' dir='ltr'><strong>fuisse,</strong></span> <span class='ocrx_word' id='word_1_623' title='bbox 3207 4094 3312 4132; x_wconf 90' lang='lat' dir='ltr'><strong>non</strong></span> <span class='ocrx_word' id='word_1_624' title='bbox 3344 4080 3468 4147; x_wconf 89' lang='lat' dir='ltr'><strong>qui-</strong></span> 
     </span>
    </p>
   </div>
   <div class='ocr_carea' id='block_1_85' title="bbox 1903 4167 3473 4242">
    <p class='ocr_par' dir='ltr' id='par_1_85' title="bbox 1903 4167 3473 4242">
     <span class='ocr_line' id='line_1_85' title="bbox 1903 4167 3473 4242; baseline -0.005 -13"><span class='ocrx_word' id='word_1_625' title='bbox 1903 4175 2023 4231; x_wconf 90' lang='lat' dir='ltr'><strong>dem</strong></span> <span class='ocrx_word' id='word_1_626' title='bbox 2047 4176 2288 4228; x_wconf 86' lang='lat' dir='ltr'><strong>futurum</strong></span> <span class='ocrx_word' id='word_1_627' title='bbox 2308 4173 2418 4226; x_wconf 88' lang='lat' dir='ltr'><strong>illic</strong></span> <span class='ocrx_word' id='word_1_628' title='bbox 2436 4173 2756 4242; x_wconf 87' lang='lat' dir='ltr'><strong>participem</strong></span> <span class='ocrx_word' id='word_1_629' title='bbox 2789 4172 2975 4241; x_wconf 67' lang='lat' dir='ltr'><strong>gloriae</strong></span> <span class='ocrx_word' id='word_1_630' title='bbox 3005 4170 3266 4232; x_wconf 74' lang='lat' dir='ltr'><strong>cmlestis,</strong></span> <span class='ocrx_word' id='word_1_631' title='bbox 3303 4184 3359 4224; x_wconf 92' lang='lat' dir='ltr'><strong>se</strong></span> <span class='ocrx_word' id='word_1_632' title='bbox 3377 4167 3473 4222; x_wconf 85' lang='lat' dir='ltr'><strong>ab-&#39;</strong></span> 
     </span>
    </p>
   </div>
   <div class='ocr_carea' id='block_1_86' title="bbox 1903 4262 3473 4326">
    <p class='ocr_par' dir='ltr' id='par_1_86' title="bbox 1903 4262 3473 4326">
     <span class='ocr_line' id='line_1_86' title="bbox 1903 4262 3473 4326; baseline -0.004 -3"><span class='ocrx_word' id='word_1_633' title='bbox 1903 4269 2140 4323; x_wconf 91' lang='lat' dir='ltr'><strong>solutum</strong></span> <span class='ocrx_word' id='word_1_634' title='bbox 2174 4267 2438 4319; x_wconf 85' lang='lat' dir='ltr'><strong>duntaxat</strong></span> <span class='ocrx_word' id='word_1_635' title='bbox 2469 4281 2498 4318; x_wconf 90' lang='lat' dir='ltr'><strong>a</strong></span> <span class='ocrx_word' id='word_1_636' title='bbox 2535 4265 2769 4320; x_wconf 89' lang='lat' dir='ltr'><strong>miseriis</strong></span> <span class='ocrx_word' id='word_1_637' title='bbox 2789 4263 2994 4326; x_wconf 64' lang='lat' dir='ltr'><strong>smeuli,</strong></span> <span class='ocrx_word' id='word_1_638' title='bbox 3025 4263 3196 4318; x_wconf 88' lang='lat' dir='ltr'><strong>donec</strong></span> <span class='ocrx_word' id='word_1_639' title='bbox 3220 4262 3473 4317; x_wconf 85' lang='lat' dir='ltr'><strong>Christus</strong></span> 
     </span>
    </p>
   </div>
   <div class='ocr_carea' id='block_1_87' title="bbox 1902 4353 3473 4421">
    <p class='ocr_par' dir='ltr' id='par_1_87' title="bbox 1902 4353 3473 4421">
     <span class='ocr_line' id='line_1_87' title="bbox 1902 4353 3473 4421; baseline -0.004 -8"><span class='ocrx_word' id='word_1_640' title='bbox 1902 4361 1956 4413; x_wconf 89' lang='lat' dir='ltr'><strong>in</strong></span> <span class='ocrx_word' id='word_1_641' title='bbox 1977 4360 2171 4414; x_wconf 70' lang='lat' dir='ltr'><strong>cmlum</strong></span> <span class='ocrx_word' id='word_1_642' title='bbox 2191 4355 2527 4412; x_wconf 88' lang='lat' dir='ltr'><strong>ascenderet.</strong></span> <span class='ocrx_word' id='word_1_643' title='bbox 2550 4355 2811 4408; x_wconf 84' lang='lat' dir='ltr'><strong>Martinus</strong></span> <span class='ocrx_word' id='word_1_644' title='bbox 2830 4357 2954 4409; x_wconf 90' lang='lat' dir='ltr'><strong>item</strong></span> <span class='ocrx_word' id='word_1_645' title='bbox 2990 4354 3305 4414; x_wconf 83' lang='lat' dir='ltr'><strong>Borrhains,</strong></span> <span class='ocrx_word' id='word_1_646' title='bbox 3324 4353 3473 4421; x_wconf 89' lang='lat' dir='ltr'><strong>ejus-</strong></span> 
     </span>
    </p>
   </div>
   <div class='ocr_carea' id='block_1_88' title="bbox 1901 4444 3469 4506">
    <p class='ocr_par' dir='ltr' id='par_1_88' title="bbox 1901 4444 3469 4506">
     <span class='ocr_line' id='line_1_88' title="bbox 1901 4444 3469 4506; baseline -0.006 0"><span class='ocrx_word' id='word_1_647' title='bbox 1901 4453 2022 4506; x_wconf 90' lang='lat' dir='ltr'><strong>dem</strong></span> <span class='ocrx_word' id='word_1_648' title='bbox 2061 4449 2244 4503; x_wconf 74' lang='lat' dir='ltr'><strong>farinze</strong></span> <span class='ocrx_word' id='word_1_649' title='bbox 2282 4448 2462 4502; x_wconf 89' lang='lat' dir='ltr'><strong>homo.</strong></span> <span class='ocrx_word' id='word_1_650' title='bbox 2493 4447 2692 4500; x_wconf 80' lang='lat' dir='ltr'><strong>fatetur</strong></span> <span class='ocrx_word' id='word_1_651' title='bbox 2732 4444 3011 4498; x_wconf 83' lang='lat' dir='ltr'><strong>Enochum</strong></span> <span class='ocrx_word' id='word_1_652' title='bbox 3037 4459 3162 4498; x_wconf 82' lang='lat' dir='ltr'><strong>vere</strong></span> <span class='ocrx_word' id='word_1_653' title='bbox 3195 4451 3469 4496; x_wconf 88' lang='lat' dir='ltr'><strong>mortuum</strong></span> 
     </span>
    </p>
   </div>
   <div class='ocr_carea' id='block_1_89' title="bbox 232 4531 3472 4612">
    <p class='ocr_par' dir='ltr' id='par_1_89' title="bbox 232 4531 3472 4612">
     <span class='ocr_line' id='line_1_89' title="bbox 232 4531 3472 4612; baseline 0 -25"><span class='ocrx_word' id='word_1_654' title='bbox 232 4531 378 4600; x_wconf 84' lang='lat' dir='ltr'><strong>Quin</strong></span> <span class='ocrx_word' id='word_1_655' title='bbox 407 4532 644 4604; x_wconf 84' lang='lat' dir='ltr'><strong>Cyrillus</strong></span> <span class='ocrx_word' id='word_1_656' title='bbox 674 4537 768 4590; x_wconf 92' lang='lat' dir='ltr'><strong>lib.</strong></span> <span class='ocrx_word' id='word_1_657' title='bbox 803 4554 820 4591; x_wconf 89' lang='grc' dir='ltr'><strong>ι</strong></span> <span class='ocrx_word' id='word_1_658' title='bbox 853 4538 1052 4594; x_wconf 88' lang='lat' dir='ltr'><strong>Contra</strong></span> <span class='ocrx_word' id='word_1_659' title='bbox 1079 4539 1375 4604; x_wconf 68' lang='lat' dir='ltr'><strong>lulianum,</strong></span> <span class='ocrx_word' id='word_1_660' title='bbox 1438 4544 1646 4605; x_wconf 84' lang='lat' dir='ltr'><strong>scribit,</strong></span> <span class='ocrx_word' id='word_1_661' title='bbox 1699 4545 1799 4598; x_wconf 89' lang='lat' dir='ltr'><strong>bo-&#39;</strong></span> <span class='ocrx_word' id='word_1_662' title='bbox 1830 4550 1876 4606; x_wconf 79' lang='lat'><strong>1)</strong></span> <span class='ocrx_word' id='word_1_663' title='bbox 1904 4542 2080 4612; x_wconf 87' lang='lat' dir='ltr'><strong>quoad</strong></span> <span class='ocrx_word' id='word_1_664' title='bbox 2138 4556 2338 4609; x_wconf 88' lang='lat' dir='ltr'><strong>corpus</strong></span> <span class='ocrx_word' id='word_1_665' title='bbox 2392 4553 2543 4592; x_wconf 90' lang='lat' dir='ltr'><strong>more</strong></span> <span class='ocrx_word' id='word_1_666' title='bbox 2594 4546 2936 4599; x_wconf 65' lang='lat' dir='ltr'><strong>caeterorum,</strong></span> <span class='ocrx_word' id='word_1_667' title='bbox 2967 4537 3062 4592; x_wconf 90' lang='lat' dir='ltr'><strong>sed</strong></span> <span class='ocrx_word' id='word_1_668' title='bbox 3108 4536 3324 4606; x_wconf 87' lang='lat' dir='ltr'><strong>sepulto</strong></span> <span class='ocrx_word' id='word_1_669' title='bbox 3350 4549 3472 4588; x_wconf 88' lang='lat' dir='ltr'><strong>cor-</strong></span> 
     </span>
    </p>
   </div>
   <div class='ocr_carea' id='block_1_90' title="bbox 231 4624 1797 4698">
    <p class='ocr_par' dir='ltr' id='par_1_90' title="bbox 231 4624 1797 4698">
     <span class='ocr_line' id='line_1_90' title="bbox 231 4624 1797 4698; baseline 0.005 -19"><span class='ocrx_word' id='word_1_670' title='bbox 231 4624 413 4680; x_wconf 84' lang='lat' dir='ltr'><strong>mines</strong></span> <span class='ocrx_word' id='word_1_671' title='bbox 447 4627 513 4677; x_wconf 90' lang='lat' dir='ltr'><strong>ab</strong></span> <span class='ocrx_word' id='word_1_672' title='bbox 536 4625 730 4690; x_wconf 85' lang='lat' dir='ltr'><strong>Adam,</strong></span> <span class='ocrx_word' id='word_1_673' title='bbox 770 4643 943 4697; x_wconf 91' lang='lat' dir='ltr'><strong>usque</strong></span> <span class='ocrx_word' id='word_1_674' title='bbox 973 4631 1039 4684; x_wconf 89' lang='lat' dir='ltr'><strong>ad</strong></span> <span class='ocrx_word' id='word_1_675' title='bbox 1082 4629 1205 4684; x_wconf 86' lang='lat' dir='ltr'><strong>Sent</strong></span> <span class='ocrx_word' id='word_1_676' title='bbox 1249 4629 1416 4684; x_wconf 84' lang='lat' dir='ltr'><strong>lilium</strong></span> <span class='ocrx_word' id='word_1_677' title='bbox 1452 4630 1585 4698; x_wconf 82' lang='lat' dir='ltr'><strong>Noe,</strong></span> <span class='ocrx_word' id='word_1_678' title='bbox 1627 4632 1797 4687; x_wconf 90' lang='lat' dir='ltr'><strong>Deum</strong></span> 
     </span>
    </p>
   </div>
   <div class='ocr_carea' id='block_1_91' title="bbox 230 4717 1796 4795">
    <p class='ocr_par' dir='ltr' id='par_1_91' title="bbox 230 4717 1796 4795">
     <span class='ocr_line' id='line_1_91' title="bbox 230 4717 1796 4795; baseline 0.005 -23"><span class='ocrx_word' id='word_1_679' title='bbox 230 4717 571 4772; x_wconf 88' lang='lat' dir='ltr'><strong>conditorem</strong></span> <span class='ocrx_word' id='word_1_680' title='bbox 619 4719 878 4785; x_wconf 87' lang='lat' dir='ltr'><strong>coluisse,</strong></span> <span class='ocrx_word' id='word_1_681' title='bbox 913 4737 1014 4776; x_wconf 90' lang='lat' dir='ltr'><strong>nec</strong></span> <span class='ocrx_word' id='word_1_682' title='bbox 1066 4723 1232 4776; x_wconf 90' lang='lat' dir='ltr'><strong>ullum</strong></span> <span class='ocrx_word' id='word_1_683' title='bbox 1288 4723 1607 4792; x_wconf 80' lang='lat' dir='ltr'><strong>reprehendi</strong></span> <span class='ocrx_word' id='word_1_684' title='bbox 1652 4727 1796 4795; x_wconf 90' lang='lat' dir='ltr'><strong>quod</strong></span> 
     </span>
    </p>
   </div>
   <div class='ocr_carea' id='block_1_92' title="bbox 231 4808 1797 4880">
    <p class='ocr_par' dir='ltr' id='par_1_92' title="bbox 231 4808 1797 4880">
     <span class='ocr_line' id='line_1_92' title="bbox 231 4808 1797 4880; baseline 0.006 -18"><span class='ocrx_word' id='word_1_685' title='bbox 231 4817 361 4862; x_wconf 84' lang='lat' dir='ltr'><strong>ante</strong></span> <span class='ocrx_word' id='word_1_686' title='bbox 389 4808 651 4862; x_wconf 89' lang='lat' dir='ltr'><strong>diluvium</strong></span> <span class='ocrx_word' id='word_1_687' title='bbox 684 4809 789 4864; x_wconf 90' lang='lat' dir='ltr'><strong>diis</strong></span> <span class='ocrx_word' id='word_1_688' title='bbox 836 4813 1051 4880; x_wconf 88' lang='lat' dir='ltr'><strong>alienis,</strong></span> <span class='ocrx_word' id='word_1_689' title='bbox 1098 4813 1180 4866; x_wconf 89' lang='lat' dir='ltr'><strong>vel</strong></span> <span class='ocrx_word' id='word_1_690' title='bbox 1220 4814 1554 4868; x_wconf 65' lang='lat' dir='ltr'><strong>daemonibus</strong></span> <span class='ocrx_word' id='word_1_691' title='bbox 1583 4815 1797 4872; x_wconf 86' lang='lat' dir='ltr'><strong>deditus</strong></span> 
     </span>
    </p>
   </div>
   <div class='ocr_carea' id='block_1_93' title="bbox 229 4897 1798 4961">
    <p class='ocr_par' dir='ltr' id='par_1_93' title="bbox 229 4897 1798 4961">
     <span class='ocr_line' id='line_1_93' title="bbox 229 4897 1798 4961; baseline 0.005 -8"><span class='ocrx_word' id='word_1_692' title='bbox 229 4897 508 4955; x_wconf 88' lang='lat' dir='ltr'><strong>obtulerit.</strong></span> <span class='ocrx_word' id='word_1_693' title='bbox 547 4898 621 4955; x_wconf 89' lang='lat' dir='ltr'><strong>De</strong></span> <span class='ocrx_word' id='word_1_694' title='bbox 654 4902 972 4958; x_wconf 88' lang='lat' dir='ltr'><strong>solemniori</strong></span> <span class='ocrx_word' id='word_1_695' title='bbox 1021 4913 1202 4958; x_wconf 89' lang='lat' dir='ltr'><strong>autem</strong></span> <span class='ocrx_word' id='word_1_696' title='bbox 1236 4907 1383 4958; x_wconf 78' lang='lat' dir='ltr'><strong>cultu</strong></span> <span class='ocrx_word' id='word_1_697' title='bbox 1429 4906 1605 4959; x_wconf 89' lang='lat' dir='ltr'><strong>locum</strong></span> <span class='ocrx_word' id='word_1_698' title='bbox 1651 4906 1798 4961; x_wconf 90' lang='lat' dir='ltr'><strong>hunc</strong></span> 
     </span>
    </p>
   </div>
   <div class='ocr_carea' id='block_1_94' title="bbox 232 4993 1798 5065">
    <p class='ocr_par' dir='ltr' id='par_1_94' title="bbox 232 4993 1798 5065">
     <span class='ocr_line' id='line_1_94' title="bbox 232 4993 1798 5065; baseline 0.003 -15"><span class='ocrx_word' id='word_1_699' title='bbox 232 4993 608 5065; x_wconf 85' lang='lat' dir='ltr'><strong>intelligimus.</strong></span> <span class='ocrx_word' id='word_1_700' title='bbox 629 4993 836 5051; x_wconf 82' lang='lat' dir='ltr'><strong>Etcum</strong></span> <span class='ocrx_word' id='word_1_701' title='bbox 860 4999 1042 5052; x_wconf 73' lang='lat' dir='ltr'><strong>caeteri</strong></span> <span class='ocrx_word' id='word_1_702' title='bbox 1067 4999 1266 5053; x_wconf 86' lang='lat' dir='ltr'><strong>artium</strong></span> <span class='ocrx_word' id='word_1_703' title='bbox 1295 4999 1619 5062; x_wconf 88' lang='lat' dir='ltr'><strong>inventione,</strong></span> <span class='ocrx_word' id='word_1_704' title='bbox 1635 5000 1798 5055; x_wconf 89' lang='lat' dir='ltr'><strong>rebus</strong></span> 
     </span>
    </p>
   </div>
   <div class='ocr_carea' id='block_1_95' title="bbox 230 5089 1799 5156">
    <p class='ocr_par' dir='ltr' id='par_1_95' title="bbox 230 5089 1799 5156">
     <span class='ocr_line' id='line_1_95' title="bbox 230 5089 1799 5156; baseline 0 -10"><span class='ocrx_word' id='word_1_705' title='bbox 230 5089 386 5146; x_wconf 84' lang='lat' dir='ltr'><strong>hisce</strong></span> <span class='ocrx_word' id='word_1_706' title='bbox 420 5089 652 5144; x_wconf 88' lang='lat' dir='ltr'><strong>terrenis</strong></span> <span class='ocrx_word' id='word_1_707' title='bbox 701 5090 1110 5156; x_wconf 86' lang='lat' dir='ltr'><strong>incumbentes,</strong></span> <span class='ocrx_word' id='word_1_708' title='bbox 1151 5092 1364 5145; x_wconf 90' lang='lat' dir='ltr'><strong>lucrum</strong></span> <span class='ocrx_word' id='word_1_709' title='bbox 1415 5099 1470 5146; x_wconf 91' lang='lat' dir='ltr'><strong>et</strong></span> <span class='ocrx_word' id='word_1_710' title='bbox 1513 5092 1799 5146; x_wconf 89' lang='lat' dir='ltr'><strong>commoda</strong></span> 
     </span>
    </p>
   </div>
   <div class='ocr_carea' id='block_1_96' title="bbox 232 5177 1799 5252">
    <p class='ocr_par' dir='ltr' id='par_1_96' title="bbox 232 5177 1799 5252">
     <span class='ocr_line' id='line_1_96' title="bbox 232 5177 1799 5252; baseline 0.001 -17"><span class='ocrx_word' id='word_1_711' title='bbox 232 5188 622 5252; x_wconf 66' lang='lat' dir='ltr'><strong>prapararent,</strong></span> <span class='ocrx_word' id='word_1_712' title='bbox 649 5177 794 5233; x_wconf 83' lang='lat' dir='ltr'><strong>Enos</strong></span> <span class='ocrx_word' id='word_1_713' title='bbox 820 5178 936 5250; x_wconf 85' lang='lat' dir='ltr'><strong>ipse</strong></span> <span class='ocrx_word' id='word_1_714' title='bbox 970 5181 1168 5251; x_wconf 89' lang='lat' dir='ltr'><strong>spretis</strong></span> <span class='ocrx_word' id='word_1_715' title='bbox 1198 5181 1473 5245; x_wconf 87' lang='lat' dir='ltr'><strong>omnibus,</strong></span> <span class='ocrx_word' id='word_1_716' title='bbox 1501 5180 1672 5234; x_wconf 89' lang='lat' dir='ltr'><strong>Deum</strong></span> <span class='ocrx_word' id='word_1_717' title='bbox 1694 5182 1799 5236; x_wconf 91' lang='lat' dir='ltr'><strong>sibi</strong></span> 
     </span>
    </p>
   </div>
   <div class='ocr_carea' id='block_1_97' title="bbox 234 5273 1798 5345">
    <p class='ocr_par' dir='ltr' id='par_1_97' title="bbox 234 5273 1798 5345">
     <span class='ocr_line' id='line_1_97' title="bbox 234 5273 1798 5345; baseline -0.001 -16"><span class='ocrx_word' id='word_1_718' title='bbox 234 5275 413 5330; x_wconf 77' lang='lat' dir='ltr'><strong>solum</strong></span> <span class='ocrx_word' id='word_1_719' title='bbox 445 5288 554 5345; x_wconf 77' lang='lat' dir='ltr'><strong>prae</strong></span> <span class='ocrx_word' id='word_1_720' title='bbox 582 5273 795 5328; x_wconf 65' lang='lat' dir='ltr'><strong>caeteris</strong></span> <span class='ocrx_word' id='word_1_721' title='bbox 843 5275 1196 5344; x_wconf 74' lang='lat' dir='ltr'><strong>praepositum</strong></span> <span class='ocrx_word' id='word_1_722' title='bbox 1240 5275 1505 5335; x_wconf 85' lang='lat' dir='ltr'><strong>adoravit,</strong></span> <span class='ocrx_word' id='word_1_723' title='bbox 1537 5275 1651 5329; x_wconf 89' lang='lat' dir='ltr'><strong>suis</strong></span> <span class='ocrx_word' id='word_1_724' title='bbox 1690 5274 1798 5328; x_wconf 87' lang='lat' dir='ltr'><strong>for-</strong></span> 
     </span>
    </p>
   </div>
   <div class='ocr_carea' id='block_1_98' title="bbox 234 5361 1802 5422">
    <p class='ocr_par' dir='ltr' id='par_1_98' title="bbox 234 5361 1802 5422">
     <span class='ocr_line' id='line_1_98' title="bbox 234 5361 1802 5422; baseline 0.001 -1"><span class='ocrx_word' id='word_1_725' title='bbox 234 5367 386 5422; x_wconf 83' lang='lat' dir='ltr'><strong>tunis</strong></span> <span class='ocrx_word' id='word_1_726' title='bbox 413 5367 469 5420; x_wconf 92' lang='lat' dir='ltr'><strong>in</strong></span> <span class='ocrx_word' id='word_1_727' title='bbox 499 5380 565 5420; x_wconf 92' lang='lat' dir='ltr'><strong>eo</strong></span> <span class='ocrx_word' id='word_1_728' title='bbox 604 5364 906 5420; x_wconf 89' lang='lat' dir='ltr'><strong>collocatis.</strong></span> <span class='ocrx_word' id='word_1_729' title='bbox 950 5361 1029 5418; x_wconf 82' lang='grc' dir='ltr'><strong>ΙΙιί</strong></span> <span class='ocrx_word' id='word_1_730' title='bbox 1062 5380 1150 5422; x_wconf 87' lang='lat' dir='ltr'><strong>res</strong></span> <span class='ocrx_word' id='word_1_731' title='bbox 1174 5365 1241 5419; x_wconf 91' lang='lat' dir='ltr'><strong>ad</strong></span> <span class='ocrx_word' id='word_1_732' title='bbox 1277 5367 1417 5420; x_wconf 89' lang='lat' dir='ltr'><strong>hanc</strong></span> <span class='ocrx_word' id='word_1_733' title='bbox 1445 5367 1608 5420; x_wconf 85' lang='lat' dir='ltr'><strong>vitam</strong></span> <span class='ocrx_word' id='word_1_734' title='bbox 1644 5369 1802 5422; x_wconf 88' lang='lat' dir='ltr'><strong>utiles</strong></span> 
     </span>
    </p>
   </div>
   <div class='ocr_carea' id='block_1_99' title="bbox 236 5453 1798 5527">
    <p class='ocr_par' dir='ltr' id='par_1_99' title="bbox 236 5453 1798 5527">
     <span class='ocr_line' id='line_1_99' title="bbox 236 5453 1798 5527; baseline -0.002 -13"><span class='ocrx_word' id='word_1_735' title='bbox 236 5457 645 5527; x_wconf 83' lang='lat' dir='ltr'><strong>excogitabant,</strong></span> <span class='ocrx_word' id='word_1_736' title='bbox 689 5455 744 5509; x_wconf 90' lang='lat' dir='ltr'><strong>hi</strong></span> <span class='ocrx_word' id='word_1_737' title='bbox 773 5455 842 5509; x_wconf 85' lang='lat' dir='ltr'><strong>ad</strong></span> <span class='ocrx_word' id='word_1_738' title='bbox 877 5453 1136 5508; x_wconf 89' lang='lat' dir='ltr'><strong>futuram.</strong></span> <span class='ocrx_word' id='word_1_739' title='bbox 1166 5458 1348 5522; x_wconf 79' lang='lat' dir='ltr'><strong>Quare</strong></span> <span class='ocrx_word' id='word_1_740' title='bbox 1374 5458 1428 5510; x_wconf 89' lang='lat' dir='ltr'><strong>bi</strong></span> <span class='ocrx_word' id='word_1_741' title='bbox 1453 5457 1547 5510; x_wconf 81' lang='lat' dir='ltr'><strong>Dei</strong></span> <span class='ocrx_word' id='word_1_742' title='bbox 1569 5457 1690 5524; x_wconf 79' lang='lat' dir='ltr'><strong>ﬁlii,</strong></span> <span class='ocrx_word' id='word_1_743' title='bbox 1723 5459 1798 5511; x_wconf 90' lang='lat' dir='ltr'><strong>illi</strong></span> 
     </span>
    </p>
   </div>
   <div class='ocr_carea' id='block_1_100' title="bbox 234 5545 1799 5626">
    <p class='ocr_par' dir='ltr' id='par_1_100' title="bbox 234 5545 1799 5626">
     <span class='ocr_line' id='line_1_100' title="bbox 234 5545 1799 5626; baseline -0.001 -23"><span class='ocrx_word' id='word_1_744' title='bbox 234 5549 340 5622; x_wconf 72' lang='lat' dir='ltr'><strong>ﬁlii</strong></span> <span class='ocrx_word' id='word_1_745' title='bbox 370 5548 662 5604; x_wconf 66' lang='lat' dir='ltr'><strong>hominum.</strong></span> <span class='ocrx_word' id='word_1_746' title='bbox 694 5545 1300 5626; x_wconf 74' lang='lat' dir='ltr'><strong>Eusebius‘Emissenus</strong></span> <span class='ocrx_word' id='word_1_747' title='bbox 1329 5549 1533 5604; x_wconf 88' lang='lat' dir='ltr'><strong>Catena</strong></span> <span class='ocrx_word' id='word_1_748' title='bbox 1554 5549 1606 5602; x_wconf 93' lang='lat' dir='ltr'><strong>in</strong></span> <span class='ocrx_word' id='word_1_749' title='bbox 1633 5549 1799 5603; x_wconf 65' lang='lat' dir='ltr'><strong>Gem:</strong></span> 
     </span>
    </p>
   </div>
   <div class='ocr_carea' id='block_1_101' title="bbox 248 5636 1803 5712">
    <p class='ocr_par' dir='ltr' id='par_1_101' title="bbox 248 5636 1803 5712">
     <span class='ocr_line' id='line_1_101' title="bbox 248 5636 1803 5712; baseline -0.001 -18"><span class='ocrx_word' id='word_1_750' title='bbox 248 5641 337 5695; x_wconf 79' lang='grc' dir='ltr'><strong>Ἕν</strong></span> <span class='ocrx_word' id='word_1_751' title='bbox 371 5639 452 5712; x_wconf 82' lang='grc' dir='ltr'><strong>τῷ</strong></span> <span class='ocrx_word' id='word_1_752' title='bbox 486 5638 755 5711; x_wconf 72' lang='grc' dir='ltr'><strong>Ἐϐραϊκῷ</strong></span> <span class='ocrx_word' id='word_1_753' title='bbox 790 5639 888 5709; x_wconf 82' lang='grc' dir='ltr'><strong>οὐχ</strong></span> <span class='ocrx_word' id='word_1_754' title='bbox 913 5636 1056 5692; x_wconf 77' lang='grc' dir='ltr'><strong>οὕτω</strong></span> <span class='ocrx_word' id='word_1_755' title='bbox 1080 5637 1250 5706; x_wconf 82' lang='grc' dir='ltr'><strong>λέγει,</strong></span> <span class='ocrx_word' id='word_1_756' title='bbox 1284 5640 1397 5692; x_wconf 78' lang='grc' dir='ltr'><strong>ἀλλ’</strong></span> <span class='ocrx_word' id='word_1_757' title='bbox 1430 5639 1600 5702; x_wconf 70' lang='grc' dir='ltr'><strong>οὕτως</strong></span> <span class='ocrx_word' id='word_1_758' title='bbox 1623 5658 1635 5671; x_wconf 74' lang='grc' dir='ltr'><strong><em>ο</em></strong></span> <span class='ocrx_word' id='word_1_759' title='bbox 1673 5641 1803 5693; x_wconf 71' lang='grc' dir='ltr'><strong>Ἥλι-</strong></span> 
     </span>
    </p>
   </div>
   <div class='ocr_carea' id='block_1_102' title="bbox 237 5729 1799 5803">
    <p class='ocr_par' dir='ltr' id='par_1_102' title="bbox 237 5729 1799 5803">
     <span class='ocr_line' id='line_1_102' title="bbox 237 5729 1799 5803; baseline -0.004 -12"><span class='ocrx_word' id='word_1_760' title='bbox 237 5751 393 5791; x_wconf 65' lang='lat' dir='ltr'><strong>metu</strong></span> <span class='ocrx_word' id='word_1_761' title='bbox 453 5731 831 5790; x_wconf 72' lang='grc' dir='ltr'><strong>ιπικαλεῖσθαι</strong></span> <span class='ocrx_word' id='word_1_762' title='bbox 871 5730 951 5802; x_wconf 85' lang='grc' dir='ltr'><strong>τῷ</strong></span> <span class='ocrx_word' id='word_1_763' title='bbox 1000 5729 1222 5801; x_wconf 81' lang='grc' dir='ltr'><strong>ὀνόματι</strong></span> <span class='ocrx_word' id='word_1_764' title='bbox 1263 5733 1466 5803; x_wconf 79' lang='grc' dir='ltr'><strong>Κυρίου</strong></span> <span class='ocrx_word' id='word_1_765' title='bbox 1509 5731 1604 5786; x_wconf 76' lang='grc' dir='ltr'><strong>τοῦ</strong></span> <span class='ocrx_word' id='word_1_766' title='bbox 1645 5732 1799 5786; x_wconf 54' lang='grc' dir='ltr'><strong>Θεοῦ</strong></span> 
     </span>
    </p>
   </div>
   <div class='ocr_carea' id='block_1_103' title="bbox 233 5821 1804 5910">
    <p class='ocr_par' dir='ltr' id='par_1_103' title="bbox 233 5821 1804 5910">
     <span class='ocr_line' id='line_1_103' title="bbox 233 5821 1804 5910; baseline -0.004 -26"><span class='ocrx_word' id='word_1_767' title='bbox 233 5825 508 5884; x_wconf 62' lang='grc' dir='ltr'><strong>τουτέστιν</strong></span> <span class='ocrx_word' id='word_1_768' title='bbox 539 5823 670 5890; x_wconf 82' lang='grc' dir='ltr'><strong>Υῑδς</strong></span> <span class='ocrx_word' id='word_1_769' title='bbox 703 5821 838 5878; x_wconf 81' lang='grc' dir='ltr'><strong>Θεοῦ</strong></span> <span class='ocrx_word' id='word_1_770' title='bbox 864 5821 1118 5910; x_wconf 55' lang='grc' dir='ltr'><strong>λέχεσθαι</strong></span> <span class='ocrx_word' id='word_1_771' title='bbox 1155 5825 1248 5878; x_wconf 83' lang='grc' dir='ltr'><strong>καὶ</strong></span> <span class='ocrx_word' id='word_1_772' title='bbox 1282 5823 1433 5888; x_wconf 80' lang='grc' dir='ltr'><strong>Θεός.</strong></span> <span class='ocrx_word' id='word_1_773' title='bbox 1465 5827 1527 5878; x_wconf 80' lang='lat' dir='ltr'><strong>0i</strong></span> <span class='ocrx_word' id='word_1_774' title='bbox 1563 5824 1669 5895; x_wconf 80' lang='grc' dir='ltr'>γὰρ</span> <span class='ocrx_word' id='word_1_775' title='bbox 1698 5825 1804 5878; x_wconf 79' lang='grc' dir='ltr'><strong>ἀπὸ</strong></span> 
     </span>
    </p>
   </div>
   <div class='ocr_carea' id='block_1_104' title="bbox 1902 4627 3470 4704">
    <p class='ocr_par' dir='ltr' id='par_1_104' title="bbox 1902 4627 3470 4704">
     <span class='ocr_line' id='line_1_104' title="bbox 1902 4627 3470 4704; baseline -0.005 -16"><span class='ocrx_word' id='word_1_776' title='bbox 1902 4649 2032 4704; x_wconf 90' lang='lat' dir='ltr'><strong>pore</strong></span> <span class='ocrx_word' id='word_1_777' title='bbox 2082 4631 2261 4703; x_wconf 88' lang='lat' dir='ltr'><strong>quoad</strong></span> <span class='ocrx_word' id='word_1_778' title='bbox 2329 4631 2563 4685; x_wconf 88' lang='lat' dir='ltr'><strong>animam</strong></span> <span class='ocrx_word' id='word_1_779' title='bbox 2633 4637 2853 4699; x_wconf 89' lang='lat' dir='ltr'><strong>propter</strong></span> <span class='ocrx_word' id='word_1_780' title='bbox 2917 4629 3037 4683; x_wconf 64' lang='lat' dir='ltr'><strong>tiJr-i</strong></span> <span class='ocrx_word' id='word_1_781' title='bbox 3099 4627 3470 4698; x_wconf 63' lang='lat' dir='ltr'><strong>praestantiam</strong></span> 
     </span>
    </p>
   </div>
   <div class='ocr_carea' id='block_1_105' title="bbox 1902 4721 3466 4783">
    <p class='ocr_par' dir='ltr' id='par_1_105' title="bbox 1902 4721 3466 4783">
     <span class='ocr_line' id='line_1_105' title="bbox 1902 4721 3466 4783; baseline -0.006 -4"><span class='ocrx_word' id='word_1_782' title='bbox 1902 4726 2228 4780; x_wconf 90' lang='lat' dir='ltr'><strong>translatum</strong></span> <span class='ocrx_word' id='word_1_783' title='bbox 2282 4722 2335 4776; x_wconf 92' lang='lat' dir='ltr'><strong>in</strong></span> <span class='ocrx_word' id='word_1_784' title='bbox 2369 4723 2590 4783; x_wconf 75' lang='lat' dir='ltr'><strong>cmlum,</strong></span> <span class='ocrx_word' id='word_1_785' title='bbox 2639 4729 2693 4775; x_wconf 91' lang='lat' dir='ltr'><strong>et</strong></span> <span class='ocrx_word' id='word_1_786' title='bbox 2737 4721 2857 4773; x_wconf 81' lang='lat' dir='ltr'><strong>ideo</strong></span> <span class='ocrx_word' id='word_1_787' title='bbox 2891 4721 2994 4774; x_wconf 81' lang='lat' dir='ltr'><strong>dici</strong></span> <span class='ocrx_word' id='word_1_788' title='bbox 3041 4735 3144 4773; x_wconf 91' lang='lat' dir='ltr'><strong>non</strong></span> <span class='ocrx_word' id='word_1_789' title='bbox 3177 4726 3466 4772; x_wconf 90' lang='lat' dir='ltr'><strong>mortuum.</strong></span> 
     </span>
    </p>
   </div>
   <div class='ocr_carea' id='block_1_106' title="bbox 1901 4808 3470 4883">
    <p class='ocr_par' dir='ltr' id='par_1_106' title="bbox 1901 4808 3470 4883">
     <span class='ocr_line' id='line_1_106' title="bbox 1901 4808 3470 4883; baseline -0.004 -17"><span class='ocrx_word' id='word_1_790' title='bbox 1901 4813 2296 4883; x_wconf 87' lang='lat' dir='ltr'><strong>Antiquissima</strong></span> <span class='ocrx_word' id='word_1_791' title='bbox 2329 4820 2508 4864; x_wconf 87' lang='lat' dir='ltr'><strong>tamen</strong></span> <span class='ocrx_word' id='word_1_792' title='bbox 2557 4809 2813 4865; x_wconf 64' lang='lat' dir='ltr'><strong>Ecclesiae</strong></span> <span class='ocrx_word' id='word_1_793' title='bbox 2841 4811 3083 4870; x_wconf 88' lang='lat' dir='ltr'><strong>traditio,</strong></span> <span class='ocrx_word' id='word_1_794' title='bbox 3119 4817 3173 4862; x_wconf 90' lang='lat' dir='ltr'><strong>et</strong></span> <span class='ocrx_word' id='word_1_795' title='bbox 3203 4808 3470 4861; x_wconf 80' lang='lat' dir='ltr'><strong>Christia-</strong></span> 
     </span>
    </p>
   </div>
   <div class='ocr_carea' id='block_1_107' title="bbox 1903 4898 3473 4971">
    <p class='ocr_par' dir='ltr' id='par_1_107' title="bbox 1903 4898 3473 4971">
     <span class='ocr_line' id='line_1_107' title="bbox 1903 4898 3473 4971; baseline -0.007 -11"><span class='ocrx_word' id='word_1_796' title='bbox 1903 4921 2096 4960; x_wconf 89' lang='lat' dir='ltr'><strong>norum</strong></span> <span class='ocrx_word' id='word_1_797' title='bbox 2120 4904 2362 4957; x_wconf 90' lang='lat' dir='ltr'><strong>omnium</strong></span> <span class='ocrx_word' id='word_1_798' title='bbox 2389 4903 2694 4971; x_wconf 88' lang='lat' dir='ltr'><strong>persuasio,</strong></span> <span class='ocrx_word' id='word_1_799' title='bbox 2720 4909 2772 4955; x_wconf 92' lang='lat' dir='ltr'><strong>et</strong></span> <span class='ocrx_word' id='word_1_800' title='bbox 2803 4915 3036 4954; x_wconf 79' lang='lat' dir='ltr'><strong>concors</strong></span> <span class='ocrx_word' id='word_1_801' title='bbox 3069 4898 3288 4951; x_wconf 86' lang='lat' dir='ltr'><strong>Patrum</strong></span> <span class='ocrx_word' id='word_1_802' title='bbox 3313 4898 3473 4951; x_wconf 86' lang='lat' dir='ltr'><strong>theo-</strong></span> 
     </span>
    </p>
   </div>
   <div class='ocr_carea' id='block_1_108' title="bbox 1903 4988 3474 5068">
    <p class='ocr_par' dir='ltr' id='par_1_108' title="bbox 1903 4988 3474 5068">
     <span class='ocr_line' id='line_1_108' title="bbox 1903 4988 3474 5068; baseline -0.007 -17"><span class='ocrx_word' id='word_1_803' title='bbox 1903 5001 2146 5068; x_wconf 86' lang='lat' dir='ltr'><strong>logorum</strong></span> <span class='ocrx_word' id='word_1_804' title='bbox 2193 4995 2500 5054; x_wconf 88' lang='lat' dir='ltr'><strong>sententia,</strong></span> <span class='ocrx_word' id='word_1_805' title='bbox 2561 4995 2895 5046; x_wconf 83' lang='lat' dir='ltr'><strong>contrarium</strong></span> <span class='ocrx_word' id='word_1_806' title='bbox 2943 4992 3128 5044; x_wconf 79' lang='lat' dir='ltr'><strong>sentit.</strong></span> <span class='ocrx_word' id='word_1_807' title='bbox 3176 4988 3327 5043; x_wconf 87' lang='lat' dir='ltr'><strong>Illam</strong></span> <span class='ocrx_word' id='word_1_808' title='bbox 3377 5005 3474 5042; x_wconf 78' lang='lat' dir='ltr'><strong>ex-</strong></span> 
     </span>
    </p>
   </div>
   <div class='ocr_carea' id='block_1_109' title="bbox 1901 5079 3469 5160">
    <p class='ocr_par' dir='ltr' id='par_1_109' title="bbox 1901 5079 3469 5160">
     <span class='ocr_line' id='line_1_109' title="bbox 1901 5079 3469 5160; baseline -0.006 -16"><span class='ocrx_word' id='word_1_809' title='bbox 1901 5105 2089 5160; x_wconf 82' lang='lat' dir='ltr'><strong>presse</strong></span> <span class='ocrx_word' id='word_1_810' title='bbox 2143 5086 2367 5141; x_wconf 88' lang='lat' dir='ltr'><strong>tradunt</strong></span> <span class='ocrx_word' id='word_1_811' title='bbox 2399 5087 2650 5142; x_wconf 89' lang='lat' dir='ltr'><strong>Clemens</strong></span> <span class='ocrx_word' id='word_1_812' title='bbox 2698 5081 2973 5137; x_wconf 83' lang='lat' dir='ltr'><strong>Romanus</strong></span> <span class='ocrx_word' id='word_1_813' title='bbox 3014 5081 3102 5135; x_wconf 91' lang='lat' dir='ltr'><strong>lib.</strong></span> <span class='ocrx_word' id='word_1_814' title='bbox 3153 5098 3186 5135; x_wconf 88' lang='lat' dir='ltr'><strong>v</strong></span> <span class='ocrx_word' id='word_1_815' title='bbox 3241 5079 3469 5134; x_wconf 81' lang='lat' dir='ltr'><strong>Camtit.</strong></span> 
     </span>
    </p>
   </div>
   <div class='ocr_carea' id='block_1_110' title="bbox 1902 5169 3468 5251">
    <p class='ocr_par' dir='ltr' id='par_1_110' title="bbox 1902 5169 3468 5251">
     <span class='ocr_line' id='line_1_110' title="bbox 1902 5169 3468 5251; baseline -0.007 -16"><span class='ocrx_word' id='word_1_816' title='bbox 1902 5189 2072 5251; x_wconf 77' lang='lat' dir='ltr'><strong>apost.</strong></span> <span class='ocrx_word' id='word_1_817' title='bbox 2094 5219 2110 5242; x_wconf 89' lang='lat'><strong>,</strong></span> <span class='ocrx_word' id='word_1_818' title='bbox 2141 5193 2260 5248; x_wconf 93' lang='lat' dir='ltr'><strong>cap.</strong></span> <span class='ocrx_word' id='word_1_819' title='bbox 2298 5179 2365 5245; x_wconf 87' lang='lat'><strong>6;</strong></span> <span class='ocrx_word' id='word_1_820' title='bbox 2421 5177 2675 5240; x_wconf 77' lang='lat' dir='ltr'><strong>lrenteus,</strong></span> <span class='ocrx_word' id='word_1_821' title='bbox 2706 5177 2801 5232; x_wconf 91' lang='lat' dir='ltr'><strong>lib.</strong></span> <span class='ocrx_word' id='word_1_822' title='bbox 2833 5194 2907 5241; x_wconf 86' lang='lat' dir='ltr'><strong>tv,</strong></span> <span class='ocrx_word' id='word_1_823' title='bbox 2948 5191 3069 5245; x_wconf 90' lang='lat' dir='ltr'><strong>cap.</strong></span> <span class='ocrx_word' id='word_1_824' title='bbox 3099 5175 3202 5241; x_wconf 75' lang='lat'><strong>30;</strong></span> <span class='ocrx_word' id='word_1_825' title='bbox 3256 5169 3468 5227; x_wconf 74' lang='lat' dir='ltr'><strong>Tertu|~</strong></span> 
     </span>
    </p>
   </div>
   <div class='ocr_carea' id='block_1_111' title="bbox 1903 5264 3471 5337">
    <p class='ocr_par' dir='ltr' id='par_1_111' title="bbox 1903 5264 3471 5337">
     <span class='ocr_line' id='line_1_111' title="bbox 1903 5264 3471 5337; baseline -0.004 -12"><span class='ocrx_word' id='word_1_826' title='bbox 1903 5273 2102 5335; x_wconf 89' lang='lat' dir='ltr'><strong>lianus,</strong></span> <span class='ocrx_word' id='word_1_827' title='bbox 2131 5269 2226 5322; x_wconf 87' lang='lat' dir='ltr'><strong>lib.</strong></span> <span class='ocrx_word' id='word_1_828' title='bbox 2262 5267 2338 5321; x_wconf 84' lang='lat' dir='ltr'><strong>De</strong></span> <span class='ocrx_word' id='word_1_829' title='bbox 2390 5284 2586 5321; x_wconf 80' lang='lat' dir='ltr'><strong>resurr.</strong></span> <span class='ocrx_word' id='word_1_830' title='bbox 2621 5269 2792 5330; x_wconf 79' lang='lat' dir='ltr'><strong>carn.,</strong></span> <span class='ocrx_word' id='word_1_831' title='bbox 2825 5281 2945 5337; x_wconf 85' lang='lat' dir='ltr'><strong>cap.</strong></span> <span class='ocrx_word' id='word_1_832' title='bbox 2991 5266 3095 5331; x_wconf 83' lang='lat'><strong>58;</strong></span> <span class='ocrx_word' id='word_1_833' title='bbox 3141 5264 3471 5335; x_wconf 82' lang='lat' dir='ltr'><strong>Cyprianus,</strong></span> 
     </span>
    </p>
   </div>
   <div class='ocr_carea' id='block_1_112' title="bbox 1903 5351 3476 5430">
    <p class='ocr_par' dir='ltr' id='par_1_112' title="bbox 1903 5351 3476 5430">
     <span class='ocr_line' id='line_1_112' title="bbox 1903 5351 3476 5430; baseline -0.007 -11"><span class='ocrx_word' id='word_1_834' title='bbox 1903 5367 1999 5419; x_wconf 92' lang='lat' dir='ltr'><strong>lib.</strong></span> <span class='ocrx_word' id='word_1_835' title='bbox 2036 5363 2112 5416; x_wconf 87' lang='lat' dir='ltr'><strong>De</strong></span> <span class='ocrx_word' id='word_1_836' title='bbox 2142 5361 2269 5416; x_wconf 84' lang='lat' dir='ltr'><strong>Sion</strong></span> <span class='ocrx_word' id='word_1_837' title='bbox 2295 5370 2344 5414; x_wconf 88' lang='lat' dir='ltr'><strong>et</strong></span> <span class='ocrx_word' id='word_1_838' title='bbox 2373 5359 2537 5422; x_wconf 87' lang='lat' dir='ltr'><strong>Sina;</strong></span> <span class='ocrx_word' id='word_1_839' title='bbox 2592 5359 2924 5430; x_wconf 86' lang='lat' dir='ltr'><strong>Epiphanius</strong></span> <span class='ocrx_word' id='word_1_840' title='bbox 2951 5357 3006 5410; x_wconf 86' lang='lat' dir='ltr'><strong>in</strong></span> <span class='ocrx_word' id='word_1_841' title='bbox 3035 5359 3340 5417; x_wconf 84' lang='lat' dir='ltr'><strong>Ancorato;</strong></span> <span class='ocrx_word' id='word_1_842' title='bbox 3368 5351 3476 5408; x_wconf 87' lang='lat' dir='ltr'><strong>Ne-</strong></span> 
     </span>
    </p>
   </div>
   <div class='ocr_carea' id='block_1_113' title="bbox 1903 5446 3472 5517">
    <p class='ocr_par' dir='ltr' id='par_1_113' title="bbox 1903 5446 3472 5517">
     <span class='ocr_line' id='line_1_113' title="bbox 1903 5446 3472 5517; baseline -0.006 -10"><span class='ocrx_word' id='word_1_843' title='bbox 1903 5454 2130 5517; x_wconf 85' lang='lat' dir='ltr'><strong>mesius,</strong></span> <span class='ocrx_word' id='word_1_844' title='bbox 2165 5452 2260 5506; x_wconf 88' lang='lat' dir='ltr'><strong>lib.</strong></span> <span class='ocrx_word' id='word_1_845' title='bbox 2293 5450 2369 5503; x_wconf 89' lang='lat' dir='ltr'><strong>De</strong></span> <span class='ocrx_word' id='word_1_846' title='bbox 2402 5459 2509 5504; x_wconf 86' lang='lat' dir='ltr'><strong>nat.</strong></span> <span class='ocrx_word' id='word_1_847' title='bbox 2563 5450 2786 5510; x_wconf 82' lang='lat' dir='ltr'><strong>homin.,</strong></span> <span class='ocrx_word' id='word_1_848' title='bbox 2820 5463 2939 5517; x_wconf 92' lang='lat' dir='ltr'><strong>cap.</strong></span> <span class='ocrx_word' id='word_1_849' title='bbox 2971 5449 3043 5512; x_wconf 68' lang='grc' dir='ltr'><strong>ις</strong></span> <span class='ocrx_word' id='word_1_850' title='bbox 3089 5446 3472 5514; x_wconf 82' lang='lat' dir='ltr'><strong>Hieronymus,</strong></span> 
     </span>
    </p>
   </div>
   <div class='ocr_carea' id='block_1_114' title="bbox 1905 5534 3474 5610">
    <p class='ocr_par' dir='ltr' id='par_1_114' title="bbox 1905 5534 3474 5610">
     <span class='ocr_line' id='line_1_114' title="bbox 1905 5534 3474 5610; baseline -0.007 -11"><span class='ocrx_word' id='word_1_851' title='bbox 1905 5546 1998 5599; x_wconf 91' lang='lat' dir='ltr'><strong>lih.</strong></span> <span class='ocrx_word' id='word_1_852' title='bbox 2026 5559 2086 5598; x_wconf 86' lang='lat' dir='ltr'><strong>tu</strong></span> <span class='ocrx_word' id='word_1_853' title='bbox 2111 5543 2311 5597; x_wconf 88' lang='lat' dir='ltr'><strong>Contra</strong></span> <span class='ocrx_word' id='word_1_854' title='bbox 2343 5540 2548 5610; x_wconf 83' lang='lat' dir='ltr'><strong>Pelag.;</strong></span> <span class='ocrx_word' id='word_1_855' title='bbox 2595 5539 2955 5609; x_wconf 80' lang='lat' dir='ltr'><strong>Augustinus,</strong></span> <span class='ocrx_word' id='word_1_856' title='bbox 2984 5537 3076 5591; x_wconf 89' lang='lat' dir='ltr'><strong>lib.</strong></span> <span class='ocrx_word' id='word_1_857' title='bbox 3104 5552 3172 5590; x_wconf 81' lang='lat' dir='ltr'><strong>xv</strong></span> <span class='ocrx_word' id='word_1_858' title='bbox 3213 5534 3289 5586; x_wconf 85' lang='lat' dir='ltr'><strong>De</strong></span> <span class='ocrx_word' id='word_1_859' title='bbox 3327 5534 3474 5588; x_wconf 82' lang='lat' dir='ltr'><strong>civit.</strong></span> 
     </span>
    </p>
   </div>
   <div class='ocr_carea' id='block_1_115' title="bbox 1905 5626 3475 5705">
    <p class='ocr_par' dir='ltr' id='par_1_115' title="bbox 1905 5626 3475 5705">
     <span class='ocr_line' id='line_1_115' title="bbox 1905 5626 3475 5705; baseline -0.006 -16"><span class='ocrx_word' id='word_1_860' title='bbox 1905 5636 2023 5702; x_wconf 82' lang='lat' dir='ltr'><strong>Dei,</strong></span> <span class='ocrx_word' id='word_1_861' title='bbox 2055 5650 2175 5705; x_wconf 91' lang='lat' dir='ltr'><strong>cap.</strong></span> <span class='ocrx_word' id='word_1_862' title='bbox 2207 5633 2307 5693; x_wconf 75' lang='lat'><strong>29;</strong></span> <span class='ocrx_word' id='word_1_863' title='bbox 2346 5633 2796 5702; x_wconf 84' lang='lat' dir='ltr'><strong>Cbrysostomus,</strong></span> <span class='ocrx_word' id='word_1_864' title='bbox 2839 5631 2986 5684; x_wconf 87' lang='lat' dir='ltr'><strong>hom.</strong></span> <span class='ocrx_word' id='word_1_865' title='bbox 3017 5630 3079 5683; x_wconf 74' lang='grc'><strong>51</strong></span> <span class='ocrx_word' id='word_1_866' title='bbox 3111 5629 3163 5681; x_wconf 89' lang='lat' dir='ltr'><strong>in</strong></span> <span class='ocrx_word' id='word_1_867' title='bbox 3194 5626 3379 5682; x_wconf 79' lang='lat' dir='ltr'><strong>Cenes.</strong></span> <span class='ocrx_word' id='word_1_868' title='bbox 3419 5634 3475 5680; x_wconf 90' lang='lat' dir='ltr'><strong>et</strong></span> 
     </span>
    </p>
   </div>
   <div class='ocr_carea' id='block_1_116' title="bbox 1907 5718 3474 5799">
    <p class='ocr_par' dir='ltr' id='par_1_116' title="bbox 1907 5718 3474 5799">
     <span class='ocr_line' id='line_1_116' title="bbox 1907 5718 3474 5799; baseline -0.005 -17"><span class='ocrx_word' id='word_1_869' title='bbox 1907 5730 1962 5782; x_wconf 90' lang='lat' dir='ltr'><strong>iu</strong></span> <span class='ocrx_word' id='word_1_870' title='bbox 1993 5745 2113 5799; x_wconf 89' lang='lat' dir='ltr'><strong>cap.</strong></span> <span class='ocrx_word' id='word_1_871' title='bbox 2160 5744 2213 5782; x_wconf 85' lang='lat' dir='ltr'><strong>xi</strong></span> <span class='ocrx_word' id='word_1_872' title='bbox 2251 5727 2320 5778; x_wconf 84' lang='lat' dir='ltr'><strong>ad</strong></span> <span class='ocrx_word' id='word_1_873' title='bbox 2368 5724 2654 5787; x_wconf 63' lang='grc' dir='ltr'><strong>Ναὸν-(του</strong></span> <span class='ocrx_word' id='word_1_874' title='bbox 2693 5720 3015 5793; x_wconf 85' lang='lat' dir='ltr'><strong>Ephremius</strong></span> <span class='ocrx_word' id='word_1_875' title='bbox 3043 5718 3474 5789; x_wconf 80' lang='lat' dir='ltr'><strong>Theopolitanns</strong></span> 
     </span>
    </p>
   </div>
   <div class='ocr_carea' id='block_1_117' title="bbox 1911 5809 3478 5893">
    <p class='ocr_par' dir='ltr' id='par_1_117' title="bbox 1911 5809 3478 5893">
     <span class='ocr_line' id='line_1_117' title="bbox 1911 5809 3478 5893; baseline -0.007 -17"><span class='ocrx_word' id='word_1_876' title='bbox 1911 5821 2218 5893; x_wconf 87' lang='lat' dir='ltr'><strong>patriarcha</strong></span> <span class='ocrx_word' id='word_1_877' title='bbox 2255 5820 2396 5890; x_wconf 82' lang='lat' dir='ltr'><strong>apud</strong></span> <span class='ocrx_word' id='word_1_878' title='bbox 2427 5817 2679 5876; x_wconf 84' lang='lat' dir='ltr'><strong>Pbotium</strong></span> <span class='ocrx_word' id='word_1_879' title='bbox 2708 5818 2762 5872; x_wconf 87' lang='lat' dir='ltr'><strong>in</strong></span> <span class='ocrx_word' id='word_1_880' title='bbox 2785 5814 3027 5882; x_wconf 83' lang='lat' dir='ltr'><strong>Bibliot.,</strong></span> <span class='ocrx_word' id='word_1_881' title='bbox 3051 5814 3173 5870; x_wconf 92' lang='lat' dir='ltr'><strong>cod.</strong></span> <span class='ocrx_word' id='word_1_882' title='bbox 3205 5810 3330 5869; x_wconf 58' lang='lat' dir='ltr'><strong>iis.</strong></span> <span class='ocrx_word' id='word_1_883' title='bbox 3363 5809 3478 5866; x_wconf 77' lang='lat' dir='ltr'><strong>Nec</strong></span> 
     </span>
    </p>
   </div>
  </div>
