4058 6330
137 404 256 466 985

1176 416 1241 471 IN
1283 414 1653 472 EUSTATllll
1695 396 2164 471 lli-LXAlilllillOS
2198 414 2428 470 ΝυΤεΕ.

3290 411 3398 469 986

134 528 402 598 lapsuum
434 530 749 600 poenitentia
779 532 1014 595 tristem,
1056 549 1244 587 verum
1276 542 1331 585 et
1363 533 1595 586 aliorum
1628 532 1722 584 dc-
1753 542 1793 591 Α
1824 532 1967 586 dinis
2017 531 2163 587 mille
2206 531 2643 601 octingentorum
2698 531 3030 595 cubitorum,
3086 530 3397 587 latitudinis

134 620 297 676 lictis
328 624 481 691 quasi
525 622 763 677 stimulis
805 623 1135 692 quibusdam
1169 631 1347 677 actum
1388 624 1579 679 intime
1612 623 1719 679 lrc-

133 714 376 776 mnisse,
401 725 453 767 et
484 714 738 783 lacryinis
761 714 1058 784 supplicem
1096 716 1163 767 ad
1199 712 1367 768 Deum
1396 715 1719 785 delinquen-

135 804 299 861 tibus
328 806 548 872 0ptimis
580 808 802 861 monitis
834 809 1207 871 succurrisse,
1234 809 1425 878 sicque
1465 816 1717 861 naturam

130 895 440 950 humanam
481 896 737 959 debilem,
768 906 821 952 et
854 900 1199 970 languentem
1240 915 1343 969 ope
1377 898 1469 954 Dei
1505 902 1718 954 instau-

131 1003 320 1042 rasse.
348 987 479 1054 Quae
520 987 773 1053 felicitas,
806 989 934 1043 dum
975 1002 1027 1045 ct
1052 992 1183 1054 vita,
1214 1000 1267 1045 et
1298 990 1541 1061 spiritus,
1580 991 1718 1044 inte-

129 1094 244 1147 gra
268 1079 505 1135 duravit.
536 1080 829 1153 Postquam
864 1070 1120 1147 decessit,
1150 1084 1395 1137 homines
1428 1083 1717 1135 amandata

130 1171 475 1225 verecundia
525 1173 766 1241 quotidie
813 1172 879 1225 ad
923 1176 1152 1243 majora,
1184 1183 1238 1227 et
1276 1173 1593 1228 seelestiora
1640 1174 1720 1224 la-

126 1261 334 1315 cinora
364 1264 651 1334 prolapsos
682 1278 790 1317 non
840 1274 924 1319 est
957 1268 1177 1321 mirum.
1221 1265 1450 1331 Quando
1487 1275 1541 1319 et
1589 1272 1716 1317 tunc

128 1350 241 1404 lilii
274 1351 365 1407 Dei
402 1352 620 1409 ﬁliabus
648 1353 929 1407 hominum
979 1371 1037 1408 se
1064 1357 1386 1423 junxerunt.
1422 1354 1717 1409 Posterilas

126 1444 355 1499 scilicet
384 1443 516 1499 Seth
569 1445 766 1516 pietate
798 1438 1029 1500 celebris
1065 1454 1119 1500 et
1164 1446 1274 1500 Deo
1303 1461 1515 1500 summe
1553 1446 1716 1498 chara

124 1537 502 1603 conjunxerat
535 1553 594 1591 se
649 1552 773 1591 cum
817 1538 1136 1606 posteritate
1161 1536 1313 1590 Caini
1350 1538 1515 1607 impia
1545 1546 1597 1590 et
1624 1552 1719 1591 ne-

123 1645 327 1699 quam.
361 1629 530 1695 Quasi
572 1630 777 1684 diceret
808 1629 1001 1685 iisdem
1030 1630 1325 1683 sceleribus
1373 1645 1437 1683 ac
1462 1617 1717 1683 facinori-

120 1720 245 1775 bus
274 1699 550 1789 complexa
580 1736 768 1776 eorum
803 1723 989 1784 vitam,
1018 1738 1077 1777 se
1108 1721 1424 1784 immiscuit,
1458 1729 1511 1777 et
1545 1723 1595 1775 in
1622 1738 1715 1775 ca-

122 1812 265 1865 dem
315 1813 441 1866 vitia
475 1813 729 1884 prolapsa
761 1812 1021 1868 est.Vide
1059 1814 1353 1869 Clironicon
1396 1814 1715 1869 Alexandri-

124 1922 289 1959 num.
828 1897 853 1913 ’
1382 1931 1409 1949 π

211 1998 327 2052 Ccl.
353 1998 476 2063 752,
500 1999 596 2053 lin.
618 1999 706 2054 59.
724 1998 815 2065 Ὡς
830 1995 943 2054 οὖν
958 2003 990 2052 ὁ
1003 1998 1146 2052 Νῶε.
1167 1996 1433 2068 Iosephus
1451 2000 1488 2050 .1
1500 2000 1707 2068 ntiquit.

122 2090 235 2144 lib.
271 2107 309 2154 ι,
341 2106 461 2161 cap.
487 2092 520 2144 4
553 2112 566 2146 :
616 2093 674 2145 '0
706 2093 895 2162 Νῶχος
928 2092 983 2143 δὲ
1006 2095 1117 2153 τοῖς
1150 2091 1240 2143 ὑπ’
1272 2090 1449 2143 αὐτῶν
1476 2107 1709 2161 πραττο-

125 2181 323 2251 μένοις
359 2182 743 2252 δυσχεραίνων,
771 2185 865 2237 καὶ
904 2182 1156 2253 ἁλγηρῶς
1186 2182 1341 2252 ἔχων,
1384 2182 1595 2235 ἔπειθεν
1619 2184 1711 2235 ἐπὶ

120 2273 191 2325 τὸ
225 2275 469 2343 κρεῖττον
492 2274 588 2344 τὴν
609 2273 843 2327 διάνοιαν
868 2274 963 2326 καὶ
989 2273 1087 2335 τὰς
1108 2274 1331 2343 πράξεις
1361 2274 1709 2343 μεταφέρειν.

135 2364 319 2436 Ὁρῶν
361 2366 405 2418 δ’
438 2367 538 2418 οὐκ
572 2365 886 2428 ἐνδιδόντας.
922 2365 1033 2418 ἀλλ’
1072 2366 1303 2436 ἰσχυρῶς
1337 2366 1440 2418 ὑπὸ
1465 2366 1562 2435 τῆς
1590 2366 1711 2437 ἡδο-

121 2457 234 2525 νῆς
263 2456 370 2509 τῶν
402 2457 589 2511 κακῶν
622 2456 1081 2529 κεκρατημένως,
1127 2458 1222 2509 καὶ
1264 2457 1446 2520 δείσας
1495 2456 1568 2527 μὴ
1615 2475 1710 2525 φο-

122 2549 397 2601 νεύσωσιν
422 2549 583 2601 αὐτὸν
608 2548 743 2620 μετὰ
774 2548 1068 2615 γυναικῶν,
1099 2550 1193 2600 καὶ
1224 2547 1446 2610 τέκνων,
1475 2549 1569 2601 καὶ⁴
1599 2548 1708 2601 τῶν

124 2641 346 2703 τούτοις
391 2640 670 2706 συνοίκων,
718 2639 1023 2710 ἐξεχώρησε
1070 2639 1175 2708 τῆς,
1214 2639 1334 2709 γῆς.
1376 2640 1433 2692 '0
1475 2640 1532 2692 δὲ
1577 2639 1709 2703 Θεὸς

122 2732 324 2785 τοῦτον
379 2732 479 2802 μὲν
526 2732 627 2801 τῆς
663 2730 1011 2800 δικαιοσύνης
1054 2730 1341 2799 ἠγάπησε·
1384 2730 1707 2795 κατεδίκαζε

123 2824 187 2875 δὲ
224 2823 325 2875 οὐκ
354 2826 529 2876 ἐκεῖνο
564 2823 721 2893 μόνον
763 2823 861 2891 τῆς
891 2821 1110 2884 κακίας.
1152 2821 1287 2874 ἀλλὰ
1318 2821 1412 2874 xui.
1444 2822 1554 2873 πᾶν
1586 2821 1708 2873 ὅσον

122 2909 198 2983 ἦν
233 2912 569 2982 ἀνθρώπινον
597 2912 716 2964 τότε
746 2911 902 2976 δόξαν
930 2910 1078 2980 αὐτῷ
1105 2910 1409 2980 διαφθεῖραι
1437 2909 1531 2962 καὶ
1555 2910 1710 2979 ποιῆ-

128 3022 228 3058 σαι
279 3004 436 3072 γένος
485 3004 671 3074 ἕτερον
711 3002 973 3073 πονηρίας
1011 3001 1269 3071 καθαρὸν,
1320 3002 1708 3071 ἐπιτεμόμενος

124 3097 316 3151 αὐτῶν
347 3097 439 3151 τὸν
470 3096 603 3167 βίον,
636 3098 729 3149 καὶ
758 3098 985 3167 ποιήσας
1015 3095 1149 3148 ἐτῶν
1182 3095 1279 3165 οὐχ
1311 3095 1410 3147 ὅσα
1444 3095 1708 3166 πρότερον

1824 632 2216 684 trecentorum,
2251 624 2556 678 altitudinis
2591 632 2806 677 ecntnm
2848 625 3148 694 octoginta,
3196 626 3400 682 vastis-

1820 718 2012 771 simam
2062 732 2195 770 sane
2244 716 2457 778 molem,
2509 716 2553 770 si
2604 717 2667 769 ad
2715 718 2928 771 cubitos
2966 720 3259 781 Sulcmncs,
3297 733 3397 774 seu

1820 823 2138 862 connnnnes
2193 808 2424 863 reducas
2469 828 2482 862 :
2539 808 2643 862 hoe
2684 818 2790 871 est,
2832 812 2996 863 dian
3053 812 3284 865 millium
3340 817 3398 866 et

1821 899 2287 970 septingentorum
2333 899 2531 970 pedum
2592 901 2646 953 in
2697 902 2937 971 longum.
2970 902 3397 973 quadringento-

1819 1009 1940 1046 rum
1986 1001 2040 1045 et
2092 992 2489 1062 quinquaginta
2534 993 2589 1047 in
2629 993 2829 1055 latum;
2863 995 3089 1049 altitudo
3130 996 3397 1050 docento.

1821 1102 1939 1138 rum
1990 1087 2354 1154 septuaginta.
2406 1084 2559 1138 llanc
2612 1086 2938 1139 sententiain
2999 1102 3123 1139 cum
3181 1086 3395 1140 Isidoro

1818 1176 2001 1230 Clario
2041 1178 2288 1246 sequitur
2322 1176 2559 1240 Deli-ius,
2607 1178 2734 1247 quia
2782 1178 3064 1246 profitetur
3104 1176 3390 1246 Origenes,

1818 1285 1939 1338 qua:
1989 1273 2293 1325 traditurus
2341 1272 2408 1326 de
2447 1287 2570 1325 arca
2623 1273 2891 1338 majorum
2942 1273 3233 1328 traditione
3289 1276 3387 1328 ha-

1820 1362 2025 1425 buisse,
2049 1372 2101 1417 et
2126 1364 2250 1432 quia
2272 1381 2377 1417 non
2401 1364 2675 1434 displicuit
2706 1364 2996 1431 Augustin.
3019 1365 3054 1418 1.
3077 1382 3091 1417 ι
3111 1364 3317 1429 ριιτῑιει.
3339 1364 3394 1417 in

1820 1440 1945 1505 Gen.
1984 1460 2037 1506 et
2075 1454 2224 1515 alibi,
2256 1454 2346 1522 qui
2380 1455 2745 1523 objectioncni
2798 1455 2945 1508 illam
2974 1455 3042 1509 de
3092 1471 3232 1521 arcae
3272 1472 3393 1509 nia-

1817 1545 2099 1616 gnitudine
2130 1557 2287 1600 vocat
2321 1547 2717 1616 ineptissimam
2746 1549 3100 1614 calumniam,
3137 1558 3192 1602 et
3228 1550 3393 1603 solvit

1819 1638 2177 1692 similitudine
2207 1640 2423 1692 urbium
2449 1640 2740 1706 majorum.
2776 1640 2894 1693 Non
2922 1641 3203 1711 displicuit
3224 1642 3389 1697 etiam

1817 1731 2121 1800 Cajetano;
2167 1740 2219 1785 et
2262 1731 2441 1786 Delrio
2472 1732 2762 1787 ridiculum
2804 1733 3040 1797 videtur,
3078 1736 3238 1789 malle
3271 1736 3392 1788 ani-

1817 1814 2021 1875 mantia
2057 1824 2111 1876 in
2158 1832 2367 1878 aretum
2425 1824 2533 1879 illic
2581 1834 2862 1894 compacta
2910 1826 3100 1886 fuisse.
3148 1835 3206 1880 ut
3238 1842 3385 1881 com-

1820 1914 1976 1968 mode
2020 1930 2079 1969 se
2119 1929 2335 1968 movere
2375 1924 2430 1968 et
2460 1915 2664 1971 cubare
2706 1917 3021 1985 nequirent,
3056 1932 3217 1987 quam
3272 1918 3395 1974 laxe

1818 2015 1871 2063 ct
1906 2007 2195 2060 salubriter
2222 2006 2437 2077 degere.

1886 2098 2043 2157 lbid..
2086 2100 2179 2153 lin.
2221 2099 2310 2152 48.
2363 2100 2816 2168 Ἐπενεχθέντος
2856 2100 2925 2153 δὲ
2970 2102 3095 2156 τοῦ.
3144 2101 3391 2156 Maxima:

1816 2190 1963 2244 illius
2002 2204 2263 2258 aquarum
2299 2189 2694 2252 inundationis,
2731 2198 2785 2244 et
2818 2191 3137 2260 cataclysmi
3168 2192 3390 2246 univer-

1816 2282 1947 2335 salis
1990 2297 2057 2336 ex
2091 2282 2477 2335 vetustissimis
2523 2281 2891 2349 scriptoribus
2926 2282 3224 2336 meminere
3254 2282 3389 2335 Abi-

1815 2373 2012 2435 dcnus,
2047 2372 2282 2427 Berosus
2333 2380 2387 2428 et
2415 2372 2530 2437 alii,
2566 2390 2704 2442 quos
2736 2387 2982 2429 recenset
3012 2373 3279 2429 Eusebius
3310 2374 3387 2429 De

1813 2464 2197 2530 pra'paratione
2243 2462 2539 2531 euangelica
2583 2462 2677 2516 lib.
2709 2479 2785 2522 Ix.
2818 2472 2872 2517 ct
2911 2463 3162 2517 Clironici
3212 2466 3384 2534 prima

1816 2563 1987 2625 parte.
2020 2553 2155 2623 Ejus
2200 2553 2503 2623 elegantem
2551 2554 2975 2624 descriptionem
3030 2556 3201 2611 babes
3241 2557 3383 2626 apud

1817 2645 2122 2701 llanasscm
2159 2647 2211 2700 in
2242 2645 2560 2709 Annalibus,
2592 2655 2645 2700 et
2672 2646 2928 2699 Basiliunt
2955 2646 3384 2704 Seleuciensem.

1815 2737 2141 2791 Albumasa‘r
2184 2752 2214 2790 a
2264 2736 2451 2789 mundi
2499 2736 2653 2789 initio
2703 2738 2767 2791 ad
2816 2737 3079 2791 diluvium
3136 2746 3387 2791 numerat

1817 2840 1991 2880 annos
2033 2826 2275 2894 integros
2325 2826 2434 2879 duo
2478 2824 2645 2877 millia
2696 2824 2965 2880 ducentos
3012 2828 3201 2895 viginti
3236 2835 3386 2881 octo.

1816 2919 2163 2981 Alliaccnsis,
2216 2919 2308 2972 lib.
2360 2917 2437 2971 De
2471 2918 2751 2970 Concordia
2803 2920 3107 2989 astrologiic
3141 2930 3189 2974 et
3219 2920 3386 2973 histo-

1818 3010 1932 3075 riae,
1962 3010 2031 3063 ab
2068 3008 2238 3063 Adam
2279 3009 2345 3063 ad
2377 3009 2643 3063 diluvium
2673 3026 2848 3064 annos
2879 3012 2961 3064 bis
2996 3012 3143 3066 mille
3179 3012 3387 3067 duces-

1815 3108 1902 3158 tos
1954 3100 2315 3171 quadraginta
2363 3108 2487 3155 octo
2538 3100 2782 3165 ﬂuxisse,
2828 3102 2991 3171 idque
3042 3104 3387 3174 astrologicis

126 3188 292 3253 ἔζων,
329 3189 442 3242 ἀλλ’
476 3188 669 3242 ἑκατὸν
702 3187 926 3249 εἴκοσιν,
973 3190 1051 3249 εἰς
1090 3186 1361 3241 θάλασσαν
1408 3186 1505 3258 τὴν
1550 3188 1708 3257 ἠπει-

1818 3192 2129 3247 .“ιιιῐοιιίὺιι8
2163 3192 2334 3261 ipsius
2379 3193 2568 3247 mundi
2604 3195 2866 3263 genitura:
2911 3194 3150 3248 themate
3181 3211 3384 3265 propo-

127 3296 227 3350 ρον
262 3274 553 3347 μετέϐαλε.
582 3278 690 3331 Καὶ
710 3280 759 3330 oi
793 3278 889 3347 μὲν
918 3276 1089 3339 οὕτως
1112 3275 1458 3345 ἀφανίζονται
1487 3276 1706 3339 πάντες.

124 3366 323 3437 Νῶχος
346 3366 403 3420 δὲ
430 3366 659 3430 σώζεται
690 3366 869 3435 μόνον,
900 3364 1237 3435 ὑποθεμένου
1263 3364 1509 3437 μηχανὴν
1540 3365 1705 3436 αὐτῷ,

126 3459 227 3511 καὶ
272 3458 437 3527 πόρον
477 3459 612 3529 πρὸς
645 3460 920 3529 σωτηρίαν
953 3457 1045 3510 τοῦ
1080 3457 1216 3510 Θεοῦ
1255 3460 1530 3529 τοιαύτην.

205 3550 371 3611 lbid.,
423 3551 524 3605 lin.
574 3550 663 3603 41.
706 3551 815 3604 Kal
867 3550 1221 3618 προστάττει
1275 3549 1454 3614 αὐτῷ.
1502 3547 1707 3604 Monitu

129 3645 321 3713 itaque
348 3644 617 3712 jnssuque
664 3641 760 3697 Dei
813 3659 940 3697 arca
991 3651 1270 3698 exstructa
1322 3652 1425 3699 est.
1463 3642 1709 3713 Nugatur

126 3753 265 3806 ergo
299 3736 505 3805 pseudo
542 3736 776 3791 Berosus
812 3736 1123 3799 Annianus,
1147 3738 1238 3807 qui
1265 3736 1507 3802 ait,‘Noe
1530 3743 1711 3791 astro-

129 3830 291 3898 logia:
340 3828 769 3882 scientissimum
821 3843 886 3882 ex
938 3834 1209 3882 astrorum
1259 3828 1599 3899 inspectione
1656 3836 1710 3882 et

126 3918 516 3973 observatione
563 3918 881 3988 pmvidisse
919 3918 1204 3982 diluvium,
1245 3934 1345 3973 nec
1389 3918 1559 3972 tutior
1602 3917 1710 3972 An—

131 4010 261 4062 nius
294 4027 306 4061 :
343 4008 486 4061 Alibi
507 4010 819 4077 scripsimus
852 4019 1007 4079 atque
1053 4009 1412 4079 probarimus,
1453 4011 1562 4065 hinc
1604 4010 1707 4064 duo

129 4098 295 4151 simul
336 4098 465 4151 dare
499 4098 899 4155 inundationem
933 4111 1192 4153 terrarum
1216 4119 1248 4154 a
1278 4102 1459 4171 causis
1488 4112 1709 4156 natura-

130 4193 272 4245 libus
300 4192 636 4258 proccssisse,
665 4210 795 4262 quas
825 4193 1047 4247 studiosi
1076 4195 1131 4246 in
1157 4203 1545 4248 monumentum
1571 4196 1707 4249 exci-

127 4283 344 4343 derunt,
376 4292 425 4334 et
448 4300 479 4334 a
504 4283 682 4337 divina
703 4285 1033 4353 providentia
1062 4284 1223 4338 simul
1250 4285 1313 4337 ab
1337 4295 1533 4338 arterno
1563 4286 1706 4339 ordi-

129 4384 339 4433 natam,
366 4379 424 4423 ut
452 4389 553 4441 quo
587 4375 918 4440 potissimum
960 4386 1186 4443 tempore
1215 4374 1446 4428 homines
1477 4374 1707 4431 demere—

127 4473 318 4516 rentur
351 4464 595 4530 perirent.
626 4464 886 4530 Quamvis
922 4466 1066 4518 enim
1104 4464 1402 4530 Aricenna,
1431 4468 1708 4521 nonnulli-

1815 3284 1921 3339 sito
1952 3285 2147 3337 nititur
2177 3284 2427 3353 probare.
2462 3282 2596 3337 Eum
2628 3284 2825 3337 refellit
2857 3281 3097 3339 Joannes
3131 3284 3292 3340 Picus
3327 3287 3381 3341 in

1772 3367 1785 3376 ”
1809 3374 2014 3429 Astrol.
2047 3375 2142 3427 lib.
2175 3391 2225 3427 ι’.
2272 3374 2344 3426 De
2374 3376 2458 3429 his
2505 3376 2626 3429 vide
2656 3377 2811 3445 plura
2856 3378 2995 3444 apud
3041 3378 3385 3448 chronogra-

1810 3465 1967 3535 phos.
2004 3465 2362 3534 Augustinus.
2402 3466 2495 3518 lib.
2550 3482 2684 3520 ιιι-ιιι
2731 3465 2806 3520 De
2846 3469 3057 3521 civitate
3086 3467 3199 3530 Dei,
3244 3486 3293 3524 c.
3324 3469 3379 3534 8,

1808 3555 2011 3610 nullam
2072 3555 2238 3610 fuisse
2272 3571 2370 3610 nec
2430 3558 2572 3626 apud
2611 3556 2853 3620 Graecos,
2914 3573 3017 3612 nec
3045 3561 3185 3627 apud
3229 3558 3382 3614 Lati-

1810 3663 1910 3703 nos
1942 3647 2104 3715 hujus
2136 3648 2321 3700 diluvii
2346 3662 2522 3714 neque
2548 3649 2816 3709 notitiam,
2844 3664 3021 3717 neque
3052 3665 3383 3704 commemo-

1808 3740 2075 3793 rationem
2134 3738 2349 3793 scribit.
2412 3737 2825 3809 Varronemqne
2882 3748 3073 3795 testem
3136 3741 3377 3802 adducit,

1809 3832 1903 3901 qui
1934 3830 2158 3900 scripsit
2201 3830 2254 3882 in
2288 3830 2661 3884 monumentis
2695 3831 3000 3885 litterarum
3030 3831 3232 3885 veteris
3268 3848 3380 3886 me-

1808 3919 2018 3983 moriae,
2047 3918 2184 3972 nihil
2233 3918 2431 3989 Ogygis
2461 3919 2687 3983 diluvio,
2740 3919 2882 3988 quod
2935 3921 3122 3975 multis
3162 3923 3378 3975 saeculis

1808 4020 1931 4080 post
1965 4009 2246 4064 Noetieum
2283 4009 2501 4072 accidit,
2529 4012 2753 4080 reperiri
2783 4014 3072 4065 vetustius.
3105 4010 3162 4063 ld
3198 4022 3376 4066 tamen

1808 4102 1992 4172 negari
2026 4102 2143 4157 sine
2167 4102 2499 4155 contumacia
2526 4101 2797 4163 Pererius,
2827 4103 2919 4155 lib.
2946 4118 3019 4155 xu
3070 4104 3122 4154 in
3165 4100 3376 4166 Cenes,

1809 4195 1883 4248 ait
1913 4210 2019 4248 non
2052 4210 2212 4264 posse
2242 4210 2305 4247 ex
2334 4191 2553 4263 Iosephi
2589 4194 2900 4248 testimonio
2941 4195 3035 4248 lib.
3066 4210 3082 4248 ι
3111 4195 3375 4264 Antiquit.

1807 4303 1929 4358 cap.
1962 4287 1997 4341 4
2029 4306 2040 4341 :
2068 4287 2245 4356 Hujus
2296 4296 2471 4339 autem
2533 4287 2717 4339 ἄξιαι-ἑξ
2762 4297 2809 4341 et
2855 4304 2994 4341 arca:
3035 4289 3379 4342 meminerunt

1807 4397 1981 4433 omnes
2015 4378 2302 4432 barbariem
2328 4378 2560 4431 historice
2592 4379 2895 4445 scriptores,
2930 4389 2978 4433 et
3009 4380 3063 4432 in
3097 4380 3177 4433 bis
3212 4380 3376 4433 Bero-

1808 4490 1897 4527 sus
1932 4470 2234 4535 Chalda'us,
2263 4487 2487 4523 narrans
2514 4472 2650 4523 enim
2679 4469 2742 4523 de
2768 4471 2863 4523 hoc
2890 4467 3085 4523 diluvio
3116 4472 3191 4524 sic
3214 4472 3379 4537 ferme

128 4572 237 4614 que
279 4555 369 4608 alii
411 4557 715 4610 astronomi
769 4556 1089 4622 delendam,
1142 4557 1376 4612 ellicacia
1416 4572 1707 4613 causarum
1738 4564 1785 4622 D
1813 4563 2067 4617 scribitn
2094 4561 2287 4616 Fertur
2308 4573 2501 4623 autem,
2527 4572 2575 4615 et
2597 4561 2963 4631 narigiibujus
2980 4579 3103 4630 pars
3122 4564 3377 4616 inArme~

128 4646 483 4708 naturalium,
518 4662 817 4716 earumque
847 4648 901 4701 vi
947 4648 1060 4703 ﬁeri
1102 4662 1263 4719 posse
1304 4650 1513 4703 tfnla'm
1535 4663 1704 4719 aqua-

125 4757 250 4793 rum
283 4738 722 4798 ell'usionenuct
771 4740 975 4795 Seneca
1017 4742 1109 4794 lib.
1178 4757 1234 4793 ιιι
1286 4740 1480 4793 Ναιιιν.
1514 4750 1699 4811 quwst.

126 4834 223 4891 ait,
265 4832 509 4883 liitnrum
543 4831 840 4899 aliquando
874 4834 981 4885 tale
1011 4834 1296 4898 diluvium,
1326 4841 1381 4887 et
1411 4850 1519 4887 non
1545 4850 1703 4888 secus

126 4939 293 4992 quam
320 4918 573 4985 hiemem,
597 4938 761 4992 quam
788 4932 1051 4982 aestatem.
1080 4927 1195 4993 lege
1216 4925 1399 4978 nnmdi
1426 4940 1489 4978 ac
1512 4934 1705 4995 sponte

128 5023 445 5067 venturum.
497 5010 685 5067 Verior
725 5023 903 5067 tamen
950 5017 1390 5086 probabiliorque
1433 5017 1701 5070 sententia

125 5104 406 5157 contraria
435 5111 540 5157 est.
575 5102 705 5157 Eam
735 5107 1021 5160 constituit
1060 5108 1378 5161 Aristoteles
1419 5107 1513 5161 lib.
1547 5124 1563 5161 ι
1598 5106 1703 5161 Me-

128 5204 289 5255 teon,
322 5209 443 5261 cap.
477 5193 564 5257 14,
605 5202 658 5247 et
684 5195 798 5247 alii.
846 5196 1097 5269 Consule,
1120 5197 1514 5253 Damascenum
1557 5199 1653 5253 lib.
1686 5214 1701 5252 ι

128 5286 287 5340 Fidei
320 5286 553 5348 ortliod.,
590 5301 713 5354 cap.
744 5287 778 5340 5

203 5375 363 5437 lbid.,
394 5376 488 5428 lin.
520 5374 609 5429 42.
638 5377 1096 5432 Κιιτησκευάσαι
1122 5380 1383 5433 κιϐωτόν.
1419 5379 1573 5435 Philo
1599 5381 1703 5436 sub
1734 5439 1771 5473 θ

128 5471 294 5523 ﬁnem
331 5469 423 5523 lib.
476 5485 515 5523 ιι
570 5467 699 5522 Vita:
731 5468 969 5539 Moysis;
1003 5472 1274 5543 Josepbus
1306 5477 1485 5545 Antiq.
1519 5477 1611 5529 lib.
1661 5493 1699 5540 ι,

128 5575 177 5613 e.
216 5557 271 5613 4.
315 5556 373 5611 ln
413 5558 535 5627 ejus
565 5560 812 5628 partibus
841 5560 1190 5631 assignandis
1234 5567 1702 5623 constituendisve

130 5649 347 5701 variant
370 5648 649 5704 doctores.
680 5647 931 5721 Origenis
967 5653 1020 5706 in
1052 5653 1201 5719 hom.
1235 5655 1289 5718 2,
1309 5658 1495 5725 opinio
1518 5659 1703 5726 exagio

131 5748 281 5794 tatur
324 5741 485 5797 hodie
523 5742 808 5797 sentientis
854 5743 1023 5799 fuisse
1055 5747 1269 5801 cubitus
1315 5751 1698 5817 geometricas,

131 5847 365 5908 quorum
392 5837 595 5906 singuli
623 5852 942 5893 communes
977 5854 1069 5893 sex
1103 5842 1418 5907 continent;
1461 5843 1699 5911 longitu-

195 5997 251 6043 ρ

1806 4657 1894 4709 nia
1927 4654 2063 4722 apud
2090 4662 2313 4708 montem
2349 4652 2706 4707 Cordiworum
2734 4668 3016 4721 superesse,
3042 4663 3090 4706 et
3119 4654 3372 4722 quosdam

1806 4751 2033 4803 bitumen
2081 4748 2199 4803 inde
2243 4751 2491 4801 abrasum
2550 4764 2724 4801 secum
2778 4757 3067 4813 reportare,
3121 4764 3223 4817 quo
3272 4748 3379 4801 uice

1808 4843 2025 4896 aniuleti
2054 4841 2284 4909 lociejus
2310 4842 2540 4893 homines
2572 4839 2853 4892 ulisolcnt.
2882 4860 2898 4890 ι
2918 4838 3159 4893 Meminit
3191 4841 3376 4894 horum

1802 4943 1851 4988 et
1883 4932 2235 5002 Hieronymus
2262 4930 2562 5002 Egyptias,
2594 4931 2682 4999 qui
2705 4931 3045 4999 antiquitates
3071 4931 3376 4985 Plia'nicum

1804 5025 2033 5094 scripsit,
2074 5034 2121 5078 et
2154 5022 2423 5083 Mnaseas,
2452 5031 2500 5076 et
2549 5021 2645 5075 alii
2684 5021 2878 5089 plures.
2927 5020 3068 5085 Quin
3112 5031 3160 5076 et
3202 5020 3376 5075 Nico-

1804 5119 1920 5172 laus
1958 5116 2339 5178 Damascenus,
2370 5115 2463 5168 lib.
2514 5130 2657 5176 xcvr,
2692 5113 2754 5167 de
2783 5113 2863 5166 liis
2906 5115 3057 5167 rebus
3104 5123 3289 5166 narrat
3319 5114 3373 5167 in

1800 5211 1909 5262 hrec
1943 5208 2097 5263 verba
2130 5224 2148 5261 :
2178 5229 2195 5257 ι
2231 5206 2324 5259 Est
2349 5223 2503 5274 super
2531 5209 2789 5275 regionem
2824 5204 3128 5274 Minyarum
3150 5221 3371 5273 magnus

1804 5317 1951 5355 mons
1986 5300 2039 5352 in
2063 5299 2334 5360 Armenia,
2366 5298 2571 5351 nomine
2602 5297 2780 5362 Bai-is,
2815 5298 2870 5350 in
2898 5314 3000 5367 quo
3024 5297 3219 5350 multos
3248 5311 3373 5363 pro-

1806 5394 1954 5462 fugos
2000 5390 2185 5443 diluvii
2228 5400 2453 5457 tempore
2492 5398 2722 5441 servatos
2769 5388 2964 5457 ferunt.
2998 5387 3067 5441 Et
3094 5388 3369 5459 quemdam

1806 5502 1932 5538 arca
1961 5494 2156 5536 vectum
2200 5483 2254 5533 in
2283 5482 2437 5549 hujus
2460 5481 2649 5534 uertice
2684 5480 2919 5543 laesisse,
2943 5489 2990 5534 et
3023 5481 3272 5549 reliquias
3304 5480 3371 5532 li-

1801 5588 2021 5643 gnorum
2068 5570 2179 5638 ejus
2222 5570 2374 5639 longo
2416 5580 2641 5637 tempore
2683 5570 2972 5631 duravisse,
3031 5571 3120 5637 qui
3172 5568 3371 5637 [ortas-

1801 5665 1873 5717 sis
1917 5664 1960 5715 is
1997 5661 2116 5726 fuit,
2159 5659 2223 5713 de
2260 5676 2359 5728 quo
2397 5660 2555 5711 etiam
2589 5658 2796 5733 Moyses
2840 5658 3019 5712 scribit
3054 5657 3369 5713 Judwori'm

1802 5754 2089 5823 legislntor.
2129 5770 2145 5800 ι
2195 5751 2259 5803 Et
2303 5749 2517 5804 Eusebii
2582 5751 2676 5805 lib.
2742 5766 2794 5803 Ix
2840 5750 2913 5803 De
2976 5752 3368 5818 preparations

1803 5844 2127 5913 evangelica,
2182 5844 2272 5913 qui
2332 5843 2511 5897 verbis
2570 5840 2789 5911 Joscphi
2847 5858 2911 5897 ex
2967 5842 3224 5914 Abydeno
3279 5843 3366 5899 bi-
