4058 6330
677 398 786 458 91⁸1

678 607 749 663 ad
777 607 881 663 hcc
920 608 1262 679 probandum
1318 609 1486 665 refert
1547 613 1919 666 testimonium
1963 614 2261 669 Alexandri

678 698 1057 772 Polyhistorls.
1102 700 1211 756 Nec
1255 701 1410 756 Plato
1445 702 1496 755 id
1527 703 1804 772 ignorasse
1860 704 2075 758 videtur
2096 722 2163 759 ex
2194 706 2261 761 iis

678 806 805 874 que
832 793 994 848 habet
1022 794 1075 846 in
1104 792 1324 857 Timeo,
1354 802 1479 847 ante
1506 794 1858 863 particularia
1884 795 2089 848 diluvia
2116 796 2259 865 apud

677 882 898 940 (ἕτεροι
978 885 1313 940 celebratam
1383 884 1554 939 fuisse
1604 885 1908 952 antiquitus
1962 887 2255 939 maximam

680 976 970 1045 quamdam
994 988 1261 1046 aquarum
1285 977 1693 1030 inundationem
1714 986 1977 1047 tet-reque
1999 979 2260 1031 vastatio.

681 1082 827 1122 nem.
860 1068 942 1121 Ad
972 1068 1077 1121 hoc
1124 1070 1250 1122 item
1287 1069 1522 1138 pertinet
1562 1067 1707 1137 quod
1739 1067 2070 1138 Pomponius
2099 1069 2257 1135 Mela,

678 1156 771 1212 lib.
808 1172 848 1221 ι,
877 1172 929 1213 c.
952 1159 1051 1224 ﬁl;
1080 1166 1135 1213 et
1172 1159 1381 1215 Plinius
1416 1161 1448 1212 Ι.
1488 1176 1538 1222 v,
1571 1175 1623 1214 c.
1658 1162 1745 1224 t3,
1779 1169 1833 1215 et
1865 1161 2107 1224 Solinus,
2134 1178 2255 1233 cap.

674 1248 783 1311 37.
837 1248 1059 1319 Joppem
1122 1250 1308 1303 urbem
1365 1250 1565 1305 Judee
1619 1252 1944 1306 maritimam
1977 1254 2259 1323 predicari

677 1338 921 1391 omnium
1006 1346 1167 1393 terre
1241 1341 1456 1395 urbium
1508 1343 1937 1396 vetustissimam
2002 1344 2259 1412 credique

678 1426 1033 1492 fuisseante
1084 1430 1373 1485 diluvium.
1430 1431 1563 1497 Quae
1628 1440 1889 1501 preterea
1943 1432 2009 1487 dc
2054 1434 2258 1488 diluvio

678 1518 1026 1575 Deucalionis
1061 1518 1408 1585 Plutarchus,
1439 1525 1535 1577 lib.
1564 1524 1641 1577 De
1664 1525 1882 1579 solertia
1914 1526 2076 1580 anim.
2104 1535 2256 1581 retu-

677 1612 743 1665 lit
790 1612 859 1667 de
909 1612 1181 1673 columba,
1208 1613 1278 1667 ad
1317 1612 1599 1669 Noeticum
1652 1616 1915 1671 diluvium
1958 1618 2254 1686 pertinent.

680 1700 801 1757 Huc
831 1704 959 1757 item
989 1711 1258 1773 spectant,
1302 1721 1422 1773 que
1444 1706 1510 1759 de
1546 1707 1751 1761 diluvio
1790 1708 1824 1761 l.
1857 1724 1871 1762 ι
1904 1706 2253 1773 Hetamorplt.

679 1792 907 1849 Oridius
963 1795 1173 1848 scribit.
1208 1793 1406 1849 Verum
1459 1795 1735 1862 Pererius,
1770 1801 1861 1868 qui
1907 1810 2027 1868 post
2068 1802 2255 1868 Augu-

2052 398 2297 457 LEONIS
2335 397 2611 454 ALLATll
3841 399 3933 453 983
4016 397 4017 425 δ

674 520 885 575 storico
918 518 1101 575 subdit
1151 521 1410 573 nonnulla
1459 529 1513 574 ct
1540 520 1724 593 Cyrilli
1757 521 2132 586 Alexandrini,
2162 522 2255 593 qui
2289 528 2333 582 Α
2361 534 2423 573 ca
2448 520 2529 574 vel
2558 518 2773 573 Latina.
2814 518 2911 573 Sin
2964 520 3127 575 etiam
3166 518 3448 582 scientias,
3467 524 3525 574 et
3556 524 3710 573 artes
3749 533 3931 576 omnes
4018 572 4019 575 η

2360 618 2414 665 et
2443 609 2681 677 Grecae,
2712 622 2765 665 et
2802 609 3025 666 Latinas
3072 627 3296 667 necesse
3336 614 3441 666 erit
3480 608 3782 672 aflrmm,
3812 625 3928 664 cum

2361 700 2428 755 de
2475 702 2584 757 illis
2636 712 2799 771 agant
2844 700 3031 756 Grece
3065 711 3120 757 et
3152 701 3341 756 Latine
3382 711 3641 756 auctores
3682 697 3857 753 (ἔται
3881 708 3929 755 et

2360 792 2576 860 Latini;
2606 810 2783 865 neque
2821 795 2948 848 talis
2983 794 3178 847 modus
3205 794 3531 848 elocutionis
3566 792 3736 845 talem
3767 791 3924 845 efﬁcit

2361 884 2644 939 scientiam
2700 885 2781 939 vel
2821 893 3013 939 artem.
3046 883 3281 950 Quando
3321 893 3375 938 et
3405 882 3657 954 Dionysii
3688 881 3925 936 Halicar-

2360 976 2563 1037 nassei,
2599 983 2654 1029 et
2685 973 2891 1031 Dionis.
2916 976 3113 1037 Cassii,
3149 984 3203 1030 et
3237 976 3465 1029 aliorum
3501 975 3799 1028 historiam
3828 972 3926 1027 llo-

2360 1083 2576 1121 manam
2596 1067 2837 1123 Grecam
2858 1083 2982 1122 esse
3004 1069 3415 1130 contendemus,
3433 1077 3724 1137 postquam
3754 1068 3925 1136 lingua

2359 1154 2545 1212 Greca
2567 1159 2847 1211 enuntiata
2877 1164 2982 1214 est.
3012 1156 3120 1212 Res
3144 1172 3297 1227 ergo,
3323 1173 3432 1211 non
3465 1158 3733 1220 elocutio,
3766 1171 3928 1225 neque

2360 1258 2553 1303 auctor
2603 1251 2719 1320 ipse
2768 1249 2896 1303 facit
2929 1250 3218 1303 historiam
3251 1249 3413 1316 hujus
3440 1249 3625 1319 potius
3673 1248 3931 1311 nationis,

2358 1356 2520 1410 quam
2548 1343 2795 1395 alterius.
2824 1340 2989 1394 Multa
3018 1340 3084 1395 de
3114 1339 3245 1403 Deo,
3286 1340 3354 1395 de
3391 1340 3578 1394 mundi
3635 1341 3933 1401 creatione,

2358 1432 2427 1486 de
2463 1433 2797 1501 providentia
2846 1432 3050 1494 divina,
3083 1431 3149 1486 de
3180 1430 3489 1487 Christiana
3538 1431 3837 1501 religione,
3876 1432 3935 1484 de

2360 1525 2628 1577 sexcentis
2650 1524 2770 1577 aliis
2801 1524 3110 1594 philosophi
3141 1522 3435 1587 Platonici,
3460 1534 3516 1577 et
3539 1524 3799 1577 historici
3825 1537 3935 1592 pro-

2361 1614 2468 1667 fani
2519 1616 2574 1667 in
2617 1617 2733 1669 suis
2776 1616 3184 1670 commentariis
3214 1615 3521 1685 prodidere,
3547 1614 3699 1683 quod
3724 1616 3800 1666 ita
3828 1629 3937 1667 ma-

2360 1705 2617 1758 nifestum
2642 1714 2726 1760 est
2759 1706 2837 1759 uti
2863 1706 3192 1774 probatione
3222 1721 3327 1758 non
3345 1712 3500 1773 egeat
3538 1723 3550 1757 :
3586 1704 3716 1755 ideo
3737 1717 3810 1754 ne
3829 1701 3935 1763 illa,

2358 1805 2411 1849 et
2460 1796 2700 1850 Grecam
2760 1798 3186 1867 phil050phiam,
3251 1803 3305 1850 et
3352 1794 3601 1849 Grecam
3650 1794 3935 1849 historiam

675 1885 807 1940 stini
848 1885 915 1940 de
952 1886 1145 1939 notitia
1178 1885 1370 1940 diluvii
1416 1888 1741 1942 sententiam
1776 1890 2080 1957 expositam
2105 1890 2255 1942 aftir-
2288 1869 2330 1923 Β
2363 1886 2592 1953 illosque
2620 1884 2819 1939 Grece
2843 1886 3217 1955 philosophie,
3248 1884 3334 1939 vel
3366 1885 3616 1938 historie
3643 1883 3937 1953 scriptores

674 1978 843 2029 mavlt
878 1976 930 2029 id
971 1991 1076 2029 non
1104 1991 1265 2047 posse
1289 1978 1473 2047 negari
1505 1980 1624 2033 sine
1645 1982 2011 2042 contumacia,
2045 1996 2167 2033 cum
2200 1979 2253 2033 id

674 2070 857 2119 tamen
888 2076 1145 2135 negasset
1172 2067 1529 2138 Augustinus,
1561 2084 1628 2123 ne
1657 2070 1931 2124 videretur
1959 2080 2109 2124 tanto
2136 2072 2254 2125 viro

670 2163 858 2213 notam
916 2160 1279 2214 contumaciae
1334 2160 1415 2212 vel
1465 2160 1807 2228 ignorantiae,
1837 2170 1930 2214 aut
1961 2162 2254 2217 oblivionis

674 2244 920 2301 historic
965 2248 1207 2312 inurere,
1236 2249 1387 2302 illum
1440 2266 1711 2307 excusans
1750 2253 1843 2317 ait,
1889 2255 2253 2323 Augustinum

675 2353 787 2391 non
840 2340 1065 2407 precise
1109 2339 1315 2397 dixisse
1351 2342 1519 2395 nullis
1549 2343 1829 2397 historicis
1862 2352 2053 2397 notum
2084 2345 2254 2399 fuisse

672 2427 935 2482 diluvium
967 2427 1101 2496 Noe,
1140 2431 1233 2485 sed
1258 2440 1468 2485 tantum
1509 2433 1679 2487 fuisse
1706 2435 2011 2504 ignoratum
2044 2451 2075 2489 a
2107 2436 2256 2493 Gre-

668 2519 756 2575 eis
784 2527 841 2575 et
881 2517 1143 2575 Romanis
1201 2523 1501 2588 historicis,
1529 2526 1665 2578 nihil
1695 2525 1762 2579 de
1806 2526 2056 2583 barbaris
2085 2528 2254 2582 histo-

672 2610 771 2666 riis
814 2611 1082 2677 locutum;
1127 2619 1180 2664 et
1218 2613 1270 2666 id
1328 2628 1516 2667 verum
1565 2630 1707 2677 esse,
1757 2631 1879 2669 cum
1940 2617 2061 2673 illos
2108 2634 2249 2688 quos

672 2700 789 2770 ipse
820 2698 1069 2756 Pererius
1097 2703 1283 2755 citavit
1313 2702 1577 2758 barbaros
1621 2705 1790 2760 fuisse
1823 2716 1877 2760 et
1911 2723 2092 2761 rerum
2126 2710 2252 2763 har-

674 2790 984 2846 baricarum
1012 2794 1310 2863 scriptores
1362 2804 1567 2849 certum
1617 2798 1706 2850 sit.
1761 2796 1884 2852 Hec
1946 2811 2125 2854 tamen
2157 2815 2252 2855 ex-

672 2883 891 2951 plicatio
922 2885 1007 2953 pia
1040 2894 1145 2955 est,
1207 2888 1332 2955 quis
1367 2889 1421 2941 id
1451 2889 1853 2956 negabit?dum
1884 2890 2249 2960 Augustinum

676 2973 747 3027 ab
785 2974 1091 3045 ignorantia
1124 2976 1385 3040 defendit,
1409 2989 1462 3031 et
1491 2982 1833 3035 contumacia
1864 2998 2070 3051 suaque
2098 2983 2252 3036 laude

673 3079 784 3120 non
835 3078 1004 3121 caret.
1053 3068 1191 3122 Mihi
1235 3076 1418 3123 tamen
1455 3070 1523 3123 ab
1565 3071 1711 3123 omni
1756 3071 2088 3127 humanitate
2122 3075 2252 3128 alie-

678 3172 807 3211 num
854 3173 976 3213 esse
1021 3160 1236 3214 videtur
1286 3162 1431 3216 serio
1489 3176 1780 3228 accusare,
1838 3180 1997 3232 quem
2038 3165 2249 3237 frigidis

2363 1977 2534 2031 fuisse
2584 1976 3000 2039 aftirmabimus,
3034 1977 3181 2030 aliud
3224 1976 3447 2031 omnino
3482 1984 3569 2031 est
3604 1976 3795 2029 alieno
3825 1990 3936 2040 ore,

2361 2070 2505 2123 aliud
2556 2070 2777 2138 proprio
2827 2069 2997 2138 loqui.
3023 2068 3236 2138 Optime
3266 2070 3449 2137 itaque
3479 2070 3836 2138 Augustinus
3866 2070 3936 2121 di-

2360 2160 2565 2212 luvium
2602 2174 2701 2212 nec
2732 2158 2940 2221 Greca,
2976 2174 3075 2212 nec
3103 2160 3291 2211 Latina
3319 2156 3550 2211 historia
3600 2165 3934 2225 compertum

2365 2249 2536 2303 fuisse
2585 2248 2896 2308 afﬁrmavit,
2928 2248 3053 2317 quia
3087 2248 3189 2302 etsi
3229 2247 3296 2302 de
3334 2248 3429 2301 illo
3473 2247 3811 2309 meminere,
3842 2262 3935 2300 non

2360 2355 2426 2394 ex
2459 2338 2768 2393 Grecorum
2827 2337 3256 2407 Latinorumque
3314 2336 3599 2391 historicis
3642 2336 3931 2393 thesauris.

2362 2431 2456 2486 sed
2486 2439 2834 2485 externorum
2869 2429 3021 2484 libris
3048 2430 3100 2482 id
3134 2430 3396 2493 hausere;
3430 2443 3581 2490 cum,
3604 2436 3671 2480 ut
3696 2429 3842 2481 idem
3868 2428 3934 2479 ait

2359 2525 2695 2593 Augustinus
2723 2538 2785 2575 ex
2811 2520 3073 2586 Varrone,
3100 2520 3290 2573 Latina
3321 2520 3551 2573 historia
3586 2520 3725 2573 nihil
3752 2518 3933 2572 habuit

2360 2615 2636 2683 antiquius
2665 2614 2865 2683 Ogygis
2915 2613 3137 2666 diluvio.
3168 2610 3462 2666 Possemus
3498 2613 3626 2664 item
3661 2610 3930 2671 dubitare,

2358 2720 2426 2759 an
2458 2705 2645 2759 Latina
2682 2706 2907 2759 historia
2947 2714 3000 2759 et
3023 2704 3264 2757 Romana
3285 2704 3425 2757 idem
3458 2704 3552 2757 sit.
3591 2702 3929 2772 Augustinus

2358 2798 2501 2851 enim
2544 2797 2640 2859 ait,
2674 2796 2825 2861 Quod
2854 2798 3083 2865 gentium
3113 2813 3272 2865 neque
3301 2794 3506 2857 Greca,
3540 2811 3710 2863 neque
3740 2793 3928 2847 Latins

2359 2887 2499 2938 novit
2529 2886 2773 2939 historia.
2808 2886 2874 2937 At
2903 2886 3149 2940 Pererius
3177 2886 3303 2939 dum
3332 2887 3525 2955 repetit
3557 2885 3712 2938 illius
3742 2884 3926 2947 verba.

2357 2978 2441 3028 vel
2474 2976 2648 3029 saltim
2677 2976 3022 3035 sententiam,
3073 2974 3173 3028 Sed
3202 2984 3402 3027 tantum
3428 2974 3564 3026 dixit
3597 2974 3767 3041 fuisse
3787 2978 3926 3043 igno-

2360 3074 2534 3117 ratum
2574 3067 2626 3117 in
2657 3062 2875 3127 Grecis,
2907 3075 2954 3119 et
2999 3063 3248 3118 Romanis
3274 3065 3533 3126 historiis,
3568 3064 3791 3117 nihilde
3811 3064 3929 3116 bar-

2362 3156 2553 3209 baricis
2598 3156 2835 3211 historiis
2888 3159 3113 3211 locutus.
3178 3155 3256 3209 En
3308 3156 3585 3226 quomodo
3632 3172 3701 3210 ex
3736 3154 3925 3209 Latina

673 3248 934 3318 falsisque
990 3251 1295 3306 rationibus
1351 3252 1551 3323 [postea
1596 3270 1706 3308 non
1746 3213 1884 3311 valet
1931 3213 2239 3315 defendere.

2359 3247 2608 3309 historia,
2644 3246 2891 3301 Romana
2951 3246 3092 3300 facta
3116 3254 3219 3302 est.
3390 3254 3589 3300 cetera
3621 3261 3923 3318 prosequa-

674 3337 743 3393 Ut
765 3341 909 3395 enim
938 3357 1124 3396 verum
1171 3342 1362 3407 fatear,
1391 3346 1513 3416 quis
1546 3363 1781 3417 unquam
1832 3350 1969 3403 dixit
2035 3359 2087 3406 et
2120 3353 2243 3407 Ale-

670 3433 939 3487 xandrum
988 3433 1409 3505 Polyhistorem,
1458 3448 1512 3493 et
1558 3437 1933 3509 Plutarchum,
1965 3454 2019 3497 et
2062 3442 2243 3500 Plato.

671 3538 817 3581 ιιει...
840 3532 893 3578 et
917 3524 1187 3589 Ovidium,
1208 3535 1261 3581 et
1282 3528 1542 3592 Plinium,
1567 3540 1622 3585 et
1652 3529 1920 3597 Solinum,
1956 3544 2009 3588 et
2050 3536 2240 3591 Melan)

674 3612 936 3670 barbaros
961 3614 1149 3680 fuisse.
1180 3634 1381 3691 eosque
1416 3620 1588 3676 fuisse
1616 3638 1794 3677 rerum
1828 3627 2239 3683 barbaricarum

670 3706 1009 3776 scriptores?
1039 3724 1317 3780 nunquam
1353 3713 1576 3767 memini
1612 3729 1696 3769 me
1719 3716 1945 3785 legisse;
1984 3735 2083 3773 nec
2116 3732 2244 3789 puto

676 3799 730 3852 id
766 3803 929 3857 etiam
964 3803 1163 3859 litteris
1194 3806 1465 3874 proditum
1488 3806 1659 3864 fuisse
1682 3808 1920 3876 Grecos,
1941 3810 2246 3868 Romanos-

670 3906 779 3959 que
837 3891 1102 3949 harbaros
1146 3894 1333 3961 fuisse.
1359 3894 1462 3961 Qui
1508 3898 1553 3952 si
1604 3898 1841 3966 barbari,
1877 3903 1999 3971 quis
2044 3903 2095 3955 in
2132 3911 2246 3956 toto

671 3994 946 4039 terrarum
979 3987 1111 4041 orbe
1137 3989 1205 4040 ab
1242 3989 1347 4042 hac
1389 4004 1447 4042 se
1476 3997 1604 4043 nota
1641 3991 1933 4047 immunem
1958 3992 2248 4049 defendet?

675 4075 746 4131 Ut
777 4092 909 4147 ergo
959 4077 1095 4132 falso
1160 4088 1451 4134 accusatus
1515 4065 1851 4150 Augustinus
1902 4086 2243 4154 defendatur,

670 4168 889 4224 barbari
933 4186 1122 4226 omnes
1143 4210 1157 4233 ,
1203 4184 1257 4227 et
1295 4170 1545 4235 Romani,
1573 4184 1625 4228 et
1650 4172 1820 4229 Greci
1849 4178 2073 4233 erimus.
2106 4181 2248 4235 Con-

668 4270 752 4315 tra
807 4260 898 4331 jus
959 4262 1151 4331 fasque
1220 4263 1557 4333 Augustinus
1622 4272 1878 4333 tanquam
1953 4282 2246 4329 contumax

667 4360 991 4419 accusatur,
1014 4363 1068 4408 et
1097 4360 1285 4409 contra
1311 4356 1403 4423 jus
1424 4354 1611 4426 fasque
1632 4364 1683 4411 et
1717 4356 1976 4425 Romani,
1995 4372 2049 4417 et
2074 4363 2246 4419 Greci

664 4445 882 4499 barbari
917 4444 1251 4513 judicantur.
1297 4445 1566 4513 Profecto,
1604 4450 1744 4504 dicet
1780 4453 1905 4520 quis
1935 4455 2036 4517 vel,
2064 4472 2164 4513 nos
2194 4460 2247 4512 in

2352 3354 2475 3393 mur
2511 3353 2541 3391 a
2578 3347 2764 3393 nostro
2808 3337 3057 3392 instituto
3089 3337 3312 3391 minime
3347 3339 3545 3392 aliena.

2419 3453 2535 3507 Col.
2556 3452 2677 3516 752,
2700 3453 2792 3505 lin.
2814 3451 2901 3505 t8.
2922 3452 3259 3519 Ἐκαλύςρθη
3273 3448 3924 3522 τὰύψηλά.ῒιιθορὴῖιιιι

2351 3546 2422 3598 ad
2443 3545 2787 3613 ,Autolycum,
2826 3544 2922 3597 lib.
2959 3559 3042 3607 ιιι,
3076 3544 3151 3597 ait
3176 3544 3234 3595 τὸ
3252 3544 3392 3613 ὕδωρ
3426 3543 3711 3611 ὑψωθῆναι
3746 3547 3927 3609 ἐπάνω

2352 3637 2551 3698 παντὸς
2578 3636 2735 3705 ὅρους
2758 3632 2960 3703 ὑψηλοῦ
2994 3634 3384 3686 πεντεκαίδεκα
3418 3636 3631 3703 πήχεις,
3677 3645 3733 3689 et
3774 3636 3923 3690 Albi-

2352 3743 2476 3789 nus,
2516 3726 2716 3791 Qutzst.
2758 3727 2814 3778 in
2847 3723 3057 3789 δέπαι,
3091 3726 3194 3779 hoc
3242 3725 3357 3779 ﬁeri
3388 3726 3634 3794 potuisse
3663 3726 3922 3789 afﬁrmat,

2351 3823 2599 3890 quamvis
2648 3819 2713 3873 ad
2739 3818 2886 3871 illam
2921 3827 3124 3887 partem
3157 3817 3299 3871 aeris
3319 3818 3645 3886 pervenerit,
3675 3818 3734 3872 in
3762 3836 3925 3888 quam

2352 3928 2451 3968 nec
2474 3921 2665 3966 ventus
2692 3911 2968 3971 invadere.
2990 3926 3089 3965 nec
3107 3910 3280 3965 nubes
3307 3910 3628 3964 condensari
3657 3926 3891 3983 possunt
3911 3931 3920 3962 :

2354 4004 2414 4058 Si
2452 4013 2592 4057 terra
2637 4004 2865 4071 spatium
2911 4002 3057 4054 illius
3110 4000 3382 4069 tranquilli
3418 4000 3624 4055 etheris
3684 4006 3926 4059 invaders

2351 4101 2537 4160 potest,
2571 4108 2666 4145 cur
2697 4109 2799 4144 non
2832 4101 2879 4144 et
2913 4108 3050 4159 aqua
3082 4090 3398 4145 crescendo?
3432 4090 3565 4144 Sunt
3601 4101 3778 4149 tamen
3815 4098 3925 4165 qni-

2352 4184 2497 4247 dam,
2534 4185 2621 4253 qui
2642 4192 2827 4251 putant
2871 4199 2961 4236 nec
2992 4191 3141 4236 terra
3183 4182 3595 4250 inaequalitatem
3626 4187 3813 4250 talem,
3840 4204 3925 4241 ne:

2353 4278 2608 4328 montium
2664 4273 3001 4327 altitudinem
3053 4285 3258 4327 tantam
3302 4283 3423 4327 ante
3462 4275 3725 4329 diluvium
3765 4278 3925 4345 {uisas

2353 4364 2487 4417 sicut
2530 4380 2666 4415 nunc
2711 4372 2808 4416 est.
2844 4361 3041 4416 Verum
3082 4364 3602 4432 philosophicarum,
3633 4383 3700 4421 ac
3744 4386 3922 4424 rerum

2354 4456 2856 4508 mathematicarum
2885 4456 3057 4524 perito
3092 4455 3313 4507 minime
3343 4457 3454 4510 hec
3483 4462 3759 4515 sententia
3790 4466 3924 4518 arri-

662 4538 898 4593 lectione
918 4546 1202 4593 auctorum
1235 4540 1326 4609 qui
1364 4541 1431 4594 de
1468 4540 1673 4596 diluvio
1709 4545 1870 4597 verba
1910 4545 2107 4613 fecere,
2144 4568 2247 4607 ca“-
2285 4572 2330 4629 ο
2357 4546 2524 4599 debit.
2556 4545 2817 4611 Quamvis
2842 4548 2986 4599 enim
3020 4546 3104 4599 his
3131 4549 3469 4616 temporibus
3517 4563 3737 4611 montes
3766 4557 3921 4610 altio-

664 4632 943 4695 cutimus;
985 4632 1069 4685 vel
1108 4633 1447 4701 Augustinus
1502 4635 1660 4687 aliter
1701 4650 1763 4688 ac
1819 4650 1905 4689 res
1942 4650 2059 4693 erat
2090 4659 2254 4716 expo—

665 4723 794 4785 suit,
828 4726 920 4793 qui
977 4731 1167 4777 contra
1220 4725 1383 4779 sentit
1432 4733 1484 4779 et
1530 4726 1713 4795 lapsus
1752 4736 1855 4789 est,
1907 4730 2146 4791 historie
2194 4752 2249 4794 et

664 4814 1014 4884 antiquitatis
1034 4823 1127 4867 aut
1158 4815 1394 4880 inscitia,
1426 4824 1519 4869 aut
1542 4818 1838 4875 0hliviom-.
1870 4820 2243 4898 Nequaquam.

662 4900 910 4973 Namque
964 4902 1305 4973 Augustinus
1364 4906 1441 4957 ait-
1500 4906 1555 4959 id
1611 4923 1721 4961 non
1783 4910 2006 4966 novisse
2070 4931 2247 4987 neque

662 4994 932 5058 Grecam,
966 5011 1142 5065 neque
1160 4994 1405 5049 Latinam
1432 4998 1737 5063 historiam,
1758 5003 1903 5069 quod
1928 5020 2117 5060 verum
2141 5019 2246 5074 est,

662 5099 711 5142 et
744 5087 946 5143 rationi
982 5089 1306 5157 veritatique
1336 5089 1578 5145 historiae
1605 5102 2067 5161 consentaneum;
2104 5116 2246 5155 nun-

667 5193 833 5246 quam
868 5180 1014 5232 enim
1052 5180 1283 5235 historia
1323 5183 1436 5236 sive
1460 5183 1665 5245 Greca.
1693 5187 1809 5242 sive
1840 5188 2032 5244 Latina
2066 5208 2097 5247 a
2132 5195 2247 5250 suis

673 5271 1037 5341 scriptoribus
1079 5276 1454 5329 monumentis
1492 5278 1761 5361 publicis,
1804 5282 1919 5337 sive
1964 5284 2245 5339 hominum

672 5363 969 5419 traditione
1028 5364 1079 5417 id
1131 5366 1346 5429 habuit,
1399 5366 1682 5421 Noeticum
1743 5370 2006 5427 diluvium
2054 5374 2241 5430 fuisse.

676 5456 893 5511 Recens
956 5463 1040 5510 est
1088 5465 1141 5510 et
1183 5456 1401 5525 juvenis
1452 5460 1681 5514 historia
1709 5460 2016 5517 Grecorum
2056 5473 2110 5519 et
2146 5465 2248 5518 La-

665 5546 941 5612 tinorum;
982 5548 1425 5616 antiquissimum
1456 5548 1743 5605 Noeticum
1768 5550 2056 5618 diluvium,
2087 5556 2159 5607 ita
2186 5562 2246 5608 ut

668 5639 793 5707 ejus
837 5639 1100 5694 memoria
1144 5638 1489 5693 traditionem
1525 5655 1741 5697 omnem
1770 5642 2012 5712 ell‘ugiat.
2046 5643 2246 5699 Habuit

669 5729 818 5785 illius
861 5728 1112 5784 notitiam
1150 5727 1503 5785 Hebreorum
1550 5732 1780 5787 historia
1820 5732 2120 5805 Scripture
2154 5752 2246 5792 sa-

669 5832 777 5877 ore
804 5821 1173 5877 monumentis
1203 5838 1473 5893 nusquam
1502 5833 1683 5882 tamen
1715 5836 1798 5883 est
1827 5827 2054 5884 historia
2091 5829 2247 5885 Gre-

2360 4651 2443 4688 res
2477 4635 2861 4695 concedamus,
2894 4650 3002 4687 non
3044 4642 3224 4687 tamen
3266 4648 3585 4705 sequeretur
3632 4650 3767 4697 tunc
3802 4644 3918 4698 alti-

2352 4728 2599 4781 tudinem
2653 4729 2920 4780 montium
2959 4742 3066 4780 non
3124 4726 3295 4782 fuisse
3343 4734 3742 4793 tantam,sicut
3778 4752 3916 4792 nunc

2350 4820 2614 4871 cernitur.
2658 4818 2947 4885 Nunquam
3006 4819 3150 4872 enim
3198 4831 3487 4875 creverunt
3530 4835 3773 4891 montes,
3822 4846 3917 4885 nec

2352 4911 2405 4963 in
2458 4913 2719 4980 majorem
2750 4911 3089 4965 altitudinem
3117 4928 3176 4966 se
3207 4929 3515 4983 erexerunt,
3544 4922 3712 4973 etiam
3744 4924 3788 4977 si
3828 4940 3915 4979 sn-

2350 5003 2634 5058 blimiores
2669 5004 2949 5066 videntur;
2976 5003 3207 5057 vallibus
3233 5006 3375 5058 enim
3407 5008 3460 5061 in
3492 5009 3659 5063 imum
3686 5012 3913 5076 eﬂossis,

2352 5101 2499 5148 terra
2531 5096 2843 5149 labentibtts
2883 5093 3040 5161 aquis
3074 5093 3397 5151 decurrente
3426 5108 3519 5151 aut
3547 5102 3712 5155 etiam
3734 5102 3913 5157 (invia.

2352 5183 2515 5245 libus,
2544 5192 2755 5237 montes
2787 5181 3008 5236 altiores
3035 5191 3350 5254 assurgunt,
3382 5201 3491 5239 non
3522 5189 3671 5256 quod
3718 5191 3911 5261 aliquid

2349 5273 2458 5329 illis
2496 5275 2563 5330 de
2611 5289 2752 5328 novo
2792 5273 2862 5327 sit
2903 5273 3241 5341 adjunctum,
3273 5283 3366 5331 sed
3393 5278 3520 5346 quia
3554 5280 3610 5332 in
3637 5281 3911 5346 lateribus,

2352 5370 2438 5421 vel
2465 5368 2577 5421 ima
2606 5373 2759 5435 parte.
2790 5365 3007 5435 aliquod
3037 5374 3121 5421 est
3148 5368 3474 5433 detractum,
3511 5377 3567 5423 et
3603 5386 3740 5427 sane
3765 5389 3911 5428 mon-

2348 5468 2433 5516 tes
2472 5462 2577 5531 ipsi
2616 5459 2859 5530 quotidie
2899 5466 3206 5530 temporum
3254 5460 3515 5516 edacitati
3571 5463 3797 5521 obnoxii
3828 5467 3911 5524 de-

2348 5560 2625 5609 Crescunt.
2657 5550 2992 5605 Fabulantur
3012 5550 3206 5614 Judei,
3230 5554 3310 5623 0g
3342 5568 3522 5622 regem
3545 5552 3729 5611 Basan
3755 5557 3909 5616 fu'nsc

2349 5662 2415 5700 ex
2463 5645 2773 5716 gigantibus
2816 5642 2955 5709 illis,
2982 5644 3049 5699 de
3074 5645 3276 5715 quibus
3306 5644 3505 5700 dicitur
3546 5645 3678 5703 Gen.
3715 5667 3835 5715 vni,
3863 5652 3907 5705 in

2349 5736 2622 5793 altissimo
2656 5742 2839 5789 monte
2881 5735 3295 5800 consistentem,
3346 5736 3594 5793 evasisse
3634 5740 3905 5805 diluviu,

2348 5828 2592 5898 illudque
2622 5826 3175 5898 probantexeowod
3198 5826 3428 5883 habetur
3446 5826 3603 5887 Deut.
3629 5846 3693 5888 ut
3721 5851 3735 5889 :
3772 5832 3905 5890 Salui
