4058 6330
1286 439 1356 496 IN
1396 439 1773 498 EUSTATBII
1812 438 2289 495 llEXAEMERON
2326 439 2534 497 NOTAE

3399 443 3508 505 Μ

241 562 326 634 09
352 564 617 617 restiterat
647 561 711 616 de
739 561 900 630 stirpe
929 560 1219 629 gigantum.
1248 558 1314 612 Et
1351 559 1472 615 falsi
1506 568 1814 631 arguuntur
1852 564 1888 616 Α
1922 559 2108 614 feriret
2144 561 2196 613 in
2230 560 2409 615 l':onte
2467 560 2697 630 accepit.
2757 549 3116 615 Percussione
3161 558 3264 614 hac
3321 558 3509 616 furore

239 652 651 717 Tbalmudistae,
684 652 777 722 qui
830 650 1040 716 dicunt,
1095 650 1362 705 diluvium
1407 666 1519 705 non
1571 653 1821 722 attigisse

235 752 483 802 montem
535 743 690 807 Sion,
734 744 838 798 hoc
899 743 1017 798 solo
1067 756 1390 815 argumento
1437 742 1584 812 quod
1634 757 1818 796 semen

235 837 524 909 gigantum
570 840 849 891 inventum
895 837 966 891 sit
993 845 1117 906 post
1149 836 1415 888 diluvium
1449 836 1504 890 in
1536 835 1656 888 loco
1681 848 1822 904 prae-

233 932 409 987 dicto.
431 929 589 985 Plato
610 930 665 984 in
697 929 917 990 Timaro.
936 939 989 983 et
1011 928 1282 984 Diodorus
1300 927 1521 982 Siculus
1541 926 1818 990 Bibliotli.,

235 1024 336 1081 lib.
368 1041 444 1088 v1,
488 1027 558 1080 ab
601 1025 704 1078 hac
747 1023 1018 1077 sententia
1060 1022 1316 1077 videntur
1355 1023 1673 1084 abhorrere,
1727 1021 1820 1074 sed

235 1115 402 1170 iidem
437 1115 494 1169 in
533 1130 592 1168 re
615 1129 680 1167 ac
713 1114 938 1167 materia
968 1112 1208 1176 diversa,
1240 1113 1494 1182 quamvis
1519 1113 1580 1165 in
1607 1110 1820 1165 caeteris

234 1204 366 1262 falsi
415 1207 786 1260 consentiunt.
822 1204 1071 1259 Tradunt
1130 1204 1274 1258 enim
1322 1213 1568 1273 tempore
1610 1201 1820 1265 diluvii,

233 1312 429 1369 magos
466 1297 801 1368 confugisse,
836 1297 1240 1366 nonnullosque
1272 1295 1408 1349 alios
1454 1294 1673 1365 Egypti
1724 1308 1818 1363 po-

236 1389 399 1460 pulos
426 1389 478 1442 in
511 1389 638 1458 juga
671 1390 940 1443 montium
980 1389 1163 1458 ibique
1189 1397 1541 1441 monumenta
1570 1385 1823 1440 recondi-

234 1480 465 1536 tissimte
511 1480 1004 1549 vetnstissimazque
1048 1478 1376 1533 eruditionis
1411 1492 1640 1549 quaeque
1672 1490 1822 1529 com-

235 1580 508 1643 portasse,
549 1587 976 1641 asservasseque
1010 1573 1066 1624 in
1101 1573 1332 1638 gratiam
1362 1576 1416 1624 et
1449 1583 1606 1622 usum
1637 1566 1824 1620 mundi

235 1665 574 1734 superstitis.
631 1663 759 1720 Inde
813 1672 1000 1734 postea
1052 1662 1298 1720 inferunt
1340 1677 1370 1714 a
1439 1660 1611 1729 magis
1659 1657 1826 1728 Egy-

233 1754 478 1824 ptiisque
517 1754 742 1810 Graecia:
775 1755 992 1824 populis
1027 1753 1456 1810 communicata.
1482 1750 1615 1815 Quae
1643 1751 1825 1803 omnia

231 1846 488 1917 quamvis
535 1853 740 1900 temere
788 1845 1151 1907 ailirmentur,
1223 1844 1324 1896 hos
1391 1849 1572 1894 tamen
1624 1846 1824 1892 aucto-

235 1949 330 1992 res
372 1935 566 2006 lepidis
609 1936 760 1990 hisce
808 1935 1026 1990 fabellis
1089 1933 1224 1987 illud
1288 1933 1537 1986 innuisse
1610 1937 1821 1984 certum

235 2033 329 2080 est
371 2043 383 2080 :
422 2039 452 2079 a
483 2024 811 2094 quibusdam
860 2032 912 2078 et
962 2023 1162 2093 pietate
1223 2030 1278 2075 et
1325 2019 1633 2074 eruditione
1692 2031 1825 2070 con-

233 2117 449 2188 spicuis
493 2117 630 2170 viris
680 2123 798 2169 arte
847 2115 1085 2184 quadam
1127 2113 1421 2166 multarum
1468 2108 1824 2164 scientiarum

232 2207 543 2273 methodos,
584 2209 844 2271 rationes,
878 2208 1139 2276 variaque
1190 2206 1563 2275 experimenta
1613 2203 1821 2257 futuris

234 2297 570 2362 hominibus,
602 2298 670 2351 ab
711 2297 962 2351 eluvione
994 2296 1089 2348 illa
1134 2309 1402 2364 aquarum
1441 2307 1819 2348 conservasse.

232 2387 374 2444 Illud
402 2389 457 2442 in
490 2389 576 2444 his
608 2389 865 2444 omnibus
905 2403 1091 2442 verum
1124 2395 1228 2447 est,
1259 2402 1449 2440 omnes
1476 2386 1822 2440 summitates

232 2480 526 2542 montium,
558 2487 618 2533 ut
658 2480 855 2533 divinae
900 2480 1124 2533 tradunt
1154 2479 1392 2540 Litterae,
1415 2485 1562 2530 certa
1586 2476 1820 2546 quadam

232 2578 503 2636 aquarum
543 2579 798 2618 mensura
850 2572 1137 2633 coopertas
1165 2604 1178 2626 ,
1226 2579 1323 2632 per
1359 2562 1411 2615 id
1448 2562 1681 2631 spatium
1712 2574 1821 2628 quo

230 2655 455 2710 duravit
491 2656 752 2710 diluvium
791 2655 894 2708 sub
922 2655 1078 2725 aquis
1111 2655 1358 2717 latuisse,
1382 2669 1482 2708 nec
1516 2652 1822 2707 audiendus

229 2747 552 2818 Caietanus,
584 2750 675 2819 qui
698 2756 853 2819 putat
899 2749 1132 2803 vertices
1164 2747 1379 2816 aliquos
1405 2747 1674 2800 montium
1709 2759 1821 2797 non

233 2843 410 2897 fuisse
448 2850 669 2911 opertos
704 2841 861 2910 aquis
904 2839 1115 2898 diluvii.
1154 2855 1252 2894 nec
1289 2840 1392 2893 hoc
1433 2836 1710 2892 adversari
1739 2835 1823 2889 di-

233 2935 380 2989 vinae
411 2931 743 3000 Scriptura;
768 2931 1044 3001 quomodo
1071 2930 1122 2983 id
1145 2931 1384 2999 potuerit
1411 2945 1533 2984 esse
1562 2930 1816 2999 explicat,

231 3031 292 3079 tt
351 3033 477 3078 ante
525 3021 845 3091 Cajetanum
898 3021 1146 3074 nonnulli
1202 3020 1256 3074 id
1318 3019 1665 3074 afﬁrmarent
1719 3034 1818 3074 eos

231 3123 475 3176 montes,
523 3127 755 3182 quorum
811 3112 1044 3165 altitudo
1098 3111 1311 3166 excedit
1363 3113 1542 3165 locum
1591 3125 1820 3182 genera.

232 3206 404 3260 tionis
456 3205 713 3263 imbrium
752 3203 868 3259 sive
903 3204 1136 3258 mediam
1173 3205 1450 3273 regionem
1509 3204 1674 3268 aeris,
1710 3218 1818 3256 non
1849 3240 1892 3296 Ο

187 3348 190 3352 .
237 3295 412 3353 fuisse
443 3303 683 3364 opertos,
713 3308 838 3348 cum
891 3294 1153 3347 diluvium
1209 3285 1528 3363 generatum
1560 3310 1590 3347 a
1623 3294 1822 3364 pluviis

235 3401 353 3442 non
396 3385 631 3456 potuerit
661 3386 967 3438 increscere
1001 3399 1169 3452 supra
1202 3385 1383 3438 locum
1432 3384 1523 3437 ubi
1556 3399 1824 3453 generan—

234 3487 332 3533 tur
357 3476 573 3548 pluviaz.
607 3475 757 3528 Hanc
782 3474 1094 3543 opinionem
1120 3472 1460 3541 Augustinus
1491 3487 1824 3526 commemo-

237 3573 347 3632 rat,
372 3575 426 3621 et
463 3564 684 3628 refellit,
720 3563 759 3616 l.
792 3579 860 3616 xv
891 3561 966 3614 De
995 3562 1204 3614 civitate
1240 3561 1360 3623 Dei,
1385 3577 1504 3630 cap.
1537 3561 1604 3613 27
1635 3581 1647 3614 :
1689 3561 1820 3630 Opi-

237 3668 441 3714 nantur
473 3657 687 3728 quidam
709 3693 723 3716 ,
755 3663 866 3706 tam
899 3671 1147 3724 magnum
1178 3655 1292 3721 ﬁeri
1328 3671 1430 3706 non
1484 3656 1716 3722 potuisse
1743 3654 1826 3708 di-

238 3750 461 3811 luvium,
491 3759 550 3802 ut
583 3748 874 3801 altissimos
909 3756 1110 3800 montes
1133 3747 1427 3817 quindecim
1458 3748 1647 3801 cubitis
1686 3765 1826 3818 aqua

238 3841 519 3900 crescendo
575 3841 982 3899 transcenderet,
1033 3849 1243 3908 propter
1311 3839 1524 3910 Olympi
1580 3843 1824 3895 verticem

240 3935 463 3997 montis,
494 3949 654 4002 supra
709 3949 859 4002 quem
923 3932 1256 4000 perhibentur
1308 3933 1468 3986 nubes
1521 3951 1623 3987 non
1668 3951 1824 4001 posse

239 4027 620 4090 conscendere;
649 4036 706 4079 ut
729 4043 830 4080 non
857 4025 928 4078 ibi
955 4026 1024 4079 sit
1055 4041 1145 4078 aer
1169 4025 1268 4079 iste
1289 4027 1523 4079 crassior
1556 4028 1645 4079 ubi
1666 4029 1823 4093 venti,

240 4120 776 4192 nebulaeﬁmbresque
804 4122 1113 4192 gignuntur,
1148 4135 1239 4173 nec
1273 4121 1571 4187 attendunt,
1595 4123 1828 4176 omnium

237 4214 619 4268 elementorum
648 4215 1038 4267 crassissimam
1084 4222 1279 4266 terram
1319 4213 1391 4265 ibi
1433 4229 1545 4268 esse
1572 4216 1824 4284 potuisse.

239 4309 325 4363 An
361 4309 495 4378 forte
543 4318 724 4378 negent
749 4325 861 4363 esse
892 4309 1027 4362 hanc
1059 4318 1254 4363 terram
1300 4310 1543 4362 verticem
1595 4311 1828 4366 montis?

239 4400 352 4458 Cur
407 4401 570 4471 igitur
623 4417 784 4466 usque
829 4400 896 4455 ad
925 4401 1022 4455 illa
1055 4401 1169 4456 caeli
1201 4403 1373 4469 spatia
1397 4403 1556 4455 terris
1595 4404 1828 4458 exaltari

241 4495 476 4559 licuisse,
526 4502 576 4547 et
628 4495 779 4557 aquis
809 4495 1042 4548 exaltari
1075 4512 1177 4548 non
1219 4495 1432 4547 licuisse
1470 4496 1821 4560 contendunt,

1925 659 2090 720 atque
2127 653 2206 705 ira
2236 652 2319 706 leo
2341 652 2571 715 exarsit,
2600 659 2653 704 et
2683 650 2905 720 spiravit
2942 651 3307 714 vehementer,
3343 657 3405 704 ut
3437 663 3510 704 ex

1921 744 2041 811 ejus
2081 759 2214 798 naso
2248 752 2404 800 catns
2439 744 2702 814 prodierit
2730 745 2960 811 soricem
2989 743 3287 798 devorans!
3318 742 3364 796 0
3395 740 3511 797 Ila-

1923 835 2272 889 humetanam
2307 835 2668 905 elegantiam!
2697 848 2730 888 o
2756 836 2968 888 arcam!
2996 850 3029 887 0
3083 849 3282 888 numen
3319 831 3510 887 Malm.

1924 927 2085 980 metis
2140 928 2506 981 stercoreum!
2541 941 2572 980 ο
2605 927 3015 996 percussionem
3049 926 3223 981 leonis
3262 933 3374 978 tam
3398 923 3508 978 uti-

1924 1018 2063 1070 lem!
2100 1033 2133 1070 ο
2162 1026 2344 1072 catum
2378 1019 2446 1073 de
2491 1019 2731 1071 humano
2754 1032 2951 1086 genere
2985 1017 3123 1070 bene
3157 1017 3443 1071 meritum!
3473 1029 3510 1070 o

1923 1123 2158 1176 nequam
2216 1109 2474 1172 soricem,
2523 1109 2844 1189 nequiorem
2885 1106 3512 1176 elephantunt,nequis'-

1924 1203 2122 1255 simum
2157 1202 2248 1272 qui
2289 1203 2404 1258 haec
2460 1204 2635 1270 audit,
2665 1211 2719 1259 et
2769 1202 2970 1269 credit,
3025 1217 3127 1256 nec
3183 1211 3513 1271 aspernatur

1925 1295 2037 1357 liri,
2079 1294 2167 1347 liri

1994 1435 2112 1490 Col.
2165 1434 2286 1493 755,
2342 1434 2439 1489 lin.
2491 1434 2538 1488 Ι.
2589 1436 2693 1501 Eli:
2721 1433 2911 1502 ἄκραν
2944 1434 3078 1489 τινὰ
3113 1435 3310 1504 ὅρους.
3352 1433 3513 1490 Mons

1926 1543 2092 1597 super
2119 1542 2281 1596 quem
2319 1527 2522 1582 resedit
2553 1542 2702 1590 arca,
2745 1529 2896 1582 varie
2927 1528 2996 1581 ab
3027 1529 3347 1584 auctoribus
3392 1535 3508 1582 tra-

1915 1619 2374 1680 ,ditur:Berosus
2424 1618 2711 1672 Chaldaeus
2743 1619 2886 1686 apud
2929 1616 3251 1687 Josepltum,
3325 1617 3506 1689 Antiq.

1927 1712 2024 1766 lib.
2073 1727 2111 1773 ι,
2189 1710 2425 1780 appellat
2478 1717 2718 1763 montem
2784 1708 3204 1778 Gordyaeorum;
3253 1705 3514 1762 Nicolaus

1926 1802 2300 1858 Damascenus
2356 1803 2603 1856 nominat
2653 1800 2855 1854 Barim.
2881 1799 3057 1855 Verba
3085 1799 3304 1870 Iosephi
3347 1815 3511 1872 supe-

1856 1902 1896 1958 B
1925 1895 2039 1950 rius
2066 1894 2478 1963 exscripsimus.
2512 1901 2565 1948 et
2597 1909 2662 1947 ex
2693 1907 2757 1946 eo
2798 1892 3040 1947 Zonaras
3069 1892 3264 1946 Annal.
3297 1899 3430 1946 tom.
3464 1891 3509 1948 l.

1925 1987 2034 2042 Cur
2083 1994 2264 2039 autem
2305 1986 2630 2039 Ambrosius
2681 1999 2806 2038 eum
2863 1983 3216 2053 appellaverit
3271 1994 3508 2038 montem

1925 2077 2208 2144 Quadrati,
2241 2075 2495 2130 Pererius
2532 2075 2678 2130 nulla
2708 2075 3025 2144 conjectura
3085 2077 3168 2131 vel
3195 2078 3511 2146 suspicione

1924 2187 1983 2227 se
2023 2185 2180 2241 posse
2211 2170 2477 2239 attingere
2510 2167 2707 2222 scribit
2737 2167 2832 2222 lib.
2866 2184 2963 2221 xm
3013 2169 3067 2220 in
3093 2167 3278 2222 Genes.
3302 2168 3510 2224 Textus

1923 2272 2105 2318 tamen
2151 2261 2452 2331 Scriptura:
2509 2259 2753 2324 Graecus,
2807 2268 2861 2315 et
2919 2259 3178 2315 llebt'aaus
3235 2260 3511 2330 expressit

1922 2355 2139 2416 Ararat,
2173 2355 2318 2424 quod
2355 2352 2415 2406 D.
2447 2351 2816 2423 Hieronymus
2855 2351 2931 2404 ait
2986 2351 3302 2406 Armeniam
3334 2366 3456 2406 esse
3488 2368 3504 2406 :

1926 2453 2058 2500 sunt
2094 2453 2312 2498 montes
2336 2443 2629 2508 Armeniae,
2649 2450 2702 2497 et
2723 2457 2851 2512 pars
2871 2440 3059 2505 Tauri,
3081 2443 3174 2513 qui
3195 2442 3346 2496 varia
3370 2440 3507 2497 locis
3586 2495 3589 2498 .

1923 2535 2157 2589 diversis
2183 2533 2408 2588 nomina
2436 2532 2671 2601 accepit.
2699 2530 3041 2600 Epiphanius
3069 2531 3122 2584 in
3148 2530 3384 2585 Panario
3405 2531 3507 2586 bas

1923 2642 2116 2682 omnes
2148 2625 2432 2681 nominum
2468 2625 2818 2679 diversitates
2852 2624 3355 2690 conciliat,dicens,
3381 2630 3508 2698 post

1922 2721 2182 2776 diluvium
2212 2718 2546 2788 requievisse
2565 2732 2747 2771 arcam
2780 2715 2893 2772 Noe
2926 2717 2980 2770 in
3001 2717 3280 2772 montibus
3307 2718 3505 2794 Attigit

1924 2812 2068 2883 (esse
2117 2810 2519 2882 Septuaginta),
2573 2809 2768 2865 mediis
2817 2812 2962 2864 inter
3007 2793 3421 2864 Armeniorum"
3450 2817 3509 2865 et

1922 2905 2305 2975 Cardyzeorum
2357 2901 2492 2957 lines
2538 2901 2682 2971 (esse
2727 2899 3010 2971 Vulgatam
3057 2902 3402 2968 versionem,
3452 2908 3511 2958 et

1921 2996 2159 3052 Chaldaei
2180 2993 2584 3066 parapltrasin),
2602 2995 2653 3046 in
2672 3001 2856 3047 monte
2870 2990 3052 3047 Lubar
3069 2994 3356 3064 appellato,
3377 3007 3510 3049 ecce

1921 3090 2066 3160 quod
2107 3090 2480 3144 Damascenus
2513 3087 2774 3156 prodidit,
2808 3087 2867 3140 ὲν
2890 3088 3000 3149 τοῖς
3031 3085 3182 3157 ὄρεσι
3214 3089 3327 3149 τοῖς
3353 3087 3511 3158 Ἀρα-

1926 3182 2024 3252 par
2077 3180 2350 3251 ἀναμέσον
2391 3178 2694 3248 Ἀρμενίων
2754 3179 2850 3231 καὶ
2892 3177 3250 3248 Καρδυαίων,
3311 3179 3369 3230 ἐν
3427 3175 3511 3245 τῷ

1924 3273 2144 3345 Λουϐὰρ
2174 3273 2287 3344 ὄρει
2315 3271 2650 3339 καλουμένῳ.
2681 3270 2980 3339 Procopius
3015 3289 3028 3324 :
3063 3271 3264 3323 Ararat
3302 3269 3509 3323 medius

1925 3365 2061 3418 inter
2095 3362 2420 3423 Armeniam,
2442 3370 2493 3412 et
2524 3357 2804 3423 Part/tiam
2833 3359 3066 3410 excurrit
3109 3374 3286 3411 versus
3317 3358 3510 3410 Adra—

1926 3376 2061 3418 inter
2095 3376 2420 3423 Armeniam,
2442 3376 2493 3412 ει
2524 3376 2570 3411 ι’
2611 3376 2804 3410 rtutam
2833 3376 3066 3410 επιεττιι
3109 3376 3286 3411 versus
3317 3376 3509 3410 Ααη-

1926 3454 2172 3508 benorum
2205 3453 2484 3522 regionem.
2520 3376 2785 3521 Sigyllina
2810 3449 3030 3502 oracula
3066 3449 3161 3502 lib.
3199 3465 3251 3512 ι.
3279 3461 3379 3518 pro
3403 3447 3509 3501 Ar-

1925 3547 2104 3601 menia
2135 3544 2425 3614 Phrygiam
2473 3542 2776 3597 obtrudunt
2811 3557 2825 3606 ;
2856 3541 3054 3596 falsum
3108 3540 3270 3609 plane
3296 3578 3310 3602 ,
3345 3545 3404 3593 ut
3451 3546 3510 3594 et

1926 3638 2056 3692 illud
2096 3637 2239 3706 quod
2287 3636 2471 3690 subdit
2516 3635 2710 3690 eadem
2752 3633 2992 3705 Sibylla,
3048 3648 3108 3690 se
3154 3647 3277 3687 cum
3307 3632 3510 3688 marito

1928 3742 2027 3783 suo
2062 3729 2117 3782 in
2148 3741 2276 3780 arca
2309 3726 2578 3780 inclusam
2608 3724 2796 3779 fuisse.

1994 3861 2167 3924 lbid.,
2213 3859 2310 3914 lin.
2351 3858 2402 3913 5.
2441 3857 2548 3912 Kal
2588 3856 2662 3910 τὰ
2705 3856 2988 3924 λείψανα.
3042 3855 3376 3926 Theophilus
3438 3854 3510 3910 ad

1925 3951 2262 4019 Autolycum,
2306 3950 2400 4005 lib.
2436 3965 2495 4002 Ill
2531 3967 2543 4002 :
2577 3944 2684 4012 ’Ἦς
2717 3947 2948 4001 κιϐωτοῦ
2982 3947 3050 4001 τὰ
3084 3947 3311 4017 λείψανα
3343 3946 3511 4018 μέχρι

1926 4046 2026 4116 τῆς
2053 4045 2210 4115 δεῦρο
2233 4043 2503 4095 δείκνυται
2531 4036 2668 4094 εἶναι
2692 4043 2749 4093 ὲν
2776 4039 3177 4110 τοῖςἈραϐίοις
3198 4039 3366 4110 ὄρεσι.
3398 4036 3508 4093 Ζο-

1927 4151 2111 4197 naras,
2135 4135 2252 4188 loco
2282 4133 2337 4187 (Ι.
2361 4151 2376 4187 :
2411 4125 2807 4201 Ἀποδατήριον
2831 4130 2887 4181 δὲ
2917 4129 3007 4181 τὸν
3035 4128 3198 4181 τόπον
3228 4127 3510 4181 καλεῖσθαι

1926 4229 2037 4289 τοῖς
2070 4225 2375 4296 Ἀρμενίοις
2417 4226 2582 4294 φησὶν
2613 4222 2874 4291 Ἰώσηπος
2909 4221 3002 4272 καὶ
3040 4217 3266 4289 λείψανα
3292 4217 3510 4273 δείκνυ·-

1929 4320 2053 4372 σοαι
2092 4323 2190 4389 τῆς
2237 4317 2505 4387 λάρνακος
2559 4317 2692 4367 ἐκεῖ.
2739 4312 2805 4366 Ει
2847 4310 3125 4384 ,losephus
3167 4327 3234 4366 ex
3285 4309 3510 4366 Nicolao

1931 4411 2267 4464 Damasceno
2300 4427 2315 4462 :
2348 4410 2459 4461 Καὶ
2502 4407 2767 4469 Νικόλαος
2795 4406 2852 4458 δὲ
2902 4408 2930 4457 ὁ
2971 4404 3326 4476 Δαμασκηνὸς
3354 4405 3411 4458 ὲν
3438 4406 3509 4476 τῇ

1931 4502 2254 4570 ἐνενηκοστῇ
2286 4499 2381 4551 καὶ
2414 4496 2548 4568 ἓκτῃ
2589 4496 2754 4566 βίϐλῳ
2801 4497 3004 4566 ἱστορεῖ
3050 4495 3178 4566 περὶ
3211 4493 3390 4548 αὐτῶν
3422 4492 3514 4548 λι-

239 4605 362 4644 eum
407 4588 498 4641 isti
557 4603 824 4641 mensores
880 4596 930 4640 et
977 4604 1222 4656 pensores
1259 4588 1627 4641 elementorum
1668 4605 1824 4658 aquas

1937 4608 2047 4660 γων
2093 4589 2297 4652 οὕτως·
2346 4590 2530 4642 Ἔστιν
2577 4588 2717 4657 ὑπὲρ
2755 4588 2854 4657 τὴν
2897 4585 3144 4640 Μινυάδα
3199 4587 3339 4656 μέγα
3384 4585 3510 4658 ὅρος

239 4682 398 4737 terris
443 4678 748 4749 perhibeant
797 4684 1110 4746 superiores,
1158 4689 1311 4750 atque
1375 4681 1630 4735 leviores?
1685 4681 1826 4746 Quid

240 4775 417 4843 itaque
468 4773 693 4824 rationis
747 4773 995 4839 aﬁ'erunt,
1029 4788 1192 4842 quare
1233 4782 1372 4824 terra
1399 4775 1633 4841 gravior,
1672 4781 1721 4825 et
1748 4773 1832 4825 in-

238 4867 405 4938 ferior
425 4867 597 4919 locum
643 4863 757 4918 caeli
827 4865 1212 4934 trunquillioris
1270 4865 1521 4918 invaserit
1551 4880 1643 4932 per
1684 4865 1830 4918 volu-

242 4961 387 5015 mina
435 4968 507 5012 tot
544 4957 825 5019 annorum,
868 4965 918 5011 et
966 4973 1105 5026 aqua
1158 4958 1320 5011 levior
1349 4975 1409 5011 ac
1439 4959 1675 5024 superior
1724 4975 1828 5010 non

236 5053 501 5122 permissa
536 5052 604 5104 sit
644 5049 738 5101 hoc
775 5049 948 5118 facere
978 5049 1168 5105 saltem
1211 5052 1279 5104 ad
1312 5064 1513 5120 tempus
1542 5051 1829 5121 exiguum?

241 5139 486 5195 Tandem
532 5138 770 5194 ridenda:
827 5148 956 5193 sunt
997 5156 1154 5210 nugae
1201 5140 1626 5203 Mabumetante,
1705 5157 1827 5210 qua:

244 5248 354 5289 non
389 5234 601 5294 dicunt,
629 5230 723 5286 sed
756 5230 1036 5284 insaniunt
1059 5271 1072 5293 ,
1106 5248 1288 5286 arcam
1314 5234 1670 5287 excrementis
1702 5249 1826 5301 gra-

239 5331 424 5379 vatam
457 5324 699 5394 periculo
729 5322 1030 5392 proximam
1070 5321 1272 5386 fuisse;
1311 5332 1640 5394 quapropter
1689 5323 1820 5392 Noe,

239 5429 370 5471 cum
413 5415 481 5468 ad
525 5413 692 5468 Deum
741 5411 1098 5481 confugisset,
1144 5429 1474 5484 responsum
1507 5415 1734 5484 accepit,
1765 5423 1824 5468 ut

241 5515 464 5561 curaret
493 5505 846 5575 elephantum
871 5503 927 5556 in
949 5503 1154 5558 cloacis
1179 5505 1459 5558 hominum
1484 5521 1703 5576 egerere
1723 5520 1822 5559 sua

243 5611 510 5655 stercora.
568 5596 648 5651 Ex
715 5595 917 5667 quibus
983 5609 1079 5649 sus
1133 5596 1461 5666 pergrandis
1534 5604 1821 5667 generatus

242 5689 525 5747 immunda
569 5688 662 5743 illa
707 5683 1004 5748 deioravit,
1041 5701 1104 5740 ex
1134 5688 1250 5742 suis
1277 5687 1450 5743 fetore
1498 5697 1820 5758 procreatus

249 5796 413 5838 sorex
443 5796 629 5836 arcam
660 5783 882 5844 arrosit,
919 5797 983 5838 ac
1011 5781 1328 5853 perforavit,
1359 5783 1434 5836 ita
1466 5789 1526 5837 ut
1547 5797 1692 5854 aqua
1722 5783 1820 5836 in-

246 5873 582 5947 grederetur.
629 5870 744 5931 Noe
792 5873 986 5947 majori
1023 5872 1265 5948 periculo
1294 5887 1326 5929 a
1363 5871 1474 5931 Deo
1506 5882 1561 5926 ut
1604 5876 1816 5934 leonem

1935 4684 2074 4736 κατὰ
2107 4684 2204 4753 τὴν
2237 4681 2527 4753 Ἀρμενίαν
2552 4681 2728 4750 ’Βάρις
2761 4680 3069 4749 λεγόμενον,
3106 4680 3186 4741 εἰς
3222 4679 3249 4730 ὃ
3283 4677 3512 4743 πολλοὺς

1935 4774 2319 4844 συμφυγόντας
2351 4775 2443 4825 ἐπὶ
2483 4771 2576 4824 τοῦ
2614 4771 2997 4841 κατακλυσμοῦ
3026 4771 3180 4838 λόγος
3213 4769 3324 4839 ἔχει
3355 4785 3511 4840 περι-

1935 4865 2190 4936 σωθῆναι,
2221 4865 2314 4918 καί
2344 4881 2464 4916 τινα
2513 4863 2604 4916 ἐπὶ
2645 4862 2911 4934 λάρνακος
2945 4861 3239 4932 ὀχούμενον
3282 4860 3373 4914 ἐπὶ
3409 4860 3511 4931 τὴν

1930 4961 2242 5031 ἀκρώρειαν
2293 4961 2534 5022 ὀκεῖλαι,
2569 4959 2661 5012 καὶ
2705 4959 2773 5012 τὰ
2815 4959 3042 5028 λείψανα
3066 4958 3173 5012 τῶν
3215 4955 3387 5023 ξύλων
3414 4957 3513 5012 ἐπὶ

1930 5055 2063 5107 πολὺ
2098 5053 2355 5122 σωθῆναι.
2393 5052 2608 5106 Γένοιτο
2635 5053 2681 5106 δ’
2714 5051 2779 5105 ἂν
2808 5048 2960 5114 οὗτος
2995 5052 3176 5105 ὅντινα
3220 5051 3314 5104 καὶ
3341 5050 3509 5116 Mnib-

1929 5145 2029 5215 σῆς
2057 5144 2362 5214 ἀνέγραψεν
2392 5147 2419 5196 ὁ
2451 5144 2560 5197 τῶν
2588 5144 2858 5198 Ἰουδαίων
2887 5141 3203 5214 νομοθέτης.
3247 5139 3513 5196 Nicolaus

1930 5237 2217 5299 Salconus,
2247 5237 2341 5291 lib.
2364 5236 2571 5291 Histor.
2597 5246 2734 5305 part.
2766 5237 2998 5291 Orientis
3027 5251 3093 5290 ex
3121 5249 3215 5290 ore
3230 5231 3509 5304 Baythoni

1926 5330 2137 5385 ordinis
2191 5329 2730 5386 Pratmonstratensis
2769 5328 2876 5382 :ln
2917 5328 3168 5382 Armenia
3221 5335 3301 5380 est
3344 5325 3508 5379 altior

1926 5439 2109 5485 mons,
2141 5424 2230 5491 qui
2278 5423 2348 5476 sit
2393 5423 2447 5475 in
2497 5430 2604 5475 toto
2654 5419 2777 5473 orbe
2827 5430 3112 5482 terrarum,
3142 5418 3230 5488 qui
3266 5414 3506 5469 Araratlt

1924 5515 2074 5584 vulgo
2108 5524 2441 5582 nuncupatur
2460 5553 2473 5573 ,
2501 5523 2549 5567 et
2595 5513 2648 5565 in
2675 5513 2945 5564 cacumine
2976 5510 3124 5564 illius
3153 5507 3343 5562 montis
3371 5520 3502 5558 arca

1926 5603 1980 5658 Ν
1983 5621 2042 5658 oe
2089 5613 2206 5672 post
2242 5597 2498 5659 diluvium
2524 5605 2692 5672 primo
2708 5603 2863 5663 sedit,
2883 5613 2932 5658 et
2963 5603 3080 5656 licet
3095 5608 3306 5670 propter
3329 5597 3501 5652 abstn-

1921 5695 2165 5748 dantiam
2194 5695 2413 5758 nivium,
2445 5713 2562 5765 qua:
2593 5710 2793 5762 semper
2820 5696 2874 5748 in
2909 5694 3002 5747 illo
3033 5700 3203 5745 monte
3226 5689 3499 5758 reperiun-

1921 5792 2039 5844 tur,
2074 5793 2182 5835 tam
2211 5782 2377 5838 hieme
2416 5801 2576 5855 quam
2627 5794 2843 5849 a’state,
2877 5799 3026 5837 nemo
3049 5782 3184 5836 valet
3215 5780 3496 5835 ascendere

1920 5884 2146 5932 montem
2179 5875 2366 5947 illum,
2408 5895 2608 5950 semper
2656 5889 2827 5934 tamen
2869 5886 3084 5948 apparet
3125 5877 3179 5932 in
3231 5875 3347 5945 ejus
3396 5889 3490 5929 ca-
