4058 6330
224 392 333 448 995

1307 384 1374 438 ΙΝ
1415 381 1786 439 EUSTATHII
1832 380 2302 436 llEXM‘IMlSIlON
2339 380 2566 436 ΝΟΤέΕ.

3387 391 3493 444 ννι

228 506 533 577 βωοέοντας
559 503 854 575 ἀνατρέψαι
892 502 1019 573 περὶ
1043 504 1253 577 αὐτοῖςι
1277 503 1337 555 τὸ
1361 503 1575 574 μηχάνη
1586 517 1683 570 μα,
1701 500 1799 552 Τοῐ

1914 498 2075 568 pedes
2124 498 2365 559 «lucenti,
2414 496 2640 550 latitudo
2690 499 3102 571 quinquageni:
3142 502 3195 555 in
3249 504 3491 573 singulos

222 596 366 668 δῆτα
414 595 629 667 ἐρείπια
664 595 914 663 λέγεσθαι
968 594 1279 648 Βαϐυλῶνα.
1318 592 1619 647 Alexander
1649 589 1805 660 Poly-

226 689 409 743 histor
434 705 501 742 ex
529 688 857 757 Eupolemo:
882 686 1190 756 Εὐπόλεμος
1219 687 1275 739 δὲ
1310 689 1366 739 ἐν
1399 685 1477 754 τῷ
1509 685 1638 754 περὶ
1674 684 1803 736 Ἰου-

222 780 395 833 δαίων
431 779 532 848 τῆς
574 777 865 846 ’Δσσυρίας
905 779 1037 846 φησὶ
1083 776 1233 829 πόλιν
1264 776 1556 829 Βαϐυλῶνα
1592 774 1804 845 πρῶτον

228 872 336 941 μὲν
358 871 637 941 κτισθῆναι
663 871 767 923 ὑπὸ
781 871 888 923 τῶν
917 869 1287 922 διασωθέντων
1320 870 1383 920 ὲκ
1414 868 1508 920 τοῦ
1536 868 1805 920 κατακλυ-

227 960 394 1032 σμοῦ,
426 958 581 1013 εἶναι
626 960 683 1013 δὲ
717 962 912 1023 αὐτοὺς
948 962 1237 1029 γίγαντας,
1284 959 1585 1027 οἶκοδομεῖν
1620 958 1675 1009 δὲ
1713 958 1803 1010 τὸν

226 1052 610 1124 ἱστορούμενον
636 1052 860 1123 πύργον.
884 1038 1145 1115 Πεσόντος
1170 1053 1226 1105 δὲ
1252 1051 1439 1103 τούτου
1461 1050 1564 1101 ὑπὸ
1585 1050 1687 1119 τῆς
1708 1047 1801 1101 τοῦ

222 1142 365 1197 Θεοῦ
395 1144 692 1215 ἐνεργείας,
717 1145 843 1207 τοὺς
860 1134 1129 1213 ¹γίγαντας
1144 1143 1502 1213 διασπαρῆναι
1534 1142 1653 1195 καθ’
1676 1142 1801 1211 ὃλην

222 1236 328 1306 τὴν
342 1236 465 1305 γῆν.
492 1233 647 1290 Dictu
673 1237 808 1289 mira
843 1237 1023 1305 prodit
1051 1235 1412 1305 Hieronymus
1438 1236 1491 1288 in
1525 1251 1615 1287 xw
1638 1242 1801 1304 caput

226 1326 406 1382 Esaia:
456 1328 524 1382 de
576 1328 865 1383 altitudine
910 1328 1075 1399 hujus
1124 1330 1295 1383 turris
1343 1328 1413 1382 ad
1476 1328 1798 1381 miraculum

228 1434 428 1490 usque,
455 1436 615 1489 quem
646 1422 785 1475 vide.

297 1511 416 1566 Col.
445 1512 568 1577 755,
606 1513 700 1567 lin.
730 1512 819 1566 26.
861 1511 1149 1566 Ἀπειλῶν
1171 1512 1277 1564 τὸν
1310 1512 1477 1565 Θεόν.
1520 1510 1666 1574 Ideo,
1699 1510 1796 1573 ait,

221 1604 353 1658 illus
382 1604 629 1658 homines
655 1606 849 1659 turrim
877 1603 1195 1667 :edilicasse,
1216 1612 1275 1656 ut
1297 1612 1487 1656 contra
1510 1604 1793 1661 diluvium,

218 1696 393 1749 etiam
430 1696 534 1750 Deo
559 1696 799 1757 nolente,
846 1696 949 1751 sibi
1004 1697 1376 1750 consulerent.
1411 1694 1609 1749 Eadem
1639 1694 1795 1749 Jose-

221 1786 393 1856 phus,
422 1787 514 1841 lib.
547 1802 561 1841 ι
610 1788 895 1856 Antiquit.,
918 1788 1076 1857 cujus
1106 1787 1270 1842 verba
1300 1803 1465 1857 supra
1492 1789 1791 1858 posuimus.

219 1878 593 1950 Augustinus,
653 1879 749 1933 lib.
793 1896 880 1933 xv:
926 1880 1001 1933 De
1039 1880 1249 1935 civitate
1292 1880 1410 1949 Dei,
1440 1896 1563 1951 cap.
1610 1883 1664 1946 4,
1705 1901 1798 1938 ve-

220 1986 363 2026 sana
418 1972 496 2027 ait
524 1974 757 2042 quadam
789 1973 955 2027 animi
1006 1973 1262 2036 elatione,
1295 1989 1357 2027 ac
1406 1975 1715 2037 insolentia,
1746 1985 1797 2028 et

220 2062 495 2117 adversus
532 2062 701 2116 Deum
746 2064 1022 2134 impietate
1047 2062 1307 2119 Nemroth
1344 2064 1476 2118 illud
1507 2065 1797 2119 aedificium

218 2156 586 2221 exstruxisse,
612 2165 672 2209 ut
699 2164 890 2209 contra
923 2154 1091 2211 Deum
1124 2156 1228 2212 sibi
1256 2166 1473 2226 pararet
1496 2174 1800 2229 propugna-

217 2246 435 2308 culum,
462 2246 723 2316 illumque
752 2250 1184 2317 quotiescunque
1213 2248 1464 2303 libuisset
1495 2248 1796 2311 infestaret,

218 2348 393 2406 atque
418 2336 736 2402 oll‘enderet,
769 2339 1015 2395 aliialias
1042 2340 1317 2394 adducunt
1351 2355 1568 2395 causas.
1601 2340 1798 2396 Noster

221 2428 553 2484 Eustathius
587 2439 897 2501 utramque,
931 2442 987 2487 et
1006 2431 1251 2503 Iosephi,
1280 2443 1335 2487 et
1357 2431 1645 2503 Augustini
1672 2449 1802 2488 con-

218 2520 428 2588 iunxit,
460 2530 514 2575 et
557 2523 716 2591 quasi
754 2538 926 2597 .unam
958 2526 1239 2593 exposuit;
1288 2540 1390 2581 nec
1432 2526 1681 2580 homines
1721 2527 1798 2579 illi

220 2612 375 2664 aliud
396 2613 447 2665 in
476 2623 656 2667 mente
672 2613 1001 2669 habuerunt.
1022 2614 1367 2671 Soleutenim
1395 2618 1801 2685 prteteritisma-

222 2702 301 2754 lis
328 2702 530 2765 amicti,
555 2702 738 2758 futura
777 2705 961 2759 studio
986 2715 1211 2777 arteque
1239 2709 1563 2777 propellere,
1594 2724 1663 2762 ne
1712 2709 1796 2762 bis

221 2792 422 2845 iisdem
472 2793 722 2849 infestari
775 2797 1095 2868 contingat;
1136 2808 1189 2853 et
1228 2800 1357 2853 dum
1395 2808 1604 2854 natura:
1641 2799 1800 2855 donis

218 2885 476 2948 allluunt,
507 2886 723 2951 robore,
753 2888 979 2952 divitiis,
1005 2892 1439 2970 auctoritateque
1470 2893 1678 2961 stipati,
1716 2892 1800 2945 in-

220 2990 365 3029 sano
396 2991 533 3030 ausu
565 2976 779 3043 furere;
802 2986 857 3032 et
885 2994 1008 3033 eum
1031 2979 1144 3048 jam
1171 2980 1450 3033 hominum
1480 2997 1538 3035 se
1562 2997 1683 3036 esse
1707 2998 1800 3036 su-

220 3069 473 3139 periores
526 3071 920 3139 persenserint,
968 3081 1158 3126 contra
1209 3071 1377 3126 Deum
1425 3074 1794 3139 insolescere;

218 3160 443 3231 sibique
472 3176 655 3231 posse,
675 3162 1114 3254 quandoeunqne
1138 3163 1191 3217 id
1218 3164 1381 3217 fuerit
1404 3179 1561 3234 opus,
1586 3166 1656 3254 ab
1677 3166 1796 3233 eius
1824 3199 1866 3254 ο

218 3265 391 3303 manu
413 3264 605 3305 cavere
626 3252 872 3319 Opinati;
901 3252 1032 3320 quin
1057 3260 1111 3306 et
1140 3254 1387 3307 molestia
1411 3254 1560 3306 illum
1584 3252 1797 3307 allieere

218 3348 585 3410 praesumunt.
634 3340 678 3393 0
728 3342 1015 3395 ridiculam
1059 3342 1409 3396 industriam!
1441 3357 1473 3395 ο
1504 3341 1794 3395 nefandum

219 3430 505 3485 studium!
553 3446 587 3484 ο
635 3433 956 3485 sceleratam
987 3433 1431 3502 praevidentiam!
1469 3431 1559 3487 Na:
1593 3433 1694 3497 illi,
1742 3441 1797 3487 et

216 3523 423 3587 oculis,
453 3532 508 3576 et
540 3524 785 3588 auribus,
814 3532 869 3578 et
900 3526 1082 3579 animo
1107 3525 1235 3579 caeci
1270 3536 1416 3579 sunt.

296 3610 459 3677 lbid.,
492 3614 587 3666 lin.
630 3614 718 3667 51.
766 3614 827 3665 '0
863 3614 1008 3680 Θεὸς
1052 3614 1168 3683 τὴν
1210 3614 1541 3668 διάλεκτον.
1592 3614 1794 3685 Sibylla

218 3704 369 3774 apud
398 3703 726 3759 Eusebium:
765 3705 987 3758 Πάντων
1026 3705 1321 3776 ὁμοφώνων
1354 3706 1522 3759 ὄντων
1559 3706 1665 3760 τῶν
1702 3710 1797 3759 ἀν-

218 3794 484 3865 Θρὼπων,
516 3794 722 3865 πύργον
768 3780 1126 3866 ᾠκοδόμησάν
1172 3812 1315 3858 τινες
1346 3796 1696 3867 ὑψηλότατον,
1724 3796 1799 3859 ὡς

216 3887 319 3939 ἐπὶ
348 3886 436 3938 τὸν
473 3886 697 3955 οὐρανὸν
740 3885 1133 3955 ἀναϐησόμενοι
1163 3886 1228 3938 δι’
1258 3887 1441 3939 αὑτοῦ.
1482 3890 1543 3939 Οἱ
1576 3887 1633 3940 δὲ
1666 3887 1797 3950 θεοὶ,

220 3977 464 4046 ἀνέμους
500 3979 927 4049 ἐπιπέμψαντες,
964 3978 1262 4049 ἀνέτρεψαν
1304 3980 1396 4031 τὸν
1438 3979 1666 4049 πύργον,
1706 3980 1799 4031 καὶ

224 4070 369 4123 ἰδίαν
398 4069 609 4139 ἑκάστῳ
640 4070 819 4141 φωνὴν
843 4071 1067 4134 ἔδωκαν,
1092 4071 1184 4124 καὶ
1210 4070 1297 4123 διὰ
1320 4070 1476 4125 τοῦτο
1509 4071 1799 4124 Βαϐυλῶνα

222 4160 426 4231 συνέϐη
460 4160 723 4230 κληθῆναι
769 4160 866 4232 τὴν
906 4162 1077 4213 πόλιν.
1125 4160 1189 4213 Et
1238 4159 1513 4215 llestra'us
1543 4179 1554 4213 :
1582 4160 1701 4213 Τῶν
1744 4162 1798 4213 δὲ

222 4258 419 4330 ἱερέων
446 4262 569 4321 τοὺς
605 4258 985 4324 διασωθέντας,
1015 4261 1081 4314 τὰ
1112 4260 1204 4313 τοῦ
1245 4260 1519 4313 Ἐνυαλίου
1557 4259 1677 4321 Διὸς
1722 4261 1798 4310 is.»

222 4352 458 4423 ρώματα
489 4350 769 4415 λαϐόντας,
813 4355 890 4414 εἰς
928 4353 1167 4424 Σενναὰρ
1206 4353 1303 4421 τῆς
1340 4350 1682 4413 Βαϐυλωνίας
1716 4352 1800 4402 ἐλ-

220 4443 359 4495 Οεῐν.
386 4442 698 4494 Σκίδνανται
739 4443 802 4513 δὴ
831 4444 890 4495 τὸ
922 4444 1104 4496 λοιπὸν
1133 4443 1377 4495 ἐντεῦθεν
1414 4444 1517 4495 ὑπὸ
1539 4442 1637 4512 τῆς
1664 4442 1798 4510 ὁμο-

1912 592 2079 659 pedes
2111 600 2281 644 ternis
2307 590 2494 658 digitis
2523 606 2775 643 mensura
2803 592 3068 662 ampliore
3089 609 3252 661 quam
3280 602 3488 649 nostra.

1914 680 2006 732 Via
2043 683 2093 733 in
2130 680 2404 734 lltO‘Jlll-ills
2448 682 2581 749 ipsis
2631 690 2737 733 tam
2785 684 2888 734 lata
2966 693 3020 736 nt
3065 686 3349 755 quadriga!
3390 689 3494 741 sill

1908 772 2139 824 iuvit-em
2214 778 2571 824 occurrentes
2617 771 2776 824 facile
2826 778 3159 840 pertransirc
3223 785 3495 844 possent;

1905 862 2052 932 quod
2103 862 2389 931 Antipater
2438 863 2710 930 expressit
2757 879 2879 915 eum
2934 866 3227 935 ἐπίδρομον
3282 868 3495 937 ἅρμασι

1904 958 2083 1023 τεῖχος
2115 970 2329 1006 murum
2361 956 2748 1023 appellavit,ct
2772 952 3043 1023 Propcrt.,
3080 957 3172 1009 Ill).
3201 970 3259 1008 ιιι
3299 975 3312 1009 :

1978 1047 2046 1098 1ιί
2084 1046 2191 1097 dno
2222 1047 2274 1097 in
2310 1046 2588 1098 «(lcet-sum
2625 1047 2770 1097 misit
2808 1062 2899 1112 per
2930 1048 3120 1099 mu'nia
3157 1064 3349 1102 currus

2048 1115 2130 1168 Μ
2163 1128 2373 1183 possent
2416 1126 2559 1167 tacto
2590 1118 2849 1183 stringere
2889 1118 2952 1167 ab
2982 1134 3079 1169 α.ιέ
3115 1119 3281 1170 latus.

1905 1201 2039 1270 Ejus
2086 1204 2338 1255 coaditor
2389 1204 2639 1257 laudatur
2704 1203 2989 1268 Nemi-otii,
3034 1204 3292 1276 .lnsepho,
3337 1206 3432 1261 lib.
3470 1222 3489 1262 ι

1902 1295 2107 1365 Antiq.,
2126 1293 2372 1358 Zonarm,
2394 1295 2664 1361 Ccdreuo,
2685 1296 2839 1350 aliis:
2861 1297 3196 1362 Marcellino,
3218 1299 3310 1352 lib.
3328 1315 3490 1365 χχιιι,

1901 1383 2093 1451 Belus,-
2119 1383 2393 1454 Stephano
2422 1385 2661 1455 Baliilon
2696 1385 2833 1441 Medi
2863 1388 3009 1443 lilius
3039 1406 3051 1441 :
3079 1387 3331 1441 Βαϐυλὼν
3350 1390 3490 1461 llsp—

1902 1475 2029 1545 σικὴ
2058 1476 2230 1537 πόλις,
2263 1476 2613 1545 μητρόπολις,
2650 1475 2908 1529 Σελευκία
2945 1477 3249 1547 καλουμένη
3275 1517 3289 1541 ,
3324 1477 3489 1531 Batia—

1900 1568 2067 1630 λῶνος
2096 1562 2287 1637 ἀνδρὸς
2327 1568 2533 1638 κτίσμα
2570 1568 2921 1631 παλαίτατον,
2958 1564 3269 1637 ᾰοφωτὰτου
3300 1572 3487 1636 παιδὸς

1898 1659 2105 1729 Μήδου,
2139 1660 2255 1729 οὐχ,
2288 1659 2363 1722 ὡς
2398 1660 2820 1731 Ἡρόδοτος,ὑπδ
2851 1662 3249 1732 Σεμιράμιδος
3284 1666 3488 1735 ταύτης

1897 1744 2004 1814 γὰρ
2040 1742 2107 1815 ἦν
2148 1747 2478 1819 ἀρχαιοτέρα
2501 1749 2646 1801 ἔτεσι.
2679 1750 2868 1819 χιλίοις
2900 1750 3021 1818 δύο,
3073 1753 3148 1815 ὡς
3188 1752 3487 1824 Ἑρμίνιος.

1835 1850 1871 1901 Β
1902 1836 2155 1905 Plerique
2179 1839 2271 1890 alii
2301 1838 2714 1896 Semiramidem
2742 1852 3023 1911 parentem
3056 1845 3283 1901 faciunt.
3319 1846 3488 1901 Clau-

1899 1929 2119 1989 dianus,
2153 1930 2207 1997 in
2244 1928 2390 1983 Ruﬁ.
2422 1931 2517 1985 lib.
2558 1948 2575 1984 ι
2620 1947 2631 1981 :

1956 2012 2226 2095 '_C_red_itur
2248 2031 2296 2074 et
2333 2032 2537 2075 centum
2566 2025 2734 2091 portis
2764 2023 3041 2094 Babylona
3067 2028 3345 2095 superbam

1974 2089 2258 2144 Femineas
2289 2096 2549 2146 struxisse
2568 2089 2573 2091 “
2590 2095 2760 2147 labor.

1900 2178 1963 2232 Et
1990 2177 2237 2250 l’ropert.
2278 2181 2373 2235 lib.
2406 2196 2464 2235 ιιι
2490 2201 2501 2234 :

1969 2271 2257 2343 Persarum
2289 2276 2478 2327 statuit
2514 2274 2787 2343 Babylona
2813 2275 3125 2330 Semiramis
3160 2280 3341 2333 urbem

2046 2341 2114 2394 Ut
2145 2345 2369 2395 solidum
2402 2356 2547 2398 cocto
2579 2341 2778 2399 tolleret
2805 2364 2990 2416 aggere
3026 2364 3175 2416 opus.

1900 2428 1975 2484 De
2002 2429 2275 2501 Babylone
2296 2432 2417 2486 vide
2447 2434 2768 2503 plura.apud
2790 2436 3157 2489 Abrahamnm
3174 2435 3475 2492 Horteli'nn

1900 2520 1954 2571 in
1982 2512 2249 2574 Thesauro
2273 2524 2577 2591 geograph.,
2617 2522 2929 2577 Mattha‘um
2964 2524 3235 2580 Radernm
3261 2528 3313 2580 in
3345 2526 3486 2580 Mar-

1900 2611 2103 2677 tialem,
2139 2613 2232 2665 lib.
2269 2629 2305 2675 ι,
2336 2616 2496 2683 epist.
2536 2614 2587 2680 l;
2623 2613 2973 2679 Strabonem,
3007 2617 3098 2671 lib.
3131 2634 3254 2681 xvi;
3294 2616 3486 2673 Diode-

1900 2716 2019 2753 rum
2069 2701 2337 2769 Siculum,
2376 2706 2469 2757 lib.
2521 2721 2619 2771 Ill;
2660 2705 2959 2768 Iustinum,
3018 2709 3109 2761 lib.
3148 2725 3184 2774 ι,
3216 2709 3483 2764 Joannem

1901 2790 2170 2846 Bodinum
2206 2796 2261 2847 in
2314 2797 2648 2865 Compeudio
2692 2798 2976 2864 historico,
3032 2797 3381 2869 Rodiginum,
3429 2809 3485 2853 ot

1903 2884 2060 2938 alios.
2091 2883 2253 2938 Plura
2283 2901 2383 2940 nos
2411 2887 2537 2941 item
2566 2887 2892 2942 notabamus
2924 2890 3127 2944 nostris
3152 2891 3205 2943 in
3238 2888 3485 2944 Philonis

1902 2971 2146 3042 Byzantii
2171 2974 2237 3029 de
2254 2985 2458 3046 septem
2473 2975 2623 3029 orbis
2639 2978 2968 3046 spectaculis
2981 2978 3240 3042 libellum,
3269 2982 3453 3050 elegau
3466 3010 3485 3020 -

1901 3066 2171 3120 tissimum
2210 3066 2356 3121 illum
2392 3067 2633 3137 quidem,
2658 3068 2724 3121 de
2750 3066 3024 3140 Babylone
3054 3078 3106 3123 et
3143 3070 3261 3138 ejus
3287 3072 3480 3125 muris.

1969 3180 2131 3242 lbid.,
2185 3181 2283 3235 lin.
2339 3180 2428 3234 36.
2464 3182 2761 3247 Ἕκαστος
2812 3184 2961 3252 γοῦν
3018 3183 3151 3249 τήν.
3216 3182 3478 3239 Distinet.-

1899 3272 2192 3325 admodum
2241 3282 2429 3327 noster
2459 3272 2781 3329 Eustathius
2821 3277 3200 3330 successiones
3246 3276 3480 3330 filiorum

1897 3363 2010 3416 Noe
2056 3363 2425 3432 prosequitur,
2460 3373 2513 3418 et
2564 3373 2721 3418 terrze
2753 3364 3100 3419 divisionem.
3145 3366 3208 3419 lli
3243 3382 3480 3436 namque

1896 3452 2141 3506 oumium
2191 3451 2472 3505 hominum
2525 3464 2779 3521 parentes
2832 3457 3025 3507 merito
3071 3456 3176 3509 diei
3226 3466 3481 3524 possunt,

1897 3558 2020 3597 cum
2055 3540 2251 3611 reliqui
2282 3556 2548 3611 aquarum
2592 3543 2682 3596 illa
2712 3544 3071 3599 inundatione
3100 3546 3388 3613 nbiisscnt,
3422 3555 3480 3601 ct

1898 3650 1964 3687 ex
1998 3634 2083 3689 his
2127 3640 2443 3687 nostrorum
2482 3635 2726 3688 omnium
2759 3646 2918 3689 ortus
2962 3637 3343 3705 agnoscendus
3370 3648 3478 3694 est.

1902 3722 2001 3777 Per
2027 3738 2218 3778 omnes
2241 3724 2385 3778 enim
2420 3724 2609 3779 mundi
2656 3735 2840 3794 partes
2870 3726 3050 3780 dill‘usi
3086 3744 3257 3797 genus
3290 3730 3483 3783 huma-

1901 3830 2029 3867 num
2064 3825 2450 3884 prepagarunt,
2481 3831 2690 3887 suaque
2720 3820 2955 3887 posteris
2985 3821 3207 3873 nomina
3259 3820 3482 3875 immor-

1900 3907 2147 3969 talitatis,
2173 3914 2226 3959 et
2257 3907 2531 3959 memoriae
2568 3922 2698 3975 ergo
2731 3908 3175 3962 transmiserunt.

1970 3996 2131 4061 lhid.,
2179 3997 2274 4050 liti.
2322 3998 2413 4051 41.
2462 3996 2583 4051 Τῶν
2619 3999 2924 4067 Ἑλλήνων
2969 4000 3138 4067 μετά.
3174 3998 3297 4053 llaec
3346 4015 3482 4055 sane

1901 4088 2003 4143 fuit
2042 4088 2353 4142 Graecorum
2403 4091 2740 4157 prastantia,
2779 4090 2889 4142 hmo
2921 4091 3114 4153 virtus,
3165 4091 3298 4144 solis
3343 4092 3480 4159 ipsis

1899 4194 2184 4243 concessa,
2226 4180 2488 4248 denegata
2537 4181 2769 4247 caeteris,
2802 4190 2859 4232 ut
2906 4190 3117 4250 reperta
3157 4181 3225 4235 ah
3268 4182 3479 4235 aliisin

1901 4268 2176 4323 meliorem
2232 4268 2440 4339 frugem
2492 4271 2836 4335 reducerent,
2885 4271 3076 4324 mutila
3115 4272 3479 4341 perlicerent,

1900 4357 2127 4415 confusa
2160 4361 2573 4427 distribuerent,
2614 4376 2806 4415 manca
2836 4363 3173 4431 supplerent,
3204 4363 3477 4432 superﬂua

1901 4452 2213 4519 demerent;
2241 4468 2349 4506 non
2374 4454 2625 4519 barbare,
2653 4470 2763 4510 non
2798 4456 3134 4518 indistincte,
3154 4455 3247 4510 sed
3272 4456 3478 4523 optima

218 4534 497 4601 γλωσσὶας
522 4532 619 4595 τὰς
672 4534 941 4593 συνοικίας
974 4534 1326 4602 ποιησάμενοι
1363 4530 1658 4601 πανταχοῦ,
1703 4531 1797 4582 καὶ

1904 4544 2179 4607 methodo,
2210 4545 2579 4613 pulcherrimo
2608 4544 2845 4614 eloquio,
2872 4554 2923 4597 et
2954 4546 3237 4615 aptissima
3269 4546 3478 4597 oratiu-

218 4627 331 4695 γῆν
363 4625 581 4677 ἕκαστοι
610 4624 1013 4692 κατελάμϐανον
1047 4626 1141 4694 τὴν
1172 4623 1514 4693 ἐντυχοῦσαν.

300 4715 459 4780 lhid.,
493 4718 586 4768 lin.
620 4715 707 4769 '55.
734 4715 857 4773 Κάλι
888 4717 1103 4767 τούτου
1130 4720 1161 4768 ὁ
1194 4717 1279 4769 τό.
1314 4715 1677 4783 Augustinus,
1722 4714 1799 4768 De

219 4810 437 4864 civitate
476 4806 588 4870 Dei,
622 4808 715 4860 lib.
746 4821 858 4866 XVI,
892 4822 1012 4875 cap.
1042 4807 1099 4860 ιιι
1127 4806 1239 4860 Ista
1266 4807 1451 4860 civitas
1472 4823 1587 4875 qua:
1617 4806 1797 4874 appel-

222 4904 341 4954 lata
364 4908 441 4953 est
471 4898 727 4966 confusio,
760 4899 873 4965 ipsa
901 4907 978 4949 est
1011 4897 1270 4968 Babylon,
1311 4899 1461 4967 cujus
1504 4898 1796 4949 mirabilem

217 4989 667 5045 constructionem
714 4987 944 5057 gentium
989 4989 1144 5039 etiam
1189 4986 1515 5040 commendat
1550 4988 1792 5040 historia.

218 5082 467 5151 Babylon
482 5082 664 5150 quippe
691 5081 1066 5146 interpretatur
1082 5080 1352 5134 c0ul‘usio.
1376 5079 1437 5132 Et
1464 5079 1755 5148 Abydenus
1779 5095 1791 5129 :

234 5176 296 5227 ’0
327 5173 383 5225 δὲ
410 5173 569 5236 τόπος
599 5174 656 5224 ὲν
680 5165 724 5238 ᾧ
755 5170 844 5221 τὸν
874 5170 1079 5239 πῦργον
1106 5163 1476 5240 ᾠκοδόμησᾶν,
1499 5170 1591 5222 νῦν
1626 5171 1798 5221 Βαϐυ-

219 5265 336 5319 λὼν
364 5265 607 5316 καλεῖται
640 5262 727 5315 διὰ
757 5262 855 5331 τὴν
899 5261 1155 5329 σύγχυςιν
1214 5262 1305 5314 τοῦ
1340 5263 1466 5334 περὶ
1497 5264 1594 5331 τὴν
1622 5261 1797 5313 διαλε-

220 5374 359 5410 κτον
394 5356 608 5426 πρῶτον
652 5352 933 5423 ἐναργοῦς.
968 5352 1203 5422 Ἑϐραῖοι
1249 5355 1356 5423 γὰρ
1398 5353 1495 5423 τὴν
1540 5353 1797 5421 σύγχυσιν

224 5447 395 5520 βαϐὲλ
428 5448 700 5500 καλοῦσιν.
732 5446 861 5497 Eam
907 5454 1158 5497 actui-ate
1191 5446 1507 5500 describunt
1551 5443 1796 5496 llerodo-

223 5550 341 5604 tus,
372 5540 467 5593 lib.
502 5540 823 5606 I;Curtius.
872 5538 963 5591 lib.
1009 5553 1077 5601 v;
1126 5536 1491 5591 Philostratus
1521 5553 1555 5589 ι.
1590 5536 1796 5590 Pausa-

222 5633 350 5685 nias
385 5630 553 5683 tradit
593 5632 835 5684 oumium
867 5643 1028 5697 quam
1059 5642 1298 5695 unquam
1334 5629 1414 5681 sol
1461 5629 1669 5696 aspexit
1703 5644 1797 5680 ur-

223 5724 377 5779 bium
399 5725 727 5790 maximam;
753 5722 892 5776 muri
912 5722 1172 5774 ambitum
1194 5720 1379 5773 habuit
1402 5722 1794 5783 trecentorum,

220 5825 279 5873 et
311 5817 587 5890 octoginta
614 5818 855 5888 quinque
903 5814 1241 5881 stadiorum;
1290 5827 1523 5883 quorum
1567 5812 1796 5869 altitudo

1898 4636 1987 4690 nis
2020 4644 2330 4703 structura;
2364 4637 2533 4691 multa
2560 4638 2721 4691 etiam
2760 4637 3209 4707 ipsiinvenirent,
3243 4650 3363 4707 qua:
3399 4637 3477 4690 ita

1898 4726 2241 4795 perlicerent,
2282 4735 2341 4780 ut
2370 4742 2531 4782 nemo
2562 4729 2645 4782 vel
2680 4729 2747 4783 iis
2781 4728 2981 4798 aptius,
3014 4728 3096 4782 vel
3128 4728 3477 4781 conunodius

1899 4816 2080 4871 dicere
2117 4818 2374 4885 potuerit.
2416 4818 2558 4883 Quid
2584 4820 2799 4888 gannis,
2850 4827 2901 4872 et
2931 4819 3165 4872 blateras
3200 4818 3476 4885 ineptissi-

1899 4919 2021 4958 mus
2047 4906 2209 4971 Anni,
2240 4906 2305 4960 iis
2330 4921 2425 4975 per
2454 4922 2595 4976 quos
2626 4908 2959 4976 profeceras,
2994 4909 3037 4960 si
3068 4908 3195 4975 quid
3233 4922 3473 4974 unquam

1899 4995 1954 5048 in
1988 4996 2185 5051 litteris
2240 4997 2545 5066 profecisti,
2586 5000 2788 5054 rustice
2835 5001 3081 5068 ingratus
3106 4999 3127 5049 ?
3150 4996 3203 5050 Si
3235 4996 3407 5050 Graeci
3442 5000 3475 5049 ii

1899 5095 2047 5152 sunt,
2083 5103 2219 5157 quos
2264 5098 2319 5142 tu
2351 5090 2617 5153 somnias,
2650 5091 2780 5159 quid
2823 5100 2899 5142 tot
2932 5090 3239 5160 vigiliarum
3274 5088 3328 5141 in
3365 5088 3477 5142 illis

1898 5179 2283 5238 elucubrandis
2354 5183 2729 5250 nugamenta?
2758 5180 2897 5246 Quid
2939 5189 3012 5233 tot
3054 5188 3346 5248 congestas
3392 5180 3481 5233 in-

1899 5272 2073 5337 eptias
2105 5269 2311 5322 insulse
2345 5270 2648 5339 impendis?
2682 5272 2822 5336 Quid
2853 5273 2905 5323 in
2938 5272 3043 5323 illis
3066 5270 3478 5324 commentariis

1900 5360 2239 5413 illustrandis
2284 5374 2502 5429 Operam
2540 5361 2760 5429 perdis?
2793 5361 2883 5415 Nec
2935 5371 2990 5413 tu
3034 5377 3137 5413 una
3179 5376 3301 5413 cum
3345 5360 3471 5422 illis,

1899 5468 2036 5520 quos
2073 5450 2269 5504 studiis
2322 5451 2543 5513 adoras,
2585 5453 2765 5521 lingua
2814 5454 2995 5521 iniqua
3029 5453 3369 5520 impudenter
3396 5451 3476 5504 la-

1900 5558 2075 5601 ceras,
2110 5542 2199 5593 'vel
2237 5543 2499 5604 insanire,
2532 5542 2613 5595 vel
2647 5544 2831 5603 Iallax,
2862 5551 2913 5595 et
2948 5543 3211 5609 itnpnslnr
3237 5555 3358 5593 esse
3386 5539 3480 5595 tie.

1900 5632 2250 5703 prehenderis
2274 5634 2284 5683 !
2324 5631 2493 5685 Graeci
2522 5642 2667 5694 sunt,
2702 5649 2840 5701 quos
2866 5635 2979 5701 ipse
3008 5632 3174 5685 duces
3203 5632 3472 5699 sequeris,

1901 5732 1947 5777 et
1989 5740 2053 5778 eo
2083 5725 2191 5777 illis
2237 5725 2563 5792 perversior,
2606 5725 2749 5793 quod
2795 5740 2919 5777 cum
2952 5739 3047 5777 eos
3086 5731 3342 5792 lanqttam
3373 5724 3476 5776 iri-

1900 5824 2150 5886 pastores
2198 5830 2445 5882 accuses,
2482 5830 2672 5870 eorum
2719 5822 2901 5871 tamen
2951 5814 3195 5881 vestigiis
3239 5816 3475 5871 insistis.
