4058 6330
139 365 250 436 991

1227 370 1294 424 IN
1337 362 1705 424 EUSTA'I'IIII
1742 361 2216 420 IIEXAEIIEBON
2245 362 2475 422 NOTAE.

137 510 455 567 relymum,
503 510 569 550 ex
610 492 855 548 Hebraeis
888 489 1183 560 Iosephum
1209 532 1223 556 ,
1264 497 1320 544 et
1357 503 1422 543 ex
1455 484 1726 541 Chaldaeis
1753 485 1800 542 A
1830 480 2126 552 Scriptura:
2165 485 2284 540 loca
2321 484 2461 540 bene
2509 483 2945 546 considerantur,
2983 481 3144 537 aliam
3180 490 3399 554 gentem

136 587 427 644 Berosum.
482 585 780 642 Eusebium
828 585 944 638 scio
980 581 1229 637 Graecum
1276 583 1496 636 natione
1525 578 1716 642 fuisse,

135 679 392 735 Gracum
420 680 529 733 late
559 689 777 746 sumpto
800 676 1084 739 vocabulo,
1111 674 1407 743 Graeceque
1428 671 1719 742 scripsisse

135 771 575 840 Hieronymum;
612 767 709 823 sed
751 775 871 823 esto
930 767 1187 830 Latinus;
1233 764 1535 835 Ioscplium
1589 765 1718 817 reli-

135 862 306 932 gione
341 861 613 927 Iudaeum,
671 861 974 930 scriptione
1023 859 1294 914 Graecum.
1349 856 1444 912 Sat
1475 857 1630 920 bene,
1663 865 1717 910 at

135 951 416 1010 Eusebius
445 950 720 1022 quomodo
749 949 1016 1005 Latinus?
1043 952 1124 1005 An
1157 951 1287 1021 quia
1310 951 1423 1018 ipse
1455 963 1579 1003 eum
1615 948 1717 1000 La-

135 1047 317 1100 tinum
345 1044 580 1114 legerit?
607 1043 704 1097 sed
739 1043 866 1113 legit
895 1051 948 1097 et
971 1042 1225 1097 Latinum
1253 1041 1549 1110 Iosephum
1581 1043 1714 1109 (non

134 1136 287 1190 enim
336 1134 478 1187 tanti
538 1132 642 1186 fuit
687 1134 774 1188 hic
820 1144 1014 1187 auctor
1062 1142 1121 1187 ut
1160 1134 1378 1189 Grzecos
1438 1143 1723 1196 auctores,

134 1224 328 1280 Graace
360 1224 649 1293 loquentes
685 1225 1034 1292 percurrerit.
1066 1232 1125 1276 ut
1161 1225 1366 1292 passim
1412 1223 1599 1278 videre
1630 1231 1715 1278 est

134 1319 192 1371 in
218 1317 326 1371 hoc
357 1316 657 1385 libello),et
689 1314 942 1369 Latinum
975 1316 1261 1380 Berosum,
1294 1331 1395 1370 nec
1424 1325 1604 1369 tamen
1632 1317 1716 1369 in-

68 1415 70 1418 ’
131 1416 219 1463 ter
251 1408 475 1463 Latinos
509 1417 851 1463 annumerat.
903 1409 961 1463 Si
1012 1409 1196 1479 itaque
1229 1425 1342 1463 non
1396 1411 1713 1480 scriptione,

131 1499 230 1556 sed
260 1510 456 1556 natura
485 1509 538 1556 et
570 1504 678 1556 ritu
705 1518 877 1573 genus
903 1501 1102 1556 Tarafa
1131 1503 1416 1573 dijudicat,
1445 1502 1714 1559 Eusebius

133 1595 242 1646 erit
277 1592 517 1649 Graecus.

205 1683 328 1738 Col.
360 1684 487 1747 753,
523 1686 616 1738 lin.
653 1687 742 1739 52.
767 1689 986 1756 Γαμερ,
1012 1685 1180 1752 ὅστις
1197 1687 1509 1755 Γαμαρεῒς.
1545 1688 1714 1742 Chro-

133 1776 294 1830 nicon
336 1776 756 1831 Alexandrinum
796 1780 1077 1844 Κελκαῖοι,
1098 1778 1388 1842 Eusebius,
1414 1780 1710 1833 Καππάδο-

1824 581 1877 629 et
1916 574 2190 630 nationem
2220 575 2479 638 innuunt,
2511 590 2674 646 quam
2714 591 2836 631 eam
2883 575 2951 630 ad
3000 589 3169 645 quam
3213 575 3402 628 omnia

1822 665 1911 720 isti
1948 664 2056 719 duo
2098 675 2354 722 auctores
2395 665 2657 722 referunt.
2694 667 2884 738 Populi
2932 681 3171 738 namque
3212 667 3403 722 Ibero-

1822 771 1942 809 rum
1972 767 2129 811 erant
2161 757 2215 811 in
2246 758 2376 828 Asia
2412 757 2623 810 nationi
2650 757 2951 828 Chalybum
2981 758 3184 816 vicina,
3209 754 3402 826 ibique

1821 864 1990 903 vcuas
2018 813 2320 914 metallicis
2347 850 2855 921 perscrutahautur.
2891 848 3025 904 Nam
3058 857 3114 903 et
3147 847 3399 904 Ezechiel

1823 941 2056 994 collocat
2111 941 2324 995 Thubal
2356 943 2440 1003 ~in
2512 942 2964 1010 septentrionem.
3015 940 3268 997 Justinus
3295 940 3394 995 lib.

1823 1041 2097 1101 postremo
2156 1033 2346 1087 scribit
2401 1032 2674 1104 Chalybes
2723 1033 2780 1086 in
2816 1034 3133 1101 Hispaniam
3159 1033 3396 1096 venisse,

1823 1134 1882 1176 ut
1934 1122 2196 1178 credibile
2228 1124 2300 1177 sit
2351 1123 2500 1180 illius
2547 1124 2797 1178 homines
2851 1126 3170 1193 quaesivisse
3227 1138 3397 1180 venas

1821 1215 2140 1280 metallicas,
2173 1222 2227 1269 et
2254 1216 2308 1269 in
2344 1217 2474 1270 aliis
2517 1217 2700 1271 terris.
2743 1214 3037 1278 Eusebius,
3085 1215 3292 1278 Θωόὲλ,
3335 1215 3397 1282 ιε

1819 1300 1881 1359 οὗ
1911 1305 2188 1359 Θετταλοί.
2222 1305 2517 1361 Chronicou
2554 1307 2998 1370 Alexandrinum,
3027 1306 3213 1369 Θοὸὲλ,
3245 1305 3304 1373 ἐξ
3332 1293 3399 1360 οδ

1821 1398 2156 1450 Μακουακοί.
2211 1399 2309 1454 His
2359 1414 2460 1454 nec
2508 1398 2720 1455 Annius
2755 1413 2857 1454 nec
2907 1397 3106 1452 Taral'a
3152 1397 3394 1452 animum

1821 1488 2192 1543 adverterunt.

1891 1578 2052 1643 Ibid.,
2108 1579 2204 1631 lin.
2260 1578 2347 1631 57.
2409 1576 2588 1644 Ὁσὸχ
2617 1577 3060 1647 Μεσχηναίους.
3102 1573 3393 1644 Iosephus,

1820 1669 1930 1720 Kal.
1958 1669 2215 1738 Μεσχινοὶ
2244 1668 2301 1721 δὲ
2336 1669 2440 1721 ὑπὸ
2468 1669 2686 1738 Μέσχου
2720 1667 3048 1728 κτισθέντες.
3097 1664 3394 1718 Καππάδο-

1818 1777 1912 1824 κες
1948 1761 2044 1831 μὲν
2076 1761 2183 1830 γὰρ
2205 1761 2328 1832 ἄρτι
2361 1761 2688 1832 κέκληνται,
2721 1763 2818 1832 τῆς
2854 1761 2910 1813 δὲ
2950 1759 3178 1829 ἀρχαίας
3213 1754 3396 1810 αὐτῶν

133 1884 250 1932 κες.
301 1869 436 1922 Cum
485 1869 773 1925 Eustathio
820 1880 904 1926 est
927 1841 1196 1940 Iosephus
1238 1841 1383 1926 lib.
1423 1872 1709 1941 Antiquit.,

1816 1850 2184 1921 προσηγορίας
2223 1854 2445 1920 σημεῖον
2478 1851 2770 1904 δείκνυται.
2807 1850 2968 1913 Πόλις
2990 1851 3098 1920 γάρ
3123 1852 3238 1902 ἐστι
3265 1847 3393 1922 παρ’

133 1977 255 2031 cap.
289 1963 323 2015 7
361 1982 372 2018 :
413 1965 549 2028 Τοὺς
604 1965 702 2035 μὲν
746 1966 855 2036 γὰρ
901 1965 994 2019 νῦν
1045 1968 1134 2035 ὑφ’
1181 1966 1442 2037 Ἐλλήνων
1471 1966 1713 2030 Γαλάτας

131 2052 538 2123 καλουμένους,
604 2055 870 2126 Γομαρεῖς
926 2057 982 2109 δὲ
1042 2056 1385 2125 λεγομένους,
1469 2058 1713 2128 Γομαρὸς

134 2141 340 2194 ἔκτισε.
378 2142 460 2195 Ab
495 2143 597 2196 hoc
629 2153 779 2198 ortos
826 2160 947 2198 esse
996 2144 1336 2209 Cimmerios,
1379 2147 1472 2214 qui
1523 2159 1711 2216 postea

135 2231 344 2286 Cimbri
376 2234 507 2287 dicti
537 2245 666 2289 sunt
696 2236 915 2303 quidam
941 2237 1274 2300 existimant,
1311 2247 1362 2292 et
1389 2238 1713 2294 Cimmerios

145 2323 319 2379 fuisse
377 2332 521 2377 uitra
576 2324 865 2380 Thraciam
917 2327 1062 2382 circa
1119 2327 1426 2384 Mmotidem
1460 2331 1709 2398 paludem

135 2416 374 2483 probant
410 2431 475 2469 ex
509 2431 628 2486 cap.
678 2433 886 2471 xxxvm
920 2418 1238 2483 Ezechielis,
1281 2421 1373 2490 qui
1408 2421 1606 2475 Gomer
1655 2430 1710 2476 et

132 2503 398 2575 Iogorma
426 2507 594 2562 latera
623 2523 744 2564 esse
775 2508 1062 2578 Aquilonis
1094 2514 1305 2566 scribit.

205 2593 372 2660 Ibid.,
419 2597 514 2650 lin.
560 2597 647 2651 54.
691 2598 868 2669 Ἀγὼτ
904 2602 1224 2672 Mart-363m.
1265 2602 1555 2673 Iosephus,
1587 2607 1710 2659 Ma-

134 2684 320 2757 γώγης
354 2687 412 2741 δὲ
458 2691 582 2752 τοὺς
637 2691 727 2743 ὑπ’
779 2692 942 2745 αὑτοῦ
989 2694 1266 2762 Μαγώγας
1317 2695 1712 2766 ὀνομασθέντας

135 2776 336 2847 ᾤκισε,
394 2778 604 2840 Σκύθας
657 2780 714 2832 δὲ
763 2782 852 2832 ὑπ’
886 2782 1065 2835 αὐτῶν
1116 2787 1706 2855 προσαγορευομένους.

136 2864 429 2930 Eusebius,
481 2869 540 2932 ἐξ
593 2864 653 2923 οὗ
705 2871 918 2934 Κελτοὶ,
965 2874 1058 2924 καὶ
1102 2873 1354 2928 Γαλάται.
1415 2875 1709 2930 Chronicon

134 2956 582 3022 Alexandrinum,
614 2957 674 3022 ἐξ
703 2953 763 3012 οὗ
807 2961 1145 3031 Ἀκυρτανοί.
1182 2962 1406 3019 Gentem
1434 2966 1574 3020 hanc
1599 2967 1710 3020 Ma-

133 3063 395 3118 gogorum
450 3048 698 3103 Ezechiel
756 3055 1229 3120 septentrionalem
1286 3072 1408 3111 esse
1461 3059 1599 3112 diett
1656 3067 1710 3113 et

133 3141 374 3194 externis
419 3143 754 3211 temporibus
799 3145 904 3199 late
955 3154 1286 3201 vastaturam
1331 3151 1517 3214 Israel,
1565 3143 1707 3208 unde

135 3244 242 3282 non
265 3225 538 3284 immerito
571 3230 850 3302 Scythiam
883 3251 1006 3290 esse
1049 3246 1236 3290 noster
1279 3236 1596 3294 Eustathius
1624 3242 1704 3294 al"-

133 3321 333 3375 Iirmat.
383 3320 709 3392 Scytharum
746 3325 931 3393 plures
979 3329 1228 3382 nationes
1273 3336 1328 3382 et
1371 3345 1560 3384 eorum
1606 3349 1706 3386 no-

134 3415 280 3466 mina
313 3414 436 3469 vide
468 3416 609 3484 apud
628 3417 994 3470 Abrahamum
1017 3420 1316 3475 Hortelium
1348 3422 1402 3474 in
1437 3423 1704 3478 Thesauro

135 3499 498 3566 geographica.
551 3499 748 3553 Strabo
783 3502 991 3563 scribit,
1021 3504 1114 3555 lib.
1151 3520 1188 3566 ι,
1220 3519 1412 3558 omnes
1457 3508 1704 3576 cognitas

138 3592 390 3658 regiones
439 3607 632 3646 versus
677 3596 1097 3662 septentrionem
1131 3609 1242 3646 uno
1273 3597 1425 3663 prius
1460 3598 1702 3663 nomine,

137 3682 216 3735 vel
249 3680 504 3754 Scythas,
547 3685 630 3739 vel
661 3693 721 3737 ut
748 3686 816 3739 ab
847 3687 1084 3738 Homero
1109 3684 1379 3741 Nomades
1406 3690 1706 3758 appellatas

136 3772 282 3829 idem
305 3778 522 3831 videtur
551 3793 818 3841 asserere,
851 3788 905 3833 et
941 3781 975 3832 ι.
1018 3795 1075 3832 ιι.

201 3867 361 3933 Ibid.,
394 3869 491 3922 lin.
521 3869 610 3924 55.
655 3869 818 3924 Ἀδαϊ
841 3871 1162 3937 Μαδαίους.
1187 3870 1476 3943 Iosephus,
1508 3872 1627 3926 Τῶν
1651 3874 1707 3927 δὲ

149 3957 357 4026 Ἰάφθου
396 3961 599 4014 παίδων
637 3962 872 4016 Ἰαυάνου
905 3963 997 4016 καὶ
1047 3965 1252 4017 Μάδου.
1294 3965 1426 4017 Ἀπὸ
1471 3966 1567 4035 μὲν
1611 3983 1704 4018 του

135 4050 362 4103 Μαδαῖοι
396 4054 695 4120 γίγνονται,
744 4055 896 4117 ἔθνος
941 4056 970 4107 ὃ
1022 4058 1156 4127 πρὸς
1216 4057 1485 4127 Ἐλλήνων
1532 4060 1705 4127 Μῆδοι

137 4141 442 4213 κέκληνται.
469 4144 754 4210 Eusebius,
779 4147 838 4210 ἐξ
865 4143 925 4200 οὗ
951 4147 1139 4216 Μῆδοι.
1167 4147 1462 4202 Chronico"
1482 4151 1708 4204 Alexan-

137 4234 366 4295 drinum,
395 4234 578 4287 Μαδαῒ
604 4237 662 4300 ἐξ
687 4231 749 4289 οὗ
781 4238 1088 4308 Βρεττανοί.
1120 4239 1256 4292 Medi
1302 4255 1490 4296 versus
1529 4244 1707 4296 orien-

137 4335 243 4381 tem
289 4331 566 4398 progressi
595 4340 741 4398 sunt,
778 4347 911 4400 gens
945 4332 1147 4385 nobilis
1171 4340 1224 4386 et
1255 4331 1406 4387 dives
1453 4334 1500 4387 si
1532 4333 1706 4389 Hero-

138 4417 283 4484 doto,
338 4418 708 4488 Xenophonti,
761 4423 992 4494 aliisque
1042 4424 1400 4493 scriptoribus
1433 4423 1568 4480 [ides
1605 4426 1707 4480 ba-

139 4511 310 4567 benda
337 4522 444 4568 est.

203 4605 339 4659 Ibid.
377 4606 568 4660 Ἰουὰν
609 4609 846 4666 Ἰωνίαν.
882 4611 1173 4681 Iosephus,
1220 4612 1351 4664 Ἀπὸ
1377 4611 1432 4663 δὲ
1448 4611 1704 4666 ’Ἰαυάνου

149 4700 318 4753 Ἰωνία
367 4700 463 4753 καὶ
508 4701 709 4763 πάντες
754 4702 1011 4772 Ἕλληνες
1056 4704 1360 4771 γεγόνασιν.
1415 4701 1704 4768 Eusebius,

150 4789 350 4855 Ἰωυὰν,
387 4789 449 4855 ἐξ
502 4783 564 4842 οὗ
612 4791 870 4862 Ἕλληνες
921 4795 1016 4845 καὶ
1068 4795 1116 4844 οἱ
1151 4793 1351 4853 Ἴωνες.
1411 4789 1705 4844 Chronicon

140 4881 577 4942 Alexandrinum,
621 4881 781 4933 Ἰωυὰ
810 4880 1031 4945 Σπάνοι,
1058 4884 1104 4934 οἱ
1136 4883 1227 4935 καὶ
1257 4882 1559 4951 Τυράννιοι.
1599 4883 1708 4949 Ap-

140 4974 428 5042 pellatione
456 4972 654 5026 Ionum
676 4975 1064 5042 comprehendi
1097 4973 1317 5028 Graecos
1349 4972 1518 5026 ﬁrmis
1553 4974 1708 5026 testi-

140 5069 334 5123 moniis
366 5068 586 5138 probari
627 5074 804 5136 potest
833 5082 900 5121 ex
931 5067 1173 5134 Daniele,
1210 5083 1334 5120 cum
1367 5065 1706 5120 eversionem

139 5162 286 5229 regni
336 5161 630 5215 Persarum
683 5157 852 5212 Iavan
898 5161 1159 5226 nominet,
1204 5168 1258 5213 et
1309 5167 1487 5228 potest
1538 5157 1705 5211 etiam

140 5256 487 5322 profanorum
522 5253 849 5321 scriptorum
881 5255 1204 5307 auctoritate
1233 5251 1561 5307 conﬁrmari.

207 5344 366 5406 Ibid.,
405 5346 502 5398 litt.
536 5343 621 5396 56.
673 5342 833 5394 Ὀϐὲλ
867 5345 1211 5408 Θεοόέλους.
1238 5342 1531 5410 Iosephus,
1560 5345 1706 5395 Κατ-

141 5436 325 5499 οικίζει
377 5438 433 5489 δὲ
498 5437 591 5488 καὶ
638 5435 908 5503 Θοϐήλους
953 5435 1213 5503 Θόΰηλος,
1264 5436 1459 5494 οἵτινες
1494 5437 1550 5486 ἐν
1597 5438 1708 5496 τοῖς

144 5527 234 5582 νῦν
264 5531 480 5602 Ἴϐηρες
505 5529 814 5582 καλοῦνται.
840 5527 1092 5581 Pluribus
1123 5530 1171 5581 id
1208 5531 1437 5597 probare
1464 5529 1710 5579 nituntur

146 5620 372 5683 Annius,
403 5631 457 5674 et
488 5621 706 5679 Tui-ala,
738 5636 803 5672 ex
834 5619 1162 5687 quibusdam
1204 5619 1391 5671 Iberia:
1427 5619 1706 5686 civitatum

148 5715 452 5769 nominibus
484 5714 716 5782 sumptis
747 5711 1104 5780 argumentis.
1149 5726 1310 5780 quem
1354 5719 1406 5764 et
1440 5711 1711 5778 Hispano-

151 5817 264 5864 rum
295 5811 525 5880 primum
579 5822 757 5877 regem
797 5805 1158 5861 constituunt.
1203 5801 1402 5858 Verum
1443 5802 1489 5858 si
1540 5817 1709 5856 sacrae

1817 1941 2000 2002 αὐτοῖς
2039 1939 2117 1992 ἔτι
2151 1941 2245 1993 καὶ
2278 1939 2372 1994 νῦν
2419 1941 2658 2004 Μάζακα
2707 1940 2942 2010 δηλοῦσα
2988 1943 3099 2002 τοῖς
3154 1938 3392 1994 συνιέναι

1813 2033 2126 2102 δυναμένοις
2159 2032 2300 2086 οὕτω
2325 2034 2453 2085 ποτὲ
2486 2034 2921 2104 προσαγορευθὲν
2957 2035 3017 2085 τὸ
3047 2033 3219 2096 ἔθνος.
3283 2031 3393 2087 Eu-

1815 2123 2019 2185 sebius,
2068 2123 2273 2192 Μεσὸχ,
2317 2121 2376 2184 ἐξ
2422 2115 2482 2174 οὗ
2530 2120 2792 2191 Ἰλλυριοί.
2827 2120 3126 2185 Claronirou
3155 2122 3391 2175 Alexan-

1813 2214 2044 2276 drinum,
2073 2213 2279 2283 Μεσὸχ,
2312 2212 2370 2275 ἐξ
2396 2205 2457 2264 οὗ
2508 2212 2546 2262 Γ
2550 2211 2776 2263 ετουλοί.
2819 2209 3050 2275 Quidam
3079 2208 3391 2264 existimant

1813 2303 1915 2356 hos
1935 2319 2055 2358 esse
2085 2303 2407 2357 Moschoviae
2432 2303 2682 2373 populos,
2710 2302 2804 2371 qui
2828 2317 2858 2353 a
2883 2303 3159 2355 veteribus
3183 2299 3389 2370 Μοσχιο

1815 2397 1899 2449 κοί
1946 2405 1999 2452 et
2048 2398 2408 2450 Μοσσύνοικοι
2463 2395 2716 2465 appellati
2776 2401 2926 2448 sunt.
2982 2391 3160 2459 Hujus
3208 2391 3389 2461 gentis

1813 2491 1986 2558 prima
2016 2488 2172 2542 sedes
2203 2487 2304 2540 fuit
2335 2486 2487 2539 littus
2516 2484 2677 2538 Ponti
2705 2482 2928 2546 Euxini,
2954 2489 3144 2550 postea
3176 2479 3392 2549 Cappa-

1811 2581 1977 2635 doces
2037 2579 2232 2643 luere;
2287 2576 2482 2632 deinde
2536 2590 2730 2630 versus
2781 2573 3205 2643 septentrionem
3257 2585 3388 2640 pro-

1814 2687 1999 2742 gressa
2033 2680 2137 2725 est.

1883 2765 1998 2819 Col.
2035 2763 2158 2826 756,
2201 2763 2297 2816 lin.
2333 2761 2382 2814 I.
2422 2760 2629 2826 Θείρας
2654 2758 2795 2824 τοὺς
2822 2758 3050 2826 Θείρας.
3095 2754 3388 2824 Iosephus,

1813 2857 2010 2925 Θείρης
2038 2856 2095 2908 δὲ
2125 2853 2321 2922 Θείρας
2350 2852 2447 2922 μὲν
2480 2851 2757 2912 ἐκάλεσεν,
2786 2845 2861 2902 ὧν
2893 2844 3058 2920 ἦρξεν
3079 2864 3092 2877 ο
3129 2845 3390 2916 Ἕλληνες

1813 2951 1870 3002 δὲ
1914 2950 2134 3018 Θρᾷκας
2195 2947 2390 3006 αὐτοὺς
2454 2943 2865 3013 μετωνόμασαν.
2914 2939 3213 3001 Eusebius,
3274 2936 3388 3007 Θη-

1816 3043 1948 3116 ρὰς,
1982 3039 2040 3104 ἐξ
2080 3033 2139 3092 οὗ
2172 3038 2403 3106 Θρᾷκες.
2458 3034 2752 3090 Chronicon
2806 3031 3243 3093 Alexandrinum,
3279 3029 3390 3098 Θη-

1817 3135 1946 3206 ρὰς,
1982 3132 2041 3197 ἐξ
2063 3127 2124 3186 οὗ
2165 3129 2374 3200 Ἀφροί.
2424 3126 2519 3182 Est
2547 3136 2600 3180 et
2631 3127 2687 3178 in
2720 3124 2914 3177 Russia
2946 3121 3142 3175 fluvius
3170 3120 3391 3175 nomine

1813 3225 2030 3287 Thiras,
2063 3237 2231 3292 quare
2263 3218 2508 3273 nonnulli
2542 3217 2893 3285 suspicantur
2924 3214 2992 3266 ab
3026 3212 3126 3265 hac
3153 3212 3379 3280 appella.

1814 3318 1958 3370 tione
1987 3315 2083 3368 lilii
2119 3313 2333 3384 Japhet,
2359 3319 2411 3366 et
2437 3309 2660 3364 ﬂuvium
2691 3314 2746 3360 et
2766 3314 2977 3376 gentem
3012 3310 3387 3372 nuncuwtum

1810 3422 1952 3462 esse.
3052 3440 3121 3470 σο

1887 3496 2043 3560 Ibid.,
2079 3496 2176 3549 lin.
2204 3494 2259 3547 2.
2294 3490 2535 3561 Σχανὰξ
2571 3489 2640 3554 ἐξ
2679 3483 2775 3542 οὗ.
2803 3484 3094 3553 Iosephus,
3127 3483 3385 3552 Γαμάρου

1812 3589 1869 3642 δὲ
1901 3586 2064 3658 τριῶν
2108 3584 2239 3636 υἱῶν
2293 3581 2616 3650 γενομένων,
2667 3575 3001 3647 Ἀσχανάξης
3039 3576 3136 3643 μὲν
3189 3574 3386 3642 ’Λοχα-

1812 3681 1976 3746 νάξας
2013 3679 2232 3750 ᾤκισεν,
2265 3676 2312 3730 οἳ
2360 3675 2452 3729 νῦν
2507 3673 2752 3743 Ῥηγῖνες
2802 3671 2906 3724 ὑπὸ
2946 3667 3055 3720 τῶν
3119 3666 3385 3737 Ἐλλήνων

1814 3773 2119 3827 καλοῦνται.
2175 3769 2463 3830 Eusebius,
2532 3763 2817 3834 Ἀσχανὰξ,
2876 3762 2936 3826 ἐξ
2982 3755 3044 3815 οὖ
3115 3761 3380 3830 Ῥηγῖνες.

1813 3864 2105 3919 Chronicon
2151 3859 2589 3920 Alexandrinum,
2659 3853 2962 3925 Ἀσχανὰθ,
3020 3852 3079 3917 ἐξ
3142 3847 3202 3906 οὗ
3263 3851 3384 3907 Μά-

1814 3959 1981 4022 ζικες.

1885 4049 2044 4111 Ibid.,
2083 4048 2177 4101 lin.
2215 4047 2268 4099 5.
2321 4043 2548 4112 Ῥιςρὰθ,
2572 4036 2753 4104 ἐξοῦ.
2788 4037 3078 4108 Iosephus,
3122 4034 3382 4105 Ῥιφάθης

1811 4143 1867 4196 δὲ
1910 4141 2221 4208 Ῥιφαθέους
2265 4139 2388 4198 τοὺς
2433 4134 2787 4201 Παφλαγόνας
2833 4131 3176 4198 λεγομένους.
3215 4126 3384 4180 Eusc-

1814 4237 1955 4298 bius,
1998 4234 2202 4303 Ῥιχὰδ,
2233 4229 2290 4294 ἐξ
2323 4223 2382 4282 οὗ
2418 4229 2784 4299 Σαυρομάται.
2816 4221 3114 4277 Chronicon
3147 4220 3384 4272 Alexan—

2034 4368 2048 4391 ,
2107 4323 2330 4392 Ῥυφὰθ,
2366 4321 2423 4387 ἐξ
2455 4315 2514 4373 οὗ
2545 4317 2903 4388 Ταράμαντες
2942 4312 3217 4381 ὲξιῖγτεροι,
3263 4312 3385 4380 qui-

1814 4425 1939 4481 dam
1972 4426 2163 4490 putant
2196 4415 2478 4485 legendum
2507 4411 2881 4481 Γαράμαντες.

1740 4532 1785 4586 ι)
1885 4515 2042 4578 Ibid.,
2073 4512 2168 4564 lin.
2199 4509 2250 4561 4.
2275 4502 2698 4575 Θυποαμμάεις.
2720 4499 3010 4569 Iosephus,
3041 4495 3384 4565 Θυγράμμης

1809 4610 1865 4662 δὲ
1912 4603 2367 4675 Θυγραμμάνους,
2419 4597 2468 4649 οἳ
2521 4595 2676 4658 δόξαν
2708 4592 2934 4662 Ἕλλησι
2979 4589 3188 4659 Φρύγες
3243 4587 3383 4639 ὼνο-
3446 4608 3453 4616 -

1810 4700 2110 4773 μάσθησαν.
2169 4692 2457 4750 Eusebius,
2515 4685 2801 4760 Θοργαμὰ,
2855 4682 2914 4747 ἐξ
2958 4676 3019 4736 οὗ
3085 4678 3377 4773 ’ᾼρμένιομ

1809 4766 2105 4846 Ehronicon
2166 4782 2619 4845 Alexandrinum,
2678 4776 3010 4846 Θοσμαγὰο.
3061 4772 3120 4834 ἐξ
3174 4766 3233 4825 οὗ
3283 4768 3382 4824 Bo-

1847 4880 1990 4934 άδες.

1811 4897 2038 5031 ραῗθῖιί.,
2077 4968 2170 5018 lin.
2213 4964 2263 5017 6.
2298 4963 2608 5025 Ἑλίσασα,
2641 4959 2708 5020 ἐξ
2731 4951 3147 5022 οὗ.,.1ος›ερ1›ιιςρ,
3205 4951 3381 5003 Ἰαυά-

1807 5081 1896 5115 νου
1929 5062 1985 5114 δὲ
2034 5058 2123 5112 τοῦ
2171 5056 2384 5124 Ἰάφθου
2416 5052 2580 5123 τριῶν
2611 5049 2774 5102 αὑτοῦ
2804 5047 3005 5100 παίδων
3051 5044 3381 5122 γενομένων,

1819 5154 2029 5215 ’Λλίσας
2062 5151 2158 5220 μὲν
2204 5148 2504 5210 Ἀλισαίους
2535 5145 2810 5204 ἐκάλεσεν,
2843 5135 2916 5193 ὧν
2946 5135 3137 5209 ἦρχεν,
3175 5135 3381 5198 Αἰολεῖς

1806 5246 1860 5298 δὲ
1891 5245 1984 5296 νῦν
2012 5247 2133 5296 εἰσι.
2181 5241 2470 5301 Eusebius,
2502 5237 2738 5300 Ἑλισσά,
2765 5235 2823 5299 ὲξ
2860 5224 2921 5286 οὗ
2952 5230 3179 5283 Σικελοί.
3213 5227 3381 5281 Chro-

1808 5340 1959 5390 nicm
1999 5333 2438 5394 Alexandrinum,
2484 5331 2721 5391 Ἐλισσὰ,
2758 5327 2815 5392 ἐξ
2844 5321 2904 5376 οὗ
2936 5323 3168 5393 Μαῦροι.

1881 5430 2038 5489 Ibid.,
2078 5429 2170 5479 lin.
2211 5427 2260 5478 Ἰ.
2302 5423 2563 5490 Θαρσῆς,
2594 5423 2693 5489 ἀφ’
2724 5417 2816 5474 οὗ.
2855 5417 3146 5485 Iosephus,
3172 5413 3382 5482 Θάρσος

1809 5524 1864 5576 δὲ
1892 5523 2137 5590 Θαρσεῖς.
2187 5516 2344 5570 Οὕτω
2378 5517 2484 5585 γὰρ
2516 5515 2758 5566 ἐκαλεῖτο
2800 5513 2860 5563 τὸ
2895 5509 3120 5562 παλαιὸν
3161 5507 3191 5575 ή
3223 5501 3380 5558 Κιλι-

1811 5616 1920 5668 κία.
1961 5615 2189 5682 Σημεῐον
2240 5609 2328 5660 δέ·
2367 5607 2577 5676 Θάρσος
2627 5605 2734 5674 γὰρ
2785 5605 2912 5673 παρ’
2947 5602 3128 5660 αὐτοῖς
3152 5597 3259 5650 τῶν
3284 5597 3382 5651 τώ-

1813 5705 1948 5756 λεων
1999 5705 2030 5771 ἡ
2062 5699 2460 5766 ἀξιολογωτάτη
2495 5697 2741 5749 καλεῖται
2777 5690 3112 5761 μητρόπολις
3139 5684 3293 5740 οὖσα.
3318 5685 3384 5737 τὸ

1812 5796 1912 5850 ταῦ
1947 5795 2081 5867 πρὸς
2115 5792 2212 5864 τὴν
2241 5791 2430 5861 κλῆσιν
2460 5790 2580 5843 ἀντὶ
2610 5785 2702 5840 τοῦ
2737 5785 2875 5853 θῆτα
2915 5778 3379 5852 μεταϐαλλόντων.
