4058 6330
99 407 277 466 1005

1097 407 1164 465 IN
1217 406 1583 466 EUSTATilll
1637 403 2123 463 HEXALEIERON'
2144 404 2376 464 NOTE.

3233 407 3372 466 £006

93 522 180 578 in
208 538 313 593 qua
342 522 441 577 Dei
471 524 677 578 civitas.
701 531 749 578 et
772 525 826 576 in
854 526 1049 580 sanctis
1080 527 1413 596 peregrinata
1443 539 1544 592 est,
1570 535 1619 580 ιιι
1647 529 1699 578 in
1735 539 1774 592 Α
1803 527 2029 592 ρΙιοιιὶω,
2060 533 2115 580 et
2141 523 2292 580 alibi.
2315 521 2579 594 Origenes
2617 519 2766 575 hom.
2801 517 2862 576 ii
2897 518 2952 572 in
2984 515 3146 573 Nam.
3178 515 3372 575 Hiero-

94 612 374 667 o-uihu
395 622 732 668 sacramenta
755 614 1094 670 adumbrata.
1130 615 1196 669 Et
1228 616 1320 671 lib.
1364 632 1401 669 ιι
1442 615 1696 677 Retract.,

95 717 257 774 cap.
298 704 388 766 M,
424 704 730 774 posthabita
760 706 932 774 prima
963 707 1243 775 opinione,
1285 706 1340 760 in
1372 722 1477 776 qua
1525 707 1700 762 fuerat

96 793 453 864 aliquando,
480 795 624 859 quod
654 795 723 848 ab
748 795 983 851 Abraam
1004 797 1273 852 dicti-sint
1303 795 1534 860 Hebraei,
1559 796 1700 849 hanc

95 885 382 940 eamdem
425 887 738 955 Opinionem
771 887 893 940 aliis
939 887 1192 956 praetulit.
1243 886 1498 941 Eamdem
1538 895 1697 941 tuen-

99 982 246 1041 tur,
282 973 556 1031 Eusebius
581 978 633 1030 in
657 978 883 1032 exordio
917 993 1030 1033 suae
1055 976 1440 1050 Chronologiar,
1469 978 1702 1032 Aracius

94 1065 487 1122 eriensis
522 1069 574 1121 in
605 1067 756 1133 ϐαι,
788 1069 1154 1141 Hieronymus
1175 1069 1572 1125 Traditionibm
1594 1066 1701 1122 He-

101 1153 332 1210 braicis
355 1154 554 1212 iaCeii.
585 1175 707 1230 cap.
748 1175 859 1223 xvr,
889 1169 944 1216 et
977 1161 1152 1216 secuti
1183 1170 1311 1215 sunt
1340 1158 1502 1222 Beda,
1539 1159 1702 1213 Isido-

99 1261 253 1310 rus,
283 1246 547 1319 Lyranus,
579 1248 893 1320 Eugubinus
927 1250 1374 1306 annotationibus
1404 1251 1457 1302 in
1491 1247 1696 1313 Cenem,

100 1349 254 1406 cap.
290 1353 402 1400 xlv,
437 1347 492 1394 et
529 1340 639 1393 alii.
671 1339 982 1410 Artapanus
1023 1340 1167 1409 apud
1196 1337 1489 1392 Eusebium
1521 1338 1615 1391 lib.
1646 1352 1697 1390 ix

100 1424 208 1481 De
237 1431 622 1497 preparation
653 1430 886 1500 evangel.
917 1444 1037 1500 cap.
1074 1431 1199 1491 ult..
1232 1443 1327 1483 eos
1355 1430 1429 1482 ita
1469 1427 1704 1498 appella-

105 1525 218 1574 tos
259 1519 425 1575 refert
476 1537 539 1575 ex
595 1521 829 1575 Abraam
873 1520 1140 1590 principe,
1195 1535 1260 1574 ac
1305 1526 1531 1588 parente
1581 1519 1700 1586 ejus

102 1611 312 1678 gentis
363 1612 735 1668 nobilissimo.
789 1623 846 1666 et
889 1615 1019 1666 dicti
1075 1619 1204 1666 sunt
1258 1609 1490 1675 Hebraei,
1543 1609 1699 1678 quasi

103 1700 365 1755 Abraai.
402 1701 735 1773 ’Δρτάπανος
779 1703 837 1756 δέ
878 1719 1040 1772 φησιν
1085 1703 1142 1754 ὲν
1190 1702 1313 1766 τοῖς
1368 1697 1701 1764 Ἰουδαϊκοῖς

99 1793 254 1855 τοὺς
302 1794 400 1863 μὲν
449 1794 732 1858 Ἰουδαίους
777 1794 1134 1864 ὀνομάζεσθαι
1176 1793 1452 1864 Ἐρμιοίλθ,
1493 1792 1522 1844 ὃ
1565 1787 1700 1844 εἶναι

1802 632 1996 686 nymus
2024 617 2272 672 Oleaster
2300 617 2353 669 in
2383 628 2504 683 cap.
2533 629 2565 666 ι
2591 611 2773 666 Cenes.
2797 621 2852 667 et
2881 610 2995 665 alii.

1871 709 2034 774 lbid.,
2088 709 2183 761 lin.
2240 709 2329 762 50.
2397 705 2634 760 Υἱοὶ-δὲ
2686 705 2790 758 τοῦ
2836 704 3025 771 Ἔϐερ.
3065 700 3370 757 Eusebius:

1799 799 1995 860 Φαλὲκ,
2045 801 2138 869 ἀφ’
2176 795 2238 853 οὗ
2278 797 2548 868 Βάκτροι*
2587 795 2904 866 Ἐλμωδὰμ,
2957 795 3048 862 ἀφ’
3087 788 3149 847 οὗ
3187 793 3370 847 Ἶνδοί’

1813 890 2035 952 ’1εκτὰν,
2068 891 2158 957 ἀφ’
2180 884 2240 943 οὗ
2267 888 2567 942 Μαδιναῖοι.
2603 885 2892 942 Chronicon
2919 884 3334 939 Alexandrinum
3353 901 3373 937 :

1799 981 1994 1046 Φαλὶκ,
2034 981 2095 1047 ἐξ
2123 975 2183 1035 οὗ
2219 982 2515 1048 κατάγεται
2541 979 2603 1030 τὸ
2638 978 2791 1046 γένος
2827 976 3074 1047 Ἀϐραὰμ
3101 977 3374 1047 προπάτο-

1803 1087 1923 1141 ρος·
1967 1071 2193 1138 Ἰεκτὰν,
2227 1072 2288 1138 ἐξ
2408 1061 2682 1132 Αἰθίοπες.

1870 1129 2029 1228 ibid.,
2067 1129 2297 1216 ιιηίδιῖ
2334 1129 2394 1214 ¹οο
2426 1160 2496 1214 δὲ
2519 1129 2716 1213 φαλὲκ
2760 1158 2875 1213 διά.
2912 1159 3252 1228 Nicephorus
3280 1169 3379 1228 pa:

1801 1252 2037 1306 triarcba
2063 1251 2697 1321 Constantinopolitanus
2718 1266 2772 1303 in
2801 1249 3232 1320 Chronographia
3255 1229 3376 1302 ε’Ῐιέν

1798 1341 1856 1394 δὲ
1895 1343 2012 1405 ταῖς
2055 1340 2287 1412 ἡμέραις
2320 1342 2495 1394 Φαλὲκ
2536 1340 2991 1411 διεμερίσθησαν·
3024 1339 3104 1392 διὸ
3144 1339 3240 1393 καὶ
3279 1355 3376 1408 ση-

1805 1432 1982 1502 μαίνει
2009 1430 2069 1484 τδ
2089 1431 2267 1484 Φαλὲκ
2288 1431 2456 1503 ὄνομα
2486 1435 2550 1502 τῇ
2591 1431 2852 1501 Ἐϐραίων
2876 1434 3026 1501 φωνῇ
3055 1433 3373 1500 μερισμός.

1801 1523 1911 1576 Kal.
1935 1517 2091 1586 οὗτος
2119 1523 2226 1593 πρὸ
2260 1523 2351 1576 τοῦ
2381 1524 2508 1594 περὶ
2531 1523 2774 1593 τελευτᾷ.
2793 1523 2914 1575 Ἐπὶ
2943 1522 3130 1575 τούτου
3156 1524 3188 1592 ἠ
3233 1539 3374 1592 πυρ-

1800 1613 2017 1681 γοποιία
2050 1612 2298 1683 συνέστη,
2333 1614 2427 1666 καὶ
2467 1613 2572 1665 ἀπὸ
2603 1616 2734 1683 μιᾶς
2774 1613 2869 1682 τῆς
2898 1613 3063 1667 πάλαι
3095 1613 3372 1666 διαλέκτου

1801 1703 2111 1772 πολυφωνία
2153 1702 2364 1772 γέγονε.
2408 1704 2519 1756 Kal.
2563 1706 2595 1774 ἡ
2634 1703 2753 1757 καθ’
2805 1704 3031 1758 ἕκαστον
3079 1704 3228 1767 ἔθνος
3267 1704 3374 1757 τῶν

1803 1795 2061 1863 γλωσσῶν
2100 1794 2383 1863 διαφωνία,
2416 1797 2579 1865 φηπὶν
2620 1799 2653 1867 ἠ
2707 1795 2824 1848 θεία
2869 1797 3077 1867 Γραφή.
3116 1795 3372 1851 Hebrzeo-

106 1883 572 1957 μεθερμηνευθὲν
618 1885 758 1937 κατὰ
807 1885 903 1956 τὴν
951 1885 1173 1938 Ἐλλάδα.
1221 1886 1400 1955 φωνὴν
1436 1884 1685 1937 Ἰουδαῖοι

1806 1899 1924 1936 rum
1956 1884 2045 1938 illa
2092 1883 2191 1937 fuit
2231 1886 2522 1950 sententia,
2558 1883 2735 1938 Heber
2763 1901 3016 1955 magnum
3053 1885 3222 1941 fuisse
3246 1901 3372 1956 pro-

103 1974 424 2028 Καλεῖσθαι
480 1976 536 2029 δὲ
602 1977 799 2040 αὐτοὺς
855 1978 1139 2048 Ἐϐραίους
1201 1979 1304 2030 ὑπὸ
1363 1977 1693 2047 Ἀὖραάμου.

106 2064 289 2120 Hunc
311 2067 602 2136 aliquando
633 2074 856 2123 secutus
887 2079 971 2122 est
996 2070 1333 2135 Augustinus
1359 2069 1392 2120 ι.
1423 2084 1437 2119 ι
1470 2068 1546 2120 De
1571 2084 1694 2120 con-

103 2173 284 2209 sensu
316 2159 642 2228 evangelist.,
689 2176 810 2229 cap.
861 2160 948 2222 14,
989 2163 1204 2213 tandem
1256 2161 1345 2212 alii
1397 2162 1464 2213 ab
1519 2159 1696 2212 llebar

103 2246 272 2314 quod
308 2244 500 2300 Latine
533 2255 616 2302 est
666 2250 931 2309 transivit,
983 2249 1237 2302 llebraaos
1283 2250 1694 2319 cognominatos

103 2336 462 2401 existimat,
495 2346 686 2393 etnon
719 2342 786 2393 ab
826 2341 1125 2405 Abraham,
1163 2357 1337 2411 neque
1380 2343 1448 2396 ab
1493 2341 1690 2397 Heber.

106 2429 302 2497 Hujus
332 2431 609 2500 opinionis
643 2432 790 2486 fuere
824 2431 1108 2502 Origenes.
1146 2432 1414 2488 Diodorus
1457 2432 1693 2488 Tarsen-

106 2520 224 2584 sis,
253 2519 529 2589 Rupertus
579 2523 670 2578 lib.
703 2540 732 2569 ν
761 2514 1128 2578 Commentar.
1157 2524 1210 2576 in
1237 2523 1420 2578 Cenes.
1457 2540 1576 2594 cap.
1605 2541 1688 2588 xi;

105 2611 550 2683 Chrysostomus
618 2615 761 2667 hom.
825 2615 893 2668 55
968 2619 1023 2668 in
1087 2615 1266 2668 Cenes.
1320 2615 1692 2670 Thcodoretus

107 2715 318 2772 quaest.
357 2702 426 2758 60
467 2705 522 2756 in
561 2701 743 2756 Cenes.
790 2719 909 2757 eam
957 2707 1030 2755 ita
1070 2704 1331 2764 defendit,
1378 2715 1434 2754 ut
1469 2703 1690 2772 opposi-

110 2803 235 2846 tam
269 2793 644 2863 reprehendat.
681 2791 733 2843 Si
777 2792 945 2851 enim,
996 2793 1191 2860 inquit,
1228 2791 1298 2844 ab
1341 2789 1537 2853 iieber,
1582 2789 1690 2842 lie-

109 2884 281 2945 ιιι-εἱ,
311 2890 366 2936 et
403 2883 589 2951 lingua
633 2880 900 2933 Hebraica
947 2895 1144 2933 nomen
1187 2879 1374 2944 traxit,
1406 2880 1690 2946 oportebat

112 2989 316 3028 omnes
347 2981 594 3043 posteros
624 2972 800 3024 Heber
839 2971 1138 3039 appellatos
1185 2969 1353 3023 fuisse
1402 2968 1679 3031 Hebraeos,

116 3070 293 3129 atque
329 3075 392 3114 ea
422 3058 605 3127 lingua
649 3073 800 3120 usos,
828 3055 975 3126 quod
1021 3056 1073 3109 in
1105 3053 1281 3125 Syris,
1319 3054 1593 3119 Moabitis,
1638 3065 1689 3109 et

112 3153 249 3206 aliis
278 3151 511 3220 posteris
551 3147 726 3202 Heber
760 3164 870 3202 non
923 3145 1171 3215 contigit.
1221 3145 1456 3214 Ideoque
1501 3157 1687 3199 censet

112 3244 421 3310 appellatos
453 3241 620 3294 fuisse
657 3239 913 3294 Hebraeos
958 3254 1024 3291 ex
1072 3253 1137 3291 eo
1179 3238 1323 3307 quod
1355 3239 1624 3291 Abraham
1660 3254 1689 3290 e

113 3333 345 3402 regione
373 3330 747 3385 Chaldzorum
782 3331 1002 3384 veniens
1030 3331 1084 3382 in
1132 3328 1474 3382 Pala-stinam
1508 3338 1687 3382 trans-

115 3428 217 3476 ivit
261 3423 484 3476 ﬂuvium
517 3422 868 3492 Euphratem.
906 3420 1079 3474 liebra
1103 3421 1246 3473 enim
1287 3420 1546 3489 Syrorum
1583 3421 1685 3472 lin-

117 3533 226 3585 gua
257 3517 397 3571 idem
442 3515 642 3569 dicitur
677 3515 821 3583 quod
851 3513 1173 3581 Euphrates.
1207 3511 1410 3564 Paulus
1448 3511 1685 3580 Burgen—

118 3611 200 3664 sis
229 3619 416 3664 censet
466 3606 720 3661 Hebraeos
755 3622 875 3660 esse
903 3606 1315 3674 (εοέιιυιιιιηίιιοε
1342 3605 1496 3671 quasi
1535 3619 1687 3672 pere-

117 3701 336 3769 grinos,
361 3700 465 3753 boc
488 3713 610 3753 esse
640 3706 855 3768 etymon
894 3697 1137 3747 vocabuli
1171 3696 1349 3762 lingua
1380 3695 1466 3745 illa
1497 3714 1507 3746 :
1538 3696 1603 3747 de
1631 3710 1685 3746 re

121 3807 234 3845 non
285 3805 406 3846 esse
463 3789 847 3844 dubitandum.
885 3787 1018 3851 Quis
1071 3788 1213 3838 enim
1263 3789 1436 3839 nescit
1466 3793 1683 3855 gentem

119 3884 272 3935 illam
315 3890 368 3935 et
415 3884 467 3935 in
507 3891 649 3935 terra
681 3880 959 3939 Chanaan,
995 3886 1046 3930 ct
1092 3880 1144 3930 in
1176 3876 1408 3947 Λίδη-μευ
1443 3893 1561 3932 esse
1594 3893 1683 3946 pe-

121 3975 475 4044 regrinatam.

191 4065 306 4118 Col.
331 4063 673 4127 757.01nr8c
699 4062 810 4127 τὴν
829 4061 1039 4128 ἀρχὴν.
1063 4059 1235 4112 lieber
1255 4072 1468 4127 pinnam
1488 4059 1648 4110 confit
1667 4089 1679 4097 -

121 4154 294 4208 sionis
332 4156 636 4224 linguarum
683 4153 948 4213 evasisse,
978 4153 1122 4220 quod
1158 4165 1292 4202 vana
1333 4151 1683 4203 molientibus

119 4261 228 4300 non
250 4249 628 4307 assentirctur,
650 4245 812 4299 refert
838 4243 1038 4297 Catena
1064 4241 1247 4295 Grarca
1271 4243 1323 4293 in
1353 4240 1535 4294 Cenes.
1570 4243 1678 4293 Φα-

122 4337 203 4388 σὶν
224 4336 299 4396 ὡς
331 4339 477 4406 παρὰ
504 4335 580 4405 τῷ
602 4336 767 4403 Ἔϐερ
801 4334 943 4403 μόνῳ
969 4332 1240 4401 ἐφυλάχθη
1266 4334 1296 4400 ἡ
1331 4332 1568 4398 γλῶσσα,
1606 4332 1680 4392 ὡς

123 4428 197 4498 μὴ
228 4430 609 4496 κοινωνήσαντι
650 4427 727 4482 εἰς
777 4425 835 4475 τὸ
881 4421 970 4472 τοῦ
1006 4422 1214 4491 πύργου
1261 4421 1526 4488 τόλμημα.
1564 4419 1678 4470 Ma-

123 4532 312 4572 uasses
337 4518 390 4570 in
431 4518 626 4569 Annal.
664 4531 680 4566 :

119 4605 290 4678 ἜϐερΔ
322 4606 388 4659 δὲ
414 4607 601 4675 μόνος
642 4605 750 4678 τῆς
779 4601 1009 4678 πληζῆς
1048 4601 1357 4667 ἐλεύθερος
1387 4599 1672 4678 ῠίτῆρξεν·

122 4675 201 4730 Οὐ
230 4672 338 4745 Ῠὰρ
375 4672 825 4743 σύγκατετίυετο
851 4672 1534 4739 τοῖςοματιιιοπραγοῦσι.

120 4791 356 4846 Suidas:
397 4784 558 4853 Οὗτος
596 4790 654 4841 οὺ
684 4789 995 4854 συνεποίηςε
1035 4787 1548 4853 τοίςίπυργοποιοῖς,
1582 4785 1674 4833 καὶ

118 4883 378 4953 διέμεινεν
414 4883 448 4951 ἡ
479 4882 752 4942 διάλεκτος
799 4879 956 4932 αἱ.τοῦ
992 4877 1378 4946 ἁμετάϐλητος.
1423 4875 1674 4927 Theodo-

119 4981 288 5035 retus,
326 4982 519 5044 quast.
552 4973 699 5025 59in
730 4971 942 5034 Geues.,
988 4969 1422 5038 antiquissimam
1455 4969 1671 5036 lingua-

122 5079 236 5117 rum
269 5063 509 5116 omnium
558 5063 832 5132 Syriacam
880 5061 1172 5119 existimat,
1224 5057 1500 5111 llebraeam
1545 5072 1672 5111 vero

121 5155 345 5222 primum
385 5154 638 5207 traditam
675 5152 844 5223 Moysi
874 5168 902 5204 a
937 5151 1042 5204 Deo
1079 5151 1266 5203 luisse.
1308 5147 1671 5212 Quemadmoo

120 5243 242 5298 dum
269 5245 501 5298 enim-in
541 5245 754 5314 templis
786 5243 1096 5298 Crmcorum
1126 5240 1343 5310 quidam
1375 5250 1502 5295 sunt
1530 5241 1674 5293 litte-

120 5347 298 5387 rarum
320 5334 664 5389 characteres
698 5335 1018 5404 peculiares,
1046 5347 1183 5401 quos
1212 5345 1397 5384 sacros
1435 5331 1670 5398 appellu-

122 5437 264 5491 runt,
298 5427 379 5482 sic
422 5425 566 5482 Deus
607 5440 702 5495 per
729 5426 930 5482 Moscm
972 5424 1195 5478 donavit
1233 5424 1370 5476 hanc
1403 5423 1665 5492 linguam,

123 5535 223 5575 non
254 5520 470 5589 quidem
506 5519 831 5583 naturalem,
868 5521 962 5575 sed
1008 5517 1074 5572 ad
1117 5516 1417 5571 docendum
1448 5515 1662 5584 quidem

122 5617 310 5679 aptam.
348 5607 549 5663 Verum
579 5608 736 5663 aliter
765 5617 966 5664 etcum
999 5615 1189 5663 nostro
1223 5596 1504 5673 Eustathio
1534 5624 1666 5661 cou-

122 5702 274 5755 sentit
295 5700 633 5770 Augustinus
663 5699 736 5752 De
767 5701 975 5754 civitate
998 5699 1112 5761 Dei,
1140 5699 1236 5753 lib.
1269 5715 1382 5762 xvr,
1417 5713 1539 5768 cap.
1573 5699 1661 5756 ll,

121 5803 169 5846 et
196 5794 286 5848 lib.
323 5807 478 5860 artu,
507 5807 627 5863 cap.
669 5789 771 5860 39;
821 5792 1184 5863 Hieronymus
1217 5793 1270 5847 in
1303 5807 1419 5862 cap.
1457 5807 1514 5846 ιιι
1562 5791 1661 5847 So-

1801 1975 2042 2044 phclam,
2070 1985 2234 2046 atque
2263 1976 2432 2029 divini
2463 1977 2706 2030 numinis
2730 1977 2906 2030 afﬂatu
2938 1987 3062 2032 ante
3104 1979 3374 2033 ducentos
3475 2018 3491 2034 .

1800 2080 1972 2121 annos
2018 2064 2258 2120 futurum
2306 2068 2674 2136 praevidendo,
2711 2082 2906 2121 nomen
2955 2067 3152 2122 Plialec
3196 2070 3373 2139 impo-

1799 2161 1993 2213 suisse.
2021 2157 2163 2213 Idem
2210 2161 2379 2215 sentit
2426 2159 2808 2230 Hieronymus.
2838 2163 2930 2230 qui
2966 2163 3018 2215 in
3057 2161 3372 2216 Traditioni—

1797 2249 1891 2300 bus
1942 2248 2220 2303 Hebraicis
2269 2253 2321 2304 in
2375 2251 2561 2307 Cenes.
2613 2253 2842 2307 alIirmat
2893 2252 3066 2308 Hebcr
3114 2254 3371 2308 vaticinia)

1794 2340 2028 2409 quodam
2061 2341 2312 2398 videlicet
2353 2357 2420 2397 ex
2463 2344 2652 2398 futuro
2695 2357 2888 2402 eventu
2934 2345 3214 2401 divisionis
3264 2346 3369 2398 liii-

1799 2442 2029 2496 guarum
2073 2443 2270 2483 nomen
2314 2432 2640 2499 imposuisse
2685 2449 2803 2496 suo,
2839 2441 2890 2487 et
2941 2432 3366 2504 Chrysostomus

1796 2517 1938 2568 hom.
1973 2516 2043 2570 30
2088 2519 2142 2570 in
2188 2516 2751 2585 Cenes.:Considera,
2800 2524 2993 2591 inquit,
3029 2525 3369 2592 quemadmo-

1793 2607 1918 2660 dum
1949 2610 2024 2660 rei
2062 2608 2256 2675 futura:
2278 2613 2664 2680 praescieutiam
2697 2619 2944 2667 vocabulo
2968 2619 3080 2668 nati
3105 2617 3252 2682 pueri
3277 2617 3368 2670 de-

1793 2699 2054 2760 claravit;
2090 2711 2148 2753 ut
2182 2718 2300 2754 cum
2332 2705 2529 2758 videris
2562 2722 2670 2760 rem
2710 2723 2860 2773 opere
2891 2709 3229 2776 adimpletum
3263 2727 3370 2763 non

1793 2790 1935 2843 ultra
1969 2792 2196 2855 mireris,
2231 2793 2408 2847 vident
2429 2795 2680 2851 divinitus
2723 2799 2776 2849 id
2806 2802 2953 2866 pueri
2996 2803 3203 2856 nomine
3229 2819 3367 2869 pra:-

1791 2875 2006 2930 diclum.
2039 2877 2310 2950 Iosephus
2341 2892 2520 2938 tamen
2563 2886 2653 2940 lib.
2689 2901 2705 2938 ι
2735 2888 2992 2956 Antiquit.
3025 2897 3076 2941 et
3102 2887 3365 2960 Augusti-

1793 2985 1918 3031 nus,
1951 2971 2046 3025 lib.
2094 2989 2182 3027 ινι
2227 2974 2305 3028 De
2346 2978 2556 3030 ciritate
2587 2977 2702 3042 Dei,
2736 2994 2857 3050 cap.
2890 2982 2974 3045 il,
3007 2997 3204 3037 nomen
3237 2984 3363 3048 hoc,

1791 3074 1898 3113 non
1925 3077 1986 3114 ex
2020 3062 2205 3118 futuro
2230 3076 2446 3128 eventu,
2484 3069 2577 3123 sed
2607 3085 2672 3124 eo
2701 3075 2844 3140 quod
2874 3072 3074 3126 factum
3105 3085 3244 3139 erat,
3272 3091 3366 3145 po—

1792 3151 1955 3205 situm
1988 3153 2176 3210 fuisse.
2205 3185 2212 3192 -
2749 3173 2753 3176 ·
3139 3191 3154 3204 .

1864 3242 2022 3306 ibid.,
2070 3246 2167 3300 lin.
2209 3247 2296 3302 36.
2348 3254 2667 3320 Τρισχίλιοι
2718 3254 2844 3322 γάρ.
2900 3255 2972 3310 Dc
3027 3259 3368 3327 temporibus

1792 3337 1955 3390 verba
1993 3337 2256 3394 facientes
2285 3351 2537 3396 auctores
2567 3344 2708 3397 haud
2753 3345 3100 3400 mediocriter
3133 3347 3274 3400 inter
3304 3364 3364 3401 se

1788 3425 2075 3490 dissident,
2119 3439 2172 3481 et
2199 3432 2349 3482 varia
2382 3432 2688 3500 proferunt,
2723 3444 2780 3487 ut
2815 3436 3034 3491 facilius
3062 3440 3132 3491 sit
3175 3439 3227 3491 in
3259 3439 3361 3492 hae

1788 3529 1844 3567 re
1872 3517 2015 3583 quod
2053 3519 2193 3572 alius
2228 3519 2428 3575 dixerit
2470 3524 2888 3590 reprehendere,
2925 3543 3088 3595 quam
3138 3529 3361 3597 aliquod

1787 3608 1928 3673 quod
1967 3611 2392 3678 reprehensione
2422 3623 2593 3677 caret,
2637 3615 2912 3684 proferre;
2960 3634 3082 3670 cum
3115 3622 3361 3675 rationes

1786 3709 1837 3752 et
1877 3714 2216 3770 argumenta,
2255 3705 2453 3772 quibus
2481 3706 2593 3759 haec
2625 3716 2958 3770 statuuntur,
2991 3725 3097 3763 non
3130 3713 3358 3768 omnino

1785 3803 1952 3854 certa,
1986 3794 2080 3847 sed
2122 3794 2284 3849 dubia
2324 3798 2450 3849 sint.
2499 3795 2636 3850 Illud
2673 3799 3049 3868 unusquisque
3077 3817 3176 3870 pro
3203 3815 3358 3857 certo

1787 3884 2000 3944 habeat,
2031 3900 2090 3940 se
2127 3901 2190 3939 eo
2215 3886 2395 3950 minus
2423 3903 2630 3952 errare,
2655 3905 2765 3957 quo
2790 3892 2967 3945 minus
2997 3891 3066 3946 ab
3099 3892 3357 3949 Ecclesia:

1784 3974 2066 4029 catholica:
2095 3977 2386 4030 traditione
2429 3980 2628 4032 recedit
2676 3995 2840 4050 penes
2871 3997 3031 4050 quam
3063 3985 3257 4049 solam,
3299 3994 3353 4040 et

1783 4066 1989 4120 veritas
2011 4069 2253 4120 omnium
2286 4083 2488 4134 rerum,
2520 4079 2571 4122 et
2607 4072 2878 4126 certitudo
2904 4084 3007 4136 est,
3038 4076 3092 4127 in
3120 4075 3241 4128 aliis
3269 4076 3351 4128 in-

1783 4157 1925 4226 genii
1961 4158 2182 4212 humani
2228 4160 2452 4214 libidine
2488 4172 2540 4213 et
2586 4163 2812 4216 audacia
2861 4165 3042 4218 omnia
3090 4167 3345 4228 obscura,

1781 4254 1834 4300 et
1861 4251 2132 4301 sexcentis
2158 4250 2438 4304 erroribus
2462 4251 2759 4320 implicata.
2789 4253 3135 4310 Adducemus
3164 4265 3347 4310 tamen

1781 4354 1900 4407 qua!
1928 4339 2018 4392 alii
2056 4343 2135 4393 uti
2173 4352 2342 4401 certa,
2380 4344 2480 4395 etsi
2519 4358 2625 4395 non
2665 4358 2722 4394 re
2752 4359 2876 4396 vera
2913 4346 2984 4398 ita
3017 4347 3146 4404 sint,
3175 4350 3345 4400 tradi—

1781 4432 1996 4486 derunt.
2047 4430 2111 4483 Et
2155 4433 2294 4486 sicut
2340 4434 2591 4500 superius
2640 4434 2893 4498 diximus,
2943 4437 3081 4488 inter
3126 4434 3347 4493 Graecos

1710 4538 1752 4590 ι)
1781 4541 2078 4594 omnesque
2109 4541 2222 4587 eos,
2257 4526 2346 4593 qui
2375 4525 2723 4594 Septuaginta
2750 4525 3106 4596 lnterpretum
3137 4530 3344 4584 versio-

1782 4631 1900 4670 nem
1931 4617 2103 4670 secuti
2143 4625 2289 4676 sunt,
2321 4624 2374 4669 et
2404 4614 2625 4669 Latinos
2657 4617 2950 4670 maximum
2992 4634 3112 4672 esse
3147 4619 3342 4673 discri~

1778 4722 1920 4770 men,
1953 4722 2075 4760 cum
2117 4708 2166 4759 in
2205 4707 2576 4761 dcscrlhcndis
2618 4717 2867 4774 patrum,
2907 4717 2958 4761 et
3002 4712 3335 4778 patriarcha-

1777 4811 1892 4847 rum
1942 4797 2295 4864 temporibus,
2335 4796 2638 4850 dill'crentia
2676 4805 2981 4866 temporum
3024 4803 3197 4867 spatia
3231 4813 3339 4853 stn-

1774 4887 1992 4939 tuerint.
2024 4886 2331 4942 Friilcrirus
2355 4886 2664 4940 llusmauus
2691 4889 2740 4940 in
2770 4905 2865 4942 sua
2894 4890 3238 4961 Clironologia
3271 4899 3337 4949 ab

1772 4979 1901 5030 orbe
1945 4977 2187 5037 condito,
2231 4978 2295 5030 ad
2353 4993 2552 5029 annum
2611 4978 2678 5029 '50
2741 4976 2934 5030 Phalec
2979 4996 3151 5034 annos
3206 4984 3336 5039 l788

1772 5078 2070 5130 enumerat,
2105 5077 2228 5122 ante
2271 5066 2548 5121 Christum
2596 5079 2779 5121 nutum
2813 5070 2970 5128 2172.
3003 5083 3055 5125 et
3104 5072 3329 5127 Romam

1771 5157 2042 5209 conditam
2091 5158 2243 5219 Mil,
2280 5158 2346 5211 ab
2380 5158 2540 5225 hujus
2587 5143 2862 5226 opinione,
2909 5163 3083 5230 quoad
3131 5179 3334 5218 annum

1774 5249 1840 5301 ab
1878 5249 2008 5303 orbe
2032 5249 2253 5304 condito
2280 5250 2344 5302 ad
2371 5253 2438 5304 30
2472 5250 2665 5304 l‘halcc
2701 5267 2804 5303 non
2849 5254 3003 5305 abest
3031 5253 3332 5309 Ccncbrar-

1771 5341 1871 5393 dus
1900 5338 2294 5410 Chronograpli.
2331 5343 2452 5396 libr.
2490 5360 2524 5395 ι.
2561 5343 2911 5398 Cuumannus
2952 5344 3332 5403 Flinsbachius

1771 5427 2189 5495 i787,Joanncs
2219 5430 2491 5486 Funccius
2541 5434 2592 5486 in
2632 5427 2983 5502 Chronologia
3036 5434 3184 5487 l789.
3229 5434 3334 5490 No-

1768 5533 1878 5578 ster
1912 5531 2091 5578 tamen
2119 5522 2209 5578 hic
2242 5532 2434 5578 auctor
2464 5525 2530 5578 ad
2554 5525 2886 5578 nativitatem
2930 5524 3123 5578 Phalec
3156 5539 3329 5582 annos

1766 5622 1850 5668 ter
1893 5614 2039 5668 mille
2073 5607 2244 5670 fuisse
2278 5615 2494 5684 elapsos
2525 5624 2820 5670 asseverat.
2868 5613 2972 5668 Sed
3021 5631 3119 5669 nos
3158 5615 3324 5672 etiam

1769 5703 1998 5759 inferius
2040 5705 2107 5760 de
2150 5705 2308 5760 annis
2356 5721 2384 5760 a
2422 5706 2626 5760 mundo
2674 5708 2894 5761 condito
2945 5708 3009 5761 ad
3046 5706 3324 5763 Christum

1769 5805 1953 5850 natum
1977 5796 2233 5850 nonnulla
2259 5796 2518 5852 dicemus.
