4058 6330
709 409 843 465 i007

2090 401 2336 460 LEONIS
2372 401 2643 458 ALLATII

3816 408 3936 464 £008

771 528 890 583 Col.
917 528 1037 594 757,
1056 527 1148 582 lin.
1169 523 1623 595 3‘7.A'ort(djts0a
1639 523 1770 596 γάρ.
1796 522 2266 594 Hancopinionetn
2298 533 2344 589 Α
2371 539 2491 594 cap.
2533 523 2739 586 llelec..
2776 533 2830 578 et
2858 532 3091 580 tractatu
3124 526 3201 581 De
3229 529 3568 591 idololatria,
3603 539 3732 594 cap.
3759 521 3929 585 “bne,

709 633 761 674 et
788 621 940 675 multi
975 619 1153 689 magni
1177 617 1412 672 numinis
1431 616 1618 673 Patres
1641 619 1810 674 secuti
1839 626 1982 672 sunt.
2014 614 2263 671 Justinus

702 712 906 784 Martyr
934 720 1012 766 Ad
1041 708 1189 763 (ἔργα.
1224 717 1417 780 quaest.
1473 710 1527 762 7|
1553 727 1568 773 ;
1601 708 1834 764 irenazus
1862 709 1956 763 lib.
1993 724 2022 761 ν
2047 709 2262 762 Αάῐιεη.

701 804 884 857 lucres.
917 817 1036 870 cap.
1069 810 1201 867 uit.;
1247 800 1582 864 Lactantius,
1613 802 1706 854 lib.
1755 815 1820 853 vu
1851 797 2092 853 lnstitut.
2138 815 2260 868 cap.

705 887 772 951 7;
811 884 1047 939 Hilarius
1080 898 1204 938 ean.
1226 886 1279 937 in
1311 881 2135 954 Matthwumxvn;Augustinus
2166 885 2260 942 lib.

701 991 772 1030 xx
800 975 876 1030 De
896 978 1104 1030 civitate
1145 975 1241 1030 Dei
1262 994 1282 1041 ;
1312 975 1670 1047 Hieronymus
1693 976 1905 1047 epistol.
1941 977 2006 1031 ad
2034 978 2264 1048 Cypria-

703 1082 855 1129 num,
894 1076 948 1122 et
979 1067 1282 1122 Comment.
1325 1068 1380 1120 in
1411 1064 1710 1130 Aliena-am,
1750 1082 1870 1136 cap.
1921 1084 1972 1122 tv
1999 1086 2013 1133 ;
2038 1066 2263 1123 Cerma-

701 1174 734 1210 n
798 1177 807 1209 '.
834 1157 1222 1213 Constantinus
1261 1157 1354 1211 lib.
1388 1156 1464 1210 De
1497 1157 1716 1210 Theoria
1745 1174 1918 1210 rerum
1951 1160 2264 1213 ecclesiasti-

699 1265 903 1314 carum,
933 1249 1001 1302 ad
1030 1247 1174 1302 hunc
1195 1263 1477 1303 numerum
1505 1250 1810 1320 quingentis
1835 1251 2080 1320 adjectis,
2110 1261 2161 1306 et
2186 1253 2260 1306 ait

699 1348 824 1394 ante
854 1342 1029 1409 ipsum
1060 1338 1247 1393 eadem
1294 1339 1496 1394 dixisse
1529 1348 1581 1393 et
1613 1339 1962 1411 Hippolytum
2006 1357 2036 1396 e
2065 1339 2253 1405 Roma,

697 1438 750 1484 et
806 1431 863 1484 S.
915 1427 1174 1499 Cyrillum
1227 1429 1283 1483 in
1327 1429 1421 1483 lib.
1481 1429 1552 1482 De
1596 1431 1955 1495 Antichristo,
2023 1433 2258 1503 itemque

695 1520 1165 1592 Chrysostomum.
1202 1519 1524 1590 Opinionem
1572 1523 1731 1578 istam
1766 1539 1872 1578 non
1902 1541 2025 1580 esse
2073 1542 2255 1580 veram

698 1610 814 1681 ipsa
845 1613 1178 1682 experientia
1207 1611 1488 1679 docemur,
1526 1614 1792 1684 praecipue
1823 1615 1868 1669 si
1909 1613 2257 1686 Septuaginta

699 1706 1196 1774 interpretationem
1254 1704 1662 1758 consideremus
1694 1745 1708 1769 ,
1768 1720 1930 1775 quam
1985 1718 2041 1762 ut
2089 1707 2256 1776 pluri-

698 1811 846 1850 mum
876 1797 1048 1852 secuti
1077 1805 1205 1850 sunt
1238 1806 1488 1852 auctores
1527 1811 1690 1867 supra
1721 1797 1894 1863 citati,
1923 1800 2012 1868 qui
2047 1800 2100 1853 id
2131 1815 2250 1854 mo-

697 1887 848 1940 deste
903 1895 1272 1941 asseruerunt.
1343 1885 1566 1957 Semper
1617 1886 1822 1942 dictum
1879 1887 2084 1943 Christi
2148 1906 2257 1960 prae

697 1977 871 2031 oculis
933 1975 1195 2031 habentes
1246 1975 1409 2030 Marci
1475 1993 1592 2041 xm,
1642 1978 1710 2032 32
1744 1997 1757 2032 :
1793 1977 1870 2032 De
1894 1979 1976 2034 die
2021 1982 2133 2045 illo,
2196 2000 2257 2035 ac

699 2077 946 2134 tempore,
975 2083 1122 2120 nemo
1140 2069 1298 2130 novit,
1335 2083 1491 2136 neque
1517 2068 1686 2138 angeli
1708 2069 1910 2138 quidem
1941 2073 2027 2140 qui
2054 2072 2103 2123 in
2130 2074 2256 2126 calo

698 2168 838 2222 sunt,
861 2173 1020 2226 neque
1044 2157 1148 2218 ipse
1172 2154 1374 2220 Filius;
1399 2167 1450 2212 et
1484 2158 1594 2211 Act.
1625 2174 1663 2222 ι,
1697 2157 1726 2210 7
1749 2177 1760 2211 :
1785 2156 1905 2212 Non
1928 2172 2003 2214 est
2034 2172 2255 2214 vestrum

697 2263 848 2301 nosse
876 2259 1104 2316 tempora
1140 2247 1215 2301 vel
1249 2256 1529 2315 momenta,
1560 2265 1675 2318 qua:
1704 2248 1843 2304 Deus
1872 2253 2042 2318 posuit
2074 2255 2125 2305 in
2160 2271 2256 2307 sua

697 2347 969 2407 potestate.
1017 2337 1338 2407 Nuperrime
1395 2349 1572 2393 tamen
1612 2338 1966 2396 Cunmannus
2006 2340 2255 2396 Flinsba-

697 2427 852 2482 chius
920 2426 1102 2481 lurore
1176 2426 1499 2483 insanientis
1557 2427 1986 2483 Luthcranorum
2032 2430 2254 2486 hmrcsis

695 2529 874 2581 actus,
911 2517 1095 2573 libello
1129 2516 1195 2573 de
1228 2517 1330 2571 hac
1380 2534 1438 2572 re
1485 2519 1633 2574 edito
1680 2530 1909 2575 conatur
1941 2523 2249 2586 ostendere.

694 2608 879 2661 Mundi
930 2608 1083 2678 hujus
1146 2619 1352 2663 a'tatem
1401 2625 1561 2678 supra
1615 2627 1704 2665 sea:
1750 2613 1921 2666 millia
1971 2631 2248 2679 annorum,

696 2705 941 2766 tanquant
991 2710 1183 2752 certam
1231 2709 1279 2752 et
1325 2700 1594 2753 immotam
1648 2713 1858 2767 metant,
1901 2719 2056 2772 quam
2110 2704 2250 2759 Deus

695 2789 910 2854 mundo,
939 2791 1158 2858 sapienti
1201 2801 1247 2844 et
1271 2791 1600 2844 inscrutabili
1621 2794 1836 2848 consilio
1865 2795 2247 2860 determinavit,

696 2895 798 2931 non
849 2895 1189 2935 excursuram
1236 2898 1365 2937 esse.
1398 2881 1597 2937 Deinde
1625 2885 1864 2938 ultimum
1898 2888 2250 2942 millenarium

696 2979 921 3036 sextum,
959 2973 1008 3024 in
1061 2990 1161 3042 quo
1206 2990 1339 3026 nunc
1395 2975 1631 3039 vivimus,
1670 2993 1769 3029 non
1810 2979 2118 3046 completum
2161 2983 2247 3034 iri.

699 3065 890 3115 Decem
917 3064 1245 3132 eonjecturis
1291 3065 1416 3118 hinc
1451 3066 1574 3120 inde
1609 3067 1676 3120 ab
1708 3067 1951 3136 ejusdem
1979 3070 2248 3125 luere-sees

2367 625 2421 672 et
2469 622 2687 670 tractat.
2746 614 2824 669 De
2855 614 3106 671 Sabbato.
3168 617 3302 688 Ejus
3373 619 3746 688 conjecturas
3793 615 3931 669 allen

2369 706 2540 761 nabbi
2590 706 2743 761 lsaac
2792 706 2846 759 in
2887 716 3050 775 caput
3076 706 3272 763 Cenes.
3305 709 3554 763 secundo
3588 720 3662 762 ex
3699 705 3832 758 locis
3860 704 3929 756 di-

2365 799 2503 850 vina:
2536 793 2851 865 Scriptum.
2911 793 3097 849 Tertio
3147 797 3343 850 nrirum
3391 805 3477 852 est
3523 803 3807 850 secretum
3841 792 3926 846 hoc

2364 887 2429 938 de
2474 882 2750 937 mundana
2787 882 3075 936 duratione
3102 885 3250 937 omni
3286 885 3493 938 nationi
3529 882 3922 942 absconditum,

2361 969 2527 1028 etiam
2573 974 2802 1043 angelis,
2836 984 2890 1028 et
2937 969 3078 1027 Filio
3123 973 3382 1038 hominis,
3416 976 3568 1045 quod
3604 991 3677 1030 ex
3725 983 3924 1030 senten-

2359 1064 2433 1115 tia
2459 1059 2682 1116 Patrum
2727 1073 2780 1117 et
2811 1061 3150 1133 expositione
3180 1065 3596 1136 intelligendum
3634 1075 3748 1129 est,
3775 1066 3923 1120 fuisse

2359 1154 2655 1209 revelatum
2708 1153 2856 1218 Elize,
2888 1162 2942 1209 et
2999 1155 3070 1209 ab
3112 1171 3178 1210 eo
3211 1159 3310 1210 toti
3347 1159 3594 1212 humano
3635 1159 3850 1228 generi,
3879 1167 3924 1212 et

2357 1257 2541 1304 tamen
2591 1249 2874 1320 ignorasse
2933 1250 3238 1320 apostolos.
3274 1249 3480 1317 Quarto
3513 1269 3581 1306 ex
3629 1255 3924 1324 Augustino

2359 1342 2413 1396 in
2439 1357 2559 1397 eum
2577 1343 2783 1396 ratione
2808 1343 3000 1412 psalm.
3017 1358 3216 1396 Lxxxtx
3234 1361 3246 1395 :
3262 1344 3391 1397 Ausi
3405 1358 3526 1399 sunt
3544 1348 3790 1401 homines
3810 1364 3927 1415 prab

2357 1451 2560 1488 sumere
2591 1435 2863 1488 scientiam
2916 1443 3221 1501 temporum,
3251 1434 3386 1504 quod
3429 1439 3567 1491 srire
3611 1439 3925 1506 cupientibus

2357 1525 2627 1592 discipulis
2657 1525 2909 1578 Dominus
2941 1526 3016 1578 ait
3041 1544 3058 1580 :
3090 1543 3108 1574 ι
3138 1525 3258 1577 Non
3285 1535 3363 1579 est
3383 1538 3616 1580 uestrum
3649 1533 3925 1582 sciretem-

2358 1632 2510 1683 pora,
2539 1633 2653 1686 qua:
2676 1615 2838 1670 Pater
2867 1617 3039 1684 posuit
3069 1619 3120 1668 in
3153 1633 3249 1670 sua
3277 1627 3557 1683 potestate,
3589 1640 3607 1671 ι
3635 1631 3689 1672 et
3722 1621 3928 1689 deﬁnie-

2357 1716 2477 1759 run’t
2525 1707 2619 1760 hac
2664 1709 2916 1762 steculum
2975 1722 3065 1761 sex
3095 1723 3351 1759 annorum
3387 1708 3650 1773 millibus,
3687 1722 3926 1778 tanquam

2354 1813 2444 1850 sea:
2471 1797 2650 1852 diebus
2667 1813 2817 1867 posse
2836 1798 3124 1866 ﬁniri;nec
3168 1798 3500 1851 attenderunt
3548 1799 3695 1866 quod
3740 1800 3924 1852 ditiis:

2356 1899 2454 1954 est,
2505 1900 2754 1959 tanquam
2799 1889 2909 1945 dies
2959 1906 3113 1950 unus,
3154 1890 3244 1959 qui
3298 1891 3553 1955 prarteriit
3587 1906 3604 1940 :
3637 1909 3749 1943 non
3796 1893 3920 1943 enim

2356 1979 2562 2049 quando
2595 1980 2690 2033 hoc
2719 1981 2916 2033 dictum
2955 1991 3031 2034 est
3074 1979 3174 2033 soli
3201 1980 3343 2032 mille
3384 1981 3511 2032 anni
3535 1983 3927 2047 pra'terierant;

2355 2081 2403 2124 et
2433 2071 2568 2141 quod
2608 2089 2693 2124 eos
2729 2075 2962 2124 maxime
2997 2072 3170 2125 debuit
3206 2071 3503 2133 admonere,
3539 2088 3607 2124 ne
3639 2081 3922 2138 temperan:

2358 2163 2658 2216 luderentur
2705 2164 2922 2224 incerto,
2951 2163 3080 2216 illud
3118 2173 3218 2225 est,
3247 2163 3379 2215 sicut
3429 2162 3615 2231 rigilia
3658 2164 3718 2215 in
3763 2177 3923 2223 nocte;

2356 2269 2513 2322 neque
2557 2255 2693 2304 enim
2732 2253 2794 2306 de
2819 2268 2909 2306 sea:
2939 2251 3118 2305 diebus
3151 2251 3348 2321 aliquid
3383 2253 3671 2306 verisimile
3696 2255 3924 2306 ridentur

2356 2344 2554 2411 opinati
2574 2354 2783 2412 propter
2813 2358 2902 2394 sex
2931 2342 3040 2394 dies
3065 2341 3147 2409 pri
3168 2358 3283 2404 uos,
3312 2341 3500 2409 quibus
3533 2340 3683 2394 Deus
3719 2343 3923 2410 perfecit

2354 2451 2509 2503 opera
2568 2451 2688 2500 sua,
2721 2435 2795 2487 sic
2825 2433 2983 2487 ctiam
3017 2448 3108 2486 sea:
3141 2432 3364 2502 vigilias,
3408 2433 3462 2484 id
3501 2443 3610 2495 est,
3651 2433 3817 2488 horas
3847 2435 3923 2488 de-

2353 2540 2460 2577 cem
2501 2534 2549 2577 et
2595 2534 2709 2577 octo
2754 2538 2977 2590 possunt
3030 2522 3112 2575 illi
3159 2522 3450 2591 opinationi
3489 2534 3773 2590 coaptare.
3806 2525 3926 2579 Vide

2353 2615 2475 2669 item
2506 2615 2850 2671 Ambrosium
2885 2616 2978 2669 lib.
3023 2631 3095 2668 γη
3137 2613 3346 2669 Comm.
3379 2615 3429 2668 in
3471 2613 3678 2668 Lucam
3717 2618 3779 2671 in
3805 2618 3924 2671 illud

2353 2706 2606 2765 Matthxi.
2647 2723 2778 2771 xvn,
2811 2707 2865 2771 2,
2892 2706 3019 2760 Post
3046 2708 3156 2760 dies
3185 2723 3274 2761 sea:
3304 2709 3733 2778 transﬁguratus
3769 2722 3862 2762 est.

2421 2797 2577 2861 ἰωὰ..
2611 2798 2712 2853 lin.
2745 2797 2832 2850 64.
2883 2798 3004 2849 Ἐπὶ
3046 2797 3113 2849 δὲ
3149 2797 3262 2863 τὴν
3297 2797 3423 2849 τοῦ.
3458 2798 3922 2868 Chronographo-

2353 2905 2469 2941 rum
2499 2890 2565 2942 de
2598 2889 2696 2942 hac
2742 2905 2799 2943 re
2849 2899 2902 2944 et
2945 2903 3086 2941 anno
3136 2889 3432 2942 nativitatis
3489 2887 3704 2942 Christi
3768 2897 3923 2944 varia

2353 2981 2568 3034 fuerunt
2594 2980 2895 3044 seutentim,
2929 2994 3158 3048 quarum
3182 2979 3470 3032 nonnullas
3501 2978 3556 3031 in
3599 2993 3702 3033 sua
3727 2979 3921 3034 Biblio-

2351 3072 2495 3123 tlieca
2523 3073 2703 3124 retulit
2731 3069 2915 3125 Sixtus
2943 3069 3217 3125 Senensis.
3235 3069 3344 3125 Nos
3376 3072 3500 3124 item
3525 3070 3598 3123 ad
3635 3072 3918 3126 illustran-

695 3153 1020 3223 primatibus
1079 3154 1283 3221 petitis,
1333 3164 1393 3209 ut
1451 3155 1554 3209 sibi
1598 3157 1812 3211 videtur
1841 3158 2098 3216 ostendit.
2139 3160 2241 3216 Sed
2273 3191 2311 3248 Ο
2348 3165 2471 3215 tium
2518 3163 2658 3217 hunc
2695 3165 2867 3218 locum
2913 3165 3121 3234 aliquas
3151 3163 3525 3232 subjiciemus.
3555 3163 3694 3229 Quae
3747 3173 3920 3219 autem

694 3245 877 3297 eximia
934 3246 1137 3314 peregit
1177 3254 1372 3315 praeter
1413 3245 1516 3302 hoc
1556 3264 1723 3302 unum
1771 3251 1872 3304 sibi
1907 3256 2241 3322 propositum

696 3335 1406 3400 institutum,insulsissime
1434 3340 1600 3402 enim,
1620 3348 1672 3392 et
1696 3340 2053 3412 undequaque
2085 3345 2247 3398 etiam

695 3427 930 3481 inaniter
983 3430 1271 3482 occasione
1327 3440 1542 3500 arrepta
1589 3431 1642 3484 in
1683 3430 1980 3488 Ecclesiam
2023 3436 2251 3489 catholi-

695 3531 812 3570 cam
851 3525 1043 3586 praeter
1065 3533 1279 3574 onmem
1311 3520 1530 3573 modum
1555 3528 1609 3574 et
1640 3522 1902 3577 rationem
1931 3523 2247 3594 impiissime

696 3623 891 3673 spurco
936 3607 1307 3678 maledicoquc
1361 3625 1456 3665 ore
1513 3611 1804 3667 invehitur.
1855 3613 2152 3671 Commune
2195 3616 2247 3670 id

695 3697 970 3761 erunibus,
1023 3699 1114 3767 qui
1171 3700 1397 3754 veritate
1454 3702 1695 3772 neglecta
1746 3704 1868 3758 aliis
1927 3707 2248 3775 cepulantur

694 3791 909 3844 vesanis
952 3792 1297 3861 opinionibus
1354 3805 1405 3850 et
1454 3797 1752 3851 erroribus.
1791 3795 1976 3866 Itaque
2015 3815 2135 3853 cmn
2182 3800 2245 3853 de

695 3899 796 3938 suo
850 3886 983 3938 nihil
1045 3887 1302 3956 proferat,
1335 3890 1497 3944 habet
1548 3891 1601 3945 id
1652 3892 1812 3946 etiam
1848 3893 1988 3964 quod
2032 3895 2247 3948 aliunde

695 3987 908 4046 arrepta
953 3977 1008 4032 in
1055 3978 1289 4048 pejorem
1327 3985 1650 4037 sententiam
1684 3983 1912 4050 deferat,
1948 4001 2049 4040 nec
2086 4001 2244 4039 unam

695 4071 746 4120 in
779 4075 926 4120 tanta
953 4070 1390 4139 conjecturarum
1439 4075 1621 4130 illuvie
1664 4091 1783 4145 qua:
1817 4075 2101 4132 discursus
2134 4077 2247 4130 fer-

693 4174 856 4221 lnam,
893 4161 975 4213 vel
1027 4164 1511 4228 argumentationis
1557 4165 1885 4235 prmscferat,
1922 4167 1976 4221 in
2009 4169 2242 4222 medium

691 4251 864 4305 allen.
899 4250 1026 4320 Ejus
1057 4254 1400 4322 conjecturas
1434 4255 1699 4323 refellere,
1732 4273 1830 4312 nec
1865 4259 2110 4319 interest,
2145 4275 2243 4312 nec

695 4344 794 4396 mei
831 4343 1062 4397 instituti
1087 4359 1205 4399 esse
1237 4343 1416 4408 duco;
1453 4346 1694 4399 ultimam
1727 4354 1904 4401 tamen
1937 4364 2097 4416 quam
2131 4351 2244 4418 ipse

693 4434 933 4487 omnium
977 4435 1414 4503 eonjecturarum
1467 4451 1730 4490 summam
1787 4440 2038 4507 appellat,
2084 4441 2245 4492 altiu-

2355 3253 2420 3306 de
2470 3253 2568 3307 hac
2613 3269 2670 3307 re
2716 3255 2784 3306 sit
2814 3262 2999 3307 nostra
3041 3256 3308 3307 sententia
3351 3255 3405 3307 in
3445 3254 3514 3307 iis
3551 3270 3676 3324 qua:
3725 3256 3797 3312 de
3828 3259 3922 3309 line

2356 3353 2654 3412 temporum
2687 3345 2794 3413 jam
2828 3359 3101 3412 paramus,
3154 3345 3453 3399 luculenter
3495 3347 3918 3413 explicabimus.

2355 3437 2655 3491 Abraamus
2721 3435 3088 3489 Bucholccrus
3146 3436 3200 3488 in
3262 3434 3480 3506 lsagoge
3531 3437 3922 3501 chronolorgica

2355 3530 2507 3599 ponit
2546 3543 2717 3583 annos
2756 3529 2923 3592 δυτψ
2956 3544 3077 3580 cum
3122 3542 3265 3582 Clltlll
3296 3543 3560 3581 annorum
3597 3532 3796 3585 mundi
3840 3547 3920 3585 se~

2356 3618 2486 3670 riem
2538 3619 2591 3670 in
2641 3618 2742 3669 tria
2795 3619 3021 3686 partitus
3056 3617 3245 3671 fuisset
3274 3624 3577 3686 temporum
3631 3622 3840 3687 spatia.
3875 3622 3921 3673 ia

2354 3711 2527 3778 primo
2581 3708 2825 3763 videlicet
2881 3724 2909 3761 τι
2958 3709 3232 3763 creatione
3292 3709 3475 3761 mundi
3530 3709 3600 3762 ad
3655 3714 3921 3779 templum

2357 3801 2663 3853 Salomonis
2720 3808 3000 3852 enumerat
3051 3814 3222 3851 annos
3264 3799 3435 3864 295i;
3503 3802 3554 3851 in
3599 3804 3854 3855 secundo
3896 3822 3923 3853 a

2355 3893 2571 3946 condito
2622 3893 2821 3958 templo
2871 3891 2936 3943 ad
2969 3891 3087 3958 ejus
3123 3891 3530 3956 desolationem,
3563 3901 3619 3946 et
3676 3893 3811 3948 inde
3859 3895 3922 3946 ad

2354 3984 2682 4051 captivitatis
2715 3982 3052 4052 Babylonica:
3099 3983 3259 4035 linem
3289 3997 3461 4036 annos
3505 3983 3602 4037 501
3631 4001 3647 4048 ;
3674 3984 3732 4038 in
3764 3989 3922 4040 tertio

2353 4091 2382 4128 a
2432 4077 2534 4128 line
2582 4075 2912 4143 captivitatis
2948 4073 3285 4145 Babylonica:
3318 4075 3381 4126 ad
3415 4083 3598 4128 natum
3635 4076 3921 4134 Christum

2353 4169 2475 4229 557,
2508 4169 2598 4236 qui
2631 4184 2839 4227 Olllllt‘S,
2877 4167 2919 4220 si
2952 4167 3110 4220 simul
3133 4178 3436 4228 sumantur,
3457 4170 3919 4224 constituuutnu-

2355 4275 2560 4314 merum
2591 4249 2924 4312 5970.]iisre
2955 4267 3133 4310 autem
3166 4260 3338 4310 tribus
3365 4257 3732 4312 Eusebianam
3761 4264 3919 4315 chio~

2351 4351 2644 4420 nologiam,
2677 4358 2729 4403 et
2760 4351 2983 4402 aliorum
3014 4350 3282 4418 prmcipuc
3312 4347 3648 4412 Graecorum,
3678 4354 3778 4420 qui
3817 4370 3919 4406 nu-

2353 4455 2622 4496 merosex
2644 4439 2992 4511 Septuaginta
3023 4441 3250 4493 mutuati
3285 4451 3432 4504 sunt,
3453 4458 3571 4494 cum
3602 4458 3699 4496 sua
3735 4449 3918 4499 conci-

693 4539 833 4592 gam,
855 4531 911 4576 ut
940 4539 1004 4578 ex
1028 4525 1129 4578 hac
1159 4526 1326 4580 lector
1365 4535 1418 4579 et
1446 4527 1683 4596 reliquas
1704 4529 2020 4597 dignoscere
2045 4533 2238 4586 valeat.
2276 4541 2319 4597 υ
2348 4533 2648 4601 lial,primt.
2675 4534 3010 4586 correctione
3032 4548 3375 4585 numerorum
3401 4535 3667 4589 versionis
3687 4537 3914 4600 Cnet-ar,

691 4616 813 4667 Jam
834 4617 1094 4670 coronidis
1120 4618 1223 4670 vice
1256 4617 1591 4686 subjiciemus
1625 4622 1882 4690 egregium
1901 4608 2034 4674 illud
2051 4623 2247 4676 dictant

693 4705 828 4759 Elia:
863 4707 1321 4777 propltetlc,qttod,
1351 4712 1449 4764 etsi
1477 4711 1530 4763 in
1567 4710 1751 4764 Bibliis
1780 4730 2032 4783 nusquam
2060 4725 2245 4779 exstet,

692 4810 862 4851 tamen
881 4800 1004 4868 quia
1029 4802 1347 4868 reliquarum
1362 4802 1592 4854 omnium
1609 4802 2020 4871 conjecturarum
2044 4822 2247 4858 summa

689 4899 786 4953 est,
804 4906 850 4943 et
868 4892 1019 4959 quasi
1043 4891 1341 4958 explicatio,
1361 4892 1597 4946 omnibus
1615 4895 1937 4947 notissimum
1954 4912 2061 4948 esse
2078 4897 2246 4961 debet,

696 4993 744 5036 et
775 4984 1001 5036 maxime
1034 4982 1329 5051 faciendum
1352 4994 1447 5037 est.
1466 4982 1743 5037 Sexmillia
1761 5002 2013 5039 annorum
2045 4990 2241 5049 mundi,

687 5085 734 5126 et
765 5085 939 5138 postea
969 5075 1270 5136 destructio,
1303 5075 1404 5127 duo
1428 5075 1596 5128 millia
1619 5075 1788 5132 inane.
1815 5077 1918 5129 duo
1945 5079 2111 5130 millia
2142 5079 2243 5141 lex,

687 5162 791 5214 duo
809 5163 970 5215 millia
991 5161 1251 5227 Christus,
1273 5173 1320 5218 et
1346 5165 1391 5218 si
1415 5165 1539 5232 quid
1556 5180 1617 5218 ea:
1638 5167 1715 5217 his
1737 5166 1913 5240 deerit,
1935 5167 2098 5219 deerit
2127 5185 2246 5234 pro-

686 5262 799 5321 pter
826 5265 1033 5320 peccata
1066 5264 1246 5307 nostra
1272 5272 1386 5325 qua:
1412 5273 1598 5326 magna
1629 5268 1675 5310 et
1706 5257 1975 5311 innumera
2001 5269 2141 5312 sunt.
2167 5259 2243 5312 En

687 5342 994 5399 Cunmanni
1057 5345 1394 5410 coronidem,
1433 5363 1500 5402 en
1534 5347 1680 5401 dicta
1733 5347 1970 5418 egregia,
2003 5365 2068 5403 en
2119 5366 2245 5420 pro-

690 5436 904 5502 phetam
935 5448 1085 5490 extra
1129 5433 1462 5506 Scripturas,
1492 5453 1558 5492 en
1585 5452 1876 5500 summam,
1908 5453 1972 5492 en
2003 5440 2236 5507 exp‘iea—

690 5526 913 5592 tionem,
952 5545 1071 5597 quae
1101 5530 1288 5599 quanti
1331 5529 1575 5584 facienda
1612 5531 1684 5585 sit
1712 5527 2032 5584 videbimus.
2061 5529 2242 5585 Primo

694 5615 883 5669 falsum
912 5629 994 5673 est
1016 5619 1220 5672 dictum
1253 5621 1382 5675 illud
1413 5635 1534 5675 esse
1557 5618 1686 5673 Elia:
1711 5617 1981 5674 Thesbita:
2006 5619 2241 5688 prophe-

689 5713 779 5769 tae,
804 5724 926 5762 eum
967 5712 1035 5765 sit
1068 5711 1348 5781 cujusdam
1388 5711 1517 5768 Elite
1561 5711 1770 5766 rabbini
1803 5709 2110 5766 Judaaorum
2150 5727 2241 5764 ca-

693 5800 925 5857 balistici
955 5813 1315 5859 commentum
1339 5804 1392 5859 in
1417 5803 1728 5868 Thalmud.,
1763 5811 1902 5858 tract
1931 5803 2237 5871 Sanedrim,

2349 4622 2544 4678 Cenes.
2597 4640 2630 4676 v
2679 4634 2729 4676 et
2779 4637 2870 4685 x1;
2907 4622 3148 4676 secundo
3193 4624 3485 4678 emissione
3545 4625 3805 4682 decennii
3865 4632 3913 4683 in

2350 4729 2512 4784 regno
2559 4714 2788 4768 Ammon
2836 4713 2898 4765 IV
2944 4714 3147 4782 Regum
3199 4730 3304 4777 xu;
3353 4718 3509 4768 tertio
3546 4719 3914 4785 applicatione

2349 4807 2474 4858 anni
2500 4805 2674 4858 ultimi
2694 4804 3022 4875 captivitatis
3045 4804 3379 4874 Babyloniae
3403 4807 3468 4859 ad
3492 4816 3740 4878 tempora
3766 4811 3914 4882 Cyri.

2347 4896 2699 4950 Cunmannus
2726 4895 3111 4950 Flinsbachius
3147 4896 3199 4948 in
3230 4897 3592 4968 chronologize
3621 4902 3915 4955 conﬁrma.

2349 4989 2491 5041 tione
2551 4997 2830 5040 enumerat
2873 5001 3045 5040 annos
3084 4986 3242 5049 5369.,
3274 4987 3523 5041 videlicet
3563 5002 3594 5040 a
3631 4995 3915 5047 creatione

2345 5077 2533 5130 mundi
2569 5077 2634 5131 ad
2671 5077 2931 5131 diluvium
2984 5077 3192 5139 1656,a
3235 5078 3442 5134 diluvio
3470 5079 3536 5132 ad
3566 5085 3910 5138 vocationem

2346 5169 2573 5223 Abraha:
2622 5171 2746 5231 $67,
2804 5185 2832 5220 a
2889 5172 3171 5224 vocatione
3229 5172 3454 5226 Abrahae
3497 5171 3561 5224 ad
3609 5174 3821 5226 exitum
3849 5173 3913 5228 de

2348 5257 2579 5328 A'Zgypto
2609 5259 2730 5319 £50,
2767 5259 2835 5311 ab
2860 5259 3008 5312 exitu
3048 5259 3115 5313 de
3146 5258 3380 5331 ,Ἑρ-βω
3416 5259 3480 5313 ad
3525 5259 3788 5316 Davidem
3831 5279 3910 5318 re-

2345 5369 2464 5422 gem
2512 5354 2635 5416 457,
2681 5369 2710 5407 a
2748 5352 2946 5408 Davide
2997 5353 3062 5407 ad
3113 5358 3481 5425 captivitatem
3527 5357 3908 5426 Bubyiostiraru

2345 5446 2467 5500 501.
2499 5445 2798 5513 Captivitas
2841 5445 3163 5515 Babylonica
3195 5448 3287 5510 70;
3326 5465 3354 5500 a
3384 5449 3698 5517 captivitate
3742 5449 3909 5520 Baby-

2346 5537 2520 5589 lonica
2551 5551 2721 5604 usque
2752 5534 2818 5589 ad
2851 5535 3128 5590 Christum
3159 5544 3356 5591 natum’
3375 5539 3500 5601 501,
3531 5554 3720 5592 omnes
3753 5539 3908 5594 simul

2342 5625 2503 5680 5962.
2533 5623 2769 5680 Joannes
2803 5623 3074 5682 Funceius
3121 5629 3174 5680 in
3209 5643 3308 5682 sua
3339 5627 3708 5700 Chronologia
3752 5629 3906 5688 5363.

2343 5715 2589 5770 videlicet
2631 5731 2660 5768 a
2711 5719 2986 5772 creatione
3038 5720 3226 5772 mundi
3287 5736 3462 5788 usque
3506 5720 3573 5773 ad
3622 5720 3905 5776 Persarum

2341 5807 2707 5863 monarchiam
2725 5809 2882 5876 5l06,
2903 5825 2930 5863 a
2948 5809 3233 5866 Persarum
3257 5812 3573 5866 nienarciiia
3597 5816 3662 5869 ad
3691 5824 3906 5883 regnum
