4058 6330
167 391 312 446 ιοοο
1180 389 1249 445 1N
1288 368 1659 446 EUS'i‘ATHli
1698 388 2169 445 HEXAEMERON
2211 385 2437 445 NOTAE.
3265 383 3403 440 ιοιο

161 504 487 557 Graecorum
545 510 668 574 post
722 501 1015 555 Alexandri
1061 512 1287 558 mortem
1341 503 1466 566 254,
1511 521 1540 557 a
1588 520 1750 572 regno
1781 511 1819 563 Λ
1851 513 2113 570 quuntur.
2149 498 2318 553 Rabbi
2358 496 2604 552 Nahsson
2652 497 2706 552 in
2734 497 2830 552 lib.
2865 495 2938 551 De
2978 494 3120 565 cyclo
3152 494 3402 549 Paschali
3461 558 3464 560 η

157 590 480 646 Graecorum
533 605 705 660 usque
757 590 824 645 ad
855 589 1225 646 Romanorum
1251 595 1640 655 ,monarchiam
1683 600 1736 644 et
1838 595 1996 657 5740,
2029 594 2202 649 Rabbi
2235 592 2360 647 Levi
2401 592 2453 645 in
2489 607 2564 646 ιιι
2596 591 2831 646 Danielis
2863 589 3023 653 3781,
3061 586 3229 642 Καὶ)ὺί
3291 588 3404 643 Μο-

154 684 373 738 Christi
423 685 766 738 nativitatem
797 681 899 736 32-3
933 702 946 737 :
979 691 1108 738 sunt
1159 685 1287 738 anni
1346 699 1535 740 omnes
1575 686 1736 740 simul
1838 700 1925 741 ses
1947 686 2318 742 Gerundensis
2344 683 2507 745 4058,
2533 681 2747 737 merfsés
2776 681 2828 737 5.
2852 679 2919 734 Et
2947 681 3138 735 horum
3184 685 3403 732 senten-

153 776 328 831 5965.
363 775 517 830 Ubbo
571 775 814 829 Emmius
838 774 1046 830 Frisius
1081 777 1135 830 in
1181 775 1531 847 chronol‘ogia
1558 789 1609 832 et
1646 793 1737 831 ea-

155 867 330 920 nonis
377 866 624 920 chronici
656 867 977 935 compendio
1013 867 1334 923 brevissimo
1388 875 1442 922 et
1485 869 1731 938 pleniori,

156 974 342 1013 annos
367 957 528 1020 5950,
558 957 765 1012 scilicet
796 974 825 1012 a
851 961 1127 1014 creatione
1153 958 1341 1013 mundi
1379 959 1442 1013 ad
1471 961 1731 1015 diluvium

154 1068 346 1106 annos
369 1049 524 1113 1657,
552 1051 618 1105 ad
641 1053 979 1108 vocationem
1007 1053 1235 1107 Abrahae
1253 1052 1417 1116 2024,
1440 1051 1504 1106 ad
1529 1055 1731 1107 exitum

153 1157 231 1199 ex
267 1142 503 1211 Egypto
530 1143 690 1206 2455,
717 1145 783 1197 ad
814 1145 1073 1214 templum
1104 1144 1409 1200 Salomonis
1453 1145 1730 1200 conditum

151 1230 329 1295 2952,
382 1234 447 1286 ad
503 1236 762 1304 templum
797 1235 1031 1290 deletum
1061 1235 1222 1298 5560,
1249 1235 1315 1288 ad
1352 1236 1608 1305 templum
1649 1236 1731 1288 in-

152 1330 471 1378 stauratum
505 1324 665 1388 5551,
696 1325 760 1378 ad
795 1325 1074 1379 Christum
1109 1327 1161 1380 in
1190 1334 1336 1379 terra
1364 1332 1550 1380 natum
1570 1325 1726 1381 5950.

149 1411 403 1472 Joannes
433 1417 729 1472 Boultesius
755 1417 915 1478 5960,
946 1418 1109 1487 idque
1140 1417 1341 1488 triplici
1379 1419 1465 1471 via
1506 1417 1730 1472 demon-

154 1514 321 1582 strat.
351 1508 529 1563 Prima
564 1511 821 1565 saeculum
869 1510 1106 1565 ethnicis
1140 1511 1383 1578 ignotum
1419 1519 1543 1565 ante
1582 1510 1728 1564 dilu-

151 1597 310 1650 vium
344 1598 500 1660 1657,
543 1616 768 1656 aureum
801 1601 1059 1655 saeculum
1098 1601 1222 1659 249.
1249 1613 1560 1673 argenteum
1599 1603 1723 1665 450,

151 1702 371 1742 :eneum
420 1689 552 1754 448,
601 1699 884 1746 stanneum
924 1689 1046 1749 427.
1099 1691 1330 1745 ferreum
1380 1691 1504 1755 240,
1555 1693 1725 1761 plum-

151 1777 322 1831 beum
353 1793 476 1831 cum
513 1778 789 1833 additione
815 1779 904 1845 16,
931 1781 1055 1844 510,
1081 1788 1135 1833 et
1175 1780 1277 1835 hoc
1308 1781 1470 1836 modo
1499 1797 1725 1835 consur—

1835 776 1940 839 tize,
1971 779 2049 830 uti
2077 777 2261 832 videre
2289 785 2393 838 est,
2429 774 2678 846 quamvis
2733 773 2918 835 varie,
2953 785 3054 826 nec
3101 768 3401 824 uniformes

1834 867 2106 932 videntur,
2158 874 2338 918 tamen
2398 877 2683 917 numerum
2739 860 2913 931 quinti
2953 857 3242 914 millenarii
3289 871 3399 911 non

1834 957 2123 1012 excedunt.
2171 957 2353 1010 Altera
2405 961 2487 1008 est
2541 967 2750 1015 eorum,
2787 953 2879 1022 qui
2935 965 3098 1022 supra
3146 950 3398 1021 quintum

1832 1049 2198 1104 millenarium
2251 1047 2457 1101 addunt
2510 1045 2713 1098 multos
2765 1058 2958 1108 annos,
2992 1057 3168 1111 neque
3217 1050 3398 1095 tamen

1832 1142 2205 1196 consentiunt.
2238 1139 2577 1208 Augustinus
2605 1143 2857 1189 numerat
2888 1149 3060 1189 annos
3091 1133 3223 1189 5551
3254 1151 3269 1200 ;
3300 1133 3401 1189 lsi-

1832 1230 1999 1284 dorus
2041 1246 2073 1281 v
2132 1227 2450 1297 Etymolog.,
2506 1225 2664 1280 5210.
2722 1221 2946 1278 Orosius
2999 1223 3156 1285 5190,
3207 1221 3396 1277 All'on-

1832 1338 1926 1377 sus
1955 1321 2116 1381 5984,
2153 1318 2416 1373 Eusebius
2443 1316 2582 1371 idem
2623 1314 2787 1368 sentit
2819 1329 2940 1368 cum
2971 1313 3188 1378 Orosio,
3222 1311 3401 1368 Theo-

1832 1410 2009 1478 philus
2061 1409 2432 1462 Antiochenus
2483 1407 2550 1460 ad
2596 1405 2910 1474 Autolycum
2959 1403 3115 1457 5476.
3184 1401 3399 1457 Nicetas

1831 1501 1921 1555 lib.
1951 1518 1963 1553 ι
2010 1499 2213 1552 Histor.
2246 1514 2364 1567 cap.
2411 1499 2476 1553 10
2496 1538 2509 1562 ,
2534 1497 2706 1561 5505;
2735 1495 3014 1549 Cedrenus
3040 1492 3200 1556 5506,
3227 1493 3399 1547 Graeci

1828 1593 1987 1659 vulgo
2015 1591 2151 1644 5508
2182 1600 2240 1644 ιιι
2261 1591 2312 1643 in
2333 1587 2494 1643 Sexta
2529 1587 2733 1658 synodo
2766 1601 2886 1655 cap.
2917 1587 2972 1639 5.
3004 1586 3060 1638 In
3095 1583 3396 1654 Horologi'o.

1826 1692 1879 1736 et
1912 1683 2055 1752 cyclo
2101 1681 2347 1734 Paschati
2403 1678 2729 1736 Nicodamus
2775 1681 2842 1734 de
2891 1677 3296 1732 resurrectione
3347 1683 3400 1730 et

1829 1774 2082 1842 passione
2131 1771 2340 1824 Domini
2388 1786 2516 1824 ann.
2570 1770 2731 1835 5500,
2787 1770 2888 1822 hoc
2933 1775 3015 1824 est
3054 1783 3081 1820 a
3121 1767 3400 1821 creatione

151 1877 296 1937 eunt
344 1870 412 1922 ab
444 1871 575 1924 orbe
603 1872 824 1925 condito
863 1871 929 1924 ad
962 1871 1168 1926 Christi
1201 1873 1533 1927 nativitatem
1568 1873 1724 1927 5960.

1829 1862 1958 1917 Adae
2007 1862 2075 1915 ad
2129 1862 2389 1916 diluvium
2442 1860 2602 1923 2212,
2629 1875 2658 1913 a
2685 1850 2890 1913 diluvio
2927 1874 3098 1928 usque
3125 1860 3191 1911 ad
3227 1859 3397 1913 Abra-

155 1958 441 2022 Seeunda,
466 1961 535 2014 ab
565 1961 721 2014 initio
748 1963 931 2016 saeculi
961 1963 1027 2016 ad
1059 1963 1323 2016 diluvium
1352 1963 1506 2027 1656,
1535 1978 1564 2017 a
1592 1963 1732 2017 dilu-

156 2053 255 2104 vio
293 2051 360 2105 ad
387 2050 584 2106 Ninum
619 2053 970 2105 monarcham
989 2052 1114 2117 219,
1145 2068 1177 2105 a
1207 2051 1344 2108 Nino
1365 2053 1431 2107 ad
1463 2051 1732 2107 Sardana-

152 2141 272 2210 pali
328 2139 486 2194 ﬁnem
536 2141 695 2203 1254,
730 2141 798 2195 ab
849 2140 1059 2196 Arbace
1100 2142 1167 2195 ad
1195 2141 1560 2197 Alexandrum
1615 2140 1729 2195 Ma-

149 2244 326 2301 gnum
371 2231 497 2296 695,
527 2233 594 2284 ab
616 2231 927 2286 Alexandro
951 2229 1145 2301 Magno
1176 2232 1242 2286 ad
1271 2231 1431 2286 linem
1449 2231 1602 2302 regni
1631 2229 1733 2302 Sy.

148 2322 254 2374 ria
291 2319 416 2383 255,
444 2335 474 2373 a
529 2321 687 2390 Syria
751 2335 1000 2392 possessa
1046 2336 1142 2392 per
1169 2320 1446 2377 Romanos
1476 2321 1541 2376 ad
1573 2321 1729 2378 Chri-

150 2419 308 2467 stum
352 2420 537 2467 natum
578 2412 667 2474 91,
702 2421 756 2467 et
804 2415 883 2468 sic
917 2413 1044 2467 item
1074 2421 1235 2470 erunt
1267 2413 1427 2468 5960.
1462 2410 1667 2477 Tertia,
1699 2429 1730 2468 a

150 2502 435 2558 creatiOne
490 2503 676 2558 mundi
738 2503 803 2558 ad
855 2504 1118 2559 diluvium
1165 2503 1380 2571 1656,a
1420 2504 1625 2560 diluvio
1663 2505 1729 2560 ad

151 2595 482 2663 cau'pletam
531 2595 600 2649 15
640 2595 945 2666 dynastiam
989 2595 1118 2660 292,
1177 2597 1232 2651 in
1266 2595 1332 2650 16
1384 2604 1436 2651 et
1473 2596 1538 2650 17
1562 2597 1728 2668 dyna-

151 2684 264 2737 stia
298 2684 437 2748 295,
477 2687 530 2738 in
566 2687 632 2742 18
673 2688 893 2758 dynast.
941 2687 1078 2751 548,
1131 2687 1188 2741 in
1253 2687 1318 2742 19
1361 2689 1725 2761 dynast.19£,

154 2777 212 2830 1η
267 2779 622 2846 sequentibus
656 2794 749 2834 sex
777 2780 1046 2850 dynastiis
1073 2779 1199 2843 489,
1234 2795 1266 2834 a
1290 2779 1360 2834 26
1407 2780 1624 2851 dynast.
1659 2780 1727 2833 ad

153 2868 366 2922 obitum
405 2870 696 2924 Alexandri
727 2871 852 2936 569,
883 2885 913 2923 a
940 2879 1112 2926 morte
1140 2870 1436 2925 Alexandri
1465 2871 1532 2925 ad
1565 2868 1726 2924 Chri-

152 2967 304 3014 stum
332 2960 455 3023 519,
484 2969 538 3015 et
570 2962 648 3016 sic
701 2961 827 3015 item
870 2963 1160 3016 constituit
1189 2961 1259 3016 ab
1281 2961 1506 3016 exordio
1539 2963 1726 3014 mundi

154 3045 225 3098 ad
257 3045 532 3102 Christum
579 3048 738 3104 5960.
783 3048 1064 3104 Gilbertus
1111 3051 1518 3107 Genebrardus.
1553 3051 1644 3104 lib.
1686 3068 1722 3110 ι,

152 3145 209 3190 et
245 3139 300 3191 in
334 3137 436 3194 line
473 3141 566 3196 lib.
603 3157 662 3203 ιι,
710 3141 869 3202 4090,
895 3141 962 3196 ab
995 3141 1127 3196 orbe
1157 3142 1367 3197 scilicet
1396 3141 1616 3197 condito
1654 3143 1718 3194 ad

154 3228 458 3284 eluvionem
480 3231 760 3295 1636,dies
781 3247 903 3296 sex;
924 3234 992 3288 ab
1006 3236 1252 3290 cluvione
1276 3235 1342 3289 ad
1365 3245 1541 3290 ortum
1559 3238 1730 3291 Abra-

156 3318 303 3373 hami
357 3320 482 3386 295,
515 3322 633 3378 dies
686 3324 783 3389 10;
837 3325 902 3376 ab
934 3325 1222 3378 Abrahami
1269 3333 1416 3388 ortu,
1443 3326 1510 3380 ad
1537 3337 1725 3397 egres-

156 3412 366 3465 sionem
396 3411 765 3467 lsraelitarum
789 3429 853 3467 ex
888 3413 1124 3484 Egypto
1151 3414 1275 3476 720,
1304 3415 1372 3468 ab
1396 3431 1624 3485 egressu
1661 3415 1726 3468 ad

152 3498 302 3567 jaeta
337 3504 522 3572 templi
557 3504 906 3558 fundamenta
936 3505 1060 3568 480,
1081 3522 1108 3556 a
1139 3505 1507 3561 fundamentis
1537 3507 1722 3576 templi

157 3589 221 3642 ad
247 3591 611 3658 captivitatem
631 3593 1009 3662 Babylonicam
1029 3595 1154 3656 419,
1180 3610 1394 3650 menses
1416 3596 1469 3660 6,
1492 3611 1520 3649 a
1551 3598 1726 3668 Baby-

159 3680 338 3736 lonica
377 3684 689 3752 captivitate
722 3686 787 3738 ad
819 3687 1097 3740 Christum
1140 3694 1324 3740 natum
1360 3686 1482 3740 5-20.
1518 3685 1719 3743 Omnes

164 3779 296 3824 sunt
349 3772 506 3827 1089.
533 3773 588 3828 Si
641 3775 806 3831 addas
835 3776 951 3830 dies
982 3786 1035 3831 et
1064 3792 1299 3838 menses,
1337 3779 1441 3831 erit
1468 3778 1726 3834 nativitas

158 3860 362 3916 Christi
408 3878 552 3917 anno
590 3863 750 3918 4090.
783 3863 1020 3920 Joannes
1046 3864 1311 3935 Georgius
1344 3864 1639 3920 llervartus
1668 3867 1722 3918 in

159 3969 260 4009 sua
311 3971 471 4020 nova,
502 3963 554 4010 et
585 3957 650 4011 ad
682 3957 952 4028 calculum
1001 3959 1426 4012 astronomicum
1456 3966 1720 4013 revocattr.

157 4045 523 4116 chronologize
579 4061 700 4116 cap.
759 4048 792 4102 5
836 4058 888 4101 et
939 4047 1063 4114 264,
1107 4053 1297 4101 exacto
1352 4062 1491 4101 anno
1535 4047 1720 4101 mundi

156 4136 300 4192 5955
341 4137 770 4192 incarnationem
846 4138 1054 4193 Domini
1117 4139 1292 4194 nostri
1337 4137 1466 4195 Jesu
1516 4139 1721 4194 Christi

159 4232 331 4297 ponit,
361 4230 600 4300 quodne
648 4230 853 4299 absque
891 4232 1102 4288 ratione
1139 4245 1381 4286 asserere
1421 4229 1718 4294 videretur,

155 4322 439 4375 sententia:
497 4337 607 4375 sua:
661 4320 1012 4376 fundamenta
1077 4322 1238 4390 jecit.
1277 4330 1329 4375 et
1376 4323 1428 4374 in
1483 4322 1716 4378 medium

160 4412 362 4466 attulit.
401 4411 659 4465 Numerat
689 4412 828 4466 enim
859 4428 980 4466 cum
1013 4412 1134 4467 aliis
1168 4428 1233 4466 ex
1265 4413 1584 4467 auctoritate
1619 4413 1719 4466 lle-

1834 1952 1954 2005 ham
1986 1952 2110 2015 912,
2151 1954 2222 2007 ab
2249 1952 2520 2006 Abraham
2551 1952 2616 2006 ad
2651 1951 2884 2021 Moyscm
2913 1950 3036 2013 450,
3063 1966 3091 2003 a
3122 1950 3300 2021 Moyse
3329 1951 3395 2005 ad

1834 2042 2000 2097 David
2051 2059 2230 2113 regem
2275 2042 2395 2107 510,
2425 2057 2454 2095 a
2512 2041 2712 2096 Davide
2753 2043 2818 2096 ad
2867 2042 3396 2111 transmigrationem

1832 2133 2124 2205 Babylonis
2154 2136 2276 2200 500,
2312 2151 2342 2188 a
2379 2135 2877 2203 transmigratione,
2915 2149 3085 2203 usque
3120 2133 3184 2188 ad
3217 2134 3395 2187 incar-

1831 2228 2102 2282 nationem
2130 2226 2332 2282 Christi
2370 2225 2504 2288 500;
2535 2225 2624 2294 qui
2655 2241 2844 2279 omnes
2872 2235 2994 2279 sunt
3026 2225 3182 2280 5500.
3229 2225 3394 2280 Chro-

1833 2318 1988 2372 nicon
2026 2316 2445 2372 Alexandrinum
2497 2315 2636 2370 5507
2660 2355 2674 2379 ,
2719 2314 3058 2386 Niccpliorus
3089 2316 3396 2386 patriarcha

1827 2408 2459 2479 Constantinopolitanus
2489 2407 2646 2464 5500.
2688 2410 2836 2475 Quos
2872 2411 2945 2462 ita
2995 2409 3394 2479 colligit:£uv-

1828 2501 2052 2569 ἄγονται
2101 2500 2172 2554 τὰ
2211 2499 2304 2570 ἔτη
2346 2498 2542 2562 οὕτως·
2573 2500 2648 2564 ὡς
2686 2481 3042 2554 ὑποτέτακται
3075 2501 3181 2554 ἀπὸ
3228 2499 3400 2570 Ἀδὰμ

1827 2590 1935 2653 ἕως
1978 2588 2074 2642 τοῦ
2122 2591 2507 2660 κατακλυσμοῦ
2543 2589 2736 2661 ,βσμβ’,
2772 2589 2877 2643 ἀπὸ
2914 2591 2970 2643 δὲ
3006 2589 3098 2643 τοῦ
3131 2590 3396 2643 κατακλυ-

1830 2681 1966 2753 σμοῦ
2000 2681 2104 2744 ἕως
2135 2680 2342 2752 πύργου
2372 2681 2598 2753 Νευρὼο
2647 2681 2740 2753 ἒτη
2785 2683 2901 2750 φκε¹
2922 2699 2933 2711 ·
2963 2682 3070 2735 ἀπὸ
3095 2681 3150 2734 δὲ
3185 2682 3393 2754 πύργου
3424 2689 3428 2693 ”

1826 2772 1932 2836 ἕως
1963 2771 2068 2825 τῶν
2099 2772 2546 2846 διχοτομημὰτων
2587 2774 2834 2846 Ἀϐραὰμ
2871 2774 2967 2844 ἐτη
3013 2775 3156 2827 υκε’·
3193 2775 3300 2828 ἀπὸ
3337 2776 3394 2827 δὲ

1825 2864 1934 2931 τῶν
1985 2864 2436 2936 διχοτομημάτων
2485 2867 2589 2930 ἓως
2639 2867 2731 2921 τοῦ
2786 2866 2967 2929 τέλους
3010 2864 3257 2936 Ἀϐραὰμ
3295 2865 3392 2937 ἐτη

1826 2955 1932 3018 ος’.
1961 2956 2093 3025 ὁμοῦ
2120 2956 2241 3026 ἐτη,
2270 2957 2464 3028 ,γσξτί-
2499 2958 2604 3010 ἀπὸ
2630 2958 2686 3011 δὲ
2721 2957 2812 3010 τοῦ
2865 2956 3113 3028 Ἀϐραὰμ
3149 2957 3254 3019 ἓως
3296 2955 3394 3027 τῆς

1826 3043 2005 3106 ἐξόδου
2038 3044 2145 3096 τῶν
2175 3045 2304 3098 υἱῶν
2353 3045 2564 3117 Ἰσραὴλ
2594 3047 2685 3117 ἔτη
2720 3046 2827 3098 υλ’·
2861 3047 2968 3099 ἀπὸ
2996 3047 3052 3099 δὲ
3081 3047 3180 3116 τῆς
3213 3046 3392 3111 εξόδου

1827 3134 1931 3197 ἓως
1949 3136 2047 3205 τῆς
2067 3137 2350 3207 οἰκοδομῆς
2372 3137 2520 3190 οἴκου
2551 3136 2755 3208 Κυρίου
2783 3137 2875 3208 ἐτη
2910 3137 3056 3206 ovg“
3086 3137 3191 3190 ἀπὸ
3217 3138 3271 3190 δὲ
3296 3139 3395 3208 τῆς

1831 3226 2114 3295 οἰκοδομῆς
2153 3225 2246 3279 τοῦ
2277 3227 2407 3279 ναοῦ
2441 3227 2545 3290 ἕως
2583 3229 2679 3299 τῆς
2712 3229 3086 3298 αἰχμαλωσίας
3118 3229 3210 3300 ἔτη
3260 3231 3393 3296 υκε’,

1829 3315 1960 3386 ὁμοῦ
1992 3316 2083 3388 ἔτη
2119 3318 2280 3382 ,δωπῖ
2320 3321 2450 3371 Ἀπὸ
2481 3320 2536 3373 δὲ
2569 3320 2667 3387 τῆς
2702 3322 3073 3391 αἰχμαλωσίας
3093 3322 3196 3386 ἕως
3220 3325 3400 3388 Ἀλεξ-

1830 3407 2017 3477 άνδρου
2065 3408 2156 3478 ἔτη
2207 3410 2341 3480 τιη’”
2380 3411 2486 3462 ἀπὸ
2515 3411 2571 3464 δὲ
2608 3412 2701 3463 τοῦ
2755 3411 3096 3484 Ἀλεξάνδρου
3144 3413 3247 3478 ἓως
3286 3415 3396 3481 τῷν

1828 3501 2030 3570 χρόνων
2056 3501 2227 3570 Ἰησοῦ
2251 3500 2341 3554 τοῦ
2362 3503 2562 3573 Κυρίου
2587 3503 2738 3573 ἡμῶν
2762 3502 2854 3572 ἐτη
2881 3511 2981 3572 τγ¹,
3010 3505 3142 3574 ὁμοῦ
3164 3506 3254 3576 ἔτη
3276 3507 3393 3577 ,εφᾌ

1832 3589 1962 3644 Vide
1997 3593 2260 3661 Argyrum
2309 3595 2362 3646 in
2415 3592 2573 3662 Cyrlo
2611 3594 2884 3658 Pascliali,
2913 3607 2964 3648 et
3012 3597 3170 3651 alios.
3201 3596 3395 3652 Noster

1829 3678 2143 3739 Eustathius
2198 3687 2353 3741 5551.
2391 3685 2508 3751 Qua
2560 3695 2738 3740 autem
2791 3687 2842 3740 id
2895 3689 3105 3743 ratione
3141 3690 3393 3753 aiiirmat,

1825 3793 2094 3846 exponere
2123 3779 2360 3833 breviter
2391 3781 2612 3835 minime
2651 3780 2764 3836 fieri
2797 3790 2989 3850 potest,
3017 3798 3140 3836 cum
3179 3792 3230 3838 et
3251 3785 3394 3840 vitas

1823 3877 2034 3937 patrum
2088 3877 2213 3924 ante
2267 3870 2527 3923 diluvium
2567 3880 2619 3925 ct
2663 3881 2784 3940 post
2823 3875 3134 3928 examinare
3179 3875 3398 3932 dillicile

1824 3960 1916 4024 sit,
1947 3969 1999 4014 et
2033 3977 2216 4031 regum
2261 3959 2413 4016 Judae
2461 3963 2797 4033 aliorumque
2846 3982 3019 4021 annos
3062 3975 3117 4022 et
3162 3969 3396 4024 interreo

1823 4065 1925 4119 gna
1950 4049 2282 4121 distinguere
2312 4053 2532 4108 minime
2562 4055 2630 4107 sit
2661 4055 2822 4122 hujus
2855 4059 3073 4125 negotii,
3105 4067 3157 4112 et
3186 4059 3396 4114 laboris

1823 4142 1997 4204 multi,
2052 4148 2103 4195 et
2157 4145 2444 4213 scriptura:
2501 4147 2758 4217 indigeat,
2795 4165 2859 4202 ne
2916 4149 3115 4203 lusisse
3167 4164 3390 4219 Operam

1822 4225 2150 4288 videremur.
2203 4232 2566 4293 Reservamus
2616 4249 2796 4293 tamen
2851 4239 3016 4303 hujus
3068 4241 3393 4310 qutcstionis

1819 4326 2254 4395 explicationem.
2320 4329 2372 4381 in
2410 4328 2548 4383 libro
2581 4338 2789 4394 nostro,
2844 4347 3001 4400 quem
3033 4332 3282 4401 superius
3315 4335 3392 4388 ci-

1821 4420 2076 4471 tavimus.
2111 4416 2344 4472 iuventa:
2366 4428 2492 4473 sunt
2513 4421 2672 4474 etiam
2697 4421 2814 4476 duae
2840 4423 3190 4478 eolleetiones
3218 4439 3396 4478 annos

161 4499 349 4566 braica
378 4502 445 4554 ³1)
478 4502 682 4554 Ᾱάῧιηο
706 4500 772 4554 ad
805 4501 1064 4555 άίίυνῖυηὶ
1104 4516 1276 4554 3""05
1314 4501 1468 4555 1655-
1493 4502 1618 4556 Inde
1653 4503 1717 4556 ad
1753 4512 1794 4566 D
1826 4527 1941 4565 rum
1961 4514 2364 4584 manuscriplae,
2395 4514 2560 4566 altera
2590 4527 2654 4566 ex
2680 4500 3394 4566 Marcellianichronicilino

161 4593 528 4646 Abrahamum
581 4593 706 4655 292,
755 4593 949 4647 exinde
980 4594 1044 4645 ad
1084 4590 1338 4646 Davidem
1378 4593 1502 4654 942,
1533 4593 1596 4646 ad
1632 4609 1720 4645 ca-

159 4685 457 4754 ptivitatem
489 4685 591 4737 £75
611 4724 624 4746 ,
652 4694 813 4753 atque
843 4683 1038 4738 exinde
1067 4683 1132 4737 ad
1163 4682 1442 4737 Christum
1471 4683 1593 4738 589.
1619 4684 1722 4750 Qui

158 4777 211 4831 in
247 4794 415 4832 unum
455 4778 668 4832 collecti
699 4783 826 4831 sunt
854 4775 994 4830 5952
1031 4795 1042 4830 :
1075 4776 1274 4845 quibus
1313 4775 1357 4829 si
1390 4785 1500 4829 tres
1547 4790 1720 4830 annos

158 4867 446 4936 adieceris,
501 4877 624 4938 post
677 4881 818 4936 quos
871 4867 1114 4939 vulgaris
1160 4866 1362 4921 Christi
1399 4867 1604 4936 epocha
1639 4869 1721 4920 in-

158 4957 351 5014 choata
403 4959 502 5013 fuit
545 4974 638 5029 per
683 4957 743 5014 D.
779 4957 1186 5029 Hieronymum,
1211 4967 1372 5015 erunt
1405 4959 1532 5012 anni
1560 4960 1717 5014 5955.

159 5054 436 5106 Annorum
469 5052 592 5106 item
631 5051 821 5105 seriem
853 5051 922 5105 ab
944 5053 1073 5106 orbe
1109 5052 1327 5105 condito
1355 5051 1419 5104 ad
1446 5049 1720 5106 Christum

159 5151 340 5195 natum
371 5142 539 5196 habes
576 5142 630 5195 in
677 5138 932 5195 Chronico
959 5140 1229 5205 Carionis,
1261 5156 1419 5210 quem
1465 5142 1604 5205 vide.
1662 5139 1723 5192 Et

157 5245 219 5284 ex
251 5231 493 5286 llebrzeis
520 5231 646 5285 Baal
670 5230 835 5308 Sedet~
871 5230 1047 5296 Oiam,
1080 5245 1107 5283 ει
1139 5231 1324 5284 mundi
1351 5232 1624 5284 creatione
1654 5229 1719 5284 ad

159 5324 494 5378 eversionem
537 5322 722 5393 templi
761 5321 860 5375 sub
891 5319 1232 5390 Vespasiano
1279 5329 1490 5375 tantum
1527 5336 1721 5375 nume-

161 5421 240 5466 rat
265 5430 439 5470 annos
477 5415 638 5477 5888,
674 5414 725 5468 id
772 5421 855 5469 est
892 5413 959 5466 ad
1000 5413 1274 5467 Christum
1326 5424 1508 5468 natum
1560 5414 1718 5468 3757.

164 5499 389 5560 Rahbini
425 5506 754 5560 recentiores
787 5503 852 5557 ad
881 5512 1066 5558 natum
1098 5505 1376 5559 Christum
1408 5519 1532 5557 ann.
1557 5504 1715 5563 5760,

162 5607 370 5652 menses
407 5599 459 5651 Δ.
501 5596 653 5653 Unde
682 5606 908 5668 quartus
936 5598 1124 5652 mundi
1154 5598 1494 5652 millenarius
1533 5597 1600 5651 ab
1639 5597 1717 5652 eis

165 5698 300 5742 anno
335 5688 546 5743 Domini
599 5690 704 5743 210
763 5690 1072 5755 confertur;
1121 5691 1344 5759 quintus
1410 5690 1463 5743 in
1514 5703 1714 5743 annum

170 5773 316 5844 1240,
355 5788 403 5836 et
460 5781 530 5836 ita
569 5782 825 5854 deincrps
857 5781 996 5854 quod
1033 5780 1190 5838 hodie
1228 5782 1384 5854 vulgo
1425 5780 1592 5838 Judad
1626 5798 1713 5838 sc-

1823 4605 1891 4660 ab
1941 4605 2106 4658 Adam
2168 4621 2339 4674 usque
2373 4605 2438 4658 ad
2489 4605 2748 4658 diluvium
2781 4605 2908 4658 anni
2941 4601 3101 4666 2242,
3130 4617 3158 4655 a
3183 4601 3392 4656 diluvio

1824 4713 1994 4766 usque
2027 4699 2092 4750 ad
2119 4698 2388 4751 Abraham
2426 4697 2550 4750 anni
2574 4695 2695 4760 942,
2724 4696 2790 4750 ab
2815 4694 3088 4749 Abraham
3124 4709 3297 4763 usque
3321 4695 3388 4748 ad

1825 4789 2135 4856 passionem
2174 4787 2385 4842 Domini
2416 4789 2542 4841 anni
2571 4787 2730 4851 2244,
2765 4784 2996 4839 alloma
3029 4799 3155 4839 vero
3170 4785 3386 4837 condita

1821 4862 1990 4942 usque
2030 4874 2096 4927 ad
2129 4873 2342 4928 Domini
2375 4873 2662 4929 adventum
2698 4874 2824 4927 anni
2880 4874 3000 4937 752,
3047 4887 3076 4926 a
3134 4872 3385 4942 passione

1821 4962 2030 5017 Domini
2066 4981 2236 5034 usque
2267 4965 2333 5018 ad
2357 4965 2701 5020 consulatum
2730 4963 2998 5018 Eustathii
3030 4966 3155 5017 anui
3184 4965 3304 5024 594,
3331 4973 3384 5019 et

1821 5072 1990 5124 usque
2024 5058 2087 5109 aii
2117 5059 2458 5112 consulatum
2501 5056 2610 5110 DN.
2643 5057 2936 5111 Theodosii
2968 5073 3055 5123 xv,
3099 5058 3226 5110 anni
3255 5057 3378 5112 409.

1822 5148 1981 5202 Fiant
2016 5151 2082 5202 ab
2121 5151 2290 5204 Adam
2328 5167 2500 5220 usque
2535 5150 2600 5203 ad
2633 5166 2721 5204 xw
2762 5148 3006 5203 Valentis
3056 5165 3280 5212 annum,
3331 5152 3380 5204 id

1819 5250 1922 5303 est,
1955 5258 2125 5310 usque
2185 5243 2249 5295 ad
2302 5242 2642 5296 consulatum
2677 5243 2795 5309 ejus
2832 5253 2883 5297 et
2922 5241 3288 5296 Valentiniani
3319 5258 3378 5303 ιι,

1820 5346 2006 5385 omnes
2033 5333 2156 5385 anni
2187 5333 2577 5394 15579;altera
2596 5348 2657 5387 ex
2689 5333 2979 5387 Eusebiani
3009 5333 3253 5386 chronici
3277 5334 3380 5386 line

1821 5421 1888 5473 ab
1917 5422 2048 5474 urbe
2078 5422 2293 5474 condita
2325 5424 2425 5478 sub
2454 5424 2672 5493 regibus
2704 5423 2830 5476 anni
2860 5424 2983 5486 210,
3015 5423 3112 5476 sub
3141 5423 3378 5475 consuli-

1820 5513 1918 5565 bus
1957 5513 2083 5564 anni
2113 5513 2234 5576 464,
2265 5515 2366 5568 sub
2400 5516 2654 5583 Augustis
2676 5523 2728 5569 et
2755 5514 3058 5568 Cmsaribus
3093 5514 3216 5566 anni
3251 5513 3377 5577 495,

1823 5604 2152 5670 colliguntur
2181 5618 2370 5658 omnes
2398 5607 2523 5659 anni
2552 5621 2722 5674 usque
2755 5605 2818 5659 ad
2838 5607 3176 5659 consulatum
3202 5603 3372 5657 Theo-

1819 5693 1951 5747 dosii
1977 5693 2213 5748 Junioris
2238 5711 2390 5758 ιιι-ιιι,
2410 5712 2459 5752 ct
2487 5696 2843 5749 Valentiniani
2869 5696 3105 5750 Junioris
3129 5695 3374 5750 Placidia!

1821 5784 1912 5835 (ιὲἰι
1961 5799 2025 5846 ιι,
2066 5786 2452 5852 ,‘it';_'!rstert:m,
2486 5783 2635 5836 1197.
2685 5782 3047 5837 .\i\.-\l'.rahani
3086 5798 3254 5846 usque
3308 5782 3377 5836 ad
