  <div class='ocr_page' id='page_1' title='image "/cluster/home/n/w/nwhite01/storage/ocr_20150623/18/pst.000005712038/526.png"; bbox 0 0 4058 6330; ppageno 0'>
   <div class='ocr_carea' id='block_1_1' title="bbox 173 375 320 430">
    <p class='ocr_par' dir='ltr' id='par_1_1' title="bbox 173 375 320 430">
     <span class='ocr_line' id='line_1_1' title="bbox 173 375 320 430; baseline -0.014 -2"><span class='ocrx_word' id='word_1_1' title='bbox 173 375 320 430; x_wconf 76' lang='grc'><strong>4017</strong></span> 
     </span>
    </p>
   </div>
   <div class='ocr_carea' id='block_1_2' title="bbox 1271 365 2530 425">
    <p class='ocr_par' dir='ltr' id='par_1_2' title="bbox 1271 365 2530 425">
     <span class='ocr_line' id='line_1_2' title="bbox 1271 365 2530 425; baseline 0.002 -2"><span class='ocrx_word' id='word_1_2' title='bbox 1271 367 1338 424; x_wconf 77' lang='grc' dir='ltr'><strong>ΙΝ</strong></span> <span class='ocrx_word' id='word_1_3' title='bbox 1376 365 1750 424; x_wconf 70' lang='grc' dir='ltr'><strong>ΕΗΞΤΑΤΗΙΙ</strong></span> <span class='ocrx_word' id='word_1_4' title='bbox 1798 367 2271 424; x_wconf 72' lang='lat' dir='ltr'><strong>HEXAEMERON</strong></span> <span class='ocrx_word' id='word_1_5' title='bbox 2305 367 2530 425; x_wconf 69' lang='grc' dir='ltr'><strong>ΝΟΤιΕ.</strong></span> 
     </span>
    </p>
   </div>
   <div class='ocr_carea' id='block_1_3' title="bbox 3300 371 3433 426">
    <p class='ocr_par' dir='ltr' id='par_1_3' title="bbox 3300 371 3433 426">
     <span class='ocr_line' id='line_1_3' title="bbox 3300 371 3433 426; baseline 0.015 -2"><span class='ocrx_word' id='word_1_6' title='bbox 3300 371 3433 426; x_wconf 67' lang='grc' dir='ltr'><strong>1οη</strong></span> 
     </span>
    </p>
   </div>
   <div class='ocr_carea' id='block_1_4' title="bbox 175 485 1762 562">
    <p class='ocr_par' dir='ltr' id='par_1_4' title="bbox 175 485 1757 562">
     <span class='ocr_line' id='line_1_4' title="bbox 175 485 1757 562; baseline -0.001 -18"><span class='ocrx_word' id='word_1_7' title='bbox 175 490 306 544; x_wconf 67' lang='grc' dir='ltr'><strong>ὅθεν</strong></span> <span class='ocrx_word' id='word_1_8' title='bbox 346 486 474 562; x_wconf 72' lang='grc' dir='ltr'><strong>ἦλθε</strong></span> <span class='ocrx_word' id='word_1_9' title='bbox 505 493 598 544; x_wconf 80' lang='grc' dir='ltr'><strong>καὶ</strong></span> <span class='ocrx_word' id='word_1_10' title='bbox 639 493 717 553; x_wconf 78' lang='grc' dir='ltr'><strong>είς</strong></span> <span class='ocrx_word' id='word_1_11' title='bbox 758 491 884 552; x_wconf 78' lang='grc' dir='ltr'><strong>τοὺς</strong></span> <span class='ocrx_word' id='word_1_12' title='bbox 919 488 1206 562; x_wconf 40' lang='grc' dir='ltr'><strong>Ἕλληνας..</strong></span> <span class='ocrx_word' id='word_1_13' title='bbox 1244 485 1575 556; x_wconf 81' lang='lat' dir='ltr'><strong>Eupolemus</strong></span> <span class='ocrx_word' id='word_1_14' title='bbox 1615 487 1757 558; x_wconf 87' lang='lat' dir='ltr'><strong>apud</strong></span> 
     </span>
    </p>
   </div>
   <div class='ocr_carea' id='block_1_5' title="bbox 1864 485 3430 562">
    <p class='ocr_par' dir='ltr' id='par_1_5' title="bbox 1864 486 3430 560">
     <span class='ocr_line' id='line_1_5' title="bbox 1864 486 3430 560; baseline 0.002 -18"><span class='ocrx_word' id='word_1_15' title='bbox 1864 489 1998 558; x_wconf 85' lang='lat' dir='ltr'><strong>perii</strong></span> <span class='ocrx_word' id='word_1_16' title='bbox 2056 490 2269 550; x_wconf 78' lang='lat' dir='ltr'><strong>habuit.</strong></span> <span class='ocrx_word' id='word_1_17' title='bbox 2321 486 2616 544; x_wconf 75' lang='lat' dir='ltr'><strong>tradidisse</strong></span> <span class='ocrx_word' id='word_1_18' title='bbox 2654 488 2943 553; x_wconf 89' lang='lat' dir='ltr'><strong>ministris,</strong></span> <span class='ocrx_word' id='word_1_19' title='bbox 2988 496 3047 542; x_wconf 91' lang='lat' dir='ltr'><strong>ut</strong></span> <span class='ocrx_word' id='word_1_20' title='bbox 3091 495 3430 560; x_wconf 69' lang='lat' dir='ltr'><strong>pertempta:</strong></span> 
     </span>
    </p>
   </div>
   <div class='ocr_carea' id='block_1_6' title="bbox 177 576 1765 651">
    <p class='ocr_par' dir='ltr' id='par_1_6' title="bbox 177 576 1765 651">
     <span class='ocr_line' id='line_1_6' title="bbox 177 576 1765 651; baseline -0.002 -18"><span class='ocrx_word' id='word_1_21' title='bbox 177 580 612 651; x_wconf 83' lang='lat' dir='ltr'><strong>Polyhistorem:</strong></span> <span class='ocrx_word' id='word_1_22' title='bbox 642 579 960 648; x_wconf 77' lang='grc' dir='ltr'><strong>Συζήσαντα</strong></span> <span class='ocrx_word' id='word_1_23' title='bbox 979 577 1034 629; x_wconf 75' lang='grc' dir='ltr'><strong>δὲ</strong></span> <span class='ocrx_word' id='word_1_24' title='bbox 1059 578 1148 630; x_wconf 80' lang='grc' dir='ltr'><strong>τὸν</strong></span> <span class='ocrx_word' id='word_1_25' title='bbox 1177 576 1428 647; x_wconf 76' lang='grc' dir='ltr'>Ἀϐραὰμ</span> <span class='ocrx_word' id='word_1_26' title='bbox 1461 579 1517 630; x_wconf 76' lang='grc' dir='ltr'><strong>ὲν</strong></span> <span class='ocrx_word' id='word_1_27' title='bbox 1559 577 1765 630; x_wconf 70' lang='grc' dir='ltr'><strong>Ἥλιον-ι</strong></span> 
     </span>
    </p>
   </div>
   <div class='ocr_carea' id='block_1_7' title="bbox 174 667 1765 739">
    <p class='ocr_par' dir='ltr' id='par_1_7' title="bbox 174 667 1765 739">
     <span class='ocr_line' id='line_1_7' title="bbox 174 667 1765 739; baseline -0.002 -15"><span class='ocrx_word' id='word_1_28' title='bbox 174 672 335 724; x_wconf 73' lang='grc' dir='ltr'><strong>πόλει</strong></span> <span class='ocrx_word' id='word_1_29' title='bbox 388 675 503 735; x_wconf 81' lang='grc' dir='ltr'><strong>τοῖς</strong></span> <span class='ocrx_word' id='word_1_30' title='bbox 546 669 854 738; x_wconf 73' lang='grc' dir='ltr'><strong>Αἰγυπτίων</strong></span> <span class='ocrx_word' id='word_1_31' title='bbox 901 669 1142 738; x_wconf 74' lang='grc' dir='ltr'><strong>ἱερεῦσι,</strong></span> <span class='ocrx_word' id='word_1_32' title='bbox 1191 668 1360 722; x_wconf 73' lang='grc' dir='ltr'><strong>πολλὰ</strong></span> <span class='ocrx_word' id='word_1_33' title='bbox 1420 667 1765 739; x_wconf 70' lang='grc' dir='ltr'><strong>μεταδιδάξαι</strong></span> 
     </span>
    </p>
   </div>
   <div class='ocr_carea' id='block_1_8' title="bbox 175 759 1763 834">
    <p class='ocr_par' dir='ltr' id='par_1_8' title="bbox 175 759 1763 834">
     <span class='ocr_line' id='line_1_8' title="bbox 175 759 1763 834; baseline -0.001 -21"><span class='ocrx_word' id='word_1_34' title='bbox 175 763 402 826; x_wconf 68' lang='grc' dir='ltr'><strong>αὐτοὺς,</strong></span> <span class='ocrx_word' id='word_1_35' title='bbox 425 763 515 816; x_wconf 68' lang='grc' dir='ltr'>καὶ</span> <span class='ocrx_word' id='word_1_36' title='bbox 541 763 640 834; x_wconf 75' lang='grc' dir='ltr'><strong>τὴν</strong></span> <span class='ocrx_word' id='word_1_37' title='bbox 663 759 1016 830; x_wconf 75' lang='grc' dir='ltr'><strong>ἀστρολογίαν</strong></span> <span class='ocrx_word' id='word_1_38' title='bbox 1050 762 1142 812; x_wconf 74' lang='lat' dir='ltr'><strong>ml.</strong></span> <span class='ocrx_word' id='word_1_39' title='bbox 1167 761 1236 812; x_wconf 84' lang='grc' dir='ltr'><strong>τὰ</strong></span> <span class='ocrx_word' id='word_1_40' title='bbox 1264 759 1423 812; x_wconf 74' lang='grc' dir='ltr'><strong>λοιπὰ</strong></span> <span class='ocrx_word' id='word_1_41' title='bbox 1453 759 1639 812; x_wconf 77' lang='grc' dir='ltr'><strong>τοῦτον</strong></span> <span class='ocrx_word' id='word_1_42' title='bbox 1667 760 1763 811; x_wconf 82' lang='grc' dir='ltr'>αὐ-</span> 
     </span>
    </p>
   </div>
   <div class='ocr_carea' id='block_1_9' title="bbox 174 850 1762 922">
    <p class='ocr_par' dir='ltr' id='par_1_9' title="bbox 174 850 1762 922">
     <span class='ocr_line' id='line_1_9' title="bbox 174 850 1762 922; baseline 0 -18"><span class='ocrx_word' id='word_1_43' title='bbox 174 855 296 915; x_wconf 79' lang='grc' dir='ltr'><strong>τοῖς</strong></span> <span class='ocrx_word' id='word_1_44' title='bbox 324 850 718 922; x_wconf 73' lang='grc' dir='ltr'><strong>εἰσηγήσασθαι</strong></span> <span class='ocrx_word' id='word_1_45' title='bbox 736 889 752 913; x_wconf 85' lang='grc'><em>,</em></span> <span class='ocrx_word' id='word_1_46' title='bbox 783 850 1023 922; x_wconf 84' lang='grc' dir='ltr'><strong>φάμενον</strong></span> <span class='ocrx_word' id='word_1_47' title='bbox 1063 851 1435 914; x_wconf 74' lang='grc' dir='ltr'><strong>Βαϐυλωνίους</strong></span> <span class='ocrx_word' id='word_1_48' title='bbox 1464 851 1638 904; x_wconf 77' lang='grc' dir='ltr'>ταῦτα</span> <span class='ocrx_word' id='word_1_49' title='bbox 1670 852 1762 904; x_wconf 77' lang='grc' dir='ltr'><strong>καὶ</strong></span> 
     </span>
    </p>
   </div>
   <div class='ocr_carea' id='block_1_10' title="bbox 174 942 1763 1015">
    <p class='ocr_par' dir='ltr' id='par_1_10' title="bbox 174 942 1763 1015">
     <span class='ocr_line' id='line_1_10' title="bbox 174 942 1763 1015; baseline -0.001 -18"><span class='ocrx_word' id='word_1_50' title='bbox 174 945 347 997; x_wconf 74' lang='grc' dir='ltr'><strong>αὐτὸν</strong></span> <span class='ocrx_word' id='word_1_51' title='bbox 387 944 677 1015; x_wconf 71' lang='grc' dir='ltr'><strong>εὑρηκέναι</strong></span> <span class='ocrx_word' id='word_1_52' title='bbox 700 960 715 992; x_wconf 80' lang='grc'><strong>.’</strong></span> <span class='ocrx_word' id='word_1_53' title='bbox 752 942 848 1014; x_wconf 82' lang='grc' dir='ltr'>τὴν</span> <span class='ocrx_word' id='word_1_54' title='bbox 901 943 958 996; x_wconf 76' lang='grc' dir='ltr'><strong>δὲ</strong></span> <span class='ocrx_word' id='word_1_55' title='bbox 999 944 1213 1014; x_wconf 71' lang='grc' dir='ltr'><strong>εὕρεσιν</strong></span> <span class='ocrx_word' id='word_1_56' title='bbox 1265 943 1443 997; x_wconf 76' lang='grc' dir='ltr'><strong>αὐτῶν</strong></span> <span class='ocrx_word' id='word_1_57' title='bbox 1482 947 1562 1006; x_wconf 75' lang='grc' dir='ltr'><strong>εἰς</strong></span> <span class='ocrx_word' id='word_1_58' title='bbox 1594 944 1763 1015; x_wconf 81' lang='grc' dir='ltr'><strong>Ἑνὼχ</strong></span> 
     </span>
    </p>
   </div>
   <div class='ocr_carea' id='block_1_11' title="bbox 175 1036 1763 1108">
    <p class='ocr_par' dir='ltr' id='par_1_11' title="bbox 175 1036 1763 1108">
     <span class='ocr_line' id='line_1_11' title="bbox 175 1036 1763 1108; baseline -0.001 -18"><span class='ocrx_word' id='word_1_59' title='bbox 175 1037 568 1106; x_wconf 77' lang='grc' dir='ltr'><strong>ἀναπέμπειν,</strong></span> <span class='ocrx_word' id='word_1_60' title='bbox 628 1038 720 1089; x_wconf 76' lang='grc' dir='ltr'><strong>καὶ</strong></span> <span class='ocrx_word' id='word_1_61' title='bbox 765 1036 955 1088; x_wconf 78' lang='grc' dir='ltr'><strong>τοῦτον</strong></span> <span class='ocrx_word' id='word_1_62' title='bbox 1024 1038 1319 1108; x_wconf 69' lang='grc' dir='ltr'>εὑρηκέναι</span> <span class='ocrx_word' id='word_1_63' title='bbox 1382 1037 1594 1108; x_wconf 71' lang='grc' dir='ltr'>πρῶτον</span> <span class='ocrx_word' id='word_1_64' title='bbox 1665 1037 1763 1107; x_wconf 84' lang='grc' dir='ltr'><strong>τὴν</strong></span> 
     </span>
    </p>
   </div>
   <div class='ocr_carea' id='block_1_12' title="bbox 175 1128 1762 1198">
    <p class='ocr_par' dir='ltr' id='par_1_12' title="bbox 175 1128 1762 1198">
     <span class='ocr_line' id='line_1_12' title="bbox 175 1128 1762 1198; baseline -0.001 -16"><span class='ocrx_word' id='word_1_65' title='bbox 175 1129 560 1198; x_wconf 77' lang='grc' dir='ltr'><strong>ἀστρολογίαν,</strong></span> <span class='ocrx_word' id='word_1_66' title='bbox 615 1129 714 1182; x_wconf 72' lang='grc' dir='ltr'><strong>οὐκ</strong></span> <span class='ocrx_word' id='word_1_67' title='bbox 767 1129 1113 1196; x_wconf 79' lang='grc' dir='ltr'><strong>Αἰγυπτίους.</strong></span> <span class='ocrx_word' id='word_1_68' title='bbox 1164 1131 1516 1197; x_wconf 88' lang='lat' dir='ltr'><strong>Artapanus:</strong></span> <span class='ocrx_word' id='word_1_69' title='bbox 1554 1128 1656 1181; x_wconf 84' lang='grc' dir='ltr'><strong>Τὸν</strong></span> <span class='ocrx_word' id='word_1_70' title='bbox 1707 1128 1762 1181; x_wconf 86' lang='grc' dir='ltr'>δὲ</span> 
     </span>
    </p>
   </div>
   <div class='ocr_carea' id='block_1_13' title="bbox 179 1216 1760 1292">
    <p class='ocr_par' dir='ltr' id='par_1_13' title="bbox 179 1216 1760 1292">
     <span class='ocr_line' id='line_1_13' title="bbox 179 1216 1760 1292; baseline 0 -20"><span class='ocrx_word' id='word_1_71' title='bbox 179 1219 602 1290; x_wconf 75' lang='grc' dir='ltr'><strong>’Δϐραμον,τὴν</strong></span> <span class='ocrx_word' id='word_1_72' title='bbox 622 1216 1012 1292; x_wconf 68' lang='grc' dir='ltr'><strong>ἀστρολογικὴν</strong></span> <span class='ocrx_word' id='word_1_73' title='bbox 1043 1221 1351 1290; x_wconf 76' lang='grc' dir='ltr'><strong>ἐπιστήμην</strong></span> <span class='ocrx_word' id='word_1_74' title='bbox 1386 1218 1760 1281; x_wconf 69' lang='grc' dir='ltr'><strong>παιδευθέντα,</strong></span> 
     </span>
    </p>
   </div>
   <div class='ocr_carea' id='block_1_14' title="bbox 175 1308 1764 1381">
    <p class='ocr_par' dir='ltr' id='par_1_14' title="bbox 175 1308 1764 1381">
     <span class='ocr_line' id='line_1_14' title="bbox 175 1308 1764 1381; baseline 0.003 -21"><span class='ocrx_word' id='word_1_75' title='bbox 175 1308 405 1380; x_wconf 80' lang='grc' dir='ltr'><strong>πρῶτον</strong></span> <span class='ocrx_word' id='word_1_76' title='bbox 441 1311 535 1379; x_wconf 83' lang='grc' dir='ltr'>μὲν</span> <span class='ocrx_word' id='word_1_77' title='bbox 567 1310 737 1364; x_wconf 79' lang='grc' dir='ltr'>ἐλθεῖν</span> <span class='ocrx_word' id='word_1_78' title='bbox 789 1313 869 1374; x_wconf 72' lang='grc' dir='ltr'>εις</span> <span class='ocrx_word' id='word_1_79' title='bbox 911 1311 1161 1381; x_wconf 78' lang='grc' dir='ltr'><strong>Φοινίκην</strong></span> <span class='ocrx_word' id='word_1_80' title='bbox 1189 1351 1202 1373; x_wconf 84' lang='grc'><em>,</em></span> <span class='ocrx_word' id='word_1_81' title='bbox 1238 1313 1329 1363; x_wconf 80' lang='grc' dir='ltr'>καὶ</span> <span class='ocrx_word' id='word_1_82' title='bbox 1359 1311 1483 1373; x_wconf 77' lang='grc' dir='ltr'><strong>τοὺς</strong></span> <span class='ocrx_word' id='word_1_83' title='bbox 1512 1312 1764 1374; x_wconf 79' lang='grc' dir='ltr'><strong>Φοίνικας</strong></span> 
     </span>
    </p>
   </div>
   <div class='ocr_carea' id='block_1_15' title="bbox 176 1400 1764 1472">
    <p class='ocr_par' dir='ltr' id='par_1_15' title="bbox 176 1400 1764 1472">
     <span class='ocr_line' id='line_1_15' title="bbox 176 1400 1764 1472; baseline 0 -18"><span class='ocrx_word' id='word_1_84' title='bbox 176 1400 540 1470; x_wconf 76' lang='grc' dir='ltr'><strong>ἀστρολογίαν</strong></span> <span class='ocrx_word' id='word_1_85' title='bbox 577 1402 781 1466; x_wconf 78' lang='grc' dir='ltr'><strong>διδάξαι</strong></span> <span class='ocrx_word' id='word_1_86' title='bbox 802 1418 814 1432; x_wconf 94' lang='grc'><strong>·</strong></span> <span class='ocrx_word' id='word_1_87' title='bbox 854 1402 1079 1472; x_wconf 77' lang='grc' dir='ltr'>ὕστερον</span> <span class='ocrx_word' id='word_1_88' title='bbox 1107 1403 1151 1454; x_wconf 83' lang='grc' dir='ltr'><strong>δ’</strong></span> <span class='ocrx_word' id='word_1_89' title='bbox 1182 1405 1262 1465; x_wconf 83' lang='grc' dir='ltr'><strong>εἰς</strong></span> <span class='ocrx_word' id='word_1_90' title='bbox 1289 1403 1560 1471; x_wconf 78' lang='grc' dir='ltr'><strong>Αἴγυπτον</strong></span> <span class='ocrx_word' id='word_1_91' title='bbox 1587 1419 1764 1472; x_wconf 83' lang='grc' dir='ltr'>παρα-</span> 
     </span>
    </p>
   </div>
   <div class='ocr_carea' id='block_1_16' title="bbox 175 1491 1764 1557">
    <p class='ocr_par' dir='ltr' id='par_1_16' title="bbox 175 1491 1764 1557">
     <span class='ocr_line' id='line_1_16' title="bbox 175 1491 1764 1557; baseline 0.003 -13"><span class='ocrx_word' id='word_1_92' title='bbox 175 1492 460 1557; x_wconf 74' lang='grc' dir='ltr'><strong>γενέσθαι.</strong></span> <span class='ocrx_word' id='word_1_93' title='bbox 500 1491 700 1547; x_wconf 85' lang='lat' dir='ltr'><strong>llorum</strong></span> <span class='ocrx_word' id='word_1_94' title='bbox 758 1501 942 1547; x_wconf 87' lang='lat' dir='ltr'><strong>tamen</strong></span> <span class='ocrx_word' id='word_1_95' title='bbox 979 1495 1250 1548; x_wconf 75' lang='lat' dir='ltr'><strong>sententia</strong></span> <span class='ocrx_word' id='word_1_96' title='bbox 1288 1493 1509 1548; x_wconf 83' lang='lat' dir='ltr'><strong>Pererio</strong></span> <span class='ocrx_word' id='word_1_97' title='bbox 1540 1511 1646 1547; x_wconf 92' lang='lat' dir='ltr'><strong>non</strong></span> <span class='ocrx_word' id='word_1_98' title='bbox 1675 1509 1764 1548; x_wconf 85' lang='lat' dir='ltr'><strong>ar-</strong></span> 
     </span>
    </p>
   </div>
   <div class='ocr_carea' id='block_1_17' title="bbox 175 1584 1753 1656">
    <p class='ocr_par' dir='ltr' id='par_1_17' title="bbox 175 1584 1753 1656">
     <span class='ocr_line' id='line_1_17' title="bbox 175 1584 1753 1656; baseline 0.001 -18"><span class='ocrx_word' id='word_1_99' title='bbox 175 1584 360 1647; x_wconf 83' lang='lat' dir='ltr'><strong>ridet,</strong></span> <span class='ocrx_word' id='word_1_100' title='bbox 387 1601 613 1655; x_wconf 82' lang='lat' dir='ltr'><strong>eamque</strong></span> <span class='ocrx_word' id='word_1_101' title='bbox 662 1586 738 1638; x_wconf 91' lang='lat' dir='ltr'><strong>ait</strong></span> <span class='ocrx_word' id='word_1_102' title='bbox 770 1585 1008 1639; x_wconf 76' lang='lat' dir='ltr'><strong>divinam</strong></span> <span class='ocrx_word' id='word_1_103' title='bbox 1051 1584 1388 1655; x_wconf 85' lang='lat' dir='ltr'><strong>Scripturani</strong></span> <span class='ocrx_word' id='word_1_104' title='bbox 1434 1601 1753 1656; x_wconf 80' lang='lat' dir='ltr'><strong>coarguere.</strong></span> 
     </span>
    </p>
   </div>
   <div class='ocr_carea' id='block_1_18' title="bbox 175 1675 1761 1748">
    <p class='ocr_par' dir='ltr' id='par_1_18' title="bbox 175 1675 1761 1748">
     <span class='ocr_line' id='line_1_18' title="bbox 175 1675 1761 1748; baseline 0 -18"><span class='ocrx_word' id='word_1_105' title='bbox 175 1675 370 1732; x_wconf 85' lang='lat' dir='ltr'><strong>Primo</strong></span> <span class='ocrx_word' id='word_1_106' title='bbox 395 1719 408 1741; x_wconf 92' lang='lat'><strong>,</strong></span> <span class='ocrx_word' id='word_1_107' title='bbox 440 1680 566 1748; x_wconf 90' lang='lat' dir='ltr'><strong>quia</strong></span> <span class='ocrx_word' id='word_1_108' title='bbox 599 1679 871 1732; x_wconf 78' lang='lat' dir='ltr'><strong>Abraham</strong></span> <span class='ocrx_word' id='word_1_109' title='bbox 919 1679 1245 1732; x_wconf 85' lang='lat' dir='ltr'><strong>brevissimo</strong></span> <span class='ocrx_word' id='word_1_110' title='bbox 1289 1688 1532 1747; x_wconf 90' lang='lat' dir='ltr'><strong>tempore</strong></span> <span class='ocrx_word' id='word_1_111' title='bbox 1563 1678 1664 1730; x_wconf 86' lang='lat' dir='ltr'><strong>fuit</strong></span> <span class='ocrx_word' id='word_1_112' title='bbox 1706 1679 1761 1731; x_wconf 94' lang='lat' dir='ltr'><strong>in</strong></span> 
     </span>
    </p>
   </div>
   <div class='ocr_carea' id='block_1_19' title="bbox 173 1767 1760 1838">
    <p class='ocr_par' dir='ltr' id='par_1_19' title="bbox 173 1767 1760 1838">
     <span class='ocr_line' id='line_1_19' title="bbox 173 1767 1760 1838; baseline -0.001 -15"><span class='ocrx_word' id='word_1_113' title='bbox 173 1767 452 1838; x_wconf 62' lang='lat' dir='ltr'><strong>Egypto,</strong></span> <span class='ocrx_word' id='word_1_114' title='bbox 489 1771 558 1822; x_wconf 83' lang='lat' dir='ltr'><strong>ita</strong></span> <span class='ocrx_word' id='word_1_115' title='bbox 588 1776 647 1822; x_wconf 92' lang='lat' dir='ltr'><strong>ut</strong></span> <span class='ocrx_word' id='word_1_116' title='bbox 681 1772 734 1822; x_wconf 90' lang='lat' dir='ltr'><strong>in</strong></span> <span class='ocrx_word' id='word_1_117' title='bbox 768 1777 922 1822; x_wconf 86' lang='lat' dir='ltr'><strong>tanta</strong></span> <span class='ocrx_word' id='word_1_118' title='bbox 952 1767 1217 1822; x_wconf 84' lang='lat' dir='ltr'><strong>brevitate</strong></span> <span class='ocrx_word' id='word_1_119' title='bbox 1246 1769 1503 1837; x_wconf 89' lang='lat' dir='ltr'><strong>temporis</strong></span> <span class='ocrx_word' id='word_1_120' title='bbox 1525 1768 1628 1820; x_wconf 76' lang='lat' dir='ltr'><strong>illa:</strong></span> <span class='ocrx_word' id='word_1_121' title='bbox 1649 1767 1760 1822; x_wconf 86' lang='lat' dir='ltr'><strong>dis-</strong></span> 
     </span>
    </p>
   </div>
   <div class='ocr_carea' id='block_1_20' title="bbox 173 1857 1755 1929">
    <p class='ocr_par' dir='ltr' id='par_1_20' title="bbox 173 1857 1755 1929">
     <span class='ocr_line' id='line_1_20' title="bbox 173 1857 1755 1929; baseline 0 -17"><span class='ocrx_word' id='word_1_122' title='bbox 173 1860 402 1929; x_wconf 67' lang='lat' dir='ltr'><strong>ciplinae</strong></span> <span class='ocrx_word' id='word_1_123' title='bbox 445 1875 543 1914; x_wconf 88' lang='lat' dir='ltr'><strong>nec</strong></span> <span class='ocrx_word' id='word_1_124' title='bbox 599 1859 906 1929; x_wconf 83' lang='lat' dir='ltr'><strong>potuissent</strong></span> <span class='ocrx_word' id='word_1_125' title='bbox 930 1858 1226 1929; x_wconf 77' lang='lat' dir='ltr'><strong>explicari,</strong></span> <span class='ocrx_word' id='word_1_126' title='bbox 1262 1873 1362 1912; x_wconf 87' lang='lat' dir='ltr'><strong>nec</strong></span> <span class='ocrx_word' id='word_1_127' title='bbox 1396 1857 1626 1912; x_wconf 89' lang='lat' dir='ltr'><strong>addisci.</strong></span> <span class='ocrx_word' id='word_1_128' title='bbox 1660 1859 1755 1912; x_wconf 86' lang='lat' dir='ltr'><strong>Se-</strong></span> 
     </span>
    </p>
   </div>
   <div class='ocr_carea' id='block_1_21' title="bbox 173 1949 1755 2020">
    <p class='ocr_par' dir='ltr' id='par_1_21' title="bbox 173 1949 1755 2020">
     <span class='ocr_line' id='line_1_21' title="bbox 173 1949 1755 2020; baseline 0 -17"><span class='ocrx_word' id='word_1_129' title='bbox 173 1949 403 2012; x_wconf 87' lang='lat' dir='ltr'><strong>cundo,</strong></span> <span class='ocrx_word' id='word_1_130' title='bbox 447 1950 575 2020; x_wconf 89' lang='lat' dir='ltr'><strong>quia</strong></span> <span class='ocrx_word' id='word_1_131' title='bbox 623 1951 808 2003; x_wconf 82' lang='lat' dir='ltr'><strong>statim</strong></span> <span class='ocrx_word' id='word_1_132' title='bbox 852 1950 1106 2004; x_wconf 88' lang='lat' dir='ltr'><strong>restituta</strong></span> <span class='ocrx_word' id='word_1_133' title='bbox 1152 1964 1323 2002; x_wconf 77' lang='lat' dir='ltr'><strong>uxore</strong></span> <span class='ocrx_word' id='word_1_134' title='bbox 1370 1949 1563 2018; x_wconf 85' lang='lat' dir='ltr'><strong>jussus</strong></span> <span class='ocrx_word' id='word_1_135' title='bbox 1593 1949 1755 2005; x_wconf 89' lang='lat' dir='ltr'><strong>fuerit</strong></span> 
     </span>
    </p>
   </div>
   <div class='ocr_carea' id='block_1_22' title="bbox 175 2039 1756 2112">
    <p class='ocr_par' dir='ltr' id='par_1_22' title="bbox 175 2039 1756 2112">
     <span class='ocr_line' id='line_1_22' title="bbox 175 2039 1756 2112; baseline 0 -16"><span class='ocrx_word' id='word_1_136' title='bbox 175 2042 340 2096; x_wconf 84' lang='lat' dir='ltr'><strong>abire</strong></span> <span class='ocrx_word' id='word_1_137' title='bbox 357 2057 420 2096; x_wconf 79' lang='lat' dir='ltr'><strong>ex</strong></span> <span class='ocrx_word' id='word_1_138' title='bbox 437 2039 692 2112; x_wconf 65' lang='lat' dir='ltr'><strong>Egypto;</strong></span> <span class='ocrx_word' id='word_1_139' title='bbox 714 2049 766 2096; x_wconf 84' lang='lat' dir='ltr'><strong>et</strong></span> <span class='ocrx_word' id='word_1_140' title='bbox 790 2041 1002 2111; x_wconf 82' lang='lat' dir='ltr'><strong>nequid</strong></span> <span class='ocrx_word' id='word_1_141' title='bbox 1023 2041 1330 2096; x_wconf 81' lang='lat' dir='ltr'><strong>detrimenti</strong></span> <span class='ocrx_word' id='word_1_142' title='bbox 1358 2049 1652 2112; x_wconf 83' lang='lat' dir='ltr'><strong>pateretur,</strong></span> <span class='ocrx_word' id='word_1_143' title='bbox 1671 2057 1756 2096; x_wconf 84' lang='lat' dir='ltr'><strong>co—</strong></span> 
     </span>
    </p>
   </div>
   <div class='ocr_carea' id='block_1_23' title="bbox 176 2131 1754 2204">
    <p class='ocr_par' dir='ltr' id='par_1_23' title="bbox 176 2131 1754 2204">
     <span class='ocr_line' id='line_1_23' title="bbox 176 2131 1754 2204; baseline -0.001 -16"><span class='ocrx_word' id='word_1_144' title='bbox 176 2135 350 2189; x_wconf 83' lang='lat' dir='ltr'><strong>mites</strong></span> <span class='ocrx_word' id='word_1_145' title='bbox 369 2134 418 2188; x_wconf 87' lang='lat' dir='ltr'><strong>ei</strong></span> <span class='ocrx_word' id='word_1_146' title='bbox 444 2133 556 2188; x_wconf 89' lang='lat' dir='ltr'><strong>dati</strong></span> <span class='ocrx_word' id='word_1_147' title='bbox 580 2137 709 2188; x_wconf 80' lang='lat' dir='ltr'><strong>sint.</strong></span> <span class='ocrx_word' id='word_1_148' title='bbox 739 2133 925 2190; x_wconf 86' lang='lat' dir='ltr'><strong>Tertio</strong></span> <span class='ocrx_word' id='word_1_149' title='bbox 946 2149 1012 2188; x_wconf 79' lang='lat' dir='ltr'><strong>ex</strong></span> <span class='ocrx_word' id='word_1_150' title='bbox 1041 2132 1097 2190; x_wconf 90' lang='lat' dir='ltr'><strong>S.</strong></span> <span class='ocrx_word' id='word_1_151' title='bbox 1127 2131 1449 2204; x_wconf 71' lang='lat' dir='ltr'><strong>Augustino,</strong></span> <span class='ocrx_word' id='word_1_152' title='bbox 1472 2131 1546 2186; x_wconf 62' lang='lat' dir='ltr'><strong>Di:</strong></span> <span class='ocrx_word' id='word_1_153' title='bbox 1568 2133 1754 2186; x_wconf 77' lang='lat' dir='ltr'><strong>civita-</strong></span> 
     </span>
    </p>
   </div>
   <div class='ocr_carea' id='block_1_24' title="bbox 177 2223 1756 2294">
    <p class='ocr_par' dir='ltr' id='par_1_24' title="bbox 177 2223 1756 2294">
     <span class='ocr_line' id='line_1_24' title="bbox 177 2223 1756 2294; baseline -0.006 -13"><span class='ocrx_word' id='word_1_154' title='bbox 177 2233 236 2281; x_wconf 73' lang='grc' dir='ltr'><strong>ιο</strong></span> <span class='ocrx_word' id='word_1_155' title='bbox 261 2223 378 2290; x_wconf 75' lang='lat' dir='ltr'><strong>Dei,</strong></span> <span class='ocrx_word' id='word_1_156' title='bbox 413 2224 504 2279; x_wconf 87' lang='lat' dir='ltr'><strong>lib.</strong></span> <span class='ocrx_word' id='word_1_157' title='bbox 534 2239 688 2287; x_wconf 77' lang='lat' dir='ltr'><strong>xviii,</strong></span> <span class='ocrx_word' id='word_1_158' title='bbox 719 2239 842 2294; x_wconf 90' lang='lat' dir='ltr'><strong>cap.</strong></span> <span class='ocrx_word' id='word_1_159' title='bbox 871 2224 960 2287; x_wconf 73' lang='grc'><strong>40,</strong></span> <span class='ocrx_word' id='word_1_160' title='bbox 994 2225 1088 2292; x_wconf 87' lang='lat' dir='ltr'><strong>qui</strong></span> <span class='ocrx_word' id='word_1_161' title='bbox 1114 2223 1412 2277; x_wconf 80' lang='lat' dir='ltr'><strong>Varronem</strong></span> <span class='ocrx_word' id='word_1_162' title='bbox 1445 2224 1630 2277; x_wconf 87' lang='lat' dir='ltr'><strong>laudat</strong></span> <span class='ocrx_word' id='word_1_163' title='bbox 1657 2238 1756 2277; x_wconf 66' lang='lat' dir='ltr'><strong>au.-</strong></span> 
     </span>
    </p>
   </div>
   <div class='ocr_carea' id='block_1_25' title="bbox 175 2313 1758 2387">
    <p class='ocr_par' dir='ltr' id='par_1_25' title="bbox 175 2313 1758 2387">
     <span class='ocr_line' id='line_1_25' title="bbox 175 2313 1758 2387; baseline -0.001 -15"><span class='ocrx_word' id='word_1_164' title='bbox 175 2326 418 2380; x_wconf 84' lang='lat' dir='ltr'><strong>ctorcm,</strong></span> <span class='ocrx_word' id='word_1_165' title='bbox 453 2333 485 2372; x_wconf 86' lang='lat' dir='ltr'><strong>a</strong></span> <span class='ocrx_word' id='word_1_166' title='bbox 511 2331 621 2387; x_wconf 92' lang='lat' dir='ltr'><strong>quo</strong></span> <span class='ocrx_word' id='word_1_167' title='bbox 643 2316 920 2387; x_wconf 76' lang='lat' dir='ltr'><strong>prodituro</strong></span> <span class='ocrx_word' id='word_1_168' title='bbox 952 2316 1023 2370; x_wconf 86' lang='lat' dir='ltr'><strong>sit</strong></span> <span class='ocrx_word' id='word_1_169' title='bbox 1044 2313 1328 2384; x_wconf 66' lang='lat' dir='ltr'><strong>Egyptios</strong></span> <span class='ocrx_word' id='word_1_170' title='bbox 1355 2315 1586 2382; x_wconf 90' lang='lat' dir='ltr'><strong>primum</strong></span> <span class='ocrx_word' id='word_1_171' title='bbox 1619 2315 1758 2370; x_wconf 89' lang='lat' dir='ltr'><strong>Iside</strong></span> 
     </span>
    </p>
   </div>
   <div class='ocr_carea' id='block_1_26' title="bbox 180 2405 1757 2477">
    <p class='ocr_par' dir='ltr' id='par_1_26' title="bbox 180 2405 1757 2477">
     <span class='ocr_line' id='line_1_26' title="bbox 180 2405 1757 2477; baseline -0.002 -15"><span class='ocrx_word' id='word_1_172' title='bbox 180 2408 449 2477; x_wconf 77' lang='lat' dir='ltr'><strong>magistra</strong></span> <span class='ocrx_word' id='word_1_173' title='bbox 467 2408 690 2466; x_wconf 84' lang='lat' dir='ltr'><strong>Jitteras</strong></span> <span class='ocrx_word' id='word_1_174' title='bbox 743 2406 1004 2461; x_wconf 86' lang='lat' dir='ltr'><strong>didicisse</strong></span> <span class='ocrx_word' id='word_1_175' title='bbox 1046 2407 1209 2475; x_wconf 91' lang='lat' dir='ltr'><strong>paulo</strong></span> <span class='ocrx_word' id='word_1_176' title='bbox 1257 2406 1375 2474; x_wconf 84' lang='lat' dir='ltr'><strong>plus</strong></span> <span class='ocrx_word' id='word_1_177' title='bbox 1407 2405 1636 2459; x_wconf 85' lang='lat' dir='ltr'><strong>duorum</strong></span> <span class='ocrx_word' id='word_1_178' title='bbox 1667 2421 1757 2459; x_wconf 80' lang='lat' dir='ltr'><strong>an-</strong></span> 
     </span>
    </p>
   </div>
   <div class='ocr_carea' id='block_1_27' title="bbox 182 2494 1756 2555">
    <p class='ocr_par' dir='ltr' id='par_1_27' title="bbox 182 2494 1756 2555">
     <span class='ocr_line' id='line_1_27' title="bbox 182 2494 1756 2555; baseline -0.003 0"><span class='ocrx_word' id='word_1_179' title='bbox 182 2515 385 2555; x_wconf 85' lang='lat' dir='ltr'><strong>norum</strong></span> <span class='ocrx_word' id='word_1_180' title='bbox 421 2501 660 2554; x_wconf 84' lang='lat' dir='ltr'><strong>millibus</strong></span> <span class='ocrx_word' id='word_1_181' title='bbox 702 2509 828 2554; x_wconf 89' lang='lat' dir='ltr'><strong>ante</strong></span> <span class='ocrx_word' id='word_1_182' title='bbox 867 2515 1020 2554; x_wconf 86' lang='lat' dir='ltr'><strong>suam</strong></span> <span class='ocrx_word' id='word_1_183' title='bbox 1069 2507 1301 2552; x_wconf 76' lang='lat' dir='ltr'><strong>tetatem.</strong></span> <span class='ocrx_word' id='word_1_184' title='bbox 1349 2494 1450 2552; x_wconf 89' lang='lat' dir='ltr'><strong>lsis</strong></span> <span class='ocrx_word' id='word_1_185' title='bbox 1490 2512 1619 2550; x_wconf 91' lang='lat' dir='ltr'><strong>vero</strong></span> <span class='ocrx_word' id='word_1_186' title='bbox 1647 2497 1756 2550; x_wconf 82' lang='lat' dir='ltr'><strong>filia</strong></span> 
     </span>
    </p>
   </div>
   <div class='ocr_carea' id='block_1_28' title="bbox 179 2589 1756 2662">
    <p class='ocr_par' dir='ltr' id='par_1_28' title="bbox 179 2589 1756 2662">
     <span class='ocr_line' id='line_1_28' title="bbox 179 2589 1756 2662; baseline -0.002 -18"><span class='ocrx_word' id='word_1_187' title='bbox 179 2591 288 2644; x_wconf 90' lang='lat' dir='ltr'><strong>fuit</strong></span> <span class='ocrx_word' id='word_1_188' title='bbox 309 2592 486 2645; x_wconf 88' lang='lat' dir='ltr'><strong>Inachi</strong></span> <span class='ocrx_word' id='word_1_189' title='bbox 511 2593 654 2662; x_wconf 75' lang='lat' dir='ltr'><strong>regis</strong></span> <span class='ocrx_word' id='word_1_190' title='bbox 671 2590 1014 2660; x_wconf 83' lang='lat' dir='ltr'><strong>Argivorum,</strong></span> <span class='ocrx_word' id='word_1_191' title='bbox 1041 2589 1197 2657; x_wconf 77' lang='lat' dir='ltr'><strong>cujus</strong></span> <span class='ocrx_word' id='word_1_192' title='bbox 1220 2604 1441 2657; x_wconf 79' lang='lat' dir='ltr'><strong>regnum</strong></span> <span class='ocrx_word' id='word_1_193' title='bbox 1466 2597 1587 2658; x_wconf 86' lang='lat' dir='ltr'><strong>post</strong></span> <span class='ocrx_word' id='word_1_194' title='bbox 1611 2604 1756 2642; x_wconf 91' lang='lat' dir='ltr'><strong>mor-</strong></span> 
     </span>
    </p>
   </div>
   <div class='ocr_carea' id='block_1_29' title="bbox 179 2679 1752 2743">
    <p class='ocr_par' dir='ltr' id='par_1_29' title="bbox 179 2679 1752 2743">
     <span class='ocr_line' id='line_1_29' title="bbox 179 2679 1752 2743; baseline -0.002 -7"><span class='ocrx_word' id='word_1_195' title='bbox 179 2693 295 2737; x_wconf 86' lang='lat' dir='ltr'><strong>tem</strong></span> <span class='ocrx_word' id='word_1_196' title='bbox 334 2684 563 2739; x_wconf 77' lang='lat' dir='ltr'><strong>Abrahte</strong></span> <span class='ocrx_word' id='word_1_197' title='bbox 614 2683 831 2737; x_wconf 87' lang='lat' dir='ltr'><strong>inchoat</strong></span> <span class='ocrx_word' id='word_1_198' title='bbox 858 2682 1142 2737; x_wconf 87' lang='lat' dir='ltr'><strong>Eusebius.</strong></span> <span class='ocrx_word' id='word_1_199' title='bbox 1191 2679 1491 2743; x_wconf 85' lang='lat' dir='ltr'><strong>Postremo,</strong></span> <span class='ocrx_word' id='word_1_200' title='bbox 1525 2679 1752 2733; x_wconf 84' lang='lat' dir='ltr'><strong>Jatnbli-</strong></span> 
     </span>
    </p>
   </div>
   <div class='ocr_carea' id='block_1_30' title="bbox 179 2772 1757 2846">
    <p class='ocr_par' dir='ltr' id='par_1_30' title="bbox 179 2772 1757 2846">
     <span class='ocr_line' id='line_1_30' title="bbox 179 2772 1757 2846; baseline -0.003 -16"><span class='ocrx_word' id='word_1_201' title='bbox 179 2777 346 2840; x_wconf 85' lang='lat' dir='ltr'><strong>chus,</strong></span> <span class='ocrx_word' id='word_1_202' title='bbox 373 2775 450 2830; x_wconf 83' lang='lat' dir='ltr'><strong>De</strong></span> <span class='ocrx_word' id='word_1_203' title='bbox 480 2785 692 2846; x_wconf 66' lang='lat' dir='ltr'><strong>mysta.</strong></span> <span class='ocrx_word' id='word_1_204' title='bbox 725 2773 967 2845; x_wconf 73' lang='lat' dir='ltr'><strong>.Egypt.,</strong></span> <span class='ocrx_word' id='word_1_205' title='bbox 997 2775 1230 2843; x_wconf 90' lang='lat' dir='ltr'><strong>primum</strong></span> <span class='ocrx_word' id='word_1_206' title='bbox 1270 2773 1551 2844; x_wconf 75' lang='lat' dir='ltr'><strong>sapientia:</strong></span> <span class='ocrx_word' id='word_1_207' title='bbox 1585 2782 1636 2826; x_wconf 91' lang='lat' dir='ltr'><strong>et</strong></span> <span class='ocrx_word' id='word_1_208' title='bbox 1664 2772 1757 2826; x_wconf 81' lang='lat' dir='ltr'><strong>do-</strong></span> 
     </span>
    </p>
   </div>
   <div class='ocr_carea' id='block_1_31' title="bbox 180 2866 1757 2939">
    <p class='ocr_par' dir='ltr' id='par_1_31' title="bbox 180 2866 1757 2939">
     <span class='ocr_line' id='line_1_31' title="bbox 180 2866 1757 2939; baseline -0.001 -17"><span class='ocrx_word' id='word_1_209' title='bbox 180 2869 490 2923; x_wconf 85' lang='lat' dir='ltr'><strong>ctrinarum</strong></span> <span class='ocrx_word' id='word_1_210' title='bbox 511 2868 652 2937; x_wconf 87' lang='lat' dir='ltr'><strong>apud</strong></span> <span class='ocrx_word' id='word_1_211' title='bbox 671 2867 956 2939; x_wconf 52' lang='lat' dir='ltr'><strong>[Egyptios</strong></span> <span class='ocrx_word' id='word_1_212' title='bbox 983 2879 1260 2923; x_wconf 91' lang='lat' dir='ltr'><strong>auctorem</strong></span> <span class='ocrx_word' id='word_1_213' title='bbox 1282 2867 1410 2920; x_wconf 87' lang='lat' dir='ltr'><strong>facit</strong></span> <span class='ocrx_word' id='word_1_214' title='bbox 1433 2866 1757 2927; x_wconf 73' lang='lat' dir='ltr'><strong>Mercurium</strong></span> 
     </span>
    </p>
   </div>
   <div class='ocr_carea' id='block_1_32' title="bbox 181 2956 1758 3029">
    <p class='ocr_par' dir='ltr' id='par_1_32' title="bbox 181 2956 1758 3029">
     <span class='ocr_line' id='line_1_32' title="bbox 181 2956 1758 3029; baseline -0.001 -18"><span class='ocrx_word' id='word_1_215' title='bbox 181 2957 624 3029; x_wconf 77' lang='lat' dir='ltr'><strong>Trismegistum.</strong></span> <span class='ocrx_word' id='word_1_216' title='bbox 672 2957 826 3012; x_wconf 86' lang='lat' dir='ltr'><strong>Hunc</strong></span> <span class='ocrx_word' id='word_1_217' title='bbox 856 2966 1040 3012; x_wconf 90' lang='lat' dir='ltr'><strong>autem</strong></span> <span class='ocrx_word' id='word_1_218' title='bbox 1069 2972 1177 3011; x_wconf 92' lang='lat' dir='ltr'><strong>non</strong></span> <span class='ocrx_word' id='word_1_219' title='bbox 1209 2956 1384 3011; x_wconf 90' lang='lat' dir='ltr'><strong>solum</strong></span> <span class='ocrx_word' id='word_1_220' title='bbox 1427 2957 1758 3020; x_wconf 82' lang='lat' dir='ltr'><strong>Ahrahamo,</strong></span> 
     </span>
    </p>
   </div>
   <div class='ocr_carea' id='block_1_33' title="bbox 181 3046 1766 3119">
    <p class='ocr_par' dir='ltr' id='par_1_33' title="bbox 181 3046 1766 3119">
     <span class='ocr_line' id='line_1_33' title="bbox 181 3046 1766 3119; baseline 0 -17"><span class='ocrx_word' id='word_1_221' title='bbox 181 3047 284 3103; x_wconf 83' lang='lat' dir='ltr'><strong>sed</strong></span> <span class='ocrx_word' id='word_1_222' title='bbox 312 3050 476 3103; x_wconf 88' lang='lat' dir='ltr'><strong>etiam</strong></span> <span class='ocrx_word' id='word_1_223' title='bbox 509 3048 690 3119; x_wconf 59' lang='lat' dir='ltr'><strong>Moyse</strong></span> <span class='ocrx_word' id='word_1_224' title='bbox 716 3048 1075 3103; x_wconf 84' lang='lat' dir='ltr'><strong>recentiorem</strong></span> <span class='ocrx_word' id='word_1_225' title='bbox 1110 3046 1281 3102; x_wconf 90' lang='lat' dir='ltr'><strong>fuisse</strong></span> <span class='ocrx_word' id='word_1_226' title='bbox 1309 3046 1575 3100; x_wconf 85' lang='lat' dir='ltr'><strong>aﬂirmant</strong></span> <span class='ocrx_word' id='word_1_227' title='bbox 1599 3046 1766 3102; x_wconf 85' lang='lat' dir='ltr'><strong>Euse-</strong></span> 
     </span>
    </p>
   </div>
   <div class='ocr_carea' id='block_1_34' title="bbox 181 3137 1760 3210">
    <p class='ocr_par' dir='ltr' id='par_1_34' title="bbox 181 3137 1760 3210">
     <span class='ocr_line' id='line_1_34' title="bbox 181 3137 1760 3210; baseline -0.003 -14"><span class='ocrx_word' id='word_1_228' title='bbox 181 3140 314 3196; x_wconf 79' lang='lat' dir='ltr'><strong>bius</strong></span> <span class='ocrx_word' id='word_1_229' title='bbox 342 3148 396 3195; x_wconf 89' lang='lat' dir='ltr'><strong>et</strong></span> <span class='ocrx_word' id='word_1_230' title='bbox 425 3141 781 3210; x_wconf 74' lang='lat' dir='ltr'><strong>Augustinus.</strong></span> <span class='ocrx_word' id='word_1_231' title='bbox 823 3137 940 3193; x_wconf 81' lang='lat' dir='ltr'><strong>Non</strong></span> <span class='ocrx_word' id='word_1_232' title='bbox 967 3139 1220 3192; x_wconf 84' lang='lat' dir='ltr'><strong>videntur</strong></span> <span class='ocrx_word' id='word_1_233' title='bbox 1249 3147 1425 3192; x_wconf 91' lang='lat' dir='ltr'><strong>tamen</strong></span> <span class='ocrx_word' id='word_1_234' title='bbox 1480 3140 1615 3192; x_wconf 90' lang='lat' dir='ltr'><strong>tanti</strong></span> <span class='ocrx_word' id='word_1_235' title='bbox 1649 3138 1760 3192; x_wconf 71' lang='lat' dir='ltr'><strong>hazc</strong></span> 
     </span>
    </p>
   </div>
   <div class='ocr_carea' id='block_1_35' title="bbox 184 3231 1760 3302">
    <p class='ocr_par' dir='ltr' id='par_1_35' title="bbox 184 3231 1760 3302">
     <span class='ocr_line' id='line_1_35' title="bbox 184 3231 1760 3302; baseline -0.001 -16"><span class='ocrx_word' id='word_1_236' title='bbox 184 3240 532 3302; x_wconf 77' lang='lat' dir='ltr'><strong>argumenta,</strong></span> <span class='ocrx_word' id='word_1_237' title='bbox 561 3233 606 3286; x_wconf 89' lang='lat' dir='ltr'><strong>si</strong></span> <span class='ocrx_word' id='word_1_238' title='bbox 632 3239 779 3286; x_wconf 73' lang='lat' dir='ltr'><strong>recte</strong></span> <span class='ocrx_word' id='word_1_239' title='bbox 803 3231 1241 3291; x_wconf 86' lang='lat' dir='ltr'><strong>considerentur.</strong></span> <span class='ocrx_word' id='word_1_240' title='bbox 1266 3239 1322 3284; x_wconf 90' lang='lat' dir='ltr'><strong>ut</strong></span> <span class='ocrx_word' id='word_1_241' title='bbox 1351 3231 1464 3298; x_wconf 92' lang='lat' dir='ltr'><strong>jam</strong></span> <span class='ocrx_word' id='word_1_242' title='bbox 1492 3233 1760 3286; x_wconf 70' lang='lat' dir='ltr'><strong>dictarunt</strong></span> 
     </span>
    </p>
   </div>
   <div class='ocr_carea' id='block_1_36' title="bbox 185 3321 1764 3392">
    <p class='ocr_par' dir='ltr' id='par_1_36' title="bbox 185 3321 1764 3392">
     <span class='ocr_line' id='line_1_36' title="bbox 185 3321 1764 3392; baseline -0.002 -13"><span class='ocrx_word' id='word_1_243' title='bbox 185 3323 480 3386; x_wconf 81' lang='lat' dir='ltr'><strong>sententia,</strong></span> <span class='ocrx_word' id='word_1_244' title='bbox 507 3331 562 3378; x_wconf 92' lang='lat' dir='ltr'><strong>ct</strong></span> <span class='ocrx_word' id='word_1_245' title='bbox 595 3323 769 3377; x_wconf 88' lang='lat' dir='ltr'><strong>nostri</strong></span> <span class='ocrx_word' id='word_1_246' title='bbox 820 3321 1090 3378; x_wconf 83' lang='lat' dir='ltr'><strong>Eustathii</strong></span> <span class='ocrx_word' id='word_1_247' title='bbox 1145 3323 1296 3391; x_wconf 77' lang='lat' dir='ltr'><strong>rejici</strong></span> <span class='ocrx_word' id='word_1_248' title='bbox 1329 3322 1522 3378; x_wconf 81' lang='lat' dir='ltr'><strong>debeat</strong></span> <span class='ocrx_word' id='word_1_249' title='bbox 1550 3342 1561 3376; x_wconf 75' lang='grc' dir='ltr'>ε</span> <span class='ocrx_word' id='word_1_250' title='bbox 1591 3323 1764 3392; x_wconf 85' lang='lat' dir='ltr'><strong>primo</strong></span> 
     </span>
    </p>
   </div>
   <div class='ocr_carea' id='block_1_37' title="bbox 184 3413 1761 3484">
    <p class='ocr_par' dir='ltr' id='par_1_37' title="bbox 184 3413 1761 3484">
     <span class='ocr_line' id='line_1_37' title="bbox 184 3413 1761 3484; baseline 0 -17"><span class='ocrx_word' id='word_1_251' title='bbox 184 3416 316 3484; x_wconf 90' lang='lat' dir='ltr'><strong>quia</strong></span> <span class='ocrx_word' id='word_1_252' title='bbox 369 3415 527 3469; x_wconf 85' lang='lat' dir='ltr'><strong>nobis</strong></span> <span class='ocrx_word' id='word_1_253' title='bbox 591 3430 698 3468; x_wconf 89' lang='lat' dir='ltr'><strong>non</strong></span> <span class='ocrx_word' id='word_1_254' title='bbox 733 3415 900 3482; x_wconf 91' lang='lat' dir='ltr'><strong>liquet</strong></span> <span class='ocrx_word' id='word_1_255' title='bbox 951 3425 1153 3482; x_wconf 87' lang='lat' dir='ltr'><strong>quanto</strong></span> <span class='ocrx_word' id='word_1_256' title='bbox 1184 3423 1426 3482; x_wconf 87' lang='lat' dir='ltr'><strong>tempore</strong></span> <span class='ocrx_word' id='word_1_257' title='bbox 1491 3413 1761 3468; x_wconf 82' lang='lat' dir='ltr'><strong>Abraham</strong></span> 
     </span>
    </p>
   </div>
   <div class='ocr_carea' id='block_1_38' title="bbox 187 3504 1764 3574">
    <p class='ocr_par' dir='ltr' id='par_1_38' title="bbox 187 3504 1764 3574">
     <span class='ocr_line' id='line_1_38' title="bbox 187 3504 1764 3574; baseline 0.002 -15"><span class='ocrx_word' id='word_1_258' title='bbox 187 3505 338 3574; x_wconf 84' lang='lat' dir='ltr'><strong>apud</strong></span> <span class='ocrx_word' id='word_1_259' title='bbox 377 3504 662 3574; x_wconf 63' lang='lat' dir='ltr'><strong>Egyptios</strong></span> <span class='ocrx_word' id='word_1_260' title='bbox 711 3515 954 3559; x_wconf 90' lang='lat' dir='ltr'><strong>moratus</strong></span> <span class='ocrx_word' id='word_1_261' title='bbox 1009 3506 1188 3565; x_wconf 80' lang='lat' dir='ltr'><strong>fuerit.</strong></span> <span class='ocrx_word' id='word_1_262' title='bbox 1246 3506 1389 3574; x_wconf 88' lang='lat' dir='ltr'><strong>quod</strong></span> <span class='ocrx_word' id='word_1_263' title='bbox 1442 3523 1548 3560; x_wconf 91' lang='lat' dir='ltr'><strong>non</strong></span> <span class='ocrx_word' id='word_1_264' title='bbox 1595 3505 1764 3561; x_wconf 81' lang='lat' dir='ltr'><strong>fuisse</strong></span> 
     </span>
    </p>
   </div>
   <div class='ocr_carea' id='block_1_39' title="bbox 187 3592 1760 3662">
    <p class='ocr_par' dir='ltr' id='par_1_39' title="bbox 187 3592 1760 3662">
     <span class='ocr_line' id='line_1_39' title="bbox 187 3592 1760 3662; baseline -0.004 -12"><span class='ocrx_word' id='word_1_265' title='bbox 187 3595 574 3650; x_wconf 84' lang='lat' dir='ltr'><strong>brevissimum</strong></span> <span class='ocrx_word' id='word_1_266' title='bbox 610 3596 693 3648; x_wconf 86' lang='lat' dir='ltr'><strong>vel</strong></span> <span class='ocrx_word' id='word_1_267' title='bbox 735 3611 794 3648; x_wconf 83' lang='lat' dir='ltr'><strong>ex</strong></span> <span class='ocrx_word' id='word_1_268' title='bbox 833 3611 895 3647; x_wconf 87' lang='lat' dir='ltr'><strong>eo</strong></span> <span class='ocrx_word' id='word_1_269' title='bbox 929 3602 1095 3661; x_wconf 85' lang='lat' dir='ltr'><strong>patet,</strong></span> <span class='ocrx_word' id='word_1_270' title='bbox 1124 3595 1268 3662; x_wconf 85' lang='lat' dir='ltr'><strong>quod</strong></span> <span class='ocrx_word' id='word_1_271' title='bbox 1299 3593 1429 3646; x_wconf 90' lang='lat' dir='ltr'><strong>dicit</strong></span> <span class='ocrx_word' id='word_1_272' title='bbox 1463 3592 1760 3661; x_wconf 86' lang='lat' dir='ltr'><strong>Scriptura,</strong></span> 
     </span>
    </p>
   </div>
   <div class='ocr_carea' id='block_1_40' title="bbox 191 3685 1763 3753">
    <p class='ocr_par' dir='ltr' id='par_1_40' title="bbox 191 3685 1763 3753">
     <span class='ocr_line' id='line_1_40' title="bbox 191 3685 1763 3753; baseline -0.003 -13"><span class='ocrx_word' id='word_1_273' title='bbox 191 3685 482 3740; x_wconf 88' lang='lat' dir='ltr'><strong>Dominum</strong></span> <span class='ocrx_word' id='word_1_274' title='bbox 521 3685 823 3752; x_wconf 77' lang='lat' dir='ltr'><strong>flagellasse</strong></span> <span class='ocrx_word' id='word_1_275' title='bbox 856 3685 1192 3739; x_wconf 82' lang='lat' dir='ltr'><strong>Pharaonem</strong></span> <span class='ocrx_word' id='word_1_276' title='bbox 1223 3685 1395 3753; x_wconf 73' lang='lat' dir='ltr'><strong>plagis</strong></span> <span class='ocrx_word' id='word_1_277' title='bbox 1433 3685 1684 3737; x_wconf 74' lang='lat' dir='ltr'><strong>maximis</strong></span> <span class='ocrx_word' id='word_1_278' title='bbox 1711 3691 1763 3736; x_wconf 91' lang='lat' dir='ltr'><strong>et</strong></span> 
     </span>
    </p>
   </div>
   <div class='ocr_carea' id='block_1_41' title="bbox 188 3775 1763 3844">
    <p class='ocr_par' dir='ltr' id='par_1_41' title="bbox 188 3775 1763 3844">
     <span class='ocr_line' id='line_1_41' title="bbox 188 3775 1763 3844; baseline -0.003 -12"><span class='ocrx_word' id='word_1_279' title='bbox 188 3777 412 3833; x_wconf 83' lang='lat' dir='ltr'><strong>domum</strong></span> <span class='ocrx_word' id='word_1_280' title='bbox 443 3779 579 3844; x_wconf 91' lang='lat' dir='ltr'><strong>ejus.</strong></span> <span class='ocrx_word' id='word_1_281' title='bbox 602 3775 785 3842; x_wconf 79' lang='lat' dir='ltr'><strong>Neque</strong></span> <span class='ocrx_word' id='word_1_282' title='bbox 813 3776 956 3829; x_wconf 90' lang='lat' dir='ltr'><strong>enim</strong></span> <span class='ocrx_word' id='word_1_283' title='bbox 982 3777 1311 3829; x_wconf 73' lang='lat' dir='ltr'><strong>credendum</strong></span> <span class='ocrx_word' id='word_1_284' title='bbox 1347 3786 1427 3828; x_wconf 87' lang='lat' dir='ltr'><strong>est</strong></span> <span class='ocrx_word' id='word_1_285' title='bbox 1454 3775 1624 3842; x_wconf 87' lang='lat' dir='ltr'><strong>prima</strong></span> <span class='ocrx_word' id='word_1_286' title='bbox 1649 3775 1763 3828; x_wconf 82' lang='lat' dir='ltr'><strong>vice</strong></span> 
     </span>
    </p>
   </div>
   <div class='ocr_carea' id='block_1_42' title="bbox 193 3863 1760 3937">
    <p class='ocr_par' dir='ltr' id='par_1_42' title="bbox 193 3863 1760 3937">
     <span class='ocr_line' id='line_1_42' title="bbox 193 3863 1760 3937; baseline -0.005 -13"><span class='ocrx_word' id='word_1_287' title='bbox 193 3871 364 3924; x_wconf 81' lang='lat' dir='ltr'><strong>Deum</strong></span> <span class='ocrx_word' id='word_1_288' title='bbox 389 3870 596 3937; x_wconf 86' lang='lat' dir='ltr'><strong>ﬂagella</strong></span> <span class='ocrx_word' id='word_1_289' title='bbox 631 3869 862 3919; x_wconf 75' lang='lat' dir='ltr'><strong>maxima</strong></span> <span class='ocrx_word' id='word_1_290' title='bbox 897 3866 1128 3930; x_wconf 83' lang='lat' dir='ltr'><strong>inferte;</strong></span> <span class='ocrx_word' id='word_1_291' title='bbox 1157 3866 1248 3918; x_wconf 84' lang='lat' dir='ltr'><strong>sed</strong></span> <span class='ocrx_word' id='word_1_292' title='bbox 1277 3867 1506 3933; x_wconf 86' lang='lat' dir='ltr'><strong>primum</strong></span> <span class='ocrx_word' id='word_1_293' title='bbox 1539 3863 1760 3926; x_wconf 76' lang='lat' dir='ltr'><strong>leviora,</strong></span> 
     </span>
    </p>
   </div>
   <div class='ocr_carea' id='block_1_43' title="bbox 191 3958 1760 4028">
    <p class='ocr_par' dir='ltr' id='par_1_43' title="bbox 191 3958 1760 4028">
     <span class='ocr_line' id='line_1_43' title="bbox 191 3958 1760 4028; baseline -0.007 -9"><span class='ocrx_word' id='word_1_294' title='bbox 191 3964 391 4019; x_wconf 86' lang='lat' dir='ltr'><strong>deinde</strong></span> <span class='ocrx_word' id='word_1_295' title='bbox 465 3961 669 4014; x_wconf 87' lang='lat' dir='ltr'><strong>malitia</strong></span> <span class='ocrx_word' id='word_1_296' title='bbox 724 3960 1054 4028; x_wconf 63' lang='lat' dir='ltr'><strong>perfidiaque</strong></span> <span class='ocrx_word' id='word_1_297' title='bbox 1107 3967 1405 4019; x_wconf 71' lang='lat' dir='ltr'><strong>crescente,</strong></span> <span class='ocrx_word' id='word_1_298' title='bbox 1470 3958 1760 4021; x_wconf 70' lang='lat' dir='ltr'><strong>atrociora,</strong></span> 
     </span>
    </p>
   </div>
   <div class='ocr_carea' id='block_1_44' title="bbox 192 4050 1762 4126">
    <p class='ocr_par' dir='ltr' id='par_1_44' title="bbox 192 4050 1762 4126">
     <span class='ocr_line' id='line_1_44' title="bbox 192 4050 1762 4126; baseline -0.002 -21"><span class='ocrx_word' id='word_1_299' title='bbox 192 4055 339 4126; x_wconf 88' lang='lat' dir='ltr'><strong>quod</strong></span> <span class='ocrx_word' id='word_1_300' title='bbox 395 4054 718 4107; x_wconf 82' lang='lat' dir='ltr'><strong>brevissimo</strong></span> <span class='ocrx_word' id='word_1_301' title='bbox 770 4061 1008 4118; x_wconf 77' lang='lat' dir='ltr'><strong>tempore.</strong></span> <span class='ocrx_word' id='word_1_302' title='bbox 1045 4052 1236 4102; x_wconf 77' lang='lat' dir='ltr'><strong>conlici</strong></span> <span class='ocrx_word' id='word_1_303' title='bbox 1268 4050 1598 4102; x_wconf 83' lang='lat' dir='ltr'><strong>credendum</strong></span> <span class='ocrx_word' id='word_1_304' title='bbox 1653 4065 1762 4104; x_wconf 83' lang='lat' dir='ltr'><strong>non</strong></span> 
     </span>
    </p>
   </div>
   <div class='ocr_carea' id='block_1_45' title="bbox 193 4141 1766 4213">
    <p class='ocr_par' dir='ltr' id='par_1_45' title="bbox 193 4141 1766 4213">
     <span class='ocr_line' id='line_1_45' title="bbox 193 4141 1766 4213; baseline -0.004 -13"><span class='ocrx_word' id='word_1_305' title='bbox 193 4158 296 4201; x_wconf 85' lang='lat' dir='ltr'><strong>est.</strong></span> <span class='ocrx_word' id='word_1_306' title='bbox 323 4143 694 4213; x_wconf 80' lang='lat' dir='ltr'><strong>Requiruntnr</strong></span> <span class='ocrx_word' id='word_1_307' title='bbox 731 4145 872 4196; x_wconf 89' lang='lat' dir='ltr'><strong>enim</strong></span> <span class='ocrx_word' id='word_1_308' title='bbox 908 4152 957 4192; x_wconf 84' lang='lat' dir='ltr'><strong>ct</strong></span> <span class='ocrx_word' id='word_1_309' title='bbox 1001 4141 1396 4194; x_wconf 76' lang='lat' dir='ltr'><strong>admonitiones</strong></span> <span class='ocrx_word' id='word_1_310' title='bbox 1441 4143 1682 4209; x_wconf 65' lang='lat' dir='ltr'><strong>‘pratrize,</strong></span> <span class='ocrx_word' id='word_1_311' title='bbox 1712 4151 1766 4196; x_wconf 85' lang='lat' dir='ltr'><strong>et</strong></span> 
     </span>
    </p>
   </div>
   <div class='ocr_carea' id='block_1_46' title="bbox 195 4231 1765 4305">
    <p class='ocr_par' dir='ltr' id='par_1_46' title="bbox 195 4231 1765 4305">
     <span class='ocr_line' id='line_1_46' title="bbox 195 4231 1765 4305; baseline 0 -20"><span class='ocrx_word' id='word_1_312' title='bbox 195 4238 390 4305; x_wconf 70' lang='lat' dir='ltr'><strong>signa;</strong></span> <span class='ocrx_word' id='word_1_313' title='bbox 437 4249 536 4286; x_wconf 88' lang='lat' dir='ltr'><strong>nec</strong></span> <span class='ocrx_word' id='word_1_314' title='bbox 563 4248 667 4285; x_wconf 89' lang='lat' dir='ltr'><strong>non</strong></span> <span class='ocrx_word' id='word_1_315' title='bbox 693 4249 758 4285; x_wconf 72' lang='lat' dir='ltr'><strong>ex</strong></span> <span class='ocrx_word' id='word_1_316' title='bbox 790 4240 942 4299; x_wconf 87' lang='lat' dir='ltr'><strong>parte</strong></span> <span class='ocrx_word' id='word_1_317' title='bbox 992 4231 1162 4298; x_wconf 69' lang='lat' dir='ltr'><strong>ipsius</strong></span> <span class='ocrx_word' id='word_1_318' title='bbox 1203 4233 1502 4296; x_wconf 68' lang='lat' dir='ltr'><strong>peccaturis</strong></span> <span class='ocrx_word' id='word_1_319' title='bbox 1547 4232 1598 4282; x_wconf 87' lang='lat' dir='ltr'><strong>iu</strong></span> <span class='ocrx_word' id='word_1_320' title='bbox 1623 4232 1765 4285; x_wconf 86' lang='lat' dir='ltr'><strong>tnalo</strong></span> 
     </span>
    </p>
   </div>
   <div class='ocr_carea' id='block_1_47' title="bbox 197 4322 1765 4398">
    <p class='ocr_par' dir='ltr' id='par_1_47' title="bbox 197 4322 1765 4398">
     <span class='ocr_line' id='line_1_47' title="bbox 197 4322 1765 4398; baseline -0.004 -18"><span class='ocrx_word' id='word_1_321' title='bbox 197 4326 629 4398; x_wconf 83' lang='lat' dir='ltr'><strong>perseverantia,</strong></span> <span class='ocrx_word' id='word_1_322' title='bbox 666 4333 718 4376; x_wconf 90' lang='lat' dir='ltr'><strong>et</strong></span> <span class='ocrx_word' id='word_1_323' title='bbox 753 4324 967 4375; x_wconf 90' lang='lat' dir='ltr'><strong>animus</strong></span> <span class='ocrx_word' id='word_1_324' title='bbox 991 4323 1296 4373; x_wconf 83' lang='lat' dir='ltr'><strong>obstinatus</strong></span> <span class='ocrx_word' id='word_1_325' title='bbox 1327 4325 1389 4372; x_wconf 87' lang='lat' dir='ltr'><strong>ad</strong></span> <span class='ocrx_word' id='word_1_326' title='bbox 1429 4323 1550 4378; x_wconf 86' lang='lat' dir='ltr'><strong>hoc.</strong></span> <span class='ocrx_word' id='word_1_327' title='bbox 1589 4333 1646 4374; x_wconf 92' lang='lat' dir='ltr'><strong>ut</strong></span> <span class='ocrx_word' id='word_1_328' title='bbox 1673 4322 1765 4374; x_wconf 84' lang='lat' dir='ltr'><strong>fla-</strong></span> 
     </span>
    </p>
   </div>
   <div class='ocr_carea' id='block_1_48' title="bbox 194 4412 1764 4488">
    <p class='ocr_par' dir='ltr' id='par_1_48' title="bbox 194 4412 1764 4488">
     <span class='ocr_line' id='line_1_48' title="bbox 194 4412 1764 4488; baseline -0.006 -17"><span class='ocrx_word' id='word_1_329' title='bbox 194 4419 332 4488; x_wconf 79' lang='lat' dir='ltr'><strong>gella</strong></span> <span class='ocrx_word' id='word_1_330' title='bbox 361 4419 594 4470; x_wconf 75' lang='lat' dir='ltr'><strong>maxima</strong></span> <span class='ocrx_word' id='word_1_331' title='bbox 628 4415 1021 4482; x_wconf 80' lang='lat' dir='ltr'><strong>impingantur,</strong></span> <span class='ocrx_word' id='word_1_332' title='bbox 1045 4414 1203 4465; x_wconf 75' lang='lat' dir='ltr'><strong>siculi</strong></span> <span class='ocrx_word' id='word_1_333' title='bbox 1240 4423 1290 4487; x_wconf 81' lang='lat' dir='ltr'><strong>ct</strong></span> <span class='ocrx_word' id='word_1_334' title='bbox 1325 4413 1374 4464; x_wconf 90' lang='lat' dir='ltr'><strong>in</strong></span> <span class='ocrx_word' id='word_1_335' title='bbox 1408 4428 1464 4464; x_wconf 88' lang='lat' dir='ltr'><strong>re</strong></span> <span class='ocrx_word' id='word_1_336' title='bbox 1487 4412 1764 4476; x_wconf 74' lang='lat' dir='ltr'><strong>tllSSlllllll,</strong></span> 
     </span>
    </p>
   </div>
   <div class='ocr_carea' id='block_1_49' title="bbox 1866 581 3435 652">
    <p class='ocr_par' dir='ltr' id='par_1_49' title="bbox 1866 581 3435 652">
     <span class='ocr_line' id='line_1_49' title="bbox 1866 581 3435 652; baseline 0.003 -19"><span class='ocrx_word' id='word_1_337' title='bbox 1866 590 2187 635; x_wconf 87' lang='lat' dir='ltr'><strong>consuetum</strong></span> <span class='ocrx_word' id='word_1_338' title='bbox 2218 581 2510 651; x_wconf 79' lang='lat' dir='ltr'><strong>pigmentis</strong></span> <span class='ocrx_word' id='word_1_339' title='bbox 2540 581 2921 646; x_wconf 88' lang='lat' dir='ltr'><strong>illustraretur,</strong></span> <span class='ocrx_word' id='word_1_340' title='bbox 2974 581 3435 652; x_wconf 75' lang='lat' dir='ltr'><strong>inungereturquo</strong></span> 
     </span>
    </p>
   </div>
   <div class='ocr_carea' id='block_1_50' title="bbox 1865 670 3431 742">
    <p class='ocr_par' dir='ltr' id='par_1_50' title="bbox 1865 670 3431 742">
     <span class='ocr_line' id='line_1_50' title="bbox 1865 670 3431 742; baseline 0.005 -20"><span class='ocrx_word' id='word_1_341' title='bbox 1865 670 2020 736; x_wconf 89' lang='lat' dir='ltr'><strong>oleis,</strong></span> <span class='ocrx_word' id='word_1_342' title='bbox 2073 687 2197 742; x_wconf 67' lang='lat' dir='ltr'><strong>quas</strong></span> <span class='ocrx_word' id='word_1_343' title='bbox 2227 673 2378 735; x_wconf 90' lang='lat' dir='ltr'><strong>item,</strong></span> <span class='ocrx_word' id='word_1_344' title='bbox 2418 681 2474 726; x_wconf 88' lang='lat' dir='ltr'><strong>et</strong></span> <span class='ocrx_word' id='word_1_345' title='bbox 2501 687 2729 737; x_wconf 90' lang='lat' dir='ltr'><strong>moram,</strong></span> <span class='ocrx_word' id='word_1_346' title='bbox 2757 682 2810 726; x_wconf 89' lang='lat' dir='ltr'><strong>et</strong></span> <span class='ocrx_word' id='word_1_347' title='bbox 2861 680 3076 741; x_wconf 89' lang='lat' dir='ltr'><strong>tempus</strong></span> <span class='ocrx_word' id='word_1_348' title='bbox 3126 674 3431 742; x_wconf 88' lang='lat' dir='ltr'><strong>requirunt.</strong></span> 
     </span>
    </p>
   </div>
   <div class='ocr_carea' id='block_1_51' title="bbox 1863 760 3433 834">
    <p class='ocr_par' dir='ltr' id='par_1_51' title="bbox 1863 760 3433 834">
     <span class='ocr_line' id='line_1_51' title="bbox 1863 760 3433 834; baseline 0.003 -19"><span class='ocrx_word' id='word_1_349' title='bbox 1863 760 2014 816; x_wconf 89' lang='lat' dir='ltr'><strong>Adde</strong></span> <span class='ocrx_word' id='word_1_350' title='bbox 2044 765 2205 817; x_wconf 92' lang='lat' dir='ltr'><strong>etiam</strong></span> <span class='ocrx_word' id='word_1_351' title='bbox 2235 764 2366 817; x_wconf 90' lang='lat' dir='ltr'><strong>illud</strong></span> <span class='ocrx_word' id='word_1_352' title='bbox 2392 763 2558 834; x_wconf 85' lang='lat' dir='ltr'><strong>quod,</strong></span> <span class='ocrx_word' id='word_1_353' title='bbox 2601 772 2885 834; x_wconf 81' lang='lat' dir='ltr'><strong>postquam</strong></span> <span class='ocrx_word' id='word_1_354' title='bbox 2926 767 3172 820; x_wconf 86' lang='lat' dir='ltr'><strong>restituta</strong></span> <span class='ocrx_word' id='word_1_355' title='bbox 3204 765 3301 820; x_wconf 88' lang='lat' dir='ltr'><strong>fuit</strong></span> <span class='ocrx_word' id='word_1_356' title='bbox 3332 762 3433 819; x_wconf 83' lang='lat' dir='ltr'><strong>Sa-</strong></span> 
     </span>
    </p>
   </div>
   <div class='ocr_carea' id='block_1_52' title="bbox 1865 856 3433 927">
    <p class='ocr_par' dir='ltr' id='par_1_52' title="bbox 1865 856 3433 927">
     <span class='ocr_line' id='line_1_52' title="bbox 1865 856 3433 927; baseline 0 -19"><span class='ocrx_word' id='word_1_357' title='bbox 1865 869 1946 918; x_wconf 87' lang='lat' dir='ltr'><strong>ra,</strong></span> <span class='ocrx_word' id='word_1_358' title='bbox 1987 856 2258 910; x_wconf 86' lang='lat' dir='ltr'><strong>Abrabam</strong></span> <span class='ocrx_word' id='word_1_359' title='bbox 2294 871 2400 910; x_wconf 91' lang='lat' dir='ltr'><strong>non</strong></span> <span class='ocrx_word' id='word_1_360' title='bbox 2440 857 2622 912; x_wconf 87' lang='lat' dir='ltr'><strong>statim</strong></span> <span class='ocrx_word' id='word_1_361' title='bbox 2667 857 2902 911; x_wconf 73' lang='lat' dir='ltr'><strong>excessit</strong></span> <span class='ocrx_word' id='word_1_362' title='bbox 2953 871 3018 910; x_wconf 80' lang='lat' dir='ltr'><strong>ex</strong></span> <span class='ocrx_word' id='word_1_363' title='bbox 3075 856 3329 927; x_wconf 65' lang='lat' dir='ltr'><strong>Egypto,</strong></span> <span class='ocrx_word' id='word_1_364' title='bbox 3373 861 3433 910; x_wconf 87' lang='lat' dir='ltr'><strong>ut</strong></span> 
     </span>
    </p>
   </div>
   <div class='ocr_carea' id='block_1_53' title="bbox 1862 948 3435 1018">
    <p class='ocr_par' dir='ltr' id='par_1_53' title="bbox 1862 948 3435 1018">
     <span class='ocr_line' id='line_1_53' title="bbox 1862 948 3435 1018; baseline 0.001 -17"><span class='ocrx_word' id='word_1_365' title='bbox 1862 949 2158 1003; x_wconf 88' lang='lat' dir='ltr'><strong>verisimile</strong></span> <span class='ocrx_word' id='word_1_366' title='bbox 2209 957 2316 1010; x_wconf 91' lang='lat' dir='ltr'><strong>est,</strong></span> <span class='ocrx_word' id='word_1_367' title='bbox 2372 949 2620 1018; x_wconf 84' lang='lat' dir='ltr'><strong>quamvis</strong></span> <span class='ocrx_word' id='word_1_368' title='bbox 2674 949 2822 1004; x_wconf 83' lang='lat' dir='ltr'><strong>viros</strong></span> <span class='ocrx_word' id='word_1_369' title='bbox 2876 949 3118 1011; x_wconf 87' lang='lat' dir='ltr'><strong>haberet,</strong></span> <span class='ocrx_word' id='word_1_370' title='bbox 3169 950 3242 1002; x_wconf 92' lang='lat' dir='ltr'><strong>ita</strong></span> <span class='ocrx_word' id='word_1_371' title='bbox 3295 948 3435 1004; x_wconf 69' lang='lat' dir='ltr'><strong>Pha-</strong></span> 
     </span>
    </p>
   </div>
   <div class='ocr_carea' id='block_1_54' title="bbox 1865 1039 3433 1109">
    <p class='ocr_par' dir='ltr' id='par_1_54' title="bbox 1865 1039 3433 1109">
     <span class='ocr_line' id='line_1_54' title="bbox 1865 1039 3433 1109; baseline 0.001 -16"><span class='ocrx_word' id='word_1_372' title='bbox 1865 1053 2032 1093; x_wconf 87' lang='lat' dir='ltr'><strong>raone</strong></span> <span class='ocrx_word' id='word_1_373' title='bbox 2089 1040 2459 1109; x_wconf 68' lang='lat' dir='ltr'><strong>praecipiente,</strong></span> <span class='ocrx_word' id='word_1_374' title='bbox 2524 1040 2620 1109; x_wconf 90' lang='lat' dir='ltr'><strong>qui</strong></span> <span class='ocrx_word' id='word_1_375' title='bbox 2675 1054 2797 1092; x_wconf 91' lang='lat' dir='ltr'><strong>eum</strong></span> <span class='ocrx_word' id='word_1_376' title='bbox 2848 1039 3164 1096; x_wconf 88' lang='lat' dir='ltr'><strong>educerent.</strong></span> <span class='ocrx_word' id='word_1_377' title='bbox 3219 1040 3433 1095; x_wconf 84' lang='lat' dir='ltr'><strong>Pharao</strong></span> 
     </span>
    </p>
   </div>
   <div class='ocr_carea' id='block_1_55' title="bbox 1858 1126 3428 1199">
    <p class='ocr_par' dir='ltr' id='par_1_55' title="bbox 1858 1126 3428 1199">
     <span class='ocr_line' id='line_1_55' title="bbox 1858 1126 3428 1199; baseline 0.001 -16"><span class='ocrx_word' id='word_1_378' title='bbox 1858 1144 2099 1198; x_wconf 86' lang='lat' dir='ltr'><strong>namque</strong></span> <span class='ocrx_word' id='word_1_379' title='bbox 2128 1131 2459 1198; x_wconf 80' lang='lat' dir='ltr'><strong>experientia</strong></span> <span class='ocrx_word' id='word_1_380' title='bbox 2489 1126 3058 1198; x_wconf 73' lang='lat' dir='ltr'><strong>doetus,llagellisque</strong></span> <span class='ocrx_word' id='word_1_381' title='bbox 3088 1130 3428 1199; x_wconf 87' lang='lat' dir='ltr'><strong>prudentior,</strong></span> 
     </span>
    </p>
   </div>
   <div class='ocr_carea' id='block_1_56' title="bbox 1863 1220 3428 1290">
    <p class='ocr_par' dir='ltr' id='par_1_56' title="bbox 1863 1220 3428 1290">
     <span class='ocr_line' id='line_1_56' title="bbox 1863 1220 3428 1290; baseline 0.002 -18"><span class='ocrx_word' id='word_1_382' title='bbox 1863 1235 2040 1289; x_wconf 90' lang='lat' dir='ltr'><strong>neque</strong></span> <span class='ocrx_word' id='word_1_383' title='bbox 2074 1221 2339 1282; x_wconf 85' lang='lat' dir='ltr'><strong>animose,</strong></span> <span class='ocrx_word' id='word_1_384' title='bbox 2366 1237 2464 1274; x_wconf 93' lang='lat' dir='ltr'><strong>nec</strong></span> <span class='ocrx_word' id='word_1_385' title='bbox 2488 1220 2658 1290; x_wconf 81' lang='lat' dir='ltr'><strong>rigide</strong></span> <span class='ocrx_word' id='word_1_386' title='bbox 2684 1220 2959 1274; x_wconf 85' lang='lat' dir='ltr'><strong>Abraham</strong></span> <span class='ocrx_word' id='word_1_387' title='bbox 2991 1222 3308 1290; x_wconf 80' lang='lat' dir='ltr'><strong>expulisset,</strong></span> <span class='ocrx_word' id='word_1_388' title='bbox 3334 1221 3428 1275; x_wconf 78' lang='lat' dir='ltr'><strong>sed</strong></span> 
     </span>
    </p>
   </div>
   <div class='ocr_carea' id='block_1_57' title="bbox 1860 1310 3429 1382">
    <p class='ocr_par' dir='ltr' id='par_1_57' title="bbox 1860 1310 3429 1382">
     <span class='ocr_line' id='line_1_57' title="bbox 1860 1310 3429 1382; baseline 0.001 -17"><span class='ocrx_word' id='word_1_389' title='bbox 1860 1310 2108 1379; x_wconf 73' lang='lat' dir='ltr'><strong>exposita</strong></span> <span class='ocrx_word' id='word_1_390' title='bbox 2139 1312 2440 1375; x_wconf 71' lang='lat' dir='ltr'><strong>voluntate,</strong></span> <span class='ocrx_word' id='word_1_391' title='bbox 2465 1320 2520 1365; x_wconf 91' lang='lat' dir='ltr'><strong>et</strong></span> <span class='ocrx_word' id='word_1_392' title='bbox 2557 1327 2659 1382; x_wconf 90' lang='lat' dir='ltr'><strong>ope</strong></span> <span class='ocrx_word' id='word_1_393' title='bbox 2689 1311 2819 1372; x_wconf 90' lang='lat' dir='ltr'><strong>lata,</strong></span> <span class='ocrx_word' id='word_1_394' title='bbox 2845 1326 2958 1364; x_wconf 69' lang='lat' dir='ltr'><strong>sua:</strong></span> <span class='ocrx_word' id='word_1_395' title='bbox 2993 1311 3141 1364; x_wconf 91' lang='lat' dir='ltr'><strong>illum</strong></span> <span class='ocrx_word' id='word_1_396' title='bbox 3177 1312 3429 1381; x_wconf 85' lang='lat' dir='ltr'><strong>potestati</strong></span> 
     </span>
    </p>
   </div>
   <div class='ocr_carea' id='block_1_58' title="bbox 1861 1401 3432 1472">
    <p class='ocr_par' dir='ltr' id='par_1_58' title="bbox 1861 1401 3432 1472">
     <span class='ocr_line' id='line_1_58' title="bbox 1861 1401 3432 1472; baseline 0.002 -18"><span class='ocrx_word' id='word_1_397' title='bbox 1861 1401 2090 1464; x_wconf 78' lang='lat' dir='ltr'><strong>dimisit,</strong></span> <span class='ocrx_word' id='word_1_398' title='bbox 2127 1403 2220 1470; x_wconf 92' lang='lat' dir='ltr'><strong>qui</strong></span> <span class='ocrx_word' id='word_1_399' title='bbox 2251 1403 2413 1456; x_wconf 87' lang='lat' dir='ltr'><strong>rebus</strong></span> <span class='ocrx_word' id='word_1_400' title='bbox 2454 1403 2568 1456; x_wconf 93' lang='lat' dir='ltr'><strong>suis</strong></span> <span class='ocrx_word' id='word_1_401' title='bbox 2609 1403 2913 1472; x_wconf 88' lang='lat' dir='ltr'><strong>dispositis,</strong></span> <span class='ocrx_word' id='word_1_402' title='bbox 2969 1404 3212 1457; x_wconf 87' lang='lat' dir='ltr'><strong>recessit.</strong></span> <span class='ocrx_word' id='word_1_403' title='bbox 3253 1402 3432 1468; x_wconf 81' lang='lat' dir='ltr'><strong>Quan-</strong></span> 
     </span>
    </p>
   </div>
   <div class='ocr_carea' id='block_1_59' title="bbox 1862 1493 3427 1563">
    <p class='ocr_par' dir='ltr' id='par_1_59' title="bbox 1862 1493 3427 1563">
     <span class='ocr_line' id='line_1_59' title="bbox 1862 1493 3427 1563; baseline 0.003 -17"><span class='ocrx_word' id='word_1_404' title='bbox 1862 1500 1975 1547; x_wconf 89' lang='lat' dir='ltr'><strong>tum</strong></span> <span class='ocrx_word' id='word_1_405' title='bbox 2007 1505 2187 1548; x_wconf 87' lang='lat' dir='ltr'><strong>autem</strong></span> <span class='ocrx_word' id='word_1_406' title='bbox 2230 1493 2283 1547; x_wconf 89' lang='lat' dir='ltr'><strong>id</strong></span> <span class='ocrx_word' id='word_1_407' title='bbox 2316 1500 2531 1563; x_wconf 86' lang='lat' dir='ltr'><strong>tempus</strong></span> <span class='ocrx_word' id='word_1_408' title='bbox 2567 1493 2728 1549; x_wconf 85' lang='lat' dir='ltr'><strong>fuerit</strong></span> <span class='ocrx_word' id='word_1_409' title='bbox 2768 1510 2874 1548; x_wconf 91' lang='lat' dir='ltr'><strong>non</strong></span> <span class='ocrx_word' id='word_1_410' title='bbox 2925 1495 3100 1548; x_wconf 87' lang='lat' dir='ltr'><strong>ausim</strong></span> <span class='ocrx_word' id='word_1_411' title='bbox 3142 1493 3427 1556; x_wconf 76' lang='lat' dir='ltr'><strong>allii-mare.</strong></span> 
     </span>
    </p>
   </div>
   <div class='ocr_carea' id='block_1_60' title="bbox 1859 1584 3434 1654">
    <p class='ocr_par' dir='ltr' id='par_1_60' title="bbox 1859 1584 3434 1654">
     <span class='ocr_line' id='line_1_60' title="bbox 1859 1584 3434 1654; baseline 0.001 -18"><span class='ocrx_word' id='word_1_412' title='bbox 1859 1586 2020 1654; x_wconf 89' lang='lat' dir='ltr'><strong>quale</strong></span> <span class='ocrx_word' id='word_1_413' title='bbox 2048 1585 2206 1654; x_wconf 90' lang='lat' dir='ltr'><strong>quale</strong></span> <span class='ocrx_word' id='word_1_414' title='bbox 2251 1592 2369 1640; x_wconf 88' lang='lat' dir='ltr'><strong>erat</strong></span> <span class='ocrx_word' id='word_1_415' title='bbox 2409 1584 2475 1638; x_wconf 88' lang='lat' dir='ltr'><strong>ad</strong></span> <span class='ocrx_word' id='word_1_416' title='bbox 2508 1585 2919 1639; x_wconf 87' lang='lat' dir='ltr'><strong>mathematicas</strong></span> <span class='ocrx_word' id='word_1_417' title='bbox 2957 1586 3276 1654; x_wconf 89' lang='lat' dir='ltr'><strong>disciplinas</strong></span> <span class='ocrx_word' id='word_1_418' title='bbox 3330 1593 3434 1639; x_wconf 83' lang='lat' dir='ltr'><strong>tra-</strong></span> 
     </span>
    </p>
   </div>
   <div class='ocr_carea' id='block_1_61' title="bbox 1861 1676 3433 1746">
    <p class='ocr_par' dir='ltr' id='par_1_61' title="bbox 1861 1676 3433 1746">
     <span class='ocr_line' id='line_1_61' title="bbox 1861 1676 3433 1746; baseline 0.003 -18"><span class='ocrx_word' id='word_1_419' title='bbox 1861 1676 2066 1731; x_wconf 83' lang='lat' dir='ltr'><strong>dendas</strong></span> <span class='ocrx_word' id='word_1_420' title='bbox 2094 1677 2215 1746; x_wconf 91' lang='lat' dir='ltr'><strong>plus</strong></span> <span class='ocrx_word' id='word_1_421' title='bbox 2249 1676 2415 1730; x_wconf 89' lang='lat' dir='ltr'><strong>nimio</strong></span> <span class='ocrx_word' id='word_1_422' title='bbox 2459 1682 2575 1730; x_wconf 91' lang='lat' dir='ltr'><strong>erat</strong></span> <span class='ocrx_word' id='word_1_423' title='bbox 2611 1677 2771 1740; x_wconf 84' lang='lat' dir='ltr'><strong>satis;</strong></span> <span class='ocrx_word' id='word_1_424' title='bbox 2818 1692 2993 1745; x_wconf 88' lang='lat' dir='ltr'><strong>neque</strong></span> <span class='ocrx_word' id='word_1_425' title='bbox 3026 1678 3170 1731; x_wconf 90' lang='lat' dir='ltr'><strong>enim</strong></span> <span class='ocrx_word' id='word_1_426' title='bbox 3209 1678 3433 1732; x_wconf 89' lang='lat' dir='ltr'><strong>omnino</strong></span> 
     </span>
    </p>
   </div>
   <div class='ocr_carea' id='block_1_62' title="bbox 1862 1767 3432 1837">
    <p class='ocr_par' dir='ltr' id='par_1_62' title="bbox 1862 1767 3432 1837">
     <span class='ocr_line' id='line_1_62' title="bbox 1862 1767 3432 1837; baseline 0.003 -17"><span class='ocrx_word' id='word_1_427' title='bbox 1862 1768 2126 1836; x_wconf 81' lang='lat' dir='ltr'><strong>imperitis</strong></span> <span class='ocrx_word' id='word_1_428' title='bbox 2182 1776 2235 1821; x_wconf 90' lang='lat' dir='ltr'><strong>et</strong></span> <span class='ocrx_word' id='word_1_429' title='bbox 2295 1767 2482 1821; x_wconf 90' lang='lat' dir='ltr'><strong>insciis</strong></span> <span class='ocrx_word' id='word_1_430' title='bbox 2529 1767 2788 1822; x_wconf 87' lang='lat' dir='ltr'><strong>scientias</strong></span> <span class='ocrx_word' id='word_1_431' title='bbox 2842 1769 2965 1822; x_wconf 86' lang='lat' dir='ltr'><strong>illas</strong></span> <span class='ocrx_word' id='word_1_432' title='bbox 3002 1769 3297 1837; x_wconf 73' lang='lat' dir='ltr'><strong>exposuit:</strong></span> <span class='ocrx_word' id='word_1_433' title='bbox 3337 1771 3432 1825; x_wconf 84' lang='lat' dir='ltr'><strong>sed</strong></span> 
     </span>
    </p>
   </div>
   <div class='ocr_carea' id='block_1_63' title="bbox 1791 1839 3433 1928">
    <p class='ocr_par' dir='ltr' id='par_1_63' title="bbox 1791 1839 3433 1928">
     <span class='ocr_line' id='line_1_63' title="bbox 1791 1839 3433 1928; baseline 0.002 -19"><span class='ocrx_word' id='word_1_434' title='bbox 1791 1839 1832 1892; x_wconf 74' lang='grc' dir='ltr'>Β</span> <span class='ocrx_word' id='word_1_435' title='bbox 1857 1857 1968 1926; x_wconf 88' lang='lat' dir='ltr'><strong>jam</strong></span> <span class='ocrx_word' id='word_1_436' title='bbox 2003 1849 2124 1912; x_wconf 73' lang='lat' dir='ltr'><strong>aliis</strong></span> <span class='ocrx_word' id='word_1_437' title='bbox 2167 1857 2496 1928; x_wconf 87' lang='lat' dir='ltr'><strong>disciplinis,</strong></span> <span class='ocrx_word' id='word_1_438' title='bbox 2530 1859 2608 1911; x_wconf 92' lang='lat' dir='ltr'><strong>uti</strong></span> <span class='ocrx_word' id='word_1_439' title='bbox 2671 1857 2785 1911; x_wconf 86' lang='lat' dir='ltr'><strong>fieri</strong></span> <span class='ocrx_word' id='word_1_440' title='bbox 2831 1865 3063 1928; x_wconf 88' lang='lat' dir='ltr'><strong>poterat,</strong></span> <span class='ocrx_word' id='word_1_441' title='bbox 3106 1858 3348 1923; x_wconf 84' lang='lat' dir='ltr'><strong>imbutis,</strong></span> <span class='ocrx_word' id='word_1_442' title='bbox 3379 1868 3433 1915; x_wconf 87' lang='lat' dir='ltr'><strong>et</strong></span> 
     </span>
    </p>
   </div>
   <div class='ocr_carea' id='block_1_64' title="bbox 1860 1949 3436 2020">
    <p class='ocr_par' dir='ltr' id='par_1_64' title="bbox 1860 1949 3436 2020">
     <span class='ocr_line' id='line_1_64' title="bbox 1860 1949 3436 2020; baseline 0.002 -17"><span class='ocrx_word' id='word_1_443' title='bbox 1860 1949 2088 2005; x_wconf 81' lang='lat' dir='ltr'><strong>confusa</strong></span> <span class='ocrx_word' id='word_1_444' title='bbox 2119 1950 2353 2020; x_wconf 90' lang='lat' dir='ltr'><strong>quadam</strong></span> <span class='ocrx_word' id='word_1_445' title='bbox 2391 1965 2572 2004; x_wconf 90' lang='lat' dir='ltr'><strong>rerum</strong></span> <span class='ocrx_word' id='word_1_446' title='bbox 2600 1949 2816 2002; x_wconf 88' lang='lat' dir='ltr'><strong>illarum</strong></span> <span class='ocrx_word' id='word_1_447' title='bbox 2844 1949 3037 2003; x_wconf 85' lang='lat' dir='ltr'><strong>notitia</strong></span> <span class='ocrx_word' id='word_1_448' title='bbox 3067 1949 3181 2004; x_wconf 89' lang='lat' dir='ltr'><strong>sive</strong></span> <span class='ocrx_word' id='word_1_449' title='bbox 3199 1965 3315 2004; x_wconf 88' lang='lat' dir='ltr'><strong>eam</strong></span> <span class='ocrx_word' id='word_1_450' title='bbox 3342 1966 3436 2006; x_wconf 53' lang='lat' dir='ltr'><strong>na-</strong></span> 
     </span>
    </p>
   </div>
   <div class='ocr_carea' id='block_1_65' title="bbox 1861 2042 3434 2112">
    <p class='ocr_par' dir='ltr' id='par_1_65' title="bbox 1861 2042 3434 2112">
     <span class='ocr_line' id='line_1_65' title="bbox 1861 2042 3434 2112; baseline 0.001 -16"><span class='ocrx_word' id='word_1_451' title='bbox 1861 2050 2006 2103; x_wconf 87' lang='lat' dir='ltr'><strong>tura,</strong></span> <span class='ocrx_word' id='word_1_452' title='bbox 2063 2043 2178 2098; x_wconf 88' lang='lat' dir='ltr'><strong>sive</strong></span> <span class='ocrx_word' id='word_1_453' title='bbox 2211 2051 2327 2098; x_wconf 89' lang='lat' dir='ltr'><strong>arte</strong></span> <span class='ocrx_word' id='word_1_454' title='bbox 2356 2042 2644 2106; x_wconf 87' lang='lat' dir='ltr'><strong>haberent,</strong></span> <span class='ocrx_word' id='word_1_455' title='bbox 2682 2043 3046 2112; x_wconf 71' lang='lat' dir='ltr'><strong>turgentibus,</strong></span> <span class='ocrx_word' id='word_1_456' title='bbox 3104 2042 3300 2112; x_wconf 89' lang='lat' dir='ltr'><strong>quibus</strong></span> <span class='ocrx_word' id='word_1_457' title='bbox 3334 2057 3434 2098; x_wconf 85' lang='lat' dir='ltr'><strong>nec</strong></span> 
     </span>
    </p>
   </div>
   <div class='ocr_carea' id='block_1_66' title="bbox 1862 2131 3432 2202">
    <p class='ocr_par' dir='ltr' id='par_1_66' title="bbox 1862 2131 3432 2202">
     <span class='ocr_line' id='line_1_66' title="bbox 1862 2131 3432 2202; baseline 0.001 -17"><span class='ocrx_word' id='word_1_458' title='bbox 1862 2131 2085 2185; x_wconf 90' lang='lat' dir='ltr'><strong>minima</strong></span> <span class='ocrx_word' id='word_1_459' title='bbox 2133 2132 2187 2185; x_wconf 90' lang='lat' dir='ltr'><strong>in</strong></span> <span class='ocrx_word' id='word_1_460' title='bbox 2220 2133 2643 2196; x_wconf 86' lang='lat' dir='ltr'><strong>mathematicis,</strong></span> <span class='ocrx_word' id='word_1_461' title='bbox 2686 2133 2780 2187; x_wconf 91' lang='lat' dir='ltr'><strong>scd</strong></span> <span class='ocrx_word' id='word_1_462' title='bbox 2813 2135 3106 2202; x_wconf 67' lang='lat' dir='ltr'><strong>praecipua,</strong></span> <span class='ocrx_word' id='word_1_463' title='bbox 3141 2134 3224 2187; x_wconf 88' lang='lat' dir='ltr'><strong>vel</strong></span> <span class='ocrx_word' id='word_1_464' title='bbox 3256 2133 3432 2188; x_wconf 90' lang='lat' dir='ltr'><strong>solum</strong></span> 
     </span>
    </p>
   </div>
   <div class='ocr_carea' id='block_1_67' title="bbox 1864 2220 3436 2296">
    <p class='ocr_par' dir='ltr' id='par_1_67' title="bbox 1864 2220 3436 2296">
     <span class='ocr_line' id='line_1_67' title="bbox 1864 2220 3436 2296; baseline 0.001 -18"><span class='ocrx_word' id='word_1_465' title='bbox 1864 2220 2093 2278; x_wconf 88' lang='lat' dir='ltr'><strong>innuere</strong></span> <span class='ocrx_word' id='word_1_466' title='bbox 2146 2221 2465 2287; x_wconf 72' lang='lat' dir='ltr'><strong>sufﬁciebat,</strong></span> <span class='ocrx_word' id='word_1_467' title='bbox 2539 2231 2596 2277; x_wconf 94' lang='lat' dir='ltr'><strong>ut</strong></span> <span class='ocrx_word' id='word_1_468' title='bbox 2661 2240 2850 2279; x_wconf 90' lang='lat' dir='ltr'><strong>eorum</strong></span> <span class='ocrx_word' id='word_1_469' title='bbox 2904 2234 3204 2295; x_wconf 74' lang='lat' dir='ltr'><strong>praeceptor</strong></span> <span class='ocrx_word' id='word_1_470' title='bbox 3249 2237 3436 2296; x_wconf 83' lang='lat' dir='ltr'><strong>posset</strong></span> 
     </span>
    </p>
   </div>
   <div class='ocr_carea' id='block_1_68' title="bbox 1861 2310 3440 2381">
    <p class='ocr_par' dir='ltr' id='par_1_68' title="bbox 1861 2310 3440 2381">
     <span class='ocr_line' id='line_1_68' title="bbox 1861 2310 3440 2381; baseline 0 -16"><span class='ocrx_word' id='word_1_471' title='bbox 1861 2311 2181 2372; x_wconf 79' lang='lat' dir='ltr'><strong>existimari,</strong></span> <span class='ocrx_word' id='word_1_472' title='bbox 2203 2310 2404 2380; x_wconf 88' lang='lat' dir='ltr'><strong>quibus</strong></span> <span class='ocrx_word' id='word_1_473' title='bbox 2430 2311 2798 2367; x_wconf 78' lang='lat' dir='ltr'><strong>fundamentis</strong></span> <span class='ocrx_word' id='word_1_474' title='bbox 2829 2311 2990 2379; x_wconf 84' lang='lat' dir='ltr'><strong>jaetis</strong></span> <span class='ocrx_word' id='word_1_475' title='bbox 3015 2311 3238 2381; x_wconf 87' lang='lat' dir='ltr'><strong>proprio</strong></span> <span class='ocrx_word' id='word_1_476' title='bbox 3263 2319 3440 2365; x_wconf 80' lang='lat' dir='ltr'><strong>marte</strong></span> 
     </span>
    </p>
   </div>
   <div class='ocr_carea' id='block_1_69' title="bbox 1861 2401 3434 2472">
    <p class='ocr_par' dir='ltr' id='par_1_69' title="bbox 1861 2401 3434 2472">
     <span class='ocr_line' id='line_1_69' title="bbox 1861 2401 3434 2472; baseline 0.001 -17"><span class='ocrx_word' id='word_1_477' title='bbox 1861 2402 2313 2472; x_wconf 80' lang='lat' dir='ltr'><strong>perfectissimam</strong></span> <span class='ocrx_word' id='word_1_478' title='bbox 2353 2417 2541 2456; x_wconf 89' lang='lat' dir='ltr'><strong>eorum</strong></span> <span class='ocrx_word' id='word_1_479' title='bbox 2580 2404 2862 2458; x_wconf 88' lang='lat' dir='ltr'><strong>scientiam</strong></span> <span class='ocrx_word' id='word_1_480' title='bbox 2921 2402 3280 2470; x_wconf 91' lang='lat' dir='ltr'><strong>notitiamque</strong></span> <span class='ocrx_word' id='word_1_481' title='bbox 3328 2401 3434 2456; x_wconf 81' lang='lat' dir='ltr'><strong>sibi</strong></span> 
     </span>
    </p>
   </div>
   <div class='ocr_carea' id='block_1_70' title="bbox 1862 2491 3432 2564">
    <p class='ocr_par' dir='ltr' id='par_1_70' title="bbox 1862 2491 3432 2564">
     <span class='ocr_line' id='line_1_70' title="bbox 1862 2491 3432 2564; baseline 0 -18"><span class='ocrx_word' id='word_1_482' title='bbox 1862 2509 2054 2564; x_wconf 90' lang='lat' dir='ltr'><strong>parare</strong></span> <span class='ocrx_word' id='word_1_483' title='bbox 2076 2495 2338 2548; x_wconf 88' lang='lat' dir='ltr'><strong>valerent.</strong></span> <span class='ocrx_word' id='word_1_484' title='bbox 2367 2493 2506 2560; x_wconf 84' lang='lat' dir='ltr'><strong>Quid</strong></span> <span class='ocrx_word' id='word_1_485' title='bbox 2543 2496 2758 2549; x_wconf 91' lang='lat' dir='ltr'><strong>tandem</strong></span> <span class='ocrx_word' id='word_1_486' title='bbox 2788 2494 3026 2554; x_wconf 78' lang='lat' dir='ltr'><strong>traderet</strong></span> <span class='ocrx_word' id='word_1_487' title='bbox 3060 2494 3206 2548; x_wconf 89' lang='lat' dir='ltr'><strong>aliud</strong></span> <span class='ocrx_word' id='word_1_488' title='bbox 3238 2491 3432 2555; x_wconf 82' lang='lat' dir='ltr'><strong>Varro,</strong></span> 
     </span>
    </p>
   </div>
   <div class='ocr_carea' id='block_1_71' title="bbox 1862 2583 3435 2653">
    <p class='ocr_par' dir='ltr' id='par_1_71' title="bbox 1862 2583 3435 2653">
     <span class='ocr_line' id='line_1_71' title="bbox 1862 2583 3435 2653; baseline -0.001 -15"><span class='ocrx_word' id='word_1_489' title='bbox 1862 2585 1948 2638; x_wconf 91' lang='lat' dir='ltr'><strong>cui</strong></span> <span class='ocrx_word' id='word_1_490' title='bbox 1979 2583 2328 2638; x_wconf 63' lang='lat' dir='ltr'><strong>Hebraeorum</strong></span> <span class='ocrx_word' id='word_1_491' title='bbox 2361 2584 2604 2638; x_wconf 70' lang='lat' dir='ltr'><strong>historia:</strong></span> <span class='ocrx_word' id='word_1_492' title='bbox 2634 2585 2857 2638; x_wconf 89' lang='lat' dir='ltr'><strong>minime</strong></span> <span class='ocrx_word' id='word_1_493' title='bbox 2879 2594 3039 2650; x_wconf 77' lang='lat' dir='ltr'><strong>notze,</strong></span> <span class='ocrx_word' id='word_1_494' title='bbox 3060 2585 3263 2653; x_wconf 90' lang='lat' dir='ltr'><strong>quique</strong></span> <span class='ocrx_word' id='word_1_495' title='bbox 3290 2584 3435 2638; x_wconf 81' lang='lat' dir='ltr'><strong>sicut</strong></span> 
     </span>
    </p>
   </div>
   <div class='ocr_carea' id='block_1_72' title="bbox 1862 2669 3435 2741">
    <p class='ocr_par' dir='ltr' id='par_1_72' title="bbox 1862 2669 3435 2741">
     <span class='ocr_line' id='line_1_72' title="bbox 1862 2669 3435 2741; baseline -0.001 -13"><span class='ocrx_word' id='word_1_496' title='bbox 1862 2680 1917 2728; x_wconf 90' lang='lat' dir='ltr'><strong>et</strong></span> <span class='ocrx_word' id='word_1_497' title='bbox 1953 2673 2044 2726; x_wconf 90' lang='lat' dir='ltr'><strong>alii</strong></span> <span class='ocrx_word' id='word_1_498' title='bbox 2096 2673 2324 2736; x_wconf 83' lang='lat' dir='ltr'><strong>ethnici,</strong></span> <span class='ocrx_word' id='word_1_499' title='bbox 2380 2673 2448 2725; x_wconf 90' lang='lat' dir='ltr'><strong>ab</strong></span> <span class='ocrx_word' id='word_1_500' title='bbox 2478 2673 2586 2726; x_wconf 90' lang='lat' dir='ltr'><strong>illis</strong></span> <span class='ocrx_word' id='word_1_501' title='bbox 2632 2688 2718 2726; x_wconf 89' lang='lat' dir='ltr'><strong>res</strong></span> <span class='ocrx_word' id='word_1_502' title='bbox 2752 2682 3006 2740; x_wconf 89' lang='lat' dir='ltr'><strong>acceptas</strong></span> <span class='ocrx_word' id='word_1_503' title='bbox 3042 2672 3338 2741; x_wconf 79' lang='lat' dir='ltr'><strong>Pervenit?</strong></span> <span class='ocrx_word' id='word_1_504' title='bbox 3371 2669 3435 2726; x_wconf 82' lang='lat' dir='ltr'><strong>Et</strong></span> 
     </span>
    </p>
   </div>
   <div class='ocr_carea' id='block_1_73' title="bbox 1862 2762 3436 2834">
    <p class='ocr_par' dir='ltr' id='par_1_73' title="bbox 1862 2762 3436 2834">
     <span class='ocr_line' id='line_1_73' title="bbox 1862 2762 3436 2834; baseline 0 -16"><span class='ocrx_word' id='word_1_505' title='bbox 1862 2763 2200 2818; x_wconf 85' lang='lat' dir='ltr'><strong>Jambliehus</strong></span> <span class='ocrx_word' id='word_1_506' title='bbox 2220 2764 2454 2832; x_wconf 90' lang='lat' dir='ltr'><strong>primum</strong></span> <span class='ocrx_word' id='word_1_507' title='bbox 2477 2762 2853 2834; x_wconf 52' lang='lat' dir='ltr'><strong>Egi-ptimum</strong></span> <span class='ocrx_word' id='word_1_508' title='bbox 2874 2765 3173 2834; x_wconf 89' lang='lat' dir='ltr'><strong>sapientem</strong></span> <span class='ocrx_word' id='word_1_509' title='bbox 3187 2764 3436 2818; x_wconf 80' lang='lat' dir='ltr'><strong>nominat</strong></span> 
     </span>
    </p>
   </div>
   <div class='ocr_carea' id='block_1_74' title="bbox 1865 2856 3434 2925">
    <p class='ocr_par' dir='ltr' id='par_1_74' title="bbox 1865 2856 3434 2925">
     <span class='ocr_line' id='line_1_74' title="bbox 1865 2856 3434 2925; baseline 0.003 -15"><span class='ocrx_word' id='word_1_510' title='bbox 1865 2856 2305 2925; x_wconf 76' lang='lat' dir='ltr'><strong>Trismegistum,</strong></span> <span class='ocrx_word' id='word_1_511' title='bbox 2351 2864 2611 2924; x_wconf 88' lang='lat' dir='ltr'><strong>tanquam</strong></span> <span class='ocrx_word' id='word_1_512' title='bbox 2653 2871 2799 2918; x_wconf 91' lang='lat' dir='ltr'><strong>cum,</strong></span> <span class='ocrx_word' id='word_1_513' title='bbox 2855 2863 2913 2909; x_wconf 90' lang='lat' dir='ltr'><strong>ut</strong></span> <span class='ocrx_word' id='word_1_514' title='bbox 2941 2856 3154 2924; x_wconf 90' lang='lat' dir='ltr'><strong>opinor,</strong></span> <span class='ocrx_word' id='word_1_515' title='bbox 3183 2856 3274 2925; x_wconf 90' lang='lat' dir='ltr'><strong>qui</strong></span> <span class='ocrx_word' id='word_1_516' title='bbox 3321 2869 3434 2914; x_wconf 74' lang='grc' dir='ltr'><strong>παι</strong></span> 
     </span>
    </p>
   </div>
   <div class='ocr_carea' id='block_1_75' title="bbox 1867 2933 3434 3015">
    <p class='ocr_par' dir='ltr' id='par_1_75' title="bbox 1867 2933 3434 3015">
     <span class='ocr_line' id='line_1_75' title="bbox 1867 2933 3434 3015; baseline 0 -13"><span class='ocrx_word' id='word_1_517' title='bbox 1867 2949 2041 3004; x_wconf 87' lang='lat' dir='ltr'><strong>solum</strong></span> <span class='ocrx_word' id='word_1_518' title='bbox 2065 2933 2217 3013; x_wconf 75' lang='lat' dir='ltr'><strong>voce,</strong></span> <span class='ocrx_word' id='word_1_519' title='bbox 2240 2945 2334 3001; x_wconf 86' lang='lat' dir='ltr'><strong>sed</strong></span> <span class='ocrx_word' id='word_1_520' title='bbox 2364 2947 2583 3013; x_wconf 88' lang='lat' dir='ltr'><strong>scriptis</strong></span> <span class='ocrx_word' id='word_1_521' title='bbox 2603 2947 2766 3001; x_wconf 87' lang='lat' dir='ltr'><strong>etiam</strong></span> <span class='ocrx_word' id='word_1_522' title='bbox 2799 2947 3003 3014; x_wconf 89' lang='lat' dir='ltr'><strong>aliquid</strong></span> <span class='ocrx_word' id='word_1_523' title='bbox 3035 2947 3295 3015; x_wconf 90' lang='lat' dir='ltr'><strong>prodidit.</strong></span> <span class='ocrx_word' id='word_1_524' title='bbox 3322 2945 3434 3002; x_wconf 75' lang='lat' dir='ltr'><strong>Nec</strong></span> 
     </span>
    </p>
   </div>
   <div class='ocr_carea' id='block_1_76' title="bbox 1867 3034 3434 3092">
    <p class='ocr_par' dir='ltr' id='par_1_76' title="bbox 1867 3034 3434 3092">
     <span class='ocr_line' id='line_1_76' title="bbox 1867 3034 3434 3092; baseline -0.001 0"><span class='ocrx_word' id='word_1_525' title='bbox 1867 3038 1999 3092; x_wconf 89' lang='lat' dir='ltr'><strong>mihi</strong></span> <span class='ocrx_word' id='word_1_526' title='bbox 2038 3038 2292 3091; x_wconf 89' lang='lat' dir='ltr'><strong>videntur</strong></span> <span class='ocrx_word' id='word_1_527' title='bbox 2327 3035 2496 3090; x_wconf 81' lang='lat' dir='ltr'><strong>Varro</strong></span> <span class='ocrx_word' id='word_1_528' title='bbox 2525 3044 2578 3091; x_wconf 85' lang='lat' dir='ltr'><strong>et</strong></span> <span class='ocrx_word' id='word_1_529' title='bbox 2624 3034 2961 3091; x_wconf 83' lang='lat' dir='ltr'><strong>.lambliclms</strong></span> <span class='ocrx_word' id='word_1_530' title='bbox 3003 3038 3056 3090; x_wconf 92' lang='lat' dir='ltr'><strong>in</strong></span> <span class='ocrx_word' id='word_1_531' title='bbox 3093 3037 3320 3090; x_wconf 80' lang='lat' dir='ltr'><strong>historia</strong></span> <span class='ocrx_word' id='word_1_532' title='bbox 3350 3036 3434 3091; x_wconf 67' lang='lat' dir='ltr'><strong>dio</strong></span> 
     </span>
    </p>
   </div>
   <div class='ocr_carea' id='block_1_77' title="bbox 1866 3128 3431 3214">
    <p class='ocr_par' dir='ltr' id='par_1_77' title="bbox 1866 3128 3431 3214">
     <span class='ocr_line' id='line_1_77' title="bbox 1866 3128 3431 3214; baseline 0 -30"><span class='ocrx_word' id='word_1_533' title='bbox 1866 3131 1992 3184; x_wconf 91' lang='lat' dir='ltr'><strong>vina</strong></span> <span class='ocrx_word' id='word_1_534' title='bbox 2017 3128 2421 3200; x_wconf 74' lang='lat' dir='ltr'><strong>Scripturmque</strong></span> <span class='ocrx_word' id='word_1_535' title='bbox 2458 3130 2822 3199; x_wconf 82' lang='lat' dir='ltr'><strong>explicatione</strong></span> <span class='ocrx_word' id='word_1_536' title='bbox 2842 3129 3147 3195; x_wconf 86' lang='lat' dir='ltr'><strong>Eustathio,</strong></span> <span class='ocrx_word' id='word_1_537' title='bbox 3177 3128 3431 3214; x_wconf 60' lang='lat' dir='ltr'><strong>Eusebio,</strong></span> 
     </span>
    </p>
   </div>
   <div class='ocr_carea' id='block_1_78' title="bbox 1863 3219 2786 3290">
    <p class='ocr_par' dir='ltr' id='par_1_78' title="bbox 1863 3219 2786 3290">
     <span class='ocr_line' id='line_1_78' title="bbox 1863 3219 2786 3290; baseline -0.002 -15"><span class='ocrx_word' id='word_1_538' title='bbox 1863 3219 2120 3290; x_wconf 76' lang='lat' dir='ltr'><strong>Josepho,</strong></span> <span class='ocrx_word' id='word_1_539' title='bbox 2152 3219 2380 3290; x_wconf 89' lang='lat' dir='ltr'><strong>aliisque</strong></span> <span class='ocrx_word' id='word_1_540' title='bbox 2404 3220 2786 3289; x_wconf 87' lang='lat' dir='ltr'><strong>anteponendi.</strong></span> 
     </span>
    </p>
   </div>
   <div class='ocr_carea' id='block_1_79' title="bbox 1933 3308 3435 3379">
    <p class='ocr_par' dir='ltr' id='par_1_79' title="bbox 1933 3308 3435 3379">
     <span class='ocr_line' id='line_1_79' title="bbox 1933 3308 3435 3379; baseline -0.002 -13"><span class='ocrx_word' id='word_1_541' title='bbox 1933 3310 2051 3366; x_wconf 87' lang='lat' dir='ltr'><strong>Col.</strong></span> <span class='ocrx_word' id='word_1_542' title='bbox 2086 3311 2207 3372; x_wconf 77' lang='grc'><strong>761,</strong></span> <span class='ocrx_word' id='word_1_543' title='bbox 2231 3312 2327 3364; x_wconf 92' lang='lat' dir='ltr'><strong>lin.</strong></span> <span class='ocrx_word' id='word_1_544' title='bbox 2353 3309 2441 3364; x_wconf 75' lang='lat'><strong>25.</strong></span> <span class='ocrx_word' id='word_1_545' title='bbox 2458 3313 2760 3376; x_wconf 69' lang='lat' dir='ltr'><strong>Madc’rrsq</strong></span> <span class='ocrx_word' id='word_1_546' title='bbox 2780 3308 2866 3364; x_wconf 73' lang='grc' dir='ltr'><strong>δέ.</strong></span> <span class='ocrx_word' id='word_1_547' title='bbox 2885 3309 2959 3362; x_wconf 88' lang='lat' dir='ltr'><strong>lta</strong></span> <span class='ocrx_word' id='word_1_548' title='bbox 2979 3324 3193 3379; x_wconf 86' lang='lat' dir='ltr'><strong>semper</strong></span> <span class='ocrx_word' id='word_1_549' title='bbox 3216 3309 3435 3378; x_wconf 80' lang='lat' dir='ltr'><strong>ingenui</strong></span> 
     </span>
    </p>
   </div>
   <div class='ocr_carea' id='block_1_80' title="bbox 1865 3397 3439 3471">
    <p class='ocr_par' dir='ltr' id='par_1_80' title="bbox 1865 3397 3439 3471">
     <span class='ocr_line' id='line_1_80' title="bbox 1865 3397 3439 3471; baseline -0.001 -17"><span class='ocrx_word' id='word_1_550' title='bbox 1865 3403 2067 3471; x_wconf 88' lang='lat' dir='ltr'><strong>quique</strong></span> <span class='ocrx_word' id='word_1_551' title='bbox 2099 3402 2226 3456; x_wconf 87' lang='lat' dir='ltr'><strong>fassi</strong></span> <span class='ocrx_word' id='word_1_552' title='bbox 2255 3410 2403 3463; x_wconf 87' lang='lat' dir='ltr'><strong>sunt,</strong></span> <span class='ocrx_word' id='word_1_553' title='bbox 2436 3404 2596 3455; x_wconf 80' lang='lat' dir='ltr'><strong>etiam</strong></span> <span class='ocrx_word' id='word_1_554' title='bbox 2633 3419 2695 3454; x_wconf 74' lang='lat' dir='ltr'><strong>ex</strong></span> <span class='ocrx_word' id='word_1_555' title='bbox 2744 3404 2874 3471; x_wconf 83' lang='lat' dir='ltr'><strong>ipsis</strong></span> <span class='ocrx_word' id='word_1_556' title='bbox 2913 3401 3133 3455; x_wconf 67' lang='lat' dir='ltr'><strong>Graecis.</strong></span> <span class='ocrx_word' id='word_1_557' title='bbox 3173 3397 3230 3453; x_wconf 94' lang='lat' dir='ltr'><strong>ln</strong></span> <span class='ocrx_word' id='word_1_558' title='bbox 3263 3415 3439 3469; x_wconf 83' lang='lat' dir='ltr'><strong>prom-</strong></span> 
     </span>
    </p>
   </div>
   <div class='ocr_carea' id='block_1_81' title="bbox 1867 3488 3439 3563">
    <p class='ocr_par' dir='ltr' id='par_1_81' title="bbox 1867 3488 3439 3563">
     <span class='ocr_line' id='line_1_81' title="bbox 1867 3488 3439 3563; baseline -0.002 -17"><span class='ocrx_word' id='word_1_559' title='bbox 1867 3504 1959 3563; x_wconf 90' lang='lat' dir='ltr'><strong>ptu</strong></span> <span class='ocrx_word' id='word_1_560' title='bbox 1989 3504 2116 3548; x_wconf 90' lang='lat' dir='ltr'><strong>sunt</strong></span> <span class='ocrx_word' id='word_1_561' title='bbox 2146 3509 2266 3560; x_wconf 68' lang='lat' dir='ltr'><strong>qute</strong></span> <span class='ocrx_word' id='word_1_562' title='bbox 2298 3509 2458 3561; x_wconf 86' lang='lat' dir='ltr'><strong>super</strong></span> <span class='ocrx_word' id='word_1_563' title='bbox 2483 3493 2583 3545; x_wconf 89' lang='lat' dir='ltr'><strong>hoc</strong></span> <span class='ocrx_word' id='word_1_564' title='bbox 2607 3500 2928 3562; x_wconf 79' lang='lat' dir='ltr'><strong>argumento</strong></span> <span class='ocrx_word' id='word_1_565' title='bbox 2959 3488 3439 3561; x_wconf 74' lang='lat' dir='ltr'><strong>scripserunt,Ta~</strong></span> 
     </span>
    </p>
   </div>
   <div class='ocr_carea' id='block_1_82' title="bbox 1867 3583 3440 3656">
    <p class='ocr_par' dir='ltr' id='par_1_82' title="bbox 1867 3583 3440 3656">
     <span class='ocr_line' id='line_1_82' title="bbox 1867 3583 3440 3656; baseline -0.003 -16"><span class='ocrx_word' id='word_1_566' title='bbox 1867 3589 2067 3649; x_wconf 88' lang='lat' dir='ltr'><strong>tianus,</strong></span> <span class='ocrx_word' id='word_1_567' title='bbox 2105 3586 2376 3646; x_wconf 85' lang='lat' dir='ltr'><strong>Clemens,</strong></span> <span class='ocrx_word' id='word_1_568' title='bbox 2411 3585 2769 3656; x_wconf 68' lang='lat' dir='ltr'><strong>Theophilus.</strong></span> <span class='ocrx_word' id='word_1_569' title='bbox 2803 3585 3069 3638; x_wconf 80' lang='lat' dir='ltr'><strong>Eusebius</strong></span> <span class='ocrx_word' id='word_1_570' title='bbox 3103 3593 3154 3637; x_wconf 90' lang='lat' dir='ltr'><strong>et</strong></span> <span class='ocrx_word' id='word_1_571' title='bbox 3177 3585 3286 3639; x_wconf 91' lang='lat' dir='ltr'><strong>alii.</strong></span> <span class='ocrx_word' id='word_1_572' title='bbox 3320 3583 3440 3636; x_wconf 80' lang='lat' dir='ltr'><strong>Dio-</strong></span> 
     </span>
    </p>
   </div>
   <div class='ocr_carea' id='block_1_83' title="bbox 1866 3669 3435 3745">
    <p class='ocr_par' dir='ltr' id='par_1_83' title="bbox 1866 3669 3435 3745">
     <span class='ocr_line' id='line_1_83' title="bbox 1866 3669 3435 3745; baseline -0.005 -16"><span class='ocrx_word' id='word_1_573' title='bbox 1866 3679 1986 3745; x_wconf 77' lang='lat' dir='ltr'><strong>geni</strong></span> <span class='ocrx_word' id='word_1_574' title='bbox 2047 3675 2282 3740; x_wconf 85' lang='lat' dir='ltr'><strong>Laertio,</strong></span> <span class='ocrx_word' id='word_1_575' title='bbox 2329 3675 2422 3727; x_wconf 80' lang='lat' dir='ltr'><strong>lib.</strong></span> <span class='ocrx_word' id='word_1_576' title='bbox 2461 3692 2497 3737; x_wconf 86' lang='grc' dir='ltr'>ι,</span> <span class='ocrx_word' id='word_1_577' title='bbox 2551 3677 2692 3729; x_wconf 76' lang='lat' dir='ltr'><strong>sient</strong></span> <span class='ocrx_word' id='word_1_578' title='bbox 2737 3681 2791 3728; x_wconf 89' lang='lat' dir='ltr'><strong>et</strong></span> <span class='ocrx_word' id='word_1_579' title='bbox 2845 3673 2966 3725; x_wconf 90' lang='lat' dir='ltr'><strong>aliis</strong></span> <span class='ocrx_word' id='word_1_580' title='bbox 2998 3669 3299 3734; x_wconf 81' lang='lat' dir='ltr'><strong>nonnullis,</strong></span> <span class='ocrx_word' id='word_1_581' title='bbox 3326 3683 3435 3723; x_wconf 86' lang='lat' dir='ltr'><strong>non</strong></span> 
     </span>
    </p>
   </div>
   <div class='ocr_carea' id='block_1_84' title="bbox 1867 3769 2063 3835">
    <p class='ocr_par' dir='ltr' id='par_1_84' title="bbox 1867 3769 2063 3835">
     <span class='ocr_line' id='line_1_84' title="bbox 1867 3769 2063 3835; baseline 0.01 -17"><span class='ocrx_word' id='word_1_582' title='bbox 1867 3769 2063 3835; x_wconf 75' lang='lat' dir='ltr'><strong>placet.</strong></span> 
     </span>
    </p>
   </div>
   <div class='ocr_carea' id='block_1_85' title="bbox 1935 3849 3435 3923">
    <p class='ocr_par' dir='ltr' id='par_1_85' title="bbox 1935 3849 3435 3923">
     <span class='ocr_line' id='line_1_85' title="bbox 1935 3849 3435 3923; baseline -0.006 -12"><span class='ocrx_word' id='word_1_583' title='bbox 1935 3858 2094 3920; x_wconf 85' lang='lat' dir='ltr'><strong>lbid.,</strong></span> <span class='ocrx_word' id='word_1_584' title='bbox 2131 3857 2224 3910; x_wconf 91' lang='lat' dir='ltr'><strong>lin.</strong></span> <span class='ocrx_word' id='word_1_585' title='bbox 2264 3857 2354 3911; x_wconf 66' lang='grc'><strong>24.</strong></span> <span class='ocrx_word' id='word_1_586' title='bbox 2390 3857 2519 3920; x_wconf 67' lang='grc' dir='ltr'><strong>Πιές</strong></span> <span class='ocrx_word' id='word_1_587' title='bbox 2547 3853 2818 3923; x_wconf 70' lang='grc' dir='ltr'><em>Ἰσμαήλ.</em></span> <span class='ocrx_word' id='word_1_588' title='bbox 2874 3851 2949 3905; x_wconf 77' lang='lat' dir='ltr'><strong>Ex</strong></span> <span class='ocrx_word' id='word_1_589' title='bbox 2983 3866 3092 3921; x_wconf 91' lang='lat' dir='ltr'><strong>quo</strong></span> <span class='ocrx_word' id='word_1_590' title='bbox 3134 3849 3435 3913; x_wconf 71' lang='lat' dir='ltr'><strong>lsmaclitte,</strong></span> 
     </span>
    </p>
   </div>
   <div class='ocr_carea' id='block_1_86' title="bbox 1865 3941 3440 4018">
    <p class='ocr_par' dir='ltr' id='par_1_86' title="bbox 1865 3941 3440 4018">
     <span class='ocr_line' id='line_1_86' title="bbox 1865 3941 3440 4018; baseline -0.005 -17"><span class='ocrx_word' id='word_1_591' title='bbox 1865 3953 1955 4018; x_wconf 72' lang='lat' dir='ltr'><strong>qui</strong></span> <span class='ocrx_word' id='word_1_592' title='bbox 1995 3959 2047 4003; x_wconf 88' lang='lat' dir='ltr'><strong>ct</strong></span> <span class='ocrx_word' id='word_1_593' title='bbox 2079 3951 2305 4010; x_wconf 77' lang='lat' dir='ltr'><strong>Arabes,</strong></span> <span class='ocrx_word' id='word_1_594' title='bbox 2337 3948 2468 3999; x_wconf 88' lang='lat' dir='ltr'><strong>dicti</strong></span> <span class='ocrx_word' id='word_1_595' title='bbox 2514 3946 2746 4014; x_wconf 78' lang='lat' dir='ltr'><strong>Agarcni</strong></span> <span class='ocrx_word' id='word_1_596' title='bbox 2781 3944 2848 3998; x_wconf 89' lang='lat' dir='ltr'><strong>ab</strong></span> <span class='ocrx_word' id='word_1_597' title='bbox 2889 3947 3031 4012; x_wconf 80' lang='lat' dir='ltr'><strong>Agar</strong></span> <span class='ocrx_word' id='word_1_598' title='bbox 3083 3941 3311 3994; x_wconf 54' lang='lat' dir='ltr'><strong>Abrahae</strong></span> <span class='ocrx_word' id='word_1_599' title='bbox 3339 3955 3440 3994; x_wconf 85' lang='lat' dir='ltr'><strong>an-</strong></span> 
     </span>
    </p>
   </div>
   <div class='ocr_carea' id='block_1_87' title="bbox 1865 4030 3438 4109">
    <p class='ocr_par' dir='ltr' id='par_1_87' title="bbox 1865 4030 3438 4109">
     <span class='ocr_line' id='line_1_87' title="bbox 1865 4030 3438 4109; baseline -0.008 -15"><span class='ocrx_word' id='word_1_600' title='bbox 1865 4044 2012 4102; x_wconf 86' lang='lat' dir='ltr'><strong>cilla,</strong></span> <span class='ocrx_word' id='word_1_601' title='bbox 2056 4041 2198 4109; x_wconf 89' lang='lat' dir='ltr'><strong>quod</strong></span> <span class='ocrx_word' id='word_1_602' title='bbox 2238 4055 2358 4092; x_wconf 89' lang='lat' dir='ltr'><strong>cum</strong></span> <span class='ocrx_word' id='word_1_603' title='bbox 2395 4039 2614 4089; x_wconf 88' lang='lat' dir='ltr'><strong>minime</strong></span> <span class='ocrx_word' id='word_1_604' title='bbox 2647 4034 3001 4089; x_wconf 81' lang='lat' dir='ltr'><strong>honorificum</strong></span> <span class='ocrx_word' id='word_1_605' title='bbox 3032 4032 3319 4085; x_wconf 82' lang='lat' dir='ltr'><strong>Mabumcti</strong></span> <span class='ocrx_word' id='word_1_606' title='bbox 3355 4030 3438 4083; x_wconf 76' lang='lat' dir='ltr'><strong>vi-</strong></span> 
     </span>
    </p>
   </div>
   <div class='ocr_carea' id='block_1_88' title="bbox 1866 4121 3436 4194">
    <p class='ocr_par' dir='ltr' id='par_1_88' title="bbox 1866 4121 3436 4194">
     <span class='ocr_line' id='line_1_88' title="bbox 1866 4121 3436 4194; baseline -0.01 -5"><span class='ocrx_word' id='word_1_607' title='bbox 1866 4135 2102 4194; x_wconf 87' lang='lat' dir='ltr'><strong>deretur,</strong></span> <span class='ocrx_word' id='word_1_608' title='bbox 2164 4133 2436 4185; x_wconf 85' lang='lat' dir='ltr'><strong>ordinavit</strong></span> <span class='ocrx_word' id='word_1_609' title='bbox 2471 4140 2529 4182; x_wconf 90' lang='lat' dir='ltr'><strong>ut</strong></span> <span class='ocrx_word' id='word_1_610' title='bbox 2584 4127 2838 4182; x_wconf 86' lang='lat' dir='ltr'><strong>Saraceni</strong></span> <span class='ocrx_word' id='word_1_611' title='bbox 2878 4126 3190 4179; x_wconf 85' lang='lat' dir='ltr'><strong>dicerentur</strong></span> <span class='ocrx_word' id='word_1_612' title='bbox 3233 4138 3262 4174; x_wconf 89' lang='lat' dir='ltr'><strong>a</strong></span> <span class='ocrx_word' id='word_1_613' title='bbox 3303 4121 3436 4174; x_wconf 85' lang='lat' dir='ltr'><strong>Sara</strong></span> 
     </span>
    </p>
   </div>
   <div class='ocr_carea' id='block_1_89' title="bbox 1867 4214 3438 4295">
    <p class='ocr_par' dir='ltr' id='par_1_89' title="bbox 1867 4214 3438 4295">
     <span class='ocr_line' id='line_1_89' title="bbox 1867 4214 3438 4295; baseline -0.011 -16"><span class='ocrx_word' id='word_1_614' title='bbox 1867 4225 2104 4295; x_wconf 81' lang='lat' dir='ltr'><strong>legitima</strong></span> <span class='ocrx_word' id='word_1_615' title='bbox 2165 4223 2395 4276; x_wconf 73' lang='lat' dir='ltr'><strong>Abralne</strong></span> <span class='ocrx_word' id='word_1_616' title='bbox 2439 4236 2626 4280; x_wconf 80' lang='lat' dir='ltr'><strong>uxore,</strong></span> <span class='ocrx_word' id='word_1_617' title='bbox 2668 4217 2877 4276; x_wconf 87' lang='lat' dir='ltr'><strong>dicens.</strong></span> <span class='ocrx_word' id='word_1_618' title='bbox 2942 4214 3220 4269; x_wconf 76' lang='lat' dir='ltr'><strong>lsmaelem</strong></span> <span class='ocrx_word' id='word_1_619' title='bbox 3250 4218 3438 4265; x_wconf 90' lang='lat' dir='ltr'><strong>natum</strong></span> 
     </span>
    </p>
   </div>
   <div class='ocr_carea' id='block_1_90' title="bbox 1866 4302 3438 4379">
    <p class='ocr_par' dir='ltr' id='par_1_90' title="bbox 1866 4302 3438 4379">
     <span class='ocr_line' id='line_1_90' title="bbox 1866 4302 3438 4379; baseline -0.013 -7"><span class='ocrx_word' id='word_1_620' title='bbox 1866 4335 1928 4372; x_wconf 75' lang='lat' dir='ltr'><strong>ex</strong></span> <span class='ocrx_word' id='word_1_621' title='bbox 1959 4334 2041 4378; x_wconf 91' lang='lat' dir='ltr'><strong>ea,</strong></span> <span class='ocrx_word' id='word_1_622' title='bbox 2079 4324 2130 4368; x_wconf 91' lang='lat' dir='ltr'><strong>et</strong></span> <span class='ocrx_word' id='word_1_623' title='bbox 2165 4332 2271 4368; x_wconf 92' lang='lat' dir='ltr'><strong>non</strong></span> <span class='ocrx_word' id='word_1_624' title='bbox 2298 4330 2361 4368; x_wconf 75' lang='lat' dir='ltr'><strong>ex</strong></span> <span class='ocrx_word' id='word_1_625' title='bbox 2414 4313 2608 4366; x_wconf 90' lang='lat' dir='ltr'><strong>ancilla</strong></span> <span class='ocrx_word' id='word_1_626' title='bbox 2634 4352 2649 4376; x_wconf 94' lang='lat'><strong>,</strong></span> <span class='ocrx_word' id='word_1_627' title='bbox 2685 4310 2830 4379; x_wconf 86' lang='lat' dir='ltr'><strong>quod</strong></span> <span class='ocrx_word' id='word_1_628' title='bbox 2861 4323 3052 4361; x_wconf 87' lang='lat' dir='ltr'><strong>nomen</strong></span> <span class='ocrx_word' id='word_1_629' title='bbox 3098 4306 3201 4359; x_wconf 91' lang='lat' dir='ltr'><strong>illis</strong></span> <span class='ocrx_word' id='word_1_630' title='bbox 3241 4302 3438 4356; x_wconf 89' lang='lat' dir='ltr'><strong>mansit</strong></span> 
     </span>
    </p>
   </div>
   <div class='ocr_carea' id='block_1_91' title="bbox 1867 4391 3437 4476">
    <p class='ocr_par' dir='ltr' id='par_1_91' title="bbox 1867 4391 3437 4476">
     <span class='ocr_line' id='line_1_91' title="bbox 1867 4391 3437 4476; baseline -0.01 -16"><span class='ocrx_word' id='word_1_631' title='bbox 1867 4409 2040 4476; x_wconf 84' lang='lat' dir='ltr'><strong>quoad</strong></span> <span class='ocrx_word' id='word_1_632' title='bbox 2084 4407 2274 4459; x_wconf 68' lang='lat' dir='ltr'><strong>Turca:</strong></span> <span class='ocrx_word' id='word_1_633' title='bbox 2324 4404 2373 4457; x_wconf 91' lang='lat' dir='ltr'><strong>id</strong></span> <span class='ocrx_word' id='word_1_634' title='bbox 2411 4418 2516 4456; x_wconf 91' lang='lat' dir='ltr'><strong>una</strong></span> <span class='ocrx_word' id='word_1_635' title='bbox 2551 4417 2673 4456; x_wconf 91' lang='lat' dir='ltr'><strong>cum</strong></span> <span class='ocrx_word' id='word_1_636' title='bbox 2712 4404 2933 4455; x_wconf 89' lang='lat' dir='ltr'><strong>natione</strong></span> <span class='ocrx_word' id='word_1_637' title='bbox 2965 4398 3335 4450; x_wconf 73' lang='lat' dir='ltr'><strong>aholeverunt.</strong></span> <span class='ocrx_word' id='word_1_638' title='bbox 3360 4391 3437 4445; x_wconf 86' lang='lat' dir='ltr'><strong>lla</strong></span> 
     </span>
    </p>
   </div>
   <div class='ocr_carea' id='block_1_92' title="bbox 196 4487 3440 4573">
    <p class='ocr_par' dir='ltr' id='par_1_92' title="bbox 196 4487 3440 4573">
     <span class='ocr_line' id='line_1_92' title="bbox 196 4487 3440 4573; baseline -0.008 -12"><span class='ocrx_word' id='word_1_639' title='bbox 196 4487 305 4564; x_wconf 79' lang='lat' dir='ltr'><strong>non</strong></span> <span class='ocrx_word' id='word_1_640' title='bbox 337 4512 511 4562; x_wconf 85' lang='lat' dir='ltr'><strong>aliena</strong></span> <span class='ocrx_word' id='word_1_641' title='bbox 545 4515 721 4559; x_wconf 77' lang='lat' dir='ltr'><strong>tau-en</strong></span> <span class='ocrx_word' id='word_1_642' title='bbox 752 4507 981 4565; x_wconf 85' lang='lat' dir='ltr'><strong>ratione,</strong></span> <span class='ocrx_word' id='word_1_643' title='bbox 1009 4515 1060 4557; x_wconf 88' lang='lat' dir='ltr'><strong>et</strong></span> <span class='ocrx_word' id='word_1_644' title='bbox 1083 4520 1268 4573; x_wconf 70' lang='lat' dir='ltr'><strong>sccpn,</strong></span> <span class='ocrx_word' id='word_1_645' title='bbox 1293 4504 1520 4572; x_wconf 84' lang='lat' dir='ltr'><strong>prodidit</strong></span> <span class='ocrx_word' id='word_1_646' title='bbox 1557 4503 1766 4572; x_wconf 67' lang='lat' dir='ltr'><strong>Moyses</strong></span> <span class='ocrx_word' id='word_1_647' title='bbox 1798 4518 1839 4572; x_wconf 75' lang='grc' dir='ltr'>ῃ</span> <span class='ocrx_word' id='word_1_648' title='bbox 1872 4500 2170 4554; x_wconf 74' lang='lat' dir='ltr'><strong>V&#39;iihelmus</strong></span> <span class='ocrx_word' id='word_1_649' title='bbox 2199 4497 2549 4551; x_wconf 71' lang='lat' dir='ltr'><strong>Godelevzeus</strong></span> <span class='ocrx_word' id='word_1_650' title='bbox 2597 4495 2652 4547; x_wconf 88' lang='lat' dir='ltr'><strong>in</strong></span> <span class='ocrx_word' id='word_1_651' title='bbox 2688 4491 2827 4544; x_wconf 80' lang='lat' dir='ltr'><strong>Aula</strong></span> <span class='ocrx_word' id='word_1_652' title='bbox 2859 4488 3104 4548; x_wconf 83' lang='lat' dir='ltr'><strong>Turcica,</strong></span> <span class='ocrx_word' id='word_1_653' title='bbox 3134 4487 3228 4538; x_wconf 90' lang='lat' dir='ltr'><strong>lib.</strong></span> <span class='ocrx_word' id='word_1_654' title='bbox 3267 4499 3352 4543; x_wconf 87' lang='grc' dir='ltr'>ιιι.</span> <span class='ocrx_word' id='word_1_655' title='bbox 3384 4494 3440 4537; x_wconf 86' lang='lat' dir='ltr'><strong>et</strong></span> 
     </span>
    </p>
   </div>
   <div class='ocr_carea' id='block_1_93' title="bbox 195 4595 1766 4664">
    <p class='ocr_par' dir='ltr' id='par_1_93' title="bbox 195 4595 1766 4664">
     <span class='ocr_line' id='line_1_93' title="bbox 195 4595 1766 4664; baseline -0.006 -8"><span class='ocrx_word' id='word_1_656' title='bbox 195 4602 263 4656; x_wconf 92' lang='lat' dir='ltr'><strong>de</strong></span> <span class='ocrx_word' id='word_1_657' title='bbox 298 4599 581 4651; x_wconf 84' lang='lat' dir='ltr'><strong>Pharaone</strong></span> <span class='ocrx_word' id='word_1_658' title='bbox 608 4597 884 4664; x_wconf 45' lang='grc' dir='ltr'><strong>Δίῃ-βείω,</strong></span> <span class='ocrx_word' id='word_1_659' title='bbox 914 4613 1032 4664; x_wconf 75' lang='lat' dir='ltr'><strong>qurc</strong></span> <span class='ocrx_word' id='word_1_660' title='bbox 1065 4607 1115 4646; x_wconf 91' lang='lat' dir='ltr'><strong>ut</strong></span> <span class='ocrx_word' id='word_1_661' title='bbox 1160 4595 1490 4650; x_wconf 73' lang='lat' dir='ltr'><strong>exsecutioni</strong></span> <span class='ocrx_word' id='word_1_662' title='bbox 1517 4596 1766 4647; x_wconf 86' lang='lat' dir='ltr'><strong>manden-</strong></span> 
     </span>
    </p>
   </div>
   <div class='ocr_carea' id='block_1_94' title="bbox 197 4687 1766 4758">
    <p class='ocr_par' dir='ltr' id='par_1_94' title="bbox 197 4687 1766 4758">
     <span class='ocr_line' id='line_1_94' title="bbox 197 4687 1766 4758; baseline -0.004 -12"><span class='ocrx_word' id='word_1_663' title='bbox 197 4702 306 4756; x_wconf 88' lang='lat' dir='ltr'><strong>tur,</strong></span> <span class='ocrx_word' id='word_1_664' title='bbox 356 4700 408 4743; x_wconf 85' lang='lat' dir='ltr'><strong>ct</strong></span> <span class='ocrx_word' id='word_1_665' title='bbox 442 4691 658 4758; x_wconf 82' lang='lat' dir='ltr'><strong>longum</strong></span> <span class='ocrx_word' id='word_1_666' title='bbox 697 4697 932 4755; x_wconf 85' lang='lat' dir='ltr'><strong>tempus.</strong></span> <span class='ocrx_word' id='word_1_667' title='bbox 979 4696 1030 4741; x_wconf 89' lang='lat' dir='ltr'><strong>et</strong></span> <span class='ocrx_word' id='word_1_668' title='bbox 1091 4687 1331 4740; x_wconf 87' lang='lat' dir='ltr'><strong>diutinas</strong></span> <span class='ocrx_word' id='word_1_669' title='bbox 1375 4702 1556 4741; x_wconf 89' lang='lat' dir='ltr'><strong>moras</strong></span> <span class='ocrx_word' id='word_1_670' title='bbox 1592 4687 1766 4756; x_wconf 82' lang='lat' dir='ltr'><strong>requi-</strong></span> 
     </span>
    </p>
   </div>
   <div class='ocr_carea' id='block_1_95' title="bbox 198 4776 1766 4847">
    <p class='ocr_par' dir='ltr' id='par_1_95' title="bbox 198 4776 1766 4847">
     <span class='ocr_line' id='line_1_95' title="bbox 198 4776 1766 4847; baseline -0.002 -12"><span class='ocrx_word' id='word_1_671' title='bbox 198 4793 343 4837; x_wconf 87' lang='lat' dir='ltr'><strong>runt.</strong></span> <span class='ocrx_word' id='word_1_672' title='bbox 376 4782 630 4847; x_wconf 80' lang='lat' dir='ltr'><strong>Quiuimo</strong></span> <span class='ocrx_word' id='word_1_673' title='bbox 675 4795 797 4832; x_wconf 86' lang='lat' dir='ltr'><strong>eum</strong></span> <span class='ocrx_word' id='word_1_674' title='bbox 834 4780 1034 4831; x_wconf 89' lang='lat' dir='ltr'><strong>nullam</strong></span> <span class='ocrx_word' id='word_1_675' title='bbox 1073 4779 1178 4830; x_wconf 81' lang='lat' dir='ltr'><strong>vim</strong></span> <span class='ocrx_word' id='word_1_676' title='bbox 1210 4793 1332 4831; x_wconf 78' lang='lat' dir='ltr'><strong>esse</strong></span> <span class='ocrx_word' id='word_1_677' title='bbox 1371 4779 1571 4830; x_wconf 87' lang='lat' dir='ltr'><strong>illatam</strong></span> <span class='ocrx_word' id='word_1_678' title='bbox 1619 4776 1766 4832; x_wconf 73' lang='lat' dir='ltr'><strong>Sara:</strong></span> 
     </span>
    </p>
   </div>
   <div class='ocr_carea' id='block_1_96' title="bbox 196 4871 1768 4938">
    <p class='ocr_par' dir='ltr' id='par_1_96' title="bbox 196 4871 1768 4938">
     <span class='ocr_line' id='line_1_96' title="bbox 196 4871 1768 4938; baseline -0.004 -10"><span class='ocrx_word' id='word_1_679' title='bbox 196 4873 570 4931; x_wconf 88' lang='lat' dir='ltr'><strong>concedimus,</strong></span> <span class='ocrx_word' id='word_1_680' title='bbox 610 4871 703 4923; x_wconf 85' lang='lat' dir='ltr'><strong>sed</strong></span> <span class='ocrx_word' id='word_1_681' title='bbox 734 4872 1094 4926; x_wconf 90' lang='lat' dir='ltr'><strong>matrimonio.</strong></span> <span class='ocrx_word' id='word_1_682' title='bbox 1127 4881 1184 4922; x_wconf 89' lang='lat' dir='ltr'><strong>ut</strong></span> <span class='ocrx_word' id='word_1_683' title='bbox 1208 4872 1279 4921; x_wconf 85' lang='lat' dir='ltr'><strong>ita</strong></span> <span class='ocrx_word' id='word_1_684' title='bbox 1313 4871 1510 4925; x_wconf 84' lang='lat' dir='ltr'><strong>dicam.</strong></span> <span class='ocrx_word' id='word_1_685' title='bbox 1536 4886 1768 4938; x_wconf 86' lang='lat' dir='ltr'><strong>occupa—</strong></span> 
     </span>
    </p>
   </div>
   <div class='ocr_carea' id='block_1_97' title="bbox 198 4958 1765 5028">
    <p class='ocr_par' dir='ltr' id='par_1_97' title="bbox 198 4958 1765 5028">
     <span class='ocr_line' id='line_1_97' title="bbox 198 4958 1765 5028; baseline -0.001 -12"><span class='ocrx_word' id='word_1_686' title='bbox 198 4974 326 5026; x_wconf 86' lang='lat' dir='ltr'><strong>tam,</strong></span> <span class='ocrx_word' id='word_1_687' title='bbox 360 4977 582 5014; x_wconf 77' lang='lat' dir='ltr'><strong>tieccsse</strong></span> <span class='ocrx_word' id='word_1_688' title='bbox 633 4969 716 5011; x_wconf 85' lang='lat' dir='ltr'><strong>est</strong></span> <span class='ocrx_word' id='word_1_689' title='bbox 773 4958 953 5020; x_wconf 83' lang='lat' dir='ltr'><strong>fateri,</strong></span> <span class='ocrx_word' id='word_1_690' title='bbox 1001 4969 1213 5028; x_wconf 77' lang='lat' dir='ltr'><strong>tempus</strong></span> <span class='ocrx_word' id='word_1_691' title='bbox 1267 4961 1616 5027; x_wconf 73' lang='lat' dir='ltr'><strong>interlapsum</strong></span> <span class='ocrx_word' id='word_1_692' title='bbox 1659 4977 1765 5014; x_wconf 88' lang='lat' dir='ltr'><strong>non</strong></span> 
     </span>
    </p>
   </div>
   <div class='ocr_carea' id='block_1_98' title="bbox 199 5050 1764 5123">
    <p class='ocr_par' dir='ltr' id='par_1_98' title="bbox 199 5050 1764 5123">
     <span class='ocr_line' id='line_1_98' title="bbox 199 5050 1764 5123; baseline -0.002 -18"><span class='ocrx_word' id='word_1_693' title='bbox 199 5069 442 5123; x_wconf 78' lang='lat' dir='ltr'><strong>parvum,</strong></span> <span class='ocrx_word' id='word_1_694' title='bbox 475 5052 599 5102; x_wconf 85' lang='lat' dir='ltr'><strong>dum</strong></span> <span class='ocrx_word' id='word_1_695' title='bbox 633 5050 752 5116; x_wconf 92' lang='lat' dir='ltr'><strong>ejus</strong></span> <span class='ocrx_word' id='word_1_696' title='bbox 801 5057 1135 5118; x_wconf 79' lang='lat' dir='ltr'><strong>spectatores</strong></span> <span class='ocrx_word' id='word_1_697' title='bbox 1191 5052 1303 5119; x_wconf 77' lang='lat' dir='ltr'><strong>tegi</strong></span> <span class='ocrx_word' id='word_1_698' title='bbox 1361 5054 1764 5112; x_wconf 78' lang='lat' dir='ltr'><strong>renuntiarunt,</strong></span> 
     </span>
    </p>
   </div>
   <div class='ocr_carea' id='block_1_99' title="bbox 198 5140 1768 5208">
    <p class='ocr_par' dir='ltr' id='par_1_99' title="bbox 198 5140 1768 5208">
     <span class='ocr_line' id='line_1_99' title="bbox 198 5140 1768 5208; baseline 0.001 -15"><span class='ocrx_word' id='word_1_699' title='bbox 198 5148 322 5196; x_wconf 87' lang='lat' dir='ltr'><strong>dum</strong></span> <span class='ocrx_word' id='word_1_700' title='bbox 371 5158 463 5195; x_wconf 64' lang='lat' dir='ltr'><strong>ret</strong></span> <span class='ocrx_word' id='word_1_701' title='bbox 521 5143 839 5193; x_wconf 86' lang='lat' dir='ltr'><strong>accersitam</strong></span> <span class='ocrx_word' id='word_1_702' title='bbox 880 5140 946 5191; x_wconf 90' lang='lat' dir='ltr'><strong>ad</strong></span> <span class='ocrx_word' id='word_1_703' title='bbox 979 5156 1035 5193; x_wconf 91' lang='lat' dir='ltr'><strong>se</strong></span> <span class='ocrx_word' id='word_1_704' title='bbox 1070 5142 1330 5203; x_wconf 89' lang='lat' dir='ltr'><strong>intuetur,</strong></span> <span class='ocrx_word' id='word_1_705' title='bbox 1379 5149 1768 5208; x_wconf 82' lang='lat' dir='ltr'><strong>comparatque</strong></span> 
     </span>
    </p>
   </div>
   <div class='ocr_carea' id='block_1_100' title="bbox 199 5225 1770 5301">
    <p class='ocr_par' dir='ltr' id='par_1_100' title="bbox 199 5225 1770 5301">
     <span class='ocr_line' id='line_1_100' title="bbox 199 5225 1770 5301; baseline -0.002 -13"><span class='ocrx_word' id='word_1_706' title='bbox 199 5251 317 5288; x_wconf 90' lang='lat' dir='ltr'><strong>cum</strong></span> <span class='ocrx_word' id='word_1_707' title='bbox 360 5235 481 5287; x_wconf 91' lang='lat' dir='ltr'><strong>aliis</strong></span> <span class='ocrx_word' id='word_1_708' title='bbox 521 5231 841 5286; x_wconf 89' lang='lat' dir='ltr'><strong>mulieribus</strong></span> <span class='ocrx_word' id='word_1_709' title='bbox 883 5225 1088 5299; x_wconf 87' lang='lat' dir='ltr'><strong>preprii</strong></span> <span class='ocrx_word' id='word_1_710' title='bbox 1140 5233 1312 5301; x_wconf 80' lang='lat' dir='ltr'><strong>regni,</strong></span> <span class='ocrx_word' id='word_1_711' title='bbox 1354 5247 1452 5285; x_wconf 89' lang='lat' dir='ltr'><strong>nec</strong></span> <span class='ocrx_word' id='word_1_712' title='bbox 1483 5248 1631 5286; x_wconf 87' lang='lat' dir='ltr'><strong>more</strong></span> <span class='ocrx_word' id='word_1_713' title='bbox 1663 5232 1770 5285; x_wconf 87' lang='lat' dir='ltr'><strong>bel-</strong></span> 
     </span>
    </p>
   </div>
   <div class='ocr_carea' id='block_1_101' title="bbox 200 5323 1762 5392">
    <p class='ocr_par' dir='ltr' id='par_1_101' title="bbox 200 5323 1762 5392">
     <span class='ocr_line' id='line_1_101' title="bbox 200 5323 1762 5392; baseline -0.005 -11"><span class='ocrx_word' id='word_1_714' title='bbox 200 5328 432 5384; x_wconf 86' lang='lat' dir='ltr'><strong>luarum,</strong></span> <span class='ocrx_word' id='word_1_715' title='bbox 454 5327 652 5392; x_wconf 89' lang='lat' dir='ltr'><strong>impetu</strong></span> <span class='ocrx_word' id='word_1_716' title='bbox 679 5323 966 5391; x_wconf 84' lang='lat' dir='ltr'><strong>furoreque</strong></span> <span class='ocrx_word' id='word_1_717' title='bbox 1001 5331 1180 5376; x_wconf 80' lang='lat' dir='ltr'><strong>artum</strong></span> <span class='ocrx_word' id='word_1_718' title='bbox 1205 5329 1386 5376; x_wconf 81' lang='lat' dir='ltr'><strong>statim</strong></span> <span class='ocrx_word' id='word_1_719' title='bbox 1417 5324 1762 5376; x_wconf 86' lang='lat' dir='ltr'><strong>matrimonio</strong></span> 
     </span>
    </p>
   </div>
   <div class='ocr_carea' id='block_1_102' title="bbox 201 5412 1768 5485">
    <p class='ocr_par' dir='ltr' id='par_1_102' title="bbox 201 5412 1768 5485">
     <span class='ocr_line' id='line_1_102' title="bbox 201 5412 1768 5485; baseline -0.002 -12"><span class='ocrx_word' id='word_1_720' title='bbox 201 5417 298 5473; x_wconf 87' lang='lat' dir='ltr'><strong>sibi</strong></span> <span class='ocrx_word' id='word_1_721' title='bbox 325 5417 595 5485; x_wconf 79' lang='lat' dir='ltr'><strong>jnnxisse,</strong></span> <span class='ocrx_word' id='word_1_722' title='bbox 638 5412 732 5468; x_wconf 86' lang='lat' dir='ltr'><strong>sed</strong></span> <span class='ocrx_word' id='word_1_723' title='bbox 765 5414 1046 5466; x_wconf 90' lang='lat' dir='ltr'><strong>lenociniis</strong></span> <span class='ocrx_word' id='word_1_724' title='bbox 1070 5453 1084 5476; x_wconf 91' lang='lat'><strong>,</strong></span> <span class='ocrx_word' id='word_1_725' title='bbox 1118 5415 1396 5467; x_wconf 84' lang='lat' dir='ltr'><strong>blanditiis</strong></span> <span class='ocrx_word' id='word_1_726' title='bbox 1431 5415 1659 5483; x_wconf 86' lang='lat' dir='ltr'><strong>aliisque</strong></span> <span class='ocrx_word' id='word_1_727' title='bbox 1692 5417 1768 5471; x_wconf 91' lang='lat' dir='ltr'><strong>illi</strong></span> 
     </span>
    </p>
   </div>
   <div class='ocr_carea' id='block_1_103' title="bbox 202 5506 1766 5573">
    <p class='ocr_par' dir='ltr' id='par_1_103' title="bbox 202 5506 1766 5573">
     <span class='ocr_line' id='line_1_103' title="bbox 202 5506 1766 5573; baseline -0.003 -8"><span class='ocrx_word' id='word_1_728' title='bbox 202 5510 427 5565; x_wconf 76' lang='lat' dir='ltr'><strong>suadere</strong></span> <span class='ocrx_word' id='word_1_729' title='bbox 449 5515 712 5568; x_wconf 86' lang='lat' dir='ltr'><strong>tentasse,</strong></span> <span class='ocrx_word' id='word_1_730' title='bbox 737 5519 765 5557; x_wconf 89' lang='lat' dir='ltr'><strong>a</strong></span> <span class='ocrx_word' id='word_1_731' title='bbox 791 5521 894 5573; x_wconf 91' lang='lat' dir='ltr'><strong>qua</strong></span> <span class='ocrx_word' id='word_1_732' title='bbox 919 5506 1080 5557; x_wconf 82' lang='lat' dir='ltr'><strong>veluti</strong></span> <span class='ocrx_word' id='word_1_733' title='bbox 1107 5506 1487 5560; x_wconf 85' lang='lat' dir='ltr'><strong>honestissima</strong></span> <span class='ocrx_word' id='word_1_734' title='bbox 1517 5507 1766 5569; x_wconf 79' lang='lat' dir='ltr'><strong>nzul-icre,</strong></span> 
     </span>
    </p>
   </div>
   <div class='ocr_carea' id='block_1_104' title="bbox 203 5581 1769 5668">
    <p class='ocr_par' dir='ltr' id='par_1_104' title="bbox 203 5581 1769 5668">
     <span class='ocr_line' id='line_1_104' title="bbox 203 5581 1769 5668; baseline -0.003 -16"><span class='ocrx_word' id='word_1_735' title='bbox 203 5608 259 5655; x_wconf 89' lang='lat' dir='ltr'><strong>ut</strong></span> <span class='ocrx_word' id='word_1_736' title='bbox 289 5613 384 5668; x_wconf 88' lang='lat' dir='ltr'><strong>par</strong></span> <span class='ocrx_word' id='word_1_737' title='bbox 411 5605 567 5659; x_wconf 89' lang='lat' dir='ltr'><strong>erat,</strong></span> <span class='ocrx_word' id='word_1_738' title='bbox 606 5605 657 5650; x_wconf 89' lang='lat' dir='ltr'><strong>et</strong></span> <span class='ocrx_word' id='word_1_739' title='bbox 703 5595 897 5649; x_wconf 85' lang='lat' dir='ltr'><strong>rationi</strong></span> <span class='ocrx_word' id='word_1_740' title='bbox 941 5595 1247 5662; x_wconf 79' lang='lat' dir='ltr'><strong>proximum</strong></span> <span class='ocrx_word' id='word_1_741' title='bbox 1297 5581 1532 5659; x_wconf 81' lang='lat' dir='ltr'><strong>videtur,</strong></span> <span class='ocrx_word' id='word_1_742' title='bbox 1585 5603 1638 5648; x_wconf 94' lang='lat' dir='ltr'><strong>et</strong></span> <span class='ocrx_word' id='word_1_743' title='bbox 1683 5611 1769 5648; x_wconf 82' lang='lat' dir='ltr'><strong>re-</strong></span> 
     </span>
    </p>
   </div>
   <div class='ocr_carea' id='block_1_105' title="bbox 207 5685 1770 5765">
    <p class='ocr_par' dir='ltr' id='par_1_105' title="bbox 207 5685 1770 5765">
     <span class='ocr_line' id='line_1_105' title="bbox 207 5685 1770 5765; baseline -0.003 -20"><span class='ocrx_word' id='word_1_744' title='bbox 207 5694 412 5765; x_wconf 88' lang='lat' dir='ltr'><strong>pulsam</strong></span> <span class='ocrx_word' id='word_1_745' title='bbox 444 5705 690 5760; x_wconf 85' lang='lat' dir='ltr'><strong>passum.</strong></span> <span class='ocrx_word' id='word_1_746' title='bbox 733 5688 911 5742; x_wconf 91' lang='lat' dir='ltr'><strong>denuo</strong></span> <span class='ocrx_word' id='word_1_747' title='bbox 952 5689 1136 5741; x_wconf 90' lang='lat' dir='ltr'><strong>eadem</strong></span> <span class='ocrx_word' id='word_1_748' title='bbox 1170 5685 1363 5748; x_wconf 78' lang='lat' dir='ltr'><strong>ofﬁcia,</strong></span> <span class='ocrx_word' id='word_1_749' title='bbox 1419 5688 1618 5756; x_wconf 62' lang='lat' dir='ltr'><strong>sa‘pius</strong></span> <span class='ocrx_word' id='word_1_750' title='bbox 1672 5704 1770 5741; x_wconf 89' lang='lat' dir='ltr'><strong>nec</strong></span> 
     </span>
    </p>
   </div>
   <div class='ocr_carea' id='block_1_106' title="bbox 212 5773 1772 5832">
    <p class='ocr_par' dir='ltr' id='par_1_106' title="bbox 212 5773 1772 5832">
     <span class='ocr_line' id='line_1_106' title="bbox 212 5773 1772 5832; baseline -0.003 0"><span class='ocrx_word' id='word_1_751' title='bbox 212 5796 310 5832; x_wconf 83' lang='lat' dir='ltr'><strong>una</strong></span> <span class='ocrx_word' id='word_1_752' title='bbox 350 5778 466 5831; x_wconf 89' lang='lat' dir='ltr'><strong>vice</strong></span> <span class='ocrx_word' id='word_1_753' title='bbox 497 5783 706 5829; x_wconf 90' lang='lat' dir='ltr'><strong>tantum</strong></span> <span class='ocrx_word' id='word_1_754' title='bbox 753 5776 998 5829; x_wconf 84' lang='lat' dir='ltr'><strong>iterasse.</strong></span> <span class='ocrx_word' id='word_1_755' title='bbox 1043 5773 1142 5828; x_wconf 61' lang='lat' dir='ltr'><strong>[ibi</strong></span> <span class='ocrx_word' id='word_1_756' title='bbox 1175 5775 1320 5829; x_wconf 88' lang='lat' dir='ltr'><strong>illam</strong></span> <span class='ocrx_word' id='word_1_757' title='bbox 1352 5777 1652 5832; x_wconf 86' lang='lat' dir='ltr'><strong>audientem</strong></span> <span class='ocrx_word' id='word_1_758' title='bbox 1683 5777 1772 5830; x_wconf 84' lang='lat' dir='ltr'><strong>im-</strong></span> 
     </span>
    </p>
   </div>
   <div class='ocr_carea' id='block_1_107' title="bbox 1869 4574 3440 4656">
    <p class='ocr_par' dir='ltr' id='par_1_107' title="bbox 1869 4574 3440 4656">
     <span class='ocr_line' id='line_1_107' title="bbox 1869 4574 3440 4656; baseline -0.013 -11"><span class='ocrx_word' id='word_1_759' title='bbox 1869 4593 2156 4645; x_wconf 80' lang='lat' dir='ltr'><strong>Afrieanus</strong></span> <span class='ocrx_word' id='word_1_760' title='bbox 2183 4608 2192 4641; x_wconf 93' lang='lat'>:</span> <span class='ocrx_word' id='word_1_761' title='bbox 2220 4585 2567 4656; x_wconf 73' lang='grc' dir='ltr'>Σαρακηνοὺς</span> <span class='ocrx_word' id='word_1_762' title='bbox 2589 4583 2644 4634; x_wconf 76' lang='grc' dir='ltr'><strong>δὲ</strong></span> <span class='ocrx_word' id='word_1_763' title='bbox 2668 4583 2860 4643; x_wconf 72' lang='grc' dir='ltr'><strong>αὐτοὺς</strong></span> <span class='ocrx_word' id='word_1_764' title='bbox 2909 4577 3296 4649; x_wconf 79' lang='grc' dir='ltr'><strong>μετωνόμασαν</strong></span> <span class='ocrx_word' id='word_1_765' title='bbox 3337 4574 3440 4625; x_wconf 83' lang='grc' dir='ltr'><strong>ὰπ-</strong></span> 
     </span>
    </p>
   </div>
   <div class='ocr_carea' id='block_1_108' title="bbox 1867 4667 3435 4748">
    <p class='ocr_par' dir='ltr' id='par_1_108' title="bbox 1867 4667 3435 4748">
     <span class='ocr_line' id='line_1_108' title="bbox 1867 4667 3435 4748; baseline -0.011 -13"><span class='ocrx_word' id='word_1_766' title='bbox 1867 4682 2138 4748; x_wconf 77' lang='grc' dir='ltr'><strong>αξιοῦντες</strong></span> <span class='ocrx_word' id='word_1_767' title='bbox 2154 4678 2432 4732; x_wconf 68' lang='grc' dir='ltr'>καλεῖσθαι</span> <span class='ocrx_word' id='word_1_768' title='bbox 2453 4676 2711 4738; x_wconf 74' lang='grc' dir='ltr'><strong>δουλικῶς</strong></span> <span class='ocrx_word' id='word_1_769' title='bbox 2728 4672 3035 4742; x_wconf 70' lang='grc' dir='ltr'><strong>Ἀγαρηνοί.</strong></span> <span class='ocrx_word' id='word_1_770' title='bbox 3057 4670 3117 4721; x_wconf 63' lang='lat' dir='ltr'><strong>lit</strong></span> <span class='ocrx_word' id='word_1_771' title='bbox 3143 4667 3435 4720; x_wconf 83' lang='lat' dir='ltr'><strong>Eusebius:</strong></span> 
     </span>
    </p>
   </div>
   <div class='ocr_carea' id='block_1_109' title="bbox 1868 4759 3442 4843">
    <p class='ocr_par' dir='ltr' id='par_1_109' title="bbox 1868 4759 3442 4843">
     <span class='ocr_line' id='line_1_109' title="bbox 1868 4759 3442 4843; baseline -0.012 -18"><span class='ocrx_word' id='word_1_772' title='bbox 1868 4773 1956 4843; x_wconf 73' lang='grc' dir='ltr'><strong>Τῷ</strong></span> <span class='ocrx_word' id='word_1_773' title='bbox 1989 4770 2081 4835; x_wconf 76' lang='grc' dir='ltr'><strong>πς⁹</strong></span> <span class='ocrx_word' id='word_1_774' title='bbox 2106 4772 2216 4822; x_wconf 78' lang='grc' dir='ltr'><strong>ἔτει</strong></span> <span class='ocrx_word' id='word_1_775' title='bbox 2248 4767 2338 4820; x_wconf 71' lang='grc' dir='ltr'><strong>τοῦ</strong></span> <span class='ocrx_word' id='word_1_776' title='bbox 2379 4766 2625 4836; x_wconf 67' lang='grc' dir='ltr'><strong>Ἀϐραὰμ.</strong></span> <span class='ocrx_word' id='word_1_777' title='bbox 2659 4765 2841 4816; x_wconf 78' lang='grc' dir='ltr'><strong>ἔτεκεν</strong></span> <span class='ocrx_word' id='word_1_778' title='bbox 2876 4761 3022 4829; x_wconf 72' lang='grc' dir='ltr'>αὐτῷ</span> <span class='ocrx_word' id='word_1_779' title='bbox 3053 4762 3227 4826; x_wconf 72' lang='grc' dir='ltr'>’Λγαρ</span> <span class='ocrx_word' id='word_1_780' title='bbox 3263 4759 3442 4825; x_wconf 78' lang='grc' dir='ltr'><strong>ἡπαι-</strong></span> 
     </span>
    </p>
   </div>
   <div class='ocr_carea' id='block_1_110' title="bbox 1868 4851 3436 4932">
    <p class='ocr_par' dir='ltr' id='par_1_110' title="bbox 1868 4851 3436 4932">
     <span class='ocr_line' id='line_1_110' title="bbox 1868 4851 3436 4932; baseline -0.011 -15"><span class='ocrx_word' id='word_1_781' title='bbox 1868 4865 2024 4932; x_wconf 60' lang='grc' dir='ltr'>δίδκη</span> <span class='ocrx_word' id='word_1_782' title='bbox 2049 4863 2135 4915; x_wconf 71' lang='grc' dir='ltr'><strong>τὸν</strong></span> <span class='ocrx_word' id='word_1_783' title='bbox 2179 4860 2417 4929; x_wconf 63' lang='grc' dir='ltr'><strong>Ἰσραὴλ,</strong></span> <span class='ocrx_word' id='word_1_784' title='bbox 2449 4858 2540 4927; x_wconf 65' lang='grc' dir='ltr'><strong>ἀφ’</strong></span> <span class='ocrx_word' id='word_1_785' title='bbox 2562 4852 2620 4909; x_wconf 67' lang='grc' dir='ltr'><strong>οὗ</strong></span> <span class='ocrx_word' id='word_1_786' title='bbox 2648 4857 2706 4907; x_wconf 77' lang='grc' dir='ltr'><strong>τὸ</strong></span> <span class='ocrx_word' id='word_1_787' title='bbox 2734 4856 2841 4906; x_wconf 70' lang='grc' dir='ltr'>τῶν</span> <span class='ocrx_word' id='word_1_788' title='bbox 2875 4851 3224 4921; x_wconf 62' lang='grc' dir='ltr'><strong>Ἰσμαηλιτῶν</strong></span> <span class='ocrx_word' id='word_1_789' title='bbox 3255 4851 3436 4915; x_wconf 76' lang='grc' dir='ltr'><strong>γένος·</strong></span> 
     </span>
    </p>
   </div>
   <div class='ocr_carea' id='block_1_111' title="bbox 1868 4937 3441 5019">
    <p class='ocr_par' dir='ltr' id='par_1_111' title="bbox 1868 4937 3441 5019">
     <span class='ocr_line' id='line_1_111' title="bbox 1868 4937 3441 5019; baseline -0.01 -11"><span class='ocrx_word' id='word_1_790' title='bbox 1868 4959 1914 5008; x_wconf 81' lang='grc' dir='ltr'><strong>οἱ</strong></span> <span class='ocrx_word' id='word_1_791' title='bbox 1949 4957 2002 5006; x_wconf 71' lang='grc' dir='ltr'><strong>ξὲ</strong></span> <span class='ocrx_word' id='word_1_792' title='bbox 2039 4954 2188 5005; x_wconf 61' lang='grc' dir='ltr'>αὐτοὶ</span> <span class='ocrx_word' id='word_1_793' title='bbox 2217 4949 2323 5004; x_wconf 73' lang='grc' dir='ltr'><strong>εἶεν</strong></span> <span class='ocrx_word' id='word_1_794' title='bbox 2362 4950 2650 5019; x_wconf 63' lang='grc' dir='ltr'><strong>Ἀγαρτμο“ι</strong></span> <span class='ocrx_word' id='word_1_795' title='bbox 2690 4949 2737 4997; x_wconf 83' lang='grc' dir='ltr'><strong>οἱ</strong></span> <span class='ocrx_word' id='word_1_796' title='bbox 2769 4948 2859 4998; x_wconf 65' lang='grc' dir='ltr'>καὶ</span> <span class='ocrx_word' id='word_1_797' title='bbox 2904 4942 3206 5015; x_wconf 53' lang='grc' dir='ltr'>Σαρακτμοὶ</span> <span class='ocrx_word' id='word_1_798' title='bbox 3249 4937 3441 4992; x_wconf 72' lang='grc' dir='ltr'>καλού-</span> 
     </span>
    </p>
   </div>
   <div class='ocr_carea' id='block_1_112' title="bbox 1873 5032 3442 5117">
    <p class='ocr_par' dir='ltr' id='par_1_112' title="bbox 1873 5032 3442 5117">
     <span class='ocr_line' id='line_1_112' title="bbox 1873 5032 3442 5117; baseline -0.008 -19"><span class='ocrx_word' id='word_1_799' title='bbox 1873 5064 2038 5117; x_wconf 78' lang='grc' dir='ltr'><strong>μενοι.</strong></span> <span class='ocrx_word' id='word_1_800' title='bbox 2081 5045 2234 5109; x_wconf 83' lang='lat' dir='ltr'><strong>Quod</strong></span> <span class='ocrx_word' id='word_1_801' title='bbox 2281 5043 2485 5095; x_wconf 82' lang='lat' dir='ltr'><strong>dictunl</strong></span> <span class='ocrx_word' id='word_1_802' title='bbox 2528 5041 2814 5092; x_wconf 88' lang='lat' dir='ltr'><strong>ridiculum</strong></span> <span class='ocrx_word' id='word_1_803' title='bbox 2866 5044 2970 5096; x_wconf 88' lang='lat' dir='ltr'><strong>est,</strong></span> <span class='ocrx_word' id='word_1_804' title='bbox 3039 5032 3320 5086; x_wconf 80' lang='lat' dir='ltr'><strong>manifeste</strong></span> <span class='ocrx_word' id='word_1_805' title='bbox 3354 5046 3442 5086; x_wconf 84' lang='lat' dir='ltr'><strong>re-</strong></span> 
     </span>
    </p>
   </div>
   <div class='ocr_carea' id='block_1_113' title="bbox 1871 5120 3442 5206">
    <p class='ocr_par' dir='ltr' id='par_1_113' title="bbox 1871 5120 3442 5206">
     <span class='ocr_line' id='line_1_113' title="bbox 1871 5120 3442 5206; baseline -0.011 -16"><span class='ocrx_word' id='word_1_806' title='bbox 1871 5135 2236 5206; x_wconf 79' lang='lat' dir='ltr'><strong>pugnantibus</strong></span> <span class='ocrx_word' id='word_1_807' title='bbox 2263 5133 2436 5187; x_wconf 77' lang='lat' dir='ltr'><strong>sacris</strong></span> <span class='ocrx_word' id='word_1_808' title='bbox 2467 5130 2705 5184; x_wconf 81' lang='lat' dir='ltr'><strong>Litteris.</strong></span> <span class='ocrx_word' id='word_1_809' title='bbox 2740 5128 2854 5180; x_wconf 65' lang='lat' dir='ltr'><strong>Non</strong></span> <span class='ocrx_word' id='word_1_810' title='bbox 2891 5144 2974 5179; x_wconf 91' lang='lat' dir='ltr'><strong>me</strong></span> <span class='ocrx_word' id='word_1_811' title='bbox 3008 5126 3142 5191; x_wconf 72' lang='lat' dir='ltr'><strong>fugit</strong></span> <span class='ocrx_word' id='word_1_812' title='bbox 3198 5123 3334 5174; x_wconf 87' lang='lat' dir='ltr'><strong>alios</strong></span> <span class='ocrx_word' id='word_1_813' title='bbox 3375 5120 3442 5173; x_wconf 91' lang='lat' dir='ltr'><strong>ad</strong></span> 
     </span>
    </p>
   </div>
   <div class='ocr_carea' id='block_1_114' title="bbox 1872 5219 3444 5296">
    <p class='ocr_par' dir='ltr' id='par_1_114' title="bbox 1872 5219 3444 5296">
     <span class='ocr_line' id='line_1_114' title="bbox 1872 5219 3444 5296; baseline -0.015 -13"><span class='ocrx_word' id='word_1_814' title='bbox 1872 5231 2005 5283; x_wconf 85' lang='lat' dir='ltr'><strong>alios</strong></span> <span class='ocrx_word' id='word_1_815' title='bbox 2047 5233 2297 5296; x_wconf 86' lang='lat' dir='ltr'><strong>parentes</strong></span> <span class='ocrx_word' id='word_1_816' title='bbox 2347 5239 2411 5278; x_wconf 86' lang='lat' dir='ltr'><strong>ac</strong></span> <span class='ocrx_word' id='word_1_817' title='bbox 2450 5233 2633 5293; x_wconf 88' lang='lat' dir='ltr'><strong>patres</strong></span> <span class='ocrx_word' id='word_1_818' title='bbox 2668 5219 2973 5272; x_wconf 81' lang='lat' dir='ltr'><strong>Turearum</strong></span> <span class='ocrx_word' id='word_1_819' title='bbox 3007 5225 3216 5283; x_wconf 80' lang='lat' dir='ltr'><strong>gentem</strong></span> <span class='ocrx_word' id='word_1_820' title='bbox 3263 5223 3444 5264; x_wconf 83' lang='lat' dir='ltr'><strong>trans-</strong></span> 
     </span>
    </p>
   </div>
   <div class='ocr_carea' id='block_1_115' title="bbox 1871 5306 3444 5386">
    <p class='ocr_par' dir='ltr' id='par_1_115' title="bbox 1871 5306 3444 5386">
     <span class='ocr_line' id='line_1_115' title="bbox 1871 5306 3444 5386; baseline -0.013 -12"><span class='ocrx_word' id='word_1_821' title='bbox 1871 5323 2101 5380; x_wconf 85' lang='lat' dir='ltr'><strong>mittere,</strong></span> <span class='ocrx_word' id='word_1_822' title='bbox 2121 5333 2257 5386; x_wconf 84' lang='lat' dir='ltr'><strong>quos</strong></span> <span class='ocrx_word' id='word_1_823' title='bbox 2289 5331 2419 5368; x_wconf 84' lang='lat' dir='ltr'><strong>sane</strong></span> <span class='ocrx_word' id='word_1_824' title='bbox 2443 5332 2548 5369; x_wconf 91' lang='lat' dir='ltr'><strong>non</strong></span> <span class='ocrx_word' id='word_1_825' title='bbox 2579 5310 2932 5381; x_wconf 89' lang='lat' dir='ltr'><strong>improbabis,</strong></span> <span class='ocrx_word' id='word_1_826' title='bbox 2954 5307 2998 5362; x_wconf 90' lang='lat' dir='ltr'><strong>si</strong></span> <span class='ocrx_word' id='word_1_827' title='bbox 3027 5306 3268 5376; x_wconf 80' lang='lat' dir='ltr'><strong>gentium</strong></span> <span class='ocrx_word' id='word_1_828' title='bbox 3293 5317 3444 5356; x_wconf 81' lang='lat' dir='ltr'><strong>ever-</strong></span> 
     </span>
    </p>
   </div>
   <div class='ocr_carea' id='block_1_116' title="bbox 1873 5395 3438 5467">
    <p class='ocr_par' dir='ltr' id='par_1_116' title="bbox 1873 5395 3438 5467">
     <span class='ocr_line' id='line_1_116' title="bbox 1873 5395 3438 5467; baseline -0.012 -1"><span class='ocrx_word' id='word_1_829' title='bbox 1873 5414 2072 5467; x_wconf 87' lang='lat' dir='ltr'><strong>siones.</strong></span> <span class='ocrx_word' id='word_1_830' title='bbox 2099 5410 2338 5459; x_wconf 83' lang='lat' dir='ltr'><strong>locorum</strong></span> <span class='ocrx_word' id='word_1_831' title='bbox 2365 5406 2710 5463; x_wconf 85' lang='lat' dir='ltr'><strong>mutationes.</strong></span> <span class='ocrx_word' id='word_1_832' title='bbox 2741 5403 3128 5467; x_wconf 87' lang='lat' dir='ltr'><strong>nominuuiqne</strong></span> <span class='ocrx_word' id='word_1_833' title='bbox 3158 5395 3438 5449; x_wconf 85' lang='lat' dir='ltr'><strong>confusio-</strong></span> 
     </span>
    </p>
   </div>
   <div class='ocr_carea' id='block_1_117' title="bbox 1872 5490 3447 5564">
    <p class='ocr_par' dir='ltr' id='par_1_117' title="bbox 1872 5490 3447 5564">
     <span class='ocr_line' id='line_1_117' title="bbox 1872 5490 3447 5564; baseline -0.012 -8"><span class='ocrx_word' id='word_1_834' title='bbox 1872 5519 1967 5556; x_wconf 89' lang='lat' dir='ltr'><strong>ncs</strong></span> <span class='ocrx_word' id='word_1_835' title='bbox 2019 5498 2350 5552; x_wconf 81' lang='lat' dir='ltr'><strong>consideres.</strong></span> <span class='ocrx_word' id='word_1_836' title='bbox 2413 5495 2767 5564; x_wconf 56' lang='lat' dir='ltr'><strong>Sa‘pesa-pius</strong></span> <span class='ocrx_word' id='word_1_837' title='bbox 2839 5490 3056 5547; x_wconf 84' lang='lat' dir='ltr'><strong>nobilis,</strong></span> <span class='ocrx_word' id='word_1_838' title='bbox 3120 5502 3217 5538; x_wconf 86' lang='lat' dir='ltr'><strong>nec</strong></span> <span class='ocrx_word' id='word_1_839' title='bbox 3256 5491 3447 5538; x_wconf 85' lang='lat' dir='ltr'><strong>conte-</strong></span> 
     </span>
    </p>
   </div>
   <div class='ocr_carea' id='block_1_118' title="bbox 1874 5582 3444 5650">
    <p class='ocr_par' dir='ltr' id='par_1_118' title="bbox 1874 5582 3444 5650">
     <span class='ocr_line' id='line_1_118' title="bbox 1874 5582 3444 5650; baseline -0.011 -4"><span class='ocrx_word' id='word_1_840' title='bbox 1874 5591 2102 5646; x_wconf 82' lang='lat' dir='ltr'><strong>mnenda</strong></span> <span class='ocrx_word' id='word_1_841' title='bbox 2141 5591 2287 5642; x_wconf 91' lang='lat' dir='ltr'><strong>natio</strong></span> <span class='ocrx_word' id='word_1_842' title='bbox 2337 5605 2364 5641; x_wconf 92' lang='lat' dir='ltr'><strong>a</strong></span> <span class='ocrx_word' id='word_1_843' title='bbox 2425 5589 2515 5640; x_wconf 89' lang='lat' dir='ltr'><strong>vili</strong></span> <span class='ocrx_word' id='word_1_844' title='bbox 2573 5587 2744 5650; x_wconf 87' lang='lat' dir='ltr'><strong>bello,</strong></span> <span class='ocrx_word' id='word_1_845' title='bbox 2819 5582 3097 5648; x_wconf 84' lang='lat' dir='ltr'><strong>armisque</strong></span> <span class='ocrx_word' id='word_1_846' title='bbox 3153 5586 3444 5646; x_wconf 77' lang='lat' dir='ltr'><strong>superata.</strong></span> 
     </span>
    </p>
   </div>
   <div class='ocr_carea' id='block_1_119' title="bbox 1872 5672 3444 5746">
    <p class='ocr_par' dir='ltr' id='par_1_119' title="bbox 1872 5672 3444 5746">
     <span class='ocr_line' id='line_1_119' title="bbox 1872 5672 3444 5746; baseline -0.01 -8"><span class='ocrx_word' id='word_1_847' title='bbox 1872 5686 2156 5743; x_wconf 73' lang='lat' dir='ltr'><strong>exhausta,</strong></span> <span class='ocrx_word' id='word_1_848' title='bbox 2192 5698 2297 5733; x_wconf 90' lang='lat' dir='ltr'><strong>non</strong></span> <span class='ocrx_word' id='word_1_849' title='bbox 2329 5690 2537 5733; x_wconf 89' lang='lat' dir='ltr'><strong>tantum</strong></span> <span class='ocrx_word' id='word_1_850' title='bbox 2572 5692 2726 5746; x_wconf 90' lang='lat' dir='ltr'><strong>opes.</strong></span> <span class='ocrx_word' id='word_1_851' title='bbox 2762 5683 2814 5730; x_wconf 90' lang='lat' dir='ltr'><strong>et</strong></span> <span class='ocrx_word' id='word_1_852' title='bbox 2862 5676 2997 5730; x_wconf 86' lang='lat' dir='ltr'><strong>loca.</strong></span> <span class='ocrx_word' id='word_1_853' title='bbox 3029 5672 3119 5726; x_wconf 83' lang='lat' dir='ltr'><strong>sed</strong></span> <span class='ocrx_word' id='word_1_854' title='bbox 3153 5679 3204 5723; x_wconf 82' lang='lat' dir='ltr'><strong>ct</strong></span> <span class='ocrx_word' id='word_1_855' title='bbox 3247 5683 3444 5726; x_wconf 78' lang='lat' dir='ltr'><strong>nomen</strong></span> 
     </span>
    </p>
   </div>
   <div class='ocr_carea' id='block_1_120' title="bbox 1876 5759 3442 5842">
    <p class='ocr_par' dir='ltr' id='par_1_120' title="bbox 1876 5759 3442 5842">
     <span class='ocr_line' id='line_1_120' title="bbox 1876 5759 3442 5842; baseline -0.006 -18"><span class='ocrx_word' id='word_1_856' title='bbox 1876 5774 2077 5835; x_wconf 79' lang='lat' dir='ltr'><strong>amisit,</strong></span> <span class='ocrx_word' id='word_1_857' title='bbox 2123 5772 2453 5842; x_wconf 78' lang='lat' dir='ltr'><strong>victorisque</strong></span> <span class='ocrx_word' id='word_1_858' title='bbox 2503 5785 2700 5824; x_wconf 77' lang='lat' dir='ltr'><strong>nomen</strong></span> <span class='ocrx_word' id='word_1_859' title='bbox 2743 5781 3006 5834; x_wconf 66' lang='grc' dir='ltr'>διιιιοιιιιιι.</span> <span class='ocrx_word' id='word_1_860' title='bbox 3043 5780 3112 5816; x_wconf 79' lang='lat' dir='ltr'><strong>ua</strong></span> <span class='ocrx_word' id='word_1_861' title='bbox 3147 5787 3194 5812; x_wconf 76' lang='grc' dir='ltr'>ιι.</span> <span class='ocrx_word' id='word_1_862' title='bbox 3231 5759 3442 5814; x_wconf 47' lang='lat' dir='ltr'><strong>callidi)</strong></span> 
     </span>
    </p>
   </div>
  </div>
