4058 6330
635 373 657 424 ί
669 370 772 424 025

1972 354 2217 408 LEONIS
2251 350 2517 407 ALLATII

3763 347 3892 400 ιιιει

626 500 754 556 pore
793 483 918 536 armi
960 489 1324 546 supernatans,
1355 481 1528 547 nequit
1561 478 1661 532 sibi
1692 478 1866 537 avelli,
1900 476 1967 530 ad
2003 493 2206 530 omnem
2242 484 2279 534 Α
2310 473 2480 535 disse,
2510 480 2634 543 post
2665 468 3055 523 circumcisum
3090 466 3388 525 Abraham,
3423 469 3476 516 et
3516 464 3722 518 multas
3759 466 3890 518 alia:

629 580 930 629 contactum
954 570 1248 628 adha'rerts,
1274 583 1623 640 praeterquam
1652 569 1742 636 filo
1768 569 1906 638 quod
1939 569 2043 622 tale
2067 571 2209 622 rirus

629 663 885 734 infecerit.
920 659 982 712 Et
1033 658 1276 723 Solinus,
1321 661 1412 714 lib.
1444 677 1540 714 tv:
1577 660 1817 713 Bitumen
1870 661 2108 713 nascitur
2155 661 2210 710 in

627 752 846 817 Indica,
886 752 1024 822 quod
1080 752 1401 819 Asphaltites
1445 754 1611 824 gignit
1638 753 1807 813 lacus,
1846 752 1974 806 adeo
2011 753 2210 805 lentum

631 847 853 901 mollitie
896 845 1187 912 glutinosa,
1236 854 1289 897 ut
1327 862 1359 898 a
1393 861 1448 899 se
1496 852 1714 914 nequeat
1749 843 2027 910 separari:
2071 846 2209 899 enim

631 952 748 992 vero
769 938 816 988 si
840 935 1151 1002 abrumpere
1181 946 1384 1003 partem
1416 936 1563 999 relis,
1593 935 1904 988 universitas
1930 947 2207 1004 sequetur;

630 1028 900 1096 scindique
945 1045 1048 1081 non
1082 1037 1274 1097 potest,
1315 1029 1562 1098 quoniam
1605 1027 1660 1080 in
1704 1037 1957 1096 quantum
1984 1028 2213 1081 ducatur

627 1119 952 1182 extenditur,
995 1118 1082 1172 sed
1117 1119 1204 1171 ubi
1261 1118 1477 1171 admota
1516 1117 1714 1183 fuerint
1741 1134 1929 1171 cruore
1971 1118 2067 1169 illo
2098 1118 2211 1186 pol-

632 1212 746 1262 luta
784 1211 906 1277 ﬁla,
935 1222 1118 1280 sponte
1155 1211 1494 1278 dispergitur,
1521 1219 1570 1262 et
1611 1210 1873 1277 applicata
1905 1210 2020 1264 tabe
2047 1208 2213 1263 dedu-

628 1299 769 1352 citur
808 1300 966 1366 paulo
999 1309 1117 1351 ante
1171 1314 1359 1365 corpus
1408 1315 1590 1360 unum,
1644 1300 1804 1366 ﬁtque
1843 1298 1905 1350 de
1935 1299 2212 1351 tenacitate

631 1403 865 1441 connexa
915 1388 1225 1456 contagione
1283 1388 1501 1454 partitio
1557 1388 1847 1455 repentina.
1907 1385 2207 1454 Jowphus:

632 1477 958 1548 Πληρώσασι
984 1478 1039 1529 δὲ
1053 1476 1384 1529 ἀποκόπτειν
1409 1477 1466 1529 οὐ
1495 1477 1698 1547 ῥᾴδιον,
1719 1477 1852 1529 ἀλλὰ
1879 1477 1944 1529 δι’
1968 1475 2211 1528 εὐτονίαν

630 1572 1012 1640 προσήρτηται
1055 1570 1132 1639 τῷ
1174 1570 1454 1642 μηρύματι
1495 1570 1699 1638 σκάφος
1733 1570 1837 1632 ἓως
1868 1569 1932 1621 ἂν
1963 1570 2212 1639 ἐμμηνίῳ

628 1659 904 1730 γυναικῶν
932 1660 1120 1728 αἵματι
1157 1661 1248 1712 καὶ
1284 1661 1429 1731 οὖρῳ
1467 1659 1791 1713 διαλύσωσιν
1824 1659 1983 1712 αὑτὸν
2009 1655 2089 1722 οἷς
2120 1663 2214 1730 μό-

630 1769 743 1816 νοις
792 1753 937 1821 ἥκει.
976 1751 1256 1816 Brodaus,
1312 1753 1410 1808 lib.
1441 1767 1514 1816 tv,
1560 1766 1681 1820 cap.
1705 1751 1812 1816 25;
1856 1750 2211 1806 Possidonius

631 1844 906 1914 prastigia
944 1843 1059 1896 haec
1099 1857 1222 1897 esse
1259 1851 1312 1896 et
1347 1841 1768 1906 incantationes,
1805 1841 2003 1910 quibus
2045 1842 2211 1896 dediti

633 1932 830 1984 accola:
857 1931 1170 1989 utebantur,
1210 1939 1270 1984 ut
1300 1931 1469 1986 refert.
1502 1931 1721 1995 Strabo,
1755 1931 1849 1985 lih.
1886 1948 1997 1986 xvi.

699 2018 813 2072 Col.
837 2019 957 2081 761,
995 2019 1088 2072 lin.
1125 2019 1211 2074 54.
1230 2019 1576 2074 Ἀλλάττειν
1595 2020 1661 2074 δέ
1683 2038 1889 2089 φασιν.
1906 2019 2175 2091 Iosephus
2193 2037 2211 2074 :

635 2109 859 2162 Ἔστιδὲ
882 2112 971 2162 ἐπὶ
989 2110 1163 2180 τούτῳ
1193 2112 1285 2164 καὶ
1317 2113 1349 2181 ή
1379 2112 1478 2181 τῆς
1507 2112 1672 2181 χρόας
1707 2111 1973 2182 μεταϐολὴ
1999 2111 2209 2181 Θαυμά-

632 2218 765 2266 σιος·
787 2203 905 2272 τρὶς
924 2203 1032 2274 γὰρ
1047 2205 1282 2273 ἑκάστης
1301 2203 1512 2272 ἡμέρας
1530 2205 1627 2273 τὴν
1646 2203 1962 2271 ἐπιφάνειαν
1981 2203 2211 2256 ὰλὰσσε-

629 2309 742 2354 ται.
769 2295 862 2347 καὶ
880 2295 1016 2364 πρὸς
1028 2294 1126 2358 τὰς
1140 2294 1373 2362 ἡλιακὰς
1405 2296 1628 2357 ἀκτῖνας
1656 2296 1911 2362 ἀνταυγεῖ
1929 2293 2210 2358 ποικίλως.

699 2385 818 2439 Col.
852 2387 980 2450 764,
1011 2387 1107 2441 lin.
1141 2389 1192 2441 l.
1224 2388 1335 2440 Kal
1374 2387 1524 2456 μετὰ
1571 2388 1684 2454 τὴν
1717 2387 1876 2455 ὀγδό.
1918 2385 2212 2456 Josephus,

630 2480 812 2548 Antig.
848 2479 944 2532 lib.
977 2495 993 2532 ι
1021 2496 1036 2531 :
1067 2479 1322 2532 Τίκτεται
1354 2480 1409 2532 δὲ
1447 2483 1574 2543 παῖς
1599 2481 1874 2549 ἑκατέρων
1898 2479 1973 2548 τῷ
2000 2480 2214 2549 ὑστάτῳ

629 2568 762 2630 Erat,
789 2568 848 2621 ὃν
873 2569 1030 2633 εὐθυς
1063 2573 1178 2638 μετ’
1202 2571 1393 2640 ὀγδόην
1429 2570 1640 2642 ἡμέραν
1677 2569 2083 2640 περιτέμνουσι,
2111 2570 2214 2634 κάξ

630 2659 842 2713 ἑκείνου
873 2661 1008 2728 μετὰ
1025 2661 1292 2726 τοσαύτας
1310 2663 1426 2726 ἔθος
1445 2662 1656 2732 ἔχουσιν
1687 2664 1735 2716 oi
1772 2663 2013 2715 Ἰουδαῖοι
2042 2665 2211 2714 ποιεῖ-

634 2750 758 2804 σθαι
802 2751 901 2814 τὰς
943 2754 1268 2823 περιτομάς.
1313 2751 1425 2807 Cur
1458 2763 1686 2806 octavus
1734 2752 1852 2806 dies
1901 2753 2212 2823 assignatus

633 2841 796 2897 fuerit
817 2845 1223 2899 cireumcisioni
1243 2845 1382 2900 duas
1406 2846 1644 2900 rationes
1667 2846 1880 2915 attingit
1895 2845 2215 2916 Chrysostoe

634 2947 781 2994 mus,
817 2935 869 2984 in
906 2930 1090 2989 Cenes.
1129 2935 1276 2988 hom.
1321 2935 1409 2997 '59,
1446 2951 1567 3004 qua:
1600 2943 1782 2988 tamen
1828 2935 2051 2989 Pererio
2105 2950 2213 2988 non

633 3023 980 3079 satisfaciunt
1005 3026 1060 3078 in
1088 3039 1208 3092 cap.
1235 3041 1369 3079 xvii.
1412 3024 1589 3090 Quare
1611 3025 1852 3094 explosis
1881 3025 2009 3084 illis.
2053 3026 2213 3078 aliam

2313 567 2587 620 nationes.
2651 560 2981 621 Herodotus,
3035 560 3070 614 l.
3127 575 3164 613 ιι
3203 579 3215 612 :
3253 556 3444 610 Virilia
3509 555 3888 609 circumcidunt

2312 656 2586 708 munditia
2601 653 2797 723 gratia,
2821 651 2989 715 pluris
3013 650 3260 718 facientes
3289 666 3339 702 se
3354 646 3581 702 mundos
3603 662 3719 699 esse
3737 663 3882 714 quae:

2311 746 2549 800 decoros.
2607 741 2919 798 Sacerdotes
2948 757 3146 810 quoque
3185 743 3267 793 die
3303 750 3469 792 totum
3521 753 3714 803 corpus
3769 753 3881 791 era-

2311 837 2462 900 dunt,
2496 853 2556 888 ne
2579 833 2704 903 quid
2726 834 2800 886 eis
2834 833 2970 882 inter
3002 831 3216 883 deorum
3248 832 3469 892 cultum,
3511 839 3606 880 aut
3643 828 3879 895 pediculi,

2311 937 2403 982 aut
2443 928 2662 980 alterius
2688 923 2859 977 sordis
2892 933 3114 976 creetur.
3145 922 3298 990 Apud
3335 920 3624 990 Egyptios
3656 922 3880 973 circum.

2310 1019 2449 1074 cisio
2497 1020 2550 1072 in
2581 1032 2644 1070 ea
2692 1017 2793 1068 iuit
2838 1014 3199 1068 a‘stimatione
3234 1023 3307 1066 ιιι·
3337 1014 3469 1066 nulli
3505 1013 3611 1067 nisi
3657 1013 3879 1066 circum-

2311 1112 2430 1166 ciso
2463 1110 2530 1163 ad
2575 1110 2895 1178 dignitates,
2928 1113 2981 1160 et
3012 1108 3115 1160 alia
3156 1108 3379 1162 honoris
3411 1106 3738 1176 praemiique
3772 1121 3880 1158 ma-

2311 1220 2442 1258 nera
2496 1209 2700 1273 pateret
2755 1200 2959 1254 aditus.
3008 1197 3296 1269 Origenes.
3346 1199 3442 1254 lib.
3480 1214 3522 1251 ll
3577 1197 3878 1251 Contineot.

2313 1295 2482 1362 Epist.
2519 1293 2589 1346 ad
2621 1292 2770 1346 Rom.
2797 1290 2982 1359 :Apud
3013 1289 3312 1358 ﬁgyptios,
3338 1290 3424 1358 qui
3470 1289 3526 1342 in
3557 1289 3881 1354 superstitio-

2313 1388 2465 1440 nibus
2503 1385 2846 1440 vetustissimi
2896 1393 2946 1437 et
2993 1382 3338 1436 eruditissimi
3385 1383 3750 1443 habebantur,
3780 1391 3824 1433 et
3857 1400 3880 1433 ει

2311 1477 2496 1545 quibus
2528 1477 2702 1530 ca'teri
2733 1491 2891 1545 prope
2920 1489 3093 1527 omnes
3128 1475 3286 1524 ritum
3332 1489 3612 1525 sacrorum
3671 1485 3722 1526 et
3757 1490 3882 1526 cerc-

2315 1571 2515 1622 wonias
2567 1570 2800 1622 mutuati
2833 1578 2975 1628 sunt,
3025 1567 3220 1626 nullus,
3281 1574 3371 1616 aut
3425 1569 3754 1633 geometria,
3805 1577 3882 1618 an:

2313 1661 2615 1729 astrologia
2645 1659 2908 1714 studebat.
2943 1667 3033 1710 aut
3067 1673 3304 1727 geneseos
3353 1666 3556 1708 secreta
3587 1658 3880 1710 rimabatur

2314 1753 2414 1804 nisi
2437 1753 2780 1805 circumcisus
2802 1761 2955 1804 esset.
2985 1747 3152 1802 Nemo
3179 1751 3297 1800 item
3325 1748 3465 1814 apud
3492 1748 3620 1801 illos
3647 1750 3881 1802 εστίν-ὀμ

2313 1861 2423 1897 esse
2448 1852 2675 1910 poterat,
2711 1857 2875 1908 neque
2922 1855 3166 1907 aruspex,
3204 1855 3363 1908 neque
3407 1840 3771 1907 quorumlibet
3806 1860 3884 1893 sa-

2309 1951 2517 1987 crorum
2571 1935 2840 1992 minister,
2871 1948 2982 1989 nec.
3013 1942 3068 1983 ut
3112 1932 3192 1984 illi
3234 1932 3594 1998 appellabant,
3621 1935 3883 1999 prop-icta,

2311 2024 2413 2076 nisi
2449 2034 2604 2075 antea
2651 2021 3049 2075 circumcisione
3084 2022 3237 2089 quasi
3282 2031 3559 2090 purgatus,
3609 2031 3765 2089 atque
3799 2023 3885 2073 ini-

2310 2115 2476 2171 tiatus
2509 2114 2716 2182 fuisset.
2764 2112 2955 2166 Omnes
2989 2111 3373 2178 hierophantes,
3410 2127 3700 2180 omnesque
3735 2125 3882 2172 tates.

2311 2217 2467 2273 atque
2517 2221 2694 2258 omnes
2746 2205 2850 2257 sive
2894 2205 3028 2263 ca'li,
3069 2212 3123 2254 ut
3172 2211 3361 2270 putant
3406 2203 3510 2264 illi,
3550 2205 3670 2256 sire
3709 2205 3887 2271 inferni

2311 2308 2501 2367 mystes
2523 2309 2571 2350 et
2603 2299 2842 2350 conscius
2871 2297 3067 2348 nullam
3103 2295 3242 2363 apud
3271 2312 3356 2349 eos
3381 2294 3538 2362 ﬁdem
3584 2304 3635 2347 et
3665 2299 3888 2348 auctori-

2312 2397 2469 2440 tatem
2495 2386 2648 2439 habet
2679 2387 2928 2452 nulloque
2960 2386 3013 2437 in
3040 2384 3232 2439 honore
3257 2395 3354 2447 est,
3388 2385 3434 2436 si
3463 2385 3559 2437 hoc
3585 2395 3770 2438 careat
3794 2389 3886 2437 cir-

2312 2478 2653 2532 cumcisionis
2697 2477 2914 2546 insigni.
2955 2474 3240 2541 Quomodo
3288 2485 3467 2529 autem
3501 2492 3570 2530 cx
3625 2477 3884 2530 Abraham

2315 2570 2574 2642 Egyptii,
2618 2579 2917 2640 gentesque
2959 2570 3076 2623 aliae
3118 2569 3283 2621 ritum
3323 2569 3772 2623 circumcisionis
3806 2584 3887 2621 ac-

2312 2663 2559 2733 ceperint
2606 2663 2856 2732 pluribus
2897 2661 3244 2730 prosequitur
3276 2659 3575 2730 Gregorius
3616 2659 3885 2713 Thauma-

2312 2760 2521 2822 turgus,
2541 2753 2739 2807 Catena
2762 2752 2812 2804 in
2838 2750 3176 2809 Hieremiam,
3198 2766 3317 2819 cap.
3343 2767 3416 2809 Ix,
3439 2749 3540 2813 9.6;
3566 2766 3734 2818 quem
3754 2751 3885 2804 vide.

2384 2843 2543 2906 lbid.,
2575 2844 2673 2897 lin.
2707 2843 2758 2896 8.
2789 2842 3030 2908 Μήποτε
3061 2843 3230 2911 μετά.
3282 2841 3479 2896 Eadem
3532 2842 3703 2896 habet
3747 2841 3888 2896 lose-

2315 2935 2477 3004 phus,
2519 2935 2696 3004 Antiq.
2733 2934 2826 2987 lib.
2862 2951 2901 2995 ι.
2947 2950 3069 3004 cap.
3113 2934 3209 2988 13:
3244 2933 3366 2986 Pari
3411 2933 3650 2997 ratione,
3688 2943 3744 2988 et
3775 2935 3890 2988 aliis

2319 3026 2441 3081 [iliis
2482 3025 2733 3081 Cethura:
2776 3027 2917 3081 natis
2965 3026 3196 3094 largitus
3242 3035 3325 3080 est
3359 3041 3612 3089 munera,
3662 3035 3726 3080 ut
3778 3037 3892 3096 post

636 3115 692 3166 in
723 3115 957 3167 medium
985 3113 1227 3174 adducit.
1265 3123 1318 3169 et
1344 3116 1513 3168 variis
1540 3117 1877 3185 argumentis
1907 3116 2209 3172 conﬁrmat.
2242 3147 2285 3204 ε
2319 3126 2545 3173 mortem
2573 3132 2602 3170 a
2630 3119 2832 3172 talione
2854 3119 3057 3172 levaret
3089 3117 3260 3179 Isaac,
3289 3117 3617 3185 sedaretque
3642 3118 3889 3185 dissidis,

634 3198 744 3256 Nec
778 3218 841 3255 ex
880 3204 978 3256 hoc
1007 3203 1278 3258 Eustathii
1325 3206 1447 3258 loco
1494 3205 1763 3258 Abraham
1803 3205 2042 3259 divinum
2074 3221 2209 3274 prae-

635 3301 853 3363 ceptum
897 3294 1136 3350 violasse
1176 3295 1656 3364 deprehendimus,
1705 3311 1831 3349 cum
1876 3311 1986 3352 non
2022 3306 2217 3353 octavo

636 3384 746 3446 die,
788 3395 847 3438 ut
894 3385 1037 3441 Deus
1087 3395 1442 3459 praeceperat,
1478 3388 1573 3442 sed
1624 3395 1748 3458 post
1789 3393 2042 3441 octavum
2071 3389 2213 3444 diem

639 3479 807 3533 illium
850 3494 1009 3532 suum
1044 3480 1409 3534 circumcidit.
1457 3479 1716 3545 Quamvis
1749 3480 1895 3534 enim
1940 3485 2057 3535 sine
2091 3495 2216 3548 pec-

639 3578 763 3622 cato
792 3570 1269 3625 circumcisionem
1293 3569 1512 3624 diﬂ'erre
1541 3579 1725 3640 posset
1749 3572 1904 3626 novis
1933 3587 2216 3641 emergen-

638 3661 782 3714 tibus
815 3662 1020 3722 causis,
1065 3669 1244 3715 tamen
1288 3662 1402 3729 ipse
1435 3661 1751 3714 mandatum
1799 3660 1892 3714 Dei
1932 3661 2214 3729 explevit:

642 3752 714 3803 ita
744 3758 924 3804 autem
977 3750 1191 3804 locutus
1241 3760 1326 3806 est
1373 3749 1714 3813 Eustathius,
1758 3750 2215 3820 quemadmodum

638 3847 692 3893 et
729 3837 1021 3907 Josephus,
1048 3842 1094 3893 si
1120 3856 1203 3895 me
1233 3856 1340 3893 non
1374 3841 1511 3893 fallit
1553 3841 1758 3908 opinio.
1787 3851 1847 3892 ut
1871 3839 2218 3894 demonstra-

641 3939 748 3992 ret,
783 3941 914 3985 tunc
965 3948 1190 3999 puerum
1228 3948 1349 3986 esse.
1377 3931 1903 3994 circumcidendum,
1943 3949 2066 3987 cum
2103 3933 2217 4001 jam

639 4019 760 4074 dies
793 4027 918 4072 octo
949 4021 1240 4090 explesset.
1280 4029 1332 4072 et
1375 4021 1584 4073 videtur
1625 4021 1744 4075 elici
1787 4039 1850 4074 ex
1884 4022 2015 4090 ipsis
2040 4025 2218 4077 verhis

642 4106 960 4175 Scripturae,
984 4123 1104 4176 cap.
1131 4124 1237 4161 xvii
1267 4128 1278 4162 :
1309 4108 1497 4176 Infans
1517 4122 1631 4163 octo
1660 4111 1862 4164 dierum
1881 4113 2218 4165 circumcide-

640 4211 729 4252 tur
759 4202 811 4253 in
843 4200 984 4253 vobis
1025 4218 1174 4254 omne
1221 4204 1592 4260 masculinum.
1627 4212 1732 4257 clc.
1779 4203 1916 4273 Ergo
1969 4207 2046 4258 vel
2102 4206 2218 4273 ipso

639 4301 835 4343 octavo
865 4290 972 4353 die,
1002 4291 1083 4344 vel
1121 4306 1185 4343 eo
1220 4293 1452 4360 expleto.
1511 4292 1725 4355 Strabo,
1764 4295 1856 4347 lib.
1891 4310 2020 4354 ιιι-ιι.
2068 4302 2216 4362 putat

639 4381 806 4436 ctiam
839 4379 1068 4435 {caninas
1099 4381 1314 4436 Judaras
1355 4393 1682 4452 amputatas,
1716 4385 1861 4454 quod
1903 4385 1980 4437 uti
2021 4385 2214 4440 falsum

2315 3217 2368 3263 et
2399 3209 2801 3269 contentiones,
2844 3223 2963 3276 qua:
2989 3218 3202 3261 mortuo
3227 3208 3319 3260 illo
3349 3216 3604 3275 poterant
3633 3209 3687 3261 in
3716 3224 3891 3262 rerum

2314 3299 2582 3353 divisione
2614 3299 2770 3354 oriri.
2801 3297 3132 3367 Cajetanus:
3163 3296 3312 3361 Ideo,
3348 3297 3546 3365 inquit,
3581 3297 3728 3351 dona
3761 3299 3893 3352 dedit

2314 3387 2582 3440 Abraham
2612 3387 2742 3454 ﬁliis
2776 3388 3210 3448 concubinarum,
3250 3395 3300 3440 et
3341 3385 3545 3440 dimisit
3579 3402 3669 3441 eos
3709 3405 3745 3441 a
3777 3405 3895 3442 cura

2318 3496 2434 3542 sua,
2468 3489 2523 3530 ut
2563 3489 2870 3532 exoneraret
2911 3477 3067 3530 Isaac
3097 3479 3266 3546 ﬁlium
3297 3495 3448 3531 suum
3481 3478 3544 3530 ab
3588 3497 3751 3534 onere
3779 3499 3893 3548 pro-

2319 3571 2523 3624 videndi
2556 3572 2685 3625 illis.
2726 3569 3066 3624 Incumbcbat
3105 3571 3237 3623 enim
3275 3568 3430 3622 Isaac
3457 3569 3659 3622 hwredi
3690 3575 3894 3625 univer-

2319 3666 2422 3718 sali
2469 3681 2598 3717 cura
2644 3663 2950 3730 providendi
3001 3662 3259 3730 fratribus
3316 3665 3422 3715 suis
3474 3663 3538 3714 ab
3589 3663 3899 3716 litereditcte

2317 3754 2543 3806 exclusis
2593 3768 2610 3805 :
2662 3751 2921 3819 ejusmodi
2990 3750 3129 3802 enim
3188 3748 3492 3802 eroncratio
3535 3748 3896 3816 signiﬁcatur.

2319 3843 2561 3903 dicendo,
2609 3851 2664 3893 ut
2707 3851 2784 3894 est
2825 3841 2877 3893 in
2937 3838 3182 3901 Hebra'o,
3218 3837 3283 3889 Et
3342 3837 3486 3888 misit
3537 3852 3628 3889 eos
3677 3837 3900 3906 desuper

2322 3934 2479 3986 Isaac
2518 3931 2641 3984 dum
2685 3932 2853 3985 adhuc
2883 3932 2990 4001 ipse
3021 3932 3224 3992 rit-cret,
3256 3939 3500 3999 tanquam
3526 3928 3722 3980 tollens
3751 3945 3899 3989 onus.

2318 4025 2455 4092 quod
2483 4034 2596 4077 erat
2623 4041 2776 4093 super
2807 4021 2987 4086 Isaac,
3021 4033 3067 4076 et
3100 4024 3222 4092 quia
3253 4021 3360 4074 hac
3388 4021 3653 4073 exsecutio
3685 4020 3794 4088 fuit
3828 4023 3901 4073 ul-

2321 4119 2450 4168 tima
2484 4133 2563 4169 res
2598 4125 2741 4184 gesta
2777 4115 2840 4166 ab
2872 4114 3141 4167 Abraham
3183 4113 3610 4181 prudentissime,
3643 4113 3768 4166 ideo
3810 4114 3902 4165 ad-

2311 4207 2580 4277 jungitur,
2610 4206 2747 4276 quod
2779 4208 2900 4274 fecit
2933 4207 3057 4257 dum
3091 4205 3261 4257 adhuc
3295 4208 3399 4271 ipse
3422 4206 3635 4259 rit-cret.

2389 4299 2547 4364 lhid.,
2585 4299 2680 4352 lin.
2721 4299 2800 4352 lt).
2851 4297 3160 4365 Κατὲσχοι·
3214 4295 3382 4364 γοῦν.
3432 4294 3732 4364 Josephus,
3771 4313 3896 4351 xvi:

2323 4390 2476 4448 Οὗτοι
2511 4396 2688 4446 πᾶσαν
2719 4397 2817 4464 τὴν
2850 4394 2944 4446 ἀπ’
2968 4392 3248 4461 Εὐφράτου
3272 4392 3362 4444 καὶ
3385 4391 3733 4461 καθήκουσαν
3768 4395 3901 4465 πρὸς

639 4483 694 4526 et
736 4473 1025 4526 ridiculum
1066 4476 1239 4542 rejicit
1265 4475 1497 4536 Deli-ius,
1533 4477 1718 4531 Cenes.
1752 4494 1870 4548 cap.
1906 4495 2036 4533 xvn.
2072 4479 2214 4542 liab-

2320 4487 2415 4556 τὴν
2470 4485 2734 4555 Ἐρυθρὰν
2778 4485 3050 4537 Θάλασσαν
3081 4482 3410 4545 κατοικοῦσι,
3451 4482 3771 4557 Ναεατινὴν
3806 4487 3900 4558 τὴν

642 4563 757 4617 bini
800 4565 1019 4631 quidam
1052 4565 1241 4618 dicunt
1275 4583 1369 4620 eas
1407 4584 1502 4635 pro
1533 4570 1951 4626 circumcisione
1982 4574 2214 4639 quadam

645 4667 800 4722 aqua:
831 4655 1154 4711 lusrratione
1193 4658 1336 4711 haud
1384 4660 1620 4714 absimili
1657 4662 1928 4730 baptismo
1972 4679 2119 4726 usas,
2159 4674 2218 4717 ut

644 4756 830 4801 narrat
854 4747 1013 4804 Joan.
1050 4747 1392 4811 Benedictus,
1421 4753 1512 4805 lib.
1560 4768 1572 4804 ι
1619 4753 1847 4808 Summa:
1876 4755 1938 4809 de
1971 4759 2215 4822 peccatis,

643 4851 767 4906 cap.
806 4838 856 4893 '7.

716 4928 869 4987 Ibid.,
925 4929 1020 4982 lin.
1078 4930 1130 4983 4.
1182 4933 1419 4996 Ἄραϐες
1479 4933 1605 5000 γάρ.
1657 4933 1962 5002 Just-phus,
2025 4937 2116 4988 lib.
2180 4954 2217 4997 ι,

642 5034 764 5086 cap.
796 5020 881 5084 15,
920 5023 1134 5090 Antiq:
1172 5025 1406 5093 ’Ἄραϐες
1437 5026 1490 5077 δὲ
1529 5026 1662 5094 μετὰ
1696 5028 1809 5087 ἔτος
1846 5030 2218 5099 τριῖκαιδέκα-

642 5126 769 5178 τον·
829 5111 1112 5180 Ἰσμαῆλος
1169 5117 1271 5184 γὰρ
1325 5118 1352 5166 ὁ
1401 5118 1620 5183 κτίστης
1665 5119 1840 5170 αὐτῶν
1874 5121 1964 5171 τοῦ
2016 5121 2218 5180 ἔθνους.

656 5202 931 5272 ’Λῦράμου
962 5220 1245 5273 γενομενος
1275 5210 1337 5258 ἐκ
1367 5209 1462 5277 τῆς
1486 5210 1764 5280 παλλακῆς
1793 5214 1847 5262 ἐν
1872 5211 2042 5280 τούτῳ
2070 5230 2221 5281 περι-

644 5311 901 5362 τεμνεται
935 5296 1012 5364 τῷ
1058 5297 1252 5366 χρόνῳ.
1286 5298 1347 5350 lit
1373 5301 1438 5351 ab
1467 5301 1550 5353 his
1584 5300 1888 5370 1E;_\‘pli0$,
1934 5301 2220 5355 Plimnices

640 5397 697 5438 ιι
722 5388 858 5439 alios
884 5388 1042 5440 ritum
1073 5390 1510 5445 circmncisionis
1537 5396 1812 5461 accepisse
1844 5395 1971 5446 nulli
1999 5394 2219 5445 dubium

645 5487 767 5527 esse
795 5473 975 5535 debet,
1009 5476 1112 5528 etsi
1147 5479 1304 5530 aliter
1336 5481 1535 5531 sentiat
1570 5480 1896 5543 Herodotus,
1930 5486 2018 5549 qui
2053 5482 2221 5533 Palm-

647 5565 823 5625 stinos
857 5566 924 5627 ab
964 5566 1236 5638 Egyptiis
1279 5570 1379 5624 hoc
1407 5573 1662 5627 didicisse
1693 5575 1877 5628 refert.
1919 5574 2052 5628 lliud
2099 5592 2221 5643 pm-

650 5659 790 5710 lecto
835 5660 1187 5716 manifestum
1228 5673 1331 5726 est,
1378 5676 1501 5720 ante
1540 5670 2016 5723 circnmcisionem
2049 5668 2221 5738 ipsius

653 5746 880 5804 Anralta
935 5752 1143 5806 nullum
1193 5770 1460 5820 nusquam
1515 5758 1785 5812 hominem
1834 5778 1888 5814 se
1929 5763 2218 5814 circumci-

2320 4577 2502 4645 χώραν
2537 4576 2938 4645 ὠνομάσαντες.
2972 4574 3090 4625 Εἰσὶ
3125 4573 3177 4629 δὲ
3223 4566 3366 4628 οὗτοι
3406 4577 3452 4628 οἳ
3495 4576 3603 4628 τῶν
3650 4578 3898 4649 Ἀρέιεων

2321 4667 2487 4727 ἔθνος,
2521 4668 2611 4716 καὶ
2647 4665 2744 4726 τὰς
2778 4665 2945 4733 φυλὰς
2980 4665 3071 4718 ἀπ’
3119 4666 3298 4719 αὐτῶν
3329 4667 3548 4719 καλοῦσι
3583 4667 3674 4720 διὰ
3703 4685 3770 4721 τε
3804 4671 3898 4740 τὴν

2321 4757 2518 4825 ἀρετὴν
2553 4751 2728 4810 αὐτῶν
2757 4759 2850 4809 καὶ
2881 4757 2966 4810 διὰ
2999 4757 3057 4810 τὸ
3103 4758 3374 4828 Ἀϐράμου
3410 4758 3642 4828 ἀξίωμα-

2392 4847 2549 4909 lbid.,
2588 4851 2684 4902 lin.
2725 4850 2806 4902 15.
2851 4848 2902 4899 ’0
2941 4849 3083 4914 Θεὸς
3108 4849 3213 4901 τὸν
3249 4849 3461 4903 Ἰσαάκ.
3503 4850 3701 4905 Eadem
3740 4850 3897 4907 Iose-

2322 4942 2481 5009 phus,
2515 4942 2692 5010 Antiq.
2732 4943 2824 4994 lib.
2855 4956 2893 5004 ι,
2938 4956 3058 5008 cap.
3111 4925 3225 5001 14,.
3252 4941 3343 4994 ubi
3385 4950 3438 4996 et
3483 4942 3634 4996 lsaac
3665 4946 3802 4998 dum
3833 4945 3897 4998 ad

2323 5033 2649 5085 sacriﬁcium
2688 5033 3050 5086 imtnolandus
3077 5031 3389 5092 duceretur,
3424 5033 3589 5087 fuisse
3613 5035 3787 5088 tradit
3815 5038 3896 5087 vi-

2321 5123 2453 5191 ginti
2489 5126 2730 5191 quinque
2770 5136 3057 5176 annorum.
3094 5124 3241 5177 Ahen
3287 5123 3419 5178 Ezra
3452 5126 3770 5191 duodecim,
3800 5128 3896 5183 lle-

2322 5213 2449 5265 brrci
2481 5213 2702 5281 triginta
2743 5222 2966 5280 septem.
3018 5209 3210 5264 Verum
3244 5210 3461 5283 Josephi
3494 5217 3772 5270 sententia
3814 5233 3897 5268 ra-

2322 5303 2634 5356 tionabilior
2682 5304 2915 5362 videtur,
2959 5318 3057 5356 nec
3095 5305 3240 5357 enim
3285 5320 3550 5359 annorum
3580 5305 3776 5361 decem
3818 5308 3895 5358 \cl

2322 5396 2606 5448 duodecim
2649 5393 2800 5446 Isaac
2846 5395 2901 5446 in
2944 5409 3171 5449 ascensu
3201 5397 3401 5450 montis
3431 5397 3602 5450 arduo
3643 5409 3697 5451 et
3746 5397 3895 5450 labo~

2325 5488 2490 5550 rioso,
2512 5490 2565 5539 in
2591 5497 2694 5540 tam
2718 5497 2900 5539 tenera
2925 5496 3101 5551 relate,
3140 5490 3354 5557 pondus
3385 5490 3656 5559 lignorum
3691 5491 3758 5541 ad
3795 5491 3893 5541 ho-

2326 5581 2627 5631 Ιοριιιιςιιιηι
2665 5578 2804 5632 ferre
2837 5582 3123 5647 potuisset,
3151 5588 3204 5633 et
3231 5581 3454 5649 triginta
3485 5589 3691 5650 septem
3722 5582 3892 5636 nimis

2323 5678 2633 5740 provectus,
2670 5685 2766 5722 nec
2795 5684 2927 5738 puer
2956 5685 2987 5722 ει
3021 5668 3303 5740 Scriptura
3326 5670 3450 5738 jure
3475 5672 3736 5740 appellari
3768 5686 3892 5738 pos-

2327 5768 2425 5813 set.
2454 5760 2527 5813 lix
2569 5774 2675 5824 quo
2711 5759 2911 5814 Paulus
2946 5760 3238 5828 Burgcnsis
3269 5771 3701 5831 argumentatur,
3737 5759 3895 5815 hanc
