4058 6330
179 430 332 486 {0‘23

178 555 325 601 tunc
364 560 471 598 non
519 545 688 600 fuisse
730 542 989 612 majorem
1024 543 1234 598 decimo
1274 545 1484 613 quinto,
1534 542 1761 611 ideoque
1789 553 1829 605 Α

179 637 334 692 hanc
365 637 606 691 ultimam
643 635 968 691 sententiam
1013 635 1235 692 refellit.
1276 634 1475 690 Verum
1512 641 1572 687 ut
1604 635 1755 688 futile

182 729 263 783 sit
303 727 404 782 huc
439 733 819 796 argumentum
861 725 945 778 vel
975 724 1042 778 iis
1071 726 1163 795 qui
1197 724 1436 778 nondum
1465 723 1756 792 Scriptura:

178 832 364 874 sacra:
395 833 556 873 sensa
587 817 969 886 degustarunt,
1001 831 1107 868 non
1138 817 1337 884 quibus
1376 816 1429 867 in
1468 815 1535 868 iis
1567 829 1756 883 sapere

182 908 508 978 ctjudicare
531 907 715 960 datum
745 913 849 970 est,
884 905 1230 959 manifestum
1262 913 1506 973 apparet.

261 1021 380 1075 Col.
415 1020 533 1086 764,
578 1019 670 1073 lin.
699 1019 784 1072 16.
818 1020 939 1073 Ἐπ’
964 1020 1282 1087 ἀκρωρείας
1313 1017 1491 1081 τινός.
1546 1014 1754 1069 Hebrmi

185 1113 419 1166 tradunt
454 1113 509 1164 in
541 1111 643 1165 hoc
672 1115 864 1165 eodem
896 1119 1077 1164 monte
1110 1111 1264 1174 Abel,
1291 1119 1344 1163 et
1375 1109 1508 1162 Cain
1545 1108 1755 1162 sacrifi-

184 1220 373 1267 casse,
407 1211 459 1257 ct
483 1211 604 1272 post
628 1203 891 1257 diluvium
921 1203 1052 1263 Noe,
1089 1208 1252 1270 atque
1292 1199 1346 1253 in
1380 1215 1443 1252 eo
1482 1199 1600 1266 ipso
1635 1205 1756 1266 post

182 1295 360 1348 multa
383 1294 579 1348 secula
612 1295 865 1360 templum
891 1307 921 1344 a
946 1291 1234 1344 Salomone
1263 1297 1621 1344 exstructum.
1649 1279 1758 1340 Au-

184 1388 462 1457 gustinus,
499 1401 662 1442 serm.
700 1385 766 1440 de
812 1391 982 1453 temp.
1013 1384 1075 1436 Ἠ
1107 1402 1120 1437 :
1149 1382 1340 1435 Audite
1390 1380 1524 1434 illud
1575 1397 1758 1433 sacra-

185 1485 441 1536 mentum,
474 1474 664 1542 fratres
709 1473 1039 1536 charissima“,
1091 1470 1444 1540 Hieronymus
1493 1469 1758 1537 presbyter

187 1563 421 1630 scripsit,
452 1579 506 1614 se
549 1562 613 1614 ab
648 1563 878 1629 antiquis
920 1572 967 1614 et
1008 1561 1297 1613 senioribus
1334 1557 1538 1611 Juda'is
1572 1559 1754 1610 certis-

185 1659 322 1709 sime
348 1657 662 1726 cognovisse,
692 1655 829 1725 quod
873 1654 945 1707 ibi
994 1653 1297 1706 immolatus
1342 1653 1409 1705 sit
1461 1650 1639 1713 lsaac,
1671 1651 1756 1702 ubi

183 1755 369 1813 postea
413 1745 655 1800 Christus
703 1745 989 1810 cruciﬁxus
1030 1753 1128 1796 est.
1176 1742 1336 1802 Beda,
1373 1743 1448 1794 De
1483 1741 1609 1794 locis
1636 1758 1758 1794 san-

185 1840 312 1900 ctis,
344 1851 463 1906 cap.
487 1836 549 1889 2:
580 1835 645 1888 In
675 1836 789 1888 loco
825 1847 996 1887 autem
1023 1835 1138 1894 illo,
1163 1850 1262 1902 quo
1291 1831 1560 1885 Abraham
1586 1833 1757 1884 altare

187 1929 260 1979 ad
304 1927 681 1980 immolandum
723 1926 892 1995 ﬁlium
933 1927 1246 1987 construxit,
1293 1939 1470 1978 mensa
1489 1933 1565 1999 est
1591 1924 1756 1992 lignea

185 2031 376 2084 parva,
398 2018 452 2070 in
485 2034 589 2088 qua
627 2031 915 2086 pauperum
951 2015 1287 2085 eleemosyna:
1312 2015 1480 2068 solent
1512 2030 1544 2066 a
1569 2014 1757 2081 populo

190 2107 412 2178 deferri.

261 2220 421 2286 lbid.,
457 2220 554 2273 lin.
597 2219 682 2274 19.
725 2216 790 2272 Ὦ
839 2221 958 2284 παῖ,
987 2219 1242 2288 μυρίαις.
1283 2216 1409 2272 Haec
1431 2217 1661 2272 Abrahae
1691 2217 1758 2271 ad

188 2314 343 2366 lsaac
381 2314 558 2366 oratio
609 2311 885 2382 exscripta
927 2319 1012 2366 est
1056 2318 1164 2364 tota
1211 2326 1281 2365 ex
1328 2307 1550 2379 Iosephi
1597 2311 1692 2364 lib.
1737 2325 1757 2366 ι

189 2406 372 2474 Antig.
409 2418 531 2471 cap.
566 2402 653 2456 14.

262 2508 422 2571 lbid.,
453 2507 549 2561 lin.
579 2509 672 2562 2i.
701 2511 822 2561 Οὐκ
849 2509 1019 2562 ἐστιν
1052 2508 1140 2563 ὅτι
1168 2508 1275 2576 μή.
1315 2507 1508 2562 Munus
1536 2509 1640 2563 hoc
1664 2525 1758 2579 pa-

187 2608 430 2666 ternum,
458 2598 595 2655 lilios
619 2600 693 2653 ita
722 2599 1006 2654 clior-mare
1040 2609 1098 2654 ut
1128 2600 1194 2652 ad
1218 2600 1609 2669 capessendam
1637 2602 1759 2655 beao

190 2691 479 2745 titudincin
532 2691 699 2762 inepti
739 2707 848 2745 non
892 2693 1022 2746 sint.
1070 2691 1199 2758 Qua:
1250 2691 1501 2747 humana:
1548 2701 1758 2748 natura:

191 2781 319 2834 linis
349 2795 413 2834 ac
450 2779 682 2836 felicitas
725 2789 842 2847 est;
890 2781 990 2834 hoc
1031 2781 1180 2834 omni
1215 2796 1348 2836 cura
1378 2796 1442 2836 ac
1478 2782 1754 2854 diligentia

191 2870 616 2939 procurandum,
669 2879 863 2926 caetera
910 2874 1327 2927 contemnenda.
1372 2872 1548 2940 Plato,
1598 2874 1693 2929 lib.
1723 2891 1754 2930 ν

193 2960 272 3015 De
309 2961 509 3029 repub.,
558 2963 752 3018 suadet
797 2962 1166 3040 ingignendis
1201 2963 1388 3018 liberis
1422 2979 1519 3018 eos
1552 2963 1755 3017 imitari

191 3055 288 3124 qui
317 3055 620 3108 belluarum
653 3055 885 3108 studiosi
914 3055 1047 3108 dant
1080 3069 1322 3124 operam,
1352 3063 1411 3108 ut
1436 3069 1501 3109 ex
1535 3054 1757 3124 optimis

190 3146 442 3210 tanibus,
468 3148 645 3216 cquis.
671 3153 722 3200 et
752 3146 944 3202 avibus
963 3146 1166 3214 optima
1196 3148 1405 3200 oriatur
1426 3146 1630 3214 proles.
1657 3144 1758 3198 De-

193 3245 503 3306 swnpserat
527 3252 592 3290 ex
621 3237 787 3290 Ucclli
815 3235 1020 3290 Lucani
1055 3237 1149 3292 lib.
1181 3236 1254 3291 De
1276 3236 1506 3290 universi
1540 3247 1754 3297 natura,
1785 3225 1825 3281 C

191 3325 290 3398 qui
321 3335 443 3379 ante
468 3341 590 3379 cum
625 3326 697 3378 ita
726 3325 1226 3395 scripseratzMara
1261 3326 1440 3396 πάσης
1468 3321 1558 3379 οὖν
1593 3341 1758 3378 σπου-

189 3414 289 3484 δῇς
313 3418 404 3468 καὶ
430 3416 703 3487 προσοχῆς
726 3416 806 3467 δεῖ
829 3415 1277 3480 καταδαλλεσθαι,
1304 3417 1452 3479 ὅπως
1475 3415 1542 3469 τὰ
1561 3413 1758 3485 γεννώ-

198 3521 334 3576 μενα
389 3505 603 3575 γίνηται
661 3507 1006 3577 χαριέστατα,
1066 3507 1160 3559 καὶ
1215 3506 1526 3577 γεννώμενα
1580 3505 1759 3570 καλῶς

194 3599 498 3666 ἀνατρασρῇ.
549 3597 686 3649 Οῦτε
732 3598 837 3669 γὰρ
873 3597 1079 3650 δίκαιον
1125 3598 1251 3661 τοὺς
1301 3599 1397 3668 μὲν
1442 3597 1755 3668 φιλίππους,

195 3691 293 3740 καὶ
329 3687 655 3758 φιλόρνιθας,
701 3691 792 3741 καὶ
837 3689 1125 3757 φιλόκυνας
1171 3691 1308 3758 μετὰ
1347 3690 1524 3761 πάσης
1565 3693 1758 3761 ἐπιμε-

193 3780 345 3842 λείας
377 3779 627 3849 φροντίδα
660 3781 924 3832 ποιεῖσθαι
949 3780 1054 3832 τῶν
1081 3781 1397 3851 γινομένων,
1436 3782 1508 3843 ὡς
1541 3781 1639 3844 δεῖ,
1665 3784 1758 3834 καὶ

194 3870 256 3934 ἑξ
278 3863 349 3922 ὧν
375 3869 469 3931 δεῖ,
500 3871 592 3921 καὶ
619 3871 702 3922 ὅτε
740 3869 834 3934 δεῖ,
871 3870 962 3923 καὶ
992 3871 1103 3933 πῶς
1136 3871 1488 3941 διακειμένων
1520 3872 1758 3942 γίνεσθαι

192 3962 298 4022 τὰς
346 3960 517 4030 μίξεις
558 3961 650 4012 καὶ
688 3961 784 4021 τὰς
820 3961 1116 4024 κοινωνίας,
1146 3961 1239 4013 τοῦ
1275 3961 1347 4032 μὴ
1382 3962 1456 4025 ὡς
1487 3963 1640 4031 ἔτυχε
1672 3963 1758 4029 γί-

194 4051 382 4104 νεσθαι
433 4051 500 4103 τὰ
547 4051 875 4121 γεννώμενα·
922 4053 1046 4114 τοὺς
1088 4052 1144 4104 δὲ
1192 4053 1507 4124 ἀνθρώπους
1557 4054 1758 4123 μηδένα

196 4143 468 4194 ποιεῖσθαι
501 4142 655 4210 λόγον
684 4143 790 4194 τῶν
821 4143 961 4195 ἰδίων
998 4144 1250 4210 ἐγγόνων,
1277 4143 1410 4196 ἀλλὰ
1447 4146 1538 4198 καὶ
1570 4149 1760 4216 γεννᾷν

195 4237 276 4298 ὡς
300 4235 474 4304 ἔτυχε,
513 4236 604 4288 καὶ
631 4235 978 4304 γεννωμένων
1005 4234 1283 4305 ὀλιγωρεῖν
1307 4237 1397 4288 καὶ
1430 4235 1528 4308 τῆς
1556 4237 1768 4308 τροφῆς.

199 4327 297 4380 καὶ
325 4326 422 4395 τῆς
458 4328 722 4388 παιδείας.
755 4325 939 4379 Ταῦτα
965 4326 1069 4398 γὰρ
1097 4305 1442 4396 ἀμελούμενᾶ
1463 4327 1640 4397 πάσης
1663 4345 1761 4381 κα-

198 4419 326 4479 κίας
353 4420 442 4470 καὶ
474 4418 800 4485 εξαυλότητος
829 4419 1086 4489 παραίτια
1110 4420 1334 4486 γίνεται,
1369 4419 1756 4491 βοσκηματὼδη

1275 421 1344 480 IN
1385 422 1754 481 EE-STATHII
1790 419 2265 479 HEXAEMERON
2300 419 2530 476 ΝΟΤΕ.

3293 416 3428 474 103.6

1929 540 2090 598 lbid..
2149 540 2243 594 lin.
2286 537 2376 591 27.
2436 533 2519 600 Τῷ
2565 533 2684 598 Θεῷ
2727 533 2834 602 γάρ
2869 525 2960 585 σεξ
2993 531 3281 601 Pet-peram
3315 535 3428 589 ita-c

1856 632 2001 684 dicta
2026 646 2055 682 a
2079 629 2313 699 Joseplto
2337 626 2586 696 Lyranus
2607 624 2909 688 contendit,
2935 624 3080 694 quod
3104 626 3232 678 facit
3255 627 3430 678 Abrao

1857 722 1981 774 liam
2012 721 2323 775 credentem
2350 721 2425 772 ita
2457 699 2780 772 moriturum
2810 717 2981 773 fuisse
3016 718 3190 780 lsaac,
3221 725 3280 770 ut
3309 717 3430 784 ejua

1856 815 2036 867 anima
2060 820 2321 882 perpetuo
2346 809 2489 879 apud
2524 808 2694 862 Deum
2722 819 2984 870 maneret,
3017 823 3116 862 nec
3143 823 3335 862 rursus
3359 807 3427 862 ad

1856 908 2022 958 vitam
2058 904 2300 957 reditura
2331 911 2513 964 esset;
2541 901 2593 954 id
2620 901 2765 956 enim
2806 899 2999 955 fuisset
3038 910 3226 955 contra
3267 900 3424 956 fidem

1856 997 2166 1051 divinarum
2197 995 2625 1064 promissionum
2654 992 2721 1046 de
2761 991 2943 1044 futura
2976 990 3125 1045 lsaac
3148 994 3423 1061 progenie,

1855 1102 2019 1158 quam
2076 1086 2468 1147 firmissimam,
2530 1092 2695 1152 atque
2753 1083 3134 1138 inconcussam
3192 1083 3426 1136 habebat

1857 1177 2148 1238 Abraham,
2181 1176 2486 1230 certissime
2514 1174 2743 1229 credens
2774 1173 2939 1226 Deum
2972 1189 3162 1228 rursus
3186 1172 3336 1229 lsaac
3356 1188 3423 1227 ex

1857 1267 2089 1322 mortuis
2133 1274 2518 1319 revocaturum
2564 1265 2630 1316 ad
2661 1265 2865 1328 vitam;
2901 1263 3044 1331 quod
3091 1278 3220 1317 sane
3256 1261 3322 1316 de
3357 1273 3427 1317 eo

1857 1360 2078 1413 disertis
2105 1358 2286 1412 verbis
2310 1356 2634 1411 testificatus
2660 1363 2743 1410 est
2765 1353 2968 1409 Paulus
2987 1355 3052 1407 ad
3073 1353 3326 1409 Hebrazos
3348 1369 3424 1410 ιι.

1858 1451 2013 1518 Quod
2064 1460 2448 1521 argumentum
2498 1465 2660 1519 quam
2704 1450 2776 1503 sit
2828 1448 2991 1502 inane
3033 1445 3266 1501 lectione
3308 1447 3428 1517 ipsa

1859 1554 2042 1597 textus
2073 1543 2207 1597 satis
2238 1550 2481 1610 apparet.

1930 1634 2086 1696 lbid.,
2116 1635 2207 1686 litt.
2233 1633 2322 1686 28.
2364 1632 2593 1684 Τούτων
2611 1630 2900 1694 ἀκούσας.
2924 1629 3214 1698 .osephus,
3241 1627 3425 1697 Antiq.

1860 1725 1954 1778 lib.
1993 1742 2045 1779 t:
2076 1726 2290 1786 Ἴσακος
2323 1722 2399 1785 δὲ,
2448 1721 2651 1792 πατρὸς
2689 1720 2796 1790 γὰρ
2833 1716 2898 1789 ἦν
2945 1721 3055 1771 οἴου
3100 1718 3429 1788 τετυχηκότα

1858 1814 2105 1880 γενναῖον
2143 1811 2313 1862 ἐδεῖτο
2345 1809 2598 1879 φρόνημα
2631 1803 2792 1870 εἶναι,
2823 1807 3036 1876 δέχεται
3071 1806 3204 1877 πρὸς
3236 1806 3428 1876 ἡδονὴν

1858 1905 1980 1965 τοὺς
2008 1903 2218 1970 λόγους·
2257 1900 2352 1953 sui.
2399 1901 2600 1970 φήσας.
2630 1898 2706 1961 ὼς
2742 1898 2862 1950 οὐδὲ
2891 1897 3169 1965 γεγονέναι
3200 1897 3297 1965 τὴν
3326 1898 3426 1967 ἁρ-

1859 1994 1956 2063 χὴν
1987 1990 2052 2062 ἦν
2085 1993 2308 2055 δίκαιος,
2357 1992 2406 2042 εἰ
2441 1989 2574 2042 Θεοῦ
2627 1989 2720 2042 καὶ
2760 1989 2964 2059 πατρὸς
3018 1987 3199 2057 μέλλει
3248 1987 3426 2058 κρίσιν

1857 2082 2217 2143 ἀπωθεῖσθαι,
2252 2081 2344 2135 καὶ
2374 2080 2448 2150 μὴ
2479 2079 2742 2148 παρέχειν
2772 2080 2933 2131 αὐτὸν
2963 2082 3073 2140 τοῖς
3104 2080 3425 2148 ἀμφοτέρων

1861 2174 2192 2245 βουλήμασιν
2223 2172 2474 2242 ἑτοίμως,
2499 2173 2586 2223 ins.
2614 2171 2708 2223 καὶ
2736 2171 2894 2239 μόνου
2917 2171 3009 2222 τοῦ
3037 2169 3236 2239 πατρὸς
3255 2168 3426 2223 ταῦτα

1859 2262 2286 2333 προαιρουμένου
2335 2261 2408 2332 μὴ
2459 2259 2753 2312 ὑπακούειν
2808 2260 2989 2314 ἄδικον
3037 2256 3123 2331 ἦν,
3171 2258 3426 2332 ὥρμησεν

1858 2355 1950 2406 ἐπὶ
1979 2355 2067 2407 τὸν
2101 2353 2280 2423 βωμὸν
2313 2353 2405 2405 καὶ
2434 2352 2531 2422 τὴν
2566 2355 2807 2420 σφαγήν.-

1933 2445 2094 2512 lbid.—,
2135 2446 2230 2499 lin.
2270 2445 2358 2498 45.
2407 2446 2461 2494 '0
2493 2443 2560 2496 δὲ
2592 2444 2737 2509 Θεὸς
2767 2443 2900 2508 τήν.
2939 2443 3244 2499 Alexander
3269 2442 3429 2515 Polyf

1857 2537 2031 2593 histor
2058 2537 2199 2606 apud
2224 2535 2542 2598 Eusebium,
2572 2534 2650 2588 De
2669 2545 2960 2604 praeparat.
2984 2534 3180 2605 Euang.
3213 2537 3308 2590 lib.
3339 2551 3387 2590 Ix
3410 2551 3428 2587 :

1856 2629 1991 2682 Μετ’
2019 2629 2080 2680 οὐ
2109 2627 2274 2680 πολὺν
2296 2627 2351 2678 δὲ
2386 2627 2574 2698 χρόνον
2603 2626 2694 2678 τὸν
2723 2628 2857 2680 Θεὸν
2886 2626 3227 2698 τῷᾊϐραὰμ
3255 2641 3427 2695 προσ-

1854 2717 2010 2782 τάξαι
2055 2716 2239 2770 Ἰσαὰκ
2279 2719 2369 2770 τὸν
2431 2719 2544 2770 υἱὸν
2586 2718 2968 2783 ὁλοκαρπῶσαι
3012 2716 3181 2787 αὐτῷ.
3228 2718 3330 2770 Τὸν
3369 2717 3426 2770 δὲ

1855 2807 2194 2876 ἀναγαγόντα
2225 2809 2315 2860 τὸν
2345 2808 2506 2860 παῖδα
2536 2809 2628 2860 ἐπὶ
2657 2808 2718 2860 τὸ
2747 2808 2871 2878 ὅρος
2903 2809 3082 2878 πυρὰν
3117 2808 3300 2877 νῆσαι,
3332 2807 3427 2860 καὶ

1855 2899 2121 2952 ἐπιθεῖναι
2158 2899 2250 2950 τὸν
2295 2899 2500 2952 Ἰσαάκ.
2537 2897 2768 2967 Σφάζειν
2800 2899 2857 2951 δὲ
2893 2899 3153 2970 μέλλοντα
3181 2897 3428 2967 κωλυθῆο

1855 3009 1939 3043 ναι
1969 2990 2074 3043 ὑπὸ
2102 2990 2331 3058 ἀγγέλου
2362 2989 2514 3060 κριὸν
2551 2972 2684 3060 ιὺτῷ
2707 2989 2842 3059 πρὸς
2873 2992 2970 3060 τὴν
2999 2991 3281 3060 κάρπωσιν
3319 3005 3426 3043 παι

1859 3081 2246 3151 ραστήσαντος.
2296 3077 2400 3130 Τὸν
2441 3079 2495 3130 δὲ
2552 3077 2802 3149 Ἀϐραὰμ
2833 3079 2924 3132 τὸν
2971 3080 3068 3149 μὲν
3103 3080 3264 3132 παῖδα
3295 3079 3427 3133 καθ·-

1858 3169 1996 3222 ελεῖν
2021 3168 2128 3220 ἀπὸ
2157 3169 2255 3239 τῆς
2284 3170 2478 3235 πυρᾶς,
2508 3169 2597 3222 τὸν
2626 3168 2682 3221 δὲ
2711 3167 2863 3242 κριὸν
2892 3169 3199 3240 καρπῶσαι.
3228 3169 3294 3224 Et
3320 3170 3425 3225 hcc

1857 3273 1924 3313 ex
1954 3256 2183 3312 Philone
2214 3268 2372 3328 poeta
2400 3260 2710 3312 confirmat.
2895 3318 2899 3322 _

1929 3349 2088 3410 lbid.,
2127 3349 2222 3401 liti.
2257 3348 2344 3403 50.
2381 3350 2594 3416 Πρώτῳ
2621 3347 2688 3401 δὲ
2719 3349 2818 3414 τῷ.
2858 3347 3145 3412 Eusebius,
3172 3348 3424 3404 Chronic.

1859 3437 1953 3494 lib.
1987 3455 2032 3494 t:
2061 3439 2266 3510 Πρώτῳ
2290 3439 2580 3510 προφητῶν
2601 3439 2809 3509 ὄντιτῷ
2850 3439 3094 3511 Ἀϐραὰμ
3126 3441 3155 3492 ὁ
3175 3440 3267 3493 τοῦ
3288 3439 3425 3493 Θεοῦ

1859 3533 2025 3602 Λόγος
2067 3533 2255 3600 φανεὶς
2297 3533 2352 3583 ὲν
2386 3531 2668 3603 ἀνθρώπου
2719 3533 2956 3602 σχήματι
2988 3533 3086 3603 τὴν
3118 3531 3225 3584 τῶν
3255 3530 3424 3584 ἐθνῶν

1859 3625 2048 3695 κλῆσιν
2074 3623 2339 3686 Θεσπίζει,
2377 3623 2443 3692 ἢν
2483 3622 2607 3676 καθ’
2654 3624 2804 3694 ἡμᾶς
2831 3625 2858 3675 ό
2883 3623 2977 3676 τοῦ
3004 3623 3239 3692 Χριστοῦ
3269 3623 3425 3690 λόγος

1858 3719 1936 3779 εἰς
1967 3715 2136 3786 πέρας
2169 3715 2342 3784 ἤγαγε
2379 3713 2467 3766 διὰ
2502 3714 2602 3782 τῆς
2629 3715 2707 3778 εἰς
2738 3715 2913 3766 πάντα
2939 3714 3006 3766 τὰ
3029 3713 3155 3785 ἔθνη
3184 3714 3427 3780 Εὖαγγι·

1858 3807 2009 3878 λικῆς
2058 3806 2424 3868 διδασκαλίας.
2476 3805 2600 3860 llzcc
2648 3806 2835 3859 eadem
2867 3804 3428 3859 ChroniconAlcxau-

1860 3899 2090 3950 drinnm.
2145 3895 2218 3950 De
2272 3896 2372 3948 hac
2431 3902 2484 3949 et
2534 3894 2654 3948 aliis
2715 3895 2946 3948 Abraha:
3006 3896 3427 3950 t‘et'elationithI

1861 3986 2107 4039 Asterius
2135 3985 2378 4038 Amasezc
2404 3985 2694 4052 episcopus
2731 3984 2878 4038 hom.
2913 3981 2986 4036 De
3016 3981 3219 4037 Lazaro
3257 3994 3310 4037 et
3340 3985 3424 4036 (ἥς

1859 4076 1989 4139 Vite.
2021 4090 2142 4129 cum
2176 4075 2240 4126 ad
2273 4074 2496 4128 dubium
2529 4075 2681 4140 illud,
2707 4074 2846 4140 Quid
2877 4089 3058 4131 causa:
3085 4077 3243 4129 fuerit
3283 4074 3428 4144 quod

1860 4183 1980 4220 cum
2015 4168 2166 4219 multi
2195 4167 2465 4233 justorum
2505 4166 2815 4220 Abrahamo
2844 4168 3179 4236 antiquiores
3206 4168 3430 4228 fuerint,

1860 4261 2119 4312 honorem
2171 4259 2312 4310 hunc
2366 4258 2472 4310 illis
2525 4259 2578 4310 in
2627 4274 2741 4312 σειό
2791 4260 3068 4312 remotiori
3115 4259 3432 4314 constitutis

1861 4349 2101 4401 debitum
2151 4346 2235 4400 isti
2291 4348 2563 4416 prmcipue
2611 4349 2905 4418 assignauit
2939 4365 3061 4401 cum
3102 4349 3325 4412 diceret,
3361 4346 3431 4401 Et

1859 4439 2220 4507 deportaretur
2264 4439 2330 4490 ab
2377 4441 2574 4508 angelis
2633 4440 2688 4492 in
2745 4441 2917 4491 sinunt
2963 4439 3228 4503 Abrahw,
3284 4439 3432 4493 nulla

200 4510 298 4562 καὶ
333 4512 528 4579 ἀγεννῆ
565 4509 928 4562 ἀποτελοῦντα
961 4511 1026 4563 τὰ
1059 4510 1384 4581 γεννώμενα.
1424 4510 1540 4564 Duo
1579 4513 1760 4581 itaque

1865 4530 2002 4582 facta
2065 4529 2374 4591 mentione,
2424 4547 2598 4598 neque
2647 4532 2855 4590 Euoclt,
2903 4548 3078 4598 neque
3136 4530 3288 4595 Noe,
3330 4545 3432 4584 nec

201 4600 446 4652 curanda
480 4607 606 4652 sunt
635 4599 689 4650 in
727 4599 1017 4652 liberorum
1049 4599 1410 4668 susceptione,
1445 4599 1678 4667 primum
1705 4611 1761 4652 ut

202 4691 328 4746 sciti
363 4699 414 4743 ct
459 4691 731 4761 elegantes
778 4691 955 4759 quoad
1021 4693 1132 4744 fieri
1189 4690 1386 4759 poterit
1445 4699 1760 4746 nascantur.

204 4782 539 4848 Secundum,
585 4799 708 4836 cum
746 4786 850 4836 orti
898 4784 1244 4853 susceptique
1288 4782 1529 4846 fuerint,
1568 4784 1765 4836 libera-

203 4881 330 4936 liter
364 4877 691 4945 educentur;
729 4879 972 4946 iniquum
1009 4879 1150 4932 enim
1207 4886 1289 4932 est
1329 4893 1545 4939 canunt,
1581 4892 1766 4945 equo-

203 4983 326 5022 rum
361 4977 414 5022 et
447 4967 676 5020 aliorum
731 4969 1084 5021 animantium
1119 4967 1299 5022 studio
1333 4967 1526 5020 ductos
1566 4980 1765 5035 Oppor-

203 5067 340 5112 tuna
367 5073 592 5128 quaaque
620 5060 960 5128 conquirere,
1012 5067 1070 5112 ut
1125 5062 1431 5113 necessaria
1463 5057 1530 5111 ad
1565 5074 1764 5112 munus

203 5166 366 5206 suum
417 5149 724 5204 obeundum
771 5149 1002 5204 habeant
1026 5191 1039 5211 ,
1069 5151 1299 5204 liliorum
1327 5163 1458 5206 vero
1483 5147 1762 5203 educatio-

205 5255 330 5294 uotn
358 5239 864 5308 institutionemque
904 5241 1191 5310 negligere.

279 5346 439 5409 l'iiid.,
467 5347 564 5400 lin.
593 5346 684 5399 9.35.
715 5346 906 5399 Πάλιν
939 5351 1142 5410 τούτῳ.
1182 5347 1416 5401 Basilius
1456 5345 1763 5402 Seleucicn-

204 5445 305 5502 sis,
356 5440 604 5493 oratione
653 5438 708 5489 in
757 5437 1022 5490 Abraham
1056 5453 1070 5488 :
1104 5441 1197 5492 ’ον
1227 5439 1423 5491 ἔδωκεν
1456 5439 1675 5509 ᾔτησεν,
1707 5439 1770 5490 ὃν

202 5531 405 5587 ἔπλασε
439 5530 600 5583 πάλιν
633 5531 911 5601 ἐζήτησεν·
959 5530 1144 5583 ἔλασεν
1187 5534 1416 5602 αἰτήσας
1453 5533 1512 5583 ὃν
1548 5532 1761 5586 ἔδωκεν⁸

202 5624 448 5694 αἰτηθεὶς
475 5621 741 5675 ἀποδώσει
776 5622 934 5674 πάλιν
971 5622 1266 5692 βουληθεὶς,
1305 5624 1393 5676 ὑπ’
1419 5625 1629 5688 οὐδενὸς
1657 5643 1762 5676 κω-

199 5713 478 5782 λυόμενος.
534 5710 591 5762 '0
623 5709 730 5779 γὰρ
753 5711 848 5764 οὐκ
882 5711 1008 5763 ὅντα
1033 5711 1154 5774 δοὺς
1186 5714 1275 5762 καὶ
1303 5711 1640 5780 νεκρωῡέντα
1668 5729 1762 5782 χα-

200 5805 435 5880 ρῖσεται.

1866 4624 2094 4675 aliorum
2125 4621 2368 4692 εἘπειδὴ
2407 4623 2512 4694 γὰρ
2545 4624 2573 4674 ό
2608 4623 2855 4692 Ἀϐραὰμ
2886 4623 3137 4694 Θεράπων
3170 4621 3430 4694 Χριστοῦ,

1866 4714 1957 4768 καὶ
1985 4715 2348 4782 διαφερόντως
2381 4712 2532 4779 οὗτος
2579 4716 2880 4786 ἀνθρώπων
2927 4717 3023 4778 τὰς
3063 4714 3154 4772 ⁴τοῦ
3193 4713 3431 4786 Χριστοῦ

1865 4805 2182 4872 ἐπιφανείας
2225 4804 2456 4868 ἐδέξατο,
2498 4808 2588 4858 καὶ
2635 4807 2693 4857 τὸ
2734 4807 2833 4872 τῆς
2875 4805 3098 4875 Τριαδος
3139 4808 3434 4874 μυστήριον

1869 4898 2064 4958 [κανῶς
2091 4898 2218 4964 ἡμῖν
2251 4898 2305 4948 ὲν
2338 4899 2401 4964 τῇ
2443 4900 2610 4967 σκηνῇ
2641 4896 2734 4949 τοῦ
2764 4897 3013 4966 γέροντος
3051 4896 3238 4948 τοῦτου
3259 4895 3433 4947 διετυο

1865 4987 2044 5055 πώθη,
2083 4987 2245 5056 ἡνίκα
2281 4988 2405 5048 τοὺς
2430 4990 2574 5056 τρεῖς
2609 4988 2870 5054 ἀγγέλους
2908 4987 2983 5050 ὡς
3008 4987 3201 5058 ἄνδρας
3227 4986 3430 5039 ὁδοιπό-

1869 5095 1991 5148 ρους
2032 5078 2254 5143 ὲξένισε,
2290 5081 2382 5130 καὶ
2422 5077 2604 5141 ἁπλῶς
2650 5079 2713 5130 ἐκ
2748 5079 2954 5131 πολλῶν
2996 5079 3105 5132 τῶν
3158 5077 3434 5149 μυστικῶν

1865 5171 2197 5241 αἰνιγμάτων
2213 5173 2408 5232 οἰκεῖος
2423 5170 2517 5223 ἄνθ
2527 5187 2700 5240 ρωπος
2717 5164 2870 5232 οὗτος
2886 5169 3170 5239 γεγένηται
3189 5168 3282 5221 τοῦ
3299 5168 3431 5222 Θεοῦ

1865 5261 1957 5314 τοῦ
1985 5263 2192 5332 χρόνοις
2219 5261 2441 5332 ὕστερον
2464 5263 2701 5329 ἀμφιεσα
2711 5261 2869 5330 μένου
2894 5261 2992 5331 τὴν
3012 5261 3209 5330 σάρκα,
3233 5262 3325 5314 καὶ
3345 5259 3432 5312 διὰ

1871 5354 2035 5420 μέσου
2070 5352 2161 5404 τοῦ
2203 5353 2486 5423 ἀνθρώπου
2515 5352 2705 5407 τούτου
2743 5353 3236 5423 παραπετάσματος
3269 5354 3428 5420 ἐναρ-

1867 5445 1978 5511 γῶς
2007 5445 2363 5514 ὁμιλήσαντος
2393 5447 2499 5506 τοῖς
2530 5443 2854 5516 ἀνθρώποις·
2888 5443 2973 5496 διὰ
3009 5442 3166 5496 τοῦτο
3194 5441 3282 5494 τὸν
3313 5443 3432 5495 κόλ-

1869 5552 1966 5586 πον
1994 5535 2153 5586 αὑτοῦ
2188 5529 2296 5587 οἷον
2324 5533 2494 5586 εῦδιόν
2517 5551 2638 5586 τινα
2659 5535 2877 5604 λιμένα.
2900 5535 2992 5588 καὶ
3015 5532 3276 5586 ἄκλυστον
3304 5532 3432 5584 ἀνα·-

1869 5628 2168 5696 παυτήριον
2203 5623 2342 5678 εἶναι
2367 5624 2474 5677 τῶν
2505 5624 2726 5677 δικαίων
2756 5623 2939 5693 φησιν.

1936 5717 2051 5771 Col.
2089 5716 2217 5775 765.
2256 5717 2353 5770 lin.
2391 5718 2442 5771 '5.
2496 5715 2948 5784 Τελευτησάσης
2987 5714 3236 5782 Σάρῤας.
3279 5711 3429 5767 Ιοσεο

1870 5811 2031 5878 phus,
2061 5810 2238 5878 Antiq.
2268 5809 2364 5863 lib.
2393 5823 2430 5871 ι,
2465 5823 2583 5876 cap.
2608 5807 2673 5862 16
2706 5806 2909 5877 εΓαμεῖ
2928 5807 2983 5861 δὲ
3012 5805 3170 5868 αὐτὸς
3201 5803 3426 5858 Χιττοῦο
