4058 6330
129 388 272 449 ιω

1224 390 1291 447 IN
1324 389 1696 449 EUS‘I'A'I'BII
1733 390 2207 449 ΒΕῙΑΕΗΕΒΟΝ
2243 391 2470 449 ΝΟΤΕ.

3246 392 3386 449 1030

124 510 272 566 simo
287 510 554 568 exercitui
579 508 846 583 prefecit.
864 507 965 566 [lic
996 523 1190 581 magna
1218 510 1371 567 orbis
1402 519 1558 581 parte
1587 526 1686 582 per

1817 511 1990 566 εἰδυῖα
2022 508 2326 574 ποθοῦντας
2359 509 2528 580 αὐτῆς
2553 509 2615 563 τὸ
2660 510 2853 582 δνομα,
2886 509 2993 564 ὑπὸ
3025 509 3126 578 τῆς
3155 510 3248 562 τὸν
3275 526 3382 564 πα·-

122 612 319 673 αεηιι
379 603 438 659 in
485 602 656 673 Libya
705 601 1017 656 columnam
1064 602 1261 664 erexit,
1313 604 1704 672 pmessitque

122 693 419 751 Herculem
443 694 715 750 Alcmena
747 692 914 747 ﬁlium
946 693 1194 762 pluribus
1217 708 1379 762 quam
1427 694 1575 748 mille
1604 708 1704 748 an-

120 787 235 841 nis.
263 787 490 842 Servius
509 785 640 841 item
660 793 895 855 quatuor
910 783 1172 840 Hercules
1189 784 1320 838 facit
1340 783 1557 839 zEncid.
1579 800 1697 839 vm:

120 874 516 946 Tyrinshium,
553 875 816 946 Argiurn,
879 873 1234 937 Thebanum,
1284 872 1498 944 Libym.
1554 873 1702 929 inter

118 981 269 1039 quos
319 967 573 1038 quamvis
634 982 746 1021 non
805 975 1016 1021 constet
1075 967 1144 1022 de
1207 980 1456 1029 numero,
1511 973 1695 1020 tamen

118 1057 266 1113 illud
295 1071 464 1113 unum
501 1066 712 1112 certum
742 1065 846 1119 est,
890 1055 1174 1112 Herculem
1209 1056 1546 1128 Egyplium,
1583 1057 1701 1111 sive

117 1150 293 1205 etiam
334 1146 756 1219 Libym,multis
784 1151 1002 1204 seculis
1034 1149 1322 1204 Herculem
1355 1149 1696 1214 Grzecorum,

118 1241 196 1298 de
245 1249 357 1312 quo
411 1241 654 1311 loquitur
711 1241 1003 1307 Eusebius,
1055 1242 1448 1312 praecessisse;
1507 1241 1580 1294 ita
1638 1247 1700 1293 ut

116 1330 360 1386 Abraha
386 1332 680 1401 nepotibus
710 1339 871 1386 aetate
903 1347 1003 1401 par
1040 1347 1164 1386 esse
1205 1331 1408 1402 possit;
1445 1333 1519 1384 ita
1549 1331 1696 1384 enim

116 1431 180 1478 et
221 1423 366 1477 ratio
405 1432 710 1495 temporum
755 1423 1016 1485 cohaeret,
1063 1437 1163 1478 nec
1199 1433 1476 1485 auctores,
1507 1423 1602 1492 qui
1630 1423 1698 1478 de

115 1511 471 1583 expeditione
516 1523 774 1584 nepotum
827 1513 1062 1567 Abrahae
1116 1528 1224 1565 una
1278 1528 1405 1566 cum
1464 1511 1697 1568 Hercule

118 1605 293 1660 verba
322 1603 551 1667 faciunt,
580 1605 881 1674 ἀλογίστως
903 1604 1308 1659 damnabimus.

191 1690 316 1748 Col.
345 1693 470 1760 765,
501 1693 598 1747 lin.
621 1692 712 1747 22.
743 1691 1368 1761 Ἰακὼϐπιιραρπάσας.
1390 1693 1698 1749 Alexander

115 1785 432 1857 Polyhistor
453 1802 520 1841 ex
544 1784 816 1840 Demetrio
847 1784 990 1855 apud
1017 1783 1337 1846 Eusebium,
1367 1783 1442 1838 Dc
1462 1801 1693 1855 praepar.

1805 601 1935 672 τέρα
1988 603 2200 664 εὐνοίας
2249 599 2512 670 ἔνδακρυς
2571 600 2872 671 γενομένη,
2929 599 3244 671 περιϐάλλει
3289 600 3383 652 τὸν

1816 693 2068 748 Ἰάκωϐον
2086 734 2100 760 ,
2169 695 2262 750 καὶ
2318 692 2787 764 κατασπασαμένη
2846 691 2946 764 τὴν
2996 692 3384 762 εὐκταιοτάτην

1748 774 1754 778 ’
1803 787 1898 841 καὶ
1941 785 2201 857 μεγίστην
2246 784 2440 855 ἡδονὴν
2483 784 2645 838 αὐτὸν
2690 783 2925 854 ,κομίσαι
2969 783 3048 855 τῷ
3088 784 3257 856 πατρὶ
3287 784 3385 837 καὶ

1801 881 1913 940 τοῖς
1942 879 2033 930 ἐπὶ
2079 877 2178 946 τῆς
2220 877 2421 941 οἰκείας
2469 877 2694 941 ἅπασιν,
2742 875 2928 944 ἔλεγεν
2967 875 3060 928 ἐπὶ
3090 879 3157 947 τῇ
3191 876 3383 948 μνήμῃ

1799 969 1899 1039 τῆς
1930 971 2133 1041 μητρὸς
2181 970 2346 1024 αὑτοῦ
2404 968 2664 1040 κειμένῳ,
2706 969 2805 1022 καὶ
2839 968 2976 1040 πρὸς
3021 968 3156 1040 μόνῃ
3205 968 3379 1040 ταύτῃ

1799 1058 2151 1127 τυγχάνοντι,
2213 1057 2502 1128 φανεῖσθαι
2556 1057 2614 1110 δὲ
2672 1056 2823 1127 αὺτῷ
2873 1057 3070 1120 παντὸς
3130 1057 3391 1123 ἁντάξιον¹

1798 1147 2026 1216 ἀγαθοῦ.
2087 1148 2251 1205 Hisce
2291 1157 2346 1204 et
2387 1149 2512 1203 aliis
2540 1147 2814 1219 Josephus
2860 1148 2916 1202 in
2951 1149 3196 1204 historiis
3229 1163 3382 1204 com-

1800 1237 2167 1295 memorandis
2201 1257 2392 1310 parum
2434 1241 2666 1311 diligens
2709 1249 2764 1295 et
2803 1239 2999 1296 ﬁdelis.
3027 1239 3138 1296 Nec
3167 1255 3296 1294 raro
3323 1238 3381 1293 iu

1798 1329 2024 1384 historia
2040 1340 2094 1384 et
2117 1331 2170 1384 in
2187 1330 2538 1400 Chronologia
2569 1347 2692 1386 esse
2721 1331 2910 1401 lapsus
2937 1329 3380 1402 deprehenditur.

1871 1420 2035 1484 lbid.,
2074 1422 2168 1474 lin.
2200 1421 2288 1476 '56.
2333 1423 2636 1476 Τίκτονται
2674 1421 2742 1475 δὲ
2770 1421 3001 1489 παῖδας.
3038 1420 3115 1476 Dc
3156 1430 3282 1476 ortu
3316 1422 3382 1475 li-

1799 1511 1994 1566 liorum
2043 1511 2252 1578 Jacobi,
2287 1520 2341 1567 et
2374 1523 2638 1583 tempore,
2672 1514 2848 1584 deque
2891 1529 3044 1568 mora
3092 1514 3234 1583 apud
3275 1510 3380 1568 La-

1797 1601 1926 1666 ban,
1955 1613 2010 1659 et
2033 1604 2325 1672 descensu,
2357 1606 2536 1676 plura,
2575 1606 2677 1660 etsi
2713 1607 2768 1659 in
2809 1605 3089 1661 nonnullis
3125 1606 3378 1660 diversus

1798 1708 1829 1746 a
1862 1695 2039 1749 sacris
2076 1695 2291 1761 litteris,
2317 1697 2623 1752 Alexander
2651 1696 2962 1768 Polyhistor
2988 1712 3054 1752 ex
3103 1695 3378 1753 Demetrio

1797 1785 1942 1856 apud
1977 1784 2272 1842 Eusebium
2302 1787 2379 1842 De
2401 1777 2690 1857 prwparat.
2729 1786 2981 1859 anngcl.
3020 1788 3114 1842 lib.
3151 1805 3227 1842 Ix.
3336 1786 3340 1790 ’

117 1876 378 1948 Evangel.
409 1877 505 1930 lib.
543 1892 599 1930 ix
619 1892 632 1929 :
654 1875 965 1947 Δημήτριός
1000 1894 1132 1946 φησι
1164 1877 1254 1929 τὸν
1297 1875 1513 1940 Ἰακὼϐ,
1546 1877 1687 1944 γενό-

1874 1879 2034 1942 lhid.,
2069 1881 2167 1933 lin.
2203 1879 2293 1932 41.
2339 1881 2402 1932 Οἱ
2440 1879 2538 1930 καὶ
2582 1876 2910 1946 Ἰδουμαῖοι.
2940 1875 3233 1947 Iosephus,
3265 1877 3377 1931 Au-

115 1987 284 2040 μενον
301 1968 436 2022 ὲτῶν
454 1969 823 2039 ἑϐδομήκοντα
848 1969 1027 2030 πέντε,
1047 1971 1237 2038 φυγεῖν
1258 1971 1336 2031 εἰς
1359 1969 1584 2041 Χαρρὰν
1599 1970 1695 2039 τῆς

112 2060 564 2130 Μεσοποταμίας,
595 2059 964 2112 ἀποσταλέντα
994 2059 1096 2110 ὑπὸ
1125 2057 1232 2109 τῶν
1259 2058 1458 2125 γονέων
1482 2057 1569 2110 διὰ
1598 2057 1694 2127 τὴν

113 2152 258 2224 πρὸς
275 2153 364 2204 τὸν
379 2151 604 2219 ἀδελφὺν
619 2151 854 2221 κρυφίαν
871 2149 1068 2218 ἔχθραν
1097 2149 1285 2213 Ἠσαῦ,
1302 2149 1388 2201 διὰ
1404 2149 1464 2200 τὺ
1481 2149 1696 2218 εὐλογῆ-

115 2243 404 2295 σαι·αὺτὸν
431 2243 522 2294 τὸν
554 2241 783 2310 πατέρα,
810 2239 1068 2293 δοκοῦντα
1097 2236 1232 2292 εἶναι
1253 2240 1343 2292 τὸν
1383 2241 1574 2306 Ἡσαῦ,
1601 2241 1694 2292 καὶ

111 2335 268 2394 ὅπως
295 2331 432 2402 λάϐῃ
460 2332 666 2384 ἐκεῖθεν
695 2331 946 2397 γυναῖκα.
988 2332 1325 2401 ’Λφορμῆσαι
1363 2326 1454 2383 οὖν
1503 2328 1693 2382 Ἰακὼϐ

113 2422 449 2495 εἰς’)ἱαρραν
479 2425 577 2492 τῆς
611 2420 1053 2489 Μεσοποταμίας,
1084 2422 1174 2472 τὸν
1212 2423 1307 2491 μὲν
1346 2421 1555 2491 πατέρα
1596 2437 1693 2472 κα-

111 2514 413 2568 ταλιπόντα
453 2513 636 2566 Ἰσαὰκ
666 2513 798 2565 ἐτῶν
826 2512 1016 2564 ἑκατὸν
1043 2513 1331 2581 τριάκοντα
1350 2513 1507 2575 ἑπτὰ,
1533 2512 1691 2564 αὑτὸν

111 2607 174 2658 δὲ
215 2605 342 2658 ὖντα
385 2604 521 2657 ὲτῶν
560 2603 927 2674 ἑϐδομήκοντα
975 2604 1132 2655 ἑπτά.
1189 2605 1553 2673 Διατρίῲαντα
1599 2600 1692 2656 οὖν

114 2695 284 2748 αὐτὸν
323 2696 438 2746 ἐκεῖ
471 2693 609 2745 ἑπτα
642 2694 736 2761 ἔτη
773 2692 955 2745 Λαὸαν
982 2692 1076 2744 τοῦ
1122 2691 1372 2763 μητρῴου
1405 2692 1498 2745 δύο
1528 2692 1692 2759 θυγα-

114 2787 285 2855 τέρας
313 2787 508 2854 γῆμαι,
550 2785 713 2838 Λείαν
756 2786 848 2837 καὶ
901 2783 1120 2852 Ῥαχὴλ,
1163 2784 1288 2834 ὂντα
1327 2785 1464 2835 ἐτῶν
1506 2785 1693 2855 ὀγδοή-

115 2893 286 2930 κοντα
316 2877 616 2945 τεσσάρων.

185 2968 346 3028 lbid..
371 2969 470 3022 lin.
493 2969 580 3022 25.
622 2968 734 3034 τὰς
755 2969 862 3021 δύο
887 2967 1227 3037 θυγατέρας.
1259 2966 1493 3022 Faustus
1522 2965 1694 3018 Mani-

117 3063 305 3117 chacus
336 3062 698 3131 polygamiam
730 3060 870 3114 hanc
902 3075 998 3129 pro
1023 3075 1219 3129 magno
1243 3059 1471 3113 crimine
1503 3065 1692 3112 sancto

118 3156 445 3224 patriarcha:
488 3153 653 3208 Jacob
699 3154 1109 3224 procacissimis
1149 3153 1328 3207 verbis
1374 3152 1686 3220 objectavit.

1804 1968 1892 2038 liq.
1976 1968 2070 2022 lib.
2125 1985 2183 2030 ll,
2221 1982 2339 2036 cap.
2391 1967 2444 2030 l,
2496 1967 2612 2020 haec
2643 1966 2833 2021 eadem
2869 1968 2942 2020 ita
2973 1974 3199 2020 narrat:
3235 1966 3374 2020 Ἀλλ’

1812 2058 1976 2112 Ἢσαῦ
2015 2060 2139 2130 μὲν,
2166 2063 2262 2129 τῆς
2292 2058 2618 2129 ,Χεϐρωνίας
2653 2060 3061 2130 παραχωρήσας
3106 2060 3184 2130 τῷ
3219 2059 3375 2115 ἀδελ*

1800 2150 1902 2220 φῷ,
1959 2155 2016 2205 ὲν
2050 2151 2246 2221 Σαείρᾳ
2293 2151 2529 2221 διῃτᾶτο,
2583 2153 2674 2204 καὶ
2712 2153 2808 2222 τῆς
2855 2153 3157 2222 Ἰδουμαίας
3205 2147 3371 2222 ἦλθεν

1797 2242 1939 2293 οὓτω
1975 2242 2209 2304 καλέσας
2241 2244 2339 2309 τὴν
2371 2244 2554 2313 χώραν
2582 2242 2766 2295 αὑτοῦ.
2807 2244 3052 2313 ’Ἄδωμος
3083 2244 3126 2296 δ’
3161 2245 3370 2298 ἐπωνο-

1800 2333 1998 2402 μάζετο
2035 2334 2173 2386 κατὰ
2198 2334 2447 2404 τοιαύτην
2474 2334 2651 2386 αἰτίαν
2673 2335 2848 2403 τυχὼν
2876 2336 2974 2405 τῆς
3006 2337 3365 2407 ἐπικλήσεως.

1807 2424 1937 2475 Ἀπὸ
1968 2424 2139 2494 θήρας
2173 2425 2300 2476 ποτὲ
2333 2426 2425 2476 καὶ
2460 2425 2622 2476 πόνου
2662 2425 2754 2476 τοῦ
2792 2427 2919 2495 περὶ
2948 2426 3007 2478 τὸ
3045 2428 3370 2498 κυνηγέσιον

1793 2515 2071 2586 λιμώττων
2106 2515 2425 2584 ἐπανῆλθεν,
2468 2516 2546 2567 ἔτι
2585 2519 2713 2578 παῖς
2743 2515 2817 2567 ὢν
2841 2517 2938 2587 τὴν
2966 2516 3201 2586 ἠλικίαν.
3219 2519 3370 2572 Ἐπι-

1791 2604 1970 2674 τυχὼν
2006 2607 2062 2658 δὲ
2107 2605 2353 2674 τάδελφῷ
2397 2607 2577 2674 φακῆν
2607 2609 2926 2660 ἐσκευακότι
2975 2609 3112 2678 πρὸς
3143 2610 3367 2681 ἄριστον

1795 2695 1942 2763 αὑτῷ
1983 2694 2176 2765 ξανθὴν
2222 2697 2424 2766 σφόδρα
2473 2696 2569 2765 τὴν
2613 2697 2801 2766 χρόαν,
2837 2700 2929 2751 καὶ
2972 2697 3060 2752 διὰ
3103 2702 3245 2753 τοῦτ’
3285 2702 3368 2757 ἔτι

1797 2788 1995 2858 μᾶλλον
2023 2787 2264 2858 ὀρεχθεὶς
2290 2787 2440 2856 ἠξίου
2468 2793 2765 2859 παρασχεῖν
2802 2791 2950 2860 αὐτῷ
2981 2791 3114 2862 πρὸς
3137 2796 3364 2866 τροφήν.

1807 2878 1864 2931 Ὁ
1875 2877 1928 2929 δὲ
1947 2879 2232 2931 ἀποδόσθαι
2255 2880 2315 2930 τὸ
2337 2881 2620 2949 πρεσϐεῖον
2639 2882 2784 2950 αὐτῷ
2799 2884 2892 2936 τοῦ
2913 2889 3104 2952 φαγεῖν
3124 2888 3368 2958 συνεργῷ

1795 2969 2136 3040 χρησάμενος
2167 2974 2232 3041 τῇ
2269 2972 2423 3041 πείνῃ
2461 2973 2546 3025 τὸν
2580 2973 2803 3042 ἀδελφὸν
2836 2977 3133 3044 ἠνάγκασε.
3166 2981 3367 3034 Κάκεῖ-

1795 3078 1902 3122 νος,
1930 3062 2033 3114 ὑπὸ
2067 3061 2156 3114 τοῦ
2187 3062 2347 3131 λιμοῦ
2373 3065 2688 3135 προαχθεὶς,
2717 3072 3035 3138 παραχωρεῖ
3060 3070 3167 3121 τῶν
3201 3087 3368 3142 πρεσ-

1797 3149 1954 3201 ϐείων
1988 3150 2135 3219 αὑτῷ
2182 3151 2298 3221 μεθ’
2335 3152 2531 3222 ὅρκων.
2583 3152 2770 3205 Ἔνθεν
2812 3154 2897 3206 διὰ
2930 3154 3025 3226 τὴν
3070 3156 3366 3228 ξανθότητα

119 3217 262 3298 iiuic
303 3245 397 3298 lib.
438 3260 573 3309 xm,
616 3217 735 3314 cap.
777 3245 867 3306 47,
910 3229 1201 3314 respondet
1229 3217 1567 3312 Augustinus
1599 3242 1687 3295 Ja-

1793 3241 1886 3295 τοῦ
1914 3217 2194 3312 βρώματος
2231 3243 2334 3297 ὑπὸ
2366 3217 2472 3296 τῶν
2512 3246 2814 3314 ἡλικιωτῶν
2844 3217 3094 3318 ’Ἄδωμος
3120 3217 3363 3303 καλεῖται

115 3340 316 3393 cobum
363 3353 392 3391 a
448 3339 721 3391 calumnia
769 3339 1076 3392 vindicans.
1128 3337 1352 3404 Quando
1404 3352 1514 3389 mos
1551 3345 1688 3397 erat,

116 3430 316 3482 crimen
345 3445 449 3482 non
477 3438 590 3481 erat
618 3443 632 3479 :
663 3438 712 3480 et
743 3444 877 3482 nunc
906 3437 1180 3496 propterea
1215 3428 1408 3478 crimen
1436 3435 1532 3489 est,
1564 3426 1691 3493 quia

117 3537 229 3575 mos
261 3537 362 3574 non
387 3529 486 3574 est.
512 3520 633 3574 Alia
655 3522 791 3574 enim
817 3530 939 3573 sunt
965 3529 1178 3587 peccata
1209 3529 1393 3574 contra
1417 3527 1685 3580 naturam,

115 3610 230 3663 alia
259 3619 444 3663 contra
486 3625 678 3670 mores,
730 3608 840 3661 alia
886 3623 1068 3662 contra
1095 3618 1370 3675 pra'cepta.
1406 3609 1536 3673 Quae
1571 3624 1688 3661 cum

113 3701 191 3754 ita
213 3701 343 3763 sint,
376 3701 499 3768 quid
535 3700 741 3752 tandem
775 3699 1009 3750 criminis
1047 3709 1144 3763 est,
1177 3699 1315 3766 quod
1356 3697 1418 3750 de
1447 3696 1685 3765 pluribus

112 3792 276 3845 simul
314 3791 506 3844 habitis
550 3792 803 3842 uxoribus
845 3790 1089 3858 objicitur
1113 3799 1292 3842 sancto
1332 3790 1439 3841 viro
1479 3787 1687 3843 Iacob?

113 3886 158 3934 si
184 3893 432 3935 naturam
459 3881 732 3943 consulas,
773 3898 871 3933 non
923 3880 1244 3941 lasciuiendi,
1302 3880 1390 3932 sed
1441 3879 1686 3947 gignendi

112 3990 279 4026 causa
307 3973 416 4025 illis
452 3972 754 4026 mulieribus
786 3972 1049 4024 utebatur.
1097 3969 1155 4024 Si
1191 3987 1405 4033 morem,
1438 3971 1533 4022 illo
1557 3980 1685 4022 tem-

109 4078 257 4128 pore,
282 4072 436 4128 atque
458 4063 510 4113 in
541 4063 648 4114 illis
675 4062 827 4112 terris
863 4063 955 4113 hoc
995 4059 1355 4125 factitabatur.
1400 4059 1459 4111 Si
1490 4074 1685 4123 praece—

111 4165 280 4220 ptum,
315 4153 461 4206 nulla
491 4153 598 4222 lege
622 4152 1010 4220 prohibebatur.
1050 4151 1202 4202 Nunc
1227 4167 1339 4201 vero
1369 4166 1462 4201 cur
1488 4150 1682 4203 crimen

109 4257 208 4305 est,
238 4247 285 4298 si
308 4246 423 4303 quis
451 4247 545 4298 hoc
575 4245 760 4313 faciat,
786 4245 886 4295 nisi
908 4245 1032 4311 quia
1055 4253 1102 4294 et
1127 4243 1377 4305 moribus,
1404 4250 1454 4295 et
1486 4241 1680 4311 legibus

111 4356 217 4391 non
253 4338 410 4391 licet?
449 4339 579 4404 Qua:
620 4339 725 4393 duo
769 4341 1002 4408 quisquis
1051 4338 1437 4403 contempserit,
1471 4338 1682 4390 etiami

112 4429 478 4482 tantummodo
520 4445 681 4483 causa
717 4429 998 4498 generandi
1031 4430 1107 4480 uti
1137 4428 1301 4495 possit
1328 4427 1568 4494 pluribus
1605 4426 1677 4494 fe-

1793 3332 1931 3385 κατὰ
1987 3333 2198 3386 παιδιὰν
2245 3335 2572 3404 ἐπικληθείς.
2611 3337 2834 3394 Ἀδωμα
2877 3339 2984 3410 γὰρ
3026 3337 3261 3409 Ἑϐραῖοι
3305 3341 3365 3393 τὸ

1791 3424 2017 3494 ἐρυθρὸν
2061 3425 2301 3479 καλοῦσι.
2336 3426 2444 3496 Τὴν
2487 3428 2543 3479 δὲ
2576 3426 2758 3498 χώραν
2786 3429 2928 3482 οὕτω
2982 3433 3360 3504 προσηγόρευ-

1792 3529 1900 3566 σεν.
1939 3514 2192 3584 Ἕλληνες
2225 3516 2330 3588 γὰρ
2371 3517 2539 3584 αὐτὴν
2573 3518 2663 3568 ἐπὶ
2695 3520 3016 3586 σεμνότερον
3062 3520 3362 3590 Ἰδουμαίαν

1788 3600 2096 3670 ὠνόμασαν.
2124 3603 2206 3656 Ab
2232 3603 2371 3656 Esau
2402 3604 2565 3672 igitur
2598 3606 2695 3658 toti
2720 3606 2867 3674 genti
2906 3621 3100 3662 nomen
3136 3610 3362 3679 imposi-

1788 3698 1924 3754 tum,
1956 3709 2093 3761 quos
2126 3693 2297 3749 Graeci
2354 3695 2621 3750 Idumaeos
2661 3698 2952 3766 appellant.
2997 3698 3153 3752 Errat
3192 3701 3362 3770 igitur

1790 3780 2006 3846 Strabo,
2058 3783 2153 3837 lib.
2187 3800 2297 3845 va,
2339 3787 2430 3854 qui
2478 3801 2571 3841 eos
2617 3788 2826 3856 origine
2873 3786 3196 3844 Nabathaeos
3235 3805 3359 3845 esse

1788 3873 2086 3940 allirmavit,
2138 3875 2510 3946 seditioneque
2560 3878 2732 3944 patria
2789 3879 2994 3947 pulsos.
3040 3878 3202 3933 Errat
3239 3879 3362 3935 Ste—

1785 3967 1997 4035 phanus
2043 3968 2170 4038 περὶ
2215 3968 2443 4032 πόλεων,
2478 3983 2573 4023 eos
2625 3984 2652 4021 a
2688 3962 2797 4022 tilio
2831 3971 3065 4039 quodam
3117 3969 3358 4026 Semita-

1785 4060 1944 4114 midis
1973 4067 2123 4113 ortos
2161 4061 2427 4122 scribens,
2462 4062 2603 4115 sicut
2631 4063 2699 4113 ali
2747 4063 2854 4114 alio
2896 4062 3014 4129 ejus
3064 4063 3171 4116 lilio
3215 4062 3354 4117 Jutla

1782 4148 2015 4204 Judmos.
2055 4152 2340 4204 lnsaniunt
2389 4160 2442 4203 et
2487 4151 2720 4204 liahbiui
2777 4167 2900 4204 cum
2951 4154 3224 4206 Abenezra
3258 4155 3354 4222 qui

1786 4240 2010 4296 Romam
2043 4252 2238 4296 vocant
2268 4242 2456 4306 Edoni,
2484 4252 2536 4297 et
2567 4243 2878 4311 pontiﬁcem
2912 4241 3217 4299 Romanum
3244 4261 3356 4300 mo-

1782 4333 2013 4387 nachum
2048 4332 2380 4388 Edomazum.

1853 4424 2013 4487 ll)id.,
2054 4425 2147 4478 lin.
2182 4426 2270 4478 44.
2306 4427 2599 4492 ’Ὕστερον
2641 4425 2708 4477 δὲ
2755 4427 2947 4491 Σύροι.
2998 4425 3209 4496 Syriam
3261 4441 3354 4481 re-

110 4519 293 4578 minis,
330 4530 508 4586 peccat
534 4530 707 4573 tamen
763 4530 813 4572 et
867 4522 1034 4585 ipsam
1064 4519 1225 4571 violat
1262 4517 1549 4569 humanam
1587 4535 1676 4571 so-
1709 4554 1754 4610 υ
1781 4517 1992 4583 gionem
2035 4514 2428 4569 nobilissimam
2460 4516 2601 4570 Asia:
2645 4531 2768 4568 cum
2802 4518 3025 4586 Assyria
3075 4517 3144 4570 ah
3173 4527 3357 4571 aucto-

107 4613 382 4671 cietatem,
447 4612 530 4664 cui
577 4614 868 4664 necessaria
911 4620 988 4664 est
1032 4610 1321 4677 procreatio
1371 4608 1674 4662 liberorum.

111 4701 206 4754 llis
239 4700 414 4754 alliuia
466 4703 658 4756 scribit
697 4712 751 4756 et
792 4703 883 4755 lih.
914 4718 976 4756 ιιι
1021 4702 1096 4754 De
1138 4701 1305 4753 doctr.
1343 4698 1673 4762 Christiana,

110 4810 232 4862 cap.
269 4793 356 4854 l2,
391 4794 531 4848 idem
578 4795 936 4864 Augustinus,
983 4804 1037 4850 et
1085 4795 1444 4863 Hieronymus
1485 4807 1571 4861 ep.
1607 4792 1678 4845 85

109 4889 173 4938 ad
205 4883 506 4949 Oceanum,
533 4895 586 4939 et
621 4883 993 4941 Theodoretus
1025 4897 1217 4956 quazst.
1249 4887 1318 4940 84
1339 4889 1389 4937 in
1417 4882 1602 4937 Cenes.

178 4973 342 5036 lbid.,
385 4973 479 5026 lin.
503 4974 984 5044 27.Ἐπεθύμησε
1004 4977 1090 5031 δέ.
1126 4976 1362 5030 Thomas
1398 4975 1667 5044 Anglicus

107 5065 159 5118 in
193 5080 311 5132 cap.
376 5081 542 5120 smn
587 5064 770 5124 Genu.
806 5069 984 5123 tribus
1029 5067 1202 5123 modis
1230 5067 1460 5121 diversis
1491 5066 1560 5119 ab
1608 5081 1675 5121 eo

107 5170 268 5222 quem
301 5152 618 5210 Eustathius
650 5157 834 5219 tradit,
873 5166 1063 5227 purgat
1091 5174 1118 5211 ιι
1157 5159 1286 5213 vitio
1308 5173 1548 5212 amorem
1577 5155 1671 5211 Ja-

106 5248 230 5308 cob,
267 5253 321 5300 et
351 5245 732 5315 inculpabilem
768 5249 967 5313 reddit,
999 5265 1137 5319 quos
1163 5251 1304 5306 vide.

174 5336 338 5399 lbid.,
375 5337 472 5392 lin.
507 5337 595 5391 5i.
636 5339 1117 5407 Συναγτήσασαν
1143 5342 1484 5410 ἠσπάσατο.
1519 5342 1676 5399 Jose-

109 5431 273 5499 phus,
329 5429 422 5482 lib.
476 5445 516 5490 ι,
547 5444 667 5498 cap.
725 5431 810 5495 l9,
847 5432 940 5486 ubi
987 5433 1125 5487 hanc
1160 5434 1324 5488 refert
1355 5435 1670 5499 historiam,

109 5520 477 5589 amplexusiet
505 5520 611 5572 alia
639 5535 760 5591 quae
787 5520 1072 5594 Scriptura
1096 5534 1307 5590 narrat,
1343 5543 1451 5580 non
1480 5529 1674 5582 tribuit

104 5612 310 5668 lacobo
354 5611 446 5668 sed
500 5609 761 5676 Racheli,
809 5615 874 5668 Ἡ
919 5617 998 5681 δὲ,
1049 5618 1155 5672 ὑπὸ
1207 5620 1459 5690 μνήμης,
1515 5621 1675 5673 ὁποῖα

108 5705 252 5773 φιλεῖ
288 5703 672 5773 συντυγχάνειν
700 5707 812 5768 τοῖς
857 5704 1017 5770 νέοις,
1053 5709 1487 5779 προπεπυσμένη
1523 5709 1674 5779 παρὰ

108 5796 200 5852 τοῦ
234 5797 436 5870 πατρὸς
466 5795 535 5852 τὰ
561 5797 688 5867 περὶ
716 5797 816 5867 τῆς
856 5797 1168 5865 Ῥεϐέκκας,
1201 5801 1293 5856 ul
1330 5803 1458 5868 τοὺς
1499 5803 1674 5874 γονεῖς

1783 4607 1934 4660 ribus
1971 4605 2225 4660 confundi
2270 4622 2434 4676 supra
2474 4608 2773 4661 innuimus.
2822 4608 2895 4662 De
2923 4623 2987 4662 ea
3031 4609 3352 4662 Ammianus

1781 4699 2145 4756 Marcellinus.
2182 4702 2277 4755 lib.
2314 4716 2486 4755 xxm:
2528 4699 2677 4753 Citra
2730 4717 2907 4753 amnes
2960 4701 3226 4767 provincia
3269 4713 3345 4754 est

1780 4792 1967 4844 nobilis
2017 4790 2254 4860 Assyria,
2291 4792 2588 4846 celebritate
2631 4801 2680 4845 et
2720 4791 3096 4860 magnitudine,
3149 4802 3260 4844 tum
3298 4801 3349 4845 et

1778 4884 2091 4952 multiformi
2137 4885 2428 4949 feracitate,
2453 4884 2814 4952 ditissimaque
2853 4899 2942 4949 per
2977 4884 3216 4950 populos,
3252 4898 3349 4951 pa-

1776 4991 1965 5046 gosque
1988 4975 2189 5044 amplos
2220 4975 2439 5044 diﬂ'usa,
2466 4974 2726 5045 quondam
2756 4987 2803 5028 ει
2834 4978 3068 5043 copiosa,
3089 4974 3159 5029 ad
3183 4992 3350 5029 unum

1777 5067 2031 5122 concessit
2052 5065 2380 5129 vocabulum,
2410 5077 2459 5121 ct
2488 5085 2623 5120 nunc
2643 5069 2810 5121 omnis
2839 5068 3133 5137 appellatur
3162 5066 3344 5137 Syria.

1778 5161 1942 5214 Plura
1975 5159 2044 5213 de
2077 5175 2141 5213 ea
2193 5160 2314 5214 vide
2352 5161 2500 5229 apud
2550 5158 2897 5215 Eustathium
2951 5160 3247 5216 Comment.
3289 5160 3347 5214 in

1776 5249 2089 5320 Dionysium
2137 5249 2201 5304 ds
2255 5252 2363 5304 situ
2398 5251 2560 5314 orbis,
2594 5251 2962 5304 Abrahamum
3017 5249 3344 5322 Hortelium,

1776 5350 1831 5398 et
1856 5343 2014 5396 alios.

1848 5432 2007 5496 lbid.,
2036 5433 2135 5487 lin.
2180 5433 2269 5488 116.
2308 5435 2362 5486 '0
2405 5432 2478 5486 δὲ
2518 5434 2709 5490 Ἦσαῦ
2751 5434 3060 5503 γυναῖκας.
3106 5432 3344 5497 Delrius,

1775 5533 1830 5582 et
1857 5526 1947 5580 alii
1974 5531 2256 5589 notarunt,
2285 5521 2542 5579 Hebreos
2586 5525 2776 5579 solitos
2822 5525 3021 5579 habere
3047 5523 3204 5593 plura
3240 5538 3346 5578 no-

1776 5617 1944 5680 mina,
1984 5615 2217 5685 indeque
2269 5628 2494 5684 magnas
2543 5615 2799 5670 tenebras
2847 5614 2983 5668 oriri
3028 5616 3084 5668 in
3132 5611 3346 5671 Genet-

1775 5709 1956 5781 logiis,
2003 5709 2132 5762 dum
2180 5720 2293 5761 uno
2341 5707 2461 5762 loco
2505 5721 2698 5767 uiuam,
2754 5705 2862 5759 alio
2899 5703 3046 5759 aliud
3093 5704 3346 5775 ponitur,

1775 5801 1921 5872 quod
1953 5815 2060 5857 non
2103 5797 2516 5857 considerantes
2537 5797 2762 5870 quidam
2794 5797 3091 5868 desperant
3116 5797 3364 5860 decor.
