4058 6330
668 372 803 427 1051

2089 355 2335 415 ιεοκιδ
2373 350 2651 409 ΑιιΑτιι

3817 352 3931 408 i352

666 487 942 541 ciliatlone
972 484 1134 552 hujus
1173 482 1414 550 Catalogi
1447 496 1570 536 cum
1608 482 1624 533 l
1668 481 1996 552 Paralipom.
2036 494 2073 533 I.
2116 476 2249 542 Qua:
2279 483 2323 540 Α
2351 485 2475 524 mus
2522 466 2741 539 epistol.
2785 466 2889 520 HG
2911 466 2978 519 ad
3025 462 3345 537 Evagrium.
3380 464 3785 535 Hippolytum,
3843 468 3933 519 ire-

666 574 1007 629 consuetudo
1032 576 1196 625 etiam
1242 572 1299 625 in
1336 572 1660 625 mulieribus
1700 572 1955 624 obtinuit.
1990 568 2239 639 Sequen-

668 662 771 717 dus
809 663 970 731 igitur
1019 660 1275 730 Cyriliiis.
1325 672 1377 714 et
1426 661 1730 729 Praecpius
1784 662 1875 729 qui
1923 663 2239 722 observant,

670 767 869 806 uxores
906 750 1068 813 Esau,
1120 759 1174 803 et
1226 766 1414 805 earum
1457 760 1707 821 parentes
1759 753 1880 806 aliis
1930 752 2243 806 nominibus

669 844 724 896 in
763 843 956 897 Genesi
992 850 1045 896 et
1094 843 1528 911 Paralipomeiiis
1575 844 1895 910 nuncupari.
1934 842 2063 907 Qua:
2099 845 2244 897 enim

668 935 757 987 liic
786 933 989 987 dicitur
1017 935 1131 988 Atla
1164 934 1270 987 ﬁlia
1311 933 1460 987 Eloni
1493 934 1717 997 lletliari,
1749 936 1855 987 illic
1887 934 2106 989 Juditlia
2140 937 2245 988 ﬁlia

668 1022 891 1085 Proeri;
926 1034 978 1077 et
1009 1039 1130 1092 qua:
1164 1024 1269 1075 illic
1306 1023 1591 1076 Baseiiiatli
1628 1024 1735 1075 lilia
1780 1022 1954 1088 Eloni,
1983 1026 2084 1076 lioc
2129 1026 2247 1079 loco

669 1116 950 1170 Oolibania
1008 1118 1114 1170 ﬁlia
1169 1120 1375 1183 Annae;
1407 1134 1527 1187 quin
1565 1119 1653 1171 liic
1706 1119 1990 1174 Basematli
2024 1122 2131 1173 ﬁlia
2170 1122 2248 1176 ls-

670 1206 833 1270 niael,
862 1207 974 1260 illic
1018 1205 1284 1260 Malieletli
1317 1210 1650 1261 nominatur.
1686 1208 1841 1275 Quod
1876 1210 1950 1263 ita
1981 1213 2249 1266 accidisse

666 1304 724 1350 et
757 1296 809 1348 in
846 1305 997 1365 patre
1020 1297 1225 1367 Moysis
1262 1298 1489 1351 ἱιιῐυιὶυδ
1520 1302 1853 1355 notabimus.

740 1385 858 1441 Col.
900 1387 1021 1449 765,
1047 1387 1144 1441 lin.
1181 1388 1269 1442 54.
1299 1391 1400 1455 Ε’ὶς
1434 1392 1496 1442 τὸ
1524 1392 1701 1458 Σηεὶρ
1745 1392 1901 1459 ὅρος.
1940 1391 2055 1447 Non
2082 1394 2250 1447 armis

669 1471 860 1533 Jacilii
894 1489 1139 1540 coactus,
1175 1480 1270 1533 sed
1306 1482 1377 1532 ita
1426 1480 1535 1535 Deo
1580 1492 1874 1545 annuente,
1906 1495 2096 1551 sponte
2129 1504 2247 1548 sua,

671 1579 733 1624 tit
770 1572 938 1625 libera
987 1569 1175 1626 Jacobi
1213 1576 1415 1640 posteri
1445 1575 1748 1628 Cliaiiairea
1778 1586 2104 1643 potirentur.
2142 1579 2253 1630 Dis-

672 1670 917 1715 cesserat
967 1663 1117 1730 prius
1172 1665 1390 1734 quidem
1442 1666 1583 1719 Esau
1648 1670 1699 1720 iii
1754 1668 1907 1731 Scit,
1993 1671 2086 1722 sed
2144 1687 2251 1724 non

674 1753 859 1805 animo
912 1754 1068 1822 plane
1119 1755 1406 1808 deserendi
1450 1756 1847 1821 Cliaiianzeam,
1898 1776 2068 1828 quare
2123 1776 2249 1813 eum

2348 576 2547 623 meum,
2582 558 2875 613 Eusebium
2924 558 3343 620 Cssariensein,
3383 557 3697 610 Eusebium
3731 554 3931 610 Ernest-

2349 668 2501 711 num.
2540 652 2957 720 Apollinarium,
2988 649 3352 703 Eustathium.
3388 649 3781 718 Hieronymus
3820 646 3931 701 Ira.

2348 743 2637 794 ditionibus
2679 740 2955 795 Hebraicis
3006 743 3066 792 in
3120 737 3330 803 Cenem,
3374 756 3501 809 cap.
3536 739 3635 801 2‘2,
3668 753 3800 791 eum
3846 753 3929 789 nos

2352 838 2417 887 de
2448 852 2644 904 genere
2679 834 2841 895 Esau,
2896 833 2988 887 sed
3023 834 3088 887 dc
3139 835 3306 901 stirpe
3356 831 3580 884 Nai-hor
3628 840 3927 900 generatum

2352 928 2651 988 csistitiiat,
2694 942 2853 995 quem
2904 930 3149 992 sequitur
3210 924 3489 992 liiipcrtiis
3556 924 3659 975 lib.
3699 937 3753 973 Vl
3788 926 3929 977 Louis

2353 1028 2589 1075 meiitar.
2636 1023 2689 1069 in
2731 1016 3218 1080 ϐριιεε.,11ἱιιυνὶα
3268 1014 3633 1073 Scliolastica,
3684 1028 3811 1081 cap.

2352 1119 2408 1165 et
2441 1110 2725 1178 Philippus
2751 1110 3059 1179 presbyter,
3082 1109 3173 1177 qui
3210 1108 3370 1175 paulo
3396 1115 3517 1175 post
3550 1104 3931 1173 Hieronymum

2356 1203 2581 1270 Scripsit
2618 1206 2671 1253 in
2706 1203 2848 1253 liiiiic
2894 1208 3234 1268 proptietaiii,
3279 1196 3358 1249 sic
3410 1197 3526 1247 ait:
3562 1195 3713 1248 (Ilius
3760 1202 3810 1246 et
3842 1192 3933 1246 Bst

2357 1296 2457 1364 ﬁlii
2486 1295 2631 1363 fuere
2664 1292 2879 1345 A'acltor
2913 1292 3100 1359 fratris
3137 1289 3360 1342 Abraiue
3385 1288 3549 1356 juxta
3579 1290 3748 1356 ﬁdem
3787 1285 3936 1339 Ceae-

2358 1405 2471 1441 scos
2505 1386 2648 1447 libri,
2677 1388 2787 1438 nati
2817 1384 2879 1436 de
2905 1383 3110 1437 Melclta
3149 1399 3331 1437 sorore
3371 1382 3526 1437 Sorte
3551 1396 3569 1433 :
3592 1380 3852 1433 Credibile
3877 1380 3936 1431 ri-

2358 1480 2469 1530 deri
2496 1497 2558 1545 po
2582 1492 2656 1531 est
2693 1490 2745 1527 nt
2783 1479 2836 1529 in
2862 1489 3001 1529 terra
3032 1493 3147 1545 qua;
3174 1491 3238 1529 ea:
3266 1484 3544 1543 parentum
3565 1474 3789 1526 nomine
3808 1474 3936 1524 dicis

2359 1583 2456 1628 est.
2487 1588 2562 1623 τιν
2595 1573 2683 1621 ille
2719 1581 2930 1621 sanctus
2962 1569 3269 1620 habitaverit
3298 1583 3315 1618 :
3346 1576 3393 1619 et
3437 1582 3553 1618 esse
3578 1566 3738 1616 illum
3777 1566 3934 1631 potius

2361 1663 2422 1715 de
2458 1680 2638 1732 genere
2675 1661 2904 1719 .‘i'arlior,
2939 1677 3039 1711 non
3068 1660 3130 1711 de
3176 1658 3318 1711 lisau
3354 1657 3554 1723 origine
3582 1666 3934 1718 procreatum.

2364 1756 2494 1807 sicut
2520 1755 2734 1821 quidam
2777 1753 3014 1817 opinione
3042 1751 3200 1801 dubia
3235 1753 3592 1817 suspicantur.
3632 1748 3731 1798 Ilii
3766 1757 3933 1798 autem

674 1851 791 1897 tota
822 1846 1021 1897 familia
1056 1847 1312 1901 redierat.
1364 1846 1467 1901 Sed
1502 1859 1719 1917 propter
1749 1866 1971 1919 gregum
2002 1852 2246 1904 multitu-
2281 1841 2321 1895 Β
2353 1858 2454 1899 tres
2488 1860 2627 1914 reges
2659 1845 2721 1897 de
2758 1861 2938 1911 genere
2978 1846 3185 1909 [tierunt
3230 1841 3392 1893 Esau.
3458 1841 3521 1891 lit
3572 1838 3936 1908 "lClOllyn’ellS

673 1932 856 1988 dinem
888 1943 941 1989 et
987 1939 1290 2005 angustiam
1340 1954 1665 2007 pascuorum
1713 1951 1918 1994 mutata
1950 1945 2243 2009 sententia,

673 2026 965 2077 revertitur
1008 2040 1074 2077 eo
1138 2026 1279 2080 unde
1322 2036 1565 2082 venerat.
1610 2030 1736 2082 \‘idc
1783 2030 2007 2098 August.
2055 2041 2245 2097 qua-st.

675 2115 800 2169 U9.

746 2208 861 2260 Col.
898 2206 1020 2268 768,
1070 2207 1166 2260 lin.
1200 2207 1253 2262 6.
1300 2208 1401 2260 Ἐν
1434 2202 1522 2272 οἷς
1552 2203 1628 2274 ἦν
1664 2207 1780 2259 καί.
1818 2207 2108 2278 Jaseplius,
2139 2210 2251 2264 Αη-

678 2301 769 2369 liq.
806 2300 896 2352 lib.
936 2315 969 2350 ll
999 2319 1010 2353 :
1044 2300 1350 2369 Ἀμὰληκος
1376 2300 1482 2367 γὰρ
1515 2300 1664 2361 νόθος
1697 2296 1761 2370 ἦν
1798 2302 2075 2371 παλλακῆς
2108 2303 2253 2372 αὑτῷ

676 2386 913 2456 γεγονὼς
972 2387 1231 2457 Θαμνάης
1299 2389 1488 2457 ὄνομα.
1552 2385 1708 2441 Οὗτοι
1771 2390 2097 2459 κατῴκησαν
2156 2394 2253 2462 τῆς

690 2478 991 2548 Ἰδουμαίας
1044 2481 1141 2549 τὴν
1188 2479 1459 2532 Γοϐολῖτιν
1514 2480 1832 2551 λεγομένην,
1869 2485 1961 2535 καὶ
2008 2486 2105 2555 τὴν
2148 2486 2253 2537 ἀπὸ

691 2570 996 2641 Ἀμαλήκου
1049 2570 1339 2641 κληθεῖσαν
1381 2572 1755 2643 Ἀμαληκῖτιν.»
1796 2576 1967 2645 Πολλὴ
2014 2578 2121 2647 γὰρ
2160 2595 2251 2645 γε-

677 2664 879 2733 vome
912 2664 1032 2715 seu
1066 2665 1099 2732 ἡ
1152 2663 1443 2734 Ἰδουμαία,
1471 2664 1590 2716 τότε
1627 2666 1802 2735 πάσης
1844 2667 2011 2736 αὐτῆς
2041 2670 2253 2721 ἀπέσω-

679 2751 773 2817 ζιν
804 2754 991 2823 ovatus.
1026 2756 1118 2807 καὶ
1153 2758 1264 2816 τοῖς
1318 2756 1506 2825 μέρεσι
1543 2756 1638 2818 τὰς
1681 2758 1788 2809 ἀπὸ
1817 2758 1925 2809 τῶν
1956 2761 2255 2829 οἰκητόρων

675 2844 1051 2917 προσηγορίας
1078 2845 1383 2911 διεφύλαξε.

752 2935 913 3001 lbid.,
955 2936 1050 2989 lin.
1090 2936 1172 2989 l9.
1212 2938 1317 3001 Ὃς
1342 2933 1521 3003 εὗρεν
1561 2938 1629 2990 ἐν
1654 2937 1747 3005 τῇ.
1780 2936 1957 2993 Locus
1988 2940 2074 2993 liic
2107 2940 2254 2994 Siri-

682 3037 874 3096 ptum.
906 3026 969 3079 ad
1015 3040 1174 3094 quem
1218 3028 1457 3095 respexit
1489 3026 1826 3092 liiistatliius,
1860 3033 2004 3084 varie
2033 3050 2060 3084 a
2087 3035 2251 3088 rariis

684 3117 972 3183 accipitur,
1007 3131 1105 3169 nec
1151 3117 1270 3184 ejus
1303 3121 1570 3171 sententia
1618 3120 1933 3174 diﬁicultate
1962 3125 2108 3178 \OCiS
2148 3127 2250 3179 lle-

683 3208 884 3262 braica
916 3208 1102 3261 haberi
1149 3216 1361 3277 potest;
1415 3211 1619 3265 relictis
1663 3222 1840 3267 tamen
1888 3215 2117 3267 aliorum
2167 3234 2254 3270 ex-

682 3298 1085 3367 plicationibus,
1135 3314 1255 3367 qua:
1306 3301 1467 3354 nimis
1522 3303 1779 3356 audacter
1834 3304 2150 3374 Eiigubiniis
2205 3311 2257 3363 in

684 3390 1051 3460 recognitione
1081 3391 1435 3446 Pentateucbi
1469 3408 1633 3462 super
1667 3396 1811 3448 liiiiic
1857 3397 2034 3451 locum
2070 3401 2257 3463 tradit,

681 3480 1110 3535 animadvertam
1147 3500 1160 3535 :
1197 3498 1321 3537 eum
1371 3493 1426 3537 et
1478 3486 1891 3556 Hieronymum,
1942 3498 1996 3542 ct
2031 3489 2253 3559 Septua-

681 3570 828 3637 ginta
876 3567 1204 3639 liiterpretes
1255 3586 1286 3623 a
1338 3572 1563 3627 veritate
1624 3575 1889 3628 Hebraica
1943 3577 2260 3633 discordare

681 3658 931 3714 aﬂirmat.
969 3660 1128 3715 Putat
1154 3663 1300 3717 enim
1329 3664 1642 3733 Hieronymi
1670 3673 1931 3735 tempore,
1960 3684 2058 3737 pro
2083 3668 2258 3726 Jemin

680 3751 827 3815 quod
880 3752 1150 3820 signiﬁcat
1197 3755 1417 3815 multos,
1474 3755 1713 3816 codices.
1766 3758 1963 3825 quibus
1999 3770 2081 3813 est
2128 3777 2259 3819 usus

683 3842 1069 3909 Hieronymus,
1124 3842 1382 3898 habuisse
1430 3846 1514 3899 vel
1574 3844 1785 3913 Jlajint,
1841 3850 1892 3902 id
1939 3860 2021 3904 est
2065 3866 2257 3921 aquas,

682 3932 764 3983 vel
792 3924 995 3991 lamin,
1034 3932 1084 3985 id
1116 3940 1200 3987 est
1234 3933 1425 3986 maria.
1460 3933 1571 3987 Cur
1614 3946 1791 3990 autem
1838 3941 2057 3994 verterit
2089 3958 2258 4012 aquas

682 4021 889 4073 calidas
926 4038 989 4075 ex
1023 4023 1249 4076 Hebraeo
1280 4026 1418 4077 ratio
1452 4027 1599 4078 nulla
1642 4029 1791 4082 reddi
1826 4038 2019 4098 potest.
2056 4032 2258 4090 Deinde

683 4109 1036 4176 reprehendit
1085 4109 1442 4180 Septuaginta
1495 4116 1847 4185 interpretes,
1890 4122 2033 4189 quod
2070 4139 2254 4179 vocem

681 4198 964 4253 llebneam
1011 4200 1212 4266 Jeniin,
1259 4206 1481 4272 perinde
1512 4210 1667 4276 quasi
1720 4222 1865 4265 esset
1900 4229 2097 4268 nomen
2140 4232 2261 4285 pro-

682 4292 860 4356 prium
887 4290 1119 4358 alicujus
1150 4292 1410 4358 hominis,
1447 4305 1504 4348 ut
1530 4305 1612 4351 est
1638 4295 1827 4364 Jacob,
1863 4309 1915 4354 et
1946 4302 2120 4364 Isaac,
2170 4304 2256 4358 liic

680 4379 1027 4441 retinueriiit.
1053 4382 1126 4434 ita
1151 4384 1438 4439 reddeiites
1463 4392 1607 4441 liunc
1640 4389 1813 4442 locum
1842 4387 1984 4444 :Istc
2012 4402 2088 4444 est
2113 4394 2250 4458 Ana,

2352 1939 2518 1991 tradit
2555 1937 2799 2006 Elipliaz,
2859 1954 3017 2005 quem
3049 1938 3158 1988 Ala
3192 1946 3394 2003 peperit
3424 1932 3588 1995 Es:iu,
3633 1932 3793 1983 illum
3828 1945 3937 1982 esse

2352 2031 2511 2097 cujus
2538 2030 2781 2082 Illelulilll
2827 2028 2942 2095 ipse
2987 2027 3109 2087 Job,
3139 2028 3281 2095 quod
3323 2028 3366 2079 si
3400 2028 3470 2078 ita
3507 2038 3613 2088 est,
3654 2040 3784 2077 cum
3816 2040 3933 2091 pro-

2353 2120 2643 2188 nepotibus
2665 2118 2889 2171 Abrahae
2914 2115 3108 2170 Jobuiii
3139 2118 3336 2169 vixisse.
3358 2130 3585 2169 necesse
3614 2124 3725 2168 est.
3754 2116 3924 2169 Philo.

2357 2208 2578 2269 Suidas,
2623 2220 2676 2263 et
2728 2212 3087 2278 l’araplirasis
3120 2210 3411 2262 ClialJaiea
3440 2224 3712 2277 generum
3755 2204 3932 2261 Jacobi

2357 2300 2564 2354 faciunt
2600 2317 2665 2353 ex
2693 2300 2825 2353 Dina
2860 2315 3050 2353 uxore.
3086 2300 3439 2368 Septuaginta
3473 2300 3695 2351 malunt
3723 2313 3847 2351 esse
3878 2313 3930 2349 es

2356 2392 2591 2459 posteris
2619 2392 2866 2452 A-bralize,
2909 2402 3163 2460 quartum
3213 2391 3281 2443 ab
3335 2389 3499 2442 Esau.
3534 2388 3843 2456 Cajetanus
3884 2392 3931 2440 iu

2356 2485 2589 2551 primum
2616 2494 2779 2554 caput
2807 2483 2908 2537 Job
2937 2485 3005 2539 de
3037 2485 3208 2554 stirpe
3236 2484 3355 2551 ejus
3392 2483 3532 2536 nihil
3564 2490 3783 2535 cei-tum
3824 2496 3931 2537 esse

2356 2576 2570 2629 statuit.

2427 2664 2589 2727 lbid.,
2626 2663 2722 2717 lin.
2763 2662 2853 2715 54.
2880 2664 2944 2713 οι
2968 2660 3036 2714 δὲ
3075 2664 3187 2715 υἱοὶ
3233 2662 3445 2718 Ἰακώϐ.
3479 2660 3742 2717 Justinus
3772 2660 3931 2717 histo-

2356 2758 2504 2810 ricus
2541 2757 2635 2811 lib.
2670 2771 2857 2815 suvi.
2891 2755 3173 2807 historiam
3222 2752 3446 2823 Josepbi
3512 2754 3759 2808 breviter
3790 2768 3931 2808 enar-

2356 2860 2485 2899 rans
2517 2846 2708 2898 scribit
2732 2863 2744 2897 :
2768 2843 2869 2898 Sed
2900 2842 3157 2897 lsraeleut
3187 2844 3315 2911 fetis
3342 2843 3518 2897 decem
3547 2846 3789 2911 ﬁliorum
3821 2860 3931 2911 pro-

2358 2946 2535 2989 ventus
2603 2935 2895 3002 majoribus
2965 2934 3076 2987 suis
3148 2935 3427 2987 clariorem
3483 2934 3630 3003 fecit.
3701 2932 3933 3002 Namque

2354 3028 2601 3096 populum
2630 3028 2683 3080 in
2714 3027 2888 3079 decent
2922 3042 3079 3094 regna
3110 3026 3338 3079 divisum
3371 3028 3597 3079 tradidit
3628 3028 3786 3095 ﬁliis,
3824 3044 3923 3079 om-

2360 3134 2548 3185 nesque
2576 3132 2640 3169 ea:
2666 3118 2870 3169 nomine
2906 3114 3085 3179 ludat,
3116 3117 3203 3183 qui
3233 3126 3347 3183 post
3377 3117 3691 3170 divisionem
3726 3134 3934 3171 recesse-

2367 3221 2471 3272 rat,
2504 3209 2721 3262 Jadmos
2755 3209 3057 3275 appellarit;
3090 3210 3288 3277 colique
3333 3209 3447 3277 ejus
3475 3212 3787 3261 meritoriam
3832 3227 3937 3261 om-

2363 3302 2513 3353 nibus
2536 3302 2718 3369 jussit.
2755 3300 2885 3367 Ejus
2925 3300 3097 3367 portio
3127 3300 3365 3353 omnibus
3402 3312 3724 3353 accesserat.
3779 3298 3935 3353 Hmi-

2361 3410 2476 3446 iiius
2512 3403 2669 3446 wtate
2707 3393 2839 3445 inter
2870 3393 3065 3459 fratres
3090 3388 3285 3459 Ioseph
3318 3392 3420 3459 [itit
3443 3408 3462 3444 :
3496 3393 3650 3459 cujus
3681 3394 3934 3445 (παίεις

2360 3486 2622 3555 ingenium
2669 3485 2817 3537 veriti
2851 3484 3067 3551 fratres,
3100 3484 3238 3538 clam
3278 3484 3618 3551 interceptum
3654 3487 3936 3553 peregrian

2361 3577 2737 3629 mercatoribus
2791 3576 3150 3629 vendiderunt.
3189 3575 3232 3628 Α
3277 3577 3465 3645 quibus
3520 3576 3836 3642 deportatus
3887 3579 3933 3628 ἑτι

2360 3667 2689 3737 ιεςῃρηιηι,
2737 3684 2853 3720 cum
2901 3669 3136 3737 magicas
3183 3667 3255 3719 ibi
3300 3676 3442 3720 artes
3495 3666 3687 3718 solerti
3735 3668 3933 3735 ingenio

2358 3761 2689 3828 percepisset,
2741 3760 2878 3813 brevi
2925 3761 3027 3827 ipsi
3076 3760 3181 3829 regi
3216 3759 3499 3828 percliarus
3530 3758 3653 3824 fuit.
3709 3756 3855 3811 Nam
3892 3772 3936 3811 et

2358 3852 2719 3921 prodigiorum
2774 3852 3150 3922 sagacissimus
3185 3860 3319 3912 erat,
3373 3859 3422 3902 et
3467 3850 3798 3903 somniorum
3830 3854 3934 3919 pri~

2360 3956 2474 3991 mus
2505 3940 2901 4008 intelligentiam
2926 3943 3199 4001 condidit;
3230 3938 3459 4009 nihilque
3482 3939 3643 3991 divini
3664 3940 3811 4006 juris
3844 3946 3934 3993 liu-

2358 4033 2603 4100 manique
2629 4038 2675 4084 ei
2706 4032 3021 4102 incognitum
3062 4033 3355 4093 videbatur,
3396 4042 3529 4092 etc..
3575 4032 3671 4086 sed
3708 4033 3798 4087 hic
3842 4049 3929 4086 au-

2356 4132 2474 4177 ctor
2507 4126 2560 4176 in
2589 4126 2778 4193 paucis
2809 4127 2985 4179 verbis
3026 4127 3193 4178 multa
3220 4124 3480 4194 peccavit.
3516 4122 3768 4179 Fuerunt
3792 4128 3929 4181 enim

2356 4216 2449 4270 lilii
2486 4213 2655 4269 Jacizb
2682 4216 2967 4270 duodecim
3017 4225 3210 4285 praeter
3240 4230 3399 4269 unam
3447 4216 3735 4270 feminam.
3784 4219 3931 4272 Mia-

2358 4320 2477 4358 inus
2514 4314 2676 4358 natus
2726 4314 2841 4358 erat
2888 4304 3193 4373 Benjaiiiin,
3240 4320 3349 4359 non
3391 4303 3615 4374 Josepli.
3651 4305 3857 4375 Josepli
3900 4323 3925 4359 :i

2358 4393 2579 4461 magicis
2606 4394 2817 4447 artibus
2846 4409 3144 4461 earumque
3172 4395 3351 4455 studio
3390 4396 3685 4464 plurimum
3728 4398 3926 4461 abfuit;

680 4472 769 4541 qui
798 4472 990 4525 invenit
1040 4472 1226 4527 Jamin
1272 4478 1326 4529 in
1367 4476 1593 4541 deserto,
1616 4482 1824 4549 quando
1871 4485 2113 4549 pascebat
2160 4486 2224 4553 ju
2289 4505 2327 4557 ί)
2360 4485 2451 4537 sed
2490 4485 2725 4552 Spiritus
2759 4485 2932 4539 sancti
2990 4486 3250 4553 peculiari
3286 4488 3518 4555 quadam
3555 4493 3737 4557 gratia
3767 4490 3927 4545 dona-

682 4572 858 4616 nienta
888 4564 1057 4631 patris
1088 4567 1205 4631 sui;
1233 4582 1371 4637 quos
1399 4579 1621 4623 secutus
1644 4568 1955 4627 Eustathius
1981 4576 2117 4628 idem
2154 4578 2255 4630 hoc

680 4652 738 4705 in
771 4652 891 4705 loco
924 4656 1183 4708 retinens.

752 4744 914 4809 lbid.,
962 4746 1055 4800 lin.
1104 4748 1181 4799 ιϐ.
1217 4745 1355 4801 Μεθ’
1386 4748 1457 4801 ὃν
1503 4752 1711 4805 Ἰωϐάσ.
1740 4752 1913 4807 Jobab
1953 4757 2019 4809 de
2064 4772 2172 4825 quo
2201 4758 2256 4809 ﬁt

680 4837 771 4891 hic
794 4838 1017 4902 mentio,
1049 4836 1248 4894 Jobum
1286 4841 1454 4895 fuisse
1488 4845 1643 4896 inulti
1674 4846 2037 4911 tradiderunt,
2072 4865 2254 4918 quam-

684 4930 765 4984 vis
794 4930 1105 4999 oppositum
1137 4931 1403 4985 aﬁirment
1426 4932 1693 5003 Lyraiius,
1726 4944 1777 4989 et
1808 4934 1851 4990 Ο
1874 4947 2075 5001 easter,
2102 4956 2249 4993 eum-

682 5034 790 5087 que
824 5020 997 5075 fuisse
1038 5035 1145 5075 non
1200 5022 1369 5075 ﬁlium
1421 5021 1584 5086 Esau,
1636 5032 1695 5077 ut
1747 5027 1929 5079 retulit
1970 5026 2253 5088 Aristaeus,

682 5111 776 5180 qui
803 5110 1115 5167 Judzorum
1149 5113 1436 5167 historiam
1490 5119 1712 5187 scripsit
1766 5119 1908 5186 apud
1964 5119 2255 5173 Eusebium

680 5204 1206 5267 CaesariensemJib.
1241 5222 1294 5259 ix
1327 5207 1402 5261 De
1431 5212 1813 5276 prttparatione
1843 5210 2251 5282 Erangel..rap.

685 5292 901 5356 ultim.,
940 5294 1033 5347 sed
1066 5309 1131 5348 ex
1186 5296 1355 5365 stirpe
1388 5305 1441 5351 et
1493 5302 1747 5369 progenie
1796 5300 1959 5363 Esau,
2008 5304 2255 5356 scribunt

683 5386 1017 5441 Athanasius
1071 5386 1128 5441 in
1176 5389 1423 5457 synopsi,
1457 5388 1885 5459 ClirysOstozniis
1929 5394 2073 5445 lioni.
2104 5391 2139 5443 2
2183 5392 2255 5445 De

683 5477 903 5543 patient.
938 5474 1065 5541 Job,
1096 5478 1431 5549 Augustinus
1466 5483 1561 5536 lib.
1593 5499 1724 5537 xvnt
1763 5482 1836 5535 De
1886 5484 2094 5539 cit-itote
2138 5484 2253 5550 Dei,

684 5581 803 5637 cap.
839 5568 928 5624 Π.
964 5569 1111 5624 ldem
1148 5574 1315 5626 sentit
1361 5582 1416 5627 et
1466 5575 1837 5630 Tlieodoretus
1866 5579 2152 5646 question.
2188 5577 2257 5632 92

685 5658 742 5711 is
769 5655 899 5714 Gen.
927 5669 981 5717 et
1009 5660 1308 5733 Gregorius
1337 5666 1568 5734 Magnus
1598 5668 1753 5720 initio
1803 5668 2170 5723 Commentar.
2202 5671 2257 5722 in

680 5744 806 5801 Job.
844 5749 937 5805 llis
970 5756 1217 5822 patribus
1246 5755 1403 5820 adde,
1441 5764 1493 5811 et
1513 5772 1650 5828 quos
1682 5772 1961 5813 enumerat
1991 5760 2254 5832 Hierony-

2360 4586 2447 4631 tus
2476 4577 2565 4630 illa
2600 4578 2781 4631 omnia
2817 4577 3131 4646 perfecerat.

2430 4664 2585 4729 lbid.,
2619 4668 2714 4719 lin.
2749 4667 2837 4719 ‘57.
2888 4663 2970 4729 Τῷ
2999 4665 3332 4735 Πενταεερῇ.
3373 4665 3637 4737 Principi,
3672 4684 3774 4723 seu
3802 4685 3923 4739 prm-

2360 4757 2497 4809 fecto
2520 4772 2842 4827 coquorum.
2879 4754 2956 4808 Ita
2993 4752 3146 4809 Pliilo
3170 4759 3262 4812 lib.
3292 4758 3365 4811 De
3388 4757 3634 4825 Josepli.;
3661 4758 3921 4833 Josepiitis

2358 4850 2450 4903 lib.
2481 4865 2498 4903 ι
2525 4850 2865 4917 Antiquitat.,
2897 4849 3217 4904 Ambrosius
3243 4852 3332 4904 lib.
3365 4851 3441 4905 De
3467 4850 3709 4919 Josepli.,
3738 4863 3792 4908 et
3821 4855 3918 4908 alii.

2357 4940 2613 4997 Nonnulli
2644 4957 2829 4995 vocem
2878 4940 3197 4995 llebraicam
3236 4945 3541 5014 signiﬁcare
3582 4936 3921 5017 pitrpositum

2358 5034 2562 5087 militi-.2
2588 5033 2949 5087 tradiderunt.
2976 5034 3078 5087 Alii
3108 5042 3416 5105 utrumque.
3441 5038 3720 5104 Pererius,
3754 5056 3822 5095 ne
3837 5041 3920 5095 Sc-

2362 5126 2637 5195 ptuagiiita
2670 5127 2997 5193 liiterpretes
3026 5125 3096 5178 ita
3128 5128 3411 5183 retldentes
3434 5145 3654 5184 errasse
3683 5133 3920 5187 videren-

2359 5225 2466 5279 tur,
2501 5216 2575 5268 ait
2608 5216 3004 5285 ἀρχιμάγειρον
3036 5219 3218 5271 omnia
3272 5220 3385 5273 lia:c
3434 5222 3770 5289 signiﬁcare.
3825 5222 3917 5276 Sed

2357 5323 2478 5360 eum
2538 5307 2826 5361 audiamus
2858 5326 2871 5356 :
2904 5306 3094 5377 Dices,
3144 5309 3283 5380 Ergo
3342 5312 3688 5383 Septuaginta
3761 5313 3915 5370 Inter.

2359 5408 2524 5462 iretes
2579 5407 2825 5452 errarunt
2876 5399 2972 5452 hoc
3029 5391 3161 5465 loco,
3202 5406 3291 5471 qui
3350 5415 3614 5459 verterunt
3665 5409 3915 5461 archim-

2358 5490 2505 5556 giro,
2560 5490 2615 5543 id
2676 5500 2786 5555 est,
2858 5493 3084 5560 principi
3143 5498 3471 5565 equorum?
3537 5496 3765 5555 Minime
3792 5513 3910 5552 mo.

2361 5580 2503 5634 Nam
2562 5598 2662 5638 tios
2704 5586 3097 5655 archimagiros
3152 5591 3358 5658 proprie
3414 5590 3680 5659 signiﬁcat
3727 5591 3913 5662 prioci-

2362 5688 2482 5741 peiu
2530 5675 2839 5729 occisorum
2887 5693 2902 5728 :
2947 5682 3326 5751 μαγειρεύειν,
3405 5683 3593 5751 quippe
3657 5684 3914 5748 interprets

2362 5764 2711 5836 Hieronymo,
2758 5765 2947 5823 Latine
3000 5781 3077 5826 est
3118 5775 3385 5829 occidere.
3451 5774 3554 5829 Sed
3609 5791 3791 5829 nomen
3837 5788 3909 5825 oc—
