4058 6330
656 386 799 446 1033

657 595 775 671 path
822 614 966 658 τινος
1008 592 1269 665 βασιλέως
1312 590 1610 660 Αἰγύπτου,
1635 592 1863 654 πολλοὺς
1904 589 2014 643 τῶν
2059 604 2230 661 προσ-

651 691 817 745 οίκων
849 684 1385 755 καταγωνισαμένου,
1414 686 1507 738 καὶ
1535 686 1662 747 τοὺς
1685 682 2009 757 λῃστρικοὺς
2032 679 2231 752 ἄνδρας

658 780 1192 854 μιταρῤυθμίσαντος
1222 778 1359 848 πρὸς
1392 778 1452 831 τὸ
1481 776 1883 847 φιλάνθρωπον,
1916 774 2010 826 καὶ
2039 775 2088 826 oi
2117 772 2230 825 λοι-

655 875 747 928 ποὶ
773 871 1008 942 βασιλεῖς
1038 868 1313 937 Δίγύπτου
1342 869 1423 931 είς
1452 866 1617 937 τιμήν
1648 865 1861 919 ἑκείνου
1880 863 2082 935 Φαραὼ
2103 865 2231 917 ικα-

654 962 859 1016 λοῦντο.
880 958 1017 1013 Vide
1043 960 1171 1012 item
1198 954 1495 1026 Josephum
1522 957 1617 1010 lib.
1644 968 1779 1007 xvm
1811 953 2228 1022 Antiquitatom,

654 1054 746 1124 qui
773 1053 939 1106 multa
969 1051 1036 1105 de
1066 1050 1286 1104 nomine
1310 1046 1611 1103 Pharaonis
1635 1044 1938 1107 adnotavit,
1977 1044 2229 1113 quamvis

653 1142 976 1214 quibusdam
1014 1142 1305 1208 incompta.
1338 1138 1604 1208 falsaque,
1629 1146 1682 1193 et
1708 1137 1832 1206 jure
1860 1136 2079 1198 merito,
2114 1135 2229 1189 visa

656 1236 780 1290 sint.
833 1234 937 1286 Alii
967 1232 1222 1286 dixerunt
1252 1228 1567 1284 Pharaones
1608 1230 1786 1284 dictos
1820 1226 1977 1297 quasi
2023 1226 2229 1279 Pharo-

655 1340 776 1390 nes,
825 1337 856 1377 a
904 1321 1083 1377 Pharo
1130 1320 1307 1375 imula
1351 1334 1382 1375 e
1428 1320 1653 1390 regione
1706 1318 2049 1373 Alexandria
2098 1319 2227 1371 olim

652 1414 958 1485 Carpathos
984 1414 1151 1476 dicta,
1176 1412 1268 1466 ubi
1294 1412 1539 1481 regnavit
1562 1411 1829 1479 Proteus;
1854 1412 1949 1467 sed
1974 1412 2092 1466 hac
2111 1412 2231 1481 epi-

654 1509 747 1563 nio
775 1524 874 1563 sua
909 1507 1173 1561 inanitate
1204 1520 1302 1575 per
1336 1520 1395 1560 se
1426 1506 1555 1559 ruit.

722 1598 841 1655 Col.
860 1598 987 1658 768.
1022 1598 1117 1652 lin.
1138 1597 1225 1651 45.
1259 1595 1527 1649 Γυναῖκα
1540 1592 2052 1665 ὀνόματατιηιὶει·
2066 1593 2229 1649 ﬁliam

655 1689 825 1746 fuisse
866 1687 1263 1744 Melchisedech
1314 1686 1615 1742 sacerdotis
1649 1689 1899 1741 nonnulli
1945 1689 2231 1743 existima-

656 1792 803 1849 runt,
849 1780 994 1852 quod
1039 1778 1206 1834 ludas
1253 1779 1309 1833 in
1343 1780 1680 1834 scortatione
1710 1779 2132 1851 deprehensam,
2170 1792 2229 1839 ut

656 1847 883 1928 inferius
914 1871 1158 1927 comburi
1184 1869 1465 1951 jussisset,
1504 1884 1613 1924 non
1649 1847 1899 1938 lapidari.
1938 1871 2045 1925 Lex
2082 1847 2226 1928 enim
2259 1847 2301 1903 ⁸

654 1966 754 2020 fuit
792 1964 935 2035 apud
969 1962 1245 2026 Hebraeos,
1286 1977 1448 2031 quam
1485 1971 1673 2031 postea
1710 1962 1925 2033 Moyses
1952 1966 2223 2034 repetivit,

652 2064 711 2111 ut
757 2056 866 2112 illia
907 2054 1206 2111 sacerdotis
1246 2059 1481 2108 scortata
1531 2053 1963 2120 combureretur,
2016 2064 2227 2112 exterae

652 2150 1046 2219 lapidarentur,
1095 2145 1267 2200 Levit.
1318 2160 1390 2198 xx
1434 2154 1490 2200 et
1540 2161 1651 2199 ιιι.
1703 2142 1807 2199 Sed
1858 2145 1926 2200 de
1991 2145 2229 2201 Thamar

650 2242 877 2311 ejusque
941 2247 1135 2311 gente,
1206 2236 1516 2292 conditione
1576 2246 1629 2291 et
1681 2235 1927 2291 moribus
1974 2247 2228 2295 accurate

584 2384 591 2389 .
650 2331 827 2397 Philo,
850 2332 946 2386 lib.
981 2330 1056 2384 De
1085 2329 1397 2383 nobilitate:
1429 2328 1647 2398 Ταύτην
1677 2329 1952 2396 εὐγένειαν
1974 2330 2035 2381 οὐ
2070 2332 2227 2399 μόνον

650 2423 914 2493 θεοφιλεῖς
943 2422 1153 2491 ἀνδρες,
1186 2420 1321 2474 ἀλλά
1353 2420 1448 2473 καὶ
1473 2422 1728 2488 γυναῖκες
1758 2419 2053 2489 ἐζήλωσαν,
2094 2423 2227 2473 ἀπο-

653 2516 919 2587 μαθοῦσαι
970 2515 1067 2583 μὲν
1113 2511 1350 2583 ἀμαθίαν
1397 2510 1496 2580 τὴν
1544 2509 1842 2579 σύντροφον
1890 2510 2016 2577 περὶ
2062 2510 2225 2580 τιμῆς

648 2609 756 2663 τῶν
797 2607 1195 2679 χειροκμήτων,
1240 2600 1610 2655 παιδευθεῖσαι
1656 2600 1712 2652 δὲ
1764 2600 1893 2669 περὶ
1929 2601 2225 2669 μοναρχίας

650 2703 981 2771 ἐπιστήμην,
1088 2697 1437 2767 μοναρχεῖται
1467 2696 1496 2746 ὁ
1531 2694 1755 2761 κόσμος.
1796 2691 1993 2763 Θάμαρ
2018 2688 2223 2762 ἦνιτῶν

648 2790 756 2845 ἀπὺ
785 2790 884 2859 τῆς
908 2786 1272 2856 Παλαιστίνης
1303 2783 1504 2853 Συρίας
1531 2780 1754 2849 γύναιον
1782 2782 1841 2834 έν
1866 2782 2042 2852 οἰκείᾳ
2074 2782 2223 2834 πόλει

647 2882 853 2952 τραφὲν
887 2877 1152 2947 πολυθέῳ,
1196 2873 1440 2944 γεμούσῃ
1477 2872 1705 2938 ξοάνων,
1746 2870 1840 2924 καὶ
1868 2872 2220 2941 ἀγαλμάτων,

647 2974 743 3029 καὶ
767 2972 999 3033 συνόλως
1033 2967 1441 3037 ἀφιδρυμάτων.
1484 2964 1622 3017 Ἀλλ’
1658 2964 1844 3035 ἐπειδὴ
1873 2962 2123 3031 καθάπερ
2161 2964 2225 3015 ἐκ

650 3065 875 3125 σκότους
930 3060 1119 3130 βαθέος
1168 3056 1399 3127 ἐδυνήθη
1446 3055 1704 3125 βραχεῖαν
1750 3054 1923 3124 αὐγὴν
1968 3053 2223 3123 ἀληθείας

646 3156 840 3210 ἐνιδεῖν
872 3152 1086 3221 θανάτῳ
1126 3151 1391 3214 κινδύνου,
1435 3148 1571 3219 πρὸς
1598 3147 1881 3201 εὐσέϐειαν
1912 3147 2225 3219 ηὑτομόλη-
2250 3180 2291 3237 C

647 3263 759 3307 σεν,
797 3244 952 3311 ὀλίγα
981 3240 1315 3311 φροντίσασα
1344 3237 1440 3291 τοῦ
1470 3240 1590 3308 ζῇν,
1631 3241 1680 3290 εί
1723 3240 1797 3307 μὴ
1832 3238 2011 3307 μέλλοι
2044 3237 2219 3301 καλῶς

644 3338 763 3409 ζῇν.
801 3337 875 3389 Τὸ
914 3336 970 3389 δὲ
1014 3333 1192 3395 καλῶς
1224 3331 1487 3401 ἀνέφερεν
1520 3330 1607 3381 ἐπ’
1648 3329 1801 3381 οὐδὲν
1841 3328 2026 3399 ἕτερον
2054 3330 2087 3398 ἢ
2127 3330 2219 3382 ἐπὶ

642 3431 741 3499 τὴν
781 3425 1077 3498 θεραπείαν
1115 3424 1207 3475 καὶ
1245 3421 1455 3474 ἱκεσίαν
1492 3418 1587 3471 τοῦ
1625 3417 1744 3481 ἑνὸς
1792 3419 1988 3471 αἰτίου.
2025 3419 2217 3470 Καίτοι

640 3520 792 3574 δυσὶν
818 3516 1066 3585 ἀδελφοῖς
1094 3513 1423 3584 ἀμφοτέροις
1462 3512 1719 3581 πονηρειῖς
1746 3513 1805 3563 ὲν
1842 3509 1996 3580 μέρει
2032 3526 2216 3579 γημα-

646 3610 803 3679 μένη,
838 3605 1090 3677 κουριδίῳ
1124 3603 1223 3673 μὲν
1254 3602 1331 3671 τῷ
1367 3601 1639 3672 προτέρῳ,
1666 3598 1745 3669 τῷ
1772 3600 1815 3652 δ’
1858 3599 2083 3671 ὕστερον
2122 3600 2216 3654 καὶ

641 3701 817 3770 ἔχοντι
855 3696 1199 3758 ἐπιδικασίας
1236 3695 1405 3765 νόμῳ,
1454 3692 1648 3763 γενεάν
1686 3692 1780 3745 τοῦ
1828 3692 2093 3763 προτέρου
2140 3692 2213 3761 μὴ

642 3789 1050 3851 καταλιπόντος,
1094 3786 1208 3842 ἀλλ’
1256 3786 1425 3855 ὅμως,
1466 3782 1799 3853 ἀκηλίδωτον
1844 3782 2213 3850 διαφυλάξασα

640 3883 732 3936 τὸν
766 3880 966 3949 ἑαυτῆς
997 3878 1131 3947 βίον,
1161 3878 1350 3952 ἴσχυσε
1392 3864 1487 3928 καλ
1516 3874 1902 3946 προσηκούσης
1934 3876 2045 3934 τοῖς
2080 3876 2215 3940 ἀγα-

640 3974 753 4035 θοῖς
775 3972 1050 4041 εὐφημίας
1080 3969 1373 4037 έπιλαχεῖν,
1400 3966 1495 4019 καὶ
1519 3968 1631 4027 τοῖς
1665 3963 1781 4032 μεθ’
1810 3964 1980 4033 αὐτὴν
2011 3962 2213 4015 ἅπασιν

639 4063 917 4132 εὐγενείας
943 4060 1084 4133 ἀρχὴ
1111 4058 1380 4128 γενέσθαι.
1418 4056 1559 4110 Ἀλλ’
1589 4055 1727 4124 αὓτη
1754 4054 1851 4124 μὲν
1870 4056 1918 4107 εί
1950 4054 2041 4107 καὶ
2070 4053 2215 4106 ἀλλό·

639 4155 827 4223 φυλος,
852 4153 967 4209 ἀλλ’
1003 4147 1097 4206 οῦν
1128 4167 1191 4220 γε
1214 4148 1474 4221 ἐλευθέρα
1509 4149 1602 4202 καὶ
1634 4148 1693 4216 ἐξ
1727 4147 2024 4221 ιλευθέρων
2059 4145 2208 4209 ἴσως,

640 4245 736 4299 καὶ
761 4246 862 4299 οιῖνκ
894 4244 1145 4314 ἀσήμων.

708 4335 848 4391 Ibid.
882 4336 993 4389 Καὶ
1026 4333 1125 4387 διὰ
1156 4333 1467 4402 πονηρίαν.
1500 4332 1633 4399 Qua
1665 4331 1831 4386 fuerit
1862 4332 1979 4387 haec
2006 4331 2209 4386 malitia

636 4428 723 4484 vel
775 4426 1039 4496 iniquitas
1073 4422 1203 4487 Her,
1232 4437 1408 4493 neque
1446 4420 1733 4491 Scriptura
1782 4423 2073 4492 expressit,
2109 4438 2209 4476 nec

1996 380 2244 437 LIONII
2280 378 2558 436 ALLATII
3340 417 3361 424 -

654 502 925 576 expressit
942 499 1180 557 Joannes
1199 497 1597 566 Antiocheam,
1622 498 1680 553 in
1704 498 2073 567 Archologis
2094 512 2113 549 :
2132 497 2221 549 Oa-

2335 493 2503 550 l'uisso
2532 493 2677 550 idm
2703 500 3010 566 peceatum
3052 487 3174 547 tota
3202 490 3321 550 limo
3341 490 3579 549 historia
3598 489 3671 548 de
3698 495 3902 565 Μ

2332 586 2575 642 Thamar
2624 596 2680 643 et
2729 587 3066 643 scortatione
3106 583 3260 640 Judz
3300 584 3514 655 prolixe
3561 588 3899 643 narraturi-

2333 676 2664 733 Testsmto
2687 676 2755 730 ιε
2780 673 3229 745 patriarcharum,
3255 689 3376 746 cap.
3406 674 3461 730 3.

2400 784 2565 852 ιδιά..
2610 787 2708 842 lin.
2758 787 2846 842 so.
2888 786 3165 855 Ἐεέχσσν
3206 786 3307 843 ἐπὶ
3358 786 3492 856 τῆς.
3537 786 3898 858 Augustinus,

2329 878 2426 935 lib.
2469 894 2585 933 un
2633 888 2819 933 contra
2850 877 3139 964 Faustum,
3176 894 3296 949 cap.
3327 879 3417 947 84,
3448 881 3697 951 ι)εῇοω
3743 880 3897 935 fuisse

2331 969 2461 1035 ller,
2489 987 2654 1043 quam
2699 969 2913 1037 Onam;
2954 971 3107 1024 illum
3142 969 3317 1026 fuisse
3357 973 3689 1041 malignum,
3723 980 3779 1025 et
3810 985 3900 1025 sa.

2332 1046 2481 1125 vuln.
2505 1073 2560 1118 et
2577 1077 2837 1132 peccasse
2862 1062 3149 1128 nocendo;
3179 1060 3325 1116 hunc
3346 1076 3629 1132 peccasse,
3648 1062 3899 1131 prodesse

2330 1161 2385 1207 et
2426 1153 2619 1224 juvare
2649 1153 2904 1209 nolendo.
2952 1152 3175 1208 Pererio
3203 1155 3515 1223 oppositum
3561 1152 3901 1224 probabilius

2330 1243 2564 1311 videtur,
2588 1260 2712 1300 cum
2741 1243 3023 1315 Scriptura
3053 1241 3159 1299 Her
3184 1243 3415 1313 appellet
3437 1259 3700 1313 nequam,
3734 1240 3901 1297 Onam

2330 1352 2460 1392 vero
2487 1338 2889 1401 detestandum,
2924 1335 3069 1407 quod
3098 1350 3212 1390 rem
3256 1335 3637 1390 detestabilem
3683 1336 3899 1399 iaceret,

2329 1432 2477 1502 quod
2524 1433 2795 1503 gravioris
2836 1430 3086 1486 criminis
3139 1435 3270 1482 nota
3327 1436 3429 1482 est.
3476 1427 3688 1484 Deinde
3733 1427 3899 1483 Onam

2328 1524 2577 1592 exemplo
2605 1523 2910 1592 punitionis
2941 1520 3197 1575 fraterne
3228 1518 3399 1571 noluit
3422 1518 3775 1586 resipiscere,
3807 1534 3902 1574 nec

2329 1616 2626 1672 deterritus
2656 1614 2946 1678 abstinuit,
2975 1612 3057 1667 vel
3092 1625 3124 1665 a
3154 1610 3344 1675 simili,
3376 1613 3458 1664 vel
3486 1624 3515 1662 a
3548 1610 3748 1679 majori
3780 1626 3902 1683 pec—

2328 1715 2472 1761 cato.
2504 1705 2770 1761 Praeterea
2805 1704 2913 1759 Her
2939 1704 3183 1776 peccavit
3209 1701 3517 1757 inordinata
3541 1702 3774 1757 libidine
3811 1703 3901 1759 de-

2330 1798 2641 1852 lectationis
2678 1812 2942 1859 venereze,
2970 1792 3143 1850 Onam
3172 1794 3411 1862 maligna
3439 1791 3646 1846 invidia
3677 1793 3899 1849 fraterni

2333 1888 2483 1954 boni,
2547 1903 2615 1943 ne
2681 1888 3078 1959 priiuogenitus
3131 1900 3268 1941 suus
3312 1883 3700 1954 assignaretur
3745 1884 3903 1939 fratri

2328 1992 2447 2033 ευο.

2397 2108 2515 2163 Col.
2544 2107 2673 2173 769,
2710 2108 2807 2161 lin.
2855 2106 2941 2162 12.
2983 2107 3078 2174 Ὠς
3117 2106 3173 2161 δ’
3209 2108 3599 2176 ἀποστείλας.
3652 2107 3904 2164 Histori:

2327 2203 2489 2271 hujus
2521 2203 2916 2272 perelegantem
2962 2202 3275 2267 allegoriam
3315 2202 3483 2257 habes
3525 2203 3675 2273 apud
3720 2201 3903 2257 Philo-

2326 2308 2472 2357 nem,
2513 2293 2610 2347 lib.
2645 2293 2781 2360 Περὶ
2809 2291 3111 2361 φυγάδων,
3143 2308 3303 2363 quem
3329 2294 3469 2349 vide.

2395 2401 2553 2465 lbid.,
2582 2402 2679 2456 lin.
2716 2402 2806 2457 35.
2861 2402 2976 2469 Τῆς
3018 2403 3320 2472 ἀκρᾶν-του
3349 2406 3597 2475 Μαρίας.
3643 2405 3900 2463 ιηευιςὶει

2324 2495 2447 2548 simi
2507 2493 2875 2548 Mahumetani
2929 2493 3154 2549 ﬂariam
3207 2499 3634 2565 sanctissimam,
3683 2512 3738 2555 et
3781 2517 3900 2571 qua

2324 2587 2601 2641 Christum
2646 2585 2813 2640 Deum
2853 2588 3082 2655 peperit,
3124 2603 3364 2642 sororem
3400 2589 3601 2661 onsis
3648 2602 3704 2645 et
3738 2595 3905 2649 Δοιοο

2325 2678 2412 2731 nis
2438 2676 2665 2730 faciunt.
2696 2675 3042 2746 Euthymius,
3079 2677 3133 2732 in
3169 2677 3467 2746 Panoplio:
3499 2682 3610 2734 Καὶ
3645 2684 3730 2735 ὅτι
3755 2685 3786 2734 ὁ
3808 2685 3903 2738 Δό-

2325 2788 2420 2837 γος
2449 2770 2542 2824 τοῦ
2589 2768 2745 2835 Θεοῦ,
2782 2772 2875 2823 καὶ
2913 2770 2976 2823 τὸ
3016 2770 3241 2840 Πνεῦμα
3281 2771 3465 2835 αὐτοῦ,
3513 2774 3711 2827 κτιστά
3754 2775 3901 2835 ὂντα.

2324 2861 2574 2931 είσῆλθεν
2608 2864 2688 2924 είς
2718 2862 2935 2932 Μαρίαν
2964 2860 3063 2931 τὴν
3107 2861 3338 2933 ἀδελφὴν
3380 2865 3624 2927 Μωσέως
3660 2867 3755 2917 καὶ
3777 2868 3901 2919 ’Δα-

2329 2952 2457 3023 ρὼν,
2508 2953 2602 3004 καὶ
2654 2952 2945 3021 ἐγέννησεν
2986 2950 3124 3022 αὕτη
3174 2952 3296 3021 δίχα
3344 2954 3659 3023 σπέρματος
3691 2954 3900 3025 Ἰησοῦν

2326 3046 2418 3096 τὸν
2470 3044 2723 3114 Χριστὸν,
2772 3044 3078 3115 προφήτην,
3133 3044 3227 3096 καὶ
3277 3043 3457 3097 δοῦλον
3508 3048 3772 3115 γεγονότα
3809 3048 3903 3102 τοῦ

2328 3132 2482 3186 Θεοῦ.
2542 3132 2607 3187 Et
2649 3134 2703 3187 in
2751 3133 2944 3187 ordine
2982 3134 3074 3202 qui
3127 3142 3373 3188 servatur
3416 3151 3581 3205 super
3628 3139 3699 3192 iis
3738 3140 3831 3207 qui
3872 3156 3902 3193 a

2326 3224 2615 3279 Saracenis
2653 3226 2721 3279 ad
2759 3225 3193 3279 Christianorum
3230 3226 3387 3280 ﬁdem
3435 3243 3493 3281 se
3528 3240 3901 3287 convertunt:

2339 3314 2743 3384 ’Δναθεματίζω
2765 3315 2861 3386 τὴν
2890 3314 2985 3368 τοῦ
3022 3316 3264 3383 Μωάμεδ
3291 3316 3556 3386 φλυαρίαν
3581 3320 3684 3388 τὴν
3717 3320 3905 3386 λέγου-

2324 3423 2438 3467 σαν,
2469 3407 2551 3458 ὅτι
2581 3406 2611 3457 ὁ
2656 3406 2859 3475 Κύριος
2908 3404 3002 3457 καὶ
3042 3406 3175 3467 Θεὸς
3216 3406 3419 3473 Ἰησοῦς
3459 3411 3487 3460 ὀ
3519 3408 3758 3479 Χριστὸς
3796 3413 3904 3465 ἀπὸ

2321 3493 2539 3564 Μαρίας
2564 3494 2661 3564 τῆς
2704 3492 2938 3561 ἀδελφῆς
2970 3492 3065 3545 τοῦ
3106 3495 3349 3558 Μωσέως
3379 3497 3473 3548 καὶ
3513 3497 3725 3567 ’Δαρὼν
3753 3501 3904 3566 ὲγενο

2322 3585 2456 3654 νήθη
2485 3583 2611 3637 ἀνευ
2645 3585 2853 3655 σπορᾶς
2892 3585 2956 3635 ὲκ
2993 3581 3087 3635 τοῦ
3133 3584 3305 3651 Λόγου
3350 3584 3443 3637 τοῦ
3488 3584 3625 3639 Θεοῦ
3679 3592 3774 3641 καὶ
3808 3587 3900 3645 τοῦ

2320 3674 2653 3743 Πνεύματος.
2708 3676 2841 3740 Quis
2895 3676 3035 3729 hanc
3099 3678 3483 3747 ἀνιστορησίαν
3536 3682 3891 3743 somniasset,

2320 3765 2425 3819 nisi
2472 3763 2760 3825 Moametb,
2790 3774 2841 3819 et
2871 3774 3023 3834 pater
3064 3766 3182 3833 ejus
3210 3766 3497 3820 diabolus?
3529 3767 3779 3838 Spatium
3810 3775 3893 3827 bis

2320 3855 2466 3908 mille
2504 3869 2772 3909 annorum
2808 3855 2951 3909 inter
2999 3855 3221 3909 Mariam
3269 3871 3512 3911 sororem
3563 3860 3790 3930 Moysis,
3839 3873 3893 3919 et

2320 3943 2541 4001 Mariam
2572 3962 2693 4015 qua
2717 3946 2997 4001 Christum
3030 3947 3255 4018 peperit,
3296 3948 3622 4005 intercessit.
3653 3952 3770 4008 Nec
3793 3956 3897 4010 lni-

2320 4053 2423 4091 nus
2452 4036 2933 4106 reprehendendus
2960 4050 3043 4094 est
3078 4038 3392 4095 Fridericus
3424 4038 3776 4113 Syiburgius,
3800 4048 3891 4117 qui

2318 4129 2463 4183 notis
2490 4130 2545 4183 in
2577 4127 2925 4192 Saracenics,
2959 4130 3027 4185 de
3062 4130 3381 4185 adoratione
3418 4133 3722 4204 imaginum
3755 4139 3893 4194 mab

2316 4220 2559 4275 sentiens
2585 4231 2744 4289 negat
2767 4220 3137 4275 adorationeiu
3162 4220 3345 4276 deberi
3370 4222 3537 4277 beata:
3568 4223 3760 4282 Maria
3786 4228 3891 4283 vir-

2316 4309 2450 4380 gini,
2478 4309 2637 4379 idque
2669 4311 2804 4364 locis
2844 4309 3173 4380 quibusdam
3204 4313 3381 4366 sancti
3416 4312 3707 4384 Epiphanii
3752 4319 3889 4373 male

2318 4402 2385 4457 ab
2408 4404 2526 4473 ipso
2558 4402 2867 4457 intellectis.
2890 4398 2941 4456 Is
2970 4402 3113 4455 enim
3138 4402 3215 4457 uti
3242 4402 3575 4459 Calvinianaz
3603 4418 3775 4463 secta
3797 4410 3886 4463 ad-

637 4526 848 4574 cortlun
874 4492 1101 4587 aliquid
1136 4492 1329 4570 statui
1354 4521 1536 4584 potest
1573 4514 1645 4569 ob
1695 4514 1874 4569 varias
1923 4522 2208 4567 auctorum

2321 4495 2493 4549 dictus
2522 4494 2755 4563 sparsim
2783 4493 2838 4547 in
2868 4492 2974 4547 illis
3009 4493 3157 4547 notis
3198 4493 3431 4549 latenter
3454 4502 3507 4550 et
3536 4497 3776 4555 subdole
3801 4516 3884 4555 ve-

637 4611 956 4667 sententias.
994 4608 1357 4679 Augustinus,
1386 4606 1483 4663 lib.
1529 4622 1644 4661 xm
1690 4616 1878 4661 contra
1926 4604 2210 4669 Faustum,

638 4716 759 4772 eap.
801 4699 892 4764 84,
928 4701 1220 4770 signiﬁcat.
1256 4710 1540 4769 peccatum
1567 4698 1688 4767 ejus
1719 4698 1892 4754 fuisse
1921 4698 2214 4753 crudelita-

636 4796 709 4849 tis
736 4800 792 4847 et
844 4792 1088 4849 scvitiar.
1135 4791 1245 4846 Alii
1276 4793 1683 4861 conjectarunt,
1718 4789 1893 4847 fuisse
1921 4799 2208 4860 peccatum

637 4891 829 4939 contra
863 4890 1138 4948 naturam,
1184 4883 1329 4954 quod
1371 4883 1713 4950 admittebat,
1761 4885 1995 4939 abutens
2042 4895 2213 4937 uxore

635 4987 788 5032 extra
816 4990 915 5031 vas
947 4976 1231 5032 muliebre.
1276 4973 1631 5032 Hebraeorum
1675 4977 1897 5031 traditio
1925 4984 2032 5041 est,
2066 4974 2210 5029 'l‘ba-

636 5080 754 5122 mar
790 5065 961 5125 fuisse
988 5067 1412 5139 pulcherrimam
1438 5068 1717 5133 feminam,
1741 5083 1971 5139 eamque
1999 5068 2210 5138 perdite

636 5160 944 5213 adamatam
986 5174 1110 5215 esse
1159 5158 1228 5215 ab
1272 5158 1402 5215 Her.
1449 5158 1557 5225 Qui
1598 5174 1709 5230 quo
1746 5158 1955 5214 diutius
2000 5159 2206 5213 illibata

637 5251 759 5321 eius
793 5252 1198 5323 pulchritudine
1239 5252 1345 5307 frui
1376 5261 1585 5323 posset,
1615 5253 1797 5308 sciens
1830 5267 1927 5323 per
1962 5252 2208 5323 gravida—

638 5346 817 5399 tiones
848 5352 902 5400 et
939 5353 1127 5414 partes
1167 5343 1525 5401 deﬂorescere
1549 5344 1825 5408 decorem,
1851 5354 1905 5398 et
1947 5352 2202 5399 venusta-

636 5444 743 5491 tem
795 5437 1145 5501 muliebrem,
1192 5437 1247 5491 in
1294 5434 1698 5507 congrediendo
1751 5450 1877 5490 cum
1927 5435 2201 5501 Thamar,

630 5526 940 5584 dhndehat
969 5544 1153 5585 semen
1179 5537 1332 5584 extra
1358 5545 1453 5583 vas
1488 5529 1654 5593 illius,
1682 5544 1753 5583 ne
1780 5529 2049 5598 gravialari
2078 5544 2203 5598 pos-

633 5625 733 5672 set.
767 5616 920 5672 Hanc
946 5627 1169 5674 secutus
1191 5627 1277 5674 est
1302 5618 1617 5687 Caietanus,
1645 5634 1746 5673 nec
1787 5619 2001 5673 videtur
2038 5621 2106 5672 ab
2135 5635 2199 5673 ea

632 5707 982 5766 abhorruisse
998 5706 1235 5765 Joannes
1255 5708 1577 5774 Cassianus,
1599 5709 1955 5775 collationeil,
1969 5723 2089 5779 cap.
2110 5710 2195 5772 ll,

631 5800 695 5853 er.
721 5810 948 5873 peccato
969 5802 1144 5858 Onam
1167 5802 1333 5859 verba
1363 5802 1589 5869 faciens,
1623 5802 1917 5858 verisimile
1942 5803 2086 5858 enim
2110 5810 2196 5858 est

2316 4602 2516 4641 nenum
2546 4585 2797 4649 eﬂ'undit,
2846 4585 2989 4640 sicut
3031 4593 3085 4639 et
3120 4586 3376 4655 superius
3420 4586 3489 4641 de
3534 4600 3883 4648 sacramento

2314 4678 2667 4734 Eucharistiae
2706 4685 2890 4749 egerat
2934 4685 2989 4731 et
3028 4676 3085 4730 in
3127 4677 3248 4747 ipso
3288 4677 3493 4734 lumine
3518 4682 3805 4746 caecutire.
3833 4692 3881 4740 et

2313 4771 2491 4841 palam
2538 4769 2808 4824 mendacii
2838 4782 3010 4839 posse,
3053 4767 3307 4823 convinci
3359 4784 3469 4824 non
3516 4783 3783 4840 veretur;
3830 4785 3881 4830 at

2311 4863 2439 4917 dum
2466 4877 2676 4917 venena
2698 4868 2939 4931 spargat,
2967 4876 3089 4931 qua:
3109 4861 3383 4921 inlicient,
3408 4877 3601 4933 parum
3630 4867 3709 4921 illi
3740 4883 3879 4924 cura

2310 4964 2414 5020 est,
2446 4955 2490 5009 si
2520 4970 2673 5010 suam
2707 4955 2763 5007 in
2804 4952 3168 5024 scriptoribus
3204 4953 3575 5025 «intelligendis
3606 4956 3875 5016 inscitiam

2310 5044 2621 5117 patefaciat.
2652 5043 2784 5099 Vide
2811 5044 2991 5112 ipsum
3026 5058 3086 5114 p.
3119 5043 3222 5098 156
3257 5052 3311 5100 et
3339 5044 3463 5100 158.
3503 5045 3665 5111 Quod
3694 5050 3743 5104 si
3775 5065 3873 5106 non

2307 5146 2391 5193 est
2418 5138 2707 5199 invertere,
2736 5143 3185 5203 transversosque
3208 5148 3367 5204 agere
3390 5132 3583 5191 Patres
3608 5146 3665 5191 et
3690 5153 3873 5193 eorum

2308 5230 2629 5289 sententias,
2661 5224 2789 5296 quid
2830 5224 2971 5279 erit?
3005 5223 3130 5279 Hac
3169 5225 3295 5281 ideo
3326 5226 3584 5282 adnotavi
3620 5236 3676 5283 ut
3724 5238 3872 5286 notas

2306 5322 2428 5375 illas
2457 5328 2618 5375 caute
2646 5318 2818 5372 lector
2846 5324 3152 5387 percurrat.

2375 5429 2509 5484 Ibid.
2557 5428 2672 5496 Τῆς
2705 5425 3029 5498 ἀχράντσυ.
3069 5426 3201 5495 Qua
3238 5437 3354 5484 tota
3384 5430 3616 5500 pulchra
3648 5442 3756 5499 est,
3780 5447 3866 5489 nec

2304 5525 2467 5577 ullam
2495 5521 2731 5575 admittit
2762 5521 2984 5574 omnino
3012 5524 3299 5576 maculam.
3330 5521 3384 5575 In
3408 5538 3528 5577 eam
3560 5524 3800 5580 humiles
3821 5532 3864 5577 et

2302 5616 2502 5679 devoti,
2536 5616 2651 5669 haec
2679 5614 2929 5683 quamvis
2960 5613 3255 5685 incompta,
3285 5614 3477 5670 aﬂ'cctu
3508 5625 3691 5671 tamen
3719 5618 3862 5685 plena

2300 5709 2621 5763 cecinimus.
2661 5706 2793 5771 Quae
2822 5706 2942 5771 tibi,
2967 5706 3162 5775 lector,
3198 5706 3579 5779 φιλοπαρθένῳ
3630 5722 3745 5764 non
3783 5705 3839 5763 bl

2300 5814 2450 5874 grata
2482 5800 2597 5857 fore
2627 5800 3023 5858 existimamus.
