4058 6330
104 371 265 429 1041

1147 377 1216 434 IN
1256 377 1626 437 EUSTA‘I’HII
1675 380 2148 441 HEXAEIIERON
2183 380 2413 439 NOTE.

3222 393 3365 451 illi!

94 486 327 542 tricem
360 484 583 541 lariam
609 487 861 543 humana
890 496 1099 547 natura
1144 506 1373 562 prorsus
1403 503 1698 564 expertem,
1729 503 1776 559 Α
1801 494 1876 551 ita
1898 495 2163 569 Origenes
2190 513 2347 567 super
2377 496 2711 567 Matinum,
2742 516 2864 574 cap.
2900 503 3002 570 is;
3028 502 3365 575 Epiphanius

101 591 195 633 ac
231 576 435 633 divine
462 585 673 632 tantum
710 579 1033 650 participem
1077 581 1247 638 fuisse
1276 583 1549 650 dicebant,
1583 600 1706 640 cum
1810 589 2058 647 adversus
2102 591 2699 661 Antidicomarianitas;
2734 595 3005 655 Eusebius
3042 598 3137 653 lib.
3181 616 3220 654 ιι
3262 599 3366 655 Ec-

95 682 199 724 cx
230 668 339 723 hoc
368 668 687 730 habeamus,
718 665 963 724 Joachim
987 686 1112 726 cum
1136 674 1290 727 Anna
1330 674 1703 737 concubitum,

100 758 373 828 indeque
404 766 714 829 generatam
742 766 799 814 et
847 768 1023 815 ortam
1058 761 1351 833 Virginem.
1384 762 1545 819 Certe
1573 764 1706 819 illud

96 852 312 920 angeli
349 852 555 905 dictum
582 846 825 905 Joachim
856 853 912 907 in
942 854 1182 918 deserto,
1211 870 1346 908 uxor
1393 864 1486 910 tua
1530 872 1708 910 conce-

94 941 227 1009 pit,
260 951 551 1009 antequam
596 938 817 997 domum
864 946 1095 1007 veniret,
1127 945 1183 999 in
1230 946 1545 1001 narratione
1599 947 1705 1001 ista

96 1045 243 1086 non
274 1032 494 1101 legitur,
533 1034 642 1087 imo
669 1036 802 1089 satis
838 1045 1024 1105 aperte
1068 1038 1374 1106 Oppositum
1410 1038 1701 1109 colligitur.

100 1120 211 1177 Ex
246 1137 357 1189 quo
405 1124 749 1180 manifestum
796 1134 881 1181 est
922 1128 991 1183 ab
1046 1128 1317 1183 haereticis
1363 1129 1559 1184 librum
1607 1127 1703 1183 de-

98 1224 417 1285 pravatum
447 1223 689 1286 tempore
727 1215 1037 1287 Epiphanii,
1079 1219 1173 1289 qui
1214 1218 1402 1274 forsan
1428 1217 1702 1274 Eustathii

96 1308 378 1372 tempore
402 1306 753 1377 incorruptus
777 1317 833 1365 et
859 1309 1097 1365 intactus
1119 1310 1297 1366 adhuc
1319 1309 1495 1366 fuerat
1525 1324 1703 1365 reser-

96 1405 313 1449 νιιιιιι.

191 1481 322 1538 Col.
344 1485 465 1548 773,
491 1487 587 1543 lin.
614 1487 700 1541 Η.
734 1488 841 1542 Kal
868 1486 1155 1555 ὀνομάζει.
1186 1486 1482 1555 Gregorius
1498 1485 1699 1558 Nysse-

101 1589 269 1631 nm:
289 1577 673 1647 Δυναμωθεϊσα
704 1579 761 1631 δὲ
793 1577 1067 1648 Πνεύματι
1103 1579 1230 1649 θείῳ
1257 1580 1390 1650 πρὸς
1416 1580 1516 1651 τὴν
1542 1582 1699 1652 χάριν

100 1666 187 1737 ἦν
243 1666 474 1738 ᾔτησεν,
526 1668 650 1720 ἐπεὶ
697 1668 882 1722 ἔτεκεν
928 1669 1164 1734 παιδίον,
1210 1670 1489 1741 ὠνόμασεν
1530 1672 1698 1743 αὐτὴν

101 1757 384 1829 Μαριάμ,
414 1759 488 1824 ὼς
519 1759 583 1813 ἂν
610 1760 705 1811 καὶ
730 1760 814 1813 διὰ
844 1761 943 1830 τῆς
976 1761 1288 1831 ἐπωνυμίας
1335 1762 1395 1814 τὸ
1422 1761 1694 1816 θεόσδοτον

100 1851 525 1922 διασημανθείη
576 1852 675 1921 τῆς
724 1853 965 1923 χάριτος.
1035 1853 1439 1925 Ἀνδρυνθεῖσαν
1488 1853 1545 1907 δὲ
1598 1856 1695 1926 ἤδη
1729 1838 1772 1892 Β

99 1946 223 2017 τὴν
262 1945 447 2017 κόρην,
480 1945 555 2008 ὡς
588 1944 784 2015 μηκέτι
815 1944 1018 1999 δεῖσθαι
1049 1945 1401 2015 προσανέχειν
1432 1947 1497 2014 τῇ
1541 1945 1696 2017 θηλῇ,

101 2034 416 2090 ἀποδοῦναι
448 2034 527 2104 τῷ
563 2033 701 2106 Θεῷ,
733 2036 826 2089 καὶ
874 2034 1165 2107 πληρῶσαι
1212 2036 1312 2107 τὴν
1351 2034 1695 2104 ἐπαγγελίαν,

102 2124 217 2181 καὶ
257 2127 623 2197 προσαγαγεῖν
663 2125 741 2195 τῷ
785 2124 909 2196 νεῴ.
948 2125 1269 2196 Hippolytus
1315 2134 1521 2198 martyr
1556 2126 1697 2196 apud

102 2216 513 2285 Nicephorum,
548 2218 583 2270 ι.
604 2232 665 2277 ιι,
683 2231 803 2286 cap.
829 2218 864 2271 5
890 2236 903 2271 :
938 2216 1063 2271 Tres
1090 2219 1232 2286 fuere
1258 2234 1461 2272 sorores
1488 2219 1697 2273 Bethle-

101 2307 405 2370 kensiticar,
441 2307 569 2375 ﬁlia:
601 2305 787 2360 Hatan
817 2308 1134 2371 sacerdotis,
1166 2317 1214 2361 et
1244 2306 1434 2367 Maria
1462 2310 1696 2378 conjugis

100 2397 262 2472 ejus.
318 2397 411 2452 sub
469 2395 783 2463 Cleopatrae,
829 2407 879 2452 et
942 2397 1227 2467 Casoparis
1287 2398 1463 2453 Persa:
1516 2414 1692 2467 regno,

104 2499 246 2542 ante
281 2486 506 2542 Herodis
539 2489 808 2557 Antipatri
839 2490 939 2547 ﬁlii
972 2506 1203 2559 regnum.
1258 2488 1454 2544 Primae
1479 2488 1690 2550 Mariae,

102 2578 367 2633 secunda:
430 2578 595 2642 Sabe,
652 2581 819 2633 tortile
868 2581 1037 2635 Anule
1085 2597 1270 2634 nomen
1322 2590 1436 2634 erat
1470 2596 1487 2632 .'
1517 2581 1693 2640 nupsit

102 2673 301 2739 prima
330 2673 385 2725 in
428 2672 725 2726 Betltleltem
774 2671 977 2737 Maria,
1005 2681 1053 2726 et
1081 2673 1275 2740 peperit
1300 2670 1563 2726 Salomem
1605 2669 1694 2722 ob-

104 2763 387 2816 stetricem
419 2778 438 2815 :
472 2764 646 2831 nupsit
676 2776 874 2832 quoque
901 2763 1129 2817 secunda
1163 2762 1352 2815 ibidem
1392 2762 1446 2813 in
1484 2760 1691 2813 Bethle-

106 2852 236 2907 ltem
282 2850 434 2913 Sabe,
467 2864 514 2907 et
562 2856 737 2924 genuit
793 2852 1086 2917 Flisabetli,
1121 2855 1296 2910 nupsit
1342 2860 1602 2919 postremo
1643 2860 1691 2903 et

109 2944 283 2995 tertia
322 2941 476 2995 Anna
530 2945 584 2996 in
636 2952 778 2996 terra
828 2941 1079 3007 Galiltea,
1112 2952 1161 2996 et
1186 2942 1405 3009 protulit
1460 2939 1693 2993 Mariam

109 3030 218 3086 Dei
259 3034 600 3101 genitricem,
652 3048 716 3086 ea:
755 3049 859 3102 qua
904 3034 1052 3087 nobis
1103 3042 1258 3091 natus
1303 3041 1379 3085 est
1425 3029 1686 3085 Christus.

109 3122 336 3189 Quibus
353 3122 547 3177 refellit
568 3122 834 3179 Baronius
860 3140 1045 3178 eorum
1074 3124 1395 3180 sententiam
1430 3124 1521 3192 qui
1542 3123 1693 3177 dise-

113 3222 250 3267 runt
273 3210 333 3266 S.
358 3214 565 3267 Annam
592 3216 752 3269 tertio
768 3222 1010 3283 nuptam,
1030 3222 1083 3268 et
1114 3213 1357 3283 singulas
1378 3228 1442 3268 ex
1466 3212 1692 3281 singulis

110 3306 255 3359 viris
285 3305 543 3375 genuisse
575 3306 732 3371 filias,
760 3314 815 3360 et
841 3320 1031 3360 eorum
1058 3306 1151 3374 qui
1180 3306 1357 3359 conati
1382 3314 1509 3358 sunt
1542 3317 1693 3357 asse-

115 3410 264 3458 rere,
298 3411 364 3449 ex
393 3395 581 3449 eodem
624 3397 742 3450 viro
776 3395 1021 3450 Joachim
1068 3403 1177 3451 tres
1216 3396 1494 3465 peperisse
1532 3394 1688 3449 filias.

190 3484 356 3547 lbid.,
411 3484 507 3538 lin.
544 3482 631 3539 16.
685 3484 1028 3553 Γενομένης
1075 3483 1143 3537 δὲ
1180 3483 1387 3552 αὐτῆς.
1449 3483 1687 3537 Evodius

114 3575 419 3644 episcopus
467 3575 845 3629 Antiochenus
877 3574 1017 3644 apud
1067 3561 1454 3642 Nicephorum,
1489 3576 1583 3629 lib.
1630 3590 1689 3636 ιι,

114 3680 221 3733 cap
284 3665 321 3720 3
347 3685 359 3720 :
389 3664 627 3720 Trimula
658 3683 777 3720 cum
816 3674 948 3721 esset
982 3667 1036 3719 in
1068 3667 1312 3733 templum
1343 3674 1688 3733 prwsentata,

115 3755 192 3807 ibi
236 3756 294 3809 in
324 3754 535 3810 Sanctis
584 3766 887 3810 sanctorum
936 3756 1171 3809 traduxit
1228 3772 1391 3809 annos
1432 3755 1688 3822 undecim,

114 3845 309 3900 deinde
343 3863 460 3901 pero
509 3847 842 3901 sacerdotum
886 3848 1125 3901 manibus
1174 3845 1367 3915 Ioseph
1411 3846 1479 3899 ad
1518 3858 1691 3899 custo-

114 3936 265 3989 diam
296 3948 374 3991 est
408 3936 628 4002 tradita,
674 3938 813 4008 apud
844 3956 994 4009 quem
1030 3955 1147 3991 cum
1180 3955 1379 3993 menses
1415 3939 1690 4006 peregisset

116 4036 369 4097 quatuor,
407 4029 471 4081 ab
503 4031 685 4099 angelo
712 4030 887 4083 latum
919 4029 1053 4082 illud
1085 4032 1279 4099 accepit
1312 4027 1691 4083 nuntium.Pe-

113 4121 248 4186 perit
272 4131 449 4175 autem
483 4122 628 4176 illius
663 4122 843 4178 mundi
870 4121 1079 4185 Lucem,
1119 4139 1314 4175 annum
1345 4137 1499 4191 agens
1540 4122 1691 4190 quin-

116 4209 400 4276 decimum,
430 4214 674 4267 vicesima
694 4215 877 4285 quinta
907 4213 991 4267 die
1015 4215 1201 4268 mensis
1234 4212 1549 4267 Decembris.
1570 4211 1688 4266 Tri-

117 4302 323 4357 mulam
376 4302 485 4358 Deo
514 4304 749 4359 oblatam
778 4304 1052 4375 Virginem
1085 4313 1280 4375 praeter
1318 4304 1685 4367 Eustathium,

117 4399 172 4447 et
210 4390 503 4460 Evodium,
554 4395 695 4450 idem
744 4398 985 4453 sentiunt
1029 4394 1325 4466 Gregorius
1383 4394 1459 4450 De
1488 4395 1689 4450 Christi

116 4484 414 4546 natiuitate,
447 4483 684 4541 Joannes
736 4485 1103 4541 Damascenns
1130 4485 1205 4540 De
1237 4485 1340 4555 ﬁde
1369 4485 1681 4549 orthodoxa,

1794 4483 1887 4580 οης
1915 4483 2001 4572 δὲ,
2048 4483 2261 4582 βουλὴν.
2282 4513 2528 4580 ἀγαγεῖν,

118 4576 283 4643 capit.
324 4578 413 4642 15,
446 4576 693 4635 Andreas
738 4579 1016 4633 Cretensis
1049 4594 1299 4634 sermone
1332 4578 1408 4632 De
1440 4576 1685 4645 Deipara,

117 4663 422 4725 Germanus
455 4685 705 4724 sermone
736 4669 813 4724 De
842 4668 1271 4733 Prwsentatione,
1300 4667 1564 4739 Georgius
1596 4669 1689 4723 Ni-

120 4754 483 4812 comediensis
522 4757 598 4811 De
630 4757 1045 4813 Prwsentations
1066 4798 1081 4823 ,
1123 4758 1403 4814 Cedrenus
1451 4760 1505 4813 in
1534 4758 1689 4812 Com-

119 4844 304 4907 pendio
334 4845 587 4903 Historia
616 4858 668 4902 et
695 4850 807 4903 alii.
838 4846 1245 4904 Observandum
1286 4858 1340 4905 et
1368 4850 1520 4912 illud,
1544 4851 1685 4906 beat.

126 4928 401 5003 Virginem
471 4954 533 4994 ex
595 4950 783 4995 nostro
851 4940 1137 4996 Eustatbio
1189 4944 1357 4996 multo
1412 4942 1681 5011 juniorem

120 5020 397 5081 Christum
431 5031 726 5099 peperisse,
760 5048 921 5103 quam
951 5034 1181 5090 voluerit
1214 5033 1451 5089 Evodius
1490 5042 1543 5089 ct
1570 5036 1680 5103 alii,

123 5107 417 5201 dequibus
444 5120 530 5173 hic
566 5136 725 5190 agere
755 5138 863 5178 non
899 5132 983 5179 est
1014 5130 1298 5196 prasentis
1321 5131 1544 5201 negotii.

190 5200 345 5267 lbid.,
375 5206 472 5260 lin.
503 5208 593 5265 2‘2.
641 5212 749 5265 Τοῦ
774 5214 927 5267 λαοῦ
956 5217 1115 5281 τούς.
1152 5200 1425 5289 Josepbus
1448 5222 1685 5275 sanctis-

127 5290 274 5348 sima:
299 5294 546 5369 Virginis
566 5318 799 5369 sponsus
826 5307 1144 5377 bigamusne
1163 5310 1344 5375 fuerit,
1376 5327 1444 5366 an
1466 5313 1681 5378 caelebs,

128 5386 347 5456 antiqua
374 5400 461 5446 est
492 5392 545 5445 in
583 5392 827 5451 Ecclesia
857 5400 1123 5455 catholica
1174 5405 1425 5473 quaastio,
1453 5406 1517 5458 ad
1546 5408 1684 5462 banc

131 5485 296 5543 usque
341 5480 484 5535 diem
535 5484 701 5539 variis
755 5486 809 5540 in
858 5495 1147 5561 utramque
1206 5504 1415 5565 partem
1462 5495 1682 5552 Patrum

1807 680 1929 735 δίει.
1962 683 2174 745 histor.,
2199 696 2320 751 cap.
2351 681 2795 753 i;Nicephorus,
2826 687 2918 743 lib.
2941 703 3003 753 ιι,
3034 704 3156 759 cap.
3190 690 3243 750 3,
3270 691 3361 747 ubi

1804 771 1969 826 etiam
1998 771 2163 827 refert
2198 772 2543 845 Hippolytum
2573 776 2814 844 ejusdem
2850 780 3136 836 sententia
3172 789 3363 835 aucto-

1805 878 1949 928 rem;
1998 862 2293 935 Gregorius
2362 865 2662 937 Nyssenus,
2712 869 2788 925 De
2830 882 3108 928 resurrect.
3162 872 3365 928 Christi

1803 952 2082 1019 homii.2;
2124 954 2447 1027 Euthymius
2491 959 2545 1011 in
2590 957 2832 1015 Hau/tari
2879 978 2996 1030 cap.
3034 978 3149 1029 xu;
3182 962 3365 1018 (Ecu-

1804 1045 2021 1101 menius
2050 1063 2205 1114 super
2238 1047 2332 1118 Ep.
2377 1052 2447 1104 ad
2481 1047 2600 1106 Gal.
2646 1067 2766 1122 cap.
2799 1069 2847 1122 ι;
2878 1053 3178 1127 Theopbyl.
3209 1072 3364 1117 super

1803 1132 2136 1201 lautianm,
2174 1155 2295 1209 cap.
2326 1156 2441 1203 xm,
2490 1151 2543 1198 et
2579 1145 2773 1213 repetit
2801 1159 2851 1199 ε.
2891 1162 3078 1213 sxvu;
3118 1146 3360 1204 Hilarius

1801 1230 2147 1283 comment.in
2178 1230 2395 1296 ΜαιιΙι..
2417 1249 2541 1289 can.
2580 1235 2630 1300 l;
2655 1235 2976 1292 Ambrosius
3002 1238 3056 1292 in
3087 1236 3257 1307 Epist.
3288 1238 3359 1293 ad

1803 1317 1982 1375 Galat.
2032 1335 2152 1390 cap.
2197 1337 2236 1386 ι,
2282 1332 2336 1378 et
2378 1324 2689 1394 Cajetanus,
2755 1324 2991 1383 ibidem'J
3034 1328 3356 1400 Oppositum

1802 1425 2022 1467 sensere
2067 1411 2425 1485 Hieronymus
2451 1417 2700 1473 adversus
2754 1417 3073 1482 Heluidium,
3101 1422 3361 1491 Augusti-

1800 1514 1938 1564 nus,
1993 1516 2158 1557 serm.
2210 1502 2278 1556 14
2326 1505 2379 1556 in
2413 1504 2711 1561 Nativitate
2744 1506 2989 1573 Domini,
3024 1508 3167 1565 Beda
3206 1524 3360 1568 super

1800 1607 1915 1658 cap.
1954 1608 2005 1645 v1
2046 1591 2238 1657 Marci,
2279 1600 2333 1649 et
2382 1597 2472 1650 alii
2518 1598 2849 1654 recentiores
2908 1601 3000 1670 qui
3063 1601 3358 1657 secundam

1799 1685 2122 1739 sententiam
2147 1725 2162 1749 ,
2193 1693 2450 1757 tanquam
2508 1690 2681 1761 magis
2717 1691 3049 1761 probabilem
3107 1700 3162 1747 et
3209 1678 3362 1749 rece-

1800 1783 1943 1844 ptam
1965 1776 2285 1834 defendunt.
2320 1778 2435 1834 Non
2474 1790 2559 1837 est
2589 1793 2766 1837 tamen
2821 1784 3029 1840 silenda
3079 1786 3360 1841 temeritas

1799 1874 1851 1921 et
1896 1868 2243 1937 impudentia.
2274 1872 2329 1926 in
2379 1880 2598 1928 sanctos
2651 1873 2839 1931 Patres
2884 1873 3110 1930 Gerardi
3177 1874 3361 1932 Vossii

1798 1960 1951 2029 {quid
1979 1961 2123 2015 enim
2157 1962 2209 2016 id
2239 1962 2449 2019 facinus
2477 1963 2776 2020 libertatem
2801 1965 3108 2036 appellem),
3126 1967 3217 2035 qui
3249 1966 3362 2037 pri-

1799 2068 1941 2106 mam
1972 2053 2329 2108 asscrtionem
2360 2069 2530 2109 ausus
2560 2054 2632 2108 sit
2655 2070 2874 2119 vocare,
2898 2071 3006 2111 non
3036 2058 3171 2111 satis
3204 2058 3350 2125 piam

1797 2159 1897 2198 nec
1928 2144 2305 2209 orthodoxam,
2338 2153 2729 2216 portentosum,
2776 2148 3353 2219 impudentiusculam,

1797 2246 1861 2287 ac
1890 2232 2071 2289 minus
2113 2240 2352 2297 cautam,
2402 2243 2567 2304 prout
2621 2235 2857 2290 humana
2911 2237 3184 2292 interdum
3255 2238 3360 2291 fert

1796 2322 2083 2394 fragilitas,
2114 2324 2259 2395 quod
2306 2327 2765 2395 prrestantissimi,
2798 2342 2862 2383 ac
2903 2328 3207 2384 doctissimi
3245 2328 3351 2383 viri

1794 2414 2119 2483 quandoque
2147 2415 2467 2483 dormitant,
2495 2416 2668 2473 fuisse
2723 2420 2805 2473 sic
2848 2418 3072 2483 dictam,
3103 2420 3188 2474 vel
3216 2419 3356 2474 scri-

1794 2505 2217 2576 ptam.ldeoque
2267 2523 2573 2565 sermonem
2616 2511 2671 2565 in
2713 2512 3197 2567 Annuntiationem
3229 2527 3356 2567 san-

1792 2598 2048 2653 ctissime
2067 2597 2157 2653 Dei
2175 2598 2463 2655 Genitricis
2486 2600 2667 2656 Μαι-διε
2686 2603 2778 2672 qui
2798 2603 2987 2673 incipit
3020 2618 3034 2655 :
3066 2604 3236 2657 Πάλιν
3260 2620 3355 2675 χα-

1794 2688 1891 2754 ρᾶς
1933 2688 2239 2757 εὐαγγέλια,
2281 2692 2441 2744 πάλιν
2465 2691 2773 2763 ἐλευθερίας
2809 2695 3120 2764 μηνύματα,
3156 2696 3354 2765 διεβίω

1792 2780 1896 2832 sub
1922 2776 2150 2835 Joannis
2190 2780 2565 2851 Chrysostomi
2622 2785 2843 2839 nomine
2884 2786 3213 2854 evulgatum,
3240 2793 3295 2839 ct
3320 2799 3354 2839 a

1793 2865 2148 2935 Lipomanno,
2174 2866 2375 2923 Davide
2414 2869 2744 2933 Hmschelio,
2792 2879 2849 2926 et
2902 2874 3042 2936 aliis,
3075 2874 3191 2943 ipse
3224 2889 3354 2945 pro-

1793 2965 1911 3025 pter
1937 2958 2074 3013 banc
2107 2959 2417 3027 opinionem
2440 2961 2506 3016 de
2528 2960 2784 3032 Jusepbo,
2810 2970 2863 3017 et
2890 2978 2949 3017 re
2973 2967 3163 3017 uxoria
3182 2966 3352 3034 ipsius

1794 3055 2063 3101 anteacta
2120 3057 2376 3119 tanquam
2427 3051 2706 3121 indignam
2755 3053 3167 3123 Chrysostomo,
3216 3052 3351 3109 Gre-

1796 3139 1948 3207 gorio
2013 3137 2419 3211 Thaumaturgo
2484 3144 2721 3198 ascribit.
2789 3144 3108 3209 Considera,
3159 3146 3351 3211 lector,

1796 3239 2028 3285 mentem
2090 3234 2324 3288 hominis
2380 3250 2647 3303 aversam,
2692 3252 3023 3306 perversam.
3077 3238 3353 3293 Assertio-

1795 3336 1938 3385 nem,
1974 3338 2133 3391 quam
2165 3325 2378 3393 dignam
2410 3336 2593 3381 Censet
2646 3336 2725 3381 tot
2774 3344 2837 3382 ac
2879 3330 3043 3384 tantis
3099 3328 3353 3387 Patribus

1793 3412 1994 3469 Graecis
2030 3424 2082 3470 et
2133 3416 2354 3485 Latinis,
2416 3419 2695 3489 indignam
2731 3431 2888 3476 vocat
2934 3421 3346 3492 Chrysostomo.

1795 3504 1850 3558 Si
1880 3507 1981 3560 hoc
2012 3523 2256 3563 asserere
2314 3526 2423 3564 non
2488 3519 2571 3565 est
2622 3512 3008 3580 orthodoxum,
3034 3517 3128 3568 sed
3160 3530 3348 3584 parum

1792 3598 1960 3666 pium,
1997 3607 2394 3667 portentosum,
2458 3603 3034 3670 impudentiusculum,
3068 3619 3131 3659 ac
3167 3607 3351 3661 minus

1792 3705 2007 3742 cautum
2062 3691 2117 3745 in
2175 3691 2584 3762 Chrysostomo,
2638 3695 2909 3764 quomodo
2954 3697 3122 3766 pium,
3164 3696 3350 3753 ortbo-

1790 3778 2009 3843 doxum,
2050 3781 2308 3849 prudens,
2340 3794 2580 3849 cautum,
2623 3801 2687 3839 ac
2720 3786 2939 3841 minime
2973 3795 3348 3857 portentosum

1792 3869 1845 3922 in
1876 3870 2168 3941 Gregorio?
2189 3888 2308 3943 ego,
2340 3890 2408 3929 ne
2433 3877 2485 3928 in
2520 3884 2599 3929 tot
2633 3874 2823 3931 Patres
2846 3877 3079 3945 injurius
3116 3894 3234 3935 esse
3268 3879 3349 3934 vi-

1789 3960 1967 4025 derer,
1999 3963 2278 4017 redderem
2306 3962 2499 4020 Vossio
2556 3967 2719 4020 verba
2751 3982 2881 4033 sua;
2914 3969 3007 4023 sed
3058 3970 3224 4041 quid?
3273 3972 3347 4026 ita

1788 4067 1935 4108 nunc
1976 4068 2092 4107 mos
2134 4057 2306 4125 viget;
2338 4056 2409 4109 ita
2464 4072 2610 4111 nunc
2650 4059 2930 4113 servitium
2952 4069 3057 4123 est,
3104 4061 3350 4131 profecto

1789 4145 1980 4199 modus
2014 4145 2198 4200 haberi
2232 4162 2340 4201 non
2380 4155 2577 4218 potest.

1856 4231 2015 4294 ΠΜ..
2047 4235 2142 4289 lin.
2167 4236 2254 4289 '53.
2290 4239 2395 4290 Kal
2419 4242 2452 4292 ό
2471 4239 2798 4307 ἀρχιερεύς.
2830 4239 3125 4312 Gregorius
3153 4241 3348 4313 Nysae-

1788 4343 1922 4383 nus:
1956 4328 2091 4391 Τοὺς
2112 4328 2167 4380 δὲ
2189 4331 2350 4397 ἱερεῖς
2373 4332 2509 4393 τέως
2535 4332 2634 4397 μὲν
2654 4334 2775 4386 καθ’
2803 4337 3089 4407 ὁμοιότητα
3120 4337 3213 4390 τοῦ
3248 4338 3350 4390 Σα-

1790 4419 1957 4490 μουὴλ
1983 4422 2037 4471 ὲν
2058 4422 2167 4481 τοῖς
2204 4421 2376 4488 ἁγίοις
2405 4422 2726 4493 ἀνατρέφειν
2748 4425 2843 4496 τὴν
2882 4427 3067 4479 παῖδα·
3099 4427 3350 4497 αὐξηθεί-

2576 4516 2605 4568 ὂ
2648 4533 2700 4570 τι
2746 4518 3061 4587 ποιήσαντες
3103 4520 3161 4571 τὸ
3208 4518 3350 4586 ἱερὸν

1789 4603 1964 4656 ἐκεῖνο
2000 4601 2173 4671 σῶμα,
2221 4603 2320 4656 οὐκ
2366 4605 2431 4659 ἂν
2472 4609 2551 4666 είς
2580 4606 2669 4659 τὸν
2704 4607 2833 4659 Θεὸν
2867 4609 3239 4681 ἑξαμάρτοιεν.
3277 4610 3351 4664 Τὸ

1793 4693 1889 4762 μὲν
1921 4693 2028 4763 γὰρ
2063 4692 2352 4759 ὑποζεῦξαι
2380 4695 2458 4765 τῷ
2489 4695 2637 4767 νόμῳ
2665 4699 2761 4766 τῆς
2795 4699 3027 4766 φύσεως,
3060 4704 3151 4754 καὶ
3184 4718 3353 4756 κατα-

1787 4782 2046 4836 δουλῶσαι
2074 4785 2241 4855 αὐτὴν
2273 4786 2358 4839 διὰ
2393 4786 2483 4839 τοῦ
2506 4787 2681 4857 γάμου
2712 4789 2788 4857 τῷ
2820 4790 3069 4861 ἀγομένῳ
3089 4792 3197 4844 τῶν
3228 4794 3349 4846 ἀτο-

1790 4876 2047 4928 πωτάτων
2084 4876 2276 4931 ἐδόκει.
2331 4879 2623 4949 Ἰεροσυλία
2663 4880 2769 4950 γὰρ
2808 4880 3062 4951 ἄντικρυς
3090 4883 3346 4955 ἐνομίσθη

1787 4964 1928 5017 θείου
1957 4965 2301 5035 ἀναθήματος
2322 4962 2603 5037 ἄνθρωπον
2625 4970 2871 5035 γενέσθαι
2892 4970 3095 5041 κύριον.
3130 4973 3349 5044 Ἐπειδὴ

1787 5054 2056 5124 κυριεύειν
2089 5058 2151 5108 ἐκ
2172 5056 2281 5108 τῶν
2307 5056 2482 5126 νόμων
2503 5060 2531 5110 ὀ
2552 5057 2690 5128 ἀνὴρ
2722 5058 2923 5128 ἐτάχθη
2949 5060 3048 5129 τῆς
3069 5062 3348 5127 γυναικός.

1786 5145 1857 5196 Τὸ
1886 5146 1941 5197 δὲ
1969 5150 2078 5209 τοῖς
2112 5148 2350 5217 ἱερεῦσιν
2370 5148 2519 5211 ὲντὸς
2538 5148 2645 5201 τῶν
2665 5150 2975 5222 ἀνακτόρων
3001 5154 3351 5221 συναναστρὲ-

1789 5235 1978 5303 ιρεσθαι
2004 5243 2284 5311 γυναῖκας,
2319 5242 2411 5294 καὶ
2438 5242 2494 5293 ὲν
2516 5246 2626 5305 τοῖς
2659 5245 2831 5310 ἁγίοις
2865 5245 3089 5315 ὁρᾶσθαι
3111 5245 3229 5299 οὔτε
3262 5248 3348 5299 νό-

1789 5343 1846 5394 μι
1856 5342 1950 5393 μον
1970 5323 2056 5396 ἦν,
2081 5329 2172 5381 καὶ
2194 5330 2307 5398 ἅμα
2328 5330 2402 5399 τῷ
2424 5332 2707 5402 πράγματι
2730 5334 2808 5403 τῷ
2826 5334 3021 5405 σεμνὸν
3041 5337 3101 5387 οὐ
3120 5337 3345 5406 προσῆν.

1786 5410 2199 5481 Βουλευομένοις
2240 5414 2293 5467 δὲ
2326 5416 2506 5478 αὐτοῖς
2545 5418 2672 5487 περὶ
2696 5417 2898 5472 τούτων
2932 5418 3113 5471 θεόθεν
3141 5419 3345 5485 γίνεται

1788 5500 2058 5573 συμϐουλὴ
2088 5502 2267 5557 δοῦναι
2299 5504 2396 5575 μὲν
2416 5505 2584 5577 αὐτὴν
2608 5506 2762 5578 ἀνδρὶ
2786 5506 3079 5578 μνηστείας
3102 5508 3342 5576 ὀνόματι·

131 5567 451 5669 testimoniis
482 5574 702 5643 agitata.
736 5575 982 5635 Celebris
1008 5584 1149 5651 apud
1172 5584 1409 5649 Grarcos,
1444 5602 1544 5643 nec
1572 5603 1681 5642 non

1794 5567 1967 5645 τοῢτον
2086 5567 2320 5647 τοιοῦτον
2344 5591 2502 5660 εἰναι,
2536 5567 2647 5651 οἷον
2671 5567 2806 5668 πρὸς
2829 5567 3074 5668 φυλακὴν
3098 5567 3351 5669 τῆςπαρ-

134 5648 436 5717 Latinorum
461 5668 753 5723 nonnullos
783 5669 883 5724 fuit
927 5648 1114 5743 opinio
1157 5691 1280 5731 eum
1330 5648 1500 5734 fuisse
1533 5680 1682 5746 biga—

136 5758 291 5816 mum,
329 5763 379 5809 et
410 5757 571 5814 aliam
620 5769 743 5817 ante
801 5760 1077 5833 Virginem
1111 5767 1371 5828 habuisse
1426 5787 1673 5829 uxorem.

1784 5682 1962 5746 θενίας
2006 5684 2323 5754 ἐπιτηδείως
2366 5685 2531 5756 ἔχειν.
2581 5687 2793 5759 Εὕρέθη
2830 5687 3009 5742 τοίνυν
3044 5689 3076 5741 6
3128 5686 3345 5758 Ἰωσὴφ,

1781 5768 1888 5825 οἷον
1927 5774 2173 5845 ἐπεζήτει
2214 5779 2241 5830 ὁ
2274 5776 2448 5845 λόγος,
2496 5780 2558 5831 ὲκ
2600 5779 2702 5845 τῆς
2746 5779 2910 5847 αὐτῆς
2958 5778 3129 5849 φυλῆς
3163 5795 3219 5832 τι
3257 5781 3347 5830 καὶ
