4058 6330
192 380 226 435 Ι
239 375 361 433 οιε

1252 388 1317 443 IN
1357 389 1725 452 EUSTATllll
1759 395 2230 458 HEXAEIIERON
2267 403 2496 463 NOTAE.

3328 423 3467 482 1066

189 497 442 547 uratur.
481 486 693 557 Verum,
722 494 849 564 quia
878 497 1140 563 peccaui,
1202 508 1255 552 et
1295 502 1453 570 qusi
1481 520 1641 574 aqua,
1675 524 1768 578 qua

1907 510 2187 583 Ἐϐραίους
2231 515 2541 591 διατεθῆναι
2573 522 2712 576 κατὰ
2750 524 3071 603 φθόνοντῆς
3096 529 3460 602 εὐδαιμονίας,

194 583 431 636 vasculo
461 599 566 637 non
614 591 840 651 tmtur,
880 585 1166 655 uoluptatis
1211 590 1414 660 εἶναι
1468 613 1524 652 es
1568 599 1779 667 impetit,

194 669 417 725 idcirco
437 674 685 743 pracipio
715 673 832 740 tibi,
869 685 926 728 ut
968 678 1108 733 ultro
1158 697 1261 734 non
1290 692 1491 753 partes,
1523 690 1695 760 sisque
1729 693 1784 746 in

194 760 449 828 fratrum
484 779 697 818 ιιιιιιιστο
723 779 927 833 parum
962 784 1026 821 ea:
1060 782 1273 839 peccato
1312 777 1480 840 ιιιειιε,
1506 780 1644 849 quod
1668 784 1781 847 pri-

196 854 467 921 mogenita“
510 854 747 909 ordinem
794 859 1094 925 perdidisti.
1142 862 1337 923 Ruben
1378 871 1533 928 enim
1573 874 1781 930 dormi-

191 951 368 998 verat
414 956 539 996 cum
584 941 711 997 Bala
747 962 915 1003 uxore
956 954 1123 1020 patris
1173 955 1281 1018 sui,
1342 958 1572 1030 ideoque
1624 966 1781 1020 multi

195 1033 721 1105 amrinaruntwost
749 1038 801 1093 id
832 1047 1045 1110 tempus
1067 1044 1334 1114 Iacobum
1366 1065 1490 1105 cum
1517 1052 1641 1108 Bala
1666 1070 1779 1111 rem

194 1136 322 1177 non
357 1122 641 1185 habuisse.
666 1126 961 1182 Historiam
990 1140 1170 1188 tamen
1198 1134 1341 1194 hanc
1368 1139 1446 1192 uti
1492 1139 1696 1197 falsam
1725 1152 1781 1200 et

195 1212 281 1266 ab
318 1208 560 1269 Hebraeis
605 1216 889 1275 conﬁctam
932 1221 1140 1276 refellit
1176 1224 1526 1295 Ambrosius,
1562 1232 1657 1287 lib.
1706 1235 1781 1293 De

194 1298 461 1358 taedia.
507 1302 840 1373 Patriarclt.,
872 1323 992 1380 cap.
1028 1310 1064 1367 2
1091 1328 1103 1363 :
1137 1312 1338 1380 Iudci,
1369 1317 1566 1389 inquit,
1592 1332 1780 1389 putant

195 1389 380 1446 Iacob
400 1393 603 1456 dixisse
629 1399 727 1451 hoc
749 1398 819 1452 ad
847 1398 1048 1465 Ruben,
1068 1407 1192 1473 quia
1215 1421 1335 1458 cum
1362 1410 1652 1465 concubina
1679 1429 1779 1467 uta

191 1478 349 1534 Bato
378 1483 747 1550 concubuerat,
770 1494 819 1539 et
849 1489 1083 1554 patrium
1106 1490 1313 1544 that-unt
1346 1494 1611 1561 polluerat
1637 1513 1656 1560 ,'
1687 1497 1777 1551 sed

192 1569 366 1638 facile
395 1572 727 1640 refelluntur.
756 1575 872 1631 Hoc
896 1579 1033 1635 enim
1055 1591 1169 1634 erat
1193 1590 1317 1635 ante
1338 1593 1579 1653 gestum;
1610 1584 1776 1643 Iacob

193 1671 383 1716 autem
412 1680 514 1718 non
558 1683 622 1721 ea
669 1684 786 1737 qua:
838 1681 984 1739 gesta
1008 1682 1161 1725 erant
1184 1711 1202 1737 ,
1244 1672 1334 1727 ted
1393 1692 1510 1745 qua
1561 1689 1778 1733 ventura

192 1765 358 1808 «aut
388 1757 441 1809 in
483 1760 782 1814 novissimis
814 1760 997 1817 diebus
1040 1763 1311 1834 professus
1334 1776 1413 1820 ut
1454 1785 1510 1823 te
1541 1786 1652 1825 esse
1691 1770 1775 1824 di-

193 1854 436 1901 clarum.

275 1936 392 1992 Col.
423 1939 547 2005 777,
578 1939 672 1996 lin.
704 1940 795 1997 37.
825 1941 877 1995 Ὁ
908 1942 977 1996 δὲ
1003 1943 1239 2012 Ῥουσὶμ
1264 1940 1775 2017 ἡττηθείς-,Βιὼω

193 2026 260 2081 in
280 2037 567 2097 paternum
590 2031 793 2086 lectum
812 2032 1004 2088 rabido
1033 2036 1267 2105 quodam
1288 2039 1473 2096 lurore
1490 2041 1773 2109 insiliisse,

194 2118 436 2189 ideoque
487 2136 711 2193 regnum
759 2134 813 2178 et
864 2127 1257 2192 sacerdotium,
1291 2132 1511 2187 tametsi
1573 2134 1775 2204 alioqui

196 2218 335 2263 natu
384 2213 596 2279 primus
644 2220 813 2277 esset,
856 2230 965 2269 non
1007 2216 1179 2275 fuisse
1230 2231 1621 2288 consecutum,
1676 2223 1774 2280 sed

196 2294 356 2360 Levi,
392 2301 462 2355 ob
501 2303 867 2366 sanctitatem,
910 2316 960 2361 et
993 2311 1273 2377 pietatem,
1321 2322 1376 2369 et
1415 2317 1543 2384 quia
1601 2318 1773 2372 divini

194 2390 427 2446 honoris
456 2407 622 2447 causa
648 2384 1007 2463 cognatorum
1044 2403 1309 2471 sanguine
1354 2420 1551 2463 manus
1580 2408 1772 2477 imple-

194 2482 393 2545 visset,
444 2483 752 2539 sacerdotio
779 2486 1063 2567 donatum,
1118 2500 1171 2546 et
1210 2492 1404 2549 Iudam
1436 2509 1657 2567 propter
1688 2501 1771 2554 in—

195 2580 415 2641 tegrum
460 2572 749 2641 judicium,
787 2583 840 2629 et
874 2585 1080 2632 rectam
1114 2583 1399 2637 scientiam
1444 2588 1649 2656 regiam
1682 2587 1767 2643 di-

190 2664 459 2733 gnitatem
511 2666 819 2722 obtinuisse
872 2668 1116 2724 insinuat
1175 2674 1417 2732 Isidorus
1465 2675 1764 2746 Pelusiota,

194 2753 300 2809 lib.
329 2771 388 2818 ιι,
417 2757 577 2825 epist.
616 2758 707 2822 48,
731 2766 785 2812 et
822 2760 1102 2814 concludit
1129 2782 1141 2816 :
1174 2762 1388 2837 Ἐπειδὴ
1424 2766 1532 2838 γὰρ
1559 2769 1767 2835 πολλοὶ,

192 2846 268 2899 τὰ
298 2848 469 2901 οίκεῖα
498 2851 831 2921 κρύπτοντες
864 2852 1332 2923 πλημμελήματα,
1358 2858 1575 2927 ἑτέρους
1602 2876 1769 2912 κατα-

189 2934 504 2999 δικάζουσιν
524 2955 536 2967 ·
568 2934 721 3003 οὗτος
747 2941 804 2994 δὲ
832 2941 1024 2994 ἑαυτοῦ
1058 2944 1158 3011 μὲν
1187 2945 1626 3016 κατεψηφίσατο,
1667 2950 1768 3021 τὴν

190 3025 256 3080 δὲ
271 3027 665 3097 πεπορνεῦσθαι
688 3030 1031 3099 νομισθεῖσαν
1054 3033 1331 3104 ἀπήλλαξε
1354 3035 1454 3107 τῆς
1468 3040 1763 3113 τιμωρίας·

193 3112 290 3167 διὰ
320 3114 477 3168 τοῦτο
500 3117 728 3180 εἰκότως
758 3119 857 3188 τῆς
888 3118 1164 3187 βασιλείας
1194 3123 1431 3191 ἠξιοῦτο.

266 3205 425 3268 lbid.,
459 3207 555 3260 lin.
593 3210 680 3261 55.
736 3212 1233 3278 Τελευτήσαντος.
1274 3213 1566 3287 Iosephus,
1608 3216 1763 3272 Anti-

191 3295 355 3365 φιὶιη
382 3297 473 3351 lib.
516 3315 551 3352 ιι
575 3316 589 3351 :
610 3299 845 3371 Τελευτᾷ
876 3302 931 3353 δὲ
967 3302 1113 3371 βιοὺς
1157 3304 1251 3378 ἔτι]
1283 3306 1352 3360 τὰ
1393 3307 1568 3361 πάντα
1602 3310 1769 3381 τριῶν

190 3383 381 3439 δέοντα
403 3390 737 3458 πεντήκοντα
769 3392 860 3443 καὶ
890 3394 1103 3457 ἑκατὸν,
1138 3395 1362 3465 μηδενὸς
1385 3398 1483 3467 μὲν
1512 3400 1618 3452 τῶν
1640 3419 1769 3471 προ-

190 3475 365 3545 γόνων
405 3480 739 3548 ἀποληφθεὶς
773 3484 857 3534 ἐπ’
896 3485 1145 3557 εὐσεϐείᾳ
1175 3487 1270 3544 τοῦ
1315 3488 1469 3554 Θεοῦ,
1503 3492 1681 3562 τυχὼν
1712 3494 1769 3547 δὲ

191 3566 447 3637 ἀμοιϐῆς,
491 3566 558 3642 ἦς
588 3572 791 3626 δίκαιον
832 3571 901 3645 ἦν
940 3577 1211 3642 τοσούτοις
1254 3582 1456 3648 ἀγαθὸν
1489 3586 1765 3653 γεγονότα.

205 3658 467 3731 Ἰώσηπος
513 3663 591 3728 δὲ,
648 3669 1099 3738 συγχωρήσαντος
1147 3672 1296 3742 αὐτῷ
1340 3674 1433 3727 τοῦ
1484 3676 1765 3745 βασιλέως,

190 3751 287 3805 τὸν
320 3752 414 3807 τοῦ
465 3759 671 3827 πατρὸς
711 3761 901 3831 νεκρὸν
943 3762 1023 3824 είς
1069 3762 1329 3832 Χεϐρῶνα
1359 3768 1611 3838 κομίσας,
1655 3773 1771 3826 ἐκεῖ

191 3843 389 3899 θάπτει
414 3847 736 3914 πολυτελῶς.
1374 3862 1377 3865 ’

266 3934 376 3993 Col.
408 3938 531 4001 780,
566 3941 660 3993 lin.
695 3942 744 3994 l.
776 3943 886 3997 Καὶ
926 3946 965 4011 ἠ
1010 3947 1360 4013 τερέϐινθος.
1400 3947 1474 4003 De
1510 3949 1632 4018 ejus
1663 3954 1765 4009 mi-

192 4026 442 4081 raculosa
511 4032 765 4100 antiquit.
826 4033 1127 4101 Iosephus,
1192 4038 1269 4092 De
1324 4039 1456 4092 bel!o
1512 4039 1763 4105 Iudaico,

190 4113 291 4169 lib.
325 4131 378 4177 v,
410 4117 690 4174 Δείκνυται
727 4121 782 4175 δὲ
826 4124 932 4176 ἀπὸ
967 4127 1190 4180 σταδίων
1236 4129 1294 4195 ἐξ
1330 4128 1425 4181 τοῦ
1464 4130 1654 4195 ἄστεος
1678 4149 1767 4188 τε·-

192 4206 437 4278 ρέὸινθος
476 4212 725 4283 μεγίστη,
770 4215 861 4279 καί
892 4232 1020 4283 φασι
1056 4218 1116 4269 τὸ
1141 4218 1354 4289 δένδρον
1388 4219 1497 4271 ἀπὸ
1525 4221 1624 4289 τῆς
1649 4222 1765 4276 κτί-

192 4312 328 4361 σεως
357 4299 515 4370 μέχρι
538 4300 631 4352 νῦν
660 4302 933 4372 διαμένειν
954 4322 966 4335 ·
1003 4305 1069 4359 de
1098 4322 1160 4359 ea
1194 4308 1479 4361 Africanus
1503 4326 1515 4359 :
1549 4307 1761 4372 Ἰακὼϐ,

190 4390 517 4461 ἁπαρεσθεὶς
557 4396 666 4456 τοῖς
705 4395 810 4447 ὑπὸ
862 4397 1085 4467 Συμεὼν
1138 4401 1232 4451 καὶ
1273 4398 1402 4451 Λευῖ
1444 4400 1763 4470 πραχθεῖσιν

191 4482 255 4535 ιν
283 4480 520 4551 Σικίμοις
548 4484 632 4538 διὰ
663 4486 760 4554 τὴν
786 4488 883 4557 τῆς
900 4489 1129 4559 ἀδελφῆς

190 4572 419 4643 χωρίους
451 4574 626 4644 θάψας
666 4580 722 4631 ὲν
754 4580 997 4651 Σικίμοις
1027 4582 1121 4644 οὓς
1157 4584 1378 4651 ἐφέρετο
1411 4582 1564 4647 θεοὺς
1612 4584 1762 4653 παρὰ

188 4664 290 4734 τὴν
320 4666 519 4736 πέτραν
550 4669 655 4721 ὑπὸ
682 4671 777 4739 τὴν
818 4671 1126 4743 θαυμασίαν
1157 4675 1483 4745 τερέϐινθον,
1512 4675 1630 4744 ἥτις
1665 4675 1761 4745 μέ-

192 4771 283 4826 χρι
312 4756 405 4809 νῦν
442 4760 520 4821 είς
557 4760 720 4830 τιμὴν
757 4762 867 4815 τῶν
893 4767 1240 4837 πατριαρχῶν
1268 4768 1371 4818 ὐπὸ
1406 4766 1512 4819 τῶν
1544 4767 1763 4836 πλησιο-

192 4845 379 4919 χώρων
399 4853 643 4921 τιμᾶται,
676 4858 911 4926 μετῆρεν
940 4860 1018 4920 εὶς
1041 4858 1233 4929 Βεθήλ.
1260 4859 1471 4929 Ταύτης
1498 4859 1648 4928 παρὰ
1672 4859 1762 4913 τὸν

190 4938 429 5009 πρέμνον
470 4942 569 5011 τῆς
601 4947 910 5017 τερεὸίνθου
948 4949 1130 5031 βωμὸς
1167 4947 1255 5023 ἦν,
1289 4952 1371 5018 ἐφ’
1399 4951 1456 5003 ὃν
1481 4950 1579 5010 τὰς
1608 4953 1761 5003 ἐκτε-

191 5027 334 5092 veta;
365 5032 625 5105 ἀνέφερον
670 5039 727 5090 ὲν
754 5042 873 5103 ταῖς
907 5027 1244 5113 πανηγύρεσι
1279 5043 1377 5111 τῆς
1403 5042 1582 5111 χώρας
1623 5042 1759 5096 ενοι-

194 5137 295 5176 κοι.
335 5120 467 5189 Qute
494 5129 683 5183 ultima
728 5132 893 5189 verba
926 5134 980 5186 in
1016 5135 1276 5195 Africano
1303 5142 1557 5201 corrupta
1590 5136 1660 5187 ita
1690 5151 1758 5188 ex

194 5212 474 5269 Enstathio
498 5221 756 5275 restitue:
777 5222 963 5293 Βωμὸς
985 5221 1073 5295 ἦν,
1103 5227 1186 5295 ἐφ’
1210 5226 1267 5280 δν
1292 5228 1360 5281 τά
1383 5243 1441 5278 τε
1464 5226 1759 5279 ὁλοκαυτιῦ-

194 5321 332 5376 ματα
360 5307 453 5361 καὶ
487 5309 586 5373 τὰς
614 5313 924 5384 ἑκατόμϐας
958 5319 1219 5389 ἀνέφερον
1266 5322 1325 5373 ὲν
1359 5322 1476 5381 ταῖς
1512 5318 1758 5389 πανηγύ-

196 5414 336 5470 ρεσιν
373 5402 422 5453 οί
459 5401 556 5471 τῆς
587 5404 770 5476 χώρας
797 5408 1015 5464 ἔνοικοι.

264 5489 415 5557 lbid.,
453 5492 549 5548 lin.
593 5494 660 5549 Η
712 5500 1021 5569 ﬂamma“;
1061 5518 1205 5573 συμ.
1248 5503 1538 5576 Iosephus,
1575 5512 1749 5582 Antiq.

194 5577 285 5639 lib.
308 5594 342 5632 ιι
362 5599 375 5639 ;
398 5582 715 5650 Δίγυπτῖοις
744 5594 1033 5662 τρυφεροῖς
1066 5594 1159 5657 καὶ
1191 5594 1453 5666 ῥᾳθύμοις
1481 5595 1597 5652 οὖσι
1617 5577 1755 5671 πρδς

194 5667 395 5736 πόνους,
427 5673 523 5730 καὶ
547 5675 656 5729 τῶν
685 5693 744 5731 τε
768 5678 944 5735 ἄλλων
973 5684 1175 5755 ἡδονῶν
1200 5686 1407 5756 ἥττοσι,
1437 5692 1528 5743 καὶ
1558 5691 1622 5763 δὴ
1659 5667 1752 5747 καὶ

196 5760 295 5833 τῆς
326 5765 467 5819 κατὰ
510 5765 913 5842 (φιλοκέρδειαν,
962 5775 1161 5847 «me,
1209 5778 1398 5842 δεινῶς
1446 5783 1581 5852 πρὸς
1611 5760 1752 5849 ’τοὺς

1898 603 2158 675 ὐρῶνιιες
2194 607 2306 687 γὰρ
2334 608 2443 663 τῶν
2483 611 2827 683 Ἰσραηλιτῶν
2862 616 3018 687 γένος
3064 620 3333 692 ἀκμάζον,
3367 629 3464 682 καὶ
3577 680 3583 688 ,

1882 692 1945 745 δι’
1975 697 2176 770 ἀρετὴν
2209 702 2303 754 καὶ
2347 702 2485 773 πρὸς
2523 703 2585 756 τὸ
2630 711 2809 762 πονεῖν
2838 709 3063 778 εὐφυίαν
3102 712 3296 784 πλήθει
3324 733 3462 790 χρη-

1886 786 2069 853 μάτων
2097 790 2195 861 ἦδη
2233 790 2520 865 λαμπροὺς
2557 796 2679 849 καθ’
2721 800 2898 853 αὐτῶν
2927 801 3205 869 αὔξεσθαι,

1883 877 2261 949 ὐπελάμΰανον
2281 898 2294 912 '
2324 878 2402 938 ὧν
2437 887 2487 938 τ’
2520 881 2659 957 ἦσαν
2697 886 2755 943 εὖ
2796 891 2901 944 ὐπὸ
2945 894 3208 966 Ἰωσήπου
3233 913 3464 972 τετυχη-

1882 970 2035 1033 κότες
2061 970 2149 1025 διὰ
2177 974 2370 1045 χρόνου
2401 976 2578 1047 μῆκος
2607 979 2774 1051 λήθην
2798 982 3075 1049 λαεόναέες,
3098 988 3191 1040 καὶ
3221 988 3321 1059 τῆς
3358 970 3461 1061 βα-

1882 1060 2085 1125 σιλείας
2125 1066 2205 1128 είς
2251 1065 2410 1120 ἄλλον
2451 1064 2600 1122 οἷκον
2648 1072 3085 1143 μετεληλυθυίας,
3146 1077 3336 1145 δεινῶς
3362 1060 3462 1136 γὲν-

1880 1149 2101 1221 ύϐριζον
2147 1156 2275 1219 τοὺς
2316 1155 2805 1229 Ἱσραηλίτας,ιιαλ⁴
2856 1165 3230 1239 ταλαιπωρίας
3276 1171 3461 1237 αὐτοῖς

1880 1241 2126 1306 ποικίλας
2160 1246 2435 1301 ἐπενόουν.
2465 1246 2627 1304 Philo
2654 1252 2750 1308 lib.
2792 1254 2869 1308 De
2905 1258 3011 1311 vita
3056 1256 3259 1330 logei:
3296 1276 3314 1315 :
3346 1263 3460 1334 Τῆς

1880 1330 2060 1402 χώρας
2090 1335 2120 1386 δ
2142 1334 2415 1405 βασιλεὺς,
2448 1342 2529 1404 είς
2547 1342 2994 1418 πολυανθρωπίαν
3018 1350 3343 1418 ἐπιδιδόντος
3368 1330 3459 1409 ἀᾷι

1884 1420 1979 1473 τοῦ
2008 1422 2212 1489 ἔθνους,
2239 1426 2421 1491 δείσας
2452 1430 2526 1500 μὴ
2566 1434 2616 1485 oi
2648 1432 2874 1500 ἔποικοι,
2912 1438 3129 1503 πλείους
3155 1444 3453 1515 γενόμενοι,

1882 1510 2228 1588 δυνατωτέρα
2268 1521 2411 1591 χειρὶ
2455 1528 2568 1588 τοῖς
2606 1527 2890 1598 αὐτόχθοσι
2932 1532 3059 1602 περὶ
3091 1510 3323 1604 κράτους
3358 1538 3458 1609 ἀρ-

1881 1604 1981 1674 χῆς
2013 1606 2365 1682 ἁμιλλῶνται,
2397 1612 2496 1685 τὴν
2527 1617 2678 1689 ίσχύν
2709 1619 2888 1673 αὐτῶν
2917 1622 3173 1695 ἀφαιρεῖν
3191 1604 3457 1693 ἐπινοίαις

1875 1694 2246 1769 ἁνοσιουργοῖς
2279 1703 2591 1773 ἐμηχανᾶτο
2610 1725 2626 1739 ο
2652 1709 2744 1761 καὶ
2770 1710 2980 1765 κελεύει
3008 1694 3118 1768 τῶν
3148 1717 3456 1788 γενομένων

1874 1784 1944 1836 τὰ
1984 1786 2082 1856 μὲν
2112 1788 2279 1860 θήλεα
2301 1794 2542 1865 τρέφειν,
2592 1797 2735 1869 (ἐπεὶ
2760 1802 2898 1873 γυνὴ
2923 1802 3011 1857 διὰ
3040 1804 3253 1873 φύσεως
3280 1784 3456 1863 ⁷ἀσθέιι

1875 1893 2021 1930 νειαν
2062 1880 2291 1953 ὀκνηρὸν
2332 1886 2414 1949 είς
2460 1887 2694 1959 πόλεμον
2715 1892 2755 1958 ·)
2792 1892 2862 1946 τὰ
2897 1894 2941 1947 δ’
2974 1896 3181 1967 ἄρρενα
3211 1898 3456 1971 διαφθεί-

1879 1985 2010 2038 ρειν,
2042 1972 2130 2025 ῖνα
2154 1974 2227 2045 μὴ
2258 1974 2463 2049 αὐξηθῇ
2507 1981 2647 2034 κατὰ
2692 1984 2892 2049 πόλεις.
2933 1986 3083 2042 Ἐπεὶ
3121 1991 3455 2066 εὐανδροῦσα

1872 2057 2100 2131 δύναμις
2139 2064 2446 2121 δυσάλωτον
2482 2072 2577 2125 καὶ
2614 2072 3033 2148 δυσκαθαίρετον
3079 2057 3449 2158 ἐπιτείχισμα.

1875 2149 2025 2207 Hanc
2075 2163 2255 2211 autem
2302 2166 2712 2230 oppressionem
2758 2166 3030 2226 Eusebius
3087 2174 3142 2229 in
3189 2149 3451 2232 Clironico

1871 2250 2025 2311 putat
2061 2247 2247 2300 statim
2297 2253 2537 2321 cmpisse
2578 2270 2609 2309 a
2640 2264 2813 2313 morte
2855 2257 3081 2333 Ioseph,
3125 2275 3179 2319 et
3218 2266 3451 2324 durasse

1869 2344 2029 2387 cxuv
2050 2336 2247 2405 annis;
2286 2336 2497 2395 Hebrzei
2540 2343 2593 2398 in
2618 2355 2791 2401 morte
2814 2346 2963 2415 Levi,
2996 2359 3049 2405 et
3073 2351 3302 2410 durasse
3322 2371 3448 2410 cxvl

1870 2427 2065 2489 annis;
2122 2424 2432 2487 Torniellus
2482 2434 2641 2489 initio
2672 2437 2823 2507 regni
2873 2439 3231 2511 Amenophis,
3266 2452 3320 2499 et
3348 2446 3450 2500 du-

1865 2526 2022 2568 rasse
2052 2528 2139 2569 cvr
2169 2519 2366 2586 annis;
2400 2520 2659 2579 Pererius
2690 2541 2807 2580 eam
2828 2527 3057 2585 durasse
3092 2547 3315 2588 Lxxxvu
3347 2551 3447 2590 an—

1866 2604 1953 2660 nis
1976 2621 1990 2671 ;
2021 2606 2308 2665 Cornelius
2334 2627 2364 2665 a
2387 2612 2590 2684 Lapide
2616 2618 2667 2670 in
2688 2620 2858 2686 primo
2886 2624 3058 2688 capite
3076 2621 3249 2680 Exod.
3282 2629 3446 2697 paulo

1867 2707 1991 2752 ante
2021 2701 2359 2758 nativitatem
2406 2705 2625 2777 Moysis,
2681 2718 2735 2766 ct
2776 2712 3005 2769 durasse
3036 2728 3122 2778 xc,
3173 2717 3295 2785 plus
3342 2722 3447 2774 mi-

1866 2799 1971 2841 nus
2039 2790 2221 2855 annis,
2282 2795 2494 2848 scilicet
2535 2798 2721 2851 decem
2781 2802 2942 2857 annis
3002 2812 3129 2859 ante
3180 2806 3442 2879 Moysem,

1866 2884 1922 2933 et
1968 2890 2111 2930 Lux
2176 2881 2338 2936 annis
2390 2884 2606 2941 vivente
2657 2885 2877 2958 Moyse,
2928 2905 3053 2944 cum
3106 2908 3247 2950 Lux
3301 2913 3446 2956 anno

1868 2964 1993 3019 vita:
2043 2982 2154 3021 sua;
2184 2968 2399 3042 Moyses
2430 2989 2495 3030 ex
2554 2991 2635 3041 ea,
2682 2986 2737 3032 et
2786 2995 2850 3035 ex
2897 2981 3135 3055 Aﬂgypto
3189 2986 3446 3049 Hebmos

1868 3056 2079 3113 edux“.

1938 3144 2095 3213 lbid.,
2127 3151 2222 3205 lin.
2252 3152 2340 3206 19.
2359 3149 2463 3222 Εἷς
2488 3156 2554 3211 δέ
2574 3175 2664 3225 τις
2682 3161 2799 3214 τῶν
2824 3164 2981 3231 παρ’.
3005 3164 3277 3238 Iosephus
3298 3171 3442 3227 idem

1871 3238 2055 3297 habet.
2093 3241 2231 3297 Sunt
2263 3246 2429 3301 etiam
2477 3250 2597 3303 alia:
2638 3259 2746 3306 tres
2790 3254 3017 3309 diversa:
3052 3272 3253 3324 causae,
3304 3276 3445 3331 quas

1870 3330 2033 3395 idem,
2067 3340 2121 3387 et
2158 3333 2313 3390 Philo
2347 3341 2720 3407 superioribus
2754 3344 2887 3399 locis
2928 3346 3187 3414 innuunt,
3220 3330 3445 3423 propter

1868 3439 2007 3493 quas
2059 3425 2302 3500 Egyptii
2343 3430 2651 3503 amigebant
2699 3434 2936 3492 Iudteos.
2992 3438 3185 3502 Metus,
3240 3459 3305 3497 ne
3358 3444 3445 3499 in—

1866 3526 2095 3584 gruente
2130 3518 2273 3574 bello
2306 3536 2365 3575 se
2407 3522 2701 3595 iungerent
2732 3527 2982 3584 hostibus
3020 3528 3439 3601 Egyptiorum;

1869 3605 2094 3672 invidia,
2141 3613 2269 3679 quia
2298 3613 2558 3668 videbant
2594 3617 2717 3672 illos
2767 3620 2953 3675 sobole
2983 3638 3296 3689 numerosa,
3322 3626 3443 3696 pul-

1866 3694 2017 3757 chra.
2053 3698 2301 3763 robusta,
2346 3703 2577 3773 aliisque
2623 3708 2790 3762 animi
2829 3711 3050 3765 dotibus
3094 3694 3437 3783 instructos;

1866 3784 2050 3839 odium
2086 3799 2411 3861 conceptum
2446 3810 2509 3847 ex
2535 3795 2851 3852 diversitate
2904 3800 3205 3871 religionis,
3240 3803 3441 3859 indolis

1866 3885 1916 3929 el
1950 3893 2182 3933 morum.

1936 3967 2097 4034 lbid.,
2123 3970 2219 4022 lin.
2249 3970 2341 4025 20.
2372 3975 2772 4044 Προσημαίνει
2794 3978 2874 4046 τῷ
2894 3983 3118 4049 Φαραώ.
3145 3983 3439 4053 Cajetanus

1865 4066 2020 4127 putat
2046 4059 2215 4115 fuisse
2248 4063 2460 4131 origine
2493 4081 2599 4118 non
2630 4066 2965 4139 Aﬁgyptium,
3000 4076 3093 4127 sed
3126 4075 3435 4147 Assyrium.

1864 4148 2092 4213 Quidam
2118 4166 2239 4204 cum
2268 4151 2505 4207 Eusebio
2538 4157 2727 4211 dicunt
2755 4164 2921 4218 tuisse
2956 4158 3253 4235 Mephrem,
3277 4184 3437 4238 quem

1864 4234 2131 4293 Eusebius
2165 4252 2418 4308 quartum
2450 4260 2627 4312 regem
2673 4246 2801 4302 facit
2831 4267 2896 4305 ex
2930 4234 3178 4324 dynastia
3225 4234 3437 4311 decima

1863 4336 2075 4392 octava,
2112 4347 2233 4400 quae
2275 4342 2362 4387 est
2408 4333 2801 4393 Politanorum.
2854 4327 2958 4397 Alii
3004 4355 3218 4415 putant,
3268 4348 3438 4404 fuisse

1864 4419 2199 4487 Ramessem,
2232 4439 2296 4477 ex
2324 4440 2389 4477 eo
2424 4428 2567 4495 quod
2595 4430 2663 4483 ab
2696 4447 2781 4496 eo,
2809 4443 2867 4486 ut
2892 4436 3125 4501 videtur,
3153 4448 3342 4495 vocata
3364 4442 3437 4496 sit

1157 4490 1359 4560 φθορὰν
1388 4492 1465 4553 εἰς
1490 4493 1615 4553 τοὺς
1638 4492 1758 4542 ὲπι-

1868 4512 1996 4566 urbs
2030 4511 2307 4581 Ramesse,
2343 4532 2506 4584 quam
2552 4520 2606 4573 in
2639 4522 2743 4576 hac
2779 4524 3069 4582 afﬂictione
3108 4531 3228 4599 ejus
3272 4532 3434 4600 jussu

1860 4604 2270 4659 aadilicaverunt
2327 4606 2558 4663 Hebraei.
2608 4610 2886 4669 Gcrardus
2938 4616 3205 4674 Mercator
3253 4638 3433 4694 regem

1862 4695 2006 4749 hunc
2061 4709 2220 4753 vocat
2270 4703 2799 4770 Armesesmianum,
2846 4722 3007 4776 quem
3057 4711 3131 4763 ait
3177 4728 3435 4783 regnasse

1860 4802 2033 4842 annos
2062 4804 2207 4855 val,
2243 4801 2296 4845 et
2319 4806 2546 4861 regnare
2576 4797 2807 4863 cmpisse
2838 4797 3077 4866 quinque
3102 4815 3274 4856 annos
3306 4811 3433 4859 ante

1858 4890 2037 4932 ortum
2066 4880 2289 4951 Moysis.
2320 4882 2627 4940 Torniellus
2653 4888 2726 4939 ait
2753 4887 2921 4943 fuisse
2937 4890 3313 4963 Amenophim,
3335 4896 3427 4964 qui

1860 4971 1912 5023 in
1945 4971 2009 5023 18
2037 4971 2288 5042 dynastia
2324 4973 2709 5044 Polytanorum
2746 4981 3011 5048 septimus
3048 4991 3165 5048 est;
3196 4992 3249 5039 et
3285 4985 3430 5042 hunc

1856 5062 2075 5130 quidam
2105 5066 2403 5133 Opinantnr
2430 5067 2597 5122 fuisse
2626 5068 2988 5128 Memnonem.

1925 5152 2087 5216 lbid.,
2132 5156 2230 5211 lin.
2271 5156 2359 5211 9.5.
2394 5158 2577 5227 Ἔργα
2623 5160 2740 5227 μὲν
2787 5161 3011 5228 αὐτοῖς.
3075 5160 3422 5221 Hebraeorum

1857 5245 2176 5299 servitutem
2212 5248 2464 5302 acerbam
2504 5250 3043 5317 pluribusdescribit
3091 5253 3248 5311 Philo
3276 5257 3372 5314 lib.
3405 5272 3421 5309 ι

1856 5332 1932 5387 De
1960 5336 2067 5389 vita
2106 5335 2306 5407 Ηοῃδὶε
2331 5354 2349 5401 ;
2370 5337 2659 5407 Iosephus,
2692 5342 2947 5410 Antiquit.
2981 5345 3075 5400 lib.
3110 5362 3169 5412 tt,
3201 5362 3322 5417 cap.
3355 5348 3417 5417 5;

1855 5428 2172 5484 Ezechielns
2198 5428 2499 5498 Tragtedus
2531 5433 2671 5501 apud
2697 5432 3103 5502 Eusebium,De
3133 5451 3417 5507 prwparat.

1853 5518 2170 5586 evangelica,
2200 5520 2296 5573 lib.
2326 5536 2361 5572 ι.
2398 5520 2473 5577 Ex
2494 5524 2662 5577 nimio
2684 5526 2810 5579 item
2836 5526 3043 5591 labore,
3072 5539 3125 5583 et
3145 5538 3281 5583 testu
3310 5532 3399 5600 plu

1856 5607 1978 5658 rimi
2030 5609 2487 5676 corripiebantur,
2529 5620 2583 5665 et
2634 5615 3007 5669 morielnntur
3050 5625 3234 5685 peste,
3272 5634 3417 5690 quos

1856 5698 2155 5765 insepultos
2202 5701 2560 5769 projiciebant
2590 5702 2846 5775 Egyptii.
2894 5705 3070 5776 Opera
3113 5714 3294 5764 autem
3348 5711 3417 5765 ab

1854 5788 2121 5862 IEgyptiis
2153 5790 2428 5862 imposita,
2461 5793 2695 5864 primum
2719 5794 2955 5857 formare
2986 5799 3157 5855 lutum
3189 5800 3245 5855 in
3275 5800 3412 5859 latc-
