4058 6330
1947 347 2194 406 ιεοιηιδ
2231 346 2507 403 ΑιιΑτιι

626 475 905 546 βούλονται
938 480 1096 542 νοεῖν,
1126 476 1221 530 καὶ
1258 477 1355 547 τῆς
1398 474 1609 545 φύσεως
1655 470 1794 527 εἶναι
1819 473 1911 527 τὸν
1940 474 2189 542 eum:—

2303 484 2413 523 :um
2437 473 2542 524 hoc
2570 469 2894 525 miraculum
2930 477 3172 541 tempore
3192 468 3484 525 Theodosii
3517 469 3877 540 imperatoris

628 569 767 641 σμὸν
794 569 934 623 κατὰ
957 570 1081 631 τοὺς
1112 569 1329 631 τόπους,
1378 569 1433 619 ιν
1472 561 1553 629 οἷς
1593 566 1871 619 ἀπώλοντο
1899 564 1998 632 μὶν
2022 563 2074 614 οἱ
2104 556 2193 614 Al-

625 660 867 730 γύπτιοι,
904 658 1328 731 αισώθησανΐὶ
1363 660 1412 711 oi
1441 659 1698 729 Ἑϐραῖοι,
1751 654 2048 725 πυθώμεθα
2096 655 2194 711 αὑ-

624 752 735 807 τῶν
766 752 819 805 sl
844 768 945 804 που
972 750 1071 820 τῆς
1100 750 1373 819 θαλάσσης
1408 747 1769 819 ἀμπωτισμδς
1816 745 1978 815 μέσον
2004 742 2193 814 τέμνει

627 845 721 897 καὶ
753 842 971 903 κόλπον,
1010 842 1103 896 καὶ
1144 840 1333 894 τοῦτον
1380 838 1745 910 σχοινοτενῶς,
1776 836 1915 889 ὥστε
1954 835 2194 905 γυμνοῦν

622 932 713 985 τδν
737 932 1110 1002 κρυπτόμωον
1140 931 1324 993 αὐτοῖς
1352 932 1535 993 τόπον,
1574 929 1668 982 καὶ
1709 929 1882 979 ποιεῖν
1914 925 2033 977 ὁδὸν
2066 924 2197 977 πλα-

621 1023 792 1084 τιταν,
820 1021 1018 1091 μιλλον
1037 1014 1092 1075 δὲ
1116 1021 1267 1084 ὁδοὺς
1288 1020 1520 1083 εὐθείας,
1548 1020 1683 1089 ὅπερ
1706 1017 1832 1080 τοῦς
1857 1016 2195 1088 Ἰσραηλίτας

632 1110 873 1179 παρέσχι
911 1106 1042 1171 Θεὸς
1085 1110 1226 1162 κατὰ
1277 1110 1368 1161 τὸν
1412 1108 1517 1161 sas
1552 1108 1800 1174 λέγοντα-
1842 1125 1861 1157 ι
1901 1104 1991 1177 Τῷ
2037 1120 2198 1157 κατα-

620 1198 848 1250 διελόντι
878 1197 977 1269 τὴν
1012 1198 1278 1269 Ἐρυθρὰν
1297 1199 1567 1253 θάλασσαν
1597 1199 1677 1260 είς
1704 1196 1994 1267 διαιρέσεις
2013 1214 2027 1227 ·
2050 1214 2069 1246 ι
2104 1195 2197 1249 καὶ

623 1290 703 1351 sic
742 1289 799 1341 τὸ
825 1289 1108 1345 θαλάττιον
1142 1290 1315 1362 ὕδωρ,
1356 1289 1569 1360 σχισθὶν
1613 1292 1677 1342 ὲκ
1706 1289 1893 1354 δεξιῶν
1929 1307 1987 1343 τε
2014 1292 2104 1342 καὶ
2140 1288 2197 1355 ιε

622 1380 937 1449 εὐωνύμων,
974 1382 1133 1450 φύσιν
1161 1382 1272 1452 ἔχει
1305 1383 1496 1451 στῆναι
1534 1381 1689 1450 δίκην
1719 1381 1912 1449 τειχῶν
1938 1380 2195 1451 ἀρῤαγὶς,

623 1470 759 1541 ὅπερ
782 1473 875 1523 ἐπὶ
895 1471 1002 1526 τῶν
1037 1474 1382 1545 Ἰσραηλιτῶν
1401 1471 1622 1540 γέγονεν
1644 1472 1747 1538 ὁδῷ
1767 1476 1875 1534 τοῖς
1897 1471 2200 1534 θαλαττίοις

623 1562 809 1626 τόποις
861 1567 1175 1634 χρωμένων.
1234 1568 1295 1619 Εί
1332 1568 1388 1621 δὲ
1422 1570 1697 1621 ἁπιστεῖεν
1745 1568 1827 1619 ὅτι
1864 1564 2037 1618 ταῦτα
2070 1580 2199 1617 ποτα

625 1652 839 1719 γέγονε,
857 1654 944 1707 διὰ
964 1656 1016 1707 τί
1047 1656 1140 1724 μὴ,
1168 1656 1257 1725 τῆς
1281 1656 1421 1709 κατὰ
1442 1658 1607 1728 μέρος
1624 1656 1929 1722 ἀντιλογίας
1949 1655 2198 1722 ἀφέντες,

2291 560 2493 614 imitari
2522 560 2793 617 volentem
2828 562 3015 617 multis
3043 557 3281 618 Hebreis
3302 560 3517 617 excidio
3544 559 3752 627 fuisse,
3776 560 3877 617 80-

2292 658 2493 715 crates,
2526 652 2617 707 lib.
2648 669 2723 707 vn
2758 652 2929 717 Hist,
2956 669 3075 723 cap.
3106 650 3195 709 38.

2361 743 2475 797 Col.
2503 743 2630 809 789,
2656 746 2753 799 lin.
2783 743 2868 799 19.
2901 743 3009 797 Kal
3030 750 3062 799 ὀ
3088 741 3469 814 Ῥαγουῆλος.
3501 735 3872 813 Deﬂaglels,

2293 842 2347 889 et
2376 834 2495 903 ejus
2521 836 2839 904 parentibus
2868 836 3021 904 plura
3052 834 3317 891 Eusebius
3369 836 3448 890 De
3472 836 3877 903 preparation

2294 932 2498 992 δοίης..
2520 924 2614 977 lib.
2639 939 2716 988 ts,
2757 941 2822 979 ex
2846 923 3129 980 Ezechielo
3151 936 3204 980 et
3230 926 3524 990 Demetrio,
3555 927 3651 995 qui
3684 925 3877 981 Jotbor

2297 1021 2351 1066 et
2389 1010 2689 1082 Raguelum
2721 1015 2969 1069 diversos
3013 1014 3162 1082 facit,
3217 1017 3380 1071 tradit
3407 1019 3557 1072 enim
3594 1016 3879 1074 Abraha-

2295 1118 2364 1157 ει
2392 1104 2628 1158 Cetbura
2655 1106 2910 1176 genuisse
2936 1105 3129 1173 Jexas,
3146 1123 3212 1162 ex
3234 1124 3341 1178 quo
3362 1116 3528 1164 natus
3549 1118 3637 1166 est
3669 1110 3882 1177 Man,

2299 1205 2329 1244 ι
2357 1207 2467 1261 quo
2498 1191 2774 1262 Baguelus
2818 1204 2969 1262 pater
2994 1191 3174 1256 Jetho,
3227 1196 3382 1264 cujus
3431 1196 3604 1249 ﬁliam
3663 1195 3886 1267 loyses

2300 1284 2508 1352 accepit
2542 1300 2784 1339 uxorem.
2813 1283 3042 1347 Hebraei,
3073 1284 3320 1355 Lyranus
3347 1293 3401 1339 et
3430 1287 3746 1343 Abulensis
3777 1297 3882 1342 trao

2301 1368 2459 1432 dunt.
2490 1373 2789 1445 Raguelum
2817 1376 2984 1429 fuisse
3016 1376 3480 1443 quadrinomium.
3509 1376 3715 1433 Primo
3742 1379 3885 1432 enim

2300 1464 2601 1518 vocabatur
2647 1465 2868 1537 Raguel,
2910 1466 3079 1521 Exod.
3110 1482 3147 1519 ιι
3178 1472 3231 1519 et
3286 1483 3364 1531 ιιι,
3418 1467 3639 1535 Jetbro,
3696 1469 3757 1522 id
3806 1478 3885 1525 est

2301 1555 2532 1619 Addens,
2572 1557 2686 1626 ipse
2718 1560 2860 1611 enim
2891 1558 3097 1612 addidit
3129 1573 3293 1611 unum
3323 1565 3483 1628 caput
3505 1559 3662 1631 Legi,
3702 1561 3777 1616 de
3801 1575 3889 1615 or-

2302 1646 2581 1703 dinatione
2630 1651 2814 1720 populi
2859 1666 2952 1720 per
2988 1650 3259 1713 tribunos,
3304 1654 3887 1723 centuriones,quin-

626 1743 757 1797 αὐτὸ
784 1745 941 1797 τοῦτο
982 1746 1204 1815 ζητοῦσι
1240 1748 1374 1816 πρὸς
1399 1751 1543 1817 ἡμᾶς
1594 1747 1900 1817 διδασκάλῳ
1932 1746 2201 1816 χρώμενοι

2303 1755 2582 1809 quagenos
2610 1750 2663 1795 et
2684 1741 3131 1806 decanos,Exod.
3175 1759 3327 1797 mu.
3353 1742 3601 1797 Vocatur
3640 1745 3887 1809 Citieus,

626 1837 697 1905 τῇ
736 1804 1007 1905 amnicis:
1034 1804 1250 1891 Μᾶλλον
1283 1804 1486 1907 ’δι’τῆν
1515 1804 1771 1907 ἐλήθειαν
1815 1804 1882 1890 si
1928 1804 2201 1891 2mm

2303 1804 2484 1882 iudic.
2532 1844 2605 1883 tv.
2638 1828 2877 1886 Tandem
2913 1804 3138 1886 vocatur
3191 1832 3399 1895 Hobab,
3439 1836 3494 1888 id
3525 1844 3619 1890 est
3658 1804 3885 1901 Amans,

630 1927 995 1997 δεικνυμένων
1029 1930 1366 1997 πραγμάτων
1402 1926 1794 1999 διδασκόμενοι.
1824 1930 2085 1998 Ἐγχωρεῖ
2104 1929 2202 1998 τὴν

642 2014 910 2085 Ἐρυθρὰν
945 2016 1303 2085 ἁμπωτίζειν,
1342 2018 1415 2087 τιὴ
1451 2020 1547 2088 μὲν
1578 2020 1987 2087 ἐπιτρέχουσαν,
2044 2019 2118 2089 πὴ
2148 2019 2202 2071 δὲ

627 2107 1049 2178 ἀναχωροῦσιν,
1087 2110 1223 2161 Ἀλλ’
1251 2112 1342 2162 ὲπί.
1368 2109 1473 2162 τῶν
1506 2110 1847 2181 Ἰσραηλιτῶν
1876 2113 1973 2163 οὐκ
1995 2107 2062 2182 ἦν
2092 2114 2200 2181 ἀμ.-

628 2198 929 2267 πωτισμός.
987 2198 1110 2261 Πῶς
1159 2200 1267 2270 γὰρ
1314 2202 1374 2252 τὸ
1427 2200 1707 2269 σχισθῆναι
1762 2201 1861 2269 τὴν
1900 2200 2198 2263 Θάλασσαν,

628 2288 721 2341 καὶ
777 2289 1018 2358 παγῆναι
1068 2292 1145 2353 είς
1198 2290 1389 2359 τειχῶν
1452 2291 1639 2343 στάσιν
1698 2292 1782 2361 εἴη
1832 2292 1895 2345 ἂν
1950 2292 2199 2362 ἀμτυωτι-

631 2378 802 2448 σμός;
860 2377 1131 2449 Josephus
1187 2381 1421 2443 dubitat,
1468 2396 1536 2434 an
1596 2380 1794 2435 divisio
1861 2386 1972 2435 ίιαιο
2041 2383 2202 2435 fuerit

629 2472 979 2534 tuiraculosa,
1021 2472 1102 2525 vel
1147 2475 1434 2527 naturalis.
1484 2472 1627 2525 Nam
1682 2487 1729 2527 et
1766 2474 2055 2528 Alexandri
2094 2491 2201 2527 ma-

630 2559 719 2628 gni
744 2560 926 2622 ductu,
962 2561 1157 2631 inquit,
1190 2580 1333 2616 mare
1369 2561 1768 2633 Pamphylicum
1795 2566 1970 2627 cessit,
2007 2575 2057 2617 et
2100 2567 2199 2619 iter

630 2652 859 2718 aperuit,
900 2668 1016 2704 cum
1054 2647 1193 2707 Deus
1229 2655 1340 2721 ejus
1371 2669 1525 2721 opera
1558 2656 1626 2707 ad
1658 2655 2029 2709 destruendum
2071 2656 2197 2710 Per-

631 2757 815 2794 sarum
862 2743 1140 2810 imperium
1199 2746 1275 2796 uti
1326 2745 1654 2800 decrevisset.
1720 2747 1929 2803 Hebraei
1980 2758 2197 2818 negant,

631 2847 766 2887 suos
805 2835 1041 2899 majores
1071 2845 1245 2889 totum
1280 2852 1428 2892 mare
1456 2836 1702 2892 Rubrum
1734 2848 2001 2904 tranasse,
2030 2843 2147 2896 sive
2170 2858 2197 2895 a

630 2927 813 2981 liltore
848 2927 1103 2997 Aigyptio
1135 2932 1186 2981 in
1220 2932 1372 2985 littus
1404 2932 1716 2992 Arabicum.
1749 2934 1840 2987 sed
1874 2935 2017 3002 quod
2038 2951 2200 3005 gran-

631 3017 757 3071 dius
790 3028 895 3076 csl.
937 3026 994 3070 ut
1050 3017 1217 3072 refert
1250 3019 1654 3084 Genebrardus,
1716 3024 2062 3087 miraculum,
2131 3027 2195 3080 ad

2302 1921 2430 1989 quia
2475 1920 2662 1974 dilexit
2702 1923 2870 1992 legem
2918 1923 3032 1990 Dei,
3062 1933 3115 1979 et
3148 1929 3212 1979 ad
3243 1924 3593 1981 Judaismum
3634 1937 3728 1983 est
3758 1945 3890 1983 cono

2303 2026 2514 2073 versus,
2538 2011 2790 2066 utExod.
2828 2030 2971 2067 svnt.
3010 2017 3114 2068 Alii
3146 2018 3485 2084 probabilius
3519 2029 3748 2087 putant,
3780 2018 3889 2075 Ho-

2300 2103 2409 2157 bab
2458 2120 2567 2158 non
2610 2121 2733 2160 esse
2772 2100 3097 2178 Raguelum,
3150 2106 3375 2179 Ragueli
3424 2112 3627 2169 lilium.
3672 2114 3750 2168 de
3782 2127 3889 2185 quo

2301 2192 2521 2249 Numer.
2540 2212 2595 2249 ι.

2372 2287 2533 2351 lbid.,
2583 2289 2679 2342 lin.
2730 2289 2820 2343 20.
2853 2291 3267 2361 ‘Estardperoc.
3329 2296 3543 2367 Moyses
3598 2298 3779 2361 enim.
3832 2308 3887 2355 ut

2301 2375 2655 2446 Epiphanius,
2690 2380 2883 2434 lizres.
2924 2381 3009 2441 78.
3054 2384 3239 2446 tradit,
3268 2394 3557 2454 postquam
3605 2390 3886 2459 propheta

2300 2486 2500 2524 munus
2533 2474 2793 2540 suscepit,
2826 2474 3012 2527 uxoris
3052 2476 3244 2528 notitia
3272 2476 3562 2538 abstinuit,
3621 2487 3682 2532 ut
3717 2496 3885 2550 purus

2300 2568 2408 2611 tam
2441 2566 2642 2613 sanctae
2670 2560 2935 2613 functioni
2969 2571 3217 2626 vacaret;
3251 2565 3395 2633 quod
3436 2568 3674 2619 totidem
3709 2570 3884 2623 verbis

2300 2665 2359 2704 se
2408 2656 2593 2719 postea
2625 2652 2893 2720 reperisse
2924 2652 2980 2704 in
3018 2651 3415 2706 Traditionibus
3443 2653 3694 2711 Hebreis
3722 2662 3885 2713 tradit

2299 2738 2703 2793 Genelirardus.

2368 2830 2527 2893 lbid.,
2559 2832 2653 2884 lin.
2684 2832 2771 2887 50.
2790 2832 2841 2883 '0
2861 2832 3121 2901 Μωῦσῆς
3138 2835 3514 2902 ἐτελεύτησε.
3531 2838 3881 2900 Ambrosius.

2300 2922 2396 2976 lib.
2426 2939 2440 2975 ι
2468 2923 2540 2975 De
2564 2922 2696 2977 Cain
2724 2933 2771 2977 et
2800 2923 2948 2990 Abel,
2980 2941 3030 2979 c.
3054 2926 3108 2989 2,
3139 2929 3331 2980 asserit
3371 2928 3617 2999 loysem
3641 2932 3880 2985 nondum

2299 3024 2573 3069 mortuum
2603 3034 2744 3085 esse,
2783 3020 2874 3073 sed
2903 3020 3228 3073 translatum
3254 3023 3319 3075 ad
3351 3025 3641 3077 meliorem
3676 3026 3879 3089 vitam;

632 3110 772 3163 idem
824 3110 999 3175 littus,
1055 3110 1221 3164 ducto
1279 3112 1421 3165 intra
1457 3129 1603 3168 mare
1658 3115 1817 3183 longo
1863 3117 2118 3180 circuitu,
2147 3128 2201 3173 et

2303 3114 2357 3160 et
2387 3122 2510 3160 cum
2551 3108 2812 3176 scriptum
2841 3116 2945 3171 est,
2977 3124 3100 3162 eum
3135 3125 3257 3164 esse
3298 3120 3601 3173 mortuum,
3654 3112 3878 3181 intelligi

632 3201 790 3269 quasi
826 3201 1191 3261 semicirculo.
1225 3206 1367 3257 unde
1395 3205 1627 3273 ingressi
1670 3205 1882 3260 fuerant
1914 3212 2205 3265 revertisse

632 3291 883 3361 probant.
944 3290 1080 3357 Quia
1126 3294 1403 3347 hatrebant
1450 3297 1526 3353 lin
1578 3297 1795 3350 deserto
1858 3296 2031 3353 Etlian
2080 3309 2205 3355 ante

632 3382 948 3440 transitum.
990 3382 1184 3436 deinde
1229 3391 1352 3451 post
1398 3386 1688 3439 transitum
1726 3388 1781 3440 in
1811 3388 1999 3441 eodem
2032 3405 2090 3443 se
2118 3405 2206 3445 re-

633 3472 887 3540 periunt;
918 3472 1009 3525 ubi
1048 3488 1141 3540 per
1175 3482 1287 3527 tres
1311 3473 1429 3529 dies
1456 3476 1631 3544 vagati
1678 3488 1857 3531 castra
1886 3488 2095 3547 ponunt
2149 3481 2205 3533 in

633 3558 805 3623 Hara,
830 3560 1128 3615 Esoil.ui.
1152 3564 1354 3619 Deinde
1376 3582 1526 3620 mare
1556 3565 1799 3621 Rubrum
1832 3568 2022 3621 dividit
2039 3568 2205 3640 Egy-

632 3659 783 3723 ptum
818 3655 885 3705 ab
921 3653 1141 3714 Arabia.
1174 3671 1280 3709 non
1306 3672 1334 3709 a
1364 3664 1511 3711 terra
1544 3666 1751 3712 sancta.
1809 3658 1922 3713 lmo
1943 3676 2071 3713 vero
2096 3677 2205 3715 non

632 3740 733 3794 fuit
774 3756 997 3795 necesse
1036 3751 1094 3795 ut
1143 3746 1558 3812 ingrederentur
1608 3762 1777 3806 mare.
1811 3749 1915 3801 nisi
1967 3757 2026 3801 ut
2077 3751 2203 3803 sub-

634 3841 974 3900 mergeretur
1000 3828 1233 3888 Pharao.
1266 3834 1535 3904 Josephus
1570 3848 1620 3890 et
1647 3840 1818 3892 nostri
1854 3840 1920 3893 de
1944 3840 2123 3893 littore
2149 3841 2205 3894 in

632 3919 806 3975 littus.
859 3922 1019 3991 Alii“
1050 3938 1188 3991 quos
1242 3927 1491 3993 sequitur
1544 3926 1806 3995 Origenes
1858 3930 2045 3983 homil.
2079 3932 2112 3986 5
2154 3935 2206 3985 in

633 4009 897 4072 Exodum,
934 4012 1314 4069 chebrardus
1349 4018 1403 4069 in
1435 4018 1838 4084 psalm.cxxxv,
1873 4019 2207 4089 Epiphanius

634 4101 826 4156 h:rres.
849 4104 936 4168 64,
970 4104 1258 4170 aliirmant,
1293 4123 1442 4161 mare
1487 4107 1730 4164 Rubrum
1774 4112 1943 4166 fuisse
1973 4114 2206 4166 divisum

630 4192 689 4246 in
722 4194 1006 4247 duodecim
1040 4199 1334 4260 sectiones,
1362 4201 1431 4252 ita
1467 4202 1583 4269 pari
1616 4218 1803 4270 gressu
1839 4220 1934 4273 per
1968 4206 2098 4258 illud
2126 4207 2207 4258 in-

632 4284 885 4337 cederent
950 4286 1233 4342 duodecim
1297 4291 1507 4357 tribus,
1584 4296 1834 4360 quzelibet
1902 4297 2044 4349 enim
2109 4310 2207 4350 sua

632 4376 876 4429 sectione
904 4376 1211 4434 incedebat.
1252 4376 1409 4434 Philo
1437 4394 1639 4444 tamen,
1669 4381 2065 4450 Theodoretus,
2097 4388 2207 4441 Eu-

2307 3215 2419 3253 non
2450 3198 2516 3252 de
2545 3198 2763 3253 interitu
2795 3200 2885 3272 qui
2942 3198 3001 3252 lit
3038 3217 3133 3269 per
3186 3203 3584 3271 separationem
3617 3204 3816 3257 anima
3851 3218 3877 3255 s

2308 3304 2559 3357 corpore,
2595 3288 2688 3343 sed
2724 3289 2791 3344 de
2819 3291 3177 3347 translatione
3211 3292 3277 3345 ad
3315 3292 3528 3345 felicem
3573 3299 3633 3346 et
3667 3293 3876 3347 beatam

2306 3379 2493 3431 vitam.
2534 3378 2614 3431 llli
2664 3380 2965 3433 assentitur
2992 3379 3228 3435 Hilarius
3263 3378 3629 3437 Pictaviensis
3658 3384 3711 3435 in
3740 3383 3879 3437 llat-

2309 3470 2523 3532 tlurum,
2554 3485 2677 3524 can.
2708 3470 2799 3524 20.
2832 3470 2977 3525 Idem
3003 3488 3069 3526 ex
3112 3472 3503 3527 recentioribus
3543 3474 3717 3527 tradit
3755 3477 3879 3529 Am-

2308 3560 2525 3615 brosius
2544 3561 2872 3617 Catherinus
2903 3563 2957 3616 in
2978 3563 3106 3617 illud
3130 3562 3218 3627 Ill,
3237 3562 3306 3617 24
3324 3561 3521 3620 Cenes.
3549 3585 3561 3617 :
3586 3565 3881 3621 Collocavit

2308 3665 2428 3705 ante
2478 3653 2786 3719 paradisum
2842 3655 3124 3722 voluptatis
3186 3656 3450 3710 cherubin.
3518 3656 3584 3710 Et
3644 3660 3697 3712 in
3749 3659 3878 3713 illud

2306 3740 2438 3797 Gen.
2452 3758 2510 3803 si,
2533 3744 2566 3795 8
2586 3742 2955 3799 :Plautsuerst
2979 3744 3235 3799 Dominus
3253 3746 3558 3815 paradisum
3578 3747 3753 3805 Eden.
3783 3751 3881 3808 lie-

2313 3835 2469 3900 brtei,
2525 3850 2649 3888 eum
2697 3836 3024 3890 translatum
3070 3842 3253 3892 vivum
3301 3842 3642 3905 existimant,
3709 3859 3880 3910 quare

2309 3923 2466 3977 Philo
2509 3928 2818 3995 sepulcrum
2868 3928 2990 3993 ejus
3040 3944 3149 3982 non
3181 3930 3412 3984 inveniri
3464 3931 3663 3987 scribit
3708 3935 3879 4005 :ﬂcpl

2309 4010 2383 4069 ὧν
2419 4014 2789 4089 ἱερουργοῦσιν
2816 4015 2980 4073 Ἅϐελ
3011 4038 3070 4073 τε
3095 4021 3189 4073 καὶ
3218 4022 3355 4074 Κάῖν
3388 4019 3578 4091 δίδωμί
3611 4040 3696 4085 σε,
3722 4026 3872 4095 φησι,

2308 4107 2438 4160 Θεὸν
2463 4108 2680 4180 Φαραώ.
2716 4110 2847 4173 Θεὸς
2890 4111 2947 4163 δὲ
2977 4111 3209 4179 ἔλλειψιν
3245 4111 3278 4179 ἢ
3330 4112 3621 4181 πρόσθεσιν
3656 4114 3758 4166 οὐκ
3790 4116 3878 4166 ἀν·

2309 4199 2488 4268 ἐχεται
2507 4200 2737 4270 πλήρης,
2752 4202 2846 4253 καὶ
2876 4202 3143 4263 ίσαίτατος
3163 4201 3237 4253 ὢν
3252 4202 3449 4270 ἑαυτῷ.
3468 4203 3607 4273 Παρ*
3624 4204 3655 4256 ὃ
3676 4206 3875 4274 καὶτὴν

2308 4291 2481 4358 ταφὴν
2507 4290 2720 4355 λέγεται
2763 4291 2895 4359 μηδὲ
2939 4286 3017 4353 εἷς
3045 4292 3237 4343 εἰδέναι
3269 4290 3478 4345 τούτου.
3528 4294 3627 4357 Τίς
3672 4295 3781 4366 γὰρ
3814 4297 3875 4349 ἂν

2310 4377 2515 4445 γένοιτο
2545 4380 2726 4443 ἱκανὸς
2754 4381 2850 4450 τὴν
2875 4380 3008 4449 πρὸς
3034 4380 3104 4432 τὰ
3124 4381 3252 4434 ὅντα
3280 4382 3684 4450 μετανάστασιν
3709 4386 3870 4455 ψυχῆς
3892 4374 3905 4393 ⁴

632 4463 872 4533 tliymius
896 4465 947 4517 in
983 4468 1173 4534 psalm.
1206 4483 1381 4521 cxxxv
1415 4473 1630 4524 unicam
1655 4482 1863 4526 tantum
1894 4474 2063 4530 fuisse
2095 4486 2200 4531 tra-

2311 4470 2517 4533 τελείας
2539 4472 2866 4541 κατανοῆσαι
2895 4489 2909 4534 ;
2940 4471 3079 4525 Idem
3104 4473 3299 4541 repetit
3324 4475 3376 4526 in
3411 4474 3516 4528 line
3547 4476 3645 4531 lib.
3681 4477 3756 4532 De
3776 4480 3870 4531 cits

633 4552 789 4607 dunt.
818 4554 907 4609 Sic
937 4558 1097 4610 etiam
1131 4558 1478 4615 Hebraeorum
1513 4564 1601 4615 illa
1630 4567 1850 4620 traditio
1867 4575 1970 4629 est,
2002 4570 2202 4623 tribum

631 4640 794 4705 Juda.
823 4645 1180 4717 ejusdemque
1210 4651 1401 4705 ducem
1428 4650 1752 4719 Aminadab,
1792 4660 2006 4715 caeteris
2033 4664 2203 4731 trepi-

634 4735 913 4801 dantibus,
971 4740 1203 4808 primum
1256 4743 1560 4812 ingressum
1592 4765 1713 4803 esse
1765 4766 1937 4814 mare,
1976 4752 2204 4823 ideoque

637 4828 839 4879 tribum
870 4826 1009 4881 Juda
1026 4831 1280 4900 deinceps
1315 4831 1485 4888 fuisse
1516 4836 1766 4904 primam.
1799 4849 1851 4892 et
1880 4840 2073 4894 ducem
2104 4842 2205 4895 ali-

637 4932 815 4979 arum,
838 4922 1191 4990 meritamque
1205 4938 1325 4978 esse
1354 4940 1599 4994 regnum,
1624 4936 1679 4981 et
1710 4929 1813 4983 huc
1846 4930 2012 4986 alludi
2041 4933 2202 4990 Cant.

635 5010 787 5074 v1,“
827 5012 1049 5063 :Anima
1074 5030 1185 5067 mea
1204 5016 1532 5070 conturbavit
1562 5036 1639 5073 me
1666 5032 1875 5089 propter
1912 5026 2201 5095 quadrigas

633 5101 954 5165 Aminadab;
983 5113 1034 5157 et
1061 5102 1213 5160 Oscae
1246 5123 1321 5167 ιι.
1357 5110 1422 5162 12
1455 5128 1468 5164 :
1511 5108 1683 5165 Iudas
1726 5124 1898 5166 autem
1936 5118 2203 5171 descendit

637 5193 784 5245 testis
818 5209 935 5246 cum
971 5194 1098 5258 Deo,
1134 5206 1183 5249 et
1222 5215 1339 5250 cum
1374 5202 1570 5255 sanctis
1599 5203 1791 5271 ﬁdelis.
1836 5203 2203 5279 Hieronymus

637 5285 983 5341 traditionem
1033 5288 1171 5342 hanc
1210 5289 1445 5346 fabulam
1493 5302 1671 5351 vocat.
1729 5297 1904 5366 Hujus
1937 5303 2203 5357 transitus

635 5378 890 5447 vestigia,
930 5386 985 5431 et
1033 5387 1241 5436 tractus
1295 5400 1555 5440 curruum
1604 5397 1959 5460 rotarumque
1992 5394 2202 5448 orbitas

636 5484 879 5530 manere.
935 5476 1285 5542 repararique
1336 5485 1448 5531 tum
1481 5496 1535 5531 ιιι
1575 5481 1771 5543 littore,
1811 5489 1925 5536 tum
1979 5484 2034 5538 in
2083 5486 2203 5554 ipso

638 5562 771 5614 tnari
826 5560 1011 5616 Rubro
1054 5567 1218 5619 tradit
1247 5566 1494 5633 Orosius,
1537 5572 1629 5625 lib.
1683 5590 1733 5637 ι,
1761 5589 1879 5643 cap.
1916 5576 2014 5641 10;
2062 5578 2204 5632 idem

637 5650 876 5704 insinuat
926 5651 1192 5710 Diodorus
1230 5659 1285 5711 in
1311 5660 1530 5715 Catena.
1572 5660 1704 5717 Illud
1739 5665 1863 5719 item
1914 5667 2203 5721 ridicalum

634 5747 740 5803 cst,
793 5742 1261 5814 pseudo-Moysem
1298 5751 1587 5817 quemdam
1628 5750 1965 5822 Cretensem,
2007 5754 2204 5812 Mosai-

2306 4558 2508 4631 Hoysis
2528 4602 2542 4621 ,
2570 4574 2621 4615 et
2653 4563 2807 4617 rabbi
2837 4564 3055 4616 Samuel
3099 4563 3510 4619 Ilarlocbianus
3539 4568 3639 4621 lib.
3675 4568 3750 4623 De
3784 4571 3869 4623 ed-

2304 4665 2456 4705 ventu
2500 4653 2729 4715 Μειδίας,
2765 4670 2924 4722 quem
2952 4652 3122 4708 Judaei
3162 4665 3363 4709 temere
3392 4668 3741 4727 exspectant,
3766 4661 3868 4716 hac

2304 4745 2465 4799 habet
2494 4760 2611 4814 cap.
2641 4745 2707 4798 12
2743 4764 2755 4797 :
2792 4745 2862 4797 De
2888 4744 3068 4815 Moyse
3092 4748 3249 4798 etiam
3276 4763 3377 4799 non
3392 4760 3469 4802 est
3502 4749 3866 4814 dubitandum,

2303 4836 2426 4905 quin
2449 4837 2515 4888 sit
2557 4837 2611 4888 in
2650 4838 2777 4889 ca'lo
2810 4838 2863 4888 in
2909 4852 3123 4904 corpore
3158 4848 3206 4889 et
3235 4843 3431 4901 anima,
3473 4851 3530 4893 ut
3571 4841 3705 4895 dicit
3742 4844 3867 4899 Des-

2306 4935 2403 4979 ter.
2434 4942 2617 4991 xxxw,
2642 4927 2675 4981 6
2702 4944 2713 4977 :
2754 4944 2773 4977 ι
2799 4926 2947 4979 Dixit
2968 4927 3104 4982 Deus
3132 4929 3199 4981 ad
3239 4929 3472 4999 Moysen:
3511 4948 3529 4984 :
3562 4936 3795 4990 Ascende
3818 4938 3863 4988 is

2305 5029 2530 5072 montem
2555 5030 2726 5080 nocte,
2746 5028 2797 5072 et
2821 5036 3019 5073 morere
3039 5020 3130 5084 ibi,
3148 5032 3196 5075 et
3220 5024 3451 5076 ascendit
3475 5024 3529 5077 in
3548 5037 3793 5089 montem.
3820 5040 3861 5082 et

2304 5120 2540 5163 mortuus
2562 5120 2635 5162 est
2656 5109 2725 5161 ibi
2750 5125 2767 5173 ;
2790 5120 2838 5162 et
2867 5112 3078 5163 nescivit
3092 5112 3243 5165 homo
3265 5115 3564 5183 sepulcrum
3582 5118 3698 5183 ejus
3721 5135 3862 5187 usque

2303 5201 2356 5253 in
2390 5200 2697 5254 hodiernum
2730 5200 2889 5253 diem.
2920 5220 2939 5252 ι
2970 5200 3035 5254 Et
3069 5203 3195 5271 quid
3219 5203 3511 5275 signiﬁcat,
3543 5210 3685 5277 quod
3706 5209 3863 5276 sepslo

2300 5306 2449 5344 crum
2470 5292 2583 5358 ejus
2610 5299 2686 5344 est
2712 5291 2944 5359 ignotum
2961 5294 3013 5344 in
3038 5301 3200 5356 terra,
3224 5292 3341 5346 cum
3364 5297 3473 5362 ipse
3494 5296 3597 5363 fuit
3627 5299 3860 5365 propheta

2303 5381 2496 5452 major,
2538 5393 2588 5437 et
2618 5384 2851 5437 sanctior
2880 5384 3024 5449 aliis,
3066 5387 3170 5441 nisi
3209 5387 3346 5450 quod
3376 5388 3515 5443 Deus
3546 5394 3859 5445 resnseitssit

2302 5492 2441 5539 eum,
2470 5485 2519 5527 et
2560 5478 2845 5543 assumpsit
2882 5492 2999 5529 eum
3041 5479 3092 5531 in
3135 5495 3371 5548 corpore,
3418 5491 3470 5534 et
3513 5484 3858 5547 animum“:

2305 5568 2438 5620 alios
2458 5567 2632 5635 justas
2664 5570 2968 5636 assumpsit,
2998 5580 3047 5623 et
3073 5570 3290 5625 elevavit
3311 5572 3381 5624 ad
3408 5573 3585 5627 locum
3605 5576 3697 5629 sibi
3721 5577 3857 5630 ειπιῖ

2374 5659 2534 5721 lbid.,
2587 5660 2682 5714 lin.
2717 5660 2807 5715 52.
2864 5662 2971 5717 Kal
3006 5663 3204 5733 ἐξάγει
3246 5667 3375 5718 τόν.
3430 5668 3743 5737 Artapanus
3772 5665 3855 5722 ile-

2306 5757 2480 5812 brieos
2515 5773 2609 5827 per
2644 5756 2863 5828 triginta
2894 5774 3067 5817 annos
3112 5762 3166 5815 in
3202 5762 3424 5818 deserto
3449 5772 3678 5835 vsgatos
3713 5763 3855 5819 fuisse
