4058 6330
111 409 271 469 ιοοι

1169 406 1238 464 1N
1272 406 1647 469 EUSTATBII
1678 405 2151 465 ΒΕΧΔΕΜΕΒΟΝ
2189 404 2423 464 ΝΟΤΕ.

3272 405 3411 463 1069

115 522 337 578 scribit
369 542 383 579 :
414 522 555 589 Τοὺς
586 522 647 578 δῦ
682 520 989 587 Ἰουδαίους,
1046 522 1410 592 διαφυγόντας
1473 525 1567 581 τὸν
1616 525 1704 581 κίν

1832 538 2084 594 superior
2102 523 2368 589 substitit,
2386 530 2441 579 et
2463 522 2748 587 intumuit,
2765 522 2990 579 assidue
3009 524 3169 594 aquis
3187 522 3413 580 afﬂuen‘

114 614 320 679 δυνον,
359 615 655 688 τριάκοντα
685 612 783 683 In;
828 612 888 664 ἂν
913 613 981 684 τῇ
1032 612 1225 684 ιρήμῳ
1253 612 1557 685 διατρίψαι,
1604 614 1731 687 ppe-

114 720 330 776 κοντος
352 703 650 769 αὑτοῐςντοῢ
672 702 815 757 θεοῦ
844 703 1073 774 κρίμνον
1106 705 1292 776 ὅμοιον
1324 702 1533 776 now,
1588 706 1728 775 χιόνι

117 799 530 869 παραπλήσιον
558 796 658 869 τὴν
690 796 878 867 χρόαν.

198 888 330 943 Col.
353 888 478 953 789,
505 888 583 941 lin
629 886 720 941 54.
742 890 807 940 οι
834 888 947 958 γὰρ
961 888 1158 958 χάριν.
1177 888 1478 961 Antiquum
1502 906 1730 962 peregre

124 977 419 1049 proﬁcisci
475 978 760 1049 religionis
815 993 946 1050 ergo
1005 982 1253 1036 meminit
1322 989 1377 1037 et
1432 981 1727 1052 Gregorius

123 1072 425 1144 Nyssenus
466 1072 547 1127 De
581 1072 705 1127 Vita
731 1071 792 1129 S.
818 1073 1077 1129 Macrine
1121 1077 1339 1148 uirginis
1363 1092 1383 1130 :
1404 1077 1631 1142 Πάντως
1667 1078 1725 1130 δὲ

122 1165 239 1217 οὐκ
281 1165 621 1235 ἁμνημονεϊς
666 1164 767 1236 τῆς
804 1165 1120 1237 συντυχίας,
1171 1168 1259 1220 ὅτε
1310 1167 1434 1221 κατ’
1461 1168 1626 1240 εὐχὴν
1667 1170 1726 1223 ὲν

134 1253 567 1326 Ἰεροσολύμοις,
617 1256 903 1327 ὲπιφοιτᾷν
950 1258 1180 1330 μέλλων,
1210 1258 1295 1327 ἐφ’
1316 1252 1363 1325 ᾧ
1408 1257 1479 1311 τὰ
1522 1262 1725 1329 σημεῖα

122 1343 238 1413 τῆς
266 1343 360 1397 τοῦ
383 1345 590 1415 Κυρίου
628 1345 717 1399 διὰ
750 1348 952 1417 σαρκὸς
983 1348 1278 1418 ἐπιδημίας
1304 1351 1363 1404 ιν
1387 1350 1500 1412 τοῖς
1530 1347 1722 1413 τύποις

126 1433 271 1489 ίεσῐν
310 1434 644 1507 σννέδραμόν
675 1452 757 1489 σοι
786 1437 931 1489 κατὰ
954 1435 1055 1508 τὴν
1092 1438 1368 1508 Ἀντιόχου
1397 1437 1574 1490 πόλιν.

203 1522 369 1589 lbid.,
396 1526 495 1581 lin.
528 1525 618 1582 57.
657 1525 731 1579 Td
761 1542 820 1580 τε
848 1527 1094 1580 Σιναῖον
1122 1525 1277 1594 ὄρος.
1315 1526 1393 1581 De
1421 1534 1609 1583 monte
1641 1526 1722 1583 Si-

124 1616 250 1679 nai,
295 1617 524 1688 ejusque
568 1618 706 1673 locis
742 1618 917 1673 sacris
972 1618 1131 1686 plura
1174 1615 1372 1672 Petrus
1415 1616 1717 1682 Bellonius,

128 1707 575 1764 Observationum
597 1710 694 1763 lib.
733 1724 788 1774 n,
804 1723 927 1779 cap.
960 1708 1029 1763 62
1053 1716 1109 1762 et
1140 1723 1280 1779 seq.,
1305 1709 1375 1765 de
1406 1724 1519 1780 quo
1547 1712 1718 1765 multa

128 1814 307 1856 sacra
326 1801 786 1870 litterae,insignis
813 1800 903 1855 ille
927 1800 1145 1869 quidem
1168 1806 1224 1854 et
1257 1799 1354 1855 Dei
1379 1816 1504 1855 cum
1534 1800 1717 1871 Moyse

1830 615 2017 685 tibus;
2041 630 2167 671 cum
2192 630 2325 672 vero
2351 615 2682 671 transissent
2704 614 2916 671 Hebraei
2942 630 3053 669 non
3079 615 3287 679 subito,
3312 615 3410 671 sed

1829 708 2033 763 sensim
2083 705 2377 770 detumuit,
2414 704 2769 773 etdenuxit,
2813 720 2885 761 ne
2929 719 3079 775 ripas
3100 715 3155 760 et
3182 720 3411 778 campos

1827 797 2117 864 obrueret;
2166 798 2353 863 tertio,
2389 797 2449 853 in
2489 797 2630 853 mari
2668 797 2945 853 submersi
2975 805 3105 851 sunt
3135 794 3403 868 Egyptii.

1828 887 2011 943 nul!us
2039 902 2167 943 vero
2191 903 2407 944 mersus
2442 894 2528 943 est
2561 888 2617 943 in
2644 886 2917 955 Iordane;
2942 895 3162 957 quarto,
3189 891 3242 942 in
3268 887 3409 943 mari

1827 970 1971 1035 Deus
2000 981 2227 1036 immisit
2258 989 2503 1047 ventum,
2536 979 2605 1034 ad
2642 978 2873 1034 fundum
2900 975 3153 1033 limosum
3186 980 3408 1034 siccan-

1822 1070 1975 1136 dum,
2000 1073 2053 1126 id
2079 1088 2209 1129 vero
2231 1086 2342 1128 non
2370 1072 2501 1127 fecit
2531 1071 2587 1126 in
2618 1069 2877 1137 Iordane,
2902 1069 3034 1141 quia
3064 1070 3186 1139 ejus
3216 1072 3406 1128 alveus

1824 1171 1911 1219 εει
1942 1178 2171 1233 parvus,
2196 1173 2253 1221 et
2286 1179 2575 1220 arenosus.

1893 1253 2054 1322 Ibid.,
2105 1256 2204 1311 lin.
2262 1257 2330 1316 7..
2376 1256 2650 1324 Ἐπιτὴν
2684 1255 2925 1325 ’Ῑεριχάκ
2955 1251 3229 1325 Iosephus
3250 1253 3405 1310 Anti-

1821 1346 1953 1415 quit.
1986 1344 2081 1400 lib.
2121 1362 2195 1411 Iv,
2234 1361 2357 1417 cap.
2384 1347 2418 1401 5
2445 1346 2656 1409 ε-ΙΙόλις
2675 1345 2732 1398 δέ
2758 1348 2905 1398 ἐστιν
2930 1345 3201 1415 εὐδαίμων
3242 1344 3405 1416 αὕτη,

1822 1436 2069 1504 φοίνικάς
2110 1455 2171 1491 τε
2202 1438 2387 1509 φέρειν
2442 1436 2644 1508 ἀγαθὴ,
2674 1428 2768 1489 καὶ
2801 1433 3078 1505 βάλσαμον
3104 1436 3403 1508 νεμομένη.

1819 1525 2076 1597 Ejusdem
2134 1530 2546 1601 t0pographiam
2600 1529 2773 1584 habes
2829 1528 2974 1598 apud
3020 1534 3271 1583 eumdem
3326 1527 3404 1583 De

1820 1620 1953 1675 bello
1973 1620 2102 1676 Iud.
2135 1622 2172 1677 l.
2193 1640 2247 1688 v,
2278 1636 2332 1679 c.
2370 1621 2475 1685 26;
2504 1620 2816 1674 Brocardus
2866 1619 3168 1674 monachus
3214 1610 3269 1673 in
3301 1617 3402 1673 De-

1818 1711 2099 1779 scriptione
2146 1710 2322 1765 Terra:
2345 1718 2545 1766 sancite
2580 1727 2599 1764 :
2635 1709 2771 1764 Item
2806 1726 2839 1762 a
2864 1706 3089 1779 Galgala
3125 1724 3216 1777 per
3242 1726 3400 1763 unam

1818 1802 2020 1855 Ieucam
2044 1813 2230 1858 contra
2261 1804 2513 1858 orientem
2544 1813 2622 1857 est
2652 1803 2760 1857 sita
2788 1799 3023 1866 Iericho,
3053 1803 3238 1857 civitas
3272 1802 3401 1857 olim

128 1892 446 1962 colloquiis,
478 1862 693 1947 el'locisv
713 1892 818 1963 piis
866 1862 1153 1961 sacrisque
1184 1892 1252 1947 ad
1286 1892 1435 1947 hunc
1455 1892 1599 1947 diem
1620 1862 1719 1948 θοι
1749 1862 1790 1921 Β
1820 1892 2053 1963 famosa,
2105 1912 2242 1949 nunc
2295 1903 2471 1950 autem
2501 1894 2657 1949 habet
2685 1903 2802 1950 octo
2840 1862 3055 1961 domos,
3085 1895 3172 1947 vis:
3211 1909 3399 1949 nomen

130 1983 410 2048 rentibus,
447 1996 553 2038 nec
580 1997 691 2037 non
721 1984 920 2039 nobilis
949 1984 1089 2038 diva:
1120 1983 1426 2039 Catherinae
1463 1999 1712 2055 corpore,

128 2080 188 2127 et
225 2073 458 2128 aliorum
484 2082 801 2127 sanctorum
834 2074 1052 2130 duobus
1105 2074 1487 2130 cacuminibus
1521 2075 1715 2132 divisis

130 2169 373 2238 assurgit
405 2166 582 2222 solido
608 2182 766 2231 saxo,
789 2175 843 2222 et
869 2169 1147 2223 variorum
1168 2170 1415 2243 colorum
1446 2170 1712 2239 granulis,

130 2274 259 2332 qua
300 2259 546 2315 diversas
586 2260 791 2330 ﬁguras
821 2258 1064 2314 emciunt
1110 2258 1391 2324 diSliﬂClO,
1446 2262 1715 2316 excelsior

132 2367 266 2422 pars
306 2366 507 2406 nomen
563 2351 737 2418 Sinai,
771 2351 1086 2423 depressior
1134 2350 1315 2406 Horeb
1346 2360 1600 2422 occupat.
1650 2350 1711 2405 1n

134 2443 319 2497 llorcb
350 2442 523 2514 Moysi
561 2443 648 2498 lex
676 2444 825 2509 data,
861 2444 918 2497 in
949 2458 1060 2513 quo
1097 2452 1153 2498 et
1184 2444 1363 2499 adhuc
1392 2444 1446 2498 in
1476 2458 1728 2509 marmo—,

134 2546 230 2587 reo
260 2532 436 2601 lapide
486 2530 687 2603 Moysis
727 2530 928 2602 elllgies
974 2534 1308 2601 conspicitur
1332 2532 1400 2585 ad
1443 2534 1709 2588 amussim

134 2623 425 2691 impressa.
462 2622 516 2676 In
551 2622 682 2676 Sina
712 2637 911 2692 corpus
953 2632 1156 2677 sancta:
1187 2622 1498 2678 Catherinat
1521 2624 1588 2677 ab
1612 2640 1709 2678 an-

132 2716 270 2785 gelis
297 2714 640 2783 deportatum
670 2721 773 2779 est,
805 2715 948 2784 quod
980 2731 1270 2785 progressu
1302 2716 1562 2782 temporis
1591 2729 1707 2768 mo-

130 2806 295 2860 nachi
323 2805 523 2859 montis
554 2806 754 2858 accolae
780 2806 836 2857 in
866 2808 1028 2858 imam
1060 2815 1265 2873 partem
1294 2805 1495 2857 montis
1528 2802 1708 2860 lioreb

131 2898 490 2967 deportarunt
541 2904 600 2951 ut
628 2904 805 2951 tutum
862 2897 933 2949 ab
974 2896 1225 2951 hostibus
1270 2904 1701 2950 conservarent:

129 2992 305 3045 multa
334 2998 462 3046 sunt
498 2989 554 3043 in
588 2990 689 3043 hoc
734 2996 919 3043 monte
963 2988 1299 3041 admirabilia
1342 2987 1433 3040 illa
1464 2988 1703 3056 quidem,

133 3083 478 3151 maximaque
516 3096 622 3133 non
665 3080 886 3150 indigna
930 3078 1423 3133 animadversione.
1468 3078 1591 3133 Haec
1630 3079 1706 3133 le-

130 3184 252 3227 ctor
290 3174 387 3227 tibi
442 3174 789 3227 communico
847 3179 977 3241 typo
1020 3174 1242 3236 montis,
1292 3186 1456 3240 quem
1512 3171 1641 3223 olim
1673 3184 1703 3222 a

131 3266 415 3319 monachis
455 3264 581 3318 inde
618 3263 844 3317 Romam
880 3263 1218 3317 venientibus
1247 3266 1455 3332 accepi,
1487 3270 1540 3316 et
1570 3262 1704 3315 alio-

129 3372 252 3410 rum
296 3356 628 3417 testimonio,
674 3357 767 3423 qui
810 3356 926 3408 loca
957 3355 1046 3407 illa
1090 3356 1411 3417 inviserunt,
1462 3356 1703 3424 apprime

132 3447 276 3510 ﬁdo;
323 3448 440 3501 loca
478 3436 933 3516 quemadmodum
981 3447 1066 3500 bis
1106 3436 1441 3516 temporibus
1489 3462 1702 3501 nuncu-

127 3547 329 3606 pantur
362 3536 415 3588 in
454 3537 603 3590 calce
633 3533 881 3605 esposui.

204 3625 365 3686 lbid.,
398 3625 494 3678 lin.
530 3624 617 3678 37.
665 3624 807 3691 Hap‘
836 3614 885 3687 ᾧ
922 3623 1030 3691 τὰς
1059 3624 1436 3693 νομοθεσίας.
1465 3622 1701 3681 Crassus

127 3731 288 3772 error
341 3715 632 3769 Alexandri
686 3715 1067 3785 Polyhistoris,
1113 3718 1204 3783 qui
1258 3717 1353 3778 ait,
1399 3717 1541 3785 apud
1594 3717 1700 3770 He-

129 3807 307 3861 braeos
345 3806 625 3859 mulierem
665 3804 955 3872 quamdam
999 3803 1163 3873 μωσὼ
1202 3803 1392 3866 fuisse,
1427 3820 1548 3873 qua:
1580 3820 1697 3859 eum

132 3897 301 3965 legem
342 3894 583 3962 scripsit,
618 3906 726 3961 qua
773 3884 948 3945 Iudaei
997 3901 1245 3954 utuntur,
1286 3893 1391 3946 hoc
1442 3900 1526 3947 est
1586 3893 1699 3947 Mo-

132 3987 331 4041 saicam
356 3986 523 4054 legem
555 3981 866 4041 Iudaeorum
908 3994 1015 4033 non
1046 3995 1077 4033 a
1097 3980 1300 4050 Moyse,
1324 3995 1483 4047 quem
1518 3980 1698 4034 nullus

133 4077 215 4130 vel
244 4075 311 4130 de
339 4076 493 4143 plebe
531 4075 809 4133 minimus,
862 4074 951 4141 qui
990 4071 1205 4141 quidem
1244 4070 1460 4125 Iudaeos
1492 4080 1695 4135 nosset,

130 4170 383 4238 ignorare
413 4167 609 4236 potuit,
641 4168 739 4221 sed
769 4168 838 4227 ab
877 4166 981 4219 hac
1016 4164 1243 4217 muliere
1270 4164 1471 4216 dictam
1504 4163 1693 4218 fuisse.

200 4256 358 4324 lbid.,
396 4259 493 4313 lin.
534 4258 626 4314 40.
674 4258 974 4327 Ζητητέον
1011 4257 1078 4309 δὲ
1112 4258 1165 4309 oi
1193 4256 1243 4311 ἐ.
1276 4253 1440 4309 Plura
1490 4256 1558 4309 de
1597 4256 1697 4310 hac

123 4350 520 4412 controversia,
569 4357 624 4405 et
677 4366 943 4405 annorum
999 4349 1389 4419 supputatione
1436 4347 1697 4402 eruditis-

123 4444 265 4498 sime
312 4442 501 4496 scribit
546 4439 800 4501 Pererius
840 4444 895 4494 in
933 4458 1050 4511 cap.
1110 4458 1177 4495 xv
1240 4438 1421 4494 Cenes.
1474 4439 1530 4492 in
1587 4453 1693 4509 qua

1819 1986 1959 2041 uilla:
1996 1988 2211 2042 sortita.

1888 2076 2048 2141 Ibid.,
2080 2078 2179 2132 lin.
2216 2079 2301 2133 M.
2346 2077 2457 2133 Καὶ
2484 2077 2654 2133 πᾶσα
2695 2075 2777 2142 τῷ
2824 2076 3040 2144 Κυρίῳ.
3095 2073 3395 2145 Iosephus,

1815 2169 1993 2240 Antiq.
2032 2170 2128 2225 lib.
2156 2185 2211 2234 γ,
2246 2184 2367 2240 cap.
2400 2171 2426 2223 1
2462 2171 2763 2240 ι’Δπειρον
2787 2168 2844 2221 δέ
2884 2185 2937 2221 τι
2967 2168 3171 2238 πλῆθος
3204 2170 3268 2220 ὲκ
3296 2166 3397 2234 τῆς

1813 2257 2067 2323 ἁλώσεως
2090 2258 2499 2331 συναθροίζεται
2538 2258 2780 2332 ἀργύρου
2820 2275 2880 2312 τε
2913 2257 3007 2311 καὶ
3040 2256 3264 2328 χρυσοῦ,
3302 2256 3397 2309 καὶ

1813 2348 2035 2418 προσέτι
2068 2349 2291 2419 χαλκοῦ,
2338 2349 2563 2419 μηδενὸς
2596 2348 2943 2420 παραϐάντος
2978 2349 3049 2403 τὰ
3096 2348 3397 2418 δεδογμένα

1813 2438 1935 2509 μηδ’
1994 2440 2074 2501 είς
2116 2440 2249 2492 ίδίαν
2294 2439 2560 2508 ὠφέλειαν
2600 2440 2739 2495 αὐτὰ
2784 2439 3252 2511 διαπερσαμένων.
3284 2440 3396 2492 Καὶ

1808 2529 1983 2582 ταῦτα
2019 2530 2117 2599 μὲν
2151 2529 2358 2601 Ἰησοῦς
2390 2533 2502 2593 τοῖς
2535 2530 2769 2603 ἱερεῦσιν
2814 2533 2893 2594 είς
2929 2532 3057 2594 τοὺς
3082 2529 3391 2601 θησαυροὺς

1808 2620 2142 2689 παραδίδωσι
2172 2621 2525 2674 καταθέσθαι.

1874 2710 2036 2773 lbid.,
2073 2712 2170 2764 lin.
2206 2712 2292 2766 15.
2332 2712 2450 2779 Τὴν
2478 2714 2658 2765 πόλιν
2689 2714 2851 2766 Οὐατ.
2890 2710 3031 2767 Fuse
3059 2711 3172 2766 hac
3205 2711 3389 2765 omnia

1804 2801 2156 2871 prosequitur
2180 2800 2474 2871 IOseplms,
2502 2804 2701 2872 Antiq.,
2736 2802 2855 2855 loco
2888 2802 2943 2855 d.

1874 2890 2035 2953 lbid.,
2057 2891 2153 2944 lin.
2172 2889 2261 2945 2|.
2287 2895 2348 2944 οι
2378 2890 2445 2943 δὲ
2476 2888 2862 2944 Γαϐαωνῖται.
2880 2889 3079 2945 Eadem
3108 2890 3271 2945 habet
3291 2888 3387 2943 Io-

1808 2981 2037 3049 sephus,
2068 2981 2239 3033 latius
2271 2989 2451 3035 tamen
2483 2996 2544 3034 ea
2575 2988 2783 3034 narrat.

1875 3069 2037 3136 lbid.,
2066 3070 2163 3125 lin.
2188 3072 2279 3126 40.
2300 3072 2621 3141 Ὀργισθεὶς
2649 3070 2737 3126 δέ.
2765 3069 2965 3125 Eadem
2977 3070 3247 3141 Iosephus
3268 3072 3388 3127 loco

1806 3157 1975 3212 dicto.

1874 3247 2040 3313 lbid.,
2058 3250 2158 3305 lin.
2182 3250 2269 3306 52.
2298 3250 2509 3305 ἰναδὲ
2526 3250 2753 3306 τέλεον.
2777 3250 3078 3321 Iosephus:
3100 3252 3269 3307 Ἔνθα
3293 3254 3386 3305 καὶ

1802 3340 1902 3412 τὴν
1934 3342 2026 3394 τοῦ
2060 3342 2194 3395 Θεοῦ
2215 3344 2533 3413 συνεργείαν
2563 3343 2784 3413 ἔμαθεν,
2808 3344 3177 3414 ὲπιμήναντος
3206 3343 3380 3397 αὐτοῦ

1804 3428 2134 3504 βρονταῖςδτε
2164 3436 2257 3487 καὶ
2285 3436 2567 3503 κεραυνῶν
2599 3436 2812 3505 ἀφέσει,
2839 3437 2930 3488 καί
2952 3437 3192 3506 χαλάζης
3216 3453 3386 3489 κατα-

1803 3527 1941 3596 φορᾷ
1964 3524 2203 3595 μείζονος
2225 3526 2325 3594 τῆς
2349 3511 2764 3597 ’συνήθουςπΕτι
2788 3543 2852 3595 γε
2881 3528 2984 3597 μὴν
3016 3529 3108 3579 καὶ
3128 3529 3226 3597 τὴν
3248 3529 3382 3598 ὴμέ-

1803 3634 1900 3687 ραν
1925 3616 2221 3687 αὐξηθῆναι
2251 3616 2432 3681 πλέον,
2455 3618 2601 3669 om
2639 3616 2710 3687 μὴ
2734 3618 3109 3671 καταλαόοὖσα
3135 3619 3230 3684 νὺξ
3261 3621 3380 3671 ἑπι-

1802 3710 1947 3778 σχεῖν
1980 3707 2075 3777 τὴν
2104 3708 2213 3760 τῶν
2239 3707 2503 3779 Ἐϐραίων
2534 3709 2844 3781 προθυμίαν
2871 3710 3181 3765 συνέπεσεν.
3218 3710 3378 3762 Ὥστε

1800 3800 1893 3851 καὶ
1926 3798 2186 3868 λαμϐάνει
2231 3799 2331 3851 οὐκ
2362 3798 2619 3867 βασιλέας
2662 3800 2867 3869 Ἰησοῦς
2899 3801 2955 3853 ἑν
3000 3817 3107 3853 τινι
3138 3816 3374 3870 κρυπτο-

1800 3888 1992 3958 μένους
2023 3888 2275 3958 σπηλαίῳ
2299 3888 2440 3941 κατὰ
2467 3888 2741 3958 Μακχιδὰ,
2766 3889 2861 3943 καὶ
2897 3888 3113 3953 κολάζει
3149 3889 3374 3952 πάντας.

1800 3979 1922 4031 Ὅτι
1961 3979 2018 4031 δὲ
2047 3979 2108 4031 τὸ
2141 3980 2311 4049 μῆκος
2350 3978 2447 4045 τῆς
2491 3979 2705 4048 ἡμέρας
2744 3979 2984 4031 ἐπέδωκε
3016 3978 3135 4030 τότε
3161 3978 3257 4031 καὶ
3281 3979 3376 4031 τοῦ

1800 4070 2066 4140 συνήθους
2106 4069 2397 4123 ἐπλεόνασε
2431 4068 2683 4140 δηλοῦται
2724 4068 2812 4123 διὰ
2860 4068 2968 4122 τῶν
3004 4068 3376 4141 ἀνακειμένων

1798 4162 1855 4214 ὲν
1875 4160 1952 4230 τῷ
1980 4160 2111 4231 ἱερῷ
2148 4160 2510 4230 γραμμάτων.

1866 4252 2026 4315 lbid.,
2081 4253 2176 4305 lin.
2206 4252 2293 4305 56.
2332 4250 2571 4317 Στήσας
2610 4251 2716 4305 τὸν
2749 4251 2945 4319 ἣλιον.
2976 4248 3218 4309 Ioannes
3259 4250 3369 4307 Ke-

1796 4344 1979 4413 plerus
2013 4346 2066 4397 in
2102 4343 2505 4397 iutroductione
2534 4343 2600 4397 ad
2636 4358 2793 4397 suam
2833 4344 3227 4397 Astronomiam
3272 4360 3368 4397 no-

1795 4452 1931 4499 vam,
1954 4443 2013 4489 ut
2051 4436 2305 4503 probaret
2347 4442 2549 4489 terram
2579 4436 2806 4498 moveri,
2827 4436 2995 4490 solem
3016 4444 3183 4498 stare,
3215 4434 3369 4499 dicit,

125 4534 364 4602 reliquas
408 4533 637 4586 aliorum
682 4532 980 4586 sententias
1019 4530 1381 4585 examinanda
1412 4529 1491 4583 uti
1527 4528 1693 4584 falsas
1726 4542 1768 4596 ι)
1796 4526 2037 4596 quotidie
2070 4540 2167 4579 nos
2194 4525 2363 4579 multa
2401 4526 2545 4593 loqui
2577 4539 2699 4577 cum
2729 4528 3010 4581 oculorum
3038 4542 3223 4588 sensu,
3248 4542 3370 4595 quae

120 4635 177 4679 et
229 4625 296 4678 ad
340 4622 709 4677 diilicultatem
748 4623 853 4677 loci
897 4622 1044 4677 illius
1093 4621 1470 4691 explicandam
1502 4634 1695 4690 parum

121 4721 349 4775 idoneas
386 4718 602 4781 refellit,
646 4727 702 4771 et
746 4719 891 4773 hanc
920 4717 1097 4773 nostri
1126 4719 1371 4772 auctoris
1401 4718 1478 4771 uti
1521 4718 1696 4788 legiti-

120 4813 334 4874 tlmam,
379 4824 675 4883 veramque
718 4808 982 4872 defendit,
1028 4810 1222 4882 solidis
1274 4808 1599 4868 rationibus,
1640 4816 1695 4861 et

120 4909 435 4957 sanctorum
489 4898 710 4953 Patrum
761 4898 1182 4954 auctoritatibus
1238 4897 1507 4953 adductis.
1556 4895 1693 4951 Vide

117 4994 284 5048 etiam
313 4989 742 5057 Genebrardum,
772 4998 827 5044 et
862 4990 1100 5045 Delrium
1142 4991 1197 5043 in
1226 5007 1341 5058 cap.
1378 5005 1448 5042 xv
1503 4986 1684 5041 Genes.

186 5082 304 5137 Col.
336 5081 456 5145 792,
500 5083 598 5135 lin.
644 5080 699 5135 ὃ.
747 5080 852 5134 Διὰ
877 5082 983 5135 τοῦ
1007 5079 1329 5150 Ἰορδάνου.
1358 5079 1685 5133 Divisionem

120 5178 290 5229 maris
319 5172 489 5227 Rubri
528 5179 765 5241 quatuor
795 5172 1109 5228 rationibus
1130 5171 1448 5227 dissimilem
1486 5185 1514 5223 a
1544 5169 1686 5223 divi-

120 5264 280 5319 sione
325 5263 424 5316 hac
463 5274 729 5331 aquarum
783 5257 1040 5315 Iordanis
1092 5259 1259 5313 tradit
1316 5256 1605 5312 Cornelius
1655 5270 1686 5309 a

120 5353 322 5425 lapide
351 5354 402 5407 in
432 5367 523 5406 xiv
552 5367 669 5419 cap.
698 5347 851 5403 Exod
894 5349 1114 5404 :Primo
1144 5352 1198 5403 in
1217 5364 1282 5403 eo
1304 5347 1449 5419 quod
1486 5348 1686 5401 divisio

118 5447 291 5500 maris
332 5444 473 5499 facta
517 5451 599 5497 est
634 5457 729 5512 per
764 5441 1001 5510 Moysem
1046 5441 1428 5496 extendentem
1463 5438 1517 5491 in
1551 5437 1682 5491 illud

120 5552 273 5593 suam
327 5537 568 5605 virgam;
602 5532 798 5586 divisio
843 5548 972 5586 vero
998 5530 1257 5586 Iordanis
1299 5530 1441 5583 facta
1474 5538 1557 5584 est
1588 5544 1683 5598 per

118 5629 458 5699 praesentiam
506 5640 646 5678 arcae
685 5622 935 5689 Domini;
970 5621 1233 5685 secundo,
1266 5623 1320 5675 in
1373 5621 1509 5674 mari
1543 5620 1681 5674 divi-

120 5738 193 5778 διε
222 5735 370 5790 aqua!
394 5716 653 5785 utrinque
677 5717 832 5785 quasi
863 5714 1005 5767 muri
1043 5715 1440 5776 constiterunt;
1487 5713 1541 5766 in
1564 5710 1680 5765 Ior-

119 5816 251 5870 dane
291 5826 419 5870 vero
458 5809 684 5865 inferior
709 5822 835 5879 pars
874 5805 1095 5863 deﬂuxit
1120 5807 1172 5861 in
1200 5820 1351 5860 mare
1382 5802 1675 5870 Mortuum,

1798 4627 1948 4673 certo
1974 4617 2180 4672 scimus
2208 4616 2367 4670 aliter
2400 4631 2459 4670 se
2491 4616 2689 4671 habere
2719 4636 2734 4680 ;
2766 4625 2819 4671 et
2849 4616 2993 4670 hunc
3039 4617 3257 4670 modum
3286 4617 3367 4670 lu-

1796 4708 1995 4779 quemli
2030 4708 2195 4762 etiam
2226 4720 2348 4761 esse
2373 4705 2612 4769 Christo,
2641 4713 2695 4759 et
2720 4706 2919 4760 divinae
2946 4706 3243 4775 Scriptum
3284 4706 3368 4760 fa-

1793 4799 2089 4865 miliarem;
2122 4799 2421 4866 loquuntur
2452 4798 2597 4851 enim
2624 4811 2747 4851 cum
2777 4796 3090 4850 hominibus
3128 4796 3367 4851 humano

1794 4890 1976 4957 modo,
2006 4899 2066 4944 ut
2090 4890 2158 4944 ab
2183 4888 2499 4943 hominibus
2526 4888 2921 4957 percipiantur,
2958 4897 3012 4941 et
3038 4895 3263 4940 utuntur
3296 4890 3366 4942 iis

1795 4994 1913 5052 qua:
1940 4991 2066 5036 sunt
2098 4980 2241 5050 apud
2267 4980 2515 5033 homines
2544 4980 2601 5032 in
2628 4978 2904 5041 confesso,
2935 4978 2999 5032 ad
3035 4979 3363 5033 insinuanda

1793 5075 1899 5127 alia
1952 5072 2271 5126 sublimiora
2313 5080 2367 5125 et
2399 5070 2605 5133 divina,
2637 5078 2691 5124 et
2722 5070 2987 5140 exemplis
3009 5084 3175 5124 sacrae
3216 5067 3366 5123 Scri-

1790 5170 1961 5231 ptura:
1995 5162 2374 5216 demonstrare
2420 5168 2688 5225 conatur;
2717 5161 2859 5215 inter
2908 5176 2972 5215 ea
3026 5161 3101 5213 ita
3132 5162 3364 5229 explicat

1789 5254 1937 5307 hunc
1979 5254 2182 5315 locum,
2210 5263 2270 5305 ut
2294 5254 2476 5322 potius
2507 5253 2843 5307 contrarium
2868 5265 2990 5305 esse
3016 5252 3250 5320 quisque
3274 5250 3358 5303 in-

1787 5346 2026 5414 telligat;
2066 5346 2343 5399 concludit
2379 5345 2527 5399 enim
2560 5354 2692 5397 tunc
2726 5352 2927 5398 terram
2965 5346 3203 5403 stetisse,
3238 5359 3359 5414 qua.

1785 5436 2009 5505 perenni
2037 5446 2187 5489 motu
2228 5436 2567 5498 movebatur,
2601 5452 2711 5489 non
2754 5436 2881 5489 item
2941 5438 3131 5490 solem.
3182 5433 3357 5488 Verba

1783 5529 1902 5597 ejus
1932 5537 2057 5582 sunt
2086 5547 2097 5580 :
2136 5525 2318 5580 Facile
2351 5538 2523 5581 autem
2550 5528 2687 5579 Deus
2727 5543 2791 5580 er
2820 5526 2984 5580 Iosue
3031 5526 3357 5593 uerbis,quif.’

1784 5621 1829 5674 is
1864 5620 2032 5678 relict,
2072 5619 2334 5671 inteliexit
2369 5620 2759 5685 :pra’slititque
2798 5618 3014 5670 inhibito
3058 5626 3200 5667 motu
3246 5626 3353 5668 ter-

1783 5729 1877 5775 rte,
1912 5723 1965 5763 ut
2004 5712 2085 5763 illi
2111 5720 2255 5764 stare
2281 5710 2540 5763 videretur
2563 5711 2664 5763 sol.
2698 5709 2978 5763 Petilianis
3004 5709 3137 5761 enim
3172 5704 3354 5757 Iasum

1782 5818 1990 5857 summa
2029 5802 2138 5855 .ltuc
2166 5800 2391 5867 redibat,
2424 5811 2481 5853 ut
2533 5800 2629 5854 hoc
2683 5801 2758 5854 sic
2810 5799 2914 5853 sibi
2956 5797 3118 5851 uideri
3153 5807 3350 5864 posset,
