4058 6330
134 438 331 493 11265

1256 439 1461 494 TITUS
1500 439 1944 498 BOSTRENSIS.
1976 476 2044 484 —
2076 441 2372 499 NOTlTIA.

3287 447 3427 503 ιυυσ

126 547 325 615 dere,
374 554 615 607 miserari
650 571 838 622 parvos
896 555 1105 616 liberos.
1158 558 1407 625 rogitare,
1432 560 1610 612 omnia
1650 574 1747 626 pa-
1776 569 1823 623 Α
1848 563 2016 615 moria
2059 562 2326 616 hominum
2361 562 2587 616 elabitur
2609 605 2623 627 ,
2649 581 2765 616 cum
2795 564 3055 634 beneficiis
3089 564 3203 633 ejus
3240 572 3421 631 [rueno

128 650 320 700 rere.
348 642 593 709 superbia
626 652 781 709 atque
831 641 1032 696 deliciis
1068 645 1302 709 omissis,
1340 646 1439 698 sibi
1468 651 1755 717 patriisque

133 726 436 796 cii/ﬁdere.
469 730 909 801 Theopltylactus
948 733 1292 804 Symocattus
1350 736 1513 795 Hist.
1561 740 1655 792 lib.
1691 760 1702 791 ι
1737 757 1752 793 :

134 819 485 895 Τοιγαροῦν
525 824 735 894 ἡμέρας
790 824 1094 898 κλινούσης,
1137 827 1359 881 ἐδινεῖτο
1410 831 1470 882 τὸ
1510 830 1752 902 κέντρον,

127 916 263 965 καὶ
311 917 341 968 ὁ
371 914 528 982 φόϐος
553 915 787 979 ἐξαίσιος
815 913 903 987 ἦν,
931 918 1005 981 ὡς
1029 922 1123 972 καὶ
1150 920 1275 983 τοὺς
1313 922 1754 990 ἱππομανοῦντας

128 1004 282 1057 ὑπὸ
331 1006 425 1058 τοῦ
470 1007 622 1070 δέους
655 1007 847 1078 ἀθρόον
883 1008 1239 1079 μεθάλλεσθαι
1283 1012 1418 1083 πρὸς
1447 1014 1508 1066 τὸ
1539 1014 1753 1086 σῶφρον

128 1094 333 1166 δίκην
357 1097 557 1150 παίδων
582 1099 638 1149 ὲν
660 1099 846 1170 παιδιᾷ
866 1101 1043 1154 κύϐων
1067 1102 1397 1173 ἀφικομένου
1428 1104 1753 1170 ἐξαπιναίως

130 1187 266 1241 τοῦ
300 1189 668 1261 παιδοτρίϐου.
696 1192 825 1245 Τότε
865 1195 1271 1264 παραπέτασμα
1298 1196 1361 1247 τὸ
1399 1198 1505 1266 πρὸ
1538 1197 1631 1250 τοῦ
1657 1214 1754 1265 γυ-

139 1280 408 1349 μνασίου
452 1281 559 1333 τῶν
596 1283 833 1335 ἱππικῶν
881 1286 1296 1357 ἀγωνισμάτων,
1338 1288 1366 1339 ὃ
1409 1287 1473 1359 δὴ
1505 1288 1753 1359 σύνθημα

136 1367 274 1436 τῆς
306 1370 519 1441 Rapiat;
536 1372 824 1444 ἐτύγχανεν
848 1376 928 1438 ὃν,
960 1382 1317 1449 περιαιρεῖται
1339 1378 1425 1431 διὰ
1448 1380 1535 1431 τὸν
1561 1380 1753 1449 ἀδόκη-

137 1476 261 1512 τον
334 1462 598 1517 κίνδυνον.
663 1466 941 1530 Ἂπαντάς
981 1486 1040 1521 τε
1106 1470 1381 1523 συνέϐαινε
1441 1471 1577 1542 πρὸς
1627 1472 1753 1533 τοὺς

140 1552 360 1622 ἱεροὺς
390 1551 585 1624 aquati;
623 1558 1079 1628 ἐντεμενίζεσθαι,
1105 1560 1476 1631 ὀρρωδοῦντας
1518 1562 1609 1613 τὸν
1658 1562 1745 1615 θά-

139 1658 356 1694 νατον.

243 1734 589 1791 Concludam
621 1740 718 1793 bas
757 1739 1301 1811 notas'pulcltetrima
1335 1742 1600 1797 Lactantii
1630 1759 1756 1797 sen-

140 1830 343 1882 tentia
372 1830 464 1885 lib.
502 1846 561 1895 tt,
605 1847 651 1885 c.
692 1833 711 1884 l
747 1852 759 1885 :
798 1832 938 1886 Nam
972 1844 1080 1887 tum
1115 1837 1339 1887 maxime
1369 1834 1505 1889 Deus
1555 1850 1619 1889 ex
1648 1852 1753 1888 me-

1856 664 1951 716 tes,
1982 655 2228 707 honorem
2266 655 2396 708 dare
2437 655 2626 710 divinte
2676 656 3018 726 indulgentia:
3049 655 3309 710 deberent.
3358 658 3428 709 At

1855 764 1971 800 vero
2005 750 2052 802 si
2089 765 2193 818 qua
2233 749 2515 802 necessitas
2571 750 2747 819 gravis
2796 750 3065 816 presserit,
3092 758 3216 803 tunc
3259 747 3428 801 Deum

1856 840 2197 893 recordantur
2232 858 2249 894 :
2280 842 2327 894 si
2361 839 2484 893 belli
2524 849 2693 893 terror
2740 839 3089 908 infremuerit,
3122 841 3171 894 si
3214 844 3428 893 morbo-

1854 945 1971 981 rum
2008 929 2255 999 pestifera
2311 930 2386 983 vis
2437 929 2753 989 incubuerit.
2802 929 2849 982 si
2898 928 3165 981 alimenta.
3188 928 3427 997 frugibus

1856 1021 2012 1090 longa
2061 1024 2273 1076 siccitas
2322 1022 2671 1091 denegaverit,
2725 1023 2771 1075 si
2832 1038 2971 1075 scena
3025 1029 3324 1087 tempestas,
3380 1018 3429 1071 si

1853 1116 2054 1185 grando
2080 1117 2332 1187 ingruerit
2358 1133 2374 1169 :
2410 1117 2479 1170 ad
2521 1116 2685 1170 Deum
2714 1116 3041 1185 confugiunt,
3082 1131 3115 1167 α
3159 1112 3267 1167 Deo
3289 1114 3424 1183 peti-

1856 1215 1943 1260 tur
1993 1210 2274 1272 auxilium,
2298 1208 2437 1263 Deus
2486 1220 2542 1263 ut
2592 1209 2863 1262 subveniat
2915 1207 3208 1260 oratur:si
3227 1206 3342 1275 quis
3372 1205 3428 1257 in

1855 1302 1992 1352 mari
2035 1308 2181 1354 vento
2222 1300 2461 1352 sazviente
2503 1300 2766 1366 iactatur,
2801 1299 2935 1350 hunc
2989 1299 3216 1359 invocat,
3239 1297 3287 1348 si
3310 1295 3426 1363 quis

1855 1396 2035 1464 aliqua
2056 1394 2107 1445 ὐἱ
2130 1392 2435 1463 aﬂlictatur,
2465 1391 2601 1443 hunc
2629 1392 2870 1461 protinus
2896 1389 3147 1459 implorat
3180 1403 3197 1440 :
3229 1387 3274 1440 si
3307 1386 3424 1455 quis

1855 1483 1923 1535 ad
1976 1492 2264 1537 extremam
2320 1478 2652 1535 mendicandi
2728 1480 3087 1535 necessitatem
3149 1476 3424 1539 deductus,

1854 1574 2045 1627 victum
2079 1552 2315 1641 precibus
2356 1573 2609 1641 exposcit,
2642 1572 2804 1625 Deum
2835 1571 3003 1624 solum
3038 1568 3349 1626 obtestatur,
3375 1572 3427 1619 et

1852 1684 1944 1734 per
1983 1667 2098 1736 ejus
2150 1668 2384 1719 divinum
2430 1676 2584 1735 atque
2631 1681 2845 1717 unicum
2909 1679 3099 1715 numen
3155 1660 3425 1712 hominum

1855 1758 1955 1813 sibi
1995 1758 2412 1812 misericordiam
2453 1756 2665 1825 quierit.
2706 1754 2985 1823 Nunquam
3016 1753 3175 1821 igitur
3200 1748 3294 1802 Dei
3321 1763 3426 1799 ute—

1859 1853 2143 1915 minerunt,
2180 1852 2278 1904 nisi
2320 1852 2444 1904 dum
2474 1852 2527 1903 in
2560 1850 2717 1903 malis
2753 1858 2893 1901 sunt.

152 2030 3406 2061 Μ

1307 2210 1444 2251 ANNO
1480 2211 1664 2251 DOIINI
1701 2210 2252 2250 οεοιιινιιι-ιιινιη
2262 2240 2274 2250 .

482 2374 962 2603 TITUS
1054 2371 2080 2606 BllS’l‘llllNSlS
2180 2375 3121 2610 EPISCOPUS.
3270 2622 3277 2627 .

1397 2891 2186 3047 NOTITIA

967 3152 1257 3215 (Gutum,
1282 3148 1573 3201 Bibliotheca
1605 3159 1692 3202 ret.
1726 3153 1887 3209 Patr.,
1916 3160 1947 3201 t.
1976 3153 2034 3213 V,
2059 3168 2106 3216 p.
2138 3168 2267 3209 τινι.
2293 3160 2410 3214 etp.
2432 3152 2567 3213 269.)

1788 3313 1857 3324 ..—.

229 3431 281 3492 τ.
318 3429 476 3490 Titus
508 3428 711 3489 Bosrrz
752 3431 809 3487 in
864 3432 1061 3488 Arabia
1120 3432 1422 3491 Ecclesiam
1472 3435 1734 3504 regebat,
1768 3450 1809 3503 Β
1833 3436 2073 3507 jusmodi
2102 3435 2292 3491 Patres
2318 3476 2332 3499 ,
2363 3436 2688 3490 honestatur
2719 3443 2907 3491 noster
2938 3435 3171 3491 antistes
3227 3438 3284 3491 in
3336 3453 3423 3494 re-

159 3544 284 3597 quo
311 3520 555 3597 tempore
603 3526 897 3595 imperator
943 3526 1291 3581 renuntiatus
1326 3536 1414 3621 est
1462 3524 1736 3585 Juﬁanus.

160 3619 374 3673 Rerum
425 3619 631 3689 potitus
701 3618 793 3673 ille
854 3626 1136 3686 apostata,
1191 3618 1331 3673 cum'
1372 3618 1738 3675 Ecclesiarum

163 3714 432 3783 praesules
467 3712 814 3780 potissimum
847 3727 915 3766 ex
964 3713 1193 3766 urbibus
1231 3712 1533 3781 ejiciendus
1580 3730 1740 3768 cura-

161 3812 285 3867 ret,
326 3800 617 3857 Bostrenos
643 3803 804 3855 etiam
838 3802 993 3857 malis
1020 3804 1229 3857 artibus
1262 3803 1511 3859 hortatus
1542 3814 1644 3867 est,
1682 3814 1740 3858 ut

162 3892 350 3948 Titum
380 3896 697 3965 episcOpum
744 3902 999 3963 tanquam
1046 3898 1247 3949 civium
1298 3896 1593 3950 delatorem
1640 3914 1737 3951 ex—

165 3986 430 4054 pellerent
465 3985 733 4039 clamaute
775 4001 1039 4052 praecone.
1088 3985 1219 4038 Rem
1257 3994 1445 4039 narrat
1484 3985 1741 4041 Sozome-

164 4092 274 4130 nus
296 4077 394 4146 (a),
417 4076 774 4147 edisseritque
795 4078 1059 4132 Baronius
1090 4079 1186 4148 (b).
1222 4078 1409 4135 Exstat
1439 4080 1737 4135 etiamnum

164 4168 283 4222 haec
311 4167 511 4222 Juliani
548 4172 776 4239 epistola
804 4170 1080 4224 Bostt'enis
1111 4172 1372 4241 inscripta
1402 4175 1470 4243 (ε)
1497 4214 1511 4236 ,
1557 4175 1607 4227 in
1635 4189 1739 4242 qua

164 4260 329 4337 verba
366 4263 622 4314 nonnulla
658 4261 821 4316 refert
852 4263 1049 4331 quibus
1074 4279 1204 4317 usus
1232 4273 1347 4317 erat
1380 4273 1564 4320 noster
1598 4282 1737 4335 prae-

164 4350 253 4405 sul
280 4348 583 4405 Bostrensis
622 4351 675 4403 in
707 4352 888 4405 libello
920 4352 986 4405 ad
1019 4354 1195 4421 ipsum
1224 4353 1501 4408 Iulianum
1527 4357 1700 4410 misso
1721 4396 1736 4419 ,

162 4440 311 4493 unde
340 4441 682 4509 postmodum
708 4443 1001 4512 imperator
1016 4446 1188 4499 eidem
1219 4446 1548 4499 calumniam
1581 4456 1731 4501 stru-

164 4536 264 4585 xit.
318 4529 486 4586 Porro
516 4535 791 4589 exstincto
824 4533 1042 4589 Juliano
1066 4576 1081 4600 ,
1142 4536 1207 4589 ad
1240 4538 1508 4607 synodum
1545 4539 1738 4593 Antiu—

163 4625 393 4678 cbenam
420 4638 479 4679 se
509 4627 738 4680 contulit
768 4642 912 4681 anno
955 4629 1061 4682 563
1114 4643 1143 4681 a
1194 4628 1407 4682 Meletio
1448 4639 1697 4684 coactam
1721 4672 1736 4697 ,

165 4717 324 4785 cujus
350 4717 514 4771 etiam
545 4719 818 4790 synodica
840 4761 855 4785 ,
912 4721 975 4773 ad
1019 4719 1310 4775 Iovianum
1353 4722 1736 4792 imperatorem

1838 3531 1924 3599 gia
1947 3528 2269 3582 venerandae
2294 3528 2635 3597 antiquitatis
2674 3540 2867 3583 catena
2910 3527 3423 3583 Commentariorum

1840 3626 1893 3675 in
1929 3618 2153 3687 Lucam,
2195 3620 2455 3675 consulas
2489 3621 2533 3673 si
2566 3621 2745 3690 placet
2773 3620 3159 3674 Combetisium
3187 3621 3273 3689 (Γ).
3318 3620 3453 3675 Ne-‘

1838 3731 1945 3784 que
1975 3713 2133 3767 aliter
2164 3713 2217 3765 in
2255 3711 2541 3763 Parallclis
2575 3710 2969 3763 Damascenicis
3004 3712 3419 3781 appellatur(g).

1908 3803 1969 3857 ll.
2003 3801 2110 3856 Titi
2141 3801 2453 3856 Bustrensis
2486 3800 2795 3852 doctrinam
2832 3800 3056 3851 maximi
3086 3800 3295 3853 ducunt
3332 3818 3425 3854 ve-

1840 3902 2003 3949 teres.
2030 3892 2172 3947 lnter
2200 3909 2295 3948 eos
2322 3892 2510 3945 Patres
2542 3892 2720 3958 ipsum
2764 3892 2927 3945 refert
2949 3890 3307 3962 Hieronymus
3328 3893 3423 3960 (Ii),

1839 3986 1929 4053 qui
1957 3986 2011 4037 in
2045 3994 2244 4037 tantum
2276 3983 2705 4051 philosophorum
2742 3982 2998 4036 doctrinis
3028 3993 3184 4051 atque
3226 3994 3427 4037 senten-

1842 4079 1928 4130 tiis
1963 4094 2083 4131 suos
2124 4078 2411 4145 refarciunt
2459 4077 2649 4141 libros,
2696 4085 2751 4126 ut
2796 4060 2995 4128 nescias
3042 4076 3166 4146 quid
3214 4078 3269 4129 in
3315 4078 3424 4130 illis

1839 4172 2065 4238 primum
2116 4171 2374 4223 admirari
2434 4170 2658 4231 debeas,
2726 4170 3075 4223 eruditionem
3127 4172 3307 4223 swculi
3356 4188 3425 4223 an

1840 4263 2114 4316 scientiam
2182 4262 2601 4329 Scripturarum.
2691 4260 2756 4314 Et
2818 4261 3155 4317 Sozomenus
3222 4264 3424 4317 multos

1840 4354 2058 4423 quidem
2110 4356 2273 4407 tradit
2328 4354 2389 4423 (i)
2430 4369 2495 4407 ea
2548 4362 2869 4424 tempestate
2916 4355 2971 4408 in
3017 4354 3279 4411 Eeclesiis
3328 4355 3425 4411 ﬂo-

1835 4447 2018 4503 ruisse
2055 4446 2350 4501 admodum
2383 4446 2576 4499 doctos
2631 4456 2685 4499 et
2720 4446 3040 4515 eloquentes
3083 4448 3266 4513 viros;
3326 4450 3424 4503 sed

1841 4555 1951 4611 pra:
2007 4540 2218 4593 caeteris
2273 4537 2455 4590 Titum
2518 4538 2899 4598 Bostrensem,
2977 4539 3419 4608 ἐπισημότατον,

1839 4631 2225 4685 celeberrimum
2263 4631 2539 4699 praedicat.
2604 4629 2838 4698 Scripsit
2884 4641 3062 4684 autem
3095 4631 3420 4701 praclarum

1838 4740 1977 4794 opus
2024 4725 2272 4777 adversus
2327 4722 2651 4776 Municiimos
2707 4723 3061 4777 doctissimus
3107 4722 3267 4776 Pater
3301 4733 3424 4793 post

166 4808 360 4863 oblata:
400 4809 754 4880 subscripsit;
792 4815 1018 4882 ejusque
1075 4829 1270 4869 nomen
1321 4790 1462 4868 inter
1504 4815 1732 4869 aliorum
1763 4790 1807 4850 θ
1835 4790 2035 4870 Juliani
2066 4816 2265 4870 ctedem
2298 4824 2462 4884 atque
2492 4816 2791 4883 imperante
2839 4814 2977 4868 forte
3018 4790 3423 4879 Jovianoiaut

166 4901 545 4969 episcoporum
582 4904 1015 4973 subscriptiones
1045 4915 1322 4975 comparet
1359 4905 1500 4975 apud
1532 4906 1732 4960 Socra-

170 5001 276 5046 tem
306 4991 401 5062 (d).
442 4994 670 5046 Moritur
703 5006 878 5049 autent
908 4999 1001 5050 sub
1058 4996 1289 5058 Valente,
1324 4999 1496 5065 inquit
1548 4997 1735 5052 Hiero-

169 5098 362 5155 nymus
401 5086 507 5155 (e);
545 5086 595 5141 id
638 5095 742 5147 est.
775 5090 966 5144 saltem
998 5099 1124 5144 ante
1148 5106 1348 5143 annum
1380 5090 1503 5144 578.
1547 5090 1619 5144 De
1669 5090 1737 5142 ti.

167 5177 281 5228 tulo
319 5174 501 5229 Sancti
536 5193 645 5246 quo
682 5180 904 5246 perinde
935 5196 997 5233 ac
1045 5180 1274 5235 Irenzeus
1312 5180 1697 5250 Lugdunensis
1722 5222 1735 5240 .

167 5268 625 5338 Clirysostomus,
675 5270 912 5340 Cyrillus
950 5272 1348 5327 Alexandrinus
1392 5274 1592 5342 aliique
1634 5274 1735 5325 hu—

236 5422 313 5495 (ᾳ)
352 5420 570 5495 §nzom.
604 5422 748 5476 Iiist.
784 5425 912 5495 eccl.
942 5425 1037 5480 lib.
1069 5442 1120 5485 ν,
1148 5440 1269 5495 cap.
1305 5425 1391 5484 l5.

258 5493 308 5553 ὁ)
351 5492 546 5565 βίη-οη.
591 5496 655 5545 ad
690 5494 982 5565 anu.‘562.
1020 5495 1045 5565 §
1080 5492 1242 5549 cunt.

167 5562 542 5691 “(Plinium
590 5567 751 5632 epist.
788 5562 878 5628 52,
913 5562 1054 5619 inter
1106 5568 1226 5633 ejus
1275 5564 1413 5634 Opp.
1466 5580 1589 5635 pag.
1629 5564 1732 5618 433

236 5651 293 5687 t.
369 5650 469 5691 IDS.

283 5676 293 5685 .
326 5651 469 5685 bIDS.

236 5650 561 5768 ξίὼιξῖἶῗὲπι.
596 5700 895 5773 Ilist._eccl.
930 5703 1025 5756 lib.
1056 5718 1139 5765 Ill,
1172 5719 1298 5773 cap.
1340 5704 1429 5757 25.

236 5777 302 5845 (ε)
346 5775 567 5845 llieruu.
599 5774 692 5845 lilii.
733 5770 805 5825 De
845 5776 942 5826 vir.
978 5773 1173 5826 illustr.
1210 5770 1332 5845 cap;
1372 5773 1486 5845 ιοὶ.

236 5840 302 5916 (Ι)
341 5844 586 5899 Cmubei.
652 5840 880 5897 Recens.
946 5852 1091 5895 anet.
1166 5844 1232 5895 ad
1284 5840 1434 5896 Bibl.
1496 5842 1732 5897 concion.

601 5939 866 5997 Parnm.
910 5936 1025 5997 Gtt.
1079 5936 1305 5997 XVIII.

1837 5434 1971 5477 tom.
2007 5425 2045 5481 Ι.

1837 4920 1985 4963 certe
2017 4908 2120 4963 sub
2145 4908 2360 4960 initium
2412 4908 2621 4976 imperii
2662 4907 2938 4969 Valentis,
2984 4916 3044 4958 ut
3078 4922 3141 4959 ex
3176 4908 3244 4960 iis
3290 4920 3423 4960 θοι]-

1838 5005 1946 5051 stat
1970 5012 2090 5065 quin
2128 4997 2293 5050 tradit
2334 4998 2563 5066 ipsemet
2597 5005 2788 5049 auctor
2837 4997 2891 5050 in
2943 5000 3057 5050 haec
3114 4996 3279 5050 verba
3332 4994 3417 5066 (j).

1844 5106 1863 5137 ι
1904 5087 2039 5151 Etsi,
2067 5088 2264 5158 inquit,
2290 5090 2539 5142 civitates
2585 5089 2897 5150 concidant,
2923 5090 3066 5141 sicut
3094 5103 3265 5142 uersu
3294 5101 3422 5142 cen-

1840 5179 1980 5249 tlgit,
2013 5196 2133 5232 eum
2176 5181 2265 5233 ille
2316 5182 2671 5247 impiissimus
2728 5182 3057 5251 (apostata)
3111 5183 3422 5235 dominare-

1844 5282 1955 5334 tur,
1986 5267 2073 5323 οἷα
2102 5271 2166 5341 δὴ
2196 5272 2288 5323 καὶ
2319 5273 2553 5342 ΠΡῼΞΙΝ
2610 5272 2703 5324 ἐπὶ
2726 5271 2818 5324 τοῦ
2863 5271 2981 5324 λίαν
3031 5273 3418 5343 ἀσεϐήσαντος.

1912 5441 1971 5476 n.
2008 5441 2045 5481 I.
2073 5441 2124 5493 p.
2160 5441 2249 5478 su.

1912 5500 1986 5563 (g)
2030 5494 2281 5549 Damasc.
2316 5493 2522 5547 Parall.
2558 5493 2717 5547 inira.

1912 5566 1988 5633 (lt)
2033 5565 2250 5618 Itiet'mt.
2292 5568 2449 5631 epist.
2491 5564 2575 5621 70.
2608 5567 2677 5634 al.
2711 5564 2811 5622 8i.
2850 5564 2915 5634 ad
2952 5564 3202 5634 Magnum
3249 5570 3417 5625 om,

1847 5634 1874 5704 §
1910 5653 1979 5695 tv,
2004 5635 2140 5704 Opp.
2178 5643 2308 5687 tom.
2346 5634 2383 5692 Ι.
2419 5650 2537 5703 pag.
2568 5633 2669 5685 4'27
2701 5635 2829 5687 edit.
2872 5633 3068 5687 Veron.

1913 5705 1975 5770 (i)
2018 5703 2233 5758 Soloni.
2268 5704 2410 5757 Hist.
2442 5705 2569 5755 eccl.
2603 5704 2693 5755 lib.
2731 5720 2813 5756 ιιι.
2854 5720 2973 5771 Cap.
3019 5705 3098 5758 l4.

1918 5775 1982 5844 lj)
2022 5774 2128 5830 Tit.
2162 5776 2254 5829 lib.
2289 5790 2327 5828 tt
2360 5774 2476 5828 adv.
2510 5772 2766 5838 Mantele,
2795 5773 2822 5843 θ
2854 5790 2957 5826 ut.

3111 5930 3188 5992 ΒΕ
