4058 6330
664 383 794 437 i067

1865 382 2001 439 TITI
2043 381 2474 437 BOSTRENSIS
2510 381 2816 438 EHSCOPI

3774 392 3901 451 1W8

658 513 713 558 et
741 519 984 567 errorem
1018 503 1334 558 idololatriae
1357 502 1623 557 recoleret
1651 518 1715 558 ac
1736 513 2041 562 renovaret.
2070 522 2088 555 ι
2115 514 2223 558 etc.
2256 512 2302 565 Α
2328 521 2453 560 nam
2500 514 2556 561 et
2596 520 2721 559 cum
2762 504 2914 557 Novo
2960 503 3308 561 Testamento
3370 519 3674 577 congruere
3722 508 3893 573 docet,

734 594 816 650 lll.
890 594 1056 649 Porro
1117 596 1172 647 in
1235 605 1468 665 quatuor
1518 596 1691 650 libros
1745 596 2043 665 dispescuit
2094 610 2232 665 Opus

658 699 821 740 suum
851 685 1157 740 Bostrensis
1185 685 1435 750 antistes,
1466 701 1606 754 quos
1648 686 1807 753 fortes
1840 686 2077 755 appellat
2109 684 2236 741 Hie-

660 791 921 846 ronymus
950 774 1050 845 (α),
1077 785 1129 830 et
1158 777 1352 845 legisse
1399 772 1613 831 videtur
1648 776 1983 847 Epiphanius
2016 775 2093 848 (ὁ)
2141 778 2234 845 qui

661 867 934 923 scribebat
966 882 1110 922 anno
1142 868 1245 922 376
1266 908 1279 931 ,
1330 874 1387 921 ut
1430 868 1662 923 advertit
1720 866 2107 921 Tillemontius
2140 867 2231 936 (ε).

658 960 765 1014 Eos
815 960 942 1014 item
996 966 1259 1013 memorat
1314 958 1457 1028 apud
1510 957 1760 1012 Photium
1804 956 1880 1026 (ά)
1929 955 2236 1027 Stephanus

658 1049 907 1104 Gobarus
938 1048 1219 1111 tritheita,
1266 1050 1358 1117 qui
1414 1056 1467 1103 et
1526 1048 1786 1101 nonnulla
1832 1047 1957 1102 inde
1993 1047 2233 1117 profert;

658 1153 871 1191 necnon
906 1136 1261 1191 Heraclianus
1306 1135 1769 1193 Chalcedonensis
1806 1137 2126 1209 episcopus,
2178 1146 2238 1192 ut

656 1240 850 1284 auctor
877 1241 962 1285 est
1001 1230 1143 1283 idem
1178 1227 1403 1283 Photius
1440 1228 1529 1297 (ε).
1578 1227 1784 1283 Verum
1842 1245 1950 1284 non
2003 1239 2087 1285 est
2148 1230 2236 1285 hic

655 1322 792 1376 illud
848 1321 1246 1383 omittendum,
1300 1320 1443 1387 quod
1498 1320 1723 1374 adnotat
1775 1321 2079 1393 Basnagius
2124 1321 2233 1393 (f):

656 1414 803 1468 hunc
834 1414 1091 1466 nimirum
1113 1414 1398 1481 praesulem
1416 1411 1945 1478 Chalcedonensem,
1966 1414 2062 1484 qui
2088 1414 2237 1469 circa

654 1515 899 1575 tempora
929 1504 1209 1558 Anastasii
1251 1503 1602 1576 imperatoris
1631 1506 1898 1560 claruisse
1935 1503 2111 1559 fertur
2137 1505 2234 1574 (ς),

653 1605 709 1650 et
739 1596 899 1665 cujus
932 1596 1194 1649 doctrinae
1223 1596 1422 1665 placita
1450 1608 1639 1651 sancto
1664 1595 1904 1651 Maximo
1930 1595 2077 1649 haud
2112 1610 2236 1665 pro-

656 1688 780 1741 bata
816 1686 987 1741 fuisse
1019 1688 1386 1756 comperimus
1418 1687 1515 1757 (Il),
1546 1683 1728 1741 Titum
1764 1686 2111 1741 Bostrensem
2152 1701 2238 1739 re-

2333 610 2458 651 esse
2508 598 2764 651 alienam.
2820 594 3123 665 referrique
3181 609 3431 667 oportere
3490 596 3557 651 ad
3599 612 3720 651 eam
3783 593 3895 653 libri

2334 685 2493 755 primi
2532 695 2765 754 partem,
2806 700 2913 753 qua
2954 685 3064 738 duo
3108 686 3347 755 ingenita
3388 686 3681 756 principia.
3739 687 3898 745 duasp-

2334 790 2440 847 que
2474 775 2708 837 radices,
2741 776 2939 828 bonam
2972 774 3219 841 alteram,
3254 776 3480 831 alteram
3511 777 3731 839 malam,
3765 777 3898 832 unde

2336 866 2518 920 omnia
2557 865 2699 920 bona
2729 866 2977 934 malaque
3010 866 3331 933 prodierint,
3366 877 3659 939 oppugnat,
3700 868 3899 923 obiter-

2333 972 2441 1027 que
2473 958 2745 1011 hominem
2779 956 2874 1011 Dei
2904 956 3093 1026 optimi
3127 961 3349 1013 maximi
3392 975 3516 1017 esse
3545 974 3686 1030 Opus
3721 970 3900 1015 osten-

2335 1049 2433 1104 dit.
2492 1049 2629 1103 Addi
2662 1050 2826 1103 etiam
2864 1056 2919 1104 et
2961 1048 3255 1104 editionem
3294 1052 3662 1107 condecorare
3691 1053 3898 1122 potuis-

2336 1150 2459 1199 sent
2505 1142 2806 1213 fragmenta
2833 1158 2898 1196 ex
2942 1141 3046 1195 hoc
3089 1138 3198 1194 Titi
3236 1158 3399 1211 opere
3437 1160 3467 1197 a
3497 1143 3703 1200 Graecis
3748 1144 3898 1199 nobis

2335 1242 2548 1290 servata
2585 1253 2598 1289 :
2629 1232 2935 1302 cujusmodi
2970 1241 3097 1287 sunt
3138 1233 3193 1287 in
3225 1234 3417 1302 primis
3451 1250 3514 1291 ea
3548 1252 3669 1307 qua:
3695 1237 3897 1292 exscri-

2335 1328 2443 1399 psit
2504 1332 2696 1381 auctor
2752 1326 3141 1380 Paralleloruns
3200 1342 3509 1394 sacrorum,
3560 1346 3683 1400 qua
3748 1332 3897 1402 vulgo

2334 1414 2885 1473 JoanniDamasceno
2906 1417 3242 1480 tribuuntur,
3297 1429 3351 1472 et
3401 1435 3430 1474 e
3464 1418 3896 1490 Rupefucaldino

2335 1510 2525 1565 codice
2558 1509 2777 1581 vulgata
2812 1518 2940 1564 sunt
2985 1524 3013 1561 a
3049 1507 3106 1561 D.
3144 1507 3404 1565 Michaele
3437 1510 3699 1581 [.equien.
3737 1557 3752 1569 .
3792 1556 3807 1570 .
3831 1551 3849 1569 .
3877 1549 3890 1568 .

2335 1599 2470 1656 Esse
2517 1610 2696 1657 autem
2728 1603 2782 1655 in
2814 1600 3092 1657 Parallelis
3132 1602 3378 1671 quadam
3406 1606 3746 1661 emendatius
3776 1621 3896 1676 per-

2337 1693 2559 1762 scripta,
2612 1708 2719 1746 non
2747 1700 2830 1747 est
2858 1701 2916 1746 ut
2950 1708 3197 1748 moneant
3223 1713 3236 1748 :
3265 1694 3381 1763 ipsa
3412 1695 3654 1751 locorum
3680 1697 3895 1755 collatio

655 1781 941 1849 ilarguere,
973 1779 1118 1847 quod
1154 1778 1403 1833 scribens
1430 1779 1693 1833 adversus
1746 1776 1957 1830 Addam
2005 1791 2102 1830 seu
2138 1790 2235 1844 po-
2335 1798 2448 1837 rem
2475 1783 2861 1849 manifestat)“,
2906 1803 2925 1835 ι
2959 1791 3066 1840 etc.

654 1870 763 1924 tius
802 1868 1065 1931 Buddam,
1098 1883 1155 1922 se
1204 1866 1530 1923 Manichaeos
1582 1865 1828 1922 refellere
1875 1863 2224 1925 existimarit.
2260 1857 2303 1912 Β

654 1960 845 2029 iniqua
898 1958 1059 2027 plane
1109 1972 1361 2011 censura.
1415 1956 1523 2011 Fac
1567 1959 1709 2011 enim
1738 1997 1752 2020 ,
1798 1938 2041 2010 Budd‘am
2100 1962 2223 2011 ante

653 2051 832 2118 ipsum
856 2046 1122 2101 Manetem
1159 2046 1427 2101 hrreseos
1453 2046 1801 2101 Manichaicze
1827 2046 2104 2101 exstitisse
2126 2060 2224 2099 au-

653 2150 885 2204 ctorem,
911 2150 1005 2194 aut
1034 2140 1080 2195 si
1127 2140 1323 2206 mavis,
1355 2155 1523 2193 unum
1560 2155 1625 2193 ex
1656 2138 1945 2193 duodecim
1976 2136 2221 2207 ejusdem

656 2230 883 2283 Manetis
918 2228 1201 2297 discipulis
1233 2226 1421 2289 fuisse,
1457 2236 1514 2281 ut
1543 2244 1608 2282 ex
1649 2227 1811 2281 Petro
1838 2227 2025 2281 Siculo
2069 2228 2135 2295 (i)
2170 2234 2223 2280 et

654 2321 847 2376 Photio
899 2321 963 2389 (j)
1012 2321 1336 2375 erudimur:
1373 2336 1497 2374 cum
1534 2332 1713 2375 tamen
1749 2320 2001 2389 discipuli
2035 2334 2225 2373 erran-

652 2423 761 2467 tem
790 2411 1042 2466 assectati
1082 2411 1435 2481 magistrum,
1503 2412 1556 2465 in
1611 2412 1899 2480 praecipuis
1954 2410 2223 2478 capitibus

649 2503 997 2565 conveniant,
1024 2502 1269 2571 adeoque
1314 2500 1498 2557 Manes
1548 2517 1657 2555 non
1710 2517 1867 2555 secus
1906 2515 1969 2554 ac
2002 2500 2222 2555 Buddas

648 2594 929 2656 docuerit;
968 2608 1074 2645 non
1124 2602 1241 2647 erat
1288 2594 1567 2648 enimvero
1595 2608 1694 2647 cur
1723 2592 1880 2646 Titus
1909 2607 1974 2646 eo
2004 2594 2222 2647 nomine

649 2685 1135 2755 reprehenderetur
1166 2725 1179 2749 ,
1243 2687 1335 2755 qui
1397 2684 1525 2738 dum
1574 2683 1816 2738 Buddam
1864 2685 2218 2754 perstrinxit,

648 2776 911 2830 Manetem
949 2792 1163 2845 quoque
1217 2778 1392 2845 ipsum
1426 2776 1655 2845 ejusque
1688 2785 1984 2832 sectatores
2027 2778 2220 2832 confu-

646 2875 791 2923 tasse
819 2868 943 2937 jure
974 2871 1177 2937 optimo
1202 2870 1566 2922 existimatur.

718 2955 806 3011 IV.
848 2958 927 3011 Ad
972 2958 1267 3011 editionem
1319 2956 1463 3026 quod
1513 2958 1708 3011 attinet
1754 2956 1861 3009 Titi
1910 2956 2219 3013 Bostrensis

646 3050 827 3117 operis
868 3050 1115 3102 adversus
1149 3048 1491 3113 Manichwos,
1528 3050 1693 3104 libros
1720 3057 1830 3103 tres
1860 3051 2067 3120 priores
2096 3064 2220 3103 cum

645 3140 872 3208 integris
903 3140 1162 3192 librorum
1198 3147 1433 3207 quatuor
1466 3140 1823 3207 argumentis,
1860 3140 2069 3209 primus
2100 3140 2214 3194 edi-

644 3230 725 3282 dit
759 3244 822 3283 ex
856 3228 1107 3289 versione
1146 3226 1427 3281 Francisci
1458 3227 1714 3282 Turriani
1750 3228 2019 3284 Henricus
2046 3227 2213 3283 Cani-

645 3322 763 3375 sius
803 3320 875 3389 (lt)
916 3339 928 3372 :
962 3317 1147 3373 Grieca
1188 3334 1319 3373 vero
1351 3317 1590 3375 Jacobus
1624 3318 1929 3387 Basnagius
1963 3320 2027 3390 (Ι)
2050 3358 2065 3383 ,
2116 3321 2209 3389 qui

642 3424 705 3466 ea
735 3422 800 3466 ex
820 3410 1159 3465 bibliotheca:
1184 3409 1548 3465 Holsteniana:
1575 3410 2000 3481 Hamburgensis
2024 3412 2211 3467 codice

643 3504 939 3575 descripta,
987 3502 1181 3557 Joanni
1224 3501 1507 3556 Friderico
1560 3502 1876 3558 Wincklero
1916 3502 2083 3560 refert
2113 3519 2208 3558 ac-

640 3602 796 3664 cepta
826 3614 839 3649 :
885 3610 993 3665 quo
1037 3596 1259 3664 quidem
1302 3594 1358 3649 in
1396 3597 1585 3650 codice
1621 3595 1762 3649 haud
1798 3596 1953 3664 plura
1990 3603 2207 3650 exstare

640 3686 911 3747 novimtts,
947 3700 1109 3755 quam
1142 3700 1261 3755 qua
1292 3687 1453 3741 vertit
1487 3686 1738 3741 laudatus
1766 3685 2071 3741 Turrianns
2098 3702 2113 3751 ;
2150 3697 2209 3740 ut

640 3784 926 3846 propterea
960 3778 1229 3848 interpres
1258 3779 1341 3833 vel
1371 3794 1436 3833 eo
1463 3778 1581 3847 ipso
1622 3778 1947 3848 exemplari,
1990 3779 2079 3832 vel
2128 3778 2208 3832 ei-

638 3868 760 3922 dem
795 3869 959 3924 simili
994 3885 1129 3924 usus
1158 3871 1326 3927 fuisse
1356 3872 1625 3926 videatur.
1654 3871 1893 3938 Quartus
1934 3885 2099 3940 porro
2142 3871 2208 3925 Ιί-

638 3960 735 4013 ber
760 3968 907 4017 totus
946 3962 1246 4017 intercidit.
1301 3962 1452 4019 Hanc
1484 3973 1663 4019 autem
1705 3961 1958 4033 Basnagii
2009 3962 2207 4017 editio»

639 4067 760 4107 nem
788 4054 968 4109 minus
1000 4063 1254 4109 accurate
1284 4054 1453 4110 fuisse
1487 4054 1824 4116 adornatam,
1859 4044 2053 4108 merito
2079 4068 2207 4108 ceno

636 4146 748 4200 suit
798 4144 991 4201 Petrus
1027 4144 1425 4217 Wesselingius
1464 4145 1529 4201 V.
1579 4146 1640 4200 ϐ.
1685 4148 1769 4201 his
1817 4147 1997 4201 verbis
2035 4145 2133 4215 (τη)
2187 4165 2198 4197 :

641 4256 661 4287 s
708 4235 902 4291 lnserti
933 4246 1080 4299 sunt,
1115 4240 1319 4307 inquit,
1361 4237 1669 4293 Canisianis
1715 4236 2047 4291 Lectionibus
2094 4235 2202 4291 Titi

636 4327 967 4394 Bostrensis,
1020 4330 1120 4385 viri
1159 4332 1230 4399 pii
1266 4340 1318 4385 et
1339 4332 1551 4402 egregie
1579 4331 1761 4394 docti,
1793 4332 1847 4383 in
1878 4328 2199 4382 Hanichcros

634 4420 825 4489 scripti
859 4422 1017 4485 libri;
1050 4421 1176 4485 sed,
1217 4423 1361 4491 quod
1398 4423 1666 4487 dolemus,
1717 4422 1879 4477 laceri
1924 4430 1977 4477 et
2006 4421 2200 4491 spissis

2402 1909 2466 1965 γ.
2509 1911 2636 1965 Viro
2668 1912 2829 1967 docto
2857 1914 3100 1968 monenti
3127 1928 3333 1969 morem
3366 1917 3658 1986 gessimus.
3690 1917 3757 1971 Et
3790 1920 3896 1990 pri-

2324 2017 2470 2057 mum
2511 2004 2727 2073 quidem
2756 2005 2940 2058 omnia
2966 2008 3357 2076 exscripsimus
3394 2024 3515 2077 qua:
3557 2010 3614 2062 in
3654 2009 3894 2065 Parcae-

2325 2094 2393 2147 lis
2428 2092 2879 2163 Rupefucaldinis
2920 2106 3238 2164 occurrunt,
3293 2098 3360 2152 ad
3394 2107 3599 2153 textum
3635 2099 3747 2155 Titi
3799 2101 3896 2155 Bo-

2326 2187 2556 2240 strensis
2600 2184 2849 2239 adversus
2884 2185 3205 2241 Manichwos
3242 2188 3546 2259 evulgatum
3586 2190 3702 2244 sive
3736 2192 3895 2246 casti-

2325 2276 2558 2346 gandum
2592 2277 2706 2331 sive
2744 2279 3136 2347 supplendum;
3164 2295 3335 2350 eaque
3360 2279 3427 2334 ad
3457 2281 3663 2335 calcem
3705 2282 3894 2352 rejecio

2325 2386 2449 2426 mus
2484 2389 2495 2423 :
2534 2386 2643 2440 quo
2672 2371 2885 2426 scilicet
2911 2372 3143 2441 quisque
3178 2372 3420 2427 locorum
3468 2373 3765 2429 collatione
3813 2374 3891 2430 in-

2325 2462 2536 2525 stituta,
2557 2462 2624 2517 de
2640 2462 2931 2520 lectionum
2958 2463 3183 2516 veritate
3209 2462 3477 2531 judicium
3504 2463 3663 2520 ferat.
3689 2462 3892 2519 Deinde

2324 2554 2541 2607 notulas
2580 2554 2751 2607 textui
2797 2552 3149 2621 subjecimus,
3195 2552 3393 2623 quibus
3432 2560 3547 2609 tum
3594 2552 3893 2609 Paratian-

2325 2656 2441 2691 ram
2489 2640 2607 2693 loca
2662 2640 2992 2707 indicantur,
3040 2649 3155 2695 tum
3188 2642 3353 2696 etiam
3393 2642 3527 2697 locis
3559 2645 3773 2697 vexatis
3804 2652 3894 2697 aut

2322 2732 2595 2801 corruptis
2640 2732 2738 2785 lux.
2768 2731 3086 2794 aﬂ‘unditur,
3129 2744 3220 2787 aut
3242 2732 3529 2802 integritas
3556 2735 3889 2789 restituitur.

2323 2819 2380 2874 ln
2429 2822 2570 2876 idem
2629 2831 2887 2891 praeterea
2931 2823 3220 2877 consilium
3264 2824 3528 2877 nonnulla
3588 2840 3784 2880 sumus
3826 2840 3891 2881 ex

2322 2909 2516 2967 Photio
2544 2914 2791 2967 mutuati.
2843 2912 2927 2966 Ad
2968 2913 3083 2967 haec
3114 2922 3350 2983 quatuor
3380 2914 3647 2969 librorum
3686 2916 3889 2986 integri

2322 3004 2502 3071 aperis
2546 3002 2653 3056 Titi
2690 3015 3011 3073 argumenta
3055 3003 3417 3058 subdidimus.
3450 3004 3691 3075 Denique
3723 3006 3887 3059 trium

2323 3094 2675 3161 superstitum
2723 3093 2983 3146 librorum
3026 3092 3277 3146 lemmata
3324 3094 3741 3162 contexuimus,
3771 3094 3887 3166 qui-

2245 3184 2292 3243 C
2324 3184 2426 3237 bus
2458 3189 2783 3253 conspectus
2810 3183 2975 3238 totius
3005 3184 3187 3253 operis
3224 3184 3530 3239 exhibetur.

2383 3316 2473 3374 Vl.
2515 3317 2610 3374 His
2655 3332 2820 3388 porro
2871 3318 3053 3371 addita
3087 3325 3170 3371 est
3215 3317 3404 3373 Oratio
3430 3320 3483 3373 in
3522 3317 3721 3374 Ramos
3760 3322 3879 3389 pal-

2313 3424 2541 3473 marum,
2592 3423 2715 3478 qua:
2761 3408 2864 3464 sub
2896 3407 3005 3461 Titi
3038 3406 3351 3465 Bostrensis
3380 3412 3601 3465 nomine
3644 3412 3882 3467 circum-

2309 3498 2500 3555 fertur.
2556 3500 2661 3565 Qui
2706 3516 2774 3555 ex
2818 3498 3008 3555 codice
3054 3501 3204 3570 regio
3236 3515 3355 3555 eam
3406 3500 3576 3557 edidit
3613 3502 3881 3560 Combeﬁ—

2310 3590 2424 3645 sius
2456 3590 2532 3661 (η)
2563 3630 2577 3655 ,
2616 3590 2830 3646 dubitat
2865 3590 2986 3659 ejus
3016 3605 3084 3646 ne
3118 3590 3191 3646 sit
3218 3592 3284 3647 de
3311 3607 3419 3663 quo
3448 3593 3537 3648 hic
3573 3610 3778 3659 sermo,
3811 3612 3879 3652 aa

2309 3697 2439 3736 vero
2472 3684 2697 3738 alterius
2734 3682 2993 3752 junioris.
3040 3685 3200 3754 cujus
3246 3681 3627 3739 Commentarii
3676 3689 3731 3741 in
3770 3687 3876 3742 La-

2308 3788 2424 3825 cam
2474 3790 2598 3829 esse
2640 3773 2913 3831 feruntur.
2962 3774 3233 3830 Nimirum
3270 3776 3409 3831 duos
3447 3776 3537 3831 ille
3572 3776 3729 3833 Titos
3773 3779 3876 3833 Bo-

2309 3874 2616 3918 strenorum
2660 3865 2947 3935 episcopos
2982 3873 3322 3922 commentus
3359 3877 3483 3931 est;
3530 3882 3656 3921 cum
3690 3877 3874 3925 tamen

2308 3963 2517 4011 veteres
2548 3972 2714 4010 unum
2754 3965 2963 4011 tantum
2990 3962 3309 4029 agnoscant.
3335 3958 3477 4029 Alibi
3519 3968 3703 4015 autem
3731 3962 3871 4017 idem

2305 4045 2481 4102 editor
2513 4048 2648 4101 nihil
2684 4056 2869 4105 vetare
2892 4050 2969 4103 ait
3003 4050 3075 4120 (ο
3100 4049 3141 4120 ),
3174 4051 3251 4105 uti
3283 4064 3383 4104 nec
3412 4050 3619 4121 aliquid
3649 4066 3868 4124 cogere,

2307 4140 2437 4208 quin
2476 4140 2589 4194 hac
2620 4138 2736 4211 ipsa
2776 4142 2952 4195 oratio
2977 4142 3178 4196 seniori
3211 4142 3388 4198 detur.
3420 4140 3705 4214 Simulque
3739 4146 3871 4201 sub-

2304 4232 2382 4285 dit
2426 4252 2435 4283 :
2491 4251 2508 4282 ι
2554 4232 2942 4304 Cujuscunque
2985 4248 3115 4288 vero
3152 4233 3243 4297 sit,
3276 4248 3415 4304 opus
3451 4242 3537 4288 est
3567 4236 3865 4301 eruditum,

2302 4324 2532 4394 egregiis
2576 4323 2833 4381 refertum
2878 4326 3075 4388 sensis,
3118 4339 3181 4379 ac
3223 4326 3491 4397 dogmatis
3524 4340 3863 4395 accuratum,

2303 4420 2362 4467 ut
2412 4416 2643 4485 quisque
2678 4417 2961 4487 theologus
2993 4418 3110 4487 ipsa
3146 4417 3328 4472 statim
3364 4417 3595 4475 lectione
3638 4422 3860 4477 videbit.

634 4510 867 4565 maculis
900 4512 1190 4581 deturpati.
1222 4512 1401 4569 Facile
1427 4514 1623 4569 fuisset
1662 4514 1730 4567 ad
1766 4514 2203 4567 animadverten—
2232 4503 2275 4558 Β
2304 4503 2477 4561 Ῑλοοοε
2518 4505 2819 4577 Scriptura!
2846 4509 2983 4563 seile
3010 4508 3302 4564 admedutn
3330 4510 3551 4580 exponit
3588 4526 3655 4567 ac
3688 4513 3863 4583 sppli-

633 4602 786 4665 dum,
827 4603 990 4656 modo
1012 4605 1129 4658 viro
1160 4606 1325 4658 docto
1354 4606 1443 4659 cui
1477 4604 1662 4661 Graeca
1698 4604 1978 4669 debemus,
2011 4606 2204 4660 libuis-

633 4700 739 4757 set,
778 4694 1038 4748 intextam
1091 4702 1335 4750 extremo
1385 4696 1525 4752 libro
1567 4698 1729 4752 tertio
1779 4698 2200 4767 disputationem

630 4780 699 4835 de
732 4781 969 4835 hominis
1001 4784 1295 4845 creatione,
1326 4798 1490 4853 quam
1520 4784 1626 4840 Titi
1651 4788 1949 4842 adversarii
1982 4786 2198 4840 diabolo

628 4883 907 4945 acceptam
948 4876 1210 4941 ferebant,
1266 4877 1334 4931 ab
1360 4892 1427 4933 eo
1459 4879 1579 4933 loco
1615 4895 1725 4949 quo
1754 4880 1925 4950 legem
1952 4895 2074 4936 esse
2102 4880 2196 4935 bo-

699 5051 775 5126 (ᾳ)
796 5049 1036 5126 Bieron.
1059 5051 1135 5106 De
1163 5054 1261 5107 vir.
1296 5055 1517 5120 illum,
1543 5071 1664 5126 cap.
1699 5065 1820 5112 102.

696 5121 769 5206 ςὸ)
795 5120 989 5206 ξρξριι.
1025 5123 1155 5206 by.
1190 5139 1487 5206 vai,.c_ap.
1521 5127 1609 5206 ἓξ

693 5189 765 5266 (ei
808 5189 1033 5266 Tillem.
1050 5191 1211 5266 Item.
1240 5196 1367 5266 sccl.
1396 5189 1528 5251 tom.
1563 5194 1673 5259 VII,
1707 5212 1828 5266 pag,
1860 5196 1985 5251 383.

620 5259 965 5384 mitigoihot.
997 5261 1132 5317 Bibl.
1164 5264 1285 5318 cod.
1334 5275 1571 5331 ccxxxn,
1602 5259 1723 5337 pag:
1754 5259 1857 5321 8'94
1900 5282 2015 5339 seq.
2057 5269 2185 5323 εδει,

693 5403 763 5475 (ε)
804 5400 881 5475 l_d.
921 5401 1052 5456 ibid.
1083 5403 1439 5475 cod.#t.xxxv,
1465 5420 1589 5475 pag.
1615 5405 1742 5459 203.

692 5468 760 5539 (ιζ)
801 5468 1030 5541 Basnag.
1086 5474 1151 5525 ad
1204 5472 1353 5527 Thes.
1409 5468 1599 5530 (lanis.
1645 5485 1779 5531 tom.
1814 5475 1871 5543 l,
1919 5494 2043 5551 pag.
2080 5481 2182 5547 57,

626 5538 653 5609 ⁵
803 5608 1038 5687 μηρία]
1068 5608 1185 5687 _0r.
1214 5610 1565 5687 Christltom.
1603 5616 1645 5679 l,
1666 5632 1785 5687 pag.
1812 5618 1935 5676 602.

694 5680 769 5748 (lt)
810 5680 1025 5736 Iaxim.
1060 5680 1199 5753 Opp.
1237 5694 1366 5740 toni.
1400 5684 1465 5753 ll,
1509 5702 1631 5757 pag.
1667 5680 1756 5742 δεῖ

2303 4605 2411 4661 cat,
2457 4606 2515 4651 ut
2548 4600 2683 4653 nihil
2712 4598 3013 4656 desiderari
3052 4600 3322 4656 videatur.
3357 4620 3377 4653 ι
3415 4599 3522 4657 Sed
3567 4603 3684 4657 hac
3729 4606 3861 4660 satis

2300 4686 2369 4742 de
2412 4687 2537 4743 Tito
2582 4688 2885 4745 Bostrensi.
2931 4689 3199 4745 Caeterum
3250 4690 3319 4747 de
3360 4689 3767 4747 Commentariis
3807 4696 3859 4747 in

2298 4776 2497 4833 Lucam
2534 4780 2655 4850 ejus
2707 4784 2928 4837 nomine
2976 4781 3289 4853 inscriptis,
3351 4798 3453 4841 nos
3494 4784 3632 4840 alias
3662 4798 3858 4856 oppor-

2299 4872 2485 4928 tunius

2367 5046 2430 5123 (5)
2470 5045 2616 5123 l3?"-
2644 5045 2750 5123 Siﬁ‘»
2793 5046 2938 5123 Hiu;
2987 5049 3222 5123 Μαιδῶ-
3252 5094 3267 5117 .
3295 5068 3421 5123 nas
3452 5038 3539 5123 30-

2365 5117 2433 5183 (1)
2472 5118 2628 5171 Phot.
2673 5120 2783 5171 lib.
2841 5134 2856 5171 ι
2896 5119 3079 5175 Contr.
3137 5117 3410 5187 laniati,
3456 5122 3482 5193 ς
3550 5138 3664 5187 xlv.
3713 5127 3853 5197 apud

2294 5181 2459 5239 Wolf.
2494 5188 2690 5242 Anecd.
2730 5186 2823 5242 Gr.
2859 5196 2989 5243 tom.
3025 5189 3065 5247 Ι.
3108 5207 3230 5247 nae.
3274 5192 3362 5247 δι.

2365 5207 2459 5239 ou.
2494 5207 2690 5242 aneca.
2730 5207 2823 5242 ur.
2859 5207 2989 5243 tom.
3027 5207 3065 5257 I,
3108 5207 3230 5262 pag.
3274 5207 3362 5247 δι.

2468 5256 2661 5342 genis.
2696 5256 2835 5342 Left.
2887 5260 3214 5342 animatum.
3254 5260 3520 5342 V,_pagg.
3552 5262 3818 5342 56nseqq.

2362 5324 2707 5413 glj‘Bﬁnag:
2754 5328 2808 5413 1;
2798 5328 2904 5413 hes:
2940 5324 3122 5413 (Pariis.
3156 5342 3291 5413 tom.
3324 5324 3382 5394 ἰξ
3411 5324 3567 5413 pagg.
3598 5332 3673 5388 39
3696 5324 3845 5413 seq-5L.

2360 5394 2455 5463 (nt)
2496 5393 2732 5453 Wessel.
2763 5396 2992 5452 Probab.
3014 5400 3104 5455 lib.
3140 5406 3275 5473 sing.
3308 5393 3432 5472 cap'.
3454 5393 3545 5467 Si):
3561 5418 3723 5475 pagg.
3751 5393 3849 5458 {6'6

2288 5477 2443 5601 “23).
2476 5534 2721 5616 Combef.
2752 5537 2905 5592 Auct.
2937 5555 3055 5595 nos.
3091 5547 3224 5595 tom.
3258 5538 3299 5602 l,
3335 5556 3457 5665 pag.
3498 5541 3603 5621 6.35
3631 5538 3803 5595 ~65f.

2357 5603 2433 5665 (ο)
2470 5603 2547 5659 ld.
2601 5622 2655 5661 ιιι
2679 5622 2887 5665 recens.
2938 5620 3085 5665 auct.
3123 5606 3190 5665 ad
3232 5618 3366 5665 tom.
3478 5610 3617 5665 Bibl.
3660 5626 3803 5665 cons.

2357 5603 2433 5672 (ο)
2470 5603 2547 5659 ld.
2601 5606 2655 5661 in
2679 5622 2887 5665 recens.
2938 5620 3085 5666 auct.
3123 5606 3190 5665 ad
3232 5603 3366 5667 tom'.
3406 5603 3436 5665 ἶ
3478 5610 3617 5666 Bibl.
3660 5626 3836 5671 εοκ..

2285 5685 2408 5746 pag.
2440 5673 2529 5729 49.

2948 5838 3007 5859 7‘
