4058 6330
201 393 348 454 1069

1283 403 1649 463 Αονειιευδ
1687 404 2108 462 ΜΑΝΙΟΙΙᾸΞΟΒ
2148 406 2276 461 LIB.
2316 406 2358 462 I.

3314 403 3455 460 N70

213 525 3436 564 ww

544 691 934 896 TITI
1013 688 2183 846 BOSTRENSIS
2244 693 3107 849 EPISCOPI
3183 789 3193 800 -

445 964 824 1078 LIBRI
964 963 1325 1077 TRES
1367 963 2146 1084 .ADVERSUS

2276 969 2574 1080 MAN
2594 968 2722 1080 lC
2742 967 3197 1081 H/EOS.

1056 1204 1455 1248 INTERPRETE
1500 1187 1949 1250 FRANCISCO
1985 1187 2397 1252 TURRIANO
2434 1193 2494 1251 S.
2539 1192 2597 1252 J.

1368 1466 1726 1555 LIBER
1799 1463 2286 1557 PBIMUD.

1408 1723 1532 1779 Car.
1573 1724 1613 1780 Ι.
1651 1727 1811 1800 Origo
1849 1728 2255 1786 Hanichceismi.

267 1835 417 1896 Πᾶσι
449 1841 546 1911 μὲν
578 1835 658 1903 οἷς
689 1840 874 1909 γέγονε
921 1833 1010 1892 διὰ
1052 1836 1286 1910 σπουδῆς
1320 1842 1426 1897 τῶν
1464 1847 1521 1897 ἐν
1561 1846 1772 1918 ἀνθρώ-

1946 1849 2156 1916 Quibus
2188 1846 2429 1902 studium
2459 1853 2544 1900 est
2576 1858 2772 1898 causas
2803 1857 2991 1898 eorum
3039 1859 3160 1913 qua:
3203 1839 3454 1898 homines

198 1950 330 1996 ποις
355 1933 817 2004 ἁμαρτανομένων
850 1932 947 1995 τὰς
984 1933 1159 1996 αἰτίας
1193 1933 1396 1998 ἐξελεῖν
1440 1935 1597 2004 Θεοῦ,
1638 1939 1780 2002 ὅσιός

198 2043 262 2079 τε
299 2027 392 2078 καὶ
428 2025 633 2095 ἀληθὴς
679 2025 870 2093 γέγονε
921 2025 1064 2078 κατὰ
1109 2025 1268 2079 τοῦτο
1314 2027 1422 2080 τῶν
1465 2029 1720 2084 τοιούτων
1753 2035 1782 2085 ὁ

198 2118 409 2182 σκοπός
429 2134 442 2147 ’
470 2117 584 2185 εἴγε
631 2117 706 2187 μὴ
733 2117 1084 2186 διαφυγόντες
1129 2119 1190 2172 τὸ
1223 2122 1470 2190 προνοεῖν
1520 2122 1626 2175 τῶν
1660 2124 1780 2177 καθ’

194 2210 354 2280 ἡμᾶς
385 2210 475 2262 τὸν
515 2209 668 2275 Θεὸν,
710 2210 948 2277 εὐλόγως
992 2213 1086 2264 καὶ
1133 2211 1436 2284 φιλαλήθως
1475 2214 1781 2284 ἀνθρώποις

195 2303 479 2372 ἀνέθηκαν
525 2303 593 2356 τὰ
636 2303 786 2372 σφῶν
832 2302 1010 2357 αὐτῶν
1058 2306 1462 2375 ἁμαρτήματα·
1511 2308 1780 2377 έπείτοιγε

197 2395 404 2467 μικρὸν
444 2396 624 2450 ἰᾶσθαί
656 2414 707 2448 τι
760 2396 1129 2466 βουληθέντες,
1165 2397 1374 2468 μείζονι
1419 2402 1512 2452 καὶ
1560 2401 1781 2470 χαλεπῷ

195 2489 471 2559 νοσήματι
507 2491 606 2559 τῆς
637 2489 889 2552 ἀσεϐείας
921 2489 1266 2559 περιέπεσον,
1298 2493 1376 2554 είς
1420 2492 1647 2562 ἄρνησιν
1681 2491 1779 2560 τῆς

196 2581 260 2635 ὲν
297 2581 463 2633 παντὶ
492 2581 820 2652 φαινομένης
846 2580 938 2634 τοῦ
974 2579 1107 2633 Θεοῦ
1143 2577 1398 2652 προνοίας
1426 2583 1774 2646 ἐμπεσόντες.

209 2673 272 2725 '0
333 2673 389 2725 δὲ
426 2673 614 2742 μανεὶς
657 2674 720 2725 έκ
763 2672 1050 2743 βαρϐάρων
1091 2674 1186 2727 καὶ
1227 2675 1324 2743 τῆς
1371 2675 1565 2744 μανίας
1611 2676 1780 2744 αὐτῆς

198 2762 510 2834 ἐπώνυμος,
539 2763 618 2817 ἐτι
646 2763 781 2833 πρὸς
805 2763 1057 2817 ἀσέϐειαν
1086 2763 1474 2836 βλαϐερωτέρῳ
1503 2766 1780 2836 φαρμάκῳ

200 2855 582 2925 κατεχρήσατο
605 2872 619 2885 ο
675 2855 869 2917 κακίας
919 2856 1028 2926 γὰρ
1078 2855 1316 2910 ἀναίτιον
1369 2857 1645 2920 ἀποδεῖξαι
1690 2854 1781 2908 τὸν

197 2944 341 2998 Θεὸν
391 2943 691 3012 βουληθεὶς,
728 2945 924 2996 κακίαν
972 2944 1178 3015 προῖὼν
1230 2946 1557 3014 ἀντέστησεν
1602 2946 1777 3016 αὐτῷ’

201 3038 524 3108 ἀγέννητον,
541 3036 616 3099 ῶς
632 3053 815 3106 φησιν,
845 3038 1145 3107 ἁγεννήτῳ,
1170 3037 1347 3101 ζῶσαν
1372 3038 1555 3103 ζῶντι,
1575 3039 1661 3090 ἀεὶ
1685 3038 1784 3108 μιν

200 3130 645 3200 ὲπανισταμένην
669 3130 773 3220 .κα“ι
807 3129 1139 3200 μαχομένην,
1171 3130 1267 3183 καὶ
1313 3129 1506 3184 οὔποτε
1553 3131 1628 3200 μὴ
1662 3131 1784 3201 οὐχὶ

1883 1947 2144 2009 peccant,
2178 1953 2209 1990 a
2241 1935 2350 1991 Deo
2379 1950 2689 1999 removere,
2723 1935 2877 1991 aiunt
2905 1943 3154 1989 sanctum
3185 1943 3238 1989 et
3265 1949 3451 1989 verum

1882 2049 2004 2088 esse
2033 2032 2202 2085 Deum
2232 2049 2244 2084 :
2280 2031 2387 2084 huc
2420 2036 2667 2099 spectant
2698 2029 2836 2082 tales
2858 2066 2873 2091 ,
2903 2037 2955 2081 et
2985 2027 3088 2080 hoc
3133 2027 3212 2081 eis
3256 2041 3455 2096 propo—

1883 2127 2048 2178 situm
2074 2132 2160 2179 est
2192 2123 2356 2177 tueri.
2389 2121 2524 2175 Cum
2564 2121 2708 2175 enim
2754 2135 2861 2173 non
2908 2127 3108 2189 negant
3156 2132 3457 2188 procurare

1884 2213 2051 2269 Deum
2080 2229 2169 2269 res
2197 2222 2416 2269 nostras
2434 2254 2449 2278 ,
2475 2221 2620 2266 recte
2647 2226 2710 2264 ac
2738 2227 2863 2266 vere
2892 2211 3202 2266 hominibus
3231 2221 3456 2281 peccata

1883 2321 2070 2362 eorum
2103 2306 2428 2376 assignant;
2455 2303 2674 2373 [alioqui
2715 2319 2906 2372 parum
2951 2303 3079 2372 quid
3125 2317 3321 2358 sanare
3363 2303 3456 2371 qui

1883 2399 2208 2464 voluerunt,
2242 2399 2296 2450 in
2329 2398 2632 2467 graviorem
2664 2404 2717 2449 et
2761 2393 3116 2449 diﬂiciliorem
3160 2396 3455 2464 impietatis

1882 2490 2255 2559 aegritudinem
2290 2487 2632 2551 inciderunt,
2667 2484 2758 2540 Dei
2789 2486 3218 2554 providentiam,
3251 2504 3371 2557 qua:
3399 2489 3456 2541 in

1881 2583 2236 2637 universitate
2264 2597 2445 2634 rerum
2476 2581 2742 2641 cernitur,
2792 2588 3075 2650 negantes.
3124 2580 3455 2635 Manichacus

1881 2688 2042 2739 vero,
2069 2673 2163 2742 qui
2196 2687 2226 2724 a
2252 2672 2504 2726 barbarie
2533 2681 2586 2725 et
2617 2671 2799 2725 furore
2823 2687 3018 2726 nomen
3048 2671 3234 2736 ducit,
3261 2688 3458 2726 nocen-

1881 2765 2021 2818 tiore
2045 2763 2224 2818 adhuc
2251 2769 2443 2815 contra
2474 2761 2805 2829 impietatem
2832 2761 3074 2816 remedio
3097 2760 3303 2816 abusus
3335 2770 3419 2815 est
3442 2781 3462 2817 ι

1884 2871 2008 2909 cum
2050 2854 2193 2907 enim
2233 2855 2611 2908 demonstrare
2653 2853 2916 2908 voluisset
2961 2869 3069 2908 non
3118 2870 3240 2910 esse
3288 2855 3460 2909 Deum

1886 2954 2161 2998 auctorem
2195 2943 2352 3007 mali,
2386 2944 2588 2997 malum
2619 2944 2668 2997 ei
2699 2947 2988 3014 opposuit,
3026 2947 3328 3016 ingenitum
3351 2987 3364 3010 ,
3402 2958 3463 3002 ut
3551 2997 3556 3000 .

1885 3037 1990 3102 ait,
2023 3038 2299 3107 ingenito,
2332 3037 2512 3090 vivum
2541 3038 2664 3090 vivo
2684 3076 2700 3095 .
2731 3053 2946 3107 semper
2979 3040 3254 3096 obsistens
3285 3056 3347 3095 ac
3375 3058 3462 3095 re-

1886 3144 2166 3198 pugnans,
2199 3137 2251 3183 et
2291 3144 2568 3198 nunquam
2616 3143 2725 3183 non
2759 3132 3040 3199 negotium
3088 3139 3141 3185 et
3182 3132 3462 3188 molestias

201 3222 510 3293 πράγματα
557 3219 900 3292 παρέχουσαν
942 3220 1121 3291 αὐτῷ’
1166 3219 1515 3291 ἀναιρεθῆναι
1547 3220 1604 3273 δὲ
1646 3221 1782 3291 πρὸς

1885 3221 2126 3277 inferens
2154 3241 2168 3288 ;
2201 3221 2456 3292 quodque
2487 3221 2555 3274 ab
2583 3236 2649 3274 eo
2691 3222 2937 3277 funditus
2977 3223 3249 3292 exstingui
3281 3231 3334 3278 el.
3378 3226 3464 3277 in-

200 3312 372 3366 αὑτοῦ
399 3311 676 3374 παντελῶς
704 3311 779 3382 μὴ
801 3311 1125 3382 δυναμένην,
1146 3314 1222 3376 ὡς
1246 3312 1415 3366 ἀΐδιόν
1439 3329 1497 3365 τε
1523 3314 1616 3365 καὶ
1645 3331 1782 3384 συμ-

201 3401 647 3473 πεπληρωμένην
676 3402 776 3474 τὴν
819 3403 1006 3456 οὐσίαν
1055 3404 1150 3456 καὶ
1199 3404 1493 3475 ἀγένητονο
1540 3406 1636 3461 καὶ
1680 3424 1784 3460 καρ

200 3494 387 3560 πνὸν,
415 3495 489 3558 ὥς
522 3512 675 3564 φασι,
714 3497 968 3565 φεύγων,
1003 3495 1386 3566 ἐμπέπτωκεν
1421 3500 1507 3564 εὶς
1546 3499 1608 3551 τὸ
1638 3500 1777 3569 πῦρ.

202 3588 328 3640 Ἵνα
357 3587 464 3658 γὰρ
507 3590 582 3658 μὴ
613 3589 722 3641 τῶν
751 3590 878 3660 παρ’
913 3589 1064 3659 ἡμῖν,
1093 3587 1168 3651 ὡς
1204 3590 1395 3655 οἴεται,
1441 3590 1626 3643 κακῶν
1675 3593 1779 3644 ὑπ-

199 3678 352 3750 έχειν
387 3680 516 3753 δοκῇ
549 3680 649 3745 τὰς
673 3681 849 3745 αίτίας
871 3682 900 3734 6
916 3681 1067 3745 Θεὸς,
1089 3682 1253 3745 αὑτός
1280 3699 1343 3750 γε
1373 3683 1500 3754 ὅλης
1525 3685 1666 3748 τινὸς
1688 3685 1783 3737 καὶ

200 3771 502 3842 ὁλοκλήρου
535 3774 665 3843 παρ’
704 3771 851 3842 αὑτῷ
876 3773 1071 3836 κακίας
1108 3774 1534 3846 παραπολαύειν.
1569 3777 1634 3828 Τί
1672 3776 1781 3846 γὰρ

200 3863 254 3914 εἰ
287 3862 658 3934 μακροθύμως
684 3863 777 3916 καῖ
803 3863 1002 3931 σοφῶς,
1028 3862 1102 3926 ῶς
1129 3880 1281 3933 φησι,
1315 3865 1778 3937 μεταχειρίζεται;

198 3952 324 4008 ἀλλ’
348 3955 498 4023 ὅμως
515 3955 617 4008 οὐκ
642 3953 984 4025 ἀπολέμητος
1015 3955 1081 4008 ἂν
1110 3957 1193 4026 εἴη
1227 3956 1366 4010 κατά
1381 3973 1444 4025 γε
1473 3956 1570 4026 τὴν
1598 3957 1781 4010 τοιαύ-

202 4061 310 4116 την
344 4045 597 4098 ὑπόθεσιν
616 4062 629 4074 ⁸
658 4039 718 4100 οὗ
749 4046 801 4099 τί
823 4047 888 4101 ἄν
918 4046 1127 4115 γένοιτο
1164 4047 1272 4100 τῶν
1305 4052 1625 4118 πρεπόντων
1653 4050 1784 4120 περὶ

200 4134 345 4188 Θεοῦ
366 4135 640 4207 λογισμῶν
664 4137 1082 4210 ἀλλοτριώτερον
1101 4156 1112 4203 ;

1891 3313 2054 3368 terire
2086 3322 2353 3381 nequeat,
2382 3320 2569 3378 utpote
2596 3321 2798 3367 aeterna
2827 3323 2880 3367 et
2903 3316 3172 3384 completa
3203 3316 3463 3371 substan-

1889 3406 1962 3459 tia
1983 3445 1998 3470 ,
2029 3415 2287 3474 tanquam
2316 3403 2559 3474 ingenita
2590 3423 2601 3458 :
2636 3405 2714 3459 sic
2739 3405 2939 3474 fugiens
2989 3405 3190 3468 funium
3215 3445 3228 3468 ,
3278 3413 3337 3458 ut
3377 3414 3464 3461 est

1887 3496 1943 3551 in
1974 3497 2298 3561 Proverbio,
2332 3499 2386 3550 in
2419 3513 2588 3566 ignem
2632 3497 2838 3551 incidit.
2869 3496 3077 3550 Etenim
3125 3513 3194 3550 ne
3216 3497 3463 3552 videatur

1884 3588 2062 3653 Deus,
2107 3597 2168 3642 ut
2208 3589 2540 3642 Manichacus
2586 3589 2896 3651 existimat,
2943 3597 3260 3643 nostrorum
3291 3589 3463 3643 malo-

1886 3697 2004 3736 rum
2027 3696 2150 3736 esse
2176 3682 2231 3734 iu
2260 3694 2426 3734 causa
2454 3719 2468 3742 ,
2496 3695 2561 3735 ex
2589 3685 2705 3734 toto
2729 3679 2965 3748 quodam
2997 3687 3051 3733 et
3081 3682 3290 3749 integro
3317 3681 3461 3734 malo

1889 3774 2030 3844 apud
2063 3788 2121 3829 se
2151 3772 2385 3827 fructum
2415 3771 2566 3842 lingit
2591 3771 2891 3840 percipere.
2923 3771 3066 3836 Quid
3093 3773 3235 3825 enim
3258 3812 3272 3838 ,
3298 3772 3342 3826 si
3371 3787 3462 3828 res

1890 3873 2087 3920 tractat
2115 3865 2259 3920 Deus
2280 3905 2294 3927 ,
2329 3873 2385 3916 ut
2414 3863 2744 3918 Manichacus
2789 3864 2896 3926 ait,
2944 3864 3242 3918 toleranter
3285 3872 3340 3918 et
3373 3880 3462 3919 sa-

1890 3957 2140 4027 pienter?
2172 3966 2226 4010 at
2257 3971 2567 4024 nunquam,
2596 3954 2853 4024 opinione
2887 3955 3080 4023 hujus,
3113 3957 3252 4010 bello
3277 3967 3331 4021 et
3362 3973 3463 4025 pu-

1889 4064 1994 4118 gna
2035 4048 2243 4102 carebit
2272 4067 2284 4101 :
2320 4062 2430 4117 quo
2471 4046 2603 4115 quid
2646 4053 2820 4116 potest
2850 4047 2916 4102 de
2942 4047 3052 4101 Deo
3086 4047 3230 4116 quod
3277 4048 3462 4104 minus

1891 4153 2013 4192 cum
2048 4137 2240 4192 deceat
2255 4179 2270 4201 ,
2306 4138 2536 4208 cogitari
2563 4138 2586 4189 ?

1339 4255 1464 4310 Car.
1510 4254 1574 4307 ll.
1604 4255 2001 4311 Catholicorum
2029 4255 2305 4307 sententia.

279 4344 404 4399 Ὀτι
451 4345 549 4417 μὲν
593 4347 701 4417 γὰρ
741 4346 964 4410 εὐσεϐὲς
994 4346 1101 4400 τῶν
1144 4347 1294 4417 παρὰ
1336 4346 1641 4418 ἀνθρώποις
1666 4347 1781 4402 ἀδι-

1953 4343 2110 4412 Quod
2143 4346 2292 4414 pium
2326 4344 2546 4413 quidem
2575 4345 2646 4398 sit
2676 4345 2819 4415 apud
2853 4346 3103 4400 homines
3125 4385 3138 4408 ,
3170 4346 3301 4401 totis
3329 4345 3460 4401 vini-

203 4436 472 4508 κημάτων
503 4437 742 4492 ἀναίτιον
785 4438 946 4492 παντὶ
975 4438 1150 4491 σθένει
1189 4439 1280 4490 τὸν
1319 4438 1449 4491 Θεὸν
1481 4438 1780 4508 ὁμολογεῖν,

205 4526 428 4598 πρῶτος
453 4526 773 4598 πρεσϐεύειν
794 4527 1094 4583 ἐσπούδακε
1119 4529 1218 4598 τῆς
1239 4528 1530 4597 καθολικῆς
1564 4529 1786 4600 Ἐκκλη-

203 4619 333 4684 σίας
360 4621 390 4672 ὀ
415 4619 572 4688 λόγος
590 4637 604 4652 ·
623 4618 952 4692 ζητουμένου
971 4622 1047 4685 δὲ,
1075 4623 1195 4675 τίνα
1219 4622 1415 4693 τρόπον
1437 4622 1787 4694 πλημμελοῦ-

207 4729 316 4783 μεν
349 4713 533 4783 ἡμεῖς,
558 4711 653 4765 τοῦ
684 4712 820 4766 Θεοῦ
855 4714 929 4785 μὴ
966 4713 1309 4785 βουλομένου,
1335 4714 1396 4766 οὑ
1441 4716 1569 4784 περὶ
1601 4713 1784 4784 μειζό-

203 4820 318 4856 νων
362 4802 776 4876 κατηγοροῦμεν
816 4804 974 4869 Θεοῦ,
1025 4807 1151 4876 περὶ
1199 4806 1555 4877 μικροτέρων,
1597 4805 1787 4880 ῶσπερ

203 4894 437 4956 ἐκεῖνος,
455 4893 840 4962 ἀπολογεῖσθαι
869 4894 1182 4965 βουλόμενοι
1200 4895 1295 4966 (I).

294 4980 432 5034 Ἀλλ’
462 4982 632 5054 αὐτὴν
653 4984 751 5054 τῆς
774 4971 1029 5054 ἀληθείας
1050 4979 1150 5053 τήν
1171 4984 1308 5048 ὁδὸν,
1339 4984 1402 5037 ἐκ
1417 5001 1473 5036 τε
1489 4983 1595 5036 τῶν
1616 4983 1786 5052 ἁγίων

204 5073 447 5146 Γραφῶν
485 5076 580 5127 καὶ
618 5074 726 5129 τῶν
770 5074 965 5128 κοινῶν
1011 5075 1228 5128 ἐννοιῶν
1261 5075 1490 5144 ἔχοντες,
1531 5074 1786 5143 ἀσφαλῶς

204 5163 466 5234 ὁδεύομεν
487 5164 585 5235 (1⁸)
605 5166 742 5236 πρὸς
759 5165 855 5237 τὴν
869 5164 1121 5236 τοιαύτην
1145 5166 1390 5238 ζήτησιν,
1413 5165 1490 5236 τῷ
1512 5181 1576 5233 γε
1603 5165 1786 5227 αὐτοῖς

207 5252 520 5324 φιλαλήθως
558 5256 972 5326 προσεγκαλεῖν,
1007 5255 1204 5326 εὐσεϐῆ
1254 5257 1353 5326 τὴν
1394 5253 1667 5320 ἀπόδειξιν
1686 5253 1786 5324 τὴν

209 5343 356 5415 ὑπὲρ
391 5342 528 5396 Θεοῦ
570 5345 922 5415 ποιούμενον
974 5348 1033 5400 οὐ
1075 5347 1184 5418 γὰρ
1230 5347 1319 5401 ἶνα
1363 5347 1440 5418 τῷ
1487 5346 1632 5417 λόγῳ
1673 5345 1786 5398 δια-

207 5431 524 5504 φεύγωμεν,
548 5425 623 5485 ῶν
648 5435 728 5497 είς
752 5433 1011 5506 ἀλλήλους
1040 5434 1464 5506 πλημμελοῦμεν
1496 5435 1562 5488 τὰ
1592 5435 1788 5505 ἐγκλή-

211 5541 384 5596 ματα,
446 5524 721 5594 προσῆκεν
773 5528 853 5589 εἰς
907 5526 1036 5580 Θεὸν
1089 5527 1325 5592 ἀσεϐεῖν,
1381 5529 1786 5598 πραττομένους

209 5618 346 5686 παρ’
374 5614 537 5669 αὑτοῦ
569 5615 638 5670 τὰ
676 5618 894 5671 πάντων
922 5619 1355 5695 ὑϐριστικώτερα
1393 5623 1488 5676 καὶ
1523 5620 1785 5692 μηδαμῶς

205 5705 344 5761 ὂντα

287 5819 364 5892 (I)
392 5817 570 5892 Vulg,
601 5822 949 5895 Βουλόμενος.
989 5827 1146 5885 Em'r.

1885 4437 1989 4493 bus
2019 4437 2262 4492 conﬁteri
2283 4478 2297 4501 ,
2332 4437 2497 4491 Deum
2528 4453 2633 4491 non
2665 4453 2788 4492 esse
2819 4437 3142 4506 injuriarum
3171 4447 3224 4492 et
3251 4438 3461 4492 maleﬁ-

1883 4530 2094 4597 ciorum
2127 4537 2407 4582 auctorem
2431 4572 2445 4592 ,
2477 4529 2654 4598 prima
2687 4530 2940 4584 doctrina
2972 4530 3230 4586 Ecclesiae
3272 4533 3462 4586 catho-

1885 4620 2004 4676 lica:
2049 4620 2264 4676 studuit
2294 4620 2560 4690 proﬁteri.
2596 4621 2732 4676 Cum
2766 4631 2947 4677 autem
2981 4625 3278 4693 quaerimus
3320 4640 3460 4694 quo-

1885 4713 2048 4767 modo
2094 4728 2195 4768 nos
2234 4727 2524 4782 peccemus
2566 4715 2786 4768 nolente
2827 4714 2973 4780 Deo,
3026 4723 3084 4770 ut
3135 4731 3460 4784 peccemus,

1885 4801 1952 4856 de
1984 4802 2331 4872 gravioribus
2362 4818 2468 4856 non
2500 4801 2668 4858 Deum
2698 4820 3044 4870 accusamus.
3077 4822 3202 4862 cum
3234 4824 3264 4861 a
3293 4808 3463 4863 levio-

1885 4894 2036 4948 ribus
2062 4909 2218 4956 euni,
2253 4893 2397 4948 sicut
2426 4895 2550 4957 ille,
2582 4895 2873 4952 defendere
2899 4900 3173 4956 volumus.

1958 4984 2015 5050 Si
2043 4987 2137 5055 qui
2164 4986 2308 5038 viam
2343 4987 2589 5041 veritatis
2617 5003 2682 5042 ex
2714 4991 2922 5044 sanctis
2967 4974 3282 5060 Scripturis'
3309 5001 3363 5047 et
3393 5009 3460 5048 ex

1885 5076 2267 5132 communibus
2300 5078 2618 5133 notionibus
2648 5081 2918 5150 cognitam
2948 5082 3234 5145 habemus,
3262 5099 3458 5152 perga-

1886 5183 2007 5221 mus
2041 5165 2192 5221 ﬁrme
2219 5167 2288 5220 ad
2320 5169 2480 5223 talem
2511 5172 2893 5238 quaestionem,
2927 5172 3067 5241 piam
3114 5181 3462 5242 argumenta-

1889 5261 2088 5313 tionem
2138 5273 2239 5328 pro
2287 5258 2397 5313 Deo
2447 5261 2874 5326 concludeutes,
2927 5278 3028 5317 nos
3077 5264 3226 5332 ipsos
3278 5263 3461 5318 studio

1887 5349 2142 5404 veritatis
2171 5351 2486 5406 accusando
2517 5370 2530 5405 :
2563 5367 2673 5406 non
2701 5355 2846 5408 enim
2879 5363 2936 5408 ut
2961 5356 3127 5410 verbo
3150 5358 3461 5410 accusatio-

1887 5456 2010 5496 nem
2039 5455 2229 5495 eorum
2253 5481 2268 5505 ,
2300 5457 2421 5513 quae
2454 5447 2506 5496 in
2538 5459 2639 5499 nos
2670 5445 2811 5500 inter
2855 5462 2956 5500 nos
3000 5462 3323 5516 peccamus.
3363 5447 3460 5501 de-

1887 5529 2442 5604 clinemus,'decebat
2469 5537 2522 5589 in
2555 5538 2719 5593 Deum
2755 5541 2952 5609 impios
2977 5556 3099 5596 esse
3120 5579 3134 5604 ,
3167 5548 3457 5610 poscentes

1889 5623 1957 5679 ab
1995 5640 2060 5678 eo
2101 5639 2223 5693 qua!
2264 5636 2392 5680 sunt
2420 5629 2903 5683 contumeliosiora
2931 5632 3182 5686 omnibus
3203 5671 3217 5697 ,
3251 5637 3305 5685 et
3335 5647 3458 5700 quae

1813 5694 1857 5748 ι)
1884 5730 2226 5784 nequaquam
2255 5726 2398 5773 sunt.

1960 5832 2054 5902 (l5)
2090 5831 2271 5899 Forte,
2310 5833 2596 5902 ὀδεύωμεν.
2634 5835 2782 5890 Enn.
