4058 6330
196 380 340 440 10⁵18
1262 387 1631 444 ADVERSUS
1666 385 1798 446 ΜΔΕ

1816 385 2085 443 ΙΕΗᾸΞΟΒ
2120 387 2248 443 LIB.
2292 388 2331 445 Ι.
3279 396 3418 453 1074

193 489 372 552 οὕτως
397 489 790 561 ἀσφαλίζεσθαι
816 493 865 546 τ’
895 491 1066 564 ὄνομα
1094 495 1188 550 καὶ
1213 496 1313 567 τὴν
1338 499 1463 569 περὶ
1494 500 1662 569 αὐτῆς
1685 499 1771 552 δό-

1817 504 1843 559 t
1873 497 2119 556 homines
2146 507 2306 563 sunt,
2336 513 2455 569 qua
2482 499 2600 555 sola
2627 508 2712 556 est
2754 500 3020 572 injustitia
3044 543 3059 568 ,
3097 518 3419 565 accusarent

194 582 319 649 ξαν,
346 582 422 646 ὡς
439 582 786 653 ὑπαρχούσης
805 585 899 636 καὶ
933 586 1006 656 μὴ
1029 586 1396 661 ὑπαρχούσης,
1422 589 1477 641 ἐν
1498 608 1557 643 τε
1582 592 1657 661 (‘2)
1687 590 1763 662 τῷ

1867 596 2123 661 tanquam
2152 591 2355 647 malum
2378 606 2394 655 ;
2422 591 2502 644 sic
2522 590 2685 645 etiam
2706 593 2989 662 oportebat
3007 609 3201 650 nomen
3223 605 3277 652 et
3302 600 3419 670 opi-

196 675 554 745 πράττεσθαι,
599 675 692 735 καὶ
740 675 816 747 μὴ
852 677 1183 745 πράττεσθαι
1207 699 1219 710 ο
1258 681 1458 750 ἥκιστα
1494 683 1549 735 δὲ
1591 685 1764 754 ἀρχὴν

1863 681 2081 737 ιιίοηεω
2107 680 2177 738 de
2199 696 2262 737 ea
2290 683 2523 746 munire,
2554 688 2807 752 tanquam
2834 701 2955 755 quae
2979 696 3156 753 esset,
3179 686 3306 743 dum
3335 698 3419 746 est

194 766 508 834 ἐπεισάγειν
553 765 723 835 αὐτὴν
779 765 920 819 κατὰ
973 767 1140 823 Θεοῦο
1198 771 1346 841 ὅμως
1391 771 1436 824 δ’
1479 772 1544 825 ἂν
1580 774 1765 835 αὐτοῖς

1863 774 2039 840 actio;
2071 781 2167 829 aut
2185 787 2294 829 non
2318 782 2492 836 esset,
2519 771 2648 827 dum
2667 788 2777 829 non
2804 785 2888 831 est
2912 775 3079 832 actio:
3103 793 3211 833 non
3236 786 3416 835 autem

191 857 631 930 εὐπερίγραπτον
674 852 743 927 ἦν
767 857 828 910 τὸ
870 859 1105 932 σφάλμα.
1147 862 1283 915 Νυνὶ
1319 862 1375 915 δὲ
1411 864 1591 933 σχεδὸν
1623 864 1763 918 ἄπα-

1861 868 2150 937 oportebat
2218 866 2566 924 introducere
2623 867 2949 938 principium
2994 869 3174 940 ipsum
3225 880 3416 928 contra

193 965 300 1003 σαν
342 948 443 1021 τὴν
487 948 848 1020 δημιουργίαν
902 954 1250 1018 κακίσαντες,
1308 955 1610 1027 ὑπέρογκον
1663 956 1761 1028 τὴν

1861 957 2029 1015 Deum
2059 981 2072 1016 ι
2104 960 2299 1016 fuisset
2325 967 2504 1015 tamen
2539 972 2725 1013 eorum
2754 976 2908 1016 error
2943 961 3147 1018 aﬂatim
3182 965 3416 1020 circum-

195 1035 544 1107 βλασφημίαν
576 1038 716 1091 κατὰ
744 1038 879 1093 Θεοῦ
912 1042 1255 1113 πεποίηνται,
1288 1045 1383 1097 καὶ
1424 1047 1759 1116 παράγουσιν

1862 1050 2100 1119 scriptus
2125 1060 2178 1106 et
2203 1051 2546 1107 terminatus.
2574 1047 2730 1105 Nunc
2757 1061 2931 1107 autem
2956 1069 3078 1110 cum
3104 1053 3217 1111 fere
3234 1056 3415 1111 omnia

190 1129 274 1192 ὡς
295 1128 696 1198 ὁμολογούμενα
726 1131 802 1200 τῷ
839 1132 980 1205 λόγῳ
1023 1136 1115 1189 καὶ
1158 1137 1331 1190 πάντα
1367 1139 1432 1191 τὰ
1466 1138 1628 1210 θηρία
1665 1141 1759 1193 καὶ

1859 1154 1980 1209 quze
2005 1141 2265 1195 fabricata
2288 1148 2447 1205 sunt,
2474 1143 2616 1199 mala
2639 1156 2761 1196 esse
2782 1142 2961 1196 dicant
2987 1184 3001 1209 ,
3026 1144 3414 1215 blasphemiam

192 1217 267 1271 τὰ
288 1216 550 1284 κνώδαλα,
577 1220 676 1272 οὐκ
712 1222 942 1292 οἰόμενοι
971 1225 1166 1296 χρῆναι
1189 1228 1322 1298 πρὸς
1352 1228 1554 1296 ἀγαθοῦ
1586 1231 1757 1285 ταῦτα

1860 1231 1915 1284 in
1944 1231 2112 1286 Deum
2140 1232 2193 1286 in
2223 1232 2489 1286 inﬁnitum
2518 1244 2785 1288 auxerunt
2805 1273 2819 1296 ,
2861 1244 2913 1289 et
2956 1236 3261 1304 producunt
3297 1247 3416 1292 tan—

192 1310 541 1380 γεγενῆσθαι,
596 1312 695 1364 οὐκ
732 1315 986 1386 ἀχρηστα
1036 1318 1214 1387 μόνον,
1264 1319 1340 1382 ὡς
1401 1321 1757 1392 ὑπειλήφασιν

1857 1342 2020 1395 quam
2065 1334 2212 1380 certa
2252 1334 2305 1380 et
2344 1327 2554 1380 ratione
2594 1340 2659 1379 ac
2695 1326 2903 1395 judicio
2934 1328 3157 1397 probata
3181 1369 3195 1391 ,
3225 1344 3415 1384 omnes

191 1398 346 1465 δντα,
373 1399 506 1454 ἀλλά
534 1403 625 1456 καὶ
648 1402 765 1456 λίαν
787 1404 1089 1487 ἀνθρώποις
1118 1407 1518 1479 βλαϐερόπατα·
1547 1414 1754 1467 καίτοι-

1859 1417 2063 1472 bestias
2094 1427 2147 1472 et
2176 1416 2347 1481 teras,
2380 1432 2490 1472 non
2521 1424 2775 1487 putantes
2817 1425 3070 1487 oportere
3109 1417 3249 1472 facta
3294 1434 3415 1476 esse

189 1506 260 1559 γε
287 1489 563 1561 δειχθῆναι
588 1484 881 1564 δυνάμενα,
913 1495 989 1559 ὡς
1020 1497 1218 1566 μᾶλλον
1243 1499 1632 1572 ὠφελιμώτερα
1662 1506 1755 1557 καὶ

1857 1508 1971 1563 haec
2002 1524 2031 1561 a
2061 1509 2237 1573 bono,
2271 1524 2378 1564 non
2409 1511 2583 1565 solum
2625 1524 2814 1565 eorum
2861 1508 3114 1579 opinione
3159 1509 3372 1563 inutilia
3395 1550 3410 1572 ,

188 1581 584 1653 χρησιμώτερα
628 1584 913 1654 τυγχάνει,
953 1585 1096 1655 ἢπερ
1130 1586 1201 1639 τά
1239 1586 1405 1651 ὅντως
1454 1590 1755 1662 ἀνθρώποις

1862 1599 1959 1655 sed
1987 1600 2299 1656 hominibus
2329 1602 2737 1656 nocentissima.
2764 1600 3021 1666 Quamvis
3051 1600 3412 1657 demonstrari

188 1669 487 1725 λυσιτελεῖν
524 1672 780 1727 δοκοῦντα
803 1691 817 1705 ·
859 1677 951 1729 καὶ
984 1676 1151 1730 πολλὰ
1183 1677 1281 1747 μὲν
1310 1680 1403 1732 καὶ
1434 1680 1594 1751 ἕτερα
1635 1700 1755 1737 συν-

1855 1688 2065 1758 possint
2093 1689 2311 1743 utiliora
2338 1697 2392 1746 et
2419 1690 2786 1745 commodiora
2823 1705 2945 1745 esse
2986 1705 3146 1760 quam
3190 1706 3252 1746 ea
3293 1706 3412 1762 qua:

187 1760 430 1829 είρουσιν
461 1762 541 1824 είς
567 1761 817 1835 διαϐολὴν
848 1763 955 1818 τῶν
983 1764 1169 1829 ὄντων,
1205 1767 1296 1818 καὶ
1334 1767 1432 1837 τῆς
1471 1769 1578 1822 τῶν
1617 1773 1752 1831 ὅλων

1853 1794 1980 1832 vere
2005 1778 2315 1835 hominibus
2337 1780 2643 1836 conducere
2668 1781 2954 1834 videantur
2979 1798 2993 1844 ;
3023 1795 3086 1835 ac
3110 1782 3279 1836 multa
3300 1786 3412 1854 qui-

183 1849 524 1921 διοικήσεως.
888 1920 903 1935 ε
1779 1868 1785 1921 1

1806 1870 1820 1920 ι
1849 1875 1968 1923 dem
1999 1870 2101 1924 alia
2132 1880 2459 1926 connectunt
2489 1870 2556 1925 ad
2589 1873 2989 1927 accusationem
3020 1888 3200 1927 rerum
3231 1880 3283 1928 ct
3310 1891 3408 1946 gu-

1854 1958 2192 2013 bernationis
2225 1961 2487 2017 universi.

696 2128 709 2140 .
1343 2058 1471 2113 Car.
1517 2060 1603 2118 IV.
1649 2063 1927 2125 Methodus
1957 2070 2282 2139 disputandi.

271 2144 329 2197 '0
366 2144 423 2196 δὲ
473 2144 629 2213 λόγος
678 2146 829 2199 οὐδὲν
873 2147 1255 2203 ἀναπόδεικτον
1287 2151 1393 2204 τῶν
1433 2170 1492 2205 τε
1533 2158 1754 2227 εἰρημέ-

1929 2162 2156 2218 Dabitur
2190 2179 2317 2219 vero
2343 2179 2526 2234 opera.
2564 2174 2622 2219 ut
2657 2163 2793 2220 nihil
2831 2174 2939 2220 tam
2967 2180 3154 2221 eorum
3178 2180 3295 2235 qua:
3325 2166 3410 2220 di-

181 2250 294 2289 νων
340 2235 433 2288 καὶ
480 2236 861 2307 ῥηθησομένων
904 2241 1214 2293 καταλιπεῖν
1264 2244 1613 2314 πειράσεταυ
1663 2248 1756 2301 δύο

1857 2265 1966 2321 cta,
2004 2272 2166 2327 quam
2204 2271 2324 2326 quae
2356 2256 2588 2311 dicenda
2641 2266 2812 2320 sunt,
2852 2257 3149 2326 disputatio
3181 2273 3288 2311 non
3324 2272 3410 2311 ra-

182 2325 295 2399 γὰρ
327 2327 580 2381 ἐναντίων
609 2329 821 2397 φύσεων
864 2335 1057 2403 κρᾶσιν
1100 2334 1155 2387 ἐν
1189 2336 1299 2397 τοῖς
1339 2331 1456 2388 οὖσι
1493 2340 1756 2405 φανταζό-

1857 2325 2367 2400 ιὶοηεήεοηςιιιςυιη
2421 2346 2727 2415 relinquat:
2762 2325 2970 2415 ﬁngunt
3008 2346 3149 2400 enim
3196 2346 3402 2415 cogita~

184 2418 690 2488 μενοι,διανέμουσι
731 2422 951 2485 ταύταις
991 2423 1060 2476 τά
1094 2424 1234 2504 ,ὄντα
1282 2427 1420 2479 κατὰ
1462 2428 1521 2481 τὸ
1566 2429 1752 2485 δοκοῦν

1854 2437 1999 2491 tione
2046 2435 2276 2490 duarum
2324 2446 2641 2490 naturarum
2673 2438 3069 2491 contrariarum
3126 2437 3406 2490 admistio-

181 2508 390 2572 αὐτοῖς.
426 2510 616 2575 Πόθεν,
645 2513 907 2581 λέγοντες,
939 2515 1007 2567 τὰ
1035 2516 1197 2580 κακὰ,
1216 2520 1263 2570 εί
1294 2520 1366 2591 μὴ
1394 2520 1454 2572 ἐκ
1482 2539 1624 2583 τινος
1648 2524 1746 2593 ἀρ-

1854 2543 1997 2592 nem,
2022 2536 2074 2582 et
2097 2526 2203 2591 bis,
2234 2534 2293 2581 ut
2319 2528 2399 2583 eis
2431 2530 2660 2596 videtur,
2692 2546 2780 2586 res
2827 2544 3015 2583 omnes
3048 2528 3400 2582 distribuunt.

179 2598 287 2669 χῆς
314 2600 405 2653 καὶ
436 2599 607 2655 ταῦτα
633 2603 913 2673 τυγχάνει;
942 2606 1002 2657 Εί
1034 2605 1088 2659 δέ
1115 2625 1197 2670 τις
1227 2610 1538 2681 ἐρωτήσειεο
1578 2615 1739 2679 Heia;

1852 2617 2153 2683 Undenam,
2177 2620 2447 2690 inquiunt,
2484 2622 2659 2684 mala,
2706 2623 2752 2676 si
2800 2622 2911 2676 hanc
2963 2636 3069 2675 non
3118 2636 3183 2674 ex
3226 2620 3404 2690 aliquo

181 2690 486 2761 συνείρουσι
523 2693 591 2745 τὰ
629 2696 738 2749 τῶν
787 2697 1084 2769 ἀνθρώπων
1127 2703 1494 2773 ἁμαρτήματα
1541 2707 1632 2759 καὶ
1676 2707 1743 2759 τὰ

1849 2709 2115 2779 principio
2145 2712 2303 2765 sunt?
2332 2710 2417 2765 'Si
2459 2713 2583 2782 quis
2618 2727 2747 2766 vero
2792 2718 3172 2781 percontetur,
3224 2712 3404 2780 qualia

174 2780 276 2837 ¹τοῦ
300 2780 433 2835 Θεοῦ
466 2784 935 2858 δημιουργήματα,
957 2791 1049 2843 καὶ
1077 2792 1245 2862 αὐτὴν
1268 2793 1393 2864 ὅλην
1427 2796 1523 2865 τὴν
1550 2797 1745 2849 πάνσο-

1852 2808 2071 2868 peccata
2103 2801 2155 2854 in
2206 2802 2454 2855 homines
2499 2800 2801 2855 confertis?
2844 2801 3189 2871 Quacunque
3238 2801 3404 2854 fabri~

177 2889 282 2940 φον
311 2875 618 2945 οἰκονομίαν
650 2881 991 2944 κακίζουσιν·
1033 2883 1108 2945 ὡς
1151 2884 1203 2933 εἴ
1234 2901 1315 2947 τις
1354 2885 1541 2951 δείξειε
1576 2888 1750 2940 πάντα

1849 2897 2004 2944 catus
2032 2899 2113 2943 est
2143 2890 2305 2952 Dens,
2336 2899 2389 2944 et
2432 2899 2595 2944 totam
2629 2893 2801 2961 ipsam
2832 2908 3013 2945 rerum
3066 2878 3406 2961 sapientissi-

177 2960 361 3025 καλῶς
397 2967 491 3017 καὶ¹
529 2967 836 3034 ἀναγκαίως
874 2972 1151 3039 γεγονέναι
1199 2976 1292 3026 καὶ
1334 2976 1629 3043 γίγνεσθαι,
1670 2980 1748 3031 οἴ-

1851 2997 1994 3034 mam
2057 2983 2504 3051 compositionem
2567 2997 2630 3038 ac
2692 2984 3134 3052 gubernationem
3193 2984 3403 3053 vitupe—

174 3068 332 3121 χεται
362 3056 543 3117 αὐτοῖς
570 3057 627 3121 ἐξ
653 3058 893 3131 ἀνάγκης
935 3062 963 3112 ὁ
1007 3063 1131 3133 περὶ
1170 3064 1267 3133 τῆς
1303 3067 1547 3131 ἐναντίας
1576 3071 1749 3140 ἀρχῆς

1848 3082 2007 3126 rant:
2045 3083 2101 3127 ut
2144 3075 2254 3142 jam
2318 3075 2361 3129 si
2400 3075 2522 3143 quis
2568 3074 2904 3129 demonstret
2950 3076 3129 3129 omnia
3185 3074 3319 3129 bene
3352 3084 3404 3128 et

174 3142 354 3211 λόγος.
388 3146 478 3215 Μὴ
502 3146 609 3218 γὰρ
635 3150 922 3215 συνιέντες,
956 3153 1101 3216 ὅπως
1140 3154 1248 3225 ἔχει
1276 3156 1343 3209 τὰ
1388 3158 1554 3223 κάτω,
1585 3160 1748 3213 ἐπλά-

176 3249 339 3261 --.....
374 3237 494 3261 ---ι
530 3237 594 3261 ..λ
638 3238 736 3261 z_._,
762 3257 775 3261 _
819 3242 939 3261 -.ηιμ
1122 3243 1138 3261 κ
1193 3246 1249 3261 ιιι
1437 3248 1448 3261 ι
1629 3250 1641 3261 .
1775 3226 1776 3240 ‘

1802 3203 1816 3220 .
1850 3167 2161 3221 necessario
2193 3165 2333 3219 facta
2358 3181 2479 3221 esse
2510 3174 2563 3219 et
2598 3166 2712 3220 ﬁeri
2737 3206 2752 3229 ,
2805 3182 3025 3221 necesse
3071 3175 3153 3221 est
3192 3166 3404 3221 excidat

174 3249 341 3287 σαντο
373 3237 499 3305 περὶ
530 3237 596 3301 τά
634 3238 743 3292 ἄνω
762 3257 775 3270 ⁸
815 3242 948 3312 μηδέ
982 3243 1372 3309 καταλαϐόντες
1397 3248 1516 3300 τίνα
1547 3250 1746 3319 τρόπον
1775 3237 1776 3240 η

1801 3242 1818 3261 ’
1848 3257 1925 3309 eis
1951 3266 2005 3310 et
2026 3256 2202 3311 avolet
2224 3257 2361 3310 ratio
2394 3257 2652 3310 contrarii
2699 3257 2975 3327 principii.
2999 3257 3134 3312 Cum
3164 3258 3306 3311 enim
3341 3274 3403 3309 ea

170 3322 441 3377 διάκειται
469 3326 535 3380 τὰ
562 3327 831 3413 ὁρώμενα,
861 3333 1303 3405 ἐσυκοφάντησαν
1336 3337 1396 3388 τὸ
1437 3337 1509 3407 μὴ
1538 3337 1747 3409 ὁρώμε-

1845 3362 1965 3417 quae
2018 3346 2159 3401 infra
2203 3359 2348 3410 sunt,
2398 3364 2504 3401 non
2543 3349 2957 3412 intellexissent,
2983 3348 3254 3419 quomodo
3310 3348 3404 3401 ba-

170 3430 302 3465 νον·
352 3416 447 3469 καὶ
492 3412 693 3486 γνῶναι
739 3422 1137 3487 σπουδάσαντες
1186 3426 1271 3478 διὰ
1312 3427 1372 3479 τὸ
1418 3428 1491 3499 μὴ
1525 3428 1742 3495 γνῶναι,

1845 3442 2007 3496 beant
2035 3442 2102 3496 de
2132 3442 2196 3495 iis
2220 3457 2338 3511 qua:
2360 3450 2487 3495 sunt
2516 3457 2699 3511 supra,
2727 3451 2853 3497 sunt
2884 3442 3198 3504 commenti.
3228 3457 3405 3511 neque

169 3504 370 3578 ἀγνοίᾳ
403 3506 606 3577 μείζονι
645 3513 967 3582 περιέπεσον
994 3531 1007 3544 ·
1052 3515 1127 3578 ὡς
1168 3516 1275 3585 γὰρ
1319 3518 1374 3568 ἐν
1428 3519 1603 3572 σκότει
1647 3520 1745 3589 τὴν

1845 3533 2214 3603 percepissent
2246 3535 2514 3603 quomodo
2547 3552 2607 3589 ea
2654 3551 2772 3605 qua:
2802 3534 3049 3589 videntur
3073 3576 3086 3599 ,
3142 3534 3402 3603 disposita

170 3598 306 3669 περὶ
336 3599 445 3653 τῶν
497 3603 831 3672 φαινομένων
888 3605 1090 3659 ἔννοιαν
1135 3607 1439 3677 ζητοῦντες,
1484 3612 1543 3662 οὐ
1588 3612 1745 3681 μόνον

1843 3624 1973 3687 sint,
1999 3624 2051 3677 id
2082 3624 2225 3693 quod
2258 3641 2364 3678 non
2388 3627 2617 3689 videtur,
2647 3627 2963 3681 calumniati
2996 3632 3121 3680 sunt
3148 3643 3162 3692 ;
3197 3634 3400 3679 etcum

167 3688 273 3757 οὐχ
304 3682 479 3760 εὖρον,
508 3692 536 3743 ὃ
558 3690 736 3763 ζητεῖν
762 3694 997 3760 ἐδόκουν,
1029 3696 1162 3751 ἀλλὰ
1197 3700 1288 3752 καὶ
1327 3701 1503 3771 μεὶζον
1538 3704 1743 3766 ἑαυτοῖς

1843 3713 2060 3768 studere
2081 3714 2413 3779 viderentur,
2440 3723 2497 3768 ut
2520 3725 2941 3785 cognoscerent,
2995 3715 3121 3784 quia
3171 3730 3278 3768 non
3312 3730 3402 3769 co-

167 3777 236 3833 τὺ
270 3779 456 3844 σκότος
478 3783 577 3853 τῆς
604 3784 821 3852 ἀγνοίας
852 3790 1227 3859 πεποιῄκασιν.
1260 3794 1448 3861 Ἡμεῖς
1482 3795 1557 3859 δὲ,
1595 3795 1743 3865 πρῶ-

1840 3813 2171 3875 εηθτρηιηι,
2231 3806 2281 3863 io
2329 3807 2586 3878 magorcm
2649 3807 3009 3878 ignorantiam
3054 3806 3398 3862 inciderunt:

167 3885 267 3922 τον
314 3871 439 3942 περὶ
465 3872 572 3925 τῶν
621 3873 713 3927 δύο
762 3878 1015 3930 ἐναντίων
1068 3881 1248 3951 ἀρχῶν
1289 3884 1355 3945 ἃς
1404 3886 1743 3939 ὑποτίθενται

1842 3899 2039 3951 ctenim
2064 3899 2229 3952 veluti
2262 3899 2315 3952 in
2340 3901 2577 3954 tenebris
2609 3907 2931 3968 qtnurerent,
2958 3915 3076 3967 (pla:
3106 3899 3171 3951 de
3194 3900 3259 3953 iis
3284 3915 3402 3968 quae

166 3961 535 4027 διαλαϐόντες,
567 3964 735 4029 οὕτως
764 3967 965 4037 ἥξομεν
1006 3973 1138 4039 πρὸς
1180 3974 1276 4043 τὴν
1306 3975 1442 4045 ὑπὲρ
1476 3976 1579 4028 τῶν
1611 3978 1743 4030 ὅλων

1843 3997 2125 4057 apparent,
2155 3985 2499 4057 ignorabant,
2548 4006 2655 4041 non
2692 3989 2865 4043 solum
2898 4004 3005 4041 non
3040 3988 3396 4048 invenerunt,

167 4051 463 4116 ἀπόδειξιν,
492 4054 567 4117 ὼς
587 4054 763 4107 καλῶν
791 4059 883 4110 καὶ
923 4060 1230 4127 ἀναγκαίων
1256 4063 1421 4115 ὄντων
1462 4065 1734 4129 ἁπάντων,

1844 4078 1987 4148 quod
2023 4095 2265 4148 quaerere
2319 4081 2681 4146 videbantur;
2746 4080 2875 4148 quin
2938 4078 3398 4149 potinS'majorcs

168 4144 268 4197 καὶ
292 4145 621 4209 ἑκείνων,ὡς
656 4148 938 4219 προλαϐὼν
971 4152 1122 4221 ἔφην,
1153 4154 1382 4223 μάλιστα
1408 4156 1527 4208 καθ’
1559 4152 1738 4228 ὧνπερ

1844 4172 2162 4239 ignorantia:
2197 4172 2445 4227 tenebras
2491 4173 2592 4226 sibi
2626 4171 2952 4225 adtulerunt.
3003 4170 3111 4225 Nos
3140 4187 3266 4225 vero
3298 4174 3401 4241 pri-

168 4233 429 4304 πλείστην
468 4239 811 4316 καταδρομὴν
847 4244 1143 4306 ποιοῦνται,
1186 4248 1259 4309 Co;
1301 4249 1740 4320 ὁμολογουμένων

1844 4274 1934 4312 mo
1961 4260 2028 4313 de
2057 4260 2270 4314 duobus
2321 4263 2603 4331 principiis
2644 4263 2964 4322 contrariis,
3002 4276 3121 4331 qua:
3172 4271 3396 4329 ponunt,

167 4325 387 4379 κακῶν·
425 4327 589 4382 ἔτιδὲ
642 4333 732 4384 καὶ
779 4332 877 4403 τῆς
932 4335 1039 4386 τῶν
1088 4337 1222 4388 ὅλων
1263 4338 1594 4409 διοικήσεως,
1648 4342 1740 4394 καὶ

1840 4351 2190 4418 disserentes,
2232 4354 2299 4407 ad
2346 4355 2748 4409 conclusionem
2808 4356 3288 4424 argumentationis
3335 4356 3399 4408 de

163 4417 239 4470 δι’
277 4413 351 4472 ὧν
403 4421 625 4491 πικρίαν
670 4424 836 4494 αὐτῆς
876 4426 1203 4496 ἀγνωμόνως
1253 4430 1735 4501 καταψηφίζονται,

1843 4441 2097 4495 universo
2125 4444 2442 4499 veniemus:
2480 4456 2601 4500 esse
2645 4446 2851 4499 scilicet
2882 4447 3022 4498 bona
3060 4452 3113 4497 et
3149 4460 3399 4499 necessa-

165 4508 240 4562 τὰ
289 4511 681 4583 ἀναγκαιότερα
728 4516 1133 4588 οίκονομοῦσης,
1195 4520 1255 4572 οὐ
1314 4521 1419 4591 μὴν
1462 4521 1596 4575 ἁλλά
1643 4525 1736 4576 καὶ

1794 4552 1811 4603 )
1842 4533 1917 4583 ria
1950 4533 2150 4594 omnia,
2180 4543 2233 4588 et
2270 4534 2359 4587 illa
2391 4536 2643 4593 maxime.
2676 4544 2733 4588 ut
2761 4536 3009 4603 superius
3042 4535 3174 4595 dixi,
3201 4535 3255 4587 in
3279 4552 3396 4605 qua:

166 4598 298 4671 περὶ
327 4600 434 4654 τῶν
466 4602 615 4673 παρὰ
642 4605 946 4678 ἀνθρώποις
991 4610 1359 4680 ἀδικημάτων,
1396 4613 1471 4675 ὡς
1505 4614 1623 4665 οὐδὲ
1650 4615 1739 4666 διὰ

1841 4626 2133 4678 maximum
2164 4626 2420 4696 impetum
2452 4636 2504 4681 ct
2527 4628 2807 4681 incursum
2836 4627 3060 4692 faciunt,
3092 4627 3249 4697 quasi
3280 4642 3395 4680 Olll-

163 4688 337 4744 ταῦτα
374 4694 614 4765 προσῆκε
663 4697 858 4761 κακίας
896 4699 1068 4771 ἀρχὴν
1118 4700 1255 4753 κατά
1304 4701 1437 4755 Θεοῦ
1477 4694 1738 4770 φαντάζε-

1838 4716 1984 4767 nium
2020 4731 2281 4771 concessu
2316 4718 2453 4772 mala
2489 4720 2622 4784 sint;
2655 4726 2909 4787 praeterea
2946 4719 3106 4771 etiam
3154 4716 3393 4769 onmium

166 4779 323 4832 σθαι’
357 4783 694 4855 δειχθήσεται
726 4788 832 4861 γὰρ
863 4790 937 4852 ὼς
967 4792 1061 4844 καὶ
1108 4792 1279 4845 ταῦτα
1319 4793 1411 4847 τοῦ
1448 4800 1735 4866 πεποιηκὸ-

1838 4820 2017 4859 rerum
2054 4808 2521 4874 gubernationem,
2559 4819 2719 4877 atque
2760 4809 2849 4862 illa
2890 4809 2943 4861 in
2967 4807 3165 4877 quibus
3189 4805 3395 4860 severi-

163 4888 258 4968 τος
296 4872 442 4942 ἡμᾶς
481 4878 730 4945 ἐμφαίνει
776 4882 875 4952 τὴν
922 4882 1261 4952 ἀγαθόττρν
1308 4887 1397 4937 καὶ
1446 4887 1566 4939 οὔτε
1597 4892 1734 4943 κατὰ

1840 4902 2001 4949 tatem
2038 4898 2420 4964 providentiae,
2476 4915 2623 4967 qua,
2682 4915 2801 4968 qua:
2855 4899 3026 4967 magis
3086 4895 3392 4951 necessaria

165 4958 418 5031 βούλησιν
462 4967 625 5019 αὐτοῦ
677 4969 808 5039 πρὸς
855 4966 1152 5041 ἀνθρώπων
1196 4974 1455 5041 γίγνεται,
1502 4974 1622 5028 οὔτε
1668 4978 1730 5029 ἐκ

1840 4994 1987 5047 sunt,
2024 5000 2402 5055 procurantur,
2438 4990 2777 5059 improbant;
2820 4998 2871 5041 et
2917 5004 3023 5041 non
3054 4988 3229 5041 solum
3254 4987 3388 5048 haec,

160 5067 309 5113 τινος
339 5054 515 5119 αἰτίας
552 5058 585 5126 ἢ
608 5059 777 5130 ἀρχῆς
810 5060 930 5114 καθ’
968 5063 1123 5133 ἡμῶν
1155 5065 1394 5136 φέρεται.

1836 5074 1928 5129 sed
1946 5077 2011 5131 de
2030 5054 2095 5131 iis
2118 5080 2410 5149 etiamquce
2432 5054 2571 5150 apud
2607 5082 2851 5134 homines
2879 5080 3078 5148 injuste
3109 5078 3264 5140 ﬁunt,
3297 5093 3390 5130 ne-

162 5160 275 5239 ‘Jn‘?
299 5156 520 5216 ΡτοΡιεΐ
548 5151 659 5205 haec
684 5154 1006 5224 principium
1033 5159 1155 5210 mali
1189 5166 1375 5212 contra
1406 5158 1572 5214 Deum
1612 5173 1862 5231 oportere
1901 5172 2137 5239 cogitare
2166 5192 2176 5225 :
2213 5173 2528 5230 docebimus
2556 5178 2698 5228 enim
2750 5176 2861 5229 hinc
2890 5175 3050 5227 etiam
3094 5172 3387 5227 bonitatem

164 5235 263 5290 Dei
301 5239 394 5335 qui
424 5255 524 5295 nos
557 5240 710 5309 fecit,
748 5244 1058 5313 declarare;
1107 5260 1160 5303 et
1193 5265 1366 5321 neque
1395 5252 1463 5306 ab
1489 5253 1797 5312 hominibus
1840 5261 1950 5316 ﬁeri
1973 5235 2273 5319 secundum
2328 5269 2658 5321 voluntatem
2700 5266 2829 5330 Dei,
2876 5281 2973 5320 nec
3006 5281 3073 5320 ex
3123 5264 3388 5335 principio

161 5331 422 5400 quopiam
452 5338 731 5391 contrario
758 5339 813 5395 in
847 5355 945 5393 nos
972 5338 1123 5395 ferri.

1248 5435 1375 5488 Car.
1418 5433 1480 5488 ν.
1514 5438 1593 5490 An
1625 5438 1726 5490 duo
1763 5442 2019 5508 principia
2054 5443 2310 5508 opposita.

230 5542 529 5633 Τοιγαροῦν
572 5544 754 5600 λοιπὸν
806 5551 897 5603 ἐπὶ
942 5552 1039 5623 τὴν
1088 5554 1259 5625 ἀρχὴν
1302 5556 1399 5624 τῆς
1453 5555 1725 5625 μυθώδους

1903 5560 2070 5631 Igitur
2119 5563 2492 5632 aggrediamur
2526 5563 2779 5633 deinceps
2818 5562 2879 5616 ad
2926 5563 3245 5631 principium
3284 5564 3386 5617 im-

157 5631 410 5696 ἀσεόείας
446 5634 624 5687 αὐτῶν
664 5636 925 5710 ἔλθωμεν,
976 5644 1347 5711 ἐξετάζοντες,
1396 5651 1443 5701 εί
1496 5651 1726 5722 παραδέ-

1833 5653 2047 5721 pictatis
2078 5631 2291 5709 illorum
2312 5656 2691 5711 commentitia:
2713 5631 2733 5719 ,ἡ
2781 5656 3116 5725 inquirentes
3139 5695 3153 5720 ,
3205 5660 3383 5711 utrum

228 5746 304 5817 (2)
331 5744 500 5815 Editi,
529 5746 671 5804 εὖτε.
707 5749 863 5807 Enn.
