4058 6330
680 367 817 432 1076

1808 373 1950 430 τιτι
1986 373 2418 432 οοετιιευειδ
2451 375 2763 434 EPISCOPI

3782 368 3910 428 ια

679 495 932 553 notiones
963 494 1236 551 naturales
1262 495 1375 551 duo
1421 496 1697 549 contraria
1740 496 2011 567 principia
2062 512 2250 553 rerum

2354 515 2537 570 χονται
2588 499 2717 566 γοῦν
2756 498 2815 552 αι
2844 494 2987 551 κατά
3017 495 3181 565 φύσιν
3200 494 3397 549 ἔννοιαι
3417 490 3509 545 δύο
3537 490 3647 561 (2‘)
3674 493 3910 555 ἐναντίας

678 586 1005 641 admittant:
1036 586 1083 643 si
1134 586 1278 641 enim
1323 601 1393 642 ne
1439 587 1839 642 consentientia
1879 587 2099 657 quidem
2153 590 2251 645 ad-

678 680 924 747 mittunt,
953 678 1126 732 multo
1158 682 1342 732 minus
1389 682 1711 749 pugnantia.
1768 679 2028 734 Scribens
2080 680 2249 750 igitur

676 769 770 825 ille
802 770 921 841 Ipse
948 770 1139 827 furens
1163 770 1497 829 Manicbzus
1521 813 1537 837 ,
1589 772 1790 841 ubique
1829 770 2019 841 incipit
2046 788 2057 823 :
2115 768 2250 825 Erat

678 860 821 915 Dm
876 873 928 917 α
961 865 1220 931 materia,
1276 866 1485 930 tamen,
1530 875 1580 919 et
1626 862 1879 925 tmbrar,
1938 862 2129 917 bonum
2198 872 2248 917 et

674 954 895 1017 malum,
922 956 979 1009 in
1014 958 1256 1013 omnibus
1309 974 1509 1013 summa
1553 957 1860 1014 contraria:
1902 966 1960 1009 ut
2003 956 2057 1009 in
2097 956 2246 1011 nulla

672 1056 735 1097 re
763 1044 993 1099 alterum
1017 1060 1143 1100 cum
1176 1048 1347 1102 altero
1377 1047 1815 1103 communionem
1846 1054 1899 1098 et
1926 1045 2245 1100 societatem

673 1132 920 1197 haberet,
954 1138 1114 1191 ambo
1147 1138 1385 1209 ingenita
1426 1146 1479 1193 et
1512 1138 1780 1193 viventia:
1820 1138 1984 1207 igitur
2012 1145 2105 1191 aut
2131 1137 2245 1193 dis-

667 1225 899 1296 jungent
931 1244 1027 1291 se;
1061 1237 1155 1282 aut
1180 1231 1225 1283 si
1260 1230 1459 1285 fuerint
1486 1230 1678 1291 simul,
1726 1230 1897 1282 amica
1933 1237 1985 1283 et
2038 1244 2243 1298 nequa-

672 1330 836 1386 quam
885 1318 1159 1372 contraria
1212 1335 1335 1376 esse
1386 1323 1687 1391 apparebit.
1744 1325 1813 1376 At
1862 1332 2010 1393 patet
2060 1325 2242 1379 dicere

669 1422 817 1470 eum,
853 1408 1101 1477 seiuncta
1137 1425 1259 1465 esse
1297 1412 1432 1466 haec.
1470 1411 1639 1483 Igitur
1669 1422 1963 1484 utrumque
1995 1430 2120 1470 cum
2164 1415 2241 1468 al-

669 1506 790 1551 tero
822 1496 1031 1552 ﬁnitum
1060 1507 1115 1553 et
1138 1501 1491 1556 terminatum
1516 1504 1621 1557 erit
1656 1504 1957 1561 secundum
1982 1506 2242 1560 substan-

667 1586 824 1646 tiam.
853 1596 909 1642 et
940 1597 1197 1643 neutrum
1245 1590 1778 1664 incircumscriptum
1835 1604 1889 1648 et
1925 1595 2194 1650 inﬁnitum
2224 1614 2237 1649 :

668 1677 1123 1735 circumscribere
1177 1691 1355 1738 autem
1420 1682 1589 1738 Deum
1640 1687 1940 1741 secundum
1988 1688 2241 1743 substan-

669 1767 841 1830 tiam,
884 1776 938 1824 et
972 1786 1079 1824 non
1112 1787 1277 1827 nosse
1334 1783 1389 1829 et
1436 1774 1680 1830 conﬁteri
1734 1776 2008 1832 infinitum
2073 1793 2196 1833 esse
2222 1822 2237 1843 ,

2352 588 2527 659 ἀρχὰς
2573 588 2682 641 τῶν
2720 587 2919 643 όντωνο
2958 587 3008 638 εί
3040 586 3148 656 γὰρ
3190 584 3321 655 μηδὲ
3381 580 3781 653 συμφοπούσας
3836 581 3910 634 δι-

2352 681 2520 744 ξαντ
2538 680 2616 749 (5)
2633 680 2720 743 ἀν,
2739 674 2775 749 ἧ
2792 677 2893 732 τωὺ
2911 692 2974 744 γε
2998 674 3323 746 μαχομένας.
3342 674 3572 745 Γράφων
3587 670 3770 725 τοίνυν
3784 672 3911 724 ἐκεῖ·

2347 787 2438 833 νος
2459 769 2639 834 αὐτὸς,
2669 771 2698 821 δ
2722 765 3076 837 χαλεπώτατα
3112 765 3319 835 μανεὶς,
3355 763 3583 833 ἄρχεται
3611 760 3906 829 πανταχοῦ·

2347 856 2459 915 Ἦν
2490 861 2653 925 Θεὸς,
2708 858 2809 911 καί
2852 856 2970 922 ὕλη
2994 873 3009 885 ·
3068 854 3213 925 φῶς,
3243 855 3340 907 καί
3382 854 3631 918 σκότος’
3670 852 3910 921 ἀγαθὸν,

2346 952 2444 1006 καί
2500 954 2719 1005 κακόν·
2770 952 2843 1005 ἐν
2891 948 3016 1015 τοῖς
3062 946 3250 1003 πᾶσιν
3285 946 3475 1015 ἄκρως
3516 948 3801 1007 ἐναντία.
3845 947 3913 1008 ὡς

2346 1041 2489 1096 κατά
2525 1041 2690 1112 μηδὲν
2725 1038 3091 1092 ἐπικοινωνεῖν
3127 1034 3349 1105 θάτερον
3377 1034 3609 1106 θατέρῳ,
3652 1032 3913 1103 ἀγέννητά

2344 1150 2402 1186 τε
2436 1134 2527 1186 καὶ
2548 1134 2723 1197 ζῶντα
2751 1132 2941 1201 ἀμφω-
2985 1126 3180 1181 οὐκοῦν
3205 1126 3239 1195 ἢ
3264 1126 3487 1197 χωρίσει
3521 1142 3596 1192 γε’
3613 1124 3794 1178 ταῦτα
3827 1124 3912 1176 ἀπ’

2344 1225 2618 1295 ἀλλήλων,
2665 1224 2698 1294 ἢ
2748 1223 2843 1276 σὺν
2888 1219 3134 1289 ἀλλήλοις
3178 1217 3307 1270 ὄντα
3360 1216 3489 1284 φίλα
3529 1217 3625 1269 καὶ
3668 1214 3915 1285 οὐδαμῶς

2343 1317 2563 1369 ἐναντία
2594 1315 2912 1385 φανήσεται.
2958 1310 3116 1364 ’Δλλά
3136 1308 3312 1379 δῆλον,
3328 1310 3409 1361 ὅτι
3432 1309 3602 1378 χωρὶς
3627 1309 3729 1360 ἀπ’
3758 1308 3913 1377 am.

2345 1408 2451 1459 λων
2492 1407 2586 1460 καὶ
2634 1405 2794 1468 αὐτὸς
2837 1402 3007 1456 ταῦτα
3050 1402 3187 1454 εἶναί
3234 1418 3427 1471 φηρτν·
3454 1400 3541 1469 ἄρ’
3577 1396 3671 1453 οὖν
3709 1416 3914 1469 συμπε-

2344 1499 2683 1569 περασμένον
2708 1498 2967 1566 ἑκάτερον
3000 1494 3210 1565 θατέρῳ
3248 1493 3344 1563 τὴν
3377 1492 3560 1545 οὐσίαν
3605 1492 3792 1556 ἔσται,
3823 1493 3916 1544 καὶ

2341 1591 2624 1661 οὐδέτερον
2653 1587 3065 1657 ἀαιιεριὸριστον⁶
3117 1583 3442 1657 περιορίζειν
3486 1584 3542 1637 δὲ
3584 1585 3706 1637 κατ’
3733 1583 3915 1638 οὐσίαν

2344 1683 2435 1734 τὸν
2466 1682 2618 1747 Θεὸν,
2666 1682 2758 1734 καὶ
2802 1680 2876 1751 μὴ
2924 1681 3227 1748 ἀπέραντον
3262 1676 3455 1731 εἰδέναι
3496 1693 3555 1729 τε
3605 1677 3702 1729 καὶ
3735 1676 3919 1744 ὁμολο-

2344 1775 2483 1840 γεῖν,
2517 1773 2633 1835 πῶς
2662 1773 2723 1824 οὐ
2753 1771 2871 1825 λίαν
2899 1768 3128 1833 ἀσεϐέςς
3161 1769 3321 1822 ὁπότε
3348 1769 3409 1821 οὐ
3467 1767 3628 1838 μόνον
3671 1767 3913 1839 περιορί-

669 1862 944 1929 quomodo
974 1878 1082 1917 non
1115 1872 1199 1920 est
1241 1865 1533 1920 admodum
1575 1866 1837 1939 impium?
1890 1867 2244 1941 Quandoqui-

2349 1865 2533 1928 ζεσθαι
2586 1860 2725 1927 δόξει
2770 1860 2868 1931 τὴν
2912 1859 3099 1912 οὐσίαν
3136 1859 3228 1911 καὶ
3279 1856 3735 1929 περιγράφεσθαι,
3787 1856 3916 1909 ἀλλά

668 1952 795 2007 dem
830 1968 937 2007 non
969 1955 1143 2009 solum
1168 1958 1549 2012 circumscribi
1590 1966 1643 2014 et
1673 1960 1957 2015 terminari
1988 1961 2216 2016 substan

667 2044 742 2095 tia
776 2042 867 2098 Dei
898 2045 1189 2109 videbitur,
1229 2048 1322 2103 sed
1356 2063 1383 2101 a
1418 2049 1581 2113 malo,
1612 2057 1669 2103 ut
1703 2050 1799 2105 ille
1828 2051 1923 2114 ait,
1954 2050 2059 2107 hoc
2099 2052 2244 2107 acci-

667 2146 814 2200 pere.
849 2132 1004 2200 Quod
1034 2137 1251 2206 quidem
1282 2149 1435 2195 extra
1470 2156 1794 2197 communes
1824 2143 2079 2199 notiones
2118 2151 2203 2201 est
2226 2186 2241 2210 ,

666 2232 793 2287 quae
810 2222 976 2275 menti
1007 2234 1323 2293 suggerunt,
1360 2237 1419 2281 ut
1452 2244 1575 2283 eum
1608 2230 1809 2299 ubique
1846 2246 1968 2286 esse
2010 2241 2205 2287 noscat
2226 2275 2241 2298 ,

666 2317 720 2361 et
750 2319 948 2365 natura
976 2313 1517 2385 incompreliensum.

2348 1957 2439 2009 καὶ
2489 1953 2625 2025 πρὸς
2655 1951 2753 2020 τῆς
2792 1950 3011 2012 κακίας,
3058 1948 3133 2011 ὡς
3175 1948 3379 2010 ἐκεῖνός
3423 1963 3575 2016 φησι,
3614 1944 3777 1998 τοῦτο
3814 1947 3910 1999 πά-

2339 2062 2513 2121 ρχειν.
2534 2044 2711 2113 Ὅπερ
2738 2039 2948 2112 πρῶτον
2989 2039 3088 2109 μὲν
3132 2036 3239 2089 τῶν
3279 2037 3466 2089 κοινῶν
3493 2036 3716 2091 ἐννοιῶν
3742 2036 3914 2097 ἐκτὸς,

2340 2138 2548 2199 αἵτινες
2580 2132 2967 2190 ὺτωδάλλουσιν
2998 2132 3160 2185 αὑτὸν
3211 2129 3494 2198 γινώσκειν
3528 2124 3671 2181 εἶναι
3698 2144 3765 2180 τε
3790 2144 3916 2180 παν-

2344 2227 2536 2298 ταχοῦ,
2568 2227 2663 2279 καὶ
2689 2222 3056 2295 ἀπερίληπτον
3083 2222 3343 2293 ὑπάρχειν
3368 2219 3463 2290 τὴν
3492 2219 3677 2288 φύσιν.

1544 2440 1671 2494 Cn.
1718 2440 1809 2497 VI.
1837 2442 1978 2497 Deus
2000 2445 2287 2498 secundum
2318 2442 2517 2510 placita
2548 2436 2883 2491 lanichaica
2908 2435 3109 2503 ﬁnitus.

739 2521 1004 2581 Praeterea
1032 2528 1217 2593 etiam,
1252 2532 1298 2585 si
1332 2530 1444 2585 hac
1468 2534 1779 2589 necessario
1806 2549 1836 2587 a
1859 2549 1918 2590 se
1945 2534 2235 2602 dissident,

665 2630 773 2669 non
802 2618 979 2671 solum
1006 2617 1173 2684 Deus,
1205 2622 1459 2692 opinione
1482 2624 1628 2678 illius
1662 2624 1875 2691 insana,
1895 2634 2102 2682 natura:
2129 2627 2238 2680 cir-

663 2710 1011 2780 cumscripta:
1053 2727 1177 2767 esse
1229 2713 1540 2779 videbitur,
1598 2717 1693 2771 sed
1747 2717 1803 2769 in
1855 2717 2068 2785 privato
2115 2717 2238 2774 loco

664 2814 806 2864 esse,
838 2808 893 2855 et
920 2802 1159 2857 residere
1189 2820 1356 2875 prope
1384 2808 1744 2861 contrarium.
1782 2808 1913 2874 Qua:
1934 2809 2081 2864 enim
2118 2825 2148 2863 a
2178 2825 2238 2865 se

663 2899 853 2944 mutuo
879 2900 1158 2955 arcentur,
1193 2896 1432 2965 propriis
1470 2908 1522 2951 et
1560 2898 1788 2965 privatis
1834 2899 1973 2953 locis
1999 2900 2237 2953 circum-

665 2982 934 3037 scribunt.
962 2982 1297 3040 Excutienda
1321 2987 1485 3057 igitur
1505 2997 1634 3043 sunt
1667 2989 1803 3051 haec.
1838 2991 1883 3044 si
1914 2990 2083 3045 ambo
2105 3004 2238 3045 con-

663 3075 833 3129 traria
878 3084 1137 3146 tanquam
1198 3080 1435 3149 ingenita
1487 3083 1796 3150 antiquiora
1849 3083 1983 3137 locis
2037 3090 2233 3145 erant,

2418 2532 2537 2584 Ἐτι
2577 2530 2673 2599 μὲν
2702 2530 2753 2581 εί
2797 2526 2970 2580 ταῦτα
3004 2526 3283 2595 διέστηκεν
3322 2520 3631 2591 ἀναγκαίως
3651 2521 3915 2594 ἀλλήλω-ι,

2342 2626 2402 2678 οὐ
2434 2623 2593 2693 μόνον
2632 2618 2768 2673 Θεοῦ
2820 2620 2961 2673 κατά
2997 2617 3095 2689 τὴν
3138 2617 3345 2670 ἐκείνου
3387 2614 3582 2685 μανίαν
3633 2614 3779 2680 ὥξει
3828 2616 3921 2687 τὴν

2343 2715 2503 2784 φύσιν
2536 2709 2962 2783 περιορίζεσθαι,
2994 2706 3131 2761 ἀλλά
3165 2708 3259 2761 καὶ
3299 2707 3358 2759 ἐν
3396 2707 3509 2776 ίδξῳ
3541 2706 3697 2777 τόπῳ
3724 2711 3920 2780 τυγχά-

2346 2826 2474 2870 νειν,
2511 2806 2603 2860 καλ
2648 2804 2975 2873 καταμένειν
3018 2798 3410 2872 παραπλησίως
3448 2797 3526 2868 τῷ
3553 2800 3805 2869 ἐναντίῳ.
3844 2800 3920 2853 ra:

2345 2900 2452 2969 γὰρ
2495 2899 2584 2950 ὑπ’
2628 2896 2871 2965 ἀλλήλων
2924 2893 3236 2963 εἶργόμενα,
3282 2892 3465 2955 τόποις
3523 2891 3677 2955 ίδίοις
3722 2892 3919 2963 δηλαδὴ

2345 2990 2759 3061 περιγράφεται,
2792 2987 2977 3038 Ἔστιν
3001 2979 3094 3037 οὖν
3124 2983 3457 3047 ἐξεταστέον,
3485 2985 3533 3035 εί
3563 2982 3664 3051 μὲν
3690 2982 3921 3053 «9536:5-

2345 3102 2475 3155 τερα
2503 3083 2611 3135 τῶν
2642 3082 2822 3133 τόπων
2863 3080 3029 3149 ἄμφω
3073 3074 3145 3128 τά
3191 3074 3406 3127 ἐναντία
3441 3072 3518 3135 ὡς
3562 3072 3834 3142 ἀγένητα,
3856 3068 3919 3142 ἦν

662 3165 959 3234 aliquando
995 3182 1190 3223 rursus
1224 3171 1377 3237 prius
1408 3181 1566 3224 erant
1594 3172 1960 3227 communiter
1986 3187 2015 3225 a
2060 3187 2240 3243 pugna

2342 3178 2429 3230 ὅτε
2456 3174 2617 3227 πάλιν
2652 3172 2911 3243 πρότερον
2948 3167 3205 3238 ἐτύγχανε
3238 3167 3387 3236 κοινῇ
3414 3164 3514 3233 τῆς
3548 3165 3918 3234 ἐναντιότητος

661 3252 807 3308 inter
859 3269 919 3309 se
965 3255 1153 3312 libera.
1220 3256 1315 3311 Sin
1374 3273 1505 3313 vero
1561 3260 1856 3327 disjunctio
1920 3261 2238 3315 substantia:

660 3346 948 3417 utriusque
996 3348 1158 3403 simul
1187 3364 1253 3404 ex
1286 3353 1588 3407 aeternitate
1640 3351 1760 3415 fuit,
1795 3352 2074 3422 antiquior
2118 3360 2235 3407 erat

660 3438 819 3493 locus
851 3440 1178 3496 substantia
1201 3444 1506 3514 utriusque.
1542 3445 1623 3499 vel
1663 3445 1826 3499 simul
1851 3459 1975 3499 cum
2010 3445 2119 3499 illis
2150 3444 2235 3497 in-

659 3529 899 3597 genitus.
936 3529 991 3583 Si
1019 3540 1204 3586 autem
1246 3535 1542 3605 antiquior,
1568 3544 1627 3590 ut
1665 3536 1776 3604 jam
1813 3536 1993 3591 ambo"
2022 3537 2238 3592 videan-

658 3626 753 3671 tur
781 3621 1069 3690 utriusque
1100 3623 1203 3676 loci
1232 3626 1579 3696 propagines,
1618 3642 1727 3681 non
1756 3634 1883 3683 sunt
1922 3626 2037 3681 haec
2066 3619 2238 3700 'inge-

657 3710 795 3771 uita,
817 3726 917 3766 nec
937 3722 1141 3770 aeterna
1167 3734 1179 3768 :
1215 3716 1360 3785 quod
1385 3717 1605 3785 quidem
1640 3718 1779 3773 locis
1811 3734 1878 3773 ex
1904 3719 2103 3787 quibus
2123 3719 2238 3773 haec

658 3803 1008 3865 exstiterunt.
1044 3805 1317 3861 videbitur
1352 3809 1552 3864 inesse.
1600 3807 1657 3863 Si
1698 3825 1829 3863 vero
1856 3811 2009 3865 locus
2060 3817 2143 3865 est
2172 3810 2240 3865 si-

657 3893 773 3948 mul
804 3908 933 3947 cum
964 3895 1072 3949 illis
1114 3897 1386 3966 ingenitus
1409 3938 1422 3960 .
1458 3907 1618 3954 erant
1668 3901 1822 3970 plura
1857 3902 2094 3972 ingenita
2116 3943 2131 3965 ,
2184 3912 2237 3958 et

656 3998 769 4037 non
799 3985 910 4053 jam
971 3987 1081 4043 duo
1112 4007 1121 4039 :
1179 4004 1403 4045 necesse
1446 3993 1591 4055 enim
1623 4001 1727 4056 est,
1763 4002 1822 4047 ut
1854 3994 1957 4047 alia
2007 3998 2117 4050 sint
2144 3995 2236 4047 illa

657 4074 779 4128 loca
809 4085 1004 4145 praeter
1034 4077 1145 4131 haec
1175 4094 1294 4147 qua
1323 4080 1379 4134 in
1422 4080 1530 4136 illis
1574 4091 1723 4145 sunt,
1760 4086 1878 4137 sine
1908 4085 2106 4156 quibus
2137 4100 2236 4139 nec

658 4180 781 4222 esse
810 4176 1062 4237 possunt.

2342 3266 2758 3338 ἀπηλλαγμένα.
2796 3263 2857 3315 El
2890 3261 2948 3314 δὲ
2983 3258 3246 3321 ωναῖδιος
3285 3256 3545 3327 ἑκατέρου
3587 3257 3691 3327 τῆς
3737 3257 3917 3319 οὐσίας

2340 3354 2706 3427 όχωρισμὺς,
2754 3350 3176 3424 προγενέστερος
3225 3347 3479 3417 ἐκατέρου
3527 3347 3629 3415 τῆς
3671 3348 3859 3410 οὐσίας
3889 3349 3915 3399 ό

2338 3448 2519 3510 τόπος,
2556 3446 2588 3515 ἢ
2622 3444 3027 3512 συναγέννητος.
3084 3438 3221 3491 Ἀλλ’
3270 3440 3317 3490 εί
3346 3438 3443 3507 μὲν
3473 3437 3911 3509 προγενέστερος,

2340 3540 2414 3603 ὡς
2439 3538 2702 3607 ἑκατέρου
2746 3535 2908 3588 τόπου
2942 3532 3225 3603 βλάστημα
3255 3530 3428 3583 δοκεῖν
3460 3524 3602 3582 εἶναι
3636 3530 3912 3601 ἑκάτερον,

2339 3629 2452 3682 οὔτ’
2482 3630 2752 3698 ἀγέννητα
2780 3624 2969 3689 ταῦτα,
3002 3623 3125 3677 οὔτε
3169 3622 3339 3676 ἀΐδια·
3368 3622 3504 3691 ὅπερ
3530 3622 3800 3691 ὑπάρχειν
3832 3622 3913 3674 δό-

2342 3720 2419 3784 ξει
2464 3723 2574 3783 τοῖς
2622 3720 2805 3779 τόποις
2868 3716 2927 3781 ἐξ
2975 3709 3051 3769 ὧν
3097 3715 3299 3769 ταῦτα·
3341 3715 3389 3765 εί
3443 3714 3501 3766 δὲ
3558 3713 3912 3783 συναγένητος

2340 3812 2513 3876 ἔσται,
2543 3811 2732 3873 πλείω,
2761 3812 2854 3863 καὶ
2878 3810 3059 3862 οὐκέτι
3083 3809 3175 3861 δύο
3203 3810 3268 3861 τὰ
3292 3807 3547 3875 ἀγένητα·
3572 3807 3787 3873 ἀνάγκη
3812 3806 3911 3874 γάρ

2341 3902 2503 3973 ἕτερα
2558 3901 2844 3970 τυγχάνειν
2898 3902 3081 3953 ἐκεῖνα
3132 3898 3281 3967 παρά
3332 3895 3524 3958 ταῦτα,
3575 3896 3633 3947 ὲν
3680 3890 3761 3957 οἷς
3802 3898 3913 3951 ἐστι

2342 3992 2531 4059 ταῦτα,
2564 3985 2639 4046 ὧν
2673 3990 2801 4046 ἄνευ
2832 3990 2950 4045 οὐδὲ
2983 3984 3118 4045 εἶναι
3152 3989 3450 4058 δυνήσεται.

1525 4263 1652 4318 CAP.
1688 4262 1797 4318 VII.
1830 4264 2074 4333 Spatium
2105 4268 2241 4321 inter
2268 4267 2373 4322 duo
2412 4266 2675 4336 principia
2713 4264 2978 4334 quodnam
3002 4264 3029 4315 Ζ)

729 4352 809 4406 Ad
838 4352 951 4406 haac
982 4353 1312 4421 poscendum
1342 4363 1426 4410 est
1467 4358 1533 4410 ab
1580 4358 1701 4412 istis
1728 4359 2131 4425 intermedium,
2174 4370 2229 4415 et

2406 4364 2547 4434 Πρὸς
2582 4363 2641 4416 δὲ
2664 4362 2875 4424 τούτοις
2910 4360 3001 4410 καὶ
3046 4355 3293 4427 μεθόριον
3320 4353 3646 4424 ἀμφοτέρων
3678 4353 3904 4445 arma.

655 4446 904 4515 utrisque
964 4444 1341 4515 intcrjectum,
1401 4448 1545 4518 quod
1595 4450 1821 4504 alterius
1868 4466 1990 4504 cum
2056 4454 2229 4506 altero

2339 4455 2473 4517 ιέον,
2512 4454 2743 4524 διεῖργον
2774 4453 2868 4505 καὶ
2901 4446 3195 4502 διακωλῦον
3237 4445 3482 4515 ἑκατέρῳ
3511 4445 3611 4513 τὴν
3644 4444 3782 4515 πρὸς
3817 4444 3904 4497 θά-

656 4537 1104 4591 commnnitatem
1130 4546 1312 4592 arceat
1340 4548 1392 4592 et
1418 4540 1719 4608 prohibeat,
1752 4558 1818 4596 ne
1841 4541 2039 4598 finibus
2088 4544 2229 4598 inter

656 4641 718 4682 se
750 4628 1057 4690 commista,
1089 4642 1281 4683 rursus
1320 4630 1584 4683 rationem
1633 4646 1694 4683 ac
1731 4639 1980 4686 naturam
2012 4643 2227 4687 contra-

656 4718 865 4771 riorum
898 4718 1108 4776 tollant.
1156 4719 1296 4788 Quid
1324 4720 1489 4792 igitur
1522 4722 1628 4775 erit
1680 4721 1847 4787 istud,
1886 4724 2029 4791 quod
2066 4724 2225 4778 ambo

656 4809 747 4867 illa
771 4809 1135 4874 disterminet,
1168 4819 1221 4865 et
1270 4813 1624 4883 intersepiat?
1680 4830 1818 4883 opus
1872 4815 2012 4868 enim
2066 4816 2225 4872 habet

654 4898 798 4968 apud
822 4900 956 4954 istos
976 4899 1261 4969 cujusdam
1292 4902 1435 4956 tertii
1476 4910 1842 4957 commentum
1876 4902 2090 4957 fabulae.
2140 4905 2221 4958 An

654 4990 849 5044 dicturi
876 4998 1004 5046 sunt
1029 4990 1207 5054 nobis,
1235 5006 1357 5046 esse
1384 5007 1601 5045 murum
1640 4992 2048 5046 adamantinum
2068 5036 2081 5055 ,
2131 5004 2224 5048 aut

654 5080 799 5135 aliud
822 5080 948 5151 quid
980 5080 1251 5136 delirum?
1281 5080 1578 5151 Cujusnam
1600 5098 1729 5136 vero
1757 5085 2093 5153 providentia
2120 5085 2224 5139 hoc

652 5173 917 5243 quidquid
948 5174 1043 5239 sit,
1076 5174 1430 5242 interseptum
1476 5190 1599 5228 esse
1638 5174 1865 5228 dicent?
1896 5177 2223 5245 utricunque

652 5264 796 5318 enim
839 5264 1238 5318 contrariorum
1283 5263 1387 5317 hoc
1424 5266 1706 5333 assignare
1741 5265 1908 5319 velint
1958 5276 2217 5338 tanquam

653 5366 835 5425 postea
890 5358 1233 5419 immissum,
1284 5372 1393 5411 non
1452 5356 1724 5426 reperient
1775 5358 1974 5412 exitum
2020 5360 2073 5415 in
2116 5360 2219 5414 hac

651 5462 842 5513 causa,
872 5464 1047 5518 neque
1104 5465 1161 5504 se
1200 5449 1329 5503 hinc
1366 5448 1677 5518 expedient.
1733 5447 2005 5505 Revocata
2070 5452 2215 5507 enim

724 5605 824 5669 θ’)
854 5607 989 5659 Δύο.
1026 5604 1083 5659 ln
1110 5605 1231 5659 cod.
1271 5613 1523 5675 mstcrat
1542 5606 1643 5666 διό,
1666 5606 1817 5659 nullo
1842 5607 1998 5675 plane
2024 5623 2223 5671 sensu;

655 5674 883 5744 ideoque
915 5677 1044 5729 illud
1073 5677 1332 5730 omiserat
1357 5674 1692 5729 Turrianus:
1723 5674 2065 5745 leposuimus
2094 5678 2217 5741 δύο;

655 5746 762 5801 duo
796 5746 991 5817 quippe
1024 5746 1274 5801 tuebatur
1314 5746 1579 5817 principia
1615 5746 1815 5801 Manes.
1851 5747 2008 5801 Basu.

2330 4560 2487 4614 τερον
2530 4542 2832 4605 κοινωνίαν,
2872 4541 2958 4591 ἵνα
3008 4539 3101 4607 μὴ,
3140 4535 3227 4588 διὰ
3270 4534 3376 4587 τῶν
3424 4534 3712 4604 τερμάτων
3756 4529 3901 4594 αὖθις

2330 4634 2578 4704 ἀλλήλοις
2621 4630 3088 4701 καταμιγνύμενα,
3136 4627 3226 4680 τὸν
3267 4626 3367 4697 τῆς
3393 4625 3765 4693 ἐναντιότητος
3797 4625 3900 4675 δια-

2332 4727 2528 4798 φθείρῃ
2564 4726 2742 4793 λόγον.
2794 4725 2858 4775 Τί
2912 4723 3087 4775 τοίνυν
3127 4720 3277 4772 ἔσται
3321 4718 3380 4771 τὸ
3431 4717 3758 4788 διαφράττον
3814 4716 3900 4767 καὶ

2330 4817 2563 4888 διεῖργον
2590 4818 2754 4884 ἀμφω
2779 4833 2793 4879 ;
2836 4813 3017 4885 τρίτου
3051 4812 3157 4882 γάρ
3181 4826 3324 4872 τινος
3363 4810 3481 4862 κατ’
3505 4809 3697 4861 οὐσίαν
3722 4806 3899 4877 χρείαν

2326 4907 2435 4979 ἔχει
2488 4908 2618 4977 παρ’
2662 4906 2842 4967 αὐτοῖς
2890 4904 2988 4973 τῆς
3038 4899 3358 4972 μυθολογίας
3398 4898 3459 4951 τὺ
3514 4897 3757 4965 πλάσμα.
3781 4893 3896 4965 ’Ἆρ’

2323 4993 2417 5051 οὖν
2444 4998 2502 5050 τὸ
2531 4998 2884 5067 ἀδαμάντινον
2932 4996 3105 5063 τεῖχος
3132 4991 3345 5058 ἐροῦσιν
3374 4993 3522 5061 ἡμῖν.
3554 4990 3586 5058 ἡ
3625 5007 3678 5041 τι
3700 4990 3890 5056 ἕτερον,

2326 5087 2727 5158 παραπαίοντες
2758 5101 2772 5147 ;
2811 5082 2887 5154 Τῇ
2925 5083 3066 5145 τίνος
3096 5081 3151 5133 δὲ
3184 5080 3408 5151 προνοίᾳ
3440 5078 3584 5130 τοῦθ’
3608 5078 3638 5129 ὅ
3659 5093 3785 5128 ποτε
3802 5076 3890 5143 ('5')

2326 5178 2555 5247 φήσουσι
2592 5173 3019 5247 «sperni-50m;
3063 5171 3336 5242 Ὀποτέρῳ
3366 5170 3473 5240 γάρ
3509 5168 3616 5220 τῶν
3648 5167 3889 5220 ἐναντίων

2329 5267 2634 5337 βουληθεῖεν
2662 5266 2939 5320 ἀναθεῖναι
2965 5265 3138 5327 τοῦτο,
3170 5264 3246 5326 ὡς
3270 5261 3491 5331 ὕστερόν
3538 5275 3664 5310 ποτε
3694 5273 3887 5327 παρεμ-

2326 5361 2541 5432 ϐληθὲν,
2578 5360 2781 5430 ἄπορος
2804 5359 2989 5421 αὐτοῖς
3015 5360 3047 5427 ὴ
3085 5355 3338 5417 ὑπόθεσις
3364 5352 3732 5422 εὑρεθήσεται.
3758 5348 3884 5417 Πρὸς

2326 5454 2434 5523 γὰρ
2462 5454 2521 5506 τὸ
2554 5452 2906 5522 ἀρχαιότερον
2951 5448 3157 5511 ἀναϐὰς
3194 5450 3221 5499 ὁ
3267 5446 3419 5512 λόγος
3460 5439 3612 5504 αὖθις
3662 5441 3881 5511 φωράςει

2406 5608 2483 5681 (5)
2509 5608 2688 5681 Yulg.,
2712 5607 2959 5681 δόξαιντθ.
2988 5605 3145 5659 Εοιτ.
3178 5676 3190 5681 _
3296 5670 3322 5681 _

2401 5664 2501 5747 (δέ)
2532 5664 2715 5742 Fons,
2750 5664 2903 5730 τόὖτό
2937 5676 3194 5739 ποτε,ινρι
3232 5670 3394 5737 τοῦθ’,
3425 5672 3453 5723 ὃ
3488 5671 3538 5723 τί
3565 5686 3713 5721 ποτε.
3742 5664 3874 5718 Ean.
