4058 6330
242 401 387 459 1077

1299 395 1669 456 ADVERSUS
1703 398 2126 457 ΜΔΝῙΕΗΕΟΞ
2162 398 2294 455 LlB.
2335 399 2377 454 l.

3347 396 3480 453 ΗΠΒ

238 519 319 573 τὰ
344 515 556 573 ὲναντία
586 516 833 588 ἀλλήλων
874 514 1171 587 ἀχώριστα,
1196 518 1272 580 ὡς
1302 516 1553 586 οὐδαμῶς
1580 518 1817 590 ἐναντία.

1924 517 2270 583 ascendendo
2304 516 2371 571 ad
2406 513 2685 586 antiquius
2730 511 3030 585 disputatio
3068 525 3261 568 rursus
3290 510 3484 582 depre-

241 611 313 664 Εί
331 610 388 664 δὲ
408 608 697 682 μηδετέρου
716 608 943 681 προνοίᾳ
960 609 1019 661 τὸ
1034 610 1301 682 μεθόριον,
1314 609 1345 663 ὃ
1362 609 1629 679 δηλοῦσιν,
1647 611 1816 682 ὑπάρ-

242 701 335 767 ξαι
360 702 641 773 φήσουσιν,
658 700 843 771 ἕτερον
861 698 1152 770 ἀγέννητον
1170 700 1548 770 ἐπεισάγοντες
1564 702 1623 767 ἐξ
1646 702 1813 772 ἀνάγ-

240 808 348 863 κης
387 787 737 863 ὁμολογοῦσι,
791 790 1084 863 μηδετέρου
1131 792 1239 845 τῶν
1284 793 1557 863 ἐναντίων,
1591 794 1689 865 τῆς
1726 796 1816 847 οὐ-

240 884 370 947 σίας
420 880 675 953 μετέχον,
723 881 813 936 ενα
856 882 934 954 τῷ
996 884 1169 955 πάντη
1225 884 1558 939 διαλλάττειν
1607 884 1815 959 χωρίζῃ

238 974 417 1028 ταῦτα
437 988 451 1003 ·
490 968 584 1025 atrii
604 972 986 1046 εὑρεθήσονται
1011 974 1165 1046 ὄχλον
1188 975 1493 1048 ἀγεννήτων
1520 976 1813 1047 τιθέμενοι,

238 1062 340 1118 δύο
363 1063 635 1135 φήσαντες
665 1057 819 1118 εῖναι.

315 1352 399 1407 τὰ
423 1352 682 1425 ἀγένητα,
720 1353 782 1408 τδ
810 1354 993 1425 μέντοι
1019 1353 1252 1425 διεῖργον
1277 1353 1371 1408 ml.
1406 1352 1673 1425 μεθόριον,
1703 1353 1814 1408 εἴτε

128 1450 131 1451 ⁷
234 1444 311 1518 δὴ
340 1447 535 1515 τεῖχος,
563 1446 670 1498 εἴτε
704 1444 775 1516 γῆ
805 1446 1006 1511 ἄοικος,
1036 1445 1147 1498 εῐτε
1183 1446 1275 1499 καὶ
1309 1445 1445 1518 ὅπερ
1470 1444 1538 1498 ἂν
1574 1444 1773 1500 θέλοιεν
1795 1463 1812 1479 ·

239 1535 349 1590 ποῦ
377 1536 475 1607 μὲν
506 1531 595 1607 ἆρ’
621 1535 734 1608 εχει
783 1535 881 1607 τὴν
924 1532 1129 1608 ἕδραν]
1153 1535 1257 1589 ποῦ
1305 1535 1363 1589 δὲ
1391 1538 1491 1607 τὴν
1534 1538 1811 1609 κορυφήνς

254 1628 417 1684 Ἀλλά
457 1629 637 1701 δῆλον,
658 1628 733 1694 ὡς
782 1629 932 1682 κάτω
976 1630 1073 1699 μὲν
1123 1628 1220 1700 τὴν
1249 1627 1439 1701 ἕδραν·
1477 1628 1581 1681 ποῦ
1617 1628 1681 1700 δὴ
1722 1631 1816 1682 καὶ

237 1723 451 1789 adacti;
483 1724 628 1777 ’Δνω
652 1722 710 1776 δὲ
756 1722 855 1792 τὴν
892 1722 1166 1793 κορυφήν·
1198 1720 1303 1774 ποῦ
1351 1722 1446 1775 καὶ
1484 1721 1576 1776 ἐπὶ
1609 1721 1772 1776 πόσον
1799 1740 1815 1788 ;

234 1814 322 1868 Τδ
360 1814 468 1886 γὰρ
510 1814 623 1868 ἀνω
675 1814 767 1866 καὶ
804 1813 954 1912 κάτω
999 1812 1361 1885 δημιουργίας
1404 1812 1662 1883 ὀνόματα,
1708 1813 1815 1883 πρὸ
1844 1857 1885 1912 Β

235 1905 600 1977 δημιουργιας
621 1921 637 1935 ·
664 1904 743 1959 δεῖ
772 1903 954 1975 μέντοι
995 1906 1090 1958 καὶ
1130 1903 1422 1975 βαθύτερον
1462 1905 1555 1958 καὶ
1612 1903 1811 1975 ὑψηλό-

236 2014 400 2069 τερον
420 1994 639 2053 εἶναιτὸ
674 1996 921 2069 μεθόριον
945 1994 1047 2066 τῆς
1070 1995 1177 2049 τῶν
1208 1997 1586 2068 χωριζομένων
1605 1997 1809 2063 οὐσίας·

238 2089 333 2144 ἵνα
378 2090 451 2161 μὴ
492 2089 738 2143 κάτωθεν
784 2088 816 2159 ἢ
861 2088 1064 2142 ἀνωθεν
1109 2088 1380 2157 ὲλλεῖψαν,
1422 2088 1654 2161 πάροδον
1701 2093 1815 2153 τοῖς

237 2178 503 2243 ἀναντίοις
516 2179 784 2252 ’παράσχῃ
824 2179 959 2250 πρὸς
991 2178 1212 2250 ἄλληλα.
1242 2179 1304 2233 Et
1324 2179 1381 2233 δὲ
1414 2182 1541 2252 σκιᾷ
1563 2182 1658 2235 καὶ
1681 2180 1816 2253 ήλίῳ

237 2270 641 2342 παραὸάλλοιεν
672 2272 702 2323 δ
726 2269 948 2325 καλοῦσι
990 2269 1255 2341 μεθόριον,
1287 2270 1559 2341 οἰήσονται
1591 2271 1710 2342 μὲν,
1740 2272 1816 2335 ὡς

236 2362 396 2417 οὐδὲν
427 2363 765 2417 ἐπικοινωνεῖ
808 2361 886 2431 τῷ
919 2360 1053 2432 ἡλίῳ
1094 2363 1128 2432 ή
1167 2361 1311 2424 σκιά,
1350 2360 1814 2433 διελεγχθήσονται

236 2454 302 2509 Gl
345 2455 593 2526 χαλεπῶς
636 2454 775 2523 πρὸς
818 2452 913 2508 τοῦ
962 2453 1237 2517 Μάνεντος
1281 2454 1649 2523 ἠπατημένοι·
1685 2454 1815 2507 σκιά

236 2547 353 2620 γὰρ
387 2547 536 2620 ἡλίου
582 2544 832 2617 κοινωνίᾳ
876 2546 969 2601 καὶ
1009 2545 1076 2600 δι’
1136 2544 1256 2598 ὅλου
1304 2543 1578 2614 παρουσίᾳ
1617 2544 1811 2612 γένοιτ’

238 2639 333 2703 ἂν,
363 2639 528 2707 ὄγκου
560 2638 704 2702 τινὸς
728 2638 1009 2708 ἀνέχοντος
1036 2639 1092 2691 ὲν
1124 2636 1274 2707 μέσῳ
1304 2635 1397 2689 καὶ
1428 2635 1563 2705 πρὸς
1591 2634 1812 2707 θάτερον

240 2732 411 2803 μέρος
432 2731 601 2802 αὐτὴν
629 2731 1087 2801 παραπέμποντος
1106 2746 1119 2758 ·
1165 2729 1260 2781 καὶ
1303 2727 1429 2779 σκιά
1454 2725 1540 2795 εἴη
1566 2724 1632 2778 ἂν
1660 2725 1813 2779 οὐδὲν

236 2824 449 2895 ἓτερον,
481 2825 515 2895 ἢ
544 2824 839 2894 τεκμήριον
864 2822 1058 2890 φωτὸς,
1091 2820 1181 2873 διά
1210 2835 1353 2880 τινος
1382 2816 1812 2887 παρεγκειμένου

240 2912 493 2983 σώματος
521 2911 945 2983 ὲμποδιζομένου
965 2928 978 2942 ·
1007 2912 1128 2964 ἐπεί
1156 2927 1236 2962 τοι
1260 2910 1435 2978 φωτὸς
1464 2911 1521 2961 ὲν
1554 2910 1707 2962 νυκτὶ
1739 2909 1815 2981 μὴ

238 3002 529 3072 παρόντος,
583 3000 690 3054 οὐδ’
727 3000 793 3054 ἂν
842 2999 971 3054 σκιά
1020 3000 1219 3071 μερικὴ
1268 3000 1493 3068 γένοιτο.
1538 3002 1657 3072 Ἆρ’
1699 2999 1812 3067 οὖν,

235 3094 349 3164 ὅπη
381 3091 527 3155 σκιὰ,
570 3094 688 3145 ἐκεῖ
742 3090 892 3159 φῶς·
943 3090 1010 3145 τὰ
1054 3090 1162 3159 γὰρ
1210 3091 1465 3144 ἐπέκεινα
1499 3092 1599 3163 τῆς
1633 3096 1810 3161 σκιᾶς,

1917 610 2115 666 hendet
2155 606 2432 664 contraria
2464 607 2608 661 inter
2654 620 2715 663 se
2741 612 3014 674 separata,
3046 612 3306 673 tanquam
3331 603 3482 658 nullo

1916 700 2078 755 modo
2099 699 2391 755 contraria.
2429 695 2527 752 Sin
2574 710 2705 752 vero
2744 696 2992 753 neutrius
3022 692 3366 764 providentia
3399 693 3487 747 in-

1914 800 2229 863 terseptnm,
2251 792 2397 864 quod
2429 790 2733 857 declarant,
2774 804 2895 846 esse
2934 788 3198 852 dixerint,
3230 799 3485 841 necessa-

1913 884 1999 939 rio
2026 884 2265 941 fatentur
2288 883 2639 939 introducere
2667 896 2728 938 se
2756 880 2960 951 aliquid
2983 880 3304 951 ingenitum,
3336 874 3484 948 quod

1914 977 2166 1032 neutrius
2199 975 2561 1032 substantiam
2613 973 2935 1045 partieipet,
2987 978 3051 1025 ut
3082 971 3305 1026 omnino
3347 967 3484 1025 diri—
3522 968 3531 973 ’

1914 1067 2114 1124 mendo
2149 1077 2363 1140 separet
2400 1068 2549 1134 haec;
2581 1077 2745 1138 atque
2775 1066 2852 1120 ita
2885 1064 2998 1129 ﬁet,
3033 1072 3093 1118 ut
3142 1062 3483 1133 reperiantur

1913 1158 2132 1214 turbam
2160 1160 2524 1233 ingenitornm
2560 1173 2790 1231 ponere,
2826 1158 2919 1228 qui
2945 1157 3056 1213 duo
3085 1155 3325 1227 ingenita
3360 1168 3485 1210 esse

1914 1251 2186 1307 dixerunt.

1985 1364 2241 1420 Attamen
2267 1364 2373 1419 hoc
2408 1364 2553 1435 quod
2599 1364 2980 1427 disterminat,
3017 1370 3072 1417 ct
3123 1360 3484 1430 interseptum

1913 1466 2015 1520 est,
2050 1456 2164 1511 sive
2184 1470 2376 1512 murus
2402 1463 2520 1521 est,
2567 1455 2684 1512 sive
2714 1463 2861 1510 terra
2894 1453 3015 1511 sine
3040 1452 3327 1519 domibus,
3366 1453 3484 1506 sive

1913 1548 2060 1603 aliud
2110 1547 2389 1619 quodlibet
2432 1567 2444 1601 :
2503 1548 2746 1618 nunquid
2801 1547 2999 1602 alicubi
3050 1543 3269 1615 quidem
3320 1542 3486 1598 habet

1912 1640 2111 1705 basim,
2133 1640 2335 1695 alicubi
2362 1653 2498 1695 vero
2530 1640 2787 1695 culmen?
2811 1639 2979 1709 Atqui
3003 1636 3351 1708 perspicuum
3375 1642 3483 1699 est,

1912 1732 2055 1787 infra
2087 1731 2541 1804 quidem‘babere
2579 1731 2752 1787 basim
2780 1749 2793 1785 :
2830 1729 2927 1787 sed
2955 1729 3071 1793 ubi,
3107 1737 3163 1784 et
3188 1728 3487 1799 quantam?

1918 1822 2094 1895 Supra
2128 1839 2259 1879 vero
2288 1823 2526 1890 culmen,
2556 1820 2649 1878 sed
2680 1823 2771 1878 ubi
2798 1862 2814 1887 ,
2873 1830 2929 1877 et
2956 1820 3253 1894 quantum?
3307 1818 3484 1890 Supra

1911 1916 2054 1971 enim
2082 1922 2136 1970 et
2162 1914 2303 1969 infra
2328 1915 2552 1969 nomina
2576 1913 2955 1970 fabricationis
2984 1912 3207 1977 mundi,
3248 1919 3373 1966 ante
3400 1909 3483 1964 fa-

1910 2006 2268 2062 bricationem
2303 2015 2433 2061 sunt
2463 2000 2609 2079 apud
2653 2009 2792 2062 istos
2823 2025 2837 2060 :
2882 2004 3032 2076 atqui
3060 2010 3274 2074 oportet
3315 1998 3480 2059 etiam

1913 2096 2270 2167 interseptum
2293 2097 2625 2168 profundius
2653 2103 2708 2151 et
2739 2096 2902 2151 altius
2932 2110 3055 2152 esse
3082 2107 3245 2165 quam
3268 2107 3333 2148 ea
3360 2106 3484 2163 quae

1913 2187 2402 2256 disterminantur;
2432 2204 2501 2245 ne
2529 2188 2576 2244 si
2627 2188 2758 2258 quid
2806 2202 2872 2243 ex
2910 2194 3064 2257 parte
3096 2184 3342 2244 inferiori
3388 2192 3482 2238 aut

1914 2281 2198 2352 superiore
2236 2280 2484 2345 deﬁciat,
2534 2279 2739 2334 aditum
2789 2278 3079 2335 contrariis
3115 2276 3379 2348 praebeat,
3420 2283 3482 2328 ut

1914 2373 2077 2429 simul
2099 2373 2231 2428 sint.
2264 2370 2322 2427 Si
2346 2383 2526 2429 autem
2556 2386 2679 2427 cum
2710 2371 2907 2426 umbra
2940 2378 2995 2427 et
3026 2370 3139 2429 sole
3163 2375 3483 2437 comparent

1913 2464 2067 2529 illud,
2080 2464 2226 2536 quod
2240 2464 2592 2533 interseptum
2605 2470 2819 2528 vocant,
2836 2461 3102 2533 putabunt
3113 2459 3329 2530 quidem
3345 2457 3480 2512 nihil

1911 2556 2112 2612 habere
2140 2570 2432 2612 commune
2470 2555 2716 2611 umbram
2763 2568 2887 2609 cum
2937 2553 3087 2617 sole;
3122 2552 3480 2609 convincetur

1912 2655 2118 2713 tamen,
2176 2647 2439 2718 deceptos
2465 2662 2591 2703 esse
2648 2661 2743 2702 eos
2790 2646 3024 2716 turpiter
3065 2658 3097 2698 a
3133 2642 3476 2700 Manichaee:

1911 2740 2104 2796 umbra
2134 2742 2279 2795 enim
2325 2740 2711 2795 communione
2755 2739 2889 2794 solis
2925 2747 2981 2792 et
3030 2736 3319 2809 praesentia
3362 2735 3476 2789 fieri

1914 2830 2052 2886 solet
2078 2830 2217 2885 mole
2245 2830 2479 2899 quadam
2523 2830 2865 2899 interposita,
2887 2842 3009 2898 qua:
3036 2827 3480 2882 communionem

1913 2929 1968 2977 et
1996 2922 2340 2993 prasentiam
2374 2922 2506 2976 solis
2554 2922 2621 2976 ad
2674 2922 2897 2976 alteram
2950 2929 3160 2991 partem
3196 2918 3483 2973 transmit-

1915 3012 2013 3076 tit;
2046 3011 2290 3082 nihilque
2335 3011 2482 3065 aliud
2520 3011 2714 3065 umbra
2753 3018 2859 3073 est,
2883 3024 3047 3081 quam
3104 3009 3367 3063 indicium
3399 3009 3483 3062 lu-

1914 3103 2080 3160 minis
2114 3117 2353 3172 corpore
2371 3104 2625 3173 quopiam
2666 3089 2953 3171 interject°o
2984 3099 3268 3171 impediti:
3321 3108 3482 3156 nocte

239 3186 385 3255 φωτὶ
423 3183 868 3253 καταλάμπεται·
913 3181 1051 3253 πλὴν
1083 3183 1131 3235 εί
1161 3184 1235 3251 μή
1262 3199 1325 3251 γε
1351 3183 1414 3237 τὸ
1444 3182 1666 3248 σκιάζον
1692 3184 1815 3254 ὕψει

1919 3196 2087 3258 enim,
2118 3208 2244 3248 cum
2276 3210 2386 3248 non
2410 3194 2565 3249 adest
2600 3194 2801 3259 lumen,
2831 3208 2931 3248 nec
2964 3207 3092 3263 pars
3124 3193 3330 3247 umbrae
3359 3206 3483 3247 esse

236 3278 306 3331 τὸ
332 3277 563 3347 φωτίζον
595 3274 911 3346 παμπληθεῖ
963 3272 1311 3345 ὑπερϐαίνει·
1360 3276 1463 3329 κᾶν
1506 3275 1582 3347 μὴ
1625 3278 1686 3331 τὸ
1726 3294 1819 3346 γε·-

236 3371 510 3425 λοιότατον
548 3371 724 3438 τεῖχος
770 3366 846 3436 τῷ
895 3366 1188 3437 παραλόγῳ
1230 3366 1360 3438 τεθῇ
1377 3408 1393 3433 ,
1432 3368 1546 3437 φῶς
1578 3370 1635 3424 ἐν
1679 3372 1816 3439 φωτὶ

237 3459 566 3531 διαιτωμένη
590 3462 887 3531 φανήσεται
915 3460 949 3528 ἡ
994 3457 1181 3511 κακία.
1217 3456 1337 3521 Πῶς
1373 3458 1482 3529 γὰρ
1513 3460 1578 3515 ἂν
1610 3461 1816 3530 γένοιτο

241 3552 393 3619 σκιὰ,
420 3553 514 3606 τοῦ
533 3552 708 3621 φωτὸς
747 3552 812 3605 δι’
836 3551 957 3604 ελου
998 3550 1137 3605 κατά
1162 3550 1264 3620 τῆς
1295 3550 1426 3622 ὖλης
1460 3551 1629 3616 ὄντος,
1661 3555 1709 3606 εί
1740 3557 1815 3625 μή

238 3666 297 3701 τι
331 3648 391 3700 ὲν
431 3646 582 3718 μέσῳ
610 3662 674 3711 γε
711 3644 912 3713 ἀνέχοι,
957 3644 1050 3697 καὶ
1093 3643 1377 3697 ἀποκλεῖσν
1408 3644 1476 3697 δι’
1506 3644 1628 3699 ὅλου
1673 3649 1818 3700 ποιοῖ

239 3737 454 3810 αὑτήνς
519 3732 580 3789 οὗ
635 3737 709 3807 μή
764 3737 841 3803 (4)
895 3732 1327 3803 παρεγκειμένου
1352 3758 1379 3798 ,-
1432 3736 1523 3788 καὶ
1569 3734 1816 3790 πλεῖστον

239 3830 368 3883 ὅσον
392 3827 693 3898 ἀνέχοντος,
718 3826 894 3881 κοινὸν
935 3825 1118 3888 ἀῖδίως
1154 3824 1303 3878 ἔσται
1333 3826 1426 3879 καὶ
1448 3829 1517 3897 τῇ
1565 3826 1730 3897 κακίᾳ
1757 3828 1817 3880 τὸ

242 3936 383 3988 φως.

1917 3288 2115 3349 potest.
2150 3278 2249 3361 Ubi
2282 3281 2445 3351 igitur
2472 3281 2665 3336 umbra
2697 3294 2800 3346 est,
2829 3282 2903 3335 ibi
2936 3282 3153 3347 lumen;
3185 3296 3307 3350 qua:
3334 3282 3483 3336 enim

1918 3372 2058 3426 ultra
2088 3362 2337 3426 umbram
2382 3380 2529 3439 sunt,
2560 3374 2763 3428 lumine
2792 3374 3084 3437 collucent,
3118 3382 3481 3443 praeterquam

1916 3478 2042 3517 cum
2074 3464 2127 3519 id
2152 3465 2297 3536 quod
2327 3466 2572 3521 umbram
2626 3466 2791 3531 facit,
2845 3467 3013 3521 multa
3044 3466 3331 3521 altitudine
3389 3481 3484 3521 su-

1916 3562 2071 3623 perat
2096 3554 2150 3609 id
2181 3556 2328 3626 quod
2357 3556 2669 3622 illuminat;
2701 3565 2755 3613 et
2785 3558 2985 3612 malum
3032 3558 3087 3610 in
3129 3557 3333 3612 lumine
3378 3556 3480 3610 ha-

1914 3644 2092 3701 bitans
2126 3646 2307 3702 lumen
2337 3662 2460 3703 esse
2483 3649 2783 3719 apparebit,
2817 3650 2924 3705 nisi
2980 3663 3195 3702 murum
3247 3647 3483 3702 maxime

1914 3737 2203 3793 ridiculum
2233 3740 2471 3809 positum
2504 3742 2721 3797 habent.
2774 3741 3061 3807 Quomodo
3089 3742 3234 3795 enim
3288 3740 3484 3794 umbra

1912 3844 2035 3885 esse
2072 3833 2273 3901 poterit
2321 3832 2525 3887 lumine
2576 3834 2855 3888 materiam
2906 3849 2974 3887 ex
2998 3832 3146 3886 omni
3178 3840 3335 3902 parte
3363 3832 3481 3887 col-

1915 3920 2204 3989 lustrante,
2238 3917 2360 3978 nisi
2381 3924 2511 3993 quid
2557 3925 2612 3978 in
2652 3924 2828 3979 medio
2870 3924 3174 3995 prohibeat,
3211 3934 3264 3979 et
3296 3924 3483 3979 lumen

239 4011 469 4066 omnin‘o
543 4011 612 4065 ab
656 4025 721 4065 ea
786 4011 1082 4068 excludens
1126 4012 1371 4067 umbram
1427 4008 1656 4065 eﬂiciat?
1704 4008 1761 4066 ln
1803 4011 2008 4069 lumine
2068 4030 2179 4071 non
2224 4017 2495 4071 videbitur
2542 4019 2789 4087 posuisse
2832 4033 2929 4089 pro
3008 4032 3164 4072 mure
3217 4017 3480 4083 ridiculo;

238 4105 391 4180 quod
429 4106 812 4176 interpositum
844 4106 889 4163 si
918 4122 1029 4161 non
1091 4109 1183 4172 sit,
1238 4116 1291 4161 et
1346 4120 1508 4177 quam
1543 4106 1778 4160 maxime
1836 4106 2219 4175 disterminet,
2280 4121 2536 4182 perpetua
2598 4112 2701 4168 erit
2749 4112 3115 4169 communitas
3167 4113 3312 4166 malo
3357 4126 3481 4166 cum

314 4315 477 4383 Αὖθις
520 4320 582 4373 τὸ
628 4320 994 4393 μεσημϐρινὸν
1038 4324 1198 4395 μέρος
1241 4327 1305 4395 τῇ
1355 4324 1519 4397 κακίᾳ
1561 4327 1811 4393 διδόντες-ν

236 4411 319 4476 ὡς
350 4411 481 4479 ὄναρ
504 4413 602 4482 τῆς
631 4412 989 4483 δημιουργίας
1034 4414 1390 4485 διαγράφουσι
1410 4433 1421 4444 ·
1455 4415 1559 4469 ποῦ
1606 4418 1715 4490 γὰρ
1745 4414 1813 4490 ἦν

240 4502 559 4603 {eamad-pia
606 4503 713 4603 πρὸ
756 4504 1133 4603 μεσημϐρίαςς
1171 4507 1519 4603 ⁸Ἂτιμὸτςρος
1556 4509 1613 4563 δὲ
1650 4512 1813 4575 τόπος
1845 4548 1890 4603 D

236 4595 399 4659 ἀλλος
429 4596 587 4651 mou
622 4596 719 4664 τῆς
755 4595 1112 4667 δημιεςεςτγίας
1134 4600 1231 4653 οὐκ
1263 4599 1327 4651 ἂν
1348 4600 1584 4667 γένοιτο·
1622 4604 1683 4656 τὸ
1707 4606 1815 4675 γὰρ

236 4685 516 4757 εὐώνυμον
538 4686 732 4756 ὁρῶντι
761 4686 895 4757 πρὸς
931 4685 1100 4747 δύσιν,
1128 4688 1295 4754 δεξιὸν
1322 4685 1475 4751 αὖθις
1506 4691 1810 4762 εὑρίσκεται

234 4777 377 4848 πρὸς
426 4776 687 4838 ἀνατολὰς
742 4777 920 4829 ἰδόντι.
966 4777 1123 4829 Ἀλλὰ
1181 4778 1401 4849 πλείστη
1452 4780 1548 4849 μὲν
1578 4786 1609 4850 η
1658 4783 1810 4836 τοῦδε

232 4868 332 4923 τοῦ
368 4868 699 4941 βαρϐαρικοῦ
727 4868 989 4939 δόγματος
1018 4872 1215 4922 ἀτοπία
1236 4888 1247 4899 ·
1280 4872 1370 4922 δίο
1402 4872 1507 4943 γὰρ
1541 4872 1675 4936 ὅλως
1709 4875 1811 4945 ἀρ..

236 4961 353 5033 χαὶ,
382 4960 497 5024 πῶς
526 4962 592 5015 ἂν
631 4960 759 5025 εἷεν,
787 4962 818 5030 ἢ
854 4960 1101 5031 κληθεῖεν
1128 4963 1321 5033 ἀρχα-ξς
1359 4963 1497 5035 ἀρχὴ
1524 4964 1631 5035 γάρ
1660 4967 1809 5019 ἐστιν

232 5054 270 5123 ἥ
291 5069 353 5105 τε
376 5052 485 5105 τῶν
511 5052 646 5106 ὅλων
676 5052 1013 5124 πρεσϐυτέρα
1048 5054 1141 5105 καὶ
1172 5055 1276 5105 τῶν
1300 5056 1548 5110 activae»:
1580 5056 1804 5125 κρατοῦ-

231 5159 306 5196 σα
325 5158 339 5172 ·
374 5135 448 5196 ὧν
479 5144 758 5215 οὐδέτερον
788 5147 1076 5216 ὑπάρξειεν
1104 5148 1171 5199 ἂν
1199 5148 1479 5218 οὐδετέρῳ.
1529 5147 1804 5219 Σύγχρονα

233 5232 347 5303 γὰρ
401 5234 567 5303 ἄμφω
607 5237 699 5288 καὶ
738 5238 1120 5307 συναίέννητα,
1160 5240 1287 5291 ὄντα
1322 5239 1411 5291 τὸν
1468 5238 1560 5290 τοῦ
1614 5256 1805 5309 πρε-τε⁹

238 5325 419 5396 ρεύειτ·
442 5325 689 5396 ἀλλήλοις
725 5326 1021 5399 διαφθείρει
1049 5328 1221 5398 λόγον.
1267 5329 1423 5383 Ἀλλά
1453 5331 1543 5381 καὶ
1576 5331 1673 5400 τῆς
1702 5333 1803 5402 ἀρ·-

233 5416 394 5487 χικῆς
441 5414 685 5481 ἐξουσίας
729 5417 790 5469 οὐ
847 5418 1004 5486 μόνον
1058 5419 1300 5489 ἀλλήλων
1352 5423 1425 5483 ὡς
1478 5422 1689 5478 ἐναντία
1740 5440 1803 5490 γε

230 5506 403 5560 ταῦτα
454 5507 788 5578 ἐξῃρημένα.
834 5508 968 5561 ἀλλὰ
1013 5511 1105 5563 καὶ
1148 5510 1303 5578 φύσει
1348 5511 1646 5581 μαχόμενα,
1686 5512 1803 5573 πῶς

236 5600 301 5653 ἃν
322 5598 462 5671 ἔχειν
490 5600 669 5652 διόλου
699 5598 759 5651 τὸ
793 5602 977 5670 ἄρχειν
1010 5603 1327 5674 vetustum;
1362 5605 1421 5656 Εί
1463 5605 1639 5657 τοίνυν
1672 5607 1802 5673 μηδ-

1993 4326 2206 4383 Rursus
2229 4367 2243 4389 ,
2288 4325 2643 4379 meridianam
2677 4333 2888 4395 partem
2937 4328 3083 4381 malo
3139 4326 3441 4382 tribuentes
3465 4367 3479 4391 ,

1920 4418 2192 4476 somnium
2226 4417 2449 4471 fabricae
2480 4416 2842 4472 describunt:
2877 4416 2973 4472 ubi
3014 4418 3158 4472 enim
3193 4425 3312 4471 erat
3363 4432 3480 4473 me-

1918 4512 2083 4569 ridies
2113 4519 2239 4566 ante
2272 4510 2593 4565 meridiem?
2641 4509 2818 4565 Locus
2854 4518 3033 4565 autem
3072 4509 3129 4565 in
3173 4510 3362 4565 mundi
3400 4508 3483 4567 fa-

1917 4604 2066 4659 brica
2098 4602 2236 4657 alius
2265 4602 2371 4657 alio
2400 4601 2775 4656 inhonoratior
2799 4617 2909 4657 non
2941 4610 3119 4672 potest
3146 4616 3267 4661 esse
3291 4618 3307 4657 :
3334 4601 3481 4671 quod

1917 4696 2063 4751 enim
2096 4694 2161 4749 ad
2200 4696 2388 4749 laevam
2418 4701 2503 4749 est
2534 4693 2587 4747 in
2611 4708 2869 4749 occasum
2911 4693 3218 4765 aspicienti,
3246 4694 3312 4747 ad
3342 4694 3478 4751 dex-

1912 4793 2055 4841 tram
2088 4802 2282 4841 rursus
2303 4797 2385 4840 est
2410 4785 2695 4855 aspicienti
2738 4786 2793 4838 in
2836 4785 3125 4840 orientem.
3158 4782 3356 4839 Verum
3384 4785 3481 4839 ab-

1914 4878 2299 4933 surdissimum
2325 4886 2408 4932 est
2443 4878 2546 4931 hoc
2576 4876 2921 4931 barbaricum
2951 4876 3181 4950 dogma;
3205 4875 3313 4930 duo
3332 4877 3477 4931 enim

1914 4981 2139 5037 prorsus
2176 4965 2441 5035 principia
2472 4964 2743 5035 quomodo
2778 4963 3043 5032 principia
3076 4963 3185 5019 sint
3210 5004 3224 5028 ,
3257 4973 3350 5015 aut
3383 4977 3479 5030 ap-

1913 5058 2218 5130 pellentur?
2248 5056 2516 5129 siquidem
2550 5057 2878 5126 principium
2912 5064 3015 5117 est,
3050 5055 3192 5123 quod
3227 5052 3480 5108 omnibus

1910 5158 1992 5205 est
2015 5150 2315 5219 antiquius,
2344 5158 2395 5203 et
2422 5149 2665 5202 omnium
2718 5154 2861 5201 tenet
2899 5146 3263 5216 principatum
3297 5156 3350 5199 et
3376 5144 3479 5197 im-

1910 5242 2118 5313 perium
2147 5258 2160 5306 ;
2204 5256 2437 5311 quorum
2492 5251 2742 5295 neutrum
2778 5240 2833 5293 in
2864 5246 3058 5294 neutro
3092 5238 3322 5292 duorum
3356 5252 3483 5292 esse.

1912 5342 2108 5403 potest.
2145 5333 2279 5389 Esse
2320 5336 2465 5390 enim
2499 5336 2661 5389 ambo
2712 5333 2954 5402 ejusdem
2991 5332 3254 5401 temporis
3287 5337 3341 5384 et
3384 5345 3483 5383 co-

1909 5434 2091 5497 gnata,
2124 5427 2388 5481 rationem
2416 5441 2606 5482 eorum
2652 5428 2791 5480 inter
2825 5442 2883 5480 se
2912 5425 3252 5494 principatus
3287 5432 3339 5475 et
3382 5436 3473 5477 ex-

1910 5514 2513 5582 cellentiatollitulmo
2541 5529 2661 5583 qua:
2702 5529 2809 5567 non
2866 5513 3041 5568 solum
3093 5526 3121 5563 a
3171 5509 3475 5579 principatu

1914 5603 2200 5675 potestatis
2244 5590 2387 5662 inter
2431 5621 2491 5662 se
2522 5606 2688 5661 libera
2726 5613 2887 5671 sunt,
2942 5610 3124 5673 utpote
3158 5599 3474 5659 contraria,

300 5782 378 5850 μ)
410 5778 621 5850 051m.
657 5780 852 5835 ilvcssc
886 5783 971 5839 hic
1021 5786 1220 5855 aliquid
1276 5784 1483 5839 indi-tur
1522 5802 1580 5841 ex-
1630 5788 1937 5856 interprete.
