4058 6330
629 329 655 379 ί
665 328 767 385 079

1793 333 1931 390 τιτι
1968 334 2403 392 BOSTRENSIS
2430 337 2735 395 EPISCOPI

3744 344 3872 399 {080

625 446 721 501 sed
779 454 973 502 natura
1027 453 1301 518 pugnant;
1352 448 1632 518 quomodo
1685 451 1915 522 cogitari
1968 462 2197 522 possunt

2301 459 2472 528 ετέρῳ
2518 457 2721 510 τούτων
2775 455 3098 521 διασώζεται
3148 457 3245 528 τῆς
3290 456 3462 525 ἀρχῆς
3494 458 3523 509 ὀ
3559 455 3739 522 λόγος,
3770 460 3875 522 1:12;

626 535 827 592 habere
859 534 1084 592 omnino
1102 538 1509 608 principatum?
1541 542 1748 608 Quodsi
1774 544 1913 597 ratio
1930 545 2204 616 principa-

625 632 718 678 tus
751 633 1006 680 neutrum
1066 626 1264 681 borum
1314 629 1593 687 incolume
1647 641 1868 695 servat,
1924 636 2204 693 quomodo

625 715 891 785 principia
929 718 1271 772 vocabuntur
1294 719 1318 770 ?

2308 549 2374 601 ἂν
2400 549 2565 619 ἀρχαὶ
2597 548 2840 619 κληθεῖεν

1564 833 1693 891 Cu.
1742 835 1875 891 Vill.
1912 837 2070 894 Ratio
2103 841 2208 897 duo
2231 841 2492 911 principia
2520 856 2622 893 non
2647 840 2903 895 admittit.

694 948 983 1015 Quomodo
1025 954 1270 1007 rationes
1310 953 1590 1009 naturales
1627 953 1940 1021 admittent,
1991 964 2051 1011 ut
2092 958 2204 1014 sint

622 1042 731 1097 duo
770 1044 1073 1098 secundum
1120 1044 1488 1099 substantiam
1534 1048 1837 1113 contraria,
1886 1049 1981 1104 ubi
2025 1049 2203 1121 primo

622 1135 844 1203 quidem
883 1149 1084 1190 nomen
1114 1136 1435 1191 substantia!
1470 1150 1762 1194 commune
1790 1147 1875 1194 est
1911 1140 2202 1211 utrisque?

623 1224 867 1279 Primum
894 1226 1083 1296 igitur,
1116 1236 1394 1297 quatenus
1422 1240 1717 1300 utrumque
1754 1232 2066 1288 substantia
2093 1242 2199 1299 est,

623 1316 980 1384 perspicuum
1024 1326 1128 1381 est,
1178 1322 1475 1376 convenire
1505 1322 1650 1376 inter
1696 1338 1776 1384 se.
1834 1330 1889 1378 et
1934 1340 2044 1379 non
2078 1340 2201 1380 esse

620 1406 921 1459 contraria.
973 1406 1179 1463 Deinde
1225 1409 1386 1463 ambo
1431 1419 1561 1464 sunt
1608 1412 1888 1476 animalia,
1936 1422 2199 1483 praeterea

621 1497 907 1565 aequaliter
933 1498 1193 1568 ingenita.
1224 1500 1468 1566 Quorum
1499 1510 1680 1555 autem
1712 1504 1902 1557 eadem
1947 1518 2073 1560 sunt
2100 1522 2201 1560 no-

622 1589 796 1652 mina,
835 1597 891 1643 et
920 1591 1108 1645 eadem
1148 1591 1467 1662 descriptio,
1509 1593 1702 1646 borum
1732 1595 2035 1649 substantia
2065 1612 2202 1665 quo-

622 1677 787 1733 modo
812 1683 1091 1735 contraria
1126 1692 1219 1736 aut
1253 1699 1503 1753 pugnans
1529 1698 1651 1738 esse
1674 1687 1891 1753 potest?
1921 1684 2199 1756 Siquidem

2375 957 2497 1021 Πῶς
2534 958 2578 1010 δ’
2628 957 2693 1011 ἂν
2718 958 2786 1009 οἱ*
2832 955 3050 1023 φυσικοὶ
3094 955 3343 1027 λογισμοὶ
3390 954 3781 1026 παραδέξαινΐ
3813 954 3875 1009 ἂν

2304 1050 2568 1119 ὑπάρχειν
2622 1049 2836 1101 ἐναντία
2860 1048 2953 1101 δύο
2997 1050 3115 1101 κατ’
3160 1048 3367 1111 οὐσίαν,
3402 1050 3537 1101 ὅπου
3568 1065 3633 1116 γε
3665 1047 3875 1119 πρῶτον

2305 1142 2405 1210 μὲν
2438 1140 2498 1191 τὸ
2540 1140 2637 1209 τῆς
2664 1141 2850 1201 οὐσίας
2904 1140 3235 1209 ἀμφοτέροις
3263 1140 3431 1208 ὄνομα
3480 1141 3691 1199 κοινόνξ
3736 1139 3876 1192 Καθό

2302 1212 2722 1298 τοίνυνπρῶτον
2747 1229 2904 1281 ἐκάτε
2914 1246 3008 1299 ρον
3032 1228 3211 1289 οὐσία,
3248 1228 3423 1298 δῆλον,
3443 1230 3518 1291 ὡς
3548 1229 3875 1299 ὁμονοοῦντα

2304 1321 2399 1374 καὶ
2428 1322 2527 1373 οὑκ
2555 1321 2802 1374 ἐναντία·
2827 1322 3015 1374 ἔπειτα
3053 1320 3167 1384 ζῶα
3194 1322 3385 1389 ἄμφω·
3419 1322 3555 1391 πρὸς
3588 1322 3647 1374 δὲ
3674 1322 3883 1383 τούτοις

2304 1413 2497 1482 ἐπίσης
2526 1414 2810 1483 ἀγέννητα.
2847 1407 2945 1465 Ὦν
2974 1414 3031 1465 δέ
3062 1412 3129 1464 τὰ
3164 1412 3301 1465 αὑτὰ
3324 1414 3584 1482 ὀνόματα,
3621 1416 3717 1465 καὶ
3745 1413 3876 1483 αὑτὴ

2306 1505 2617 1574 ὑπογραφὴ,
2656 1498 2859 1557 τούτων
2904 1503 3021 1565 πῶς
3048 1505 3080 1573 ὴ
3109 1504 3267 1555 οὑσία
3304 1504 3585 1573 μαχομένη
3610 1505 3706 1555 καὶ
3730 1507 3877 1557 ἐναν-

2303 1597 2426 1659 τία;
2471 1597 2711 1663 καίτοιγε
2742 1597 2807 1647 τὰ
2841 1596 3078 1665 ὀνόματα
3110 1597 3218 1647 τῶν
3268 1595 3604 1666 πραγμάτων
3628 1597 3750 1647 ἐστὶ
3780 1615 3874 1666 ση-

2309 1689 2566 1758 μαντικά·
2595 1690 2888 1757 κατηγορεῖ
2906 1688 3014 1757 γὰρ
3034 1687 3264 1739 ἑκάστου
3290 1687 3349 1739 τὸ
3374 1688 3427 1738 τί
3451 1690 3598 1740 ἐστιν
3621 1687 3872 1749 ἕκαστον,

624 1772 846 1824 nomina
901 1788 989 1827 res
1038 1774 1350 1844 signiﬁcant
1380 1776 1619 1830 :dicitur
1666 1779 1811 1831 enim
1848 1777 1915 1832 de
1956 1794 2197 1848 unoquo-

2303 1782 2379 1842 ὡς
2433 1780 2728 1849 ἐνδέχεται·
2763 1780 3097 1849 γνωρίζομεν
3141 1781 3338 1841 τοίνυν,
3396 1780 3472 1842 ὡς
3502 1780 3738 1848 δύναμις
3768 1782 3876 1843 τοῖς

624 1876 730 1930 que
754 1862 900 1927 quod
941 1864 1367 1934 unumquodque
1394 1872 1499 1929 est,
1538 1874 1597 1919 ut
1629 1882 1751 1921 esse
1782 1875 1982 1935 potest.
2016 1865 2201 1936 Itaque

622 1950 1012 2017 cognoscimus
1066 1952 1174 2004 vim
1227 1953 1511 2006 nominum
1555 1968 1678 2009 esse
1732 1970 1842 2010 res.
1900 1953 2203 2023 Utrumque

620 2042 792 2109 igitur
812 2057 1002 2097 eorum
1042 2059 1163 2114 quae
1191 2042 1525 2099 Manichmus
1554 2049 1833 2100 contraria
1864 2056 2037 2116 putat,
2073 2047 2203 2103 sub—

623 2132 829 2186 stantia
857 2135 1046 2187 vivens
1076 2143 1129 2188 et
1162 2134 1403 2203 ingenita
1451 2137 1796 2202 nominatur;
1829 2137 2203 2190 manifestum-

620 2238 728 2292 que
761 2232 866 2287 est,
897 2240 1022 2278 cum
1051 2226 1176 2280 talis
1201 2241 1355 2278 error
1384 2226 1711 2295 principium
1740 2228 1903 2281 ducat
1936 2245 1964 2281 a
2007 2229 2204 2282 barba-

623 2317 721 2377 ris,
753 2331 875 2371 esse
902 2318 1066 2369 etiam
1102 2316 1242 2387 apud
1274 2332 1369 2372 eos
1398 2320 1668 2372 sublatam
1696 2321 2067 2373 communium
2102 2335 2199 2373 no-

621 2405 836 2459 tionum
900 2409 1349 2462 consecutionem
1386 2427 1399 2463 :
1432 2409 1644 2479 integra
1691 2411 1838 2464 enim
1894 2418 2057 2479 atque
2112 2426 2195 2465 ea-

621 2497 745 2549 dem
790 2503 877 2551 est
912 2498 1201 2567 utriusque
1239 2514 1305 2552 ex
1345 2514 1500 2568 aequo
1550 2500 1866 2569 descriptio,
1920 2516 2040 2570 qua
2088 2515 2195 2554 non

622 2586 784 2640 modo
806 2601 1022 2642 omnem
1057 2591 1460 2645 contrariorum
1503 2593 1869 2661 suspicionem
1901 2592 2071 2662 ejicit,
2105 2593 2200 2648 sed

622 2692 800 2746 neque
829 2678 1195 2735 dill‘erentiam
1240 2684 1403 2736 ullam
1438 2684 1492 2737 in
1524 2685 1591 2737 iis
1623 2700 1742 2754 qua:
1767 2685 2049 2739 nominant
2080 2701 2204 2741 esse

621 2770 909 2838 permittit.
2126 2768 2132 2773 ’

2300 1873 2526 1942 ὀνόμασι
2552 1872 2620 1924 τὰ
2664 1871 2977 1941 πράγματα.
3019 1873 3139 1942 Ἆρ’
3174 1868 3265 1926 οὖν
3298 1872 3554 1942 ὲκάτεῳν
3588 1872 3698 1924 τῶν
3729 1872 3877 1941 παρὰ

2300 1964 2377 2033 τῷ
2409 1963 2643 2017 Μάνεντι
2670 1964 3035 2033 νομιζομένων
3064 1965 3321 2018 ἐναντίων
3346 1963 3502 2017 οὐσία
3523 1962 3675 2025 ζῶσά
3694 1979 3755 2015 τε
3785 1962 3876 2015 καὶ

2302 2057 2591 2125 ἀγέννητος
2622 2056 2976 2125 ὀνομάζεται·
3002 2054 3241 2125 εὔδηλον,
3278 2056 3350 2118 ὡς
3372 2058 3435 2107 ἐκ
3459 2054 3754 2124 βαρϐαρων
3780 2053 3874 2123 τὴν

2302 2150 2474 2221 ἀρχὴν
2518 2150 2617 2217 τῆς
2674 2149 2928 2217 τοιαύτης
2980 2148 3250 2218 λαϐούσης
3298 2147 3523 2216 πλάνης,
3551 2145 3873 2215 διέφθαρται

2307 2240 2436 2311 παρ’
2464 2241 2645 2301 αὑτοῖς
2681 2238 2789 2289 τῶν
2820 2239 3012 2291 κοινῶν
3067 2238 3284 2290 ἐννοιῶν
3316 2239 3348 2307 ἡ
3395 2236 3685 2289 ἀκολουθία
3707 2253 3719 2264 ο
3764 2234 3875 2287 ὀλό-

2305 2331 2501 2400 κληρος
2554 2329 2662 2397 γὰρ
2693 2328 2788 2398 καὶ
2839 2329 2871 2398 ἡ
2913 2327 3048 2395 αὑτὴ
3091 2326 3285 2394 ἐπίσης
3328 2326 3585 2394 τυγχάνει
3616 2323 3876 2393 ἑκατέροιν

2302 2419 2612 2488 ὑπογραφὴ,
2643 2418 2701 2469 οὑ
2735 2416 2892 2485 μόνον
2921 2417 3288 2485 ἐναντιότητος
3316 2416 3494 2468 πᾶσαν
3523 2414 3765 2481 ὑποψίαν
3793 2412 3875 2475 ἐξ·

2299 2509 2575 2579 ορίζουσα,
2639 2508 2897 2563 ἀλλὀὑτε
2942 2507 3203 2577 διαφοράν
3257 2524 3378 2561 τινα
3423 2504 3786 2576 συγχωροῦσα
3818 2503 3876 2555 ιν

2301 2604 2419 2664 τοῖς
2448 2600 2864 2671 ὀνομαζομένοις
2888 2599 3171 2669 ὑπάρχειν.

1231 2892 1361 2948 CAP.
1400 2894 1490 2947 IX.
1537 2895 1933 2965 Principiorum
1959 2898 2241 2966 qualitates
2264 2899 2563 2951 contrarim.
2609 2896 2670 2949 In
2701 2896 2804 2949 Deo
2833 2895 2980 2948 nulla
3008 2894 3259 2964 qualitas.

696 3000 863 3056 Aiunt
905 3012 1086 3058 autem
1124 3005 1411 3061 Manichmi
1456 3010 1681 3063 asseclae
1718 3009 1822 3062 boc
1845 3008 2067 3079 quidem
2108 3010 2199 3064 bo-

2371 3011 2505 3062 Φασὶ
2532 3009 2588 3061 δὲ
2611 3010 2667 3061 τὸ
2694 3009 2789 3077 μὲν
2811 3006 3032 3073 ἀγαθὸν,
3063 3006 3123 3057 τὸ
3155 3005 3211 3056 δὲ
3244 3001 3431 3066 κακὸν,
3452 3001 3549 3061 τὰς
3586 3000 3876 3068 ποιότητας

625 3109 781 3156 ηυιη,
824 3094 959 3149 illud
1008 3112 1137 3150 vero
1186 3099 1742 3170 malum;qualitates
1780 3100 2037 3156 videlicet
2074 3112 2197 3156 ante

2302 3103 2461 3153 οἱονεὶ
2490 3102 2594 3171 πρὸ
2625 3100 2721 3168 τῆς
2743 3098 2927 3157 οὐσίας
2961 3094 3412 3164 ἐκλαμϐάνοντες,
3447 3092 3497 3143 οἱ
3530 3089 3609 3159 τῷ
3640 3090 3873 3141 Μάνεντι

626 3184 996 3242 substantiam
1032 3188 1401 3261 intelligentes
1430 3211 1443 3246 :
1470 3193 1749 3246 nominata
1778 3194 1921 3247 enim
1945 3194 2196 3247 similiter

628 3278 684 3331 in
725 3287 959 3349 utroque
989 3282 1298 3336 substantia
1331 3282 1481 3351 (sunt
1512 3284 1656 3337 enim
1690 3284 1850 3338 ambo
1890 3284 2195 3338 substantia

626 3369 815 3423 vivens
865 3379 920 3426 et
974 3372 1240 3444 ingenita)
1307 3390 1711 3444 supervacanea
1770 3383 1887 3441 est;
1941 3376 2198 3447 deinceps

628 3469 758 3514 sunt
781 3461 947 3516 veluti
980 3464 1277 3533 qualitates
1310 3467 1601 3521 contraria:
1625 3486 1638 3520 :
1664 3466 1769 3521 etsi
1794 3468 1939 3520 enim
1969 3482 2077 3520 non
2103 3468 2198 3523 de-

628 3560 716 3606 cet
745 3553 1028 3611 nominare
1060 3557 1116 3610 in
1152 3556 1263 3612 Deo
1290 3558 1633 3627 qualitatem.
1675 3574 1797 3613 esse
1831 3568 2010 3613 tamen
2046 3560 2197 3630 prius

627 3643 1030 3712 quodammodo
1082 3653 1169 3702 est
1224 3650 1575 3717 cogitatione,
1624 3665 1788 3721 quam
1844 3652 2005 3704 talem
2044 3666 2194 3717 csse;

629 3734 937 3789 substantia
980 3746 1161 3792 autem
1215 3739 1578 3809 signiﬁcatur,
1640 3756 1765 3795 cum
1823 3742 2024 3795 dicitur
2070 3743 2199 3798 sub—

629 3827 829 3880 stantia
873 3828 1065 3884 vivens
1097 3838 1152 3884 et
1196 3830 1460 3900 ingenita.
1510 3831 1879 3902 Praeterquam
1926 3835 1974 3889 si
2013 3834 2197 3888 dicant

628 3920 847 3990 propria
873 3922 1121 3976 accidere
1158 3923 1423 3979 ambobus
1459 3926 1759 3992 contraria,
1792 3926 1937 3995 quod
1967 3936 2051 3981 cst
2075 3942 2195 3981 om-

628 4010 780 4065 nium
826 4012 1236 4078 stultissimum,
1291 4015 1535 4085 ingenito
1580 4016 1726 4071 enim
1775 4018 1911 4071 nihil
1965 4018 2192 4084 accidit;

629 4100 717 4153 cui
739 4100 885 4153 enim
922 4118 1030 4156 non
1065 4104 1277 4157 accidat
1306 4120 1451 4169 esse,
1483 4106 1612 4160 huic
1651 4123 1828 4177 neque
1864 4109 2049 4164 taliter
2076 4124 2197 4165 esse

627 4184 907 4239 acciderit.
941 4187 1111 4253 Quod
1130 4204 1240 4242 non
1269 4197 1373 4256 est,
1400 4205 1508 4244 non
1537 4192 1758 4247 accidit.

696 4274 1003 4341 Qualitates
1040 4278 1205 4348 igitur
1248 4281 1555 4335 contrarias
1594 4282 1723 4337 licet
1754 4283 1808 4337 in
1848 4284 2015 4339 rebus
2044 4285 2195 4338 inve—

626 4366 765 4431 nire,
798 4367 1137 4424 substantias
1169 4386 1299 4426 vero
1330 4387 1673 4442 nequaquam
1705 4394 1716 4427 :
1758 4374 1939 4428 album
1965 4376 2109 4431 enim
2142 4384 2194 4430 et

626 4460 841 4529 nigrum
870 4463 1144 4517 contraria
1170 4473 1315 4527 sunt,
1341 4474 1631 4535 utrumque
1663 4467 1716 4519 in
1748 4483 1975 4539 corpore
2004 4468 2190 4523 eadem

624 4551 965 4616 substantia;
1008 4564 1134 4607 sunt
1165 4564 1343 4609 autem
1385 4557 1514 4609 talia
1556 4559 1753 4626 partim
1803 4560 2074 4613 contraria
2110 4560 2195 4613 in-

625 4651 707 4697 ter
732 4658 812 4705 se,
846 4643 1044 4713 partim
1074 4660 1182 4700 non
1212 4650 1512 4705 contraria.
1548 4647 1784 4703 Primum
1809 4665 2043 4719 namque
2065 4652 2193 4705 sub-

625 4742 709 4787 ter
753 4750 922 4789 unum
963 4752 1134 4806 genus
1188 4748 1352 4805 sunt;
1390 4748 1623 4809 utraque
1671 4741 1818 4796 enim
1855 4749 1982 4795 sunt
2018 4742 2189 4815 color.

624 4826 832 4883 Deinde
871 4828 974 4883 etsi
1010 4830 1289 4883 contraria
1332 4844 1457 4887 esse
1502 4831 1779 4893 videntur,
1814 4839 1997 4887 tamen
2035 4847 2194 4902 aspe-

625 4926 773 4971 ctum
798 4920 948 4974 varie
967 4919 1259 4983 delectant,
1295 4930 1549 4975 neutrum
1582 4923 1726 4976 enim
1756 4923 1973 4977 illorum
2006 4923 2195 4978 immo-

623 5009 905 5064 deratione
934 5010 1080 5065 hunc
1110 5010 1353 5065 oﬂ‘cndit.
1383 5012 1495 5066 lme
1524 5014 1687 5067 etiam
1718 5013 1893 5068 virtus
1918 5022 1972 5068 et
2002 5013 2191 5067 vitium

625 5102 679 5153 in
708 5101 928 5167 anima;
964 5109 1127 5171 atque
1162 5101 1275 5156 haec
1297 5102 1516 5171 quidem
1550 5103 1847 5168 contraria,
1882 5119 1988 5158 non
2016 5105 2191 5159 solum

628 5211 680 5246 ιιι
712 5192 901 5247 eadem
937 5194 1269 5255 substantia.
1317 5194 1415 5248 sed
1447 5196 1502 5247 in
1535 5205 1644 5247 uno
1678 5209 1874 5264 genere
1906 5195 2193 5248 nominan-

627 5292 749 5335 tur:
784 5293 1078 5353 ntrumque
1110 5286 1255 5339 cnim
1287 5294 1371 5339 est
1401 5287 1643 5344 habitus.
1672 5301 1791 5355 qua:
1815 5294 2074 5355 tanquam
2106 5302 2191 5339 ac-

626 5375 859 5429 cidentia
910 5378 1096 5431 insunt
1142 5378 1194 5429 in
1237 5379 1416 5431 anima
1461 5392 1489 5430 a
1523 5394 1629 5447 qua
1687 5380 1877 5433 abesse
1924 5387 2185 5448 possunt;

626 5468 800 5521 anima
836 5467 891 5521 in
919 5484 1027 5538 qua
1073 5470 1183 5522 lia2c
1226 5479 1373 5531 sunt,
1410 5472 1544 5525 alias
1584 5471 1739 5525 aliter
1762 5469 1948 5525 al‘l‘ccta
1999 5480 2051 5524 et
2079 5470 2189 5524 dis-

2306 3193 2681 3263 συντρέχοντες
2705 3208 2719 3220 ⁶
2758 3190 2859 3257 τῆς
2897 3188 3003 3258 γάρ
3041 3186 3224 3249 οὐσίας
3266 3184 3468 3253 ὁμοίως
3494 3184 3581 3248 ἐφ’
3616 3182 3871 3252 ἐκατέρου

2302 3281 2703 3350 ὀνομαζομένης
2762 3278 2952 3331 (οὐσία
3000 3276 3107 3345 γὰρ
3154 3274 3305 3337 ζῶσά
3334 3290 3393 3324 τε
3451 3272 3543 3323 καὶ
3578 3271 3871 3341 ἀγέψιητος

2302 3372 2521 3441 ἄμφω),
2546 3368 2771 3441 περιττὴ
2806 3367 2988 3419 λοιπὸν
3018 3366 3115 3434 τῆς
3140 3365 3299 3416 οἱονεὶ
3330 3361 3609 3431 ποιότητος
3643 3362 3676 3430 ἡ
3726 3360 3872 3413 ἐναν-

2301 3461 2628 3531 τιότης(4⁴)·
2652 3460 2699 3512 εί
2730 3458 2837 3529 γὰρ
2860 3458 2952 3510 καὶ
2983 3456 3057 3528 μὴ
3087 3455 3313 3526 ἁρμόζει
3348 3450 3593 3505 ἐπὶΘεοῦ
3616 3451 3871 3521 ποιότητα

2302 3553 2603 3623 ὀνομάζειν,
2655 3549 2789 3604 ἀλλά
2814 3565 2877 3615 γε
2914 3551 2981 3618 τῇ
3029 3547 3204 3617 ἐννοίᾳ
3253 3544 3451 3614 τρόπον
3488 3544 3609 3595 τινὰ
3646 3543 3707 3595 τὺ
3736 3538 3871 3594 εἶναι

2302 3645 2395 3698 τοῦ
2418 3643 2616 3697 τοιόνδε
2646 3637 2783 3695 εἶναι
2824 3638 3167 3708 προτερεύει·
3192 3637 3252 3688 τὸ
3292 3636 3347 3687 δὲ
3375 3631 3508 3687 εἶναι
3547 3633 3870 3701 σημαίνεται

2302 3734 2401 3803 τῷ,
2458 3733 2616 3785 οὐσία
2660 3730 2809 3795 ζῶσά
2863 3745 2922 3781 τε
2987 3729 3077 3780 καὶ
3134 3727 3443 3795 ἀγέννητος.
3502 3722 3651 3792 Πλὴν
3700 3724 3751 3775 εί
3794 3722 3867 3791 μὴ

2304 3827 2407 3879 [δια
2448 3828 2601 3893 φαῖεν
2645 3821 3010 3891 ἐπισυμϐἧναι
3041 3819 3107 3871 τὰ
3141 3818 3352 3870 ἐναντία
3394 3816 3701 3885 ἑκατέροις,
3735 3814 3871 3885 ὅπερ

2302 3920 2417 3972 ἐστὶ
2491 3918 2706 3970 πάντων
2768 3914 3117 3982 ἀνοητότερον
3147 3928 3162 3943 ·
3220 3910 3495 3978 ἀγεννῆτῳ
3548 3906 3655 3976 γὰρ
3718 3904 3867 3957 οὐδὲν

2302 4009 2711 4081 ἐπισυμόαίνει⁸
2886 4006 2995 4076 γὰρ
3059 4005 3119 4055 τὸ
3190 3997 3327 4053 εἶναι
3395 4000 3467 4069 μὴ
3536 3996 3861 4066 ἐπισυνέΰη,

2301 4102 2473 4170 τούτῳ
2521 4101 2637 4153 οὑδὲ
2677 4101 2735 4152 τὸ
2789 4098 3009 4151 τοιῶσδε
3049 4090 3204 4147 εἶναι.
3264 4095 3329 4144 Ὃ
3366 4092 3439 4161 μὴ
3474 4091 3579 4161 εἴη,
3613 4090 3716 4142 οὑκ
3750 4089 3865 4140 ἐπι-

2303 4210 2366 4245 συ
2374 4194 2603 4262 μὸαίνει.

2370 4284 2671 4355 Ποιοτήτων
2701 4284 2799 4354 μὲν
2824 4278 2916 4335 οὖν
2944 4275 3289 4347 ἐναντιότητά
3310 4275 3456 4326 ἐστιν
3488 4273 3546 4323 ἐν
3575 4273 3687 4334 τοῖς
3714 4267 3861 4323 οὖσιν

2299 4375 2499 4445 εὑρεῖν,
2525 4375 2705 4438 οὐσίας
2748 4364 2817 4427 δὲ
2854 4370 3086 4441 οὐδαμοῦ
3108 4386 3121 4398 ·
3165 4368 3352 4421 λευκὸν
3370 4355 3489 4435 ’γὰρ
3526 4364 3663 4434 πρὸς
3700 4362 3861 4432 μέλαν

2298 4467 2554 4529 ἐναντίως
2582 4467 2692 4536 ἔχει
2712 4484 2724 4496 ’
2776 4467 3032 4535 ἑκάτερον
3066 4462 3120 4515 δὲ
3160 4462 3218 4512 ἐν
3252 4458 3463 4528 σώματι
3489 4458 3556 4526 τῇ
3589 4453 3753 4507 αὑτοῦ
3785 4454 3857 4519 t5)

2295 4560 2489 4630 οὐσία·
2558 4557 2670 4628 ἔχει
2731 4558 2913 4627 μέντοι
2974 4545 3133 4615 αὑτὰ,
3188 4550 3263 4622 πὴ
3310 4550 3409 4620 μὲν
3444 4548 3701 4610 ἐναντίως
3729 4546 3859 4617 πρὸς

2297 4652 2517 4721 ἄλληλα,
2557 4650 2632 4719 πὴ
2660 4650 2715 4701 δὲ
2747 4649 2845 4701 οὐκ
2888 4645 3163 4708 ἐναντίως.
3208 4642 3427 4714 Πρῶτον
3475 4640 3573 4709 μὲν
3616 4638 3727 4710 γὰρ
3772 4637 3862 4704 ὑφ’

2297 4742 2354 4793 ἐν
2398 4742 2549 4809 γένος
2609 4741 2745 4801 ἐστὶ,
2775 4737 2969 4807 χρῶμα
2991 4736 3098 4805 γὰρ
3145 4733 3406 4803 ὲκάτερα”
3442 4731 3654 4791 ἔπειτα,
3683 4732 3734 4782 εί
3769 4730 3855 4782 καὶ

2298 4835 2513 4887 ἐναντία
2544 4828 2682 4885 εἶναι
2708 4830 2872 4891 δοκεῖ,
2912 4829 3046 4880 ἀλλά
3074 4844 3136 4895 γε
3168 4830 3233 4897 τῇ
3266 4826 3384 4894 ὕψει
3411 4823 3671 4887 ποικίλως
3700 4839 3855 4893 προσ·

2295 4926 2415 4994 άγει
2445 4926 2543 4995 τὴν
2567 4924 2862 4976 ἀπόλαυσιν
2886 4939 2897 4950 ·
2925 4920 3102 4973 o-Lt'iérs
3112 4937 3202 4989 ρον
3229 4918 3335 4988 γὰρ
3376 4919 3557 4970 αὑτοῖν
3583 4919 3647 4985 τῇ
3683 4916 3853 4983 ἀσυμ-

2297 5017 2491 5087 μετρία
2536 5016 2693 5066 λυπεῖ
2749 5013 2983 5081 ταύτην·
3012 5010 3143 5063 ἀλλὰ
3189 5010 3281 5063 καὶ
3315 5009 3415 5079 ηδη
3459 5008 3626 5077 ἀρετή
3662 5023 3724 5057 τε
3766 5004 3853 5056 καὶ

2294 5108 2457 5162 κακία
2484 5112 2539 5159 ἐν
2573 5108 2739 5177 ψυχῇ,
2769 5106 2843 5168 ὡς
2872 5105 3086 5157 ἐναντία
3127 5103 3225 5173 μὲν
3257 5101 3351 5154 καὶ
3385 5098 3575 5156 ταῦτα.
3603 5098 3666 5150 οὐ
3699 5099 3849 5165 μόνον

2294 5200 2349 5252 δὲ
2381 5202 2436 5251 ἐν
2458 5202 2521 5269 τῇ
2547 5201 2681 5267 αὐτῇ
2702 5196 2878 5265 οὐσία,
2914 5196 3048 5249 ἀλλά
3087 5197 3180 5259 καὶ
3217 5196 3273 5247 ἐν
3302 5193 3381 5247 ἐνὶ
3412 5192 3558 5260 γένει
3586 5205 3846 5261 προσαγο-

2299 5290 2510 5360 ρεύεται
2532 5306 2543 5316 ·
2576 5290 2686 5353 Ege;
2728 5287 2836 5357 γὰρ
2890 5288 3124 5358 ἑκάτερα
3146 5327 3159 5349 ,
3186 5285 3341 5338 ἅτινα
3379 5284 3474 5336 καὶ
3503 5281 3580 5342 ὡς
3620 5281 3845 5348 ἐπισυμ-

2295 5380 2543 5431 ϐαίνοντα
2584 5378 2725 5446 ψυχῇ
2766 5377 3088 5445 ἐνυπάρχει·
3144 5375 3263 5427 ὅθεν
3298 5374 3391 5424 καὶ
3431 5368 3846 5439 ἀτωαυμόαίνειν

2292 5470 2557 5538 ἐνδέχεται
2589 5469 2703 5540 τῆς,
2729 5470 2784 5518 ἐν
2885 5468 2995 5519 ἐστι
3012 5465 3198 5526 ταῦτα,
3232 5463 3419 5518 ἄλλοτε
3457 5460 3632 5522 ἄλλως
3661 5458 3844 5509 Stant-

701 5620 1222 5696 ί“ιίς)“Περιττὴ...ῗή
1249 5625 1447 5696 ἐνᾳντ.
1479 5624 1780 5696 Basnagius
1812 5626 1889 5682 sic
1927 5625 2137 5681 reddit;
2169 5624 2197 5680 ἑ

2300 5644 2563 5681 wacanea
2589 5636 2664 5680 cst
2689 5625 3058 5687 contrarietas,
3079 5638 3192 5691 qua
3218 5622 3346 5688 ipsis
3374 5622 3505 5673 inest
3522 5627 3576 5669 ut
3604 5614 3833 5684 qualitt's.

696 5688 769 5755 ιτς)
802 5689 979 5755 Forte,
1021 5696 1084 5766 τῇ
1118 5688 1271 5766 αὐτῇ.
1316 5694 1469 5751 Εοιτ.
