4058 6330
189 374 329 432 1081

1270 361 2100 439 Αυγειῑευεπιλιςιεηιεοε
2131 379 2257 434 ns.
2299 379 2343 434 ι.

3296 376 3435 434 1032

188 501 395 573 μένηςο
427 501 501 567 ὡς
540 496 679 558 εἶναι
732 503 908 575 δῆλον,
943 504 1017 569 ὡς
1065 506 1094 559 ὁ
1133 505 1231 576 μὲν
1276 507 1407 578 περὶ
1443 507 1541 578 τῆς
1568 506 1755 571 οὐσίας

1862 505 2034 576 posita
2072 523 2084 558 :
2130 512 2191 559 ut
2217 505 2452 573 liqueat,
2486 502 2631 556 aliud
2665 517 2787 559 esse
2825 501 2894 557 de
2920 499 3230 557 substantia
3260 499 3439 571 loqui,

184 590 347 661 λόγος
395 592 716 666 ἀφώρισται,
748 596 778 647 ὁ
804 594 860 648 δὲ
908 598 1034 668 περὶ
1070 596 1178 649 τῶν
1224 596 1395 669 ταύτῃ
1428 596 1753 667 ὲπισυμδαι-

182 684 387 737 νόντων
412 684 600 757 ἕτερος
631 687 908 756 τυγχάνει.

262 776 453 829 Καίτοι
494 777 556 830 τὸ
594 778 695 849 μὲν
735 778 926 832 λευκόν
962 796 1023 832 τε
1049 781 1142 834 καὶ
1178 781 1344 853 μέλαν
1380 780 1528 833 ἐστιν
1549 781 1635 832 ὅτε
1665 779 1758 833 καὶ

180 866 266 930 ὡς
293 867 570 939 ἀχὼριστα
614 870 910 942 ἐνυπάρχει
936 874 1047 935 τοῖς
1095 874 1153 925 ὲν
1185 868 1265 937 οἷς
1297 876 1446 927 ἔστι·
1476 874 1569 926 καὶ
1610 873 1759 943 ὅμως

179 959 365 1023 οὐδεὶς
408 960 627 1014 πώποτε
665 963 774 1017 ἀπὸ
808 963 1013 1018 τούτων
1038 963 1320 1036 ὠνόμακεν
1348 966 1551 1031 ἐκεῖνα,
1592 966 1649 1018 ὲν
1679 956 1763 1026 οἷς

179 1048 306 1101 ὄττι
365 1048 566 1103 ταῦτα’
607 1051 781 1115 οὐδεὶς
836 1052 967 1124 γὰρ,
1019 1052 1249 1124 θελήσας
1307 1054 1446 1123 γάλα
1483 1054 1759 1125 σημῆναι,

180 1140 311 1209 οὐχὶ
337 1140 534 1211 μᾶλλον
567 1144 673 1215 πρὸ
701 1144 797 1198 τοῦ
823 1146 963 1198 κατά
986 1144 1081 1200 τοῦ
1111 1147 1282 1210 εἴδους
1310 1147 1409 1217 τῆς
1441 1146 1628 1210 οὐσίας
1648 1145 1765 1198 ὀνό-

187 1246 362 1300 ματος
390 1233 638 1302 κειμένου
680 1237 1055 1306 κατεχρήσατο
1086 1237 1147 1289 τὸ
1171 1237 1272 1306 τῆς
1297 1236 1641 1305 λευκότητος,
1677 1237 1762 1289 ἵνα

185 1321 269 1391 μὴ
296 1320 410 1375 ἀνθ’
440 1323 560 1385 ἑνὸς
616 1324 786 1379 πολλά
833 1326 1119 1398 σημαίνειν
1157 1327 1305 1398 δόξῃ,
1334 1322 1415 1390 οἷς
1442 1328 1762 1398 πρόσεστιν

181 1413 328 1466 ἀλλά
356 1415 459 1486 μὴν
480 1418 575 1468 καὶ
609 1417 817 1487 κόρακα
843 1418 904 1471 οὐ
932 1418 1009 1488 τῷ
1029 1418 1215 1490 μέλανι
1244 1419 1601 1489 σημαίνομεν,
1633 1418 1766 1472 ἀλλὰ

180 1502 267 1574 τῷ
288 1502 380 1557 τοῦ
425 1504 563 1569 ζῶον
606 1509 700 1560 καὶ
723 1508 816 1561 τοῦ
855 1508 1025 1571 εἴδους
1072 1509 1317 1578 ὀνόματι.
1350 1505 1516 1563 Abeat
1547 1511 1643 1579 μὲν
1673 1507 1768 1562 οὖν

180 1595 284 1647 καὶ
338 1596 587 1650 τοιαῦται
642 1597 934 1669 ἀχώριστοι
988 1599 1300 1671 ποιότητες·
1356 1600 1524 1671 ἀρετὴ
1580 1601 1637 1652 δὲ
1675 1603 1767 1653 καὶ

180 1688 354 1741 κακία
375 1689 431 1741 ὲν
450 1689 591 1759 ψυχῇ
612 1691 717 1742 τῶν
740 1692 900 1743 ὲπισυ
910 1690 1251 1761 μὸαινουσῶν
1264 1693 1564 1761 ποιοτήτων
1586 1692 1723 1743 εἰσίν
1750 1708 1762 1719 ο

181 1780 265 1843 ὡς
303 1780 500 1849 μᾶλλον
534 1784 831 1852 προσήκειν
866 1781 1129 1852 μηδαμῶς
1158 1782 1265 1834 ἀπὸ
1316 1781 1518 1834 τούτων
1552 1781 1647 1851 τὴν
1675 1782 1765 1833 οὺ-

1867 598 2012 651 aliud
2038 597 2104 651 de
2126 598 2197 652 iis
2227 611 2349 667 qua:
2389 595 2709 651 substantiae
2730 595 3015 649 accidunt.

1934 773 2094 842 Atqui
2127 774 2183 827 ﬁt
2212 772 2529 843 aliquando,
2570 781 2630 825 ut
2660 774 2842 827 album
2876 773 3094 842 quidem
3128 780 3184 828 et
3215 773 3439 845 nigrum

1866 860 2060 915 abesse
2097 876 2205 915 non
2246 863 2460 933 possint
2492 861 2560 915 ab
2599 863 2669 917 iis
2698 864 2751 917 in
2780 863 2983 933 quibus
3024 862 3243 930 insunt;
3275 877 3437 919 nemo

1865 962 2049 1007 tamen
2091 954 2160 1009 ab
2189 954 2275 1009 his
2303 969 2546 1025 unquam
2579 955 2671 1009 illa
2699 955 2753 1010 in
2785 955 2989 1027 quibus
3020 953 3135 1011 haec
3155 962 3304 1020 sunt,
3333 971 3437 1012 no-

1868 1045 2098 1098 minavit
2129 1063 2141 1099 :
2174 1046 2359 1100 nullus
2401 1045 2547 1100 enim
2596 1062 2719 1100 cum
2746 1047 2919 1100 voluit
2961 1044 3268 1117 signiﬁcare
3313 1047 3435 1114 lac,

1871 1136 2057 1206 potius
2087 1138 2307 1192 nomine
2346 1138 2455 1192 albi
2491 1137 2712 1203 abusus:
2733 1144 2814 1193 est
2845 1152 3007 1207 quam
3044 1152 3177 1192 usus
3219 1138 3440 1193 nomine

1865 1229 2188 1284 substantia:
2221 1230 2476 1300 imposito
2504 1229 2737 1298 speciei;
2784 1243 2851 1281 ne
2884 1243 2983 1298 pro
3026 1242 3138 1282 uno
3166 1227 3334 1281 multa
3361 1228 3443 1282 sin

1863 1318 2125 1388 gniﬁcare
2170 1319 2442 1381 videatur,
2468 1319 2669 1389 quibus
2705 1318 2848 1372 inest
2887 1318 3043 1372 albus
3088 1316 3241 1371 color
3268 1335 3281 1371 :
3304 1318 3445 1388 quin

1868 1410 2033 1462 etiam
2078 1422 2302 1462 corvum
2344 1424 2451 1462 non
2491 1406 2836 1461 declaramus
2879 1406 3098 1460 nomine
3135 1406 3301 1475 nigri,
3342 1405 3440 1460 sed

1866 1494 2090 1547 nomine
2123 1494 2239 1547 avis
2285 1502 2338 1548 et
2387 1494 2609 1563 speciei.
2660 1492 2753 1547 Ha:
2795 1493 2960 1563 igitur
3012 1501 3068 1548 et
3126 1493 3441 1562 huiusmodi

1868 1583 2165 1651 qualitates
2217 1584 2609 1653 inseparabiles
2644 1593 2773 1638 sunt
2798 1601 2812 1637 :
2835 1585 3010 1637 virtus
3062 1590 3242 1639 autem
3280 1592 3335 1639 et
3369 1585 3447 1638 vi-

1866 1674 2001 1728 tium
2037 1676 2089 1728 in
2123 1676 2304 1729 anima
2334 1692 2397 1731 ex
2438 1677 2795 1748 qualitatibus
2816 1692 2938 1746 quae
2971 1676 3245 1737 accidunt,
3278 1685 3439 1743 sunt;

1870 1773 1930 1818 ut
1962 1766 2139 1835 magis
2167 1769 2477 1831 conveniat,
2520 1777 2577 1821 ut
2608 1768 2831 1822 minime
2856 1768 3103 1822 videatur
3133 1767 3441 1823 substantia

184 1866 311 1919 σξαν
348 1866 456 1919 δεῖν
496 1868 591 1921 τοῦ
619 1868 907 1940 ἀνθρώπου
942 1870 1381 1942 κατηγορεῖσθαι,
1410 1872 1519 1923 δεῖν
1552 1871 1609 1923 δὲ
1644 1871 1759 1923 ταύ-

1871 1857 2107 1912 hominis
2140 1858 2207 1911 ab
2238 1859 2323 1912 his
2356 1860 2655 1924 nominari;
2705 1859 2801 1914 sed
2854 1868 3108 1930 Oportere
3149 1860 3288 1914 hanc
3314 1874 3444 1929 pro-

180 1974 287 2028 την
325 1958 468 2023 ίδίως
495 1961 877 2029 σημαίνεσθαι.
913 1963 1097 2024 Οὐδεὶς
1126 1960 1255 2030 γοῦν
1284 1962 1366 2024 τὸ,
1405 1962 1457 2014 τί
1502 1964 1648 2014 ἐστιν
1672 1962 1763 2014 ἀν-

183 2047 428 2130 θρωπος,
479 2051 542 2101 ὲκ
580 2050 679 2117 τῆς
722 2051 944 2122 ἐνούσης
989 2052 1064 2121 τῷ
1095 2070 1202 2103 τινι
1240 2054 1437 2116 κακίας
1470 2054 1760 2123 ἐσήμανεν,

181 2138 322 2192 ἀλλὰ
354 2141 567 2209 πρῶτον
589 2142 685 2209 τῆς
708 2142 895 2203 οὐσίας
942 2143 1002 2194 τὸ
1025 2139 1160 2206 εἶδος
1194 2143 1391 2205 εἰπὼν,
1414 2140 1531 2196 εἶτα
1558 2144 1652 2196 καὶ
1678 2144 1760 2206 τὸ,

180 2229 291 2291 τίς,
320 2230 649 2299 προσειπὼν,
680 2230 904 2301 ὕστερεν
930 2236 1223 2303 κατηγορεῖ
1245 2234 1343 2303 τὴν
1367 2235 1646 2304 ποιότητα.

260 2321 563 2390 Ποιοτήτων
605 2322 702 2391 μὲν
760 2317 871 2385 οὖν,
914 2323 941 2375 ὃ
970 2322 1258 2392 προλαϐὼν
1288 2321 1461 2389 εἷπον,
1498 2324 1645 2394 εὖροι
1680 2342 1762 2388 τις

164 2412 254 2464 δᾶν
284 2413 341 2463 ὲν
370 2415 483 2474 τοῖς
522 2412 918 2482 ὑποϐεϐηκόσιν
956 2414 1307 2485 ἐναντιότητα
1335 2415 1442 2467 τῶν
1468 2415 1568 2483 μὲν
1595 2433 1762 2485 χωρι-

185 2502 350 2564 στῶν,
372 2501 481 2555 τῶν
503 2503 559 2555 δὲ
606 2505 698 2556 καὶ
736 2504 1052 2575 ἀχωρίστων
1084 2522 1095 2534 ·
1134 2506 1224 2557 ἐπὶ
1247 2506 1302 2557 δὲ
1331 2504 1422 2557 τοῦ
1454 2505 1588 2558 Θεοῦ
1614 2508 1764 2559 πᾶσα

186 2594 286 2663 μὲν
312 2594 530 2662 ποιότης
554 2592 894 2663 ὲκϐέϐληται,
930 2594 1111 2664 ἐπειδὴ
1138 2612 1201 2662 γε
1222 2595 1371 2646 οὐδὲν
1390 2588 1464 2645 ὧν
1496 2594 1761 2660 καλεῖται,

180 2684 372 2754 ἓτερον
403 2685 529 2754 παρ’
563 2686 724 2737 αὐτόν
745 2702 756 2712 ·
781 2684 985 2748 ἀτελοῦς
1019 2686 1126 2757 γὰρ
1147 2687 1241 2738 καὶ
1261 2685 1553 2748 ἀσύνθετός
1581 2688 1727 2738 ἐστιν
1746 2704 1760 2717 ·

180 2777 333 2845 ὅμως
376 2776 433 2828 δὲ
481 2780 548 2847 τῇ
575 2776 824 2847 ὲννοὶᾳ,ὂ
862 2777 1222 2848 προλαϐόντες
1271 2778 1515 2845 εἴπομεν,
1571 2792 1764 2846 προτε-

186 2867 333 2939 ρεύει
356 2868 416 2920 τὸ
444 2866 581 2922 εἶναι
616 2868 710 2921 τοῦ
739 2869 935 2921 τοιόνδε
969 2865 1128 2922 εἶναι.

1857 1953 1975 2021 prie
2018 1954 2348 2022 signiﬁcare.
2379 1952 2546 2008 Nemo
2570 1954 2735 2021 igitur
2769 1954 2898 2024 quid
2929 1962 3013 2009 est
3045 1954 3230 2017 homo,
3264 1970 3332 2009 ex
3356 1955 3441 2008 vi-

1860 2044 1937 2098 tio
1983 2045 2129 2115 quod
2178 2048 2339 2101 alicui
2394 2047 2580 2110 inest,
2641 2047 3063 2115 signiﬁcaverit;
3123 2048 3218 2102 sed
3264 2049 3442 2118 primo

1861 2136 2100 2205 speciem
2132 2137 2454 2191 substantiae
2482 2136 2705 2202 dixerit,
2738 2136 2937 2191 deinde
2963 2136 3088 2206 quis
3127 2137 3203 2191 sit
3228 2138 3440 2207 adjicit,

1861 2236 2047 2299 postea
2084 2228 2406 2297 qualitatem
2440 2229 2491 2281 in
2528 2242 2594 2281 eo
2622 2228 2777 2281 dicit.

1932 2321 2237 2385 Qualitates
2278 2321 2445 2390 igitur
2492 2319 2805 2383 contrariae,
2847 2320 2987 2373 sicut
3028 2328 3153 2374 ante
3197 2318 3334 2383 dixi,
3380 2321 3439 2375 in

1860 2412 1930 2465 iis
1962 2426 2085 2480 quae
2116 2411 2392 2474 accidunt,
2427 2411 2650 2480 reperiri
2700 2418 2933 2480 possunt
2976 2412 3174 2480 partim
3218 2412 3436 2480 quidem

1861 2503 2218 2572 separabiles,
2253 2502 2444 2572 partim
2470 2518 2599 2556 vero
2638 2519 2744 2555 non
2778 2505 2868 2556 :in
2902 2502 3013 2557 Deo
3040 2511 3222 2558 autem
3256 2505 3437 2560 omnis

1860 2593 2099 2661 qualitas
2119 2590 2293 2659 ejecta
2319 2600 2435 2658 est;
2467 2591 2910 2661 quandoquidem
2942 2590 3079 2644 nihil
3102 2607 3292 2646 eorum
3317 2606 3446 2661 quae

1860 2680 1928 2734 de
1970 2697 2035 2735 eo
2065 2672 2346 2747 dicuntur,
2392 2680 2540 2734 aliud
2592 2689 2673 2735 est
2708 2688 2906 2749 praeter
2945 2680 3162 2749 ipsum;
3204 2681 3439 2751 simplex

1866 2775 2009 2827 enim
2060 2784 2144 2828 est
2184 2783 2240 2827 et
2270 2773 2686 2842 compositionis
2726 2788 2919 2842 expers
2945 2791 2957 2825 :
2983 2772 3320 2841 cogitatione
3362 2782 3441 2825 ta-

1867 2880 2011 2926 men,
2043 2872 2103 2915 ut
2136 2864 2392 2933 superius
2423 2862 2629 2915 dictum
2662 2870 2768 2921 est.
2805 2863 2959 2932 prius
2994 2871 3081 2917 est
3113 2877 3237 2919 esse
3275 2879 3439 2933 quam

1866 2952 2025 3005 talem
2052 2967 2197 3005 esse.

1046 3041 1173 3095 ΟΑΡ.
1216 3041 1282 3095 X.
1332 3041 1443 3093 Duo
1479 3042 1709 3111 ingenita
1739 3056 1842 3093 non
1872 3050 2092 3108 possunt
2117 3057 2227 3094 esse
2258 3042 2528 3094 contraria

253 3159 343 3212 Διὸ
383 3176 581 3229 φαμεν,
634 3159 1014 3220 ἀναλαϐόντες,
1055 3159 1151 3221 ὡς,
1183 3160 1231 3210 εἰ
1272 3158 1507 3229 ἑκάτερα
1536 3157 1571 3210 ἃ
1600 3173 1759 3226 φησιν

1938 3157 2300 3221 Quamobrem
2336 3172 2530 3211 rursus
2574 3157 2833 3223 dicimus,
2888 3159 2933 3213 si
2974 3168 3205 3228 utraque
3248 3174 3438 3214 eorum

183 3249 323 3307 εἶναι
356 3253 594 3315 ἐναντία,
640 3252 795 3304 οὐσία
822 3251 972 3315 ζῶσά
1014 3268 1071 3303 τε
1115 3251 1208 3302 καὶ
1234 3250 1525 3319 ἀγέννητος
1555 3249 1635 3317 (οὐ
1656 3248 1763 3319 γὰρ

181 3345 512 3417 ἀρνηθεῖεν)·
534 3343 567 3413 ἦ
598 3344 764 3413 ἄμφω
790 3341 989 3409 ἀγαθὰ,
1010 3341 1095 3393 ἴνα
1129 3340 1327 3410 μᾶλλον
1352 3340 1487 3408 πρὸς
1510 3338 1570 3390 τὸ
1592 3337 1761 3407 εὔφη-

185 3459 286 3512 μον
311 3440 545 3503 εὐσεϐῶς
575 3438 663 3491 διὰ
687 3439 746 3490 τὸ
778 3438 944 3500 Ιὧντως
986 3436 1044 3489 ὃν
1073 3434 1276 3499 ἀγαθὸν
1310 3436 1401 3486 καὶ
1433 3429 1761 3493 τούναντίον,

179 3534 375 3601 ἐφασιν
392 3532 510 3600 (5‘).
523 3531 747 3599 ἕλκηται
761 3529 820 3580 τὸ
841 3527 1099 3597 μηδαμῶς
1118 3526 1175 3580 ὃν
1189 3526 1270 3595 (οὐ
1288 3525 1395 3596 γὰρ
1410 3522 1760 3595 ἀντιστρέφο-

184 3625 333 3694 μεν),
360 3624 394 3691 ἢ
425 3623 591 3693 ἀμιρω
616 3622 762 3675 κακά
780 3639 793 3651 ·
818 3621 879 3672 τὸ
909 3621 1017 3690 γὰρ
1055 3619 1347 3689 ἀγέννητον
1378 3616 1592 3678 πάντως
1622 3618 1760 3683 ἀγα-

180 3718 295 3771 θόν.
319 3717 524 3769 Αὐτίκα
552 3716 849 3785 drawn—.0;
870 3714 898 3765 ὁ
927 3713 1058 3776 Θεὸς
1091 3712 1374 3780 ὑπάρχων,
1405 3705 1513 3779 ἄρα
1538 3708 1671 3759 αὐτὸ
1700 3707 1762 3759 τὸ

184 3808 263 3882 μὴ
294 3809 616 3879 γεννηθῆναι
659 3807 734 3869 ὡς
774 3806 941 3859 κακὸν
991 3803 1137 3874 ἔχει;
1186 3801 1470 3871 Οὐδαμῶς,
1534 3799 1648 3852 ἀλλ’
1686 3799 1761 3861 ὼς

178 3899 388 3968 ἀγαθὸν
414 3897 637 3969 δηλαδή.
690 3896 785 3957 Τίς
819 3890 910 3947 οὖν
940 3895 973 3963 ἡ
1012 3891 1412 3961 ἀποκλήρωσις,
1442 3890 1585 3942 τοῦτ’
1629 3889 1762 3941 αὐτὸ

179 3990 416 4063 πρᾶγμά
444 4006 503 4041 τε
560 3992 650 4040 καὶ
698 3987 888 4055 ὄνομα,
921 3984 1072 4055 παρά
1109 3984 1206 4055 μὲν
1234 3981 1311 4051 τῷ
1352 3981 1469 4052 Θεῷ
1502 3981 1664 4034 καλόν
1700 3999 1760 4033 τε

179 4082 277 4136 καὶ
318 4080 519 4147 ἀγαθὸν
568 4075 728 4140 εἶναι,
764 4077 915 4151 παρὰ
944 4077 999 4129 δὲ
1022 4079 1087 4146 τῇ
1140 4077 1331 4145 κακία,
1355 4075 1430 4137 ὥς
1465 4091 1618 4143 φασι,
1640 4080 1761 4125 τοὺ-

177 4174 394 4229 ναντίον
427 4170 625 4236 κακόν;
652 4171 847 4231 Γενεᾶς
882 4169 980 4239 μὲν
1004 4168 1112 4239 γὰρ
1135 4166 1383 4238 εὑρεθείη
1409 4166 1473 4218 ἂν
1506 4164 1755 4235 διαφορὰ,

178 4265 412 4334 διαφορά
458 4262 637 4332 μέντοι
682 4262 776 4314 καὶ
814 4261 912 4314 οὐκ
970 4257 1661 4328 ἐναντιότης·ἁγεννησίας
1701 4256 1757 4308 δὲ

176 4358 340 4409 ποίαν
356 4371 439 4417 τις
458 4354 521 4406 ἂν
539 4353 684 4424 εὖροι
697 4351 976 4423 διαφορὰν,
997 4347 1035 4421 ἦ
1058 4350 1157 4402 πού
1174 4367 1236 4417 γε
1255 4348 1620 4417 ἐναντιότητα;
1641 4346 1757 4397 Διό-

173 4464 286 4517 περ
311 4445 656 4499 παντάπασιν
686 4443 965 4505 ἀδύνατον,
988 4443 1281 4510 ἀγέννητον
1301 4440 1577 4510 ἁγεννήτῳ
1606 4440 1757 4489 ὲναν-

1864 3263 1985 3319 quae
2016 3248 2343 3302 Manichacus
2368 3249 2645 3303 contraria
2680 3264 2804 3304 esse
2845 3248 2997 3312 dicit,
3026 3251 3332 3304 substantia
3358 3253 3441 3305 vi-

1864 3357 1997 3396 vens
2044 3351 2097 3395 et
2150 3343 2389 3411 ingenita
2427 3351 2592 3405 sunt;
2644 3357 2753 3396 non
2796 3342 2942 3397 enim
3000 3344 3300 3411 negabunt,
3354 3338 3447 3399 vel

1865 3433 2024 3486 ambo
2058 3431 2199 3486 bona
2233 3440 2291 3486 ut
2322 3433 2495 3503 magis
2520 3433 2587 3486 ad
2618 3433 2671 3487 id
2696 3434 2841 3503 quod
2873 3434 3009 3489 bene
3036 3436 3229 3505 pieque
3255 3444 3434 3500 sonat,

1862 3530 2083 3592 propter
2116 3537 2241 3576 vere
2270 3522 2496 3584 bonum,
2531 3522 2711 3591 ipsum
2742 3523 3104 3589 contrarium,
3148 3524 3294 3593 quod
3336 3524 3437 3577 mi~

1863 3612 2009 3665 nime
2033 3618 2136 3674 est,
2177 3613 2463 3679 trahatur;
2503 3628 2610 3665 non
2638 3613 2781 3667 enim
2814 3613 3078 3679 dicemus,
3109 3615 3192 3670 vel
3219 3626 3433 3676 contra,

1862 3703 1907 3757 si
1941 3702 2104 3756 ambo
2151 3703 2328 3756 mala:
2358 3704 2504 3772 quod
2549 3704 2697 3758 enim
2729 3704 3027 3775 ingenitum
3061 3712 3166 3769 cst,
3210 3707 3436 3762 omnino

1862 3792 2066 3846 bonum
2116 3799 2221 3846 est.
2268 3790 2545 3847 Continuo
2597 3796 2763 3864 igitur
2808 3793 2952 3850 Deus
2999 3810 3126 3849 cum
3158 3795 3433 3866 ingenitus

1860 3885 1954 3946 sit,
1996 3898 2341 3953 nequaquam
2394 3883 2557 3938 habet
2609 3884 2713 3939 hoc
2752 3884 2931 3955 ipsum
2984 3900 3095 3939 non
3128 3887 3432 3956 ingenitum

1860 3989 1983 4028 esse
2022 3981 2279 4042 tanquam
2326 3974 2552 4038 malum,
2588 3975 2683 4029 sed
2717 3983 2977 4045 tanquam
3025 3976 3227 4029 bonum
3262 3986 3428 4033 certe.

1860 4068 1993 4133 Quae
2014 4066 2178 4137 igitur
2204 4067 2421 4121 sortitio
2452 4068 2555 4123 ista
2582 4068 2825 4123 eamdem
2859 4068 2971 4124 rem
2993 4078 3047 4124 et
3068 4086 3265 4125 nomen
3288 4074 3433 4142 apud

1863 4158 2030 4214 Deum
2054 4159 2272 4229 quidem
2295 4160 2580 4229 pulchram
2605 4169 2659 4215 et
2680 4162 2879 4217 bonam
2902 4177 3025 4217 esse
3050 4180 3064 4229 ;
3090 4171 3278 4217 contra
3303 4180 3432 4219 vero

1862 4251 2056 4304 malam
2101 4252 2243 4321 apud
2276 4236 2502 4315 malum,
2554 4262 2615 4307 ut
2666 4254 2753 4308 isti
2787 4254 2972 4308 aiunt?
3003 4255 3055 4308 in
3086 4258 3435 4323 generatione

1858 4342 2076 4411 quidem
2132 4343 2364 4396 inveniri
2413 4352 2578 4412 queat
2623 4344 2950 4407 diﬁ‘erentia,
3005 4346 3308 4401 diﬂerentia
3348 4357 3433 4401 ta-

1860 4449 2003 4495 men,
2042 4442 2095 4487 et
2128 4449 2238 4487 non
2288 4436 2649 4490 contrarium.
2686 4435 2743 4489 In
2784 4452 2850 4491 eo
2883 4452 3011 4491 vero
3045 4438 3191 4507 quod
3226 4447 3310 4492 est
3344 4439 3430 4491 in-

173 4534 293 4587 τίον
343 4527 511 4584 εἶναι’
565 4533 612 4583 εἰ
659 4529 769 4601 γάρ
800 4547 852 4581 τι
886 4530 991 4601 εἴη,
1021 4529 1169 4582 οὐδὲν
1200 4528 1309 4581 τῶν
1346 4528 1524 4580 αὐτῶν
1550 4526 1752 4594 ὀφείλει

1862 4524 2096 4591 genitum
2137 4539 2281 4583 esse,
2331 4524 2460 4593 quid
2495 4535 2671 4594 potest
2720 4540 2844 4580 esse
2894 4526 3171 4589 diﬁerens,
3227 4525 3431 4580 nedum

170 4624 303 4680 οὔτε
363 4619 521 4686 εἶναι,
563 4622 685 4675 οὔτε
721 4619 1217 4693 προσαγορεύεσθαι
1261 4618 1339 4689 τῷ
1378 4618 1623 4687 ἐναντίῳ,
1666 4619 1753 4671 ἵνα

170 4711 596 4787 ἀκοινώνητονῇ
630 4716 741 4776 τοῖς
774 4716 906 4766 πᾶσι
931 4713 1066 4783 πρὸς
1097 4714 1158 4765 τὸ
1194 4712 1450 4764 ἐναντίον.

172 4810 272 4868 sit,

168 4897 461 4955 contrario
491 4898 855 4952 communitas
886 4912 949 4951 ac
985 4897 1241 4951 societas.

244 4992 309 5044 Εἰ
334 4989 442 5063 γὰρ
480 4991 554 5061 μὴ
603 4991 687 5061 εἴη
727 4993 903 5061 πάντη
930 4991 1189 5053 ἐναντίον,
1215 4989 1348 5044 καθὸ
1379 4990 1744 5052 ἐπικοινωνεῖ,

165 5082 276 5138 05x
317 5081 591 5135 ὲναντίονυ
657 5081 899 5136 ἐναντίον
941 5083 1123 5153 μέντοι
1166 5083 1227 5136 τὸ
1261 5082 1335 5154 μὴ
1374 5081 1432 5134 ὃν
1476 5081 1741 5151 τῷιδντι·

168 5179 316 5247 τάχα
339 5174 396 5229 δὲ
415 5174 536 5229 οὐδὲ
566 5172 725 5229 τοῦτο
764 5176 863 5245 (6)⁶
898 5177 960 5229 οὐ
994 5175 1102 5247 γὰρ
1129 5176 1473 5246 διαμάχεται.
1509 5175 1582 5226 Τὸ
1605 5175 1660 5227 δὲ
1688 5175 1748 5227 ὃν

166 5268 253 5338 τῷ
299 5267 413 5320 δντι
464 5267 563 5319 οὐκ
621 5267 880 5321 ἐναντίον.
915 5267 979 5321 Ei
1005 5268 1062 5320 δὲ
1090 5267 1151 5320 τὸ
1182 5268 1240 5320 ὃν
1287 5266 1363 5335 τῷ
1388 5267 1499 5319 ὄντι
1534 5267 1748 5328 πάντως

163 5357 455 5428 ὁμόλογον,
480 5355 540 5409 ἒν
574 5356 633 5409 τὸ
667 5357 757 5411 καὶ
775 5358 934 5428 μόνον
963 5357 1175 5426 ἀληθῶς
1206 5358 1264 5410 ὃν
1284 5396 1298 5420 ,
1334 5360 1444 5419 τοῖς
1477 5358 1608 5409 πᾶσι
1652 5354 1746 5408 τοῦ

166 5448 310 5507 εἶναι
330 5452 515 5521 ἄρχον.

270 5738 349 5796 5°i
379 5737 558 5802 Forte,
588 5739 619 5791 ὃ
646 5756 830 5808 φασιν.
860 5739 1017 5795 Eon.

270 5809 324 5881 6)
364 5808 521 5880 Τάχα
557 5808 644 5875 δὲ,
680 5828 731 5865 κ.
779 5826 830 5862 τ.
869 5810 916 5863 λ.
953 5811 1085 5865 Sunt
1120 5813 1256 5868 enim
1304 5815 1355 5867 in
1410 5813 1511 5870 Deo
1560 5815 1739 5880 simul,

1860 4616 2236 4668 contrarium?
2264 4617 2627 4681 Quamobrem
2667 4617 2889 4670 omnino
2918 4616 3032 4671 ﬁeri
3076 4634 3181 4670 non
3228 4626 3427 4687 potest,

1859 4714 1917 4759 ut
1952 4706 2251 4775 ingenitum
2276 4708 2518 4777 ingenito
2550 4708 2883 4761 contrarium
2916 4709 3019 4781 sit;
3046 4709 3091 4761 si
3122 4708 3251 4777 quid
3282 4708 3430 4763 enim

347 4807 557 4860 nullum
606 4821 794 4859 eorum
843 4806 1001 4859 debet
1068 4820 1166 4859 nec
1240 4819 1364 4859 esse
1420 4817 1519 4857 nec
1565 4799 1826 4871 appellari
1866 4801 2226 4861 contrarium,
2276 4810 2334 4854 ut
2376 4803 2430 4854 in
2478 4800 2731 4854 omnibus
2776 4800 2941 4855 rebus
2989 4802 3135 4855 nulla
3185 4802 3256 4855 sit
3302 4817 3427 4856 cum

1928 4979 1983 5033 Si
2020 4980 2162 5033 enim
2192 4994 2301 5031 non
2336 4979 2408 5032 sit
2437 4980 2659 5033 omnino
2688 4979 3045 5043 contrarium,
3072 4991 3341 5051 quatenus
3374 4988 3426 5041 ei

1861 5074 2228 5126 cauimunitas
2263 5087 2386 5124 cum
2432 5072 2603 5126 altero
2646 5081 2751 5137 est,
2786 5090 2891 5126 non
2929 5083 3011 5127 est
3044 5078 3378 5131 contrarium
3410 5100 3421 5131 :

1857 5164 2131 5217 conitraria
2180 5174 2363 5219 tamen
2406 5172 2530 5218 sunt
2565 5179 2687 5218 esse
2735 5172 2789 5218 et.
2832 5181 2937 5218 non
2974 5180 3115 5219 esse.
3170 5166 3426 5223 Fortasse

1858 5270 1984 5308 veru
2015 5268 2117 5308 nec
2161 5253 2276 5308 hau:
2324 5254 2601 5307 contraria
2643 5266 2791 5319 sunt,
2825 5270 2933 5308 non
2980 5258 3124 5309 enim
3158 5269 3420 5326 pugnant.

1858 5343 2017 5409 Quod
2040 5360 2169 5398 vero
2196 5354 2299 5408 est,
2345 5360 2452 5398 non
2485 5355 2569 5399 est
2595 5347 2931 5399 cvitrarinm
2968 5347 3017 5399 ei
3054 5347 3201 5415 quod
3236 5357 3339 5402 est.
3366 5347 3422 5401 Si

1855 5445 2036 5490 autem
2078 5437 2352 5506 quomodo
2382 5447 2465 5491 est
2500 5440 2715 5506 penitus
2743 5453 2864 5491 eum
2896 5452 2960 5491 eo
2990 5438 3135 5507 quod
3176 5447 3259 5492 est
3289 5456 3420 5493 con-

1857 5529 2019 5592 venit,
2055 5543 2219 5581 unum
2246 5539 2299 5582 et
2332 5530 2530 5589 solum,
2566 5531 2711 5598 quod
2744 5546 2868 5584 vere
2898 5538 3001 5595 est,
3034 5532 3289 5585 omnibus
3316 5535 3419 5586 erit

1855 5623 2179 5692 principium
2221 5630 2271 5675 ut
2314 5624 2439 5675 sint.

1854 5765 1871 5791 ‹
1914 5747 2002 5812 qui
2030 5754 2180 5798 vocat
2208 5761 2268 5797 ea
2291 5761 2404 5810 qua:
2427 5762 2527 5796 non
2555 5753 2696 5808 sunt,
2730 5755 2975 5805 tanquam
3000 5761 3060 5797 ea
3084 5760 3199 5810 qua!
3228 5752 3367 5804 sunt,

1856 5816 1999 5870 sicut
2035 5815 2328 5887 Apostolus
2364 5817 2439 5868 ait
2474 5812 2646 5884 (Rom.
2688 5832 2761 5879 tv,
2792 5815 2898 5885 l7).
2933 5815 3204 5870 Csuisuss.
