4058 6330
237 378 378 443 1085

1304 395 1680 456 Αῡνειιευε
1716 397 2143 462 ΜΑΝιοΜῑοε
2173 404 2301 464 LIB.
2342 406 2385 465 1.

3347 421 3487 481 1086

230 495 488 567 δυνάμεις
507 513 521 528 ·
556 499 850 570 αὐξηθεῖσα
894 504 1073 558 τοίνυν
1097 505 1352 576 ἀνήγετο,
1375 509 1476 562 οὐκ
1517 511 1688 566 είδυῖα
1718 512 1804 566 τοῦ

1918 531 1983 572 ac
2041 520 2240 577 multas
2289 529 2590 593 potestates
2649 527 3034 597 producebat;
3095 538 3257 586 aucta
3322 536 3486 604 igitur

229 586 438 657 ἀγαθοῦ
469 591 570 661 τὴν
602 591 856 665 ὓπαρξιν.
885 595 972 659 Ὦς
1002 596 1059 653 δέ
1081 597 1174 649 ἐπὶ
1197 598 1358 652 πλέον
1387 600 1678 671 ἀναχθεῖσα
1700 598 1811 657 εἶδε

227 680 332 752 τὴν
363 682 468 753 γῆν
490 699 552 737 τε
585 686 681 738 καὶ
713 686 775 740 τὸ
797 685 914 754 φῶς
936 686 1033 740 τοῦ
1057 687 1288 756 ἀγαθοῦ,
1319 690 1573 763 ἐπιϐῆναι
1594 695 1708 756 τοῖς
1733 694 1810 766 μὴ

230 773 386 839 ἰδίοις
408 778 695 850 ἐπιχειρεῖ·
711 780 742 833 ό
767 778 825 831 δέ
849 779 1192 848 ἁγαθὺςδύνα
1199 799 1290 852 μιν
1318 784 1636 839 ἀποστέλλει
1656 787 1806 853 τινὰ,

226 859 266 940 ᾖ
299 867 393 920 καὶ
439 867 611 940 θνομα
651 868 714 923 τὸ
757 869 914 937 δόξαν
950 871 1098 943 αὐτῷ
1141 872 1435 945 ἐπιτίθησι,
1473 877 1810 945 φυλάξουσαν

227 957 334 1029 μιν
367 950 536 1028 ’δῆθεν
561 961 688 1024 τοὺς
725 961 905 1034 δρους,
930 963 997 1017 τὸ
1023 963 1068 1017 δ’
1101 965 1298 1036 ἀληθὲς
1324 966 1514 1041 δέλεαρ
1548 970 1811 1042 ἐσομένην

227 1048 314 1112 τίς
344 1049 598 1103 ἀκούσιον
620 1053 686 1123 τῇ
711 1051 816 1126 ὕλῃ
832 1058 1212 1128 σωφρονισμόν
1236 1076 1250 1092 ο
1280 1058 1311 1111 δ
1350 1060 1416 1131 δὴ
1461 1062 1555 1114 κα)⁵
1594 1063 1807 1135 γέγονε.

221 1137 550 1211 Θεασαμένη
607 1142 718 1214 γὰρ
765 1146 798 1217 η
847 1144 944 1215 ὕλη
999 1147 1096 1223 τὴν
1131 1151 1528 1206 ἀποσταλεῖσαν
1579 1154 1809 1226 δύναμιν

225 1231 626 1304 προσεκίσσησε
645 1234 764 1304 μὲν,
776 1235 851 1301 ὡς
864 1237 920 1291 δέ
934 1238 1032 1311 (7⁸)
1046 1241 1352 1313 ἐρασθεῖσα·
1372 1246 1518 1314 ὁρμὴ
1531 1246 1587 1298 δὲ
1604 1247 1808 1300 πλείονι

224 1317 467 1374 λαϐοῦσα
510 1323 714 1396 ταύτην
767 1328 1026 1382 κατέπιε·
1064 1333 1158 1387 καὶ
1214 1334 1370 1406 ἐδέθη
1418 1338 1616 1408 τρόπον
1665 1340 1805 1404 τινὰ,

223 1410 417 1482 ὥσπερ
444 1413 650 1486 θηρίον.
682 1419 995 1491 Κέχρηνται
1028 1424 1136 1495 γὰρ
1165 1428 1259 1480 καὶ
1294 1427 1428 1498 τῷδε
1447 1429 1525 1499 τῷ
1553 1430 1805 1500 ὑποδείγ-

227 1519 380 1572 ματι,
429 1504 505 1568 ὡς
563 1507 629 1559 δι’
679 1508 892 1581 ἐπῳδῆς
930 1513 1031 1582 τῆς
1084 1516 1482 1590 ἀποσταλείσης
1526 1521 1808 1591 δυνάμεως

223 1595 536 1668 ἐκοιμίσθη.
575 1598 769 1666 Γέγονε
819 1602 996 1657 τοίνυν
1042 1605 1187 1674 μίξις
1232 1610 1325 1661 καὶ
1372 1612 1568 1680 κρᾶσις
1595 1611 1804 1673 τοῦτον,

222 1686 383 1757 φησὶ,
417 1686 507 1740 τὸν
535 1693 734 1760 τρόπον
763 1695 862 1763 τῆς
893 1711 951 1746 τε
988 1698 1393 1770 καταποθείσης
1413 1701 1694 1771 δυνάμεως
1713 1704 1806 1756 τοῦ

223 1776 434 1844 ἀγαθοῦ
497 1782 591 1833 καὶ
638 1782 735 1851 τῆς
788 1786 1165 1858 καταπιούσης
1211 1788 1374 1860 ὕλης·
1419 1793 1513 1846 καὶ
1547 1792 1722 1857 οὕτως
1749 1795 1806 1861 ἐξ

222 1867 427 1957 ᾄμφοῖν
455 1870 864 1944 ἐδημιουργήθη
898 1875 1017 1929 τόδε
1053 1881 1182 1936 πᾶν.
1216 1881 1321 1933 ὑπὸ
1350 1881 1443 1934 τοῦ
1477 1879 1682 1951 ἀῨαθοῦ
1714 1887 1808 1957 δη-
1839 1871 1881 1922 Β

222 1956 382 2029 λαδή·
433 1961 495 2013 οὐ
521 1960 631 2032 γὰρ
666 1963 730 2016 ἂν
765 1967 1098 2037 προύνόησεν
1137 1972 1172 2039 ή
1215 1973 1384 2025 κακία
1411 1975 1619 2045 κόσμου
1656 1956 1807 2045 γενέ-

223 2066 386 2113 σεως.
419 2052 696 2108 Ἐντεῦθεν
726 2056 782 2108 δέ
817 2076 945 2127 φασι
978 2060 1046 2114 τὰ
1076 2062 1175 2132 μὲν
1207 2064 1410 2131 ἀγαθὰ,
1448 2066 1514 2120 τὰ
1541 2068 1599 2120 δέ
1637 2073 1803 2134 κακὰ,

219 2140 326 2211 τῆς
351 2144 600 2230 κράσεως
632 2148 846 2221 ἐκείνης
889 2153 983 2205 καὶ
1016 2153 1119 2223 τῆς
1148 2157 1366 2210 συνόδου
1399 2161 1512 2212 τοῖν
1548 2158 1692 2213 δυοῖν
1719 2162 1806 2216 διὰ

220 2234 324 2304 τῆς
356 2236 726 2310 ἐναντιότητος
764 2242 874 2296 τῶν
914 2245 1040 2316 τῇδε
1085 2249 1425 2320 πραγμάτων
1473 2253 1806 2325 ἐμφαινομέ-

220 2342 343 2397 νης.

1913 609 2247 666 evehehatur
2296 615 2552 672 nesciens
2588 618 2948 674 substantiam
2995 620 3147 677 boni.
3189 621 3485 697 Postquam

1911 715 2044 755 vero
2085 705 2262 773 magis
2300 711 2486 760 evecta
2513 708 2666 762 novit
2688 719 2886 766 terram
2919 721 2976 769 et
3003 716 3187 771 lumen
3218 717 3368 782 boni,
3400 721 3485 774 ni-

1913 792 2129 848 tebatur
2175 797 2475 853 ascendere
2511 798 2579 853 ad
2612 814 2675 856 ea
2707 818 2831 872 quae
2869 819 2979 860 non
3011 814 3168 862 erant
3213 811 3434 882 propria
3466 830 3482 866 :

1913 882 2098 940 Bonus
2132 901 2264 942 vero
2310 896 2635 958 potestatem
2681 892 2974 963 quamdam
3011 899 3196 964 mittit,
3246 903 3336 956 cui
3377 916 3485 956 no-

1911 989 2038 1030 men
2073 977 2218 1047 quod
2250 979 2301 1033 ei
2327 980 2503 1036 visum
2528 992 2633 1047 est,
2663 983 2916 1055 imponit,
2947 989 3345 1048 custodituram
3373 994 3488 1050 sci-

1913 1067 2041 1125 licet
2063 1071 2401 1142 praescripta,
2429 1088 2489 1128 re
2522 1085 2706 1128 autem
2733 1091 2862 1132 vera
2897 1077 3136 1134 futuram
3166 1081 3272 1152 ipsi
3313 1092 3485 1141 mate-

1917 1160 2016 1218 ria:
2047 1161 2358 1218 illecebram
2394 1173 2448 1220 et
2495 1166 2914 1232 invitamentum
2954 1170 3021 1225 ad
3051 1171 3482 1230 moderationem

1910 1249 2037 1318 ejus
2087 1263 2118 1302 α
2166 1252 2447 1307 voluntate
2497 1253 2750 1308 alienam.
2804 1254 2957 1323 Quod
3007 1258 3226 1326 quidem
3278 1259 3484 1316 factum

1909 1350 1994 1397 est
2033 1358 2049 1394 ε,
2080 1356 2206 1397 cum
2249 1344 2395 1398 enim
2442 1344 2672 1401 vidisset
2718 1347 2944 1402 materia
2989 1343 3315 1418 potestatem
3349 1351 3484 1407 mis-

1910 1449 2030 1488 sam
2070 1436 2229 1504 quasi
2275 1435 2553 1501 adamans,
2596 1439 2910 1509 concupivit
2955 1441 3173 1510 quidem
3211 1456 3352 1508 eam,
3385 1442 3484 1500 sed

1911 1525 2222 1581 ardentiore
2252 1528 2489 1598 appetitu
2525 1529 2848 1596 prehensam
2896 1532 3202 1594 absorbuit,
3245 1542 3300 1588 et
3341 1549 3482 1604 quo-

1909 1609 2034 1666 dam
2070 1611 2234 1667 modo
2292 1620 2550 1684 tanquam
2603 1616 2782 1670 bellua
2822 1618 2985 1689 ligata
3018 1627 3124 1675 est.
3175 1619 3270 1675 Usi
3301 1627 3484 1676 autem

1910 1711 2039 1758 sunt
2085 1702 2191 1758 hoc
2247 1707 2533 1776 exemplo,
2580 1716 2839 1777 tanquam
2897 1712 3151 1768 cautione
3195 1713 3494 1782 potestatis

1912 1795 2092 1848 missa:
2118 1793 2354 1863 sopitam
2386 1811 2529 1851 esse.
2561 1796 2728 1852 Facta
2766 1799 2935 1870 igitur
2958 1809 3062 1866 est,
3091 1803 3268 1869 aiunt,
3295 1803 3484 1857 mistio

1911 1891 1966 1937 et
1995 1886 2316 1955 temperatio
2354 1885 2422 1940 ad
2463 1887 2609 1943 hunc
2644 1890 2905 1957 modum;
2939 1892 3305 1966 absorptaque
3323 1905 3482 1964 pote-

1909 1982 2049 2030 state
2081 1975 2231 2041 boni,
2275 1984 2328 2032 et
2379 1979 2609 2032 materia
2659 1981 2985 2038 absorbente
3022 1984 3101 2038 sic
3142 1999 3210 2039 ex
3253 1991 3482 2055 utraque

1910 2063 2239 2120 fabricatum
2278 2082 2402 2134 esse
2454 2069 2793 2138 universum,
2824 2086 2855 2125 a
2889 2072 3033 2127 bono
3077 2074 3334 2137 scilicet;
3370 2091 3480 2130 non

1907 2156 2058 2211 enim
2108 2158 2313 2212 malum
2362 2160 2600 2228 providit
2649 2169 2830 2215 ortum
2878 2163 3090 2219 mundi.
3137 2163 3277 2220 Hinc
3326 2165 3483 2221 aiunt

1909 2249 2019 2304 alia
2049 2250 2269 2320 quidem
2313 2250 2457 2306 bona
2501 2267 2658 2319 esse,
2705 2254 2812 2308 alia
2838 2271 2969 2312 vero
3006 2258 3167 2323 mala,
3213 2256 3356 2313 facta
3384 2259 3482 2313 mia

1909 2342 2093 2397 stione
2127 2342 2223 2397 illa
2245 2350 2301 2397 et
2326 2341 2559 2397 duorum
2583 2345 2727 2399 coitu
2763 2360 2859 2415 per
2877 2347 2986 2401 vim
3023 2349 3354 2406 contrariam
3393 2364 3482 2406 re-

1903 2448 2050 2497 rum,
2074 2448 2198 2503 qua
2215 2433 2308 2488 hic
2336 2444 2484 2491 sunt.

609 2514 740 2569 CAP.
774 2515 912 2571 XIII.
950 2520 1141 2574 Anima
1173 2539 1206 2573 α
1234 2521 1366 2576 bona
1404 2525 1684 2595 principio,
1718 2544 1752 2580 a
1788 2525 1930 2580 malo
1957 2533 2134 2578 autem
2159 2540 2369 2594 corpus,
2402 2526 2685 2581 secundum
2725 2526 3066 2583 Haniclueos.

219 2841 616 2946 ἐχομένηνηάκῗ
645 2841 710 2951 θη
721 2841 850 2951 ρίίιν⁷
1157 2841 1399 2958 egeras:
1414 2841 1577 2942 ’ὀῦτῷ

224 2969 587 3039 σοφισαμενος
624 2971 724 3042 τὴν
765 2973 898 3044 ὓλην
938 2976 968 3028 ὁ
999 2979 1202 3046 ἀγαθὸς
1261 2981 1487 3052 κόσμου,
1524 2983 1677 3052 φησὶ,
1709 2985 1800 3051 γέ-

1975 2616 2226 2672 Decernit
2255 2624 2436 2672 autem
2482 2633 2697 2674 omnem
2729 2619 2948 2689 quidem
2987 2622 3223 2677 animam
3255 2638 3377 2679 esse
3406 2639 3476 2679 ex

1906 2720 2057 2780 parte
2083 2709 2211 2765 boni
2252 2727 2268 2776 ;
2297 2724 2499 2780 corpus
2526 2725 2656 2764 vero
2689 2717 2743 2764 et
2770 2725 2991 2766 carnem
3023 2727 3088 2766 ex
3118 2721 3274 2783 parte
3297 2723 3477 2770 mate-

1769 2831 1797 2841 -
1904 2797 2002 2854 ria:
2043 2816 2056 2851 :
2092 2804 2148 2852 et
2183 2797 2298 2866 jam
2329 2797 2549 2867 quidem
2585 2813 2790 2868 corpus
2827 2799 3064 2853 animam
3107 2807 3370 2872 tanquam
3417 2805 3482 2858 in

1905 2903 2128 2942 carcere
2172 2888 2460 2954 detinere;
2500 2890 2613 2956 jam
2642 2904 2773 2945 vero
2821 2891 3057 2945 animam
3089 2893 3321 2950 detineri
3355 2905 3478 2951 tan-

1907 2993 2069 3047 quam
2094 2978 2330 3033 belluam
2361 2993 2391 3031 a
2419 2979 2692 3033 cantione.
2723 2978 2814 3034 Sic
2839 2981 3014 3035 bonus
3039 2997 3163 3036 cum
3192 2987 3475 3039 materiam

218 3076 346 3130 γονε
377 3061 732 3134 δημιουργός·
773 3066 875 3118 οὐκ
917 3067 1284 3139 ἀντιποιηθείς
1328 3089 1390 3140 γε
1425 3073 1516 3124 τοῦ
1541 3073 1801 3146 δημιουρ-

1907 3065 2234 3135 decepisset,
2274 3065 2485 3130 mundi,
2535 3068 2732 3138 inquit,
2784 3067 2965 3123 factus
3001 3077 3086 3125 est
3131 3070 3473 3129 fabricator:

217 3151 390 3220 γῆσαι
438 3152 602 3206 αὐτὸν
642 3153 978 3224 (ἀνθίσταται
1010 3158 1118 3230 γὰρ
1160 3161 1352 3232 αὐτῷ),
1390 3163 1524 3217 ἀλλὰ
1570 3164 1655 3218 διὰ
1702 3165 1800 3235 τὴν

1903 3171 2014 3211 non
2066 3157 2286 3226 quidem
2343 3156 2488 3227 quod
2545 3158 2723 3227 ipsum
2773 3158 3032 3214 fabricari
3082 3161 3472 3227 desiderasset,

217 3241 594 3298 ἐπανάστασιν
621 3245 721 3316 τῆς
749 3248 968 3312 κακίας,
1007 3251 1080 3319 ἢν
1129 3256 1473 3326 σωφρονῆσαι
1517 3256 1762 3327 διενοήθη
1783 3274 1796 3286 ⁸

216 3334 283 3387 οὐ
330 3336 512 3405 μέντοι
561 3337 750 3406 γέγονε
787 3338 1011 3393 δυνατὸν
1048 3341 1249 3405 ἐξελεῖν
1297 3347 1396 3414 τῆς
1453 3347 1650 3411 κακίας
1691 3347 1799 3401 τῶν

217 3427 562 3498 φαινομένων
604 3431 946 3501 πραγμάτων
988 3432 1078 3485 τὸν
1124 3434 1220 3498 ίὺν,
1247 3435 1474 3490 ἕπεσθαι
1517 3437 1573 3489 δὲ
1614 3438 1799 3491 τοῦτον

215 3518 568 3588 δεικνύμενον
611 3524 674 3575 ἐκ
706 3523 806 3592 τῆς
842 3524 1067 3588 ἀταξίας
1109 3527 1200 3580 καὶ
1232 3527 1351 3597 τῆς,
1376 3527 1451 3590 ὼς
1477 3528 1796 3599 ὑπείληφεν,

218 3609 539 3682 ἀνισότητος
562 3612 671 3666 τῶν
703 3616 822 3668 καθ’
842 3619 874 3687 ὴ
884 3619 1012 3687 μᾶς,
1041 3617 1228 3671 τοῦτον
1258 3620 1356 3689 μὲν
1383 3619 1651 3683 πλουτεῖν,
1674 3620 1798 3674 τοῦ-

216 3716 315 3754 τον
364 3702 422 3755 δὲ
458 3704 735 3758 πένεσθαι·
778 3709 989 3762 καὶτὸν
1026 3709 1122 3779 μὲν
1168 3710 1419 3775 εὐδοξεῖν,
1454 3711 1546 3764 τὸν
1575 3712 1633 3765 δέ
1676 3713 1798 3767 ἁδο-

221 3791 334 3857 ξεῖν
353 3808 366 3821 ·
399 3793 494 3847 καὶ
525 3795 628 3849 ὃσα
652 3798 896 3853 τοιαῦτα.
927 3801 1000 3852 Τό
1033 3817 1090 3853 τε
1119 3801 1182 3871 δὴ
1211 3801 1641 3872 σπουδαζόμενόν
1681 3808 1797 3859 ἐστι

216 3885 303 3957 τῷ
331 3887 521 3957 ἀγαθῷ
553 3889 651 3959 τὴν
693 3888 870 3960 ψυχὴν
911 3891 1270 3962 ἐλευθερῶσαι
1310 3893 1406 3963 τῆς
1439 3895 1669 3959 κακίας·
1706 3897 1798 3948 καὶ

216 3978 423 4049 ταύτην
474 3979 736 4051 ἀντλῆσαι
771 3983 971 4053 τρόπον
999 3984 1121 4039 τινὰ
1147 3987 1211 4037 ἐκ
1230 3985 1327 4055 τῆς
1355 3984 1484 4056 ὕλης
1503 4003 1517 4015 ο
1553 3985 1711 4040 τοῦτο
1741 3987 1797 4040 δὲ

218 4068 502 4138 γίγνεσθαι
531 4069 619 4123 διὰ
650 4071 750 4141 τῆς
780 4073 1004 4144 σελήνης
1033 4074 1400 4145 αὐξανομένης
1415 4092 1471 4127 τε
1493 4077 1587 4128 καὶ
1612 4093 1795 4146 μειου-

221 4161 413 4231 μένης,
441 4161 516 4225 ὼς
546 4163 678 4233 όρᾷν
711 4163 973 4234 δοκοῦμεν
1007 4169 1166 4236 ἡμεῖς
1186 4184 1197 4196 ⁸
1228 4167 1289 4219 τὸ
1314 4167 1422 4236 γὰρ
1444 4168 1660 4238 ἀληθὲς,
1695 4187 1797 4240 φη-

221 4252 331 4314 σὶν,
363 4251 552 4319 ὑδρίας
583 4253 786 4323 τρόπον
819 4255 956 4321 αὑτὴ
1004 4256 1350 4326 πληρουμένη
1371 4297 1384 4320 ,
1434 4258 1497 4310 ἐκ
1536 4259 1633 4328 τῆς
1669 4276 1798 4312 κατ-

218 4343 491 4412 εχομένης
518 4343 706 4406 οὐσίας
733 4347 813 4408 είς
842 4345 904 4398 τὸ
935 4347 1192 4417 ὁμογενὲς
1215 4347 1414 4414 ἀγαθὸν
1437 4349 1685 4402 κενοῦται
1702 4367 1716 4381 ·
1747 4353 1793 4402 εί

219 4432 332 4501 γὰρ
363 4432 455 4484 καὶ
479 4431 554 4502 μὴ
597 4434 806 4498 τούτοις
842 4452 904 4503 γε
931 4439 1041 4499 τοῖς
1070 4439 1325 4509 ῥήμασιν,
1359 4438 1495 4492 ἀλλά
1527 4456 1591 4507 γε
1621 4441 1790 4495 ταῦτα
1826 4467 1867 4521 ι)

221 4521 470 4593 βούλεται
495 4523 694 4590 λέγειν,
714 4524 857 4597 ειπερ
880 4527 1375 4599 εὐσχημονέστερον
1397 4529 1536 4583 πάνυ
1563 4548 1625 4599 χε
1654 4533 1790 4602 πρὸς

219 4611 378 4682 ἡμῶν
428 4613 669 4682 εἴρηται·
724 4614 975 4670 πλεῖστον
1027 4617 1136 4689 γὰρ
1194 4619 1316 4671 ὅσον
1368 4621 1494 4689 παρ’
1547 4621 1694 4691 αὐτῷ
1732 4624 1790 4675 τὸ

219 4702 506 4756 ἀλλόκοτον
534 4705 593 4756 ἐν
621 4707 686 4774 τῇ
721 4705 965 4780 διηγήσει
992 4710 1084 4761 καὶ
1107 4710 1169 4763 τὸ
1199 4710 1477 4765 ἀπίθανον.

1901 3249 2110 3304 resistit
2150 3248 2296 3302 enim
2342 3250 2414 3310 ei.
2460 3249 2556 3304 sed
2612 3260 2834 3320 propter
2884 3253 3206 3308 seditionem
3249 3271 3279 3310 a
3331 3258 3476 3312 malo

1899 3337 2216 3403 excitatam,
2234 3353 2397 3407 quam
2423 3340 2697 3412 corrigere
2716 3352 2770 3395 et
2796 3343 3064 3397 moderari
3095 3347 3428 3415 cogitaverat
3456 3366 3476 3414 ;.

1900 3447 2012 3486 non
2056 3439 2241 3486 tamen
2289 3430 2406 3487 ﬁeri
2443 3433 2712 3502 potuisse,
2744 3441 2802 3486 ut
2835 3449 3101 3490 venenum
3151 3439 3279 3492 mali
3325 3441 3471 3509 quod

1899 3532 1984 3578 est
2035 3523 2092 3577 in
2142 3523 2307 3578 rebus
2351 3537 2491 3592 quas
2527 3523 2795 3590 videmus,
2851 3528 3274 3595 extraheretur;
3316 3532 3470 3599 sequi

1899 3630 2030 3670 vero
2051 3614 2180 3677 hoc,
2213 3622 2273 3669 ut
2305 3615 2512 3685 opinati
2540 3622 2690 3678 sunt,
2725 3631 2792 3670 ex
2819 3618 3227 3685 perturbatione
3261 3620 3473 3674 ordinis

1900 3713 1953 3760 et
1995 3718 2062 3760 ex
2115 3705 2483 3776 inaequalitate
2532 3721 2712 3760 rerum
2748 3713 3062 3761 nostrarum
3116 3717 3278 3778 atque
3323 3711 3470 3764 hunc

1900 3797 2119 3867 quidem
2160 3797 2383 3852 divitem
2423 3812 2565 3860 esse,
2599 3797 2754 3850 illum
2791 3813 2917 3852 vero
2946 3814 3240 3870 pauperem
3269 3818 3284 3868 ;
3317 3801 3465 3856 hune

1899 3888 2221 3960 gloriosum,
2280 3889 2435 3942 illum
2491 3889 2879 3943 inhonoratum
2937 3900 2990 3944 et
3040 3891 3352 3960 inglorium,
3414 3904 3471 3949 et

1897 3995 2240 4051 quaecunque
2289 3981 2420 4034 talia
2475 3985 2620 4034 sunt.
2684 3979 2935 4034 Studium
2992 3997 3123 4036 vero
3167 3982 3291 4038 Itoni
3346 4000 3469 4040 esse

1898 4073 2128 4128 liberare
2160 4073 2396 4126 animam
2432 4087 2461 4125 a
2496 4072 2661 4137 malo,
2692 4081 2745 4126 et
2767 4072 2907 4126 hanc
2935 4074 3172 4142 quodam
3207 4075 3370 4129 modo
3399 4092 3467 4130 ex

1898 4165 2122 4219 materia
2151 4163 2442 4219 exhaurire
2502 4181 2516 4217 :
2577 4163 2680 4217 hoc
2749 4172 2933 4218 autem
2980 4164 3096 4218 ﬁeri
3137 4179 3233 4234 per
3281 4166 3465 4220 lunam

1897 4264 2233 4309 crescentem
2275 4261 2329 4307 et
2377 4253 2811 4316 decrescentem,
2861 4262 2921 4307 ut
2957 4269 3057 4308 nos
3090 4253 3277 4309 videre
3315 4256 3468 4310 vide-

1897 4360 2022 4398 mur
2053 4361 2065 4395 :
2102 4360 2161 4400 re
2195 4360 2321 4400 vera
2351 4345 2520 4408 enim,
2555 4345 2752 4414 inquit,
2783 4345 2902 4414 ipsa
2933 4346 2986 4398 in
3018 4346 3234 4401 modum
3263 4346 3468 4418 hydria:

1897 4437 2113 4506 impleta
2136 4479 2150 4498 ,
2186 4452 2252 4491 ex
2291 4436 2595 4491 substantia
2630 4435 2810 4490 infusa
2845 4437 2900 4489 in
2935 4438 3140 4491 bonum
3173 4449 3467 4510 cognatum

1898 4529 2211 4583 exinanitur
2253 4543 2267 4581 :
2304 4528 2406 4583 etsi
2439 4527 2584 4581 enim
2632 4543 2739 4582 non
2787 4529 2871 4582 his
2905 4531 3107 4594 verbis,
3141 4529 3255 4584 haec
3283 4539 3468 4591 tamen

1897 4622 2011 4676 vult
2065 4621 2269 4683 dicere,
2320 4636 2442 4690 qua:
2497 4621 2666 4674 multo
2721 4622 3005 4678 honestius
3054 4639 3084 4676 a
3117 4623 3275 4679 nobis
3314 4624 3467 4678 dicta

1899 4722 2028 4768 sunt
2055 4733 2068 4777 ;
2100 4715 2392 4783 plurimum
2428 4713 2573 4766 enim
2617 4714 2842 4768 absurdi
2873 4722 2926 4768 et
2959 4715 3276 4769 incredibile
3300 4725 3385 4770 est
3411 4715 3466 4768 in

1897 4806 2018 4873 ejus
2041 4805 2370 4860 narratione.

1111 4893 1241 4950 CAP.
1281 4893 1418 4947 XIV.
1465 4895 1539 4950 De
1565 4905 1705 4951 terra
1736 4909 1784 4951 et
1815 4898 2073 4954 imbribus
2101 4899 2330 4954 Manetis
2370 4902 2562 4969 opinio.

298 4981 435 5033 Ὅσα
486 4980 584 5050 μὲν
627 4976 723 5034 οὖν
768 4983 931 5054 ἔτερα
976 4987 1145 5058 γραὸς
1193 4989 1348 5058 δίκην
1394 4991 1679 5058 μυθολογεῖ
1707 4992 1800 5043 καὶ

222 5074 446 5145 γράφειν
477 5075 541 5142 τῇ
565 5074 750 5144 Σύρων
801 5080 949 5147 φωνῇ
985 5079 1283 5150 χρώμενος’
1329 5082 1473 5143 ὅπως
1522 5082 1618 5149 μὲν
1662 5084 1694 5150 ἡ
1725 5081 1798 5152 γῆ

223 5165 567 5235 βαστάζεται,
603 5166 692 5217 τὸν
719 5171 997 5238 ποιητικὸν
1028 5172 1102 5242 μὴ
1132 5171 1414 5241 διαφυγὼν
1449 5173 1798 5241 μῦθον·ὃπως

220 5256 279 5308 δὲ
329 5255 671 5308 συνίστανται
717 5259 765 5308 οί
817 5258 1034 5330 ὀμϐροι,
1063 5263 1138 5325 ὡς
1171 5263 1392 5334 ίδρῶτές
1417 5267 1522 5316 εισι
1557 5266 1663 5316 τῶν
1697 5267 1798 5334 ἀρ-

221 5347 425 5417 χόντων
453 5347 551 5416 τῆς
582 5347 745 5418 ὕλης·
779 5350 949 5405 ταῦτα
989 5354 1082 5406 καὶ
1115 5355 1184 5407 τὰ
1217 5355 1458 5418 τοιαῦτα,
1490 5356 1597 5408 τῶν
1630 5357 1795 5410 αὑτοῦ

222 5437 613 5508 παλαισμάτων
640 5444 1435 5519 παρεμπορεύματα,περιττὸν
1465 5448 1528 5502 ἂν
1556 5450 1638 5520 εἴη
1667 5467 1798 5520 προ-

222 5531 410 5603 φέρειν
442 5533 521 5592 είς
573 5530 811 5601 ἔλεγχον.
862 5535 981 5606 Χρὴ
1020 5537 1076 5590 δὲ
1106 5537 1142 5592 ἃ
1185 5541 1310 5609 περὶ
1357 5541 1584 5594 ἑκάστου
1616 5558 1796 5612 παρα-

220 5623 398 5676 παίων
423 5623 642 5692 γράφει,
679 5623 964 5695 γνώρισμα
991 5632 1103 5691 τοῖς
1145 5633 1330 5694 πᾶσιν,
1375 5633 1576 5700 ἥκιστά
1608 5649 1668 5700 γε
1701 5633 1796 5685 ἀνι

220 5713 437 5782 ἔχεσθαι
465 5714 597 5784 πρὸς
619 5714 918 5785 ἀπέραντον
940 5719 1201 5790 ρλυαρίαν
1228 5723 1488 5790 τὸνλόγον
1520 5726 1792 5777 ἐκτείνειν·

291 5804 388 5876 (7')
424 5806 560 5877 Lege
583 5805 665 5875 δή.
697 5807 852 5860 Eutr.

1973 4992 2325 5062 Quaecunque
2375 4994 2542 5063 igitur
2581 4994 2684 5048 alia
2724 4994 2940 5049 aniliter
2991 5001 3044 5049 et
3094 4992 3469 5047 commentitie

1897 5083 2143 5153 loquitur
2173 5093 2228 5139 et
2270 5086 2484 5147 scribit,
2536 5099 2786 5142 sermone
2830 5085 3056 5157 Syriaco
3102 5091 3283 5144 utens,
3331 5098 3465 5152 quo-

1898 5175 2061 5232 modo
2112 5183 2259 5231 terra
2327 5178 2667 5242 sustinetur,
2725 5193 2833 5232 non
2891 5176 3139 5231 devitans
3198 5174 3463 5243 poeticam

1897 5267 2138 5321 fabulam
2174 5285 2189 5333 ;
2233 5268 2509 5338 quomodo
2559 5269 2763 5323 imbres
2797 5269 2952 5330 ﬁunt,
2989 5275 3043 5322 et
3077 5265 3305 5321 sudores
3341 5280 3465 5319 esse

1898 5359 2229 5430 principium
2287 5362 2525 5415 materia:
2577 5381 2587 5413 :
2641 5361 2754 5414 haec
2790 5367 2843 5413 et
2885 5361 2988 5413 alia
3039 5356 3306 5427 ejusmodi
3345 5372 3464 5425 qua!

1896 5459 2094 5520 praeter
2138 5452 2414 5520 negotium
2468 5454 2552 5505 sui
2603 5452 2919 5506 certaminis
2950 5459 3168 5506 tractat.
3206 5462 3465 5516 superatae

1895 5559 2060 5598 cuum
2084 5552 2233 5599 esset
2264 5545 2331 5599 ad
2361 5544 2758 5599 eonfutandum
2782 5545 3048 5614 proferre.
3085 5542 3307 5612 Oportet
3344 5555 3468 5608 qua}

1895 5635 1964 5688 de
2002 5635 2234 5704 singulis
2276 5635 2447 5689 delire
2488 5635 2700 5698 scribit,
2738 5652 2856 5705 qua:
2882 5635 3133 5688 omnibus
3164 5640 3285 5684 nota
3312 5639 3460 5686 sunt.

1898 5709 2003 5783 non
2042 5729 2148 5797 pati
2185 5738 2243 5782 ut
2275 5727 2471 5783 librum
2505 5728 2732 5782 inlinitis
2769 5730 2924 5799 nugis
2959 5728 3180 5780 dilatcnt
3215 5743 3226 5788 ;
3265 5719 3465 5794 quippe
