4058 6330
607 351 744 412 ιοετ

1733 341 1872 399 τιτι
1911 335 2340 397 ωδτιιεῐιειε
2375 331 2680 392 εριεοοκ

605 483 729 520 cum
760 463 899 521 satis
926 463 1000 520 alt
1031 460 1313 517 confutato
1343 461 1525 530 capite
1553 458 1784 516 insania
1812 459 1933 528 ejus
1962 456 2172 525 reliqua

2283 467 2351 514 ως
2390 447 2593 522 ἀρκοῦν
2637 447 2771 502 αὐτὸ
2831 447 2892 501 τὸ
2955 447 3244 517 κεφάλαιον
3297 442 3460 499 αὐτοῦ
3501 445 3605 515 τῆς
3650 446 3843 513 ἀλᾶγου

605 563 957 612 contemnere
1005 573 1018 608 :
1051 563 1108 609 et
1144 553 1190 608 si
1222 568 1333 606 non
1371 553 1732 623 contingeret,
1765 559 1819 604 ut
1857 547 2174 602 necessario

608 645 722 702 hac
751 659 918 700 causa
971 657 1276 699 sermonem
1305 641 1371 696 de
1406 638 1750 696 Providentia
1782 635 2174 705 complectere-

608 746 719 801 tur,
761 749 875 806 quo
921 733 1300 792 demonstrare
1337 737 1552 802 oportet
1577 728 1762 783 omnia
1791 741 1913 782 esse
1940 726 2077 780 bene
2109 737 2174 777 ac

608 829 792 884 divine
820 826 1097 892 ordinata,
1125 834 1179 881 et
1210 823 1538 880 ineﬂabilem
1568 819 1662 875 Dei
1682 817 2006 890 sapientiam
2035 829 2178 887 prai-

607 918 830 987 dicare;
859 919 1148 975 ridiculum
1188 922 1336 972 esset
1367 913 1451 970 vel
1487 914 1664 982 aliqua
1693 909 1884 966 saltem
1929 905 2176 963 confuta-

608 1005 776 1074 tione,
813 1026 933 1081 quc
963 1009 1237 1080 proposita
1269 1014 1415 1069 sunt,
1447 1004 1609 1072 digna
1641 1015 1764 1058 esse
1796 1008 2027 1071 putare;
2056 1012 2177 1068 quae

609 1101 828 1172 quidem
864 1111 1017 1156 extra
1064 1112 1381 1154 communes
1410 1097 1659 1150 notiones
1694 1098 1954 1162 congesta
1986 1094 2178 1158 sponte

611 1205 711 1250 sua
745 1193 888 1265 apud
917 1207 1011 1247 eos
1049 1191 1141 1261 qui
1176 1197 1410 1243 mentem
1442 1187 1642 1243 habent
1663 1189 2052 1254 coarguuntur.

2279 543 2476 612 μανίας
2504 538 2879 608 διιλέγξαντας
2923 539 3030 592 τῶν
3063 537 3236 593 ἄλλων
3266 539 3645 608 καταφρονεῖν
3678 539 3774 592 καὶ
3799 539 3843 589 el

2278 635 2352 705 μή
2381 649 2446 700 γε
2469 633 2562 686 τὸν
2592 633 2720 703 περὶ
2750 631 3010 701 Προνοίας
3042 631 3199 699 λόγον
3236 629 3514 683 συνέϐαινε
3550 630 3712 700 τήνδε
3749 630 3845 701 τὴν

2276 722 2532 781 ὑπωεσιν
2569 721 2878 790 ἀναγκαίως
2926 721 3456 793 τιεριλαμ6ἀνειν,δι’
3489 714 3552 775 οῦ
3577 723 3844 791 προσήκει

2275 814 2470 882 δεῖξαι,
2506 815 2582 879 ὡς
2630 815 2846 870 ἅπαντα
2885 809 2944 870 εὖ
2989 831 3050 867 τε
3093 814 3187 869 καὶ
3223 814 3382 879 θείως
3408 814 3718 883 τεταγμένα
3751 813 3846 884 τὴν

2279 906 2516 983 ἄρρητον
2537 904 2632 960 τοῦ
2659 904 2795 958 Θεοῦ
2830 905 3020 974 σοφίαν
3046 906 3303 978 κηρύττει
3321 924 3336 938 ’
3369 907 3539 975 γέλως
3568 905 3638 960 ιν
3664 900 3732 977 ἦν
3757 907 3846 958 ἀν-

2276 998 2579 1071 τιρρήσεως
2623 994 2755 1064 γοῦν
2797 1012 2939 1058 τινος
2979 995 3162 1063 ἀξιοῦν
3191 997 3260 1051 τὰ
3291 997 3652 1069 προτεθέντα,
3681 997 3846 1067 ἀπερ,

2279 1088 2434 1152 me;
2455 1087 2564 1139 τῶν
2602 1086 2794 1140 κοινῶν
2826 1086 3042 1140 ἐννοιῶν
3089 1090 3580 1160 συμπεφορημένα,
3610 1090 3852 1160 αὐτόμαρ-

2281 1195 2374 1231 τον
2404 1177 2517 1248 ἔχει
2547 1178 2699 1249 παρά
2730 1195 2793 1246 γε
2823 1180 2932 1241 τοῖς
2966 1179 3217 1249 ἐχέφροσι
3243 1180 3334 1233 τὸν
3357 1181 3577 1252 ἔλεγχον

1092 1301 1224 1357 Cn.
1265 1299 1380 1354 XV.
1447 1298 1716 1354 Sententia
1744 1297 1808 1351 de
1836 1297 2057 1351 materia
2081 1291 2363 1360 refutatur.
2392 1291 2474 1344 Ακ
2503 1290 2671 1346 Solon
2699 1296 2768 1346 sit
2793 1293 3018 1348 deterior
3055 1313 3209 1365 quam
3238 1297 3358 1362 fuit.

686 1421 833 1476 Satis
862 1428 1042 1475 autem
1076 1428 1217 1482 erat,
1250 1427 1536 1488 postquam
1572 1430 1681 1470 non
1725 1415 1907 1468 minus
1947 1411 2175 1465 demon-

615 1521 850 1569 stratum
891 1521 976 1566 est
1008 1524 1349 1580 nequaquam
1394 1509 1504 1562 duo
1550 1506 1816 1576 principia
1857 1518 2003 1565 esse,
2040 1515 2178 1570 prae-

616 1601 804 1659 sertim
861 1600 1157 1659 contraria,
1213 1598 1280 1652 de
1335 1597 1550 1650 homine
1596 1595 1708 1664 jam
1755 1600 1808 1648 et
1855 1593 1922 1645 de
1973 1591 2178 1658 reliqua

618 1691 827 1744 fabrica
889 1689 1161 1743 disserere
1215 1703 1228 1740 :

617 1780 1048 1840 consideremus,
1074 1779 1346 1846 quomodo
1374 1777 1647 1848 proposita
1668 1773 2003 1828 incredibilia
2028 1780 2175 1825 sunt.

619 1868 937 1929 Ferebatur,
985 1859 1184 1936 inquit,
1240 1865 1532 1935 aliquando
1584 1863 1811 1919 materia
1869 1861 2182 1932 perturbato

618 1959 830 2014 ordine.
863 1956 981 2024 Qua
1011 1956 1222 2012 ordinis
1249 1954 1690 2026 perturbatione?
1717 1969 1785 2008 an
1821 1968 2004 2006 secum
2027 1950 2183 2007 sola?

619 2063 688 2102 an
737 2056 926 2104 contra
974 2047 1248 2117 aliquem?
1283 2047 1460 2100 omnis
1489 2046 1634 2099 enim
1665 2043 1927 2113 iujustitia
1962 2057 2069 2097 non
2099 2049 2184 2096 est

620 2139 709 2194 sui
755 2139 1069 2207 injustitia;
1126 2137 1221 2192 sed
1281 2138 1452 2190 altero
1494 2136 1719 2204 indiget,
1770 2135 1822 2188 in
1867 2148 2027 2203 quem
2073 2133 2181 2186 ﬁat.

617 2228 718 2282 Cui
744 2229 910 2299 igitur
939 2244 1050 2282 non
1079 2235 1198 2283 erat
1227 2227 1589 2283 communitas
1609 2241 1732 2279 cum
1765 2226 1870 2279 alio
1894 2241 1909 2292 ;
1941 2224 1994 2277 in
2022 2238 2184 2293 quem

623 2319 938 2390 perturbato
983 2317 1174 2373 ordine
1223 2317 1540 2372 ferebatur?
1568 2324 1661 2373 aut
1690 2331 1810 2386 quae
1843 2315 1982 2368 ratio
2011 2315 2185 2383 ipsius

623 2409 1084 2478 perturbationis?

693 2498 1002 2554 Generabat
1024 2497 1240 2568 quidem
1275 2499 1506 2567 primum
1535 2495 1775 2566 nequitia
1811 2494 2181 2565 progrediens,

619 2598 676 2644 et
725 2590 1008 2645 crescebat
1061 2607 1072 2642 :
1128 2589 1294 2659 igitur
1349 2589 1587 2658 ingenita
1634 2588 1947 2658 generabat.
1985 2598 2037 2640 et
2074 2601 2183 2663 non

619 2680 726 2734 erit
772 2681 925 2735 locus
970 2680 1205 2740 dicendi.
1254 2686 1512 2733 :eternam
1562 2678 1764 2748 aliquid
1796 2678 1919 2732 novi
1947 2677 2123 2730 moliri
2167 2693 2180 2728 :

621 2780 716 2827 aut
775 2773 920 2827 enim
978 2781 1170 2825 natura
1229 2772 1502 2834 molietur,
1556 2780 1716 2840 atque
1765 2771 1838 2823 ita
1904 2785 2181 2838 nunquam

624 2862 914 2916 intermisit
959 2877 1139 2914 rerum
1186 2877 1447 2914 novarum
1493 2861 1824 2915 molitionem
1875 2879 1887 2912 :
1934 2860 1981 2912 si
2024 2859 2184 2911 modo

623 2952 897 3021 appellare
964 2959 1178 3021 oportet
1246 2967 1509 3004 novarum
1570 2967 1750 3005 rerum
1809 2950 2179 3010 molitionem,

625 3052 817 3097 contra
860 3058 1022 3112 quam
1064 3043 1333 3111 negotium
1382 3058 1412 3094 a
1456 3041 1563 3096 Deo
1607 3051 1916 3108 susceptum
1962 3042 2181 3094 minime

627 3129 952 3198 principium
977 3129 1240 3196 temporis
1267 3127 1458 3181 habeat
1485 3145 1499 3192 ;
1531 3138 1621 3181 aut
1655 3128 1700 3181 si
1734 3127 1834 3180 hoc
1857 3127 2185 3194 cogitatione

627 3227 786 3272 utens
831 3217 978 3281 facit,
1032 3218 1294 3271 rationem
1347 3216 1508 3270 habet
1549 3227 1604 3271 et
1644 3217 2009 3286 cognitionem
2062 3235 2074 3268 :
2133 3224 2186 3270 et

625 3323 815 3364 eversa
867 3317 951 3361 est
993 3322 1159 3362 causa
1212 3308 1467 3379 nequitiae
1507 3307 1714 3362 ratione
1754 3308 2010 3361 carentis.
2061 3306 2188 3360 Sive

626 3399 795 3469 igitur
850 3399 1270 3454 ratiocinatione
1325 3406 1520 3460 utens,
1579 3397 1692 3452 sive
1755 3405 1903 3467 motu
1955 3397 2184 3451 rationis

627 3497 848 3559 experte
898 3489 1218 3545 seditionem
1263 3490 1453 3551 movit,
1505 3502 1626 3558 qua!
1676 3489 1815 3543 ratio
1852 3489 2074 3558 patitur,
2129 3496 2188 3543 ut

628 3579 855 3634 inﬁnitis
892 3579 1107 3635 saeculis
1150 3578 1375 3635 dimissa
1405 3578 1476 3633 sit
1507 3578 1818 3646 huiusmodi
1865 3578 2186 3633 seditionem

629 3670 884 3725 movere?
907 3685 972 3724 ex
1003 3684 1113 3739 quo
1142 3669 1287 3722 enim
1319 3668 1451 3723 dicit
1491 3667 1787 3722 cohibitam
1829 3676 1883 3722 et
1924 3676 2188 3723 retentam

627 3775 768 3826 esse,
795 3771 1053 3831 punctum
1093 3762 1352 3831 temporis
1382 3760 1604 3816 ﬂuxisse
1635 3760 1952 3830 reperietur,
1985 3761 2030 3815 si
2064 3774 2188 3813 cum

629 3849 855 3906 inﬁnitis
886 3851 1100 3905 saeculis
1130 3849 1420 3920 prateritis
1451 3856 1817 3919 comparetur.
1849 3847 2005 3914 Quod
2045 3849 2187 3901 enim

631 3939 821 4009 incipit
847 3949 901 3994 et
928 3940 1206 4002 terminat,
1242 3939 1454 3992 [initum
1477 3946 1560 3994 est
1586 3955 1601 4004 ;
1631 3939 1721 4007 qui
1758 3945 1936 3992 autem
1963 3948 2091 3993 sunt
2124 3954 2190 3996 ex

630 4040 744 4086 toto
779 4031 973 4086 inﬁniti
1001 4031 1186 4085 aeterni
1223 4039 1350 4086 sunt
1377 4039 1431 4085 et
1454 4030 1697 4100 ingeniti.

703 4124 988 4186 Prmterea,
1033 4125 1077 4178 si
1110 4123 1523 4176 ratiocinatione
1572 4130 1729 4186 utens
1766 4121 1834 4175 ad
1870 4120 2188 4176 seditionem

632 4216 1064 4284 deprarabatur;
1100 4214 1371 4285 quomodo
1424 4229 1532 4270 non
1583 4215 1767 4284 potius
1807 4213 2084 4283 aggressio
2113 4213 2188 4266 rei

634 4322 755 4375 quae
793 4307 906 4360 ﬁeri
945 4322 1052 4361 non
1097 4315 1330 4376 poterat,
1370 4307 1674 4375 interrupta
1717 4313 1770 4360 et
1813 4304 2048 4358 rescissa
2076 4303 2189 4357 est?

633 4405 890 4466 tanquam
918 4413 1023 4451 non
1046 4406 1229 4466 posset
1251 4405 1441 4451 contra
1468 4396 1786 4465 sapientiam
1813 4395 2070 4448 invictam
2105 4394 2188 4447 in-

635 4491 937 4543 cursionem
966 4488 1176 4543 facere?
1209 4489 1349 4542 unde
1380 4488 1578 4542 factum
1607 4495 1708 4549 est,
1730 4496 1786 4539 ut
1823 4494 2094 4546 caverent,
2124 4499 2190 4538 ne

636 4579 684 4632 ei
727 4580 989 4632 rationem
1034 4589 1085 4632 et
1131 4578 1492 4647 cognitionem
1527 4576 1866 4639 tribuerent,
1917 4583 1977 4628 ut
2011 4577 2189 4629 locum

637 4669 859 4724 haberet
908 4679 1273 4725 commentum
1316 4670 1600 4725 seditionis
1634 4677 1824 4723 contra
1871 4667 2035 4722 Deum
2080 4685 2092 4720 :
2137 4676 2191 4720 et

639 4764 945 4815 necessario
996 4764 1061 4814 ab
1116 4766 1418 4832 ignorantia
1469 4773 1524 4818 et
1584 4772 1777 4818 natura
1819 4778 1925 4816 non
1966 4761 2187 4815 ratioci-

640 4865 800 4907 nante
857 4865 1050 4915 tracta,
1115 4872 1222 4908 non
1281 4857 1615 4926 exspectabit
1683 4855 1891 4908 infinita
1967 4853 2186 4912 saecula.

639 4941 766 4994 dum
829 4959 884 4996 se
935 4953 1106 4996 armat
1165 4954 1219 4997 et
1274 4962 1328 4998 se
1375 4948 1612 4999 evercitu
1667 4947 1825 5015 διέβη,
1884 4953 1942 4998 ut
1991 4944 2080 4998 iiut
2124 4943 2186 4994 ad

640 5033 917 5086 audaciam
988 5045 1301 5104 promptior.
1379 5037 1432 5089 Si
1494 5039 1635 5090 enim
1703 5037 1972 5104 cepiosior
2033 5035 2190 5088 ﬁebat

644 5126 708 5175 iis
745 5140 881 5192 quos
925 5127 1212 5193 generabat
1239 5167 1254 5188 ,
1299 5144 1636 5197 nequaquam
1676 5138 1850 5181 tamen
1896 5128 2188 5196 appetitum

645 5224 848 5264 natura:
907 5217 1155 5284 augebat,
1225 5231 1396 5284 neque
1458 5231 1638 5272 motus
1711 5218 1974 5271 naturalis
2029 5215 2190 5285 quid-

640 5320 802 5367 quam
855 5309 1119 5371 appetitus
1173 5309 1515 5369 assutnebat,
1571 5324 1744 5377 neque
1796 5306 2082 5361 accidisset
2139 5307 2186 5359 ei

644 5396 874 5460 primum
925 5397 1138 5462 ιιυιάιςηι
1186 5412 1493 5467 augescere,
1535 5411 1692 5469 atque
1747 5401 1819 5452 ita
1867 5400 2187 5454 seditionem

644 5501 855 5537 μιυδεῐε
886 5501 896 5544 ;
934 5487 1030 5535 inm:
1060 5490 1200 5538 enim
1228 5499 1429 5543 naturae
1459 5494 1662 5546 ratione
1703 5492 1902 5546 utentis
1941 5499 2042 5554 cst,
2070 5504 2188 5560 qua:

639 5589 701 5624 et
727 5577 1000 5642 proposito
1028 5579 1268 5643 natuita
1298 5581 1421 5649 agit.

716 5674 786 5713 ι’.
819 5664 995 5729 Forte,
1030 5669 1252 5731 ιζέξατο.
1291 5671 1440 5726 Eun.

2357 1410 2553 1480 Ἤρκει
2581 1411 2660 1470 δὲ.
2691 1412 2788 1465 οὐκ
2819 1412 3033 1466 ἔλαττον
3069 1413 3364 1479 δείξαντας,
3395 1418 3468 1481 ὡς
3496 1419 3748 1489 οὐδαμῶς
3785 1419 3851 1473 ἀν

2284 1495 2580 1563 ὑπάρξαιεν
2609 1499 2772 1567 ἀρχαὶ
2802 1500 2914 1562 δύο,
2942 1501 3034 1552 καὶ
3057 1502 3286 1570 μάλιστα
3313 1507 3568 1574 ἐναντίαι,
3588 1508 3688 1578 ἤδη
3722 1512 3850 1580 περί

2283 1602 2340 1638 τε
2375 1587 2659 1658 ἀνθρώπου
2689 1592 2781 1643 καὶ
2813 1592 2909 1660 τῆς
2940 1592 3103 1662 ἀλλης
3147 1595 3501 1667 δημιουργίας
3537 1600 3812 1654 διαλαὸεἶν
3831 1619 3845 1631 ·

1286 1687 1419 1741 nihil
1478 1694 1656 1740 tamen
1712 1683 1986 1753 prohibet,
2046 1680 2178 1748 quin

2283 1680 2426 1747 ὅμως
2458 1679 2514 1732 δὲ
2544 1680 2605 1732 τὸ
2638 1680 2840 1734 κωλῦον
2868 1683 3015 1735 οὐδὲν
3049 1686 3140 1738 καὶ
3170 1687 3276 1738 τῶν
3318 1690 3685 1759 προτεθέντων
3720 1692 3850 1746 [δεῖν

2285 1767 2346 1820 τὸ
2370 1769 2646 1826 ἀπίθανον.
2682 1773 2931 1852 Ἠτάκτει
2963 1774 3088 1844 γὰρ,
3117 1779 3294 1844 φησὶν,
3319 1779 3350 1848 ἡ
3379 1779 3474 1848 ῦλη
3502 1783 3656 1834 ποτέ.
3683 1782 3849 1836 Ποίαν

2283 1859 2540 1926 ἀταξίανς
2584 1858 2692 1933 ἇρά
2728 1881 2791 1930 γε
2836 1864 2955 1917 καθ’
3000 1867 3194 1937 ἑαυτὴν
3240 1863 3456 1940 οὖσα,ἢ
3498 1872 3644 1925 κατά
3669 1889 3845 1936 τινος;

2283 1952 2463 2006 ἀδικία
2505 1955 2612 2025 γὰρ
2652 1956 2854 2018 ἅπασα,
2900 1957 3096 2026 ἑαυτῆς
3146 1963 3245 2014 οὐκ
3286 1961 3352 2015 ἂν
3393 1963 3601 2030 γένοιτο
3643 1965 3844 2026 ἀδικία,

2282 2042 2450 2096 δεῖται
2479 2045 2534 2098 δὲ
2561 2047 2745 2116 ἑτέρου
2787 2048 2951 2111 τινὸς,
2985 2049 3105 2101 καθ’
3140 2048 3199 2106 οῦ
3230 2054 3424 2120 γένοιτ’
3448 2054 3532 2107 ἀν.
3567 2055 3632 2107 Ἡ
3671 2057 3847 2109 τοίνυν

2284 2135 2453 2205 ἑτέρῳ
2485 2139 2588 2191 τινὶ
2624 2138 2697 2207 μὴ
2729 2140 3169 2194 ἐπικοινωνοῦσνι.
3193 2145 3332 2198 κατὰ
3355 2146 3495 2208 τίνος
3516 2148 3780 2214 ﬁscina;
3809 2149 3843 2218 ἢ

2282 2227 2366 2289 τίς
2395 2228 2422 2278 ὁ
2449 2226 2602 2295 λόγος
2627 2229 2726 2298 τῆς
2750 2230 2972 2297 ἀταξίας
2997 2234 3164 2302 αὐτῆς
3180 2251 3194 2298 3

2367 2500 2588 2568 Ἐγέννα
2647 2505 2744 2571 μὲν
2811 2505 3022 2574 πμῦτον
3084 2508 3344 2578 προϊοῦσα
3419 2508 3509 2558 καὶ
3563 2509 3851 2576 ηὐξάνετο,

2285 2588 2478 2656 φησίν·
2511 2590 2704 2643 οὐκοῦν
2736 2592 2918 2655 ἀῐδξως
2951 2593 2982 2663 ἢ
3009 2595 3172 2658 ἀΐδιος
3211 2597 3452 2663 ὲγὲνννα,
3479 2601 3510 2668 ἡ
3548 2599 3846 2667 ἀγέννητος

2283 2679 2492 2744 ἐγέννα,
2529 2683 2622 2733 καὶ
2659 2682 2838 2753 χώραν
2881 2687 2978 2755 οὐχ
3011 2687 3118 2752 ἕξει
3163 2689 3223 2739 τὸ
3271 2693 3608 2760 καινοτομεῖν
3645 2710 3701 2745 τι
3748 2692 3848 2759 τὴν

2284 2767 2472 2821 ἀΐδιοψ
2509 2769 2539 2839 ἢ
2586 2772 2692 2841 γὰρ
2731 2773 2885 2841 φύσει
2913 2779 3311 2846 καινοτομήσει,
3341 2780 3432 2832 καὶ
3462 2780 3717 2833 οὐδέποτε
3748 2781 3845 2850 τῆς

2286 2861 2626 2930 καινοτομίας
2669 2865 2970 2918 ἐπέπαυτο·
3003 2869 3049 2920 εί
3093 2867 3155 2935 δὴ
3195 2868 3350 2921 τοῦτο
3389 2872 3735 2941 καινοτομίαν
3767 2872 3848 2924 δεῖ

2287 2949 2484 3011 καλεῖν,
2517 2951 2592 3013 ὡς
2626 2955 2888 3024 μηδαμῶς
2932 2960 3182 3029 χρονικὴν
3219 2961 3392 3030 ἀρχὴν
3423 2961 3564 3030 ἔχειν
3587 2962 3687 3031 τὴν
3728 2965 3845 3016 κατ’

2285 3042 2453 3110 αὐτῆς
2493 3043 2585 3094 τοῦ
2619 3046 2821 3112 ἀγαθοῦ
2874 3049 3274 3120 μεταχείρησιν,
3327 3052 3359 3121 ἦ
3399 3051 3640 3122 λογισμῷ
3688 3053 3854 3108 τοῦτο

2285 3133 2594 3203 πράττουσα
2624 3135 2776 3202 λόγον
2803 3136 2913 3206 ἔχει
2946 3140 3037 3191 καὶ
3065 3140 3263 3206 γνῶσιν
3283 3159 3298 3172 ·
3328 3143 3420 3194 καὶ
3445 3145 3846 3214 ἀνατέτραπται

2283 3223 2383 3292 τῆς
2423 3224 2617 3292 ἀλόγου
2665 3227 2860 3291 κακίας
2901 3231 2932 3298 ἡ
2970 3231 3241 3294 ὑπόθεσις.
3270 3233 3391 3286 Εἴτε
3441 3231 3532 3288 οὖν
3577 3235 3842 3306 λογισμῷ,

2283 3317 2392 3370 εἴτε
2425 3320 2516 3371 καὶ
2547 3319 2812 3390 ἀλογίστῳ
2837 3325 2975 3392 φορᾷ
3001 3325 3338 3386 ἐπανίστατο,
3373 3325 3456 3388 τίς
3481 3327 3509 3377 ὁ
3533 3326 3692 3394 λόγος
3724 3327 3844 3390 τοὺς

2285 3395 2618 3477 ἀπεράντους
2641 3410 2842 3473 αἰῶνας
2868 3413 3069 3481 ταύτην
3090 3417 3338 3484 παρεῖναι
3378 3417 3508 3485 πρὸς
3538 3417 3639 3486 τὴν
3662 3417 3844 3470 τοιαύ-

2285 3513 2383 3566 την
2411 3498 2808 3564 ὲπανάστασιν;
2840 3501 2930 3569 ἀφ’
2952 3495 3011 3553 οὗ
3043 3504 3144 3573 γὰρ
3171 3503 3534 3572 κατεσχῆσθαί
3557 3521 3722 3575 φησιν
3748 3506 3844 3559 αὖ·

2284 3587 2382 3660 τὴν
2440 3589 2542 3653 ἕως
2589 3589 2703 3654 νῦν,
2751 3595 2948 3662 στιγμῇ
2984 3595 3172 3663 χρόνου
3197 3595 3389 3661 γένοιτ’
3418 3594 3502 3657 ἂν,
3531 3598 3579 3647 εί
3605 3597 3843 3666 παραὸἀ-

2285 3679 2428 3732 λοιτο
2467 3685 2578 3744 τοῖς
2622 3683 2976 3752 προλαϐοῦσιν
3013 3686 3257 3756 ἀπείροις
3292 3685 3478 3738 αἰῶσι·
3511 3687 3572 3738 τὸ
3617 3688 3713 3756 μὲν
3745 3687 3843 3756 γὰρ

2287 3767 2451 3836 ἄρχον
2479 3771 2571 3822 καὶ
2597 3771 2834 3824 τελειοῦν
2870 3773 3221 3843 πεπέρασται·
3271 3777 3319 3826 οἰ
3344 3774 3402 3828 δὲ
3434 3775 3717 3839 παντελῶς
3743 3779 3844 3828 ἀπ-

2291 3860 2503 3931 έραντοι
2533 3863 2692 3916 ἀΐδιοι
2722 3882 2779 3919 τε
2801 3868 2894 3918 καὶ
2922 3867 3219 3935 ἀγέννητοι.

2365 4144 2592 4196 Ἔπειτα
2614 4143 2916 4214 εἰλογισμῷ
2947 4144 3234 4198 ὲκακύνετο
3255 4146 3389 4217 πρὸς
3419 4147 3519 4216 τὴν
3545 4150 3844 4203 ἐπαναστα-

2295 4248 2397 4297 σιν,
2418 4232 2532 4295 πῶς
2559 4233 2679 4303 οὐχὶ
2713 4236 2805 4286 καὶ
2849 4233 3088 4304 λογισμῷ
3119 4234 3340 4303 διεκόπη
3376 4236 3436 4288 τὸ
3466 4238 3728 4294 ἀδύνατον
3751 4243 3842 4310 τῆς

2221 4352 2263 4407 D
2291 4327 2716 4398 ὲπιχειρήσεωςς
2741 4328 2816 4390 ὡς
2840 4328 2934 4396 οὐχ
2951 4321 3060 4379 οἷόν
3083 4343 3143 4378 τε
3165 4326 3224 4379 ὃν
3249 4329 3566 4398 ἐπιδραμεῖν
3599 4333 3844 4403 ἀηττήτῳ

2295 4422 2486 4490 σοφίᾳ;
2514 4419 2636 4472 ὅθεν
2663 4420 2964 4488 πεφεύγασι
2992 4419 3405 4489 προσομολογείν
3430 4421 3564 4492 αὐτῇ
3591 4423 3845 4495 λογισμόν

2290 4529 2349 4565 τε
2391 4514 2484 4565 καὶ
2515 4511 2732 4579 γνῶσιν,
2764 4511 2839 4573 (oc
2870 4510 2934 4562 ἂν
2961 4508 3282 4580 χώραν’ἑχοι
3311 4512 3410 4581 τῆς
3432 4514 3845 4578 ἐπαναστάσεως

2291 4603 2389 4672 τῆς
2440 4603 2578 4655 κατά
2635 4602 2767 4655 Θεοῦ
2816 4602 2876 4655 τὸ
2926 4601 3177 4671 πλάσμαο
3235 4605 3327 4654 καὶ
3380 4604 3687 4671 ἐπάναγκες
3746 4607 3844 4659 uno

2292 4693 2512 4761 ἀγνοίας
2546 4693 2638 4746 καὶ
2666 4692 2945 4760 ἀλογίστου
2980 4695 3190 4760 φύσεως
3219 4692 3477 4765 ἑλκομένη
3509 4695 3611 4747 οὐκ
3643 4696 3842 4760 ἐκδέξεο

2290 4802 2378 4838 ται
2401 4785 2656 4854 ἀπείρους
2692 4785 2783 4837 καὶ
2808 4785 2982 4838 ἀποπε
2993 4785 3212 4855 ράντους
3251 4785 3448 4848 αἰῶνας
3471 4786 3669 4859 ἑαυτὴν
3692 4788 3841 4840 67:1!-

2291 4878 2453 4942 ζουσα
2493 4878 2585 4929 καὶ
2622 4877 2843 4946 δυνάμει
2877 4875 3290 4947 περιὸἀλλουσα,
3320 4879 3393 4938 ὼς
3425 4879 3674 4945 γενέσθαι
3713 4879 3841 4948 πρὸς

2290 4970 2387 5040 τὴν
2447 4970 2646 5039 τόλμαν
2700 4969 3133 5040 προχειροτέραν.
3169 4970 3229 5022 Εἰ
3270 4970 3374 5040 γὰρ
3416 4970 3478 5037 δὴ
3526 4969 3620 5024 καὶ
3649 4971 3839 5023 πλείων

2291 5062 2531 5129 ἐγίγνετο
2560 5055 2639 5122 οἷς
2673 5061 2880 5127 ἐγέννα,
2921 5059 3033 5116 ἀλλ’
3068 5058 3188 5113 οὔτε
3218 5076 3280 5128 γε
3311 5061 3408 5129 τὴν
3433 5061 3607 5130 ὁρμὴν
3633 5060 3730 5131 τῆς
3753 5062 3840 5129 φύ-

2293 5172 2427 5217 σεως
2448 5155 2724 5225 ηὐξάνετο,
2748 5154 2866 5206 οὐδὲ
2895 5151 3299 5224 προσελάμϐανε
3319 5170 3371 5205 τι
3389 5155 3589 5222 ταύτης
3609 5154 3670 5206 τὸ
3689 5171 3836 5214 φυσι-

2291 5248 2384 5300 κὸν
2414 5247 2533 5317 κίνη
2543 5265 2634 5317 μα’
2654 5247 2759 5299 οὐδ’
2780 5246 2844 5298 ἂν
2867 5245 3097 5308 ὲδείξατο
3110 5245 3184 5315 (8)
3206 5245 3418 5316 πρῶτόν
3439 5261 3500 5311 γε
3523 5244 3830 5313 αὐξηθῆναι,

2291 5338 2385 5392 καὶ
2427 5338 2598 5401 οὕτως
2639 5339 3021 5407 ὲπαναστῆναι·
3049 5338 3204 5391 τοῦτο
3231 5337 3338 5406 γὰρ
3365 5335 3582 5406 λογικῆς
3631 5334 3828 5404 φύσεως

2292 5429 2539 5500 προθέσει
2565 5428 3010 5497 πονηρευομένης.
