4058 6330
1288 433 1656 492 ADVERSUS
1699 430 2124 490 IANICHEOS
2152 427 2287 490 LIB.
2327 427 2368 491 I.

3357 439 3494 500 I090

306 547 432 611 Πῶς
454 548 508 601 δὲ
535 550 628 603 καὶ
652 548 879 621 αὔξησις
900 549 999 618 τῆς
1030 548 1227 611 κακίας
1254 550 1449 618 γένοιτ’
1484 551 1550 606 ἂν
1576 552 1611 622 ἢ
1638 569 1791 624 προσ-

1980 551 2265 617 Quomodo
2299 559 2479 607 autem
2515 553 2698 625 augeri
2731 562 2946 624 poterat
2992 554 3240 626 nequitia
3273 555 3348 625 (id
3380 566 3490 622 est,

229 639 377 712 θηκῃ
417 642 523 694 τῶν
559 643 875 714 πῳδολῶκ
919 642 980 695 El
1025 642 1131 714 γὰρ
1167 637 1246 706 οἷς
1297 645 1462 714 γεννᾲ
1503 643 1804 698 τελειοῦται

226 727 314 793 si;
352 733 569 797 κακίαν,
590 733 783 803 ἀτελὴς
811 729 881 804 ἦν
915 734 947 803 ἡ
978 735 1166 799 κακία,
1193 735 1287 788 καὶ
1325 737 1423 790 οὐκ
1447 732 1515 807 ἦν
1548 741 1607 790 ἐν
1636 737 1806 808 ἀκρό-

224 832 354 888 τητι
385 823 582 886 κακίας
603 841 616 852 υ
648 825 696 876 εί
742 823 797 875 δὲ
827 823 1008 876 τελεία
1043 826 1136 877 καὶ
1173 826 1337 896 ἄκρα,
1373 827 1515 880 κατὰ
1541 828 1631 880 τὸν
1675 828 1804 882 [διον

226 908 409 980 λόγον,
438 914 672 986 ἑκάτερα
706 915 984 981 τάναντία,
1025 916 1277 988 οὐδαμῶς
1299 918 1623 984 αὐξάνεσθαι
1663 920 1804 986 δόξει

223 1005 263 1072 ἡ
297 1004 464 1058 κακία
508 1005 596 1058 διὰ
622 1005 730 1058 τῶν
775 1007 1222 1078 προϐολῶν,.ούδὲ
1267 1009 1684 1083 θαρσαλεωτέρα
1709 1030 1802 1082 γει

225 1097 472 1167 νήσεται,
500 1098 691 1170 λογικὴ
721 1100 795 1169 μὴ
820 1096 976 1166 οὖσα,
1004 1102 1123 1154 οὐδὲ
1157 1102 1291 1174 πρὸς
1321 1103 1644 1175 ὲπικουρίαν
1671 1105 1800 1158 ἐαυ-

221 1188 326 1258 ’τῆς
371 1190 785 1262 παραλήψεται·
838 1192 975 1258 δόξει
1019 1195 1125 1267 γὰρ
1180 1195 1286 1267 πρὸ
1333 1197 1432 1267 τῆς
1481 1196 1795 1260 τεκνώσεως

223 1281 425 1352 ἀτελὴς
463 1284 740 1352 γεγονέναι
785 1285 843 1338 οὺ
891 1287 1049 1358 μόνον
1103 1288 1239 1359 πρὸς
1276 1289 1476 1342 κακίαν
1517 1291 1550 1359 ὴ
1590 1289 1791 1352 κακία,

219 1371 361 1425 ὀλλὰ
407 1376 500 1426 καὶ
547 1376 682 1447 πρὸς
739 1379 890 1447 ἰσχὺν
935 1380 1028 1431 καὶ
1073 1378 1264 1451 ῥώμην
1342 1380 1479 1450 ὅπερ
1520 1378 1799 1449 ἀλλότριον

218 1468 542 1540 ἀγεννήτου.

1913 643 2170 715 Satanas)
2211 645 2527 700 accessione
2576 647 2821 702 sobolis?
2865 649 2912 703 si
2945 649 3089 703 enim
3134 648 3202 702 iis
3235 664 3375 719 quos
3410 651 3496 720 gi-

1912 736 2131 804 gnebat,
2165 737 2231 790 ad
2259 738 2558 808 nequitiam
2583 739 2885 808 perﬁcitur.
2908 739 3226 810 imperfecta
3250 749 3370 794 erat
3393 757 3491 796 ne-

1911 828 2104 896 quitia,
2139 834 2191 884 et
2222 843 2328 882 non
2362 838 2481 882 erat
2522 828 2577 881 in
2608 845 2822 883 summo
2846 837 2900 884 et
2926 827 3146 899 fastigio
3188 832 3487 901 nequitiae:

1912 919 1998 973 sin
2032 935 2158 975 vero
2196 929 2314 975 erat
2347 920 2591 990 perfecta
2636 930 2691 976 et
2741 935 2954 975 summa
2981 922 3280 975 secundum
3320 923 3491 975 ratio-

1908 1025 2034 1064 nem
2066 1014 2363 1082 propriam,
2395 1027 2591 1067 rursus
2623 1011 2846 1067 minime
2876 1012 3151 1070 videbitur
3180 1013 3365 1082 augeri
3400 1029 3491 1066 ne-

1905 1103 2076 1171 quitia
2116 1119 2212 1173 per
2256 1103 2700 1174 propagationem
2743 1112 3145 1174 generatorum,
3187 1120 3361 1174 neque
3399 1105 3490 1160 ﬁet

1901 1193 2164 1248 audacior
2176 1205 2227 1249 et
2245 1196 2630 1266 praeﬁdentior,
2657 1211 2781 1249 cum
2795 1211 2902 1250 non
2925 1197 2997 1251 sit
3023 1199 3296 1269 particeps
3319 1199 3490 1253 ratio-

1900 1287 2024 1354 nis;
2074 1302 2174 1343 nec
2209 1288 2277 1342 ad
2309 1290 2568 1343 auxilium
2603 1304 2763 1344 suum
2794 1289 3070 1344 adhibebit
3092 1306 3232 1361 quos
3263 1292 3484 1361 genuit;

1905 1379 2108 1449 alioqui
2150 1380 2418 1434 videbitur
2464 1389 2752 1452 antequam
2782 1393 3128 1451 procrearet,
3166 1383 3486 1454 imperfecta

1909 1469 2081 1526 fuisse
2129 1487 2237 1526 non
2291 1473 2468 1526 solum
2512 1474 2752 1543 nequitia
2795 1472 2864 1528 ad
2906 1475 3228 1543 nequitiam,
3277 1473 3374 1529 sed
3415 1475 3484 1530 ad

1904 1563 2048 1618 vires
2090 1569 2142 1618 et
2167 1563 2372 1630 robur;
2403 1564 2548 1634 quod
2574 1565 2810 1618 a!ienum
2843 1573 2930 1622 est
2959 1567 3028 1621 ab
3069 1567 3335 1637 ingenito.

885 1671 1015 1726 CAP.
1058 1669 1197 1726 XVI.
1230 1670 1433 1726 Seditio
1471 1673 1608 1726 inter
1632 1683 1787 1727 italos
1818 1674 1952 1728 mali
1990 1674 2257 1742 principii.
2293 1672 2570 1740 Quomodo
2597 1674 2806 1730 sedata.

293 1761 396 1814 Τὸν
434 1761 489 1814 δὲ
537 1761 734 1832 τρόπον
784 1763 884 1832 τῆς
936 1763 1356 1826 ἐπαναστάσεως
1404 1763 1791 1836 εἰσηγούμενος

1971 1764 2284 1835 Explanans
2311 1774 2494 1820 autem
2525 1765 2746 1822 modum
2779 1765 3066 1821 seditionis
3096 1767 3262 1836 hujus
3299 1767 3478 1833 facta,

218 1853 446 1923 ταύτης,
493 1855 656 1924 φησίν
676 1872 690 1886 ⁸
727 1856 998 1908 Ἥλαυνον
1024 1858 1116 1909 καὶ
1145 1855 1435 1926 κατήσθιον
1461 1859 1509 1909 oi
1537 1857 1595 1920 ἐξ
1625 1857 1791 1927 αὐτῆς

1898 1855 2020 1923 Qui,
2067 1858 2266 1926 inquit,
2315 1873 2381 1912 ex
2424 1872 2487 1912 ea
2529 1858 2643 1910 nati
2679 1865 2838 1920 sunt,
2889 1873 2948 1912 se
2994 1868 3185 1914 mutuo
3231 1860 3482 1916 insectati

218 1945 497 2016 ἀλλήλοις,
527 1947 676 2000 δεινὰ
705 1949 799 2000 καὶ
827 1948 1038 2018 χαλεπὰ
1059 1949 1386 2012 διατιθέντες
1405 1968 1417 1979 ·
1451 1952 1545 2004 καὶ
1577 1953 1639 2004 ού
1665 1952 1795 2021 πρό-

198 2054 280 2090 ιτε
293 2054 382 2108 ρον
405 2039 712 2092 ἐπαύσαντο
745 2039 992 2109 ἀλλήλοις
1017 2041 1454 2111 ἐπανιστάμενοι,
1491 2043 1628 2113 αὐτῇ
1653 2042 1795 2106 λέξει

220 2132 378 2201 φησὶ,
413 2133 605 2202 μέχρις
648 2127 707 2186 οῦ
740 2131 800 2184 τὸ
844 2132 956 2200 φῶς
993 2133 1090 2202 ὀψέ
1136 2152 1265 2186 ποτε
1299 2134 1623 2204 ὲφὼρασαν’
1669 2135 1795 2188 διω-

219 2223 442 2293 κόμενοι
467 2222 575 2294 γὰρ
623 2224 716 2276 ἀπ’
755 2224 1022 2294 ἀλλήλων,
1059 2225 1378 2293 ἀγνοοῦντες
1411 2226 1528 2296 μὲν,
1557 2227 1707 2296 ὅμως
1737 2227 1794 2279 δὲ

219 2301 586 2385 τετολμήκασι
617 2315 710 2368 καὶ
743 2315 904 2386 μέχρι
925 2315 1016 2368 τοῦ
1053 2316 1232 2386 φωτὸς
1262 2317 1584 2386 ἀναχθῆναι.
1607 2317 1716 2370 Καὶ
1743 2317 1794 2369 τί

218 2405 284 2477 δὴ
315 2405 515 2458 τούτων
553 2404 957 2476 ἀπιθανώτερον
987 2407 1018 2476 ἢ
1045 2406 1477 2478 μυθωδέστερον;
1515 2409 1639 2470 τοὺς
1665 2407 1793 2477 μίαν

221 2499 322 2567 μὲν
368 2497 836 2568 ἐπιγραφομένους
871 2499 1114 2569 μητέρα,
1149 2499 1438 2569 συγγενείᾳ
1480 2499 1535 2550 δὲ
1579 2498 1793 2567 φύσεως

219 2591 552 2660 ἡνωμένους,
579 2589 828 2660 ἀλλήλοις
856 2591 1178 2659 ὲπιφύεσθαι
1208 2593 1407 2660 μάτην,
1429 2592 1520 2642 καὶ
1549 2589 1790 2659 ἀλλήλων

217 2681 287 2734 τὰ
313 2682 446 2751 μέλη
477 2681 804 2743 κατεσθίειν,
823 2683 912 2734 καὶ
939 2683 1202 2752 μηδέποτε
1229 2683 1413 2752 λήγειν
1435 2681 1593 2734 τοῦτο
1621 2682 1788 2752 δρῶν-

217 2789 350 2835 ταςς
392 2774 565 2844 Ὅπερ
594 2776 641 2825 εί
668 2774 761 2824 καὶ
786 2773 982 2843 ἀληθὲς
1019 2769 1106 2843 ἦν’
1144 2772 1349 2842 βέλτίθν
1369 2769 1435 2841 ἦν
1469 2774 1664 2836 αὐτοὺς
1699 2774 1788 2840 ὑφ’

217 2865 428 2918 ὲαυτῶν
453 2866 869 2919 ἀναλίσκεσθαι·
898 2867 991 2918 καὶ
1033 2867 1209 2935 μάτην
1230 2867 1258 2917 ὁ
1304 2867 1528 2936 ἀνόητος
1561 2866 1788 2931 ἀταξίαν

215 2958 375 3011 καλεῖ
399 2959 458 3009 τὸ
482 2959 756 3028 συμφέρον
778 2976 789 2987 ·
821 2957 1025 3026 ταύτης
1051 2959 1158 3027 γὰρ
1192 2957 1422 3027 μάλιστα
1459 2959 1557 3026 τῆς
1592 2957 1787 3018 κακίας

217 3049 460 3120 ὁρίζεται
486 3049 582 3117 τὴν
612 3037 948 3119 πρδκόσμου
983 3048 1238 3113 ἀταξίαν·
1270 3048 1334 3116 ἢν
1366 3047 1556 3116 ὥσπερ
1590 3046 1790 3098 λυπού-

219 3157 381 3211 μενος
411 3141 505 3208 τῆς
533 3140 661 3209 ύλης
691 3140 860 3202 οὕτως
889 3141 1162 3210 ὀνομάζει,
1188 3140 1269 3192 ὃτι
1302 3138 1374 3208 μὴ
1405 3140 1788 3208 προσηκόντως

215 3233 310 3301 ὑφ’
333 3233 528 3301 ἑαυτῆς
559 3233 906 3302 ἀνηλίσκετοο
944 3234 1036 3284 καὶ
1058 3232 1246 3303 ὠσπερ
1272 3249 1354 3292 τις
1389 3230 1538 3298 φίλος
1563 3230 1786 3299 ταύτης,

213 3325 500 3394 ἀδημονῶν
537 3326 618 3392 ἐφ’
657 3319 735 3387 οἷς
775 3325 970 3395 ἑαυτὴν
1000 3323 1393 3384 κατέδλαπτεν,
1435 3321 1660 3384 ἀταξίαν
1697 3338 1792 3372 κα-

214 3417 300 3468 λεῖ
318 3433 330 3445 °
358 3417 392 3470 ἃ.
419 3416 800 3485 συμφερόντως
831 3416 950 3467 καθ’
972 3415 1166 3483 ἑαυτῆς
1190 3414 1319 3481 ἔδρα
1337 3433 1351 3442 ·
1386 3411 1502 3464 δέον
1537 3411 1790 3474 εὐταξίαν

211 3508 315 3578 τὴν
346 3507 604 3560 ἀνωτάτω
621 3508 941 3567 καλέσαι,τὸ
969 3506 1282 3577 φθείρεσθαί
1305 3522 1366 3573 γε
1399 3503 1699 3573 ὑφ’ὲαυτοῦ
1731 3504 1790 3555 τὸ

214 3600 402 3653 κακόν.
424 3600 481 3651 Ὀ
513 3600 585 3652 δὲ.
621 3601 933 3663 Ἦτὰκτουν,
952 3601 1102 3668 φησὶ,
1129 3599 1222 3651 καὶ
1245 3598 1463 3668 ἠδίκουν
1495 3597 1756 3667 ἀλλήλους
1775 3613 1790 3627 ο

213 3690 278 3741 τὸ
313 3689 427 3757 φῶς
448 3690 502 3742 δὲ
546 3689 741 3751 ἰδόντες
771 3690 1098 3742 ἐπαύσαντο.

1900 1960 2026 2003 sunt
2063 1957 2118 2004 et
2158 1949 2582 2013 devoraverunt,
2622 1949 2759 2003 dura
2794 1957 2848 2004 et
2905 1949 3092 2020 gravia
3147 1950 3339 2020 passi;
3384 1966 3481 2005 ne-

1897 2056 2004 2110 que
2056 2039 2208 2109 prius
2271 2039 2602 2094 destiterunt
2654 2041 2710 2094 in
2756 2057 2816 2095 se
2865 2041 3014 2110 ipsos
3060 2041 3266 2096 moveri
3312 2056 3480 2111 quam

1897 2132 2080 2187 lumen
2121 2145 2244 2186 sero
2274 2132 2493 2186 tandem
2534 2131 2822 2197 viderent;
2865 2133 2954 2188 his
2989 2132 3134 2187 enim
3160 2133 3342 2188 verbis
3373 2133 3480 2188 uti-

1896 2229 2023 2288 tur;
2073 2237 2102 2275 a
2139 2238 2198 2278 se
2241 2223 2388 2278 enim
2434 2221 2540 2293 ipsi
2584 2225 2840 2294 exagitati
2890 2240 3017 2279 cum
3052 2225 3253 2296 alioqui
3305 2227 3482 2282 nesei-

1896 2325 2038 2378 rent,
2064 2315 2134 2368 ita
2173 2323 2354 2370 tamen
2383 2317 2500 2371 ausi
2529 2325 2658 2373 sunt
2688 2332 2860 2388 usque
2888 2319 2955 2371 ad
2980 2318 3161 2373 lumen
3194 2319 3477 2374 accedere.

1896 2404 2101 2474 Ecquid
2150 2405 2234 2460 bis
2281 2403 2659 2462 incredibilius
2705 2415 2758 2461 et
2812 2408 2988 2477 magis
3033 2409 3477 2464 commentitium

1892 2511 1987 2550 eos
2019 2497 2110 2566 qui
2143 2511 2305 2550 unam
2347 2504 2574 2551 matrem
2613 2498 2717 2552 sibi
2761 2500 3044 2553 ascribunt
3075 2507 3128 2554 et
3171 2499 3473 2563 vindicant,

1893 2597 1946 2641 et
1980 2589 2307 2656 cognatione
2355 2596 2563 2642 natura:
2585 2589 2762 2658 juncti
2799 2602 2948 2652 sunt.
2983 2592 3036 2644 in
3078 2607 3136 2646 se
3171 2593 3318 2662 ipsos
3360 2592 3476 2645 I'ru-

1892 2688 2004 2732 stra
2038 2677 2318 2743 invadere,
2377 2689 2429 2734 et
2466 2681 2710 2736 vicissim
2754 2684 3000 2736 membra
3032 2699 3130 2738 sua
3182 2683 3472 2749 devorare,

1881 2782 1943 2823 et
1984 2786 2263 2840 nunquam
2312 2771 2365 2824 in
2409 2773 2508 2824 hac
2548 2789 2607 2827 re
2659 2775 2914 2828 cessare?
2947 2774 3102 2840 Quod
3151 2775 3373 2844 quidem
3425 2777 3474 2830 si

1891 2877 2079 2915 verum
2128 2869 2266 2925 erat,
2325 2863 2621 2931 praestabat
2663 2864 2811 2932 ipsos
2843 2881 2870 2916 a
2911 2881 2969 2919 se
3008 2866 3144 2933 ipsis
3179 2867 3470 2921 consumi:

1889 2962 1944 3006 et
1994 2954 2227 3007 inaniter
2259 2953 2484 3006 demens
2533 2954 2930 3023 (Manichacus)
2985 2955 3235 3020 ἀταξίαν,
3286 2957 3338 3011 id
3368 2967 3474 3021 est.

1891 3044 2360 3112 perturbationem
2390 3045 2603 3100 ordinis
2635 3059 2795 3099 vocat
2825 3048 2878 3099 in
2903 3062 2987 3109 eo,
3014 3049 3158 3116 quod
3184 3048 3315 3104 utile
3345 3059 3431 3105 est
3457 3073 3470 3105 :

1896 3135 2024 3187 huic
2047 3136 2191 3187 enim
2228 3135 2486 3204 nequitia:
2513 3136 2738 3190 ascribit
2762 3143 2814 3190 et
2837 3139 3080 3207 assignat
3109 3141 3477 3208 perturbatio-

1895 3241 2019 3280 nem
2068 3225 2279 3279 ordinis
2328 3236 2452 3280 ante
2490 3228 2789 3294 niundum;
2834 3243 2995 3298 quam
3031 3229 3110 3282 sic
3140 3239 3317 3294 vocat,
3352 3239 3476 3285 tan-

1895 3334 2059 3387 quam
2093 3319 2294 3382 doleat,
2342 3327 2395 3372 et
2426 3334 2484 3373 se
2539 3321 2800 3375 misereat
2843 3321 3116 3384 materiae,
3165 3323 3310 3392 quod
3363 3339 3474 3378 non

1897 3413 2050 3481 prius
2076 3426 2104 3462 a
2137 3427 2194 3465 se
2248 3411 2362 3479 ipsa
2397 3411 2606 3465 utiliter
2639 3420 2692 3466 et
2726 3413 3114 3466 convenienter
3143 3425 3474 3484 consumpta

1894 3511 2037 3557 esset
2062 3518 2075 3565 ;
2107 3509 2159 3556 et
2185 3513 2439 3570 tanquam
2467 3501 2686 3570 quidam
2711 3502 2918 3554 amicus
2948 3503 3108 3570 hujus
3138 3517 3374 3557 maerens
3405 3517 3474 3558 ac

1897 3595 2131 3664 graviter
2161 3594 2372 3657 dolens,
2401 3593 2545 3662 quod
2572 3593 2676 3646 sibi
2709 3594 3008 3657 nocuisset,
3037 3609 3156 3662 qua:
3186 3601 3376 3647 contra
3413 3608 3474 3649 se

1899 3688 2107 3740 utiliter
2141 3685 2287 3749 fecit,
2323 3687 2376 3740 in
2421 3687 2488 3739 iis
2530 3686 2990 3754 perturbationem
3037 3687 3244 3742 ordinis
3288 3696 3469 3752 vocat,

214 3796 342 3833 cum
369 3781 586 3835 deberet
613 3783 790 3850 potius
814 3782 1260 3850 compositionem
1287 3780 1496 3834 ordinis
1554 3779 2069 3837 excellentissimam
2121 3793 2334 3841 vocare,
2404 3779 2628 3832 interire
2684 3778 2894 3832 scilicet
2931 3780 3129 3833 malum
3197 3794 3226 3832 a
3265 3780 3469 3849 seipse.

217 3873 313 3926 Ille
343 3881 522 3926 autem
551 3873 645 3934 ait,
697 3872 751 3925 In
800 3873 1110 3942 perturbato
1162 3872 1353 3926 ordine
1422 3881 1600 3936 erant,
1634 3884 1687 3926 et
1718 3872 1822 3926 sibi
1861 3872 2004 3924 inter
2053 3885 2112 3924 se
2144 3871 2452 3935 nocebant;
2500 3871 2612 3923 viso
2651 3877 2830 3922 autem
2865 3871 3068 3924 lumine
3129 3871 3467 3926 desiverunt.

287 3967 497 4021 οὐκοῦν
532 3968 886 4020 ἐπεϐούλευσε
925 3969 1002 4038 τῷ
1044 3969 1374 4039 συμφέροντι
1399 3969 1460 4019 τὸ
1494 3968 1631 4036 φῶς,
1671 3968 1786 4035 εἷγε

214 4062 344 4122 τοὺς
377 4061 575 4121 κακοὺς
612 4059 854 4128 ἀλλήλων
881 4059 1168 4130 ἐρρύσατο,
1202 4061 1295 4111 καὶ
1337 4060 1523 4128 ὥσπερ
1565 4059 1785 4129 φάρμα-

216 4169 315 4204 κον
358 4149 540 4221 ἰατροῦ
591 4151 924 4220 εύηργέτησε
972 4152 1096 4213 τοὺς
1143 4151 1448 4212 νοσοῦντας.
1482 4152 1594 4202 Ούκ
1634 4146 1701 4219 ἦν
1731 4149 1787 4202 δὲ

215 4243 356 4312 πρὸς
403 4242 606 4309 αγαθοῦ
639 4243 921 4311 φείσασθαι
953 4240 1043 4293 τοῦ
1073 4242 1263 4303 κακοῦ,
1311 4245 1386 4303 εἰς
1424 4243 1482 4293 τὸ
1515 4243 1786 4311 διαμένειν

215 4335 313 4388 καὶ
343 4333 606 4396 σώζεσθαι
629 4374 644 4393 ,
693 4335 786 4386 καὶ
823 4333 896 4402 μὴ
924 4336 1011 4402 ὑφ’
1051 4329 1243 4386 ἑαυτοῦ
1279 4333 1688 4386 ἀναλίσκεσθαι.
1728 4335 1788 4386 Ei

215 4428 327 4496 γὰρ
366 4427 452 4494 ὑφ’
478 4426 670 4478 ἑαυτοῦ
705 4426 1046 4479 δαπανᾶσθαι
1069 4426 1224 4478 τοῦτο
1261 4426 1604 4486 διεκώλυσεν,
1636 4427 1786 4478 ἄντι-

1966 3964 2132 4034 lgitur
2195 3966 2507 4018 insidiatum
2550 3971 2633 4018 est
2677 3964 2856 4017 lumen
2889 3965 3129 4029 utilitati,
3178 3965 3224 4018 si
3251 3965 3471 4033 quidem

1896 4059 2067 4111 malos
2108 4072 2136 4109 a
2177 4065 2362 4109 mutua
2401 4055 2547 4111 caede
2591 4054 2859 4116 liberavit,
2907 4066 2958 4108 et
3000 4065 3258 4125 tanquam
3292 4055 3470 4110 medi-

1895 4151 2018 4202 cina
2065 4149 2259 4203 medici
2313 4148 2512 4218 profuit
2553 4149 2790 4217 πει-οιί8.
2840 4146 2907 4198 At
2956 4162 3060 4200 non
3114 4147 3472 4200 conveniebat

1898 4244 2062 4307 bono,
2106 4252 2161 4296 ut
2197 4250 2440 4312 parceret
2482 4243 2645 4303 malo,
2693 4250 2746 4295 et
2780 4241 2982 4303 sineret
3025 4255 3338 4309 permanere
3381 4239 3468 4292 in-

1897 4338 2130 4400 colume,
2161 4346 2212 4388 et
2243 4351 2349 4388 non
2385 4335 2586 4388 sineret
2610 4348 2639 4386 a
2673 4349 2730 4387 se
2762 4334 2878 4403 ipso
2907 4331 3176 4386 consumi.
3212 4329 3267 4384 Si
3299 4331 3466 4392 enim,

1897 4441 1963 4479 ne
2015 4441 2044 4478 a
2087 4441 2145 4479 se
2196 4432 2635 4487 consumeretur,
2671 4423 2773 4478 hoc
2814 4423 3115 4492 prohibuit,
3154 4423 3271 4492 ipse
3307 4423 3470 4491 plane

217 4535 353 4590 κρυς
375 4517 534 4579 αὐτὸς
562 4517 881 4588 διετήρησεν
907 4517 1037 4571 αὑτό
1060 4534 1073 4546 ·
1110 4519 1202 4570 καὶ
1233 4517 1314 4586 εἴη
1344 4517 1407 4569 ἂν
1431 4517 1788 4586 ἀληθέστερον

1898 4517 2130 4570 servavit
2163 4518 2360 4586 ipsum,
2392 4524 2645 4585 essetque
2668 4516 2846 4570 verior
2873 4515 3086 4581 ἀταξία,
3115 4515 3164 4568 id
3189 4523 3294 4577 est.
3319 4515 3471 4570 aber-

217 4615 376 4668 τοῦτο
411 4615 625 4678 ἀταξία,
659 4615 688 4666 ὅ
721 4629 853 4681 φησι
886 4612 982 4681 τὴν
1017 4610 1240 4676 ἀταξίαν
1279 4608 1637 4661 πεπαυκέναι.
1661 4608 1788 4659 "Ore

217 4707 397 4760 τοίνυν
430 4708 564 4776 αὐτῇ
595 4705 733 4768 λέξει
765 4705 981 4773 φησὶνὴ
1018 4703 1145 4771 παρ’
1182 4703 1360 4762 αὐτοῖς
1396 4699 1574 4769 βίϐλος
1595 4714 1608 4727 ·
1645 4701 1788 4770 Πρὸς

219 4799 482 4868 ἀλλήλους
512 4797 912 4861 στασιάζοντες.
961 4796 1302 4849 ἐπεπόλασαν
1333 4795 1424 4847 καὶ
1472 4793 1630 4866 μέχρι
1677 4793 1786 4844 τῶν

223 4891 509 4964 μεθορίων,
543 4893 636 4944 καὶ
661 4892 720 4943 τὸ
745 4889 858 4959 φῶς
887 4887 1046 4950 εἶδον,
1081 4888 1259 4957 θέαμά
1294 4906 1345 4939 τι
1382 4886 1664 4940 κάλλιστον
1693 4887 1786 4938 καὶ

219 4985 659 5055 εὐπρεπέστατον
685 5002 697 5014 ·
735 4984 874 5037 τότε.
926 4982 1030 5035 ὑπὸ
1071 4984 1170 5052 τῆς
1217 4985 1272 5034 ἐν
1296 4982 1476 5042 αὐτοῖς
1524 4980 1788 5048 κινήσεως

218 5077 622 5141 ἐνθουσιῶντες,
651 5077 790 5130 κατὰ
840 5075 932 5128 τοῦ
961 5077 1135 5144 φωτὸς
1181 5073 1587 5130 ἐϐουλεύσαντο,
1630 5071 1680 5122 τί
1723 5071 1786 5140 δὴ

219 5172 544 5240 ποιήσαντες
576 5170 820 5223 δύναιντο
847 5169 912 5221 ἂν
943 5170 1138 5231 αὐτοὺς
1162 5167 1236 5237 τῷ
1275 5167 1544 5236 κρείττονι
1589 5179 1787 5229 συγκε-

224 5266 415 5338 ράσαι;
443 5262 612 5316 Τοῦτο
635 5263 692 5315 δὲ
734 5261 1053 5328 λογίσασθαι
1098 5263 1194 5329 οὐχ
1239 5254 1338 5312 οἶοί
1379 5277 1438 5310 τε
1465 5253 1623 5327 ἦσαν,
1671 5255 1787 5307 ἀλλ’

219 5357 485 5427 ἐπιθυμία
512 5357 606 5410 τοῦ
663 5355 967 5426 κρείττονος
1021 5356 1150 5407 [διον
1197 5355 1420 5423 θήραμα
1472 5352 1790 5420 νομίσαντες

216 5452 400 5514 αὐτοῖς
429 5449 670 5511 εσεσθαι,
711 5447 896 5500 πολλοὶ
929 5447 1079 5509 ὅντες
1123 5443 1642 5516 ἐπεστρατεύσαντο.

1897 4611 2033 4662 ratio
2067 4624 2096 4660 a
2135 4608 2279 4663 bono
2323 4608 2513 4662 ordine
2558 4607 2662 4660 hoc
2695 4606 2839 4676 quod
2882 4607 2979 4666 ait.
3029 4607 3296 4662 sublatam
3345 4621 3470 4660 esse

1897 4700 2356 4768 perturbationem
2387 4699 2614 4753 ordinis.
2659 4696 2749 4752 Sic
2781 4699 2946 4767 igitur
2985 4705 3069 4751 est
3113 4697 3166 4749 in
3204 4697 3346 4751 libro
3372 4699 3467 4766 qui

1896 4792 2039 4861 apud
2081 4791 2229 4861 ipsos
2259 4791 2434 4844 fertur
2462 4810 2474 4845 :
2504 4789 2771 4844 seditione
2803 4788 2948 4843 inter
2995 4789 3143 4857 ipsos
3173 4797 3313 4852 orta,
3348 4805 3470 4857 pro-

1895 4883 2112 4936 dierunt
2161 4896 2335 4951 usque
2383 4881 2450 4934 ad
2491 4879 2823 4944 conﬁnium,
2873 4887 2928 4935 et
2957 4880 3209 4933 viderunt
3260 4879 3465 4945 lumen,

1895 4975 2264 5042 5p.-ctacululn
2319 4973 2592 5042 quoddam
2647 4972 3074 5042 pulcherrimum
3120 4979 3176 5025 et
3225 4973 3467 5026 maxime

1895 5067 2154 5119 decorum
2193 5085 2204 5118 :
2247 5073 2376 5117 tunc
2409 5065 2770 5118 commotione
2811 5079 2908 5116 sua
2955 5063 3007 5115 in
3053 5063 3318 5115 insaniam
3360 5065 3465 5115 acti

1897 5159 2346 5212 consultavernnt
2374 5158 2439 5212 de
2467 5157 2666 5210 lumine
2697 5156 2825 5225 quid
2869 5155 3178 5208 faciendum
3208 5164 3374 5216 esset,
3408 5163 3467 5208 ut

1899 5267 1957 5305 se
1983 5266 2106 5303 cum
2145 5265 2211 5303 eo
2249 5249 2397 5318 quod
2438 5249 2785 5317 praestantius
2827 5258 2943 5300 erat
2990 5246 3301 5300 miscerent.
3355 5245 3467 5299 line

1900 5353 2078 5397 autem
2116 5343 2356 5411 cogitare
2405 5358 2510 5394 non
2545 5349 2820 5410 poterant,
2880 5340 2972 5393 sed
3019 5355 3128 5408 pne
3171 5339 3469 5408 cupiditate

1897 5433 2139 5489 melioris
2172 5433 2417 5487 arbitrati
2454 5432 2690 5486 futuram
2736 5446 2860 5485 esse
2890 5432 3164 5500 propriam
3206 5430 3466 5501 praedam,

1895 5539 2018 5578 cum
2058 5525 2211 5578 multi
2239 5531 2445 5586 essent,
2479 5523 2778 5578 extercitum
2820 5521 3118 5574 instruunt.

1238 5649 1366 5703 (ῚΑΡ.
1405 5646 1562 5699 XVII.
1598 5644 1926 5699 Desiderium
1951 5642 2177 5695 hominis
2214 5646 2424 5693 bonum.

293 5749 556 5804 Αανθὰνει
588 5749 643 5801 δὲ
673 5749 785 5810 τοῖς
823 5747 921 5816 τῆς
943 5747 1140 5809 κακίας
1165 5746 1299 5807 υίοῖς
1325 5744 1391 5797 τὰ
1421 5743 1635 5795 πάντων
1658 5739 1788 5793 κάλ-

219 5840 375 5898 λιστα
422 5840 846 5915 προμαρτυρῶν.
903 5841 961 5893 ΕΞ
994 5838 1100 5908 γὰρ
1147 5837 1207 5890 τὸ
1247 5837 1527 5891 κάλλιστον
1573 5833 1665 5886 καὶ
1702 5832 1786 5884 εύ-

1968 5737 2320 5797 Manicliaaus,
2365 5748 2485 5804 qua:
2530 5739 2658 5787 sunt
2706 5731 2949 5786 omnium
2994 5729 3361 5801 pulcherrima
3415 5736 3470 5782 et

1897 5829 2215 5896 bellissima,
2268 5827 2392 5883 ﬁliis
2439 5825 2694 5896 nequitia:
2733 5823 3043 5881 testimonio
3083 5837 3183 5879 suo
3215 5819 3468 5877 nesciens
