  <div class='ocr_page' id='page_1' title='image "/cluster/home/n/w/nwhite01/storage/ocr_20150623/18/pst.000005712038/563.png"; bbox 0 0 4058 6330; ppageno 0'>
   <div class='ocr_carea' id='block_1_1' title="bbox 614 389 744 444">
    <p class='ocr_par' dir='ltr' id='par_1_1' title="bbox 614 389 744 444">
     <span class='ocr_line' id='line_1_1' title="bbox 614 389 744 444; baseline -0.031 0"><span class='ocrx_word' id='word_1_1' title='bbox 614 389 744 444; x_wconf 69' lang='grc'><strong>1091</strong></span> 
     </span>
    </p>
   </div>
   <div class='ocr_carea' id='block_1_2' title="bbox 1749 381 2696 440">
    <p class='ocr_par' dir='ltr' id='par_1_2' title="bbox 1749 381 2696 440">
     <span class='ocr_line' id='line_1_2' title="bbox 1749 381 2696 440; baseline -0.003 0"><span class='ocrx_word' id='word_1_2' title='bbox 1749 383 1884 440; x_wconf 83' lang='lat' dir='ltr'><strong>TITI</strong></span> <span class='ocrx_word' id='word_1_3' title='bbox 1923 381 2347 439; x_wconf 74' lang='lat' dir='ltr'><strong>BOSTRENSIS</strong></span> <span class='ocrx_word' id='word_1_4' title='bbox 2387 382 2696 437; x_wconf 74' lang='lat' dir='ltr'><strong>EPISIZOPI</strong></span> 
     </span>
    </p>
   </div>
   <div class='ocr_carea' id='block_1_3' title="bbox 613 496 2180 575">
    <p class='ocr_par' dir='ltr' id='par_1_3' title="bbox 613 499 2180 571">
     <span class='ocr_line' id='line_1_3' title="bbox 613 499 2180 571; baseline -0.003 -15"><span class='ocrx_word' id='word_1_5' title='bbox 613 502 825 557; x_wconf 90' lang='lat' dir='ltr'><strong>tribuit.</strong></span> <span class='ocrx_word' id='word_1_6' title='bbox 856 500 1064 557; x_wconf 86' lang='lat' dir='ltr'><strong>Etenim</strong></span> <span class='ocrx_word' id='word_1_7' title='bbox 1099 502 1143 556; x_wconf 95' lang='lat' dir='ltr'><strong>si</strong></span> <span class='ocrx_word' id='word_1_8' title='bbox 1176 501 1321 570; x_wconf 90' lang='lat' dir='ltr'><strong>quod</strong></span> <span class='ocrx_word' id='word_1_9' title='bbox 1350 512 1435 557; x_wconf 88' lang='lat' dir='ltr'><strong>est</strong></span> <span class='ocrx_word' id='word_1_10' title='bbox 1463 500 1895 571; x_wconf 78' lang='lat' dir='ltr'><strong>pulcherrimum</strong></span> <span class='ocrx_word' id='word_1_11' title='bbox 1930 509 1985 556; x_wconf 90' lang='lat' dir='ltr'><strong>et</strong></span> <span class='ocrx_word' id='word_1_12' title='bbox 2012 499 2180 555; x_wconf 78' lang='lat' dir='ltr'><strong>maxi-</strong></span> 
     </span>
    </p>
   </div>
   <div class='ocr_carea' id='block_1_4' title="bbox 2283 496 3865 575">
    <p class='ocr_par' dir='ltr' id='par_1_4' title="bbox 2291 496 3865 575">
     <span class='ocr_line' id='line_1_4' title="bbox 2291 496 3865 575; baseline 0.003 -26"><span class='ocrx_word' id='word_1_13' title='bbox 2291 499 2666 575; x_wconf 82' lang='grc' dir='ltr'>πρεπέστατον</span> <span class='ocrx_word' id='word_1_14' title='bbox 2720 500 2996 569; x_wconf 75' lang='grc' dir='ltr'>ἐρασμεως</span> <span class='ocrx_word' id='word_1_15' title='bbox 3062 496 3234 565; x_wconf 80' lang='grc' dir='ltr'>εἶδον,</span> <span class='ocrx_word' id='word_1_16' title='bbox 3283 501 3375 553; x_wconf 76' lang='grc' dir='ltr'><strong>καὶ</strong></span> <span class='ocrx_word' id='word_1_17' title='bbox 3426 499 3865 570; x_wconf 74' lang='grc' dir='ltr'>ἐπιθυμήσαντες</span> 
     </span>
    </p>
   </div>
   <div class='ocr_carea' id='block_1_5' title="bbox 613 592 2184 661">
    <p class='ocr_par' dir='ltr' id='par_1_5' title="bbox 613 592 2184 661">
     <span class='ocr_line' id='line_1_5' title="bbox 613 592 2184 661; baseline -0.005 -9"><span class='ocrx_word' id='word_1_18' title='bbox 613 611 705 653; x_wconf 77' lang='lat' dir='ltr'><strong>ne</strong></span> <span class='ocrx_word' id='word_1_19' title='bbox 731 598 971 650; x_wconf 91' lang='lat' dir='ltr'><strong>omnium</strong></span> <span class='ocrx_word' id='word_1_20' title='bbox 1017 594 1299 659; x_wconf 89' lang='lat' dir='ltr'><strong>decorum,</strong></span> <span class='ocrx_word' id='word_1_21' title='bbox 1343 602 1593 647; x_wconf 88' lang='lat' dir='ltr'><strong>amanter</strong></span> <span class='ocrx_word' id='word_1_22' title='bbox 1627 593 1901 658; x_wconf 83' lang='lat' dir='ltr'><strong>viderunt,</strong></span> <span class='ocrx_word' id='word_1_23' title='bbox 1938 603 1995 645; x_wconf 90' lang='lat' dir='ltr'><strong>et</strong></span> <span class='ocrx_word' id='word_1_24' title='bbox 2026 592 2184 661; x_wconf 88' lang='lat' dir='ltr'><strong>cupi-</strong></span> 
     </span>
    </p>
   </div>
   <div class='ocr_carea' id='block_1_6' title="bbox 610 684 2188 757">
    <p class='ocr_par' dir='ltr' id='par_1_6' title="bbox 610 684 2188 757">
     <span class='ocr_line' id='line_1_6' title="bbox 610 684 2188 757; baseline -0.003 -14"><span class='ocrx_word' id='word_1_25' title='bbox 610 687 782 745; x_wconf 82' lang='lat' dir='ltr'><strong>ditate</strong></span> <span class='ocrx_word' id='word_1_26' title='bbox 829 688 1034 742; x_wconf 83' lang='lat' dir='ltr'><strong>incensi</strong></span> <span class='ocrx_word' id='word_1_27' title='bbox 1084 687 1357 757; x_wconf 79' lang='lat' dir='ltr'><strong>propriam</strong></span> <span class='ocrx_word' id='word_1_28' title='bbox 1403 685 1637 755; x_wconf 65' lang='lat' dir='ltr'><strong>praedam</strong></span> <span class='ocrx_word' id='word_1_29' title='bbox 1680 700 1803 740; x_wconf 87' lang='lat' dir='ltr'><strong>esse</strong></span> <span class='ocrx_word' id='word_1_30' title='bbox 1842 684 2188 739; x_wconf 77' lang='lat' dir='ltr'><strong>existimave-</strong></span> 
     </span>
    </p>
   </div>
   <div class='ocr_carea' id='block_1_7' title="bbox 612 775 2190 847">
    <p class='ocr_par' dir='ltr' id='par_1_7' title="bbox 612 775 2190 847">
     <span class='ocr_line' id='line_1_7' title="bbox 612 775 2190 847; baseline -0.002 -15"><span class='ocrx_word' id='word_1_31' title='bbox 612 784 763 842; x_wconf 86' lang='lat' dir='ltr'><strong>runt,</strong></span> <span class='ocrx_word' id='word_1_32' title='bbox 803 778 972 847; x_wconf 91' lang='lat' dir='ltr'><strong>liquet</strong></span> <span class='ocrx_word' id='word_1_33' title='bbox 1026 786 1173 830; x_wconf 80' lang='lat' dir='ltr'><strong>recte</strong></span> <span class='ocrx_word' id='word_1_34' title='bbox 1223 778 1483 832; x_wconf 77' lang='lat' dir='ltr'><strong>sensisse.</strong></span> <span class='ocrx_word' id='word_1_35' title='bbox 1529 776 1711 843; x_wconf 83' lang='lat' dir='ltr'><strong>Quare</strong></span> <span class='ocrx_word' id='word_1_36' title='bbox 1755 775 2047 831; x_wconf 85' lang='lat' dir='ltr'><strong>consilium</strong></span> <span class='ocrx_word' id='word_1_37' title='bbox 2095 790 2190 829; x_wconf 86' lang='lat' dir='ltr'><strong>ca-</strong></span> 
     </span>
    </p>
   </div>
   <div class='ocr_carea' id='block_1_8' title="bbox 612 868 2188 939">
    <p class='ocr_par' dir='ltr' id='par_1_8' title="bbox 612 868 2188 939">
     <span class='ocr_line' id='line_1_8' title="bbox 612 868 2188 939; baseline 0.001 -17"><span class='ocrx_word' id='word_1_38' title='bbox 612 870 790 938; x_wconf 87' lang='lat' dir='ltr'><strong>piunt,</strong></span> <span class='ocrx_word' id='word_1_39' title='bbox 811 870 901 939; x_wconf 88' lang='lat' dir='ltr'><strong>qui</strong></span> <span class='ocrx_word' id='word_1_40' title='bbox 936 885 1043 923; x_wconf 91' lang='lat' dir='ltr'><strong>non</strong></span> <span class='ocrx_word' id='word_1_41' title='bbox 1080 876 1207 923; x_wconf 90' lang='lat' dir='ltr'><strong>sunt</strong></span> <span class='ocrx_word' id='word_1_42' title='bbox 1241 870 1468 924; x_wconf 87' lang='lat' dir='ltr'><strong>rationis</strong></span> <span class='ocrx_word' id='word_1_43' title='bbox 1492 869 1802 939; x_wconf 81' lang='lat' dir='ltr'><strong>participes,</strong></span> <span class='ocrx_word' id='word_1_44' title='bbox 1826 868 2099 938; x_wconf 82' lang='lat' dir='ltr'><strong>quomodo</strong></span> <span class='ocrx_word' id='word_1_45' title='bbox 2128 884 2188 923; x_wconf 86' lang='lat' dir='ltr'><strong>se</strong></span> 
     </span>
    </p>
   </div>
   <div class='ocr_carea' id='block_1_9' title="bbox 610 960 2187 1031">
    <p class='ocr_par' dir='ltr' id='par_1_9' title="bbox 610 960 2187 1031">
     <span class='ocr_line' id='line_1_9' title="bbox 610 960 2187 1031; baseline 0 -18"><span class='ocrx_word' id='word_1_46' title='bbox 610 961 716 1031; x_wconf 88' lang='lat' dir='ltr'><strong>ipsi</strong></span> <span class='ocrx_word' id='word_1_47' title='bbox 748 976 873 1015; x_wconf 90' lang='lat' dir='ltr'><strong>cum</strong></span> <span class='ocrx_word' id='word_1_48' title='bbox 909 961 1110 1015; x_wconf 87' lang='lat' dir='ltr'><strong>lumine</strong></span> <span class='ocrx_word' id='word_1_49' title='bbox 1143 960 1453 1027; x_wconf 77' lang='lat' dir='ltr'><strong>misceant;</strong></span> <span class='ocrx_word' id='word_1_50' title='bbox 1504 969 1558 1015; x_wconf 91' lang='lat' dir='ltr'><strong>et</strong></span> <span class='ocrx_word' id='word_1_51' title='bbox 1606 961 1934 1029; x_wconf 77' lang='lat' dir='ltr'><strong>relinquitur</strong></span> <span class='ocrx_word' id='word_1_52' title='bbox 1960 1000 1976 1023; x_wconf 97' lang='lat'><strong>,</strong></span> <span class='ocrx_word' id='word_1_53' title='bbox 2017 970 2077 1014; x_wconf 85' lang='lat' dir='ltr'><strong>ut</strong></span> <span class='ocrx_word' id='word_1_54' title='bbox 2100 960 2187 1013; x_wconf 91' lang='lat' dir='ltr'><strong>in-</strong></span> 
     </span>
    </p>
   </div>
   <div class='ocr_carea' id='block_1_10' title="bbox 616 1050 2185 1121">
    <p class='ocr_par' dir='ltr' id='par_1_10' title="bbox 616 1050 2185 1121">
     <span class='ocr_line' id='line_1_10' title="bbox 616 1050 2185 1121; baseline -0.002 -16"><span class='ocrx_word' id='word_1_55' title='bbox 616 1053 756 1106; x_wconf 70' lang='lat' dir='ltr'><strong>vidia</strong></span> <span class='ocrx_word' id='word_1_56' title='bbox 802 1063 966 1117; x_wconf 84' lang='lat' dir='ltr'><strong>esset,</strong></span> <span class='ocrx_word' id='word_1_57' title='bbox 1016 1067 1123 1106; x_wconf 91' lang='lat' dir='ltr'><strong>non</strong></span> <span class='ocrx_word' id='word_1_58' title='bbox 1167 1054 1483 1121; x_wconf 77' lang='lat' dir='ltr'><strong>permittere</strong></span> <span class='ocrx_word' id='word_1_59' title='bbox 1542 1052 1664 1106; x_wconf 87' lang='lat' dir='ltr'><strong>istis</strong></span> <span class='ocrx_word' id='word_1_60' title='bbox 1706 1050 1810 1104; x_wconf 94' lang='lat' dir='ltr'><strong>frui</strong></span> <span class='ocrx_word' id='word_1_61' title='bbox 1857 1050 2042 1105; x_wconf 91' lang='lat' dir='ltr'><strong>bono:</strong></span> <span class='ocrx_word' id='word_1_62' title='bbox 2079 1064 2185 1103; x_wconf 91' lang='lat' dir='ltr'><strong>non</strong></span> 
     </span>
    </p>
   </div>
   <div class='ocr_carea' id='block_1_11' title="bbox 608 1143 2188 1201">
    <p class='ocr_par' dir='ltr' id='par_1_11' title="bbox 608 1143 2188 1201">
     <span class='ocr_line' id='line_1_11' title="bbox 608 1143 2188 1201; baseline -0.001 -3"><span class='ocrx_word' id='word_1_63' title='bbox 608 1145 756 1201; x_wconf 87' lang='lat' dir='ltr'><strong>enim</strong></span> <span class='ocrx_word' id='word_1_64' title='bbox 797 1156 915 1199; x_wconf 88' lang='lat' dir='ltr'><strong>erat</strong></span> <span class='ocrx_word' id='word_1_65' title='bbox 944 1158 1125 1200; x_wconf 80' lang='lat' dir='ltr'><strong>sermo</strong></span> <span class='ocrx_word' id='word_1_66' title='bbox 1156 1143 1439 1199; x_wconf 71' lang='lat' dir='ltr'><strong>Manichazi</strong></span> <span class='ocrx_word' id='word_1_67' title='bbox 1482 1152 1764 1199; x_wconf 85' lang='lat' dir='ltr'><strong>constans.</strong></span> <span class='ocrx_word' id='word_1_68' title='bbox 1798 1143 1857 1198; x_wconf 93' lang='lat' dir='ltr'><strong>Si</strong></span> <span class='ocrx_word' id='word_1_69' title='bbox 1890 1146 2032 1199; x_wconf 91' lang='lat' dir='ltr'><strong>enim</strong></span> <span class='ocrx_word' id='word_1_70' title='bbox 2062 1158 2188 1198; x_wconf 82' lang='lat' dir='ltr'><strong>con-</strong></span> 
     </span>
    </p>
   </div>
   <div class='ocr_carea' id='block_1_12' title="bbox 611 1236 2183 1305">
    <p class='ocr_par' dir='ltr' id='par_1_12' title="bbox 611 1236 2183 1305">
     <span class='ocr_line' id='line_1_12' title="bbox 611 1236 2183 1305; baseline 0.001 -16"><span class='ocrx_word' id='word_1_71' title='bbox 611 1248 697 1291; x_wconf 85' lang='lat' dir='ltr'><strong>tra</strong></span> <span class='ocrx_word' id='word_1_72' title='bbox 721 1254 781 1293; x_wconf 90' lang='lat' dir='ltr'><strong>se</strong></span> <span class='ocrx_word' id='word_1_73' title='bbox 814 1236 1181 1301; x_wconf 89' lang='lat' dir='ltr'><strong>insaniebant,</strong></span> <span class='ocrx_word' id='word_1_74' title='bbox 1211 1237 1492 1305; x_wconf 83' lang='lat' dir='ltr'><strong>oportebat</strong></span> <span class='ocrx_word' id='word_1_75' title='bbox 1514 1236 1732 1305; x_wconf 85' lang='lat' dir='ltr'><strong>quidem</strong></span> <span class='ocrx_word' id='word_1_76' title='bbox 1761 1236 2035 1291; x_wconf 85' lang='lat' dir='ltr'><strong>dimittere</strong></span> <span class='ocrx_word' id='word_1_77' title='bbox 2068 1250 2183 1300; x_wconf 87' lang='lat' dir='ltr'><strong>eos,</strong></span> 
     </span>
    </p>
   </div>
   <div class='ocr_carea' id='block_1_13' title="bbox 612 1325 2185 1395">
    <p class='ocr_par' dir='ltr' id='par_1_13' title="bbox 612 1325 2185 1395">
     <span class='ocr_line' id='line_1_13' title="bbox 612 1325 2185 1395; baseline 0 -16"><span class='ocrx_word' id='word_1_78' title='bbox 612 1334 672 1379; x_wconf 92' lang='lat' dir='ltr'><strong>ut</strong></span> <span class='ocrx_word' id='word_1_79' title='bbox 705 1342 736 1379; x_wconf 90' lang='lat' dir='ltr'><strong>a</strong></span> <span class='ocrx_word' id='word_1_80' title='bbox 778 1340 837 1380; x_wconf 91' lang='lat' dir='ltr'><strong>se</strong></span> <span class='ocrx_word' id='word_1_81' title='bbox 878 1327 1013 1395; x_wconf 84' lang='lat' dir='ltr'><strong>ipsis</strong></span> <span class='ocrx_word' id='word_1_82' title='bbox 1048 1326 1355 1380; x_wconf 89' lang='lat' dir='ltr'><strong>interirent.</strong></span> <span class='ocrx_word' id='word_1_83' title='bbox 1412 1325 1469 1379; x_wconf 88' lang='lat' dir='ltr'><strong>Si</strong></span> <span class='ocrx_word' id='word_1_84' title='bbox 1500 1325 1776 1381; x_wconf 82' lang='lat' dir='ltr'><strong>desiderio</strong></span> <span class='ocrx_word' id='word_1_85' title='bbox 1808 1326 2032 1381; x_wconf 89' lang='lat' dir='ltr'><strong>luminis</strong></span> <span class='ocrx_word' id='word_1_86' title='bbox 2060 1335 2185 1379; x_wconf 82' lang='lat' dir='ltr'><strong>tan-</strong></span> 
     </span>
    </p>
   </div>
   <div class='ocr_carea' id='block_1_14' title="bbox 610 1415 2186 1485">
    <p class='ocr_par' dir='ltr' id='par_1_14' title="bbox 610 1415 2186 1485">
     <span class='ocr_line' id='line_1_14' title="bbox 610 1415 2186 1485; baseline 0.001 -16"><span class='ocrx_word' id='word_1_87' title='bbox 610 1428 774 1485; x_wconf 85' lang='lat' dir='ltr'><strong>quam</strong></span> <span class='ocrx_word' id='word_1_88' title='bbox 817 1415 1093 1485; x_wconf 71' lang='lat' dir='ltr'><strong>elegantes</strong></span> <span class='ocrx_word' id='word_1_89' title='bbox 1123 1415 1466 1479; x_wconf 83' lang='lat' dir='ltr'><strong>tenebantur,</strong></span> <span class='ocrx_word' id='word_1_90' title='bbox 1518 1415 1809 1471; x_wconf 80' lang='lat' dir='ltr'><strong>honestum</strong></span> <span class='ocrx_word' id='word_1_91' title='bbox 1854 1418 2018 1471; x_wconf 91' lang='lat' dir='ltr'><strong>etiam</strong></span> <span class='ocrx_word' id='word_1_92' title='bbox 2066 1424 2186 1471; x_wconf 85' lang='lat' dir='ltr'><strong>erat</strong></span> 
     </span>
    </p>
   </div>
   <div class='ocr_carea' id='block_1_15' title="bbox 608 1504 2189 1570">
    <p class='ocr_par' dir='ltr' id='par_1_15' title="bbox 608 1504 2189 1570">
     <span class='ocr_line' id='line_1_15' title="bbox 608 1504 2189 1570; baseline 0.001 -11"><span class='ocrx_word' id='word_1_93' title='bbox 608 1507 691 1561; x_wconf 88' lang='lat' dir='ltr'><strong>eia</strong></span> <span class='ocrx_word' id='word_1_94' title='bbox 719 1505 1042 1570; x_wconf 84' lang='lat' dir='ltr'><strong>concedere,</strong></span> <span class='ocrx_word' id='word_1_95' title='bbox 1070 1514 1130 1560; x_wconf 91' lang='lat' dir='ltr'><strong>ut</strong></span> <span class='ocrx_word' id='word_1_96' title='bbox 1160 1504 1496 1561; x_wconf 88' lang='lat' dir='ltr'><strong>fruerentur.</strong></span> <span class='ocrx_word' id='word_1_97' title='bbox 1527 1506 1795 1561; x_wconf 86' lang='lat' dir='ltr'><strong>Decorqu</strong></span> <span class='ocrx_word' id='word_1_98' title='bbox 1822 1508 1969 1563; x_wconf 82' lang='lat' dir='ltr'><strong>enim</strong></span> <span class='ocrx_word' id='word_1_99' title='bbox 2001 1516 2054 1563; x_wconf 91' lang='lat' dir='ltr'><strong>et</strong></span> <span class='ocrx_word' id='word_1_100' title='bbox 2074 1510 2189 1561; x_wconf 71' lang='lat' dir='ltr'><strong>la&#39;u-</strong></span> 
     </span>
    </p>
   </div>
   <div class='ocr_carea' id='block_1_16' title="bbox 608 1596 2187 1653">
    <p class='ocr_par' dir='ltr' id='par_1_16' title="bbox 608 1596 2187 1653">
     <span class='ocr_line' id='line_1_16' title="bbox 608 1596 2187 1653; baseline -0.001 -2"><span class='ocrx_word' id='word_1_101' title='bbox 608 1596 790 1651; x_wconf 86' lang='lat' dir='ltr'><strong>dabile</strong></span> <span class='ocrx_word' id='word_1_102' title='bbox 824 1596 1048 1651; x_wconf 88' lang='lat' dir='ltr'><strong>omnino</strong></span> <span class='ocrx_word' id='word_1_103' title='bbox 1094 1604 1179 1651; x_wconf 86' lang='lat' dir='ltr'><strong>est</strong></span> <span class='ocrx_word' id='word_1_104' title='bbox 1214 1598 1513 1651; x_wconf 90' lang='lat' dir='ltr'><strong>secundum</strong></span> <span class='ocrx_word' id='word_1_105' title='bbox 1562 1609 1813 1651; x_wconf 88' lang='lat' dir='ltr'><strong>naturam</strong></span> <span class='ocrx_word' id='word_1_106' title='bbox 1858 1598 2187 1653; x_wconf 79' lang='lat' dir='ltr'><strong>desiderium</strong></span> 
     </span>
    </p>
   </div>
   <div class='ocr_carea' id='block_1_17' title="bbox 610 1688 2186 1760">
    <p class='ocr_par' dir='ltr' id='par_1_17' title="bbox 610 1688 2186 1760">
     <span class='ocr_line' id='line_1_17' title="bbox 610 1688 2186 1760; baseline -0.002 -16"><span class='ocrx_word' id='word_1_107' title='bbox 610 1689 761 1755; x_wconf 90' lang='lat' dir='ltr'><strong>boni,</strong></span> <span class='ocrx_word' id='word_1_108' title='bbox 800 1704 910 1760; x_wconf 91' lang='lat' dir='ltr'><strong>quo</strong></span> <span class='ocrx_word' id='word_1_109' title='bbox 941 1688 1047 1742; x_wconf 88' lang='lat' dir='ltr'><strong>frui</strong></span> <span class='ocrx_word' id='word_1_110' title='bbox 1080 1704 1191 1743; x_wconf 92' lang='lat' dir='ltr'><strong>non</strong></span> <span class='ocrx_word' id='word_1_111' title='bbox 1212 1697 1528 1759; x_wconf 86' lang='lat' dir='ltr'><strong>potuerunt,</strong></span> <span class='ocrx_word' id='word_1_112' title='bbox 1563 1688 1706 1743; x_wconf 89' lang='lat' dir='ltr'><strong>sicut</strong></span> <span class='ocrx_word' id='word_1_113' title='bbox 1735 1688 1811 1741; x_wconf 86' lang='lat' dir='ltr'><strong>ait</strong></span> <span class='ocrx_word' id='word_1_114' title='bbox 1834 1689 1929 1758; x_wconf 92' lang='lat' dir='ltr'><strong>qui</strong></span> <span class='ocrx_word' id='word_1_115' title='bbox 1959 1688 2186 1759; x_wconf 85' lang='lat' dir='ltr'><strong>dogma-</strong></span> 
     </span>
    </p>
   </div>
   <div class='ocr_carea' id='block_1_18' title="bbox 609 1780 2191 1851">
    <p class='ocr_par' dir='ltr' id='par_1_18' title="bbox 609 1780 2191 1851">
     <span class='ocr_line' id='line_1_18' title="bbox 609 1780 2191 1851; baseline -0.001 -16"><span class='ocrx_word' id='word_1_116' title='bbox 609 1791 665 1835; x_wconf 90' lang='lat' dir='ltr'><strong>ta</strong></span> <span class='ocrx_word' id='word_1_117' title='bbox 691 1780 974 1835; x_wconf 67' lang='lat' dir='ltr'><strong>Ianichmi</strong></span> <span class='ocrx_word' id='word_1_118' title='bbox 1005 1780 1258 1849; x_wconf 82' lang='lat' dir='ltr'><strong>scripsit;</strong></span> <span class='ocrx_word' id='word_1_119' title='bbox 1293 1794 1416 1833; x_wconf 92' lang='lat' dir='ltr'><strong>cum</strong></span> <span class='ocrx_word' id='word_1_120' title='bbox 1448 1780 1645 1847; x_wconf 86' lang='lat' dir='ltr'><strong>alioqui</strong></span> <span class='ocrx_word' id='word_1_121' title='bbox 1676 1780 2070 1843; x_wconf 85' lang='lat' dir='ltr'><strong>desiderarent,</strong></span> <span class='ocrx_word' id='word_1_122' title='bbox 2095 1795 2191 1851; x_wconf 52' lang='lat' dir='ltr'><strong>po.</strong></span> 
     </span>
    </p>
   </div>
   <div class='ocr_carea' id='block_1_19' title="bbox 2288 588 3866 661">
    <p class='ocr_par' dir='ltr' id='par_1_19' title="bbox 2288 588 3866 661">
     <span class='ocr_line' id='line_1_19' title="bbox 2288 588 3866 661; baseline 0.001 -20"><span class='ocrx_word' id='word_1_123' title='bbox 2288 588 2510 661; x_wconf 83' lang='grc' dir='ltr'>θήραμα</span> <span class='ocrx_word' id='word_1_124' title='bbox 2548 589 2677 642; x_wconf 85' lang='grc' dir='ltr'>ῐδιον</span> <span class='ocrx_word' id='word_1_125' title='bbox 2720 590 2977 660; x_wconf 78' lang='grc' dir='ltr'><strong>ἐνόμισαν</strong></span> <span class='ocrx_word' id='word_1_126' title='bbox 3026 593 3191 654; x_wconf 74' lang='grc' dir='ltr'>αὐτὸ,</span> <span class='ocrx_word' id='word_1_127' title='bbox 3226 591 3416 661; x_wconf 83' lang='grc' dir='ltr'>δῆλον,</span> <span class='ocrx_word' id='word_1_128' title='bbox 3468 590 3546 653; x_wconf 86' lang='grc' dir='ltr'><strong>ῶς</strong></span> <span class='ocrx_word' id='word_1_129' title='bbox 3595 589 3754 659; x_wconf 78' lang='grc' dir='ltr'>ὀρθοί</span> <span class='ocrx_word' id='word_1_130' title='bbox 3804 606 3866 657; x_wconf 83' lang='grc' dir='ltr'><strong>γε</strong></span> 
     </span>
    </p>
   </div>
   <div class='ocr_carea' id='block_1_20' title="bbox 2287 677 3864 754">
    <p class='ocr_par' dir='ltr' id='par_1_20' title="bbox 2287 677 3864 754">
     <span class='ocr_line' id='line_1_20' title="bbox 2287 677 3864 754; baseline 0.003 -21"><span class='ocrx_word' id='word_1_131' title='bbox 2287 677 2426 752; x_wconf 81' lang='grc' dir='ltr'>ἦσαν</span> <span class='ocrx_word' id='word_1_132' title='bbox 2453 684 2551 754; x_wconf 82' lang='grc' dir='ltr'>τὴν</span> <span class='ocrx_word' id='word_1_133' title='bbox 2573 682 2857 752; x_wconf 81' lang='grc' dir='ltr'><strong>ὑπόληψιν.</strong></span> <span class='ocrx_word' id='word_1_134' title='bbox 2900 685 3061 738; x_wconf 83' lang='grc' dir='ltr'>ὀστε</span> <span class='ocrx_word' id='word_1_135' title='bbox 3108 687 3204 739; x_wconf 70' lang='grc' dir='ltr'><strong>καὶ</strong></span> <span class='ocrx_word' id='word_1_136' title='bbox 3241 683 3583 754; x_wconf 79' lang='grc' dir='ltr'><strong>βουλεύονται</strong></span> <span class='ocrx_word' id='word_1_137' title='bbox 3622 685 3674 736; x_wconf 85' lang='grc' dir='ltr'>οἱ</span> <span class='ocrx_word' id='word_1_138' title='bbox 3704 682 3864 751; x_wconf 75' lang='grc' dir='ltr'>λόγου</span> 
     </span>
    </p>
   </div>
   <div class='ocr_carea' id='block_1_21' title="bbox 2287 772 3866 848">
    <p class='ocr_par' dir='ltr' id='par_1_21' title="bbox 2287 772 3866 848">
     <span class='ocr_line' id='line_1_21' title="bbox 2287 772 3866 848; baseline 0.001 -22"><span class='ocrx_word' id='word_1_139' title='bbox 2287 772 2367 843; x_wconf 77' lang='grc' dir='ltr'>μὴ</span> <span class='ocrx_word' id='word_1_140' title='bbox 2413 774 2758 843; x_wconf 77' lang='grc' dir='ltr'><strong>μετέχοντες,</strong></span> <span class='ocrx_word' id='word_1_141' title='bbox 2808 776 2955 838; x_wconf 83' lang='grc' dir='ltr'>ὅπως</span> <span class='ocrx_word' id='word_1_142' title='bbox 2998 776 3063 828; x_wconf 77' lang='grc' dir='ltr'>ἂν</span> <span class='ocrx_word' id='word_1_143' title='bbox 3108 779 3333 840; x_wconf 84' lang='grc' dir='ltr'>ἐαυτοὺς</span> <span class='ocrx_word' id='word_1_144' title='bbox 3377 776 3739 848; x_wconf 74' lang='grc' dir='ltr'>ἐγκεράσαιεν</span> <span class='ocrx_word' id='word_1_145' title='bbox 3789 775 3866 846; x_wconf 76' lang='grc' dir='ltr'>τῷ</span> 
     </span>
    </p>
   </div>
   <div class='ocr_carea' id='block_1_22' title="bbox 2288 862 3865 939">
    <p class='ocr_par' dir='ltr' id='par_1_22' title="bbox 2288 862 3865 939">
     <span class='ocr_line' id='line_1_22' title="bbox 2288 862 3865 939; baseline 0.003 -25"><span class='ocrx_word' id='word_1_146' title='bbox 2288 863 2455 931; x_wconf 85' lang='grc' dir='ltr'>φωτί·</span> <span class='ocrx_word' id='word_1_147' title='bbox 2495 865 2588 915; x_wconf 75' lang='grc' dir='ltr'><strong>καὶ</strong></span> <span class='ocrx_word' id='word_1_148' title='bbox 2642 863 2837 933; x_wconf 77' lang='grc' dir='ltr'><strong>φθόνου</strong></span> <span class='ocrx_word' id='word_1_149' title='bbox 2872 865 3057 919; x_wconf 88' lang='grc' dir='ltr'>λοιπὸν</span> <span class='ocrx_word' id='word_1_150' title='bbox 3107 862 3175 937; x_wconf 79' lang='grc' dir='ltr'>ἦν</span> <span class='ocrx_word' id='word_1_151' title='bbox 3214 869 3277 921; x_wconf 81' lang='grc' dir='ltr'>τὸ</span> <span class='ocrx_word' id='word_1_152' title='bbox 3307 869 3382 939; x_wconf 83' lang='grc' dir='ltr'>μὴ</span> <span class='ocrx_word' id='word_1_153' title='bbox 3412 871 3624 922; x_wconf 80' lang='grc' dir='ltr'>ἀνεῖναι</span> <span class='ocrx_word' id='word_1_154' title='bbox 3652 868 3865 929; x_wconf 77' lang='grc' dir='ltr'>τούτοις</span> 
     </span>
    </p>
   </div>
   <div class='ocr_carea' id='block_1_23' title="bbox 2286 957 3864 1036">
    <p class='ocr_par' dir='ltr' id='par_1_23' title="bbox 2286 957 3864 1036">
     <span class='ocr_line' id='line_1_23' title="bbox 2286 957 3864 1036; baseline 0.005 -26"><span class='ocrx_word' id='word_1_155' title='bbox 2286 957 2381 1011; x_wconf 87' lang='grc' dir='ltr'><strong>τοῦ</strong></span> <span class='ocrx_word' id='word_1_156' title='bbox 2426 958 2633 1025; x_wconf 79' lang='grc' dir='ltr'>ἀγαθοῦ</span> <span class='ocrx_word' id='word_1_157' title='bbox 2677 959 2775 1029; x_wconf 78' lang='grc' dir='ltr'>τὴν</span> <span class='ocrx_word' id='word_1_158' title='bbox 2825 961 3155 1014; x_wconf 78' lang='grc' dir='ltr'>ἀπόλαυσιν·</span> <span class='ocrx_word' id='word_1_159' title='bbox 3197 966 3295 1035; x_wconf 65' lang='grc' dir='ltr'><strong>οὐχ</strong></span> <span class='ocrx_word' id='word_1_160' title='bbox 3345 965 3544 1034; x_wconf 73' lang='grc' dir='ltr'>ἕστηκε</span> <span class='ocrx_word' id='word_1_161' title='bbox 3609 964 3720 1036; x_wconf 79' lang='grc' dir='ltr'>γὰρ</span> <span class='ocrx_word' id='word_1_162' title='bbox 3774 962 3864 1016; x_wconf 79' lang='grc' dir='ltr'><strong>τοῦ</strong></span> 
     </span>
    </p>
   </div>
   <div class='ocr_carea' id='block_1_24' title="bbox 2287 1049 3867 1129">
    <p class='ocr_par' dir='ltr' id='par_1_24' title="bbox 2287 1049 3867 1129">
     <span class='ocr_line' id='line_1_24' title="bbox 2287 1049 3867 1129; baseline 0.006 -27"><span class='ocrx_word' id='word_1_163' title='bbox 2287 1049 2559 1112; x_wconf 74' lang='grc' dir='ltr'>Μάνεντος</span> <span class='ocrx_word' id='word_1_164' title='bbox 2577 1051 2605 1101; x_wconf 82' lang='grc' dir='ltr'>ὁ</span> <span class='ocrx_word' id='word_1_165' title='bbox 2623 1050 2797 1117; x_wconf 85' lang='grc' dir='ltr'><strong>λόγος.</strong></span> <span class='ocrx_word' id='word_1_166' title='bbox 2811 1053 2873 1105; x_wconf 86' lang='lat' dir='ltr'><strong>Ei</strong></span> <span class='ocrx_word' id='word_1_167' title='bbox 2900 1053 3007 1123; x_wconf 80' lang='grc' dir='ltr'>γὰρ</span> <span class='ocrx_word' id='word_1_168' title='bbox 3029 1056 3148 1107; x_wconf 77' lang='grc' dir='ltr'>κατ’</span> <span class='ocrx_word' id='word_1_169' title='bbox 3171 1056 3417 1127; x_wconf 86' lang='grc' dir='ltr'>ἀλλήλων</span> <span class='ocrx_word' id='word_1_170' title='bbox 3431 1061 3746 1129; x_wconf 75' lang='grc' dir='ltr'><strong>ἐμαίνοντο,</strong></span> <span class='ocrx_word' id='word_1_171' title='bbox 3775 1062 3867 1113; x_wconf 76' lang='grc' dir='ltr'><strong>καὶ</strong></span> 
     </span>
    </p>
   </div>
   <div class='ocr_carea' id='block_1_25' title="bbox 2286 1142 3860 1222">
    <p class='ocr_par' dir='ltr' id='par_1_25' title="bbox 2286 1142 3860 1222">
     <span class='ocr_line' id='line_1_25' title="bbox 2286 1142 3860 1222; baseline 0.006 -29"><span class='ocrx_word' id='word_1_172' title='bbox 2286 1142 2393 1194; x_wconf 77' lang='grc' dir='ltr'>ἔδει</span> <span class='ocrx_word' id='word_1_173' title='bbox 2417 1159 2479 1209; x_wconf 86' lang='grc' dir='ltr'><strong>γε</strong></span> <span class='ocrx_word' id='word_1_174' title='bbox 2509 1144 2704 1205; x_wconf 75' lang='grc' dir='ltr'>αὐτοὺς</span> <span class='ocrx_word' id='word_1_175' title='bbox 2738 1144 3057 1197; x_wconf 81' lang='grc' dir='ltr'>καταλιπεῖν</span> <span class='ocrx_word' id='word_1_176' title='bbox 3085 1148 3173 1198; x_wconf 78' lang='grc' dir='ltr'><strong>ὑπ’</strong></span> <span class='ocrx_word' id='word_1_177' title='bbox 3213 1148 3458 1220; x_wconf 84' lang='grc' dir='ltr'>ἀλλήλων</span> <span class='ocrx_word' id='word_1_178' title='bbox 3505 1151 3860 1222; x_wconf 71' lang='grc' dir='ltr'><strong>φθείρεσθαι·</strong></span> 
     </span>
    </p>
   </div>
   <div class='ocr_carea' id='block_1_26' title="bbox 2287 1234 3867 1316">
    <p class='ocr_par' dir='ltr' id='par_1_26' title="bbox 2287 1234 3867 1316">
     <span class='ocr_line' id='line_1_26' title="bbox 2287 1234 3867 1316; baseline 0.009 -30"><span class='ocrx_word' id='word_1_179' title='bbox 2287 1236 2336 1286; x_wconf 84' lang='grc' dir='ltr'><strong>εί</strong></span> <span class='ocrx_word' id='word_1_180' title='bbox 2369 1234 2424 1286; x_wconf 84' lang='grc' dir='ltr'><strong>δέ</strong></span> <span class='ocrx_word' id='word_1_181' title='bbox 2479 1235 2831 1307; x_wconf 78' lang='grc' dir='ltr'><strong>ἐπεθύμησαν</strong></span> <span class='ocrx_word' id='word_1_182' title='bbox 2856 1238 2931 1300; x_wconf 84' lang='grc' dir='ltr'>ὡς</span> <span class='ocrx_word' id='word_1_183' title='bbox 2970 1239 3171 1292; x_wconf 80' lang='grc' dir='ltr'><strong>ἀστεῖοι</strong></span> <span class='ocrx_word' id='word_1_184' title='bbox 3196 1241 3288 1293; x_wconf 85' lang='grc' dir='ltr'><strong>τοῦ</strong></span> <span class='ocrx_word' id='word_1_185' title='bbox 3316 1245 3512 1312; x_wconf 79' lang='grc' dir='ltr'>φωτὸς,</span> <span class='ocrx_word' id='word_1_186' title='bbox 3549 1246 3644 1298; x_wconf 76' lang='grc' dir='ltr'><strong>καὶ</strong></span> <span class='ocrx_word' id='word_1_187' title='bbox 3696 1262 3867 1316; x_wconf 72' lang='grc' dir='ltr'>προσ-</span> 
     </span>
    </p>
   </div>
   <div class='ocr_carea' id='block_1_27' title="bbox 2287 1325 3863 1407">
    <p class='ocr_par' dir='ltr' id='par_1_27' title="bbox 2287 1325 3863 1407">
     <span class='ocr_line' id='line_1_27' title="bbox 2287 1325 3863 1407; baseline 0.006 -26"><span class='ocrx_word' id='word_1_188' title='bbox 2287 1330 2421 1399; x_wconf 78' lang='grc' dir='ltr'>ῆκον</span> <span class='ocrx_word' id='word_1_189' title='bbox 2461 1325 2530 1400; x_wconf 80' lang='grc' dir='ltr'>ἦν</span> <span class='ocrx_word' id='word_1_190' title='bbox 2574 1332 2757 1394; x_wconf 83' lang='grc' dir='ltr'>αὐτοῖς</span> <span class='ocrx_word' id='word_1_191' title='bbox 2806 1332 3097 1403; x_wconf 71' lang='grc' dir='ltr'>ἐπιτρέψαι</span> <span class='ocrx_word' id='word_1_192' title='bbox 3139 1334 3329 1388; x_wconf 88' lang='grc' dir='ltr'>τούτου</span> <span class='ocrx_word' id='word_1_193' title='bbox 3380 1339 3474 1407; x_wconf 77' lang='grc' dir='ltr'>τὴν</span> <span class='ocrx_word' id='word_1_194' title='bbox 3525 1339 3863 1392; x_wconf 71' lang='grc' dir='ltr'>ἀπόλαυσιν·</span> 
     </span>
    </p>
   </div>
   <div class='ocr_carea' id='block_1_28' title="bbox 2288 1421 3864 1501">
    <p class='ocr_par' dir='ltr' id='par_1_28' title="bbox 2288 1421 3864 1501">
     <span class='ocr_line' id='line_1_28' title="bbox 2288 1421 3864 1501; baseline 0.005 -28"><span class='ocrx_word' id='word_1_195' title='bbox 2288 1421 2478 1474; x_wconf 86' lang='grc' dir='ltr'>ἀστεία</span> <span class='ocrx_word' id='word_1_196' title='bbox 2522 1422 2631 1494; x_wconf 80' lang='grc' dir='ltr'><strong>γὰρ</strong></span> <span class='ocrx_word' id='word_1_197' title='bbox 2661 1425 2751 1475; x_wconf 81' lang='grc' dir='ltr'><strong>καὶ</strong></span> <span class='ocrx_word' id='word_1_198' title='bbox 2787 1425 3042 1495; x_wconf 85' lang='grc' dir='ltr'>ἐπαινετὴ</span> <span class='ocrx_word' id='word_1_199' title='bbox 3086 1426 3225 1479; x_wconf 80' lang='grc' dir='ltr'>κατὰ</span> <span class='ocrx_word' id='word_1_200' title='bbox 3254 1426 3412 1495; x_wconf 88' lang='grc' dir='ltr'>φύσιν</span> <span class='ocrx_word' id='word_1_201' title='bbox 3445 1431 3663 1491; x_wconf 82' lang='grc' dir='ltr'>πάντως</span> <span class='ocrx_word' id='word_1_202' title='bbox 3702 1432 3737 1501; x_wconf 73' lang='grc' dir='ltr'><strong>ἡ</strong></span> <span class='ocrx_word' id='word_1_203' title='bbox 3770 1429 3864 1481; x_wconf 83' lang='grc' dir='ltr'><strong>τοῦ</strong></span> 
     </span>
    </p>
   </div>
   <div class='ocr_carea' id='block_1_29' title="bbox 2288 1514 3862 1593">
    <p class='ocr_par' dir='ltr' id='par_1_29' title="bbox 2288 1514 3862 1593">
     <span class='ocr_line' id='line_1_29' title="bbox 2288 1514 3862 1593; baseline 0.006 -25"><span class='ocrx_word' id='word_1_204' title='bbox 2288 1515 2493 1575; x_wconf 81' lang='grc' dir='ltr'>ἀγαθοῦ</span> <span class='ocrx_word' id='word_1_205' title='bbox 2520 1517 2803 1585; x_wconf 81' lang='grc' dir='ltr'>ἐπιθυμία,</span> <span class='ocrx_word' id='word_1_206' title='bbox 2827 1514 2998 1589; x_wconf 74' lang='grc' dir='ltr'>οὗπερ</span> <span class='ocrx_word' id='word_1_207' title='bbox 3026 1520 3321 1572; x_wconf 80' lang='grc' dir='ltr'>ἀπολαύειν</span> <span class='ocrx_word' id='word_1_208' title='bbox 3348 1522 3445 1590; x_wconf 85' lang='grc' dir='ltr'>μὲν</span> <span class='ocrx_word' id='word_1_209' title='bbox 3474 1523 3548 1593; x_wconf 81' lang='grc' dir='ltr'>μὴ</span> <span class='ocrx_word' id='word_1_210' title='bbox 3572 1523 3862 1591; x_wconf 69' lang='grc' dir='ltr'>ἠδύναντο,</span> 
     </span>
    </p>
   </div>
   <div class='ocr_carea' id='block_1_30' title="bbox 2288 1605 3867 1684">
    <p class='ocr_par' dir='ltr' id='par_1_30' title="bbox 2288 1605 3867 1684">
     <span class='ocr_line' id='line_1_30' title="bbox 2288 1605 3867 1684; baseline 0.006 -26"><span class='ocrx_word' id='word_1_211' title='bbox 2288 1605 2363 1668; x_wconf 88' lang='grc' dir='ltr'><strong>ῶς</strong></span> <span class='ocrx_word' id='word_1_212' title='bbox 2402 1623 2463 1683; x_wconf 59' lang='grc' dir='ltr'><strong>γε</strong></span> <span class='ocrx_word' id='word_1_213' title='bbox 2498 1609 2525 1658; x_wconf 87' lang='grc' dir='ltr'><strong>ό</strong></span> <span class='ocrx_word' id='word_1_214' title='bbox 2559 1607 2623 1659; x_wconf 78' lang='grc' dir='ltr'>τὰ</span> <span class='ocrx_word' id='word_1_215' title='bbox 2658 1608 2749 1660; x_wconf 86' lang='grc' dir='ltr'><strong>τοῦ</strong></span> <span class='ocrx_word' id='word_1_216' title='bbox 2798 1609 3075 1672; x_wconf 78' lang='grc' dir='ltr'>Μάνεντος</span> <span class='ocrx_word' id='word_1_217' title='bbox 3129 1612 3459 1682; x_wconf 78' lang='grc' dir='ltr'>συγγράφων</span> <span class='ocrx_word' id='word_1_218' title='bbox 3506 1615 3672 1684; x_wconf 68' lang='grc' dir='ltr'>φησιν</span> <span class='ocrx_word' id='word_1_219' title='bbox 3694 1654 3709 1677; x_wconf 96' lang='grc'><strong>,</strong></span> <span class='ocrx_word' id='word_1_220' title='bbox 3741 1616 3867 1666; x_wconf 69' lang='grc' dir='ltr'>ἐπι-</span> 
     </span>
    </p>
   </div>
   <div class='ocr_carea' id='block_1_31' title="bbox 2290 1697 3867 1775">
    <p class='ocr_par' dir='ltr' id='par_1_31' title="bbox 2290 1697 3867 1775">
     <span class='ocr_line' id='line_1_31' title="bbox 2290 1697 3867 1775; baseline 0.006 -26"><span class='ocrx_word' id='word_1_221' title='bbox 2290 1697 2605 1767; x_wconf 87' lang='grc' dir='ltr'>θυμοῦντες,</span> <span class='ocrx_word' id='word_1_222' title='bbox 2630 1698 2965 1771; x_wconf 82' lang='grc' dir='ltr'>διαφθείρειν</span> <span class='ocrx_word' id='word_1_223' title='bbox 2992 1703 3048 1753; x_wconf 86' lang='grc' dir='ltr'>δὲ</span> <span class='ocrx_word' id='word_1_224' title='bbox 3088 1703 3184 1773; x_wconf 83' lang='grc' dir='ltr'><strong>οὐχ</strong></span> <span class='ocrx_word' id='word_1_225' title='bbox 3223 1698 3325 1755; x_wconf 75' lang='grc' dir='ltr'>οἶοί</span> <span class='ocrx_word' id='word_1_226' title='bbox 3354 1721 3412 1757; x_wconf 91' lang='grc' dir='ltr'><strong>τε</strong></span> <span class='ocrx_word' id='word_1_227' title='bbox 3436 1700 3575 1775; x_wconf 81' lang='grc' dir='ltr'>ἦσαν</span> <span class='ocrx_word' id='word_1_228' title='bbox 3602 1723 3616 1735; x_wconf 91' lang='grc'><strong>·</strong></span> <span class='ocrx_word' id='word_1_229' title='bbox 3648 1706 3867 1758; x_wconf 73' lang='grc' dir='ltr'>τοιοῦτο</span> 
     </span>
    </p>
   </div>
   <div class='ocr_carea' id='block_1_32' title="bbox 2289 1788 3864 1865">
    <p class='ocr_par' dir='ltr' id='par_1_32' title="bbox 2289 1788 3864 1865">
     <span class='ocr_line' id='line_1_32' title="bbox 2289 1788 3864 1865; baseline 0.006 -26"><span class='ocrx_word' id='word_1_230' title='bbox 2289 1788 2397 1859; x_wconf 77' lang='grc' dir='ltr'>γὰρ</span> <span class='ocrx_word' id='word_1_231' title='bbox 2437 1789 2653 1851; x_wconf 85' lang='grc' dir='ltr'>πάντως</span> <span class='ocrx_word' id='word_1_232' title='bbox 2680 1790 2742 1842; x_wconf 85' lang='grc' dir='ltr'>τὸ</span> <span class='ocrx_word' id='word_1_233' title='bbox 2769 1792 2992 1858; x_wconf 85' lang='grc' dir='ltr'>ἀγαθὸν,</span> <span class='ocrx_word' id='word_1_234' title='bbox 3026 1788 3136 1846; x_wconf 78' lang='grc' dir='ltr'>οἷον</span> <span class='ocrx_word' id='word_1_235' title='bbox 3166 1792 3303 1864; x_wconf 73' lang='grc' dir='ltr'>μήτε</span> <span class='ocrx_word' id='word_1_236' title='bbox 3322 1795 3685 1859; x_wconf 82' lang='grc' dir='ltr'>δαπανᾶσθαι,</span> <span class='ocrx_word' id='word_1_237' title='bbox 3720 1797 3864 1865; x_wconf 83' lang='grc' dir='ltr'>μήτε</span> 
     </span>
    </p>
   </div>
   <div class='ocr_carea' id='block_1_33' title="bbox 609 1862 2180 1958">
    <p class='ocr_par' dir='ltr' id='par_1_33' title="bbox 609 1873 2180 1929">
     <span class='ocr_line' id='line_1_33' title="bbox 609 1873 2180 1929; baseline 0 -3"><span class='ocrx_word' id='word_1_238' title='bbox 609 1884 832 1928; x_wconf 83' lang='lat' dir='ltr'><strong>tuerunt</strong></span> <span class='ocrx_word' id='word_1_239' title='bbox 853 1880 1035 1927; x_wconf 90' lang='lat' dir='ltr'><strong>tamen</strong></span> <span class='ocrx_word' id='word_1_240' title='bbox 1067 1888 1125 1929; x_wconf 84' lang='lat' dir='ltr'><strong>se</strong></span> <span class='ocrx_word' id='word_1_241' title='bbox 1154 1875 1422 1928; x_wconf 81' lang='lat' dir='ltr'><strong>conficere</strong></span> <span class='ocrx_word' id='word_1_242' title='bbox 1451 1883 1504 1925; x_wconf 89' lang='lat' dir='ltr'><strong>et</strong></span> <span class='ocrx_word' id='word_1_243' title='bbox 1535 1873 1818 1927; x_wconf 83' lang='lat' dir='ltr'><strong>destruere</strong></span> <span class='ocrx_word' id='word_1_244' title='bbox 1851 1893 1862 1926; x_wconf 91' lang='lat'>:</span> <span class='ocrx_word' id='word_1_245' title='bbox 1900 1874 2008 1927; x_wconf 90' lang='lat' dir='ltr'><strong>tale</strong></span> <span class='ocrx_word' id='word_1_246' title='bbox 2039 1874 2180 1927; x_wconf 91' lang='lat' dir='ltr'><strong>enim</strong></span> 
     </span>
    </p>
   </div>
   <div class='ocr_carea' id='block_1_34' title="bbox 2283 1862 3859 1958">
    <p class='ocr_par' dir='ltr' id='par_1_34' title="bbox 2289 1862 3859 1958">
     <span class='ocr_line' id='line_1_34' title="bbox 2289 1862 3859 1958; baseline 0.006 -25"><span class='ocrx_word' id='word_1_247' title='bbox 2289 1881 2461 1943; x_wconf 72' lang='grc' dir='ltr'>ἄλλως</span> <span class='ocrx_word' id='word_1_248' title='bbox 2498 1882 2944 1937; x_wconf 77' lang='grc' dir='ltr'>ἐπιδουλεύεσθαι</span> <span class='ocrx_word' id='word_1_249' title='bbox 2988 1888 3122 1956; x_wconf 83' lang='grc' dir='ltr'>πρὸς</span> <span class='ocrx_word' id='word_1_250' title='bbox 3296 1889 3625 1958; x_wconf 81' lang='grc' dir='ltr'>μετεχόντων</span> <span class='ocrx_word' id='word_1_251' title='bbox 3672 1862 3859 1941; x_wconf 74' lang='grc' dir='ltr'>αύτοῦ.</span> 
     </span>
    </p>
   </div>
   <div class='ocr_carea' id='block_1_35' title="bbox 608 1965 2186 2036">
    <p class='ocr_par' dir='ltr' id='par_1_35' title="bbox 608 1965 2186 2036">
     <span class='ocr_line' id='line_1_35' title="bbox 608 1965 2186 2036; baseline -0.002 -14"><span class='ocrx_word' id='word_1_252' title='bbox 608 1968 825 2036; x_wconf 85' lang='lat' dir='ltr'><strong>penitus</strong></span> <span class='ocrx_word' id='word_1_253' title='bbox 855 1974 937 2020; x_wconf 88' lang='lat' dir='ltr'><strong>est</strong></span> <span class='ocrx_word' id='word_1_254' title='bbox 968 1965 1193 2028; x_wconf 89' lang='lat' dir='ltr'><strong>bonum,</strong></span> <span class='ocrx_word' id='word_1_255' title='bbox 1231 1975 1285 2017; x_wconf 93' lang='lat' dir='ltr'><strong>ut</strong></span> <span class='ocrx_word' id='word_1_256' title='bbox 1311 1980 1484 2033; x_wconf 91' lang='lat' dir='ltr'><strong>neque</strong></span> <span class='ocrx_word' id='word_1_257' title='bbox 1504 1966 1752 2017; x_wconf 82' lang='lat' dir='ltr'><strong>consumi</strong></span> <span class='ocrx_word' id='word_1_258' title='bbox 1783 1965 1976 2033; x_wconf 84' lang='lat' dir='ltr'><strong>possit,</strong></span> <span class='ocrx_word' id='word_1_259' title='bbox 2010 1980 2186 2034; x_wconf 89' lang='lat' dir='ltr'><strong>neque</strong></span> 
     </span>
    </p>
   </div>
   <div class='ocr_carea' id='block_1_36' title="bbox 610 2054 2181 2126">
    <p class='ocr_par' dir='ltr' id='par_1_36' title="bbox 610 2054 2181 2126">
     <span class='ocr_line' id='line_1_36' title="bbox 610 2054 2181 2126; baseline -0.003 -13"><span class='ocrx_word' id='word_1_260' title='bbox 610 2057 820 2126; x_wconf 88' lang='lat' dir='ltr'><strong>possint</strong></span> <span class='ocrx_word' id='word_1_261' title='bbox 842 2056 1072 2110; x_wconf 87' lang='lat' dir='ltr'><strong>insidias</strong></span> <span class='ocrx_word' id='word_1_262' title='bbox 1099 2056 1147 2109; x_wconf 93' lang='lat' dir='ltr'><strong>ei</strong></span> <span class='ocrx_word' id='word_1_263' title='bbox 1182 2068 1403 2124; x_wconf 89' lang='lat' dir='ltr'><strong>ponere,</strong></span> <span class='ocrx_word' id='word_1_264' title='bbox 1440 2058 1532 2124; x_wconf 90' lang='lat' dir='ltr'><strong>qui</strong></span> <span class='ocrx_word' id='word_1_265' title='bbox 1562 2054 1681 2123; x_wconf 87' lang='lat' dir='ltr'><strong>ejus</strong></span> <span class='ocrx_word' id='word_1_266' title='bbox 1709 2056 2003 2124; x_wconf 75' lang='lat' dir='ltr'><strong>participes</strong></span> <span class='ocrx_word' id='word_1_267' title='bbox 2035 2064 2181 2109; x_wconf 88' lang='lat' dir='ltr'><strong>sunt.</strong></span> 
     </span>
    </p>
   </div>
   <div class='ocr_carea' id='block_1_37' title="bbox 607 2146 2183 2215">
    <p class='ocr_par' dir='ltr' id='par_1_37' title="bbox 607 2146 2183 2215">
     <span class='ocr_line' id='line_1_37' title="bbox 607 2146 2183 2215; baseline -0.003 -12"><span class='ocrx_word' id='word_1_268' title='bbox 607 2148 893 2214; x_wconf 83' lang='lat' dir='ltr'><strong>Quomodo</strong></span> <span class='ocrx_word' id='word_1_269' title='bbox 940 2156 1119 2202; x_wconf 87' lang='lat' dir='ltr'><strong>autem</strong></span> <span class='ocrx_word' id='word_1_270' title='bbox 1150 2163 1339 2201; x_wconf 89' lang='lat' dir='ltr'><strong>omnes</strong></span> <span class='ocrx_word' id='word_1_271' title='bbox 1381 2147 1542 2201; x_wconf 85' lang='lat' dir='ltr'><strong>simul</strong></span> <span class='ocrx_word' id='word_1_272' title='bbox 1585 2150 1637 2199; x_wconf 86' lang='lat' dir='ltr'><strong>in</strong></span> <span class='ocrx_word' id='word_1_273' title='bbox 1679 2147 1924 2199; x_wconf 81' lang='lat' dir='ltr'><strong>militiam</strong></span> <span class='ocrx_word' id='word_1_274' title='bbox 1958 2146 2183 2215; x_wconf 68' lang='lat' dir='ltr'><strong>profecti</strong></span> 
     </span>
    </p>
   </div>
   <div class='ocr_carea' id='block_1_38' title="bbox 607 2233 2182 2308">
    <p class='ocr_par' dir='ltr' id='par_1_38' title="bbox 607 2233 2182 2308">
     <span class='ocr_line' id='line_1_38' title="bbox 607 2233 2182 2308; baseline -0.005 -14"><span class='ocrx_word' id='word_1_275' title='bbox 607 2247 757 2301; x_wconf 92' lang='lat' dir='ltr'><strong>sunt,</strong></span> <span class='ocrx_word' id='word_1_276' title='bbox 799 2237 893 2307; x_wconf 90' lang='lat' dir='ltr'><strong>qui</strong></span> <span class='ocrx_word' id='word_1_277' title='bbox 938 2252 1046 2291; x_wconf 92' lang='lat' dir='ltr'><strong>non</strong></span> <span class='ocrx_word' id='word_1_278' title='bbox 1078 2244 1474 2308; x_wconf 75' lang='lat' dir='ltr'><strong>cognoverant,</strong></span> <span class='ocrx_word' id='word_1_279' title='bbox 1525 2252 1647 2305; x_wconf 81' lang='lat' dir='ltr'><strong>quis</strong></span> <span class='ocrx_word' id='word_1_280' title='bbox 1686 2237 1965 2289; x_wconf 87' lang='lat' dir='ltr'><strong>resisteret</strong></span> <span class='ocrx_word' id='word_1_281' title='bbox 1994 2243 2047 2287; x_wconf 88' lang='lat' dir='ltr'><strong>ct</strong></span> <span class='ocrx_word' id='word_1_282' title='bbox 2085 2233 2182 2287; x_wconf 86' lang='lat' dir='ltr'><strong>ad-</strong></span> 
     </span>
    </p>
   </div>
   <div class='ocr_carea' id='block_1_39' title="bbox 607 2326 2186 2390">
    <p class='ocr_par' dir='ltr' id='par_1_39' title="bbox 607 2326 2186 2390">
     <span class='ocr_line' id='line_1_39' title="bbox 607 2326 2186 2390; baseline -0.002 -9"><span class='ocrx_word' id='word_1_283' title='bbox 607 2330 959 2386; x_wconf 72' lang='lat' dir='ltr'><strong>versaretur?</strong></span> <span class='ocrx_word' id='word_1_284' title='bbox 991 2328 1083 2382; x_wconf 90' lang='lat' dir='ltr'><strong>Sic</strong></span> <span class='ocrx_word' id='word_1_285' title='bbox 1112 2329 1259 2382; x_wconf 91' lang='lat' dir='ltr'><strong>enim</strong></span> <span class='ocrx_word' id='word_1_286' title='bbox 1287 2336 1371 2382; x_wconf 78' lang='lat' dir='ltr'><strong>est</strong></span> <span class='ocrx_word' id='word_1_287' title='bbox 1415 2328 1468 2381; x_wconf 92' lang='lat' dir='ltr'><strong>in</strong></span> <span class='ocrx_word' id='word_1_288' title='bbox 1499 2328 1663 2390; x_wconf 85' lang='lat' dir='ltr'><strong>libro,</strong></span> <span class='ocrx_word' id='word_1_289' title='bbox 1696 2328 1841 2381; x_wconf 89' lang='lat' dir='ltr'><strong>unde</strong></span> <span class='ocrx_word' id='word_1_290' title='bbox 1870 2328 1975 2381; x_wconf 87' lang='lat' dir='ltr'><strong>ista</strong></span> <span class='ocrx_word' id='word_1_291' title='bbox 2017 2326 2186 2379; x_wconf 82' lang='lat' dir='ltr'><strong>Mani—</strong></span> 
     </span>
    </p>
   </div>
   <div class='ocr_carea' id='block_1_40' title="bbox 608 2418 2186 2491">
    <p class='ocr_par' dir='ltr' id='par_1_40' title="bbox 608 2418 2186 2491">
     <span class='ocr_line' id='line_1_40' title="bbox 608 2418 2186 2491; baseline -0.004 -16"><span class='ocrx_word' id='word_1_292' title='bbox 608 2422 742 2476; x_wconf 67' lang='lat' dir='ltr'><strong>cliaai</strong></span> <span class='ocrx_word' id='word_1_293' title='bbox 770 2422 1146 2491; x_wconf 89' lang='lat' dir='ltr'><strong>apposuimus,</strong></span> <span class='ocrx_word' id='word_1_294' title='bbox 1176 2419 1321 2489; x_wconf 90' lang='lat' dir='ltr'><strong>quod</strong></span> <span class='ocrx_word' id='word_1_295' title='bbox 1357 2435 1532 2489; x_wconf 90' lang='lat' dir='ltr'><strong>neque</strong></span> <span class='ocrx_word' id='word_1_296' title='bbox 1564 2419 1730 2472; x_wconf 85' lang='lat' dir='ltr'><strong>Deum</strong></span> <span class='ocrx_word' id='word_1_297' title='bbox 1772 2420 1825 2472; x_wconf 91' lang='lat' dir='ltr'><strong>in</strong></span> <span class='ocrx_word' id='word_1_298' title='bbox 1858 2418 2060 2472; x_wconf 88' lang='lat' dir='ltr'><strong>lumine</strong></span> <span class='ocrx_word' id='word_1_299' title='bbox 2091 2418 2186 2469; x_wconf 86' lang='lat' dir='ltr'><strong>ha-</strong></span> 
     </span>
    </p>
   </div>
   <div class='ocr_carea' id='block_1_41' title="bbox 611 2510 2185 2581">
    <p class='ocr_par' dir='ltr' id='par_1_41' title="bbox 611 2510 2185 2581">
     <span class='ocr_line' id='line_1_41' title="bbox 611 2510 2185 2581; baseline -0.003 -14"><span class='ocrx_word' id='word_1_300' title='bbox 611 2515 785 2568; x_wconf 72' lang='lat' dir='ltr'><strong>bitare</strong></span> <span class='ocrx_word' id='word_1_301' title='bbox 829 2514 1098 2572; x_wconf 83' lang='lat' dir='ltr'><strong>sciebant,</strong></span> <span class='ocrx_word' id='word_1_302' title='bbox 1139 2528 1315 2581; x_wconf 90' lang='lat' dir='ltr'><strong>neque</strong></span> <span class='ocrx_word' id='word_1_303' title='bbox 1343 2527 1402 2565; x_wconf 88' lang='lat' dir='ltr'><strong>se</strong></span> <span class='ocrx_word' id='word_1_304' title='bbox 1437 2525 1676 2579; x_wconf 87' lang='lat' dir='ltr'><strong>unquam</strong></span> <span class='ocrx_word' id='word_1_305' title='bbox 1710 2511 1930 2577; x_wconf 86' lang='lat' dir='ltr'><strong>impune</strong></span> <span class='ocrx_word' id='word_1_306' title='bbox 1954 2510 2185 2573; x_wconf 84' lang='lat' dir='ltr'><strong>laturos,</strong></span> 
     </span>
    </p>
   </div>
   <div class='ocr_carea' id='block_1_42' title="bbox 609 2602 1841 2661">
    <p class='ocr_par' dir='ltr' id='par_1_42' title="bbox 609 2602 1841 2661">
     <span class='ocr_line' id='line_1_42' title="bbox 609 2602 1841 2661; baseline -0.004 -2"><span class='ocrx_word' id='word_1_307' title='bbox 609 2608 655 2659; x_wconf 87' lang='lat' dir='ltr'><strong>si</strong></span> <span class='ocrx_word' id='word_1_308' title='bbox 689 2607 741 2659; x_wconf 90' lang='lat' dir='ltr'><strong>in</strong></span> <span class='ocrx_word' id='word_1_309' title='bbox 778 2604 870 2661; x_wconf 87' lang='lat' dir='ltr'><strong>Dei</strong></span> <span class='ocrx_word' id='word_1_310' title='bbox 898 2605 1235 2659; x_wconf 90' lang='lat' dir='ltr'><strong>domicilium</strong></span> <span class='ocrx_word' id='word_1_311' title='bbox 1268 2602 1524 2657; x_wconf 83' lang='lat' dir='ltr'><strong>invadere</strong></span> <span class='ocrx_word' id='word_1_312' title='bbox 1554 2602 1841 2655; x_wconf 88' lang='lat' dir='ltr'><strong>auderent.</strong></span> 
     </span>
    </p>
   </div>
   <div class='ocr_carea' id='block_1_43' title="bbox 2304 1971 3883 2049">
    <p class='ocr_par' dir='ltr' id='par_1_43' title="bbox 2304 1971 3883 2049">
     <span class='ocr_line' id='line_1_43' title="bbox 2304 1971 3883 2049; baseline 0.005 -27"><span class='ocrx_word' id='word_1_313' title='bbox 2304 1971 2774 2042; x_wconf 82' lang='grc' dir='ltr'>Ἐπεστράτευσαν</span> <span class='ocrx_word' id='word_1_314' title='bbox 2803 1974 2859 2026; x_wconf 83' lang='grc' dir='ltr'><strong>δέ</strong></span> <span class='ocrx_word' id='word_1_315' title='bbox 2907 1976 3042 2045; x_wconf 83' lang='grc' dir='ltr'>ὁμοῦ</span> <span class='ocrx_word' id='word_1_316' title='bbox 3084 1977 3283 2040; x_wconf 80' lang='grc' dir='ltr'>πάντες</span> <span class='ocrx_word' id='word_1_317' title='bbox 3328 1979 3445 2030; x_wconf 86' lang='grc' dir='ltr'>τίνα</span> <span class='ocrx_word' id='word_1_318' title='bbox 3494 1980 3733 2049; x_wconf 83' lang='grc' dir='ltr'>τρόπον,</span> <span class='ocrx_word' id='word_1_319' title='bbox 3788 1978 3883 2049; x_wconf 26' lang='grc' dir='ltr'>μὴ,</span> 
     </span>
    </p>
   </div>
   <div class='ocr_carea' id='block_1_44' title="bbox 2288 2063 3861 2141">
    <p class='ocr_par' dir='ltr' id='par_1_44' title="bbox 2288 2063 3861 2141">
     <span class='ocr_line' id='line_1_44' title="bbox 2288 2063 3861 2141; baseline 0.005 -26"><span class='ocrx_word' id='word_1_320' title='bbox 2288 2064 2487 2125; x_wconf 84' lang='grc' dir='ltr'>είδότες</span> <span class='ocrx_word' id='word_1_321' title='bbox 2510 2063 2599 2115; x_wconf 83' lang='grc' dir='ltr'>τὸν</span> <span class='ocrx_word' id='word_1_322' title='bbox 2624 2065 3047 2135; x_wconf 78' lang='grc' dir='ltr'>ἀνθιστάμενον;</span> <span class='ocrx_word' id='word_1_323' title='bbox 3076 2068 3212 2141; x_wconf 78' lang='grc' dir='ltr'><strong>Φησὶ</strong></span> <span class='ocrx_word' id='word_1_324' title='bbox 3234 2072 3341 2141; x_wconf 83' lang='grc' dir='ltr'><strong>γὰρ</strong></span> <span class='ocrx_word' id='word_1_325' title='bbox 3365 2071 3491 2123; x_wconf 79' lang='grc' dir='ltr'>αὐτὸ</span> <span class='ocrx_word' id='word_1_326' title='bbox 3518 2072 3578 2122; x_wconf 84' lang='grc' dir='ltr'>τὸ</span> <span class='ocrx_word' id='word_1_327' title='bbox 3596 2073 3861 2141; x_wconf 74' lang='grc' dir='ltr'>γράμμα,</span> 
     </span>
    </p>
   </div>
   <div class='ocr_carea' id='block_1_45' title="bbox 2287 2149 3861 2232">
    <p class='ocr_par' dir='ltr' id='par_1_45' title="bbox 2287 2149 3861 2232">
     <span class='ocr_line' id='line_1_45' title="bbox 2287 2149 3861 2232; baseline 0.006 -28"><span class='ocrx_word' id='word_1_328' title='bbox 2287 2154 2378 2220; x_wconf 78' lang='grc' dir='ltr'>ἀφ’</span> <span class='ocrx_word' id='word_1_329' title='bbox 2411 2149 2471 2206; x_wconf 76' lang='grc' dir='ltr'>οὗ</span> <span class='ocrx_word' id='word_1_330' title='bbox 2498 2153 2563 2205; x_wconf 82' lang='grc' dir='ltr'><strong>τὰ</strong></span> <span class='ocrx_word' id='word_1_331' title='bbox 2594 2154 2745 2225; x_wconf 87' lang='grc' dir='ltr'><strong>παρά</strong></span> <span class='ocrx_word' id='word_1_332' title='bbox 2779 2156 2872 2208; x_wconf 85' lang='grc' dir='ltr'><strong>τοῦ</strong></span> <span class='ocrx_word' id='word_1_333' title='bbox 2892 2159 3164 2223; x_wconf 81' lang='grc' dir='ltr'>Μάνεντος</span> <span class='ocrx_word' id='word_1_334' title='bbox 3195 2162 3603 2232; x_wconf 77' lang='grc' dir='ltr'>παρεθήκαμεν,</span> <span class='ocrx_word' id='word_1_335' title='bbox 3638 2163 3716 2223; x_wconf 83' lang='grc' dir='ltr'><strong>ῶς</strong></span> <span class='ocrx_word' id='word_1_336' title='bbox 3750 2160 3861 2214; x_wconf 76' lang='grc' dir='ltr'>οὐδ’</span> 
     </span>
    </p>
   </div>
   <div class='ocr_carea' id='block_1_46' title="bbox 2280 2247 3860 2324">
    <p class='ocr_par' dir='ltr' id='par_1_46' title="bbox 2280 2247 3860 2324">
     <span class='ocr_line' id='line_1_46' title="bbox 2280 2247 3860 2324; baseline 0.003 -23"><span class='ocrx_word' id='word_1_337' title='bbox 2280 2247 2508 2311; x_wconf 74' lang='grc' dir='ltr'>ὅτιθεὸς</span> <span class='ocrx_word' id='word_1_338' title='bbox 2532 2250 2589 2300; x_wconf 92' lang='grc' dir='ltr'><strong>ἐν</strong></span> <span class='ocrx_word' id='word_1_339' title='bbox 2616 2250 2756 2315; x_wconf 78' lang='grc' dir='ltr'>φωτὶ</span> <span class='ocrx_word' id='word_1_340' title='bbox 2784 2250 3001 2320; x_wconf 81' lang='grc' dir='ltr'>διῃτᾶτο</span> <span class='ocrx_word' id='word_1_341' title='bbox 3036 2255 3349 2321; x_wconf 74' lang='grc' dir='ltr'>ἐγίνωσκον,</span> <span class='ocrx_word' id='word_1_342' title='bbox 3383 2254 3489 2307; x_wconf 77' lang='grc' dir='ltr'>οὐδ’</span> <span class='ocrx_word' id='word_1_343' title='bbox 3518 2256 3624 2317; x_wconf 83' lang='grc' dir='ltr'>ὅτι,</span> <span class='ocrx_word' id='word_1_344' title='bbox 3660 2255 3860 2324; x_wconf 79' lang='grc' dir='ltr'>τολμή-</span> 
     </span>
    </p>
   </div>
   <div class='ocr_carea' id='block_1_47' title="bbox 2284 2338 3859 2416">
    <p class='ocr_par' dir='ltr' id='par_1_47' title="bbox 2284 2338 3859 2416">
     <span class='ocr_line' id='line_1_47' title="bbox 2284 2338 3859 2416; baseline 0.003 -24"><span class='ocrx_word' id='word_1_345' title='bbox 2284 2357 2474 2402; x_wconf 90' lang='grc' dir='ltr'>σαντες</span> <span class='ocrx_word' id='word_1_346' title='bbox 2499 2338 2638 2392; x_wconf 82' lang='grc' dir='ltr'>κατά</span> <span class='ocrx_word' id='word_1_347' title='bbox 2669 2340 2762 2392; x_wconf 83' lang='grc' dir='ltr'><strong>τοῦ</strong></span> <span class='ocrx_word' id='word_1_348' title='bbox 2802 2344 3113 2414; x_wconf 72' lang='grc' dir='ltr'><strong>οἰκητηρξοι⁵</strong></span> <span class='ocrx_word' id='word_1_349' title='bbox 3156 2346 3250 2398; x_wconf 88' lang='grc' dir='ltr'><strong>τοῦ</strong></span> <span class='ocrx_word' id='word_1_350' title='bbox 3279 2345 3412 2398; x_wconf 87' lang='grc' dir='ltr'>Θεοῦ</span> <span class='ocrx_word' id='word_1_351' title='bbox 3433 2386 3447 2408; x_wconf 93' lang='grc'><strong>,</strong></span> <span class='ocrx_word' id='word_1_352' title='bbox 3482 2347 3584 2399; x_wconf 80' lang='grc' dir='ltr'><strong>οὐκ</strong></span> <span class='ocrx_word' id='word_1_353' title='bbox 3634 2345 3859 2416; x_wconf 74' lang='grc' dir='ltr'>ἔμελλον</span> 
     </span>
    </p>
   </div>
   <div class='ocr_carea' id='block_1_48' title="bbox 2282 2435 3025 2505">
    <p class='ocr_par' dir='ltr' id='par_1_48' title="bbox 2282 2435 3025 2505">
     <span class='ocr_line' id='line_1_48' title="bbox 2282 2435 3025 2505; baseline 0.003 -17"><span class='ocrx_word' id='word_1_354' title='bbox 2282 2435 2451 2489; x_wconf 84' lang='grc' dir='ltr'>ἀθῶοί</span> <span class='ocrx_word' id='word_1_355' title='bbox 2479 2454 2607 2489; x_wconf 90' lang='grc' dir='ltr'>ποτε</span> <span class='ocrx_word' id='word_1_356' title='bbox 2632 2435 3025 2505; x_wconf 68' lang='grc' dir='ltr'>ἀπαλλαγῆναι.</span> 
     </span>
    </p>
   </div>
   <div class='ocr_carea' id='block_1_49' title="bbox 1530 2710 2947 2783">
    <p class='ocr_par' dir='ltr' id='par_1_49' title="bbox 1530 2710 2947 2783">
     <span class='ocr_line' id='line_1_49' title="bbox 1530 2710 2947 2783; baseline -0.002 -15"><span class='ocrx_word' id='word_1_357' title='bbox 1530 2712 1657 2768; x_wconf 77' lang='lat' dir='ltr'><strong>CAP.</strong></span> <span class='ocrx_word' id='word_1_358' title='bbox 1699 2712 1883 2767; x_wconf 77' lang='lat' dir='ltr'><strong>XVIII.</strong></span> <span class='ocrx_word' id='word_1_359' title='bbox 1923 2712 2238 2783; x_wconf 74' lang='lat' dir='ltr'><strong>Ignorantia</strong></span> <span class='ocrx_word' id='word_1_360' title='bbox 2266 2710 2603 2765; x_wconf 73' lang='lat' dir='ltr'><strong>Hanichaica</strong></span> <span class='ocrx_word' id='word_1_361' title='bbox 2626 2711 2947 2781; x_wconf 71' lang='lat' dir='ltr'><strong>exagitetur.</strong></span> 
     </span>
    </p>
   </div>
   <div class='ocr_carea' id='block_1_50' title="bbox 680 2828 2181 2904">
    <p class='ocr_par' dir='ltr' id='par_1_50' title="bbox 680 2828 2181 2904">
     <span class='ocr_line' id='line_1_50' title="bbox 680 2828 2181 2904; baseline -0.002 -17"><span class='ocrx_word' id='word_1_362' title='bbox 680 2834 741 2888; x_wconf 92' lang='lat' dir='ltr'><strong>Si</strong></span> <span class='ocrx_word' id='word_1_363' title='bbox 767 2834 933 2904; x_wconf 83' lang='lat' dir='ltr'><strong>igitur</strong></span> <span class='ocrx_word' id='word_1_364' title='bbox 963 2847 1069 2886; x_wconf 86' lang='lat' dir='ltr'><strong>non</strong></span> <span class='ocrx_word' id='word_1_365' title='bbox 1115 2839 1486 2902; x_wconf 83' lang='lat' dir='ltr'><strong>cognoverunt</strong></span> <span class='ocrx_word' id='word_1_366' title='bbox 1542 2830 1875 2883; x_wconf 88' lang='lat' dir='ltr'><strong>contrarium</strong></span> <span class='ocrx_word' id='word_1_367' title='bbox 1911 2830 2053 2899; x_wconf 93' lang='lat' dir='ltr'><strong>quod</strong></span> <span class='ocrx_word' id='word_1_368' title='bbox 2083 2828 2181 2884; x_wconf 70' lang='lat' dir='ltr'><strong>ob~</strong></span> 
     </span>
    </p>
   </div>
   <div class='ocr_carea' id='block_1_51' title="bbox 607 2922 2181 2991">
    <p class='ocr_par' dir='ltr' id='par_1_51' title="bbox 607 2922 2181 2991">
     <span class='ocr_line' id='line_1_51' title="bbox 607 2922 2181 2991; baseline -0.003 -10"><span class='ocrx_word' id='word_1_369' title='bbox 607 2927 787 2981; x_wconf 82' lang='lat' dir='ltr'><strong>stabat</strong></span> <span class='ocrx_word' id='word_1_370' title='bbox 826 2926 929 2991; x_wconf 89' lang='lat' dir='ltr'><strong>eis,</strong></span> <span class='ocrx_word' id='word_1_371' title='bbox 970 2925 1209 2979; x_wconf 90' lang='lat' dir='ltr'><strong>alienum</strong></span> <span class='ocrx_word' id='word_1_372' title='bbox 1259 2930 1343 2977; x_wconf 90' lang='lat' dir='ltr'><strong>est</strong></span> <span class='ocrx_word' id='word_1_373' title='bbox 1384 2936 1611 2991; x_wconf 84' lang='lat' dir='ltr'><strong>prorsus</strong></span> <span class='ocrx_word' id='word_1_374' title='bbox 1639 2935 1668 2972; x_wconf 90' lang='lat' dir='ltr'><strong>a</strong></span> <span class='ocrx_word' id='word_1_375' title='bbox 1706 2923 1920 2975; x_wconf 91' lang='lat' dir='ltr'><strong>ratione</strong></span> <span class='ocrx_word' id='word_1_376' title='bbox 1948 2922 2181 2976; x_wconf 88' lang='lat' dir='ltr'><strong>educere</strong></span> 
     </span>
    </p>
   </div>
   <div class='ocr_carea' id='block_1_52' title="bbox 608 3012 2182 3083">
    <p class='ocr_par' dir='ltr' id='par_1_52' title="bbox 608 3012 2182 3083">
     <span class='ocr_line' id='line_1_52' title="bbox 608 3012 2182 3083; baseline -0.003 -11"><span class='ocrx_word' id='word_1_377' title='bbox 608 3018 911 3073; x_wconf 78' lang='lat' dir='ltr'><strong>exercitum</strong></span> <span class='ocrx_word' id='word_1_378' title='bbox 963 3024 1154 3070; x_wconf 87' lang='lat' dir='ltr'><strong>contra</strong></span> <span class='ocrx_word' id='word_1_379' title='bbox 1192 3029 1288 3068; x_wconf 89' lang='lat' dir='ltr'><strong>eos</strong></span> <span class='ocrx_word' id='word_1_380' title='bbox 1348 3028 1379 3067; x_wconf 87' lang='lat' dir='ltr'><strong>a</strong></span> <span class='ocrx_word' id='word_1_381' title='bbox 1420 3012 1622 3083; x_wconf 86' lang='lat' dir='ltr'><strong>quibus</strong></span> <span class='ocrx_word' id='word_1_382' title='bbox 1652 3028 1711 3067; x_wconf 91' lang='lat' dir='ltr'><strong>se</strong></span> <span class='ocrx_word' id='word_1_383' title='bbox 1751 3012 1939 3083; x_wconf 89' lang='lat' dir='ltr'><strong>repelli</strong></span> <span class='ocrx_word' id='word_1_384' title='bbox 1970 3014 2182 3068; x_wconf 79' lang='lat' dir='ltr'><strong>nescie-</strong></span> 
     </span>
    </p>
   </div>
   <div class='ocr_carea' id='block_1_53' title="bbox 608 3102 2180 3179">
    <p class='ocr_par' dir='ltr' id='par_1_53' title="bbox 608 3102 2180 3179">
     <span class='ocr_line' id='line_1_53' title="bbox 608 3102 2180 3179; baseline -0.003 -16"><span class='ocrx_word' id='word_1_385' title='bbox 608 3110 770 3163; x_wconf 88' lang='lat' dir='ltr'><strong>bant:</strong></span> <span class='ocrx_word' id='word_1_386' title='bbox 797 3108 1063 3179; x_wconf 87' lang='lat' dir='ltr'><strong>parenim</strong></span> <span class='ocrx_word' id='word_1_387' title='bbox 1095 3118 1213 3163; x_wconf 79' lang='lat' dir='ltr'><strong>erat</strong></span> <span class='ocrx_word' id='word_1_388' title='bbox 1236 3106 1437 3159; x_wconf 88' lang='lat' dir='ltr'><strong>armari</strong></span> <span class='ocrx_word' id='word_1_389' title='bbox 1466 3120 1581 3171; x_wconf 87' lang='lat' dir='ltr'><strong>eos,</strong></span> <span class='ocrx_word' id='word_1_390' title='bbox 1616 3114 1674 3159; x_wconf 94' lang='lat' dir='ltr'><strong>ut</strong></span> <span class='ocrx_word' id='word_1_391' title='bbox 1714 3105 1867 3160; x_wconf 91' lang='lat' dir='ltr'><strong>aiunt</strong></span> <span class='ocrx_word' id='word_1_392' title='bbox 1896 3105 2022 3176; x_wconf 87' lang='lat' dir='ltr'><strong>ipsi,</strong></span> <span class='ocrx_word' id='word_1_393' title='bbox 2057 3102 2180 3175; x_wconf 88' lang='lat' dir='ltr'><strong>igne</strong></span> 
     </span>
    </p>
   </div>
   <div class='ocr_carea' id='block_1_54' title="bbox 605 3196 2179 3268">
    <p class='ocr_par' dir='ltr' id='par_1_54' title="bbox 605 3196 2179 3268">
     <span class='ocr_line' id='line_1_54' title="bbox 605 3196 2179 3268; baseline -0.001 -17"><span class='ocrx_word' id='word_1_394' title='bbox 605 3206 660 3251; x_wconf 88' lang='lat' dir='ltr'><strong>et</strong></span> <span class='ocrx_word' id='word_1_395' title='bbox 711 3199 973 3261; x_wconf 87' lang='lat' dir='ltr'><strong>tenebris,</strong></span> <span class='ocrx_word' id='word_1_396' title='bbox 1026 3198 1072 3252; x_wconf 91' lang='lat' dir='ltr'><strong>si</strong></span> <span class='ocrx_word' id='word_1_397' title='bbox 1122 3196 1500 3268; x_wconf 66' lang='lat' dir='ltr'><strong>praevidissent</strong></span> <span class='ocrx_word' id='word_1_398' title='bbox 1531 3212 1590 3251; x_wconf 86' lang='lat' dir='ltr'><strong>se</strong></span> <span class='ocrx_word' id='word_1_399' title='bbox 1620 3196 1689 3250; x_wconf 86' lang='lat' dir='ltr'><strong>ab</strong></span> <span class='ocrx_word' id='word_1_400' title='bbox 1744 3196 1937 3250; x_wconf 92' lang='lat' dir='ltr'><strong>alienis</strong></span> <span class='ocrx_word' id='word_1_401' title='bbox 1985 3198 2179 3250; x_wconf 88' lang='lat' dir='ltr'><strong>arceri.</strong></span> 
     </span>
    </p>
   </div>
   <div class='ocr_carea' id='block_1_55' title="bbox 609 3286 2184 3359">
    <p class='ocr_par' dir='ltr' id='par_1_55' title="bbox 609 3286 2184 3359">
     <span class='ocr_line' id='line_1_55' title="bbox 609 3286 2184 3359; baseline -0.002 -17"><span class='ocrx_word' id='word_1_402' title='bbox 609 3287 717 3343; x_wconf 84' lang='lat' dir='ltr'><strong>Sed</strong></span> <span class='ocrx_word' id='word_1_403' title='bbox 765 3289 894 3359; x_wconf 90' lang='lat' dir='ltr'><strong>quia</strong></span> <span class='ocrx_word' id='word_1_404' title='bbox 932 3290 1155 3343; x_wconf 91' lang='lat' dir='ltr'><strong>omnino</strong></span> <span class='ocrx_word' id='word_1_405' title='bbox 1197 3287 1541 3357; x_wconf 79' lang='lat' dir='ltr'><strong>ignorabant,</strong></span> <span class='ocrx_word' id='word_1_406' title='bbox 1601 3302 1710 3340; x_wconf 90' lang='lat' dir='ltr'><strong>non</strong></span> <span class='ocrx_word' id='word_1_407' title='bbox 1741 3286 1916 3341; x_wconf 89' lang='lat' dir='ltr'><strong>solum</strong></span> <span class='ocrx_word' id='word_1_408' title='bbox 1950 3302 2056 3340; x_wconf 90' lang='lat' dir='ltr'><strong>non</strong></span> <span class='ocrx_word' id='word_1_409' title='bbox 2100 3295 2184 3341; x_wconf 85' lang='lat' dir='ltr'><strong>est</strong></span> 
     </span>
    </p>
   </div>
   <div class='ocr_carea' id='block_1_56' title="bbox 606 3377 2183 3447">
    <p class='ocr_par' dir='ltr' id='par_1_56' title="bbox 606 3377 2183 3447">
     <span class='ocr_line' id='line_1_56' title="bbox 606 3377 2183 3447; baseline -0.003 -13"><span class='ocrx_word' id='word_1_410' title='bbox 606 3377 890 3442; x_wconf 88' lang='lat' dir='ltr'><strong>credibile,</strong></span> <span class='ocrx_word' id='word_1_411' title='bbox 923 3379 1017 3433; x_wconf 87' lang='lat' dir='ltr'><strong>sed</strong></span> <span class='ocrx_word' id='word_1_412' title='bbox 1052 3379 1213 3447; x_wconf 88' lang='lat' dir='ltr'><strong>plane</strong></span> <span class='ocrx_word' id='word_1_413' title='bbox 1247 3378 1348 3431; x_wconf 90' lang='lat' dir='ltr'><strong>sibi</strong></span> <span class='ocrx_word' id='word_1_414' title='bbox 1394 3392 1723 3446; x_wconf 75' lang='lat' dir='ltr'><strong>repugnans,</strong></span> <span class='ocrx_word' id='word_1_415' title='bbox 1761 3389 2093 3430; x_wconf 86' lang='lat' dir='ltr'><strong>armaturam</strong></span> <span class='ocrx_word' id='word_1_416' title='bbox 2128 3386 2183 3431; x_wconf 85' lang='lat' dir='ltr'><strong>et</strong></span> 
     </span>
    </p>
   </div>
   <div class='ocr_carea' id='block_1_57' title="bbox 604 3470 2183 3539">
    <p class='ocr_par' dir='ltr' id='par_1_57' title="bbox 604 3470 2183 3539">
     <span class='ocr_line' id='line_1_57' title="bbox 604 3470 2183 3539; baseline -0.003 -12"><span class='ocrx_word' id='word_1_417' title='bbox 604 3473 903 3527; x_wconf 77' lang='lat' dir='ltr'><strong>exercitum</strong></span> <span class='ocrx_word' id='word_1_418' title='bbox 950 3472 1283 3534; x_wconf 87' lang='lat' dir='ltr'><strong>describere,</strong></span> <span class='ocrx_word' id='word_1_419' title='bbox 1334 3486 1458 3524; x_wconf 88' lang='lat' dir='ltr'><strong>cum</strong></span> <span class='ocrx_word' id='word_1_420' title='bbox 1502 3471 1684 3524; x_wconf 90' lang='lat' dir='ltr'><strong>nullus</strong></span> <span class='ocrx_word' id='word_1_421' title='bbox 1727 3470 1944 3538; x_wconf 91' lang='lat' dir='ltr'><strong>penitus</strong></span> <span class='ocrx_word' id='word_1_422' title='bbox 1992 3485 2183 3539; x_wconf 81' lang='lat' dir='ltr'><strong>exspe-</strong></span> 
     </span>
    </p>
   </div>
   <div class='ocr_carea' id='block_1_58' title="bbox 609 3558 2182 3619">
    <p class='ocr_par' dir='ltr' id='par_1_58' title="bbox 609 3558 2182 3619">
     <span class='ocr_line' id='line_1_58' title="bbox 609 3558 2182 3619; baseline -0.001 -3"><span class='ocrx_word' id='word_1_423' title='bbox 609 3572 857 3619; x_wconf 88' lang='lat' dir='ltr'><strong>ctaretur</strong></span> <span class='ocrx_word' id='word_1_424' title='bbox 906 3562 975 3617; x_wconf 90' lang='lat' dir='ltr'><strong>ad</strong></span> <span class='ocrx_word' id='word_1_425' title='bbox 1044 3561 1408 3617; x_wconf 81' lang='lat' dir='ltr'><strong>resistendum</strong></span> <span class='ocrx_word' id='word_1_426' title='bbox 1477 3560 1785 3615; x_wconf 82' lang='lat' dir='ltr'><strong>adfuturus.</strong></span> <span class='ocrx_word' id='word_1_427' title='bbox 1829 3558 1947 3614; x_wconf 84' lang='lat' dir='ltr'><strong>Non</strong></span> <span class='ocrx_word' id='word_1_428' title='bbox 2000 3562 2182 3615; x_wconf 84' lang='lat' dir='ltr'><strong>minus</strong></span> 
     </span>
    </p>
   </div>
   <div class='ocr_carea' id='block_1_59' title="bbox 602 3650 2181 3720">
    <p class='ocr_par' dir='ltr' id='par_1_59' title="bbox 602 3650 2181 3720">
     <span class='ocr_line' id='line_1_59' title="bbox 602 3650 2181 3720; baseline -0.001 -14"><span class='ocrx_word' id='word_1_429' title='bbox 602 3652 938 3706; x_wconf 86' lang='lat' dir='ltr'><strong>contrarium</strong></span> <span class='ocrx_word' id='word_1_430' title='bbox 965 3660 1049 3706; x_wconf 83' lang='lat' dir='ltr'><strong>est</strong></span> <span class='ocrx_word' id='word_1_431' title='bbox 1070 3652 1269 3714; x_wconf 89' lang='lat' dir='ltr'><strong>dicere,</strong></span> <span class='ocrx_word' id='word_1_432' title='bbox 1288 3659 1401 3704; x_wconf 90' lang='lat' dir='ltr'><strong>tum</strong></span> <span class='ocrx_word' id='word_1_433' title='bbox 1425 3651 1774 3720; x_wconf 80' lang='lat' dir='ltr'><strong>cupiditatem</strong></span> <span class='ocrx_word' id='word_1_434' title='bbox 1811 3650 2033 3705; x_wconf 91' lang='lat' dir='ltr'><strong>luminis</strong></span> <span class='ocrx_word' id='word_1_435' title='bbox 2059 3651 2181 3705; x_wconf 90' lang='lat' dir='ltr'><strong>illos</strong></span> 
     </span>
    </p>
   </div>
   <div class='ocr_carea' id='block_1_60' title="bbox 601 3742 2176 3813">
    <p class='ocr_par' dir='ltr' id='par_1_60' title="bbox 601 3742 2176 3813">
     <span class='ocr_line' id='line_1_60' title="bbox 601 3742 2176 3813; baseline 0 -17"><span class='ocrx_word' id='word_1_436' title='bbox 601 3742 884 3807; x_wconf 81' lang='lat' dir='ltr'><strong>habuisse,</strong></span> <span class='ocrx_word' id='word_1_437' title='bbox 917 3754 1031 3797; x_wconf 92' lang='lat' dir='ltr'><strong>tum</strong></span> <span class='ocrx_word' id='word_1_438' title='bbox 1054 3751 1315 3813; x_wconf 88' lang='lat' dir='ltr'><strong>apparatu</strong></span> <span class='ocrx_word' id='word_1_439' title='bbox 1358 3742 1553 3796; x_wconf 92' lang='lat' dir='ltr'><strong>bellico</strong></span> <span class='ocrx_word' id='word_1_440' title='bbox 1583 3758 1714 3797; x_wconf 90' lang='lat' dir='ltr'><strong>usos</strong></span> <span class='ocrx_word' id='word_1_441' title='bbox 1748 3758 1871 3797; x_wconf 87' lang='lat' dir='ltr'><strong>esse</strong></span> <span class='ocrx_word' id='word_1_442' title='bbox 1896 3742 2176 3797; x_wconf 84' lang='lat' dir='ltr'><strong>conﬁteri:</strong></span> 
     </span>
    </p>
   </div>
   <div class='ocr_carea' id='block_1_61' title="bbox 598 3835 2181 3891">
    <p class='ocr_par' dir='ltr' id='par_1_61' title="bbox 598 3835 2181 3891">
     <span class='ocr_line' id='line_1_61' title="bbox 598 3835 2181 3891; baseline -0.003 0"><span class='ocrx_word' id='word_1_443' title='bbox 598 3836 771 3891; x_wconf 87' lang='lat' dir='ltr'><strong>armis</strong></span> <span class='ocrx_word' id='word_1_444' title='bbox 816 3836 960 3890; x_wconf 91' lang='lat' dir='ltr'><strong>enim</strong></span> <span class='ocrx_word' id='word_1_445' title='bbox 994 3836 1206 3891; x_wconf 82' lang='lat' dir='ltr'><strong>bellicis</strong></span> <span class='ocrx_word' id='word_1_446' title='bbox 1260 3835 1440 3889; x_wconf 91' lang='lat' dir='ltr'><strong>omnis</strong></span> <span class='ocrx_word' id='word_1_447' title='bbox 1467 3836 1644 3889; x_wconf 88' lang='lat' dir='ltr'><strong>hostis</strong></span> <span class='ocrx_word' id='word_1_448' title='bbox 1678 3846 1870 3889; x_wconf 92' lang='lat' dir='ltr'><strong>contra</strong></span> <span class='ocrx_word' id='word_1_449' title='bbox 1923 3836 2181 3889; x_wconf 84' lang='lat' dir='ltr'><strong>adversa-</strong></span> 
     </span>
    </p>
   </div>
   <div class='ocr_carea' id='block_1_62' title="bbox 602 3927 2181 3997">
    <p class='ocr_par' dir='ltr' id='par_1_62' title="bbox 602 3927 2181 3997">
     <span class='ocr_line' id='line_1_62' title="bbox 602 3927 2181 3997; baseline -0.001 -17"><span class='ocrx_word' id='word_1_450' title='bbox 602 3929 743 3982; x_wconf 89' lang='lat' dir='ltr'><strong>rium</strong></span> <span class='ocrx_word' id='word_1_451' title='bbox 790 3942 850 3982; x_wconf 88' lang='lat' dir='ltr'><strong>se</strong></span> <span class='ocrx_word' id='word_1_452' title='bbox 884 3928 1018 3997; x_wconf 80' lang='lat' dir='ltr'><strong>tegit</strong></span> <span class='ocrx_word' id='word_1_453' title='bbox 1057 3935 1111 3982; x_wconf 88' lang='lat' dir='ltr'><strong>et</strong></span> <span class='ocrx_word' id='word_1_454' title='bbox 1144 3928 1348 3992; x_wconf 84' lang='lat' dir='ltr'><strong>munit;</strong></span> <span class='ocrx_word' id='word_1_455' title='bbox 1378 3942 1484 3980; x_wconf 93' lang='lat' dir='ltr'><strong>non</strong></span> <span class='ocrx_word' id='word_1_456' title='bbox 1523 3938 1709 3980; x_wconf 89' lang='lat' dir='ltr'><strong>contra</strong></span> <span class='ocrx_word' id='word_1_457' title='bbox 1740 3927 1815 3988; x_wconf 85' lang='lat' dir='ltr'><strong>id,</strong></span> <span class='ocrx_word' id='word_1_458' title='bbox 1851 3927 1998 3996; x_wconf 89' lang='lat' dir='ltr'><strong>quod</strong></span> <span class='ocrx_word' id='word_1_459' title='bbox 2032 3929 2181 3997; x_wconf 88' lang='lat' dir='ltr'><strong>cupit</strong></span> 
     </span>
    </p>
   </div>
   <div class='ocr_carea' id='block_1_63' title="bbox 596 4017 2180 4089">
    <p class='ocr_par' dir='ltr' id='par_1_63' title="bbox 596 4017 2180 4089">
     <span class='ocr_line' id='line_1_63' title="bbox 596 4017 2180 4089; baseline -0.003 -15"><span class='ocrx_word' id='word_1_460' title='bbox 596 4033 722 4074; x_wconf 69' lang='lat' dir='ltr'><strong>esse</strong></span> <span class='ocrx_word' id='word_1_461' title='bbox 751 4020 1032 4089; x_wconf 67' lang='lat' dir='ltr'><strong>praemium</strong></span> <span class='ocrx_word' id='word_1_462' title='bbox 1076 4018 1411 4073; x_wconf 83' lang='lat' dir='ltr'><strong>certaminis.</strong></span> <span class='ocrx_word' id='word_1_463' title='bbox 1448 4017 1504 4070; x_wconf 89' lang='lat' dir='ltr'><strong>Si</strong></span> <span class='ocrx_word' id='word_1_464' title='bbox 1540 4031 1671 4086; x_wconf 83' lang='lat' dir='ltr'><strong>ergo</strong></span> <span class='ocrx_word' id='word_1_465' title='bbox 1700 4032 1808 4071; x_wconf 92' lang='lat' dir='ltr'><strong>non</strong></span> <span class='ocrx_word' id='word_1_466' title='bbox 1846 4025 1963 4073; x_wconf 89' lang='lat' dir='ltr'><strong>erat</strong></span> <span class='ocrx_word' id='word_1_467' title='bbox 1991 4017 2180 4071; x_wconf 82' lang='lat' dir='ltr'><strong>adver-</strong></span> 
     </span>
    </p>
   </div>
   <div class='ocr_carea' id='block_1_64' title="bbox 595 4111 2178 4180">
    <p class='ocr_par' dir='ltr' id='par_1_64' title="bbox 595 4111 2178 4180">
     <span class='ocr_line' id='line_1_64' title="bbox 595 4111 2178 4180; baseline 0 -16"><span class='ocrx_word' id='word_1_468' title='bbox 595 4111 819 4175; x_wconf 82' lang='lat' dir='ltr'><strong>sarius,</strong></span> <span class='ocrx_word' id='word_1_469' title='bbox 870 4121 1144 4180; x_wconf 82' lang='lat' dir='ltr'><strong>quatenus</strong></span> <span class='ocrx_word' id='word_1_470' title='bbox 1182 4111 1287 4179; x_wconf 87' lang='lat' dir='ltr'><strong>ipsi</strong></span> <span class='ocrx_word' id='word_1_471' title='bbox 1338 4111 1699 4179; x_wconf 82' lang='lat' dir='ltr'><strong>ignorabant,</strong></span> <span class='ocrx_word' id='word_1_472' title='bbox 1756 4111 2030 4179; x_wconf 89' lang='lat' dir='ltr'><strong>quomodo</strong></span> <span class='ocrx_word' id='word_1_473' title='bbox 2070 4127 2178 4164; x_wconf 91' lang='lat' dir='ltr'><strong>non</strong></span> 
     </span>
    </p>
   </div>
   <div class='ocr_carea' id='block_1_65' title="bbox 600 4201 2181 4272">
    <p class='ocr_par' dir='ltr' id='par_1_65' title="bbox 600 4201 2181 4272">
     <span class='ocr_line' id='line_1_65' title="bbox 600 4201 2181 4272; baseline -0.002 -13"><span class='ocrx_word' id='word_1_474' title='bbox 600 4212 731 4259; x_wconf 81' lang='lat' dir='ltr'><strong>sunt</strong></span> <span class='ocrx_word' id='word_1_475' title='bbox 756 4204 1053 4267; x_wconf 86' lang='lat' dir='ltr'><strong>contraria,</strong></span> <span class='ocrx_word' id='word_1_476' title='bbox 1078 4218 1279 4269; x_wconf 85' lang='lat' dir='ltr'><strong>cupere</strong></span> <span class='ocrx_word' id='word_1_477' title='bbox 1308 4213 1361 4256; x_wconf 86' lang='lat' dir='ltr'><strong>et</strong></span> <span class='ocrx_word' id='word_1_478' title='bbox 1389 4203 1747 4272; x_wconf 80' lang='lat' dir='ltr'><strong>belligerare?</strong></span> <span class='ocrx_word' id='word_1_479' title='bbox 1776 4201 2058 4267; x_wconf 86' lang='lat' dir='ltr'><strong>Quomodo</strong></span> <span class='ocrx_word' id='word_1_480' title='bbox 2089 4219 2181 4256; x_wconf 87' lang='lat' dir='ltr'><strong>au-</strong></span> 
     </span>
    </p>
   </div>
   <div class='ocr_carea' id='block_1_66' title="bbox 598 4297 2177 4366">
    <p class='ocr_par' dir='ltr' id='par_1_66' title="bbox 598 4297 2177 4366">
     <span class='ocr_line' id='line_1_66' title="bbox 598 4297 2177 4366; baseline -0.002 -14"><span class='ocrx_word' id='word_1_481' title='bbox 598 4306 709 4353; x_wconf 79' lang='lat' dir='ltr'><strong>tem</strong></span> <span class='ocrx_word' id='word_1_482' title='bbox 740 4297 874 4351; x_wconf 90' lang='lat' dir='ltr'><strong>illud</strong></span> <span class='ocrx_word' id='word_1_483' title='bbox 900 4299 1062 4350; x_wconf 88' lang='lat' dir='ltr'><strong>etiam</strong></span> <span class='ocrx_word' id='word_1_484' title='bbox 1091 4312 1198 4349; x_wconf 93' lang='lat' dir='ltr'><strong>non</strong></span> <span class='ocrx_word' id='word_1_485' title='bbox 1223 4304 1305 4350; x_wconf 85' lang='lat' dir='ltr'><strong>est</strong></span> <span class='ocrx_word' id='word_1_486' title='bbox 1355 4310 1683 4365; x_wconf 72' lang='lat' dir='ltr'><strong>magnopere</strong></span> <span class='ocrx_word' id='word_1_487' title='bbox 1712 4311 2044 4366; x_wconf 87' lang='lat' dir='ltr'><strong>repugnans,</strong></span> <span class='ocrx_word' id='word_1_488' title='bbox 2084 4310 2177 4350; x_wconf 88' lang='lat' dir='ltr'><strong>eos</strong></span> 
     </span>
    </p>
   </div>
   <div class='ocr_carea' id='block_1_67' title="bbox 596 4385 2174 4457">
    <p class='ocr_par' dir='ltr' id='par_1_67' title="bbox 596 4385 2174 4457">
     <span class='ocr_line' id='line_1_67' title="bbox 596 4385 2174 4457; baseline 0 -16"><span class='ocrx_word' id='word_1_489' title='bbox 596 4387 697 4457; x_wconf 86' lang='lat' dir='ltr'><strong>qui</strong></span> <span class='ocrx_word' id='word_1_490' title='bbox 728 4386 785 4441; x_wconf 90' lang='lat' dir='ltr'><strong>in</strong></span> <span class='ocrx_word' id='word_1_491' title='bbox 817 4389 884 4442; x_wconf 79' lang='lat' dir='ltr'><strong>iis</strong></span> <span class='ocrx_word' id='word_1_492' title='bbox 928 4402 1049 4456; x_wconf 71' lang='lat' dir='ltr'><strong>qua:</strong></span> <span class='ocrx_word' id='word_1_493' title='bbox 1095 4385 1395 4441; x_wconf 89' lang='lat' dir='ltr'><strong>secundum</strong></span> <span class='ocrx_word' id='word_1_494' title='bbox 1426 4394 1679 4440; x_wconf 88' lang='lat' dir='ltr'><strong>naturam</strong></span> <span class='ocrx_word' id='word_1_495' title='bbox 1717 4395 1845 4442; x_wconf 88' lang='lat' dir='ltr'><strong>sunt</strong></span> <span class='ocrx_word' id='word_1_496' title='bbox 1893 4403 2174 4457; x_wconf 87' lang='lat' dir='ltr'><strong>nunquam</strong></span> 
     </span>
    </p>
   </div>
   <div class='ocr_carea' id='block_1_68' title="bbox 2356 2826 3856 2899">
    <p class='ocr_par' dir='ltr' id='par_1_68' title="bbox 2356 2826 3856 2899">
     <span class='ocr_line' id='line_1_68' title="bbox 2356 2826 3856 2899; baseline 0.001 -18"><span class='ocrx_word' id='word_1_497' title='bbox 2356 2830 2419 2882; x_wconf 87' lang='grc' dir='ltr'><strong>Εί</strong></span> <span class='ocrx_word' id='word_1_498' title='bbox 2455 2830 2633 2881; x_wconf 82' lang='grc' dir='ltr'>τοίνυν</span> <span class='ocrx_word' id='word_1_499' title='bbox 2669 2829 2744 2899; x_wconf 74' lang='grc' dir='ltr'>μὴ</span> <span class='ocrx_word' id='word_1_500' title='bbox 2772 2829 2968 2898; x_wconf 78' lang='grc' dir='ltr'>ᾔδεσαν</span> <span class='ocrx_word' id='word_1_501' title='bbox 3003 2828 3063 2881; x_wconf 86' lang='grc' dir='ltr'><strong>τὺ</strong></span> <span class='ocrx_word' id='word_1_502' title='bbox 3105 2826 3311 2881; x_wconf 79' lang='grc' dir='ltr'>κωλῦον</span> <span class='ocrx_word' id='word_1_503' title='bbox 3360 2829 3624 2891; x_wconf 80' lang='grc' dir='ltr'>ἐναντίον,</span> <span class='ocrx_word' id='word_1_504' title='bbox 3667 2829 3856 2895; x_wconf 73' lang='grc' dir='ltr'>ἄλογον</span> 
     </span>
    </p>
   </div>
   <div class='ocr_carea' id='block_1_69' title="bbox 2288 2916 3856 2991">
    <p class='ocr_par' dir='ltr' id='par_1_69' title="bbox 2288 2916 3856 2991">
     <span class='ocr_line' id='line_1_69' title="bbox 2288 2916 3856 2991; baseline -0.001 -18"><span class='ocrx_word' id='word_1_505' title='bbox 2288 2921 2461 2989; x_wconf 74' lang='grc' dir='ltr'>πάντη</span> <span class='ocrx_word' id='word_1_506' title='bbox 2495 2920 2556 2972; x_wconf 80' lang='grc' dir='ltr'>τὸ</span> <span class='ocrx_word' id='word_1_507' title='bbox 2592 2919 3022 2990; x_wconf 86' lang='grc' dir='ltr'>ἐπιστρατεύειν,</span> <span class='ocrx_word' id='word_1_508' title='bbox 3056 2920 3139 2988; x_wconf 88' lang='grc' dir='ltr'><strong>ἐφ’</strong></span> <span class='ocrx_word' id='word_1_509' title='bbox 3173 2916 3253 2982; x_wconf 78' lang='grc' dir='ltr'>οἷς</span> <span class='ocrx_word' id='word_1_510' title='bbox 3283 2922 3381 2973; x_wconf 82' lang='grc' dir='ltr'><strong>οὐκ</strong></span> <span class='ocrx_word' id='word_1_511' title='bbox 3406 2921 3604 2991; x_wconf 69' lang='grc' dir='ltr'>ᾔδεσαν</span> <span class='ocrx_word' id='word_1_512' title='bbox 3650 2922 3856 2973; x_wconf 45' lang='lat' dir='ltr'><strong>semiud-</strong></span> 
     </span>
    </p>
   </div>
   <div class='ocr_carea' id='block_1_70' title="bbox 2290 2996 3854 3081">
    <p class='ocr_par' dir='ltr' id='par_1_70' title="bbox 2290 2996 3854 3081">
     <span class='ocr_line' id='line_1_70' title="bbox 2290 2996 3854 3081; baseline -0.002 -17"><span class='ocrx_word' id='word_1_513' title='bbox 2290 3028 2439 3081; x_wconf 82' lang='grc' dir='ltr'>μενοι</span> <span class='ocrx_word' id='word_1_514' title='bbox 2461 3028 2473 3040; x_wconf 90' lang='grc'>·</span> <span class='ocrx_word' id='word_1_515' title='bbox 2508 3009 2822 3073; x_wconf 79' lang='grc' dir='ltr'>ὁπλίζεσθαι</span> <span class='ocrx_word' id='word_1_516' title='bbox 2854 3009 2961 3080; x_wconf 88' lang='grc' dir='ltr'><strong>γάρ</strong></span> <span class='ocrx_word' id='word_1_517' title='bbox 3001 3010 3146 3072; x_wconf 80' lang='grc' dir='ltr'>είκὸς</span> <span class='ocrx_word' id='word_1_518' title='bbox 3177 3006 3247 3080; x_wconf 83' lang='grc' dir='ltr'>ἦν</span> <span class='ocrx_word' id='word_1_519' title='bbox 3300 2996 3531 3074; x_wconf 61' lang='grc' dir='ltr'>αῗδτοὺς,</span> <span class='ocrx_word' id='word_1_520' title='bbox 3565 3010 3641 3073; x_wconf 81' lang='grc' dir='ltr'><strong>ῶς</strong></span> <span class='ocrx_word' id='word_1_521' title='bbox 3688 3027 3854 3080; x_wconf 70' lang='grc' dir='ltr'>φησι,</span> 
     </span>
    </p>
   </div>
   <div class='ocr_carea' id='block_1_71' title="bbox 2288 3101 3856 3173">
    <p class='ocr_par' dir='ltr' id='par_1_71' title="bbox 2288 3101 3856 3173">
     <span class='ocr_line' id='line_1_71' title="bbox 2288 3101 3856 3173; baseline 0.001 -20"><span class='ocrx_word' id='word_1_522' title='bbox 2288 3102 2422 3172; x_wconf 80' lang='grc' dir='ltr'>πυρὶ</span> <span class='ocrx_word' id='word_1_523' title='bbox 2456 3102 2548 3155; x_wconf 77' lang='grc' dir='ltr'><strong>καὶ</strong></span> <span class='ocrx_word' id='word_1_524' title='bbox 2584 3102 2779 3171; x_wconf 80' lang='grc' dir='ltr'>σκότῳ,</span> <span class='ocrx_word' id='word_1_525' title='bbox 2803 3102 2851 3153; x_wconf 83' lang='grc' dir='ltr'><strong>εί</strong></span> <span class='ocrx_word' id='word_1_526' title='bbox 2872 3101 3173 3172; x_wconf 82' lang='grc' dir='ltr'>προῄδεσαν</span> <span class='ocrx_word' id='word_1_527' title='bbox 3209 3105 3315 3153; x_wconf 84' lang='grc' dir='ltr'><strong>τῶν</strong></span> <span class='ocrx_word' id='word_1_528' title='bbox 3346 3103 3644 3173; x_wconf 81' lang='grc' dir='ltr'>ἀλλοτρίων</span> <span class='ocrx_word' id='word_1_529' title='bbox 3678 3104 3856 3172; x_wconf 83' lang='grc' dir='ltr'>είργό-</span> 
     </span>
    </p>
   </div>
   <div class='ocr_carea' id='block_1_72' title="bbox 2289 3193 3855 3263">
    <p class='ocr_par' dir='ltr' id='par_1_72' title="bbox 2289 3193 3855 3263">
     <span class='ocr_line' id='line_1_72' title="bbox 2289 3193 3855 3263; baseline 0.004 -18"><span class='ocrx_word' id='word_1_530' title='bbox 2289 3209 2459 3262; x_wconf 87' lang='grc' dir='ltr'>μενοι.</span> <span class='ocrx_word' id='word_1_531' title='bbox 2509 3194 2661 3245; x_wconf 79' lang='grc' dir='ltr'>Ἐπεὶ</span> <span class='ocrx_word' id='word_1_532' title='bbox 2702 3193 2759 3246; x_wconf 81' lang='grc' dir='ltr'><strong>δέ</strong></span> <span class='ocrx_word' id='word_1_533' title='bbox 2803 3193 3077 3256; x_wconf 84' lang='grc' dir='ltr'>παντελῶς</span> <span class='ocrx_word' id='word_1_534' title='bbox 3119 3195 3376 3263; x_wconf 78' lang='grc' dir='ltr'>ἠγνόουν,</span> <span class='ocrx_word' id='word_1_535' title='bbox 3426 3196 3528 3249; x_wconf 67' lang='grc' dir='ltr'><strong>οὐκ</strong></span> <span class='ocrx_word' id='word_1_536' title='bbox 3587 3196 3855 3251; x_wconf 67' lang='grc' dir='ltr'>ἀπιθάνου</span> 
     </span>
    </p>
   </div>
   <div class='ocr_carea' id='block_1_73' title="bbox 2286 3283 3856 3355">
    <p class='ocr_par' dir='ltr' id='par_1_73' title="bbox 2286 3283 3856 3355">
     <span class='ocr_line' id='line_1_73' title="bbox 2286 3283 3856 3355; baseline 0.004 -21"><span class='ocrx_word' id='word_1_537' title='bbox 2286 3284 2466 3351; x_wconf 76' lang='grc' dir='ltr'>μόνον,</span> <span class='ocrx_word' id='word_1_538' title='bbox 2502 3284 2637 3336; x_wconf 89' lang='grc' dir='ltr'><strong>ἀλλά</strong></span> <span class='ocrx_word' id='word_1_539' title='bbox 2666 3285 2759 3336; x_wconf 82' lang='grc' dir='ltr'><strong>καὶ</strong></span> <span class='ocrx_word' id='word_1_540' title='bbox 2788 3283 2972 3353; x_wconf 83' lang='grc' dir='ltr'>σαφῶς</span> <span class='ocrx_word' id='word_1_541' title='bbox 3004 3286 3312 3355; x_wconf 74' lang='grc' dir='ltr'>μαχομένω</span> <span class='ocrx_word' id='word_1_542' title='bbox 3338 3286 3516 3353; x_wconf 85' lang='grc' dir='ltr'>λόγου,</span> <span class='ocrx_word' id='word_1_543' title='bbox 3554 3286 3770 3340; x_wconf 77' lang='grc' dir='ltr'>ὅπλισιν</span> <span class='ocrx_word' id='word_1_544' title='bbox 3797 3306 3856 3340; x_wconf 78' lang='grc' dir='ltr'><strong>τε</strong></span> 
     </span>
    </p>
   </div>
   <div class='ocr_carea' id='block_1_74' title="bbox 2284 3376 3857 3448">
    <p class='ocr_par' dir='ltr' id='par_1_74' title="bbox 2284 3376 3857 3448">
     <span class='ocr_line' id='line_1_74' title="bbox 2284 3376 3857 3448; baseline 0.004 -21"><span class='ocrx_word' id='word_1_545' title='bbox 2284 3377 2378 3428; x_wconf 80' lang='grc' dir='ltr'><strong>καὶ</strong></span> <span class='ocrx_word' id='word_1_546' title='bbox 2418 3376 2675 3447; x_wconf 81' lang='grc' dir='ltr'>στρατιὰν</span> <span class='ocrx_word' id='word_1_547' title='bbox 2728 3376 3065 3445; x_wconf 77' lang='grc' dir='ltr'>διαγράφειν,</span> <span class='ocrx_word' id='word_1_548' title='bbox 3113 3378 3254 3430; x_wconf 85' lang='grc' dir='ltr'>κατά</span> <span class='ocrx_word' id='word_1_549' title='bbox 3306 3379 3530 3448; x_wconf 77' lang='grc' dir='ltr'>μηδενὸς</span> <span class='ocrx_word' id='word_1_550' title='bbox 3575 3382 3857 3443; x_wconf 75' lang='grc' dir='ltr'>παντελῶς</span> 
     </span>
    </p>
   </div>
   <div class='ocr_carea' id='block_1_75' title="bbox 2283 3465 3855 3539">
    <p class='ocr_par' dir='ltr' id='par_1_75' title="bbox 2283 3465 3855 3539">
     <span class='ocr_line' id='line_1_75' title="bbox 2283 3465 3855 3539; baseline 0.002 -19"><span class='ocrx_word' id='word_1_551' title='bbox 2283 3467 2653 3520; x_wconf 85' lang='grc' dir='ltr'>ἐναντιοῦσθαι</span> <span class='ocrx_word' id='word_1_552' title='bbox 2688 3467 3156 3539; x_wconf 81' lang='grc' dir='ltr'>προσδοκωμένου.</span> <span class='ocrx_word' id='word_1_553' title='bbox 3179 3470 3296 3538; x_wconf 81' lang='grc' dir='ltr'><strong>Οὐχ</strong></span> <span class='ocrx_word' id='word_1_554' title='bbox 3323 3465 3483 3539; x_wconf 85' lang='grc' dir='ltr'>ἦττον</span> <span class='ocrx_word' id='word_1_555' title='bbox 3523 3470 3579 3522; x_wconf 83' lang='grc' dir='ltr'>δὲ</span> <span class='ocrx_word' id='word_1_556' title='bbox 3610 3473 3855 3525; x_wconf 79' lang='grc' dir='ltr'>ἐναντίον</span> 
     </span>
    </p>
   </div>
   <div class='ocr_carea' id='block_1_76' title="bbox 2282 3557 3854 3629">
    <p class='ocr_par' dir='ltr' id='par_1_76' title="bbox 2282 3557 3854 3629">
     <span class='ocr_line' id='line_1_76' title="bbox 2282 3557 3854 3629; baseline 0.003 -18"><span class='ocrx_word' id='word_1_557' title='bbox 2282 3560 2375 3611; x_wconf 80' lang='grc' dir='ltr'><strong>καί</strong></span> <span class='ocrx_word' id='word_1_558' title='bbox 2406 3558 2467 3610; x_wconf 85' lang='grc' dir='ltr'>τὸ</span> <span class='ocrx_word' id='word_1_559' title='bbox 2499 3558 2574 3627; x_wconf 82' lang='grc' dir='ltr'>πὴ</span> <span class='ocrx_word' id='word_1_560' title='bbox 2628 3558 2725 3627; x_wconf 82' lang='grc' dir='ltr'>μὲν</span> <span class='ocrx_word' id='word_1_561' title='bbox 2757 3557 3048 3628; x_wconf 70' lang='grc' dir='ltr'>ἐπιθυμίαν</span> <span class='ocrx_word' id='word_1_562' title='bbox 3083 3560 3217 3629; x_wconf 84' lang='grc' dir='ltr'>πρὸς</span> <span class='ocrx_word' id='word_1_563' title='bbox 3260 3561 3320 3612; x_wconf 80' lang='grc' dir='ltr'>τὸ</span> <span class='ocrx_word' id='word_1_564' title='bbox 3348 3560 3463 3627; x_wconf 88' lang='grc' dir='ltr'><strong>φῶς</strong></span> <span class='ocrx_word' id='word_1_565' title='bbox 3493 3562 3854 3629; x_wconf 83' lang='grc' dir='ltr'>ἐκείνοις.γε-</span> 
     </span>
    </p>
   </div>
   <div class='ocr_carea' id='block_1_77' title="bbox 2250 3646 3855 3719">
    <p class='ocr_par' dir='ltr' id='par_1_77' title="bbox 2250 3646 3855 3719">
     <span class='ocr_line' id='line_1_77' title="bbox 2250 3646 3855 3719; baseline 0 -18"><span class='ocrx_word' id='word_1_566' title='bbox 2250 3648 2468 3702; x_wconf 70' lang='grc' dir='ltr'>ενέσθαι</span> <span class='ocrx_word' id='word_1_567' title='bbox 2507 3646 2803 3716; x_wconf 81' lang='grc' dir='ltr'>λέγειν,.πὴ</span> <span class='ocrx_word' id='word_1_568' title='bbox 2838 3648 2895 3699; x_wconf 90' lang='grc' dir='ltr'><strong>δέ</strong></span> <span class='ocrx_word' id='word_1_569' title='bbox 2938 3649 3257 3718; x_wconf 75' lang='grc' dir='ltr'>παρασκευῇ</span> <span class='ocrx_word' id='word_1_570' title='bbox 3299 3649 3568 3719; x_wconf 79' lang='grc' dir='ltr'>πολεμικῇ</span> <span class='ocrx_word' id='word_1_571' title='bbox 3602 3653 3723 3701; x_wconf 77' lang='grc' dir='ltr'>κατ’</span> <span class='ocrx_word' id='word_1_572' title='bbox 3759 3651 3855 3701; x_wconf 79' lang='grc' dir='ltr'><strong>αὺ-</strong></span> 
     </span>
    </p>
   </div>
   <div class='ocr_carea' id='block_1_78' title="bbox 2280 3739 3853 3811">
    <p class='ocr_par' dir='ltr' id='par_1_78' title="bbox 2280 3739 3853 3811">
     <span class='ocr_line' id='line_1_78' title="bbox 2280 3739 3853 3811; baseline 0.001 -18"><span class='ocrx_word' id='word_1_573' title='bbox 2280 3739 2375 3794; x_wconf 90' lang='grc' dir='ltr'><strong>τοῦ</strong></span> <span class='ocrx_word' id='word_1_574' title='bbox 2405 3740 2701 3809; x_wconf 81' lang='grc' dir='ltr'>κεχρῆσθαι</span> <span class='ocrx_word' id='word_1_575' title='bbox 2730 3740 2955 3802; x_wconf 83' lang='grc' dir='ltr'>τούτους</span> <span class='ocrx_word' id='word_1_576' title='bbox 2978 3741 3256 3809; x_wconf 81' lang='grc' dir='ltr'>ὁμολογεῖν</span> <span class='ocrx_word' id='word_1_577' title='bbox 3275 3758 3290 3772; x_wconf 77' lang='grc' dir='ltr'><strong><em>ο</em></strong></span> <span class='ocrx_word' id='word_1_578' title='bbox 3312 3739 3475 3793; x_wconf 83' lang='grc' dir='ltr'>ὅπλον</span> <span class='ocrx_word' id='word_1_579' title='bbox 3496 3741 3606 3811; x_wconf 84' lang='grc' dir='ltr'>γὰρ</span> <span class='ocrx_word' id='word_1_580' title='bbox 3633 3742 3853 3803; x_wconf 78' lang='grc' dir='ltr'>πάντως</span> 
     </span>
    </p>
   </div>
   <div class='ocr_carea' id='block_1_79' title="bbox 2281 3830 3855 3902">
    <p class='ocr_par' dir='ltr' id='par_1_79' title="bbox 2281 3830 3855 3902">
     <span class='ocr_line' id='line_1_79' title="bbox 2281 3830 3855 3902; baseline 0.001 -18"><span class='ocrx_word' id='word_1_581' title='bbox 2281 3832 2576 3901; x_wconf 83' lang='grc' dir='ltr'>πολεμικὸν</span> <span class='ocrx_word' id='word_1_582' title='bbox 2603 3831 2741 3884; x_wconf 84' lang='grc' dir='ltr'>κατά</span> <span class='ocrx_word' id='word_1_583' title='bbox 2764 3830 2855 3882; x_wconf 87' lang='grc' dir='ltr'><strong>τοῦ</strong></span> <span class='ocrx_word' id='word_1_584' title='bbox 2889 3832 3276 3901; x_wconf 83' lang='grc' dir='ltr'>ἀνθισταμένου</span> <span class='ocrx_word' id='word_1_585' title='bbox 3307 3831 3669 3902; x_wconf 61' lang='grc' dir='ltr'>πφὸἀλλεται</span> <span class='ocrx_word' id='word_1_586' title='bbox 3697 3832 3855 3886; x_wconf 65' lang='grc' dir='ltr'>πολέα</span> 
     </span>
    </p>
   </div>
   <div class='ocr_carea' id='block_1_80' title="bbox 2284 3917 3850 3996">
    <p class='ocr_par' dir='ltr' id='par_1_80' title="bbox 2284 3917 3850 3996">
     <span class='ocr_line' id='line_1_80' title="bbox 2284 3917 3850 3996; baseline 0 -18"><span class='ocrx_word' id='word_1_587' title='bbox 2284 3944 2405 3996; x_wconf 90' lang='grc' dir='ltr'>μιος</span> <span class='ocrx_word' id='word_1_588' title='bbox 2433 3925 2597 3988; x_wconf 72' lang='grc' dir='ltr'>ἅπας,</span> <span class='ocrx_word' id='word_1_589' title='bbox 2642 3925 2702 3977; x_wconf 87' lang='grc' dir='ltr'>οὺ</span> <span class='ocrx_word' id='word_1_590' title='bbox 2741 3922 2861 3977; x_wconf 76' lang='grc' dir='ltr'>καθ’</span> <span class='ocrx_word' id='word_1_591' title='bbox 2889 3917 2948 3976; x_wconf 76' lang='grc' dir='ltr'>οὗ</span> <span class='ocrx_word' id='word_1_592' title='bbox 2986 3924 3099 3993; x_wconf 80' lang='grc' dir='ltr'>ἔχει</span> <span class='ocrx_word' id='word_1_593' title='bbox 3133 3924 3231 3993; x_wconf 85' lang='grc' dir='ltr'>τὴν</span> <span class='ocrx_word' id='word_1_594' title='bbox 3276 3923 3570 3993; x_wconf 76' lang='grc' dir='ltr'>ἐπιθυμίαν</span> <span class='ocrx_word' id='word_1_595' title='bbox 3588 3925 3850 3978; x_wconf 74' lang='grc' dir='ltr'>ἐπάθλου.</span> 
     </span>
    </p>
   </div>
   <div class='ocr_carea' id='block_1_81' title="bbox 2282 4014 3853 4087">
    <p class='ocr_par' dir='ltr' id='par_1_81' title="bbox 2282 4014 3853 4087">
     <span class='ocr_line' id='line_1_81' title="bbox 2282 4014 3853 4087; baseline -0.001 -15"><span class='ocrx_word' id='word_1_596' title='bbox 2282 4021 2343 4072; x_wconf 86' lang='lat' dir='ltr'><strong>El</strong></span> <span class='ocrx_word' id='word_1_597' title='bbox 2382 4018 2559 4070; x_wconf 88' lang='grc' dir='ltr'>τοίνυν</span> <span class='ocrx_word' id='word_1_598' title='bbox 2592 4017 2665 4087; x_wconf 84' lang='grc' dir='ltr'>μὴ</span> <span class='ocrx_word' id='word_1_599' title='bbox 2685 4014 2752 4087; x_wconf 81' lang='grc' dir='ltr'>ἦν</span> <span class='ocrx_word' id='word_1_600' title='bbox 2793 4018 2932 4069; x_wconf 75' lang='grc' dir='ltr'>κατά</span> <span class='ocrx_word' id='word_1_601' title='bbox 2958 4018 3055 4087; x_wconf 84' lang='grc' dir='ltr'>τὴν</span> <span class='ocrx_word' id='word_1_602' title='bbox 3090 4017 3266 4073; x_wconf 82' lang='grc' dir='ltr'>αὐτῶν</span> <span class='ocrx_word' id='word_1_603' title='bbox 3299 4018 3517 4084; x_wconf 76' lang='grc' dir='ltr'>ἄγνοιαν</span> <span class='ocrx_word' id='word_1_604' title='bbox 3542 4020 3571 4070; x_wconf 83' lang='grc' dir='ltr'>ὁ</span> <span class='ocrx_word' id='word_1_605' title='bbox 3596 4019 3853 4073; x_wconf 71' lang='grc' dir='ltr'>ἀνθιστά-</span> 
     </span>
    </p>
   </div>
   <div class='ocr_carea' id='block_1_82' title="bbox 2282 4108 3845 4180">
    <p class='ocr_par' dir='ltr' id='par_1_82' title="bbox 2282 4108 3845 4180">
     <span class='ocr_line' id='line_1_82' title="bbox 2282 4108 3845 4180; baseline 0.001 -19"><span class='ocrx_word' id='word_1_606' title='bbox 2282 4127 2463 4180; x_wconf 83' lang='grc' dir='ltr'>μενος,</span> <span class='ocrx_word' id='word_1_607' title='bbox 2488 4110 2602 4172; x_wconf 88' lang='grc' dir='ltr'><strong>πῶς</strong></span> <span class='ocrx_word' id='word_1_608' title='bbox 2635 4110 2733 4161; x_wconf 82' lang='grc' dir='ltr'><strong>οὐκ</strong></span> <span class='ocrx_word' id='word_1_609' title='bbox 2763 4110 3000 4163; x_wconf 80' lang='grc' dir='ltr'>ἐναντίον</span> <span class='ocrx_word' id='word_1_610' title='bbox 3032 4108 3093 4160; x_wconf 85' lang='grc' dir='ltr'>τὸ</span> <span class='ocrx_word' id='word_1_611' title='bbox 3134 4108 3417 4179; x_wconf 83' lang='grc' dir='ltr'>ἐπιθυμεῖν</span> <span class='ocrx_word' id='word_1_612' title='bbox 3443 4109 3524 4179; x_wconf 84' lang='grc' dir='ltr'><strong>τῷ</strong></span> <span class='ocrx_word' id='word_1_613' title='bbox 3551 4111 3845 4180; x_wconf 78' lang='grc' dir='ltr'>πολεμεῖνς</span> 
     </span>
    </p>
   </div>
   <div class='ocr_carea' id='block_1_83' title="bbox 2280 4199 3850 4273">
    <p class='ocr_par' dir='ltr' id='par_1_83' title="bbox 2280 4199 3850 4273">
     <span class='ocr_line' id='line_1_83' title="bbox 2280 4199 3850 4273; baseline 0.002 -21"><span class='ocrx_word' id='word_1_614' title='bbox 2280 4200 2404 4263; x_wconf 88' lang='grc' dir='ltr'>Πῶς</span> <span class='ocrx_word' id='word_1_615' title='bbox 2432 4200 2487 4252; x_wconf 82' lang='grc' dir='ltr'><strong>δέ</strong></span> <span class='ocrx_word' id='word_1_616' title='bbox 2517 4201 2635 4268; x_wconf 82' lang='grc' dir='ltr'>οὐχὶ</span> <span class='ocrx_word' id='word_1_617' title='bbox 2672 4199 2790 4253; x_wconf 85' lang='grc' dir='ltr'>λίαν</span> <span class='ocrx_word' id='word_1_618' title='bbox 2825 4200 3043 4252; x_wconf 83' lang='grc' dir='ltr'>κάκεῖνο</span> <span class='ocrx_word' id='word_1_619' title='bbox 3090 4200 3411 4269; x_wconf 84' lang='grc' dir='ltr'>μαχόμενον,</span> <span class='ocrx_word' id='word_1_620' title='bbox 3440 4202 3555 4269; x_wconf 82' lang='grc' dir='ltr'>εἴγε</span> <span class='ocrx_word' id='word_1_621' title='bbox 3588 4204 3639 4254; x_wconf 74' lang='lat' dir='ltr'><strong>ot</strong></span> <span class='ocrx_word' id='word_1_622' title='bbox 3687 4203 3850 4273; x_wconf 70' lang='grc' dir='ltr'>μηδέ-</span> 
     </span>
    </p>
   </div>
   <div class='ocr_carea' id='block_1_84' title="bbox 2279 4291 3847 4363">
    <p class='ocr_par' dir='ltr' id='par_1_84' title="bbox 2279 4291 3847 4363">
     <span class='ocr_line' id='line_1_84' title="bbox 2279 4291 3847 4363; baseline 0.003 -22"><span class='ocrx_word' id='word_1_623' title='bbox 2279 4306 2408 4342; x_wconf 86' lang='grc' dir='ltr'>ποτε</span> <span class='ocrx_word' id='word_1_624' title='bbox 2444 4292 2904 4359; x_wconf 86' lang='grc' dir='ltr'>συμφωνήσαντες</span> <span class='ocrx_word' id='word_1_625' title='bbox 2957 4291 3015 4341; x_wconf 83' lang='grc' dir='ltr'><strong>ἐν</strong></span> <span class='ocrx_word' id='word_1_626' title='bbox 3045 4292 3157 4352; x_wconf 89' lang='grc' dir='ltr'>τοῖς</span> <span class='ocrx_word' id='word_1_627' title='bbox 3201 4291 3342 4343; x_wconf 79' lang='grc' dir='ltr'>κατὰ</span> <span class='ocrx_word' id='word_1_628' title='bbox 3382 4291 3545 4361; x_wconf 88' lang='grc' dir='ltr'>φύσιν</span> <span class='ocrx_word' id='word_1_629' title='bbox 3596 4294 3847 4363; x_wconf 79' lang='grc' dir='ltr'>ἀλλήλοις</span> 
     </span>
    </p>
   </div>
   <div class='ocr_carea' id='block_1_85' title="bbox 2280 4381 3846 4453">
    <p class='ocr_par' dir='ltr' id='par_1_85' title="bbox 2280 4381 3846 4453">
     <span class='ocr_line' id='line_1_85' title="bbox 2280 4381 3846 4453; baseline 0.004 -21"><span class='ocrx_word' id='word_1_630' title='bbox 2280 4381 2604 4445; x_wconf 79' lang='grc' dir='ltr'>συνέπνεον;</span> <span class='ocrx_word' id='word_1_631' title='bbox 2642 4381 2807 4451; x_wconf 84' lang='grc' dir='ltr'>Ὁμοῦ</span> <span class='ocrx_word' id='word_1_632' title='bbox 2838 4382 2965 4451; x_wconf 82' lang='grc' dir='ltr'>γὰρ,</span> <span class='ocrx_word' id='word_1_633' title='bbox 2997 4382 3151 4451; x_wconf 79' lang='grc' dir='ltr'>φησὶ,</span> <span class='ocrx_word' id='word_1_634' title='bbox 3191 4384 3331 4437; x_wconf 78' lang='grc' dir='ltr'>κατά</span> <span class='ocrx_word' id='word_1_635' title='bbox 3356 4383 3449 4437; x_wconf 91' lang='grc' dir='ltr'><strong>τοῦ</strong></span> <span class='ocrx_word' id='word_1_636' title='bbox 3487 4386 3668 4453; x_wconf 81' lang='grc' dir='ltr'>φωτὸς</span> <span class='ocrx_word' id='word_1_637' title='bbox 3693 4386 3846 4438; x_wconf 78' lang='grc' dir='ltr'>ἐϐου-</span> 
     </span>
    </p>
   </div>
   <div class='ocr_carea' id='block_1_86' title="bbox 598 4464 2180 4546">
    <p class='ocr_par' dir='ltr' id='par_1_86' title="bbox 598 4475 2180 4546">
     <span class='ocr_line' id='line_1_86' title="bbox 598 4475 2180 4546; baseline -0.001 -16"><span class='ocrx_word' id='word_1_638' title='bbox 598 4476 903 4531; x_wconf 70' lang='lat' dir='ltr'><strong>ooncordes</strong></span> <span class='ocrx_word' id='word_1_639' title='bbox 934 4476 1171 4539; x_wconf 86' lang='lat' dir='ltr'><strong>fuerunt,</strong></span> <span class='ocrx_word' id='word_1_640' title='bbox 1222 4475 1365 4529; x_wconf 90' lang='lat' dir='ltr'><strong>inter</strong></span> <span class='ocrx_word' id='word_1_641' title='bbox 1409 4491 1469 4529; x_wconf 88' lang='lat' dir='ltr'><strong>se</strong></span> <span class='ocrx_word' id='word_1_642' title='bbox 1509 4475 1578 4529; x_wconf 86' lang='lat' dir='ltr'><strong>ad</strong></span> <span class='ocrx_word' id='word_1_643' title='bbox 1612 4475 1923 4529; x_wconf 90' lang='lat' dir='ltr'><strong>bellandum</strong></span> <span class='ocrx_word' id='word_1_644' title='bbox 1958 4477 2180 4546; x_wconf 87' lang='lat' dir='ltr'><strong>conspi-</strong></span> 
     </span>
    </p>
   </div>
   <div class='ocr_carea' id='block_1_87' title="bbox 2283 4464 3849 4546">
    <p class='ocr_par' dir='ltr' id='par_1_87' title="bbox 2283 4464 3849 4546">
     <span class='ocr_line' id='line_1_87' title="bbox 2283 4464 3849 4546; baseline 0.004 -22"><span class='ocrx_word' id='word_1_645' title='bbox 2283 4464 2558 4527; x_wconf 79' lang='grc' dir='ltr'>λεύσαντο.</span> <span class='ocrx_word' id='word_1_646' title='bbox 2599 4474 2659 4526; x_wconf 80' lang='lat' dir='ltr'><strong>Ol</strong></span> <span class='ocrx_word' id='word_1_647' title='bbox 2700 4474 2807 4543; x_wconf 86' lang='grc' dir='ltr'><strong>γὰρ</strong></span> <span class='ocrx_word' id='word_1_648' title='bbox 2839 4472 2907 4524; x_wconf 86' lang='grc' dir='ltr'><strong>τὰ</strong></span> <span class='ocrx_word' id='word_1_649' title='bbox 2941 4471 3182 4542; x_wconf 85' lang='grc' dir='ltr'>ἀλλήλων</span> <span class='ocrx_word' id='word_1_650' title='bbox 3215 4474 3347 4545; x_wconf 82' lang='grc' dir='ltr'>μέλη</span> <span class='ocrx_word' id='word_1_651' title='bbox 3377 4477 3723 4546; x_wconf 79' lang='grc' dir='ltr'>τρεφόμενοι,</span> <span class='ocrx_word' id='word_1_652' title='bbox 3756 4480 3849 4530; x_wconf 72' lang='grc' dir='ltr'><strong>καὶ</strong></span> 
     </span>
    </p>
   </div>
   <div class='ocr_carea' id='block_1_88' title="bbox 601 4564 2176 4635">
    <p class='ocr_par' dir='ltr' id='par_1_88' title="bbox 601 4564 2176 4635">
     <span class='ocr_line' id='line_1_88' title="bbox 601 4564 2176 4635; baseline 0.002 -17"><span class='ocrx_word' id='word_1_653' title='bbox 601 4568 792 4621; x_wconf 76' lang='lat' dir='ltr'><strong>rasse?</strong></span> <span class='ocrx_word' id='word_1_654' title='bbox 826 4564 1023 4630; x_wconf 88' lang='lat' dir='ltr'><strong>Simul,</strong></span> <span class='ocrx_word' id='word_1_655' title='bbox 1067 4566 1274 4635; x_wconf 91' lang='lat' dir='ltr'><strong>inquit,</strong></span> <span class='ocrx_word' id='word_1_656' title='bbox 1302 4574 1493 4619; x_wconf 85' lang='lat' dir='ltr'><strong>contra</strong></span> <span class='ocrx_word' id='word_1_657' title='bbox 1530 4568 1713 4619; x_wconf 88' lang='lat' dir='ltr'><strong>lumen</strong></span> <span class='ocrx_word' id='word_1_658' title='bbox 1744 4566 2035 4620; x_wconf 90' lang='lat' dir='ltr'><strong>consilium</strong></span> <span class='ocrx_word' id='word_1_659' title='bbox 2086 4581 2176 4621; x_wconf 86' lang='lat' dir='ltr'><strong>ce-</strong></span> 
     </span>
    </p>
   </div>
   <div class='ocr_carea' id='block_1_89' title="bbox 600 4655 2174 4725">
    <p class='ocr_par' dir='ltr' id='par_1_89' title="bbox 600 4655 2174 4725">
     <span class='ocr_line' id='line_1_89' title="bbox 600 4655 2174 4725; baseline 0.001 -18"><span class='ocrx_word' id='word_1_660' title='bbox 600 4663 822 4725; x_wconf 87' lang='lat' dir='ltr'><strong>perunt.</strong></span> <span class='ocrx_word' id='word_1_661' title='bbox 876 4655 979 4721; x_wconf 90' lang='lat' dir='ltr'><strong>Qui</strong></span> <span class='ocrx_word' id='word_1_662' title='bbox 1019 4656 1165 4710; x_wconf 90' lang='lat' dir='ltr'><strong>enim</strong></span> <span class='ocrx_word' id='word_1_663' title='bbox 1207 4655 1467 4710; x_wconf 87' lang='lat' dir='ltr'><strong>membris</strong></span> <span class='ocrx_word' id='word_1_664' title='bbox 1510 4656 1626 4709; x_wconf 88' lang='lat' dir='ltr'><strong>suis</strong></span> <span class='ocrx_word' id='word_1_665' title='bbox 1659 4655 1797 4709; x_wconf 89' lang='lat' dir='ltr'><strong>inter</strong></span> <span class='ocrx_word' id='word_1_666' title='bbox 1845 4672 1903 4711; x_wconf 89' lang='lat' dir='ltr'><strong>se</strong></span> <span class='ocrx_word' id='word_1_667' title='bbox 1931 4656 2174 4710; x_wconf 76' lang='lat' dir='ltr'><strong>vicissim</strong></span> 
     </span>
    </p>
   </div>
   <div class='ocr_carea' id='block_1_90' title="bbox 600 4745 2177 4816">
    <p class='ocr_par' dir='ltr' id='par_1_90' title="bbox 600 4745 2177 4816">
     <span class='ocr_line' id='line_1_90' title="bbox 600 4745 2177 4816; baseline 0.001 -16"><span class='ocrx_word' id='word_1_668' title='bbox 600 4747 985 4816; x_wconf 83' lang='lat' dir='ltr'><strong>pascebantur,</strong></span> <span class='ocrx_word' id='word_1_669' title='bbox 1018 4755 1072 4801; x_wconf 91' lang='lat' dir='ltr'><strong>et</strong></span> <span class='ocrx_word' id='word_1_670' title='bbox 1096 4761 1309 4815; x_wconf 88' lang='lat' dir='ltr'><strong>semper</strong></span> <span class='ocrx_word' id='word_1_671' title='bbox 1338 4745 1486 4799; x_wconf 84' lang='lat' dir='ltr'><strong>nulla</strong></span> <span class='ocrx_word' id='word_1_672' title='bbox 1502 4760 1742 4815; x_wconf 80' lang='lat' dir='ltr'><strong>unquam</strong></span> <span class='ocrx_word' id='word_1_673' title='bbox 1771 4746 2177 4801; x_wconf 89' lang='lat' dir='ltr'><strong>intermissione</strong></span> 
     </span>
    </p>
   </div>
   <div class='ocr_carea' id='block_1_91' title="bbox 2284 4565 3847 4639">
    <p class='ocr_par' dir='ltr' id='par_1_91' title="bbox 2284 4565 3847 4639">
     <span class='ocr_line' id='line_1_91' title="bbox 2284 4565 3847 4639; baseline 0.004 -23"><span class='ocrx_word' id='word_1_674' title='bbox 2284 4565 2551 4635; x_wconf 83' lang='grc' dir='ltr'>μηδέποτε</span> <span class='ocrx_word' id='word_1_675' title='bbox 2574 4565 2673 4633; x_wconf 84' lang='grc' dir='ltr'>τῆς</span> <span class='ocrx_word' id='word_1_676' title='bbox 2702 4567 2820 4617; x_wconf 84' lang='grc' dir='ltr'>κατ’</span> <span class='ocrx_word' id='word_1_677' title='bbox 2843 4565 3085 4637; x_wconf 80' lang='grc' dir='ltr'>ἀλλήλων</span> <span class='ocrx_word' id='word_1_678' title='bbox 3111 4567 3307 4637; x_wconf 86' lang='grc' dir='ltr'>μανίας</span> <span class='ocrx_word' id='word_1_679' title='bbox 3332 4569 3696 4639; x_wconf 80' lang='grc' dir='ltr'>παυσάμενοι,</span> <span class='ocrx_word' id='word_1_680' title='bbox 3734 4571 3847 4634; x_wconf 73' lang='grc' dir='ltr'><strong>πῶς</strong></span> 
     </span>
    </p>
   </div>
   <div class='ocr_carea' id='block_1_92' title="bbox 2281 4644 3846 4734">
    <p class='ocr_par' dir='ltr' id='par_1_92' title="bbox 2281 4644 3846 4734">
     <span class='ocr_line' id='line_1_92' title="bbox 2281 4644 3846 4734; baseline 0.003 -26"><span class='ocrx_word' id='word_1_681' title='bbox 2281 4657 2340 4708; x_wconf 91' lang='grc' dir='ltr'><strong>ἐν</strong></span> <span class='ocrx_word' id='word_1_682' title='bbox 2376 4658 2488 4719; x_wconf 84' lang='grc' dir='ltr'>τοῖς</span> <span class='ocrx_word' id='word_1_683' title='bbox 2536 4655 2685 4724; x_wconf 87' lang='grc' dir='ltr'><strong>παρά</strong></span> <span class='ocrx_word' id='word_1_684' title='bbox 2740 4655 2899 4723; x_wconf 84' lang='grc' dir='ltr'>φύσιν</span> <span class='ocrx_word' id='word_1_685' title='bbox 2936 4658 3013 4719; x_wconf 82' lang='grc' dir='ltr'><strong>είς</strong></span> <span class='ocrx_word' id='word_1_686' title='bbox 3043 4644 3335 4727; x_wconf 80' lang='grc' dir='ltr'>ἐπιθυμίαν</span> <span class='ocrx_word' id='word_1_687' title='bbox 3374 4660 3489 4727; x_wconf 73' lang='grc' dir='ltr'>ἅμα</span> <span class='ocrx_word' id='word_1_688' title='bbox 3538 4661 3631 4714; x_wconf 75' lang='grc' dir='ltr'><strong>καί</strong></span> <span class='ocrx_word' id='word_1_689' title='bbox 3682 4662 3846 4734; x_wconf 73' lang='grc' dir='ltr'>ὀργὴν</span> 
     </span>
    </p>
   </div>
   <div class='ocr_carea' id='block_1_93' title="bbox 2280 4746 3343 4819">
    <p class='ocr_par' dir='ltr' id='par_1_93' title="bbox 2280 4746 3343 4819">
     <span class='ocr_line' id='line_1_93' title="bbox 2280 4746 3343 4819; baseline 0.003 -19"><span class='ocrx_word' id='word_1_690' title='bbox 2280 4746 2424 4800; x_wconf 80' lang='grc' dir='ltr'>κατὰ</span> <span class='ocrx_word' id='word_1_691' title='bbox 2454 4747 2548 4799; x_wconf 89' lang='grc' dir='ltr'><strong>τοῦ</strong></span> <span class='ocrx_word' id='word_1_692' title='bbox 2582 4746 2887 4816; x_wconf 82' lang='grc' dir='ltr'>κρείττονος</span> <span class='ocrx_word' id='word_1_693' title='bbox 2923 4748 3343 4819; x_wconf 71' lang='grc' dir='ltr'>συνεφώνησαν,</span> 
     </span>
    </p>
   </div>
   <div class='ocr_carea' id='block_1_94' title="bbox 595 4836 3845 4914">
    <p class='ocr_par' dir='ltr' id='par_1_94' title="bbox 595 4836 3845 4914">
     <span class='ocr_line' id='line_1_94' title="bbox 595 4836 3845 4914; baseline 0.003 -23"><span class='ocrx_word' id='word_1_694' title='bbox 595 4836 747 4891; x_wconf 65' lang='lat' dir='ltr'><strong>facta</strong></span> <span class='ocrx_word' id='word_1_695' title='bbox 778 4844 970 4891; x_wconf 88' lang='lat' dir='ltr'><strong>contra</strong></span> <span class='ocrx_word' id='word_1_696' title='bbox 1010 4853 1069 4893; x_wconf 87' lang='lat' dir='ltr'><strong>se</strong></span> <span class='ocrx_word' id='word_1_697' title='bbox 1107 4838 1472 4901; x_wconf 80' lang='lat' dir='ltr'><strong>insaniebant,</strong></span> <span class='ocrx_word' id='word_1_698' title='bbox 1526 4839 1801 4907; x_wconf 90' lang='lat' dir='ltr'><strong>quomodo</strong></span> <span class='ocrx_word' id='word_1_699' title='bbox 1834 4839 1890 4893; x_wconf 90' lang='lat' dir='ltr'><strong>in</strong></span> <span class='ocrx_word' id='word_1_700' title='bbox 1934 4839 2003 4892; x_wconf 88' lang='lat' dir='ltr'><strong>iis</strong></span> <span class='ocrx_word' id='word_1_701' title='bbox 2046 4852 2167 4909; x_wconf 74' lang='lat' dir='ltr'><strong>qua:</strong></span> <span class='ocrx_word' id='word_1_702' title='bbox 2205 4848 2401 4907; x_wconf 64' lang='lat' dir='ltr'><strong>praeter</strong></span> <span class='ocrx_word' id='word_1_703' title='bbox 2432 4848 2684 4893; x_wconf 89' lang='lat' dir='ltr'><strong>naturam</strong></span> <span class='ocrx_word' id='word_1_704' title='bbox 2725 4847 2875 4903; x_wconf 87' lang='lat' dir='ltr'><strong>sunt,</strong></span> <span class='ocrx_word' id='word_1_705' title='bbox 2912 4838 2979 4892; x_wconf 88' lang='lat' dir='ltr'><strong>ad</strong></span> <span class='ocrx_word' id='word_1_706' title='bbox 3013 4840 3314 4896; x_wconf 86' lang='lat' dir='ltr'><strong>habendam</strong></span> <span class='ocrx_word' id='word_1_707' title='bbox 3374 4842 3734 4914; x_wconf 80' lang='lat' dir='ltr'><strong>cupiditatem</strong></span> <span class='ocrx_word' id='word_1_708' title='bbox 3795 4856 3845 4903; x_wconf 88' lang='lat' dir='ltr'><strong>et</strong></span> 
     </span>
    </p>
   </div>
   <div class='ocr_carea' id='block_1_95' title="bbox 596 4928 2313 4985">
    <p class='ocr_par' dir='ltr' id='par_1_95' title="bbox 596 4928 2313 4985">
     <span class='ocr_line' id='line_1_95' title="bbox 596 4928 2313 4985; baseline 0.001 -2"><span class='ocrx_word' id='word_1_709' title='bbox 596 4928 667 4984; x_wconf 83' lang='lat' dir='ltr'><strong>ad</strong></span> <span class='ocrx_word' id='word_1_710' title='bbox 699 4928 1257 4983; x_wconf 54' lang='lat' dir='ltr'><strong>commotionem-ine</strong></span> <span class='ocrx_word' id='word_1_711' title='bbox 1299 4937 1489 4983; x_wconf 90' lang='lat' dir='ltr'><strong>contra</strong></span> <span class='ocrx_word' id='word_1_712' title='bbox 1540 4928 1708 4985; x_wconf 88' lang='lat' dir='ltr'><strong>Deum</strong></span> <span class='ocrx_word' id='word_1_713' title='bbox 1734 4930 2038 4985; x_wconf 85' lang='lat' dir='ltr'><strong>concordes</strong></span> <span class='ocrx_word' id='word_1_714' title='bbox 2089 4930 2313 4985; x_wconf 89' lang='lat' dir='ltr'><strong>fuerunt</strong></span> 
     </span>
    </p>
   </div>
   <div class='ocr_carea' id='block_1_96' title="bbox 670 5020 2169 5092">
    <p class='ocr_par' dir='ltr' id='par_1_96' title="bbox 670 5020 2169 5092">
     <span class='ocr_line' id='line_1_96' title="bbox 670 5020 2169 5092; baseline 0.001 -17"><span class='ocrx_word' id='word_1_715' title='bbox 670 5020 731 5075; x_wconf 92' lang='lat' dir='ltr'><strong>Si</strong></span> <span class='ocrx_word' id='word_1_716' title='bbox 759 5037 888 5077; x_wconf 74' lang='lat' dir='ltr'><strong>vero</strong></span> <span class='ocrx_word' id='word_1_717' title='bbox 929 5022 1071 5091; x_wconf 80' lang='lat' dir='ltr'><strong>juvit</strong></span> <span class='ocrx_word' id='word_1_718' title='bbox 1098 5029 1377 5091; x_wconf 87' lang='lat' dir='ltr'><strong>spectasse</strong></span> <span class='ocrx_word' id='word_1_719' title='bbox 1424 5024 1629 5089; x_wconf 90' lang='lat' dir='ltr'><strong>lumen,</strong></span> <span class='ocrx_word' id='word_1_720' title='bbox 1666 5038 1848 5078; x_wconf 91' lang='lat' dir='ltr'><strong>nonne</strong></span> <span class='ocrx_word' id='word_1_721' title='bbox 1881 5024 2169 5092; x_wconf 87' lang='lat' dir='ltr'><strong>oportebat</strong></span> 
     </span>
    </p>
   </div>
   <div class='ocr_carea' id='block_1_97' title="bbox 596 5113 2167 5183">
    <p class='ocr_par' dir='ltr' id='par_1_97' title="bbox 596 5113 2167 5183">
     <span class='ocr_line' id='line_1_97' title="bbox 596 5113 2167 5183; baseline 0.001 -16"><span class='ocrx_word' id='word_1_722' title='bbox 596 5113 727 5168; x_wconf 87' lang='lat' dir='ltr'><strong>duci</strong></span> <span class='ocrx_word' id='word_1_723' title='bbox 754 5129 851 5169; x_wconf 91' lang='lat' dir='ltr'><strong>eos</strong></span> <span class='ocrx_word' id='word_1_724' title='bbox 880 5128 911 5167; x_wconf 91' lang='lat' dir='ltr'><strong>a</strong></span> <span class='ocrx_word' id='word_1_725' title='bbox 950 5114 1061 5170; x_wconf 90' lang='lat' dir='ltr'><strong>Deo</strong></span> <span class='ocrx_word' id='word_1_726' title='bbox 1103 5114 1171 5169; x_wconf 81' lang='lat' dir='ltr'><strong>ad</strong></span> <span class='ocrx_word' id='word_1_727' title='bbox 1219 5113 1512 5183; x_wconf 87' lang='lat' dir='ltr'><strong>perfectam</strong></span> <span class='ocrx_word' id='word_1_728' title='bbox 1542 5124 1752 5169; x_wconf 76' lang='lat' dir='ltr'><strong>naturae</strong></span> <span class='ocrx_word' id='word_1_729' title='bbox 1785 5118 2167 5179; x_wconf 88' lang='lat' dir='ltr'><strong>mutationem,</strong></span> 
     </span>
    </p>
   </div>
   <div class='ocr_carea' id='block_1_98' title="bbox 597 5204 2168 5277">
    <p class='ocr_par' dir='ltr' id='par_1_98' title="bbox 597 5204 2168 5277">
     <span class='ocr_line' id='line_1_98' title="bbox 597 5204 2168 5277; baseline 0.001 -18"><span class='ocrx_word' id='word_1_730' title='bbox 597 5204 842 5261; x_wconf 82' lang='lat' dir='ltr'><strong>adhibita</strong></span> <span class='ocrx_word' id='word_1_731' title='bbox 895 5206 1003 5262; x_wconf 90' lang='lat' dir='ltr'><strong>illis</strong></span> <span class='ocrx_word' id='word_1_732' title='bbox 1052 5206 1334 5261; x_wconf 90' lang='lat' dir='ltr'><strong>curatione</strong></span> <span class='ocrx_word' id='word_1_733' title='bbox 1382 5207 1449 5261; x_wconf 93' lang='lat' dir='ltr'><strong>ad</strong></span> <span class='ocrx_word' id='word_1_734' title='bbox 1489 5206 1779 5261; x_wconf 89' lang='lat' dir='ltr'><strong>fruendum</strong></span> <span class='ocrx_word' id='word_1_735' title='bbox 1828 5208 1947 5277; x_wconf 89' lang='lat' dir='ltr'><strong>ipso</strong></span> <span class='ocrx_word' id='word_1_736' title='bbox 2003 5208 2168 5269; x_wconf 88' lang='lat' dir='ltr'><strong>bono,</strong></span> 
     </span>
    </p>
   </div>
   <div class='ocr_carea' id='block_1_99' title="bbox 598 5297 2169 5369">
    <p class='ocr_par' dir='ltr' id='par_1_99' title="bbox 598 5297 2169 5369">
     <span class='ocr_line' id='line_1_99' title="bbox 598 5297 2169 5369; baseline 0.001 -18"><span class='ocrx_word' id='word_1_737' title='bbox 598 5297 705 5351; x_wconf 82' lang='lat' dir='ltr'><strong>hoc</strong></span> <span class='ocrx_word' id='word_1_738' title='bbox 743 5306 859 5360; x_wconf 79' lang='lat' dir='ltr'><strong>est,</strong></span> <span class='ocrx_word' id='word_1_739' title='bbox 907 5297 1019 5353; x_wconf 84' lang='lat' dir='ltr'><strong>Deo</strong></span> <span class='ocrx_word' id='word_1_740' title='bbox 1072 5298 1347 5369; x_wconf 74' lang='lat' dir='ltr'><strong>perfecte?</strong></span> <span class='ocrx_word' id='word_1_741' title='bbox 1388 5298 1669 5365; x_wconf 84' lang='lat' dir='ltr'><strong>Quomodo</strong></span> <span class='ocrx_word' id='word_1_742' title='bbox 1705 5298 1843 5368; x_wconf 77' lang='lat' dir='ltr'><strong>juvit</strong></span> <span class='ocrx_word' id='word_1_743' title='bbox 1888 5307 2169 5369; x_wconf 87' lang='lat' dir='ltr'><strong>spectacu-</strong></span> 
     </span>
    </p>
   </div>
   <div class='ocr_carea' id='block_1_100' title="bbox 599 5387 2173 5459">
    <p class='ocr_par' dir='ltr' id='par_1_100' title="bbox 599 5387 2173 5459">
     <span class='ocr_line' id='line_1_100' title="bbox 599 5387 2173 5459; baseline -0.001 -15"><span class='ocrx_word' id='word_1_744' title='bbox 599 5387 711 5444; x_wconf 86' lang='lat' dir='ltr'><strong>lum</strong></span> <span class='ocrx_word' id='word_1_745' title='bbox 738 5388 961 5443; x_wconf 79' lang='lat' dir='ltr'><strong>luminis</strong></span> <span class='ocrx_word' id='word_1_746' title='bbox 988 5389 1091 5444; x_wconf 76' lang='lat' dir='ltr'><strong>visi</strong></span> <span class='ocrx_word' id='word_1_747' title='bbox 1117 5390 1389 5459; x_wconf 79' lang='lat' dir='ltr'><strong>profectos</strong></span> <span class='ocrx_word' id='word_1_748' title='bbox 1418 5392 1484 5449; x_wconf 88' lang='lat' dir='ltr'><strong>ad</strong></span> <span class='ocrx_word' id='word_1_749' title='bbox 1518 5390 1825 5446; x_wconf 82' lang='lat' dir='ltr'><strong>bellandum</strong></span> <span class='ocrx_word' id='word_1_750' title='bbox 1851 5404 1974 5445; x_wconf 81' lang='lat' dir='ltr'><strong>cum</strong></span> <span class='ocrx_word' id='word_1_751' title='bbox 2015 5405 2173 5445; x_wconf 79' lang='lat' dir='ltr'><strong>exer-</strong></span> 
     </span>
    </p>
   </div>
   <div class='ocr_carea' id='block_1_101' title="bbox 598 5479 2171 5551">
    <p class='ocr_par' dir='ltr' id='par_1_101' title="bbox 598 5479 2171 5551">
     <span class='ocr_line' id='line_1_101' title="bbox 598 5479 2171 5551; baseline 0.001 -17"><span class='ocrx_word' id='word_1_752' title='bbox 598 5479 751 5545; x_wconf 85' lang='lat' dir='ltr'><strong>citu;</strong></span> <span class='ocrx_word' id='word_1_753' title='bbox 786 5479 985 5548; x_wconf 88' lang='lat' dir='ltr'><strong>quibus</strong></span> <span class='ocrx_word' id='word_1_754' title='bbox 1015 5479 1116 5534; x_wconf 84' lang='lat' dir='ltr'><strong>hoc</strong></span> <span class='ocrx_word' id='word_1_755' title='bbox 1153 5481 1330 5551; x_wconf 87' lang='lat' dir='ltr'><strong>ipsum</strong></span> <span class='ocrx_word' id='word_1_756' title='bbox 1376 5482 1556 5537; x_wconf 89' lang='lat' dir='ltr'><strong>lumen</strong></span> <span class='ocrx_word' id='word_1_757' title='bbox 1596 5495 1704 5535; x_wconf 84' lang='lat' dir='ltr'><strong>non</strong></span> <span class='ocrx_word' id='word_1_758' title='bbox 1752 5482 1999 5550; x_wconf 82' lang='lat' dir='ltr'><strong>permisit</strong></span> <span class='ocrx_word' id='word_1_759' title='bbox 2036 5496 2171 5535; x_wconf 91' lang='lat' dir='ltr'><strong>con-</strong></span> 
     </span>
    </p>
   </div>
   <div class='ocr_carea' id='block_1_102' title="bbox 601 5568 2167 5642">
    <p class='ocr_par' dir='ltr' id='par_1_102' title="bbox 601 5568 2167 5642">
     <span class='ocr_line' id='line_1_102' title="bbox 601 5568 2167 5642; baseline 0.001 -19"><span class='ocrx_word' id='word_1_760' title='bbox 601 5578 682 5623; x_wconf 93' lang='lat' dir='ltr'><strong>tra</strong></span> <span class='ocrx_word' id='word_1_761' title='bbox 736 5569 947 5639; x_wconf 85' lang='lat' dir='ltr'><strong>seipsos</strong></span> <span class='ocrx_word' id='word_1_762' title='bbox 979 5568 1217 5625; x_wconf 90' lang='lat' dir='ltr'><strong>furorem</strong></span> <span class='ocrx_word' id='word_1_763' title='bbox 1270 5571 1505 5641; x_wconf 86' lang='lat' dir='ltr'><strong>amplius</strong></span> <span class='ocrx_word' id='word_1_764' title='bbox 1542 5586 1819 5636; x_wconf 78' lang='lat' dir='ltr'><strong>exercere,</strong></span> <span class='ocrx_word' id='word_1_765' title='bbox 1851 5581 1910 5627; x_wconf 92' lang='lat' dir='ltr'><strong>ut</strong></span> <span class='ocrx_word' id='word_1_766' title='bbox 1949 5572 2167 5642; x_wconf 90' lang='lat' dir='ltr'><strong>quidem</strong></span> 
     </span>
    </p>
   </div>
   <div class='ocr_carea' id='block_1_103' title="bbox 598 5662 2169 5735">
    <p class='ocr_par' dir='ltr' id='par_1_103' title="bbox 598 5662 2169 5735">
     <span class='ocr_line' id='line_1_103' title="bbox 598 5662 2169 5735; baseline 0.003 -23"><span class='ocrx_word' id='word_1_767' title='bbox 598 5673 855 5715; x_wconf 78' lang='lat' dir='ltr'><strong>exercere</strong></span> <span class='ocrx_word' id='word_1_768' title='bbox 897 5662 1221 5730; x_wconf 80' lang='lat' dir='ltr'><strong>oportebat;</strong></span> <span class='ocrx_word' id='word_1_769' title='bbox 1269 5673 1460 5719; x_wconf 86' lang='lat' dir='ltr'><strong>contra</strong></span> <span class='ocrx_word' id='word_1_770' title='bbox 1501 5679 1561 5718; x_wconf 90' lang='lat' dir='ltr'><strong>se</strong></span> <span class='ocrx_word' id='word_1_771' title='bbox 1587 5678 1717 5718; x_wconf 84' lang='lat' dir='ltr'><strong>vero</strong></span> <span class='ocrx_word' id='word_1_772' title='bbox 1765 5664 1941 5735; x_wconf 87' lang='lat' dir='ltr'><strong>ipsum</strong></span> <span class='ocrx_word' id='word_1_773' title='bbox 1973 5674 2169 5735; x_wconf 59' lang='lat' dir='ltr'><strong>praeter</strong></span> 
     </span>
    </p>
   </div>
   <div class='ocr_carea' id='block_1_104' title="bbox 598 5751 2165 5836">
    <p class='ocr_par' dir='ltr' id='par_1_104' title="bbox 598 5751 2165 5836">
     <span class='ocr_line' id='line_1_104' title="bbox 598 5751 2165 5836; baseline 0.008 -37"><span class='ocrx_word' id='word_1_774' title='bbox 598 5762 761 5836; x_wconf 75' lang='lat' dir='ltr'><strong>quam</strong></span> <span class='ocrx_word' id='word_1_775' title='bbox 802 5751 1105 5819; x_wconf 74' lang='lat' dir='ltr'><strong>oportebat,</strong></span> <span class='ocrx_word' id='word_1_776' title='bbox 1158 5754 1441 5822; x_wconf 85' lang='lat' dir='ltr'><strong>permisit?</strong></span> <span class='ocrx_word' id='word_1_777' title='bbox 1492 5753 1693 5809; x_wconf 80' lang='lat' dir='ltr'><strong>Verum</strong></span> <span class='ocrx_word' id='word_1_778' title='bbox 1730 5755 1783 5811; x_wconf 87' lang='lat' dir='ltr'><strong>in</strong></span> <span class='ocrx_word' id='word_1_779' title='bbox 1832 5755 1918 5812; x_wconf 84' lang='lat' dir='ltr'><strong>his</strong></span> <span class='ocrx_word' id='word_1_780' title='bbox 1946 5756 2165 5827; x_wconf 86' lang='lat' dir='ltr'><strong>quidem</strong></span> 
     </span>
    </p>
   </div>
   <div class='ocr_carea' id='block_1_105' title="bbox 2349 5024 3846 5098">
    <p class='ocr_par' dir='ltr' id='par_1_105' title="bbox 2349 5024 3846 5098">
     <span class='ocr_line' id='line_1_105' title="bbox 2349 5024 3846 5098; baseline 0.005 -21"><span class='ocrx_word' id='word_1_781' title='bbox 2349 5025 2410 5078; x_wconf 80' lang='lat' dir='ltr'><strong>El</strong></span> <span class='ocrx_word' id='word_1_782' title='bbox 2442 5024 2498 5076; x_wconf 84' lang='grc' dir='ltr'><strong>δέ</strong></span> <span class='ocrx_word' id='word_1_783' title='bbox 2538 5024 2747 5095; x_wconf 75' lang='grc' dir='ltr'>ὤνησεν</span> <span class='ocrx_word' id='word_1_784' title='bbox 2790 5027 2985 5088; x_wconf 81' lang='grc' dir='ltr'>αὐτοὺς</span> <span class='ocrx_word' id='word_1_785' title='bbox 3019 5027 3052 5095; x_wconf 81' lang='grc' dir='ltr'>ἡ</span> <span class='ocrx_word' id='word_1_786' title='bbox 3106 5026 3205 5080; x_wconf 86' lang='grc' dir='ltr'>θέα</span> <span class='ocrx_word' id='word_1_787' title='bbox 3240 5027 3331 5080; x_wconf 82' lang='grc' dir='ltr'><strong>τοῦ</strong></span> <span class='ocrx_word' id='word_1_788' title='bbox 3364 5030 3560 5098; x_wconf 80' lang='grc' dir='ltr'>φωτὸς,</span> <span class='ocrx_word' id='word_1_789' title='bbox 3594 5032 3717 5095; x_wconf 88' lang='grc' dir='ltr'><strong>πῶς</strong></span> <span class='ocrx_word' id='word_1_790' title='bbox 3753 5035 3846 5086; x_wconf 76' lang='grc' dir='ltr'><strong>οὐχ</strong></span> 
     </span>
    </p>
   </div>
   <div class='ocr_carea' id='block_1_106' title="bbox 2276 5114 3845 5191">
    <p class='ocr_par' dir='ltr' id='par_1_106' title="bbox 2276 5114 3845 5191">
     <span class='ocr_line' id='line_1_106' title="bbox 2276 5114 3845 5191; baseline 0.004 -22"><span class='ocrx_word' id='word_1_791' title='bbox 2276 5116 2382 5170; x_wconf 70' lang='grc' dir='ltr'>ἔδει</span> <span class='ocrx_word' id='word_1_792' title='bbox 2408 5133 2471 5184; x_wconf 85' lang='grc' dir='ltr'><strong>γε</strong></span> <span class='ocrx_word' id='word_1_793' title='bbox 2498 5115 2632 5186; x_wconf 82' lang='grc' dir='ltr'>πρὸς</span> <span class='ocrx_word' id='word_1_794' title='bbox 2656 5114 2860 5184; x_wconf 79' lang='grc' dir='ltr'>ἀγαθοῦ</span> <span class='ocrx_word' id='word_1_795' title='bbox 2888 5117 3020 5188; x_wconf 83' lang='grc' dir='ltr'>πρὸς</span> <span class='ocrx_word' id='word_1_796' title='bbox 3034 5118 3244 5171; x_wconf 80' lang='grc' dir='ltr'>τελείαν</span> <span class='ocrx_word' id='word_1_797' title='bbox 3280 5121 3473 5183; x_wconf 80' lang='grc' dir='ltr'>αὐτοὺς</span> <span class='ocrx_word' id='word_1_798' title='bbox 3500 5122 3601 5191; x_wconf 82' lang='grc' dir='ltr'>τῆς</span> <span class='ocrx_word' id='word_1_799' title='bbox 3634 5123 3845 5188; x_wconf 77' lang='grc' dir='ltr'>φύσεως</span> 
     </span>
    </p>
   </div>
   <div class='ocr_carea' id='block_1_107' title="bbox 2280 5207 3846 5281">
    <p class='ocr_par' dir='ltr' id='par_1_107' title="bbox 2280 5207 3846 5281">
     <span class='ocr_line' id='line_1_107' title="bbox 2280 5207 3846 5281; baseline 0.004 -22"><span class='ocrx_word' id='word_1_800' title='bbox 2280 5208 2578 5278; x_wconf 78' lang='grc' dir='ltr'>μεταϐολὴν</span> <span class='ocrx_word' id='word_1_801' title='bbox 2613 5207 3140 5281; x_wconf 78' lang='grc' dir='ltr'>ξεναγωγηθῆναιτῇ</span> <span class='ocrx_word' id='word_1_802' title='bbox 3173 5212 3440 5281; x_wconf 80' lang='grc' dir='ltr'>ἐπιτροπῇ</span> <span class='ocrx_word' id='word_1_803' title='bbox 3472 5212 3573 5280; x_wconf 76' lang='grc' dir='ltr'>τῆς</span> <span class='ocrx_word' id='word_1_804' title='bbox 3601 5214 3846 5275; x_wconf 69' lang='grc' dir='ltr'>ἐντελοῇ</span> 
     </span>
    </p>
   </div>
   <div class='ocr_carea' id='block_1_108' title="bbox 2276 5300 3844 5377">
    <p class='ocr_par' dir='ltr' id='par_1_108' title="bbox 2276 5300 3844 5377">
     <span class='ocr_line' id='line_1_108' title="bbox 2276 5300 3844 5377; baseline 0.004 -25"><span class='ocrx_word' id='word_1_805' title='bbox 2276 5300 2369 5352; x_wconf 87' lang='grc' dir='ltr'><strong>τοῦ</strong></span> <span class='ocrx_word' id='word_1_806' title='bbox 2408 5301 2715 5370; x_wconf 84' lang='grc' dir='ltr'>κρείττονος</span> <span class='ocrx_word' id='word_1_807' title='bbox 2757 5300 3139 5368; x_wconf 73' lang='grc' dir='ltr'>ἀπολαύσεωςς</span> <span class='ocrx_word' id='word_1_808' title='bbox 3192 5301 3317 5367; x_wconf 84' lang='grc' dir='ltr'>Πῶς</span> <span class='ocrx_word' id='word_1_809' title='bbox 3345 5303 3399 5356; x_wconf 89' lang='grc' dir='ltr'><strong>δέ</strong></span> <span class='ocrx_word' id='word_1_810' title='bbox 3445 5302 3657 5375; x_wconf 69' lang='grc' dir='ltr'>ὤνησεν</span> <span class='ocrx_word' id='word_1_811' title='bbox 3692 5307 3844 5377; x_wconf 74' lang='grc' dir='ltr'>ἠθέα</span> 
     </span>
    </p>
   </div>
   <div class='ocr_carea' id='block_1_109' title="bbox 2274 5386 3841 5466">
    <p class='ocr_par' dir='ltr' id='par_1_109' title="bbox 2274 5386 3841 5466">
     <span class='ocr_line' id='line_1_109' title="bbox 2274 5386 3841 5466; baseline 0.002 -24"><span class='ocrx_word' id='word_1_812' title='bbox 2274 5389 2369 5442; x_wconf 89' lang='grc' dir='ltr'><strong>τοῦ</strong></span> <span class='ocrx_word' id='word_1_813' title='bbox 2405 5390 2662 5459; x_wconf 79' lang='grc' dir='ltr'>φανέντος</span> <span class='ocrx_word' id='word_1_814' title='bbox 2688 5386 2863 5458; x_wconf 81' lang='grc' dir='ltr'>φωτὸς</span> <span class='ocrx_word' id='word_1_815' title='bbox 2892 5392 3395 5461; x_wconf 73' lang='grc' dir='ltr'>στρατευσαμένους</span> <span class='ocrx_word' id='word_1_816' title='bbox 3418 5432 3432 5451; x_wconf 85' lang='grc'><strong>,</strong></span> <span class='ocrx_word' id='word_1_817' title='bbox 3470 5387 3552 5456; x_wconf 73' lang='grc' dir='ltr'>οἷς</span> <span class='ocrx_word' id='word_1_818' title='bbox 3592 5396 3695 5466; x_wconf 78' lang='grc' dir='ltr'>τὴν</span> <span class='ocrx_word' id='word_1_819' title='bbox 3746 5413 3841 5466; x_wconf 79' lang='grc' dir='ltr'>μα-</span> 
     </span>
    </p>
   </div>
   <div class='ocr_carea' id='block_1_110' title="bbox 2276 5480 3841 5553">
    <p class='ocr_par' dir='ltr' id='par_1_110' title="bbox 2276 5480 3841 5553">
     <span class='ocr_line' id='line_1_110' title="bbox 2276 5480 3841 5553; baseline 0.005 -21"><span class='ocrx_word' id='word_1_820' title='bbox 2276 5481 2391 5533; x_wconf 90' lang='grc' dir='ltr'>νίαν</span> <span class='ocrx_word' id='word_1_821' title='bbox 2415 5481 2597 5533; x_wconf 81' lang='grc' dir='ltr'>οὐκέτι</span> <span class='ocrx_word' id='word_1_822' title='bbox 2626 5483 2745 5533; x_wconf 85' lang='grc' dir='ltr'>κατ’</span> <span class='ocrx_word' id='word_1_823' title='bbox 2776 5480 3018 5551; x_wconf 86' lang='grc' dir='ltr'>ἀλλήλων</span> <span class='ocrx_word' id='word_1_824' title='bbox 3034 5483 3258 5545; x_wconf 79' lang='grc' dir='ltr'>δεόντως</span> <span class='ocrx_word' id='word_1_825' title='bbox 3282 5484 3521 5553; x_wconf 79' lang='grc' dir='ltr'>ἐνεργεῖν</span> <span class='ocrx_word' id='word_1_826' title='bbox 3543 5485 3707 5540; x_wconf 85' lang='grc' dir='ltr'>τοῦτο</span> <span class='ocrx_word' id='word_1_827' title='bbox 3732 5504 3841 5540; x_wconf 80' lang='grc' dir='ltr'>σνν-</span> 
     </span>
    </p>
   </div>
   <div class='ocr_carea' id='block_1_111' title="bbox 2274 5573 3836 5652">
    <p class='ocr_par' dir='ltr' id='par_1_111' title="bbox 2274 5573 3836 5652">
     <span class='ocr_line' id='line_1_111' title="bbox 2274 5573 3836 5652; baseline 0.005 -27"><span class='ocrx_word' id='word_1_828' title='bbox 2274 5573 2554 5645; x_wconf 82' lang='grc' dir='ltr'>εχώρησε,</span> <span class='ocrx_word' id='word_1_829' title='bbox 2602 5573 2723 5627; x_wconf 76' lang='grc' dir='ltr'>καθ’</span> <span class='ocrx_word' id='word_1_830' title='bbox 2770 5573 2962 5627; x_wconf 78' lang='grc' dir='ltr'>ἐαυτοῦ</span> <span class='ocrx_word' id='word_1_831' title='bbox 2999 5575 3056 5628; x_wconf 85' lang='grc' dir='ltr'>δὲ</span> <span class='ocrx_word' id='word_1_832' title='bbox 3100 5575 3250 5647; x_wconf 87' lang='grc' dir='ltr'><strong>παρά</strong></span> <span class='ocrx_word' id='word_1_833' title='bbox 3307 5577 3367 5629; x_wconf 72' lang='grc' dir='ltr'>τὸ</span> <span class='ocrx_word' id='word_1_834' title='bbox 3414 5577 3535 5632; x_wconf 79' lang='grc' dir='ltr'>δέον</span> <span class='ocrx_word' id='word_1_835' title='bbox 3585 5580 3836 5652; x_wconf 75' lang='grc' dir='ltr'>ἔτρεψεν;</span> 
     </span>
    </p>
   </div>
   <div class='ocr_carea' id='block_1_112' title="bbox 2287 5663 3835 5741">
    <p class='ocr_par' dir='ltr' id='par_1_112' title="bbox 2287 5663 3835 5741">
     <span class='ocr_line' id='line_1_112' title="bbox 2287 5663 3835 5741; baseline 0.005 -26"><span class='ocrx_word' id='word_1_836' title='bbox 2287 5663 2445 5717; x_wconf 86' lang='grc' dir='ltr'>Ἀλλά</span> <span class='ocrx_word' id='word_1_837' title='bbox 2478 5666 2610 5717; x_wconf 78' lang='grc' dir='ltr'>πολὺ</span> <span class='ocrx_word' id='word_1_838' title='bbox 2649 5665 2747 5735; x_wconf 84' lang='grc' dir='ltr'>μὲν</span> <span class='ocrx_word' id='word_1_839' title='bbox 2782 5667 2840 5717; x_wconf 81' lang='grc' dir='ltr'><strong>ἐν</strong></span> <span class='ocrx_word' id='word_1_840' title='bbox 2862 5665 3070 5731; x_wconf 79' lang='grc' dir='ltr'>τούτοις</span> <span class='ocrx_word' id='word_1_841' title='bbox 3099 5669 3207 5730; x_wconf 74' lang='grc' dir='ltr'>τοῖς</span> <span class='ocrx_word' id='word_1_842' title='bbox 3243 5665 3520 5737; x_wconf 80' lang='grc' dir='ltr'>πλάσμασι</span> <span class='ocrx_word' id='word_1_843' title='bbox 3559 5670 3620 5722; x_wconf 80' lang='grc' dir='ltr'>τὸ</span> <span class='ocrx_word' id='word_1_844' title='bbox 3665 5671 3835 5741; x_wconf 76' lang='grc' dir='ltr'>ληρῶ-</span> 
     </span>
    </p>
   </div>
   <div class='ocr_carea' id='block_1_113' title="bbox 2272 5755 3835 5835">
    <p class='ocr_par' dir='ltr' id='par_1_113' title="bbox 2272 5755 3835 5835">
     <span class='ocr_line' id='line_1_113' title="bbox 2272 5755 3835 5835; baseline 0.001 -26"><span class='ocrx_word' id='word_1_845' title='bbox 2272 5755 2392 5821; x_wconf 81' lang='grc' dir='ltr'>δες·</span> <span class='ocrx_word' id='word_1_846' title='bbox 2430 5757 2604 5813; x_wconf 84' lang='grc' dir='ltr'>ταῦτα</span> <span class='ocrx_word' id='word_1_847' title='bbox 2637 5757 2693 5811; x_wconf 85' lang='grc' dir='ltr'>δὲ</span> <span class='ocrx_word' id='word_1_848' title='bbox 2724 5758 2816 5813; x_wconf 57' lang='grc' dir='ltr'><strong>καὶ⁵</strong></span> <span class='ocrx_word' id='word_1_849' title='bbox 2844 5758 3015 5824; x_wconf 79' lang='grc' dir='ltr'>ἄλλως</span> <span class='ocrx_word' id='word_1_850' title='bbox 3054 5760 3413 5831; x_wconf 82' lang='grc' dir='ltr'>ἀσύγγνωστα</span> <span class='ocrx_word' id='word_1_851' title='bbox 3443 5760 3703 5835; x_wconf 82' lang='grc' dir='ltr'>δειχθείη.</span> <span class='ocrx_word' id='word_1_852' title='bbox 3736 5762 3835 5833; x_wconf 74' lang='grc' dir='ltr'><strong>Γῆν</strong></span> 
     </span>
    </p>
   </div>
  </div>
