4058 6330
185 413 340 471 1095

1300 415 1668 473 ΑΒἾΕΒΞΠΞ
1702 415 2129 474 ιιΑΝιοΗΑεοε
2168 418 2296 473 un.
2334 386 2382 473 ‘I.

3318 420 3338 472 Ι
3349 418 3457 475 091,

187 528 304 599 γὰρ
353 528 677 596 ὀνομάζουσι
714 530 808 584 τοῦ
839 530 1078 599 ἁγαθοῦο
1122 532 1279 583 ποίαν
1318 531 1375 583 δὲ
1409 531 1613 601 ταύτην
1657 532 1750 600 πρὲ

1867 536 2191 589 commentis
2253 532 2483 586 multum
2538 532 2881 589 deliramenti
2939 544 3058 597 est,
3124 549 3244 602 quae
3295 534 3455 589 aliter

186 617 295 687 τῆς
332 618 729 693 δημιουργίας;
786 620 1162 692 Προλαμϐάνει
1192 621 1256 691 δὴ
1296 622 1426 693 παρ’
1471 622 1656 684 αὐτοῖς
1696 622 1766 674 τά

184 707 432 778 ὀνόματα
479 711 587 766 τῶν
638 711 980 783 πραγμάτων
1028 711 1129 781 τὴν
1194 712 1433 779 γένεσιν·
1477 713 1605 783 πρὶν
1656 712 1765 783 γὰρ

184 800 525 873 ὁμολογῆσαι
579 803 671 857 τὸν
722 803 856 856 Θεὸν
908 802 1306 873 πεποιηκέναι,
1361 802 1507 870 λέγει
1565 797 1704 855 εἶναι
1736 804 1766 854 ό

185 892 555 962 χαλεπώτατα
580 894 771 966 μανεὶς
793 895 854 949 τδ
878 896 1106 967 μηδέπω
1124 892 1509 967 γεγενημὲνον.
1536 895 1612 966 Γῆ
1633 895 1764 966 γὰρ,

188 984 245 1036 εί
282 987 379 1055 μὲν
409 988 649 1056 ἐγένετο,
678 982 779 1058 ἦν’
809 988 857 1040 εί
886 986 943 1039 δὲ
976 987 1051 1059 μὴ
1080 986 1343 1059 γενομένη
1374 986 1607 1058 ὑπῆρχε,
1636 1003 1765 1041 συν-

183 1077 455 1150 αγὲνητος
480 1074 549 1149 ἦν
570 1078 651 1149 τῷ
674 1079 813 1150 Θεῷ.
842 1078 951 1149 Γῆς
981 1079 1038 1133 δὲ
1059 1081 1179 1133 τίνα
1201 1078 1388 1151 χρείαν
1417 1077 1530 1148 ἔχει
1560 1081 1589 1132 ό
1608 1077 1761 1141 Θεὸς,

184 1172 264 1241 Th
292 1170 367 1241 μὴ
389 1172 761 1243 κεχρημένος;
791 1172 1180 1241 ’Λναλογίστως
1200 1173 1303 1243 γῆν
1321 1170 1456 1224 Θεοῦ
1482 1169 1760 1241 ὀνομάζει,

184 1263 321 1333 πρὶν
346 1262 549 1333 ταύτην
582 1267 756 1318 εἰπεῖν
799 1266 1111 1334 γεγονέναι·
1143 1265 1262 1319 οὐδὲ
1294 1264 1401 1334 γὰρ
1448 1259 1560 1317 οἷόν
1589 1280 1649 1316 τε
1694 1259 1763 1334 ἦν

184 1354 300 1426 πρὸ
327 1355 685 1429 δημιουργίας
716 1358 1054 1430 μαρτυρῆσαι
1085 1356 1258 1430 ταύτῃ
1291 1353 1354 1409 τὺ
1382 1354 1656 1425 γενέσθαι.

1873 625 2038 679 etiam
2070 625 2468 683 convincimus,
2528 638 2637 678 non
2681 638 2846 694 posse
2873 626 3177 680 condonari
3212 644 3224 677 :
3271 625 3451 678 nomi-

1872 724 2006 771 nant
2033 718 2176 772 enim
2212 725 2413 775 terram
2444 715 2570 770 boni
2606 716 2627 786 (
2652 715 2831 784 idest,
2866 717 2958 772 Dei
2988 719 3045 786 ;)
3075 720 3289 787 qualem
3324 729 3455 770 vero

1871 816 2075 863 terram
2121 817 2245 862 ante
2292 806 2482 861 mundi
2533 807 2907 864 creationem?
2956 808 3115 880 Apud
3149 822 3244 863 eos
3301 807 3454 862 scili-

1870 907 1961 955 cet
2003 908 2184 954 ortum
2226 914 2409 954 rerum
2444 898 2745 967 anticipant
2786 902 3008 954 nomina
3044 919 3057 953 :
3094 900 3249 969 prius
3299 897 3451 953 enim

1870 1006 2035 1061 quam
2068 990 2341 1046 fateantur
2382 1004 2599 1045 creasse
2628 989 2796 1045 Deum
2824 991 3109 1056 mundum,
3157 991 3233 1044 ait
3260 988 3453 1045 absur-

1868 1083 2129 1140 dissimus
2181 1082 2544 1147 Manicbmus,
2594 1098 2721 1139 esse
2779 1084 2927 1154 quod
2955 1082 3202 1139 nondum
3245 1081 3449 1137 factum

1868 1182 2006 1228 erat.
2056 1171 2227 1227 Terra
2270 1185 2529 1242 namque,
2574 1173 2621 1228 si
2665 1172 2888 1243 quidem
2936 1172 3137 1238 fuerat,
3168 1181 3286 1230 erat
3318 1192 3331 1227 :
3362 1173 3451 1227 sin

1872 1278 1999 1319 vero
2028 1280 2136 1318 non
2171 1270 2291 1320 erat
2318 1262 2483 1325 facta,
2514 1272 2633 1319 erat
2659 1265 2824 1319 simul
2873 1280 2997 1320 cum
3040 1263 3153 1320 Deo
3184 1264 3446 1335 ingenita.

1870 1353 2008 1419 Quid
2041 1369 2170 1408 vero
2199 1368 2336 1423 opus
2364 1362 2482 1408 erat
2514 1352 2625 1409 Deo
2650 1362 2799 1409 terra
2821 1395 2836 1419 ,
2870 1370 2978 1425 qua
3008 1369 3119 1408 non
3146 1354 3248 1409 fuit
3275 1354 3450 1410 usus?

186 1443 301 1500 Sed
354 1446 443 1501 hic
486 1450 805 1519 insipienter
849 1458 1052 1503 terram
1094 1450 1187 1505 Dei
1234 1459 1412 1513 vocat,
1463 1456 1758 1519 antequam
1797 1448 1946 1503 dicat
1977 1448 2177 1502 factam
2212 1461 2335 1502 esse
2374 1465 2387 1500 :
2423 1463 2525 1503 nec
2586 1448 2733 1503 enim
2787 1458 2915 1505 ante
2969 1452 3303 1505 creationem
3350 1461 3451 1519 po-

184 1545 333 1593 terat
358 1538 735 1596 testimonium
762 1541 868 1596 dici
904 1543 970 1595 de
1000 1549 1147 1596 terra
1179 1539 1345 1595 facta.

978 1654 1108 1708 Cn.
1152 1651 1295 1707 XIX.
1329 1652 1536 1707 Malam
1568 1650 1885 1723 principium
1918 1645 2089 1700 videre
2115 1644 2292 1699 tamen
2335 1662 2439 1700 non
2479 1648 2667 1713 potuit.

262 1771 494 1826 Ἔπειτα
542 1772 676 1825 Θεοῦ
728 1772 827 1842 μὲν
874 1770 990 1824 ἐστι
1037 1769 1154 1840 φῶς
1192 1769 1446 1841 αἰσθητὸν
1494 1769 1758 1841 δημιούρ-

1937 1760 2141 1817 Deinde
2196 1775 2227 1815 a
2272 1760 2383 1816 Deo
2431 1761 2649 1831 quidem
2706 1770 2951 1816 creatum
3016 1774 3100 1819 est
3157 1766 3336 1823 lumen
3387 1770 3443 1826 in

179 1880 362 1934 γημα,
408 1864 570 1928 αὐτὸς
604 1863 663 1916 δὲ
700 1862 816 1931 φῶς
851 1863 917 1917 ἂν
950 1864 1037 1932 εἴη
1076 1862 1285 1933 νοητὸν,
1316 1860 1416 1914 οὐκ
1460 1859 1750 1929 αἱσθητόν;

1862 1860 2143 1923 aspectum
2186 1852 2424 1919 cadens;
2476 1852 2595 1921 ipse
2616 1861 2795 1906 autem
2833 1852 2975 1909 Deus
3018 1860 3197 1911 lumen
3229 1868 3314 1914 est
3353 1862 3442 1916 in-

180 1952 340 2009 Εῐδεν
368 1950 460 2009 οὖν
484 1959 516 2026 ἡ
539 1955 728 2018 κακία,
763 1956 918 2026 φησὶ,
948 1954 1007 2007 τὸ
1040 1953 1156 2023 φῶς
1179 1952 1274 2006 τοῦ
1307 1949 1532 2021 ἀγαθοῦ.
1566 1950 1628 2004 El
1658 1952 1756 2023 μὲν

176 2048 246 2101 τὸ
276 2046 532 2117 αἰσθητὸν
585 2048 723 2115 φῶς,
755 2045 909 2099 οὔπω
962 2046 1186 2117 κόσμος,
1231 2044 1355 2097 οὗτε
1400 2044 1617 2113 γένεσις
1672 2043 1757 2097 κό-

180 2155 324 2210 σμου
351 2155 365 2168 °
423 2137 539 2203 πῶς
567 2133 674 2192 εἶδε
715 2138 776 2191 τὺ
803 2136 1028 2208 μηδέπω
1074 2135 1472 2207 γεγενημένον;
1517 2134 1611 2187 τοῦ
1650 2135 1755 2205 γὰρ

179 2229 523 2301 κεχρημένου
560 2230 724 2302 μήπω
755 2230 1109 2299 τυγχάνοντος
1147 2227 1456 2297 ἀνθρώπου,
1487 2226 1594 2278 τίνι
1625 2228 1758 2298 χρή-

180 2338 342 2393 σιμον
383 2316 451 2391 ἦν
489 2320 549 2373 τὸ
587 2318 739 2388 φῶς;
787 2320 1020 2389 συγγενῆ
1062 2318 1169 2390 γὰρ
1217 2318 1295 2388 τῷ
1336 2320 1661 2391 κεχρημένῳ
1687 2319 1757 2372 τὰ

175 2414 429 2483 χρήσιμα,
448 2429 460 2442 ·
490 2412 551 2464 οὐ
578 2410 686 2482 γάρ
714 2409 779 2481 δὴ
811 2408 929 2479 Θεῷ
957 2411 1224 2482 χρήσιμον
1255 2405 1322 2479 ἦν
1346 2410 1757 2482 ἀπηλλαγμένῳ

175 2505 362 2575 πάσης
386 2503 651 2575 αἰσθητῆς
684 2502 992 2572 μετουσίας.
1037 2502 1101 2554 Ei
1149 2502 1206 2554 δὲ
1255 2502 1415 2555 αὑτὸν
1472 2502 1561 2555 τὸν
1596 2502 1753 2566 Θεὸν,

174 2596 350 2666 ὅσπερ
382 2597 499 2649 ἐστὶ
532 2596 718 2665 νοερὸν
751 2593 886 2663 φῶς,
931 2594 1147 2656 πάντως
1193 2593 1497 2663 ὁμοιώματι
1540 2593 1757 2663 φύσεως

175 2683 284 2739 εἶδε
317 2689 377 2740 τὸ
410 2689 615 2758 ὅμοιον.
658 2688 898 2757 ’Δνάγκη
920 2685 1095 2739 τοίνυν
1138 2685 1391 2755 αἰσθητὸν
1439 2684 1555 2753 φῶς
1587 2686 1754 2758 αὐτὴν

175 2779 514 2851 ἑωρακέναι·
558 2780 814 2851 αἰσθητὸν
844 2779 901 2832 δὲ
932 2779 1037 2847 πρὸ
1081 2776 1189 2829 τῶν
1220 2775 1511 2847 αἰσθητῶν,
1548 2777 1642 2830 τοῦ
1685 2777 1758 2829 τί·

175 2889 267 2935 νος
305 2872 463 2943 χάριν
510 2872 744 2944 ὑπῆρχε.
787 2870 912 2934 Πῶς
944 2869 1001 2923 δὲ
1046 2869 1193 2939 ὅμως
1231 2868 1418 2930 σκότος
1462 2869 1565 2939 ὁρᾷ
1605 2868 1754 2937 φῶς;

173 2963 242 3018 Et
278 2964 386 3035 γάρ
429 2964 690 3017 ἐθεάσατο
728 2961 866 3032 φῶς,
910 2960 1011 3013 οὐκ
1048 2959 1116 3013 ἂν
1159 2959 1247 3028 εἴη
1290 2958 1509 3021 σκότος·
1556 2958 1758 3030 πολλὴν

171 3056 285 3127 γὰρ
310 3055 424 3126 ἔχει
452 3056 549 3126 τὴν
579 3054 861 3109 κοινωνίαν
883 3055 917 3124 ἠ
949 3051 1200 3122 αἴσθησις
1231 3050 1365 3122 πρὸς
1390 3052 1452 3103 τὸ
1478 3051 1755 3122 αίσθητόν.

1859 1944 2139 2016 telligibile
2170 1958 2280 1998 non
2311 1944 2590 1999 sensibile.
2622 1940 2771 1996 Vidit
2795 1944 2979 2013 igitur,
3008 1946 3205 2018 inquit,
3254 1953 3443 2022 nequi-

1857 2037 1932 2089 tia
1964 2036 2149 2089 lumen
2182 2034 2383 2088 summi
2415 2034 2563 2089 boni.
2604 2032 2660 2089 Si
2684 2036 2894 2101 lumen,
2946 2039 3092 2108 quod
3119 2039 3174 2092 in
3215 2056 3439 2097 sensum

1856 2126 2023 2189 cadit,
2051 2125 2294 2179 nondum
2318 2136 2433 2180 erat
2463 2127 2722 2193 mundus,
2756 2144 2858 2184 nec
2885 2139 3039 2187 ortus
3060 2134 3273 2196 mundi,
3300 2150 3440 2205 quo-

1857 2218 2022 2273 modo
2054 2218 2220 2288 igitur
2249 2217 2383 2273 vidit
2420 2218 2568 2288 quod
2604 2220 2851 2275 nondum
2893 2222 3099 2277 factum
3137 2227 3296 2279 erat?
3346 2229 3437 2283 cui

1856 2309 2003 2363 enim
2045 2308 2244 2364 fuisset
2288 2310 2433 2375 usui,
2475 2310 2717 2366 nondum
2772 2312 2989 2369 homine
3036 2318 3129 2385 qui
3167 2326 3430 2384 uteretur,

1857 2402 2077 2455 creato?
2109 2400 2264 2455 utilia
2297 2403 2440 2456 enim
2472 2403 2648 2458 utenti
2679 2414 2908 2475 cognata
2947 2416 3075 2461 sunt
3102 2428 3115 2464 :
3146 2425 3253 2464 non
3288 2412 3436 2466 enim

1857 2491 1969 2548 Deo
2009 2494 2103 2563 qui
2132 2494 2200 2548 ab
2240 2494 2388 2548 omni
2427 2495 2846 2566 participatione
2885 2500 3074 2553 sensili
3131 2501 3270 2556 liber
3308 2510 3433 2567 est,

1857 2586 1989 2640 utile
2004 2594 2141 2641 erat.
2172 2584 2228 2639 Si
2261 2596 2439 2642 autem
2493 2587 2673 2657 ipsum
2709 2587 2902 2654 Deum,
2940 2591 3089 2660 quod
3120 2600 3209 2647 est
3250 2593 3437 2647 lumen

1857 2676 2220 2748 intelligibile,
2253 2680 2477 2733 omnino
2515 2676 2653 2733 vidit
2696 2678 3062 2737 similitudine
3108 2690 3320 2738 natura:
3358 2687 3405 2738 si

1856 2770 2012 2833 mile;
2045 2784 2272 2826 necesse
2310 2770 2476 2839 igitur
2514 2779 2636 2825 erat
2679 2777 2740 2824 ut
2775 2772 2894 2840 ipsa
2936 2772 3119 2828 lumen
3171 2774 3439 2830 sensibile

1857 2858 2123 2925 vidisset;
2182 2859 2442 2914 sensibile
2484 2868 2668 2916 autem
2718 2876 2984 2932 quorsum
3036 2863 3253 2929 fuisset,
3290 2866 3437 2922 etin

1857 2965 2021 3021 quem
2060 2965 2222 3005 usum
2254 2958 2383 3006 ante
2436 2952 2717 3008 sensibilia
2770 2956 2995 3009 creata?
3042 2956 3259 3031 Alioqui
3296 2976 3439 3030 quo-

1858 3042 2021 3097 modo
2043 3042 2280 3097 tenebrae
2299 3042 2484 3097 vident
2507 3043 2732 3099 lumen?
2782 3044 2841 3098 Si
2886 3046 3035 3101 enim
3067 3048 3319 3105 viderunt
3351 3052 3437 3107 lu-

170 3147 381 3217 Φνσικὴ
409 3145 518 3218 γὰρ
550 3148 583 3217 ὴ
614 3144 837 3215 ἐπιϐολὴ
862 3144 928 3196 δι’
946 3142 1241 3214 ὁμοιότητα
1281 3143 1379 3214 τῆς
1407 3142 1582 3212 ὄψεως
1620 3143 1750 3214 πρὸς

1860 3147 2006 3198 men,
2038 3133 2289 3189 diabolus
2314 3149 2421 3189 non
2448 3144 2565 3191 erat
2585 3136 2863 3204 tenebrae;
2895 3153 3146 3209 magnam
3179 3142 3322 3196 enim
3350 3158 3441 3199 so-

169 3236 236 3291 τὸ
268 3238 591 3307 φαινόμενον
610 3254 624 3266 ο
659 3236 856 3290 αὐτίκα
880 3235 1254 3306 ἀναμάσσεται
1289 3235 1404 3303 ἃμα
1428 3233 1621 3287 τούτου
1661 3232 1750 3287 τὸν

1854 3224 2106 3279 Cietatem
2129 3233 2185 3280 et
2204 3226 2652 3295 conjunctionem
2682 3228 2848 3284 habet
2887 3246 3085 3287 sensus
3126 3249 3250 3289 cum
3302 3250 3435 3292 sen-

170 3329 496 3400 χαρακτῆρα
521 3328 609 3383 διὰ
650 3328 746 3399 τὴν
772 3327 993 3398 ἔννομον
1034 3327 1133 3397 τῆς
1171 3325 1383 3397 φύσεως
1423 3326 1709 3380 κοινωνίαν
1732 3343 1744 3356 ·

172 3419 334 3491 σῶμα
363 3420 462 3491 μιν
500 3420 610 3491 γάρ
652 3420 813 3491 σῶμα
844 3421 943 3492 όρᾷ
964 3438 976 3448 ·
1008 3420 1191 3489 ὅμοιον
1228 3418 1284 3469 δὲ
1311 3416 1387 3487 τῷ
1415 3416 1588 3487 ὁμοίῳ
1632 3418 1752 3469 ἐπι-

173 3509 384 3573 ϐάλλει,
421 3512 516 3563 καὶ
543 3511 645 3563 οὐκ
680 3510 856 3563 ἔνεστι
899 3510 961 3562 τὸ
1004 3512 1250 3581 κρεῖττον
1289 3510 1382 3562 καὶ
1410 3507 1748 3578 ἀναϐεϐηκδς

166 3604 238 3671 τῇ
276 3601 458 3671 φύσει,
492 3600 731 3669 καίτοιγε
772 3601 871 3653 οὐκ
903 3601 1159 3664 ἐναντίως
1194 3599 1315 3669 ἔχον
1351 3598 1473 3670 (8⁰),
1505 3597 1642 3668 πλὴν
1666 3599 1746 3651 ὅτι

166 3708 237 3760 γε
287 3692 575 3763 ἀσώματον
622 3693 700 3765 τῷ
747 3691 1135 3763 ὑποϐεϐηκότι,
1190 3692 1285 3745 ἀτε
1336 3691 1400 3762 δὴ
1450 3690 1748 3761 σωματικῷ

166 3782 395 3846 πάντως
426 3784 522 3853 οὐχ
543 3785 734 3855 ὁρατόν
753 3801 766 3814 ο
799 3784 906 3854 ἀρα
929 3800 991 3851 γε
1020 3784 1081 3837 τὺ
1106 3784 1346 3837 ἐναντίον
1376 3782 1455 3854 τῷ
1496 3783 1743 3852 ἐναντίῳ,

165 3873 289 3941 είγε
316 3874 484 3939 ἐστὶν,
508 3876 773 3945 ἀόρατονο
817 3875 1011 3929 οὐκοῦν
1048 3876 1281 3945 συγγενῑη
1322 3875 1414 3930 καὶ
1460 3875 1609 3945 φίλα,
1651 3876 1745 3928 καὶ

164 3962 420 4034 οὐδαμῶς
449 3965 687 4019 ἐναντία.

1855 3315 2022 3372 sibili.
2046 3314 2324 3373 Naturalis
2364 3320 2511 3373 enim
2554 3321 2839 3391 coniectus
2876 3324 3163 3379 oculorum
3209 3336 3437 3399 propter

1855 3408 2274 3464 similitudinem
2304 3417 2561 3481 aspectus
2590 3426 2715 3467 cum
2741 3427 2803 3468 re
2833 3428 2953 3483 qua:
2982 3414 3218 3481 videtur,
3246 3420 3434 3473 statim

1854 3501 2111 3570 exprimit
2144 3500 2373 3572 ﬁguram
2425 3502 2549 3571 ejus
2590 3511 2813 3575 propter
2867 3506 3165 3577 legitimam
3222 3518 3434 3565 natura

1854 3596 2289 3652 communionem
2316 3612 2331 3661 ;
2383 3611 2588 3666 corpus
2618 3600 2763 3652 enim
2795 3611 2998 3668 corpus
3028 3600 3192 3656 videt.
3242 3600 3433 3658 Simile

1853 3687 1910 3741 in
1946 3688 2123 3742 simile
2152 3687 2387 3742 intendit
2415 3688 2620 3755 aciem;
2653 3705 2831 3760 neque
2863 3701 3098 3760 possunt
3140 3693 3286 3747 oculi
3328 3708 3429 3748 na—

1852 3786 1987 3831 tura
2026 3775 2304 3831 inferioris
2334 3777 2479 3845 quod
2510 3785 2706 3831 natura
2747 3782 3098 3848 praestantius
3155 3789 3210 3837 et
3241 3783 3427 3838 excel-

1851 3870 2051 3926 lentius
2086 3878 2170 3925 est
2196 3868 2400 3936 videre,
2455 3870 2656 3926 nedum
2693 3872 2840 3943 quod
2875 3882 3086 3927 natura:
3135 3876 3428 3929 contrarias

1847 3962 2025 4019 est.Si
2054 3971 2255 4025 autem,
2277 3961 2422 4031 quod
2436 3970 2520 4018 est
2541 3972 2751 4017 natura:
2780 3964 3206 4033 excellentioris,
3225 3967 3427 4037 quippe

164 4071 298 4112 cum
327 4074 436 4113 non
470 4059 920 4127 siteontrarium,
957 4067 1310 4131 praterquam
1373 4060 1781 4130 incorporeum,
1822 4058 1890 4112 ab
1923 4057 2185 4112 inferiore
2215 4064 2406 4126 utpote
2438 4070 2706 4126 corporeo
2736 4056 2960 4113 omnino
2997 4071 3108 4112 non
3134 4066 3311 4128 potest
3340 4058 3426 4113 vi-

165 4148 322 4215 deri;
357 4164 489 4205 sane
532 4151 870 4207 contrarium
918 4167 950 4206 a
997 4153 1298 4217 contrario,
1330 4150 1375 4207 si
1431 4152 1595 4207 modo
1641 4160 1749 4215 est,
1789 4150 1964 4205 videri
2033 4164 2141 4206 non
2199 4156 2400 4221 potest.
2449 4147 2589 4203 Sunt
2637 4148 2803 4219 igitur
2876 4149 2980 4203 ista
3035 4164 3155 4220 qua:
3215 4150 3426 4206 scilicet

164 4252 233 4293 se
283 4236 489 4304 vident,
537 4248 771 4309 cognata
830 4250 884 4295 et
924 4240 1097 4295 amica
1136 4250 1189 4295 et
1236 4255 1582 4311 nequaquam
1626 4242 1926 4297 contraria.

552 4350 683 4409 Car.
722 4352 842 4409 XX.
882 4352 1115 4413 Materia
1142 4370 1206 4409 ex
1235 4354 1443 4410 Hanete
1476 4356 1753 4411 ascendere
1788 4363 2032 4409 conatur.
2061 4351 2302 4410 Materia
2329 4371 2479 4409 amor
2497 4370 2624 4426 erga
2654 4355 2884 4411 sobolem
2913 4357 3031 4412 Dei.

251 4467 413 4522 Ἀλλά
454 4467 659 4539 πλῆρες
706 4470 927 4542 ὀλέθρου
976 4471 1250 4545 βαρϐάρου
1290 4474 1350 4527 τὸ
1383 4474 1608 4544 πλάσμα
1637 4473 1732 4544 (9)·

1913 4470 2020 4526 Sed
2056 4471 2274 4542 plenum
2311 4478 2397 4527 est
2431 4480 2805 4527 commentum
2842 4474 3081 4529 barbara
3126 4477 3414 4544 pernicie:

164 4561 305 4632 φησὶ
335 4562 462 4630 γάρ·
497 4561 574 4613 Οὐ
611 4560 770 4631 μόνον
798 4559 935 4618 εἶδεν
967 4565 999 4635 ἡ
1032 4561 1154 4633 ὕλη,
1190 4564 1322 4618 ἀλλά
1355 4565 1448 4618 καὶ
1480 4564 1739 4636 ἐπιϐῆναι

162 4649 499 4711 ἐϐουλεύετο,
540 4650 730 4723 ὥσπερ
772 4654 892 4708 τινὰ
934 4655 1166 4729 σπουδὴν
1212 4656 1491 4726 τιθέμενος
1518 4656 1740 4728 ταύτην

161 4746 249 4804 είς
274 4741 547 4805 ἀπόδειξιν
577 4742 679 4811 τῆς
719 4742 854 4814 πρὸς
886 4744 947 4799 τὸ
975 4748 1089 4815 φῶς
1122 4748 1433 4812 κοινωνίαςο
1470 4748 1610 4818 τάχα
1644 4750 1740 4802 καὶ

167 4831 513 4903 μετέγνωταν
541 4833 589 4885 ot
623 4830 681 4896 ὲξ
714 4834 905 4900 αὐτῆς,
942 4837 1023 4891 ὅτι
1048 4840 1105 4891 ιν
1131 4837 1383 4901 ἀπλέτοις
1419 4838 1580 4891 αίῶσι
1628 4841 1739 4903 τοῖς

167 4921 530 4991 προλαϐοῦσιν
567 4924 851 4995 ἀπείρατοι
893 4928 1231 4997 ἐγεγόνεισαν
1270 4929 1362 4982 τοῦ
1398 4930 1594 4997 φωτός.
1628 4931 1740 4984 Καὶ

163 5016 290 5068 τίνα
319 5014 515 5085 τρόπον
546 5017 735 5080 σκότος
769 5024 1139 5088 μεταποιεῖται
1180 5023 1384 5090 φωτός;
1412 5022 1443 5092 ἢ
1472 5021 1615 5085 τίνος
1642 5022 1739 5093 χά-

165 5124 256 5179 ριν
287 5104 533 5158 δπελθεῐν
573 5105 747 5177 τούτῳ
793 5124 858 5177 γε
902 5110 1182 5180 βούλεταις
1226 5109 1370 5183 Ἆρά
1420 5131 1483 5182 γε
1524 5114 1613 5168 ἵνα
1638 5112 1738 5186 τὴν

162 5197 327 5267 φύσιν
357 5196 745 5269 μεταϐάληται,
782 5202 878 5253 καὶ
903 5201 1127 5274 γένηται
1168 5203 1318 5272 φῶς;
1359 5203 1391 5274 ἢ
1424 5204 1510 5256 ἵνα
1552 5204 1739 5276 γράφῃ

162 5287 266 5357 (9‘)
297 5288 437 5357 φωτὶ
468 5288 713 5345 ἐναντίαν
752 5291 852 5361 τῆς
882 5291 1096 5359 φύσεως
1122 5295 1356 5365 τροφήν;
1399 5294 1537 5346 Ἀλλ’
1573 5294 1737 5362 ἀγνο-

160 5378 321 5444 οὖσα,
349 5378 603 5449 ἐπιϐῆναι
628 5379 807 5452 ἧθιλεο
827 5381 1023 5445 καίτοι,
1058 5384 1107 5435 εί
1131 5384 1229 5454 μὲν
1256 5383 1416 5452 ἔγνω,
1445 5384 1599 5453 λόγον
1621 5378 1737 5455 εἶχε

160 5471 228 5525 τὸ
260 5470 691 5543 μιταποιηθῆναι
709 5488 723 5503 ·
753 5469 918 5527 οὖσαν
950 5474 1010 5528 δὲ
1038 5476 1200 5543 φύσει
1231 5477 1429 5531 κακίαν
1462 5479 1555 5530 καὶ⁹
1583 5478 1739 5545 ἀγνο-

238 5603 337 5675 (8⁴)
375 5605 580 5675 Ἔχον.
632 5602 763 5661 Poet
803 5606 944 5662 banc
992 5623 1181 5665 vocem
1225 5609 1417 5667 deesse
1467 5611 1523 5664 in
1576 5616 1736 5664 textu

164 5674 432 5731 nonnulla
466 5675 746 5731 videntur.

240 5745 316 5813 (9)
358 5745 542 5808 ’Δμὰ
564 5748 669 5799 ιλ.
703 5762 755 5798 κ.
774 5762 824 5798 τ.
844 5742 1068 5802 λ.Ηυηο
1094 5748 1271 5803 locum
1300 5749 1372 5803 ita
1403 5745 1580 5804 reddit
1604 5751 1735 5804 Bas-

167 5817 363 5888 nagius
384 5834 395 5869 :
423 5814 651 5870 Barbari
678 5816 981 5886 ﬁgmentum
1000 5819 1230 5887 pernicie
1261 5821 1469 5888 plenum
1484 5828 1583 5875 est.
1604 5818 1729 5875 Bar-

1841 4561 1919 4615 ait
1949 4562 2117 4625 enim,
2167 4575 2277 4615 non
2324 4562 2500 4617 solum
2542 4560 2680 4616 vidit
2742 4564 2991 4627 materia,
3037 4564 3133 4619 sed
3180 4565 3418 4621 decrevit

1840 4652 2133 4709 ascendere
2166 4661 2425 4724 tanquam
2456 4652 2701 4707 studium
2742 4654 3017 4723 quoddam
3058 4655 3327 4711 adhibens
3350 4656 3418 4711 ad

1838 4744 2330 4801 demonstrandum
2358 4745 2563 4801 habere
2597 4748 3112 4803 secommunionem
3148 4755 3202 4803 et
3244 4751 3420 4805 socie-

1836 4845 2004 4894 tatem
2037 4852 2161 4892 cum
2195 4838 2435 4892 lumine:
2470 4837 2706 4894 fortasse
2752 4854 2848 4893 eos
2892 4840 2984 4908 qui
3034 4855 3097 4895 ex
3143 4839 3261 4910 ipsa
3302 4840 3415 4895 nati

1838 4936 1987 4992 sunt,
2034 4927 2479 4998 pmnituit,quod
2524 4929 2755 4985 inlinitis
2791 4930 3005 4985 saeculis
3039 4932 3415 4999 superioribus

1836 5034 1947 5075 non
1995 5019 2230 5074 fuissent
2274 5020 2482 5089 experti
2522 5020 2703 5075 lumen
2738 5038 2751 5075 :
2782 5028 2836 5075 et
2873 5020 3145 5091 quomodo
3181 5023 3416 5077 tenebras

1839 5111 2153 5167 adsciscunt
2190 5118 2244 5166 et
2276 5111 2555 5167 vindicant
2603 5113 2706 5168 sibi
2740 5113 2965 5168 lumen?
2998 5123 3089 5167 aut
3125 5130 3411 5185 quorsum,

1837 5211 1892 5258 et
1921 5204 1975 5257 in
2010 5218 2169 5272 quem
2198 5218 2358 5259 usum
2390 5206 2581 5259 volunt
2622 5205 2861 5263 tenebra:
2904 5206 3164 5261 invadere
3194 5206 3415 5260 lumen?

1839 5308 1907 5349 an
1936 5301 1992 5348 ut
2038 5303 2289 5350 naturam
2325 5306 2536 5352 mutent
2563 5306 2617 5354 et
2656 5297 2963 5353 efﬁciantur
2994 5299 3174 5353 lumen
3197 5299 3221 5350 ?
3248 5312 3316 5352 an
3351 5306 3412 5351 ut

1838 5385 2156 5440 nutriantur
2185 5386 2414 5453 lumine,
2445 5388 2708 5443 alimento
2753 5397 2965 5443 natura:
3000 5388 3281 5443 contrario
3303 5390 3412 5443 iAt

1838 5475 2098 5547 ignorans
2136 5476 2313 5531 voluit
2352 5478 2667 5535 ascendere.
2705 5477 2917 5533 Etenim
2955 5479 3001 5533 si
3040 5478 3408 5553 cognovisset,

1837 5608 2003 5731 garus
2045 5609 2191 5664 enim
2226 5609 2339 5675 ille,
2374 5610 2572 5680 inquit,
2607 5611 2700 5680 qui
2726 5612 2852 5665 talia
2901 5611 3074 5675 finxit,
3104 5620 3189 5666 est
3222 5608 3409 5668 Manes

1882 5693 2027 5731 ersa.

1882 5693 2118 5821 86%..”
2132 5745 2340 5821 Y'ano-
2362 5748 2443 5821 ᾼρ
2470 5755 2527 5802 ut
2550 5749 2824 5821 imprimat
2857 5752 3170 5807 alimentum
3198 5758 3407 5808 natura:

1837 5818 1975 5876 lucis
2006 5819 2385 5874 contrarium?
2415 5818 2572 5875 mss.
