4058 6330
657 396 796 456 1093

649 513 795 567 ratio
819 519 1098 566 constaret
1127 527 1227 565 cur
1277 516 1476 568 mutari
1512 515 1774 570 voluissd
1822 537 1832 570 :

645 615 777 683 cum
811 614 1003 656 natura
1039 608 1109 655 sit
1133 604 1376 671 nequitia
1409 614 1462 658 et
1482 609 1760 675 ignorans,
1789 608 1996 676 integra
2027 608 2240 662 eversio

649 694 815 749 totius
835 694 913 749 rei
943 702 996 748 et
1031 709 1213 750 causa
1234 704 1318 749 est
1337 713 1443 750 non
1477 697 1710 767 l’ugerea
1742 700 2042 752 contrario.

718 783 874 850 Quod
921 793 1103 840 autem
1150 787 1323 855 magis
1367 802 1397 838 a
1444 790 1657 841 ratione
1700 802 1952 841 aversum
2011 796 2116 842 est.
2160 791 2236 840 ait

651 876 879 932 missam
915 877 1089 933 fuisse
1113 895 1142 932 a
1170 879 1316 933 bono
1353 889 1698 949 potestatem,
1746 896 1854 933 nou
1893 879 2006 948 jam
2053 881 2233 934 lumen

648 968 929 1032 sensibile,
967 970 1063 1025 sed
1095 971 1242 1024 velut
1257 970 1486 1025 diceret.
1521 972 1764 1026 sobolem
1794 969 1906 1024 Dei.
1932 968 2083 1023 Hanc
2107 985 2234 1023 cum

647 1059 878 1116 vidisset
909 1061 1159 1123 materia,
1184 1063 1501 1130 concupivit
1522 1063 1740 1131 quidem
1759 1070 2018 1130 tanquam
2043 1076 2235 1115 amans

647 1170 807 1220 eam;
845 1158 1108 1226 impetum
1144 1173 1272 1212 vero
1312 1157 1366 1211 iu
1391 1173 1512 1211 eam
1557 1158 1686 1212 fecit
1726 1166 1779 1214 et
1819 1159 2126 1219 absorbuit,
2180 1166 2234 1212 et

649 1250 768 1303 suis
798 1249 1167 1317 potestatibus
1193 1248 1512 1312 distribuit;
1550 1265 1656 1320 qua
1679 1252 1765 1303 via
1803 1251 1917 1304 ﬁeri
1951 1265 2056 1304 non
2091 1258 2237 1320 pote-

649 1344 755 1399 rat,
786 1346 846 1391 ut
868 1336 1076 1393 videret
1109 1339 1336 1393 missum
1357 1355 1423 1393 ex
1455 1347 1651 1393 natura
1674 1340 1797 1394 boni
1823 1358 1835 1404 ;
1871 1341 1992 1402 hoc,
2035 1341 2232 1406 inquit,

647 1424 903 1481 eﬂ‘ectum
964 1435 1070 1492 est,
1121 1435 1180 1481 ut
1229 1427 1526 1482 absorbere
1578 1438 1762 1498 posset
1807 1430 2058 1483 missum.
2103 1427 2236 1484 Utar

646 1519 796 1572 enim
845 1517 1023 1572 adhuc
1054 1521 1290 1590 amplius
1320 1519 1508 1574 eodem
1539 1521 1728 1582 verbo,
1777 1522 2035 1590 quoniam
2069 1522 2114 1574 si
2152 1520 2235 1574 vel

649 1611 828 1665 solum
878 1611 1035 1673 vidit,
1091 1611 1328 1682 quodex
1371 1613 1678 1666 substantia
1723 1612 1815 1668 Dei
1868 1622 2229 1684 propagatum

649 1709 790 1765 erat,
824 1716 934 1756 non
964 1712 1046 1758 est
1076 1719 1213 1772 opus
1238 1704 1344 1756 alio
1367 1705 1623 1774 quopiam
1663 1706 1830 1759 verbo
1873 1705 1936 1759 ad
1983 1716 2225 1760 everten-

649 1789 779 1844 dum
800 1801 1191 1846 commentum.
1216 1789 1356 1846 Vidit
1391 1794 1536 1847 enim
1575 1795 1804 1848 omnino
1853 1803 2112 1864 tanquam
2156 1795 2232 1850 si-

1819 401 1956 458 ΤΠΊ
1998 401 2428 457 BUSTRENSIS
2468 399 2776 455 EPISCOPI

1874 532 2018 570 nunc
2057 529 2237 571 autem
2271 525 2316 578 Α
2343 516 2529 578 οὖσαν,
2554 517 2833 585 ἀνατροπὴ
2865 516 3132 587 παντελής
3156 517 3256 584 τῆς
3281 512 3600 575 ὑποθέσεως
3634 512 3699 564 τὸ
3737 514 3816 581 μὴ
3844 512 3926 563 uti

3803 395 3930 452 1096

2343 611 2536 675 φυγεῖν
2558 608 2618 660 τὸ
2640 607 2898 659 ἐναντίον.

2411 789 2483 840 Τὸ
2505 789 2561 841 δὲ
2589 787 2653 858 δὴ
2679 785 2862 856 μεῖζον
2883 789 2960 850 εἰς
2989 788 3230 855 ἀλογίαν,
3266 785 3675 840 ἀποσταλεῖσαν
3707 784 3927 851 δύναμιν

2337 882 2431 934 τοῦ
2461 882 2685 949 ἀγαθοῦ,
2719 881 2902 933 οὐκέτι
2946 881 3058 948 φῶς
3088 882 3342 952 αἰσθητόν
3363 899 3376 910 °
3413 879 3530 933 ἀλλ’
3567 880 3650 940 ὡς
3680 879 3750 931 ἂν
3781 880 3926 945 φαίη.

2337 971 2607 1044 προῦολὴν
2653 970 2747 1023 τοῦ
2782 970 2918 1022 Θεοῦ
2969 970 3299 1040 θεασαμένη,
3355 971 3674 1040 προσκισσᾷ
3728 969 3833 1037 μὲν
3864 966 3930 1028 ὡς

2336 1063 2539 1134 ἐρῶσα,
2564 1063 2712 1133 ὁρμᾷ
2742 1060 2797 1112 δὲ
2839 1047 2928 1112 καλ
2974 1062 3278 1123 καταπίνει,
3310 1063 3402 1114 καὶ
3428 1062 3546 1122 ταῖς
3579 1059 3746 1120 ἰδίαις
3778 1058 3929 1108 δυνά-

2339 1171 2465 1223 μεσι
2489 1152 2730 1222 διανέμει
2757 1169 2768 1180 ·
2865 1151 2920 1203 δὲ
2950 1153 3042 1203 καί
3069 1151 3366 1204 θεάσασθαι
3397 1153 3456 1203 τὸ
3491 1154 3555 1204 ὲκ
3580 1151 3685 1220 τῆς
3713 1149 3929 1217 cpia-un;

2335 1246 2430 1299 τοῦ
2478 1245 2684 1314 ἀγαθοῦ
2728 1243 2976 1314 πεμφθὲν
3029 1243 3285 1297 ἀδύνατον
3332 1240 3424 1313 ἦν,
3467 1243 3647 1315 ταύτῃ
3705 1242 3927 1293 δυνατόν

2338 1356 2469 1407 φησι
2515 1337 2819 1405 γεγονέναι,
2875 1336 2969 1388 καὶ
3020 1338 3306 1386 καταπιεῖν
3363 1335 3541 1387 τοῦτο.
3585 1334 3714 1386 Ἐπὶ
3773 1333 3928 1384 πλέον

2337 1433 2445 1502 γάρ
2475 1432 2552 1502 τῷ
2590 1429 2739 1500 αὐτῷ
2772 1433 3045 1500 χρήσομαι
3072 1429 3234 1498 λόγῳ,
3267 1429 3361 1492 ὡς,
3395 1429 3442 1480 εί
3477 1430 3571 1480 καὶ
3607 1429 3778 1497 μόνον
3826 1421 3926 1476 εἶδε

2337 1524 2398 1576 τὸ
2421 1526 2484 1576 ἐκ
2507 1523 2604 1592 τῆς
2627 1524 2812 1583 οὐσίας
2843 1520 2934 1572 τοῦ
2965 1520 3098 1573 Θεοῦ
3126 1519 3580 1592 προὸεὸλημένον,
3620 1519 3820 1588 ἑτέρου
3848 1532 3926 1569 τι-

2339 1613 2425 1677 νὸς
2444 1616 2542 1665 οὐκ
2557 1614 2621 1667 ἄν
2638 1608 2865 1682 δεόμεθα
2884 1612 2994 1682 (l0)
3014 1613 3170 1680 λόγου
3188 1611 3322 1681 πρὸς
3343 1612 3654 1680 ἀνατροπὴν
3673 1610 3772 1663 τοῦ
3794 1609 3927 1660 πλά-

2340 1721 2576 1774 σματος·
2617 1699 2722 1756 εἶδε
2761 1703 2867 1775 γὰρ
2913 1705 3148 1767 πάντως,
3204 1703 3280 1766 ὡς
3317 1703 3475 1771 ὁμοία
3506 1703 3565 1754 τὸ
3594 1703 3808 1770 ὅμοιον.
3857 1698 3926 1752 Τὸ

2338 1797 2447 1868 γὰρ
2480 1797 2654 1866 πάντη
2683 1797 2822 1848 κατά
2865 1795 3026 1863 φύσιν
3053 1797 3294 1848 ἐναντίον
3336 1795 3427 1846 καὶ
3463 1794 3598 1863 πρὸς
3632 1794 3818 1863 ἄκραν
3841 1794 3926 1844 ἐν-

648 1881 796 1936 milis
820 1883 1016 1937 simile.
1054 1881 1210 1947 Quod
1233 1883 1379 1937 enim
1409 1892 1493 1938 est
1538 1885 1754 1954 penitus
1797 1885 2097 1939 secundum
2135 1902 2228 1939 na-

2341 1889 2626 1957 αντιότητα
2661 1885 2991 1956 κεχωρηκὸς.
3024 1885 3134 1938 οὔτ’
3167 1885 3232 1938 ἂν
3275 1885 3372 1937 ἴδοι
3419 1886 3477 1937 τὸ
3510 1885 3785 1942 ἐναντίον,
3815 1882 3921 1935 οὔτ’

646 1979 824 2025 turam
843 1973 1201 2039 contrarium,
1237 1983 1290 2027 et
1333 1988 1545 2027 summe
1567 1975 1928 2039 contrarium,
1953 1991 2231 2046 nunquam

645 2059 833 2116 videre
854 2063 1054 2131 poterit
1075 2063 1434 2128 contrarium,
1459 2079 1558 2117 nec
1595 2065 2066 2135 propinquabitei,
2104 2069 2233 2136 quia

645 2153 696 2209 si
728 2154 810 2208 vel
847 2155 1024 2208 solum
1069 2155 1266 2218 videat,
1293 2157 1431 2209 ratio
1456 2159 1715 2210 contrarii
1746 2174 1972 2226 prorsus
2004 2161 2230 2212 tollitur.

2343 1979 2409 2032 ἂν
2461 1978 2872 2048 προσεγγίσειεν
2917 1975 3098 2046 αὐτῷ·
3152 1975 3339 2044 ἐπειδὴ
3397 1973 3777 2044 διαφθείρεται
3827 1972 3920 2040 τῆς

2340 2070 2710 2138 ἐναντιότητος
2737 2070 2764 2119 ὁ
2797 2067 2953 2133 λόγος
2986 2066 3283 2129 παντελῶς,
3320 2069 3364 2117 εἰ
3394 2067 3482 2118 καὶ
3519 2066 3684 2134 μόνον
3725 2063 3849 2114 ἴδοι.

1868 2269 1999 2326 CAP.
2040 2269 2182 2324 XXI.
2221 2272 2360 2327 Deus
2391 2267 2691 2324 invisibilis.

718 2356 833 2412 Hoc
863 2368 1042 2412 autem
1077 2357 1230 2411 addit
1281 2359 1492 2414 caeteris
1537 2377 1656 2430 qua:
1704 2362 1860 2425 dixit,
1917 2363 2228 2426 absurdius,

644 2460 699 2504 et
738 2466 922 2504 secum
959 2451 1308 2505 vehementer
1324 2467 1572 2522 pugnans
1600 2473 1614 2518 ;
1639 2469 1705 2506 ue
1737 2470 1874 2522 opus
1890 2455 1982 2515 sit,
2010 2463 2067 2506 ut
2089 2455 2230 2509 alius

645 2553 836 2596 contra
863 2557 986 2595 eum
1016 2541 1180 2594 dicat.
1210 2541 1425 2596 Amavit
1454 2544 1622 2604 enim,
1660 2544 1856 2612 inquit,
1907 2554 2228 2612 potestatem

644 2634 792 2688 illam
817 2633 988 2686 visam
1022 2641 1281 2703 tanquam
1300 2634 1468 2687 oblita
1496 2636 1715 2704 penitus
1740 2646 1945 2689 natura:
1967 2637 2226 2704 propriae:

646 2737 756 2775 non
779 2722 869 2774 illa
899 2720 1119 2791 quidem
1150 2722 1319 2775 oblita
1363 2730 1468 2784 est,
1501 2740 1623 2791 quae
1665 2741 1774 2778 non
1820 2734 1940 2777 erat
1987 2745 1997 2778 :
2035 2726 2127 2779 sed
2175 2727 2226 2779 hi

645 2823 775 2870 sunt
838 2830 1066 2869 suorum
1131 2826 1568 2868 commentorum
1629 2817 2012 2880 immemores;
2080 2816 2229 2868 aiunt

644 2906 818 2968 cnim,
848 2911 1169 2975 priusquam
1207 2906 1319 2959 haec
1358 2907 1683 2961 seditionem
1705 2917 1965 2970 moveret,
1997 2922 2103 2961 non
2137 2909 2230 2959 ha-

2408 2361 2577 2414 Τοῦτο
2615 2359 2671 2411 δὲ
2714 2357 3034 2427 προστίθησι
3066 2355 3174 2408 τῶν
3209 2356 3518 2425 εἰρημένων
3567 2353 3917 2423 ἀτοπώτερον

2340 2451 2574 2523 ἰσχυρῶς
2601 2450 2776 2518 ἑαυτῷ
2820 2449 3124 2518 μαχόμενος
3147 2464 3164 2480 ο
3194 2449 3278 2500 ἵνα
3315 2447 3500 2517 μηδεὶς
3533 2448 3725 2516 ἔτερος
3756 2447 3915 2516 δεηθῇ

2339 2547 2474 2616 πρὸς
2495 2543 2656 2596 αὑτὸν
2690 2545 2880 2594 εἰπεῖν.
2910 2541 3047 2611 Φησὶ
3072 2542 3208 2612 γάρ·
3247 2539 3483 2610 Ἡράσθη
3522 2539 3623 2607 τῆς
3656 2540 3918 2607 φανείσης

2335 2639 2636 2708 δυνάμεως,
2673 2635 2859 2704 ὥσπερ
2905 2633 3253 2702 ὲπιλησθεῖσα
3301 2632 3575 2692 παντελῶς
3629 2631 3733 2699 τῆς
3788 2631 3919 2691 ἰδίας

2336 2729 2548 2796 φύσεως
2573 2743 2584 2754 ·
2615 2726 2676 2778 οὐ
2711 2724 2810 2793 μὲν
2850 2723 2912 2793 δὴ
2954 2723 3139 2792 εκείνη
3167 2739 3228 2789 γε
3259 2725 3291 2792 ὴ
3323 2723 3396 2791 μὴ
3425 2720 3578 2787 οὖσα,
3623 2722 3742 2774 ἀλλ’
3777 2718 3919 2774 0739i

2335 2837 2396 2886 γε
2441 2820 2547 2870 τῶν
2590 2818 2732 2869 ἰδίων
2767 2815 3098 2884 πλασμάτων
3121 2832 3132 2844 ·
3167 2817 3214 2867 εί
3247 2814 3352 2885 γὰρ
3383 2816 3508 2884 πρὶν
3541 2816 3916 2884 ἐπαναστῆναι

2335 2911 2537 2980 ταύτην
2565 2909 2697 2977 φασὶ
2738 2908 2937 2975 γνῶσιν
2978 2907 3073 2958 τοῦ
3106 2907 3310 2973 ἀγαθοῦ
3350 2908 3421 2976 μὴ
3467 2907 3789 2975 ἐσχηκέναι,
3836 2907 3916 2960 ἵνα

648 2997 836 3052 buisse
864 2997 1236 3067 cognitionem
1271 2997 1436 3060 boni;
1480 3014 1548 3052 ne
1574 2998 1888 3067 cognitione
1946 2999 2074 3051 boni
2130 3013 2225 3050 na-

2333 3004 2404 3072 μὴ
2439 3000 2787 3071 σεμνώσωσιν
2817 2997 3022 3065 ἀγαθοῦ
3059 2998 3253 3064 γνώσει
3303 3000 3400 3066 τὴν
3447 3000 3573 3068 παρ’
3608 2997 3782 3050 αὑτοῦ
3821 2999 3918 3066 φύ-

649 3097 830 3142 turam
859 3089 928 3141 ab
967 3089 1088 3157 ipso
1137 3097 1450 3142 accusatam
1502 3100 1716 3144 m-nent.
1762 3089 1952 3144 Nonne
1992 3091 2230 3144 amentia

648 3187 755 3242 est,
785 3187 977 3249 putare
1000 3191 1118 3231 eam
1151 3194 1272 3248 quae
1300 3181 1355 3231 iu
1383 3195 1442 3233 se
1485 3196 1594 3233 non
1653 3179 1815 3235 habet
1846 3180 1988 3233 unde
2031 3195 2234 3250 cogno-

647 3279 767 3324 scat
789 3284 913 3323 esse
951 3271 1173 3334 bonum,
1211 3271 1454 3339 potuisse
1476 3270 1683 3334 videre,
1740 3279 1795 3323 et
1828 3279 2116 3340 postquam
2149 3270 2231 3322 vi-

645 3357 746 3420 dit,
771 3357 1155 3412 desiderasse?
1179 3359 1336 3428 longe
1365 3359 1508 3412 enim
1541 3359 1717 3426 majus
1747 3369 1831 3413 est
1864 3360 2230 3413 substantiam

644 3457 868 3520 aspectu
898 3451 1105 3511 videre,
1138 3465 1302 3519 quam
1335 3466 1669 3521 cognoscere
1692 3468 1834 3506 esse.
1860 3450 2100 3505 Primum
2122 3469 2229 3506 non

644 3542 824 3596 solum
857 3558 979 3606 nos,
1013 3543 1109 3597 sed
1147 3549 1444 3612 potestates
1491 3544 1748 3612 angelica:
1789 3544 2228 3608 excellentiores,

650 3649 777 3689 esse
820 3635 1042 3703 quidem
1096 3635 1297 3688 bonum
1345 3637 1752 3704 cognoscimus,
1809 3649 1873 3687 ac
1919 3638 2232 3706 cognitione

642 3727 761 3781 sola
794 3725 860 3778 ad
886 3728 1142 3795 pietatem
1172 3727 1225 3779 in
1252 3725 1420 3780 Deum
1447 3728 1644 3778 alimur
1675 3745 1687 3791 ;
1711 3735 1864 3780 tanto
1898 3743 2028 3781 vero
2050 3731 2232 3782 excel-

649 3819 848 3873 lentius
873 3819 1072 3888 angeli,
1108 3830 1314 3888 quanto
1349 3829 1544 3872 natura
1591 3828 1721 3872 sunt
1764 3820 2185 3874 excellentiores
2214 3840 2224 3874 :

643 3907 830 3961 videre
853 3915 1034 3961 autem
1067 3911 1431 3962 substantiam
1453 3908 1545 3962 Dei
1578 3923 1754 3977 neque
1785 3909 1964 3970 nobis,
1990 3926 2088 3963 nec
2123 3911 2229 3965 illis

643 3995 808 4050 licet:
840 3996 1110 4065 siquidem
1136 4013 1235 4052 nos
1266 3997 1508 4067 quandiu
1547 4013 1748 4067 corpus
1787 3998 2085 4051 secundum
2133 4014 2230 4051 na-

643 4097 822 4139 turam
850 4087 1026 4138 induti
1061 4102 1274 4151 sumus,
1302 4104 1402 4141 nec
1437 4089 1658 4157 angelos
1690 4089 1837 4156 ipsos
1885 4089 2067 4143 videre
2102 4106 2226 4159 pos-

642 4188 860 4227 ευηιυε.

719 4263 1065 4319 Manifestum
1091 4267 1235 4320 enim
1277 4275 1360 4318 est
1390 4276 1442 4318 et
1471 4282 1502 4335 p
1528 4283 1624 4319 anc
1656 4283 2001 4332 concessum,
2034 4271 2124 4339 qui
2153 4271 2228 4322 vi-

2338 3111 2420 3145 σιν
2445 3093 2870 3163 διαῦεὸλημένην
2895 3110 2906 3120 ·
2945 3092 3060 3154 πῶς
3096 3092 3194 3142 ουκ
3224 3090 3414 3157 ἄλογον
3456 3091 3553 3159 τὴν
3586 3093 3663 3160 μὴ
3687 3092 3917 3160 ἔχουσαν

2335 3189 2392 3238 ἐν
2440 3189 2576 3255 αὐτῇ
2622 3187 2680 3237 τὸ
2733 3185 2950 3247 εἰδέναι,
2986 3186 3066 3236 ὃτι
3113 3184 3228 3236 ἔστι
3273 3183 3526 3250 τάγαθὸν,
3569 3185 3782 3254 ταύτην
3828 3189 3915 3238 καὶ

2339 3278 2463 3329 ἰδεῖν
2484 3278 2794 3347 δυνηθῆναι,
2823 3278 2915 3329 καὶ
2951 3276 3294 3345 θεασαμένην
3320 3275 3696 3345 ἐπιθυμῆσαι;
3733 3280 3914 3346 μεῖζον

2334 3368 2444 3436 γὰρ
2482 3366 2825 3437 ἀσυγκρίτως
2865 3364 2959 3417 τοῦ
2995 3365 3217 3432 γνῶναι,
3249 3365 3328 3416 ὅτι
3369 3365 3482 3416 ἔστι
3519 3367 3582 3416 τὸ
3612 3366 3911 3420 θεάσασθαι

2333 3459 2451 3527 ὄψει
2481 3459 2576 3528 τὴν
2599 3458 2805 3510 οὐσίαν.
2855 3458 3063 3510 Αὐτίκα
3106 3459 3202 3526 οὐχ
3245 3461 3403 3526 ἡμεῖς
3436 3459 3617 3526 μόνον,
3659 3459 3799 3511 ἀλλά
3825 3464 3912 3513 καὶ

2333 3550 2439 3600 τῶν
2461 3548 2706 3616 ἀγγέλων
2734 3550 2787 3600 αἱ
2825 3547 3212 3617 ἀναὸεὗηκυίσι
3249 3548 3523 3617 δυνάμεις,
3559 3550 3642 3600 ὅτι
3677 3551 3776 3618 μὲν
3800 3552 3908 3602 ἔστι

2331 3640 2586 3703 τάγαθὸν,
2621 3637 2979 3707 γινώσκομεν,
3015 3643 3079 3708 τῇ
3113 3639 3307 3706 γνώσει
3349 3641 3441 3690 καὶ
3485 3640 3623 3711 μόνῃ
3653 3642 3790 3710 πρὸς
3816 3645 3910 3710 τὴν

2331 3731 2611 3782 εὐσέϐειαν
2655 3729 2994 3798 τρεφόμενοι,
3034 3729 3277 3795 ἀγγέλων
3324 3728 3519 3797 δηλαδὴ
3575 3730 3910 3798 ἀναϐεϐηκό-

2330 3842 2438 3875 των
2467 3823 2608 3875 κατὰ
2634 3823 2730 3893 τὴν
2772 3823 2992 3890 γνῶσιν,
3035 3823 3160 3872 ὅσον
3190 3822 3282 3872 καὶ
3320 3822 3457 3872 κατά
3499 3820 3660 3888 φύσιν
3684 3839 3695 3850 ·
3727 3821 3822 3874 τοῦ
3855 3823 3907 3874 εξ

2330 3915 2460 3966 Θεὸν
2496 3916 2614 3966 κατ’
2640 3914 2826 3967 ουσίαν
2849 3914 2995 3972 ἰδεῖν,
3022 3912 3132 3963 οὗθ’
3160 3915 3290 3980 ἡμῖν
3321 3911 3431 3962 οὔθ’
3464 3913 3698 3974 ἐκείνοις
3727 3913 3900 3982 μετὸν·

2328 4007 2461 4059 ὅπου
2490 4008 2619 4076 ἡμῖν
2647 4007 2755 4059 οὐδ’
2794 4005 3053 4073 ἀγγέλους
3088 4006 3301 4066 αὐτοὺς,
3337 4007 3392 4055 ἐν
3416 4006 3525 4074 ὅσῳ
3557 4006 3619 4056 τὸ
3640 4007 3784 4060 κατὰ
3811 4007 3907 4075 φύ-

2331 4118 2414 4153 σιν
2439 4099 2797 4172 περικείμεθα
2828 4098 3006 4166 σὼμα,
3043 4097 3266 4165 δυνατρν
3295 4096 3440 4148 ἰδεῖν.

2400 4277 2568 4347 Δῆλον
2601 4278 2708 4346 γὰρ
2743 4277 2837 4331 καὶ
2865 4278 3047 4344 σαφῶς
3073 4274 3516 4345 ὁμολογούμενον,
3546 4274 3622 4337 ὠς
3651 4275 3680 4325 ὁ
3707 4275 3763 4326 τὶ
3794 4274 3902 4343 βλέ-

645 4356 736 4411 det
772 4357 952 4411 simile
975 4357 1081 4411 sibi
1114 4358 1316 4411 videre.
1365 4358 1422 4411 Si
1451 4360 1572 4426 quis
1615 4375 1740 4413 vero
1771 4363 2045 4415 existimet
2074 4364 2225 4416 futile

2332 4389 2468 4433 πων,
2493 4363 2675 4440 ὅμοιον
2700 4370 2876 4440 ἑαυτῷ
2914 4370 2992 4430 ὂν,
3019 4367 3176 4420 τοῦτο
3210 4367 3412 4437 βλέπει.
3439 4367 3502 4418 Εἰ
3527 4367 3586 4419 δέ
3624 4383 3711 4429 τις
3742 4369 3900 4420 dna:-

647 4461 770 4502 esse
801 4448 945 4518 quod
990 4448 1267 4515 dicimus;
1321 4449 1569 4504 videmus
1610 4452 1754 4503 enim
1799 4453 1991 4515 solem,
2040 4454 2221 4506 lunam

648 4545 703 4592 et
730 4538 940 4600 stellas,
981 4547 1240 4607 praeterea
1275 4540 1415 4607 apud
1455 4555 1556 4592 nos
1602 4540 1831 4610 lapides,
1882 4557 2097 4605 aurum,
2135 4557 2224 4593 ar-

646 4638 891 4700 gentum,
941 4628 1177 4699 denique
1224 4645 1373 4684 mare
1423 4631 1599 4698 ipsum
1638 4641 1692 4687 et
1721 4633 1904 4686 omnia
1946 4634 2220 4695 animalia,

643 4734 709 4774 ac
756 4722 908 4775 nullo
945 4729 1106 4790 pacto
1143 4722 1230 4777 his
1275 4722 1484 4778 similes
1525 4739 1750 4789 sumus;
1811 4725 2057 4779 advertat
2099 4728 2222 4789 iste,

640 4812 786 4883 quod
818 4813 924 4867 etsi
947 4828 1137 4868 eorum
1158 4828 1280 4883 quae
1309 4818 1774 4878 enumeravimus,
1818 4816 2047 4871 diversa:
2095 4833 2222 4885 spe-

639 4904 925 4970 ciessint;
994 4914 1050 4957 at
1115 4906 1309 4961 borum
1376 4909 1621 4960 omnium
1681 4923 1854 4978 genus
1906 4925 2222 4977 supremum

641 5012 844 5066 corpus
876 5005 979 5051 est.
1033 4997 1353 5051 Substantia
1391 5015 1624 5070 namque
1664 5003 1859 5069 partim
1916 5003 2224 5070 inaspecta-

641 5089 769 5144 bilis
802 5102 905 5152 est,
969 5100 1028 5143 ut
1078 5091 1430 5160 incorporea;
1481 5094 1678 5161 partim
1739 5096 2114 5162 aspectabilxs,
2165 5106 2223 5148 ut

633 5193 862 5247 corpus.
894 5178 1078 5232 Prima
1128 5180 1291 5250 igitur
1323 5184 1545 5250 partitio
1591 5183 1774 5234 omnia
1814 5184 1925 5236 haec
1961 5192 2220 5252 tanquam

637 5285 812 5340 genus
838 5281 1056 5340 separat
1098 5280 1152 5325 et
1199 5273 1507 5342 distinguit.
1562 5274 1741 5337 Quare
1774 5289 1975 5344 corpus
2018 5291 2220 5344 corpus

643 5361 787 5416 videt
816 5381 829 5427 ;
869 5371 921 5416 et
948 5378 1220 5432 quatenus
1242 5381 1466 5436 corpus,
1505 5369 1682 5422 simile
1712 5377 1764 5422 et
1811 5379 2102 5439 cognatum
2139 5379 2221 5423 est

645 5453 828 5508 videns
865 5456 1005 5518 viso,
1047 5458 1296 5525 quamvis
1345 5460 1448 5512 sint
1497 5458 1728 5513 diversa:
1776 5461 1968 5514 horum
2008 5464 2219 5531 species

641 5554 860 5613 propter
887 5547 1207 5603 varietatem
1238 5559 1291 5604 et
1314 5560 1570 5605 ornatum
1607 5553 1874 5607 universi.

708 5634 1017 5692 Ridiculum
1047 5642 1192 5695 enim
1222 5651 1390 5708 esset,
1422 5645 1466 5697 si
1501 5643 1629 5714 quia
1657 5643 1756 5698 llos
1787 5647 2216 5714 pulcherrimum

709 5749 822 5820 (10‘)
852 5751 1012 5808 Forte
1039 5753 1290 5826 δεοίμεθα
1325 5756 1410 5812 vel
1441 5756 1608 5828 δεώμ.
1644 5757 1801 5813 Enn.

2326 4465 2527 4527 δεύτως
2570 4464 2779 4533 οἰηθείη
2825 4462 3022 4532 σαθρὸν
3049 4461 3189 4512 εἶναι
3237 4460 3299 4511 τὸ
3347 4459 3509 4532 ῥηθὲν
3539 4458 3902 4530 (ἐμϐλέπομεν

2326 4557 2433 4629 γὰρ
2463 4557 2610 4625 ἥλιον
2635 4557 2728 4609 καὶ⁴
2763 4554 2992 4624 σελήνην
3016 4544 3108 4605 καλ
3128 4553 3379 4624 ἀστέρας,
3405 4553 3484 4603 ἔτι
3518 4551 3623 4620 μὴν
3649 4553 3742 4618 ὑφ’
3766 4553 3902 4620 ἡμᾶς

2325 4648 2523 4711 λίθους,
2555 4647 2752 4719 χρυσόν
2788 4663 2847 4698 τε
2882 4646 2976 4698 καὶ
3012 4644 3270 4716 ἄργυρον,
3306 4646 3400 4696 καὶ
3436 4644 3670 4706 συνόλως
3708 4647 3807 4714 τήν
3846 4661 3900 4694 τε

2327 4737 2603 4792 θάλασσαν
2633 4739 2725 4790 καὶ
2756 4737 2824 4790 τὰ
2858 4737 2974 4800 ζῶα
3013 4737 3323 4805 σύμπαντα,
3361 4735 3452 4787 καὶ
3481 4736 3542 4786 οὑ
3575 4735 3749 4804 δήπου
3781 4737 3899 4787 τους

2323 4848 2434 4893 τοις
2467 4829 2640 4900 ὅμοιοί
2675 4827 2882 4897 ἐσμεν),
2925 4828 3259 4898 μανθανέτω,
3303 4826 3398 4888 ὡς,
3438 4827 3485 4876 εξ
3533 4825 3627 4877 καὶ
3677 4826 3900 4895 διάφορα

2323 4921 2390 4972 τὰ
2420 4919 2535 4989 εἴδη
2568 4918 2677 4970 τῶν
2703 4916 3220 4987 κατηριθμημένων,
3253 4915 3388 4968 ἀλλά
3409 4931 3471 4982 γε
3505 4914 3709 4966 τούτων
3740 4916 3899 4966 dxi»

2323 5026 2430 5061 των
2459 5007 2795 5077 ἁναὸεόηκὸς
2819 5007 2974 5074 γένος
2999 5007 3059 5058 τὸ
3101 5006 3256 5075 σῶμα
3284 5023 3296 5033 ·
3342 5005 3444 5074 τῆς.
3475 5007 3584 5074 γάρ
3623 5005 3811 5065 οὐσίας
3848 5006 3899 5052 τδ

2325 5101 2423 5170 μὲν
2455 5102 2710 5171 ἀόρατον,
2748 5099 2822 5160 ὡς
2851 5097 3165 5168 ἀσώματον,
3199 5099 3260 5150 τὸ
3289 5099 3344 5150 δὲ
3384 5099 3601 5168 ὁρατὸν,
3625 5098 3699 5160 ὡς
3726 5098 3895 5165 σῶμα.

2335 5193 2398 5245 Ἠ
2434 5193 2614 5245 τοίνυν
2674 5191 2862 5262 πρώτη
2909 5192 3048 5262 τομὴ
3102 5191 3279 5244 πάντα
3329 5192 3501 5242 ταῦτα
3547 5193 3623 5253 ὡς
3657 5192 3724 5242 ἀν
3753 5191 3896 5257 γένος

2321 5285 2604 5356 ἀφορίζει·
2664 5283 2820 5355 σῶμα
2855 5284 3052 5348 τοίνυν,
3111 5284 3270 5354 σῶμα
3331 5285 3552 5353 βλέπει·
3620 5285 3712 5336 καὶ
3775 5282 3894 5333 καθὸ

2323 5377 2501 5448 σῶμα,
2532 5378 2714 5447 ὅμοιον
2749 5377 2842 5428 καὶ
2872 5377 3130 5444 συγγενὲς
3152 5377 3212 5428 τὸ
3246 5377 3385 5446 ὁρῶν
3429 5375 3506 5444 τῷ
3546 5374 3824 5445 ὁρωμένῳ,
3851 5373 3890 5422 εξ

2321 5466 2414 5517 καὶ
2450 5465 2679 5535 διάφορα
2712 5464 2915 5516 τούτων
2957 5465 3023 5517 τὰ
3056 5465 3170 5535 εἴδη
3198 5465 3286 5517 διὰ
3315 5466 3376 5517 τὸ
3412 5465 3650 5517 ποικίλον
3687 5465 3779 5519 καὶ
3813 5463 3887 5512 κέ-

2323 5574 2480 5627 σμιον
2515 5557 2591 5625 τῷ
2621 5558 2804 5612 παντί.

2407 5649 2558 5701 Ἐπεί
2578 5665 2658 5701 τοι
2683 5648 2854 5717 γέλως
2884 5649 2950 5703 ἂν
2979 5650 3066 5722 εἴη
3091 5650 3294 5721 χρυσοῦ
3326 5667 3385 5704 τε
3413 5650 3476 5703 τὸ
3497 5649 3678 5713 ἄνθος,
3714 5650 3884 5709 suam;
