4058 6330
679 283 817 342 1099

1801 295 1938 355 τιτι
1974 299 2243 357 BOSTRE
2253 299 2403 362 NSIS
2441 302 2748 365 EPISCOPI

3770 329 3900 388 “ﬂ

676 403 808 457 illud
841 402 1045 457 nudum
1089 402 1157 458 ad
1209 409 1594 464 contumeliam
1643 420 1697 466 et
1724 412 2002 467 interitum
2056 413 2188 482 ipsiu

2291 447 2303 477 ι
2334 417 2459 486 μνὸν
2491 421 2799 489 προσήκατο
2814 422 2891 484 είς
2913 421 3068 492 ὓϐριν
3087 425 3342 498 χαλεπὴν,
3379 429 3471 481 καὶ
3486 430 3788 504 διαφθορὰν
3809 442 3899 493 αὑ-

667 493 1006 557 substantia,
1047 500 1125 546 tot
1173 495 1389 551 seculis
1441 513 1724 554 sessurum
1758 508 1813 554 et
1859 499 2223 555 habitatorum

665 587 830 640 simul
869 601 993 639 cum
1034 587 1296 656 nequitia,
1327 597 1384 643 et
1412 592 1686 661 particeps
1715 592 1834 661 ejus
1861 591 2128 660 futurum,
2163 611 2226 650 ae

663 692 789 730 cum
813 693 874 732 ea
904 677 1108 748 pariter
1131 687 1500 748 peccaturum.
1526 680 1681 747 Quod
1708 681 1926 752 quidem
1954 685 2034 736 vel
2064 699 2224 739 unam

664 769 853 823 horam
883 778 977 823 aut
999 779 1257 840 punctum
1289 773 1551 842 temporis
1585 773 1947 828 substantiam
1979 773 2071 828 Dei
2097 790 2220 844 pas.

661 877 778 916 sam
828 877 974 928 esse,
1024 874 1084 917 ut
1126 864 1381 934 nequitia:
1430 866 1677 934 subjecta
1721 873 1888 929 esset,
1926 875 1980 920 et
2019 872 2223 936 pariter

659 969 782 1007 cum
838 969 902 1009 ea
950 956 1290 1025 deliquisset,
1351 970 1567 1011 omnem
1625 958 1916 1012 amentiam
1975 968 2217 1028 superat.

657 1046 872 1113 Quanto
922 1049 1114 1103 melius
1162 1056 1279 1102 erat
1313 1049 1571 1102 traditam
1620 1064 1744 1105 esse
1783 1057 2008 1115 terram,
2058 1066 2218 1120 quam

655 1138 1017 1194 substantiam
1052 1138 1142 1193 Dei
1173 1141 1622 1210 comprehensam
1650 1140 1808 1196 esse?
1850 1139 1906 1194 Si
1933 1141 2078 1196 enim
2109 1156 2216 1196 non

654 1225 852 1280 fuisset
885 1226 1106 1280 ferenda
1140 1227 1381 1282 incursio
1410 1229 1463 1280 in
1495 1237 1720 1291 terram,
1761 1237 1820 1282 ut
1863 1229 2091 1282 materia
2127 1245 2218 1282 or-

654 1315 836 1370 dinem
889 1318 1269 1385 perturbaret.
1331 1325 1537 1386 quauto
1583 1318 1765 1371 minus
1826 1318 2044 1373 ferenda
2100 1328 2217 1373 erat

655 1413 802 1457 tanta
854 1405 1115 1470 servitus,
1147 1416 1200 1459 et
1246 1414 1454 1459 natura
1480 1407 1677 1461 divina:
1727 1408 2019 1476 subjectio,
2055 1408 2214 1479 idque

652 1511 763 1549 non
793 1495 858 1548 ad
895 1497 1277 1552 brevissimum
1309 1507 1544 1569 tempus,
1582 1499 1679 1554 sed
1712 1499 1779 1553 ad
1813 1500 2132 1556 universum
2161 1509 2214 1556 et

650 1587 976 1642 immensum
1023 1589 1320 1642 saeculum?
1373 1598 1431 1642 ut
1478 1605 1653 1660 neque
1700 1591 1942 1660 nequitia
1988 1606 2214 1661 peccare

647 1677 956 1742 desisteret,
1007 1686 1060 1733 et
1096 1678 1237 1735 Deus
1271 1694 1395 1734 cum
1451 1697 1513 1736 ea
1538 1696 1635 1750 per
1673 1689 1998 1753 potestatem
2041 1698 2107 1736 ex
2153 1697 2211 1737 se

647 1767 880 1836 genitam
915 1780 1183 1836 peccaret.

719 1857 872 1912 Unde
901 1873 1244 1928 consequens
1273 1869 1377 1925 est,
1412 1877 1590 1932 neque
1620 1867 1784 1917 deum
1811 1864 2052 1919 voluisse
2082 1865 2207 1918 mit-

643 1955 757 2000 tere
794 1950 1048 2018 nequitia:
1086 1966 1152 2004 ex
1199 1951 1503 2006 substantia
1551 1969 1651 2009 sua
1685 1956 1922 2023 genitum
1980 1957 2046 2010 ad
2079 1973 2193 2026 pec-

641 2038 875 2092 candum
905 2057 1026 2094 cum
1050 2057 1111 2095 ea
1145 2062 1156 2095 :
1192 2057 1290 2097 nec
1317 2043 1448 2098 illud
1473 2045 1699 2099 missum
1733 2044 2012 2100 inductum
2037 2046 2206 2102 fuisse

640 2137 694 2183 et
722 2131 1149 2201 obtemperasse,
1183 2141 1241 2185 ut
1267 2132 1333 2187 ad
1363 2141 1572 2186 tantum
1603 2134 1806 2187 malum
1832 2142 1885 2188 et
1917 2135 2056 2189 luem
2081 2151 2204 2203 pro-

641 2221 1018 2288 ﬁcisceretur;
1059 2233 1114 2276 ut
1153 2224 1469 2293 impleretur
1497 2226 1706 2280 scilicet
1728 2229 1876 2281 omni
1916 2227 2202 2298 iniquitate

637 2323 692 2367 et
723 2314 1010 2383 injustitia,
1048 2316 1207 2368 simul
1237 2324 1289 2368 et
1326 2317 1624 2386 impietate,
1657 2317 1824 2387 idque
1860 2333 1958 2387 pro
1985 2328 2198 2374 terrena

637 2403 956 2457 liberatione
985 2411 1145 2457 terra:
1177 2420 1281 2457 non
1307 2405 1417 2472 jam
1457 2416 1586 2458 tunc
1628 2414 1822 2475 captae,
1857 2407 1951 2460 sed
1985 2409 2199 2477 capien-

634 2493 736 2556 dae,
770 2504 1028 2562 tanquam
1072 2508 1176 2546 non
1210 2494 1476 2562 potuisset
1508 2494 1651 2550 Deus
1684 2497 1844 2551 aliter
1873 2497 1999 2551 huic
2037 2504 2196 2552 terra:

633 2599 889 2655 pracsse.
945 2583 1082 2639 Vide
1131 2600 1296 2655 quam
1352 2587 1510 2655 plane
1564 2586 1838 2640 inﬁrmum
1901 2591 2197 2643 mentiatur

638 2678 809 2731 Deum
838 2675 1170 2730 Manichacus
1202 2677 1254 2730 in
1291 2675 1455 2730 Deum
1482 2676 1688 2742 furens,
1718 2689 1975 2746 tanquam
2003 2679 2193 2734 defen-

633 2782 725 2821 sor
752 2770 1162 2836 possessionum
1200 2768 1431 2838 alicujus
1459 2770 1672 2838 pupilli,
1696 2778 1748 2823 et
1780 2772 1938 2840 cujus
1968 2772 2193 2827 inﬁrmi-

630 2867 796 2913 tatem
839 2862 1209 2915 necessarium
1250 2868 1334 2916 est
1366 2858 1636 2922 conﬁteri,
1666 2870 1722 2913 ut
1756 2874 1937 2932 partes
1976 2866 2191 2933 patroni

629 2951 867 3020 impleat.
904 2949 973 3005 Ut
1006 2952 1150 3006 enim
1183 2959 1374 3005 contra
1411 2950 1710 3008 defendens
1755 2955 2052 3023 nequitiam
2097 2972 2190 3010 ne-

627 3057 898 3111 quaquam
932 3057 1027 3110 per
1069 3058 1127 3096 se
1164 3043 1575 3104 consistentem,
1627 3046 1807 3097 omnia
1839 3046 2055 3114 quidem
2107 3047 2186 3100 le-

625 3134 769 3188 cisse
800 3140 992 3186 contra
1029 3131 1194 3187 Deum
1220 3139 1427 3195 narrat,
1464 3133 1811 3198 seditionem,
1844 3136 2102 3204 impetum
2134 3138 2188 3191 in

622 3238 714 3290 res
747 3223 887 3292 ejus,
923 3231 1218 3292 pustremo,
1247 3222 1392 3291 quod
1428 3233 1510 3277 est
1552 3225 1795 3278 omnium
1830 3225 2189 3295 ﬂagitiosissi-

625 3329 795 3377 mum,
847 3315 1150 3368 obtinuisse
1201 3315 1348 3368 omni
1387 3316 1588 3369 seculo
1629 3318 1992 3370 substantiam
2044 3319 2183 3386 ejus,

622 3417 852 3474 eamque
887 3404 941 3456 in
981 3403 1217 3459 inﬁnitas
1250 3413 1431 3474 partes
1460 3406 2095 3476 clivisisse,.prmfocarc,
2131 3418 2185 3463 et

621 3497 679 3550 in
732 3511 790 3550 se
831 3497 947 3565 ipsa
999 3497 1315 3565 reprimere,
1370 3497 1676 3568 habereque
1715 3515 1833 3552 eam
1873 3501 2076 3554 sociam
2127 3503 2180 3554 in

620 3587 766 3640 omni
793 3601 954 3654 prava
984 3587 1197 3640 actione
1226 3593 1278 3639 et
1321 3586 1768 3655 intemperantia;
1805 3587 1970 3641 Deum
2001 3598 2179 3643 autem

619 3691 732 3731 non
761 3679 1004 3746 potuisse
1034 3678 1214 3732 locum
1245 3693 1401 3730 suum
1429 3680 1540 3732 ullo
1569 3681 1674 3732 alio
1703 3681 1864 3734 modo
1897 3697 2071 3750 neque
2094 3698 2180 3735 va-

617 3769 792 3824 lenter
820 3769 1052 3838 eripere,
1079 3785 1253 3838 neque
1276 3772 1466 3824 saltem
1491 3785 1682 3826 vacare
1707 3786 1736 3823 a
1759 3781 2002 3840 peccato,
2033 3775 2176 3842 quod

614 3865 866 3914 naturam
906 3860 1026 3929 ejus
1049 3860 1298 3916 decebat.

683 4036 812 4100 Qua:
855 4036 1000 4089 enim
1035 4035 1088 4089 id
1119 4035 1262 4103 quod
1308 4051 1370 4088 ex
1408 4037 1527 4104 ipso
1580 4037 1878 4091 secundum
1916 4041 2172 4093 substano

611 4125 740 4177 tiam
799 4126 1039 4192 genitum
1092 4133 1195 4185 est,
1251 4130 1452 4193 pariter
1501 4139 1622 4178 cum
1683 4128 1907 4180 materia
1958 4138 2168 4196 peccat,

609 4214 769 4283 plane
812 4213 866 4265 in
909 4228 1030 4266 eum
1060 4213 1152 4282 qui
1184 4213 1390 4282 genuit,
1435 4214 1761 4268 redundant.
1817 4213 1906 4269 Sic
1951 4217 2168 4269 demum

604 4317 820 4357 omnem
857 4303 1150 4370 potentiam
1185 4302 1238 4354 in
1269 4301 1434 4355 Deum
1467 4304 1779 4358 testimonio
1825 4321 1926 4359 suo
1979 4307 2168 4359 tribuit

604 4396 885 4463 nequitim;
937 4393 1101 4447 Deum
1138 4409 1266 4447 vero
1311 4393 1441 4446 dicit
1486 4409 1705 4462 passum
1753 4411 1874 4450 esse
1918 4397 2162 4449 omnium

2291 4409 2534 4477 ινήκεστα
2569 4415 2700 4479 πρὸς
2738 4417 2902 4485 αὐτῆς
2941 4422 3260 4474 πεπονθέναι
3283 4425 3448 4494 λέγει,
3485 4434 3576 4484 καὶ

603 4485 894 4538 durissima
921 4501 933 4536 :
960 4495 1012 4538 et
1041 4484 1202 4537 audet
1225 4486 1577 4553 subjungerc,
1609 4486 1753 4553 quod
1789 4497 2030 4555 potestas
2067 4487 2161 4542 Dei

602 4575 769 4629 missa
800 4575 996 4643 sopivit
1028 4576 1308 4628 materiam
1336 4584 1592 4644 tauquam
1624 4577 1858 4631 belluam
1883 4581 2157 4642 cautione,

601 4677 709 4714 non
757 4664 930 4715 solum
962 4679 1172 4718 summe
1214 4667 1509 4731 contraria,
1559 4682 1809 4721 sermone
1861 4670 2006 4721 omni
2043 4676 2160 4738 pro-

598 4752 874 4807 babilitate
906 4765 1128 4809 carente
1163 4757 1419 4821 miscens,
1455 4768 1508 4810 et
1534 4774 1653 4827 qua:
1680 4760 1828 4813 nullo
1849 4770 2009 4830 pacto
2038 4776 2158 4814 esse

597 4854 846 4913 possunt,
874 4848 1171 4900 secundum
1189 4858 1436 4901 naturam
1449 4859 1757 4904 commento
1779 4867 1876 4905 suo
1901 4853 2155 4922 largiens,

596 4936 690 4988 sed
725 4943 913 4988 contra
948 4952 1110 5005 quam
1145 4939 1257 4990 vult
1287 4939 1372 4991 hic
1402 4941 1564 4992 etiam
1595 4943 1888 4996 conﬁciens
1920 4954 1974 4997 et
2019 4959 2153 4997 con-

592 5023 818 5077 cludens
845 5043 856 5075 :
887 5040 948 5078 ex
986 5027 1228 5094 utrisque
1261 5027 1403 5080 enim
1445 5030 1520 5080 ait
1553 5029 1695 5082 hunc
1725 5029 1891 5084 Deum
1928 5033 2152 5086 univer-

592 5130 713 5168 sum
757 5116 858 5168 hoc
906 5116 1226 5170 fabricatum
1277 5134 1418 5172 esse.
1476 5119 1685 5190 Corpus
1736 5139 1865 5176 vero
1915 5126 2149 5180 hominis

587 5220 711 5259 esse
746 5206 961 5274 quidem
987 5209 1266 5277 nequitiaa;
1304 5211 1540 5263 animam
1571 5227 1699 5265 veio
1733 5212 1844 5275 Dei,
1881 5216 1994 5270 sive
2029 5232 2152 5270 cum

589 5300 700 5351 sint
747 5301 908 5351 unius
959 5299 1163 5364 formae,
1230 5305 1344 5358 sive
1400 5320 1524 5357 cuin
1575 5305 1685 5372 jam
1741 5322 1806 5360 ex
1856 5311 2148 5364 contrariis

588 5393 923 5458 composita;
953 5407 1182 5460 quorum
1231 5404 1506 5456 neutrum,
1557 5404 1613 5448 ut
1647 5398 1808 5466 paulo
1838 5410 1956 5468 post
1989 5402 2152 5455 doce-

586 5479 800 5541 bimus.
845 5483 1146 5536 consistere
1199 5493 1393 5552 potest.
1469 5486 1683 5555 Corpus
1743 5497 1922 5543 tamen
1971 5495 2144 5545 solum

2326 507 2425 577 τῆς
2459 525 2521 576 γε
2539 505 2639 579 τῆς
2655 513 2858 579 οὐσίας,
2875 515 3122 568 τοσοῦτον
3146 518 3316 572 αἰῶνα
3336 520 3709 592 καθεζόμενον
3743 533 3899 601 κακίᾳ

2328 601 2658 670 συνοικῆσον,
2699 605 2790 656 καὶ
2826 605 3045 674 μεθέξον
3101 610 3289 680 αὐτῆς,
3348 612 3444 663 καὶ
3482 619 3897 687 συναμαρτῆαον

2325 690 2459 761 αὐτῇ
2479 709 2491 721 ·
2520 693 2656 763 ὅπερ
2680 695 2808 763 μίαν
2832 697 2959 763 γοῦν
2993 697 3138 769 ὤραν
3162 702 3194 771 ἢ
3220 703 3408 773 χρόνον
3441 708 3685 776 στιγμὴν
3716 710 3900 764 παθεῖν

2322 781 2420 850 τὴν
2464 783 2651 837 οὐσίαν
2696 786 2788 838 τοῦ
2837 787 3003 852 Θεοῦ,
3047 789 3120 854 ὡς
3165 793 3495 864 ὑποταγῆναι
3561 799 3760 869 κακίᾳ.
3815 806 3899 854 καὶ

2321 871 2488 943 ταύτῃ
2512 869 2943 947 συναμαρτῆσαι,
2967 881 3058 931 καὶ
3091 883 3301 936 πάντων
3325 885 3673 960 ἀλογώτερον
3696 891 3769 943 ἂν
3797 894 3896 961 sint.

2321 963 2431 1016 Καὶ
2461 966 2609 1036 πόσῳ
2659 967 2721 1037 δὴ
2757 969 2960 1038 βέλτιον
2998 966 3068 1040 ἦν
3117 976 3221 1043 γῆν
3264 979 3664 1049 παραδοθῆναι,
3698 983 3798 1035 καὶ
3829 985 3896 1052 μὴ

2319 1056 2416 1127 τὴν
2465 1058 2651 1110 οὐσίαν
2697 1059 2792 1111 τοῦ
2838 1060 2971 1118 Θεοῦ
3026 1065 3468 1137 καταληφθῆναις
3519 1072 3586 1124 Et
3644 1074 3759 1144 γὰρ
3807 1077 3899 1129 οὐκ

2319 1148 2512 1220 ἀνεκτὴ
2553 1150 2687 1220 πρὸς
2719 1152 2942 1216 ἀταξίαν
2988 1155 3087 1223 τῆς
3128 1157 3259 1228 ὕλης
3301 1162 3500 1230 ἠκατά
3541 1167 3653 1237 τῆς
3687 1168 3897 1234 ἔφοδος,

2318 1239 2466 1308 πόσῳ
2501 1242 2696 1309 μᾶλλον
2732 1243 3003 1314 ἀφόρητος
3049 1249 3081 1317 ἡ
3117 1251 3349 1321 τοσαύτη
3382 1254 3600 1310 δουλεία
3637 1260 3736 1311 καὶ
3770 1262 3894 1313 ὑπο·

2315 1331 2453 1399 ταγὴ
2479 1332 2574 1400 τῆς
2601 1333 2692 1384 τοῦ
2716 1334 2849 1386 Θεοῦ
2877 1336 3108 1404 φύσεως,
3141 1341 3234 1391 καὶ
3263 1344 3320 1394 οὗ
3359 1347 3492 1414 πρὸς
3518 1350 3579 1401 τὸ
3613 1351 3893 1422 βραχύτα-

2313 1437 2421 1484 τον,
2453 1423 2587 1476 ἀλλά
2615 1427 2746 1496 πρὸς
2773 1427 2890 1480 ὅλον
2922 1432 3014 1482 καὶ
3038 1433 3263 1488 ἄπλετον
3293 1437 3501 1502 αἰῶνας
3534 1441 3617 1504 ὡς
3661 1445 3766 1512 τὴν
3797 1446 3894 1514 μὲν

2314 1513 2504 1565 κακίαν
2535 1517 2668 1584 (10⁸)
2695 1518 2787 1571 τοῦ
2842 1521 3104 1593 ἁμαρτεῖν
3140 1525 3214 1596 μὴ
3247 1528 3593 1597 πεπαῦσθαι,
3653 1513 3810 1589 Θεὸν
3837 1538 3891 1594 εὶ

2314 1607 2741 1699 συναμαρτάνειν
2770 1611 2928 1676 αὐτῆ,
2964 1613 3052 1668 διὰ
3081 1616 3179 1686 τῆς
3220 1617 3279 1683 ἐξ
3305 1620 3466 1673 αὐτοῦ
3501 1625 3888 1699 προϐεϐλημέ-

2312 1712 2408 1764 νης
2437 1695 2729 1767 δυνάμεως.

2380 1869 2538 1922 Ὅθεν
2584 1874 2748 1939 εἰκὸς,
2779 1877 2898 1930 οὐδὲ
2934 1878 3064 1933 Θεὸν
3107 1884 3242 1954 πρὸς
3283 1888 3344 1942 τὸ
3383 1891 3887 1966 συνεξαμαρτάνειν

2305 1959 2552 2030 ἐθελῆσαι
2588 1966 2796 2035 πέμψαι
2834 1973 2898 2040 τῇ
2934 1975 3100 2046 κακία
3134 1979 3194 2029 τὸ
3243 1981 3307 2034 ἑκ
3351 1982 3450 2052 τῆς
3484 1959 3686 2052 οὐσίας
3715 1992 3880 2049 αὑτοῦ

2304 2052 2760 2144 προδεϐλημένον,
2819 2061 2931 2114 οὔτ’
2973 2067 3147 2120 ἐκεῖνο
3187 2074 3476 2143 πεισθῆναί
3525 2095 3609 2144 τε,
3650 2083 3746 2134 καὶ
3783 2085 3879 2136 ὐπ-

2303 2141 2523 2194 ακοῦσαι
2553 2146 2684 2214 πρὸς
2708 2150 2953 2204 τοσοῦτον
2987 2154 3204 2227 ὄλεθρον
3239 2141 3547 2233 ἀφικέσθαι,
3775 2175 3876 2226 πά-

2304 2247 2400 2334 σης
2427 2234 2654 2334 ἀνομίας
2681 2254 2739 2288 τε
2775 2243 2865 2293 καὶ
2893 2243 3124 2310 ἀδικίας,
3154 2248 3266 2320 ἅμα
3305 2254 3396 2306 καὶ
3422 2256 3874 2334 δυσσεϐείαςέμο

2301 2321 2600 2422 πλησθῆναι
2646 2329 2784 2422 ὑπὲρ
2836 2331 2928 2422 τοῦ
2975 2338 3182 2406 γηῖνου,
3230 2335 3344 2413 τὴν⁸
3377 2347 3475 2415 ἤδη
3529 2321 3870 2422 ληφθείσαν,

2297 2412 2436 2514 ἀλλὰ.
2447 2415 3074 2514 τὴνῠκαταλαμσάνεσθαι
3096 2412 3599 2498 μέλλουίσαν-ὲλευθε

2294 2501 2368 2606 ὡς
2386 2505 2487 2606 οὐξι
2509 2501 2699 2606 οἷόν-τε
2731 2511 2790 2562 ὃν
2817 2515 3013 2586 ἑτέρως
3042 2521 3242 2592 ταύτης
3271 2525 3361 2577 τὸν
3384 2527 3516 2580 Θεὸν
3540 2501 3866 2606 πέοστῖίναιζ

2341 2595 2434 2664 )ρα
2461 2595 2909 2693 δσηνῌάδυναμίαν
2962 2610 3348 2679 καταψεύδεται
3389 2618 3479 2670 τοῦ
3508 2595 3648 2675 Θεοῦ
3685 2595 3868 2693 σαφῶς

2293 2686 2322 2736 ὁ
2351 2687 2487 2738 κατά
2522 2688 2613 2740 τοῦ
2646 2689 2778 2744 Θεοῦ
2817 2698 3003 2763 μανείς
3023 2717 3036 2729 ’
3073 2701 3260 2775 ὥσπερ
3304 2709 3598 2778 κτημάτων

2294 2794 2433 2880 τινος
2455 2782 2865 2851 προϊστάμενος,
2889 2784 2947 2842 οῦ
2976 2793 3072 2861 τὴν
3094 2794 3370 2850 ἀσθένειαν
3401 2782 3719 2872 ἐπάναγκες
3741 2813 3868 2880 ὁμο-

2295 2867 2536 2974 λογῆσαι,
2565 2874 2647 2925 ἵνα
2682 2876 2748 2974 τὰ
2924 2885 3243 2956 συνηγορίας
3286 2867 3597 2963 πληρωθῇί

2293 2961 2614 3024 τούναντίον,
2651 2966 2747 3035 τὴν
2794 2969 3042 3040 οὐδαμῶς
3087 2976 3447 3048 ὑφεπηκυίαν
3494 2987 3694 3040 κακίαν
3730 2961 3862 3061 πρε·-

2297 3049 2519 3148 σδεύων,
2573 3056 2747 3108 πάντα
2801 3061 2900 3128 μὲν
2951 3063 3119 3135 αὐτὴν
3175 3070 3310 3121 κατά
3347 3071 3481 3125 Θεοῦ
3516 3049 3856 3148 δεδρακέναι,

2292 3137 2435 3204 λέγει
2478 3143 2876 3215 ὲπαναστῆναι,
2927 3151 3176 3221 ὲπιδῆναι
3220 3161 3329 3220 τοῖς
3381 3163 3543 3217 αὐτοῦ
3594 3166 3854 3239 θελῆσαι·

2288 3227 2456 3293 τέλος,
2515 3232 2573 3282 τὸ
2617 3234 2831 3287 πάντων
2871 3239 3009 3292 κατά
3047 3242 3179 3295 Θεοῦ
3217 3250 3608 3321 χαλεπώτερον,
3776 3264 3860 3314 οὐ·

2287 3318 2406 3380 σίας
2432 3322 2594 3373 αὑτοῦ
2629 3326 2869 3396 ἐγκρατῆ
2909 3329 3193 3399 σύμπαντα
3231 3339 3319 3391 τὸν
3363 3344 3530 3396 αἰῶνα
3578 3350 3853 3419 γενέσθαι,

2285 3411 2374 3460 καὶ
2403 3420 2725 3482 κατατεμεῖν
2753 3419 2974 3490 ταύτην,
3002 3422 3076 3486 ὡς
3105 3427 3201 3480 οὐκ
3230 3430 3515 3500 ἐνδέχεται,
3542 3441 3620 3500 είς
3651 3441 3853 3514 ἄπειρα

2280 3502 2558 3569 τμήματα,
2595 3506 2912 3576 ἀποπνίγειν
2966 3529 3023 3565 τε
3076 3518 3168 3568 καὶ
3212 3520 3518 3576 ἀποθλίϐειν
3560 3529 3619 3580 ἐν
3660 3502 3851 3605 ἑαυτῇ,

2281 3593 2738 3691 καὶ-συμμέτοχον
2788 3601 2984 3672 ἑαυτῆς
3032 3605 3088 3657 ὲν
3140 3609 3287 3682 πάσῃ
3348 3621 3698 3691 κακοπραγίᾳ

2279 3684 2538 3757 ἀκολασίᾳ
2585 3687 2752 3758 ἔχειν·
2801 3691 2931 3745 Θεὸν
2980 3695 3034 3748 δὲ
3078 3699 3150 3768 μὴ
3197 3701 3482 3774 δυνηθῆναι
3533 3684 3702 3780 μήτε
3758 3716 3852 3767 τὸν

2278 3776 2406 3828 ἴδιον
2451 3779 2612 3830 τόπον
2662 3782 2843 3853 ἕτερόν
2883 3804 3000 3838 τινα
3043 3792 3242 3859 τρόπον
3293 3796 3630 3868 δραστηρίως
3673 3804 3852 3869 ἐξελέ-

2277 3865 2420 3928 σοαι,
2455 3868 2590 3937 μήτε
2625 3871 2683 3921 τὸ
2717 3874 3094 3946 ἀναμάρτητον
3134 3881 3262 3947 γοῦν
3310 3886 3483 3955 ἑαυτῷ
3523 3893 3849 3959 πρεπόντως

2275 3957 2336 4024 τῇ
2381 3956 2535 4024 φύσει
2568 3961 2817 4030 τηρῆσαι.

2349 4047 2410 4098 Ἀ
2448 4048 2554 4118 γὰρ
2603 4051 2662 4101 τὸ
2705 4052 2762 4115 ἐξ
2805 4055 2967 4108 αὑτοῦ
3023 4059 3455 4132 προϐεϐλημένον
3492 4071 3615 4120 κατ’
3655 4073 3844 4126 οὐσίαν

2271 4139 2334 4205 τῇ
2370 4135 2465 4231 ῦλῃ
2498 4141 2797 4206 συναδικεί,
2844 4145 3099 4217 ἄντικρυς
3134 4153 3210 4213 είς
3240 4136 3396 4207 aia-RV
3437 4158 3726 4231 ἀνατρέχει
3750 4166 3840 4217 τὸν

2271 4225 2723 4296 προϐεϐλημένον.
2783 4232 2938 4286 Οὖτω
2976 4235 3038 4305 δὴ
3090 4240 3267 4292 πᾶσαν
3317 4242 3631 4300 δυναστείαν
3699 4255 3842 4307 κατὰ

2269 4316 2401 4368 Θεοῦ
2534 4323 2696 4392 κακίᾳ
2745 4331 3197 4400 προσμαρτυρῶν,
3236 4334 3364 4388 Θεὸν
3411 4339 3465 4389 δὲ
3508 4342 3577 4393 τά
3621 4345 3836 4399 πάντων

3622 4436 3715 4487 τολ
3721 4439 3835 4506 μῶν

2268 4499 2479 4566 ἐπάγει,
2510 4503 2590 4552 ὅτι
2619 4503 2679 4573 δὴ
2707 4508 3071 4579 κατεκοίμησε
3111 4513 3206 4583 τὴν
3236 4515 3365 4586 ὓλην
3395 4522 3426 4588 ἠ
3466 4524 3833 4581 ἀποσταλεῖσα

2268 4588 2357 4639 τοῦ
2402 4590 2532 4642 Θεοῦ
2584 4593 2828 4664 δύναμις,
2865 4598 2941 4659 ὡς
2980 4601 3039 4652 τὸ
3087 4603 3270 4675 θηρίον
3315 4612 3515 4682 ἐπῳδῇ,
3564 4617 3626 4667 οὐ
3672 4622 3831 4687 μόνον

2265 4679 2542 4745 ἀπιθάνως
2567 4684 2632 4736 τὰ
2658 4686 2838 4766 ἄκρως
2864 4691 3078 4745 ἐναντία
3112 4695 3187 4765 τῷ
3221 4697 3358 4767 λόγῳ
3386 4703 3610 4772 κιρνῶν,
3645 4710 3738 4760 καὶ
3764 4715 3826 4762 τα

2267 4773 2528 4842 μηδαμῶς
2559 4775 2694 4828 κατά
2734 4778 2894 4844 φύσιν
2930 4782 3246 4854 ἐνδεχόμενα
3280 4790 3357 4858 τῷ
3399 4793 3510 4862 ἰδίῳ
3550 4797 3824 4867 πλάσματι

2265 4865 2634 4933 χαριζόμενος,
2679 4868 2810 4920 ἀλλὰ
2835 4873 2949 4923 ἤιαὶ
2997 4877 3296 4932 τούναντίον
3356 4883 3386 4951 ἦ
3430 4884 3700 4953 βούλεται,
3737 4894 3824 4943 καὶ

2263 4951 2490 5004 ἐνταῦθα
2518 4957 2960 5021 κατασκευάζων·
2998 4962 3053 5028 ἐξ
3088 4966 3286 5036 ἀμφοῖν
3333 4973 3432 5039 μὲν
3469 4976 3579 5045 γὰρ
3618 4979 3822 5031 τούτοιν

2262 5045 2394 5113 φησι
2421 5043 2550 5097 Θεὸν
2576 5046 2972 5118 δημιουργῆσαι
2995 5055 3110 5106 τοδε
3136 5059 3194 5109 τὸ
3219 5063 3323 5112 πᾶν
3342 5079 3354 5090 ·
3404 5064 3496 5116 τοῦ
3533 5043 3588 5118 δὲ
3625 5069 3822 5140 ἀνθρὼ-

2262 5147 2360 5183 που
2388 5129 2520 5185 εἶναι
2549 5136 2642 5203 μὲν
2673 5137 2732 5188 τὸ
2764 5137 2921 5208 σῶμα
2944 5143 3038 5210 τῆς
3064 5147 3286 5209 κακίας⁶
3314 5144 3452 5201 εἶναι
3494 5153 3549 5204 δὲ
3591 5154 3689 5223 τὴν
3725 5129 3818 5222 ζιελ..

2252 5223 2351 5291 κῆν
2384 5224 2476 5274 τοῦ
2516 5228 2740 5292 ἀγαθοῦ,
2777 5231 2881 5282 εἴτε
2916 5235 3179 5306 μονοειδῆ,
3211 5242 3315 5291 εἴτε
3366 5247 3726 5314 συγκειμένην
3757 5250 3816 5299 ὲκ

2249 5313 2355 5363 τῶν
2387 5317 2671 5369 ἐναντίων·
2716 5323 2807 5373 καὶ
2835 5325 3020 5396 ταύτῃ,
3055 5328 3129 5391 ῶς
3155 5331 3410 5400 ἑκάτερον
3439 5337 3630 5406 μικρὸν
3665 5338 3811 5388 ὓστε-

2252 5423 2340 5474 ρον
2377 5408 2639 5478 δείξομεν,
2677 5413 2931 5468 σύστασιν
2969 5419 3085 5470 οὐδὲ
3116 5420 3244 5490 μίαν
3275 5422 3412 5491 ἔχον.
3447 5426 3609 5496 Σῶμα
3640 5429 3806 5496 μέντοι

2248 5499 2366 5549 καθ’
2401 5501 2557 5552 ἑαυτὸ
2586 5503 2734 5556 οὐδὲν
2775 5506 2882 5560 τῶν
2923 5510 3106 5565 κακῶν
3141 5513 3248 5565 οὐδ’
3275 5515 3501 5584 ἐπινοεῖ,
3528 5517 3647 5572 οὔτε
3681 5519 3802 5589 δρᾷ⁶

659 5634 784 5704 (10⁸)
825 5637 1072 5692 Κακίαν.
1119 5637 1417 5695 Ncauitiam
1460 5652 1614 5697 vocat
1663 5662 1878 5717 semper
1931 5649 2188 5706 Satanam

2291 5664 2436 5712 lClOl‘.
2477 5657 2643 5712 Tunn.
