4058 6330
94 412 231 471 ηοι

1153 407 1523 469 ADVERSUS
1557 406 1981 467 IANICBIEOS
2016 406 2145 465 LIB.
2186 407 2227 463 ί.

3204 399 3343 461 “0%

86 527 220 583 οὖτα
244 526 353 599 γὰρ
391 527 627 598 φονεύει,
652 526 778 580 οὔτε
807 524 1068 598 μοιχεύει,
1102 526 1226 581 οὔτε
1248 526 1516 600 λῃστεύει,
1545 528 1668 584 οὔτε

1782 542 1835 583 ιο
1866 542 1963 598 per
1990 542 2056 584 se
2104 525 2245 584 nihil
2283 525 2417 584 mali
2460 538 2642 597 neque
2679 521 2908 597 cogitat.
2953 535 3133 593 neque
3169 520 3341 589 facit;

88 616 225 673 ἄλλο
268 632 322 671 τι
353 618 461 674 τῶν
483 616 838 688 ἀδικημάτων
866 606 1183 687 ἔργάζεται,
1210 616 1388 689 ψυχῆς
1417 617 1567 690 αὐτῷ
1593 618 1670 691 μὴ

88 710 402 786 παρούσης.

1777 634 1886 676 non
1908 619 2057 676 cutim
2088 616 2317 683 occidit,
2347 632 2525 688 neque
2561 616 2925 682 adulteratur,
2956 628 3137 685 neque
3166 613 3342 670 latro-

1776 714 2012 777 cinatur,
2056 726 2160 769 nec
2206 710 2373 767 aliam
2397 710 2661 782 iniuriam
2688 708 2845 777 facit,
2887 718 3019 766 cum
3049 720 3162 764 non
3190 703 3349 763 adest

1108 910 1241 967 Car.
1281 908 1473 967 XXIV.
1505 908 1696 967 Hirtio
1729 916 1922 970 animus
1952 931 2074 972 cum
2103 930 2349 987 corpora

165 1027 363 1083 Καίτοι
391 1024 596 1079 τούτων
628 1025 724 1079 καὶ
762 1023 871 1078 τῶν
897 1024 1151 1077 τοιούτων
1191 1024 1378 1079 ἕνεκεν
1404 1026 1681 1097 ἐπινενόη-

91 1137 186 1174 ται
227 1118 571 1189 τῷΜάνεντι
617 1116 713 1188 τῆς
758 1117 1005 1181 ἐναντίας
1041 1116 1218 1189 ἀρχῆς
1266 1118 1301 1187 ἡ
1348 1116 1675 1181 ὑπόστασις,

96 1213 197 1267 καὶ
224 1211 333 1265 τῶν
359 1210 610 1263 ἐναντίων
652 1211 687 1281 ἡ
730 1211 944 1280 κρᾶσις,
992 1210 1068 1272 ὡς
1111 1208 1179 1262 ἀν
1216 1208 1279 1262 τὺ
1302 1209 1476 1263 αἴτιον
1501 1210 1680 1264 αὐτῶν

92 1302 371 1375 εὑρεθείη.
424 1303 487 1355 Et
531 1302 589 1355 δὲ
636 1303 671 1372 ὴ
714 1303 907 1372 κρᾶσις
949 1301 1051 1372 τῆς
1094 1300 1271 1371 ψυχῆς
1324 1300 1418 1354 τοῦ
1476 1300 1679 1369 ἀγαθοῦ

92 1396 237 1465 πρὸς
271 1394 336 1448 τὸ
366 1393 525 1464 σῶμα
560 1392 654 1447 τοῦ
697 1392 889 1459 κακοῦ,
933 1392 1040 1446 τῶν
1088 1391 1442 1463 ἀδικημάτων
1474 1390 1681 1463 ἀνθρώ-

93 1507 221 1553 ποις
284 1490 522 1561 παρέσχε
574 1490 675 1553 τὰς
730 1488 1015 1559 ἀφορμὰς,
1067 1488 1189 1542 καθ’
1238 1487 1402 1541 ἑαυτὸ
1454 1488 1561 1561 γὰρ
1618 1488 1679 1541 οὐ

93 1580 413 1652 πλημμελεῖ
456 1579 652 1649 σῶμαο
684 1578 891 1649 βέλτιον
936 1573 1005 1650 ἦν
1042 1576 1117 1649 μὴ
1171 1576 1544 1649 συγκριθῆναι
1583 1579 1681 1649 τὴν

94 1673 491 1745 πεπλασμένην
524 1671 618 1724 τοῦ
652 1670 859 1741 ἀγαθοῦ
895 1670 1128 1742 δύναμιν
1170 1672 1235 1742 τῇ
1277 1670 1353 1741 μὴ
1398 1668 1535 1743 οῦσῃ
1584 1687 1683 1725 κα-

94 1768 223 1839 κίᾳ·
262 1766 324 1820 οὐ
357 1765 465 1836 γὰρ
495 1765 560 1819 ἃν
592 1764 700 1817 τῶν
747 1763 887 1817 κατά
915 1762 1235 1835 ἀνθρώπους
1266 1763 1683 1834 ἁμαρτημάτων

1840 1026 2009 1100 Atqui
2058 1027 2131 1085 ob
2170 1030 2312 1085 hanc
2358 1040 2587 1085 causam
2627 1024 2965 1099 excogitavit
3011 1022 3346 1084 Manicha‘ua

1773 1118 2108 1192 hypostasim
2148 1122 2408 1193 principii
2453 1121 2721 1178 contrarii
2752 1128 2810 1176 et
2857 1120 3169 1175 mistionem
3211 1132 3348 1173 cons

1773 1214 2092 1280 trariorum,
2127 1222 2188 1269 ut
2222 1228 2391 1271 causa
2428 1212 2701 1268 malorum
2748 1211 3104 1282 reperiretur.
3153 1208 3263 1267 Sed
3296 1226 3347 1267 si

1778 1302 2035 1359 admistio
2072 1306 2292 1369 animas,
2328 1320 2451 1375 quae
2485 1304 2581 1361 Dei
2608 1311 2717 1371 est,
2754 1319 2880 1359 cum
2911 1316 3170 1374 corpore,
3201 1301 3349 1373 quod

1779 1395 2004 1463 diaboli,
2033 1412 2232 1454 causas
2262 1407 2322 1453 et
2355 1397 2654 1468 primordia
2692 1397 3016 1467 iniuriarum
3065 1410 3129 1449 ac
3154 1407 3352 1465 pecca-

1776 1498 1956 1545 torum
1980 1490 2297 1547 hominibus
2323 1491 2575 1561 praebuit.
2604 1504 2703 1560 per
2732 1502 2791 1545 se
2818 1496 2999 1544 autem
3034 1502 3145 1543 non
3173 1485 3324 1541 delin

1775 1581 1896 1655 quit
1938 1596 2181 1652 corpus:
2209 1582 2407 1639 melius
2450 1591 2589 1644 erat,
2621 1590 2681 1635 ut
2714 1580 2895 1635 anima
2944 1596 2976 1634 a
3008 1579 3117 1633 Deo
3161 1584 3351 1633 creata

1777 1686 1886 1726 non
1921 1670 2320 1727 admisceretur
2362 1672 2623 1737 nequitias
2672 1686 2783 1725 non
2831 1670 3068 1725 exstanti
3099 1668 3348 1723 :nullum

1777 1764 1924 1820 enim
1948 1780 2019 1820 ex
2040 1765 2285 1836 peccatis
2313 1780 2437 1835 qua
2470 1766 2718 1820 homines
2745 1764 3117 1827 committunt,
3148 1761 3205 1815 in
3235 1761 3349 1815 vita

90 1860 249 1914 οὐδὲν
279 1856 642 1919 ἐπολιτεύετο,
676 1854 783 1909 οὐδ’
815 1854 881 1909 ἂν
910 1854 1151 1926 ὑπῆρχεν
1188 1855 1345 1918 ὅλως.
1383 1856 1540 1918 Ποίος
1568 1855 1678 1927 γὰρ

1782 1863 2099 1912 cerneretur
2136 1870 2316 1927 neque
2358 1859 2577 1929 penitus
2620 1865 2786 1911 esset.
2814 1855 2971 1922 Quod
3019 1854 3165 1909 enim
3201 1859 3351 1907 esset

92 1946 164 2022 ἦν
197 1952 229 2005 ό
263 1950 442 2019 φόνος,
467 1947 564 2002 τοῦ
595 1948 953 2019 φονευομένου
999 1947 1075 2019 μὴ
1117 1947 1290 2011 ῦντος,
1324 1947 1439 2015 είγε
1478 1946 1554 2017 μὴ
1591 1946 1678 1999 διὰ

90 2041 194 2112 τῆς
225 2040 337 2094 τῶν
371 2038 628 2094 ἐναντίων
683 2039 952 2112 κράσεως,
1006 2036 1147 2091 κατά
1196 2038 1288 2091 τὸν
1338 2037 1677 2106 γελοιότατον

89 2131 278 2199 λόγον,
328 2128 571 2198 ιγεγόνει
623 2127 866 2199 κόσμος;
914 2126 1044 2180 ποία
1093 2125 1140 2179 δ’
1189 2124 1257 2180 ἂν
1300 2126 1535 2197 μοιχεία,
1581 2125 1676 2179 τοῦ

97 2220 358 2291 σώματος
391 2219 466 2290 μὴ
492 2219 664 2283 ὄντος,
695 2218 829 2289 μήτε
862 2217 982 2271 καθ’
1013 2216 1176 2271 ἑαυτὸ
1206 2216 1338 2286 γοῦν
1362 2214 1680 2288 ἐπιθυμοῦν-

88 2330 205 2377 τος,
233 2316 294 2368 εί
332 2313 409 2385 μὴ
438 2312 584 2383 ψυχὴ
637 2314 670 2384 ἡ
717 2310 811 2366 τοῦ
858 2310 1065 2379 ἀγαθοῦ
1098 2310 1492 2382 κατεπέμφθης
1534 2310 1678 2364 δυοῖν

90 2407 206 2478 γὰρ
249 2405 501 2478 θάτερον·
548 2406 584 2477 ἢ
626 2403 719 2457 τοῦ
760 2402 966 2473 ἀγαθοῦ
1008 2402 1286 2474 οἰκονομίᾳ
1311 2402 1418 2473 χρὴ
1447 2404 1678 2473 φάσκειν

93 2496 376 2552 συνελθεῖν
426 2497 702 2558 τάναντία,
760 2496 848 2549 ίνα
878 2495 1112 2566 «γένηται
1159 2492 1237 2557 ὡς
1290 2493 1427 2565 πρὸς
1471 2492 1677 2563 ἀγαθοῦ

91 2590 326 2660 κόσμος,
349 2586 446 2641 καὶ
470 2586 606 2650 ὅλως
635 2584 795 2649 αὐτὸς
831 2584 1002 2650 αίτιος
1024 2583 1094 2640 ἀν
1128 2583 1218 2655 εῑ¹η
1244 2582 1353 2638 τῶν
1381 2585 1441 2639 ἐν
1469 2583 1677 2656 ἀνθρώ-

91 2697 221 2749 ποις
250 2682 459 2745 κακῶν,
485 2682 599 2749 ειγε
623 2678 763 2733 ἑκὼν
786 2679 857 2749 τῇ
883 2677 1051 2748 κακίᾳ
1090 2676 1505 2749 προσεχρήσατο
1533 2675 1679 2731 κατά

92 2775 206 2829 τῶν
236 2772 647 2844 γενησομένων·
696 2770 731 2840 ἢ
774 2769 999 2841 ὲόιάσθη
1038 2766 1179 2841 πρὸς
1202 2771 1303 2839 τῆς
1334 2768 1549 2831 κακίας,
1586 2769 1681 2824 καὶ

94 2866 200 2934 ήδη
234 2865 304 2918 τὰ
335 2864 625 2933 νικητήρια
674 2861 814 2915 κατὰ
858 2861 950 2916 τοῦ
997 2858 1204 2928 ἀγαθοῦ
1243 2860 1605 2931 ἀπενήνεκται
1644 2860 1679 2929 ἡ

97 2957 290 3012 κακία.

1780 1946 2132 2002 homicidium
2164 1946 2386 2002 nomine
2410 1947 2636 2002 occiso?
2668 1946 2723 1999 Si
2756 1962 2851 2015 per
2877 1944 3189 2000 mistionem
3216 1956 3378 1999 con-.

1780 2039 2097 2103 trariorum,
2127 2046 2188 2093 ut
2224 2047 2318 2095 est
2351 2040 2404 2093 in
2429 2039 2531 2093 hac
2553 2037 2735 2093 fabula
2772 2037 3025 2101 ridicula,
3064 2050 3173 2090 non
3209 2033 3350 2087 fuis-

1782 2137 1865 2185 set
1903 2128 2086 2187 factus
2138 2128 2380 2186 mundus
2406 2145 2433 2185 ε·
2452 2129 2600 2201 quod
2647 2129 2973 2184 adulterium
3031 2133 3179 2182 esset
3238 2139 3351 2179 non

1782 2228 2035 2278 exstante
2064 2235 2317 2294 corpore,
2342 2237 2522 2292 neque
2551 2237 2647 2291 per
2672 2237 2731 2277 se
2760 2219 3209 2290 concupiscente,
3238 2215 3350 2273 nisi

1784 2309 1966 2365 anima
1992 2325 2115 2381 qua:
2138 2308 2237 2367 Dei
2255 2318 2366 2374 est,
2393 2310 2564 2365 missa
2592 2316 2738 2366 esset
2764 2310 2819 2363 in
2852 2308 3086 2379 corpus?
3116 2307 3348 2363 alterum

1780 2403 1929 2457 enim
1972 2416 2042 2457 ex
2082 2398 2300 2457 duobus
2336 2402 2705 2471 relinquitur:
2740 2409 2834 2457 aut
2865 2400 3158 2456 dicendum
3198 2412 3349 2463 esse.

1780 2492 2179 2564 gubernatione
2214 2491 2310 2550 Dei
2330 2493 2559 2566 provida
2586 2495 2766 2549 coisse
2807 2494 3106 2559 contraria,
3134 2495 3204 2547 ut
3231 2497 3352 2546 tan-

1778 2598 1948 2655 quam
1995 2598 2028 2640 a
2077 2584 2223 2641 bono
2253 2584 2366 2641 Deo
2395 2585 2552 2642 ﬂeret
2600 2584 2862 2651 mundus,
2911 2594 3075 2654 atque
3117 2584 3193 2638 ita
3230 2581 3352 2654 ipse

1778 2677 2007 2734 omnino
2049 2679 2319 2735 malorum
2355 2678 2412 2734 in
2460 2678 2775 2734 honiinibus
2820 2684 3010 2731 auctor
3056 2682 3231 2740 esset,
3272 2674 3354 2729 si-

1782 2770 2010 2840 quidem
2043 2770 2235 2826 volens
2278 2785 2414 2825 usus
2466 2778 2553 2824 est
2592 2769 2835 2838 nequitia
2875 2774 3075 2824 contra
3116 2780 3220 2822 eos
3258 2763 3353 2835 qui

1788 2861 1959 2918 futuri
1980 2868 2200 2925 essent;
2249 2868 2350 2916 aut
2377 2861 2431 2914 vi
2466 2868 2717 2915 coactum
2752 2874 2876 2915 esse
2918 2874 2948 2913 a
2993 2857 3259 2930 nequitia,
3298 2864 3358 2911 et

1780 2951 1897 3022 jam
1943 2953 2246 3022 nequitiam
2290 2953 2578 3008 victoriam
2613 2952 2829 3007 devicto
2859 2951 2970 3008 Deo
3017 2958 3354 3023 reportasse.

96 3071 236 3125 Cu.
279 3067 445 3125 XXV.
489 3064 723 3120 ,Παιονίη
766 3072 887 3118 ante
927 3063 1244 3117 creationem
1282 3064 1428 3117 mala
1467 3063 1645 3185 facere!
1680 3076 1785 3183 n93:
1817 3062 2009 3130 potuit.
2048 3060 2124 3116 De
2166 3061 2349 3116 mundi
2384 3062 2651 3116 creatione
2694 3060 2929 3116 absurda
2974 3054 3203 3117 Manett's
3236 3075 3357 3116 sert-

1649 3149 1711 3185 en
1740 3148 1812 3185 aa.
3074 3160 3079 3163 _

1649 3148 1812 3186 entta.
3074 3160 3079 3163 .

178 3252 477 3321 Ποῑοςογὰρ
521 3246 610 3320 ἦν,
647 3242 801 3311 αὖθις
832 3246 994 3315 λέγω,
1027 3264 1203 3317 φονος,
1238 3248 1286 3300 εί
1320 3248 1455 3318 μήτε
1483 3246 1682 3317 ἀνθρω-

1861 3242 1969 3299 Sed
2015 3244 2195 3300 dicam
2239 3244 2460 3310 iterum,
2508 3229 2671 3314 q'ii‘aie
2722 3245 3077 3301 homicidium
3120 3253 3260 3310 erat,
3310 3246 3359 3303 si

104 3362 206 3408 πος
232 3339 323 3415 ἦν,
352 3345 487 3412 μήτε
521 3339 691 3406 ξίφος,
725 3339 861 3408 μήτε
890 3336 1019 3391 ἀλλο
1049 3355 1101 3390 τι
1130 3337 1237 3390 τῶν
1264 3338 1497 3406 φονικῶν
1526 3338 1687 3405 ἐργα-

100 3433 285 3497 λείων,
318 3433 365 3483 εί
415 3429 489 3500 μὴ
531 3427 620 3481 διὰ
656 3426 755 3497 τῆς
805 3426 1022 3480 συνόδου
1070 3426 1181 3479 τῶν
1225 3425 1478 3479 ἐναντίων
1526 3441 1687 3477 κατε-

104 3522 381 3593 σκευάσθη
412 3524 439 3575 ό
466 3518 705 3590 κόσμος;
747 3517 811 3572 Ἦ
841 3518 950 3588 γάρ
980 3517 1078 3588 ῦλη
1108 3515 1231 3571 καθ’
1256 3518 1477 3586 ἑαυτὴν,
1506 3518 1555 3568 εί
1595 3517 1688 3569 καὶ

104 3613 245 3685 πρὸς
279 3609 539 3680 ἀλλήλους
584 3609 631 3659 oi
679 3603 739 3670 ἐξ
785 3606 956 3674 αὐτῆς
1007 3604 1349 3669 ἐστασίαζον,
1390 3606 1549 3673 φόνον
1590 3604 1688 3673 μὲν

100 3707 205 3759 οὒκ
228 3703 367 3774 ᾔδει,
398 3702 459 3755 οὐ
506 3701 613 3772 γὰρ
658 3696 771 3771 εἶχε
821 3698 1035 3769 θνητὸν,
1066 3698 1125 3751 ὃν
1164 3698 1410 3768 φονεύειο
1445 3698 1689 3767 μοιχείαν

102 3798 313 3868 ἠγνόει,
361 3795 421 3847 οὐ
457 3794 564 3863 γὰρ
594 3793 987 3863 κατεγγυήσεις
1020 3790 1213 3860 γάμων
1244 3791 1525 3861 παράὑτῇ
1558 3791 1687 3841 ὲπο-

103 3883 397 3939 λιτεύοντο·
422 3883 483 3934 οὑ
518 3882 623 3952 μὴν
652 3880 760 3933 οὐδ’
792 3881 1229 3948 ἐσυκοφαντεῖτο,
1261 3880 1381 3933 οὐδὲ
1413 3879 1520 3949 γὰρ
1552 3879 1687 3941 ὅλως

103 3976 166 4031 τὸ
210 3976 415 4049 κρίνειν
466 3970 630 4044 εῖχεν,
672 3972 864 4041 ἄλογος
886 3967 1050 4025 οὖσα·
1095 3971 1454 4043 φιλαργυρίας
1487 3971 1543 4023 δὲ
1579 3970 1687 4023 τῶν

106 4069 295 4123 κακῶν
325 4066 423 4137 τῆς
454 4065 608 4137 ῥίζης
646 4067 740 4119 καὶ
771 4065 1091 4135 φιλοδοξίας,
1124 4064 1240 4117 οὐδὲ
1287 4066 1390 4127 ἕως
1418 4080 1687 4135 προσηγο-

107 4156 232 4230 ρίας
267 4154 573 4226 ἐμέμνητο·
602 4157 636 4224 ὴ
672 4153 781 4224 γὰρ
807 4153 1147 4225 φυλαργυρία
1174 4154 1325 4225 παρά
1359 4152 1685 4225 ἀνθρώποις,

103 4250 193 4303 διὰ
216 4248 318 4319 τὴν
343 4246 552 4319 χρείαν,
577 4243 644 4318 ἦς
672 4246 1011 4317 ἠλευθέρωτό
1051 4262 1117 4314 γε
1164 4246 1344 4316 εκείνη
1363 4263 1377 4276 ·
1408 4247 1503 4298 καὶ
1533 4248 1566 4314 η
1600 4263 1688 4315 φι-

103 4341 318 4406 λοδοξία
353 4338 613 4410 λογισμοῦ
663 4338 853 4402 πάθος,
893 4335 960 4411 ἦς
994 4337 1061 4395 οὐ
1097 4340 1367 4409 μετεῖχεν,
1404 4337 1687 4406 ἀλόγιστος

102 4429 257 4487 οὖσα·
287 4429 698 4502 γαστριμαργία
734 4446 790 4484 τε
826 4431 919 4483 καὶ
954 4430 1201 4501 πορνεία,
1247 4428 1341 4482 καὶ
1361 4429 1687 4499 ἀρῤενοφθο-

106 4526 199 4595 ρία
240 4526 375 4596 παρ’
403 4523 539 4593 αὐτῇ
576 4521 759 4595 χώραν
788 4521 893 4575 οὐκ
916 4516 1030 4591 εἶχε
1052 4537 1066 4551 ο
1103 4522 1199 4576 καὶ
1240 4520 1473 4583 συνόλως
1507 4522 1683 4575 πάντα

1788 3351 1965 3405 neque
1994 3336 2159 3391 homo
2189 3345 2330 3404 erat,
2380 3352 2554 3408 neque
2585 3338 2820 3408 gladius,
2852 3354 2956 3394 nec
2996 3339 3144 3394 aliud
3184 3354 3360 3412 genus

1789 3426 1881 3480 teli
1908 3434 2003 3481 aut
2031 3427 2382 3483 instrumenti
2416 3429 2485 3481 ad
2532 3429 2913 3496 occidendum,
2958 3430 3064 3485 nisi
3094 3446 3189 3500 per
3222 3445 3360 3486 con-

1785 3516 2125 3587 iunctionem
2154 3520 2559 3574 contrariorum
2584 3520 2882 3577 aediﬁcatus
2912 3531 3059 3576 esset
3083 3523 3358 3578 mundus?

1787 3609 2012 3666 Materia
2043 3612 2188 3666 enim
2220 3626 2317 3683 per
2344 3627 2403 3668 se
2423 3626 2486 3666 ac
2502 3614 2639 3677 sola,
2672 3628 2984 3683 quanquam
3008 3616 3118 3668 nati
3140 3631 3203 3673 ex
3241 3617 3360 3685 ipsa

1789 3699 2111 3756 seditionem
2151 3701 2209 3755 in
2262 3702 2475 3771 seipsos
2510 3702 2823 3766 movebant,
2852 3702 3204 3758 homicidium
3237 3706 3361 3774 qui-

1787 3792 1910 3847 dem
1943 3792 2260 3863 ignorabat;
2293 3808 2402 3847 non
2428 3794 2574 3847 enim
2607 3792 2840 3848 habebat
2862 3796 3171 3860 mortalem,
3194 3811 3361 3865 quem

1786 3884 2093 3952 occideret;
2142 3884 2470 3939 adulterium
2518 3884 2822 3951 nesciebat,
2854 3886 2984 3956 quia
3029 3888 3365 3956 sponsiones

1787 3975 2106 4045 nuptiarum
2154 3975 2299 4047 apud
2346 3989 2467 4029 eam
2512 3990 2624 4030 non
2658 3976 3058 4032 versabantur:
3093 3993 3192 4033 nec
3241 3986 3362 4035 erat

1788 4064 2086 4131 calumnia,
2117 4065 2343 4120 omnino
2370 4066 2517 4119 enim
2540 4066 2787 4135 judicare
2811 4082 2919 4121 non
2950 4078 3180 4139 poterat,
3212 4080 3361 4128 esset

1786 4169 1913 4210 cum
1956 4156 2189 4211 rationis
2233 4170 2449 4227 expers.
2487 4153 2771 4227 Cupiditas
2807 4164 2987 4213 autem
3020 4160 3357 4228 divitiarum,

1788 4262 1908 4316 quae
1941 4256 2024 4302 est
2058 4248 2303 4302 omnium
2335 4248 2605 4303 malorum
2640 4249 2817 4312 radix,
2862 4265 2929 4304 ne
2971 4252 3361 4310 nominabatur

1787 4340 2042 4410 quidem;
2078 4338 2351 4409 cupiditas
2397 4339 2543 4394 enim
2576 4338 2889 4393 divitiarum
2922 4342 3064 4410 apud
3110 4342 3359 4400 homines

1782 4442 1871 4493 est
1908 4439 2133 4503 propter
2178 4446 2337 4487 usum
2367 4438 2426 4487 et
2471 4434 2878 4498 necessitatem,
2913 4448 3018 4503 qua
3069 4445 3187 4490 erat
3220 4438 3360 4492 libe-

1786 4530 1905 4576 rata
1952 4521 2204 4578 materia.
2244 4520 2485 4576 Ambitio
2517 4537 2624 4576 non
2667 4525 3026 4593 participabat
3067 4529 3359 4597 perturba-

101 4617 171 4671 τά
210 4615 362 4672 κακὰ
398 4614 437 4671 θ.
483 4612 633 4685 παρά
664 4614 970 4686 ἀνθρώποις
1007 4611 1392 4681 ἀναφαίνεται,
1436 4612 1682 4683 οὐδαμῶς

1790 4615 1991 4671 tionem
2021 4614 2279 4682 rationis,
2313 4617 2442 4687 quia
2470 4625 2590 4673 erat
2618 4618 2672 4673 in
2711 4623 2939 4675 materia
2977 4626 3225 4680 vacuitas
3268 4640 3359 4678 ra-

104 4704 250 4778 εἶχεν
275 4709 313 4776 ἡ
341 4706 441 4775 ὕλη
466 4702 571 4776 πρὸ
601 4704 826 4773 κόσμου.

1787 4708 1956 4763 tionis
1996 4708 2175 4778 :guite
2202 4723 2269 4763 ac
2317 4712 2522 4766 ventris
2548 4712 2765 4777 vitium,
2817 4723 2873 4768 et
2917 4712 3226 4781 fornicatio,
3288 4732 3354 4772 ac

107 4799 481 4852 masculorum
512 4795 843 4850 concubitus
873 4795 1015 4867 apud
1045 4809 1163 4851 eam
1193 4796 1377 4851 locum
1419 4810 1530 4851 non
1567 4796 1882 4853 habebant:
1946 4808 2003 4855 et
2046 4810 2108 4857 ut
2171 4804 2489 4858 summatim
2532 4801 2753 4869 dicam,
2781 4807 2964 4861 otunia
3027 4807 3171 4862 mala
3235 4824 3358 4879 quae

104 4885 250 4955 apud
279 4887 534 4943 homines
565 4885 833 4949 feruntur,
882 4893 1009 4939 ante
1041 4883 1303 4940 mundum
1350 4885 1681 4941 aediﬁcatum
1719 4889 1947 4943 minime
1977 4888 2213 4945 habebat
2249 4892 2503 4946 materia.

175 4981 345 5036 ἀπε
380 4983 481 5036 οὐκ
521 4982 750 5051 ἑπεδέθη
770 4984 837 5053 τῇ
870 4981 1185 5052 συγκράσει,
1212 4979 1349 5035 ἀλλά
1378 4981 1688 5035 τούναντίον

106 5073 249 5130 κατά
268 5073 370 5143 τὴν
397 5074 624 5145 ἀνόητον
653 5072 823 5145 αὐτὴν
853 5073 1128 5136 ὑπόθεσιν,
1156 5072 1345 5143 ὥσπερ
1387 5072 1549 5135 ἵππος
1592 5089 1689 5127 πε-

103 5169 216 5221 δίου
253 5166 554 5238 λαὸομίνη,
583 5167 782 5221 διαθέει
814 5167 950 5241 πρὸς
992 5166 1093 5237 τὴν
1125 5166 1339 5220 ἀδικίαν
1366 5164 1475 5218 τῶν
1503 5165 1689 5220 κακῶν

107 5258 414 5331 φερομένη*
442 5257 479 5313 θ.
500 5259 608 5329 γὰρ
633 5257 892 5330 μηδαμῶς
916 5258 1127 5332 ὑπῆρχε
1154 5258 1261 5329 πρὸ
1291 5256 1493 5326 κόσμου
1519 5258 1685 5324 κακά,

104 5350 303 5411 ταῦτα,
332 5350 424 5417 ἀφ’
449 5342 511 5402 οὗ
540 5350 764 5422 κόσμος,
799 5350 859 5401 ὲν
886 5349 1074 5420 κόσμῳ
1099 5347 1528 5419 ἑμπολιτεύεται.
1562 5346 1683 5401 Κᾶν

104 5442 211 5513 γὰρ
235 5441 361 5512 θείη
384 5458 469 5505 τις
504 5443 643 5496 κατά
683 5442 775 5496 τὸν
814 5442 1023 5496 ἐκείνου
1064 5439 1241 5511 λόγον,
1267 5442 1553 5495 στασιάσαι
1588 5441 1682 5494 καὶ

108 5532 351 5607 μανῆναι
374 5531 495 5587 κατ’
513 5532 755 5603 ἀλλήλων
771 5533 899 5597 τοὺς
918 5531 1017 5603 τῆς
1038 5531 1190 5601 ὕλης,
1214 5535 1308 5585 καὶ
1335 5532 1502 5603 μυρία
1521 5531 1679 5605 ἀλλή-

104 5624 231 5689 λους
252 5623 517 5679 διαθεῖναι
528 5624 696 5688 κακὰ,
720 5624 817 5678 καὶ
843 5622 1095 5680 κατάτοῦ
1124 5624 1297 5693 φωτὸς
1325 5623 1681 5697 στρατεῦσαιο

103 5720 168 5772 οὐ
202 5718 389 5787 μέντοι
428 5716 521 5770 τὸν
562 5716 863 5784 κατάλογον
903 5716 1014 5771 τῶν
1058 5716 1551 5790 κατηριθμημένων
1583 5717 1679 5770 ἀν-

104 5809 396 5881 θρωπίνων
439 5809 622 5865 κακῶν
663 5808 891 5875 ἐκείνοις
939 5809 1177 5882 ὑπάρξαι
1212 5809 1676 5881 φαντασθήσεται·

1856 4985 2045 5055 ltaque
2074 4998 2187 5042 non
2228 4984 2334 5042 fuit
2375 4987 2543 5059 ligata
2590 4990 2990 5058 commistione,
3028 4996 3122 5049 sed
3171 4998 3354 5069 potius

1784 5086 1980 5131 contra
2030 5078 2423 5133 convenienter
2469 5078 2645 5135 eidem
2697 5096 2879 5138 causa
2935 5088 3157 5153 amenti,
3212 5089 3354 5146 sicut

1782 5182 1959 5240 equus
1985 5184 2239 5241 campum
2270 5179 2489 5235 nactus,
2526 5187 2694 5229 cursu
2724 5175 2895 5231 fertur
2918 5178 2985 5230 ad
3023 5178 3353 5248 injustitiam

1784 5262 2053 5317 malorum
2089 5262 2371 5318 hominum
2400 5284 2412 5317 :
2438 5280 2561 5336 quae
2611 5266 2756 5321 enim
2788 5278 2948 5324 erant
2994 5280 3121 5327 ante
3163 5275 3354 5330 mundi

1787 5349 2201 5408 fabricationem
2230 5355 2395 5419 mala,
2430 5372 2498 5412 ex
2529 5370 2639 5426 quo
2676 5358 2912 5413 mundus
2935 5369 3039 5426 est,
3069 5363 3123 5415 in
3150 5365 3355 5420 mundo

1786 5454 2097 5499 versantur.
2130 5444 2392 5511 Quamvis
2442 5448 2585 5501 enim
2629 5464 2919 5519 ponamus,
2973 5463 3030 5507 ut
3059 5453 3153 5507 ille
3194 5455 3348 5518 dicit,

1785 5540 1946 5590 natos
1986 5550 2055 5590 ex
2096 5537 2326 5591 materia
2357 5537 2553 5595 fecisse
2600 5539 2945 5608 seditionem,
2985 5552 3037 5597 et
3067 5542 3251 5599 furore
3292 5546 3349 5601 in

1783 5622 1997 5690 seipsos
2026 5621 2195 5677 fuisse
2223 5626 2480 5694 percitos,
2533 5634 2588 5682 et
2638 5628 2867 5685 inﬁnitis
2895 5632 3053 5686 malis
3086 5649 3144 5687 se
3182 5633 3347 5689 vicis-

1785 5714 1889 5769 sim
1917 5712 2188 5783 ail‘ecisse,
2206 5723 2266 5769 et
2292 5725 2485 5771 contra
2516 5718 2703 5777 lumen
2728 5724 3027 5778 exercitum
3053 5724 3309 5782 eduxisse
3332 5747 3345 5786 ;

1784 5822 1894 5863 non
1941 5815 2123 5865 tamen
2155 5809 2347 5867 bibens
2387 5827 2450 5868 ea
2486 5818 2626 5868 mala
2659 5830 2779 5887 qua:
2813 5817 2868 5873 in
2917 5817 3138 5874 homine
3169 5833 3351 5873 nume-
