4058 6330
715 344 855 404 “07

1850 348 1989 408 TITI
2024 346 2449 404 BOS'I'RENSIS
2481 344 2787 404 EPISCOPI

3822 337 3958 392 “ﬁ

712 458 933 516 virtutis
967 460 1035 515 ad
1081 475 1141 517 se
1179 461 1504 518 attrahentis
1537 478 1552 528 ;
1583 462 1753 533 liquet
1784 465 1959 522 solum
2007 463 2265 519 rationem

2377 464 2686 534 κειούμενος
2732 463 2803 518 τά
2856 461 3032 525 καλῶς
3086 478 3147 515 τε
3198 460 3291 514 καλ
3338 457 3414 520 ὥς
3459 454 3673 527 ἑτέρως
3722 457 3953 525 πραττό-

712 564 858 618 csse,
907 566 1026 622 quae
1072 558 1218 609 recte
1268 560 1324 608 et
1368 556 1539 623 prave
1580 553 1719 611 facta
1776 553 1881 609 sibi
1932 552 2169 609 vindicat
2222 563 2278 608 et

714 641 955 697 asciscit.

788 729 885 786 Hic
910 739 1164 787 versatur
1198 739 1252 789 et
1283 735 1518 790 vertitur
1552 737 1619 791 ad
1648 734 2043 793 occurrendum
2086 740 2276 789 contra

711 822 968 876 escussio
1026 838 1214 879 eorum
1262 839 1383 895 qua:
1435 826 1577 883 male
1614 843 1643 882 a
1695 825 1991 881 Ianichao
2048 826 2277 895 probata

714 919 843 966 sunt
899 928 913 964 :
959 929 1084 969 -non
1137 915 1321 978 enim.
1378 924 1439 971 ut
1488 926 1746 988 apparet,
1804 917 1975 972 ullum
2032 918 2276 972 materiae

713 1010 998 1071 peccatum
1032 1011 1115 1059 est
1143 1006 1199 1060 in
1232 1008 1437 1063 nostris
1468 1009 1796 1074 actionibus,
1827 1009 1924 1066 sed
1948 1008 2161 1072 anim.
2191 1009 2277 1065 vel

712 1094 885 1161 partis
924 1094 1088 1162 hujus
1132 1111 1253 1166 qua:
1293 1104 1378 1151 est
1406 1099 1635 1156 rationis
1664 1099 1957 1170 particeps,
1984 1114 2126 1169 quae,
2157 1097 2273 1153 Ia-

646 1232 653 1237 .
712 1182 925 1239 nichaeo
945 1193 1188 1251 auctore,
1219 1187 1285 1242 ad
1319 1198 1527 1258 partem
1549 1189 1643 1245 Dei
1674 1190 1927 1261 pertinet.

785 1271 862 1327 Ad
917 1273 1029 1328 brec
1079 1277 1125 1331 si
1174 1278 1467 1342 accideret,
1515 1288 1577 1333 ut
1628 1278 1683 1332 in
1724 1279 1791 1333 iis
1829 1278 1921 1349 qui
1958 1276 2274 1348 pudicitiam

712 1363 918 1428 colunt,
948 1373 1094 1422 esset
1124 1367 1371 1433 insitum,
1399 1385 1506 1427 non
1537 1370 1766 1425 excitari
1792 1369 1858 1425 ad
1885 1369 2271 1441 cupiditatem;

710 1464 897 1523 posset
930 1458 1135 1526 quisin
1167 1459 1457 1529 impudicis
1484 1460 1717 1517 liberare
1742 1464 2005 1518 rationem
2034 1476 2063 1515 a
2091 1462 2274 1515 crimi-

712 1546 896 1609 nibus,
926 1550 1082 1617 quasi
1108 1552 1382 1623 cupiditas
1414 1554 1679 1609 rationem
1710 1569 1777 1609 ex
1809 1561 1923 1609 toto
1954 1553 2022 1608 ab
2047 1552 2274 1607 actioni-

712 1636 817 1693 bus
863 1648 1154 1705 averteret,
1205 1659 1367 1713 quam
1421 1644 1773 1715 cupiditatem
1828 1645 1920 1701 ille
1970 1644 2103 1698 dicit
2151 1658 2273 1699 esse

711 1743 777 1781 ex
816 1738 968 1795 parte
1014 1732 1162 1787 mali.
1211 1730 1317 1789 Sed
1348 1735 1395 1787 si
1422 1735 1546 1805 quis
1576 1735 1808 1793 maxime
1848 1735 1991 1804 apud
2038 1748 2135 1788 eos
2176 1734 2269 1803 qui

2381 572 2538 625 μενα.

2444 732 2552 785 Καὶ
2583 728 2718 802 πρὸς
2764 727 3069 783 τούναντίον
3108 723 3340 780 ἐνταῦθα
3368 723 3539 793 χωρεῖ
3578 720 3700 774 τῶν
3740 719 3949 771 ἀποδει-

2374 827 2651 896 κνυμένων
2696 820 2776 892 τῷ
2825 820 3062 875 Μάνεντι
3120 817 3303 881 κακῶς
3352 818 3385 887 ἡ
3436 814 3700 881 ἐξέτασις
3730 826 3743 837 ·
3800 810 3949 862 οὐδὲν

2372 918 2481 989 γάρ
2507 916 2603 986 τῆς
2645 914 2796 985 ὕλης,
2828 913 2903 975 ὡς
2930 910 3127 973 ἑοικεν,
3163 911 3220 963 ἑν
3257 910 3368 971 τοῖς
3409 905 3532 961 καθ’
3577 904 3739 975 ἡμᾶς
3775 903 3951 971 ἀμάρ-

2371 1027 2542 1080 τημα,
2580 1005 2836 1075 ἀλλάτῆς
2870 1001 3050 1073 ψυχῆς
3092 1001 3126 1070 ἦ
3166 999 3258 1053 τοῦ
3290 999 3492 1070 ταύτης
3528 993 3882 1064 λογιστικοῦ.
3919 993 3947 1060 ἢ

2371 1104 2436 1172 τῇ
2468 1098 2560 1153 τοῦ
2592 1095 2796 1168 ἀγαθοῦ
2829 1095 2992 1167 μοίρᾳ
3017 1093 3255 1163 προσῆκε
3289 1091 3404 1162 μετ’
3436 1093 3673 1143 ἐκεῖνον.

2442 1274 2587 1346 Πρὸς
2624 1274 2682 1326 δὲ
2730 1271 2966 1334 τούτοις.
3020 1272 3067 1321 εί
3114 1270 3227 1329 τοῖς
3272 1266 3631 1336 σωφροσύνην
3685 1265 3949 1320 ἀσκοῦσιν

2373 1367 2626 1436 ἀκίνητον
2660 1362 2969 1417 συνέϐαινεν
2999 1358 3137 1415 εἶναι
3171 1360 3271 1431 τὴν
3309 1358 3421 1422 ἕξιν
3448 1358 3589 1426 πρὸς
3622 1357 3949 1426 ἐπιθυμίαν,

2371 1456 2679 1530 ἀπήλλαξεν
2708 1456 2774 1509 ἀν
2798 1472 2884 1519 τις
2910 1453 3061 1525 παρά
3089 1454 3199 1514 τοῖς
3229 1448 3687 1503 ἀκολασταίνωσι
3729 1448 3847 1501 τῶν
3873 1448 3953 1512 ἔγ-

2372 1548 2666 1619 κλημάτων
2696 1546 2788 1598 τὸν
2820 1545 3096 1613 λογισμὸν,
3141 1541 3217 1604 ὡς
3251 1543 3347 1610 τῆς
3394 1538 3703 1608 ἐπιθυμίας
3737 1538 3805 1591 τὺ
3836 1538 3951 1589 am

2370 1638 2784 1707 ἀποφερομένης
2824 1635 2933 1688 τῶν
2976 1631 3377 1705 πραττομένων,
3409 1632 3476 1699 ἣν
3520 1630 3591 1682 ἂν
3633 1631 3857 1692 ἐκεῖνα
3892 1631 3951 1682 ὲκ

2368 1732 2470 1800 τῆς
2501 1730 2593 1784 τοῦ
2624 1728 2792 1782 κακοῦ
2823 1728 3035 1798 μερίδος
3066 1726 3198 1795 φαίη
3224 1722 3525 1793 τυγχάνειν.
3560 1721 3626 1773 Ei
3659 1720 3727 1773 δέ
3759 1738 3825 1789 γε
3857 1721 3950 1791 μό-

713 1820 1027 1887 pudicitiam
1078 1826 1500 1892 amplectuntur,
1543 1827 1642 1879 hac
1680 1827 1765 1879 via
1806 1834 1860 1881 et
1906 1826 2116 1880 ratione
2149 1840 2265 1880 eam

2371 1822 2526 1874 λιστα
2570 1818 2721 1888 παρά
2749 1820 2860 1879 τοῖς
2894 1816 3236 1887 σωφροσύνης
3263 1812 3738 1880 ἀντιποιουμένοις
3784 1812 3948 1879 ταύτῃ

707 1911 890 1965 colere
922 1915 1177 1982 reperiat,
1212 1917 1357 1989 quod
1392 1917 1471 1971 illi
1511 1917 1839 1987 cupiditates
1874 1926 2081 1971 naturae
2105 1918 2271 1972 ratio-

708 2015 777 2055 ne
804 2000 1015 2057 frenant
1043 2012 1097 2058 et
1125 2006 1381 2063 cohibent
1418 2027 1431 2061 :
1466 2010 1751 2079 perspicue
1780 2011 2145 2075 concluditur,
2180 2024 2271 2062 ra-

708 2091 911 2146 tionem
955 2108 1077 2150 esse
1119 2112 1240 2166 qua
1281 2096 1550 2170 delinquit
1587 2108 1640 2153 et
1674 2100 1929 2154 virtutem
1964 2100 2115 2160 colit.
2148 2114 2269 2170 quae

708 2192 997 2254 utrumque
1028 2193 1082 2241 et
1103 2188 1353 2257 virtutem
1382 2198 1436 2244 et
1462 2190 1653 2244 vitium
1679 2193 1846 2246 novit.
1881 2190 2060 2256 Quare
2088 2199 2268 2246 autem

709 2273 871 2327 insita
907 2277 1065 2333 nobis
1098 2280 1167 2333 sit
1194 2288 1537 2349 peccatorum
1560 2281 1852 2351 cupiditas,
1879 2282 2124 2337 dicemus
2143 2296 2267 2337 cum

706 2364 813 2417 erit
850 2378 1234 2435 Opportunum.
1262 2369 1523 2427 docentes
1542 2411 1557 2437 ,
1599 2373 1875 2445 pertinere
1902 2374 2005 2427 hoc
2036 2388 2268 2427 maxime

706 2453 772 2508 ad
800 2454 1210 2514 admirationem
1241 2458 1533 2518 Creatoris.

2371 1913 2431 1966 τὸ
2450 1910 2742 1981 ἀσκητικὸν
2773 1908 2922 1979 εὖροι
2961 1924 3043 1969 τις
3070 1906 3155 1967 ἂν,
3184 1906 3266 1958 ὅτι
3312 1902 3556 1973 λογισμῷ
3598 1903 3707 1973 τῆς
3741 1901 3949 1969 φύσεως

2375 2002 2641 2057 κωλύουσι
2672 2000 2771 2063 τὰς
2818 1999 3108 2069 ἐπιθυμίας
3132 2015 3147 2029 ·
3196 1997 3380 2066 σαφῶς
3420 1995 3847 2058 ἀποδείκνυται,
3883 1996 3951 2055 ὡς

2372 2098 2401 2148 6
2432 2092 2688 2163 λογισμός
2722 2092 2870 2145 ἐστιν
2898 2092 2927 2143 6
2958 2088 3288 2161 πλημμελῶν
3326 2106 3383 2141 τε
3424 2086 3517 2141 καὶ
3559 2085 3882 2155 κατορθῶν,
3925 2086 3948 2136 6

2374 2187 2610 2257 ἑκάτερα
2638 2183 2813 2247 είδὼς,
2849 2184 3048 2253 ἀρετήν
3074 2198 3133 2233 τε
3164 2180 3258 2233 καὶ
3288 2178 3504 2231 κακίαν.
3535 2177 3642 2229 Διὰ
3677 2177 3739 2228 τί
3773 2175 3947 2247 μέντοι

2374 2280 2610 2350 ἔμφυτος
2646 2278 2775 2345 ἡμῖν
2816 2273 2925 2327 τῶν
2960 2271 3368 2343 ἁμαρτημάτων
3397 2273 3432 2340 ἡ
3465 2268 3768 2338 ἐπιθυμία,
3815 2268 3947 2319 κατά

2373 2370 2558 2440 καιρὸν
2602 2366 2852 2442 ἐροῦμεν,
2903 2362 3312 2424 ἀποδεικνύντες
3365 2378 3426 2429 γε
3485 2360 3650 2413 τοῦτο
3716 2358 3945 2430 μάλιστα

2379 2460 2663 2514 συντείνειν
2696 2461 2772 2519 είς
2799 2456 2980 2527 θαῦμα
3006 2454 3098 2509 τοῦ
3130 2455 3636 2526 δημιουργήσαντος

1645 2575 1775 2632 Car.
1817 2576 2053 2632 XXVIII.
2088 2576 2439 2646 Conﬁrmntio
2467 2574 2681 2644 hujusce
2710 2572 2989 2629 doctrina.

777 2682 931 2749 Quod
957 2696 1136 2746 autem
1172 2705 1317 2746 nunc
1341 2694 1623 2765 quaeritur,
1668 2694 1716 2748 si
1758 2710 1864 2750 non
1909 2694 2044 2750 satis
2077 2692 2266 2749 conl’e‘

707 2783 853 2829 ctum
888 2788 992 2841 est,
1019 2781 1169 2836 nullo
1202 2782 1362 2837 modo
1385 2791 1604 2855 peccata
1633 2794 1816 2841 nostra
1840 2801 1961 2841 esse
1988 2800 2125 2854 opus
2163 2787 2264 2838 ali-

708 2868 868 2935 cujus
906 2872 1147 2926 materia
1184 2882 1279 2927 aut
1318 2877 1593 2945 nequitiae,
1632 2877 1727 2931 sed
1760 2886 1951 2931 contra
1980 2877 2149 2931 solius
2180 2890 2268 2929 ra-

708 2961 919 3027 tionis;
955 2963 1081 3017 licet
1116 2964 1282 3018 etiam
1326 2968 1481 3021 aliter
1526 2968 1850 3023 conﬁrmare
1888 2968 2029 3037 quod
2060 2968 2265 3023 dictum

705 3059 808 3105 est.
847 3051 926 3104 An
959 3052 1105 3106 aliud
1128 3055 1257 3122 quid
1294 3056 1475 3111 dicere
1507 3065 1733 3125 possunt
1768 3072 1889 3111 esse
1917 3057 2266 3111 homicidium

706 3158 872 3211 quam
916 3145 1137 3209 malum,
1182 3154 1234 3200 et
1274 3150 1657 3202 scortationem
1711 3156 1873 3217 atque
1917 3148 2264 3212 adulterium,

706 3242 759 3288 et
802 3233 1027 3299 furtum,
1065 3243 1119 3291 et
1169 3238 1542 3293 mendacium?
1578 3238 1633 3293 Si
1679 3256 1784 3293 non
1824 3239 1968 3293 aliud
2016 3246 2266 3309 possunt,

705 3328 1056 3395 perspicuum
1103 3335 1188 3382 est
1240 3328 1383 3397 quod
1416 3330 1553 3380 mala
1594 3337 1774 3383 erunt.
1808 3328 1979 3395 Quid?
2019 3330 2065 3383 si
2100 3329 2267 3399 jutlex

705 3415 909 3472 occidit
949 3432 1072 3471 eum
1106 3418 1199 3487 qui
1251 3419 1504 3486 injuriam
1550 3418 1698 3481 fecit,
1734 3421 1911 3476 caedes
1947 3420 2110 3492 igitur
2155 3422 2268 3493 lege

710 3506 998 3560 sancitur?
1044 3506 1207 3578 Atqui
1251 3509 1391 3564 idem
1433 3510 1614 3572 ellicit,
1643 3512 1734 3581 qui
1772 3512 2006 3567 violente
2042 3512 2264 3576 occidit,

703 3605 758 3649 et
805 3596 896 3664 qui
942 3597 1056 3666 lege
1102 3616 1114 3651 :
1177 3599 1271 3653 sed
1309 3602 1640 3668 propositum
1692 3601 1978 3671 distinguit
2038 3601 2262 3656 factum.

704 3685 847 3750 Quin
882 3688 1063 3756 potius
1086 3689 1275 3743 eadem
1311 3698 1394 3745 est
1443 3693 1585 3745 actio
1611 3692 1750 3759 ejus,
1782 3693 1872 3761 qui
1904 3708 2027 3747 cum
2062 3708 2180 3755 sua,
2213 3699 2267 3747 et

705 3776 798 3843 qui
831 3791 955 3830 cum
989 3778 1164 3832 aliena
1189 3794 1246 3833 se
1269 3781 1502 3845 miscet;
1536 3782 1631 3835 sed
1658 3782 1993 3850 propositum
2027 3790 2263 3852 separat,

703 3882 825 3935 qua).
852 3868 1106 3923 similiter
1136 3869 1278 3923 facta
1310 3880 1455 3925 sunt.

773 3956 1036 4012 Praeterea
1066 3959 1234 4013 furari
1264 3975 1295 4013 a
1320 3960 1618 4017 Manicliazo
1639 3978 1761 4033 quae
1792 3971 1919 4018 sunt
1951 3962 2093 4033 apud
2116 3978 2261 4021 eum.

709 4048 794 4101 vel
846 4049 1227 4111 instrumenta,
1274 4051 1353 4104 vel
1400 4052 1573 4113 cibos,
1641 4067 1820 4106 annon
1860 4054 2075 4107 videtur
2124 4052 2266 4108 idem

703 4154 843 4209 Opus
884 4154 1007 4193 esse
1050 4148 1211 4208 atque
1251 4140 1453 4197 furtum
1486 4145 1838 4199 criminosum
1891 4144 2111 4200 facere?
2152 4162 2265 4201 non

704 4240 884 4284 tamen
944 4232 1156 4286 ratione
1199 4232 1342 4287 idem
1396 4243 1520 4300 est,
1576 4234 1671 4290 sed
1720 4235 1934 4305 penitus
1990 4236 2263 4291 differens.

704 4322 905 4376 Deinde
941 4323 985 4376 si
1024 4322 1211 4378 furens
1240 4324 1400 4378 homo
1428 4325 1679 4392 gladium
1712 4334 1941 4395 repetat,
1974 4341 2134 4395 quem
2170 4325 2263 4379 de-

2442 2691 2515 2743 Τὸ
2550 2690 2644 2744 νῦν
2680 2690 2735 2743 δὲ
2769 2689 3094 2759 ζητούμενον
3133 2686 3247 2755 εἴγε
3292 2686 3365 2757 μὴ
3405 2685 3706 2755 αὐτάρκως
3754 2686 3947 2741 ἀποδέ-

2369 2784 2597 2845 δεικται,
2624 2781 2700 2843 ὡς
2727 2780 2977 2849 οὐδαμῶς
3015 2778 3146 2849 ὕλης
3172 2776 3313 2839 τινὸς
3354 2776 3387 2844 ἢ
3436 2776 3639 2836 κακίας
3682 2776 3842 2827 ἐστὶν
3866 2773 3948 2844 ἐρ-

2370 2890 2465 2942 γον
2494 2872 2562 2926 τὰ
2592 2871 2837 2942 ἡμέτερα
2885 2869 3343 2940 πλημμελήματα,
3386 2866 3701 2920 τούναντίον
3758 2866 3818 2919 δὲ
3867 2866 3946 2935 μό-

2373 2981 2463 3019 νου
2502 2962 2598 3017 τοῦ
2629 2960 2917 3032 λογισμοῦ·
2956 2962 3131 3015 ἔνεστι
3164 2959 3271 3029 γὰρ
3315 2960 3409 3011 καὶ
3447 2958 3651 3027 ἑτέρως
3682 2958 3945 3027 συστῆναι

2372 3052 2449 3125 τῷ
2480 3052 2752 3123 λεγομένῳ
2777 3069 2791 3081 θ
2823 3047 2932 3122 ἆρα
2968 3052 3040 3121 μή
3069 3067 3122 3103 τι
3153 3048 3279 3104 ἀλλο
3315 3050 3543 3119 φήσαιεν
3589 3043 3736 3099 εἶναι
3769 3046 3943 3113 φόνον,

2371 3145 2404 3215 ἢ
2450 3145 2638 3208 κακὸν,
2690 3143 2945 3215 πορνείαν
2977 3158 3034 3195 τε
3076 3141 3169 3195 καὶ
3210 3140 3472 3211 μοιχείαν,
3509 3138 3723 3208 κλοπήν
3768 3155 3830 3191 τε
3859 3138 3944 3191 καὶ

2365 3235 2557 3304 ψεῦδος
2588 3252 2603 3299 ;
2638 3235 2825 3304 Δῆλον,
2874 3233 2947 3296 ὡς
2996 3232 3149 3284 ἔσται
3204 3232 3434 3302 μάλιστα
3469 3229 3662 3283 κακία.
3706 3228 3780 3281 Τί
3824 3225 3941 3292 adv;

2367 3329 2461 3381 ὲάν
2494 3330 2523 3380 6
2544 3325 2801 3395 δικαστὴς
2826 3326 3021 3395 ἀναιρῇ
3068 3324 3158 3376 τὸν
3196 3324 3489 3393 ὴδιηκότα
3519 3322 3822 3391 φονεύσας,
3856 3322 3941 3391 φό-

2367 3436 2457 3481 νος
2486 3414 2595 3489 ἆρα
2622 3415 2937 3486 νομισθείσης
2967 3414 3142 3467 καίτοι
3172 3415 3232 3467 τὸ
3262 3414 3418 3484 ἔργον
3444 3413 3643 3465 ταύτὸν
3677 3413 3765 3463 τῖ’
3812 3414 3940 3483 πρὸς

2369 3507 2488 3578 βίαν
2520 3506 2852 3575 φονεύοντος,
2901 3505 2995 3556 καί
3042 3502 3137 3555 τοῦ
3175 3504 3323 3573 νόμῳ
3369 3500 3721 3571 ἀναιροῧπος
3746 3518 3761 3531 ·
3816 3502 3847 3551 6
3889 3501 3938 3553 δὲ

2368 3598 2568 3660 σκοπὸς
2599 3597 2832 3666 διίστησι
2867 3596 2927 3648 τὸ
2965 3594 3358 3666 πραττόμενον.
3406 3591 3571 3643 Ἄλλο,
3608 3593 3708 3643 καὶ
3757 3591 3866 3661 μὴν
3908 3594 3935 3659 ἡ

2366 3689 2504 3759 αὑτὴ
2535 3688 2732 3759 πρᾶξις
2760 3688 2897 3757 πρὸς
2924 3689 3021 3759 τὴν
3053 3687 3188 3739 ἰδίαν
3215 3702 3272 3737 τε
3303 3684 3394 3735 καὶ
3427 3683 3716 3759 ἀλλοτρίαν
3746 3682 3830 3751 τῷ
3851 3683 3936 3736 ἀν-

2365 3777 2452 3849 δρὶ
2474 3780 2571 3847 τῆς
2604 3777 2886 3838 κοινωνίας
2906 3793 2918 3806 ·
2956 3779 2986 3828 6
3016 3774 3073 3827 δὲ
3100 3772 3354 3842 λογισμὸς
3385 3762 3613 3840 χωρίζει
3632 3768 3709 3838 τῷ
3751 3767 3932 3839 σκοπῷ

2365 3869 2434 3921 τὰ
2463 3869 2853 3940 παραπλησίως
2879 3868 3153 3936 γινόμενα.

2441 3962 2558 4013 Ἔτι
2592 3962 2700 4032 μὴν
2731 3961 2792 4013 τὸ
2822 3960 3015 4028 κλέψαι
3059 3958 3209 4029 παρὰ
3243 3958 3337 4011 τοῦ
3385 3959 3661 4024 Μάνεντος
3692 3961 3767 4014 τὰ
3800 3962 3927 4032 πρὸς

2366 4052 2655 4123 ἐπιϐουλὴν
2699 4054 2848 4123 αὐτῴ
2900 4054 3361 4124 παρακείμενα,ἢ
3412 4055 3693 4125 ἐργαλεῖα,
3724 4058 3759 4127 ἢ
3806 4057 3923 4125 θψα,

2366 4145 2484 4208 πῶς
2515 4146 2612 4198 οὐκ
2644 4144 2710 4197 ἂν
2758 4143 2925 4208 δόξειε
2968 4144 3160 4197 ταύτόν
3203 4160 3267 4211 γε
3291 4140 3425 4198 εἶναι
3454 4146 3517 4197 τδ
3558 4147 3722 4216 ἔργον
3756 4148 3920 4219 κλοπ-ῃ

2363 4241 2432 4309 τῇ
2472 4236 2903 4306 διαϐεϐλημένῃ;
2955 4233 3015 4286 οὐ
3071 4236 3251 4304 μέντοι
3300 4235 3492 4289 ταύτὸν
3537 4237 3619 4307 τῷ
3648 4237 3919 4310 λογισμῷ,

2365 4328 2501 4385 ἀλλὰ
2540 4329 2713 4399 πάντη
2764 4327 3037 4397 διάφορον.
3069 4325 3212 4396 Πρὸς
3242 4326 3300 4379 δὲ
3339 4328 3545 4391 τούτοις
3578 4331 3629 4382 εἱ
3671 4330 3919 4401 ἀπαιτοίη

701 4415 881 4480 posuit
916 4430 1061 4469 sanae
1085 4416 1285 4470 mentis
1318 4429 1441 4469 cum
1466 4426 1633 4477 esset,
1662 4427 1719 4470 ut
1753 4433 1973 4474 necesse
2000 4419 2071 4473 sit
2099 4417 2146 4473 ci
2174 4417 2261 4472 cui

2370 4422 2557 4491 μανεὶς
2600 4420 2886 4489 ἄνθρωπος
2915 4420 3097 4486 ξίφος,
3132 4420 3268 4490 ὅπερ
3309 4420 3571 4492 παρέθετο
3600 4424 3821 4495 νήφων,
3852 4427 3918 4489 ὡς

699 4507 1053 4561 commissum
1096 4515 1175 4560 est
1222 4506 1526 4577 depositum
1581 4510 1796 4563 mentiri
1841 4525 1945 4562 non
1998 4524 2057 4563 se
2102 4522 2259 4562 acce-

700 4596 867 4663 pisse.
897 4597 1025 4665 quid
1064 4597 1242 4652 verbis
1283 4596 1460 4651 dilfert
1494 4599 1833 4653 mendacium
1866 4615 1895 4651 ιι
1942 4614 2067 4653 vera
2097 4598 2252 4667 perli-

698 4687 810 4751 dia,
842 4689 946 4743 nisi
972 4692 1250 4760 proposito
1285 4695 1710 4748 asseverantium
1741 4691 2171 4747 discernantur?

770 4866 841 4923 Es
875 4870 957 4925 his
988 4870 1153 4941 igitur
1187 4880 1333 4943 patet
1379 4878 1648 4931 actionem
1702 4886 1762 4930 ut
1809 4876 2101 4946 plurimum
2152 4890 2257 4929 non

699 4973 794 5031 per
850 4976 909 5015 se
962 4964 1272 5032 explorari,
1316 4967 1411 5021 sed
1448 4978 1683 5023 mentem
1734 4969 1817 5021 vel
1874 4968 2259 5038 cogitationem

694 5046 815 5110 ejus
848 5049 939 5122 qui
967 5052 1229 5120 suscepit.
1261 5051 1460 5109 Eadem
1494 5057 1636 5110 ratio
1666 5056 1719 5109 in
1761 5057 2057 5111 contrariis
2103 5070 2259 5125 repe-

696 5137 791 5189 riri
830 5149 1025 5205 potest.
1078 5140 1135 5197 Si
1179 5144 1303 5215 quis
1327 5147 1471 5200 enim
1508 5148 1790 5217 pecuniam
1813 5148 1898 5203 vel
1940 5148 2257 5203 alimentum

696 5228 968 5298 impertiat
997 5236 1198 5303 egenti,
1231 5254 1342 5295 non
1374 5250 1433 5294 ut
1466 5240 1540 5294 illi
1575 5240 1805 5308 benigne
1843 5238 2024 5303 faciat,
2067 5238 2162 5296 sed
2202 5248 2261 5294 ut

693 5319 909 5374 laudem
940 5338 1127 5379 eorum
1149 5328 1243 5410 qui
1264 5327 1446 5385 vident
1479 5337 1817 5398 aucupetur;
1849 5344 2030 5384 nonne
2050 5330 2261 5399 perspi-

692 5427 855 5465 cuum
892 5425 974 5468 est
1008 5414 1209 5471 factum
1241 5421 1460 5489 quidem
1489 5436 1612 5476 esse
1633 5422 2059 5491 pulcherrimum
2088 5430 2143 5478 et
2164 5424 2252 5479 be-

692 5502 939 5571 nignum,
964 5510 1299 5577 propositum
1334 5519 1510 5567 tamen
1537 5513 1695 5569 valde
1745 5513 1949 5568 humile
1996 5523 2049 5569 et
2077 5516 2258 5569 crimi-

695 5597 929 5651 nosum?
959 5597 1014 5651 Si
1048 5601 1173 5668 quis
1214 5603 1421 5671 prolixe
1443 5614 1690 5672 precetur
1727 5613 1779 5658 et
1828 5604 2141 5675 frequenter
2175 5606 2259 5674 je-

693 5686 867 5757 junct,
900 5690 1208 5766 religionem
1254 5704 1305 5751 et
1354 5698 1694 5759 tolerantiam
1731 5700 2043 5756 hominibus
2075 5706 2255 5756 osten-

2366 4514 2658 4579 ἀναγκαῖον
2684 4508 2919 4579 εἶναιτῷ
2948 4509 3327 4581 ὑποδεξαμένῳ
3352 4511 3654 4581 ψεύσασθαι
3682 4516 3757 4587 μὴ
3788 4516 3917 4587 εἰλη-

2365 4602 2519 4670 φέναι
2539 4618 2553 4631 ο
2596 4601 2739 4654 κατά
2791 4601 2844 4652 τί
2873 4599 2939 4653 ἂν
2974 4601 3218 4671 διαφέροι
3245 4603 3358 4664 τοῖς
3389 4604 3593 4673 ῥήμασι
3641 4605 3704 4657 τὸ
3735 4605 3916 4673 ψεῦδος

2364 4693 2500 4762 πρὸς
2531 4693 2630 4763 τὴν
2660 4692 2828 4753 ὅντως
2857 4691 3268 4761 ἀγνωμοσύνην,
3292 4695 3341 4745 εί
3375 4692 3450 4763 μὴ
3474 4693 3554 4765 τῷ
3590 4695 3783 4766 σκοπιῇ
3809 4698 3913 4751 δια-

2364 4787 2600 4857 κρίνοιτο
2626 4785 2734 4837 τῶν
2759 4783 3181 4854 ίσχυριζομὲνων
3205 4802 3220 4846 ;

2434 4877 2600 4947 Δῆλον
2628 4874 2913 4945 τοιγαροῦν
2947 4876 3013 4929 ὲκ
3041 4876 3244 4929 τούτων
3261 4917 3276 4941 ,
3305 4877 3381 4940 ὡς
3405 4878 3525 4949 ουδὲ
3563 4882 3596 4949 ὴ
3630 4882 3824 4951 πρᾶξις
3847 4884 3911 4946 ὡς

2362 4970 2454 5022 ἐπὶ
2482 4969 2617 5022 πολὺ
2656 4967 2777 5020 καθ’
2825 4966 3021 5037 ἑαυτὴν
3067 4966 3452 5037 δοκιμάζεται,
3491 4969 3605 5023 ἀλλ’
3644 4972 3678 5043 ἠ
3721 4971 3910 5026 διάνοια

2363 5061 2457 5114 καὶ
2480 5062 2508 5113 6
2534 5057 2791 5127 λογισμὸς
2826 5055 2921 5109 τοῦ
2950 5057 3221 5127 μετιόντος
3240 5075 3253 5088 ·
3293 5057 3444 5128 εὖροι
3474 5058 3582 5131 γὰρ
3608 5059 3679 5114 ἄν
3711 5077 3796 5125 τις
3832 5065 3910 5115 καὶ

2362 5154 2420 5205 ὲν
2444 5153 2557 5213 τοῖς
2592 5148 2851 5210 ἐναντίοις
2883 5147 2975 5201 τὸν
3014 5148 3174 5202 αὐτὸν
3216 5149 3391 5215 λόγον.
3441 5150 3501 5205 El
3524 5150 3636 5222 γὰρ
3668 5154 3905 5223 μεταδοίη

2358 5260 2442 5304 τις
2478 5240 2774 5313 χρημάτων
2815 5237 2848 5308 ἢ
2894 5239 3097 5309 τροφῆς
3138 5239 3217 5310 τῷ
3254 5242 3555 5312 πενομένῳ,
3578 5243 3681 5297 οὐκ
3723 5246 3906 5298 ἐκεῖνον

2362 5332 2954 5404 φιλανθρωπευόμενος,
2980 5333 3070 5385 τὸν
3094 5333 3149 5385 δὲ
3182 5334 3334 5405 παρά
3355 5336 3463 5388 τῶν
3499 5334 3754 5408 ὁρώντων
3771 5338 3903 5390 ἔπαι-

2360 5442 2451 5479 νον
2481 5422 2795 5495 θηρώμενος
2819 5440 2831 5451 ·
2862 5422 2979 5486 πῶς
3002 5424 3065 5476 o6
3097 5424 3274 5492 δῆλον,
3298 5425 3374 5488 ὡς
3396 5426 3459 5478 τὸ
3479 5425 3581 5495 μὲν
3607 5426 3767 5499 ἔργον
3794 5424 3901 5479 ιάλο

2361 5519 2539 5571 λιστον
2571 5519 2664 5569 καὶ
2704 5514 3101 5586 φιλάνθρωπον,
3139 5519 3168 5569 6
3197 5514 3255 5569 δδ
3287 5517 3486 5578 σκοπὸς
3526 5515 3646 5571 λίαν
3674 5514 3895 5576 ταπεινὸς

2361 5612 2453 5664 καὶ
2484 5608 2937 5679 διαϐεϐλημένοςς
2981 5609 3042 5661 El
3074 5608 3134 5661 δέ
3168 5625 3251 5671 τις
3290 5611 3383 5662 καὶ
3427 5610 3777 5679 προσεύχοιτο
3806 5624 3891 5676 μσ-

2365 5699 2488 5769 κρά,
2525 5699 2615 5757 καὶ
2650 5697 2894 5768 mars-39'.
2927 5701 3123 5763 πυκνὰ,
3160 5699 3462 5769 ἀνθρώποις
3500 5698 3777 5753 εὐλάϐειαν
3804 5697 3895 5768 ἀρα
