4058 6330
266 460 411 516 “09

1365 462 1736 522 ADVERSUS
1777 462 2198 521 MANICHAZOS
2236 460 2365 518 LIB.
2408 460 2449 516 1.

3381 453 3516 507 “10

264 576 364 628 καὶ
405 576 699 648 καρτερίαν
742 576 1208 647 ἐπιδεικνύμενος·
1257 575 1499 650 εὕδηλον,
1542 581 1617 645 ὡς
1649 584 1707 636 οὕ
1752 583 1841 638 διὰ

1952 590 2084 650 laus,
2116 582 2287 651 liquet
2320 593 2429 633 non
2464 592 2587 631 esse
2618 583 2838 646 propter
2868 588 3008 642 opus
3044 569 3395 630 laudandum,
3425 567 3518 622 sed

262 667 333 719 τὸ
358 667 519 739 ἔργον
545 669 609 723 ἂν
633 670 858 731 εἰκότως
885 670 1217 741 ἐπαινεθείη,
1251 670 1341 725 διὰ
1365 672 1421 725 δὲ
1456 672 1547 725 τὸν
1582 674 1705 727 νοῦν
1730 675 1839 727 τῶν

265 762 661 833 πραττομένων
708 762 957 833 ψεχθείη.
1002 763 1077 815 Οὐ
1117 762 1222 833 μὴν
1265 763 1379 817 ἀλλ’
1433 766 1485 817 εί
1536 784 1618 828 τις
1656 768 1840 835 ἕτερος

267 853 600 923 σωφρονοίη,
623 852 845 906 καὶτῶν
866 871 929 922 γε
959 854 1215 911 πλειόνων
1238 856 1540 928 ἐπιθυμιῶν
1565 859 1838 929 ἀπέχοιτο,

262 945 337 997 οὐ
392 941 544 1014 πόθῳ
601 944 701 1014 τῆς
751 945 951 1015 ἀρετῆς
980 989 994 1011 ,
1045 947 1304 1017 φειδοῖδέ
1361 949 1686 1019 χρημάτωνο
1741 951 1842 1003 οὑκ

261 1034 512 1107 εὔδηλον.
543 1036 619 1099 ὼς
639 1037 668 1088 ὁ
694 1037 933 1101 τοιοῦτος
954 1038 1041 1091 διὰ
1066 1040 1235 1104 πάθος
1262 1040 1449 1095 παθῶν
1475 1041 1675 1113 ἐτέρων
1707 1059 1842 1113 κρα-

264 1130 377 1191 τεῖ,
401 1127 571 1197 αὐτὴν
595 1126 659 1197 δὴ
685 1128 784 1199 τὴν
816 1130 958 1183 κατὰ
982 1132 1043 1183 τὸ
1066 1131 1383 1203 φαινόμενον
1403 1134 1700 1206 καρτερίαν
1722 1134 1842 1187 ἀντὶ

262 1217 470 1282 κακίας
494 1217 571 1289 τῷ
593 1218 779 1289 σκοπῷ
808 1211 1200 1293 μετερχόμενος
1221 1240 1235 1289 ;

342 1387 404 1441 Ei
422 1388 603 1443 τοίνυν
628 1390 885 1457 πολλάκις
909 1393 1001 1447 καὶ
1024 1395 1093 1448 τά
1114 1396 1444 1467 νομιζόμενα
1460 1398 1607 1451 κακά
1634 1400 1698 1466 τῇ
1726 1398 1841 1450 δια-

261 1479 389 1551 νοίᾳ
402 1479 496 1533 τοῦ
514 1482 843 1553 πράττοντος
872 1486 1053 1554 ἀγαθά
1068 1487 1446 1557 ἀναφαίνεται,
1465 1490 1498 1559 ἢ
1523 1489 1654 1560 μηδὲ
1674 1489 1839 1556 κακὰ,

262 1572 366 1623 καὶ
383 1572 690 1627 τούναντίον
710 1575 781 1628 τά
799 1576 892 1628 ἐπὶ
906 1577 968 1629 τὸ
989 1576 1196 1645 βέλτιον
1213 1578 1591 1650 ὕπειλημμένα
1605 1580 1681 1643 ὡς
1699 1581 1843 1633 κακὰ

258 1660 601 1731 διελέγχεται
626 1669 690 1737 τῇ
720 1667 928 1736 αἱρέσει
956 1670 1051 1721 καὶ
1083 1668 1161 1738 τῷ
1200 1669 1387 1740 σκοπῷ
1412 1670 1506 1722 τοῦ
1537 1672 1838 1740 μετιόντος·

263 1752 355 1817 τίς
384 1754 450 1807 ἂν
484 1754 563 1808 ἔτι
592 1756 776 1811 λοιπὸν
801 1759 1105 1829 ἀντιλέγειν
1139 1760 1274 1829 ἔχοι,
1298 1761 1373 1825 ὡς
1406 1761 1502 1831 οὐχ
1532 1764 1587 1815 αἱ
1618 1762 1844 1833 πράξεις

262 1844 348 1907 ὡς
385 1846 478 1900 ἐπὶ
504 1848 638 1902 πολὺ
670 1850 823 1922 παρά
849 1868 910 1918 γε
937 1854 1001 1922 τῇ
1029 1852 1256 1925 ἀληθείᾳ
1296 1852 1701 1922 δοκιμάζονται,
1733 1856 1760 1907 ὁ
1787 1854 1845 1906 δὲ

261 1934 395 2001 νοῦς
419 1940 535 1991 ἐστι
562 1940 671 1994 τῶν
700 1943 1087 2014 πραττομένων
1118 1946 1146 1997 ὁ
1173 1944 1627 2015 βασανιζόμενος;

340 2115 475 2168 Ποῖα
493 2116 671 2170 τοίνυν
700 2118 835 2191 ’ργα
858 2122 924 2192 τῇ
946 2123 1114 2192 κακία
1143 2121 1504 2193 λογιούμεθας
1538 2122 1604 2175 τὰ
1628 2121 1844 2176 δοκοῦν-

262 2224 340 2261 τα
367 2205 503 2264 εἶναι
536 2212 700 2276 κακὰ,
733 2214 877 2284 ἅπερ
905 2216 1051 2269 ἐστὶν
1084 2217 1385 2284 ἀγαθά,ὃτε
1415 2217 1616 2288 ἀρετῆς
1643 2215 1847 2287 διανοίᾳ

263 2301 604 2371 πράττεταις
638 2307 771 2359 Ποῖα
808 2308 863 2359 δὲ
893 2307 971 2378 τῷ
994 2308 1183 2380 ἁγαθῴ
1214 2309 1588 2380 ἀναθήσομεν;
1622 2308 1691 2360 τὰ
1717 2324 1841 2375 φαιο

262 2391 470 2462 νόμενα
497 2396 696 2463 ἀγαθὰ.
736 2397 878 2468 ἅπερ
918 2398 1160 2470 λογισμῷ
1188 2398 1333 2452 κακὰ
1369 2400 1608 2466 γίνεται;
1637 2397 1844 2451 Οὐκοῦν

261 2483 561 2555 ἀποτόμως
590 2488 844 2559 οὐδέτερα
870 2489 1158 2560 οὐδετέρῳ·
1180 2490 1341 2559 μόνον
1370 2489 1427 2541 δὲ
1450 2489 1513 2542 τὸ
1539 2488 1844 2556 λογιστικὸν

262 2576 367 2627 καὶ
396 2578 867 2648 ἡγεμονικώτατον
902 2580 996 2633 τοῦ
1028 2580 1119 2633 νοῦ
1151 2580 1245 2633 τοῦ
1273 2580 1601 2651 πράττοντος
1639 2579 1845 2650 διακρι-

264 2666 489 2737 νοῦμεν,
525 2669 752 2741 πότερον
782 2671 956 2742 ὀρθῶς
1005 2672 1267 2743 μετῆλθεν
1309 2674 1342 2745 ἦ
1391 2673 1463 2744 μὴ
1506 2672 1567 2726 τὸ
1609 2672 1845 2743 πραττό-

264 2775 463 2826 μενον·
492 2761 553 2813 τὸ
575 2762 631 2814 δὲ
654 2763 1128 2834 ἡγεμονικώτατον
1156 2766 1257 2835 τῆς
1286 2764 1380 2818 τοῦ
1415 2764 1703 2836 ἀνθρώπου
1731 2764 1843 2817 δια-

261 2852 443 2915 νοίας.
461 2854 543 2907 ὅτι
564 2857 877 2911 παντάπασι
910 2862 1152 2929 προσῆκε
1182 2859 1323 2913 κατά
1346 2859 1437 2911 τὸν
1462 2858 1669 2912 ἐκείνου
1690 2857 1845 2924 λόγον

258 2943 350 3014 τῷ
378 2946 602 3014 βελτίονι
630 2949 788 3020 μέρει
807 2951 907 3020 τῆς
932 2951 1129 3021 ψυχῆς,
1147 2952 1252 3005 κᾶν
1286 2951 1546 3022 μυριάκις
1572 2950 1846 3022 μαίνοιντο

260 3040 317 3091 oi
352 3041 415 3091 ἐκ
440 3039 535 3092 τοῦ
564 3042 859 3107 Μάνεντος,
889 3045 989 3097 οὐκ
1021 3044 1087 3097 ἂν
1116 3045 1419 3116 ἀρνηθεῖεν.

347 3126 563 3186 Ἂδικον
591 3130 877 3202 τοιγαροῦν
908 3131 1186 3194 παντελῶς
1210 3131 1390 3203 κρίσιν
1420 3130 1560 3185 κατά
1589 3132 1687 3202 τῆς
1715 3135 1844 3203 παρ’

264 3216 436 3271 αὐτοῦ
465 3220 839 3290 πεποιημένης
870 3221 1002 3292 ὕλης
1035 3222 1346 3292 ἐξενήνοχεν
1392 3223 1422 3274 ὁ
1450 3221 1661 3291 Μάνης,
1700 3223 1845 3275 ἀντι-

265 3309 443 3374 θεὶςά
479 3312 741 3383 μηδαμῶς
775 3315 911 3384 αὐτῇ
949 3313 1246 3385 προσῆκεν,
1284 3315 1399 3383 εἴγε
1433 3315 1526 3367 καὶ
1553 3314 1847 3384 ἐτύγχανεν

261 3394 407 3455 οὖσα
457 3403 565 3455 τῶν
642 3406 792 3474 παρά
863 3405 1172 3476 ἀνθρώποις
1225 3406 1613 3476 πραττομένων
1662 3406 1807 3459 αἰτία
1833 3424 1848 3436 θ

262 3493 580 3547 τούναντίον
604 3495 658 3548 δὲ
685 3497 885 3566 μᾶλλον
905 3498 1003 3567 τῆς
1024 3496 1119 3549 τοῦ
1140 3498 1345 3566 ἀγαθοῦ
1374 3498 1589 3568 μερίδος
1614 3498 1849 3565 εὐλόγως

263 3582 343 3638 ἂν
370 3586 681 3657 νομισθείη,
716 3587 828 3656 εἴγε
876 3588 1131 3652 ἐναντίως
1179 3588 1272 3641 δύο
1309 3588 1453 3652 τινές
1504 3590 1640 3642 εἰσιν
1685 3588 1849 3659 ἀρχαὶ

267 3674 419 3730 κατὰ
440 3678 537 3748 τὴν
563 3680 771 3732 ἐκείνου
798 3680 1015 3749 μανίαν.

1947 683 2168 746 propter
2192 680 2429 728 mentem
2461 683 2628 739 quam
2652 668 2705 722 in
2737 670 2802 721 iis
2826 681 2946 736 quae
2980 664 3111 720 fecit
3159 659 3349 715 habuit
3379 660 3515 711 vitu-

1942 765 2264 835 perandum.
2310 759 2624 828 Quinetiam
2671 760 2715 813 si
2759 758 2883 828 quis
2915 757 3054 809 alius
3085 765 3396 814 temperans
3426 749 3518 807 sit,

1941 872 1997 913 et
2037 873 2067 911 a
2114 855 2303 911 multis
2332 850 2730 918 cupiditatibus
2793 849 3061 904 abstineat
3093 860 3202 899 non
3245 839 3521 896 desiderio

1942 949 2181 1016 virtutis,
2213 949 2310 1003 sed
2341 954 2401 1001 ut
2436 943 2679 1015 pecuniae
2708 952 2916 1010 parcat.
2969 954 3149 992 annon
3181 936 3315 992 satis
3344 931 3522 987 mani-

1943 1040 2143 1096 festum
2176 1049 2260 1095 est
2302 1039 2450 1093 hunc
2478 1036 2573 1106 qui
2614 1034 2694 1090 sic
2733 1038 2838 1096 est,
2865 1029 3149 1084 affectione
3204 1026 3521 1082 allectiones

1944 1132 2078 1186 alias
2104 1131 2358 1193 vincere,
2411 1130 2585 1198 ipsam
2638 1140 2768 1179 vero
2804 1120 3148 1179 tolerantiam
3200 1118 3379 1189 specie
3425 1130 3522 1170 exs

1944 1226 2216 1279 trinsecus
2251 1228 2548 1293 apparente
2577 1230 2677 1289 pro
2708 1215 2950 1287 nequitia
2998 1212 3183 1267 animo
3228 1216 3281 1264 et
3317 1221 3519 1279 propo-

1944 1319 2050 1373 sito
2081 1315 2394 1385 suscipere?
2662 1312 2671 1318 ⁴

2014 1408 2070 1464 Si
2103 1410 2265 1478 igitur
2297 1422 2440 1475 saepe
2463 1421 2584 1475 quae
2614 1419 2779 1473 prava
2807 1401 3212 1461 existimantur,
3243 1413 3309 1452 ex
3339 1395 3522 1449 animo

1945 1500 2197 1556 facientis
2224 1499 2456 1553 honesta
2486 1511 2608 1551 esse
2640 1502 2931 1565 apparent;
2962 1492 3045 1546 vel
3068 1505 3189 1561 qua!
3214 1502 3322 1542 non
3354 1498 3521 1557 prava

1942 1592 2349 1652 existimantur,
2383 1588 2479 1644 sed
2533 1595 2728 1642 contra
2762 1586 2945 1656 potius
2997 1584 3227 1637 honesta
3278 1587 3333 1634 et
3378 1578 3521 1631 bona

1944 1690 2227 1754 putantur,
2272 1682 2559 1736 voluntate
2588 1686 2643 1734 et
2672 1677 2957 1747 proposito
2993 1671 3351 1743 suscipientis
3383 1684 3523 1722 con-

1944 1776 2238 1830 vincuntur
2270 1773 2549 1844 nequitiaa,
2582 1770 2709 1840 quis
2751 1770 2865 1839 jam
2894 1774 3074 1838 potest
3106 1761 3481 1822 contradicere
3506 1797 3521 1821 ,

1943 1882 2010 1922 ex
2042 1882 2234 1937 magna
2271 1872 2424 1935 parte
2452 1864 2699 1917 actiones
2744 1876 2853 1916 non
2907 1859 3049 1930 apud
3103 1856 3386 1912 veritatem
3436 1867 3525 1907 ex-

1946 1959 2182 2028 plorari;
2212 1967 2446 2011 mentem
2470 1968 2601 2011 vexo
2643 1968 2787 2019 esse,
2823 1968 2942 2022 qua:
2991 1951 3045 2006 in
3087 1950 3153 2005 iis
3183 1963 3305 2019 qua:
3351 1960 3525 2016 agun-

1946 2057 2055 2109 tur,
2082 2048 2391 2103 excutitur?

2014 2128 2146 2194 Quae
2170 2130 2334 2199 igitur
2361 2143 2528 2197 opera
2554 2127 2894 2183 ascribemus
2919 2120 3391 2194 nequitiae?illane
3405 2131 3527 2188 quae

1945 2221 2197 2276 videntur
2221 2222 2382 2284 mala,
2410 2236 2531 2290 quae
2562 2220 2783 2291 quidem
2816 2226 2942 2274 sunt
2970 2218 3135 2279 bona,
3185 2211 3405 2283 quando
3431 2224 3525 2264 ra-

1945 2317 2093 2369 tione
2122 2314 2340 2368 virtutis
2389 2314 2559 2368 ﬁunt?
2615 2314 2746 2379 Quae
2799 2326 2927 2367 vero
2978 2309 3312 2364 asciscemus
3346 2301 3530 2359 bono?

1945 2422 2014 2461 an
2064 2422 2186 2478 qua:
2230 2414 2496 2476 apparent
2542 2406 2682 2460 bona
2711 2420 2853 2467 esse,
2887 2418 3007 2474 qua:
3053 2399 3272 2470 quidem
3317 2396 3529 2450 ratione

1944 2492 2087 2546 mala
2108 2493 2293 2546 ﬁunt?
2320 2494 2493 2561 igitur
2510 2502 2703 2548 neutra
2728 2492 2905 2547 neutri
2931 2487 3312 2546 solummodo:
3349 2484 3526 2538 solum

1943 2584 2235 2647 rationem,
2273 2591 2327 2637 et
2374 2583 2518 2655 quod
2550 2585 2607 2636 in
2650 2593 2828 2637 mente
2861 2581 3127 2634 actionem
3162 2572 3515 2645 suscipientis

1945 2670 2279 2744 praecipuum
2298 2682 2402 2739 est,
2434 2672 2882 2742 dijudicabimus,
2914 2678 3095 2724 utrum
3146 2677 3293 2722 recte
3337 2679 3527 2720 susce-

1944 2766 2046 2837 pit,
2076 2781 2143 2819 an
2173 2782 2354 2821 secus.
2381 2765 2537 2832 Quod
2566 2776 2744 2820 autem
2772 2762 3007 2818 maxime
3052 2758 3347 2831 principale
3374 2771 3529 2809 men-

1943 2860 2013 2915 tis
2043 2859 2280 2915 hominis
2307 2867 2412 2920 est,
2439 2860 2711 2927 pertinere
2750 2856 2816 2910 ad
2845 2854 3123 2909 meliorem
3174 2859 3383 2920 partem
3417 2848 3532 2901 ani-

1945 2964 2081 3012 mea,
2114 2955 2175 3000 ut
2204 2949 2293 3002 ille
2334 2948 2542 3013 tradit,
2594 2947 2720 3000 licet
2777 2944 2987 2999 inﬁnite
3039 2942 3318 2999 insaniant
3352 2940 3529 2994 Mani-

1939 3039 2106 3101 ‘cbaai,
2140 3054 2248 3093 non
2276 3046 2509 3109 possunt
2546 3053 2764 3108 negare.

2018 3129 2267 3197 Iniquum
2302 3129 2466 3199 igitur
2505 3128 2772 3198 judicium
2805 3124 3176 3197 pronuntiavit
3201 3122 3533 3178 Manichaeus

1944 3228 2137 3275 contra
2168 3220 2450 3274 materiam
2486 3234 2518 3274 a
2562 3236 2622 3276 se
2676 3218 2901 3286 factam,
2956 3218 3243 3287 assignans
3293 3213 3371 3267 illi
3414 3228 3535 3282 quae

1952 3314 2104 3369 nullo
2131 3322 2292 3384 pacto
2323 3316 2372 3369 ei
2423 3315 2863 3379 conveniebant,
2908 3314 2956 3369 si
3005 3328 3194 3368 eorum
3240 3325 3362 3381 qua:
3390 3310 3534 3379 apud

1958 3406 2207 3462 homines
2237 3405 2407 3471 ﬁunt,
2462 3422 2631 3462 causa
2666 3415 2803 3461 erat.
2861 3406 2973 3462 lmo
3022 3412 3212 3459 contra
3249 3402 3430 3473 potius
3464 3400 3533 3453 ad

1959 3507 2169 3569 partem
2203 3499 2328 3553 boni
2367 3500 2759 3555 convenienter
2803 3498 2995 3553 rationi
3033 3498 3310 3567 pertinere
3341 3491 3533 3549 existi-

1953 3600 2268 3655 marentur,
2336 3592 2384 3646 si
2447 3592 2557 3648 duo
2627 3591 2876 3661 quadam
2932 3589 3203 3662 principia
3258 3583 3535 3643 contraria

1952 3689 2101 3746 sunt,
2130 3692 2188 3737 ut
2221 3683 2309 3737 ille
2344 3682 2539 3738 insane
2574 3683 2758 3737 tradit.

440 3811 570 3866 CAP.
609 3811 801 3867 XXIX.
840 3814 923 3867 An
953 3820 1264 3883 potestatem
1294 3812 1597 3881 absorptam
1636 3814 1825 3865 iterum
1867 3816 2053 3879 recepit
2089 3813 2243 3869 Deus.
2285 3814 2514 3870 Manetis
2548 3814 2883 3883 blasphemia:
2905 3814 3155 3867 adversus
3183 3811 3369 3866 Deum.

349 3930 675 3995 Σπουδάζειν
727 3931 782 3983 δέ
814 3948 945 4007 φησι
980 3932 1069 3984 τὸν
1114 3931 1247 3985 Θεὸν
1294 3932 1395 4001 τὴν
1448 3930 1850 3985 καταποθεῖσαν

266 4021 523 4092 δύναμιν,
547 4025 613 4092 ἢν
637 4024 792 4076 καλεῖ
810 4022 987 4094 ψυχὴν
1012 4023 1287 4087 ἁπάντων,
1306 4018 1462 4087 αὖθις
1495 4023 1631 4092 πρὸς
1662 4023 1852 4076 ἑαυτὸν

268 4112 633 4178 ἀναδέξασθαι
657 4132 671 4146 ·
696 4115 783 4167 ἶνα
806 4113 883 4185 μὴ
911 4114 970 4167 τὸ
987 4114 1180 4167 ἐαυτοῦ
1212 4114 1531 4185 ἀπεράντως
1560 4115 1647 4170 ἀεὶ
1680 4130 1851 4185 προσ-

268 4204 557 4275 δεδεμένον
587 4208 655 4277 τῇ
690 4205 812 4276 ὕλη,
840 4206 933 4259 καὶ
959 4206 1369 4278 τιμωρούμενον
1400 4206 1639 4277 διατελῇ.
1670 4206 1735 4258 Τί
1760 4200 1854 4259 οῦν

269 4297 379 4366 τὴν
406 4297 581 4369 ἀρχὴν
614 4297 954 4368 παρεϐάλετο
992 4296 1179 4363 τοῦτο,
1210 4298 1350 4351 ὥστε
1390 4297 1642 4352 τοσοῦτον
1682 4299 1855 4354 αἰῶνα

277 4387 410 4459 μηδ’
430 4388 763 4442 ἀναπνεῦσαι
787 4389 1103 4461 δυνηθῆναι,
1128 4391 1221 4444 καὶ
1248 4391 1410 4444 πλέον
1433 4391 1624 4445 παθεῖν
1654 4389 1854 4460 μᾶλλον

273 4481 313 4552 ἥ
346 4481 573 4550 δρᾶσαις
609 4482 671 4535 Ei
704 4482 800 4551 μὲν
826 4482 937 4552 γὰρ
968 4486 1243 4554 περιεῖχεν
1264 4485 1293 4537 ὁ
1320 4483 1507 4554 μῦθος,
1529 4485 1605 4547 ῶς
1632 4482 1723 4538 τοῦ
1754 4484 1853 4554 μὲν

2024 3931 2164 3987 Dicit
2198 3942 2459 4003 praeterea
2512 3931 2791 3989 studuisse
2839 3930 3044 3994 Deum,
3102 3936 3163 3983 ut
3211 3931 3536 3998 potestatem

1954 4024 2264 4094 absorptam
2292 4067 2306 4089 ,
2349 4041 2513 4095 quam
2546 4035 2706 4080 vocat
2757 4025 2994 4077 animam
3026 4022 3267 4076 omnium
3289 4060 3304 4086 ,
3340 4033 3535 4073 rursus

1955 4116 2023 4169 ad
2059 4131 2117 4171 se
2152 4117 2452 4187 reciperet;
2482 4132 2550 4171 ne
2583 4117 2729 4187 quod
2767 4124 2885 4172 erat
2917 4132 2981 4171 ex
3017 4116 3157 4185 ipso,
3185 4114 3427 4169 materiae
3457 4114 3539 4166 al-

1956 4204 2203 4275 ligatum,
2249 4216 2303 4259 et
2336 4208 2391 4261 in
2430 4206 2701 4275 supplicio
2739 4221 2953 4275 semper
2986 4206 3103 4260 sine
3133 4202 3245 4256 ullo
3276 4200 3379 4254 line
3411 4213 3538 4268 per-

1959 4306 2221 4353 maneret.
2256 4297 2395 4364 Quid
2434 4298 2599 4368 igitur
2631 4299 2900 4369 principio
2943 4299 3045 4352 hoc
3082 4293 3455 4366 protrahebat,
3482 4298 3541 4345 ut

1959 4397 2040 4443 tot
2077 4389 2291 4445 saeculis
2318 4406 2496 4459 neque
2524 4392 2799 4460 respirare
2823 4398 3027 4459 posset,
3054 4396 3106 4443 et
3135 4388 3306 4459 magis
3336 4393 3542 4454 patere-

1953 4489 2052 4535 tur
2082 4496 2246 4551 quam
2278 4482 2497 4552 ageret?
2532 4481 2587 4534 Si
2641 4482 2786 4536 enim
2821 4482 2875 4534 in
2922 4479 3104 4533 fabula
3133 4486 3321 4541 esset,
3368 4476 3537 4530 Deum

270 4570 418 4624 Θεοῦ
453 4571 618 4642 μηδὲν
658 4571 1004 4644 ὑϐρισθέντος
1037 4574 1115 4636 είς
1151 4573 1253 4644 τὴν
1294 4573 1428 4627 ίδίαν
1459 4574 1677 4638 οὐσίαν,
1717 4576 1849 4645 μήτε

1958 4572 2178 4643 quidem
2214 4573 2418 4627 nullam
2447 4573 2836 4627 contumeliam
2880 4573 2934 4625 in
2972 4569 3334 4625 substantiam
3382 4583 3538 4622 suam

277 4661 427 4716 κατά
451 4662 583 4737 γοῦν
607 4662 668 4716 τὸ
698 4662 1036 4734 βραχύτατον
1066 4665 1410 4735 ἐνσχεθέντος
1443 4666 1563 4719 λίαν
1593 4666 1857 4737 ἀπρεπῶς

272 4753 352 4821 τῇ
405 4752 505 4824 ὕλῃ
530 4794 546 4816 ,
572 4735 705 4806 ’ἀλλ’
752 4755 938 4825 ἐτέρου
986 4755 1050 4827 δή
1097 4773 1240 4820 τινος
1284 4735 1715 4828 ἀλλοτριωτάτου
1760 4757 1860 4827 τῆς

272 4842 447 4895 αὐτοῦ
474 4842 716 4913 φύσεως,
749 4842 865 4914 ἅμα
909 4844 967 4898 δὲ
1014 4845 1109 4899 mi.
1148 4846 1310 4911 εὐθὺς
1358 4847 1727 4918 ἐξαιρεθέντος
1766 4848 1862 4901 καὶ

273 4929 511 4997 τούτου,
563 4934 638 4997 ὡς
675 4936 733 4987 ἐν
774 4934 931 5005 τύπῳ
975 4936 1176 5006 μᾶλλον
1215 4937 1249 5009 ἢ
1296 4938 1720 4991 ὑποκατακλίσει
1763 4938 1861 5009 τὴν

274 5021 539 5095 τοιαύτην
572 5026 903 5097 πεποιῆσθαι
935 5026 1135 5083 δοκεῖν¹
1156 5030 1571 5100 μεταχείρησιν,
1608 5030 1764 5100 ἔσχεν
1796 5030 1862 5084 ἂν

274 5114 349 5167 τὸ
380 5114 508 5182 γοῦν
532 5117 755 5171 π.θανὺν
780 5121 839 5173 ἐν
868 5119 1053 5188 ψεύδει
1079 5120 1141 5173 τὸ
1169 5120 1412 5192 πλάσμα.
1445 5122 1579 5175 Νυνὶ
1606 5123 1663 5176 δὲ
1692 5122 1858 5176 ἀπλε-

274 5222 376 5267 τος
406 5206 501 5275 μὲν
529 5207 686 5272 αἰὼν,
719 5211 815 5263 καὶ
850 5209 1011 5264 τοῦτο
1048 5210 1121 5283 δή
1147 5230 1310 5279 φασιν
1337 5216 1401 5267 ἐκ
1435 5215 1532 5283 τῆς
1559 5212 1772 5283 φύσεως
1804 5214 1864 5267 ὃν

276 5294 383 5348 τοῦ
411 5294 546 5349 Θεοῦ
590 5298 987 5372 καθειργμένον
1034 5302 1330 5356 διατελεῖν⁸
1376 5304 1451 5367 ὡς
1508 5304 1669 5359 αὑτὸν
1725 5300 1864 5360 εἶναι

276 5388 465 5441 δοκεῖν
485 5388 575 5441 τὸν
596 5393 957 5461 κατεχόμενον
975 5397 1042 5464 τῇ
1064 5395 1341 5467 ὁμοιότητι
1360 5397 1455 5449 τοῦ
1476 5398 1861 5467 κατεχομένου,

281 5479 386 5532 καὶ
412 5478 492 5549 τῷ
523 5497 587 5547 γε
631 5484 696 5535 ἐκ
740 5483 835 5553 τῆς
880 5484 1095 5554 φύσεως
1132 5486 1297 5540 αὑτοῦ
1344 5488 1507 5551 τοῦτο
1543 5491 1860 5559 τυγχάνειν·

280 5570 414 5625 ὅθεν
455 5576 551 5627 καὶ
590 5574 795 5629 πλείονί
822 5595 886 5647 γε
924 5579 1127 5648 σπουδῇ
1161 5581 1300 5651 πρὸς
1333 5582 1527 5634 ἐαυτὸν
1553 5578 1711 5645 αὖθις
1740 5584 1866 5636 ἁνα-

282 5663 545 5731 λὲξασθαι
571 5667 727 5722 τοῦτο
768 5670 954 5725 ιιοοθιιῖ⁸
994 5674 1026 5743 ἡ
1066 5672 1123 5726 δὲ
1172 5671 1271 5742 ὕλη
1319 5674 1468 5744 ἀπλῆ
1515 5676 1609 5730 καὶ
1654 5674 1865 5749 ἀπαθὴς

282 5757 551 5831 ὑπάρχει,
591 5759 667 5826 ὡς
699 5761 945 5832 δράσασα
984 5766 1185 5838 μᾶλλον
1217 5766 1247 5835 ἦ
1282 5766 1549 5823 παθοῦσα.

1959 4663 2269 4734 accepisse,
2315 4679 2491 4733 neque
2521 4665 2605 4717 vel
2646 4662 2927 4733 paululum
2976 4661 3260 4714 inbaasisse
3296 4656 3539 4710 materia!

1959 4756 2117 4812 valde
2144 4756 2443 4821 indecorae,
2485 4756 2581 4810 sed
2617 4755 2782 4809 alium
2815 4752 3105 4825 quemdam
3140 4750 3538 4805 alienissimum

1961 4863 1993 4902 a
2022 4855 2216 4902 natura
2244 4847 2386 4917 ejus,
2412 4855 2467 4901 et
2504 4847 2651 4902 hunc
2681 4847 2944 4901 continuo
2996 4852 3240 4914 ereptum
3274 4857 3429 4906 esse,
3468 4841 3542 4893 ita

1960 4949 2021 4994 ut
2044 4940 2355 5011 huiusmodi
2389 4941 2681 5010 prehensio
2726 4942 2898 5011 magis
2954 4936 3267 5009 apparendo
3316 4938 3369 4989 in
3415 4951 3542 5004 spc—

1961 5034 2121 5099 ciem,
2155 5048 2319 5104 quam
2359 5034 2770 5089 succumbendo
2804 5032 2943 5086 facta
2967 5046 3090 5086 esse
3117 5030 3412 5091 videretur,
3444 5029 3543 5081 lia-

1961 5125 2170 5180 buisset
2199 5136 2566 5179 commentum
2598 5125 2817 5195 paulum
2855 5125 3045 5179 saltem
3084 5123 3152 5177 ad
3203 5122 3541 5178 suadendum

1963 5216 2018 5269 in
2052 5214 2357 5270 mendacio.
2398 5214 2555 5271 Nunc
2600 5230 2732 5270 vero
2773 5216 3099 5269 immensum
3155 5214 3413 5268 saeculum
3449 5229 3545 5283 po-

1963 5313 2120 5369 nunt,
2177 5312 2233 5359 et
2282 5306 2386 5359 hoc
2430 5321 2553 5361 esse
2580 5321 2646 5358 cx
2702 5314 2896 5357 natura
2932 5302 3047 5365 Dei,
3078 5316 3300 5354 manere
3352 5301 3546 5353 vincu-

1966 5395 2035 5451 lis
2066 5396 2430 5450 constrictum
2453 5438 2468 5461 ,
2524 5402 2585 5449 ut
2625 5396 2741 5464 ipse
2778 5392 2920 5447 Deus
2958 5391 3390 5460 comprehensus
3422 5406 3544 5443 esse

1965 5486 2216 5542 videatur
2247 5495 2473 5561 propter
2522 5484 2934 5541 similitudinem
2988 5483 3109 5551 ejus
3151 5481 3244 5551 qui
3288 5481 3545 5535 detentus

1966 5586 2072 5644 est,
2095 5586 2149 5633 et
2182 5578 2310 5648 quia
2357 5578 2461 5632 boc
2492 5576 2638 5647 quod
2668 5586 2885 5646 captum
2918 5574 3222 5635 tenebatur,
3252 5587 3317 5626 ex
3352 5579 3546 5625 natura

1967 5673 2087 5741 ejus
2114 5678 2264 5737 erat;
2299 5671 2446 5727 unde
2470 5669 2677 5738 majore
2696 5668 2875 5723 studio
2893 5668 2957 5722 ad
2982 5668 3244 5736 seipsum,
3291 5672 3347 5717 ut
3372 5663 3545 5723 aiunt,

1971 5763 2288 5833 recolligere
2345 5760 2725 5816 desiderabat:
2784 5759 3008 5813 materia
3073 5764 3252 5811 autem
3318 5754 3547 5822 simplex

1972 5862 2090 5913 erat
2114 5863 2167 5912 ct
2192 5851 2441 5927 ἀπαθής,
2488 5860 2670 5925 utpote
2702 5852 2875 5922 magis
2915 5867 3079 5926 agens
3117 5864 3279 5925 quam
3312 5847 3543 5917 patiens.
