4058 6330
622 355 768 420 “id

1778 350 1917 410 τιτι
1955 348 2383 409 ωετιιεμδιε
2414 347 2732 409 81⁵150οΗ

624 490 805 550 geres,
838 485 895 531 et
921 476 1178 546 paulatim
1216 474 1462 545 quaedam
1500 473 1767 545 profunda
1801 473 2091 545 aggeribus
2120 487 2201 528 re-

2304 470 2440 525 τινά.
2469 471 2535 525 '0
2554 472 2654 544 τῆς
2678 472 2877 541 ἀλόγου
2905 471 3133 542 μανίαςῐ
3165 472 3303 546 πρὸς
3336 473 3407 544 ἢν
3442 474 3505 527 ἂν
3533 477 3648 538 τοῖς
3677 474 3871 529 πλείοσι

624 572 806 641 piens.
847 569 892 623 0
919 576 1188 622 amentem
1218 565 1491 622 furorem!
1540 568 1608 622 ad
1634 582 1794 639 quem
1828 565 2077 637 pluribus
2114 564 2199 619 vel

624 664 822 721 saltem
848 657 1184 730 respondere
1214 673 1304 713 res
1334 669 1420 715 est
1456 660 1707 715 ridicula.

697 754 757 810 Si
783 766 917 810 vero
945 753 1110 809 vultis
1134 753 1299 819 scire,
1334 755 1611 810 daemones
1631 756 1779 824 ipsos
1812 767 1921 807 non
1948 766 2074 807 esse
2093 764 2201 806 ma—

626 846 709 903 loa
752 859 782 898 a
814 844 1023 911 radice,
1068 858 1245 916 neque
1272 846 1475 900 habere
1516 845 1753 901 radicem
1790 843 1909 898 vitii
1942 851 1997 898 et
2027 843 2202 913 turpi-

625 940 861 1004 tudinis,
897 939 996 997 sed
1040 941 1321 995 voluntate
1360 941 1465 993 huc
1508 939 1880 1007 processisse,
1929 950 2054 990 cum
2092 950 2201 989 non

623 1042 815 1091 essent
836 1042 1034 1089 natura
1060 1031 1224 1096 mali,
1257 1047 1433 1102 neque
1465 1039 1658 1085 natura
1688 1030 1913 1099 ascripti
1944 1028 2201 1099 ignoran-

625 1127 738 1192 tia,
785 1138 901 1181 non
938 1138 1045 1181 nox
1093 1131 1147 1179 et
1178 1123 1418 1179 tenebrz
1463 1119 1763 1177 secundum
1811 1120 2199 1182 substantiam,

627 1218 726 1273 sed
751 1218 941 1272 babitn
968 1224 1024 1273 et
1051 1217 1271 1279 studiis,
1304 1222 1359 1271 et
1382 1213 1707 1269 tractatione
1738 1211 2053 1282 bujusmodi
2093 1218 2204 1265 stu-

624 1311 842 1366 diorum
890 1310 1016 1364 l‘acti
1067 1309 1245 1373 talea,
1289 1308 1630 1378 inquiramus
1666 1302 2015 1375 disputando.
2046 1302 2202 1357 Caeca

626 1404 795 1474 igitur
838 1414 1034 1457 natura
1083 1417 1261 1473 neque
1310 1402 1593 1455 minimum
1656 1400 1876 1471 quidem
1920 1406 2200 1468 aspectum

626 1496 871 1560 habebit,
908 1505 963 1550 et
994 1496 1111 1565 ipsa
1143 1493 1449 1564 ignorantia
1484 1507 1662 1561 neque
1696 1493 1896 1547 stillam
1936 1490 2202 1561 cognitio-

628 1588 715 1641 nis
751 1588 854 1642 sibi
888 1587 1206 1648 vindicabit,
1254 1599 1431 1655 neque
1462 1599 1570 1637 nox
1600 1583 1718 1653 ipsa
1754 1590 1807 1638 et
1853 1582 2092 1636 tenebrae
2122 1581 2201 1636 sic

627 1688 823 1734 natura
869 1686 1003 1733 ortae
1045 1678 1127 1732 vel
1160 1677 1215 1729 in
1250 1690 1479 1747 parvum
1520 1674 1865 1744 splendorem
1909 1671 2203 1725 mutabun-

629 1782 721 1827 tur
753 1792 765 1826 :
804 1778 1023 1841 apparet
1069 1779 1251 1824 autem
1282 1770 1606 1839 cognovisse
1644 1766 1919 1820 diemones
1949 1764 2200 1819 Salvato—

2302 564 2397 618 καὶ
2429 564 2599 632 γέλως
2624 566 2685 617 τὸ
2705 562 2835 633 γοῦν
2862 565 3279 637 ἀποκρίνασθαι.

2373 742 2437 798 El
2465 741 2523 796 δὲ
2562 742 2815 813 βούλεσθε
2842 744 3051 814 μαθεῖν,
3074 748 3159 803 δτι
3205 747 3301 802 καὶ
3334 750 3388 800 ot
3428 747 3692 819 δαίμονες
3734 749 3872 801 αὐτοὶ

2301 837 2405 889 οὐκ
2440 833 2550 890 ἀπὸ
2596 837 2755 907 ῥίζης
2784 836 2892 892 sict
2922 839 3103 904 κακοὶ,
3130 839 3253 897 om
3283 841 3443 912 ῥίζαν
3466 841 3709 902 ἀτοπίας
3733 841 3871 909 ἔχαδε

2305 944 2410 991 σιν.
2440 929 2577 984 ἀλλὰ
2614 931 2855 985 κάκεῖνοι
2884 929 2995 985 ἀπὸ
3023 932 3394 1004 προαιρέσεως
3420 935 3515 986 ἐπὶ
3559 932 3726 986 τοῦτο
3759 932 3870 1001 ἕλιξι

2302 1018 2546 1088 λύθασιν,
2574 1022 2643 1077 οὐ
2664 1023 2887 1093 πονηροὶ
2919 1024 3021 1095 τὴν
3050 1024 3212 1092 φύσιν
3241 1025 3414 1091 ὅντες,
3438 1028 3542 1080 οὐκ
3571 1026 3771 1095 ἀγνοίᾳ
3797 1027 3873 1093 ἔγ-

2302 1112 2698 1184 γεγραμμένοι.
2722 1112 2850 1168 οὔτε
2879 1110 2978 1178 νὺξ
2998 1115 3090 1167 καὶ
3114 1116 3307 1181 σκότος
3331 1116 3431 1187 τὴν
3452 1118 3650 1170 οὐσίαν
3682 1114 3873 1183 τυγιά·

2301 1204 2649 1288 νοντες,ἀλλ⁹
2677 1206 2787 1275 ιξει
2832 1207 2928 1261 καὶ
2974 1207 3386 1278 ἐπιτηδεύμασι,
3425 1212 3491 1280 τῇ
3539 1197 3875 1281 ἐπιχειρήεὲι

2302 1298 2412 1351 τῶν
2437 1299 2695 1354 τοιούτων
2720 1300 3002 1369 γεγονότες
3020 1316 3034 1331 ·
3062 1300 3155 1353 τὸν
3181 1299 3338 1371 λόγον
3376 1301 3736 1372 ἐξετάσωμεν
3753 1318 3767 1331 ·
3796 1317 3876 1352 τυ-

2303 1390 2410 1463 φλὴ
2434 1390 2535 1461 μὲν
2569 1387 2664 1446 οὖν
2715 1392 2878 1462 φύσις
2929 1390 3052 1445 οὐδὲ
3098 1392 3157 1445 ὲν
3204 1392 3460 1465 ἐλαχίστη
3501 1394 3599 1446 καὶ
3636 1392 3875 1463 ὀλίγῃτῇ

2305 1481 2490 1552 βλέψει
2538 1484 2858 1555 γενήσεται·
2909 1484 3002 1537 και
3040 1484 3181 1555 αὑτὴ
3230 1486 3265 1555 ἡ
3308 1484 3497 1553 arvom
3532 1485 3662 1538 οὐδὲ
3699 1484 3877 1555 iam

2305 1574 2558 1642 γνώσεως
2590 1577 2759 1648 ἑαυτῇ
2803 1577 3250 1648 προσποιήσεται,
3281 1575 3401 1629 οὐδὲ
3434 1574 3534 1641 νὺξ
3598 1576 3745 1646 αὑτὴ
3794 1575 3877 1627 καὶ

2305 1666 2574 1729 σκότοςτὸ
2592 1665 2738 1722 οὓτω
2762 1666 3001 1736 πεφυκὸς
3029 1666 3130 1720 κᾶν
3158 1670 3241 1731 εἰς
3271 1666 3529 1739 βραχεῖαν
3560 1668 3878 1739 λαμπηδόνα

2308 1759 2800 1831 μεταποιηθήσεται
2819 1778 2832 1790 ·
2884 1760 3161 1830 φαίνονται
3185 1762 3241 1815 δὲ
3288 1763 3380 1815 καὶ
3403 1763 3454 1815 οἱ
3482 1762 3748 1833 δαίμονες
3796 1762 3877 1815 καὶ

628 1873 765 1922 rem,
788 1872 851 1910 ac
875 1857 1159 1910 Dominum
1191 1857 1477 1910 confessos
1496 1871 1645 1909 esse:
1668 1854 1899 1921 Scimus,
1925 1855 2199 1925 inquiunt,

2305 1851 2533 1923 Σωτῆρα
2563 1853 2784 1918 εἰδότες,
2813 1853 2911 1906 καὶ
2938 1852 3141 1924 Κύριον
3159 1853 3547 1923 ὁμολογοῦντες
3566 1872 3581 1885 ·
3625 1856 3879 1924 Οἴδαμέγ

626 1952 744 2019 quis
788 1950 861 2001 iis
924 1946 1097 2001 Filius
1148 1946 1246 2001 Dei
1278 1948 1373 2000 rivi
1404 1948 1451 2001 ⁸.
1505 1946 1849 2017 Cognoscere
1878 1961 2058 2003 autem
2094 1965 2203 2004 non

628 2051 805 2112 potest
834 2040 1166 2111 ignorantia,
1210 2054 1387 2109 neque
1445 2038 1630 2095 videre
1682 2042 1919 2096 caacitas.
1988 2039 2199 2105 Sciunt,

625 2144 682 2188 et
741 2150 929 2189 verum
984 2133 1175 2187 dicunt
1230 2133 1488 2197 scientes,
1560 2140 1615 2188 et
1678 2149 1787 2187 non
1842 2150 1937 2204 per
1996 2136 2204 2189 calum-

626 2228 775 2280 niam
808 2244 823 2291 ;
856 2226 1045 2279 dicunt
1092 2225 1237 2279 enim
1260 2266 1274 2289 ,
1318 2224 1533 2277 tametsi
1579 2238 1689 2277 non
1721 2224 1959 2295 legitima
2001 2234 2055 2277 et
2089 2225 2205 2277 sin-

628 2332 756 2372 cera
787 2316 1096 2381 allectione,
1138 2316 1445 2371 veritatem.
1491 2313 1607 2369 Non
1653 2315 1764 2384 jam
1794 2315 1861 2370 de
1913 2330 2053 2370 caeca
2104 2330 2203 2370 na-

627 2419 753 2464 tura
779 2419 873 2463 aut
901 2407 1211 2478 ignorantia
1242 2418 1607 2473 accusantur;
1664 2406 1867 2476 alioqui
1916 2422 1985 2461 ne
2034 2408 2199 2461 minio

628 2513 778 2553 nium
813 2498 1036 2569 quidem
1087 2496 1373 2560 vidissent,
1408 2509 1509 2549 nec
1546 2496 1595 2550 ei
1632 2496 1907 2565 supplices
1944 2495 2199 2561 fuissent,

628 2604 809 2661 neque
836 2589 1135 2644 cessissent
1166 2587 1338 2652 dicto,
1370 2601 1547 2656 neque
1574 2601 1863 2641 secernere
1890 2587 2202 2656 potuissent

627 2699 754 2738 eum
784 2684 876 2753 qui
908 2681 1181 2753 apparuit,
1219 2679 1312 2736 sed
1344 2679 1527 2749 potius
1558 2678 1964 2733 existimassem
1989 2695 2056 2734 ex
2088 2682 2206 2736 suis

627 2790 771 2839 esse,
817 2775 1059 2844 nihilque
1099 2774 1241 2827 inter
1290 2772 1499 2841 seipsos
1531 2776 1585 2823 et
1622 2769 1773 2822 illum
1799 2770 2081 2825 interesse.

2308 1958 2401 2005 0’8,
2433 1945 2524 2010 τις
2553 1940 2631 2008 εἶ,
2658 1944 2925 2013 λέγοντες,
2969 1947 3003 1998 ὁ
3041 1945 3171 2012 Υἱὸς
3194 1946 3301 2000 τοῦ
3328 1947 3475 2001 Θεοῦ
3499 1947 3614 2000 τοῦ
3648 1947 3875 2013 ζῶντος.

2307 2033 2516 2087 Εξδέναι
2538 2035 2595 2089 δὲ
2609 2035 2796 2103 ἄγνοια
2815 2036 2876 2088 οὐ
2896 2035 3139 2101 δύναται,
3163 2039 3257 2091 καὶ
3271 2036 3487 2107 βλέπειν
3512 2038 3697 2109 τυφλὴ
3732 2039 3879 2108 φύσις

2304 2129 2406 2181 οὐκ
2445 2129 2639 2199 ἰσχύει.
2683 2131 2877 2193 Ἷσασι,
2922 2131 3017 2183 καὶ
3064 2130 3416 2202 ἀληθεύωσιν
3449 2133 3678 2199 εἰδότες,
3708 2134 3802 2187 καὶ
3825 2135 3877 2188 οὗ

2310 2221 2768 2290 συκοφαντοῦντες
2805 2223 3054 2291 λέγουσι·
3086 2222 3303 2291 λέγουσι
3343 2225 3473 2295 γάρ,
3500 2224 3659 2288 ὄντες
3688 2224 3794 2277 κᾶν
3815 2227 3877 2295 μὴ

2307 2314 2505 2383 γνησίᾳ
2553 2312 2825 2378 διαθέσει,
2889 2316 2987 2385 τὴν
3030 2315 3303 2386 ἀλήθειαν.
3344 2318 3541 2371 Οὐκέτι
3592 2320 3775 2391 τυφλῇ
3820 2320 3876 2389 τῇ

2306 2405 2465 2474 φύσει
2497 2403 2621 2459 οὔτε
2644 2408 2711 2478 τῇ
2762 2407 2955 2479 ἀγνοίᾳ
2993 2409 3424 2480 κατηγοροῦνται
3453 2429 3467 2440 ·
3573 2412 3689 2483 γὰρ
3716 2413 3785 2465 ἂν
3809 2413 3878 2465 οὺ-

2305 2496 2362 2550 δὲ
2388 2498 2449 2550 τὸ
2475 2498 2757 2568 ἐλάχιστον
2784 2500 2992 2571 ἑώρων,
3021 2500 3144 2554 οὔτε
3168 2502 3346 2556 ἱκέται
3371 2500 3535 2575 ἦσαν,
3558 2505 3689 2558 οὗτε
3721 2523 3880 2577 παρι-

2307 2588 2515 2659 χώρουν
2569 2589 2648 2661 τῷ
2699 2590 2996 2662 λεγομένῳ,
3036 2593 3161 2647 οὕτε
3206 2594 3478 2667 διέκριναν
3524 2597 3622 2649 τὸν
3654 2599 3878 2667 φανέντα

2306 2680 2464 2733 ἄλλον
2497 2679 2608 2733 τῶν
2634 2680 2841 2736 πολλῶν
2870 2676 3033 2746 εἶναι,
3078 2684 3173 2736 καὶ
3217 2684 3370 2737 οὐδὲν
3402 2683 3692 2757 διαφέρειν
3727 2688 3881 2742 αὐτόν

2306 2790 2365 2825 τε
2400 2773 2496 2827 καὶ
2523 2773 2742 2837 αὐτούς.

1130 2889 1264 2946 CAP.
1302 2886 1515 2944 XXXII.
1550 2886 1736 2942 Preces
1769 2888 2065 2943 dwmouum
2113 2889 2242 2947 Deo.
2273 2893 2547 2959 Quomodo
2575 2893 2865 2963 puniantur
2884 2894 3144 2951 damon“
3172 2896 3227 2951 in
3257 2894 3461 2963 inferis.

701 3006 805 3071 En,
859 3003 1115 3059 animalia
1154 3017 1262 3055 non
1309 3001 1517 3056 utentia
1556 3001 1768 3055 ratione
1806 3002 2083 3070 sapientes
2131 3003 2202 3057 ab

629 3096 1014 3168 insipientibus
1064 3108 1173 3148 non
1220 3094 1621 3147 internascunt.
1674 3090 1731 3145 Si
1773 3101 1955 3146 autem
1998 3108 2201 3165 cogno.

2390 3005 2523 3061 Ἰδοὺ
2544 3005 2656 3078 γὰρ
2674 3006 2742 3063 τὰ
2770 3006 2942 3076 ἄλογα
2971 3005 3085 3071 ζῶα
3113 3007 3316 3078 μεταξὺ
3350 3006 3531 3078 σοφῶν
3558 3024 3621 3060 τε
3643 3008 3742 3061 καὶ
3761 3007 3881 3063 dad-

2308 3113 2424 3164 φων
2446 3097 2549 3151 οὐκ
2566 3096 2681 3169 ἔχει
2714 3098 2939 3163 ειδέναι.
2981 3100 3124 3152 ποῖοι
3161 3100 3333 3168 σοφοὶ,
3362 3102 3455 3153 καὶ
3497 3103 3643 3153 ποῖοι
3673 3102 3879 3170 ἄσοφοι.

627 3195 825 3243 verunt
860 3188 1151 3252 daemones,
1194 3192 1247 3239 et
1282 3192 1503 3255 propter
1538 3183 1811 3253 judicium
1856 3185 2021 3239 soluti
2078 3195 2201 3241 sunt

2310 3189 2372 3241 Εἰ
2421 3187 2477 3243 δὲ
2532 3188 2774 3258 ἔγνωσαν
2822 3190 2875 3243 οι
2920 3189 3195 3260 δαίμονες,
3228 3191 3322 3245 καὶ
3360 3189 3637 3261 διάκρισιν
3688 3194 3882 3258 ειδότες

629 3282 745 3351 lege
771 3294 881 3333 non
905 3277 1309 3334 internoscendi
1339 3276 1484 3329 aliud
1507 3275 1576 3329 ab
1602 3276 1730 3342 alio,
1764 3284 1818 3331 et
1848 3276 2205 3346 dijudiumdo

628 3378 968 3442 agnoverunt
1007 3369 1167 3435 talia;
1206 3367 1549 3422 convincitur
1573 3381 1680 3421 non
1713 3376 1966 3421 naturam
2006 3369 2062 3423 in
2102 3370 2204 3424 hac

628 3481 710 3530 re,
742 3466 837 3521 sed
868 3465 1201 3519 voluntatem
1227 3460 1499 3515 moderari
1535 3478 1549 3513 :
1583 3462 1833 3531 quamvis
1865 3462 2010 3517 enim
2039 3477 2207 3533 aegro-

626 3566 707 3613 tet
732 3558 1007 3621 voluntas,
1029 3555 1278 3625 quamvis
1307 3561 1472 3619 erret,
1504 3569 1612 3607 non
1643 3563 1823 3609 tamen
1850 3553 2052 3609 desinit
2081 3569 2204 3609 esse

629 3650 862 3704 rationis
896 3649 1206 3717 particeps;
1254 3645 1387 3716 quin
1422 3648 1605 3715 potius
1636 3662 1745 3700 non
1775 3658 1859 3702 est
1881 3648 1986 3702 hoc
2034 3650 2203 3703 inter-

626 3747 892 3809 emptum.
950 3736 1043 3791 Sic
1078 3736 1352 3791 dazmones
1395 3746 1733 3807 agnoverunt
1776 3754 1932 3801 eum,
1981 3754 2205 3809 rogave-

628 3836 778 3894 runt,
829 3827 1101 3897 supplices
1149 3826 1199 3882 ei
1246 3825 1498 3891 fuerunt,
1543 3843 1611 3881 ne
1649 3827 1866 3897 juberet
1913 3843 2010 3882 eos
2052 3828 2205 3883 abire

629 3921 686 3975 in
736 3920 1017 3991 abyssum.
1084 3918 1142 3973 Si
1172 3925 1331 3972 erant
1371 3916 1465 3972 ﬁlii
1496 3920 1703 3990 abyssi,
1737 3920 1783 3974 si
1822 3920 2201 3989 cognationem

626 4026 751 4065 cum
777 4012 975 4082 abysso
1007 4010 1303 4075 habebant,
1336 4024 1437 4063 cur
1475 4018 1707 4079 cognata
1742 4010 2059 4080 refugiunt?
2105 4026 2204 4065 cur

626 4098 868 4153 radicem
896 4113 1052 4152 suam
1093 4097 1384 4152 recusant?
1420 4099 1608 4168 potius
1636 4099 1779 4153 enim
1818 4114 1937 4153 eam
1968 4100 2201 4168 amplexi

625 4199 831 4255 essent,
866 4192 1191 4246 arbitrantes
1225 4192 1469 4262 requiem
1496 4208 1650 4247 suam
1677 4206 1801 4247 esse
1830 4192 1884 4245 in
1912 4194 2201 4261 cognatio-

628 4298 697 4338 ne
737 4284 995 4353 positam,
1037 4282 1308 4351 siquidem
1342 4283 1395 4335 in
1428 4282 1678 4353 cognatis
1706 4282 1763 4334 lit
1790 4283 2089 4347 recreatio;
2145 4282 2201 4335 in

626 4374 930 4445 peregrinis
958 4390 1085 4429 vero
1114 4382 1169 4429 et
1204 4374 1397 4430 alienis
1421 4374 1799 4428 alllictationes
1826 4393 1839 4428 :
1878 4374 2050 4445 magis
2084 4382 2201 4429 erat

625 4464 734 4517 illis
759 4464 1097 4519 recusandus
1125 4462 1316 4530 Jesus;
1346 4465 1519 4535 magis
1548 4463 1884 4519 recusandus
1912 4464 2001 4517 hic
2023 4464 2198 4529 locus,

2304 3280 2669 3335 ἀπολέλυνται
2693 3280 2807 3351 (l3)
2832 3280 2927 3336 τοῦ
2968 3282 3306 3354 ἀδιάκριτον,
3326 3280 3594 3353 διακρίσει
3628 3284 3689 3337 τὸ
3716 3285 3883 3339 τοιοῦ-

2302 3387 2395 3424 τον
2432 3374 2832 3440 ἐπεγνωκότες·
2868 3370 3149 3443 ἐλέγχεται
3176 3375 3269 3427 καὶ
3290 3376 3348 3427 ιν
3374 3375 3550 3444 τούτῳ
3587 3376 3663 3445 μὴ
3702 3376 3881 3445 φύσις,

2302 3463 2440 3516 ἀλλά
2490 3465 2805 3536 προαιρεσις
2872 3463 3286 3535 πρυτανεύουσα
3311 3480 3328 3496 ·
3383 3464 3487 3516 κᾶν
3546 3464 3661 3535 γὰρ
3720 3468 3882 3536 νοήσῃ

2304 3553 2647 3625 προαίρεσις,
2681 3554 2785 3607 κᾶν
2834 3553 3035 3623 σφάλῃ,
3073 3553 3226 3623 ὅμως
3257 3552 3353 3607 τοῦ
3376 3549 3515 3606 εἶναι
3544 3554 3746 3627 λογικὴ
3787 3556 3882 3609 οὐκ

2302 3646 2673 3716 ἀπήλλακται,
2697 3645 2812 3699 ἀλλ’
2847 3645 2960 3716 ἔχει
2986 3644 3145 3699 τοῦτο
3177 3646 3253 3716 μὴ
3282 3644 3697 3716 διεφθαρμένον.
3729 3647 3882 3703 Οὕτω

2305 3737 2397 3789 καὶ
2436 3737 2685 3805 δαίμονες
2707 3734 3021 3803 ἐπέγνωσαν
3059 3735 3246 3789 αὐτόν·
3274 3736 3637 3806 ὲλιπάρησαν,
3674 3739 3881 3792 ἱκέτευ-

2306 3846 2422 3891 σαν,
2451 3828 2538 3882 ἴνα
2560 3829 2635 3899 μὴ
2656 3827 2884 3899 ἐπιτάξῃ
2903 3829 3085 3891 αὐτοῖς
3110 3830 3190 3891 εἰς
3219 3828 3320 3900 τὴν
3341 3828 3576 3882 άὸυσσον
3605 3831 3878 3886 ἀπελθεῖν.

2304 3922 2367 3973 Εἰ
2395 3922 2493 3991 τῆς
2522 3922 2758 3975 ἀϐύσσου
2781 3922 2967 3984 παῖδες
3002 3918 3162 3992 ἦσαν,
3199 3925 3249 3974 εἰ
3272 3922 3591 3990 συγγένειαν
3621 3927 3761 3996 πρὸς
3790 3926 3881 3998 τὴν

2303 4010 2536 4064 ἄϐυσσον
2570 4006 2738 4079 εἶχον,
2795 4009 2848 4063 τι
2877 4009 3137 4079 φεύγουσι
3174 4010 3245 4063 τά
3275 4013 3545 4082 συγγενῆ;
3579 4014 3635 4066 τί
3661 4016 3763 4084 τὴν
3806 4020 3882 4070 ol-

2303 4101 2455 4153 κείαν
2517 4100 2899 4170 παραιτοῦνται
2938 4097 3127 4170 ρίζανς
3174 4102 3373 4173 μᾶλλον
3402 4104 3512 4175 γὰρ
3567 4105 3639 4158 ἂν
3705 4108 3881 4175 ἠσπά-

2306 4209 2463 4246 σαντο
2492 4192 2807 4246 ἀνάπαυλαν
2839 4194 3047 4247 ἑαυτῶν
3075 4195 3175 4265 τὴν
3204 4195 3520 4263 συγγένειαν
3549 4198 3842 4267 ἡγούμενοι
3865 4217 3877 4228 ·

2302 4286 2360 4336 ὲν
2392 4284 2496 4355 γὰρ
2520 4286 2632 4345 τοῖς
2650 4284 2964 4351 συγγενέσιν
2993 4285 3348 4355 ἡοάνάκτησις
3370 4286 3601 4353 γίνεται,
3638 4290 3697 4340 ὲν
3715 4287 3775 4339 δὲ
3795 4287 3876 4354 ξέ-

2302 4393 2411 4438 νοις
2465 4376 2521 4428 αἱ
2568 4374 2870 4439 κακώσεις·
2911 4375 3112 4446 μᾶλλον
3154 4376 3260 4447 γὰρ
3310 4376 3417 4429 ἔδει
3449 4378 3652 4441 αὐτοὺς
3693 4396 3878 4447 παραι-

2300 4470 2510 4524 τεῖσθαι
2536 4469 2629 4522 τὸν
2667 4467 2905 4538 Ἰησοῦν·
2965 4469 3163 4538 μᾶλλον
3211 4469 3269 4521 δὲ
3312 4468 3417 4521 ἔδει
3448 4470 3651 4532 αὐτοὺς
3685 4487 3881 4541 παραι-

628 4556 718 4609 ubi
766 4556 894 4609 boni
930 4564 985 4609 et
1029 4558 1168 4624 aequi
1203 4564 1361 4618 sunt;
1400 4554 1808 4626 amplectendns
1838 4569 1970 4610 vero
1992 4555 2201 4611 disces-

2304 4561 2513 4614 τεῖσθαι
2563 4560 2627 4614 τὸ
2677 4536 2914 4617 ἐνταῦθα
2968 4536 3193 4631 impiam
3232 4560 3380 4616 ,ἔνθα
3449 4562 3733 4614 σπουδαῖοι
3768 4536 3881 4615 *καὶ

626 4662 723 4701 sus
754 4648 809 4700 in
840 4646 1115 4717 abyssum.
1154 4647 1357 4701 Contra
1388 4661 1515 4702 vero
1551 4647 1681 4701 dum
1716 4656 1991 4714 recusant,
2020 4656 2076 4702 et
2110 4662 2201 4702 ca-

510 4758 511 4761 η
625 4747 775 4802 vent,
827 4751 881 4793 et
912 4740 1043 4793 illuc
1088 4740 1238 4793 abire
1265 4739 1592 4805 detrectant,
1627 4740 1736 4793 imo
1775 4741 1846 4794 ob
1884 4740 2027 4794 hanc
2067 4754 2200 4794 cau-

627 4844 743 4883 sam
774 4829 1047 4898 supplices
1075 4837 1255 4895 orant,
1288 4829 1422 4883 satis
1454 4830 1637 4883 indicii
1665 4830 1957 4895 dederunt,
1988 4830 2195 4884 nullam

626 4936 686 4976 se
732 4918 1190 4974 necessitudinem
1253 4928 1305 4973 et
1333 4920 1713 4990 cognationem
1759 4936 1884 4975 cum
1921 4922 2042 4976 loco
2083 4929 2198 4976 tor-

625 5018 934 5065 mentorum
966 5010 1196 5077 habere;
1232 5011 1369 5064 nillil
1408 5012 1555 5066 enim
1593 5013 1835 5082 seipsum
1865 5013 2109 5080 amictat,
2145 5022 2199 5069 et

627 5104 772 5156 malo
800 5102 1001 5158 allicit:
1033 5118 1195 5159 omne
1224 5112 1403 5158 autem
1439 5104 1586 5175 quod
1613 5106 1928 5173 aﬂlictatur,
1951 5114 2006 5161 et
2051 5107 2197 5162 malo

626 5194 880 5258 aﬂicitur,
904 5195 974 5248 ab
996 5195 1105 5250 alio
1150 5195 1467 5251 afﬂictalur:
1497 5212 1723 5254 necesse
1752 5199 1896 5253 enim
1935 5207 2020 5253 est
2052 5198 2197 5268 quod

626 5286 847 5340 alllictat
896 5302 1005 5341 non
1060 5288 1133 5342 sit
1189 5288 1275 5342 sui
1326 5289 1601 5345 alllictatio
1644 5306 1708 5345 ac
1749 5292 2049 5356 cruciatus,
2103 5289 2200 5345 sed

626 5382 854 5437 alterius
896 5381 1044 5451 quod
1096 5390 1283 5451 aptum
1332 5392 1521 5438 natum
1564 5395 1668 5450 est,
1709 5392 1769 5441 ut
1807 5384 2095 5441 alllictctur
2146 5392 2199 5438 et

624 5476 773 5531 malo
794 5470 1080 5528 aﬂlciatur.

699 5641 716 5666 '
747 5634 907 5689 Marc.
945 5651 989 5699 ι,
1019 5635 1107 5700 2‘;
1148 5634 1277 5689 Luc.
1312 5650 1384 5702 iv,
1412 5637 1497 5691 34.

2302 4653 2587 4716 ἐπιεικεῖς,
2644 4650 2984 4716 ἀσπάζεσθαι
3034 4648 3091 4702 δὲ
3144 4651 3241 4721 τὴν
3292 4649 3528 4704 ἄϐυσσον
3581 4651 3615 4721 ἢ
3663 4651 3763 4722 τὴν
3824 4655 3877 4704 ἐν

2304 4745 2524 4815 ἀϐύσσῳ
2545 4744 2748 4813 ἄφιξιν.
2780 4745 3207 4816 Παραιτούμενοι
3235 4744 3291 4796 δὲ
3330 4745 3420 4797 καὶ
3464 4744 3876 4816 φυλαττόμενοι,

2304 4840 2399 4891 καὶ
2452 4837 2672 4892 ἀπιέναι
2718 4838 2835 4891 ἐκεῖ
2882 4836 2982 4889 οὐκ
3034 4838 3372 4906 ἀνεχόμενοι,
3402 4836 3516 4889 ἀλλ’
3548 4839 3878 4899 ἱκετεύοντες

2301 4932 2399 5001 τῆς
2432 4932 2611 4995 αἰτίας
2638 4930 2839 5000 ταύτης
2863 4929 3042 5001 χάριν,
3076 4929 3256 4981 ἱκανὸν
3291 4934 3589 4999 τεκμήριον
3616 4928 3879 4983 δεδώκασι

2305 5023 2575 5094 μηδεμίαν
2606 5023 2803 5085 αὐτοὺς
2837 5019 3074 5090 φυσικὴν
3109 5019 3428 5087 συγγένειαν
3455 5020 3590 5091 πρὸς
3621 5019 3694 5072 τὰ
3718 5020 3877 5073 κολα-

2303 5116 2499 5185 στήρια
2538 5113 2681 5184 ἔχειν
2702 5130 2717 5146 ·
2749 5111 3005 5166 οὐδέποτε
3034 5110 3142 5182 γὰρ
3173 5110 3323 5163 οὐδὲν
3362 5110 3523 5165 ἑαυτὸ
3550 5113 3743 5163 κακοῖ-
3774 5114 3879 5163 πᾶν

2300 5205 2357 5258 δὲ
2407 5204 2742 5276 κακούμενον
2773 5204 2863 5257 ὑπ’
2892 5203 3054 5258 ἄλλου
3081 5201 3381 5257 κακοῦται·
3416 5204 3632 5273 ἀνάγκη
3677 5202 3788 5275 γάρ
3823 5203 3881 5255 τὸ

2302 5298 2504 5353 κακοῦν
2566 5297 2643 5368 μὴ
2694 5294 2890 5353 ἑαυτοῦ
2946 5291 3083 5349 εἶναι
3109 5296 3374 5362 κάκωσιν,
3413 5295 3529 5350 ἀλλ’
3563 5296 3758 5369 ἑτέρου
3785 5292 3879 5348 τοῦ

2301 5391 2601 5460 πεφυκότος
2637 5387 2937 5460 πάσχειν,ἢ
2964 5386 3282 5443 κακοῦσθαι.

698 5754 811 5821 (l3)
864 5753 1135 5806 Ἀπαιέλ.
1173 5753 1305 5808 lluic
1348 5754 1449 5823 legi
1486 5753 1724 5808 serviunt
1758 5758 1805 5807 et
1848 5758 2037 5821 parcnt
2073 5748 2323 5805 animalia
2353 5747 2578 5803 rationis
2605 5746 2860 5816 expertia.
2894 5742 3063 5801 Ῐυιι.
