4058 6330
330 399 471 459 “i7

1426 416 1799 477 ADVERSUS
1842 417 2273 478 HANICHAEOS
2310 422 2440 482 LIB.
2480 422 2521 480 1.

3448 424 3585 482 1118

411 517 539 573 Ἰδοὺ
564 519 626 574 τὺ
658 519 771 595 πῦρ
821 524 981 581 ἑαυτὸ
1013 527 1074 580 οὐ
1095 527 1239 583 καίει
1264 547 1279 561 ’
1308 528 1499 604 ἕτερον
1526 534 1636 606 γὰρ
1689 536 1782 589 καὶ
1808 535 1892 603 ού)

2086 534 2228 592 Ecce
2271 537 2414 608 ignis
2466 551 2577 591 non
2617 536 2889 593 comburit
2926 552 3019 601 se,
3055 535 3152 594 sed
3189 537 3356 603 aliud,
3407 553 3592 610 neque

324 609 490 665 ἑαυτὸ
520 613 805 671 ἀναλώσει,
851 617 983 671 Ἰδοὺ
1011 619 1073 672 τὸ
1099 618 1240 692 ὕδωρ
1267 622 1428 675 ἑαυτὸ
1453 624 1514 679 ού
1537 624 1866 691 κατακλύζει
1888 642 1902 655 ·

321 698 398 753 τά
424 702 530 775 γάρ
557 704 718 776 ἕτερα
734 706 1075 763 κατακλῦσαι
1102 701 1263 777 όῖδεν,
1290 714 1451 766 ἑαυτὸ
1481 714 1538 769 δὲ
1565 717 1905 771 κατακλύσαι

318 792 426 846 οὐκ
453 794 585 865 ἔχει.
616 797 749 851 Ἰδοὺ
792 800 823 852 ὀ
860 799 968 872 ἀὴρ
987 802 1180 873 ψύχειν
1218 806 1411 860 ἑαυτὸν
1433 806 1533 860 οὐκ
1573 802 1712 863 οἶδεν
1734 826 1750 842 ·
1785 812 1905 864 ἐπεὶ

318 884 435 937 πᾶν
461 885 523 939 τὸ
549 886 693 960 δρῶν
716 889 809 943 καὶ
843 892 1046 947 κακοῦν
1079 894 1263 967 ἔτερόν
1278 914 1331 952 τι
1346 902 1507 954 κακοί
1526 900 1619 954 καὶ
1637 902 1795 955 λυπεῖ
1812 921 1826 935 ο
1855 902 1905 956 εί

314 974 380 1067 οὲ
415 978 563 1067 κακὴ
589 981 622 1052 ἠ
648 981 903 1051 ἄϐυσσος,
915 986 1009 1039 καὶ
1024 988 1379 1045 κακοῦνταιοί
1394 992 1644 1063 δαίμονες
1675 994 1779 1048 ὑπὸ
1805 996 1906 1067 τῆς

316 1064 579 1134 ἀϐύσσου,
613 1072 710 1126 καὶ
772 1071 1189 1149 βασανιστήριον
1228 1080 1326 1150 μὲν
1376 1083 1410 1153 ἡ
1440 1080 1697 1149 ἄϐυσσος,
1743 1064 1901 1155 mps-

313 1155 573 1215 ῦλοῦνται
594 1161 651 1219 δὲ
685 1164 735 1219 ot
770 1165 1044 1239 δαίμονες,
1076 1171 1259 1225 οὐκέτι
1287 1171 1367 1244 τῷ
1387 1174 1557 1245 ὁμοίῳ
1585 1174 1901 1245 βασανίζον-

312 1266 430 1313 ται,
450 1251 563 1305 ἀλλ’
586 1253 760 1328 ἕτεροι
788 1258 936 1323 ὄντες
947 1260 1052 1313 ὑπὸ
1072 1261 1261 1334 ἑτέρου
1276 1262 1663 1334 βασανίζονται
1680 1284 1693 1296 ο
1718 1266 1901 1320 ούκέτι

310 1341 421 1412 τῆς
457 1343 670 1411 φύσεως
714 1348 918 1420 ταύτης
973 1351 1096 1405 οὐδὲ
1141 1353 1244 1425 τῆς
1293 1355 1511 1418 οὐσίας·
1560 1357 1756 1427 ἑτέρας
1792 1356 1901 1428 γὰρ

310 1434 529 1508 ἐδείχθη
574 1437 762 1505 οὐσίας
804 1443 838 1514 ἡ
868 1442 1123 1509 ἄϐυσσος.
1174 1446 1283 1501 Καὶ
1314 1446 1397 1502 δτι
1424 1448 1526 1519 μὲν
1557 1451 1606 1503 οι
1647 1449 1902 1520 δαίμονες

310 1526 506 1597 ἑτέρου
533 1530 735 1598 γένους
760 1534 855 1589 καὶ
887 1534 1084 1609 ἐτέρας
1108 1537 1296 1601 οὐσίας
1329 1538 1481 1613 παρὰ
1503 1541 1604 1612 τὴν
1639 1540 1896 1604 ἄϐυσσον,

316 1616 482 1672 ἱκανὰ
522 1621 591 1676 τά
639 1624 937 1696 εἰρημέναο
974 1628 1070 1684 καὶ
1096 1627 1236 1699 αὕτη
1268 1628 1325 1683 δὲ
1355 1631 1388 1701 ἡ
1414 1628 1650 1703 ἄϐυσσος
1680 1632 1901 1702 βασανι-

313 1710 537 1782 πήριον
574 1712 673 1783 μὲν
725 1712 841 1769 ἐστι
884 1717 981 1769 καὶ
1013 1717 1391 1788 κολαστήριον,
1421 1719 1522 1771 οὐκ
1563 1718 1779 1773 αἰώνιον
1818 1721 1895 1784 δὲ,

306 1800 435 1855 οὔτε
490 1805 805 1879 ἀγέννητον,
857 1809 973 1862 ἀλλ’
1018 1809 1242 1883 ὕστερόν
1288 1829 1420 1865 ποτε
1478 1814 1894 1886 γεγεννημένον,

2010 642 2070 683 se
2114 630 2407 685 consumit.
2471 628 2613 685 Ecce
2665 645 2804 699 aqua
2866 644 2975 684 non
3022 630 3253 685 inundat
3318 630 3583 701 seipsam,

2009 734 2129 787 quae
2162 720 2267 774 alia
2314 720 2585 775 inundare
2624 719 2784 783 solet,
2842 736 2902 776 se
2927 737 3056 775 vero
3091 722 3208 792 ipsa
3235 736 3345 775 non
3379 730 3582 790 potest.

2008 808 2148 865 Ecce
2185 826 2299 877 aer,
2324 810 2649 882 refrigerare
2684 827 2744 867 se
2776 813 2891 882 ipse
2928 828 3037 867 non
3069 820 3283 882 potest,
3320 813 3585 883 quoniam

2006 916 2168 959 omne
2213 904 2360 975 quod
2408 904 2541 959 facit
2582 911 2638 959 et
2667 906 2898 971 cruciat,
2942 904 3090 959 aliud
3111 904 3242 974 quid
3275 904 3489 960 cruciat
3530 911 3585 957 et

2006 991 2197 1049 dolore
2229 994 2412 1050 acit.
2469 995 2527 1050 Si
2564 1003 2746 1049 autem
2778 995 3013 1067 ahyssus
3037 996 3249 1051 cruciat
3288 1003 3344 1050 et
3381 995 3584 1051 damo-

2008 1100 2109 1140 nes
2150 1087 2471 1141 cruciantur
2496 1087 2565 1142 ab
2594 1088 2712 1158 ipsa
2748 1087 2966 1158 abysso,
3002 1096 3195 1159 estque
3233 1088 3470 1160 ahyssus
3499 1088 3582 1142 lo-

2005 1192 2109 1231 cus
2134 1184 2569 1246 tormentorum;
2601 1186 2927 1250 torquentur
2959 1180 3107 1234 enim
3142 1180 3440 1244 daemones,
3470 1193 3583 1237 non

1999 1268 2113 1337 jam
2143 1276 2469 1338 torquentur
2498 1285 2528 1323 a
2569 1270 2760 1334 simili,
2792 1270 2886 1325 sed
2922 1270 3010 1323 alii
3053 1286 3177 1325 cum
3210 1272 3341 1337 sint,
3383 1272 3452 1325 ah
3473 1270 3599 1326 alio

2005 1367 2378 1430 torquentur;
2412 1375 2523 1415 non
2552 1362 2619 1413 ab
2651 1361 2753 1416 hac
2796 1369 2996 1417 natura
3027 1377 3203 1433 neque
3247 1362 3579 1426 substantia,

2001 1467 2110 1523 qua
2135 1452 2345 1507 scilicet
2368 1450 2642 1508 daemones
2670 1464 2800 1509 sunt
2828 1472 2842 1506 :
2880 1453 3107 1508 alterius
3135 1452 3281 1507 enirn
3318 1454 3583 1511 substan-

2003 1549 2091 1600 tiae
2114 1551 2200 1600 est
2242 1545 2495 1615 abyssus.
2544 1543 2721 1616 Atque
2764 1560 2887 1601 esse
2926 1546 3147 1615 quidem
3194 1544 3470 1603 dmoues
3500 1544 3586 1602 al-

2000 1637 2172 1692 terius
2192 1637 2411 1707 generis
2445 1650 2509 1689 ac
2533 1637 2855 1692 substantiae
2880 1645 3077 1706 praeter
3117 1638 3301 1709 abyssi
3331 1636 3585 1697 substan-

1999 1728 2153 1791 tiam,
2178 1728 2313 1783 satis
2339 1743 2405 1782 ex
2437 1728 2505 1783 iis
2531 1742 2653 1797 quas
2702 1728 2849 1783 dicta
2882 1737 3041 1793 sunt,
3073 1729 3425 1800 perspicitur.
3457 1726 3580 1801 Ipsa

2000 1832 2129 1872 vero
2170 1818 2402 1889 abyssus
2438 1819 2591 1873 locus
2633 1826 2719 1873 est
2751 1827 3149 1875 tormentorum
3177 1835 3243 1876 ac
3282 1821 3582 1891 supplicio-

306 1892 411 1961 ὀψέ
434 1911 561 1949 ποτε
590 1900 979 1970 πεποιημένον,
1003 1903 1123 1956 ἀντὶ
1150 1880 1450 1977 *φαρμάκου
1492 1880 1588 1960 καὶ
1617 1880 1892 1978 βοηθήμα-

1996 1927 2140 1973 rum,
2167 1924 2276 1966 non
2307 1919 2488 1967 tamen
2521 1921 2781 1974 aeternus,
2801 1929 2901 1967 nec
2938 1913 3212 1984 ingenitus
3239 1933 3255 1980 ;
3289 1913 3387 1971 sed
3421 1918 3577 1984 post-

306 2002 404 2050 τος
428 1990 544 2054 τοῖς
560 1990 956 2062 ἡμαρτηκόσιν.
1016 1995 1179 2065 Ίεραὶ
1216 1996 1324 2068 γὰρ
1358 1998 1413 2050 αί
1443 1998 1726 2068 μάστιγες,
1757 2000 1892 2072 φάρ-

1995 2018 2058 2059 ea
2089 2003 2209 2069 fuit,
2239 2018 2363 2059 sero
2406 2002 2623 2057 tandem
2664 2002 2843 2058 factus
2870 2043 2884 2068 ,
2943 2012 3004 2057 ut
3037 2012 3183 2060 esset
3227 2004 3498 2060 medicina
3521 2011 3578 2060 et

310 2095 490 2150 μικον
536 2077 689 2137 οὖσαι
740 2084 851 2139 τῶν
897 2088 1298 2160 ἡμαρτηκότων
1327 2106 1345 2119 '
1402 2090 1542 2160 ίεραὶ
1586 2092 1643 2144 αί
1685 2092 1892 2162 πληγαὶ

1995 2111 2153 2166 opem
2199 2094 2368 2151 ferret
2416 2095 2795 2164 peccantibus.
2849 2094 3035 2151 Sacra:
3082 2105 3212 2152 sunt
3259 2097 3433 2168 plagas
3456 2109 3581 2168 qua

308 2170 633 2244 βοηθήματα
660 2176 1025 2248 τυγχάνουσαι
1059 2180 1170 2232 τῶν
1199 2181 1512 2249 σφαλέντων
1530 2198 1545 2212 ·
1574 2184 1636 2237 οὐ
1665 2184 1775 2254 γὰρ
1807 2184 1892 2237 ἵνα

1995 2197 2124 2243 sunt
2166 2187 2406 2242 remedia
2445 2194 2500 2242 et
2534 2186 2735 2243 auxilia
2781 2195 3091 2242 erratorum
3115 2176 3151 2254 ;’
3178 2202 3289 2245 non
3326 2190 3471 2244 enim
3516 2197 3577 2245 ut

303 2256 415 2318 ὦσι
446 2266 611 2320 κακοὶ
651 2269 708 2325 αἱ
745 2270 952 2342 πληγαὶ
992 2272 1280 2340 γεγόνασιν
1300 2314 1313 2337 ,
1348 2272 1462 2328 ἀλλ’
1498 2274 1646 2338 ὅπως
1682 2276 1758 2346 μὴ
1788 2270 1891 2331 ὦσι

1995 2280 2106 2334 sint
2130 2278 2283 2342 mali,
2315 2275 2475 2335 facta:
2506 2286 2634 2332 sunt
2665 2278 2857 2349 plagae,
2884 2278 2978 2333 sed
3027 2288 3085 2332 ut
3119 2294 3229 2335 non
3274 2278 3389 2337 sint
3422 2279 3577 2351 mali,

302 2358 473 2411 κακοὶ
530 2360 819 2428 γεγόνασιν
873 2364 928 2416 αι
990 2363 1639 2437 μάστιγεςονλυπούμενοι
1682 2368 1791 2439 γὰρ
1821 2371 1888 2439 τῇ

1995 2372 2219 2426 verbera
2270 2370 2495 2425 inducta
2526 2380 2693 2436 sunt;
2728 2370 2855 2425 mali
2890 2371 3037 2426 enim
3078 2371 3267 2426 dolore
3292 2372 3573 2443 plagarum

305 2447 492 2522 πληγῇ
527 2452 578 2503 οἱ
621 2454 780 2508 κακοὶ
806 2456 872 2525 τῇ
908 2454 1130 2527 μάστιγι
1159 2456 1442 2514 κολοϐοῠσι
1465 2458 1534 2511 τὰ
1584 2458 1760 2511 κακάο
1800 2459 1891 2513 διὰ

1995 2470 2277 2534 amputant
2309 2472 2364 2517 et
2389 2462 2699 2532 praecidunt
2738 2463 2894 2519 vitia.
2920 2461 3132 2521 Idcirco
3152 2478 3265 2520 non
3292 2465 3576 2535 querimur

301 2540 467 2596 τοῦτο
498 2542 619 2596 οὐδὲ
661 2544 764 2608 τὰς
791 2545 1062 2611 ἀϐύσσους
1106 2550 1435 2621 μεμφόμεθα
1454 2567 1471 2581 ⁸
1502 2550 1615 2605 ἀλλ’
1644 2549 1885 2621 οἴδαμεν,

301 2629 393 2684 ὃτι
419 2630 838 2704 βασανιστήριον
858 2635 951 2688 καὶ
988 2636 1344 2710 κολαστήριον
1367 2642 1642 2710 γεγόνασι,
1674 2662 1887 2715 σωφρο-

301 2721 500 2791 νισμὸς
530 2720 640 2776 τῶν
670 2725 1071 2796 ἡμαρτηκότων
1097 2731 1485 2799 τυγχάνουσαι.

384 2812 441 2864 Ei
469 2813 525 2866 δὲ
547 2816 961 2889 βασανιστήριον
984 2820 1076 2873 καὶ
1105 2820 1535 2895 στρεϐλωτήριον
1563 2827 1596 2897 ἡ
1629 2825 1886 2891 ἄϐυσσος,

305 2903 693 2973 στρεϐλοῦνται
734 2906 791 2960 δὲ
827 2909 920 2963 καὶ
962 2909 1343 2979 βασανίζονται
1398 2917 1447 2967 οἱ
1498 2915 1770 2986 δαίμονες,
1796 2917 1892 2969 καὶ

299 2995 407 3065 τὴν
436 2996 625 3051 οὐσίαν
672 2996 888 3070 ἔχουσιν
936 3001 1150 3073 εὐπαθῆ
1183 3004 1321 3075 πρὸς
1371 3005 1440 3057 τὰ
1472 3006 1888 3079 βασανιστήρια,

295 3086 405 3140 καὶ
427 3086 680 3143 δύνανται
722 3090 867 3161 ἔχειν
903 3094 998 3148 καὶ
1036 3092 1325 3165 ἀλγηδόνα,
1358 3098 1669 3153 ὑπόκεινται
1694 3100 1786 3151 καὶ
1812 3117 1888 3151 τια

1988 2555 2056 2610 de
2107 2553 2359 2625 abyssis;
2412 2555 2549 2624 quin
2591 2554 2776 2626 potius
2828 2554 3121 2611 tormentis
3171 2561 3229 2609 et
3285 2554 3573 2626 suppliciis

1990 2655 2196 2711 scimus
2229 2654 2489 2726 castigari
2523 2668 2591 2708 ac
2624 2654 2831 2726 corrigi
2867 2668 2972 2711 eos
3000 2654 3097 2725 qui
3132 2654 3480 2725 deliquerunt

2063 2847 2118 2902 Si
2152 2858 2330 2903 autem
2362 2846 2597 2919 abyssos
2625 2855 2731 2912 est,
2781 2849 2875 2905 ubi
2921 2848 3198 2906 daemones
3247 2858 3578 2923 torquentur

1991 2946 2045 2993 et
2072 2940 2343 3009 supplicio
2372 2936 2707 3003 adiciuntur,
2739 2947 2792 2995 et
2834 2943 3202 2998 substantiam
3230 2944 3574 3015 habenth

1993 3028 2179 3083 subire
2210 3036 2387 3097 potest
2418 3039 2690 3084 tormenta
2722 3039 2777 3083 et
2814 3032 3058 3087 dolorem
3107 3036 3335 3101 sentire,
3361 3040 3419 3091 et
3442 3050 3573 3108 sup-

1992 3118 2151 3189 plicia
2194 3118 2490 3184 sustinent,
2528 3128 2583 3174 et
2612 3120 2814 3178 habent
2861 3124 3357 3181 remunerationem
3384 3140 3579 3197 pinna.

302 3177 511 3249 μωρίᾳ,
530 3179 625 3231 καὶ
638 3180 922 3254 ἀντίληψιν
944 3182 1129 3254 ἔχουσι
1152 3184 1257 3238 τῶν
1277 3186 1569 3252 κολάσεων,
1600 3188 1716 3252 πῶς
1738 3190 1892 3257 ἀγέν-

1995 3177 2122 3263 rum
2163 3209 2362 3277 quibus
2404 3177 2742 3278 puniuntur,
2798 3177 3574 3287 ιιυοιιιοᾶοιὶηεθιιῦῐίἶῖισο-

299 3285 491 3338 νητοις
530 3269 649 3334 πῶς
678 3272 798 3338 ἀεί;
856 3273 973 3338 πῶς
1022 3275 1279 3331 οὐδέποτε
1328 3278 1589 3349 ἧρξαντος
1639 3280 1759 3344 πῶς
1799 3282 1891 3351 ἀφ’

298 3360 516 3414 ἑαυτῶν
544 3364 682 3417 εἰσιν
712 3364 763 3418 ei
786 3364 861 3435 μὴ
891 3366 1159 3432 ἀπαθεῖςς
1187 3370 1236 3422 oi
1268 3369 1459 3423 παθεῖν
1483 3370 1764 3441 δυνάμενοι
1798 3374 1893 3424 καὶ

297 3449 683 3521 τιμωρηθῆναι
726 3451 1033 3521 ίσχύοντεςς
1063 3455 1317 3510 οὐδέποτε
1356 3456 1465 3527 γὰρ
1496 3460 1558 3511 τὸ
1595 3460 1891 3529 ἀγέννητον

297 3537 454 3590 οὐδὲν
479 3540 746 3605 πείσεται,
778 3544 901 3597 ούδέ
933 3544 1038 3597 ὑπό
1068 3561 1213 3608 τινος
1258 3548 1705 3620 τιμωρηθήσεται
1726 3568 1740 3581 ο
1774 3552 1889 3603 ἀλλ’

297 3628 398 3697 ἀφ’
428 3631 619 3684 ἑαυτοῦ
640 3633 945 3704 ἀρξάμενον
974 3636 1152 3706 ἑαυτῷ
1168 3637 1340 3707 μένει,
1364 3641 1459 3691 καὶ
1480 3641 1554 3711 μὴ
1583 3644 1675 3711 ἀφ’
1700 3644 1889 3714 ἑτέρου

295 3719 596 3793 δεξάμενον
632 3726 731 3795 τὴν
758 3728 953 3797 ἀρχὴν,
994 3728 1116 3780 οὐδὲ
1150 3729 1241 3797 ἀφ’
1272 3730 1458 3802 ἑτέρου
1490 3734 1589 3803 τὴν
1618 3734 1891 3805 τιμωρίαν

298 3814 600 3885 λαμϐάνει·
627 3816 721 3868 καὶ
748 3817 823 3886 μὴ
851 3818 1286 3887 ἐπιγραφόμενον
1318 3821 1410 3874 τὸν
1442 3824 1613 3876 αἴτιον
1643 3826 1743 3877 οὐκ
1773 3827 1891 3877 ὲπι-

299 3907 647 3977 γραφήσεται
697 3907 788 3959 τὸν
817 3906 1116 3971 κολάζοντα
1137 3926 1149 3939 ·
1184 3912 1276 3963 καὶ
1319 3912 1381 3964 οὺ
1409 3913 1728 3984 κριθήσεται
1760 3919 1888 3986 παρ’

298 3997 492 4071 ἑτέρου
554 3997 633 4069 μὴ
656 4001 794 4071 παρ’
820 3998 1009 4071 ἐτέρου
1042 4001 1349 4073 ἀρξάμενον
1372 4020 1385 4033 ·
1436 4006 1529 4059 καὶ
1554 4007 1615 4058 οὑ
1652 4008 1891 4079 φοβηθή-

302 4108 458 4147 σεται
485 4090 675 4146 οὐδένα
726 4094 859 4162 παρ’
886 4093 1098 4158 οὐδενὸς
1134 4094 1196 4147 τὸ
1241 4091 1381 4148 εἶναι
1402 4097 1646 4169 εἰληφός.
1681 4100 1745 4152 Τί
1780 4102 1889 4173 γὰρ

300 4182 404 4236 καὶ
446 4180 837 4253 φοϐηθήσεται,
868 4185 917 4236 εί
971 4183 1185 4238 τελείαν
1223 4187 1324 4258 τὴν
1374 4186 1631 4242 σύστασιν
1664 4189 1809 4259 ﬁxae;
1839 4194 1887 4244 εἰ

297 4270 511 4328 τέλειον
531 4272 626 4326 τὸν
667 4274 1043 4345 desperari“;
1087 4277 1140 4328 ei
1175 4276 1267 4347 ἀφ’
1302 4278 1495 4332 ἑαυτοῦ
1529 4280 1885 4352 ἀπήρτισται,

301 4363 403 4417 καὶ
428 4362 602 4434 ἑαυτῷ
622 4365 928 4436 immani;
956 4371 1025 4422 ri
1050 4370 1161 4441 γὰρ
1189 4369 1459 4441 δυνάμενα
1486 4370 1599 4442 (id)
1638 4373 1885 4447 παθητὴν

300 4457 452 4527 ἔχειν
506 4456 609 4527 τὴν
660 4458 928 4527 ἁρμονίαν
978 4460 1223 4529 φοϐεῖται
1266 4462 1361 4516 τὸν
1393 4462 1691 4534 δυνάμενον
1720 4484 1887 4537 μετα-

1996 3300 2159 3354 modo
2204 3301 2466 3370 semper?
2495 3303 2773 3372 quomodo
2802 3320 3077 3374 nunquam
3109 3320 3232 3361 esse
3252 3305 3576 3378 cmperuntf

1994 3392 2268 3462 quomodo
2289 3409 2358 3448 ex
2387 3410 2448 3450 se
2478 3402 2628 3457 sunt,
2661 3395 2756 3465 qui
2784 3395 3114 3465 impaiibilcs
3143 3412 3252 3451 non
3274 3405 3429 3461 sunt,
3474 3398 3573 3467 qui

1994 3483 2102 3549 pati
2138 3490 2392 3553 possunt,
2431 3486 2527 3555 qui
2568 3492 2801 3555 possunt
2840 3480 3057 3554 puniri?
3082 3483 3381 3557 ingenitum
3423 3485 3573 3541 enim

1992 3572 2131 3626 nihil
2184 3590 2423 3645 unquam
2459 3576 2587 3630 mali
2614 3574 2943 3639 sustinebit,
2995 3588 3098 3628 nec
3138 3575 3208 3630 ab
3239 3574 3349 3628 ullo
3380 3574 3573 3645 punico

1990 3676 2098 3721 tur.
2141 3665 2282 3733 Quin
2314 3668 2494 3738 potius
2546 3683 2578 3723 a
2627 3669 2812 3739 seipse
2871 3668 3201 3739 principium
3233 3668 3443 3723 ducens
3484 3681 3572 3723 Ie—

1992 3757 2112 3826 ipso
2149 3758 2433 3820 consistit,
2475 3765 2531 3813 et
2565 3774 2672 3811 non
2705 3758 2773 3812 ab
2803 3757 2984 3813 altero
3010 3765 3251 3829 emptum
3301 3766 3388 3813 est
3413 3797 3429 3821 ,
3469 3772 3572 3813 nec

1991 3848 2061 3903 ab
2108 3849 2279 3902 altero
2326 3849 2654 3919 supplicium
2705 3849 2848 3915 fert;
2882 3856 2936 3904 et
2974 3851 3065 3904 cui
3096 3864 3205 3904 non
3258 3850 3570 3920 assignatur

1992 3947 2203 4004 auctor,
2237 3956 2347 3995 non
2381 3941 2757 4009 assignahilur
2778 3941 3011 4008 vindex;
3044 3948 3098 3996 et
3128 3955 3235 3997 non
3290 3941 3568 4012 iudicabi-

1990 4038 2080 4083 tur
2106 4030 2174 4084 ab
2209 4030 2405 4094 altero,
2438 4031 2531 4101 qui
2561 4030 2632 4084 ab
2654 4030 2827 4086 altero
2852 4046 2960 4109 non
2985 4037 3071 4085 est
3103 4037 3354 4100 coeptus;
3384 4042 3448 4083 ac
3469 4044 3571 4082 ne»

1988 4121 2190 4175 minem
2223 4126 2447 4183 metuet,
2469 4119 2562 4191 qui
2593 4136 2623 4174 a
2653 4123 2870 4176 nemine
2898 4122 3106 4191 accepit
3140 4131 3197 4174 ut
3229 4126 3396 4175 esset.
3428 4118 3571 4185 Quid

1990 4211 2136 4265 enim
2180 4218 2406 4275 metuet,
2443 4210 2490 4267 si
2530 4212 2586 4265 in
2635 4210 2969 4281 perfectione
3000 4208 3292 4266 consistit?
3345 4210 3392 4265 si
3447 4224 3571 4279 per-

1990 4303 2186 4356 fectam
2227 4300 2758 4356 consummationem
2791 4301 2991 4357 habet?
3044 4300 3092 4356 si
3135 4316 3166 4357 a
3210 4315 3270 4355 se
3312 4314 3570 4355 consum-

1991 4401 2171 4445 matus
2196 4392 2324 4447 est?
2371 4392 2416 4445 si
2462 4390 2646 4459 seipso
2680 4392 2939 4461 aptatus?
2970 4405 3204 4462 quorum
3236 4390 3383 4445 enim
3419 4398 3570 4459 apta-

1988 4484 2066 4536 tio
2110 4483 2506 4539 incommodari
2538 4489 2739 4553 potest,
2782 4484 2977 4539 timent
3030 4496 3197 4547 eum,
3230 4481 3325 4551 qui
3380 4488 3570 4551 aptare

301 4549 483 4599 ποιεῖν
509 4546 610 4611 τὰς
634 4546 901 4617 ἁρμονίας
922 4566 934 4579 ·
964 4550 1023 4603 τὸ
1076 4550 1370 4623 δυνάμενον
1416 4553 1606 4607 παθεῖν
1642 4557 1885 4625 φοϐεῖται

1995 4581 2173 4645 potest
2200 4593 2213 4627 :
2246 4574 2392 4644 quod
2424 4546 2601 4644 pote-st
2623 4546 2762 4629 male
2786 4574 2946 4638 allici,
2969 4574 3125 4628 timet
3149 4546 3299 4629 male
3326 4546 3569 4627 allicien-

299 4638 400 4691 τὸν
426 4637 653 4710 δρῶντα.
685 4637 746 4693 Ei
762 4639 834 4704 se
859 4641 1149 4709 φοϐοῦνται
1176 4647 1225 4697 οἱ
1250 4645 1499 4715 δαίμονες
1521 4649 1612 4700 καὶ
1632 4648 1884 4706 δύνανται

304 4730 522 4794 παθεῖν,
557 4731 662 4786 οὐκ
707 4730 991 4805 ἀγέννητοί
1021 4738 1155 4787 εἰσιν
1196 4738 1259 4790 τὸ
1284 4738 1394 4810 γὰρ
1422 4741 1714 4814 ἀγέννητον
1743 4747 1890 4801 ἁπα-

302 4820 420 4885 Θὲς,
456 4822 549 4877 καὶ
594 4823 657 4875 οὐ
690 4822 939 4881 δύναται.
967 4826 1179 4891 παθεῖν,
1232 4828 1348 4898 ἔξω,
1383 4833 1481 4903 τῆς
1526 4838 1738 4902 φύσεως
1775 4838 1888 4891 τῶν

302 4913 578 4985 γεννητῶν
600 4916 861 4985 ὑπάρχον.

386 5012 503 5065 Ὅτι
534 5012 591 5066 δὲ
633 5012 987 5077 ἱκετεύουσιν,
1012 5016 1073 5068 ὲν
1114 5018 1369 5091 αἰσθήσει
1401 5022 1528 5085 cici,
1564 5023 1659 5077 καὶ
1687 5025 1889 5080 οἴδασιν

302 5107 339 5159 ὃ
379 5106 520 5159 είσιο
572 5106 669 5158 καὶ
708 5104 936 5174 οἴδασιν,
984 5109 1067 5161 ὅτι
1111 5108 1364 5167 δύνανται
1408 5116 1630 5168 παθεῖν’
1672 5118 1733 5169 οὐ
1782 5120 1889 5192 γὰρ

305 5197 585 5269 ἠγνόησαν
611 5199 837 5263 ἑαυτούς
853 5215 868 5230 ·
904 5200 1006 5255 οὐκ
1036 5202 1266 5269 ἀπαθεῖς
1291 5206 1517 5270 ἑαυτοὺς
1543 5206 1855 5276 ἑλογίσαντο
1872 5228 1885 5241 ·

304 5290 370 5343 τὸ
388 5288 446 5342 δὲ
479 5288 680 5349 εἰδέναι
718 5288 841 5343 τινὰ
869 5289 1062 5346 ἑαυτὸν
1088 5292 1183 5349 καὶ
1223 5294 1305 5367 μὴ
1324 5297 1676 5367 ἠγνοηκέναι,
1700 5300 1890 5371 αεσθή-

307 5379 452 5440 asto;
474 5379 590 5432 ἐστι
631 5375 899 5448 σύμϐολον
930 5380 1029 5436 καὶ
1064 5387 1308 5453 σημεῖον.
1343 5387 1406 5441 Ei
1438 5386 1485 5439 δ’
1516 5388 1595 5440 ὅτι
1624 5389 1765 5441 εἰσιν
1801 5393 1889 5445 εὑ·-

306 5469 503 5533 παθεῐς
528 5471 857 5537 ἐδειλὶασαν,
884 5475 981 5529 καὶ
1005 5473 1308 5542 δειλιῶντες
1332 5473 1639 5543 ἱκέτευσαν,
1665 5483 1763 5536 καὶ
1787 5482 1891 5536 ἱκέ-

306 5579 467 5617 τευον
501 5564 597 5616 τὸν
635 5560 933 5635 δυνάμενον
952 5582 966 5595 ·
992 5565 1096 5622 οὐκ
1125 5567 1524 5645 ἠγνόησανντδν
1571 5573 1846 5644 ίχνεύοντα
1874 5593 1886 5604 ·

1992 4674 2123 4719 tem.
2165 4664 2224 4719 Si
2258 4674 2439 4721 autem
2473 4668 2667 4723 timent
2705 4667 2981 4721 dzemones
3004 4704 3019 4729 ,
3068 4671 3123 4719 et
3159 4670 3392 4734 possunt
3428 4663 3571 4717 male

1996 4756 2155 4822 allici,
2187 4773 2296 4812 non
2329 4751 2457 4813 sunt
2485 4759 2711 4830 ingeniti
2739 4777 2752 4812 :
2788 4758 2933 4827 quod
2955 4757 3101 4811 enim
3133 4754 3431 4825 ingenitum
3458 4761 3565 4817 est,

1994 4849 2297 4918 impatihilc
2321 4856 2441 4915 est;
2479 4856 2534 4903 et
2573 4865 2682 4903 non
2725 4856 2903 4919 poteSt
2933 4848 3069 4919 pati,
3109 4847 3253 4917 quod
3285 4854 3439 4901 extra
3468 4860 3569 4900 na-

1993 4950 2173 4997 turam
2209 4941 2517 5011 genitorum
2550 4951 2653 4996 est.

2060 5032 2217 5099 Quod
2241 5040 2422 5087 autem
2457 5035 2792 5104 supplicant,
2827 5031 2881 5087 in
2912 5046 3080 5090 sensu
3114 5036 3266 5097 sunt,
3283 5036 3337 5084 et
3360 5027 3566 5093 sciunt,

1992 5123 2122 5197 quid
2151 5124 2291 5187 sint,
2336 5133 2389 5178 et
2417 5126 2565 5195 quod
2596 5140 2787 5197 ρωπος
2816 5126 3089 5181 sustinere
3137 5129 3408 5193 possunt;
3456 5133 3567 5175 non

1990 5216 2136 5270 enim
2166 5231 2226 5271 se
2257 5216 2675 5285 ignoraverunt;
2705 5232 2816 5271 non
2851 5232 2913 5272 se
2950 5215 3281 5287 impatibiles
3323 5228 3446 5269 esse
3472 5228 3569 5268 co-

1988 5307 2234 5375 gitaruut
2264 5324 2277 5361 :
2310 5322 2479 5363 nosse
2513 5316 2697 5363 autem
2767 5308 3007 5377 aliquem
3053 5307 3294 5375 seipsum
3353 5313 3410 5359 et
3454 5319 3571 5358 non

1992 5398 2280 5467 ignorare.
2318 5400 2533 5469 signum
2583 5406 2668 5455 est
2712 5414 2912 5457 sensus
2938 5405 2995 5455 et
3021 5397 3306 5453 indicium.
3346 5392 3401 5447 Si
3437 5407 3571 5449 vero

1992 5488 2305 5558 quia-erant
2333 5492 2618 5560 patibiles,
2658 5490 3123 5553 lormidaverunt.
3159 5496 3215 5543 et
3266 5484 3568 5541 formidem

1995 5586 2078 5634 tes
2114 5581 2597 5650 supplicaverunt,
2628 5588 2683 5636 et
2731 5581 3175 5651 supplicaverunt
3208 5578 3257 5633 ei
3291 5574 3383 5645 qui
3414 5582 3565 5643 pote-

792 5718 941 5808 δυγέ,
972 5719 1063 5808 sic
1110 5724 1490 5808 reddendum:
1522 5729 1626 5798 Qui
1681 5728 2009 5788 hirrinoniam
2058 5734 2365 5790 urutabilem
2405 5737 2580 5808 habet,
2635 5736 2940 5805 reformidat
2976 5749 3088 5789 cum
3121 5731 3209 5802 qui
3240 5736 3408 5799 potest
3436 5729 3566 5789 har-

311 5790 519 5844 naeuius
544 5798 751 5845 mutare
787 5802 882 5847 aut
906 5791 1191 5850 destruere.
1226 5794 1383 5853 Basn.
1474 5862 1475 5865 η
