  <div class='ocr_page' id='page_1' title='image "/cluster/home/n/w/nwhite01/storage/ocr_20150623/18/pst.000005712038/582.png"; bbox 0 0 4058 6330; ppageno 0'>
   <div class='ocr_carea' id='block_1_1' title="bbox 226 378 391 440">
    <p class='ocr_par' dir='ltr' id='par_1_1' title="bbox 226 378 391 440">
     <span class='ocr_line' id='line_1_1' title="bbox 226 378 391 440; baseline -0.012 0"><span class='ocrx_word' id='word_1_1' title='bbox 226 378 391 440; x_wconf 67' lang='lat'><strong>“29</strong></span> 
     </span>
    </p>
   </div>
   <div class='ocr_carea' id='block_1_2' title="bbox 1317 375 2404 439">
    <p class='ocr_par' dir='ltr' id='par_1_2' title="bbox 1317 375 2404 439">
     <span class='ocr_line' id='line_1_2' title="bbox 1317 375 2404 439; baseline -0.003 -3"><span class='ocrx_word' id='word_1_2' title='bbox 1317 377 1688 437; x_wconf 70' lang='lat' dir='ltr'><strong>ADVERSUS</strong></span> <span class='ocrx_word' id='word_1_3' title='bbox 1723 376 2152 439; x_wconf 67' lang='lat' dir='ltr'><strong>KAMCBEOS</strong></span> <span class='ocrx_word' id='word_1_4' title='bbox 2191 375 2319 434; x_wconf 85' lang='lat' dir='ltr'><strong>LIB.</strong></span> <span class='ocrx_word' id='word_1_5' title='bbox 2359 377 2404 433; x_wconf 88' lang='grc' dir='ltr'><strong>ι.</strong></span> 
     </span>
    </p>
   </div>
   <div class='ocr_carea' id='block_1_3' title="bbox 3371 384 3510 439">
    <p class='ocr_par' dir='ltr' id='par_1_3' title="bbox 3371 384 3510 439">
     <span class='ocr_line' id='line_1_3' title="bbox 3371 384 3510 439; baseline 0.022 -3"><span class='ocrx_word' id='word_1_6' title='bbox 3371 384 3510 439; x_wconf 70' lang='grc' dir='ltr'><strong>ιιεο</strong></span> 
     </span>
    </p>
   </div>
   <div class='ocr_carea' id='block_1_4' title="bbox 228 498 1846 585">
    <p class='ocr_par' dir='ltr' id='par_1_4' title="bbox 228 499 1829 575">
     <span class='ocr_line' id='line_1_4' title="bbox 228 499 1829 575; baseline 0 -19"><span class='ocrx_word' id='word_1_7' title='bbox 228 500 432 575; x_wconf 67' lang='grc' dir='ltr'><strong>τοιον</strong></span> <span class='ocrx_word' id='word_1_8' title='bbox 451 499 560 557; x_wconf 77' lang='grc' dir='ltr'><strong>τῶν</strong></span> <span class='ocrx_word' id='word_1_9' title='bbox 579 500 888 562; x_wconf 70' lang='grc' dir='ltr'><strong>πιπτόντων</strong></span> <span class='ocrx_word' id='word_1_10' title='bbox 904 502 1022 557; x_wconf 64' lang='grc' dir='ltr'><strong>ἐστὶ</strong></span> <span class='ocrx_word' id='word_1_11' title='bbox 1048 502 1142 558; x_wconf 75' lang='grc' dir='ltr'><strong>καὶ</strong></span> <span class='ocrx_word' id='word_1_12' title='bbox 1167 503 1342 575; x_wconf 78' lang='grc' dir='ltr'><strong>χαμαὶ</strong></span> <span class='ocrx_word' id='word_1_13' title='bbox 1358 503 1626 575; x_wconf 68' lang='grc' dir='ltr'><strong>κειμένων</strong></span> <span class='ocrx_word' id='word_1_14' title='bbox 1649 502 1829 559; x_wconf 85' lang='grc' dir='ltr'><strong>κυλιν-</strong></span> 
     </span>
    </p>
   </div>
   <div class='ocr_carea' id='block_1_5' title="bbox 1925 498 3509 585">
    <p class='ocr_par' dir='ltr' id='par_1_5' title="bbox 1930 498 3509 585">
     <span class='ocr_line' id='line_1_5' title="bbox 1930 498 3509 585; baseline 0.002 -28"><span class='ocrx_word' id='word_1_15' title='bbox 1930 502 2143 557; x_wconf 86' lang='lat' dir='ltr'><strong>ruinam</strong></span> <span class='ocrx_word' id='word_1_16' title='bbox 2174 499 2359 563; x_wconf 82' lang='lat' dir='ltr'><strong>datus,</strong></span> <span class='ocrx_word' id='word_1_17' title='bbox 2394 498 2491 569; x_wconf 87' lang='lat' dir='ltr'><strong>qui</strong></span> <span class='ocrx_word' id='word_1_18' title='bbox 2524 498 2654 552; x_wconf 81' lang='lat' dir='ltr'><strong>olim</strong></span> <span class='ocrx_word' id='word_1_19' title='bbox 2685 498 2839 585; x_wconf 72' lang='lat' dir='ltr'><strong>valde</strong></span> <span class='ocrx_word' id='word_1_20' title='bbox 2862 499 3123 570; x_wconf 87' lang='lat' dir='ltr'><strong>copiosus</strong></span> <span class='ocrx_word' id='word_1_21' title='bbox 3152 511 3286 557; x_wconf 86' lang='lat' dir='ltr'><strong>erat.</strong></span> <span class='ocrx_word' id='word_1_22' title='bbox 3324 501 3380 559; x_wconf 94' lang='lat' dir='ltr'><strong>Si</strong></span> <span class='ocrx_word' id='word_1_23' title='bbox 3408 520 3509 561; x_wconf 90' lang='lat' dir='ltr'><strong>au-</strong></span> 
     </span>
    </p>
   </div>
   <div class='ocr_carea' id='block_1_6' title="bbox 228 591 1826 668">
    <p class='ocr_par' dir='ltr' id='par_1_6' title="bbox 228 591 1826 668">
     <span class='ocr_line' id='line_1_6' title="bbox 228 591 1826 668; baseline 0 -17"><span class='ocrx_word' id='word_1_24' title='bbox 228 591 543 668; x_wconf 71' lang='grc' dir='ltr'><strong>δουμινων,</strong></span> <span class='ocrx_word' id='word_1_25' title='bbox 559 596 746 651; x_wconf 75' lang='grc' dir='ltr'><strong>λοιπὸν</strong></span> <span class='ocrx_word' id='word_1_26' title='bbox 763 596 824 651; x_wconf 70' lang='grc' dir='ltr'><strong>ιν</strong></span> <span class='ocrx_word' id='word_1_27' title='bbox 844 593 922 666; x_wconf 70' lang='grc' dir='ltr'><strong>τῷ</strong></span> <span class='ocrx_word' id='word_1_28' title='bbox 940 594 1126 665; x_wconf 76' lang='grc' dir='ltr'><strong>ιδάφει</strong></span> <span class='ocrx_word' id='word_1_29' title='bbox 1149 596 1391 667; x_wconf 70' lang='grc' dir='ltr'><strong>εἱστήκει</strong></span> <span class='ocrx_word' id='word_1_30' title='bbox 1405 596 1555 661; x_wconf 76' lang='grc' dir='ltr'><strong>ποτὲ,</strong></span> <span class='ocrx_word' id='word_1_31' title='bbox 1579 598 1673 651; x_wconf 77' lang='grc' dir='ltr'><strong>καὶ</strong></span> <span class='ocrx_word' id='word_1_32' title='bbox 1698 596 1826 667; x_wconf 76' lang='grc' dir='ltr'><strong>ἡδύ-</strong></span> 
     </span>
    </p>
   </div>
   <div class='ocr_carea' id='block_1_7' title="bbox 233 681 1827 758">
    <p class='ocr_par' dir='ltr' id='par_1_7' title="bbox 233 681 1827 758">
     <span class='ocr_line' id='line_1_7' title="bbox 233 681 1827 758; baseline -0.004 -15"><span class='ocrx_word' id='word_1_33' title='bbox 233 702 378 743; x_wconf 83' lang='grc' dir='ltr'><strong>νατο</strong></span> <span class='ocrx_word' id='word_1_34' title='bbox 394 685 890 758; x_wconf 68' lang='grc' dir='ltr'><strong>λέγεινοϊστῶτες</strong></span> <span class='ocrx_word' id='word_1_35' title='bbox 924 681 1088 755; x_wconf 76' lang='grc' dir='ltr'><strong>ἦσαν</strong></span> <span class='ocrx_word' id='word_1_36' title='bbox 1120 688 1175 741; x_wconf 81' lang='grc' dir='ltr'><strong>οι</strong></span> <span class='ocrx_word' id='word_1_37' title='bbox 1204 685 1385 753; x_wconf 78' lang='grc' dir='ltr'><strong>πόδες</strong></span> <span class='ocrx_word' id='word_1_38' title='bbox 1412 684 1580 755; x_wconf 69' lang='grc' dir='ltr'><strong>ἡμῶν</strong></span> <span class='ocrx_word' id='word_1_39' title='bbox 1603 685 1673 741; x_wconf 78' lang='grc' dir='ltr'><strong>ἐν</strong></span> <span class='ocrx_word' id='word_1_40' title='bbox 1697 686 1827 752; x_wconf 81' lang='grc' dir='ltr'><strong>ταῖς</strong></span> 
     </span>
    </p>
   </div>
   <div class='ocr_carea' id='block_1_8' title="bbox 236 777 1828 851">
    <p class='ocr_par' dir='ltr' id='par_1_8' title="bbox 236 777 1828 851">
     <span class='ocr_line' id='line_1_8' title="bbox 236 777 1828 851; baseline -0.001 -16"><span class='ocrx_word' id='word_1_41' title='bbox 236 780 634 848; x_wconf 71' lang='grc' dir='ltr'><strong>αὐλαῖςσον,</strong></span> <span class='ocrx_word' id='word_1_42' title='bbox 675 779 1097 849; x_wconf 55' lang='grc' dir='ltr'><strong>Ἰερουσαλὴμ</strong></span> <span class='ocrx_word' id='word_1_43' title='bbox 1129 778 1359 851; x_wconf 74' lang='grc' dir='ltr'><strong>ἠδύνατο</strong></span> <span class='ocrx_word' id='word_1_44' title='bbox 1385 778 1621 833; x_wconf 74' lang='grc' dir='ltr'><strong>ἀκούειν’</strong></span> <span class='ocrx_word' id='word_1_45' title='bbox 1639 777 1828 846; x_wconf 83' lang='grc' dir='ltr'><strong>Στῆτε</strong></span> 
     </span>
    </p>
   </div>
   <div class='ocr_carea' id='block_1_9' title="bbox 237 870 1827 945">
    <p class='ocr_par' dir='ltr' id='par_1_9' title="bbox 237 870 1827 945">
     <span class='ocr_line' id='line_1_9' title="bbox 237 870 1827 945; baseline -0.003 -17"><span class='ocrx_word' id='word_1_46' title='bbox 237 870 709 945; x_wconf 52' lang='lat' dir='ltr'><strong>sepia-iamiam:</strong></span> <span class='ocrx_word' id='word_1_47' title='bbox 737 873 844 938; x_wconf 78' lang='grc' dir='ltr'><strong>τὰς</strong></span> <span class='ocrx_word' id='word_1_48' title='bbox 878 872 1112 943; x_wconf 77' lang='grc' dir='ltr'><em>ὀσφύας</em></span> <span class='ocrx_word' id='word_1_49' title='bbox 1145 870 1313 943; x_wconf 74' lang='grc' dir='ltr'><strong>ὑμῶν</strong></span> <span class='ocrx_word' id='word_1_50' title='bbox 1335 873 1405 927; x_wconf 77' lang='grc' dir='ltr'><strong>ὲν</strong></span> <span class='ocrx_word' id='word_1_51' title='bbox 1430 873 1701 941; x_wconf 76' lang='grc' dir='ltr'><strong>ἀληθείᾳ·</strong></span> <span class='ocrx_word' id='word_1_52' title='bbox 1734 872 1827 925; x_wconf 82' lang='grc' dir='ltr'><strong>καὶ</strong></span> 
     </span>
    </p>
   </div>
   <div class='ocr_carea' id='block_1_10' title="bbox 240 963 1827 1037">
    <p class='ocr_par' dir='ltr' id='par_1_10' title="bbox 240 963 1827 1037">
     <span class='ocr_line' id='line_1_10' title="bbox 240 963 1827 1037; baseline -0.001 -19"><span class='ocrx_word' id='word_1_53' title='bbox 240 964 544 1037; x_wconf 76' lang='grc' dir='ltr'><strong>δυνάμενος</strong></span> <span class='ocrx_word' id='word_1_54' title='bbox 565 963 658 1018; x_wconf 78' lang='grc' dir='ltr'><strong>τοῦ</strong></span> <span class='ocrx_word' id='word_1_55' title='bbox 686 964 923 1030; x_wconf 76' lang='grc' dir='ltr'><strong>ἀκούειν,</strong></span> <span class='ocrx_word' id='word_1_56' title='bbox 955 965 1054 1017; x_wconf 84' lang='grc' dir='ltr'><strong>οὐκ</strong></span> <span class='ocrx_word' id='word_1_57' title='bbox 1087 964 1421 1035; x_wconf 76' lang='grc' dir='ltr'><strong>ἠσφαλίσατο</strong></span> <span class='ocrx_word' id='word_1_58' title='bbox 1447 964 1507 1033; x_wconf 72' lang='grc' dir='ltr'><strong>τὸ</strong></span> <span class='ocrx_word' id='word_1_59' title='bbox 1539 963 1827 1034; x_wconf 79' lang='grc' dir='ltr'><strong>εἰρημένον</strong></span> 
     </span>
    </p>
   </div>
   <div class='ocr_carea' id='block_1_11' title="bbox 242 1051 1827 1124">
    <p class='ocr_par' dir='ltr' id='par_1_11' title="bbox 242 1051 1827 1124">
     <span class='ocr_line' id='line_1_11' title="bbox 242 1051 1827 1124; baseline -0.003 -15"><span class='ocrx_word' id='word_1_60' title='bbox 242 1054 447 1123; x_wconf 64' lang='grc' dir='ltr'><strong>λόγων·</strong></span> <span class='ocrx_word' id='word_1_61' title='bbox 501 1052 569 1107; x_wconf 86' lang='grc' dir='ltr'><em>Ὅ</em></span> <span class='ocrx_word' id='word_1_62' title='bbox 596 1051 794 1107; x_wconf 72' lang='grc' dir='ltr'><strong>δοκῶν</strong></span> <span class='ocrx_word' id='word_1_63' title='bbox 838 1052 1085 1107; x_wconf 67' lang='grc' dir='ltr'><strong>ἑστάναι</strong></span> <span class='ocrx_word' id='word_1_64' title='bbox 1108 1053 1384 1119; x_wconf 69' lang='grc' dir='ltr'><strong>βλεπέτω</strong></span> <span class='ocrx_word' id='word_1_65' title='bbox 1399 1053 1487 1124; x_wconf 83' lang='grc' dir='ltr'><strong>μὴ</strong></span> <span class='ocrx_word' id='word_1_66' title='bbox 1517 1053 1696 1122; x_wconf 78' lang='grc' dir='ltr'><strong>πέσῃ·</strong></span> <span class='ocrx_word' id='word_1_67' title='bbox 1733 1052 1827 1105; x_wconf 79' lang='grc' dir='ltr'><strong>καὶ</strong></span> 
     </span>
    </p>
   </div>
   <div class='ocr_carea' id='block_1_12' title="bbox 250 1144 1823 1219">
    <p class='ocr_par' dir='ltr' id='par_1_12' title="bbox 250 1144 1823 1219">
     <span class='ocr_line' id='line_1_12' title="bbox 250 1144 1823 1219; baseline -0.001 -21"><span class='ocrx_word' id='word_1_68' title='bbox 250 1145 519 1219; x_wconf 72' lang='grc' dir='ltr'><strong>μηδεμίαν</strong></span> <span class='ocrx_word' id='word_1_69' title='bbox 561 1145 699 1216; x_wconf 84' lang='grc' dir='ltr'><strong>πρὸς</strong></span> <span class='ocrx_word' id='word_1_70' title='bbox 730 1144 794 1199; x_wconf 80' lang='grc' dir='ltr'><strong>τὸ</strong></span> <span class='ocrx_word' id='word_1_71' title='bbox 822 1147 1059 1200; x_wconf 83' lang='grc' dir='ltr'><strong>τοιοῦτον</strong></span> <span class='ocrx_word' id='word_1_72' title='bbox 1098 1146 1464 1218; x_wconf 77' lang='grc' dir='ltr'><strong>πεποιημένος</strong></span> <span class='ocrx_word' id='word_1_73' title='bbox 1503 1145 1823 1213; x_wconf 79' lang='grc' dir='ltr'><strong>ἀσφάλειαν,</strong></span> 
     </span>
    </p>
   </div>
   <div class='ocr_carea' id='block_1_13' title="bbox 244 1235 1829 1310">
    <p class='ocr_par' dir='ltr' id='par_1_13' title="bbox 244 1235 1829 1310">
     <span class='ocr_line' id='line_1_13' title="bbox 244 1235 1829 1310; baseline -0.003 -18"><span class='ocrx_word' id='word_1_74' title='bbox 244 1239 310 1292; x_wconf 73' lang='grc' dir='ltr'><strong>δν</strong></span> <span class='ocrx_word' id='word_1_75' title='bbox 338 1239 451 1300; x_wconf 73' lang='grc' dir='ltr'><strong>τοῖς</strong></span> <span class='ocrx_word' id='word_1_76' title='bbox 472 1235 733 1301; x_wconf 73' lang='grc' dir='ltr'><strong>τοιαύτας</strong></span> <span class='ocrx_word' id='word_1_77' title='bbox 758 1237 991 1310; x_wconf 74' lang='grc' dir='ltr'><strong>σήμερον</strong></span> <span class='ocrx_word' id='word_1_78' title='bbox 1011 1237 1335 1292; x_wconf 74' lang='grc' dir='ltr'><strong>κυλινδεῖται</strong></span> <span class='ocrx_word' id='word_1_79' title='bbox 1357 1254 1370 1267; x_wconf 78' lang='lat'><strong><em>°</em></strong></span> <span class='ocrx_word' id='word_1_80' title='bbox 1400 1237 1462 1290; x_wconf 82' lang='grc' dir='ltr'><strong>τὸ</strong></span> <span class='ocrx_word' id='word_1_81' title='bbox 1492 1236 1601 1308; x_wconf 81' lang='grc' dir='ltr'><strong>γὰρ</strong></span> <span class='ocrx_word' id='word_1_82' title='bbox 1630 1236 1716 1291; x_wconf 80' lang='grc' dir='ltr'><strong>ἀεὶ</strong></span> <span class='ocrx_word' id='word_1_83' title='bbox 1718 1252 1829 1309; x_wconf 62' lang='grc' dir='ltr'><strong>χα-</strong></span> 
     </span>
    </p>
   </div>
   <div class='ocr_carea' id='block_1_14' title="bbox 249 1326 1826 1403">
    <p class='ocr_par' dir='ltr' id='par_1_14' title="bbox 249 1326 1826 1403">
     <span class='ocr_line' id='line_1_14' title="bbox 249 1326 1826 1403; baseline -0.001 -22"><span class='ocrx_word' id='word_1_84' title='bbox 249 1327 352 1399; x_wconf 68' lang='grc' dir='ltr'><strong>μαι</strong></span> <span class='ocrx_word' id='word_1_85' title='bbox 382 1326 653 1397; x_wconf 78' lang='grc' dir='ltr'><strong>κείμενον,</strong></span> <span class='ocrx_word' id='word_1_86' title='bbox 681 1329 781 1382; x_wconf 82' lang='grc' dir='ltr'><strong>οὐκ</strong></span> <span class='ocrx_word' id='word_1_87' title='bbox 815 1328 881 1384; x_wconf 76' lang='grc' dir='ltr'><strong>ἂν</strong></span> <span class='ocrx_word' id='word_1_88' title='bbox 906 1330 1080 1403; x_wconf 69' lang='grc' dir='ltr'><strong>πέσῃ*</strong></span> <span class='ocrx_word' id='word_1_89' title='bbox 1111 1332 1285 1383; x_wconf 88' lang='grc' dir='ltr'><strong>κεῖται</strong></span> <span class='ocrx_word' id='word_1_90' title='bbox 1312 1328 1420 1401; x_wconf 82' lang='grc' dir='ltr'><strong>γὰρ</strong></span> <span class='ocrx_word' id='word_1_91' title='bbox 1458 1328 1653 1398; x_wconf 85' lang='grc' dir='ltr'><strong>χαμαί·</strong></span> <span class='ocrx_word' id='word_1_92' title='bbox 1684 1326 1746 1380; x_wconf 80' lang='grc' dir='ltr'><strong>τὸ</strong></span> <span class='ocrx_word' id='word_1_93' title='bbox 1770 1327 1826 1380; x_wconf 80' lang='grc' dir='ltr'>δὲ</span> 
     </span>
    </p>
   </div>
   <div class='ocr_carea' id='block_1_15' title="bbox 246 1418 1827 1490">
    <p class='ocr_par' dir='ltr' id='par_1_15' title="bbox 246 1418 1827 1490">
     <span class='ocr_line' id='line_1_15' title="bbox 246 1418 1827 1490; baseline -0.001 -19"><span class='ocrx_word' id='word_1_94' title='bbox 246 1418 533 1482; x_wconf 80' lang='grc' dir='ltr'><strong>πεπτωκὸς</strong></span> <span class='ocrx_word' id='word_1_95' title='bbox 555 1419 649 1473; x_wconf 85' lang='grc' dir='ltr'><strong>καὶ</strong></span> <span class='ocrx_word' id='word_1_96' title='bbox 660 1420 834 1490; x_wconf 79' lang='grc' dir='ltr'><strong>χαμαὶ</strong></span> <span class='ocrx_word' id='word_1_97' title='bbox 848 1420 1087 1490; x_wconf 78' lang='grc' dir='ltr'><strong>γεγονὸς,</strong></span> <span class='ocrx_word' id='word_1_98' title='bbox 1111 1420 1222 1475; x_wconf 79' lang='grc' dir='ltr'><strong>ἀπὸ</strong></span> <span class='ocrx_word' id='word_1_99' title='bbox 1241 1419 1545 1489; x_wconf 79' lang='grc' dir='ltr'><strong>ἑστηκότων</strong></span> <span class='ocrx_word' id='word_1_100' title='bbox 1568 1420 1660 1471; x_wconf 82' lang='grc' dir='ltr'><strong>καὶ</strong></span> <span class='ocrx_word' id='word_1_101' title='bbox 1679 1420 1713 1487; x_wconf 71' lang='grc' dir='ltr'><strong>ἡ</strong></span> <span class='ocrx_word' id='word_1_102' title='bbox 1721 1435 1827 1489; x_wconf 83' lang='grc' dir='ltr'><strong>ρει-</strong></span> 
     </span>
    </p>
   </div>
   <div class='ocr_carea' id='block_1_16' title="bbox 251 1502 1828 1576">
    <p class='ocr_par' dir='ltr' id='par_1_16' title="bbox 251 1502 1828 1576">
     <span class='ocr_line' id='line_1_16' title="bbox 251 1502 1828 1576; baseline 0.003 -20"><span class='ocrx_word' id='word_1_103' title='bbox 251 1502 464 1574; x_wconf 64' lang='grc' dir='ltr'><strong>σμένων</strong></span> <span class='ocrx_word' id='word_1_104' title='bbox 480 1504 774 1576; x_wconf 77' lang='grc' dir='ltr'><strong>παρέλκον,</strong></span> <span class='ocrx_word' id='word_1_105' title='bbox 797 1508 890 1560; x_wconf 68' lang='grc' dir='ltr'><strong>ἐπὶ</strong></span> <span class='ocrx_word' id='word_1_106' title='bbox 904 1507 966 1561; x_wconf 74' lang='grc' dir='ltr'><strong>τὸ</strong></span> <span class='ocrx_word' id='word_1_107' title='bbox 983 1511 1172 1562; x_wconf 81' lang='grc' dir='ltr'><strong>πεσεῖν</strong></span> <span class='ocrx_word' id='word_1_108' title='bbox 1198 1507 1480 1561; x_wconf 72' lang='grc' dir='ltr'><strong>ἐλεύσεται</strong></span> <span class='ocrx_word' id='word_1_109' title='bbox 1496 1523 1509 1536; x_wconf 87' lang='grc'><strong>·</strong></span> <span class='ocrx_word' id='word_1_110' title='bbox 1538 1510 1632 1561; x_wconf 74' lang='grc' dir='ltr'><strong>καὶ</strong></span> <span class='ocrx_word' id='word_1_111' title='bbox 1652 1506 1713 1561; x_wconf 80' lang='grc' dir='ltr'><strong>τὸ</strong></span> <span class='ocrx_word' id='word_1_112' title='bbox 1740 1509 1828 1560; x_wconf 73' lang='grc' dir='ltr'><strong>ἀεὶ</strong></span> 
     </span>
    </p>
   </div>
   <div class='ocr_carea' id='block_1_17' title="bbox 251 1594 1823 1671">
    <p class='ocr_par' dir='ltr' id='par_1_17' title="bbox 251 1594 1823 1671">
     <span class='ocr_line' id='line_1_17' title="bbox 251 1594 1823 1671; baseline 0.003 -22"><span class='ocrx_word' id='word_1_113' title='bbox 251 1594 546 1666; x_wconf 80' lang='grc' dir='ltr'><strong>πενητεῢον</strong></span> <span class='ocrx_word' id='word_1_114' title='bbox 574 1598 671 1650; x_wconf 78' lang='grc' dir='ltr'><strong>καὶ</strong></span> <span class='ocrx_word' id='word_1_115' title='bbox 689 1596 945 1654; x_wconf 75' lang='grc' dir='ltr'><strong>οὐδέποτε</strong></span> <span class='ocrx_word' id='word_1_116' title='bbox 966 1600 1187 1671; x_wconf 72' lang='grc' dir='ltr'><strong>εἰληφὸς</strong></span> <span class='ocrx_word' id='word_1_117' title='bbox 1214 1599 1469 1670; x_wconf 80' lang='grc' dir='ltr'><strong>οὐδεμίαν</strong></span> <span class='ocrx_word' id='word_1_118' title='bbox 1486 1617 1554 1653; x_wconf 89' lang='grc' dir='ltr'><strong>πε</strong></span> <span class='ocrx_word' id='word_1_119' title='bbox 1562 1601 1823 1671; x_wconf 76' lang='grc' dir='ltr'><strong>ριουσίαν,</strong></span> 
     </span>
    </p>
   </div>
   <div class='ocr_carea' id='block_1_18' title="bbox 246 1682 1825 1761">
    <p class='ocr_par' dir='ltr' id='par_1_18' title="bbox 246 1682 1825 1761">
     <span class='ocr_line' id='line_1_18' title="bbox 246 1682 1825 1761; baseline 0.006 -25"><span class='ocrx_word' id='word_1_120' title='bbox 246 1682 501 1739; x_wconf 79' lang='grc' dir='ltr'><strong>οὐδέποτε</strong></span> <span class='ocrx_word' id='word_1_121' title='bbox 526 1688 859 1741; x_wconf 68' lang='grc' dir='ltr'><strong>ἐκπεσεῖταιο</strong></span> <span class='ocrx_word' id='word_1_122' title='bbox 883 1689 970 1743; x_wconf 79' lang='grc' dir='ltr'><strong>ἀεὶ</strong></span> <span class='ocrx_word' id='word_1_123' title='bbox 998 1688 1107 1761; x_wconf 81' lang='grc' dir='ltr'><strong>γὰρ</strong></span> <span class='ocrx_word' id='word_1_124' title='bbox 1127 1690 1278 1745; x_wconf 77' lang='grc' dir='ltr'><strong>οὐδὲν</strong></span> <span class='ocrx_word' id='word_1_125' title='bbox 1303 1690 1435 1761; x_wconf 76' lang='grc' dir='ltr'><strong>ἔχει,</strong></span> <span class='ocrx_word' id='word_1_126' title='bbox 1464 1692 1558 1745; x_wconf 79' lang='grc' dir='ltr'><strong>καὶ</strong></span> <span class='ocrx_word' id='word_1_127' title='bbox 1584 1692 1645 1745; x_wconf 81' lang='grc' dir='ltr'><strong>οὐ</strong></span> <span class='ocrx_word' id='word_1_128' title='bbox 1667 1691 1825 1746; x_wconf 85' lang='grc' dir='ltr'><strong>δύνα-</strong></span> 
     </span>
    </p>
   </div>
   <div class='ocr_carea' id='block_1_19' title="bbox 246 1776 1826 1853">
    <p class='ocr_par' dir='ltr' id='par_1_19' title="bbox 246 1776 1826 1853">
     <span class='ocr_line' id='line_1_19' title="bbox 246 1776 1826 1853; baseline 0.006 -27"><span class='ocrx_word' id='word_1_129' title='bbox 246 1788 339 1827; x_wconf 89' lang='grc' dir='ltr'><strong>ται</strong></span> <span class='ocrx_word' id='word_1_130' title='bbox 365 1776 636 1841; x_wconf 67' lang='grc' dir='ltr'><strong>ἐκπεσεῖν,</strong></span> <span class='ocrx_word' id='word_1_131' title='bbox 657 1777 808 1833; x_wconf 76' lang='grc' dir='ltr'><strong>οὐδὲν</strong></span> <span class='ocrx_word' id='word_1_132' title='bbox 830 1778 1085 1834; x_wconf 77' lang='grc' dir='ltr'><strong>οὒδέποτε</strong></span> <span class='ocrx_word' id='word_1_133' title='bbox 1109 1782 1360 1853; x_wconf 62' lang='grc' dir='ltr'><strong>ἐσχηκόςο</strong></span> <span class='ocrx_word' id='word_1_134' title='bbox 1389 1782 1450 1835; x_wconf 85' lang='grc' dir='ltr'><strong>τὸ</strong></span> <span class='ocrx_word' id='word_1_135' title='bbox 1476 1782 1531 1836; x_wconf 83' lang='grc' dir='ltr'><strong>δὲ</strong></span> <span class='ocrx_word' id='word_1_136' title='bbox 1557 1782 1826 1836; x_wconf 76' lang='grc' dir='ltr'><strong>ἔκπτωσιν</strong></span> 
     </span>
    </p>
   </div>
   <div class='ocr_carea' id='block_1_20' title="bbox 1930 587 3510 661">
    <p class='ocr_par' dir='ltr' id='par_1_20' title="bbox 1930 587 3510 661">
     <span class='ocr_line' id='line_1_20' title="bbox 1930 587 3510 661; baseline 0.003 -16"><span class='ocrx_word' id='word_1_137' title='bbox 1930 600 2039 646; x_wconf 90' lang='lat' dir='ltr'><strong>tem</strong></span> <span class='ocrx_word' id='word_1_138' title='bbox 2075 591 2379 647; x_wconf 87' lang='lat' dir='ltr'><strong>secundum</strong></span> <span class='ocrx_word' id='word_1_139' title='bbox 2421 587 2775 660; x_wconf 75' lang='lat' dir='ltr'><strong>Evangelium</strong></span> <span class='ocrx_word' id='word_1_140' title='bbox 2820 606 2888 647; x_wconf 76' lang='lat' dir='ltr'><strong>ex</strong></span> <span class='ocrx_word' id='word_1_141' title='bbox 2914 596 3106 648; x_wconf 83' lang='lat' dir='ltr'><strong>eorum</strong></span> <span class='ocrx_word' id='word_1_142' title='bbox 3138 608 3369 650; x_wconf 89' lang='lat' dir='ltr'><strong>numero</strong></span> <span class='ocrx_word' id='word_1_143' title='bbox 3401 604 3510 661; x_wconf 88' lang='lat' dir='ltr'><strong>est,</strong></span> 
     </span>
    </p>
   </div>
   <div class='ocr_carea' id='block_1_21' title="bbox 1929 680 3512 754">
    <p class='ocr_par' dir='ltr' id='par_1_21' title="bbox 1929 680 3512 754">
     <span class='ocr_line' id='line_1_21' title="bbox 1929 680 3512 754; baseline 0.003 -18"><span class='ocrx_word' id='word_1_144' title='bbox 1929 684 2022 753; x_wconf 89' lang='lat' dir='ltr'><strong>qui</strong></span> <span class='ocrx_word' id='word_1_145' title='bbox 2052 682 2275 748; x_wconf 87' lang='lat' dir='ltr'><strong>cadunt,</strong></span> <span class='ocrx_word' id='word_1_146' title='bbox 2293 691 2349 737; x_wconf 86' lang='lat' dir='ltr'><strong>et</strong></span> <span class='ocrx_word' id='word_1_147' title='bbox 2374 680 2526 735; x_wconf 89' lang='lat' dir='ltr'><strong>humi</strong></span> <span class='ocrx_word' id='word_1_148' title='bbox 2550 680 2756 750; x_wconf 88' lang='lat' dir='ltr'><strong>jacent,</strong></span> <span class='ocrx_word' id='word_1_149' title='bbox 2776 689 2830 738; x_wconf 90' lang='lat' dir='ltr'><strong>et</strong></span> <span class='ocrx_word' id='word_1_150' title='bbox 2860 690 3078 754; x_wconf 85' lang='lat' dir='ltr'><strong>poterat</strong></span> <span class='ocrx_word' id='word_1_151' title='bbox 3105 683 3322 740; x_wconf 86' lang='lat' dir='ltr'><strong>dicere:</strong></span> <span class='ocrx_word' id='word_1_152' title='bbox 3349 684 3512 742; x_wconf 75' lang='lat' dir='ltr'><strong>Stan-</strong></span> 
     </span>
    </p>
   </div>
   <div class='ocr_carea' id='block_1_22' title="bbox 1932 770 3507 842">
    <p class='ocr_par' dir='ltr' id='par_1_22' title="bbox 1932 770 3507 842">
     <span class='ocr_line' id='line_1_22' title="bbox 1932 770 3507 842; baseline 0.005 -18"><span class='ocrx_word' id='word_1_153' title='bbox 1932 780 2005 825; x_wconf 79' lang='lat' dir='ltr'><strong>tes</strong></span> <span class='ocrx_word' id='word_1_154' title='bbox 2037 781 2189 826; x_wconf 78' lang='lat' dir='ltr'><strong>erant</strong></span> <span class='ocrx_word' id='word_1_155' title='bbox 2216 770 2370 842; x_wconf 78' lang='lat' dir='ltr'><strong>pedes</strong></span> <span class='ocrx_word' id='word_1_156' title='bbox 2404 770 2579 824; x_wconf 77' lang='lat' dir='ltr'><strong>nostri</strong></span> <span class='ocrx_word' id='word_1_157' title='bbox 2616 772 2670 823; x_wconf 82' lang='lat' dir='ltr'><strong>in</strong></span> <span class='ocrx_word' id='word_1_158' title='bbox 2715 773 2869 827; x_wconf 76' lang='lat' dir='ltr'><strong>atriis</strong></span> <span class='ocrx_word' id='word_1_159' title='bbox 2909 774 3036 837; x_wconf 77' lang='lat' dir='ltr'><strong>tuis,</strong></span> <span class='ocrx_word' id='word_1_160' title='bbox 3079 771 3380 831; x_wconf 77' lang='lat' dir='ltr'><strong>Jerusalem</strong></span> <span class='ocrx_word' id='word_1_161' title='bbox 3422 778 3507 833; x_wconf 80' lang='lat' dir='ltr'><strong>&quot;z</strong></span> 
     </span>
    </p>
   </div>
   <div class='ocr_carea' id='block_1_23' title="bbox 1929 862 3510 933">
    <p class='ocr_par' dir='ltr' id='par_1_23' title="bbox 1929 862 3510 933">
     <span class='ocr_line' id='line_1_23' title="bbox 1929 862 3510 933; baseline 0.006 -18"><span class='ocrx_word' id='word_1_162' title='bbox 1929 870 2143 933; x_wconf 92' lang='lat' dir='ltr'><strong>poterat</strong></span> <span class='ocrx_word' id='word_1_163' title='bbox 2171 862 2363 919; x_wconf 87' lang='lat' dir='ltr'><strong>audire</strong></span> <span class='ocrx_word' id='word_1_164' title='bbox 2398 862 2532 918; x_wconf 90' lang='lat' dir='ltr'><strong>illud</strong></span> <span class='ocrx_word' id='word_1_165' title='bbox 2568 862 2755 918; x_wconf 85' lang='lat' dir='ltr'><strong>:State</strong></span> <span class='ocrx_word' id='word_1_166' title='bbox 2785 867 3039 920; x_wconf 79' lang='lat' dir='ltr'><strong>succincti</strong></span> <span class='ocrx_word' id='word_1_167' title='bbox 3071 866 3276 922; x_wconf 76' lang='lat' dir='ltr'><strong>lumbos</strong></span> <span class='ocrx_word' id='word_1_168' title='bbox 3312 877 3510 925; x_wconf 77' lang='lat' dir='ltr'><strong>vestros</strong></span> 
     </span>
    </p>
   </div>
   <div class='ocr_carea' id='block_1_24' title="bbox 1929 956 3513 1027">
    <p class='ocr_par' dir='ltr' id='par_1_24' title="bbox 1929 956 3513 1027">
     <span class='ocr_line' id='line_1_24' title="bbox 1929 956 3513 1027; baseline 0.004 -19"><span class='ocrx_word' id='word_1_169' title='bbox 1929 956 1982 1008; x_wconf 78' lang='lat' dir='ltr'><strong>in</strong></span> <span class='ocrx_word' id='word_1_170' title='bbox 2024 956 2243 1009; x_wconf 74' lang='lat' dir='ltr'><strong>veritate</strong></span> <span class='ocrx_word' id='word_1_171' title='bbox 2272 957 2317 987; x_wconf 85' lang='lat'>“</span> <span class='ocrx_word' id='word_1_172' title='bbox 2344 974 2359 1012; x_wconf 91' lang='lat'><strong>:</strong></span> <span class='ocrx_word' id='word_1_173' title='bbox 2390 964 2446 1013; x_wconf 85' lang='lat' dir='ltr'><strong>et</strong></span> <span class='ocrx_word' id='word_1_174' title='bbox 2488 970 2615 1011; x_wconf 87' lang='lat' dir='ltr'><strong>cum</strong></span> <span class='ocrx_word' id='word_1_175' title='bbox 2649 964 2835 1026; x_wconf 84' lang='lat' dir='ltr'><strong>posset</strong></span> <span class='ocrx_word' id='word_1_176' title='bbox 2879 958 2984 1011; x_wconf 86' lang='lat' dir='ltr'><strong>hoc</strong></span> <span class='ocrx_word' id='word_1_177' title='bbox 3018 959 3230 1027; x_wconf 86' lang='lat' dir='ltr'><strong>audire,</strong></span> <span class='ocrx_word' id='word_1_178' title='bbox 3263 961 3513 1017; x_wconf 70' lang='lat' dir='ltr'><strong>adhibunt</strong></span> 
     </span>
    </p>
   </div>
   <div class='ocr_carea' id='block_1_25' title="bbox 1929 1044 3508 1122">
    <p class='ocr_par' dir='ltr' id='par_1_25' title="bbox 1929 1044 3508 1122">
     <span class='ocr_line' id='line_1_25' title="bbox 1929 1044 3508 1122; baseline 0.004 -22"><span class='ocrx_word' id='word_1_179' title='bbox 1929 1044 1997 1100; x_wconf 90' lang='lat' dir='ltr'><strong>ad</strong></span> <span class='ocrx_word' id='word_1_180' title='bbox 2049 1046 2361 1102; x_wconf 71' lang='lat' dir='ltr'><strong>cautionem</strong></span> <span class='ocrx_word' id='word_1_181' title='bbox 2406 1055 2462 1103; x_wconf 90' lang='lat' dir='ltr'><strong>et</strong></span> <span class='ocrx_word' id='word_1_182' title='bbox 2504 1047 2816 1101; x_wconf 78' lang='lat' dir='ltr'><strong>ﬁrmitatem</strong></span> <span class='ocrx_word' id='word_1_183' title='bbox 2867 1048 3013 1119; x_wconf 89' lang='lat' dir='ltr'><strong>quod</strong></span> <span class='ocrx_word' id='word_1_184' title='bbox 3056 1048 3131 1103; x_wconf 86' lang='lat' dir='ltr'><strong>ait</strong></span> <span class='ocrx_word' id='word_1_185' title='bbox 3192 1048 3508 1122; x_wconf 84' lang='lat' dir='ltr'><strong>Scriptura,</strong></span> 
     </span>
    </p>
   </div>
   <div class='ocr_carea' id='block_1_26' title="bbox 1931 1136 3512 1203">
    <p class='ocr_par' dir='ltr' id='par_1_26' title="bbox 1931 1136 3512 1203">
     <span class='ocr_line' id='line_1_26' title="bbox 1931 1136 3512 1203; baseline 0.006 -13"><span class='ocrx_word' id='word_1_186' title='bbox 1931 1136 2037 1203; x_wconf 85' lang='lat' dir='ltr'><strong>Qui</strong></span> <span class='ocrx_word' id='word_1_187' title='bbox 2066 1147 2193 1203; x_wconf 76' lang='lat' dir='ltr'><strong>stat,</strong></span> <span class='ocrx_word' id='word_1_188' title='bbox 2223 1139 2398 1195; x_wconf 75' lang='lat' dir='ltr'><strong>videat</strong></span> <span class='ocrx_word' id='word_1_189' title='bbox 2427 1155 2492 1194; x_wconf 76' lang='lat' dir='ltr'><strong>ne</strong></span> <span class='ocrx_word' id='word_1_190' title='bbox 2530 1138 2691 1193; x_wconf 80' lang='lat' dir='ltr'><strong>cadat</strong></span> <span class='ocrx_word' id='word_1_191' title='bbox 2719 1138 2763 1170; x_wconf 79' lang='lat'><strong>“</strong></span> <span class='ocrx_word' id='word_1_192' title='bbox 2790 1158 2803 1194; x_wconf 96' lang='lat'>:</span> <span class='ocrx_word' id='word_1_193' title='bbox 2827 1147 2882 1195; x_wconf 89' lang='lat' dir='ltr'><strong>et</strong></span> <span class='ocrx_word' id='word_1_194' title='bbox 2909 1154 3035 1195; x_wconf 89' lang='lat' dir='ltr'><strong>cum</strong></span> <span class='ocrx_word' id='word_1_195' title='bbox 3065 1138 3204 1197; x_wconf 82' lang='lat' dir='ltr'><strong>nihil</strong></span> <span class='ocrx_word' id='word_1_196' title='bbox 3247 1144 3512 1200; x_wconf 85' lang='lat' dir='ltr'><strong>munierit</strong></span> 
     </span>
    </p>
   </div>
   <div class='ocr_carea' id='block_1_27' title="bbox 1929 1231 3508 1306">
    <p class='ocr_par' dir='ltr' id='par_1_27' title="bbox 1929 1231 3508 1306">
     <span class='ocr_line' id='line_1_27' title="bbox 1929 1231 3508 1306; baseline 0.004 -22"><span class='ocrx_word' id='word_1_197' title='bbox 1929 1238 2121 1285; x_wconf 86' lang='lat' dir='ltr'><strong>contra</strong></span> <span class='ocrx_word' id='word_1_198' title='bbox 2149 1232 2276 1296; x_wconf 88' lang='lat' dir='ltr'><strong>hoc,</strong></span> <span class='ocrx_word' id='word_1_199' title='bbox 2305 1233 2361 1287; x_wconf 91' lang='lat' dir='ltr'><strong>in</strong></span> <span class='ocrx_word' id='word_1_200' title='bbox 2406 1233 2613 1289; x_wconf 77' lang='lat' dir='ltr'><strong>talibus</strong></span> <span class='ocrx_word' id='word_1_201' title='bbox 2656 1231 2820 1287; x_wconf 84' lang='lat' dir='ltr'><strong>hodie</strong></span> <span class='ocrx_word' id='word_1_202' title='bbox 2849 1234 3079 1306; x_wconf 79' lang='lat' dir='ltr'><strong>vertitur</strong></span> <span class='ocrx_word' id='word_1_203' title='bbox 3128 1250 3193 1290; x_wconf 87' lang='lat' dir='ltr'><strong>ac</strong></span> <span class='ocrx_word' id='word_1_204' title='bbox 3231 1236 3508 1304; x_wconf 79' lang='lat' dir='ltr'><strong>volvitur;</strong></span> 
     </span>
    </p>
   </div>
   <div class='ocr_carea' id='block_1_28' title="bbox 1929 1322 3509 1397">
    <p class='ocr_par' dir='ltr' id='par_1_28' title="bbox 1929 1322 3509 1397">
     <span class='ocr_line' id='line_1_28' title="bbox 1929 1322 3509 1397; baseline 0.003 -21"><span class='ocrx_word' id='word_1_205' title='bbox 1929 1322 2075 1393; x_wconf 90' lang='lat' dir='ltr'><strong>quod</strong></span> <span class='ocrx_word' id='word_1_206' title='bbox 2125 1323 2273 1377; x_wconf 88' lang='lat' dir='ltr'><strong>enim</strong></span> <span class='ocrx_word' id='word_1_207' title='bbox 2314 1337 2532 1394; x_wconf 78' lang='lat' dir='ltr'><strong>semper</strong></span> <span class='ocrx_word' id='word_1_208' title='bbox 2574 1323 2730 1378; x_wconf 86' lang='lat' dir='ltr'><strong>humi</strong></span> <span class='ocrx_word' id='word_1_209' title='bbox 2759 1322 2931 1393; x_wconf 82' lang='lat' dir='ltr'><strong>jacet,</strong></span> <span class='ocrx_word' id='word_1_210' title='bbox 2981 1340 3263 1397; x_wconf 85' lang='lat' dir='ltr'><strong>nunquam</strong></span> <span class='ocrx_word' id='word_1_211' title='bbox 3311 1326 3509 1395; x_wconf 82' lang='lat' dir='ltr'><strong>cadet;</strong></span> 
     </span>
    </p>
   </div>
   <div class='ocr_carea' id='block_1_29' title="bbox 1922 1415 3507 1486">
    <p class='ocr_par' dir='ltr' id='par_1_29' title="bbox 1922 1415 3507 1486">
     <span class='ocr_line' id='line_1_29' title="bbox 1922 1415 3507 1486; baseline 0.003 -17"><span class='ocrx_word' id='word_1_212' title='bbox 1922 1415 2070 1485; x_wconf 85' lang='lat' dir='ltr'><strong>jacet</strong></span> <span class='ocrx_word' id='word_1_213' title='bbox 2090 1415 2237 1469; x_wconf 91' lang='lat' dir='ltr'><strong>enim</strong></span> <span class='ocrx_word' id='word_1_214' title='bbox 2264 1415 2415 1469; x_wconf 89' lang='lat' dir='ltr'><strong>bumi</strong></span> <span class='ocrx_word' id='word_1_215' title='bbox 2445 1416 2629 1486; x_wconf 84' lang='lat' dir='ltr'><strong>:quod</strong></span> <span class='ocrx_word' id='word_1_216' title='bbox 2658 1424 2839 1472; x_wconf 88' lang='lat' dir='ltr'><strong>autem</strong></span> <span class='ocrx_word' id='word_1_217' title='bbox 2872 1417 3094 1481; x_wconf 82' lang='lat' dir='ltr'><strong>cecidit,</strong></span> <span class='ocrx_word' id='word_1_218' title='bbox 3125 1427 3181 1473; x_wconf 90' lang='lat' dir='ltr'><strong>et</strong></span> <span class='ocrx_word' id='word_1_219' title='bbox 3213 1427 3299 1475; x_wconf 83' lang='lat' dir='ltr'><strong>est</strong></span> <span class='ocrx_word' id='word_1_220' title='bbox 3328 1418 3507 1484; x_wconf 85' lang='lat' dir='ltr'><strong>humi,</strong></span> 
     </span>
    </p>
   </div>
   <div class='ocr_carea' id='block_1_30' title="bbox 1928 1507 3506 1576">
    <p class='ocr_par' dir='ltr' id='par_1_30' title="bbox 1928 1507 3506 1576">
     <span class='ocr_line' id='line_1_30' title="bbox 1928 1507 3506 1576; baseline 0.003 -16"><span class='ocrx_word' id='word_1_221' title='bbox 1928 1522 2037 1561; x_wconf 91' lang='lat' dir='ltr'><strong>non</strong></span> <span class='ocrx_word' id='word_1_222' title='bbox 2068 1507 2321 1561; x_wconf 88' lang='lat' dir='ltr'><strong>deveniet</strong></span> <span class='ocrx_word' id='word_1_223' title='bbox 2346 1507 2415 1561; x_wconf 89' lang='lat' dir='ltr'><strong>ab</strong></span> <span class='ocrx_word' id='word_1_224' title='bbox 2447 1509 2724 1564; x_wconf 82' lang='lat' dir='ltr'><strong>stantibus</strong></span> <span class='ocrx_word' id='word_1_225' title='bbox 2749 1517 2804 1564; x_wconf 86' lang='lat' dir='ltr'><strong>et</strong></span> <span class='ocrx_word' id='word_1_226' title='bbox 2834 1509 3036 1564; x_wconf 89' lang='lat' dir='ltr'><strong>erectis</strong></span> <span class='ocrx_word' id='word_1_227' title='bbox 3063 1507 3129 1562; x_wconf 88' lang='lat' dir='ltr'><strong>ad</strong></span> <span class='ocrx_word' id='word_1_228' title='bbox 3159 1508 3465 1565; x_wconf 89' lang='lat' dir='ltr'><strong>cadendum</strong></span> <span class='ocrx_word' id='word_1_229' title='bbox 3490 1528 3506 1576; x_wconf 90' lang='lat'><strong>;</strong></span> 
     </span>
    </p>
   </div>
   <div class='ocr_carea' id='block_1_31' title="bbox 1927 1600 3510 1672">
    <p class='ocr_par' dir='ltr' id='par_1_31' title="bbox 1927 1600 3510 1672">
     <span class='ocr_line' id='line_1_31' title="bbox 1927 1600 3510 1672; baseline 0.001 -18"><span class='ocrx_word' id='word_1_230' title='bbox 1927 1608 1981 1654; x_wconf 87' lang='lat' dir='ltr'><strong>et</strong></span> <span class='ocrx_word' id='word_1_231' title='bbox 2010 1600 2155 1669; x_wconf 88' lang='lat' dir='ltr'><strong>quod</strong></span> <span class='ocrx_word' id='word_1_232' title='bbox 2202 1614 2418 1670; x_wconf 88' lang='lat' dir='ltr'><strong>semper</strong></span> <span class='ocrx_word' id='word_1_233' title='bbox 2443 1608 2530 1657; x_wconf 87' lang='lat' dir='ltr'><strong>est</strong></span> <span class='ocrx_word' id='word_1_234' title='bbox 2566 1600 2621 1655; x_wconf 93' lang='lat' dir='ltr'><strong>in</strong></span> <span class='ocrx_word' id='word_1_235' title='bbox 2649 1601 2857 1672; x_wconf 84' lang='lat' dir='ltr'><strong>inepia,</strong></span> <span class='ocrx_word' id='word_1_236' title='bbox 2890 1608 2947 1657; x_wconf 84' lang='lat' dir='ltr'><strong>et</strong></span> <span class='ocrx_word' id='word_1_237' title='bbox 2994 1616 3275 1671; x_wconf 80' lang='lat' dir='ltr'><strong>nunquam</strong></span> <span class='ocrx_word' id='word_1_238' title='bbox 3309 1602 3510 1658; x_wconf 87' lang='lat' dir='ltr'><strong>accidit</strong></span> 
     </span>
    </p>
   </div>
   <div class='ocr_carea' id='block_1_32' title="bbox 1929 1692 3511 1764">
    <p class='ocr_par' dir='ltr' id='par_1_32' title="bbox 1929 1692 3511 1764">
     <span class='ocr_line' id='line_1_32' title="bbox 1929 1692 3511 1764; baseline 0.003 -18"><span class='ocrx_word' id='word_1_239' title='bbox 1929 1700 1988 1746; x_wconf 91' lang='lat' dir='ltr'><strong>ut</strong></span> <span class='ocrx_word' id='word_1_240' title='bbox 2017 1692 2222 1757; x_wconf 82' lang='lat' dir='ltr'><strong>aﬂluat,</strong></span> <span class='ocrx_word' id='word_1_241' title='bbox 2254 1708 2534 1763; x_wconf 88' lang='lat' dir='ltr'><strong>nunquam</strong></span> <span class='ocrx_word' id='word_1_242' title='bbox 2568 1694 2758 1760; x_wconf 87' lang='lat' dir='ltr'><strong>cadet;</strong></span> <span class='ocrx_word' id='word_1_243' title='bbox 2803 1707 3020 1764; x_wconf 85' lang='lat' dir='ltr'><strong>semper</strong></span> <span class='ocrx_word' id='word_1_244' title='bbox 3065 1697 3210 1750; x_wconf 88' lang='lat' dir='ltr'><strong>enim</strong></span> <span class='ocrx_word' id='word_1_245' title='bbox 3249 1695 3385 1750; x_wconf 82' lang='lat' dir='ltr'><strong>nihil</strong></span> <span class='ocrx_word' id='word_1_246' title='bbox 3420 1695 3511 1750; x_wconf 87' lang='lat' dir='ltr'><strong>ha-</strong></span> 
     </span>
    </p>
   </div>
   <div class='ocr_carea' id='block_1_33' title="bbox 1927 1784 3509 1857">
    <p class='ocr_par' dir='ltr' id='par_1_33' title="bbox 1927 1784 3509 1857">
     <span class='ocr_line' id='line_1_33' title="bbox 1927 1784 3509 1857; baseline 0.001 -18"><span class='ocrx_word' id='word_1_247' title='bbox 1927 1784 2039 1848; x_wconf 74' lang='lat' dir='ltr'><strong>liet,</strong></span> <span class='ocrx_word' id='word_1_248' title='bbox 2069 1794 2122 1838; x_wconf 89' lang='lat' dir='ltr'><strong>et</strong></span> <span class='ocrx_word' id='word_1_249' title='bbox 2146 1784 2345 1840; x_wconf 88' lang='lat' dir='ltr'><strong>cadere</strong></span> <span class='ocrx_word' id='word_1_250' title='bbox 2392 1800 2501 1839; x_wconf 92' lang='lat' dir='ltr'><strong>non</strong></span> <span class='ocrx_word' id='word_1_251' title='bbox 2538 1793 2741 1856; x_wconf 86' lang='lat' dir='ltr'><strong>potest,</strong></span> <span class='ocrx_word' id='word_1_252' title='bbox 2793 1786 2939 1856; x_wconf 89' lang='lat' dir='ltr'><strong>quod</strong></span> <span class='ocrx_word' id='word_1_253' title='bbox 2971 1786 3108 1840; x_wconf 87' lang='lat' dir='ltr'><strong>nihil</strong></span> <span class='ocrx_word' id='word_1_254' title='bbox 3138 1802 3378 1857; x_wconf 86' lang='lat' dir='ltr'><strong>unquam</strong></span> <span class='ocrx_word' id='word_1_255' title='bbox 3409 1786 3509 1841; x_wconf 85' lang='lat' dir='ltr'><strong>ha-</strong></span> 
     </span>
    </p>
   </div>
   <div class='ocr_carea' id='block_1_34' title="bbox 249 1868 1846 1948">
    <p class='ocr_par' dir='ltr' id='par_1_34' title="bbox 249 1868 1827 1944">
     <span class='ocr_line' id='line_1_34' title="bbox 249 1868 1827 1944; baseline 0.004 -23"><span class='ocrx_word' id='word_1_256' title='bbox 249 1868 569 1940; x_wconf 82' lang='grc' dir='ltr'><strong>ὑπομεῖναν,</strong></span> <span class='ocrx_word' id='word_1_257' title='bbox 600 1870 695 1924; x_wconf 84' lang='grc' dir='ltr'><strong>καὶ</strong></span> <span class='ocrx_word' id='word_1_258' title='bbox 728 1868 994 1934; x_wconf 81' lang='grc' dir='ltr'><strong>πεπονθὸς</strong></span> <span class='ocrx_word' id='word_1_259' title='bbox 1025 1870 1132 1925; x_wconf 76' lang='grc' dir='ltr'><strong>ἀπὸ</strong></span> <span class='ocrx_word' id='word_1_260' title='bbox 1162 1872 1364 1943; x_wconf 85' lang='grc' dir='ltr'><strong>πολλῆς</strong></span> <span class='ocrx_word' id='word_1_261' title='bbox 1390 1874 1705 1944; x_wconf 72' lang='grc' dir='ltr'><strong>περιουσίας</strong></span> <span class='ocrx_word' id='word_1_262' title='bbox 1734 1875 1827 1927; x_wconf 79' lang='grc' dir='ltr'><strong>καὶ</strong></span> 
     </span>
    </p>
   </div>
   <div class='ocr_carea' id='block_1_35' title="bbox 1925 1868 3507 1948">
    <p class='ocr_par' dir='ltr' id='par_1_35' title="bbox 1930 1870 3507 1948">
     <span class='ocr_line' id='line_1_35' title="bbox 1930 1870 3507 1948; baseline 0.003 -22"><span class='ocrx_word' id='word_1_263' title='bbox 1930 1872 2067 1926; x_wconf 91' lang='lat' dir='ltr'><strong>buit.</strong></span> <span class='ocrx_word' id='word_1_264' title='bbox 2100 1870 2257 1939; x_wconf 84' lang='lat' dir='ltr'><strong>Quod</strong></span> <span class='ocrx_word' id='word_1_265' title='bbox 2280 1888 2469 1930; x_wconf 87' lang='lat' dir='ltr'><strong>casum</strong></span> <span class='ocrx_word' id='word_1_266' title='bbox 2511 1882 2567 1929; x_wconf 87' lang='lat' dir='ltr'><strong>et</strong></span> <span class='ocrx_word' id='word_1_267' title='bbox 2599 1874 2813 1928; x_wconf 88' lang='lat' dir='ltr'><strong>ruinam</strong></span> <span class='ocrx_word' id='word_1_268' title='bbox 2859 1876 3046 1939; x_wconf 86' lang='lat' dir='ltr'><strong>sentit,</strong></span> <span class='ocrx_word' id='word_1_269' title='bbox 3079 1883 3300 1948; x_wconf 82' lang='lat' dir='ltr'><strong>propter</strong></span> <span class='ocrx_word' id='word_1_270' title='bbox 3328 1877 3507 1931; x_wconf 86' lang='lat' dir='ltr'><strong>abun-</strong></span> 
     </span>
    </p>
   </div>
   <div class='ocr_carea' id='block_1_36' title="bbox 248 1956 1822 2035">
    <p class='ocr_par' dir='ltr' id='par_1_36' title="bbox 248 1956 1822 2035">
     <span class='ocr_line' id='line_1_36' title="bbox 248 1956 1822 2035; baseline 0.001 -21"><span class='ocrx_word' id='word_1_271' title='bbox 248 1956 531 2031; x_wconf 76' lang='grc' dir='ltr'><strong>ὑπάρξεως</strong></span> <span class='ocrx_word' id='word_1_272' title='bbox 555 1960 833 2032; x_wconf 83' lang='grc' dir='ltr'><strong>τυγχάνει.</strong></span> <span class='ocrx_word' id='word_1_273' title='bbox 862 1960 971 2014; x_wconf 74' lang='grc' dir='ltr'><strong>Καὶ</strong></span> <span class='ocrx_word' id='word_1_274' title='bbox 1000 1959 1240 2028; x_wconf 85' lang='grc' dir='ltr'><strong>τοιοῦτος</strong></span> <span class='ocrx_word' id='word_1_275' title='bbox 1270 1963 1371 2035; x_wconf 82' lang='grc' dir='ltr'><strong>μὲν</strong></span> <span class='ocrx_word' id='word_1_276' title='bbox 1390 1965 1419 2017; x_wconf 85' lang='grc' dir='ltr'><strong>ό</strong></span> <span class='ocrx_word' id='word_1_277' title='bbox 1445 1962 1658 2035; x_wconf 85' lang='grc' dir='ltr'><strong>πρῶτος</strong></span> <span class='ocrx_word' id='word_1_278' title='bbox 1674 1962 1822 2034; x_wconf 81' lang='grc' dir='ltr'><strong>ἐλεγ-</strong></span> 
     </span>
    </p>
   </div>
   <div class='ocr_carea' id='block_1_37' title="bbox 242 2063 363 2119">
    <p class='ocr_par' dir='ltr' id='par_1_37' title="bbox 242 2063 363 2119">
     <span class='ocr_line' id='line_1_37' title="bbox 242 2063 363 2119; baseline -0.05 0"><span class='ocrx_word' id='word_1_279' title='bbox 242 2063 363 2119; x_wconf 82' lang='grc' dir='ltr'><strong>ιος.</strong></span> 
     </span>
    </p>
   </div>
   <div class='ocr_carea' id='block_1_38' title="bbox 1927 1964 3505 2041">
    <p class='ocr_par' dir='ltr' id='par_1_38' title="bbox 1927 1964 3505 2041">
     <span class='ocr_line' id='line_1_38' title="bbox 1927 1964 3505 2041; baseline 0.003 -22"><span class='ocrx_word' id='word_1_280' title='bbox 1927 1964 2172 2019; x_wconf 87' lang='lat' dir='ltr'><strong>dantiam</strong></span> <span class='ocrx_word' id='word_1_281' title='bbox 2219 1972 2274 2019; x_wconf 88' lang='lat' dir='ltr'><strong>et</strong></span> <span class='ocrx_word' id='word_1_282' title='bbox 2321 1980 2439 2021; x_wconf 88' lang='lat' dir='ltr'><strong>rem</strong></span> <span class='ocrx_word' id='word_1_283' title='bbox 2470 1966 2729 2022; x_wconf 79' lang='lat' dir='ltr'><strong>amissam</strong></span> <span class='ocrx_word' id='word_1_284' title='bbox 2770 1967 2958 2022; x_wconf 83' lang='lat' dir='ltr'><strong>sentit.</strong></span> <span class='ocrx_word' id='word_1_285' title='bbox 2987 1968 3067 2023; x_wconf 82' lang='lat' dir='ltr'><strong>Ae</strong></span> <span class='ocrx_word' id='word_1_286' title='bbox 3098 1968 3238 2023; x_wconf 79' lang='lat' dir='ltr'><strong>ratio</strong></span> <span class='ocrx_word' id='word_1_287' title='bbox 3284 1969 3505 2041; x_wconf 88' lang='lat' dir='ltr'><strong>quidem</strong></span> 
     </span>
    </p>
   </div>
   <div class='ocr_carea' id='block_1_39' title="bbox 1928 2057 3333 2129">
    <p class='ocr_par' dir='ltr' id='par_1_39' title="bbox 1928 2057 3333 2129">
     <span class='ocr_line' id='line_1_39' title="bbox 1928 2057 3333 2129; baseline 0.004 -18"><span class='ocrx_word' id='word_1_288' title='bbox 1928 2057 2105 2129; x_wconf 89' lang='lat' dir='ltr'><strong>prima</strong></span> <span class='ocrx_word' id='word_1_289' title='bbox 2131 2057 2445 2128; x_wconf 86' lang='lat' dir='ltr'><strong>opinionem</strong></span> <span class='ocrx_word' id='word_1_290' title='bbox 2475 2058 2642 2115; x_wconf 85' lang='lat' dir='ltr'><strong>istam</strong></span> <span class='ocrx_word' id='word_1_291' title='bbox 2674 2058 3037 2116; x_wconf 87' lang='lat' dir='ltr'><strong>convincendi</strong></span> <span class='ocrx_word' id='word_1_292' title='bbox 3073 2061 3200 2117; x_wconf 88' lang='lat' dir='ltr'><strong>talis</strong></span> <span class='ocrx_word' id='word_1_293' title='bbox 3227 2070 3333 2117; x_wconf 85' lang='lat' dir='ltr'><strong>est.</strong></span> 
     </span>
    </p>
   </div>
   <div class='ocr_carea' id='block_1_40' title="bbox 1143 2227 2697 2299">
    <p class='ocr_par' dir='ltr' id='par_1_40' title="bbox 1143 2227 2697 2299">
     <span class='ocr_line' id='line_1_40' title="bbox 1143 2227 2697 2299; baseline 0.004 -13"><span class='ocrx_word' id='word_1_294' title='bbox 1143 2228 1275 2286; x_wconf 71' lang='lat' dir='ltr'><strong>Cn.</strong></span> <span class='ocrx_word' id='word_1_295' title='bbox 1306 2228 1548 2284; x_wconf 77' lang='lat' dir='ltr'><strong>XXXVI.</strong></span> <span class='ocrx_word' id='word_1_296' title='bbox 1586 2227 1835 2285; x_wconf 72' lang='lat' dir='ltr'><strong>Patibilis</strong></span> <span class='ocrx_word' id='word_1_297' title='bbox 1865 2230 2008 2299; x_wconf 75' lang='lat' dir='ltr'><strong>Deus</strong></span> <span class='ocrx_word' id='word_1_298' title='bbox 2032 2234 2321 2290; x_wconf 75' lang='lat' dir='ltr'><strong>secundum</strong></span> <span class='ocrx_word' id='word_1_299' title='bbox 2349 2232 2697 2292; x_wconf 73' lang='lat' dir='ltr'><strong>Ham&#39;clueos.</strong></span> 
     </span>
    </p>
   </div>
   <div class='ocr_carea' id='block_1_41' title="bbox 343 2391 1823 2471">
    <p class='ocr_par' dir='ltr' id='par_1_41' title="bbox 343 2391 1823 2471">
     <span class='ocr_line' id='line_1_41' title="bbox 343 2391 1823 2471; baseline 0.004 -23"><span class='ocrx_word' id='word_1_300' title='bbox 343 2391 468 2448; x_wconf 68' lang='lat' dir='ltr'><strong>AD.‘</strong></span> <span class='ocrx_word' id='word_1_301' title='bbox 513 2392 701 2467; x_wconf 67' lang='grc' dir='ltr'><strong>ἐπειδή</strong></span> <span class='ocrx_word' id='word_1_302' title='bbox 748 2412 912 2465; x_wconf 82' lang='grc' dir='ltr'><strong>φασιν</strong></span> <span class='ocrx_word' id='word_1_303' title='bbox 936 2412 952 2427; x_wconf 86' lang='grc'><strong>·</strong></span> <span class='ocrx_word' id='word_1_304' title='bbox 973 2396 1096 2452; x_wconf 80' lang='grc' dir='ltr'><strong>Ἔτι</strong></span> <span class='ocrx_word' id='word_1_305' title='bbox 1144 2398 1409 2470; x_wconf 79' lang='grc' dir='ltr'><strong>προϊοῦσα</strong></span> <span class='ocrx_word' id='word_1_306' title='bbox 1440 2401 1473 2471; x_wconf 77' lang='grc' dir='ltr'>ἡ</span> <span class='ocrx_word' id='word_1_307' title='bbox 1507 2402 1696 2465; x_wconf 85' lang='grc' dir='ltr'><strong>κακία,</strong></span> <span class='ocrx_word' id='word_1_308' title='bbox 1728 2418 1823 2455; x_wconf 85' lang='grc' dir='ltr'><strong>και</strong></span> 
     </span>
    </p>
   </div>
   <div class='ocr_carea' id='block_1_42' title="bbox 245 2484 1819 2565">
    <p class='ocr_par' dir='ltr' id='par_1_42' title="bbox 245 2484 1819 2565">
     <span class='ocr_line' id='line_1_42' title="bbox 245 2484 1819 2565; baseline 0.006 -26"><span class='ocrx_word' id='word_1_309' title='bbox 245 2484 444 2555; x_wconf 67' lang='grc' dir='ltr'><strong>ἑαυτὴν</strong></span> <span class='ocrx_word' id='word_1_310' title='bbox 475 2486 889 2553; x_wconf 75' lang='grc' dir='ltr'><strong>κατατείνουσα,</strong></span> <span class='ocrx_word' id='word_1_311' title='bbox 917 2490 1011 2543; x_wconf 79' lang='grc' dir='ltr'><strong>καὶ</strong></span> <span class='ocrx_word' id='word_1_312' title='bbox 1049 2492 1315 2563; x_wconf 69' lang='grc' dir='ltr'><strong>γενομένη</strong></span> <span class='ocrx_word' id='word_1_313' title='bbox 1359 2493 1497 2565; x_wconf 77' lang='grc' dir='ltr'><strong>πρὸς</strong></span> <span class='ocrx_word' id='word_1_314' title='bbox 1538 2494 1616 2564; x_wconf 80' lang='grc' dir='ltr'><strong>τῷ</strong></span> <span class='ocrx_word' id='word_1_315' title='bbox 1660 2496 1819 2565; x_wconf 77' lang='grc' dir='ltr'><strong>φωτὶ,</strong></span> 
     </span>
    </p>
   </div>
   <div class='ocr_carea' id='block_1_43' title="bbox 244 2577 1823 2655">
    <p class='ocr_par' dir='ltr' id='par_1_43' title="bbox 244 2577 1823 2655">
     <span class='ocr_line' id='line_1_43' title="bbox 244 2577 1823 2655; baseline 0.006 -25"><span class='ocrx_word' id='word_1_316' title='bbox 244 2577 495 2647; x_wconf 70' lang='grc' dir='ltr'><strong>ἥρπασεν</strong></span> <span class='ocrx_word' id='word_1_317' title='bbox 525 2578 636 2633; x_wconf 72' lang='grc' dir='ltr'><strong>ἀπὺ</strong></span> <span class='ocrx_word' id='word_1_318' title='bbox 673 2578 769 2633; x_wconf 81' lang='grc' dir='ltr'><strong>τοῦ</strong></span> <span class='ocrx_word' id='word_1_319' title='bbox 804 2580 1001 2649; x_wconf 76' lang='grc' dir='ltr'><strong>φωτὸς,</strong></span> <span class='ocrx_word' id='word_1_320' title='bbox 1028 2582 1124 2636; x_wconf 81' lang='grc' dir='ltr'><strong>καὶ</strong></span> <span class='ocrx_word' id='word_1_321' title='bbox 1157 2583 1411 2637; x_wconf 80' lang='grc' dir='ltr'><strong>κατέπιεν</strong></span> <span class='ocrx_word' id='word_1_322' title='bbox 1436 2586 1543 2638; x_wconf 81' lang='grc' dir='ltr'><strong>ἀπὸ</strong></span> <span class='ocrx_word' id='word_1_323' title='bbox 1580 2586 1673 2639; x_wconf 78' lang='grc' dir='ltr'><strong>τοῦ</strong></span> <span class='ocrx_word' id='word_1_324' title='bbox 1710 2604 1823 2655; x_wconf 79' lang='grc' dir='ltr'><strong>φω-</strong></span> 
     </span>
    </p>
   </div>
   <div class='ocr_carea' id='block_1_44' title="bbox 245 2670 1819 2750">
    <p class='ocr_par' dir='ltr' id='par_1_44' title="bbox 245 2670 1819 2750">
     <span class='ocr_line' id='line_1_44' title="bbox 245 2670 1819 2750; baseline 0.006 -28"><span class='ocrx_word' id='word_1_325' title='bbox 245 2670 367 2734; x_wconf 71' lang='grc' dir='ltr'><strong>τός·</strong></span> <span class='ocrx_word' id='word_1_326' title='bbox 404 2671 536 2743; x_wconf 64' lang='grc' dir='ltr'><strong>φέρε</strong></span> <span class='ocrx_word' id='word_1_327' title='bbox 570 2670 670 2742; x_wconf 79' lang='grc' dir='ltr'><strong>τὴν</strong></span> <span class='ocrx_word' id='word_1_328' title='bbox 706 2672 1023 2743; x_wconf 75' lang='grc' dir='ltr'><strong>πρεσϐείαν,</strong></span> <span class='ocrx_word' id='word_1_329' title='bbox 1056 2676 1122 2745; x_wconf 81' lang='grc' dir='ltr'><strong>ἢν</strong></span> <span class='ocrx_word' id='word_1_330' title='bbox 1152 2675 1293 2748; x_wconf 72' lang='grc' dir='ltr'><strong>ὑπὲρ</strong></span> <span class='ocrx_word' id='word_1_331' title='bbox 1324 2676 1419 2730; x_wconf 79' lang='grc' dir='ltr'><strong>τοῦ</strong></span> <span class='ocrx_word' id='word_1_332' title='bbox 1457 2679 1692 2750; x_wconf 75' lang='grc' dir='ltr'><strong>πονηροῦ</strong></span> <span class='ocrx_word' id='word_1_333' title='bbox 1720 2698 1819 2732; x_wconf 65' lang='grc' dir='ltr'><strong>πει</strong></span> 
     </span>
    </p>
   </div>
   <div class='ocr_carea' id='block_1_45' title="bbox 245 2762 1822 2849">
    <p class='ocr_par' dir='ltr' id='par_1_45' title="bbox 245 2762 1822 2849">
     <span class='ocr_line' id='line_1_45' title="bbox 245 2762 1822 2849; baseline 0.003 -31"><span class='ocrx_word' id='word_1_334' title='bbox 245 2763 498 2833; x_wconf 76' lang='grc' dir='ltr'><strong>ποίηνται</strong></span> <span class='ocrx_word' id='word_1_335' title='bbox 537 2762 676 2818; x_wconf 79' lang='grc' dir='ltr'><strong>κατὰ</strong></span> <span class='ocrx_word' id='word_1_336' title='bbox 695 2763 792 2834; x_wconf 84' lang='grc' dir='ltr'><strong>τῆς</strong></span> <span class='ocrx_word' id='word_1_337' title='bbox 826 2764 1103 2835; x_wconf 75' lang='grc' dir='ltr'><strong>ἀληθείας,</strong></span> <span class='ocrx_word' id='word_1_338' title='bbox 1132 2766 1432 2849; x_wconf 76' lang='grc' dir='ltr'><strong>καταλῦσαι</strong></span> <span class='ocrx_word' id='word_1_339' title='bbox 1461 2768 1534 2839; x_wconf 75' lang='grc' dir='ltr'><strong>μὴ</strong></span> <span class='ocrx_word' id='word_1_340' title='bbox 1557 2787 1822 2841; x_wconf 79' lang='grc' dir='ltr'><strong>παραιτη-</strong></span> 
     </span>
    </p>
   </div>
   <div class='ocr_carea' id='block_1_46' title="bbox 246 2851 1822 2926">
    <p class='ocr_par' dir='ltr' id='par_1_46' title="bbox 246 2851 1822 2926">
     <span class='ocr_line' id='line_1_46' title="bbox 246 2851 1822 2926; baseline 0.003 -20"><span class='ocrx_word' id='word_1_341' title='bbox 246 2851 505 2923; x_wconf 71' lang='grc' dir='ltr'><strong>σώμεθα·</strong></span> <span class='ocrx_word' id='word_1_342' title='bbox 549 2853 836 2923; x_wconf 70' lang='grc' dir='ltr'><strong>ἐπαίρουσι</strong></span> <span class='ocrx_word' id='word_1_343' title='bbox 885 2854 993 2926; x_wconf 85' lang='lat'><strong>7&amp;9</strong></span> <span class='ocrx_word' id='word_1_344' title='bbox 1030 2854 1110 2925; x_wconf 81' lang='grc' dir='ltr'><strong>τῷ</strong></span> <span class='ocrx_word' id='word_1_345' title='bbox 1150 2855 1293 2926; x_wconf 78' lang='grc' dir='ltr'><strong>λόγῳ</strong></span> <span class='ocrx_word' id='word_1_346' title='bbox 1332 2855 1505 2926; x_wconf 80' lang='grc' dir='ltr'><strong>τούτῳ</strong></span> <span class='ocrx_word' id='word_1_347' title='bbox 1533 2856 1628 2926; x_wconf 77' lang='grc' dir='ltr'><strong>τὴν</strong></span> <span class='ocrx_word' id='word_1_348' title='bbox 1660 2874 1822 2926; x_wconf 80' lang='grc' dir='ltr'><strong>πονη-</strong></span> 
     </span>
    </p>
   </div>
   <div class='ocr_carea' id='block_1_47' title="bbox 249 2944 1822 3019">
    <p class='ocr_par' dir='ltr' id='par_1_47' title="bbox 249 2944 1822 3019">
     <span class='ocr_line' id='line_1_47' title="bbox 249 2944 1822 3019; baseline 0.001 -21"><span class='ocrx_word' id='word_1_349' title='bbox 249 2945 394 3016; x_wconf 82' lang='grc' dir='ltr'><strong>ρίαν,</strong></span> <span class='ocrx_word' id='word_1_350' title='bbox 439 2944 771 3009; x_wconf 72' lang='grc' dir='ltr'><strong>εὐτελίζουσι</strong></span> <span class='ocrx_word' id='word_1_351' title='bbox 800 2946 859 3001; x_wconf 77' lang='grc' dir='ltr'><strong>δὲ</strong></span> <span class='ocrx_word' id='word_1_352' title='bbox 887 2946 987 3019; x_wconf 75' lang='grc' dir='ltr'><strong>τὴν</strong></span> <span class='ocrx_word' id='word_1_353' title='bbox 1020 2946 1307 3017; x_wconf 73' lang='grc' dir='ltr'><strong>ἀλήθειανο</strong></span> <span class='ocrx_word' id='word_1_354' title='bbox 1355 2949 1451 3000; x_wconf 67' lang='grc' dir='ltr'><strong>καὶ</strong></span> <span class='ocrx_word' id='word_1_355' title='bbox 1498 2947 1665 3010; x_wconf 79' lang='grc' dir='ltr'><strong>νεῦρα</strong></span> <span class='ocrx_word' id='word_1_356' title='bbox 1724 2948 1822 3017; x_wconf 76' lang='grc' dir='ltr'><strong>μὲν</strong></span> 
     </span>
    </p>
   </div>
   <div class='ocr_carea' id='block_1_48' title="bbox 241 3034 1821 3110">
    <p class='ocr_par' dir='ltr' id='par_1_48' title="bbox 241 3034 1821 3110">
     <span class='ocr_line' id='line_1_48' title="bbox 241 3034 1821 3110; baseline 0.001 -22"><span class='ocrx_word' id='word_1_357' title='bbox 241 3034 449 3090; x_wconf 81' lang='grc' dir='ltr'><strong>διδόασι</strong></span> <span class='ocrx_word' id='word_1_358' title='bbox 485 3038 551 3106; x_wconf 79' lang='grc' dir='ltr'><strong>τῇ</strong></span> <span class='ocrx_word' id='word_1_359' title='bbox 595 3035 851 3108; x_wconf 71' lang='grc' dir='ltr'><strong>πονηρίᾳ,</strong></span> <span class='ocrx_word' id='word_1_360' title='bbox 884 3036 1110 3108; x_wconf 80' lang='grc' dir='ltr'><strong>ᾶνευρον</strong></span> <span class='ocrx_word' id='word_1_361' title='bbox 1132 3038 1191 3091; x_wconf 70' lang='grc' dir='ltr'><strong>δὲ</strong></span> <span class='ocrx_word' id='word_1_362' title='bbox 1216 3037 1314 3110; x_wconf 77' lang='grc' dir='ltr'><strong>τὴν</strong></span> <span class='ocrx_word' id='word_1_363' title='bbox 1352 3038 1609 3109; x_wconf 73' lang='grc' dir='ltr'><strong>ἀλήθειαν</strong></span> <span class='ocrx_word' id='word_1_364' title='bbox 1636 3038 1821 3090; x_wconf 79' lang='grc' dir='ltr'><strong>ὑποτί-</strong></span> 
     </span>
    </p>
   </div>
   <div class='ocr_carea' id='block_1_49' title="bbox 242 3126 1819 3201">
    <p class='ocr_par' dir='ltr' id='par_1_49' title="bbox 242 3126 1819 3201">
     <span class='ocr_line' id='line_1_49' title="bbox 242 3126 1819 3201; baseline -0.001 -19"><span class='ocrx_word' id='word_1_365' title='bbox 242 3128 456 3183; x_wconf 79' lang='grc' dir='ltr'><strong>οενται.</strong></span> <span class='ocrx_word' id='word_1_366' title='bbox 488 3128 551 3183; x_wconf 79' lang='lat' dir='ltr'><strong>El</strong></span> <span class='ocrx_word' id='word_1_367' title='bbox 598 3130 711 3201; x_wconf 78' lang='grc' dir='ltr'><strong>γὰρ</strong></span> <span class='ocrx_word' id='word_1_368' title='bbox 750 3131 785 3201; x_wconf 69' lang='grc' dir='ltr'><strong>η</strong></span> <span class='ocrx_word' id='word_1_369' title='bbox 832 3129 929 3201; x_wconf 83' lang='grc' dir='ltr'><strong>μὲν</strong></span> <span class='ocrx_word' id='word_1_370' title='bbox 960 3129 1196 3201; x_wconf 82' lang='grc' dir='ltr'><strong>πονηρία</strong></span> <span class='ocrx_word' id='word_1_371' title='bbox 1250 3131 1489 3201; x_wconf 76' lang='grc' dir='ltr'><strong>ἥρπασε,</strong></span> <span class='ocrx_word' id='word_1_372' title='bbox 1524 3130 1582 3182; x_wconf 88' lang='grc' dir='ltr'><strong>τὸ</strong></span> <span class='ocrx_word' id='word_1_373' title='bbox 1613 3129 1669 3181; x_wconf 80' lang='grc' dir='ltr'><strong>δὲ</strong></span> <span class='ocrx_word' id='word_1_374' title='bbox 1708 3126 1819 3197; x_wconf 76' lang='grc' dir='ltr'><strong>φῶς</strong></span> 
     </span>
    </p>
   </div>
   <div class='ocr_carea' id='block_1_50' title="bbox 240 3222 1820 3293">
    <p class='ocr_par' dir='ltr' id='par_1_50' title="bbox 240 3222 1820 3293">
     <span class='ocr_line' id='line_1_50' title="bbox 240 3222 1820 3293; baseline -0.002 -16"><span class='ocrx_word' id='word_1_375' title='bbox 240 3222 548 3292; x_wconf 72' lang='grc' dir='ltr'><strong>ἥρπασται,</strong></span> <span class='ocrx_word' id='word_1_376' title='bbox 575 3222 670 3277; x_wconf 79' lang='grc' dir='ltr'><strong>καὶ</strong></span> <span class='ocrx_word' id='word_1_377' title='bbox 698 3223 1077 3293; x_wconf 79' lang='grc' dir='ltr'><strong>ἁρπαζόμενον</strong></span> <span class='ocrx_word' id='word_1_378' title='bbox 1106 3222 1329 3293; x_wconf 77' lang='grc' dir='ltr'><strong>ἔπασχε,</strong></span> <span class='ocrx_word' id='word_1_379' title='bbox 1360 3223 1451 3275; x_wconf 79' lang='grc' dir='ltr'><strong>καὶ</strong></span> <span class='ocrx_word' id='word_1_380' title='bbox 1474 3223 1681 3291; x_wconf 78' lang='grc' dir='ltr'><strong>πάσχον</strong></span> <span class='ocrx_word' id='word_1_381' title='bbox 1723 3238 1820 3274; x_wconf 84' lang='grc' dir='ltr'><strong>πα-</strong></span> 
     </span>
    </p>
   </div>
   <div class='ocr_carea' id='block_1_51' title="bbox 1994 2399 3501 2475">
    <p class='ocr_par' dir='ltr' id='par_1_51' title="bbox 1994 2399 3501 2475">
     <span class='ocr_line' id='line_1_51' title="bbox 1994 2399 3501 2475; baseline 0.003 -20"><span class='ocrx_word' id='word_1_382' title='bbox 1994 2400 2101 2457; x_wconf 89' lang='lat' dir='ltr'><strong>Sed</strong></span> <span class='ocrx_word' id='word_1_383' title='bbox 2140 2400 2270 2473; x_wconf 87' lang='lat' dir='ltr'><strong>quia</strong></span> <span class='ocrx_word' id='word_1_384' title='bbox 2319 2402 2513 2458; x_wconf 81' lang='lat' dir='ltr'><strong>dicunt</strong></span> <span class='ocrx_word' id='word_1_385' title='bbox 2554 2399 2704 2473; x_wconf 85' lang='lat' dir='ltr'><strong>quod</strong></span> <span class='ocrx_word' id='word_1_386' title='bbox 2755 2401 3002 2473; x_wconf 86' lang='lat' dir='ltr'><strong>nequitia</strong></span> <span class='ocrx_word' id='word_1_387' title='bbox 3046 2400 3225 2458; x_wconf 86' lang='lat' dir='ltr'><strong>adhuc</strong></span> <span class='ocrx_word' id='word_1_388' title='bbox 3277 2416 3501 2475; x_wconf 76' lang='lat' dir='ltr'><strong>progre-</strong></span> 
     </span>
    </p>
   </div>
   <div class='ocr_carea' id='block_1_52' title="bbox 1922 2491 3573 2563">
    <p class='ocr_par' dir='ltr' id='par_1_52' title="bbox 1922 2491 3573 2563">
     <span class='ocr_line' id='line_1_52' title="bbox 1922 2491 3573 2563; baseline -0.001 -16"><span class='ocrx_word' id='word_1_389' title='bbox 1922 2491 2101 2557; x_wconf 90' lang='lat' dir='ltr'><strong>diens,</strong></span> <span class='ocrx_word' id='word_1_390' title='bbox 2133 2507 2198 2547; x_wconf 92' lang='lat' dir='ltr'><strong>ac</strong></span> <span class='ocrx_word' id='word_1_391' title='bbox 2228 2508 2288 2548; x_wconf 90' lang='lat' dir='ltr'><strong>se</strong></span> <span class='ocrx_word' id='word_1_392' title='bbox 2318 2492 2493 2563; x_wconf 88' lang='lat' dir='ltr'><strong>ipsam</strong></span> <span class='ocrx_word' id='word_1_393' title='bbox 2518 2493 2807 2549; x_wconf 85' lang='lat' dir='ltr'><strong>intendens</strong></span> <span class='ocrx_word' id='word_1_394' title='bbox 2838 2509 2902 2549; x_wconf 82' lang='lat' dir='ltr'><strong>ac</strong></span> <span class='ocrx_word' id='word_1_395' title='bbox 2931 2495 3198 2549; x_wconf 88' lang='lat' dir='ltr'><strong>roborans</strong></span> <span class='ocrx_word' id='word_1_396' title='bbox 3226 2504 3279 2550; x_wconf 89' lang='lat' dir='ltr'><strong>et</strong></span> <span class='ocrx_word' id='word_1_397' title='bbox 3308 2496 3502 2550; x_wconf 87' lang='lat' dir='ltr'><strong>lumini</strong></span> <span class='ocrx_word' id='word_1_398' title='bbox 3568 2542 3573 2546; x_wconf 89' lang='lat'><strong>.</strong></span> 
     </span>
    </p>
   </div>
   <div class='ocr_carea' id='block_1_53' title="bbox 1922 2584 3501 2657">
    <p class='ocr_par' dir='ltr' id='par_1_53' title="bbox 1922 2584 3501 2657">
     <span class='ocr_line' id='line_1_53' title="bbox 1922 2584 3501 2657; baseline 0.004 -21"><span class='ocrx_word' id='word_1_399' title='bbox 1922 2584 2389 2653; x_wconf 83' lang='lat' dir='ltr'><strong>appropinquans,</strong></span> <span class='ocrx_word' id='word_1_400' title='bbox 2423 2584 2606 2654; x_wconf 88' lang='lat' dir='ltr'><strong>rapuit</strong></span> <span class='ocrx_word' id='word_1_401' title='bbox 2637 2600 2704 2640; x_wconf 82' lang='lat' dir='ltr'><strong>ex</strong></span> <span class='ocrx_word' id='word_1_402' title='bbox 2728 2599 2795 2641; x_wconf 87' lang='lat' dir='ltr'><strong>eo</strong></span> <span class='ocrx_word' id='word_1_403' title='bbox 2841 2591 2897 2641; x_wconf 83' lang='lat' dir='ltr'><strong>et</strong></span> <span class='ocrx_word' id='word_1_404' title='bbox 2929 2585 3251 2652; x_wconf 89' lang='lat' dir='ltr'><strong>absorbuit;</strong></span> <span class='ocrx_word' id='word_1_405' title='bbox 3284 2600 3384 2657; x_wconf 75' lang='lat' dir='ltr'><strong>age</strong></span> <span class='ocrx_word' id='word_1_406' title='bbox 3424 2587 3501 2643; x_wconf 88' lang='lat' dir='ltr'><strong>le-</strong></span> 
     </span>
    </p>
   </div>
   <div class='ocr_carea' id='block_1_54' title="bbox 1921 2674 3502 2746">
    <p class='ocr_par' dir='ltr' id='par_1_54' title="bbox 1921 2674 3502 2746">
     <span class='ocr_line' id='line_1_54' title="bbox 1921 2674 3502 2746; baseline 0.006 -21"><span class='ocrx_word' id='word_1_407' title='bbox 1921 2674 2193 2743; x_wconf 73' lang='lat' dir='ltr'><strong>gationem</strong></span> <span class='ocrx_word' id='word_1_408' title='bbox 2227 2689 2389 2744; x_wconf 90' lang='lat' dir='ltr'><strong>quam</strong></span> <span class='ocrx_word' id='word_1_409' title='bbox 2442 2691 2540 2746; x_wconf 90' lang='lat' dir='ltr'><strong>pro</strong></span> <span class='ocrx_word' id='word_1_410' title='bbox 2570 2676 2790 2732; x_wconf 89' lang='lat' dir='ltr'><strong>diabolo</strong></span> <span class='ocrx_word' id='word_1_411' title='bbox 2818 2685 3012 2732; x_wconf 87' lang='lat' dir='ltr'><strong>contra</strong></span> <span class='ocrx_word' id='word_1_412' title='bbox 3046 2681 3328 2734; x_wconf 78' lang='lat' dir='ltr'><strong>veritatem</strong></span> <span class='ocrx_word' id='word_1_413' title='bbox 3378 2694 3502 2735; x_wconf 85' lang='lat' dir='ltr'><strong>sus-</strong></span> 
     </span>
    </p>
   </div>
   <div class='ocr_carea' id='block_1_55' title="bbox 1920 2763 3502 2835">
    <p class='ocr_par' dir='ltr' id='par_1_55' title="bbox 1920 2763 3502 2835">
     <span class='ocr_line' id='line_1_55' title="bbox 1920 2763 3502 2835; baseline 0.001 -17"><span class='ocrx_word' id='word_1_414' title='bbox 1920 2770 2219 2832; x_wconf 88' lang='lat' dir='ltr'><strong>ceperunt,</strong></span> <span class='ocrx_word' id='word_1_415' title='bbox 2280 2764 2583 2819; x_wconf 83' lang='lat' dir='ltr'><strong>dissolvere</strong></span> <span class='ocrx_word' id='word_1_416' title='bbox 2658 2781 2728 2820; x_wconf 90' lang='lat' dir='ltr'><strong>ne</strong></span> <span class='ocrx_word' id='word_1_417' title='bbox 2777 2763 3125 2835; x_wconf 73' lang='lat' dir='ltr'><strong>defugiamus</strong></span> <span class='ocrx_word' id='word_1_418' title='bbox 3170 2784 3183 2820; x_wconf 91' lang='lat'><strong>:</strong></span> <span class='ocrx_word' id='word_1_419' title='bbox 3234 2766 3502 2821; x_wconf 77' lang='lat' dir='ltr'><strong>extollunt</strong></span> 
     </span>
    </p>
   </div>
   <div class='ocr_carea' id='block_1_56' title="bbox 1922 2856 3504 2926">
    <p class='ocr_par' dir='ltr' id='par_1_56' title="bbox 1922 2856 3504 2926">
     <span class='ocr_line' id='line_1_56' title="bbox 1922 2856 3504 2926; baseline 0.003 -15"><span class='ocrx_word' id='word_1_420' title='bbox 1922 2856 2069 2912; x_wconf 68' lang='lat' dir='ltr'><strong>enim</strong></span> <span class='ocrx_word' id='word_1_421' title='bbox 2110 2858 2198 2913; x_wconf 89' lang='lat' dir='ltr'><strong>bis</strong></span> <span class='ocrx_word' id='word_1_422' title='bbox 2240 2860 2422 2915; x_wconf 82' lang='lat' dir='ltr'><strong>verbis</strong></span> <span class='ocrx_word' id='word_1_423' title='bbox 2464 2860 2704 2926; x_wconf 89' lang='lat' dir='ltr'><strong>malum,</strong></span> <span class='ocrx_word' id='word_1_424' title='bbox 2736 2867 3037 2915; x_wconf 80' lang='lat' dir='ltr'><strong>extenuant</strong></span> <span class='ocrx_word' id='word_1_425' title='bbox 3080 2869 3261 2916; x_wconf 90' lang='lat' dir='ltr'><strong>autem</strong></span> <span class='ocrx_word' id='word_1_426' title='bbox 3304 2864 3504 2917; x_wconf 82' lang='lat' dir='ltr'><strong>verita-</strong></span> 
     </span>
    </p>
   </div>
   <div class='ocr_carea' id='block_1_57' title="bbox 1922 2947 3505 3017">
    <p class='ocr_par' dir='ltr' id='par_1_57' title="bbox 1922 2947 3505 3017">
     <span class='ocr_line' id='line_1_57' title="bbox 1922 2947 3505 3017; baseline 0.008 -22"><span class='ocrx_word' id='word_1_427' title='bbox 1922 2949 2059 3006; x_wconf 90' lang='lat' dir='ltr'><strong>tem,</strong></span> <span class='ocrx_word' id='word_1_428' title='bbox 2100 2951 2154 2999; x_wconf 90' lang='lat' dir='ltr'><strong>et</strong></span> <span class='ocrx_word' id='word_1_429' title='bbox 2188 2959 2385 2999; x_wconf 83' lang='lat' dir='ltr'><strong>nervos</strong></span> <span class='ocrx_word' id='word_1_430' title='bbox 2431 2947 2683 3000; x_wconf 90' lang='lat' dir='ltr'><strong>tribuunt</strong></span> <span class='ocrx_word' id='word_1_431' title='bbox 2717 2948 3009 3017; x_wconf 69' lang='lat' dir='ltr'><strong>nequitiae;</strong></span> <span class='ocrx_word' id='word_1_432' title='bbox 3040 2950 3326 3005; x_wconf 84' lang='lat' dir='ltr'><strong>veritatem</strong></span> <span class='ocrx_word' id='word_1_433' title='bbox 3372 2967 3505 3007; x_wconf 87' lang='lat' dir='ltr'><strong>vero</strong></span> 
     </span>
    </p>
   </div>
   <div class='ocr_carea' id='block_1_58' title="bbox 1924 3034 3504 3113">
    <p class='ocr_par' dir='ltr' id='par_1_58' title="bbox 1924 3034 3504 3113">
     <span class='ocr_line' id='line_1_58' title="bbox 1924 3034 3504 3113; baseline 0.004 -22"><span class='ocrx_word' id='word_1_434' title='bbox 1924 3034 2043 3091; x_wconf 88' lang='lat' dir='ltr'><strong>sine</strong></span> <span class='ocrx_word' id='word_1_435' title='bbox 2078 3037 2263 3093; x_wconf 90' lang='lat' dir='ltr'><strong>nervis</strong></span> <span class='ocrx_word' id='word_1_436' title='bbox 2294 3048 2526 3107; x_wconf 90' lang='lat' dir='ltr'><strong>ponunt.</strong></span> <span class='ocrx_word' id='word_1_437' title='bbox 2562 3038 2773 3095; x_wconf 87' lang='lat' dir='ltr'><strong>Etenim</strong></span> <span class='ocrx_word' id='word_1_438' title='bbox 2822 3042 2868 3095; x_wconf 87' lang='lat' dir='ltr'><strong>si</strong></span> <span class='ocrx_word' id='word_1_439' title='bbox 2899 3040 3139 3110; x_wconf 81' lang='lat' dir='ltr'><strong>nequitia</strong></span> <span class='ocrx_word' id='word_1_440' title='bbox 3184 3043 3387 3113; x_wconf 87' lang='lat' dir='ltr'><strong>rapuit,</strong></span> <span class='ocrx_word' id='word_1_441' title='bbox 3419 3044 3504 3097; x_wconf 86' lang='lat' dir='ltr'><strong>lu-</strong></span> 
     </span>
    </p>
   </div>
   <div class='ocr_carea' id='block_1_59' title="bbox 1925 3132 3499 3204">
    <p class='ocr_par' dir='ltr' id='par_1_59' title="bbox 1925 3132 3499 3204">
     <span class='ocr_line' id='line_1_59' title="bbox 1925 3132 3499 3204; baseline 0.004 -22"><span class='ocrx_word' id='word_1_442' title='bbox 1925 3143 2049 3184; x_wconf 89' lang='lat' dir='ltr'><strong>men</strong></span> <span class='ocrx_word' id='word_1_443' title='bbox 2077 3144 2207 3185; x_wconf 88' lang='lat' dir='ltr'><strong>vcro</strong></span> <span class='ocrx_word' id='word_1_444' title='bbox 2246 3140 2460 3200; x_wconf 86' lang='lat' dir='ltr'><strong>raptum</strong></span> <span class='ocrx_word' id='word_1_445' title='bbox 2498 3140 2607 3197; x_wconf 88' lang='lat' dir='ltr'><strong>est,</strong></span> <span class='ocrx_word' id='word_1_446' title='bbox 2655 3132 2875 3204; x_wconf 92' lang='lat' dir='ltr'><strong>etquod</strong></span> <span class='ocrx_word' id='word_1_447' title='bbox 2906 3134 3311 3190; x_wconf 88' lang='lat' dir='ltr'><strong>dominaturum</strong></span> <span class='ocrx_word' id='word_1_448' title='bbox 3361 3145 3499 3201; x_wconf 88' lang='lat' dir='ltr'><strong>erat,</strong></span> 
     </span>
    </p>
   </div>
   <div class='ocr_carea' id='block_1_60' title="bbox 1927 3216 3493 3297">
    <p class='ocr_par' dir='ltr' id='par_1_60' title="bbox 1927 3216 3493 3297">
     <span class='ocr_line' id='line_1_60' title="bbox 1927 3216 3493 3297; baseline 0.008 -28"><span class='ocrx_word' id='word_1_449' title='bbox 1927 3216 2167 3287; x_wconf 85' lang='lat' dir='ltr'><strong>patitur;</strong></span> <span class='ocrx_word' id='word_1_450' title='bbox 2201 3227 2255 3275; x_wconf 88' lang='lat' dir='ltr'><strong>et</strong></span> <span class='ocrx_word' id='word_1_451' title='bbox 2284 3223 2428 3291; x_wconf 82' lang='lat' dir='ltr'><strong>quod</strong></span> <span class='ocrx_word' id='word_1_452' title='bbox 2456 3223 2680 3291; x_wconf 87' lang='lat' dir='ltr'><strong>patitur,</strong></span> <span class='ocrx_word' id='word_1_453' title='bbox 2720 3224 2940 3293; x_wconf 89' lang='lat' dir='ltr'><strong>patibile</strong></span> <span class='ocrx_word' id='word_1_454' title='bbox 2978 3233 3090 3291; x_wconf 87' lang='lat' dir='ltr'><strong>est;</strong></span> <span class='ocrx_word' id='word_1_455' title='bbox 3126 3227 3368 3295; x_wconf 86' lang='lat' dir='ltr'><strong>patibilis</strong></span> <span class='ocrx_word' id='word_1_456' title='bbox 3398 3228 3493 3297; x_wconf 79' lang='lat' dir='ltr'><strong>igi-</strong></span> 
     </span>
    </p>
   </div>
   <div class='ocr_carea' id='block_1_61' title="bbox 244 3311 1846 3390">
    <p class='ocr_par' dir='ltr' id='par_1_61' title="bbox 244 3311 1824 3387">
     <span class='ocr_line' id='line_1_61' title="bbox 244 3311 1824 3387; baseline -0.001 -20"><span class='ocrx_word' id='word_1_457' title='bbox 244 3313 411 3385; x_wconf 80' lang='grc' dir='ltr'><strong>θητδν</strong></span> <span class='ocrx_word' id='word_1_458' title='bbox 450 3311 547 3387; x_wconf 79' lang='grc' dir='ltr'><strong>ἦν·</strong></span> <span class='ocrx_word' id='word_1_459' title='bbox 606 3313 844 3385; x_wconf 82' lang='grc' dir='ltr'><strong>παθητὸς</strong></span> <span class='ocrx_word' id='word_1_460' title='bbox 897 3315 995 3386; x_wconf 76' lang='grc' dir='ltr'><strong>μὲν</strong></span> <span class='ocrx_word' id='word_1_461' title='bbox 1028 3314 1148 3367; x_wconf 81' lang='grc' dir='ltr'><strong>κατ’</strong></span> <span class='ocrx_word' id='word_1_462' title='bbox 1176 3314 1372 3378; x_wconf 74' lang='grc' dir='ltr'><strong>αὐτοὺς</strong></span> <span class='ocrx_word' id='word_1_463' title='bbox 1429 3315 1456 3366; x_wconf 97' lang='lat'><strong>6</strong></span> <span class='ocrx_word' id='word_1_464' title='bbox 1494 3313 1643 3377; x_wconf 75' lang='grc' dir='ltr'><strong>Θεὸς,</strong></span> <span class='ocrx_word' id='word_1_465' title='bbox 1683 3314 1824 3366; x_wconf 86' lang='grc' dir='ltr'><strong>ἀπα-</strong></span> 
     </span>
    </p>
   </div>
   <div class='ocr_carea' id='block_1_62' title="bbox 1925 3311 3501 3390">
    <p class='ocr_par' dir='ltr' id='par_1_62' title="bbox 1929 3312 3501 3390">
     <span class='ocr_line' id='line_1_62' title="bbox 1929 3312 3501 3390; baseline 0.007 -25"><span class='ocrx_word' id='word_1_466' title='bbox 1929 3320 2017 3365; x_wconf 90' lang='lat' dir='ltr'><strong>tur</strong></span> <span class='ocrx_word' id='word_1_467' title='bbox 2046 3312 2285 3382; x_wconf 87' lang='lat' dir='ltr'><strong>ipsorum</strong></span> <span class='ocrx_word' id='word_1_468' title='bbox 2312 3314 2568 3384; x_wconf 83' lang='lat' dir='ltr'><strong>opinione</strong></span> <span class='ocrx_word' id='word_1_469' title='bbox 2601 3314 2744 3371; x_wconf 89' lang='lat' dir='ltr'><strong>Deus</strong></span> <span class='ocrx_word' id='word_1_470' title='bbox 2760 3324 2843 3371; x_wconf 88' lang='lat' dir='ltr'><strong>est</strong></span> <span class='ocrx_word' id='word_1_471' title='bbox 2865 3336 2878 3371; x_wconf 88' lang='lat'><strong>:</strong></span> <span class='ocrx_word' id='word_1_472' title='bbox 2903 3317 3133 3373; x_wconf 84' lang='lat' dir='ltr'><strong>Satanas</strong></span> <span class='ocrx_word' id='word_1_473' title='bbox 3159 3334 3289 3374; x_wconf 87' lang='lat' dir='ltr'><strong>vero</strong></span> <span class='ocrx_word' id='word_1_474' title='bbox 3307 3336 3501 3390; x_wconf 76' lang='lat' dir='ltr'><strong>expers</strong></span> 
     </span>
    </p>
   </div>
   <div class='ocr_carea' id='block_1_63' title="bbox 246 3404 1820 3477">
    <p class='ocr_par' dir='ltr' id='par_1_63' title="bbox 246 3404 1820 3477">
     <span class='ocr_line' id='line_1_63' title="bbox 246 3404 1820 3477; baseline -0.003 -18"><span class='ocrx_word' id='word_1_475' title='bbox 246 3405 351 3477; x_wconf 80' lang='grc' dir='ltr'><strong>οής</strong></span> <span class='ocrx_word' id='word_1_476' title='bbox 379 3405 438 3459; x_wconf 66' lang='grc' dir='ltr'><strong>δὲ</strong></span> <span class='ocrx_word' id='word_1_477' title='bbox 472 3408 502 3459; x_wconf 88' lang='lat'><strong>6</strong></span> <span class='ocrx_word' id='word_1_478' title='bbox 534 3406 811 3470; x_wconf 78' lang='grc' dir='ltr'><strong>Σατανᾶς·</strong></span> <span class='ocrx_word' id='word_1_479' title='bbox 853 3408 881 3459; x_wconf 83' lang='grc'>6</span> <span class='ocrx_word' id='word_1_480' title='bbox 930 3407 1028 3476; x_wconf 70' lang='grc' dir='ltr'><strong>μιν</strong></span> <span class='ocrx_word' id='word_1_481' title='bbox 1071 3405 1365 3475; x_wconf 84' lang='grc' dir='ltr'><strong>δυνάμενος</strong></span> <span class='ocrx_word' id='word_1_482' title='bbox 1427 3405 1643 3469; x_wconf 78' lang='grc' dir='ltr'><strong>παθεῖν,</strong></span> <span class='ocrx_word' id='word_1_483' title='bbox 1688 3407 1716 3458; x_wconf 87' lang='lat'><strong>6</strong></span> <span class='ocrx_word' id='word_1_484' title='bbox 1765 3404 1820 3457; x_wconf 84' lang='grc' dir='ltr'><strong>δὲ</strong></span> 
     </span>
    </p>
   </div>
   <div class='ocr_carea' id='block_1_64' title="bbox 243 3495 1823 3571">
    <p class='ocr_par' dir='ltr' id='par_1_64' title="bbox 243 3495 1823 3571">
     <span class='ocr_line' id='line_1_64' title="bbox 243 3495 1823 3571; baseline -0.001 -22"><span class='ocrx_word' id='word_1_485' title='bbox 243 3496 541 3567; x_wconf 75' lang='grc' dir='ltr'><strong>δυνάμενος</strong></span> <span class='ocrx_word' id='word_1_486' title='bbox 562 3497 777 3568; x_wconf 79' lang='grc' dir='ltr'><strong>δρᾶσαι.</strong></span> <span class='ocrx_word' id='word_1_487' title='bbox 796 3496 904 3550; x_wconf 82' lang='grc' dir='ltr'><strong>Τοῦ</strong></span> <span class='ocrx_word' id='word_1_488' title='bbox 926 3496 1035 3571; x_wconf 80' lang='grc' dir='ltr'><strong>γὰρ</strong></span> <span class='ocrx_word' id='word_1_489' title='bbox 1065 3497 1240 3565; x_wconf 82' lang='grc' dir='ltr'><strong>φωτὸς</strong></span> <span class='ocrx_word' id='word_1_490' title='bbox 1263 3498 1413 3559; x_wconf 79' lang='grc' dir='ltr'><strong>δντος</strong></span> <span class='ocrx_word' id='word_1_491' title='bbox 1441 3495 1706 3567; x_wconf 78' lang='grc' dir='ltr'><strong>παθητοῦ,</strong></span> <span class='ocrx_word' id='word_1_492' title='bbox 1733 3496 1823 3549; x_wconf 74' lang='grc' dir='ltr'><strong>καὶ</strong></span> 
     </span>
    </p>
   </div>
   <div class='ocr_carea' id='block_1_65' title="bbox 243 3586 1818 3660">
    <p class='ocr_par' dir='ltr' id='par_1_65' title="bbox 243 3586 1818 3660">
     <span class='ocr_line' id='line_1_65' title="bbox 243 3586 1818 3660; baseline -0.003 -17"><span class='ocrx_word' id='word_1_493' title='bbox 243 3588 407 3651; x_wconf 73' lang='grc' dir='ltr'><strong>αὐτὸς</strong></span> <span class='ocrx_word' id='word_1_494' title='bbox 438 3588 503 3642; x_wconf 72' lang='grc' dir='ltr'><strong>ἂν</strong></span> <span class='ocrx_word' id='word_1_495' title='bbox 532 3589 616 3658; x_wconf 74' lang='grc' dir='ltr'><strong>εἴη</strong></span> <span class='ocrx_word' id='word_1_496' title='bbox 650 3588 907 3657; x_wconf 82' lang='grc' dir='ltr'><strong>παθητὸς,</strong></span> <span class='ocrx_word' id='word_1_497' title='bbox 942 3590 1040 3658; x_wconf 82' lang='grc' dir='ltr'><strong>οὐχ</strong></span> <span class='ocrx_word' id='word_1_498' title='bbox 1075 3588 1259 3660; x_wconf 72' lang='grc' dir='ltr'><strong>ἔτερος</strong></span> <span class='ocrx_word' id='word_1_499' title='bbox 1290 3586 1365 3642; x_wconf 80' lang='grc' dir='ltr'><strong>ὢν</strong></span> <span class='ocrx_word' id='word_1_500' title='bbox 1405 3588 1553 3658; x_wconf 72' lang='grc' dir='ltr'><strong>παρὰ</strong></span> <span class='ocrx_word' id='word_1_501' title='bbox 1584 3589 1643 3639; x_wconf 84' lang='grc' dir='ltr'><strong>τὸ</strong></span> <span class='ocrx_word' id='word_1_502' title='bbox 1675 3588 1818 3655; x_wconf 79' lang='grc' dir='ltr'><strong>φῶς·</strong></span> 
     </span>
    </p>
   </div>
   <div class='ocr_carea' id='block_1_66' title="bbox 245 3676 1819 3751">
    <p class='ocr_par' dir='ltr' id='par_1_66' title="bbox 245 3676 1819 3751">
     <span class='ocr_line' id='line_1_66' title="bbox 245 3676 1819 3751; baseline -0.003 -18"><span class='ocrx_word' id='word_1_503' title='bbox 245 3680 362 3747; x_wconf 83' lang='grc' dir='ltr'><strong>είγε</strong></span> <span class='ocrx_word' id='word_1_504' title='bbox 384 3678 619 3750; x_wconf 75' lang='grc' dir='ltr'><strong>ἠδυνήθη</strong></span> <span class='ocrx_word' id='word_1_505' title='bbox 646 3679 857 3742; x_wconf 81' lang='grc' dir='ltr'><strong>παθεῖν,</strong></span> <span class='ocrx_word' id='word_1_506' title='bbox 888 3680 979 3732; x_wconf 82' lang='grc' dir='ltr'><strong>καὶ</strong></span> <span class='ocrx_word' id='word_1_507' title='bbox 1020 3680 1213 3732; x_wconf 80' lang='grc' dir='ltr'><strong>παθεῖν</strong></span> <span class='ocrx_word' id='word_1_508' title='bbox 1247 3678 1319 3751; x_wconf 82' lang='grc' dir='ltr'><strong>μὴ</strong></span> <span class='ocrx_word' id='word_1_509' title='bbox 1344 3680 1435 3747; x_wconf 74' lang='grc' dir='ltr'><strong>ἀφ’</strong></span> <span class='ocrx_word' id='word_1_510' title='bbox 1460 3678 1675 3741; x_wconf 77' lang='grc' dir='ltr'><strong>ἑαυτοῦ,</strong></span> <span class='ocrx_word' id='word_1_511' title='bbox 1706 3676 1819 3729; x_wconf 85' lang='grc' dir='ltr'><strong>ἀλλ’</strong></span> 
     </span>
    </p>
   </div>
   <div class='ocr_carea' id='block_1_67' title="bbox 246 3770 1821 3844">
    <p class='ocr_par' dir='ltr' id='par_1_67' title="bbox 246 3770 1821 3844">
     <span class='ocr_line' id='line_1_67' title="bbox 246 3770 1821 3844; baseline -0.001 -19"><span class='ocrx_word' id='word_1_512' title='bbox 246 3772 355 3827; x_wconf 80' lang='grc' dir='ltr'><strong>ὑπὸ</strong></span> <span class='ocrx_word' id='word_1_513' title='bbox 383 3772 474 3826; x_wconf 84' lang='grc' dir='ltr'><strong>τοῦ</strong></span> <span class='ocrx_word' id='word_1_514' title='bbox 498 3772 756 3843; x_wconf 79' lang='grc' dir='ltr'><strong>πολεμίου</strong></span> <span class='ocrx_word' id='word_1_515' title='bbox 788 3774 881 3827; x_wconf 66' lang='grc' dir='ltr'><strong>κα)⁸</strong></span> <span class='ocrx_word' id='word_1_516' title='bbox 909 3772 1213 3844; x_wconf 82' lang='grc' dir='ltr'><strong>μαχομένου</strong></span> <span class='ocrx_word' id='word_1_517' title='bbox 1231 3788 1244 3803; x_wconf 88' lang='grc'><strong>·</strong></span> <span class='ocrx_word' id='word_1_518' title='bbox 1279 3772 1373 3825; x_wconf 66' lang='grc' dir='ltr'><strong>κα)¹</strong></span> <span class='ocrx_word' id='word_1_519' title='bbox 1399 3771 1698 3839; x_wconf 81' lang='grc' dir='ltr'><strong>ἀποστῆναι</strong></span> <span class='ocrx_word' id='word_1_520' title='bbox 1724 3770 1821 3840; x_wconf 82' lang='grc' dir='ltr'><strong>μὲν</strong></span> 
     </span>
    </p>
   </div>
   <div class='ocr_carea' id='block_1_68' title="bbox 246 3861 1821 3936">
    <p class='ocr_par' dir='ltr' id='par_1_68' title="bbox 246 3861 1821 3936">
     <span class='ocr_line' id='line_1_68' title="bbox 246 3861 1821 3936; baseline -0.003 -18"><span class='ocrx_word' id='word_1_521' title='bbox 246 3863 465 3930; x_wconf 64' lang='grc' dir='ltr'><strong>ἑαυτοῦ,</strong></span> <span class='ocrx_word' id='word_1_522' title='bbox 493 3864 746 3933; x_wconf 76' lang='grc' dir='ltr'><strong>γενέσθαι</strong></span> <span class='ocrx_word' id='word_1_523' title='bbox 775 3865 831 3917; x_wconf 78' lang='grc' dir='ltr'><strong>δὲ</strong></span> <span class='ocrx_word' id='word_1_524' title='bbox 862 3864 995 3936; x_wconf 82' lang='grc' dir='ltr'><strong>πρὸς</strong></span> <span class='ocrx_word' id='word_1_525' title='bbox 1022 3863 1101 3933; x_wconf 86' lang='grc' dir='ltr'><strong>τῷ</strong></span> <span class='ocrx_word' id='word_1_526' title='bbox 1122 3864 1345 3935; x_wconf 82' lang='grc' dir='ltr'><strong>χείρονι·</strong></span> <span class='ocrx_word' id='word_1_527' title='bbox 1373 3862 1489 3925; x_wconf 81' lang='grc' dir='ltr'><strong>πῶς</strong></span> <span class='ocrx_word' id='word_1_528' title='bbox 1519 3863 1573 3914; x_wconf 81' lang='grc' dir='ltr'><strong>δὲ</strong></span> <span class='ocrx_word' id='word_1_529' title='bbox 1602 3862 1692 3914; x_wconf 73' lang='grc' dir='ltr'><strong>καὶ</strong></span> <span class='ocrx_word' id='word_1_530' title='bbox 1716 3861 1821 3913; x_wconf 79' lang='grc' dir='ltr'><strong>τῶν</strong></span> 
     </span>
    </p>
   </div>
   <div class='ocr_carea' id='block_1_69' title="bbox 248 3951 1821 4028">
    <p class='ocr_par' dir='ltr' id='par_1_69' title="bbox 248 3951 1821 4028">
     <span class='ocr_line' id='line_1_69' title="bbox 248 3951 1821 4028; baseline -0.004 -16"><span class='ocrx_word' id='word_1_531' title='bbox 248 3957 398 4012; x_wconf 70' lang='grc' dir='ltr'><strong>ἰδίων</strong></span> <span class='ocrx_word' id='word_1_532' title='bbox 424 3957 774 4028; x_wconf 82' lang='grc' dir='ltr'><strong>κεχώρισται,</strong></span> <span class='ocrx_word' id='word_1_533' title='bbox 796 3958 825 4009; x_wconf 89' lang='lat'><strong>6</strong></span> <span class='ocrx_word' id='word_1_534' title='bbox 850 3956 947 4026; x_wconf 82' lang='grc' dir='ltr'><strong>τὴν</strong></span> <span class='ocrx_word' id='word_1_535' title='bbox 964 3954 1223 4026; x_wconf 77' lang='grc' dir='ltr'><strong>ἑνωτικὴν</strong></span> <span class='ocrx_word' id='word_1_536' title='bbox 1250 3955 1409 4023; x_wconf 74' lang='grc' dir='ltr'><strong>φύσιν</strong></span> <span class='ocrx_word' id='word_1_537' title='bbox 1434 3954 1600 4024; x_wconf 63' lang='lat' dir='ltr'><strong>Exora;</strong></span> <span class='ocrx_word' id='word_1_538' title='bbox 1626 3951 1692 4006; x_wconf 76' lang='grc' dir='ltr'><strong>τὰ</strong></span> <span class='ocrx_word' id='word_1_539' title='bbox 1713 3954 1821 4024; x_wconf 73' lang='grc' dir='ltr'><strong>γὰρ</strong></span> 
     </span>
    </p>
   </div>
   <div class='ocr_carea' id='block_1_70' title="bbox 244 4047 1817 4120">
    <p class='ocr_par' dir='ltr' id='par_1_70' title="bbox 244 4047 1817 4120">
     <span class='ocr_line' id='line_1_70' title="bbox 244 4047 1817 4120; baseline -0.003 -16"><span class='ocrx_word' id='word_1_540' title='bbox 244 4050 390 4104; x_wconf 83' lang='grc' dir='ltr'><strong>κατὰ</strong></span> <span class='ocrx_word' id='word_1_541' title='bbox 416 4051 577 4119; x_wconf 79' lang='grc' dir='ltr'><strong>φύσιν</strong></span> <span class='ocrx_word' id='word_1_542' title='bbox 600 4048 883 4118; x_wconf 76' lang='grc' dir='ltr'><strong>πεφυκότα</strong></span> <span class='ocrx_word' id='word_1_543' title='bbox 904 4048 1227 4120; x_wconf 73' lang='grc' dir='ltr'><strong>χωρίζεσθαι</strong></span> <span class='ocrx_word' id='word_1_544' title='bbox 1249 4048 1453 4101; x_wconf 74' lang='grc' dir='ltr'><strong>ἑαυτῶν</strong></span> <span class='ocrx_word' id='word_1_545' title='bbox 1480 4048 1539 4099; x_wconf 75' lang='grc' dir='ltr'><strong>οὺ</strong></span> <span class='ocrx_word' id='word_1_546' title='bbox 1560 4047 1817 4115; x_wconf 73' lang='grc' dir='ltr'><strong>πέφυκεν.</strong></span> 
     </span>
    </p>
   </div>
   <div class='ocr_carea' id='block_1_71' title="bbox 243 4134 1817 4209">
    <p class='ocr_par' dir='ltr' id='par_1_71' title="bbox 243 4134 1817 4209">
     <span class='ocr_line' id='line_1_71' title="bbox 243 4134 1817 4209; baseline -0.003 -17"><span class='ocrx_word' id='word_1_547' title='bbox 243 4141 313 4193; x_wconf 76' lang='grc' dir='ltr'><strong>Εί</strong></span> <span class='ocrx_word' id='word_1_548' title='bbox 344 4139 400 4193; x_wconf 78' lang='grc' dir='ltr'><strong>δὲ</strong></span> <span class='ocrx_word' id='word_1_549' title='bbox 422 4140 715 4209; x_wconf 71' lang='grc' dir='ltr'><strong>ἀγέννητον</strong></span> <span class='ocrx_word' id='word_1_550' title='bbox 741 4134 809 4209; x_wconf 71' lang='grc' dir='ltr'><strong>ἦν</strong></span> <span class='ocrx_word' id='word_1_551' title='bbox 848 4138 909 4191; x_wconf 80' lang='grc' dir='ltr'><strong>τὸ</strong></span> <span class='ocrx_word' id='word_1_552' title='bbox 948 4139 1063 4207; x_wconf 83' lang='grc' dir='ltr'><strong>φῶς</strong></span> <span class='ocrx_word' id='word_1_553' title='bbox 1091 4139 1184 4192; x_wconf 78' lang='grc' dir='ltr'><strong>καὶ</strong></span> <span class='ocrx_word' id='word_1_554' title='bbox 1218 4139 1392 4209; x_wconf 74' lang='grc' dir='ltr'><strong>ῆνωτο</strong></span> <span class='ocrx_word' id='word_1_555' title='bbox 1417 4136 1494 4206; x_wconf 81' lang='grc' dir='ltr'><strong>τῷ</strong></span> <span class='ocrx_word' id='word_1_556' title='bbox 1524 4138 1817 4207; x_wconf 74' lang='grc' dir='ltr'><strong>ἁγεννήτιε),</strong></span> 
     </span>
    </p>
   </div>
   <div class='ocr_carea' id='block_1_72' title="bbox 244 4229 1821 4301">
    <p class='ocr_par' dir='ltr' id='par_1_72' title="bbox 244 4229 1821 4301">
     <span class='ocr_line' id='line_1_72' title="bbox 244 4229 1821 4301; baseline -0.003 -15"><span class='ocrx_word' id='word_1_557' title='bbox 244 4231 366 4295; x_wconf 78' lang='grc' dir='ltr'><strong>πῶς</strong></span> <span class='ocrx_word' id='word_1_558' title='bbox 393 4248 523 4285; x_wconf 79' lang='grc' dir='ltr'><strong>ποτε</strong></span> <span class='ocrx_word' id='word_1_559' title='bbox 562 4230 894 4301; x_wconf 78' lang='grc' dir='ltr'><strong>χωρισθῆναι</strong></span> <span class='ocrx_word' id='word_1_560' title='bbox 925 4230 1238 4301; x_wconf 68' lang='grc' dir='ltr'><strong>δεδύνηταιθ</strong></span> <span class='ocrx_word' id='word_1_561' title='bbox 1276 4230 1390 4293; x_wconf 80' lang='grc' dir='ltr'><strong>πῶς</strong></span> <span class='ocrx_word' id='word_1_562' title='bbox 1416 4230 1471 4283; x_wconf 78' lang='grc' dir='ltr'><strong>δὲ</strong></span> <span class='ocrx_word' id='word_1_563' title='bbox 1506 4229 1821 4298; x_wconf 72' lang='grc' dir='ltr'><strong>ἀπαλλαγῆ-</strong></span> 
     </span>
    </p>
   </div>
   <div class='ocr_carea' id='block_1_73' title="bbox 240 4320 1820 4394">
    <p class='ocr_par' dir='ltr' id='par_1_73' title="bbox 240 4320 1820 4394">
     <span class='ocr_line' id='line_1_73' title="bbox 240 4320 1820 4394; baseline -0.004 -17"><span class='ocrx_word' id='word_1_564' title='bbox 240 4341 335 4377; x_wconf 87' lang='grc' dir='ltr'><strong>ναι</strong></span> <span class='ocrx_word' id='word_1_565' title='bbox 368 4322 583 4389; x_wconf 71' lang='grc' dir='ltr'><strong>ἑαυτοῦ,</strong></span> <span class='ocrx_word' id='word_1_566' title='bbox 612 4325 708 4378; x_wconf 71' lang='grc' dir='ltr'><strong>καὶ</strong></span> <span class='ocrx_word' id='word_1_567' title='bbox 741 4323 996 4392; x_wconf 79' lang='grc' dir='ltr'><strong>γενέσθαι</strong></span> <span class='ocrx_word' id='word_1_568' title='bbox 1028 4324 1214 4394; x_wconf 73' lang='grc' dir='ltr'><strong>ἕτερον</strong></span> <span class='ocrx_word' id='word_1_569' title='bbox 1242 4324 1370 4393; x_wconf 81' lang='grc' dir='ltr'><strong>παρ’</strong></span> <span class='ocrx_word' id='word_1_570' title='bbox 1401 4321 1593 4385; x_wconf 78' lang='grc' dir='ltr'><strong>ὲαυτό;</strong></span> <span class='ocrx_word' id='word_1_571' title='bbox 1628 4324 1675 4373; x_wconf 79' lang='grc' dir='ltr'><strong>εἰ</strong></span> <span class='ocrx_word' id='word_1_572' title='bbox 1710 4320 1820 4391; x_wconf 78' lang='grc' dir='ltr'><strong>γὰρ</strong></span> 
     </span>
    </p>
   </div>
   <div class='ocr_carea' id='block_1_74' title="bbox 239 4413 1818 4488">
    <p class='ocr_par' dir='ltr' id='par_1_74' title="bbox 239 4413 1818 4488">
     <span class='ocr_line' id='line_1_74' title="bbox 239 4413 1818 4488; baseline -0.004 -19"><span class='ocrx_word' id='word_1_573' title='bbox 239 4417 558 4488; x_wconf 77' lang='grc' dir='ltr'><strong>ὑπηρέτησε</strong></span> <span class='ocrx_word' id='word_1_574' title='bbox 592 4415 833 4487; x_wconf 80' lang='grc' dir='ltr'><strong>πονηρῷ,</strong></span> <span class='ocrx_word' id='word_1_575' title='bbox 874 4415 968 4468; x_wconf 78' lang='grc' dir='ltr'><strong>καὶ</strong></span> <span class='ocrx_word' id='word_1_576' title='bbox 1004 4414 1355 4485; x_wconf 76' lang='grc' dir='ltr'><strong>βεϐιασμένον</strong></span> <span class='ocrx_word' id='word_1_577' title='bbox 1385 4413 1491 4467; x_wconf 80' lang='grc' dir='ltr'><strong>ὑπὸ</strong></span> <span class='ocrx_word' id='word_1_578' title='bbox 1526 4413 1625 4480; x_wconf 74' lang='grc' dir='ltr'><strong>τῆς</strong></span> <span class='ocrx_word' id='word_1_579' title='bbox 1654 4429 1818 4482; x_wconf 76' lang='grc' dir='ltr'><strong>πονη-</strong></span> 
     </span>
    </p>
   </div>
   <div class='ocr_carea' id='block_1_75' title="bbox 243 4502 1819 4581">
    <p class='ocr_par' dir='ltr' id='par_1_75' title="bbox 243 4502 1819 4581">
     <span class='ocr_line' id='line_1_75' title="bbox 243 4502 1819 4581; baseline -0.005 -19"><span class='ocrx_word' id='word_1_580' title='bbox 243 4509 389 4581; x_wconf 85' lang='grc' dir='ltr'><strong>ρίας,</strong></span> <span class='ocrx_word' id='word_1_581' title='bbox 422 4508 605 4563; x_wconf 75' lang='grc' dir='ltr'><strong>λοιπὸν</strong></span> <span class='ocrx_word' id='word_1_582' title='bbox 650 4508 720 4561; x_wconf 74' lang='grc' dir='ltr'><strong>τὰ</strong></span> <span class='ocrx_word' id='word_1_583' title='bbox 775 4508 1037 4578; x_wconf 84' lang='grc' dir='ltr'><strong>πονηρίας</strong></span> <span class='ocrx_word' id='word_1_584' title='bbox 1087 4507 1288 4575; x_wconf 66' lang='grc' dir='ltr'><strong>ᾑρεῖτο,</strong></span> <span class='ocrx_word' id='word_1_585' title='bbox 1324 4504 1417 4557; x_wconf 74' lang='grc' dir='ltr'><strong>καὶ</strong></span> <span class='ocrx_word' id='word_1_586' title='bbox 1473 4503 1707 4571; x_wconf 76' lang='grc' dir='ltr'><strong>ἔπραττε</strong></span> <span class='ocrx_word' id='word_1_587' title='bbox 1752 4502 1819 4554; x_wconf 77' lang='grc' dir='ltr'><strong>τὰ</strong></span> 
     </span>
    </p>
   </div>
   <div class='ocr_carea' id='block_1_76' title="bbox 238 4591 1818 4672">
    <p class='ocr_par' dir='ltr' id='par_1_76' title="bbox 238 4591 1818 4672">
     <span class='ocr_line' id='line_1_76' title="bbox 238 4591 1818 4672; baseline -0.007 -19"><span class='ocrx_word' id='word_1_588' title='bbox 238 4601 546 4672; x_wconf 74' lang='grc' dir='ltr'><strong>πονηρίαςο</strong></span> <span class='ocrx_word' id='word_1_589' title='bbox 588 4600 684 4653; x_wconf 76' lang='grc' dir='ltr'><strong>καὶ</strong></span> <span class='ocrx_word' id='word_1_590' title='bbox 728 4600 913 4669; x_wconf 76' lang='grc' dir='ltr'><strong>ἠγνόει</strong></span> <span class='ocrx_word' id='word_1_591' title='bbox 952 4600 1052 4669; x_wconf 84' lang='grc' dir='ltr'><strong>μὲν</strong></span> <span class='ocrx_word' id='word_1_592' title='bbox 1102 4596 1281 4657; x_wconf 76' lang='grc' dir='ltr'><strong>ἑαυτὸ.</strong></span> <span class='ocrx_word' id='word_1_593' title='bbox 1313 4596 1405 4648; x_wconf 77' lang='grc' dir='ltr'><strong>καὶ</strong></span> <span class='ocrx_word' id='word_1_594' title='bbox 1440 4594 1622 4646; x_wconf 74' lang='grc' dir='ltr'><strong>οὐκέτι</strong></span> <span class='ocrx_word' id='word_1_595' title='bbox 1658 4591 1818 4643; x_wconf 70' lang='grc' dir='ltr'><strong>ἑαυτὸ</strong></span> 
     </span>
    </p>
   </div>
   <div class='ocr_carea' id='block_1_77' title="bbox 1928 3404 3498 3479">
    <p class='ocr_par' dir='ltr' id='par_1_77' title="bbox 1928 3404 3498 3479">
     <span class='ocr_line' id='line_1_77' title="bbox 1928 3404 3498 3479; baseline 0.008 -24"><span class='ocrx_word' id='word_1_596' title='bbox 1928 3413 2135 3457; x_wconf 69' lang='lat' dir='ltr'><strong>natura:</strong></span> <span class='ocrx_word' id='word_1_597' title='bbox 2170 3404 2445 3473; x_wconf 87' lang='lat' dir='ltr'><strong>patibilis;</strong></span> <span class='ocrx_word' id='word_1_598' title='bbox 2484 3406 2573 3461; x_wconf 90' lang='lat' dir='ltr'><strong>ille</strong></span> <span class='ocrx_word' id='word_1_599' title='bbox 2600 3407 2817 3477; x_wconf 81' lang='lat' dir='ltr'><strong>quidem</strong></span> <span class='ocrx_word' id='word_1_600' title='bbox 2847 3409 2988 3463; x_wconf 86' lang='lat' dir='ltr'><strong>male</strong></span> <span class='ocrx_word' id='word_1_601' title='bbox 3012 3409 3147 3463; x_wconf 75' lang='lat' dir='ltr'><strong>aﬂiCi</strong></span> <span class='ocrx_word' id='word_1_602' title='bbox 3183 3420 3383 3479; x_wconf 83' lang='lat' dir='ltr'><strong>potest,</strong></span> <span class='ocrx_word' id='word_1_603' title='bbox 3410 3412 3498 3467; x_wconf 84' lang='lat' dir='ltr'><strong>hic</strong></span> 
     </span>
    </p>
   </div>
   <div class='ocr_carea' id='block_1_78' title="bbox 1924 3496 3501 3571">
    <p class='ocr_par' dir='ltr' id='par_1_78' title="bbox 1924 3496 3501 3571">
     <span class='ocr_line' id='line_1_78' title="bbox 1924 3496 3501 3571; baseline 0.006 -22"><span class='ocrx_word' id='word_1_604' title='bbox 1924 3510 2056 3549; x_wconf 88' lang='lat' dir='ltr'><strong>vero</strong></span> <span class='ocrx_word' id='word_1_605' title='bbox 2095 3497 2236 3551; x_wconf 89' lang='lat' dir='ltr'><strong>male</strong></span> <span class='ocrx_word' id='word_1_606' title='bbox 2268 3496 2503 3552; x_wconf 81' lang='lat' dir='ltr'><strong>allicere.</strong></span> <span class='ocrx_word' id='word_1_607' title='bbox 2542 3497 2599 3552; x_wconf 90' lang='lat' dir='ltr'><strong>Si</strong></span> <span class='ocrx_word' id='word_1_608' title='bbox 2640 3500 2783 3554; x_wconf 90' lang='lat' dir='ltr'><strong>enim</strong></span> <span class='ocrx_word' id='word_1_609' title='bbox 2824 3500 3009 3555; x_wconf 88' lang='lat' dir='ltr'><strong>lumen</strong></span> <span class='ocrx_word' id='word_1_610' title='bbox 3052 3502 3273 3571; x_wconf 87' lang='lat' dir='ltr'><strong>patibile</strong></span> <span class='ocrx_word' id='word_1_611' title='bbox 3304 3511 3409 3569; x_wconf 87' lang='lat' dir='ltr'><strong>est,</strong></span> <span class='ocrx_word' id='word_1_612' title='bbox 3446 3515 3501 3558; x_wconf 86' lang='lat' dir='ltr'><strong>et</strong></span> 
     </span>
    </p>
   </div>
   <div class='ocr_carea' id='block_1_79' title="bbox 1926 3587 3502 3665">
    <p class='ocr_par' dir='ltr' id='par_1_79' title="bbox 1926 3587 3502 3665">
     <span class='ocr_line' id='line_1_79' title="bbox 1926 3587 3502 3665; baseline 0.005 -24"><span class='ocrx_word' id='word_1_613' title='bbox 1926 3587 2042 3657; x_wconf 91' lang='lat' dir='ltr'><strong>ipse</strong></span> <span class='ocrx_word' id='word_1_614' title='bbox 2089 3587 2232 3643; x_wconf 90' lang='lat' dir='ltr'><strong>Deus</strong></span> <span class='ocrx_word' id='word_1_615' title='bbox 2276 3598 2361 3643; x_wconf 90' lang='lat' dir='ltr'><strong>est</strong></span> <span class='ocrx_word' id='word_1_616' title='bbox 2393 3590 2656 3659; x_wconf 88' lang='lat' dir='ltr'><strong>patibilis,</strong></span> <span class='ocrx_word' id='word_1_617' title='bbox 2689 3608 2811 3646; x_wconf 88' lang='lat' dir='ltr'><strong>cum</strong></span> <span class='ocrx_word' id='word_1_618' title='bbox 2859 3609 2968 3647; x_wconf 89' lang='lat' dir='ltr'><strong>non</strong></span> <span class='ocrx_word' id='word_1_619' title='bbox 3021 3595 3091 3649; x_wconf 85' lang='lat' dir='ltr'><strong>sit</strong></span> <span class='ocrx_word' id='word_1_620' title='bbox 3126 3594 3271 3648; x_wconf 87' lang='lat' dir='ltr'><strong>aliud</strong></span> <span class='ocrx_word' id='word_1_621' title='bbox 3308 3605 3502 3665; x_wconf 63' lang='lat' dir='ltr'><strong>praeter</strong></span> 
     </span>
    </p>
   </div>
   <div class='ocr_carea' id='block_1_80' title="bbox 1924 3676 3500 3747">
    <p class='ocr_par' dir='ltr' id='par_1_80' title="bbox 1924 3676 3500 3747">
     <span class='ocr_line' id='line_1_80' title="bbox 1924 3676 3500 3747; baseline 0.004 -17"><span class='ocrx_word' id='word_1_622' title='bbox 1924 3677 2126 3732; x_wconf 89' lang='lat' dir='ltr'><strong>lumen.</strong></span> <span class='ocrx_word' id='word_1_623' title='bbox 2157 3676 2313 3743; x_wconf 82' lang='lat' dir='ltr'><strong>Quud</strong></span> <span class='ocrx_word' id='word_1_624' title='bbox 2346 3679 2391 3733; x_wconf 89' lang='lat' dir='ltr'><strong>si</strong></span> <span class='ocrx_word' id='word_1_625' title='bbox 2427 3683 2604 3747; x_wconf 85' lang='lat' dir='ltr'><strong>potuit</strong></span> <span class='ocrx_word' id='word_1_626' title='bbox 2631 3680 2771 3735; x_wconf 89' lang='lat' dir='ltr'><strong>male</strong></span> <span class='ocrx_word' id='word_1_627' title='bbox 2801 3678 2963 3747; x_wconf 79' lang='lat' dir='ltr'><strong>allici,</strong></span> <span class='ocrx_word' id='word_1_628' title='bbox 2989 3688 3044 3734; x_wconf 91' lang='lat' dir='ltr'><strong>et</strong></span> <span class='ocrx_word' id='word_1_629' title='bbox 3074 3696 3182 3735; x_wconf 92' lang='lat' dir='ltr'><strong>non</strong></span> <span class='ocrx_word' id='word_1_630' title='bbox 3216 3698 3246 3736; x_wconf 90' lang='lat' dir='ltr'><strong>a</strong></span> <span class='ocrx_word' id='word_1_631' title='bbox 3278 3698 3336 3737; x_wconf 91' lang='lat' dir='ltr'><strong>se</strong></span> <span class='ocrx_word' id='word_1_632' title='bbox 3361 3683 3500 3737; x_wconf 88' lang='lat' dir='ltr'><strong>male</strong></span> 
     </span>
    </p>
   </div>
   <div class='ocr_carea' id='block_1_81' title="bbox 1923 3768 3488 3840">
    <p class='ocr_par' dir='ltr' id='par_1_81' title="bbox 1923 3768 3488 3840">
     <span class='ocr_line' id='line_1_81' title="bbox 1923 3768 3488 3840; baseline 0.004 -19"><span class='ocrx_word' id='word_1_633' title='bbox 1923 3768 2081 3830; x_wconf 84' lang='lat' dir='ltr'><strong>allici.</strong></span> <span class='ocrx_word' id='word_1_634' title='bbox 2115 3770 2207 3823; x_wconf 85' lang='lat' dir='ltr'><strong>sed</strong></span> <span class='ocrx_word' id='word_1_635' title='bbox 2232 3770 2300 3823; x_wconf 90' lang='lat' dir='ltr'><strong>ab</strong></span> <span class='ocrx_word' id='word_1_636' title='bbox 2332 3770 2489 3824; x_wconf 88' lang='lat' dir='ltr'><strong>hoste</strong></span> <span class='ocrx_word' id='word_1_637' title='bbox 2520 3778 2573 3824; x_wconf 89' lang='lat' dir='ltr'><strong>ct</strong></span> <span class='ocrx_word' id='word_1_638' title='bbox 2606 3783 2904 3840; x_wconf 80' lang='lat' dir='ltr'><strong>pugnante,</strong></span> <span class='ocrx_word' id='word_1_639' title='bbox 2938 3779 2990 3824; x_wconf 90' lang='lat' dir='ltr'><strong>et</strong></span> <span class='ocrx_word' id='word_1_640' title='bbox 3013 3770 3247 3827; x_wconf 82' lang='lat' dir='ltr'><strong>deﬁcere</strong></span> <span class='ocrx_word' id='word_1_641' title='bbox 3278 3787 3306 3826; x_wconf 89' lang='lat' dir='ltr'><strong>a</strong></span> <span class='ocrx_word' id='word_1_642' title='bbox 3332 3788 3409 3839; x_wconf 88' lang='lat' dir='ltr'><strong>se,</strong></span> <span class='ocrx_word' id='word_1_643' title='bbox 3434 3783 3488 3829; x_wconf 88' lang='lat' dir='ltr'><strong>et</strong></span> 
     </span>
    </p>
   </div>
   <div class='ocr_carea' id='block_1_82' title="bbox 1922 3859 3488 3933">
    <p class='ocr_par' dir='ltr' id='par_1_82' title="bbox 1922 3859 3488 3933">
     <span class='ocr_line' id='line_1_82' title="bbox 1922 3859 3488 3933; baseline 0.002 -19"><span class='ocrx_word' id='word_1_644' title='bbox 1922 3875 2044 3915; x_wconf 89' lang='lat' dir='ltr'><strong>esse</strong></span> <span class='ocrx_word' id='word_1_645' title='bbox 2096 3859 2240 3929; x_wconf 88' lang='lat' dir='ltr'><strong>apud</strong></span> <span class='ocrx_word' id='word_1_646' title='bbox 2273 3860 2558 3916; x_wconf 83' lang='lat' dir='ltr'><strong>deterius:</strong></span> <span class='ocrx_word' id='word_1_647' title='bbox 2589 3863 2864 3930; x_wconf 88' lang='lat' dir='ltr'><strong>quomodo</strong></span> <span class='ocrx_word' id='word_1_648' title='bbox 2907 3876 2936 3915; x_wconf 89' lang='lat' dir='ltr'><strong>a</strong></span> <span class='ocrx_word' id='word_1_649' title='bbox 2980 3864 3216 3932; x_wconf 79' lang='lat' dir='ltr'><strong>propriis</strong></span> <span class='ocrx_word' id='word_1_650' title='bbox 3265 3880 3488 3933; x_wconf 79' lang='lat' dir='ltr'><strong>separa-</strong></span> 
     </span>
    </p>
   </div>
   <div class='ocr_carea' id='block_1_83' title="bbox 1923 3951 3489 4027">
    <p class='ocr_par' dir='ltr' id='par_1_83' title="bbox 1923 3951 3489 4027">
     <span class='ocr_line' id='line_1_83' title="bbox 1923 3951 3489 4027; baseline 0.006 -24"><span class='ocrx_word' id='word_1_651' title='bbox 1923 3958 2036 4003; x_wconf 90' lang='lat' dir='ltr'><strong>tum</strong></span> <span class='ocrx_word' id='word_1_652' title='bbox 2080 3959 2183 4009; x_wconf 80' lang='lat' dir='ltr'><strong>est.</strong></span> <span class='ocrx_word' id='word_1_653' title='bbox 2222 3951 2369 4020; x_wconf 82' lang='lat' dir='ltr'><strong>quod</strong></span> <span class='ocrx_word' id='word_1_654' title='bbox 2415 3960 2665 4005; x_wconf 89' lang='lat' dir='ltr'><strong>naturam</strong></span> <span class='ocrx_word' id='word_1_655' title='bbox 2709 3953 2869 4006; x_wconf 83' lang='lat' dir='ltr'><strong>habet</strong></span> <span class='ocrx_word' id='word_1_656' title='bbox 2914 3955 3341 4023; x_wconf 81' lang='lat' dir='ltr'><strong>copulatricem?</strong></span> <span class='ocrx_word' id='word_1_657' title='bbox 3370 3973 3489 4027; x_wconf 61' lang='lat' dir='ltr'><strong>qua:</strong></span> 
     </span>
    </p>
   </div>
   <div class='ocr_carea' id='block_1_84' title="bbox 1923 4042 3497 4115">
    <p class='ocr_par' dir='ltr' id='par_1_84' title="bbox 1923 4042 3497 4115">
     <span class='ocr_line' id='line_1_84' title="bbox 1923 4042 3497 4115; baseline 0.006 -18"><span class='ocrx_word' id='word_1_658' title='bbox 1923 4043 2068 4097; x_wconf 90' lang='lat' dir='ltr'><strong>enim</strong></span> <span class='ocrx_word' id='word_1_659' title='bbox 2099 4042 2399 4098; x_wconf 86' lang='lat' dir='ltr'><strong>secundum</strong></span> <span class='ocrx_word' id='word_1_660' title='bbox 2454 4050 2706 4097; x_wconf 86' lang='lat' dir='ltr'><strong>naturam</strong></span> <span class='ocrx_word' id='word_1_661' title='bbox 2742 4054 2868 4115; x_wconf 86' lang='lat' dir='ltr'><strong>apta</strong></span> <span class='ocrx_word' id='word_1_662' title='bbox 2914 4053 3043 4099; x_wconf 86' lang='lat' dir='ltr'><strong>nata</strong></span> <span class='ocrx_word' id='word_1_663' title='bbox 3087 4054 3234 4111; x_wconf 83' lang='lat' dir='ltr'><strong>sunt,</strong></span> <span class='ocrx_word' id='word_1_664' title='bbox 3270 4056 3327 4101; x_wconf 92' lang='lat' dir='ltr'><strong>ut</strong></span> <span class='ocrx_word' id='word_1_665' title='bbox 3370 4065 3400 4103; x_wconf 84' lang='lat' dir='ltr'><strong>a</strong></span> <span class='ocrx_word' id='word_1_666' title='bbox 3437 4068 3497 4106; x_wconf 82' lang='lat' dir='ltr'><strong>se</strong></span> 
     </span>
    </p>
   </div>
   <div class='ocr_carea' id='block_1_85' title="bbox 1923 4135 3501 4205">
    <p class='ocr_par' dir='ltr' id='par_1_85' title="bbox 1923 4135 3501 4205">
     <span class='ocr_line' id='line_1_85' title="bbox 1923 4135 3501 4205; baseline 0.003 -16"><span class='ocrx_word' id='word_1_667' title='bbox 1923 4135 2059 4205; x_wconf 89' lang='lat' dir='ltr'><strong>ipsis</strong></span> <span class='ocrx_word' id='word_1_668' title='bbox 2090 4144 2431 4205; x_wconf 84' lang='lat' dir='ltr'><strong>separentur,</strong></span> <span class='ocrx_word' id='word_1_669' title='bbox 2469 4151 2577 4189; x_wconf 91' lang='lat' dir='ltr'><strong>non</strong></span> <span class='ocrx_word' id='word_1_670' title='bbox 2615 4136 2803 4192; x_wconf 86' lang='lat' dir='ltr'><strong>insunt</strong></span> <span class='ocrx_word' id='word_1_671' title='bbox 2837 4144 3051 4191; x_wconf 84' lang='lat' dir='ltr'><strong>natura.</strong></span> <span class='ocrx_word' id='word_1_672' title='bbox 3104 4139 3159 4192; x_wconf 89' lang='lat' dir='ltr'><strong>Si</strong></span> <span class='ocrx_word' id='word_1_673' title='bbox 3206 4148 3383 4193; x_wconf 89' lang='lat' dir='ltr'><strong>autem</strong></span> <span class='ocrx_word' id='word_1_674' title='bbox 3415 4142 3501 4193; x_wconf 90' lang='lat' dir='ltr'><strong>in-</strong></span> 
     </span>
    </p>
   </div>
   <div class='ocr_carea' id='block_1_86' title="bbox 1920 4227 3500 4302">
    <p class='ocr_par' dir='ltr' id='par_1_86' title="bbox 1920 4227 3500 4302">
     <span class='ocr_line' id='line_1_86' title="bbox 1920 4227 3500 4302; baseline 0.003 -21"><span class='ocrx_word' id='word_1_675' title='bbox 1920 4227 2161 4297; x_wconf 80' lang='lat' dir='ltr'><strong>genitum</strong></span> <span class='ocrx_word' id='word_1_676' title='bbox 2191 4235 2307 4281; x_wconf 88' lang='lat' dir='ltr'><strong>erat</strong></span> <span class='ocrx_word' id='word_1_677' title='bbox 2335 4228 2542 4290; x_wconf 85' lang='lat' dir='ltr'><strong>lumen,</strong></span> <span class='ocrx_word' id='word_1_678' title='bbox 2590 4236 2645 4281; x_wconf 89' lang='lat' dir='ltr'><strong>ct</strong></span> <span class='ocrx_word' id='word_1_679' title='bbox 2685 4237 2803 4282; x_wconf 85' lang='lat' dir='ltr'><strong>erat</strong></span> <span class='ocrx_word' id='word_1_680' title='bbox 2832 4245 2956 4283; x_wconf 82' lang='lat' dir='ltr'><strong>cum</strong></span> <span class='ocrx_word' id='word_1_681' title='bbox 2991 4230 3236 4301; x_wconf 78' lang='lat' dir='ltr'><strong>ingenito</strong></span> <span class='ocrx_word' id='word_1_682' title='bbox 3274 4234 3500 4302; x_wconf 84' lang='lat' dir='ltr'><strong>copula-</strong></span> 
     </span>
    </p>
   </div>
   <div class='ocr_carea' id='block_1_87' title="bbox 1920 4319 3497 4394">
    <p class='ocr_par' dir='ltr' id='par_1_87' title="bbox 1920 4319 3497 4394">
     <span class='ocr_line' id='line_1_87' title="bbox 1920 4319 3497 4394; baseline 0.005 -22"><span class='ocrx_word' id='word_1_683' title='bbox 1920 4328 2057 4384; x_wconf 90' lang='lat' dir='ltr'><strong>tum,</strong></span> <span class='ocrx_word' id='word_1_684' title='bbox 2095 4319 2368 4388; x_wconf 87' lang='lat' dir='ltr'><strong>quomodo</strong></span> <span class='ocrx_word' id='word_1_685' title='bbox 2410 4333 2650 4387; x_wconf 86' lang='lat' dir='ltr'><strong>unquam</strong></span> <span class='ocrx_word' id='word_1_686' title='bbox 2688 4321 2934 4390; x_wconf 85' lang='lat' dir='ltr'><strong>separari</strong></span> <span class='ocrx_word' id='word_1_687' title='bbox 2978 4323 3193 4391; x_wconf 89' lang='lat' dir='ltr'><strong>potuit?</strong></span> <span class='ocrx_word' id='word_1_688' title='bbox 3221 4326 3497 4394; x_wconf 88' lang='lat' dir='ltr'><strong>quomodo</strong></span> 
     </span>
    </p>
   </div>
   <div class='ocr_carea' id='block_1_88' title="bbox 1921 4407 3498 4479">
    <p class='ocr_par' dir='ltr' id='par_1_88' title="bbox 1921 4407 3498 4479">
     <span class='ocr_line' id='line_1_88' title="bbox 1921 4407 3498 4479; baseline 0.006 -18"><span class='ocrx_word' id='word_1_689' title='bbox 1921 4424 1950 4461; x_wconf 87' lang='lat' dir='ltr'><strong>a</strong></span> <span class='ocrx_word' id='word_1_690' title='bbox 1976 4425 2033 4464; x_wconf 89' lang='lat' dir='ltr'><strong>se</strong></span> <span class='ocrx_word' id='word_1_691' title='bbox 2059 4408 2265 4475; x_wconf 86' lang='lat' dir='ltr'><strong>divelli,</strong></span> <span class='ocrx_word' id='word_1_692' title='bbox 2301 4418 2354 4463; x_wconf 91' lang='lat' dir='ltr'><strong>et</strong></span> <span class='ocrx_word' id='word_1_693' title='bbox 2388 4408 2503 4464; x_wconf 82' lang='lat' dir='ltr'><strong>ﬁeri</strong></span> <span class='ocrx_word' id='word_1_694' title='bbox 2535 4407 2682 4462; x_wconf 87' lang='lat' dir='ltr'><strong>aliud</strong></span> <span class='ocrx_word' id='word_1_695' title='bbox 2709 4423 2872 4479; x_wconf 88' lang='lat' dir='ltr'><strong>quam</strong></span> <span class='ocrx_word' id='word_1_696' title='bbox 2911 4412 3062 4466; x_wconf 87' lang='lat' dir='ltr'><strong>erat?</strong></span> <span class='ocrx_word' id='word_1_697' title='bbox 3098 4410 3155 4467; x_wconf 91' lang='lat' dir='ltr'><strong>Si</strong></span> <span class='ocrx_word' id='word_1_698' title='bbox 3196 4417 3343 4470; x_wconf 88' lang='lat' dir='ltr'><strong>enim</strong></span> <span class='ocrx_word' id='word_1_699' title='bbox 3393 4415 3498 4469; x_wconf 84' lang='lat' dir='ltr'><strong>mi-</strong></span> 
     </span>
    </p>
   </div>
   <div class='ocr_carea' id='block_1_89' title="bbox 1920 4502 3494 4575">
    <p class='ocr_par' dir='ltr' id='par_1_89' title="bbox 1920 4502 3494 4575">
     <span class='ocr_line' id='line_1_89' title="bbox 1920 4502 3494 4575; baseline 0.003 -19"><span class='ocrx_word' id='word_1_700' title='bbox 1920 4502 2175 4557; x_wconf 84' lang='lat' dir='ltr'><strong>nistravit</strong></span> <span class='ocrx_word' id='word_1_701' title='bbox 2219 4503 2379 4562; x_wconf 77' lang='lat' dir='ltr'><strong>male,</strong></span> <span class='ocrx_word' id='word_1_702' title='bbox 2428 4503 2591 4572; x_wconf 86' lang='lat' dir='ltr'><strong>idque</strong></span> <span class='ocrx_word' id='word_1_703' title='bbox 2641 4518 2735 4572; x_wconf 89' lang='lat' dir='ltr'><strong>per</strong></span> <span class='ocrx_word' id='word_1_704' title='bbox 2766 4504 2873 4558; x_wconf 86' lang='lat' dir='ltr'><strong>vim</strong></span> <span class='ocrx_word' id='word_1_705' title='bbox 2924 4519 2953 4556; x_wconf 90' lang='lat' dir='ltr'><strong>a</strong></span> <span class='ocrx_word' id='word_1_706' title='bbox 2985 4506 3230 4575; x_wconf 88' lang='lat' dir='ltr'><strong>nequitia</strong></span> <span class='ocrx_word' id='word_1_707' title='bbox 3264 4507 3494 4571; x_wconf 87' lang='lat' dir='ltr'><strong>illatam,</strong></span> 
     </span>
    </p>
   </div>
   <div class='ocr_carea' id='block_1_90' title="bbox 1922 4590 3491 4666">
    <p class='ocr_par' dir='ltr' id='par_1_90' title="bbox 1922 4590 3491 4666">
     <span class='ocr_line' id='line_1_90' title="bbox 1922 4590 3491 4666; baseline 0.005 -22"><span class='ocrx_word' id='word_1_708' title='bbox 1922 4590 2180 4661; x_wconf 88' lang='lat' dir='ltr'><strong>deinceps</strong></span> <span class='ocrx_word' id='word_1_709' title='bbox 2216 4592 2517 4661; x_wconf 86' lang='lat' dir='ltr'><strong>nequitiam</strong></span> <span class='ocrx_word' id='word_1_710' title='bbox 2548 4592 2802 4661; x_wconf 80' lang='lat' dir='ltr'><strong>eligebat,</strong></span> <span class='ocrx_word' id='word_1_711' title='bbox 2838 4600 2891 4648; x_wconf 87' lang='lat' dir='ltr'><strong>et</strong></span> <span class='ocrx_word' id='word_1_712' title='bbox 2921 4609 3041 4665; x_wconf 72' lang='lat' dir='ltr'><strong>qua:</strong></span> <span class='ocrx_word' id='word_1_713' title='bbox 3074 4604 3201 4650; x_wconf 86' lang='lat' dir='ltr'><strong>sunt</strong></span> <span class='ocrx_word' id='word_1_714' title='bbox 3233 4613 3491 4666; x_wconf 88' lang='lat' dir='ltr'><strong>nequam,</strong></span> 
     </span>
    </p>
   </div>
   <div class='ocr_carea' id='block_1_91' title="bbox 238 4666 1846 4763">
    <p class='ocr_par' dir='ltr' id='par_1_91' title="bbox 238 4666 1812 4763">
     <span class='ocr_line' id='line_1_91' title="bbox 238 4666 1812 4763; baseline -0.008 -17"><span class='ocrx_word' id='word_1_715' title='bbox 238 4666 565 4763; x_wconf 59' lang='grc' dir='ltr'><strong>ἐγνώριζεν,</strong></span> <span class='ocrx_word' id='word_1_716' title='bbox 609 4690 723 4744; x_wconf 80' lang='grc' dir='ltr'><strong>ἀλλ’</strong></span> <span class='ocrx_word' id='word_1_717' title='bbox 754 4666 1052 4759; x_wconf 58' lang='grc' dir='ltr'><strong>ίπιλῆσμον</strong></span> <span class='ocrx_word' id='word_1_718' title='bbox 1079 4686 1271 4742; x_wconf 76' lang='grc' dir='ltr'><strong>ἑαυτοῦ</strong></span> <span class='ocrx_word' id='word_1_719' title='bbox 1303 4685 1569 4754; x_wconf 77' lang='grc' dir='ltr'><strong>ὲγεγόνει’</strong></span> <span class='ocrx_word' id='word_1_720' title='bbox 1597 4681 1731 4753; x_wconf 77' lang='grc' dir='ltr'><strong>ᾤετο</strong></span> <span class='ocrx_word' id='word_1_721' title='bbox 1758 4682 1812 4734; x_wconf 82' lang='grc' dir='ltr'><strong>δὲ</strong></span> 
     </span>
    </p>
   </div>
   <div class='ocr_carea' id='block_1_92' title="bbox 1925 4666 3495 4763">
    <p class='ocr_par' dir='ltr' id='par_1_92' title="bbox 1925 4682 3495 4757">
     <span class='ocr_line' id='line_1_92' title="bbox 1925 4682 3495 4757; baseline 0.006 -22"><span class='ocrx_word' id='word_1_722' title='bbox 1925 4682 2301 4752; x_wconf 88' lang='lat' dir='ltr'><strong>perpetrabat;</strong></span> <span class='ocrx_word' id='word_1_723' title='bbox 2340 4690 2393 4736; x_wconf 85' lang='lat' dir='ltr'><strong>et</strong></span> <span class='ocrx_word' id='word_1_724' title='bbox 2424 4683 2709 4753; x_wconf 82' lang='lat' dir='ltr'><strong>ignorabat</strong></span> <span class='ocrx_word' id='word_1_725' title='bbox 2753 4698 2830 4746; x_wconf 87' lang='lat' dir='ltr'><strong>se,</strong></span> <span class='ocrx_word' id='word_1_726' title='bbox 2875 4698 2975 4738; x_wconf 88' lang='lat' dir='ltr'><strong>nec</strong></span> <span class='ocrx_word' id='word_1_727' title='bbox 3022 4700 3079 4739; x_wconf 89' lang='lat' dir='ltr'><strong>se</strong></span> <span class='ocrx_word' id='word_1_728' title='bbox 3107 4685 3219 4753; x_wconf 84' lang='lat' dir='ltr'><strong>jam</strong></span> <span class='ocrx_word' id='word_1_729' title='bbox 3261 4688 3495 4757; x_wconf 83' lang='lat' dir='ltr'><strong>amplius</strong></span> 
     </span>
    </p>
   </div>
   <div class='ocr_carea' id='block_1_93' title="bbox 235 4773 1846 4849">
    <p class='ocr_par' dir='ltr' id='par_1_93' title="bbox 235 4777 1815 4849">
     <span class='ocr_line' id='line_1_93' title="bbox 235 4777 1815 4849; baseline -0.006 -13"><span class='ocrx_word' id='word_1_730' title='bbox 235 4784 404 4836; x_wconf 72' lang='grc' dir='ltr'><strong>ἑαυτὸ</strong></span> <span class='ocrx_word' id='word_1_731' title='bbox 425 4783 663 4838; x_wconf 82' lang='grc' dir='ltr'><strong>τοιοῦτον</strong></span> <span class='ocrx_word' id='word_1_732' title='bbox 694 4778 832 4837; x_wconf 75' lang='grc' dir='ltr'><strong>εἶναι</strong></span> <span class='ocrx_word' id='word_1_733' title='bbox 855 4778 963 4835; x_wconf 78' lang='grc' dir='ltr'><strong>οἷόν</strong></span> <span class='ocrx_word' id='word_1_734' title='bbox 986 4783 1101 4835; x_wconf 72' lang='grc' dir='ltr'><strong>ἐστι</strong></span> <span class='ocrx_word' id='word_1_735' title='bbox 1136 4781 1229 4833; x_wconf 73' lang='grc' dir='ltr'><strong>καὶ</strong></span> <span class='ocrx_word' id='word_1_736' title='bbox 1260 4779 1320 4832; x_wconf 78' lang='grc' dir='ltr'><strong>τὸ</strong></span> <span class='ocrx_word' id='word_1_737' title='bbox 1346 4778 1577 4849; x_wconf 73' lang='grc' dir='ltr'><strong>πονηρόν</strong></span> <span class='ocrx_word' id='word_1_738' title='bbox 1598 4795 1609 4807; x_wconf 82' lang='lat'><strong>-</strong></span> <span class='ocrx_word' id='word_1_739' title='bbox 1650 4777 1815 4846; x_wconf 64' lang='grc' dir='ltr'><strong>μαχός</strong></span> 
     </span>
    </p>
   </div>
   <div class='ocr_carea' id='block_1_94' title="bbox 1925 4773 3495 4849">
    <p class='ocr_par' dir='ltr' id='par_1_94' title="bbox 1925 4773 3495 4846">
     <span class='ocr_line' id='line_1_94' title="bbox 1925 4773 3495 4846; baseline 0.003 -20"><span class='ocrx_word' id='word_1_740' title='bbox 1925 4774 2273 4843; x_wconf 80' lang='lat' dir='ltr'><strong>agnoscebat,</strong></span> <span class='ocrx_word' id='word_1_741' title='bbox 2310 4774 2403 4829; x_wconf 87' lang='lat' dir='ltr'><strong>sed</strong></span> <span class='ocrx_word' id='word_1_742' title='bbox 2453 4774 2539 4829; x_wconf 86' lang='lat' dir='ltr'><strong>sui</strong></span> <span class='ocrx_word' id='word_1_743' title='bbox 2577 4774 2760 4844; x_wconf 85' lang='lat' dir='ltr'><strong>potius</strong></span> <span class='ocrx_word' id='word_1_744' title='bbox 2806 4773 3037 4828; x_wconf 88' lang='lat' dir='ltr'><strong>oblitum</strong></span> <span class='ocrx_word' id='word_1_745' title='bbox 3080 4783 3230 4842; x_wconf 85' lang='lat' dir='ltr'><strong>erat;</strong></span> <span class='ocrx_word' id='word_1_746' title='bbox 3273 4779 3495 4846; x_wconf 88' lang='lat' dir='ltr'><strong>putabat</strong></span> 
     </span>
    </p>
   </div>
   <div class='ocr_carea' id='block_1_95' title="bbox 239 4862 1846 4946">
    <p class='ocr_par' dir='ltr' id='par_1_95' title="bbox 239 4862 1813 4946">
     <span class='ocr_line' id='line_1_95' title="bbox 239 4862 1813 4946; baseline -0.006 -18"><span class='ocrx_word' id='word_1_747' title='bbox 239 4891 404 4946; x_wconf 79' lang='grc' dir='ltr'><strong>μενος</strong></span> <span class='ocrx_word' id='word_1_748' title='bbox 459 4878 758 4945; x_wconf 79' lang='grc' dir='ltr'><strong>φανήσεται</strong></span> <span class='ocrx_word' id='word_1_749' title='bbox 800 4877 830 4927; x_wconf 89' lang='lat'><strong>6</strong></span> <span class='ocrx_word' id='word_1_750' title='bbox 860 4862 1053 4941; x_wconf 66' lang='grc' dir='ltr'><strong>’λόγος’</strong></span> <span class='ocrx_word' id='word_1_751' title='bbox 1106 4874 1167 4926; x_wconf 81' lang='grc' dir='ltr'><strong>τὸ</strong></span> <span class='ocrx_word' id='word_1_752' title='bbox 1212 4872 1317 4942; x_wconf 78' lang='grc' dir='ltr'><strong>γὰρ</strong></span> <span class='ocrx_word' id='word_1_753' title='bbox 1356 4871 1646 4939; x_wconf 80' lang='grc' dir='ltr'><strong>ἀγέννητον</strong></span> <span class='ocrx_word' id='word_1_754' title='bbox 1691 4866 1813 4919; x_wconf 74' lang='grc' dir='ltr'><strong>οὕτε</strong></span> 
     </span>
    </p>
   </div>
   <div class='ocr_carea' id='block_1_96' title="bbox 1925 4862 3492 4946">
    <p class='ocr_par' dir='ltr' id='par_1_96' title="bbox 1925 4865 3492 4939">
     <span class='ocr_line' id='line_1_96' title="bbox 1925 4865 3492 4939; baseline 0.001 -21"><span class='ocrx_word' id='word_1_755' title='bbox 1925 4865 2065 4918; x_wconf 86' lang='lat' dir='ltr'><strong>enim</strong></span> <span class='ocrx_word' id='word_1_756' title='bbox 2098 4878 2155 4918; x_wconf 90' lang='lat' dir='ltr'><strong>se</strong></span> <span class='ocrx_word' id='word_1_757' title='bbox 2186 4865 2293 4918; x_wconf 88' lang='lat' dir='ltr'><strong>tale</strong></span> <span class='ocrx_word' id='word_1_758' title='bbox 2326 4879 2471 4928; x_wconf 89' lang='lat' dir='ltr'><strong>esse,</strong></span> <span class='ocrx_word' id='word_1_759' title='bbox 2504 4865 2663 4933; x_wconf 82' lang='lat' dir='ltr'><strong>quale</strong></span> <span class='ocrx_word' id='word_1_760' title='bbox 2687 4870 2770 4917; x_wconf 85' lang='lat' dir='ltr'><strong>est</strong></span> <span class='ocrx_word' id='word_1_761' title='bbox 2800 4866 3025 4922; x_wconf 90' lang='lat' dir='ltr'><strong>malum.</strong></span> <span class='ocrx_word' id='word_1_762' title='bbox 3056 4866 3113 4919; x_wconf 90' lang='lat' dir='ltr'><strong>Si</strong></span> <span class='ocrx_word' id='word_1_763' title='bbox 3140 4868 3210 4919; x_wconf 88' lang='lat' dir='ltr'><strong>ita</strong></span> <span class='ocrx_word' id='word_1_764' title='bbox 3234 4877 3373 4933; x_wconf 89' lang='lat' dir='ltr'><strong>erat,</strong></span> <span class='ocrx_word' id='word_1_765' title='bbox 3400 4883 3492 4939; x_wconf 85' lang='lat' dir='ltr'><strong>ap-</strong></span> 
     </span>
    </p>
   </div>
   <div class='ocr_carea' id='block_1_97' title="bbox 234 4955 1846 5038">
    <p class='ocr_par' dir='ltr' id='par_1_97' title="bbox 234 4959 1813 5038">
     <span class='ocr_line' id='line_1_97' title="bbox 234 4959 1813 5038; baseline -0.006 -17"><span class='ocrx_word' id='word_1_766' title='bbox 234 4969 403 5021; x_wconf 64' lang='grc' dir='ltr'><strong>ἑαυτὸ</strong></span> <span class='ocrx_word' id='word_1_767' title='bbox 451 4970 654 5036; x_wconf 82' lang='grc' dir='ltr'><strong>ἀγνοεῖ,</strong></span> <span class='ocrx_word' id='word_1_768' title='bbox 702 4967 826 5021; x_wconf 69' lang='grc' dir='ltr'><strong>οὔτε</strong></span> <span class='ocrx_word' id='word_1_769' title='bbox 868 4967 1020 5020; x_wconf 75' lang='grc' dir='ltr'><strong>ἔσται</strong></span> <span class='ocrx_word' id='word_1_770' title='bbox 1052 4966 1235 5038; x_wconf 80' lang='grc' dir='ltr'><strong>ἱτερον</strong></span> <span class='ocrx_word' id='word_1_771' title='bbox 1281 4965 1408 5035; x_wconf 79' lang='grc' dir='ltr'><strong>παρ’</strong></span> <span class='ocrx_word' id='word_1_772' title='bbox 1441 4963 1635 5015; x_wconf 65' lang='grc' dir='ltr'><strong>ἑαυτό*</strong></span> <span class='ocrx_word' id='word_1_773' title='bbox 1679 4959 1813 5013; x_wconf 72' lang='grc' dir='ltr'><strong>ἀλλὰ</strong></span> 
     </span>
    </p>
   </div>
   <div class='ocr_carea' id='block_1_98' title="bbox 1925 4955 3490 5038">
    <p class='ocr_par' dir='ltr' id='par_1_98' title="bbox 1925 4955 3490 5028">
     <span class='ocr_line' id='line_1_98' title="bbox 1925 4955 3490 5028; baseline 0.004 -19"><span class='ocrx_word' id='word_1_774' title='bbox 1925 4956 2188 5027; x_wconf 86' lang='lat' dir='ltr'><strong>parebunt</strong></span> <span class='ocrx_word' id='word_1_775' title='bbox 2233 4955 2350 5012; x_wconf 68' lang='lat' dir='ltr'><strong>haec</strong></span> <span class='ocrx_word' id='word_1_776' title='bbox 2383 4957 2762 5025; x_wconf 80' lang='lat' dir='ltr'><strong>repugnantia.</strong></span> <span class='ocrx_word' id='word_1_777' title='bbox 2810 4955 2965 5022; x_wconf 83' lang='lat' dir='ltr'><strong>Quod</strong></span> <span class='ocrx_word' id='word_1_778' title='bbox 3002 4959 3146 5011; x_wconf 88' lang='lat' dir='ltr'><strong>enim</strong></span> <span class='ocrx_word' id='word_1_779' title='bbox 3191 4959 3490 5028; x_wconf 83' lang='lat' dir='ltr'><strong>ingenitum</strong></span> 
     </span>
    </p>
   </div>
   <div class='ocr_carea' id='block_1_99' title="bbox 231 5048 1846 5130">
    <p class='ocr_par' dir='ltr' id='par_1_99' title="bbox 231 5052 1810 5130">
     <span class='ocr_line' id='line_1_99' title="bbox 231 5052 1810 5130; baseline -0.006 -18"><span class='ocrx_word' id='word_1_780' title='bbox 231 5058 482 5112; x_wconf 81' lang='grc' dir='ltr'><strong>τοιοῦτον</strong></span> <span class='ocrx_word' id='word_1_781' title='bbox 528 5060 795 5129; x_wconf 75' lang='grc' dir='ltr'><strong>διαμένει,</strong></span> <span class='ocrx_word' id='word_1_782' title='bbox 842 5054 953 5113; x_wconf 70' lang='grc' dir='ltr'><strong>οἷον</strong></span> <span class='ocrx_word' id='word_1_783' title='bbox 996 5054 1095 5130; x_wconf 73' lang='grc' dir='ltr'><strong>ἦν·</strong></span> <span class='ocrx_word' id='word_1_784' title='bbox 1160 5060 1251 5113; x_wconf 76' lang='grc' dir='ltr'><strong>καὶ</strong></span> <span class='ocrx_word' id='word_1_785' title='bbox 1312 5056 1565 5110; x_wconf 78' lang='grc' dir='ltr'><strong>οὐδέποτε</strong></span> <span class='ocrx_word' id='word_1_786' title='bbox 1620 5052 1810 5105; x_wconf 76' lang='grc' dir='ltr'><strong>ἑαυτοῦ</strong></span> 
     </span>
    </p>
   </div>
   <div class='ocr_carea' id='block_1_100' title="bbox 1925 5048 3487 5130">
    <p class='ocr_par' dir='ltr' id='par_1_100' title="bbox 1925 5048 3487 5121">
     <span class='ocr_line' id='line_1_100' title="bbox 1925 5048 3487 5121; baseline 0.002 -19"><span class='ocrx_word' id='word_1_787' title='bbox 1925 5056 2025 5111; x_wconf 82' lang='lat' dir='ltr'><strong>est,</strong></span> <span class='ocrx_word' id='word_1_788' title='bbox 2059 5062 2233 5115; x_wconf 81' lang='lat' dir='ltr'><strong>neque</strong></span> <span class='ocrx_word' id='word_1_789' title='bbox 2278 5062 2336 5101; x_wconf 90' lang='lat' dir='ltr'><strong>se</strong></span> <span class='ocrx_word' id='word_1_790' title='bbox 2375 5048 2607 5117; x_wconf 80' lang='lat' dir='ltr'><strong>ignorat,</strong></span> <span class='ocrx_word' id='word_1_791' title='bbox 2642 5063 2741 5102; x_wconf 87' lang='lat' dir='ltr'><strong>nec</strong></span> <span class='ocrx_word' id='word_1_792' title='bbox 2783 5049 2929 5103; x_wconf 87' lang='lat' dir='ltr'><strong>aliud</strong></span> <span class='ocrx_word' id='word_1_793' title='bbox 2966 5050 3089 5113; x_wconf 89' lang='lat' dir='ltr'><strong>erit,</strong></span> <span class='ocrx_word' id='word_1_794' title='bbox 3126 5059 3487 5121; x_wconf 74' lang='lat' dir='ltr'><strong>prazterqnam</strong></span> 
     </span>
    </p>
   </div>
   <div class='ocr_carea' id='block_1_101' title="bbox 234 5138 1846 5222">
    <p class='ocr_par' dir='ltr' id='par_1_101' title="bbox 234 5146 1632 5222">
     <span class='ocr_line' id='line_1_101' title="bbox 234 5146 1632 5222; baseline -0.004 -19"><span class='ocrx_word' id='word_1_795' title='bbox 234 5151 703 5222; x_wconf 76' lang='grc' dir='ltr'><strong>ἀπαλλαγήσεται,</strong></span> <span class='ocrx_word' id='word_1_796' title='bbox 732 5152 987 5205; x_wconf 75' lang='grc' dir='ltr'><strong>οὐδέποτε</strong></span> <span class='ocrx_word' id='word_1_797' title='bbox 1014 5151 1106 5204; x_wconf 73' lang='grc' dir='ltr'><strong>τοῦ</strong></span> <span class='ocrx_word' id='word_1_798' title='bbox 1138 5146 1275 5205; x_wconf 80' lang='grc' dir='ltr'><strong>εἶναι</strong></span> <span class='ocrx_word' id='word_1_799' title='bbox 1310 5148 1632 5221; x_wconf 76' lang='grc' dir='ltr'><strong>ἀρξάμενον.</strong></span> 
     </span>
    </p>
   </div>
   <div class='ocr_carea' id='block_1_102' title="bbox 1925 5138 3486 5222">
    <p class='ocr_par' dir='ltr' id='par_1_102' title="bbox 1925 5138 3486 5212">
     <span class='ocr_line' id='line_1_102' title="bbox 1925 5138 3486 5212; baseline 0.004 -19"><span class='ocrx_word' id='word_1_800' title='bbox 1925 5148 2023 5203; x_wconf 81' lang='lat' dir='ltr'><strong>est,</strong></span> <span class='ocrx_word' id='word_1_801' title='bbox 2074 5138 2167 5194; x_wconf 90' lang='lat' dir='ltr'><strong>sed</strong></span> <span class='ocrx_word' id='word_1_802' title='bbox 2212 5138 2395 5209; x_wconf 86' lang='lat' dir='ltr'><strong>potius</strong></span> <span class='ocrx_word' id='word_1_803' title='bbox 2445 5139 2552 5196; x_wconf 84' lang='lat' dir='ltr'><strong>tale</strong></span> <span class='ocrx_word' id='word_1_804' title='bbox 2592 5149 2922 5210; x_wconf 84' lang='lat' dir='ltr'><strong>perseverat,</strong></span> <span class='ocrx_word' id='word_1_805' title='bbox 2978 5142 3139 5212; x_wconf 84' lang='lat' dir='ltr'><strong>quale</strong></span> <span class='ocrx_word' id='word_1_806' title='bbox 3182 5152 3332 5210; x_wconf 86' lang='lat' dir='ltr'><strong>erat;</strong></span> <span class='ocrx_word' id='word_1_807' title='bbox 3385 5160 3486 5200; x_wconf 91' lang='lat' dir='ltr'><strong>nec</strong></span> 
     </span>
    </p>
   </div>
   <div class='ocr_carea' id='block_1_103' title="bbox 236 5235 1974 5315">
    <p class='ocr_par' dir='ltr' id='par_1_103' title="bbox 236 5235 1974 5315">
     <span class='ocr_line' id='line_1_103' title="bbox 236 5235 1974 5315; baseline -0.007 -17"><span class='ocrx_word' id='word_1_808' title='bbox 236 5257 480 5313; x_wconf 81' lang='lat' dir='ltr'><strong>unquam</strong></span> <span class='ocrx_word' id='word_1_809' title='bbox 512 5258 542 5296; x_wconf 88' lang='lat' dir='ltr'><strong>a</strong></span> <span class='ocrx_word' id='word_1_810' title='bbox 569 5258 629 5298; x_wconf 85' lang='lat' dir='ltr'><strong>se</strong></span> <span class='ocrx_word' id='word_1_811' title='bbox 656 5243 893 5314; x_wconf 73' lang='lat' dir='ltr'><strong>disjungi</strong></span> <span class='ocrx_word' id='word_1_812' title='bbox 931 5245 1127 5315; x_wconf 89' lang='lat' dir='ltr'><strong>potuit,</strong></span> <span class='ocrx_word' id='word_1_813' title='bbox 1155 5242 1301 5313; x_wconf 89' lang='lat' dir='ltr'><strong>quod</strong></span> <span class='ocrx_word' id='word_1_814' title='bbox 1331 5254 1610 5310; x_wconf 87' lang='lat' dir='ltr'><strong>nunquam</strong></span> <span class='ocrx_word' id='word_1_815' title='bbox 1639 5235 1805 5306; x_wconf 64' lang='lat' dir='ltr'><strong>coepit</strong></span> <span class='ocrx_word' id='word_1_816' title='bbox 1832 5246 1974 5289; x_wconf 88' lang='lat' dir='ltr'><strong>esse.</strong></span> 
     </span>
    </p>
   </div>
   <div class='ocr_carea' id='block_1_104' title="bbox 323 5336 1846 5425">
    <p class='ocr_par' dir='ltr' id='par_1_104' title="bbox 323 5336 1811 5411">
     <span class='ocr_line' id='line_1_104' title="bbox 323 5336 1811 5411; baseline -0.003 -17"><span class='ocrx_word' id='word_1_817' title='bbox 323 5337 461 5394; x_wconf 77' lang='grc' dir='ltr'><strong>Ἀλλ’</strong></span> <span class='ocrx_word' id='word_1_818' title='bbox 495 5338 682 5408; x_wconf 62' lang='grc' dir='ltr'><strong>Επειδὴ</strong></span> <span class='ocrx_word' id='word_1_819' title='bbox 715 5339 936 5411; x_wconf 80' lang='grc' dir='ltr'><strong>γραώδη</strong></span> <span class='ocrx_word' id='word_1_820' title='bbox 967 5340 1061 5394; x_wconf 76' lang='grc' dir='ltr'><strong>καὶ</strong></span> <span class='ocrx_word' id='word_1_821' title='bbox 1087 5338 1303 5409; x_wconf 77' lang='grc' dir='ltr'><strong>μυθώδη</strong></span> <span class='ocrx_word' id='word_1_822' title='bbox 1320 5337 1669 5408; x_wconf 85' lang='grc' dir='ltr'><strong>φθέγγονται,</strong></span> <span class='ocrx_word' id='word_1_823' title='bbox 1688 5336 1811 5389; x_wconf 77' lang='grc' dir='ltr'><strong>οὔτε</strong></span> 
     </span>
    </p>
   </div>
   <div class='ocr_carea' id='block_1_105' title="bbox 1925 5336 3490 5425">
    <p class='ocr_par' dir='ltr' id='par_1_105' title="bbox 1993 5345 3490 5425">
     <span class='ocr_line' id='line_1_105' title="bbox 1993 5345 3490 5425; baseline 0.005 -21"><span class='ocrx_word' id='word_1_824' title='bbox 1993 5345 2216 5413; x_wconf 82' lang='lat' dir='ltr'><strong>Verum,</strong></span> <span class='ocrx_word' id='word_1_825' title='bbox 2244 5350 2370 5420; x_wconf 87' lang='lat' dir='ltr'><strong>quia</strong></span> <span class='ocrx_word' id='word_1_826' title='bbox 2411 5352 2575 5407; x_wconf 76' lang='lat' dir='ltr'><strong>anilia</strong></span> <span class='ocrx_word' id='word_1_827' title='bbox 2625 5359 2679 5407; x_wconf 86' lang='lat' dir='ltr'><strong>et</strong></span> <span class='ocrx_word' id='word_1_828' title='bbox 2731 5354 3105 5410; x_wconf 77' lang='lat' dir='ltr'><strong>commentitia</strong></span> <span class='ocrx_word' id='word_1_829' title='bbox 3153 5355 3490 5425; x_wconf 87' lang='lat' dir='ltr'><strong>loquuntur,</strong></span> 
     </span>
    </p>
   </div>
   <div class='ocr_carea' id='block_1_106' title="bbox 231 5425 1846 5517">
    <p class='ocr_par' dir='ltr' id='par_1_106' title="bbox 231 5425 1813 5501">
     <span class='ocr_line' id='line_1_106' title="bbox 231 5425 1813 5501; baseline -0.002 -17"><span class='ocrx_word' id='word_1_830' title='bbox 231 5430 268 5484; x_wconf 75' lang='grc' dir='ltr'><strong>ὃ</strong></span> <span class='ocrx_word' id='word_1_831' title='bbox 297 5429 544 5499; x_wconf 63' lang='grc' dir='ltr'><strong>λέγουσιν</strong></span> <span class='ocrx_word' id='word_1_832' title='bbox 587 5429 813 5495; x_wconf 77' lang='grc' dir='ltr'><strong>ειδότες,</strong></span> <span class='ocrx_word' id='word_1_833' title='bbox 845 5430 961 5485; x_wconf 77' lang='grc' dir='ltr'><strong>ἀλλ’</strong></span> <span class='ocrx_word' id='word_1_834' title='bbox 998 5432 1093 5501; x_wconf 79' lang='grc' dir='ltr'><strong>ἀφ’</strong></span> <span class='ocrx_word' id='word_1_835' title='bbox 1137 5425 1213 5485; x_wconf 79' lang='grc' dir='ltr'><strong>ὧν</strong></span> <span class='ocrx_word' id='word_1_836' title='bbox 1244 5430 1491 5500; x_wconf 77' lang='grc' dir='ltr'><strong>λέγοντες</strong></span> <span class='ocrx_word' id='word_1_837' title='bbox 1534 5428 1813 5483; x_wconf 79' lang='grc' dir='ltr'><strong>δυσωπού-</strong></span> 
     </span>
    </p>
   </div>
   <div class='ocr_carea' id='block_1_107' title="bbox 1925 5425 3487 5517">
    <p class='ocr_par' dir='ltr' id='par_1_107' title="bbox 1925 5438 3487 5517">
     <span class='ocr_line' id='line_1_107' title="bbox 1925 5438 3487 5517; baseline 0.003 -23"><span class='ocrx_word' id='word_1_838' title='bbox 1925 5452 2031 5494; x_wconf 82' lang='grc' dir='ltr'><strong>ηοιι</strong></span> <span class='ocrx_word' id='word_1_839' title='bbox 2066 5438 2427 5511; x_wconf 73' lang='lat' dir='ltr'><strong>intelligentes</strong></span> <span class='ocrx_word' id='word_1_840' title='bbox 2466 5458 2586 5513; x_wconf 64' lang='lat' dir='ltr'><strong>qua</strong></span> <span class='ocrx_word' id='word_1_841' title='bbox 2615 5444 2825 5509; x_wconf 88' lang='lat' dir='ltr'><strong>dicunt,</strong></span> <span class='ocrx_word' id='word_1_842' title='bbox 2854 5445 2949 5499; x_wconf 84' lang='lat' dir='ltr'><strong>sed</strong></span> <span class='ocrx_word' id='word_1_843' title='bbox 2992 5461 3057 5500; x_wconf 81' lang='lat' dir='ltr'><strong>ex</strong></span> <span class='ocrx_word' id='word_1_844' title='bbox 3104 5447 3173 5502; x_wconf 87' lang='lat' dir='ltr'><strong>iis</strong></span> <span class='ocrx_word' id='word_1_845' title='bbox 3204 5447 3337 5516; x_wconf 85' lang='lat' dir='ltr'><strong>ipsis</strong></span> <span class='ocrx_word' id='word_1_846' title='bbox 3368 5463 3487 5517; x_wconf 77' lang='lat' dir='ltr'><strong>quae</strong></span> 
     </span>
    </p>
   </div>
   <div class='ocr_carea' id='block_1_108' title="bbox 238 5518 1846 5599">
    <p class='ocr_par' dir='ltr' id='par_1_108' title="bbox 238 5518 1813 5593">
     <span class='ocr_line' id='line_1_108' title="bbox 238 5518 1813 5593; baseline -0.002 -18"><span class='ocrx_word' id='word_1_847' title='bbox 238 5537 416 5593; x_wconf 77' lang='grc' dir='ltr'><strong>μενοι,</strong></span> <span class='ocrx_word' id='word_1_848' title='bbox 451 5522 545 5574; x_wconf 79' lang='grc' dir='ltr'><strong>καὶ</strong></span> <span class='ocrx_word' id='word_1_849' title='bbox 574 5519 735 5575; x_wconf 81' lang='grc' dir='ltr'><strong>τοῦτο</strong></span> <span class='ocrx_word' id='word_1_850' title='bbox 768 5521 1181 5592; x_wconf 57' lang='grc' dir='ltr'><strong>προγράφωμεν</strong></span> <span class='ocrx_word' id='word_1_851' title='bbox 1204 5520 1283 5591; x_wconf 82' lang='grc' dir='ltr'><strong>τῷ</strong></span> <span class='ocrx_word' id='word_1_852' title='bbox 1310 5522 1474 5591; x_wconf 61' lang='grc' dir='ltr'><strong>λόγον</strong></span> <span class='ocrx_word' id='word_1_853' title='bbox 1499 5521 1560 5573; x_wconf 86' lang='grc' dir='ltr'><strong>Εἰ</strong></span> <span class='ocrx_word' id='word_1_854' title='bbox 1582 5518 1813 5587; x_wconf 67' lang='grc' dir='ltr'><strong>ἠδύνατο</strong></span> 
     </span>
    </p>
   </div>
   <div class='ocr_carea' id='block_1_109' title="bbox 1925 5518 3489 5599">
    <p class='ocr_par' dir='ltr' id='par_1_109' title="bbox 1925 5527 3489 5599">
     <span class='ocr_line' id='line_1_109' title="bbox 1925 5527 3489 5599; baseline 0.008 -18"><span class='ocrx_word' id='word_1_855' title='bbox 1925 5527 2130 5593; x_wconf 86' lang='lat' dir='ltr'><strong>dicunt,</strong></span> <span class='ocrx_word' id='word_1_856' title='bbox 2154 5530 2344 5584; x_wconf 89' lang='lat' dir='ltr'><strong>revicti</strong></span> <span class='ocrx_word' id='word_1_857' title='bbox 2378 5540 2433 5586; x_wconf 87' lang='lat' dir='ltr'><strong>et</strong></span> <span class='ocrx_word' id='word_1_858' title='bbox 2465 5547 2523 5587; x_wconf 83' lang='lat' dir='ltr'><strong>se</strong></span> <span class='ocrx_word' id='word_1_859' title='bbox 2567 5535 2976 5599; x_wconf 84' lang='lat' dir='ltr'><strong>erubescentes,</strong></span> <span class='ocrx_word' id='word_1_860' title='bbox 3007 5534 3111 5590; x_wconf 85' lang='lat' dir='ltr'><strong>hoc</strong></span> <span class='ocrx_word' id='word_1_861' title='bbox 3141 5538 3304 5591; x_wconf 87' lang='lat' dir='ltr'><strong>etiam</strong></span> <span class='ocrx_word' id='word_1_862' title='bbox 3335 5539 3403 5592; x_wconf 85' lang='lat' dir='ltr'><strong>ad</strong></span> <span class='ocrx_word' id='word_1_863' title='bbox 3422 5553 3489 5593; x_wconf 80' lang='lat' dir='ltr'><strong>ea</strong></span> 
     </span>
    </p>
   </div>
   <div class='ocr_carea' id='block_1_110' title="bbox 233 5611 1846 5695">
    <p class='ocr_par' dir='ltr' id='par_1_110' title="bbox 233 5611 1812 5685">
     <span class='ocr_line' id='line_1_110' title="bbox 233 5611 1812 5685; baseline -0.001 -17"><span class='ocrx_word' id='word_1_864' title='bbox 233 5615 299 5668; x_wconf 79' lang='grc' dir='ltr'><strong>τὸ</strong></span> <span class='ocrx_word' id='word_1_865' title='bbox 337 5612 453 5681; x_wconf 84' lang='grc' dir='ltr'><strong>φῶς</strong></span> <span class='ocrx_word' id='word_1_866' title='bbox 480 5611 834 5684; x_wconf 75' lang='grc' dir='ltr'><strong>ἀμειφθηναι,</strong></span> <span class='ocrx_word' id='word_1_867' title='bbox 874 5615 969 5667; x_wconf 82' lang='grc' dir='ltr'><strong>καὶ</strong></span> <span class='ocrx_word' id='word_1_868' title='bbox 998 5614 1186 5685; x_wconf 73' lang='grc' dir='ltr'><strong>ἱτερον</strong></span> <span class='ocrx_word' id='word_1_869' title='bbox 1215 5614 1343 5684; x_wconf 80' lang='grc' dir='ltr'><strong>παρ’</strong></span> <span class='ocrx_word' id='word_1_870' title='bbox 1360 5614 1520 5668; x_wconf 69' lang='grc' dir='ltr'><strong>ἑαυτὸ</strong></span> <span class='ocrx_word' id='word_1_871' title='bbox 1540 5612 1812 5681; x_wconf 80' lang='grc' dir='ltr'><strong>γενέσθαι,</strong></span> 
     </span>
    </p>
   </div>
   <div class='ocr_carea' id='block_1_111' title="bbox 1925 5611 3491 5695">
    <p class='ocr_par' dir='ltr' id='par_1_111' title="bbox 1925 5618 3491 5695">
     <span class='ocr_line' id='line_1_111' title="bbox 1925 5618 3491 5695; baseline 0.007 -22"><span class='ocrx_word' id='word_1_872' title='bbox 1925 5634 2038 5676; x_wconf 71' lang='lat' dir='ltr'><strong>nua:</strong></span> <span class='ocrx_word' id='word_1_873' title='bbox 2079 5618 2224 5674; x_wconf 85' lang='lat' dir='ltr'><strong>dicta</strong></span> <span class='ocrx_word' id='word_1_874' title='bbox 2263 5628 2411 5684; x_wconf 89' lang='lat' dir='ltr'><strong>sunt,</strong></span> <span class='ocrx_word' id='word_1_875' title='bbox 2442 5621 2707 5679; x_wconf 83' lang='lat' dir='ltr'><strong>addamus</strong></span> <span class='ocrx_word' id='word_1_876' title='bbox 2737 5639 2750 5674; x_wconf 89' lang='lat'><strong>:</strong></span> <span class='ocrx_word' id='word_1_877' title='bbox 2778 5622 2836 5679; x_wconf 82' lang='lat' dir='ltr'><strong>Si</strong></span> <span class='ocrx_word' id='word_1_878' title='bbox 2862 5632 3076 5695; x_wconf 86' lang='lat' dir='ltr'><strong>poterat</strong></span> <span class='ocrx_word' id='word_1_879' title='bbox 3115 5626 3295 5681; x_wconf 87' lang='lat' dir='ltr'><strong>lumen</strong></span> <span class='ocrx_word' id='word_1_880' title='bbox 3334 5640 3491 5683; x_wconf 82' lang='lat' dir='ltr'><strong>com-</strong></span> 
     </span>
    </p>
   </div>
   <div class='ocr_carea' id='block_1_112' title="bbox 310 5762 1907 5834">
    <p class='ocr_par' dir='ltr' id='par_1_112' title="bbox 310 5762 1907 5834">
     <span class='ocr_line' id='line_1_112' title="bbox 310 5762 1907 5834; baseline 0 -13"><span class='ocrx_word' id='word_1_881' title='bbox 310 5766 350 5799; x_wconf 81' lang='lat'>“</span> <span class='ocrx_word' id='word_1_882' title='bbox 380 5764 524 5822; x_wconf 79' lang='lat' dir='ltr'><strong>Psal.</strong></span> <span class='ocrx_word' id='word_1_883' title='bbox 564 5779 712 5829; x_wconf 77' lang='lat' dir='ltr'><strong>cui,</strong></span> <span class='ocrx_word' id='word_1_884' title='bbox 742 5762 799 5819; x_wconf 68' lang='lat'><strong>2.</strong></span> <span class='ocrx_word' id='word_1_885' title='bbox 876 5765 921 5797; x_wconf 79' lang='lat'>&quot;</span> <span class='ocrx_word' id='word_1_886' title='bbox 947 5762 1143 5834; x_wconf 78' lang='lat' dir='ltr'><strong>Eplies.</strong></span> <span class='ocrx_word' id='word_1_887' title='bbox 1177 5781 1252 5829; x_wconf 80' lang='lat' dir='ltr'><strong>vi,</strong></span> <span class='ocrx_word' id='word_1_888' title='bbox 1287 5766 1374 5826; x_wconf 74' lang='grc' dir='ltr'><strong>ιι.</strong></span> <span class='ocrx_word' id='word_1_889' title='bbox 1454 5767 1496 5799; x_wconf 73' lang='grc'>³³</span> <span class='ocrx_word' id='word_1_890' title='bbox 1528 5764 1697 5823; x_wconf 84' lang='lat' dir='ltr'><strong>lCor.</strong></span> <span class='ocrx_word' id='word_1_891' title='bbox 1733 5785 1784 5831; x_wconf 76' lang='grc' dir='ltr'><strong>ς.</strong></span> <span class='ocrx_word' id='word_1_892' title='bbox 1821 5769 1907 5823; x_wconf 74' lang='grc'><strong>12.</strong></span> 
     </span>
    </p>
   </div>
   <div class='ocr_carea' id='block_1_113' title="bbox 559 5857 3172 5934">
    <p class='ocr_par' dir='ltr' id='par_1_113' title="bbox 559 5857 3172 5934">
     <span class='ocr_line' id='line_1_113' title="bbox 559 5857 3172 5934; baseline 0.003 -14"><span class='ocrx_word' id='word_1_893' title='bbox 559 5860 833 5920; x_wconf 61' lang='lat' dir='ltr'><strong>Panos.</strong></span> <span class='ocrx_word' id='word_1_894' title='bbox 873 5857 992 5920; x_wconf 74' lang='lat' dir='ltr'><strong>Gn.</strong></span> <span class='ocrx_word' id='word_1_895' title='bbox 1042 5858 1273 5921; x_wconf 77' lang='lat' dir='ltr'><strong>XVIII.</strong></span> <span class='ocrx_word' id='word_1_896' title='bbox 3091 5873 3172 5934; x_wconf 84' lang='lat'><strong><em>36</em></strong></span> 
     </span>
    </p>
   </div>
  </div>
