4058 6330
669 337 800 393 “Si

1827 324 1959 381 Tl'l‘l
1997 322 2418 380 BOSTRENSIS
2457 321 2759 378 EPISCOPI

667 461 890 522 mutari,
936 467 986 513 et
1035 459 1179 513 aliud
1215 466 1574 528 praeterquam
1621 461 1740 509 erat
1784 453 1961 522 ipsum
1997 449 2134 510 ﬁeri.
2179 458 2232 504 et

2337 447 2429 496 καὶ
2461 446 2712 512 γενέσθαι
2761 447 2894 517 πρὸς
2927 449 2990 517 τῇ
3018 462 3273 516 πονηρια,
3302 455 3401 496 και
3436 439 3636 494 εαυτοῦ
3671 440 3769 508 μὲν
3795 441 3900 491 tm-

667 565 793 604 esse
841 550 979 619 apud
1033 551 1326 618 nequitiam
1377 563 1441 602 ac
1493 548 1578 603 sui
1625 540 2022 608 oblivisci,'et
2056 541 2230 597 facere

669 655 1004 710 quacunque
1026 635 1463 709 nequitia'facit;
1497 639 1674 708 potuit
1705 637 1808 690 hoc
1838 634 2055 690 evenire
2082 633 2202 702 prin

669 734 882 802 dapibus
923 734 1196 804 nequitias,
1225 741 1283 787 ut
1309 733 1482 802 magis
1510 732 1784 808 potuerint
1818 727 2013 781 mutari
2044 729 2098 778 in
2131 726 2227 778 bo-

670 841 817 878 num.
866 825 919 878 Si
971 834 1150 879 autem
1207 826 1431 878 mutatio
1473 825 1588 879 lieri
1639 821 1815 891 potuit
1870 829 1924 872 et
1976 819 2227 878 variatio,

667 911 943 976 quomodo
971 926 1080 964 non
1113 912 1304 964 melius
1336 920 1454 965 erat
1487 927 1554 965 ex
1585 910 1718 963 vitio
1746 910 1800 961 in
1826 907 2079 960 virtutem
2112 921 2229 958 mu-

667 1001 791 1061 tari,
819 1017 982 1069 quam
1025 1018 1090 1055 ex
1126 1002 1326 1057 virtute
1360 1004 1415 1056 in
1449 1002 1680 1054 vitium?
1714 998 1998 1065 Quomodo
2037 1013 2228 1067 passus

665 1096 748 1142 est
793 1087 958 1151 Deus,
1010 1099 1063 1143 et
1095 1091 1342 1158 permisit
1375 1091 1491 1160 rapi
1531 1090 1749 1144 lumen?
1790 1087 2072 1156 Quomodo
2117 1102 2226 1141 non

666 1178 943 1244 prohibuit
990 1179 1444 1247 aggressionem?
1489 1177 1774 1243 Quomodo
1833 1193 1942 1231 non
1992 1177 2227 1231 servavit

666 1269 802 1320 sua?
829 1267 1112 1332 Quomodo
1131 1276 1419 1338 postquam
1449 1270 1628 1322 ablata
1661 1277 1808 1330 sunt,
1836 1268 2011 1321 noluit
2036 1283 2225 1321 eorum

664 1357 1057 1425 providentiam
1100 1365 1154 1411 et
1187 1360 1626 1426 procurationem
1675 1359 1912 1413 habere?
1947 1357 2228 1423 Quomodo

663 1466 770 1504 non
801 1450 952 1518 prius
985 1449 1245 1521 Impetum
1277 1458 1329 1503 et
1356 1462 1614 1504 conatum
1646 1449 1923 1503 coercuit?
1945 1449 2226 1515 Quomodo

664 1553 769 1590 non
804 1539 976 1607 magis
1007 1541 1244 1594 servavit
1274 1555 1340 1593 ne
1367 1547 1715 1609 capi-rentur,
1744 1539 1836 1592 sed
1869 1541 2048 1608 potius
2070 1546 2223 1607 capta

662 1636 714 1681 et
737 1629 947 1700 direpta
978 1630 1185 1684 auxilio
1223 1646 1334 1683 non
1375 1630 1699 1683 honoravit?
1741 1628 1798 1682 Si
1835 1630 1957 1682 ideo
1990 1629 2136 1691 fecit,
2169 1637 2224 1680 ut

663 1719 844 1775 lumen
895 1732 1021 1772 cum
1071 1718 1125 1772 in
1177 1719 1333 1773 malis
1373 1727 1538 1782 esset,
1583 1719 1725 1772 mala
1772 1724 2024 1783 mutaret,
2066 1716 2222 1785 quasi

2335 534 2610 598 λαθέσθαι,
2639 537 2859 605 ποιῆσαι
2892 537 2948 588 δὲ
2983 538 3082 589 ὅσα
3110 537 3144 605 ἡ
3169 534 3404 606 πονηρία
3450 533 3633 583 ποιεῖ·
3661 530 3900 597 ἠδύναντο

2335 629 2427 681 καὶ
2445 629 2491 678 οἱ
2508 629 2604 696 τῆς
2620 627 2880 697 πονηρίας
2901 629 3158 698 ἄρχοντες
3174 625 3332 678 τοῦτο
3349 623 3572 686 παθεῖν,
3593 623 3692 674 καὶ
3718 621 3896 689 μᾶλλον

2334 717 2858 787 μεταϐάλλεσθαιὲπὶ
2869 719 2930 769 τὸ
2941 719 3100 770 καλόν
3120 758 3133 770 .
3151 716 3461 786 ’ἰσχυοὺσης
3477 714 3535 765 δὲ
3557 712 3664 780 τῆς
3683 710 3895 782 3152:67-

2332 811 2425 878 λῆς
2445 810 2533 862 καὶ
2547 809 2848 878 δυναμένης
2858 810 2953 877 τῆς
2971 809 3322 870 ἀλλοιώσεως,
3344 807 3462 868 πῶς
3479 806 3585 857 οὐκ
3605 804 3829 874 ἄμεινον
3844 797 3897 871 ἦν

2329 903 2439 963 τοῖς
2479 903 2665 963 κακοῖς
2712 902 2913 970 μᾶλλον
2941 902 3031 952 ἐπὶ
3057 902 3154 970 τὴν
3182 901 3383 970 ἀρετὴν
3421 895 3840 969 μεταϐληθῆναι
3869 895 3896 960 ᾗ

2329 993 2438 1054 τοῖς
2473 991 2653 1052 καλοῖς
2697 991 2790 1041 ἐπὶ
2823 990 2920 1058 τὴν
2947 989 3142 1041 κακίαν
3171 1007 3185 1052 ;
3213 990 3334 1050 Πῶς
3365 989 3420 1041 δὲ
3457 988 3554 1040 καὶ
3584 986 3844 1054 ἠνέσχετο
3875 984 3899 1032 ὸ

2328 1083 2477 1146 Θεὸς,
2512 1082 2602 1133 καὶ
2630 1080 2898 1148 ληφθῆναι
2925 1079 2986 1131 τὸ
3018 1079 3130 1146 φῶς
3162 1078 3421 1148 ἐπέτρεψε
3447 1094 3462 1141 ;
3488 1076 3620 1138 Πῶς
3649 1077 3711 1127 οὗ

2329 1173 2456 1242 λυκε
2503 1174 2602 1244 τὴν
2646 1173 2858 1242 όρμήν;
2909 1171 3032 1233 Πῶς
3073 1170 3139 1222 τά
3186 1169 3292 1220 ίδια
3327 1171 3426 1221 οὑκ
3471 1169 3754 1238 ἐτήρησε;
3790 1164 3898 1225 Πῶς

2327 1264 2405 1324 δὲ,
2439 1265 2574 1332 μετα
2615 1265 2676 1315 τὸ
2709 1262 3095 1332 ἀφαιρεθῆναι,
3141 1261 3391 1330 πρόνοιαν
3422 1261 3533 1312 τῶν
3575 1257 3896 1329 ἀφαιρεθέν-

2328 1372 2435 1406 των
2478 1353 2804 1424 ποιήσασθαι
2831 1354 2892 1405 οὺ
2929 1350 3279 1422 βεϐούληταις
3311 1350 3431 1413 Πῶς
3490 1351 3551 1401 οὒ
3619 1347 3898 1419 προλαϐὼν

2327 1444 2524 1513 ἐπέσχε
2577 1443 2672 1512 τὴν
2717 1443 3088 1512 ὲπιχείρησιν;
3129 1440 3250 1503 Ιιῶς
3300 1439 3500 1510 μᾶλλον
3540 1438 3803 1492 ἀνάλωτα
3843 1438 3897 1489 οὐ

2326 1537 2648 1604 τετήρηκεν,
2700 1533 2833 1587 ἀλλὰ
2878 1534 3073 1586 ἁλόντα
3122 1534 3212 1586 καὶ
3260 1530 3533 1601 ληφθέντα
3587 1529 3898 1600 βοηθείαοὺ

2324 1626 2648 1695 τετίμηκεν;
2700 1625 2761 1676 Ei
2810 1624 2906 1693 μὲν
2947 1625 3125 1674 είασεν
3163 1622 3246 1672 ἵνα
3281 1620 3339 1672 rb
3377 1621 3493 1686 φῶς
3528 1621 3827 1688 γενόμενον
3851 1622 3901 1670 ὲν

2325 1718 2434 1777 τοῖς
2479 1718 2666 1777 κακοῖς
2695 1716 2973 1786 μεταϐάλῃ
2997 1715 3064 1768 τά
3099 1713 3261 1776 κακὰ,
3289 1714 3362 1775 ὠς
3392 1711 3712 1780 δυναμένων
3745 1728 3900 1780 μετα-

661 1808 856 1860 ιιιιιιιιτί
920 1814 1145 1877 possent
1189 1807 1332 1861 mala
1376 1826 1386 1857 :
1433 1822 1544 1859 non
1607 1806 1773 1875 igitur
1828 1807 1970 1857 mala
2028 1813 2222 1858 natura

2324 1806 2612 1859 ϐάλλεσθαι
2650 1807 2756 1858 τῶν
2801 1807 3006 1871 κακῶν,
3035 1807 3215 1882 οὐκέτι
3244 1805 3310 1857 τά
3336 1805 3479 1856 κακὰ
3515 1803 3726 1871 φυσικά
3752 1803 3902 1855 δυνά-

662 1898 804 1953 maia
837 1908 998 1966 sunt;
1029 1912 1150 1967 quae
1191 1913 1312 1951 cum
1345 1899 1541 1950 mutari
1573 1904 1824 1966 possunt,
1871 1896 2222 1964 sponsionem

661 1983 716 2036 in
745 1986 1046 2040 laudatione
1077 1987 1191 2054 ipsa
1220 1986 1517 2053 accipiunt,
1553 2001 1662 2038 non
1689 2000 1809 2039 esse
1833 1995 2027 2038 natura
2059 1985 2219 2038 mala.

732 2072 787 2126 Si
810 2083 990 2128 autem
1022 2075 1225 2129 sciebat
1259 2089 1365 2127 non
1397 2075 1618 2137 mutari,
1651 2090 1827 2144 neque
1869 2083 2063 2128 natura
2099 2084 2223 2143 apta

657 2179 781 2219 esse
844 2175 903 2219 ut
955 2168 1307 2221 mutationem
1363 2179 1620 2238 caperent
1695 2167 1972 2238 quomodo
2020 2167 2224 2221 frustra

660 2257 805 2322 sivit,
852 2267 909 2310 ut
945 2258 1146 2312 bonum
1176 2259 1448 2327 iacturam
1493 2257 1720 2323 faceret,
1767 2267 1819 2312 et
1857 2260 2066 2311 lucrum
2114 2274 2223 2312 non

658 2348 924 2402 tribueret
957 2348 1140 2401 malo?
1170 2350 1453 2414 Quomodo
1487 2350 1615 2404 sivit
1646 2352 1762 2419 ipsa
1797 2349 1938 2403 mala
1968 2363 2075 2402 non
2104 2365 2226 2402 mu-

656 2439 786 2502 tari,
819 2453 876 2494 se
906 2455 1035 2494 vero
1063 2447 1116 2494 et
1149 2454 1246 2494 sua
1271 2440 1409 2494 bona
1438 2449 1644 2494 mutata
1678 2438 2222 2509 neglexit?Absurda

653 2539 739 2583 est
771 2532 914 2583 enim
952 2531 1065 2584 haec
1103 2532 1458 2600 praescriptio,
1507 2533 1684 2600 ipsum
1715 2548 1837 2586 esse
1884 2533 2218 2597 mutabilem,

653 2622 781 2689 quia
825 2637 922 2675 sua
972 2630 1282 2688 mutantur;
1338 2639 1448 2676 non
1503 2639 1625 2678 esse
1675 2633 1853 2677 autem
1905 2625 2221 2679 mutabilem

655 2712 958 2764 materiam.
988 2713 1163 2781 Atque
1204 2713 1304 2765 hoc
1337 2713 1558 2782 quidem
1607 2714 1686 2767 sic
1718 2714 2120 2782 redarguimus,
2162 2722 2220 2767 ut

655 2803 925 2870 prolixum
954 2818 1260 2856 sermonem
1289 2803 1700 2864 contrahamus,
1738 2805 1955 2857 silentio
1991 2813 2214 2872 praeter-

657 2901 850 2944 euntes
890 2893 980 2944 illa
1023 2893 1390 2961 integumenta
1439 2909 1560 2962 qua:
1595 2894 1920 2956 obtendunt,
1974 2894 2096 2948 illas
2137 2909 2220 2949 re-

655 2981 986 3048 pugnantias
1018 2990 1070 3034 et
1100 2980 1310 3035 tabulas
1343 2992 1396 3034 et
1422 2997 1633 3052 pugnas
1673 2985 1983 3052 gigantum;
2011 2992 2068 3036 ut
2099 2999 2219 3054 qua:

654 3069 722 3122 de
766 3069 1032 3139 principio
1083 3086 1264 3125 rerum
1317 3071 1463 3126 dicta
1525 3081 1675 3136 sunt,
1725 3075 1899 3127 instar
1930 3075 2214 3143 cujusdam

654 3159 883 3213 subsidii
915 3161 1058 3214 dicta
1105 3162 1234 3229 sint,
1277 3162 1685 3234 habeanturque
1729 3172 1987 3233 tanquam
2025 3179 2212 3220 semen

653 3253 1034 3319 quaestionum.

2327 1918 2462 1971 μενα
2511 1900 2963 1970 μεταϐάλλεσθαι,
2991 1901 3100 1954 ἀπὸ
3132 1901 3237 1953 τῶν
3267 1900 3449 1952 κακῶν
3500 1899 3767 1968 ἐνέχυρον
3811 1897 3898 1966 τὴν

2327 1993 2626 2064 μεταϐολὴν
2656 1993 2799 2046 κατά
2825 1997 2922 2063 τῆς
2953 1993 3164 2062 φύσεως
3187 1991 3467 2060 λαμϐάνει.

2395 2085 2456 2136 Ei
2487 2084 2542 2136 δὲ
2571 2085 2855 2152 ἠπίστατο,
2886 2085 2966 2136 ὅτι
3006 2085 3066 2137 οὐ
3117 2083 3494 2153 μετεϐάλλετο,
3544 2082 3643 2134 καὶ
3694 2082 3781 2132 ὅτι
3841 2080 3898 2130 οὐ

2327 2174 2566 2242 πέφυκεν
2606 2171 2975 2227 ἀλλοιοῦσθαι·
3023 2174 3137 2237 πῶς
3170 2175 3344 2245 μάτην
3380 2175 3528 2225 εἴασε
3567 2171 3780 2240 ζημίαν
3805 2167 3897 2240 μὲν

2323 2263 2606 2333 ὑπομεῖναι
2661 2264 2723 2316 τὸ
2771 2264 2953 2328 καλὸν,
3005 2265 3195 2335 κέρδος
3251 2265 3308 2317 δὲ
3363 2264 3436 2334 μὴ
3482 2264 3784 2332 ἀπονεῖμαι
3825 2259 3898 2330 τῷ

2323 2355 2510 2424 κακῷ,
2541 2357 2666 2420 Πῶς
2696 2357 2752 2410 δὲ
2781 2358 2918 2410 αὑτά
2953 2360 3052 2428 μὲν
3089 2359 3156 2410 τὰ
3192 2359 3332 2411 κακὰ
3361 2356 3710 2410 ἀλλοιοῦσθαι
3733 2352 3894 2415 οἷδδ..

2321 2447 2512 2500 ἑαυτὸν
2557 2449 2613 2500 δὲ
2644 2450 2734 2501 καὶ
2769 2450 2836 2502 τὰ
2867 2449 3058 2502 ἑαυτοῦ
3100 2451 3239 2502 καλά
3286 2449 3645 2516 ἀλλοιούμενα
3704 2447 3894 2517 παρεί-

2319 2535 2442 2601 δεν;
2471 2539 2704 2609 Ἅτοπος
2727 2539 2832 2608 γὰρ
2857 2540 2981 2608 ὅρος
3005 2533 3178 2603 οὗτος,
3201 2541 3358 2592 αὑτὸν
3383 2541 3482 2609 μὲν
3508 2535 3652 2592 εἶναι
3683 2539 3894 2591 ἀλλοιω-

2318 2627 2430 2692 τὺν,
2477 2608 2565 2681 διὰ
2611 2629 2672 2681 τὸ
2722 2630 3062 2684 ἀλλοιοῦσθαι
3091 2632 3159 2685 τά
3195 2608 3408 2695 ἑαυτοῦ,
3435 2631 3510 2700 μὴ
3548 2627 3692 2682 εἶναι
3721 2630 3780 2682 δὲ
3808 2631 3896 2683 άλ·

2319 2717 2636 2788 λοιουμένην
2667 2720 2763 2790 τὴν
2791 2721 2943 2791 ὓλην.
2978 2724 3083 2776 Καὶ
3101 2724 3290 2775 τούτου
3318 2722 3417 2791 μὲν
3439 2721 3681 2783 τοιοῦτος
3706 2727 3734 2771 θ
3755 2721 3895 2788 ἔλεγ-

2317 2825 2430 2876 χος,
2461 2810 2545 2862 ἶνα
2576 2811 2773 2881 πολλὴν
2808 2813 3170 2882 συστείλωμεν
3201 2813 3433 2883 ὁμιλίαν,
3475 2813 3574 2875 τας
3624 2813 3892 2882 προϐολάς

2315 2899 2515 2962 αὐτῶν,
2539 2901 2638 2964 τὰς
2669 2902 2979 2970 μάχας,τάς
3005 2903 3321 2972 μυθοποιίας
3348 2902 3565 2965 ὲκείνας
3596 2903 3694 2955 καὶ
3711 2919 3895 2969 γιγαν-

2318 2991 2583 3060 τομαχίας
2613 2992 2918 3056 σιωπῶντες
2938 3011 2950 3022 ·
2986 2995 3072 3046 ἶνα
3114 2995 3206 3046 καὶ
3239 2995 3304 3045 τά
3336 2996 3603 3064 εἰρημένα
3638 2995 3765 3062 περὶ
3799 2992 3894 3062 τῆς

2317 3079 2489 3149 ἀρχῆς
2521 3079 2628 3132 τῶν
2661 3084 3021 3152 πραγμάτων,
3075 3083 3227 3154 δίκην
3256 3085 3512 3155 ἀφορμῆς
3550 3102 3702 3147 τινος
3750 3086 3894 3154 Elm-

2323 3168 2454 3237 μένα
2500 3171 2762 3244 τυγχάνῃ,
2801 3175 2892 3225 καὶ
2920 3174 3138 3246 σπέρμα
3186 3174 3293 3226 τῶν
3326 3174 3610 3245 ζητήσεων
3650 3177 3891 3248 ὑπάρχῃ.

653 3404 3849 3441 ._____________________________________________

1749 3587 2104 3676 LIBER
2173 3587 2822 3679 SECUNDUS.

1489 3890 1618 3947 Car.
1660 3889 1700 3944 1.
1734 3889 1932 3959 Scopas
1963 3894 2285 3948 auctoribus.
2330 3891 2484 3946 Nihil
2515 3894 2644 3946 mali
2685 3902 2917 3945 creatum
2948 3903 3044 3949 est.

723 4021 881 4084 Ducit
925 4032 1036 4099 jam
1079 4044 1179 4084 nos
1221 4028 1477 4100 deinceps
1526 4032 1662 4085 ratio
1706 4031 2096 4101 disputationts
2147 4034 2214 4085 ad

649 4121 1032 4177 disserendum
1073 4121 1218 4175 serio
1249 4119 1316 4175 de
1349 4118 1478 4176 Deo.
1521 4119 1796 4176 Fortassis
1829 4124 1974 4176 enim
2015 4115 2147 4176 nillil
2184 4140 2213 4177 a

653 4214 782 4267 ludo
831 4211 1122 4286 diﬂ’erunt,
1176 4225 1295 4280 qua:
1338 4209 1608 4264 hactenus
1661 4211 1727 4263 ad
1780 4212 2212 4267 confutationem

651 4308 846 4363 fabula:
876 4307 1021 4360 illius
1054 4306 1198 4360 dicta
1232 4314 1379 4360 sunt.
1407 4303 1483 4360 Ne
1507 4305 1671 4374 igitur
1696 4307 1866 4360 risum
1895 4321 2212 4360 moveamus

2391 4039 2545 4103 Ἀγει
2577 4035 2640 4105 δὴ
2669 4034 2852 4088 λοιπὸν
2895 4035 3041 4104 ἡμᾶς
3077 4035 3106 4087 ό
3156 4032 3312 4100 λόγος
3353 4033 3443 4086 ἐπὶ
3470 4034 3569 4103 τὴν
3599 4036 3730 4106 περὶ
3755 4029 3890 4091 Θεοῦ

2319 4125 2780 4191 σπουδαιολογίαν·
2815 4125 3029 4187 παιδιᾶς
3053 4124 3159 4196 γὰρ
3192 4124 3321 4185 ἴσως
3354 4122 3601 4194 διέφερεν
3639 4126 3792 4178 οὐδὲν
3820 4127 3888 4177 τά

2319 4215 2453 4284 πρὸς
2481 4215 2782 4281 ἁνασκευὴν
2831 4213 2930 4282 τῆς
2972 4214 3178 4265 ἐκείνου
3228 4211 3551 4280 μυθολογίας
3595 4216 3880 4285 είρημὲνα.

2320 4306 2433 4356 Ἵνα
2459 4301 2549 4358 οὖν
2585 4306 2658 4374 μὴ
2681 4306 2772 4357 καὶ
2799 4305 3007 4372 γέλωτα
3027 4306 3347 4376 ὁφλήσωμεν
3373 4304 3520 4374 παρὰ
3542 4309 3658 4369 τοῖς
3678 4306 3877 4375 ἔμφροτ

650 4403 1008 4474 prudentibus
1028 4442 1043 4466 ,
1072 4408 1435 4456 munimentum
1464 4401 1618 4454 valde
1644 4401 1746 4456 sibi
1784 4417 2091 4470 repugnans
2121 4416 2211 4454 ac-

2322 4412 2392 4461 σι,
2425 4396 2644 4464 πλάσμα
2685 4396 2803 4449 λίαν
2834 4394 3132 4449 ἀσύστατον
3158 4396 3570 4468 περιεργότερον
3603 4395 3882 4459 ἐξετάζον-

650 4495 896 4548 curatius
927 4493 1269 4546 excutientes
1295 4509 1308 4556 ;
1341 4505 1459 4560 qua:
1489 4497 1668 4545 autem
1707 4506 1737 4544 a
1772 4490 2068 4545 Manicbmo
2099 4506 2212 4544 ma-

650 4585 730 4652 gis
767 4583 996 4652 mystica
1028 4584 1243 4635 inventa
1274 4590 1435 4644 sunt,
1466 4595 1587 4649 quae
1616 4590 1745 4636 sunt
1776 4582 2060 4650 complura
2086 4623 2099 4644 ,
2137 4582 2211 4635 si-

651 4676 817 4728 lentio
851 4679 1240 4742 pratereuntes
1266 4690 1280 4723 :
1316 4672 1693 4742 aggrediemur
1722 4672 1836 4742 jam
1855 4672 2056 4726 docere
2077 4715 2090 4738 ,
2113 4688 2211 4727 ne-

648 4764 877 4831 quitiam
907 4763 1124 4831 quidem
1150 4777 1488 4832 nequaquam
1520 4763 1820 4817 secundum
1849 4763 2209 4818 substantiam

647 4856 911 4908 exsistere
933 4893 948 4915 ,
984 4869 1159 4922 neque
1187 4853 1426 4907 materia:
1459 4854 1786 4924 principium
1815 4854 1983 4906 ullum
2011 4855 2212 4922 princi-

649 4947 738 5013 pio
771 4959 963 4998 carens
991 4941 1100 4997 Deo
1128 4942 1463 4996 contrarium
1507 4957 1654 4996 esse.
1703 4941 1879 4996 Unum
1920 4958 2049 4997 vero
2089 4958 2210 4998 esse

2315 4505 2424 4550 τες,
2453 4490 2552 4541 ὅσα
2592 4489 2654 4558 δὴ
2695 4489 2919 4559 εὕρηται
2950 4486 3323 4558 μυστικώτερα
3354 4486 3432 4557 τῷ
3462 4487 3703 4540 Μάνεντι
3748 4487 3886 4556 (ἔστι

2316 4579 2371 4631 δὲ
2404 4580 2735 4649 πάμπολλα),
2767 4579 2924 4645 λόγου
2956 4578 3217 4649 μηδαμῶς
3231 4578 3559 4645 ἀξιώσαντες
3580 4595 3593 4608 ο
3625 4578 3731 4649 ἤδη
3766 4595 3884 4631 πει·

2321 4671 2595 4740 ρασόμεθα
2629 4671 2816 4734 δεῖξαι,
2846 4671 2921 4733 ὡς
2960 4671 3125 4723 κακία
3157 4670 3252 4739 μὲν
3292 4668 3526 4740 οὐδαμοῦ
3553 4670 3672 4723 κατ’
3695 4672 3885 4723 οὐσίαν

2317 4764 2567 4832 ὑπάρχει,
2613 4761 2726 4816 οὗθ’
2773 4762 2903 4831 ὕλης
2937 4763 3077 4832 ἀρχή
3119 4779 3202 4825 τις
3244 4763 3475 4832 ἄναρχος
3502 4762 3882 4815 ἀντιτέτακται

2316 4853 2435 4924 Θεῷ
2453 4871 2465 4882 ·
2499 4855 2593 4923 μία
2622 4853 2676 4906 δὲ
2698 4854 2839 4924 ἀρχὴ
2859 4852 2966 4906 τῶν
2997 4854 3154 4916 ὅλων,
3191 4855 3283 4909 καὶ
3306 4850 3385 4917 εἷς
3407 4853 3536 4917 Θεὸς
3557 4855 3586 4906 ό
3611 4853 3684 4906 τὰ
3707 4854 3883 4906 πάντα

2313 4943 2739 5015 δημιουργήσας.
2763 4944 2901 4997 καλά
2927 4961 2984 4997 τε
3020 4946 3111 4998 καὶ
3139 4945 3236 5015 τῆς
3264 4944 3427 4998 αὑτοῦ
3487 4943 3678 5011 σοφίας
3732 4945 3880 5010 ἄξια.

650 5038 974 5104 principium
1015 5036 1258 5088 omnium
1281 5075 1294 5099 ,
1335 5041 1388 5089 et
1430 5049 1599 5088 unum
1644 5032 1813 5088 Deum
1835 5073 1850 5097 ,
1891 5035 1982 5102 qui
2023 5035 2205 5088 omnia
2231 5036 2437 5089 creavit
2469 5036 2608 5089 bona
2639 5043 2693 5090 et
2723 5034 2909 5103 {ipsius
2937 5034 3202 5103 sapientia
3231 5034 3413 5105 digna.

720 5149 1000 5204 Manichaei
1045 5149 1188 5204 enim
1217 5189 1232 5213 ,
1283 5156 1570 5219 postquam
1622 5149 1675 5200 in
1723 5145 2094 5216 disputatione
2139 5147 2205 5203 de

651 5243 934 5313 principiis
986 5241 1219 5294 convicti
1278 5247 1442 5302 sunt,
1496 5239 1564 5292 ad
1627 5239 1765 5291 hanc
1810 5239 2206 5294 dubitationem

653 5341 910 5400 tanquam
963 5328 1229 5383 dillicilem
1261 5328 1327 5382 ad
1355 5327 1704 5384 enodaudum
1754 5335 1808 5382 et
1852 5330 2050 5384 multas
2093 5337 2211 5383 ten-

651 5421 862 5475 diculas
886 5429 941 5475 et
977 5419 1259 5488 captiones
1299 5428 1490 5474 contra
1530 5417 1824 5473 disserenti
1874 5421 2206 5488 prabentem

651 5514 1016 5568 deducuntur.
1050 5510 1309 5577 Quaerunt
1334 5512 1477 5565 enim
1499 5551 1514 5573 ,
1549 5510 1690 5564 unde
1727 5511 1868 5564 mala
1907 5513 2214 5566 exsistant?

653 5603 762 5659 Nos
805 5615 982 5658 autem
1033 5603 1260 5657 ﬁdenter
1309 5599 1737 5670 respondemus,
1790 5616 1913 5656 cum
1953 5618 2098 5658 unus
2141 5604 2212 5656 sit

653 5696 796 5752 Deus
825 5697 916 5766 qui
945 5703 1144 5751 cuncta
1171 5695 1295 5752 fecit
1315 5735 1330 5760 ,
1351 5694 1486 5748 nihil
1511 5694 1729 5764 quidem
1761 5692 2060 5750 secundum
2086 5695 2210 5748 sub-

2383 5151 2494 5204 Καὶ
2530 5150 2637 5219 γὰρ
2683 5149 2746 5220 δὴ
2785 5151 2834 5201 οἱ
2863 5148 2922 5213 ἐξ
2960 5149 3188 5211 ἐκείνου,
3212 5148 3430 5202 ἐπειδάν
3453 5152 3579 5220 περὶ
3609 5149 3722 5202 τῶν
3751 5153 3884 5207 ἁσυ-

2316 5243 2522 5297 στάτων
2551 5241 2733 5312 ἀρχῶν
2760 5243 2819 5294 ἐν
2833 5239 2974 5312 λόγῳ
2987 5241 3384 5311 διελεηθῶσιν,
3415 5242 3506 5294 ἐπὶ
3529 5241 3736 5310 ταύτην
3761 5259 3881 5298 κατ-

2313 5334 2532 5401 άγονται
2575 5331 3060 5402 τὴνὶὲπαπόρησιν,
3087 5332 3162 5395 ὡς
3183 5331 3620 5395 δυσαπόδεικτον,
3642 5335 3739 5386 καὶ
3762 5334 3884 5386 ταλ-

2314 5425 2411 5486 λάς
2467 5422 2805 5494 παρέχουσαν
2851 5422 3021 5486 λαϐάς
3060 5423 3199 5477 κατὰ
3231 5423 3322 5476 τοῦ
3353 5423 3877 5494 προδιαλεγομένου,

2318 5515 2634 5582 φάσκοντες*
2662 5513 2833 5566 Πόθεν
2857 5509 2950 5566 οὖν
2980 5514 3048 5566 τὰ
3075 5513 3451 5583 κακάςφαμὲν
3475 5513 3540 5584 δὴ
3565 5512 3879 5585 θαρσαλέως

2315 5607 2494 5675 ἡμεῖς,
2522 5605 2595 5667 ὡς
2649 5605 2766 5668 ἑνὸς
2821 5603 2972 5667 ϐντος
3004 5603 3140 5657 Θεοῦ
3177 5604 3272 5658 τοῦ
3321 5605 3498 5658 πάντα
3541 5603 3880 5674 δημιουργῇ-

2317 5710 2527 5760 σαντος,
2553 5694 2720 5748 οῦδὲν*
2744 5694 2840 5765 μὲν
2881 5697 2999 5748 κατ’
3032 5695 3216 5748 οὐσίαν
3249 5696 3313 5748 ὲν
3350 5698 3463 5755 τοῖς
3515 5689 3639 5750 οὖσι
3687 5694 3877 5762 κακὸν,

3785 319 3902 373 H3!
4001 352 4003 354 -
