4058 6330
160 373 310 431 “53
1256 374 1626 432 ADVERSUS
1663 374 1719 430 Μ

1826 373 2084 431 ῐΟΗάΣΟΒ
2123 373 2246 430 LIB.
2289 373 2350 429 ll.
3280 381 3415 440 ιιδι

156 494 352 550 πάντα
396 495 453 548 δι
493 494 635 549 καλὰ
674 495 814 558 λίαν,
854 496 949 550 καὶ
984 495 1252 566 διαφόρως
1293 498 1454 559 καλὰ.
1484 499 1579 552 καὶ
1607 499 1719 571 πρδε

1843 497 2099 552 stantiam
2143 498 2348 553 malum
2388 512 2547 563 esse;
2581 507 2779 554 cuncta
2824 505 3007 556 autem
3040 501 3194 556 valde
3234 501 3412 566 bona.

155 585 420 648 ⁴Ισοικίλας
455 587 676 657 χρήσεις
721 586 1229 656 κατεσκευασμένα,
1268 587 1492 641 καὶτῶν
1516 588 1719 659 γενομέη

1845 595 1899 642 ct
1927 588 2244 644 dm‘erenter
2273 590 2447 652 bona,
2479 596 2534 644 et
2564 590 2630 645 ad
2661 592 2841 645 varios
2873 606 3007 646 usus
3039 590 3178 646 facta
3207 611 3220 657 ;
3245 594 3410 647 nihil.

153 689 274 732 νων
319 677 473 732 οὐδὲν
511 679 640 732 ἄνευ
685 677 846 746 λόγου
890 681 1210 752 γεγένηταιο
1242 681 1356 735 ἀλλ’
1377 682 1603 736 ἕκαστον
1636 682 1719 736 τῶ·

1845 693 1950 748 que
1991 695 2182 734 eorum
2229 695 2352 750 quae
2404 680 2544 735 facta
2591 689 2747 746 sunt,
2792 680 2910 738 sine
2951 685 3166 738 ratione
3211 683 3413 738 iactum

150 765 334 822 δντων
364 767 573 838 μικρῶν
598 784 659 820 τε
685 768 779 820 καὶ
804 768 1053 838 μεγάλων
1083 773 1141 822 ὲν
1161 769 1336 841 ἑαυτῷ
1355 770 1466 842 ἔχει
1489 770 1581 824 τοῦ
1604 769 1719 824 εῐνα

1843 784 1996 835 esse,
2043 770 2137 826 sed
2184 773 2612 842 unumquodque
2652 788 2840 828 eorum
2880 789 3001 846 quae
3028 773 3218 830 effecta
3247 785 3414 838 sunt.

149 856 254 911 τὸν
285 857 461 926 λόγον,
482 855 589 910 τῶν
618 873 678 909 τε
706 857 763 910 ἐν
794 857 1007 928 οὐρανῷ
1028 860 1120 911 καὶ
1151 859 1208 912 ἐν
1230 862 1296 930 τῇ
1325 863 1394 930 γῇ
1435 862 1525 913 καὶ
1553 863 1610 914 ἐν
1647 859 1716 912 θα

1845 877 2066 930 parvum
2097 871 2151 916 et
2185 878 2439 928 magnum
2459 903 2471 926 ,
2503 864 2556 918 in
2589 865 2729 918 caelo
2757 873 2811 920 et
2838 866 2899 919 in
2932 861 3078 922 terra
3104 873 3160 921 et
3191 867 3246 923 in
3276 870 3410 922 mari

150 945 360 1020 λάττῃο
411 946 505 998 καὶ
545 944 733 1017 ὥσπερ
779 946 964 1017 ἄρτιον
1015 950 1107 1000 καὶ
1151 948 1441 1020 ὁλόκληρον
1487 949 1644 1020 σῶμα
1673 952 1719 1018 τῇ

1843 951 2046 1008 habere
2069 954 2122 1008 in
2148 968 2209 1009 se
2237 955 2503 1010 rationem
2533 970 2646 1012 suae
2671 957 2956 1019 essentiaa.
2983 957 3413 1031 fabricatamque

151 1038 419 1091 συστάσει
448 1037 558 1090 τῶν
600 1037 782 1108 μερῶν
807 1040 900 1091 καὶ
943 1039 1122 1109 μελῶν
1147 1039 1547 1094 κατεσκεύασεν
1581 1043 1614 1111 ἠ
1640 1041 1719 1112 de

1840 1059 1964 1100 esse
1994 1045 2316 1115 sapientiam
2344 1046 2437 1101 Dei
2471 1048 2797 1105 inellabilem
2826 1051 3141 1109 universum
3170 1054 3273 1111 hoc
3292 1063 3412 1111 tan-

152 1129 327 1200 ρητος
371 1128 465 1180 τοῦ
507 1128 642 1182 Θεοῦ
689 1131 848 1199 σοφία
891 1131 1008 1184 τόδε
1056 1132 1119 1184 τὸ
1165 1133 1302 1184 πᾶν·
1334 1131 1474 1185 ὥστε
1502 1133 1637 1204 ὅπερ
1673 1133 1719 1186 ἂι

1840 1153 2002 1207 quam
2034 1139 2304 1208 integrum
2331 1149 2384 1193 et
2416 1147 2589 1194 totum
2624 1155 2825 1211 corpus
2854 1147 3247 1203 constitutione
3282 1164 3409 1219 par-

1839 1230 1970 1283 tium
2001 1236 2057 1285 et
2090 1231 2490 1288 membrorum:
2515 1241 2593 1297 ut,
2627 1233 2890 1305 quidquid
2917 1237 3184 1295 ademeris
3207 1241 3408 1296 rationi

1836 1335 2028 1375 eorum
2060 1337 2181 1391 qua:
2211 1321 2350 1376 facta
2377 1333 2538 1389 sunt,
2572 1335 2831 1398 tanquam
2863 1345 3328 1400 supervacaneum
3353 1343 3409 1390 et

148 1221 383 1291 ἁφέλοις
405 1221 482 1292 τῷ
501 1221 644 1292 λόγῳ
668 1222 773 1276 τῶν
800 1224 1104 1295 γενομένων
1132 1222 1206 1286 ὼς
1237 1224 1513 1294 περιττὸν,
1532 1225 1740 1294 καὶτῆς

147 1314 348 1387 χρείας
375 1315 673 1387 ἀλλότριον.
702 1315 1209 1386 ἀκρωτηριάζεσθαι
1238 1316 1358 1369 ὅλον
1381 1315 1442 1368 τὸ
1469 1315 1627 1386 σῶμα
1655 1315 1738 1369 δο-

147 1405 275 1455 κεῖ’
308 1403 494 1475 ἐπειδή
524 1420 586 1472 γε
613 1403 674 1456 τὸ
700 1402 889 1456 δοκοῦν
926 1405 984 1456 ὲν
1028 1406 1142 1468 τοῖς
1187 1397 1305 1456 οὖσι
1339 1403 1458 1456 λίαν
1504 1405 1734 1458 εὐκατα-

149 1493 448 1567 φρόνητον,
478 1493 934 1565 συμπληρωτικὸν
975 1493 1073 1564 τῆς
1115 1493 1209 1547 τοῦ
1240 1492 1492 1564 σώματος
1534 1494 1734 1549 τελειό-

147 1589 321 1660 «ps;
360 1591 477 1644 ἔστι
496 1607 511 1620 ’
556 1592 651 1644 καὶ
680 1589 832 1644 οὐδὲν
863 1591 1032 1661 ἀργὸν
1058 1591 1116 1642 ὲν
1143 1591 1258 1652 τοῖς
1293 1586 1461 1658 οὖσιν,
1486 1591 1607 1644 οὐδὲ
1638 1591 1738 1662 μά-

145 1698 259 1754 την
286 1683 528 1752 γεγονὸς,
549 1683 656 1739 οὐδ’
691 1685 770 1748 είς
798 1683 1109 1754 φιλοτιμίαν
1140 1683 1398 1754 περιττὴν
1435 1684 1732 1756 παρεγκεί-

153 1792 342 1848 μενον.

223 1970 376 2041 Μόνη
405 1969 461 2025 δὲ
487 1969 722 2040 εὐλόγως
746 1971 842 2024 καὶ
871 1970 1095 2034 δικαίως
1120 1971 1344 2044 περιττὴ
1368 1974 1401 2044 ἡ
1429 1973 1536 2027 τῶν
1562 1975 1735 2045 αμαρ-

141 2064 420 2118 τανόντων
466 2062 769 2135 ἀνθρώπων
812 2064 1025 2130 ἀδικία,
1056 2065 1150 2118 καὶ
1197 2065 1412 2135 ἀληθῶς
1447 2082 1511 2134 γε
1563 2067 1731 2118 κακία

140 2156 430 2225 τυγχάνει,
459 2155 522 2209 οὐ
561 2155 668 2226 μὴν
692 2153 752 2221 ἐξ
776 2155 1012 2228 ἀνάρχσυ
1057 2156 1271 2222 κακίας,
1307 2156 1494 2226 ἥντινα
1530 2158 1604 2226 μὴ
1637 2152 1729 2209 οὗ·

144 2263 253 2301 σαν
275 2248 352 2311 ὡς
374 2248 483 2302 ἀπὸ
503 2249 706 2319 ταύτης
736 2265 801 2318 γε
830 2248 998 2320 οῠσης
1022 2251 1316 2320 ἐπενόησεν
1346 2252 1374 2303 ὁ
1403 2251 1622 2320 Μάνης·
1653 2251 1729 2313 ὡς

137 2339 359 2410 ὀλόγος
407 2341 506 2413 ἤδη
558 2342 654 2412 μὲν
704 2341 903 2404 ἱκανῶς
943 2341 1193 2412 ὴνοίξατο
1243 2344 1355 2404 τοῖς
1397 2341 1723 2413 ἔμπροσθεν,

137 2432 312 2498 δείξει
337 2433 396 2488 δὲ
428 2433 758 2507 σαφέστερον
790 2436 1019 2498 καὶτοῖς
1050 2435 1195 2505 ἑξῆς.

1839 1411 2029 1467 inutile
2060 1452 2074 1476 ,
2118 1421 2291 1468 totum
2349 1431 2548 1486 corpus
2600 1419 2908 1474 mutilatum
2954 1435 3077 1477 esse
3136 1423 3403 1480 videatur.

1839 1502 2119 1574 Siquidem
2150 1507 2293 1576 quod
2327 1509 2381 1562 in
2412 1509 2575 1564 rebus
2605 1510 2823 1568 videtur
2851 1511 3178 1571 vilissimum
3220 1526 3273 1572 et
3311 1516 3408 1573 de-

1836 1597 2305 1666 spicatissimum,
2364 1601 2763 1658 absolutionem
2819 1607 3068 1676 corporis
3122 1609 3404 1679 complet;

1834 1689 2081 1759 nihilque
2111 1690 2165 1742 in
2196 1692 2361 1747 rebus
2389 1692 2628 1747 otiosum
2659 1704 2774 1759 est,
2808 1711 2985 1767 neque
3014 1710 3216 1755 temere
3243 1708 3407 1773 atque

1835 1780 2069 1837 inaniter
2101 1782 2336 1853 factum,
2381 1801 2482 1841 nec
2515 1786 2583 1841 ad
2616 1801 3007 1858 supervacuam
3056 1792 3404 1850 ambitionem

1766 1872 1808 1926 Π
1839 1872 2240 1944 interpositum.

1910 1985 2036 2039 Sola
2084 2002 2216 2041 vero
2265 1988 2543 2044 hominum
2591 1993 2656 2048 ad
2711 1996 3006 2065 nequitiam
3060 1999 3401 2067 peccantium

1840 2074 2106 2143 injustitia
2147 2088 2296 2132 recte
2326 2085 2379 2133 et
2405 2081 2553 2149 juste
2582 2097 2646 2137 ac
2675 2100 2802 2141 vere
2843 2088 3083 2158 nequitia
3125 2095 3246 2155 est,
3292 2105 3402 2145 non

1837 2172 2017 2220 tamen
2044 2182 2107 2222 ex
2137 2171 2375 2240 nequitia
2399 2173 2666 2244 principio
2691 2185 2911 2232 carente
2937 2179 3177 2249 profecta
3198 2219 3212 2244 ,
3235 2196 3401 2250 quam

1836 2256 2200 2324 Manichacus,
2225 2276 2350 2316 cum
2375 2279 2481 2318 non
2511 2265 2614 2331 sit,
2640 2282 2762 2324 esse
2789 2272 3112 2340 excogitavit
3142 2279 3401 2342 tanquam

1833 2346 1903 2400 ab
1933 2347 2035 2401 bac
2059 2350 2330 2421 principio
2357 2365 2576 2410 carente
2597 2397 2610 2420 _.
2639 2373 2801 2428 quam
2836 2360 2989 2413 tinxit
3011 2401 3023 2424 ,
3053 2363 3402 2431 proficiscen-

1829 2443 1938 2490 tem
1963 2455 1977 2504 ;
2008 2446 2066 2493 ut
2095 2441 2231 2496 satis
2257 2441 2312 2496 in
2343 2445 2719 2515 superioribus
2745 2448 3042 2518 disputatio
3069 2454 3315 2522 aperuit,
3344 2459 3400 2507 et

1829 2528 2046 2586 docebit
2076 2533 2282 2588 clarius
2312 2535 2367 2589 in
2399 2537 2464 2593 iis
2493 2553 2613 2608 quae
2639 2552 2962 2610 sequuntur.

387 2695 519 2753 Car.
556 2694 619 2750 ll.
666 2693 839 2749 Homo
864 2693 1184 2749 liberrimas.
1229 2690 1444 2746 Peccati
1471 2708 1610 2758 reus,
1650 2707 1766 2746 cum
1790 2693 1860 2747 sit
1892 2692 2042 2749 liber.
2084 2692 2337 2751 Homines
2367 2708 2585 2768 possunt
2619 2716 2731 2756 esse
2764 2700 2885 2756 boni
2911 2711 2961 2756 et
2996 2704 3144 2757 mali.

211 2833 306 2888 Διὸ
326 2834 391 2904 δὴ
420 2834 637 2905 πρῶτον
666 2834 794 2904 περὶ
821 2835 1010 2888 τούτου
1038 2832 1402 2898 διαλαϐόντες,
1426 2832 1597 2894 οὕτως
1618 2829 1722 2901 ὁδῷ

137 2924 590 2998 προελευσόμεθα
619 2926 942 2990 δεικνύντες,
965 2926 1041 2988 ὡς
1074 2927 1196 2978 κατ’
1223 2925 1411 2976 οὐσίαν
1435 2923 1587 2976 οὐδὲν
1612 2921 1721 2974 τῶν

137 3020 315 3074 ὀντων
341 3017 506 3072 κακόν
525 3035 540 3049 ο
567 3018 703 3072 ἀλλὰ
743 3020 849 3090 μὴν
881 3020 980 3072 ὅσα
1001 3017 1142 3071 κατὰ
1161 3015 1355 3085 γενεὰν
1381 3016 1655 3084 οἰκονομεῖ
1692 3014 1722 3064 ὁ

139 3111 298 3175 Θεὸς,
329 3111 646 3184 πρεπόντως
677 3127 742 3179 γε
777 3113 844 3182 τῇ
874 3109 1068 3163 ἑαυτοῦ
1103 3109 1263 3180 σοφίᾳ
1299 3108 1394 3162 καὶ
1422 3107 1722 3177 συμφερόν-

136 3220 254 3267 τως
276 3204 547 3274 οίκονομεῖ
573 3205 686 3266 τοῖς
709 3203 848 3274 ὑπὲρ
873 3197 948 3255 ὧν
974 3200 1148 3255 ταῦτα
1169 3202 1329 3252 ποιεῖ.
1357 3200 1575 3269 Κόσμον
1611 3199 1722 3251 τοί-

139 3312 241 3347 νυν
265 3294 374 3364 (25)
407 3293 807 3348 κατεσκεύασεν
831 3296 860 3347 ό
889 3293 1041 3357 Θεός”
1070 3294 1164 3346 καὶ
1194 3293 1320 3362 περὶ
1355 3290 1566 3356 τούτου,
1587 3291 1722 3362 πρὸς

135 3387 238 3452 οὓς
262 3391 290 3441 ό
313 3387 487 3456 λόγος,
503 3389 565 3441 ού
588 3386 1027 3458 διαχειμάζονται
1048 3401 1062 3416 ·
1093 3388 1138 3438 εί
1161 3384 1270 3456 γὰρ
1291 3385 1354 3456 δὴ
1378 3385 1470 3438 καὶ
1491 3385 1570 3447 είς
1593 3385 1722 3436 ἀκο-

140 3478 310 3550 σμίαν
345 3479 566 3550 κόσμιον
593 3479 720 3532 ὅντα
757 3478 848 3532 τὸν
880 3478 1081 3548 κόσμον
1112 3475 1558 3547 μεταϐάλλουσιν,
1586 3475 1722 3528 ἀλλά

137 3590 206 3643 γε
239 3571 366 3644 περί
397 3589 458 3625 τε
487 3572 690 3643 τρόπου
724 3571 818 3624 καὶ
845 3572 942 3642 τῆς
967 3571 1143 3632 αἰτίας
1177 3569 1274 3620 τοῦ
1306 3567 1556 3636 γενέσθαι
1586 3567 1719 3636 ὀμο-

143 3662 380 3734 λσγοῦσι.
406 3663 593 3735 Τούτῳ
612 3663 695 3735 δὴ,
723 3663 883 3733 μέρος
912 3661 1011 3732 μὲν
1039 3661 1165 3713 ὄντα
1199 3659 1292 3712 τοῦ
1329 3658 1546 3721 παντὸς,
1571 3657 1720 3727 ὅμως

137 3755 200 3810 δὲ
241 3754 464 3824 πολίτην
502 3735 799 3825 ἐπιστήσας
836 3752 1050 3820 λογικὸν
1077 3751 1169 3804 τὸν
1195 3749 1478 3819 ἄνθρωπον
1507 3750 1534 3800 ὁ
1563 3747 1716 3809 Θεὸς,

135 3847 210 3902 τὰ
236 3848 334 3919 μὲν
358 3847 492 3902 ἄλλα
518 3848 618 3901 ὅσα
646 3849 782 3918 μήτε
804 3846 939 3917 πρὸς
965 3843 1164 3915 ἀρετὴν
1187 3844 1322 3914 μήτε
1358 3841 1494 3912 πρὸς
1519 3840 1718 3892 κακίαν

136 3942 262 4011 ὁρᾷ,
297 3939 473 4010 ἐαυτῷ
501 3941 804 4012 τετήρηκεν
829 3939 1155 4006 οίκονομεϊν’
1185 3935 1384 4006 ἀρετὴν
1415 3933 1472 3986 δὲ
1503 3931 1714 4002 μόνονῆ

138 4032 340 4086 κακίαν
373 4032 461 4084 ἐπ’
489 4031 637 4102 αὑτῷ
662 4026 799 4084 εἶναι
834 4030 1116 4097 πεποίηκε,
1149 4030 1216 4097 τῇ
1249 4025 1407 4094 φύσει
1436 4022 1717 4094 προενθεὶς

137 4123 400 4196 ἐκατέρου
444 4123 542 4196 τὴν
587 4122 816 4194 γνῶσιν
855 4123 963 4186 ἵνα,
1006 4117 1284 4189 ὀφθαλμοῦ
1325 4116 1480 4186 δίκην
1514 4113 1716 4182 ταύτην

135 4216 499 4286 ἑπαγόμενος,
545 4217 606 4268 οὐ
655 4215 813 4286 μόνον
871 4212 1008 4284 μετὰ
1038 4210 1247 4273 τελείας
1286 4207 1596 4276 ἐπιστήμης
1624 4203 1714 4256 τὸν

139 4303 254 4373 βίον
290 4302 469 4378 ὀδεύῃ,
501 4303 638 4357 ἀλλὰ
665 4304 760 4357 καὶ
787 4301 1084 4372 αὐτουργὸς
1107 4299 1215 4354 τῶν
1239 4297 1337 4368 τῆς
1357 4296 1555 4368 ἀρετῆς
1581 4310 1714 4346 κατ-

133 4394 473 4467 ορθωμάτων
508 4397 750 4468 ὑπάρχῃ.

1897 2831 2260 2899 Quamobrem
2290 2852 2418 2890 cum
2463 2837 2532 2890 de
2578 2837 2682 2892 hoc
2727 2841 2902 2908 primo
2945 2849 3126 2894 actum
3170 2841 3275 2904 sit,
3318 2842 3400 2897 sic

1827 2923 1912 2976 via
1935 2933 1992 2978 et
2019 2926 2230 2979 ratione
2255 2927 2669 2996 progrediemur
2694 2947 2708 2996 ;
2734 2929 2994 2984 docentes
3024 2931 3160 2985 nihil
3191 2947 3313 2988 esse
3343 2934 3398 2987 in

1827 3012 1994 3069 rebus
2039 3014 2242 3068 malum
2287 3016 2586 3071 secundum
2616 3019 2977 3074 substantiam
3007 3039 3018 3075 :
3053 3022 3184 3091 quin
3215 3023 3400 3092 potius

1827 3118 2171 3175 quaecunque
2199 3107 2253 3161 in
2285 3109 2488 3162 sarculo
2515 3110 2783 3180 gubernat
2814 3125 2878 3165 ac
2905 3112 3192 3182 dispensat
3218 3113 3360 3170 Deus
3381 3154 3395 3178 .

1829 3195 2028 3250 decore
2051 3236 2065 3260 ,
2097 3205 2159 3250 ut
2190 3198 2513 3268 sapientiam
2542 3202 2664 3271 ejus
2692 3204 2877 3270 decet,
2911 3213 2965 3260 et
2997 3206 3063 3260 ad
3098 3209 3396 3264 utilitatem

1828 3303 2054 3354 eorum,
2089 3301 2310 3360 propter
2338 3309 2485 3361 quos
2511 3293 2627 3349 haec
2675 3295 2838 3364 facit,
2862 3298 3132 3368 gubernat
3174 3315 3237 3354 ac
3279 3303 3398 3356 dis-

1829 3391 2040 3452 pensat.
2079 3383 2342 3439 Ornatum
2379 3388 2544 3457 igitur
2599 3392 2871 3444 exstruxit
2901 3390 3075 3447 Deus:
3108 3403 3163 3450 et
3193 3395 3260 3450 de
3294 3396 3398 3450 hoc

1827 3474 1863 3527 ii
1910 3483 2102 3529 contra
2147 3492 2287 3546 quos
2328 3477 2707 3547 disputamus.
2753 3498 2862 3537 non
2908 3483 3173 3540 ﬂuctuant
3220 3504 3399 3558 neque

1824 3576 2143 3633 tempestate
2168 3568 2447 3636 jactantur
2474 3589 2485 3624 :
2521 3570 2566 3625 si
2593 3571 2737 3625 enim
2765 3573 3027 3627 munddm
3056 3587 3310 3630 ornatum
3342 3585 3397 3633 et

1823 3654 2080 3709 decorum
2114 3658 2168 3710 in
2201 3659 2511 3713 inornatum
2543 3670 2792 3728 mutant,
2823 3663 2890 3720 de
2930 3666 3091 3720 modo
3130 3675 3185 3722 et
3225 3682 3392 3724 causa

1820 3746 1946 3800 facti
1968 3748 2154 3802 mundi
2177 3751 2525 3808 confitentur.
2550 3752 2834 3810 Hominem
2855 3772 3012 3822 vero,
3037 3758 3140 3813 etsi
3163 3769 3246 3815 est
3268 3776 3396 3830 pars

1824 3835 2051 3903 mundi,
2083 3846 2263 3893 tamen
2297 3842 2423 3909 quia
2453 3857 2576 3896 eum
2612 3842 2785 3898 civem
2817 3848 3046 3902 rationis
3077 3851 3394 3922 participem

1822 3931 2121 3996 praeposuit
2158 3944 2222 3983 ac
2270 3931 2509 4000 praefecit
2553 3932 2731 3999 Deus,
2764 3937 2819 3989 in
2861 3941 3073 3994 caeteris
3119 3941 3244 3996 aliis
3273 3957 3395 4012 qua:

1822 4037 1998 4091 neque
2042 4024 2110 4078 ad
2143 4027 2439 4096 nequitiam
2472 4044 2572 4082 ncc
2601 4031 2667 4083 ad
2710 4033 2964 4086 virtutem
3009 4043 3289 4103 spectant,
3335 4046 3395 4093 ut

1819 4115 2179 4184 gubernaret,
2205 4119 2308 4173 sibi
2336 4121 2437 4190 ipsi
2467 4124 2765 4176 reservavit
2790 4142 2804 4190 ;
2834 4125 3008 4179 virtus
3037 4135 3091 4179 et
3115 4127 3304 4180 vitium
3334 4136 3392 4181 ut

1823 4203 1877 4257 in
1924 4215 2190 4275 potestate
2233 4209 2351 4279 ejus
2390 4222 2564 4276 esset,
2612 4209 2770 4278 fecit,
2816 4214 3141 4286 ingenerans
3187 4225 3396 4274 natum

1825 4296 2111 4368 utriusque
2141 4304 2506 4370 cognitionem
2534 4323 2546 4358 :
2580 4313 2638 4358 ut
2668 4306 2841 4361 instar
2870 4307 3012 4360 oculi
3046 4307 3188 4360 hanc
3219 4308 3393 4362 addu-

1823 4401 1952 4443 cens
1981 4397 2035 4444 et
2066 4391 2330 4449 adhibens
2351 4436 2365 4458 ,
2399 4411 2508 4451 non
2540 4399 2715 4452 solum
2746 4414 2870 4453 cum
2897 4401 3135 4467 perfecta
3167 4403 3392 4457 scientia

136 4492 193 4544 in
238 4492 345 4544 vita
388 4490 729 4554 ambularet,
779 4489 876 4546 sed
913 4491 1075 4546 etiam
1100 4497 1245 4544 esset
1273 4491 1464 4540 auctor
1492 4481 1792 4538 oﬂiciorum
1825 4481 2061 4540 virtutis.

211 4604 526 4676 Ἀνθρωπος
563 4603 741 4659 τοίνυν
782 4604 1000 4672 ἀδικῶν,
1037 4601 1370 4674 ἁμαρτάνειν
1399 4599 1710 4668 ἐγκαλεῖται

1892 4598 2067 4657 Homo
2093 4603 2257 4673 igitur
2283 4605 2484 4676 injuste
2506 4623 2738 4678 operans
2759 4649 2773 4672 ,
2801 4608 2946 4678 juste
2966 4609 3033 4664 de
3056 4619 3278 4679 peccato
3300 4626 3392 4663 ar-

130 4697 378 4762 δικαίως.
405 4697 468 4750 Et
498 4696 597 4768 μὲν
624 4695 734 4768 γὰρ
771 4696 999 4768 πράττει
1021 4697 1119 4766 τὴν
1157 4694 1432 4766 ἁμαρτίαν
1463 4693 1522 4746 οὺ
1554 4692 1710 4746 δυνά-

136 4805 294 4860 μενος
321 4789 658 4860 ἀποσχέσθαι
682 4789 906 4858 ταύτης,
934 4789 1118 4844 ἂδικον
1147 4788 1405 4858 ὑπομένει
1433 4787 1531 4859 τὴν
1571 4788 1712 4858 μέμ-

129 4884 224 4953 ψιν
241 4897 257 4912 ⁶
283 4883 332 4936 εί
359 4882 439 4948 δὲ,
469 4881 590 4948 ἐξὸν
632 4882 708 4954 μὴ
736 4887 931 4948 ποιεῖν,
955 4884 1267 4936 τούναντίον
1294 4883 1456 4944 ποιεῖ,
1480 4880 1557 4944 ὡς
1590 4881 1708 4933 ἁδι-

131 4973 245 5029 κῶν
280 4972 516 5042 εὐλόγως
543 4975 852 5042 ἐγκαλεῖται
869 4991 885 5006 '
913 4977 1008 5030 καὶ
1043 4973 1226 5040 καλῶς
1251 4990 1314 5042 γε
1342 4972 1486 5044 λόγῳ
1511 4971 1708 5044 ἐγκλή-

135 5080 300 5136 ματος
332 5067 367 5137 ή
399 5065 645 5138 ἁμαρτία
667 5067 912 5122 καλεῖται
946 5068 1096 5138 παρὰ
1128 5059 1366 5134 λόγον,ᾦ
1385 5082 1447 5133 γε
1485 5065 1711 5119 δυνατόν

133 5162 247 5212 ἐστι
299 5157 626 5228 χρήσασθαι,
657 5157 931 5230 πανταχοῦ
1003 5160 1382 5230 πραττομένη·
1437 5159 1512 5222 ὡς
1568 5153 1707 5211 εἶναι

134 5250 406 5323 ἁμαρτίαν
461 5251 572 5303 πᾶν
625 5250 688 5304 τδ
737 5253 894 5323 παρὰ
929 5251 1086 5321 λόγον
1115 5253 1506 5323 πραττόμενον,
1537 5253 1585 5304 εί
1613 5251 1708 5306 καὶ

134 5348 198 5398 εκ
218 5344 325 5399 τῶν
356 5345 502 5398 κατά
535 5345 696 5413 φύσιν
719 5344 984 5414 λαμϐάνει
1004 5346 1107 5417 τὴν
1134 5346 1418 5417 ἀφορμήν·
1459 5344 1566 5398 τῶν
1598 5345 1708 5415 γὰρ

134 5437 272 5491 κατὰ
301 5435 462 5504 φύσιν
485 5437 521 5507 ἡ
549 5435 831 5504 ἀλόγιστος
869 5437 1068 5509 χρῆσις
1098 5438 1245 5490 ποιεῖ
1273 5437 1374 5507 τὴν
1401 5436 1671 5507 ἁμαρτίαν
1688 5452 1700 5464 ·

133 5528 284 5599 λόγος
304 5529 360 5582 δὲ
384 5529 442 5584 ἐν
473 5532 608 5601 ἡμῖν
643 5529 1029 5598 δοκιμαστικδς
1050 5527 1158 5584 τῶν
1185 5528 1331 5584 κατὰ
1363 5527 1524 5598 φύσιν
1545 5545 1557 5557 ο
1585 5527 1706 5581 ὅθεν

131 5623 192 5679 οὐ
217 5623 466 5678 λανθάνει
495 5621 867 5694 πραττομένη.

1821 4704 2074 4748 αυεαιιιε.»
2099 4695 2155 4749 Si
2185 4696 2331 4752 enim
2362 4708 2644 4768 peccatum
2673 4701 2962 4755 committit
2992 4710 3248 4767 tanquam
3281 4700 3388 4756 no‘n

1821 4785 1994 4854 possit
2022 4785 2091 4840 ab
2118 4801 2184 4841 eo
2213 4803 2270 4842 se
2309 4789 2617 4852 abstinere,
2651 4791 2907 4859 injustam
2928 4793 3219 4860 quaerelam
3263 4793 3392 4844 sub-

1819 4877 1859 4932 it
1889 4893 1904 4942 ;
1948 4878 2031 4931 sin
2079 4886 2292 4943 autem,
2327 4895 2452 4934 cum
2484 4891 2669 4951 posset
2702 4897 2811 4935 non
2853 4881 3068 4946 facere,
3099 4880 3228 4936 facit
3259 4896 3392 4935 con-

1819 4970 2070 5036 trarium,
2094 4972 2290 5027 merito
2319 4982 2610 5029 accusatur
2633 4984 2889 5043 tanquam
2919 4974 3242 5043 injustitiam
3269 4990 3390 5030 sus-

1819 5064 2030 5135 cipiens
2053 5082 2064 5116 ε
2097 5074 2151 5120 et
2208 5074 2490 5135 peccatum
2518 5072 2666 5120 recte
2689 5067 2900 5119 ratione
2928 5066 3179 5120 criminis
3205 5067 3392 5136 appel-

1819 5157 1963 5212 latur
1993 5167 2309 5228 peccatum,
2340 5157 2488 5229 quod
2529 5173 2744 5231 semper
2789 5159 3152 5214 committitur
3196 5168 3392 5228 praeter

1818 5251 2085 5305 rationem
2118 5267 2224 5321 qua
2257 5250 2332 5303 uti
2364 5250 2573 5319 potuit:
2600 5257 2661 5303 ut
2683 5251 2752 5305 sit
2775 5249 2890 5319 jam
2920 5258 3202 5321 peccatum
3229 5263 3391 5303 omne

1816 5342 1906 5407 id,
1936 5343 2082 5412 quod
2118 5354 2313 5414 prater
2344 5343 2610 5398 rationem
2656 5342 2740 5408 tit,
2792 5343 3044 5412 quamvis
3077 5357 3143 5396 ex
3175 5342 3242 5396 iis
3268 5356 3390 5410 quzr

1815 5442 1945 5491 sunt
1973 5437 2274 5490 secundum
2304 5443 2590 5497 naturam,
2621 5435 2970 5490 occasionem
2999 5441 3053 5489 et
3083 5430 3387 5488 subsidium

1815 5527 2084 5598 accipiat:
2133 5543 2268 5584 usus
2313 5528 2458 5582 enim
2508 5540 2700 5580 eorum
2745 5541 2868 5595 quae
2915 5534 3045 5582 sunt
3088 5523 3388 5580 secundum

1814 5630 2104 5686 naturam,
2151 5636 2183 5677 a
2225 5620 2438 5676 ratione
2477 5633 2738 5686 aversus,
2783 5619 2946 5675 eﬁicit
3001 5627 3059 5673 ut
3101 5623 3391 5690 peccatum

187 5799 312 5875 [(23)
339 5801 580 5871 Κόσμον
603 5801 754 5859 τοῖν.
784 5799 1021 5871 Clarius,
1059 5799 1308 5855 mundum
1340 5801 1502 5872 igitur
1537 5817 1719 5857 exorm

1844 5798 2003 5856 Deus.
2038 5798 2204 5856 Basx.
