4058 6330
1851 368 1991 432 τιτι
2029 370 2464 436 Βοετιιειιιεῐε
2500 377 2807 440 ειηεοοινῖ

681 486 952 582 exsistat;
984 486 1125 543 ratio
1151 487 1431 582 autem'in
1472 488 1635 582 nobis
1663 489 1997 562 esploratrix
2035 503 2124 552 est
2165 510 2360 554 eorum
2385 542 2401 568 ,
2432 515 2554 572 qua
2583 503 2891 561 secundum
2945 517 3196 564 naturam
3256 522 3427 567 sunt:
3492 524 3564 566 ex
3609 525 3728 582 quo
3776 510 3837 568 ιι
3895 523 3944 569 at

681 590 796 635 non
823 577 1022 644 lateat,
1055 594 1180 634 cum
1215 578 1601 636 committitur.

757 670 814 727 Si
836 688 966 744 ergo
992 670 1060 726 ad
1086 673 1534 730 exercitationem
1557 676 1776 733 virtutis
1797 677 2066 734 rationem
2093 679 2247 736 nobis

2425 681 2488 735 Et
2518 699 2617 753 μιν
2637 699 2819 740 τοινυν
2851 701 2989 758 προς
3010 690 3242 762 ἀσκησιν
3273 691 3479 764 ἀρετῆς
3510 693 3606 748 τον
3640 694 3810 764 λόγον
3837 697 3938 751 δισρ

683 764 905 821 insitam
951 779 1346 836 exerceamus,
1402 775 1662 838 tanquam
1709 785 1910 842 corpus
1957 779 2261 842 temperato

682 866 866 920 motu,
901 871 1090 911 sanam
1118 857 1260 912 hanc
1291 868 1362 922 et,
1375 860 1783 916 benevolentem
1808 861 2099 918 reddemus
2124 881 2136 917 :
2174 864 2259 918 sin

682 958 812 1000 vero
841 948 1236 1003 exercitatione
1265 958 1320 1004 et
1370 951 1721 1006 accuratione
1763 951 1906 1006 hanc
1943 967 2054 1008 non
2097 968 2260 1009 exco-

683 1036 973 1102 luerimus,
1003 1040 1361 1110 languescens
1379 1042 1667 1097 obscurior
1681 1041 1934 1110 efﬁcitur,
1955 1059 2020 1099 ac
2041 1044 2258 1101 demum

683 1130 926 1200 neglecta
953 1141 1208 1186 canatur.
1238 1130 1410 1186 Penes
1442 1148 1544 1188 nos
1585 1148 1716 1186 vero
1759 1145 1875 1198 est,
1920 1135 2125 1206 ubique
2166 1150 2256 1190 ra-

683 1223 831 1279 tione
858 1236 980 1293 quse
1007 1223 1062 1277 in
1095 1223 1254 1278 nobis
1285 1234 1368 1278 est
1389 1265 1404 1290 ,
1439 1226 1517 1278 uti
1549 1245 1562 1286 ;
1594 1233 1649 1279 et
1692 1227 1834 1281 sicut
1863 1228 1957 1298 qui
1985 1236 2154 1282 artem
2185 1243 2258 1283 eo

680 1314 935 1371 diﬁcandi
963 1324 1258 1377 exercent,
1289 1317 1369 1370 sic
1400 1331 1594 1370 norma
1625 1332 1689 1372 ac
1717 1319 1905 1389 regula
1937 1319 2004 1374 ad
2030 1334 2259 1375 accura-

681 1407 886 1462 tionem
927 1407 1146 1462 virtutis
1188 1406 1464 1470 adhibita,
1508 1407 1651 1462 lianc
1679 1411 1946 1464 rationem
1973 1412 2256 1473 excolere.

678 1505 940 1568 tanquam
969 1499 1179 1554 semina
1205 1499 1260 1554 in
1288 1507 1433 1555 terra
1459 1514 1653 1569 sparsa
1672 1541 1686 1567 ,
1712 1516 1835 1573 qua
1860 1517 1986 1558 cum
2013 1503 2257 1575 neglecta

679 1599 811 1646 sunt
831 1630 845 1654 ,
880 1599 1113 1661 pereunt
1607 1617 1614 1624 ι

752 1681 864 1737 lloc
896 1682 1014 1738 loco
1043 1683 1370 1753 ambiguitas
1398 1684 1720 1756 qumstionis
1759 1683 2030 1739 exoritur.
2068 1684 2256 1752 Quare

678 1783 832 1830 tanto
861 1774 1108 1845 periculo
1136 1775 1337 1843 objecti
1369 1793 1562 1832 sumus
1581 1818 1596 1843 ,
1630 1785 1688 1830 ut
1718 1792 1884 1847 penes
1909 1792 2010 1832 nos
2036 1779 2107 1831 sit
2132 1791 2257 1832 esse

681 1866 889 1927 bonos,
923 1875 976 1920 et
1008 1881 1115 1920 non
1144 1868 1312 1921 esse?
1353 1877 1411 1922 ut
1454 1882 1563 1922 non
1607 1869 1833 1922 omnino
1877 1868 2006 1923 boni
2051 1867 2255 1924 cilicia-

677 1973 822 2021 mur,
851 1958 943 2013 sed
967 1959 1318 2028 plerumque,
1343 1975 1452 2013 non
1482 1967 1694 2013 tantum
1722 1960 2054 2031 quandoque
2083 1961 2250 2024 mali,

2362 771 2735 844 γυμνάζοιμίν
2764 775 2856 829 τὸν
2892 778 2950 829 ιν
2980 779 3132 848 ἡμῖν,
3159 779 3348 852 ὥσπερ
3382 785 3543 853 σῶμα
3576 788 3651 856 τῇ
3698 787 3939 857 siipr

2361 867 2596 937 κινήσει,
2615 867 2741 938 ὑγιῆ
2769 870 2862 921 καὶ
2878 868 3152 939 εὕρωστον
3175 875 3362 929 τοῦτον
3383 876 3755 951 [παρέξομεν.
3781 881 3849 951 ἢν
3870 881 3936 953 ἃ]

2363 959 2438 1028 μὴ
2454 958 2693 1029 ἀξιῶμεν
2712 960 2821 1030 (ῆι)
2839 977 2853 990 ·
2885 963 3069 1016 τοῦτον
3092 965 3373 1037 ἀσκήσεώς
3386 985 3446 1023 τε
3467 971 3562 1024 καὶ
3574 971 3936 1043 impletae.)

2359 1049 2601 1103 ἀσθενῶν
2632 1052 3009 1124 ἀμαυρότερος
3047 1057 3277 1123 γίνεται,
3318 1061 3415 1113 καὶ
3448 1063 3604 1125 τέλος
3636 1065 3940 1136 ἀμελούμε-

2360 1160 2448 1206 νος
2486 1144 2784 1218 πηροῦταιο
2825 1147 2914 1216 ιφ’
2953 1149 3086 1218 ἡμῖν
3108 1149 3164 1202 δὲ
3195 1153 3452 1222 τυγχάνει
3477 1157 3764 1227 πανταχοῦ
3806 1158 3938 1230 λόγῳ

2357 1234 2438 1304 τῷ
2472 1236 2530 1287 ὲν
2564 1238 2695 1306 ἡμῖν
2745 1237 3069 1309 κεχρῆσθαι,
3110 1240 3300 1312 ὥσπερ
3339 1246 3390 1297 oi.
3434 1245 3536 1317 τὴν
3591 1249 3939 1322 οίκοδομιιὴιν

2363 1327 2638 1395 μετιόντες
2667 1327 2746 1399 τῷ
2776 1329 3043 1401 γνώμονι,
3092 1333 3227 1404 πρὸς
3271 1333 3370 1406 τὴν
3398 1339 3597 1410 ἀρετῆς
3631 1343 3937 1413 ἀκρίϐειαν.

2360 1420 2453 1472 καὶ
2479 1419 2669 1474 τοῦτον
2690 1426 2978 1493 γεωργεῖν,
2994 1423 3181 1498 ὥσπιρ
3205 1428 3272 1498 τῇ
3302 1430 3373 1498 γῇ
3395 1429 3462 1482 τά
3492 1433 3940 1507 καταδαλλόμηι

2361 1511 2679 1584 σπέρματα·
2715 1516 2881 1588 imp,
2909 1517 3128 1572 ἐπειδὰν
3155 1517 3428 1592 ἀμιληθῇ,
3453 1521 3861 1597 διαφθείρεται.

2442 1684 2782 1757 ἐνταῦθαδὴ
2798 1688 2859 1740 τὸ
2881 1687 3178 1758 ἀμφίϐολον
3197 1691 3501 1746 ἀνακύπτει
3519 1693 3624 1766 τῆς
3637 1693 3937 1770 ζητήσεως.

2358 1774 2514 1839 Τίνος
2548 1776 2709 1846 χάριν
2737 1777 2816 1848 τῷ
2843 1794 2908 1844 γε
2931 1779 3170 1851 τοσούτῳ
3190 1781 3419 1853 κινδύνῳ
3447 1786 3936 1860 παραδεδλήμεθα,

2357 1862 2442 1931 ἔφ’
2474 1863 2687 1927 ἑαυτοῖς
2738 1864 2954 1935 ἔχοντες
3001 1869 3060 1922 τὸ
3113 1870 3452 1938 σπουδάζειν,
3482 1877 3577 1927 καὶ.
3614 1877 3728 1946 μής
3755 1879 3834 1942 ὡς
3873 1883 3938 1951 μὴ

2358 1954 2575 2018 πάντως
2608 1955 2846 2023 ἀγαθοὺς
2887 1958 3290 2024 ἀποτελεῖσθαι,
3462 1963 3496 2033 ὴ
3525 1965 3602 2029 ὡς
3630 1968 3729 2020 ἐπὶ
3763 1970 3828 2020 τὸ
3849 1987 3937 2022 πνι-

676 2053 1071 2117 necessarium,
1103 2067 1211 2106 non
1241 2052 1564 2123 simpliciter
1594 2053 1722 2107 utile
1749 2053 2074 2122 periculum.
2105 2053 2247 2108 Alio-

2354 2045 2440 2108 λυ,
2468 2045 2529 2099 οὐ
2559 2047 2718 2118 μόνον
2731 2048 2880 2102 ἐστιν
2901 2051 3011 2115 ὅτε,
3040 2055 3264 2120 κακοὺς,
3289 2058 3603 2126 ἀναγκαῖος,
3633 2061 3736 2132 οὐχ
3761 2062 3940 2124 ἁπλῶς

674 2143 771 2213 qui
818 2158 846 2196 a
898 2151 1016 2198 toto
1044 2144 1397 2208 aberramus,
1428 2153 1656 2216 totoque
1691 2144 2124 2200 frustraremur:
2170 2153 2254 2200 et-

675 2236 820 2290 enim
850 2236 894 2291 si
925 2235 1143 2292 fecisset
1164 2251 1267 2292 nos
1292 2234 1456 2301 Deus,
1480 2245 1539 2290 ut
1561 2249 1666 2291 non
1685 2251 1974 2308 possemus
2002 2250 2249 2307 peccare,

675 2343 955 2400 nunquam
984 2327 1112 2383 facti
1136 2344 1381 2385 essemus
1412 2329 1538 2383 boni
1564 2347 1577 2395 ;
1611 2330 1786 2384 bonus
1810 2330 1956 2385 enim
1985 2329 2128 2399 apud
2153 2330 2252 2382 ho-

673 2421 852 2476 mines
875 2431 992 2484 est,
1023 2421 1116 2490 qui
1143 2421 1330 2490 justus
1357 2429 1410 2475 et
1441 2429 1777 2491 temperatus
1804 2429 1892 2476 est
1917 2439 1933 2477 :
1965 2421 2251 2476 abstinens

673 2521 858 2568 autem
910 2513 978 2568 ab
1029 2512 1299 2583 injustitia
1347 2512 1404 2566 fit
1444 2513 1673 2581 justus;
1717 2522 1772 2570 et
1810 2510 2027 2585 fugiens
2054 2511 2250 2567 intem-

673 2607 976 2675 perantiam
1021 2614 1374 2675 temperatus.
1418 2602 1693 2660 Potestate
1742 2605 1910 2675 igitur
1939 2602 2249 2659 contrario-

673 2713 794 2753 rum
825 2709 1177 2768 comparatur
1205 2706 1260 2753 et
1290 2699 1594 2769 acquiritur
1627 2698 1906 2769 possessio
1935 2698 2246 2752 contrario-

669 2803 815 2846 rum.
853 2787 921 2845 Ut
950 2790 997 2845 si
1027 2792 1154 2860 quis
1181 2806 1290 2845 non
1340 2790 1544 2845 habeat
1598 2796 1924 2859 potestatem
1956 2789 2248 2858 intempe-

670 2882 898 2946 rantim,
932 2895 1043 2936 non
1073 2883 1252 2953 possit
1286 2882 1402 2936 fieri
1433 2891 1745 2950 temperans
1774 2901 1786 2936 :
1821 2897 1932 2936 non
1959 2880 2106 2934 enim
2137 2893 2247 2934 non

671 2986 833 3043 posse
854 2973 1136 3042 suscipere
1157 2972 1609 3028 incontinentiam
1633 3013 1645 3034 ,
1673 2972 1802 3027 facit
1824 2973 2245 3036 continentiam;

671 3080 772 3120 nec
811 3064 1087 3120 infirmum
1128 3080 1249 3121 esse
1284 3065 1351 3120 ad
1396 3064 1724 3135 injustitiam
1766 3065 1896 3121 facit
1927 3065 2244 3134 justitiam:

671 3154 767 3209 sed
800 3169 961 3225 posse
989 3151 1169 3208 facere
1191 3193 1206 3217 ,
1237 3155 1450 3209 ratione
1481 3170 1611 3209 vero
1640 3155 1919 3210 abstinere
1949 3171 2016 3211 ne
2045 3155 2246 3220 facint,

670 3247 782 3301 haec
811 3255 895 3302 est
918 3246 1096 3300 virtus
1123 3247 1498 3316 temperantiae
1518 3257 1572 3302 et
1591 3247 1850 3316 justitia;
1874 3257 1926 3301 et
1953 3262 2062 3302 non
2085 3261 2249 3316 posse

2353 2139 2648 2211 ὠφέλιμος,
2677 2143 2705 2196 ὁ
2732 2143 2990 2209 κίνδυνος·
3019 2147 3224 2200 ὲπείτοι
3248 2148 3342 2201 τοῦ
3375 2151 3593 2221 παντὸς,
3618 2151 3937 2226 διαμάρτοι·

2357 2247 2459 2299 μεν
2500 2233 2585 2286 ἀν.
2633 2233 2697 2286 Εί
2743 2233 2851 2304 γὰρ
2896 2238 3195 2307 πεποίηκεν
3239 2241 3435 2309 ὴμᾶςό
3469 2241 3602 2307 Θεὸς
3646 2244 3937 2308 ἀδυνάτους

2353 2323 2527 2394 πάντη
2588 2325 2724 2396 πρὸς
2763 2328 3058 2400 ἁμαρτίαν,
3102 2330 3202 2383 οὐκ
3242 2330 3309 2384 ἂν
3346 2334 3658 2405 γεγόναμεν
3711 2338 3931 2407 ἀγαθοί·

2351 2414 2553 2481 ἀγαθὸς
2603 2418 2700 2486 μὲν
2748 2419 2856 2490 γὰρ
2894 2421 2953 2471 ὲν
2977 2421 3283 2492 ἀνθρώποις
3313 2425 3342 2476 ὁ
3367 2425 3578 2490 δίκαιός
3609 2446 3672 2481 τε
3710 2432 3809 2483 καὶ
3839 2434 3934 2484 σώ-

2351 2522 2520 2574 φρων·
2541 2508 2880 2579 ἀπεχόμενος
2905 2511 2959 2564 δὲ
2985 2513 3084 2582 τῆς
3110 2513 3341 2579 ἀδικίας,
3361 2518 3570 2583 γίνεται
3594 2497 3833 2587 δίκιιαιοςἱ
3851 2529 3936 2577 καὶ

2351 2601 2567 2669 φεύγων
2613 2604 2907 2659 ἀκολασίαν
2954 2606 3185 2678 σώφρων
3231 2611 3597 2669 ἀποτελεῖται.
3652 2618 3721 2671 Ἡ
3766 2622 3936 2674 τοίνυν

2349 2689 2564 2755 ἐξουσία
2597 2693 2706 2748 τῶν
2735 2696 2988 2750 ἐναντίων
3029 2697 3127 2768 τὴν
3175 2701 3457 2770 ast-imm...
3493 2705 3603 2768 Ὧς,
3643 2705 3702 2759 τί
3732 2724 3819 2771 τις
3868 2713 3934 2781 μζ

2350 2786 2408 2837 ὲν
2445 2785 2662 2857 ἐξουσίᾳ
2703 2789 3000 2853 ἀκολασίας
3039 2792 3316 2861 τυγχάνοι,
3355 2796 3588 2867 σώφρων
3617 2801 3723 2852 οὐκ
3756 2801 3826 2855 ἂν
3856 2805 3937 2870 γέ-

2349 2895 2511 2932 νοιτο.
2531 2880 2666 2952 Φαίη
2688 2882 2796 2952 γὰρ
2817 2881 2883 2935 ἀν
2921 2900 3006 2947 τις
3029 2884 3161 2954 (95)·
3181 2885 3274 2950 Τίς
3302 2889 3430 2959 γάρ,
3454 2886 3566 2953 οἶός
3583 2909 3644 2944 τε
3665 2893 3743 2945 ὢν
3771 2900 3936 2949 ποιεῖν

2349 2970 2670 3036 ἀκόλαστον,
2696 2973 2758 3026 οὗ
2810 2973 3232 3046 πεποίηκενςοὺ
3273 2978 3382 3050 γὰρ
3416 2981 3699 3053 ἀδυναμία
3744 2987 3934 3039 ἀκολα-

2353 3063 2474 3128 σίας
2502 3068 2646 3119 ποιεῖ
2689 3067 3065 3139 σωφροσύνην,
3095 3070 3213 3123 οὐδὲ
3258 3072 3510 3127 ἀσθένεια
3545 3078 3684 3147 πρὸς
3727 3079 3936 3133 ἀδικίαν

2352 3158 2497 3210 ποιεῖ
2521 3157 2898 3229 δικαιοσύνην
2929 3161 3066 3216 ἀλλά
3105 3163 3166 3216 τὸ
3215 3163 3476 3218 δύνασθαι
3509 3169 3607 3237 μὲν
3648 3173 3930 3240 πράττειν,

2349 3247 2492 3320 λὸγῳ
2538 3249 2595 3304 δὲ
2645 3250 2976 3322 ἀπέχεσθαι,
3006 3253 3228 3325 τοῦτοὴ
3278 3258 3448 3329 ἀρετὴ
3490 3263 3856 3332 σωφροσύνης
3882 3280 3928 3314 τι

669 3338 847 3393 solum
870 3378 886 3402 ,
917 3338 1015 3393 sed
1055 3353 1085 3391 a
1117 3346 1315 3392 natura
1355 3340 1575 3393 invitari
1603 3347 1658 3393 et
1693 3338 1940 3402 titillari,
1974 3346 2033 3393 ut
2063 3340 2245 3409 aliqua

2352 3343 2446 3396 καὶ
2474 3341 2837 3414 δικαιοσύνης’
2873 3346 2968 3399 καὶ
3002 3348 3122 3417 οὐχὶ
3150 3347 3406 3402 δύνασθαι
3445 3351 3786 3420 μόνον,ωά
3807 3361 3934 3426 πρὸς

669 3445 796 3486 vera
828 3436 947 3486 laus
975 3430 1045 3484 sit
1069 3430 1308 3485 voluisse
1329 3443 1439 3484 non
1466 3429 1646 3485 facere
1671 3448 1685 3486 :
1712 3436 1825 3485 nec
1845 3432 1990 3486 enim
2014 3472 2028 3497 ,
2051 3440 2106 3486 et
2137 3446 2246 3485 non

2350 3434 2446 3504 τῆς
2469 3434 2683 3502 φύσεως
2728 3435 3088 3508 ἐρεθίζεσθαι,
3121 3440 3207 3493 ἵνα
3239 3457 3321 3504 τις
3349 3419 3934 3515 καὶίάληθὴς-ςέπαινος

669 3521 775 3574 alia
826 3521 1057 3576 inveniri
1113 3527 1294 3590 potest
1338 3518 1482 3589 apud
1529 3519 1780 3574 homines
1831 3521 2051 3585 virtus,
2102 3517 2246 3575 Deus

666 3614 812 3667 enim
848 3627 957 3668 non
1003 3619 1090 3667 est
1129 3611 1414 3666 vocandus
1457 3621 1809 3681 temperans,
1859 3620 1956 3666 aut
1995 3610 2159 3667 fortis
2192 3620 2245 3667 et

667 3705 774 3758 alia
805 3703 1119 3774 hujusmodi
1149 3744 1163 3768 ,
1193 3703 1465 3773 siquidem
1511 3717 1678 3772 supra
1725 3704 2026 3758 humanam
2067 3704 2241 3759 virtu-

667 3805 778 3850 tem
806 3803 892 3853 est
927 3817 940 3851 ;
972 3797 1077 3850 etsi
1109 3797 1254 3849 enim
1285 3797 1488 3849 dicitur
1512 3795 1730 3864 justus,
1762 3796 1920 3850 aliter
1946 3810 2114 3867 quam
2144 3811 2243 3851 nos

666 3886 888 3940 dicitur.
938 3884 1113 3940 Homo
1147 3894 1329 3940 autem
1354 3927 1371 3952 ,
1404 3894 1679 3957 quatenus
1723 3888 1919 3952 homo,
1968 3888 2244 3958 quomodo

668 3977 758 4028 fiat
788 3976 968 4032 bonus
988 4017 1003 4042 ,
1032 3977 1330 4046 quaerimus
1358 3996 1370 4030 :
1407 3977 1702 4043 unicuique
1726 3979 1874 4033 enim
1901 3993 2092 4033 eorum
2122 3995 2243 4049 quae

667 4069 808 4122 facta
840 4076 1005 4132 sunt,
1039 4083 1295 4123 mensura
1331 4078 1541 4122 natura:
1575 4067 1794 4123 decreta
1838 4077 1893 4125 et
1939 4070 2242 4124 constituta

663 4169 749 4213 est
770 4199 784 4223 ,
806 4174 968 4230 quam
993 4159 1212 4229 quidem
1244 4159 1480 4213 transire
1507 4167 1560 4213 et
1588 4173 1850 4228 superare
1881 4172 1991 4215 non
2021 4168 2239 4231 potest;

666 4256 757 4307 sed
791 4255 1024 4310 deficere
1051 4263 1229 4325 potest
1255 4255 1497 4325 perfecta
1524 4266 1578 4310 et
1601 4257 1854 4312 absoluta
1880 4259 2076 4314 virtus.
2108 4256 2240 4326 Quae

667 4349 831 4415 igitur
859 4362 1116 4400 mensura
1149 4346 1358 4401 homini
1393 4349 1458 4402 ad
1488 4351 1746 4404 virtutem
1777 4349 2000 4405 definita
2028 4360 2147 4418 est,
2185 4361 2240 4406 et

665 4447 723 4490 ut
751 4438 823 4492 sit
861 4439 1060 4493 bonum
1102 4440 1476 4509 temperantiae
1520 4451 1572 4494 et
1605 4441 1835 4509 justitiae
1860 4483 1872 4504 ,
1911 4450 1964 4496 et
2006 4444 2238 4496 aliarum

664 4532 966 4585 virtutum?
1022 4546 1186 4600 supra
1240 4531 1355 4586 inec
1400 4533 1545 4586 cnim
1591 4543 1648 4586 ut
1689 4534 1852 4588 homo
1900 4536 1974 4590 sit
2024 4535 2234 4597 bonus,

668 4628 783 4681 fieri
818 4642 926 4680 non
960 4633 1158 4698 potest.
1193 4626 1249 4680 Si
1280 4629 1423 4682 enim
1450 4629 1810 4696 temperantia
1834 4636 1917 4682 est
1954 4631 2238 4682 continere

663 4718 992 4788 cupiditates
1014 4719 1353 4786 voluptatum
1379 4759 1391 4781 ,
1417 4726 1634 4787 Oportet
1657 4733 1779 4773 esse
1808 4719 1861 4772 in
1883 4727 2149 4788 potestate
2172 4735 2234 4773 ea

662 4826 785 4880 qua:
819 4813 1192 4878 temperantiae
1234 4819 1364 4865 sunt
1403 4811 1712 4876 contraria,
1751 4826 1985 4879 quorum
2031 4811 2236 4865 dicitur

662 4904 1026 4964 continentia,
1063 4919 1185 4972 quae
1211 4911 1294 4958 est
1325 4906 1703 4972 temperantize
1749 4919 1985 4966 nomen,
2034 4912 2086 4960 et
2121 4904 2240 4958 ofﬁ-

661 4991 807 5048 cium
835 5002 998 5066 atque
1031 5009 1190 5062 opus.
1229 4993 1346 5048 Non
1380 5010 1502 5049 esse
1532 5003 1712 5050 autem
1751 4995 1805 5048 in
1838 5003 2108 5064 potestate
2145 5013 2241 5050 νο-

665 5086 932 5152 luptates,
984 5084 1343 5155 privationem
1397 5094 1775 5154 temperante
1832 5087 1994 5154 plane
2054 5086 2235 5142 efficit.

663 5173 870 5232 Similis
903 5177 1043 5231 ratio
1070 5186 1154 5235 est
1176 5176 1402 5246 justitiae
1426 5187 1478 5232 et
1512 5179 1744 5233 aliarum
1779 5179 2068 5236 virtutum.

2345 3520 2378 3598 ᾖ
2417 3525 2512 3578 τοῦ
2567 3528 2640 3598 μὴ
2688 3529 2948 3597 πράττειν
2996 3531 3299 3602 αἱρεῖσθαι·
3327 3532 3467 3604 αὕτη
3503 3536 3612 3606 γὰρ
3643 3539 3807 3608 μόνη,
3847 3544 3934 3592 καὶ

2346 3618 2445 3669 οὐκ
2486 3617 2621 3688 ἀλλη
2657 3636 2739 3681 τις
2767 3619 3014 3692 εὑρεθείη
3051 3622 3200 3694 παρὰ
3242 3623 3551 3696 ἀνθρώποις
3579 3631 3772 3700 ἀρετή,
3805 3633 3934 3686 Θεὸν

2349 3709 2447 3778 μὲν
2469 3710 2576 3780 γὰρ
2603 3710 2726 3763 οὗτε
2757 3713 3009 3783 σώφρονα
3033 3714 3279 3783 κλητέον,
3304 3718 3425 3771 οὗτε
3454 3721 3726 3792 ἀνδρεῖον,
3745 3727 3842 3778 καὶ
3872 3729 3931 3778 τὰ

2345 3800 2598 3855 τοιαῦτα·
2646 3804 2833 3858 ἐπάνω
2880 3808 2988 3878 γὰρ
3023 3808 3120 3878 τῆς
3155 3811 3497 3882 ἀνθρωπίνης
3529 3817 3738 3886 ἀρετῆς
3762 3822 3930 3891 ὑπάρο

2345 3910 2428 3964 χιι
2447 3908 2461 3924 ⁸
2493 3895 2592 3949 κᾶν
2615 3896 2821 3959 δίκαιος
2842 3899 2898 3952 δὲ
2920 3900 3170 3970 καλῆται,
3191 3905 3407 3974 ἑτέρως·
3423 3907 3483 3958 ού
3507 3908 3618 3979 γὰρ
3649 3911 3727 3974 ὡς
3749 3915 3924 3982 ἡμεῖς·

2345 3986 2626 4058 ἄνθρωπος
2657 3990 2731 4051 δὲ,
2755 3991 2878 4044 ὅσον
2907 3993 3208 4065 ἄνθρωπος,
3237 3997 3351 4060 πῶς
3375 3999 3441 4050 ἂν
3468 4001 3682 4066 γένοιτο
3705 4006 3926 4071 ἀγαθὰ,

2345 4075 2646 4149 ζητούμενα
2690 4083 2908 4154 ἑκάστῳ
2952 4087 3060 4158 γὰρ
3092 4089 3200 4140 τῶν
3231 4090 3530 4159 γινομένων
3566 4095 3769 4164 μέτρον
3804 4097 3926 4169 ὦρι·

2347 4183 2468 4222 σται
2500 4172 2734 4238 φύσεως,
2759 4176 2896 4247 ὅπερ
2930 4179 3230 4249 ὑπερϐῆναι
3255 4182 3355 4251 μὲν
3374 4183 3660 4251 ἀδύνατον,
3691 4189 3752 4241 τὸ
3782 4190 3839 4242 δὲ
3859 4193 3925 4261 μὴ

2345 4262 2731 4337 ὑπολειφθῆναι
2765 4272 2983 4344 ἐντελὴς
3010 4274 3196 4346 ἀρετή.
3227 4277 3291 4328 Τί
3320 4277 3498 4330 τοίνυν
3521 4279 3804 4354 ἀνθρώπῳ
3835 4287 3920 4355 μέ-

2342 4371 2469 4426 τρον
2489 4358 2719 4428 ὥρισται
2741 4363 2877 4434 πρὸς
2912 4366 3110 4436 ἀρετὴν
3141 4371 3234 4420 καὶ
3264 4371 3398 4441 πρὸς
3423 4373 3483 4425 τὸ
3508 4376 3769 4442 γενέσθαι
3795 4381 3923 4447 ἀγα-

2342 4447 2464 4511 θόν;
2503 4453 2823 4525 σωφροσύνη
2874 4474 2930 4508 τε
2977 4459 3071 4511 καὶ
3107 4459 3442 4534 δικαιοσύνη.
3469 4469 3564 4519 καὶ
3596 4470 3768 4523 τᾶλλα
3792 4491 3804 4501 ·
3841 4475 3924 4526 ἀν-

2341 4538 2556 4610 θρωπον
2587 4543 2694 4613 γὰρ
2729 4546 2867 4617 ὑπὲρ
2895 4547 3066 4603 ταῦτα
3096 4553 3348 4618 γενέσθαι
3375 4556 3600 4624 ἀγαθὸν,
3640 4561 3921 4616 ἀδύνατον.

2341 4631 2402 4684 Εἰ
2441 4632 2497 4686 δὲ
2537 4637 2567 4704 ἡ
2616 4640 2936 4710 σωφροσύνη
2959 4641 3255 4714 ἐγκράτειά
3290 4649 3436 4701 ἐστιν
3456 4651 3685 4721 ἡδονῶν,
3716 4656 3798 4708 δεῖ
3825 4656 3925 4708 τῶν

2340 4724 2440 4816 τῆς
2472 4730 2825 4799 σωφροσύνης
2852 4734 3109 4788 ἐναντίων
3141 4739 3198 4790 ὲν
3225 4738 3442 4812 ἐξουσία
3468 4747 3784 4816 τυγχάνειν,
3810 4751 3924 4802 καθ’

2342 4808 2416 4911 div
2440 4819 2470 4887 ή
2497 4820 2814 4911 ἐγκράτεια,
2857 4827 3208 4900 σωφροσύνης
3245 4808 3426 4903 δνομέι⁷
3445 4853 3504 4888 τε
3535 4808 3630 4890 καὶ
3655 4839 3840 4911 ἔργον.
3858 4843 3924 4894 Tt

2339 4909 2395 5004 6:1:
2425 4911 2498 4982 μὴ
2525 4909 2660 4965 εἶναι
2686 4917 2744 4967 ὲν
2767 4914 2985 4988 ἐξουσίᾳ
3010 4912 3117 4973 τῶν
3138 4923 3362 4994 ἡδονῶν,
3383 4927 3646 4998 ἄντικρυς
3667 4909 3922 5004 στέρησιν

2343 4993 2696 5076 όωφροσύνης
2739 5011 2903 5066 stout.
2946 4993 3347 5087 Παραπλησίως
3375 5019 3430 5073 δὲ
3455 4993 3569 5091 ἔχει
3604 4993 3921 5095 δικαιοσύνη

2343 5096 2436 5148 καὶ
2459 5096 2643 5152 τάλλα.

861 5295 989 5354 Car.
1033 5295 1123 5352 111.
1162 5299 1243 5352 An
1280 5301 1448 5368 potuit
1483 5300 1630 5355 homo
1654 5317 1766 5355 esse
1789 5303 2164 5368 impeccabilis.
2204 5303 2382 5361 Virtus
2418 5310 2568 5366 nulla
2601 5315 2712 5370 sine
2737 5331 2932 5389 pugna.
2977 5321 3116 5379 Puer
3146 5343 3251 5381 non
3289 5329 3442 5383 habet
3469 5332 3712 5388 υἰνειιεε,

735 5387 944 5459 Siquis
994 5406 1127 5446 vero
1163 5400 1353 5447 contra
1386 5392 1568 5459 dicat,
1617 5395 1929 5464 oportuisse
1980 5411 2081 5450 nos
2124 5412 2232 5450 non

661 5497 782 5538 esse
818 5492 973 5553 aptos
1007 5483 1074 5538 ad
1096 5485 1439 5555 suscipienda
1478 5487 1753 5540 contraria
1781 5486 2078 5542 virtutibus
2105 5528 2119 5553 ,
2174 5497 2233 5542 ut

734 5623 844 5690 (24)
873 5623 970 5700 Μῂ
1002 5623 1100 5700 ἀξ.
1138 5623 1236 5680 llic
1259 5627 1537 5700 nonnulla
1564 5626 1754 5700 deesse
1781 5625 2054 5687 vidntur.
2091 5628 2243 5700 (Qua:

665 5708 783 5766 nos_
797 5695 1117 5766 supplendo,
1147 5697 1304 5766 uncis
1334 5696 1673 5766 inclusimus.
1701 5695 1882 5766 Eutr.)

737 5763 848 5833 (25)
883 5765 1030 5832 Mn
1060 5769 1166 5833 γὰρ
1195 5765 1272 5820 ἄν
1295 5783 1400 5831 τις.
1437 5765 1559 5822 [huc
1585 5767 1781 5824 desunt
1809 5763 1871 5824 in'
1894 5766 2083 5825 Latina
2107 5786 2229 5825 ver-

2413 5402 2474 5456 Εί
2527 5405 2582 5459 δέ
2626 5425 2708 5472 τις
2748 5412 3051 5482 ἀντιλέγοι,
3081 5416 3158 5482 ὡς
3195 5418 3311 5474 δέον
3341 5424 3488 5492 ἡμᾶς
3536 5427 3917 5491 inmotum;

2340 5487 2479 5548 εἶναι
2505 5495 2615 5552 τῶν
2640 5501 2897 5558 ἐναντίων
2918 5506 3213 5575 ἀκολασίας
3239 5529 3299 5566 τε
3334 5487 3430 5569 καὶ
3469 5516 3714 5584 ἀδικίας,

2351 5635 2503 5718 sione
2539 5635 2790 5722 Terr-iani
2825 5641 3040 5722 :_Dicat
3084 5649 3220 5703 enim
3275 5651 3494 5722 aliquis,
3529 5669 3601 5708 an
3645 5659 3720 5711 sit
3767 5660 3912 5710 bello

2342 5712 2433 5778 qui
2464 5712 2628 5764 possit
2654 5712 2829 5778 facere
2851 5715 3303 5788 intemperanter»,
3336 5712 3385 5777 et
3421 5712 3529 5780 non
3570 5726 3720 5796 fecit.
3759 5728 3908 5784 ista.
