4058 6330
165 401 315 460 1137

1261 401 1636 464 ADVERSUS
1673 397 2104 460 MANICHEOS
2141 394 2271 453 LIB.
2312 395 2378 452 II.

3291 387 3426 447 H38

159 519 199 574 ὁ
225 518 372 584 θὼς,
397 517 550 575 ούδιν
571 519 760 592 ιτερον
783 519 812 573 ό
837 516 1073 582 τοιοῦτος
1104 517 1270 588 λέγει,
1294 521 1328 588 ἢ
1359 521 1434 586 ὡς
1466 522 1585 575 δέον
1613 516 1753 575 εἷναι

1866 514 2340 586 intemperantiam
2388 517 2445 568 et
2478 512 2837 582 iniustitiam,
2887 510 3033 566 sicut
3067 505 3241 573 Deus;
3291 504 3427 563 nihil

161 611 320 682 ἡμᾶς
345 611 446 665 οὐκ
474 610 794 684 ἀνθρώπους
814 625 828 639 ο
860 606 1048 680 ὥσπερ
1081 606 1147 663 ἀν
1179 626 1286 676 τις,
1311 613 1472 666 ἀετὸν
1502 613 1613 666 ἀνω
1648 627 1751 662 που

161 701 395 774 Θεωρῶν
445 703 648 774 ὑψηλὸν
700 700 1034 774 ίπτάμενον,
1090 703 1423 775 ἀγανακτοίη
1477 705 1621 758 κατά
1653 704 1753 774 τῆς

165 793 343 850 ἵππου
377 796 616 866 φύσεως,
653 801 748 849 καὶ
796 795 1010 866 πικρῶς
1055 797 1268 862 κακίζοι
1299 797 1525 867 ταύτην,
1572 797 1648 860 ὡς
1677 797 1752 868 μὴ

169 888 570 959 παραπλησίαν
621 889 689 957 τῇ
731 887 825 940 τοῦ
861 887 1022 942 ἀστοῦ
1043 929 1057 954 ,
1115 889 1234 943 δέον
1275 889 1445 944 ῐππον
1491 890 1568 954 ὠς
1617 890 1754 962 πρὸς

168 975 347 1028 ἵππου
381 975 540 1045 φύσιν
585 974 882 1041 ἆξετὰζειν.
931 977 1251 1050 Ἄνθρωπον
1288 979 1352 1052 δὴ
1393 980 1691 1051 πεποίηκεν
1723 982 1754 1032 ὁ

167 1065 310 1131 Θεὸς
335 1067 428 1121 τὸν
461 1065 769 1137 ἄνθρωπον,
793 1066 972 1141 ψυχὴν
991 1069 1053 1140 δὴ
1083 1071 1217 1141 μετά
1245 1070 1494 1141 σώματος
1515 1087 1528 1102 ·
1562 1089 1749 1140 σωμαο

167 1159 327 1224 τικὺς
359 1157 468 1230 γάρ
515 1160 662 1212 ἐστιν
711 1161 952 1234 οἰκήτωρ
981 1160 1208 1234 κόσμου.
1236 1157 1404 1226 Οὗτος
1441 1163 1618 1217 τοίνυν
1656 1162 1755 1217 ἐὰν

169 1254 402 1324 γένηται
446 1251 671 1321 ἀγαθὸς,
701 1255 824 1308 ὅσον
853 1258 1021 1327 χωρεῖ
1052 1254 1340 1327 ἀνθρώπου
1384 1255 1566 1325 φύσις,
1603 1256 1754 1309 εὑδό-

170 1364 339 1418 κιμος
370 1345 435 1401 ἂν
481 1347 750 1419 εὑρεθείη.
801 1347 927 1414 Πῶς
970 1349 1038 1405 ἂν
1075 1345 1168 1404 οὖν
1212 1351 1425 1420 γένοιτο
1469 1349 1754 1422 ἄνθρωπος

170 1437 401 1508 ἀγαθὸς,
443 1436 724 1510 ζητητέον,
756 1441 804 1494 εί
855 1441 1152 1511 πεποίηκεν
1189 1441 1371 1496 αὐτόν.
1403 1439 1616 1496 Οὐκοῦν
1659 1444 1753 1496 ἇν-

172 1528 397 1599 θρωπος
428 1528 634 1596 γένοιτο
673 1530 898 1599 ἀγαθὸς,
927 1532 976 1583 εί
1007 1529 1240 1602 σώφρων
1269 1530 1354 1602 εἴη
1389 1532 1485 1585 καὶ
1512 1532 1716 1595 δίκαιος
1736 1551 1749 1562 ·

172 1618 228 1668 σί
251 1615 360 1688 γὰρ
380 1614 554 1669 ἔνεστι
585 1618 780 1687 βελτίω
807 1619 1006 1690 τρόπον
1027 1619 1313 1689 ἄνθρωπον
1336 1621 1585 1690 γενέσθαι
1614 1624 1751 1691 ἁγα-

172 1707 290 1774 θὸν,
321 1710 590 1763 αίτιατέον
611 1711 703 1763 τὸν
733 1711 1239 1783 δημιουργήσαντα,
1257 1716 1338 1768 ὅτι
1371 1715 1446 1786 μὴ
1473 1716 1591 1770 κατ’
1614 1717 1754 1769 έκεῖ-

173 1816 268 1854 νσν
301 1800 535 1868 ἀνέδειξε
590 1804 682 1855 τὸν
729 1803 1017 1873 ἄνθρωπον
1072 1804 1294 1873 ἀγαθόν.
1328 1807 1391 1859 Et
1437 1805 1494 1860 δὲ
1541 1807 1664 1860 ὅσον
1697 1810 1755 1860 έν

1857 609 2005 665 aliud
2037 608 2126 664 blc
2148 607 2304 670 dicit,
2339 620 2502 677 quam
2535 615 2788 676 Oportere
2814 619 2918 660 nos
2948 617 3056 658 non
3082 612 3208 656 esse
3247 596 3427 652 homi-

1856 716 1956 757 nes
1985 721 1994 754 :
2031 708 2091 756 ut
2143 701 2192 754 si
2246 699 2372 770 quis
2403 705 2676 768 spectaret
2721 696 2959 768 aquilam
2990 695 3044 749 in
3073 690 3308 748 sublime
3335 703 3431 743 vo-

1855 792 2082 860 lantem,
2103 798 2158 847 et
2185 795 2538 848 succensent
2569 798 2776 844 natura:
2797 787 2947 858 equi,
2973 797 3206 855 eamque
3234 781 3434 837 acerbe

1853 885 2187 956 vituperaret
2245 892 2511 954 tanquam
2565 880 2888 938 dissimilem
2941 885 3152 934 natura:
3192 867 3430 947 aquilas.

1855 993 1979 1031 cum
2009 983 2285 1048 oporteret
2316 989 2520 1050 equum
2565 990 2633 1030 es
2670 982 2867 1028 natura
2898 970 3027 1042 equi
3055 967 3430 1025 considerare.

1857 1067 2006 1124 Sane
2037 1068 2257 1138 quidem
2278 1066 2556 1121 hominem
2588 1063 2720 1118 fecit
2744 1061 2908 1128 Deus,
2934 1061 3029 1132 qui
3061 1065 3209 1114 esset
3234 1057 3429 1119 homo;

1855 1161 2092 1214 animam
2157 1161 2288 1216 item
2336 1173 2464 1213 cum
2513 1171 2782 1226 corpore,
2837 1155 2966 1224 quia
3015 1159 3104 1209 est
3156 1149 3435 1205 habitator

1854 1250 2043 1306 mundi
2073 1264 2395 1321 corporeus.
2431 1246 2532 1302 Hic
2562 1247 2730 1319 igitur
2769 1245 2815 1303 si
2867 1245 2959 1300 ttat
2988 1245 3165 1299 bonus
3188 1281 3205 1308 ,
3251 1239 3432 1312 quoad

1853 1350 2050 1398 natura
2081 1342 2320 1398 hominis
2355 1341 2564 1412 patitur
2587 1379 2604 1403 ,
2634 1346 2912 1410 spectatus
2944 1347 2998 1392 et
3030 1336 3296 1408 probatus
3343 1345 3433 1388 re-

1856 1435 2118 1505 periatur.
2153 1433 2440 1500 Quomodo
2474 1440 2654 1486 autem
2707 1432 2800 1484 liat
2856 1431 3021 1484 homo
3051 1426 3294 1500 probus,
3348 1425 3434 1479 ln-

1855 1526 2183 1596 quirendum
2229 1534 2314 1581 est
2369 1535 2532 1596 atque
2581 1522 2968 1594 requirendum
3001 1536 3032 1576 a
3085 1519 3217 1583 Deo,
3250 1524 3434 1571 utrum

1857 1618 2048 1673 fecerit
2079 1634 2226 1673 eum.
2279 1617 2452 1673 Homo
2487 1618 2652 1688 igitur
2699 1616 2787 1670 lict
2818 1617 3018 1677 bonus,
3057 1615 3102 1669 si
3129 1612 3200 1667 sit
3231 1619 3438 1680 tempe-

1855 1725 1991 1767 rans
2016 1718 2069 1766 et
2093 1710 2318 1778 justus:
2358 1711 2402 1765 si
2440 1711 2583 1766 enim
2646 1710 2806 1763 liceat
2853 1707 3077 1761 meliore
3116 1702 3277 1758 modo
3320 1702 3436 1755 ﬁeri

1859 1801 2137 1858 hominem
2172 1804 2416 1867 bonum,
2453 1802 2799 1858 accusandus
2849 1801 2922 1856 sit
2958 1799 3098 1855 Deus
3126 1837 3138 1861 ,
3192 1797 3286 1867 qui
3343 1795 3439 1848 illo

174 1891 466 1964 ἀνθρώπου
500 1893 658 1962 φύσει
687 1893 840 1947 οὐδὲν
877 1894 1102 1965 βέλτιον,
1134 1897 1398 1950 ἐπιδέοιτο
1431 1897 1498 1951 ὃν
1548 1897 1757 1968 ἄνθρω-

1866 1896 2020 1951 modo
2051 1896 2434 1969 praestantiore
2461 1911 2570 1949 non
2607 1895 2734 1949 iecit
2767 1894 3040 1948 hominem
3076 1893 3300 1946 bonum.
3339 1885 3438 1941 Sin

175 2000 280 2047 πος
303 1985 652 2057 σωφροσύνης
677 1985 772 2038 καὶ
798 1985 906 2038 τῶν
926 1985 1128 2040 ἄλλων·
1158 1985 1440 2060 ζητητέον,
1466 1989 1581 2052 πῶς
1605 1985 1762 2054 αὖθις

171 2077 400 2131 δυνατόν
424 2095 488 2147 γε
518 2078 802 2150 ἄνθρωπον
837 2077 1092 2152 σώφρονά
1129 2097 1187 2134 τε
1221 2081 1317 2136 καὶ
1357 2082 1563 2137 δίκαιον
1587 2080 1756 2136 εἶναι·

176 2169 429 2239 βούλεται
471 2170 576 2242 γὰρ
632 2170 804 2224 ταῦτα
846 2166 984 2225 εἶναι
1041 2173 1202 2227 αὑτὸν
1245 2175 1274 2226 ό
1328 2175 1756 2246 δημιουργήσας.

175 2261 389 2316 Οὐκοῦν
421 2263 742 2336 σωφροσύνη
783 2263 908 2337 δίχα
949 2265 1051 2335 τῆς
1094 2266 1189 2319 τοῦ
1230 2267 1475 2321 ἐναντίου
1520 2269 1754 2339 παραθέ-

177 2370 321 2418 σεως
354 2356 454 2409 οὐκ
486 2353 551 2408 ἀν
596 2354 835 2423 γένοιτο·
866 2357 1067 2427 ὁμοίως
1095 2356 1150 2410 δὲ
1195 2360 1288 2412 καὶ
1333 2359 1676 2432 δικαιοσύνηο
1707 2362 1756 2415 εί

174 2448 235 2501 δὲ
269 2449 366 2520 μὴ,
393 2448 494 2502 οὐκ
521 2447 588 2502 ἂν
619 2449 705 2520 εἴη
741 2451 1059 2521 σωφροσύνη
1089 2450 1210 2504 οὔτε
1245 2452 1578 2522 δικαιοσύνη.

1863 1997 2046 2046 autem
2073 1997 2338 2060 quantum
2370 1989 2422 2042 in
2456 1995 2652 2042 natura
2687 1987 2924 2040 hominis
2957 1985 3122 2039 situm
3163 1989 3268 2044 est,
3304 1982 3438 2034 nihil

1864 2081 2092 2146 melius;
2123 2092 2262 2150 opus
2295 2089 2379 2135 est
2411 2079 2616 2134 homini
2649 2078 3007 2147 temperantia
3029 2116 3044 2140 ,
3102 2082 3155 2130 et
3191 2074 3402 2143 justitia
3423 2113 3438 2136 ,

1864 2174 2095 2244 aliisque
2141 2172 2457 2227 virtutibus.
2515 2170 2614 2225 ilic
2661 2186 2856 2225 rursus
2908 2167 3260 2239 qumrendum
3311 2175 3437 2227 est,

1865 2266 2142 2338 quomodo
2181 2267 2344 2321 homo
2379 2272 2714 2336 temperatus
2748 2272 2803 2318 et
2834 2263 3019 2331 justus
3054 2275 3175 2316 esse
3214 2267 3393 2328 potest
3422 2278 3433 2311 :

1866 2360 1981 2414 vult
2010 2361 2155 2416 enim
2184 2358 2278 2428 qui
2309 2373 2433 2413 eum
2468 2357 2615 2424 fecit,
2648 2364 2707 2410 ut
2747 2356 2869 2410 talis
2904 2356 2994 2411 sit.
3031 2354 3202 2425 igitur
3233 2362 3441 2423 tempe-

1867 2453 2045 2508 rantia
2073 2451 2191 2506 sine
2224 2449 2634 2519 comparatione
2689 2457 2743 2502 et
2799 2448 3149 2503 contentione
3178 2444 3440 2499 contrarii

177 2539 300 2594 ﬁeri
351 2554 460 2594 non
507 2548 716 2611 potest;
774 2543 1026 2599 similiter
1068 2545 1281 2615 justitia
1311 2565 1321 2599 :
1357 2532 1562 2612 alioqui
1613 2561 1896 2616 nunquam
1933 2545 2037 2598 erit
2069 2542 2450 2613 temperantia,
2481 2555 2660 2608 neque
2689 2539 2921 2607 justitia.

253 2674 316 2728 Et
353 2675 409 2728 δὲ
443 2677 516 2746 μή
566 2679 650 2745 εἰη
680 2675 867 2729 τοῦτον
902 2676 991 2730 τὸν
1017 2677 1217 2748 τρόπον
1249 2679 1474 2731 δυνατὸν
1504 2680 1756 2748 γενέσθαι

175 2766 384 2819 δίκαιόν
418 2784 475 2820 τε
521 2769 613 2820 καὶ
660 2769 941 2840 σώφρονα,
977 2769 1076 2822 ούκ
1117 2769 1183 2822 ἂν
1216 2770 1389 2834 ἄλλως
1427 2771 1634 2839 γένοιτο
1664 2773 1759 2827 ἀν·-

177 2857 401 2929 θρωπος
429 2858 631 2922 δίκαιός
659 2877 718 2911 τε
743 2863 835 2912 καὶ
870 2858 1101 2931 σώφρων
1121 2879 1134 2891 ·
1170 2863 1263 2914 καὶ
1285 2861 1403 2914 τότε
1427 2863 1661 2931 εὐλόγως
1695 2864 1761 2916 ἂν

176 2953 207 3004 ὁ
235 2951 564 3022 δημιουργὸς
607 2951 922 3022 διαϐληθείη
948 2969 959 2981 ·
988 2953 1068 3004 ὅτι
1111 2953 1378 3022 πεποίηκε
1411 2953 1634 3008 δυνατὸν
1662 2955 1761 3008 οὐκ

176 3038 323 3096 εἶναι
357 3045 446 3095 τὸν
495 3044 780 3114 ἄνθρωπον
819 3044 1073 3112 γενέσθαι
1108 3044 1332 3112 ἀγαθὸν,
1376 3044 1518 3113 λέγω
1563 3045 1627 3114 δὴ
1659 3045 1762 3098 σώ-

1936 2680 2093 2748 Quod
2119 2682 2164 2736 si
2194 2681 2298 2736 hoc
2330 2680 2493 2734 modo
2517 2695 2624 2733 non
2658 2677 2832 2746 possit
2858 2675 2971 2730 fieri
3004 2675 3186 2742 justus
3216 2679 3270 2726 et
3300 2679 3440 2725 tem-

1867 2785 2126 2847 peratus,
2173 2790 2283 2828 non
2330 2774 2487 2826 aliter
2522 2771 2611 2824 liet
2657 2769 2820 2822 homo
2868 2767 3053 2836 justus
3085 2771 3138 2819 et
3172 2771 3442 2831 tempera~

1869 2878 1994 2923 tus:
2030 2875 2082 2922 et
2113 2875 2244 2921 tunc
2278 2865 2474 2920 merito
2507 2860 2940 2932 reprehendatur
2994 2856 3157 2923 Deus,
3187 2858 3311 2926 quia
3367 2858 3444 2908 iu-

1869 2961 1944 3016 cit
1986 2970 2045 3015 ut
2074 2959 2417 3030 impossibile
2439 2964 2582 3012 esset
2606 2955 2720 3009 lieri
2749 2953 3024 3006 hominem
3055 2951 3285 3013 bonum,
3309 2955 3443 3002 tem-

1870 3061 2118 3122 peratum
2158 3052 2304 3114 dico,
2335 3058 2390 3105 et
2431 3050 2639 3120 justum
2668 3065 2682 3110 ;
2729 3060 2838 3114 quo
2865 3043 3082 3112 quidem
3137 3041 3294 3095 modo
3325 3051 3445 3093 tan-

174 3136 360 3206 φρονὰ
405 3153 469 3189 τε
521 3138 614 3188 καὶ
648 3136 875 3198 δίκαιον,
916 3135 1034 3189 καθ’
1068 3137 1126 3189 ὃν
1188 3139 1346 3206 μόνον
1388 3138 1483 3190 καὶ
1514 3138 1761 3210 οὐδαμῶς

1869 3157 2006 3207 tum,
2041 3153 2094 3199 et
2118 3145 2270 3198 nullo
2310 3143 2563 3212 qquiam
2600 3140 2706 3193 alio
2747 3138 2962 3190 iuturus
3001 3144 3116 3187 erat
3149 3133 3439 3202 gloriosus.

172 3227 369 3298 ἔτερόν
405 3244 528 3280 τινα
561 3229 762 3298 τρόπον
809 3229 1116 3299 εύδοξήσειν
1150 3229 1361 3298 ἔμελλε,
1395 3232 1487 3285 καὶ
1519 3232 1665 3298 ἄξιός
1699 3251 1761 3301 γε

174 3319 286 3387 τῆς
312 3318 404 3371 τοῦ
445 3321 806 3384 πεποιηκότος
843 3321 1032 3386 σοφίας
1073 3321 1582 3392 ἀποδειχθήσεσθαι.
1613 3323 1673 3375 Εἰ
1707 3323 1762 3375 δὲ

174 3411 431 3478 ὶτειμένοι
466 3413 494 3464 ὀ
529 3411 846 3478 ἀντιλέγων,
875 3412 950 3474 ὡς
984 3411 1150 3480 ἐχρῆν
1184 3412 1364 3481 φύσει,
1401 3414 1494 3468 καὶ
1527 3415 1584 3466 ού
1620 3416 1765 3484 πόνῳ

187 3501 436 3572 νίιφρονα
469 3502 722 3570 γενέσθαι
769 3502 857 3555 τὸν
894 3503 1179 3572 ἄνθρωπον
1203 3545 1214 3566 ,
1266 3505 1444 3567 πάλιν,
1478 3504 1537 3557 τὸ
1570 3507 1619 3557 τί
1651 3508 1765 3558 ἐστι

179 3595 507 3664 σωφροσύνη
543 3595 972 3665 καταλιμπάνων
995 3638 1007 3659 ,
1050 3597 1138 3647 ἐπὶ
1173 3597 1456 3664 ἀλόγιστον
1499 3599 1707 3667 αἵρεσιν
1737 3601 1766 3651 ό

182 3683 422 3747 τοιοῦτος
466 3684 738 3736 ἐκκλίνει·
789 3685 849 3736 τὸ
903 3686 998 3754 μὲν
1032 3686 1114 3737 ὅτι
1160 3685 1420 3738 ἀδύνατόν
1464 3688 1608 3738 ἐστιν
1641 3686 1763 3738 ἄνευ

189 3777 541 3848 τωφροσύνης
574 3777 664 3829 καὶ
690 3777 1038 3847 δικαιοσύνης
1068 3778 1215 3842 ἄξιον
1246 3774 1495 3830 εἶναιτοῧ
1538 3795 1765 3846 πεποιη-

194 3868 343 3931 ιότος
374 3867 674 3939 τιθέμενος,
708 3869 798 3921 τὸν
839 3868 895 3920 δὲ
922 3869 1121 3938 τρόπον
1153 3872 1252 3938 τῆς
1293 3871 1535 3939 κτήσεως
1564 3868 1766 3921 τούτων

177 3959 461 4024 ἐξετάζειν
494 3961 555 4014 ού
612 3960 964 4031 βουλόμενος*
1006 3962 1086 4014 ὃτι
1134 3962 1196 4030 δὴ
1226 3964 1286 4015 τὸ
1330 3961 1512 4032 δεσμῷ
1556 3961 1767 4030 φύσεως

179 4053 512 4120 γιγνόμενον
543 4053 644 4106 οὐκ
680 4054 746 4107 ἂν
774 4055 857 4124 ειη
903 4054 1247 4126 σωφροσύνη,
1301 4056 1419 4126 ἥτις
1465 4057 1664 4124 ἥκιστά
1705 4073 1767 4122 γε

180 4142 389 4213 ἑτέρως
414 4144 447 4214 ἢ
483 4147 551 4214 τῇ
584 4145 696 4197 τῶν
721 4144 923 4214 ἡδονῶν
950 4145 1262 4196 ἀντιστάσει
1297 4146 1640 4212 γνωρίζεται.
1671 4188 1683 4199 .
1712 4188 1724 4199 .
1753 4188 1764 4198 .

177 4235 358 4290 sum
401 4235 508 4306 ἄρα
557 4235 667 4289 τῶν
719 4237 1152 4307 ἀνθισταμένων,
1204 4237 1288 4289 ἵνα
1341 4231 1624 4307 μαχομέ-Ξη
1679 4241 1769 4290 καὶ

179 4327 468 4400 κρατοῦσα
520 4329 706 4381 τοῦτον
754 4329 926 4400 κληθῇ
986 4329 1079 4382 καὶ
1127 4329 1350 4398 γένηται
1407 4330 1763 4400 σωφροσύνη·

179 4422 588 4494 παραπλησίως
617 4422 673 4476 δὲ
701 4425 796 4476 καὶ
827 4423 895 4477 τὰ
925 4423 1075 4478 ἄλλα.
1110 4423 1264 4475 Οὕτω
1291 4424 1355 4492 δὴ
1392 4423 1765 4476 κατεσκεύακε

1865 3247 1919 3293 et
1948 3237 2215 3308 sapientia
2247 3224 2489 3290 auctoris
2525 3235 2608 3288 sui
2667 3232 2864 3300 dignus
2917 3227 3219 3282 habendus.
3258 3224 3311 3277 Si
3348 3239 3443 3278 au~

1867 3339 1973 3385 tem
2006 3331 2098 3400 qui
2132 3329 2495 3392 contradicit,
2540 3331 2852 3396 perseveret
2904 3321 3239 3376 contendens
3286 3333 3445 3388 opor—

1866 3425 2038 3478 tuisse
2074 3430 2293 3485 natura,
2322 3429 2376 3476 et
2413 3437 2521 3474 non
2553 3419 2738 3472 labore
2786 3415 2898 3469 fieri
2929 3414 3203 3467 hominem
3235 3418 3444 3481 tempe-

1868 3521 2114 3578 rantem;
2149 3528 2344 3568 rursus
2378 3511 2465 3565 hic
2504 3493 2763 3563 omittens
2786 3505 2913 3576 quid
2940 3506 3010 3559 sit
3039 3502 3396 3572 temperantia
3429 3543 3440 3560 ,

1868 3605 1934 3659 ad
1969 3604 2274 3673 eligendum
2311 3617 2374 3657 ac
2413 3601 2740 3657 sumendum
2791 3598 2933 3668 quod
2979 3612 3007 3649 a
3050 3597 3256 3648 ratione
3288 3611 3444 3650 aver-

1868 3711 1988 3749 sum
2018 3703 2101 3750 est
2130 3694 2402 3760 declinat;
2437 3701 2551 3746 tum
2586 3692 2714 3761 quia
2755 3690 2905 3758 ponit
2934 3697 2987 3742 et
3015 3687 3236 3749 statuit,
3287 3701 3448 3755 posse

1869 3788 2141 3842 hominem
2176 3788 2293 3842 sine
2326 3785 2685 3855 temperantia
2718 3790 2770 3836 et
2807 3781 3021 3850 justitia
3070 3796 3192 3834 esse
3220 3778 3444 3848 dignum

1869 3887 2091 3933 auctore
2121 3893 2221 3931 suo
2257 3876 2345 3945 qui
2378 3891 2500 3929 eum
2540 3875 2700 3928 fecit:
2731 3880 2844 3924 tum
2873 3870 2997 3939 quia
3034 3885 3140 3921 non
3176 3869 3290 3920 vult
3324 3883 3450 3921 cou-

1868 3973 2134 4035 sidcrare,
2159 3968 2434 4039 quomodo
2460 3965 2738 4036 possessio
2767 3965 2959 4017 harum
2995 3962 3256 4015 virtutum
3296 3975 3446 4013 com-

1871 4072 2090 4135 paretur
2113 4105 2126 4126 ,
2173 4063 2301 4132 quia
2333 4059 2477 4130 quod
2519 4058 2740 4112 vinculo
2770 4065 2978 4110 naturas
3015 4055 3213 4107 factum
3269 4058 3446 4113 esset,

1871 4169 2149 4223 nunquam
2197 4161 2344 4207 esset
2405 4148 2803 4220 temperantia,
2863 4161 2984 4215 qua:
3029 4144 3253 4197 minime
3294 4144 3449 4195 aliter

1871 4265 2031 4316 quam
2091 4245 2473 4301 resistentibus
2529 4242 2897 4309 voluptatibus
2951 4237 3332 4309 cognoscitur;
3392 4243 3449 4288 ut

1873 4355 2122 4410 pugnans
2150 4347 2202 4391 et
2233 4338 2458 4390 vincens
2500 4351 2613 4398 eas,
2650 4340 2874 4386 vocetur
2924 4340 2974 4383 et
3031 4330 3101 4382 sit
3143 4335 3449 4394 temperan-

1873 4435 1944 4486 tia
1975 4453 1984 4487 :
2027 4431 2278 4484 similiter
2314 4428 2367 4482 in
2404 4426 2548 4481 aliis.
2584 4423 2674 4479 Sic
2721 4438 2852 4476 sane
2899 4421 3171 4475 hominem
3197 4426 3449 4472 constru-

178 4517 280 4569 τὸν
307 4515 625 4586 ἀνθρωπονο
664 4515 823 4584 φύσει
866 4517 964 4586 μὲν
1011 4515 1118 4568 οὔτ’
1153 4515 1357 4582 ἀγαθὸν
1403 4513 1525 4568 οὔτε
1560 4517 1724 4568 κακόν
1749 4533 1760 4546 ’

1875 4528 1970 4589 xit,
1999 4533 2192 4577 natura
2225 4521 2443 4590 quidem
2476 4533 2652 4586 neque
2714 4517 2913 4568 bonum
2975 4527 3147 4580 neque
3205 4512 3404 4562 malum
3434 4549 3446 4570 ,

178 4605 487 4673 ἐπιτρέψας
517 4605 574 4658 δὲ
609 4605 688 4674 τῷ
718 4605 968 4675 λογισμῷ
1005 4606 1095 4658 τοῦ
1140 4608 1444 4675 κρείττονος
1479 4605 1575 4676 τὴν
1618 4608 1767 4676 αἶρε-ι

181 4713 294 4750 σιν.
331 4696 392 4748 Εἰ
433 4695 487 4748 δέ
534 4713 614 4748 τοι
677 4699 802 4766 μήτ’
847 4698 1052 4766 ἀγαθὸν
1085 4699 1221 4769 μητὲ
1256 4700 1448 4764 κακὸν,
1481 4700 1530 4753 τί
1553 4698 1618 4753 ἂν
1659 4700 1765 4770 εἴη,

179 4788 372 4843 λοιπὸν
403 4788 668 4860 ζητεῖται.

240 4920 566 4994 ῗΣκοπητεον
598 4936 658 4978 το
697 4926 870 4993 βραχύ
915 4929 1128 4977 παιδιον
1158 4926 1221 4993 τῇ
1257 4943 1365 4976 των
1394 4925 1580 4992 ἄκρων
1617 4939 1768 4976 αναι-

183 5016 336 5088 ρὲσει
359 5013 778 5084 γνωριζόμενον,
799 5015 941 5082 λέγω
966 5016 1030 5086 δὴ
1058 5014 1167 5068 οὖτ’
1192 5016 1394 5083 ἀγαθὸν
1418 5015 1539 5067 οὔτε
1567 5017 1732 5067 κακόν
1753 5033 1764 5044 ·

178 5110 217 5179 ἢ
255 5107 353 5176 μὲν
397 5105 505 5178 γὰρ
549 5105 707 5158 ούσία
751 5105 942 5159 τούτου
990 5108 1162 5178 καλή·
1210 5109 1270 5160 τὸ
1314 5109 1369 5160 δὲ
1410 5110 1527 5160 κατ’
1569 5108 1769 5178 ἀρετὴν

176 5206 390 5274 ἀγαθὸν
440 5206 592 5259 οὔπω
647 5207 1031 5276 προσείληφεν.
1093 5207 1250 5260 Οὖτω
1309 5208 1372 5278 δὴ
1423 5208 1516 5260 καὶ
1571 5207 1770 5276 χρυσὸς

179 5301 347 5372 φύσει
383 5300 572 5363 καλός·
616 5299 761 5370 λόγῳ
803 5300 860 5352 δὲ
906 5302 1104 5372 ἀρετῆς
1154 5302 1251 5354 οὐκ
1296 5301 1519 5368 ἀγαθὸς,
1567 5300 1770 5369 ἄψυχος

178 5397 292 5448 ὦνο
329 5394 422 5445 καὶ
475 5393 610 5446 λίθοι
656 5393 828 5463 τίμιοι
873 5395 1298 5464 παραπλησίως,
1347 5395 1439 5446 καὶ
1479 5393 1655 5445 πάντα
1701 5392 1767 5444 τὰ

175 5487 336 5547 ὄντα,
371 5485 601 5538 ἕκαστον
644 5484 784 5536 κατά
826 5483 887 5536 τὸ
929 5485 1059 5537 ἴδιον
1095 5488 1151 5538 ὲν
1194 5487 1312 5555 ὄψει
1361 5486 1574 5547 κάλλος.
1612 5484 1768 5536 Κατὰ

177 5581 251 5649 δὴ
282 5579 470 5631 τοῦτον
507 5578 595 5630 τὸν
635 5577 793 5646 λύγον
847 5578 942 5630 καὶ
991 5578 1275 5648 ἄνθρωπος
1301 5596 1313 5607 ’
1348 5578 1508 5640 καλὸς
1541 5580 1637 5646 μὲν
1679 5577 1772 5630 καὶ

178 5673 308 5725 λίαν
342 5672 503 5734 καλὸς
535 5671 689 5742 ούσίᾳ
717 5688 774 5723 τε
801 5672 894 5723 καὶ
927 5671 1075 5739 αὐτῷ
1099 5670 1174 5739 τῷ
1199 5666 1335 5724 εἶναι
1359 5689 1371 5700 ·
1399 5672 1458 5724 τὸ
1490 5672 1544 5724 δὲ
1569 5670 1770 5738 ἀγαθὸν

179 5767 252 5820 τὸ
283 5764 373 5819 8ιά
423 5764 590 5834 μόνης
635 5763 837 5834 ἀρετῆς
884 5763 1313 5836 προσγινόμενον
1369 5764 1518 5831 πόνῳ
1552 5763 1764 5816 κτᾶται.

185 5859 285 5913 ait
311 5858 442 5912 Θεὸς
483 5859 570 5909 ir.‘
624 5855 772 5925 αὐτῷ
816 5853 952 5911 εἶναι
1004 5855 1158 5908 τοῦτο
1206 5855 1542 5925 πεποίηκεν
1585 5855 1633 5907 εἰ
1678 5850 1769 5908 οὖν

1873 4617 2222 4670 committens
2275 4611 2472 4665 rationi
2529 4608 2851 4663 electionem
2914 4603 3174 4657 melioris.
3230 4600 3284 4655 Si
3320 4616 3448 4656 vero

1874 4725 2054 4778 neque
2088 4707 2288 4761 bonum
2339 4718 2514 4772 neque
2547 4702 2771 4758 malum,
2804 4700 3068 4768 qttteritur
3095 4695 3225 4765 quid
3257 4702 3444 4749 restet.

1946 4925 2394 4982 Consitlcrandzts
2421 4932 2504 4976 est
2533 4939 2665 4990 puer
2694 4935 2893 4989 parvus
2918 4960 2931 4980 ,
2984 4920 3035 4971 in
3073 4933 3181 4986 quo
3209 4920 3451 4971 cernitur

1883 5023 2173 5088 utriusque
2204 5015 2434 5071 extremi
2475 5015 2768 5083 adcmptio,
2797 5012 2849 5065 id
2879 5021 2983 5075 est,
3011 5025 3189 5079 neque
3222 5011 3447 5067 bonum.

1875 5127 2050 5180 neque
2079 5109 2281 5163 malum
2312 5122 2433 5160 esse
2475 5105 2784 5160 substantia
2808 5104 2954 5156 enim
2979 5101 3143 5169 hujus
3177 5099 3316 5154 bona
3343 5107 3448 5158 est.

1874 5205 2171 5260 bonitatem
2216 5215 2347 5256 vero
2397 5197 2698 5253 secundum
2732 5197 2984 5248 virtutem
3032 5191 3272 5247 nondum
3309 5193 3452 5244 asci-

1874 5301 1970 5352 vit.
2003 5297 2093 5350 Sic
2126 5298 2252 5349 item
2287 5305 2339 5349 et
2392 5307 2584 5345 aurum
2620 5291 2820 5343 bonum
2853 5296 2939 5342 est
2975 5295 3200 5351 natura;
3241 5283 3451 5336 ratione

1875 5407 2002 5444 vero
2035 5389 2255 5441 virtutis
2285 5401 2392 5439 non
2422 5393 2505 5438 est
2533 5385 2757 5444 bonum,
2790 5397 2912 5434 cum
2953 5381 3024 5432 sit
3061 5377 3448 5440 inanimalum;

1875 5483 2128 5539 similiter
2185 5480 2408 5550 pretiosi
2472 5477 2700 5546 lapides,
2756 5482 2810 5528 et
2879 5474 3061 5527 omnia
3118 5486 3238 5540 quae
3298 5477 3446 5530 sunt,

1874 5571 2300 5642 unumquodque
2344 5567 2642 5624 secundum
2673 5566 2947 5634 propriam
2977 5565 3028 5616 in
3071 5567 3294 5629 aspectu
3326 5558 3449 5625 pul-

1871 5667 2259 5721 chritudinem.
2294 5662 2405 5715 llas-
2438 5661 2646 5713 ratione
2679 5657 2840 5710 homo
2883 5657 3044 5708 etiam
3082 5651 3308 5720 pulcher
3339 5655 3446 5710 est,

1875 5757 2031 5812 valde
2081 5754 2306 5825 pulcher
2365 5749 2672 5805 substantia
2729 5756 2782 5800 et
2827 5745 3064 5801 essentia
3099 5744 3216 5810 ipsa
3297 5740 3450 5791 honi-

1872 5865 1957 5905 tas
2015 5864 2142 5904 vero
2189 5863 2282 5917 per
2328 5845 2498 5900 solam
2552 5844 2806 5896 virtutem
2879 5837 3164 5893 aseiseitur
3199 5874 3211 5897 ,
3263 5833 3450 5886 labore
