4058 6330
246 424 378 480 ιιιι

1332 433 1700 489 ADVERSUS
1742 436 2162 492 MANlCIUEOS
2204 435 2329 490 LIB.
2369 434 2434 494 ll.

3355 441 3486 493 lli“)

243 541 470 615 ᾶτὲρως,
505 546 798 618 εὐδοκιμεῖ.
828 547 1252 619 Ἐλευθεριότητι
1280 552 1566 622 τοιγαροῦν
1599 553 1797 623 τετίμη

1916 561 2191 623 spectatur
2215 563 2268 608 et
2303 553 2581 623 probatur,
2613 560 2667 606 et
2703 570 2807 607 non
2855 555 3028 607 aliter.
3085 552 3274 606 Libera
3322 555 3487 623 igitur

241 650 336 689 ται
364 635 678 708 ἄνθρωπος,
711 637 912 708 ἀρετῆς
955 654 1015 691 τε
1061 637 1153 692 καὶ
1182 640 1378 703 κακίας
1410 642 1611 694 τούτων
1655 643 1813 708 φύσει

240 724 345 796 τὴν
379 727 579 795 γνῶσιν
627 729 787 800 ἔχων,
839 729 1150 800 δυναμένων
1203 733 1530 802 πραχθῆναι,
1581 735 1707 804 πρὶν
1757 734 1814 784 δὲ

243 815 557 888 πραχθῆναι
592 819 665 890 μὴ
710 820 906 873 ὄντων·
957 821 1057 874 ποῦ
1092 823 1199 893 γὰρ
1242 824 1306 877 ἂν
1338 823 1422 894 εἴη
1461 824 1520 876 τὸ
1574 824 1811 893 πραττό-

248 922 428 974 μενον,
451 908 545 960 τοῦ
575 909 903 978 πράττοντος
927 912 997 980 μὴ
1019 911 1351 984 ὑπάρχοντος
1375 929 1388 976 ;
1413 912 1571 965 Ὥστε
1606 912 1813 980 γίνεται

242 996 342 1048 καὶ
368 995 682 1069 ἀπογίνεται
714 1001 883 1054 κακία
917 1004 1298 1074 πραττομένη,
1347 1005 1441 1058 καὶ
1477 1005 1570 1074 μή.
1604 1004 1809 1056 Λύτίκα

239 1087 339 1142 καὶ
369 1087 530 1152 Θεὸς,
563 1089 766 1156 ἀγαθὸς
796 1087 871 1142 ὥν
890 1133 904 1156 ,
950 1093 1041 1145 καὶ
1083 1095 1240 1162 μόνον
1283 1096 1588 1166 εὐεργετεῖν
1619 1094 1776 1157 εἰδὼς
1795 1134 1808 1157 ,

239 1176 412 1232 κακὸν
475 1179 572 1248 μὲν
616 1179 769 1233 οὐδὲν
820 1181 950 1253 δρᾷ·
1005 1183 1128 1236 οὔτε
1176 1185 1234 1238 δὲ
1302 1186 1492 1254 ἀγνοίᾳ
1547 1187 1809 1256 ἀπέχεται

239 1264 457 1329 κακίας,
489 1264 610 1319 οὔτε
655 1267 923 1340 ἀδυναμίᾳ
950 1273 1180 1343 πάμπαν
1216 1275 1540 1345 κεχώρισται
1584 1276 1806 1346 ταύτης.

239 1353 368 1417 Πῶς
417 1355 526 1426 γὰρ
570 1357 752 1426 ἀγνοεῖ
794 1363 823 1412 ὁ
866 1361 1129 1419 διδάσκων
1180 1365 1252 1436 μὴ
1298 1367 1558 1437 πράττειν
1604 1367 1807 1437 αὐτήνς

235 1443 363 1506 Πῶς
389 1444 448 1498 δὲ
476 1444 693 1514 εὔλογον
724 1448 791 1501 δι’
851 1451 1150 1523 ἀδυναμίαν
1201 1453 1332 1507 Θεὸν
1366 1454 1664 1523 ἀπέχεσθαι
1709 1472 1806 1506 κα-

235 1533 364 1597 κίας
396 1536 677 1606 ἡγεῖσθαι,
712 1541 772 1593 οὐ
809 1541 916 1612 γὰρ
948 1543 1218 1615 ἀδυναμίᾳ
1255 1545 1348 1597 τοῦ
1387 1545 1642 1616 ἀδικῆσαι
1674 1545 1808 1612 ἀγα-

233 1621 397 1686 ῦδςοό
445 1627 680 1696 ἀγαθὸς,
726 1631 862 1686 ἀλλά
894 1633 1075 1704 τελείᾳ
1123 1635 1217 1687 τοῦ
1269 1635 1344 1706 μὴ
1400 1636 1680 1706 βούλεσθαι
1712 1637 1804 1690 δυ-

233 1731 418 1787 ναμει.

1917 652 2182 714 potestate
2220 644 2438 698 virtutis
2475 650 2530 697 et
2559 643 2676 696 vitii
2703 644 3002 698 honoratus
3031 650 3114 698 est
3139 643 3301 698 homo
3327 682 3341 706 ,
3389 645 3486 697 ha-

1913 737 2046 790 bens
2082 745 2274 789 natura
2312 735 2509 789 horum
2537 734 2926 803 cognitionem,
2961 749 3082 803 quae
3124 733 3177 787 in
3213 734 3484 788 actionem

1915 827 2099 879 venire
2126 833 2375 896 possunt,
2408 831 2461 878 et
2510 825 2663 893 prius
2707 839 2865 893 quam
2900 825 3140 888 veniant,
3168 838 3275 877 non
3317 829 3441 878 sunt
3469 843 3481 876 :

1916 914 2004 967 ubi
2028 915 2170 968 enim
2206 913 2310 966 erit
2338 911 2483 982 quod
2510 910 2737 981 agitur,
2787 911 2834 965 si
2883 926 2990 964 non
3037 919 3121 965 est
3175 911 3269 980 qui
3321 910 3488 981 agat?

1918 1005 2097 1071 Quare
2126 1005 2278 1059 adest
2309 1003 2572 1072 nequitia,
2607 1018 2728 1056 cum
2785 1009 2867 1056 est
2903 1003 3044 1055 actio
3092 1002 3240 1069 ejus;
3283 1001 3439 1056 abest
3467 1041 3482 1063 ,

1917 1111 2039 1150 cum
2068 1112 2175 1149 non
2200 1103 2302 1149 est.
2332 1094 2608 1148 Continuo
2654 1093 2818 1146 etiam
2854 1091 2995 1146 Deus
3023 1091 3198 1158 bonus
3223 1107 3345 1144 cum
3375 1092 3482 1155 sit,

1916 1193 1969 1240 et
2001 1186 2341 1240 solummodo
2371 1185 2670 1247 beneficus,
2694 1183 2827 1237 nihil
2859 1183 2980 1236 mali
3014 1180 3163 1245 facit,
3195 1196 3370 1250 neque
3387 1196 3484 1250 per

1919 1275 2278 1343 ignorantiam
2309 1274 2542 1328 abstinet
2570 1288 2598 1324 a
2632 1272 2872 1342 nequitia
2895 1311 2907 1334 ,
2947 1286 3120 1340 neque
3164 1270 3290 1340 quia
3331 1270 3484 1324 deest

1916 1373 2177 1433 potestas,
2212 1364 2435 1418 omnino
2451 1364 2518 1417 ab
2535 1377 2596 1416 ea
2616 1363 2692 1430 scj
2702 1369 2895 1416 unctus
2912 1369 3012 1415 est.
3030 1361 3310 1427 Quomodo
3336 1361 3481 1415 enim

1913 1456 2123 1524 ignoret
2150 1454 2469 1524 nequitiam,
2508 1468 2668 1522 quam
2706 1453 2891 1515 docet,
2947 1467 3052 1506 non
3083 1452 3336 1505 adhibere
3361 1465 3480 1505 eam

1913 1545 1979 1598 ad
2036 1545 2351 1599 actionem?
2406 1544 2690 1598 Quomodo
2754 1559 2946 1597 rursus
2999 1543 3196 1596 rationi
3248 1556 3483 1595 consen-

1912 1643 2135 1688 taneum
2164 1639 2248 1688 est
2281 1633 2617 1692 existimare,
2647 1633 2773 1700 quia
2802 1631 2942 1685 desit
2977 1632 3236 1700 potentia,
3278 1629 3419 1685 Deus
3451 1646 3480 1682 a

1911 1725 2152 1794 nequitia
2184 1724 2492 1778 abstineat?
2528 1738 2636 1776 non
2663 1722 2806 1775 enim
2836 1723 2923 1776 ille
2955 1723 3044 1791 qui
3079 1729 3162 1776 est
3200 1722 3349 1776 solus
3385 1720 3480 1773 bo-

233 1820 365 1869 nus,
388 1807 517 1878 quia
543 1825 650 1864 non
679 1819 858 1882 potest
895 1814 1134 1884 iujustus
1161 1831 1304 1882 esse,
1340 1819 1516 1872 bonus
1550 1825 1672 1884 est;
1715 1816 1807 1872 sed
1847 1816 1975 1886 quia
2031 1815 2326 1886 perfectam
2359 1821 2683 1884 potestatem
2723 1814 2882 1867 habet
2915 1828 3021 1867 non
3075 1813 3286 1866 volendi
3337 1811 3479 1880 inju-

229 1899 462 1955 ltitiam.

374 2007 502 2063 CAP.
545 2009 612 2067 ν.
654 2011 791 2068 Deus
813 2032 914 2070 non
938 2028 1105 2085 potest
1136 2021 1308 2087 facere
1333 2024 1606 2092 injustam.
1645 2022 1871 2075 Mutatio
1895 2016 2120 2070 hominis
2148 2013 2215 2066 ad
2247 2013 2452 2066 vitium.
2490 2011 2843 2081 Impossibifis
2872 2013 3135 2066 conversio
3167 2015 3320 2067 unde.

306 2125 368 2180 Et
412 2126 470 2180 δὲ
509 2127 795 2201 λέγοιμεν,
836 2134 911 2199 ὡς
966 2136 1026 2188 οὐ
1075 2138 1294 2193 δύναται
1349 2141 1477 2204 Θεὸς
1523 2143 1704 2196 ἄδικόν
1753 2159 1797 2193 τε

1978 2133 2034 2186 Si
2070 2141 2248 2184 autem
2280 2130 2549 2193 dicamus,
2576 2146 2685 2186 non
2727 2145 2886 2200 posse
2917 2129 3085 2182 Deum
3137 2129 3338 2198 aliquid
3394 2130 3479 2186 iu-

228 2219 494 2290 ποιῆσαι,
532 2222 710 2287 καλῶς
734 2224 796 2296 δή
848 2244 1054 2297 φαμεν·
1102 2230 1162 2284 τὺ
1205 2232 1384 2301 μέντοι
1429 2235 1504 2305 μὴ
1549 2235 1803 2288 δύνασθαι

225 2309 296 2361 οὐ
345 2309 481 2379 πρὸς
522 2312 802 2369 ἀσθένειαν
848 2316 1116 2390 ἕλκομεν,
1171 2323 1305 2377 ἀλλὰ
1353 2327 1487 2394 πρὸς
1528 2326 1805 2396 ἀκρότητα

223 2397 329 2452 τοῦ
365 2401 440 2470 μὴ
468 2401 768 2471 βούλεσθαι,
811 2410 904 2465 καὶ
934 2411 1070 2480 πρὸς
1100 2413 1160 2465 τὸ
1182 2415 1550 2484 ἀμετάστατον
1578 2417 1677 2486 τῆς
1706 2417 1800 2469 τοῦ

226 2488 476 2558 χείρονος
509 2497 916 2566 παραιτήσεως·
950 2501 1214 2569 ἄτρεπτος
1250 2503 1356 2574 γὰρ
1385 2503 1459 2556 ὢν
1492 2504 1586 2574 τὴν
1620 2504 1797 2573 φύσιν,

223 2581 499 2649 ἄτρεπτον
547 2583 658 2654 ἕχει
703 2587 762 2639 τὸ
810 2589 884 2658 μὴ
929 2589 1210 2657 βούλεσθαί
1253 2610 1303 2645 τι
1363 2595 1527 2646 κακὸν
1570 2594 1794 2663 δρᾶσαιο

224 2672 371 2724 ὥστε
405 2675 622 2728 δύναται
668 2679 799 2746 μὲν,
834 2681 894 2732 οὐ
931 2681 1031 2750 δρᾷ
1084 2682 1139 2734 δὲ
1185 2683 1439 2754 ἀτρέπτῳ
1462 2690 1526 2756 τῇ
1578 2687 1668 2738 τοῦ
1723 2688 1796 2758 μὴ

227 2761 514 2831 βούλεσθαι
544 2766 720 2834 φύσει.
755 2770 862 2821 Καὶ
893 2771 1062 2833 οὕτως
1079 2773 1484 2828 οὐκέστικακία
1503 2779 1649 2846 παρὰ
1679 2779 1796 2848 Θεῷ

221 2850 295 2904 εὖ
327 2852 485 2920 μόνον
512 2853 586 2922 τῷ
627 2855 701 2925 μὴ
748 2859 1062 2924 ὑφεστάναι,
1107 2861 1240 2913 ἀλλὰ
1271 2864 1403 2933 μηδὲ
1441 2865 1517 2934 τῷ
1563 2870 1794 2936 πράττε-

227 2941 376 2994 σθαι.
421 2943 634 3016 Ἐπειδὴ
666 2947 722 2999 δέ
759 2966 870 3010 πως
896 2950 1199 3020 ἀνθρώποις
1229 2955 1326 3006 οὐκ
1363 2955 1507 3007 ἐστιν
1535 2958 1795 3026 ἄτρεπτος

232 3033 264 3100 ἰ
295 3036 624 3104 παραίτησις
661 3038 850 3105 αὐτῆς,
887 3040 985 3094 κᾶν
1017 3058 1102 3103 τις
1143 3043 1466 3114 ἀναϐεϐήκει
1509 3048 1642 3116 πρὸς
1672 3050 1797 3117 ἀρε-

220 3123 352 3191 τὴν,
382 3128 726 3197 πραττομένη
775 3129 932 3198 μόνον
963 3126 1102 3183 εἶναι
1155 3132 1316 3196 δοκεῖ,
1353 3136 1470 3204 οὐχὶ
1513 3137 1567 3187 δὲ
1599 3138 1689 3189 καὶ
1723 3139 1795 3207 μὴ

227 3215 577 3285 πραττομένη
602 3221 961 3291 προῦπάρχει.
991 3222 1144 3274 Οζιτω
1173 3226 1269 3293 μὲν
1296 3225 1358 3294 δὴ
1389 3229 1480 3277 τὸν
1512 3227 1794 3297 ἄνθρωπον

222 3303 523 3373 τετίμηκεν
575 3309 603 3358 ὁ
649 3308 807 3372 Θεὸς,
845 3313 964 3363 κατ’
1002 3312 1182 3364 εἰκόνα
1229 3313 1421 3366 ἑαυτοῦ
1461 3315 1794 3388 δημιουργή-

223 3410 424 3456 σαντος
437 3395 596 3449 αὐτόν
616 3414 628 3427 ·
658 3399 722 3450 ἵν’
757 3399 944 3471 ὥσπερ
978 3404 1136 3465 αὐτὸς
1158 3404 1552 3475 ἐλευθεριότητι
1585 3412 1794 3475 φύσεως

222 3480 452 3545 ἀγαθὸς,
486 3483 626 3537 οὕτω
655 3486 720 3555 δὴ
763 3489 851 3540 καὶ
871 3492 899 3540 ὁ
934 3490 1214 3561 ἅνθρωπος
1242 3493 1632 3566 ἐλευθεριότητι
1665 3516 1797 3568 προ-

223 3570 432 3635 θέσεως
457 3572 702 3647 ζηλωτὴς
734 3579 949 3650 ὑπάρχῃ
974 3581 1130 3648 Θεοῦ,
1157 3586 1257 3636 οὐκ
1288 3585 1556 3658 ἀδυναμία
1584 3590 1796 3656 φύσεως

222 3660 326 3712 τοῦ
373 3663 704 3734 ἁμαρτάνειν
753 3671 1115 3741 ἀπεχόμενος,
1163 3675 1553 3749 ἐλευθεριότητι
1595 3681 1650 3733 δὲ
1700 3682 1797 3752 τὴν

224 3755 432 3827 ἀρετὴν
464 3757 658 3828 τιμῶν.

305 3931 487 3986 Ταῦτα
528 3934 582 3987 δὲ
631 3938 879 4007 σημαίνει
915 3942 1011 4008 μὲν
1042 3943 1346 4013 αὐτάρκως,
1382 3947 1474 3997 καὶ
1507 3948 1564 3998 τὸ
1597 3950 1795 4013 πολλὰς

231 4019 492 4084 πολλάκις
533 4024 590 4075 ἐν
636 4026 941 4096 ἀνθρώποις
991 4032 1341 4101 εὑρίσκεσθαι
1404 4038 1537 4106 πρὸς
1597 4042 1795 4110 ἀρετὴν

228 4111 330 4163 καὶ
386 4113 581 4167 κακίαν
635 4118 961 4184 μεταϐολὰς.
1015 4117 1094 4185 οἷς
1146 4125 1213 4176 ἂν
1261 4129 1551 4198 μηδέτερον
1594 4132 1795 4185 τούτων

226 4201 445 4267 παγίως
497 4205 778 4277 ἑνυπάρχῃ
824 4211 1017 4279 χρονίῳ
1066 4213 1353 4285 συνηθεῐγ
1407 4219 1505 4269 ὃσα
1547 4221 1644 4286 μὲν
1688 4222 1796 4291 γὰρ

224 4287 443 4355 φύσεως
472 4291 681 4365 ἀνάγκῃ
714 4297 947 4366 δρῶμεν,
985 4302 1184 4352 τούτων
1217 4306 1516 4376 μεταϐολὴν
1549 4313 1647 4361 οὐκ
1678 4313 1798 4362 ἐπι-

225 4377 516 4467 δεχόμεθα·
551 4383 651 4436 ὅσα
695 4386 751 4438 δὲ
794 4387 934 4458 λόγῳ
967 4392 1265 4460 προθέσεως
1315 4398 1593 4467 ποιοῦμεν,
1623 4403 1795 4455 ταῦτα

223 4463 417 4520 ἄλλοτε
460 4469 632 4535 ἄλλως
665 4476 722 4527 ἐν
767 4479 898 4545 ἡμῖν
947 4479 1056 4548 ἔχει
1114 4483 1245 4554 πρὸς
1295 4486 1392 4550 τὰς
1442 4489 1795 4560 ἐγγινομένας

224 4560 298 4628 τῇ
324 4561 571 4630 προθέσει
605 4567 793 4632 ῥοπάς.
823 4570 895 4622 Οὐ
921 4575 1095 4624 τοίνυν
1132 4577 1355 4638 φυσικὸν
1379 4580 1471 4630 καὶ
1498 4582 1794 4647 ἀναγκαῖον

221 4647 530 4714 ἀνθρώποις
571 4655 631 4706 τὺ
677 4657 964 4726 ἁμαρτεῖν,
1000 4662 1132 4712 ἀλλὰ
1179 4671 1552 4735 προαιρετικὸν
1603 4673 1662 4723 τὸ
1697 4691 1793 4724 κα-

221 4744 539 4812 κοπραγεῖν.
574 4747 831 4817 Σημαένει
869 4750 923 4802 δὲ
977 4754 1068 4806 καὶ
1108 4758 1136 4808 ὁ
1173 4758 1322 4820 πόνος
1363 4762 1456 4828 τῆς
1495 4764 1692 4832 ἀρετῆς
1726 4766 1788 4816 τὸ

221 4836 605 4904 προαιρετικὸν
659 4839 766 4890 τῶν
824 4848 1171 4914 κεκτημένων
1227 4851 1434 4918 αὐτὴν·
1487 4847 1568 4915 οἷς
1625 4856 1677 4908 εί
1735 4873 1788 4909 τι

220 4923 321 4976 καὶ
400 4927 594 4997 μικρὸν
663 4931 919 4998 ἀμελείας
983 4937 1280 5004 ὲγγίνοιτο,
1364 4943 1655 4998 κινδυνεύει
1727 4948 1790 4999 τὸ

221 5012 428 5083 κτῆμα.

295 5191 356 5243 Ei
389 5190 446 5243 δέ
480 5211 560 5255 τις
593 5197 732 5250 κατὰ
754 5199 846 5250 τοῦ
882 5202 1038 5268 λόγου
1070 5204 1307 5273 παράγοι
1340 5206 1429 5256 τὸν
1464 5206 1782 5276 βουλόμενον

225 5278 326 5347 μὲν
356 5277 500 5331 ἔστιν
537 5283 624 5334 ὅτε
672 5287 888 5350 φατ’λων
928 5290 1245 5357 ἀπέχεσθαι,
1285 5293 1559 5359 φάσκοντα
1585 5310 1646 5359 γε
1680 5297 1786 5362 μὴν

220 5368 496 5433 ἀδυνάτως
518 5373 692 5442 ἔχειν·
727 5379 1058 5445 μανθανέτω,
1089 5383 1163 5442 ὡς
1188 5385 1396 5453 χρόνιον
1429 5388 1523 5451 μὲν
1557 5388 1647 5437 καὶ
1675 5387 1786 5453 (27)

222 5462 367 5515 κατὰ
397 5465 552 5534 σῶμα
576 5467 741 5530 πάθος
763 5471 821 5521 οὐ
856 5472 1050 5542 ῥᾳδίως
1077 5478 1477 5543 μαακινεῖσϋαι
1511 5478 1746 5543 πέφυκεν
1769 5497 1778 5508 ·

221 5552 368 5606 οὕτω
398 5555 458 5624 δὴ
493 5558 583 5607 καὶ
628 5561 725 5629 τῆς
755 5560 931 5631 ψυχῆς
966 5562 1074 5627 ἕξις
1106 5568 1205 5618 οὐκ
1234 5568 1429 5637 ἀγαθὴ,
1464 5570 1634 5639 χρόνῳ
1679 5589 1782 5620 πτι-

225 5648 403 5715 γῑίσα,
443 5649 799 5705 citrei-Kak»;
839 5656 946 5724 ἔχει
991 5658 1098 5708 τῶν
1143 5662 1198 5712 ἐν
1234 5661 1398 5729 πολλῇ
1428 5678 1488 5728 γε
1532 5662 1784 5732 συνηθείᾳ

1903 2222 2110 2291 justum
2160 2217 2379 2282 facere,
2426 2229 2572 2274 recte
2615 2213 2843 2288 quidem
2874 2219 3141 2285 dicimus;
3190 2225 3431 2275 attamen
3460 2261 3474 2280 .

1906 2328 2012 2366 non
2042 2327 2222 2380 posse,
2259 2326 2366 2364 non
2399 2311 2462 2362 ad
2514 2309 2885 2363 infirmitatem
2945 2309 3251 2372 referimus,
3285 2309 3380 2363 sed
3409 2309 3476 2364 ad

1906 2417 2171 2455 summam
2210 2400 2596 2470 perfectionem
2642 2415 2750 2452 non
2781 2400 2992 2453 volendi
3024 2400 3168 2469 quod
3207 2400 3472 2468 injustqu

1903 2499 2006 2552 est,
2030 2498 2084 2543 ct
2139 2491 2206 2543 ad
2256 2490 2652 2543 immutabilem
2687 2490 3104 2543 declinationem
3136 2490 3424 2544 deterioris
3459 2510 3469 2544 :

1901 2595 2023 2633 cum
2052 2581 2195 2633 enim
2232 2581 2304 2633 sit
2331 2578 2631 2633 secundum
2665 2588 2914 2632 naturam
2959 2580 3336 2646 immutabilis,
3367 2583 3471 2633 im-

1899 2670 2160 2723 mutabile
2192 2677 2275 2723 est
2303 2670 2351 2722 ei
2378 2669 2520 2722 nolle
2551 2667 2846 2738 quidquam
2885 2670 3008 2721 mali
3037 2668 3230 2723 facere.
3267 2670 3471 2736 Quam-

1898 2761 2086 2815 obrem
2123 2767 2300 2829 potest
2332 2759 2576 2828 quidem,
2609 2760 2701 2814 sed
2740 2775 2846 2811 non
2885 2758 3012 2811 facit
3037 2767 3230 2812 natura
3269 2763 3474 2814 immu-

1899 2851 2049 2903 tabili
2082 2867 2191 2903 non
2214 2849 2433 2903 volendi
2468 2849 2670 2900 malum
2697 2868 2709 2900 :
2737 2856 2898 2916 atque
2933 2848 3002 2900 ita
3039 2864 3144 2901 non
3174 2857 3257 2902 est
3289 2852 3477 2917 nequi-

1899 2940 1973 2991 tia
2001 2939 2142 3007 apud
2168 2938 2359 3001 Deum,
2385 2953 2492 2990 non
2526 2937 2700 2990 solum
2738 2938 2862 3005 quia
2898 2952 3004 2989 non
3030 2939 3242 2992 exsistit
3265 2956 3359 3008 per
3389 2956 3469 3001 se,

1899 3028 1992 3082 sed
2022 3028 2146 3096 quia
2180 3041 2278 3080 nec
2305 3035 2389 3080 est
2433 3026 2489 3078 in
2540 3027 2772 3078 actione.
2808 3024 2946 3089 Quia
2995 3043 3121 3080 vero
3161 3027 3474 3082 hominibus

1899 3118 2299 3188 quodammodo
2330 3133 2434 3170 non
2461 3125 2546 3170 est
2585 3115 2939 3169 immutabilis
2973 3117 3245 3169 recusatio
3279 3119 3470 3186 nequi-

1899 3211 2026 3273 tia;
2053 3209 2154 3264 ctsi
2188 3210 2313 3278 quis
2344 3208 2411 3261 ad
2441 3208 2693 3261 virtutem
2731 3208 3003 3274 ascendit;
3039 3210 3213 3262 solum
3255 3209 3472 3262 videtur

1896 3316 2018 3354 esse
2056 3299 2318 3368 nequitia,
2355 3298 2483 3352 dum
2516 3307 2599 3353 est
2641 3299 2694 3351 in
2725 3298 2976 3362 actione;
3021 3315 3128 3352 non
3168 3309 3349 3354 autem
3382 3311 3464 3354 est

1897 3400 2021 3444 ante
2040 3389 2429 3445 actionem.Sic
2447 3391 2717 3444 hominem
2739 3390 2877 3445 Deus
2898 3392 3179 3444 honoravit
3197 3390 3466 3447 fabricatis

1898 3498 2022 3536 eum
2048 3483 2114 3535 ad
2139 3481 2428 3550 imaginem
2461 3496 2614 3535 suam
2646 3501 2656 3534 :
2693 3489 2750 3534 ut
2780 3481 2919 3534 sicut
2954 3483 3067 3550 ipse
3096 3482 3344 3535 libertate
3369 3498 3469 3535 na-

1901 3583 2034 3628 tura:
2072 3575 2247 3628 bonus
2277 3581 2382 3635 est,
2414 3575 2492 3627 sic
2515 3575 2675 3625 homo
2711 3573 2953 3626 libertate
2985 3573 3247 3641 propositi
3284 3573 3467 3626 imita-

1899 3675 1984 3719 tor
2016 3665 2107 3720 Dei
2138 3673 2318 3729 esset;
2355 3681 2460 3718 non
2493 3667 2774 3720 abstinens
2823 3679 2848 3715 a
2892 3673 3132 3732 peccato,
3173 3664 3298 3732 quia
3328 3664 3466 3719 desit

1900 3765 2104 3809 naturae
2136 3756 2238 3825 ipsi
2271 3763 2534 3826 potestas,
2562 3757 2655 3809 scd
2709 3757 2958 3811 libertate
2991 3759 3254 3825 prepositi
3292 3757 3465 3812 virtu~

1900 3860 2001 3902 tcm
2045 3849 2341 3902 honoraris.

1968 3939 2090 3992 flare
2121 3951 2298 3992 autem
2336 3938 2470 3992 satis
2505 3937 2824 4006 abundeque
2860 3937 3138 3991 declarant
3171 3945 3248 3989 tot
3287 3947 3460 3990 muta—

1899 4029 2072 4082 tiones
2107 4029 2175 4082 ad
2206 4030 2460 4082 virtutem
2502 4034 2557 4082 et
2610 4030 2830 4090 v.tium,
2878 4043 2998 4095 qum
3045 4031 3096 4078 in
3149 4027 3461 4079 hominibUs

1899 4134 2269 4189 saepenumero
2303 4121 2673 4188 reperiuntur,
2721 4119 2773 4185 in
2822 4121 3020 4186 quibus
3069 4126 3317 4171 neutrum
3366 4119 3461 4170 lio-

1895 4226 2016 4264 rum
2053 4211 2307 4263 diuturna
2340 4210 2738 4263 consuetudine
2778 4210 2878 4261 fixe
2916 4209 3074 4262 inest.
3113 4208 3461 4278 Quaecunque

1895 4302 2039 4354 enim
2117 4303 2442 4354 necessitate
2487 4309 2698 4352 naturae
2736 4299 3000 4360 facimus,
3047 4299 3237 4352 horum
3287 4315 3461 4353 unua-

1896 4395 2097 4448 tionem
2133 4409 2240 4446 non
2276 4394 2628 4462 recipimus,
2683 4406 3021 4460 quaecunque
3074 4409 3201 4445 vero
3255 4395 3462 4447 ratione

1896 4484 2160 4554 prOpositi
2190 4494 2243 4539 et
2269 4485 2684 4539 deliberationis
2722 4484 2986 4545 facimus,
3027 4483 3139 4536 haec
3204 4485 3256 4536 in
3303 4487 3460 4539 nobis

1896 4575 2198 4638 variantur,
2230 4582 2284 4628 et
2313 4575 2448 4628 alias
2498 4576 2655 4629 aliter
2702 4575 2899 4628 habent
2952 4572 3018 4625 ad
3069 4577 3458 4643 propcnsioucs

1895 4681 2016 4736 quae
2043 4669 2103 4719 in
2141 4666 2422 4734 proposito
2453 4665 2606 4718 fiunt.
2647 4664 2763 4718 Non
2801 4665 2965 4733 igitur
3003 4680 3264 4731 peccare,
3304 4677 3460 4719 natu--

1897 4758 2007 4810 rale
2036 4763 2119 4810 est
2151 4766 2204 4811 et
2267 4757 2638 4810 necessarium
2685 4757 3031 4819 hominibus,
3079 4756 3172 4809 scd
3215 4759 3460 4810 mlunt.»

1894 4848 2033 4901 rium
2068 4859 2151 4900 est
2185 4848 2532 4901 maleficium.
2573 4847 2818 4900 Declarat
2848 4855 3025 4900 autem
3060 4848 3211 4900 labor
3241 4849 3462 4904 virtutis

1894 4940 2255 4991 voluntarium
2285 4955 2472 4992 eorum
2504 4940 2593 5006 qui
2622 4955 2740 4991 eam
2776 4939 3181 5005 at‘quisiveruut
3211 4958 3223 5005 ;
3261 4940 3312 4992 in
3339 4943 3458 5008 qui-

1893 5031 1996 5085 bus
2029 5032 2074 5085 si
2113 5032 2330 5100 paulum
2377 5032 2716 5101 negligentia:
2770 5032 2932 5094 insit,
2965 5032 3302 5100 periclitatur
3333 5051 3461 5104 pos—

1895 5125 2068 5176 sessio
2099 5124 2319 5176 virtutis
2348 5132 2524 5192 parta.

1963 5211 2018 5265 Si
2049 5215 2172 5281 quis
2210 5229 2338 5267 vero
2387 5213 2649 5268 adversus
2697 5213 2796 5266 hoc
2847 5214 3113 5280 producat
3149 5229 3306 5277 eum,
3362 5219 3452 5285 qui

1889 5304 2001 5356 vult
2037 5304 2256 5372 quidem
2297 5305 2623 5373 quandoque
2665 5305 2939 5358 abstinere
2986 5320 3014 5357 a
3063 5308 3274 5373 pravis,
3324 5309 3454 5362 dicit

1891 5402 2070 5446 tamen
2125 5410 2183 5448 se
2225 5411 2331 5446 non
2380 5409 2581 5463 posse;
2640 5394 2883 5450 advertat
2930 5396 3077 5463 ipse,
3123 5397 3266 5464 quod
3311 5399 3454 5452 sicut

1889 5487 2113 5539 morbus
2143 5487 2393 5554 corporis
2424 5487 2713 5542 diuturnus
2750 5504 2854 5540 non
2891 5486 3047 5540 facile
3080 5498 3337 5553 mutatur,
3371 5493 3448 5543 sit-

1888 5578 2080 5628 anima:
2110 5577 2352 5629 habitum
2387 5593 2493 5629 non
2529 5580 2726 5632 bonum
2759 5589 2997 5645 tempore
3033 5577 3191 5630 fixum
3231 5595 3334 5632 non
3367 5589 3445 5633 est

1889 5667 2061 5721 facilis
2092 5668 2233 5719 ratio
2267 5668 2571 5735 depellendi
2609 5670 2659 5722 in
2690 5669 2980 5737 longinqua
3011 5671 3401 5722 consucluzliuf‘
3431 5691 3440 5723 :

302 5803 412 5874 (27)
449 5808 605 5859 Κατὰ
637 5808 803 5877 σῶμα
833 5809 1019 5875 πάθος
1153 5831 1359 5880 uerax.
1398 5815 1633 5870 Mutatur
1663 5817 1904 5885 nimbus,
1934 5819 2022 5872 cui
2054 5818 2278 5889 depulso
2315 5822 2499 5876 uzorbo
2537 5821 2776 5876 suetcdit
2801 5822 3021 5875 sanitas.
3059 5819 3215 5874 Tum.
