4058 6330
652 369 787 424 “‘3

1785 370 1921 426 rm
1961 363 2402 426 BOSTllENSIS‘
2421 367 2732 428 EPISCOPI

3754 368 3886 424 ιιιι

649 484 754 541 nisi
786 485 962 552 majus
993 483 1226 552 aliquem
1268 481 1471 537 bonum
1508 484 1737 548 subeat,
1781 502 1890 555 quo
1932 495 2209 554 antegres-

2315 484 2411 556 τὴν
2440 487 2758 555 ἀποφυγὴν·
2804 485 2943 556 πλὴν
2971 486 3020 538 sl
3059 485 3132 557 μή
3158 501 3210 538 τι
3254 482 3440 555 μεῖζον
3470 481 3678 551 mea»
3714 485 3884 550 πάθος

648 591 768 629 rum
804 577 1005 628 malum
1037 575 1360 643 expellatur.
1410 575 1546 635 Hinc
1591 578 1683 641 tit,
1728 587 1786 630 ut
1829 593 1970 646 sape
2012 578 2210 646 aliquis

649 683 772 719 cum
805 666 1063 722 eﬂrenate
1093 667 1147 720 in
1179 678 1337 738 turpe
1373 668 1644 737 quoddam
1677 685 1814 738 Opus
1847 670 2101 738 impetum
2135 669 2212 724 fe-

647 760 844 820 cisset,
878 759 960 812 vel
998 760 1334 830 propositum
1367 777 1488 816 esse
1529 762 1824 816 adulterari
1847 801 1861 824 ,
1898 763 2016 817 solo
2050 777 2209 831 aspe-

647 859 736 901 t-tu
782 851 1002 914 mariti,
1035 858 1182 905 metu
1228 852 1578 920 cupiditatem
1626 855 1918 923 repressit,
1963 863 2058 909 aut
2097 870 2210 909 me-

645 939 819 990 moria
853 940 1028 1008 legum
1062 941 1114 993 in
1151 949 1328 994 mente
1357 952 1630 996 revocata.
1668 944 1821 998 Alius
1850 960 1972 998 cum
2005 944 2210 1000 delibe-

645 1036 822 1083 rasset
855 1031 1202 1096 latrocinari,
1235 1043 1378 1086 metu
1413 1036 1661 1104 supplicii
1687 1035 2036 1105 cupiditatem
2059 1050 2214 1090 coer-

643 1121 774 1172 cuit.
831 1118 921 1174 Sic
986 1129 1206 1190 peccata
1257 1137 1422 1191 opera
1473 1131 1602 1179 sunt
1655 1125 2042 1190 all'ectionum,
2101 1142 2210 1182 non

643 1224 821 1264 autem
871 1228 936 1266 ex
987 1222 1179 1266 natura
1225 1216 1593 1271 efﬂorescunt.
1643 1217 1982 1272 lionoramus
2030 1227 2211 1274 autem

643 1319 832 1357 omnes
857 1314 907 1357 et
936 1321 1183 1360 amamus
1203 1347 1216 1370 ,
1245 1307 1336 1376 qui
1363 1308 1636 1378 equitatis
1667 1312 1958 1381 participes
1987 1326 2208 1374 sumus,

644 1392 787 1460 leges
819 1410 937 1462 qua:
969 1396 1244 1452 maleﬁcos
1278 1398 1395 1452 sine
1421 1401 1528 1452 ulla
1553 1403 1906 1455 excusatione
1937 1401 2209 1471 puniunt:

643 1484 722 1536 sic
738 1488 1012 1539 communi
1027 1490 1282 1557 Opinione
1297 1505 1392 1558 per
1404 1505 1566 1560 Opera
1580 1483 1965 1548 confirmamus
1980 1509 2084 1546 non
2097 1491 2216 1563 cogi

645 1575 888 1631 homines
912 1589 1102 1631 natura
1133 1581 1200 1633 ad
1235 1581 1520 1642 maleficia.
1562 1582 1654 1636 sed
1690 1583 1815 1651 quia
1849 1583 2130 1653 ιιι-οι)οεὶιο
2155 1592 2210 1639 et

642 1666 1033 1724 deliberatione
1063 1687 1124 1725 ea
1156 1672 1383 1741 eligunt,
1409 1673 1681 1743 supplicio
1706 1672 1900 1744 dignos
1918 1674 2204 1730 declarari.

2313 578 2620 631 ἐπεισελθὸν
2670 577 2732 632 τὸ
2785 577 3051 647 προλαῶν
3088 577 3325 631 ἐκϐάλοι.
3373 565 3588 629 Αὐτίκα
3632 577 3882 645 ὁρμήσας

2310 687 2393 732 τις
2448 670 2704 731 πολλάκις
2740 667 2983 738 ἀσχέτως
3024 669 3117 721 ἐπὶ
3171 667 3380 740 φαύλην
3412 667 3545 720 τινὰ
3594 667 3876 738 πρᾶξιν,ῆ

2309 763 2400 816 τὸν
2443 761 2607 830 ἄνδρα
2654 761 2985 829 θεασάμενος
3012 760 3109 830 τῆς
3138 759 3391 828 γυναικὸς
3427 758 3720 830 μοιχεῦσαι
3755 774 3879 828 προ-

2312 855 2553 924 θέμενος.
2587 851 2851 922 ἀνεστάλη
2885 851 3032 921 φόὸῳ
3059 851 3163 904 τῶν
3191 851 3427 922 ἐλέγχων
3456 851 3553 921 τῆς
3583 849 3878 919 ἐπιθυμίας

2310 945 2343 1016 ἢ
2369 944 2476 998 τῶν
2508 943 2684 1013 νόμων
2706 941 3099 1012 ἀναμνησθείς·
3144 940 3316 1006 ἀλλος,
3348 940 3646 1013 λῃστεύσαι
3679 940 3878 1011 «paid-

2315 1052 2492 1104 μενος,
2521 1034 2626 1087 δέει
2675 1033 2773 1103 τῆς
2822 1029 3088 1102 τιμωρίας
3120 1032 3218 1102 τὴν
3257 1031 3551 1104 ἐπιθυμίαν
3595 1031 3872 1086 ἐκόλασεν.

2312 1127 2466 1182 Οὕτω
2520 1125 2705 1178 παθῶν
2759 1124 2894 1195 ἔργα
2950 1123 3019 1176 τὰ
3080 1125 3480 1195 ἁμαρτήματα,
3531 1126 3596 1178 οὐ
3663 1125 3875 1192 φύσεως

2311 1218 2678 1287 ἐξανθήματα.
2731 1217 2987 1287 Τιμῶμεν
3041 1215 3097 1269 δὲ
3149 1217 3346 1279 πάντες
3391 1218 3486 1270 καὶ⁵
3543 1215 3872 1286 ἀγαπῶμεν,

2287 1303 2396 1372 ὀἷς
2451 1309 2749 1370 ἐπιεικείας
2801 1308 3050 1376 μέτεστι,
3105 1309 3230 1370 τοὺς
3291 1306 3485 1376 νόμους
3547 1308 3876 1370 κολάζοντας

2317 1398 2699 1469 ἀπαραιτήτως
2724 1398 2846 1460 τοὺς
2869 1395 3343 1469 κακοπραγοῦντος
3363 1413 3375 1425 ·
3397 1396 3541 1450 οὕτω
3567 1400 3724 1466 κοινῇ
3755 1394 3876 1466 δόξῃ

2315 1494 2401 1546 διά
2429 1494 2535 1547 τῶν
2571 1495 2746 1566 έργων
2771 1495 3052 1564 τιθέμεθα,
3089 1493 3161 1563 μὴ
3193 1491 3543 1564 βιαζομένους
3583 1494 3747 1562 φύσει
3777 1511 3874 1548 κα·

2314 1587 2629 1656 κοπραγῑῖν,
2665 1585 3014 1656 αἱρουμένους
3058 1582 3116 1638 δέ
3162 1584 3410 1656 προθέσει
3451 1583 3554 1655 τῆς
3600 1585 3876 1648 κολάσεως

2312 1676 2495 1740 ἀξίους
2524 1677 2937 1746 ἀποφαίνεσθαι.

1025 1785 1154 1840 Cie.
1197 1786 1281 1838 Vl.
1323 1787 1679 1858 Cogitationes
1704 1791 1987 1859 aliquando
2021 1794 2187 1848 bona.
2215 1793 2499 1865 aliquando
2531 1793 2704 1846 mala.
2738 1793 2888 1846 Actio
2916 1798 2981 1846 ab
3010 1793 3256 1847 electione
3282 1792 3486 1861 pendet.

715 1878 819 1933 Sed
868 1882 994 1949 qula
1044 1881 1324 1938 Bianicliaii
1367 1885 1525 1939 aliter
1566 1887 1730 1949 etiam
1776 1889 2026 1940 nituntur
2071 1903 2205 1941 con-
2241 1890 2285 1950 Β

643 1969 856 2024 vincere
886 1973 1022 2028 duas
1052 1982 1276 2031 naturas
1304 1978 1609 2032 contrarias
1635 1978 1692 2031 in
1722 1980 1879 2033 nobis
1903 1995 2057 2042 esse,
2084 1981 2209 2048 quia

641 2060 931 2128 aliquando
973 2063 1191 2132 quidem
1233 2081 1335 2119 nos
1364 2067 1669 2135 cogitamus
1703 2071 1879 2132 mala,
1917 2069 2209 2135 aliquando

640 2165 770 2203 vero
810 2151 990 2218 bona;
1038 2154 1428 2210 advertendum
1476 2166 1586 2220 est,
1635 2161 1758 2227 quia
1807 2161 2072 2214 naturalis
2113 2176 2207 2214 co-

642 2244 812 2309 gnitio
845 2253 1199 2316 utrorumque
1240 2249 1292 2300 in
1341 2249 1497 2302 nobis
1538 2252 1712 2315 inest,
1756 2255 2063 2306 necessario
2104 2269 2205 2308 nos

643 2332 706 2383 ad
737 2335 1123 2401 cogitationem
1153 2352 1340 2389 eorum
1368 2353 1486 2406 quae
1509 2342 1910 2408 cognoscimus,
1938 2342 2202 2408 excitari,

642 2421 844 2472 nullam
879 2423 1096 2489 quidem
1147 2426 1417 2492 iacturam
1470 2437 1563 2480 aut
1607 2427 1861 2481 damnum
1914 2429 2204 2494 facientes,

640 2511 732 2563 sed
769 2514 945 2580 potius
979 2522 1151 2566 totum
1188 2516 1495 2580 lucrantes,
1539 2520 1829 2587 praeposito
1877 2531 1927 2575 et
1968 2524 2207 2577 autelato

640 2605 782 2672 quod
817 2607 1011 2660 melius
1038 2616 1141 2662 est.
1178 2607 1463 2672 Quomodo
1493 2613 1639 2663 enim
1672 2613 1725 2665 in
1755 2613 2065 2669 hominibus
2101 2631 2207 2669 mo-

640 2707 729 2748 tus
757 2706 810 2750 et
837 2700 1091 2752 excitatio
1121 2701 1186 2754 ad
1219 2703 1410 2756 melius
1441 2711 1634 2757 testata
1659 2716 1802 2760 esset
1821 2747 1833 2768 .
1866 2708 1970 2761 nisi
1999 2718 2208 2762 utrum-

643 2805 746 2856 que
775 2793 1094 2844 naturaliter
1129 2794 1354 2861 cogitari
1389 2806 1607 2864 posset,
1644 2797 1857 2864 justitia
1905 2799 2111 2853 scilicet
2153 2809 2208 2853 et

644 2880 948 2946 iujustitia?
973 2881 1226 2948 Cognitio
1255 2898 1489 2952 namque
1513 2888 1823 2939 necessaria
1852 2896 1934 2942 est
1964 2888 2028 2939 ad
2059 2888 2206 2956 diju-

641 2970 935 3024 dicandum
965 2990 978 3034 ;
1007 2974 1266 3040 cogitatio
1303 2989 1430 3029 vero
1465 2978 1693 3029 rimatur
1714 2979 1930 3045 cognita
1960 2998 1972 3043 ;
2009 2994 2205 3048 propo-

642 3063 803 3113 situm
829 3073 1007 3116 autem
1030 3104 1044 3126 ,
1073 3067 1124 3117 in
1149 3081 1310 3134 quam
1335 3076 1540 3134 partem
1569 3069 1715 3129 vult,
1744 3071 2067 3137 propendet:
2096 3070 2209 3124 haec

640 3169 768 3205 vero
801 3171 906 3207 non
945 3163 1071 3208 sunt
1105 3163 1288 3223 partes
1330 3158 1524 3210 animae
1563 3157 1912 3221 diﬂ'ereutes.
1958 3161 2050 3214 sed
2089 3169 2210 3214 tau-

2398 1889 2547 1942 Ἐπεὶ
2579 1888 2633 1941 δέ
2664 1888 2755 1941 καὶ
2785 1887 2956 1951 ἄλλως
2981 1890 3030 1939 oi
3057 1889 3122 1940 ἐκ
3148 1886 3239 1940 τοῦ
3272 1887 3546 1950 Μάνην-τος
3572 1885 3878 1956 nupti-nat

2313 1978 2404 2035 δύο
2433 1979 2618 2047 φύσεις
2647 1979 2892 2041 ἐναντίας
2923 1980 3051 2048 ἡμῖν
3081 1977 3246 2040 οΰσας
3270 1977 3618 2047 ἀπελέγχειν,
3642 1976 3724 2046 τῷ
3751 1983 3876 2032 πσεέ

2316 2070 2412 2140 μὲν
2467 2073 2615 2141 ἡμᾶς
2665 2069 3010 2140 ἐνθυμεῖσθαι
3059 2068 3267 2136 φαῦλα,
3314 2068 3502 2122 ἄλλοτε
3549 2067 3610 2120 δὲ
3654 2069 3871 2135 ἀγαθά·

2314 2160 2724 2233 ἐπισημαντὼν,
2767 2160 2863 2224 ὡς,
2907 2160 3138 2229 φυσικῆς
3165 2160 3222 2211 ἐν
3249 2159 3379 2228 ἡμῖν
3411 2156 3580 2228 οὔσης
3606 2158 3711 2229 τῆς
3737 2159 3875 2226 γνώ-

2314 2269 2448 2314 σεως
2486 2253 2778 2322 ἐκατέρων,
2823 2251 3133 2318 ἀναγκαίως
3175 2250 3266 2302 ἐπὶ
3294 2249 3392 2320 τὴν
3430 2249 3753 2320 ἐνθύμησιν,
3803 2243 3874 2302 ὧν

2313 2338 2666 2409 γινώσκομεν,
2703 2339 3013 2409 κινούμεθα,
3038 2335 3390 2408 ζημιούμενοι
3420 2339 3518 2408 μὲν
3542 2339 3653 2393 οὐδ’
3675 2337 3871 2400 ὁτιοῦν,

2311 2432 2676 2501 κερδαίνοντες
2707 2430 2762 2483 δέ
2805 2429 2865 2482 τὺ
2909 2432 3018 2483 πᾶν
3048 2433 3114 2501 τῇ
3157 2429 3249 2483 τοῦ
3286 2431 3561 2493 καλλίονος
3607 2433 3874 2501 προτιμή-

2312 2539 2411 2575 σει.
2454 2523 2575 2584 Πῶς
2614 2523 2719 2593 γὰρ
2750 2521 2816 2574 ἂν
2844 2520 2876 2590 ἡ
2903 2522 2995 2574 ἐπὶ
3026 2521 3086 2573 τὸ
3118 2525 3358 2592 κρεῖττον
3387 2521 3696 2592 ἀνθρώποις
3722 2523 3874 2575 ἐκού-

2310 2630 2420 2675 σιος
2453 2595 2803 2684 ἐμαρτυρήθη
2840 2613 3069 2682 κίνησις,
3105 2614 3177 2684 μὴ
3216 2613 3315 2680 τῆς
3357 2613 3710 2683 ἐνθυμήσεως
3745 2615 3871 2665 ἐκα-

2307 2706 2482 2774 τέροις
2511 2704 2753 2773 φυσικῶς
2783 2703 3196 2774 ἐπιϐαλλούσης,
3231 2704 3414 2773 ἀδικία
3454 2720 3516 2756 τε
3549 2704 3644 2756 καὶ
3673 2703 3872 2755 δικαιο-

2310 2796 2474 2867 σύνῃς
2519 2798 2581 2848 Ἡ
2613 2797 2711 2865 μὲν
2741 2796 2850 2865 γάρ
2875 2795 3071 2863 γνῶσις
3111 2795 3378 2861 ἀναγκαία
3407 2794 3542 2866 πρὸς
3566 2792 3866 2864 διάκρισιν·

2307 2890 2338 2957 ἡ
2372 2888 2426 2940 δέ
2463 2887 2756 2958 ἐνθύμησις
2787 2887 3007 2956 ψηλαφᾷ
3034 2887 3101 2938 τὰ
3129 2886 3441 2953 ἐγνωσμένα
3462 2903 3473 2915 ·
3507 2887 3542 2956 ἡ
3578 2885 3637 2938 δὲ
3678 2886 3870 2956 πρόθε-

2312 2997 2393 3041 σις
2422 2980 2502 3047 ἐφ’
2541 2980 2567 3030 ὃ
2594 2979 2836 3048 βούλεται
2871 2980 3023 3048 ῥέπει
3049 2996 3061 3007 ·
3089 2979 3257 3032 ταῦτα
3289 2978 3342 3028 δὲ
3369 2978 3490 3046 οὐχὶ
3525 2977 3666 3048 μέρη
3696 2977 3869 3045 ψυχῆς

2309 3072 2556 3141 διάφορα,
2587 3073 2697 3124 ἀλλ’
2726 3073 2800 3138 ὡς
2823 3071 3086 3142 ἐνέργειαι
3125 3071 3322 3140 ταύτης
3341 3088 3352 3099 ·
3404 3069 3546 3122 οὕτω
3587 3071 3769 3141 μέντοι
3799 3068 3869 3137 τῷ

2312 3161 2559 3228 ἡμετέρῳ
2611 3159 2871 3228 ὀφθαλμῷ
2901 3160 3155 3229 πρόσεστι
3209 3157 3452 3227 φυσικῶς
3479 3157 3540 3210 τὸ
3568 3160 3700 3229 opina
3747 3159 3870 3211 ἄλλο

643 3258 802 3308 quam
832 3246 1179 3311 Oper-ationes
1207 3245 1326 3314 ejus
1353 3265 1364 3298 :
1405 3263 1512 3300 non
1546 3257 1726 3301 tamen
1758 3250 1898 3302 inest
1927 3252 2084 3304 oculo
2110 3266 2209 3304 no-

2310 3252 2357 3300 εί
2395 3250 2565 3318 τύχοι,
2598 3250 2629 3319 ἦ
2671 3251 2894 3320 πράξεις
2923 3252 3093 3312 κακάς
3131 3266 3189 3301 τε
3243 3251 3335 3301 καὶ
3368 3248 3596 3315 ἀγαθὰς,
3630 3251 3725 3300 καὶ
3749 3250 3867 3301 οὑδ-

641 3346 757 3387 stro
807 3337 1149 3398 naturaliter,
1208 3346 1266 3390 ut
1321 3339 1500 3391 videat
1554 3340 1697 3393 aliud
1748 3341 1793 3394 si
1846 3342 2089 3407 accidat,
2122 3342 2205 3396 vel

645 3426 885 3477 actiones
922 3426 1093 3478 malas
1131 3435 1181 3478 et
1215 3426 1386 3478 bonas
1407 3467 1419 3486 .
1445 3441 1507 3479 ac
1532 3430 1779 3480 neutrius
1807 3443 1971 3481 causa
1999 3428 2161 3482 fuerit
2190 3447 2204 3493 ;

644 3530 795 3567 mens
823 3518 966 3568 enim
998 3525 1280 3584 aspectum
1315 3518 1544 3585 recipit,
1590 3519 1707 3572 visa
1747 3519 2010 3586 diiudicat
2045 3528 2207 3588 atque

641 3606 955 3659 discernit:
1012 3607 1092 3660 sic
1145 3609 1403 3677 cogitatio
1461 3611 1774 3663 necessario
1832 3611 2004 3663 instar
2061 3611 2206 3664 oculi

640 3704 886 3751 movetur
912 3697 978 3750 ad
1013 3713 1075 3751 ea
1107 3714 1226 3766 quae
1254 3699 1365 3752 ﬁeri
1403 3709 1633 3767 possunt
1655 3741 1668 3762 ,
1699 3717 1804 3754 non
1839 3717 2060 3755 movens
2091 3701 2209 3754 ani-

641 3803 782 3839 mam
819 3788 883 3840 ad
917 3804 977 3842 ea
1011 3804 1106 3857 per
1136 3790 1281 3854 vim,
1321 3791 1415 3844 sed
1460 3793 1770 3860 cognitione
1811 3791 2047 3848 naturali
2094 3794 2208 3848 haec

640 3879 944 3933 attendens.
999 3879 1274 3933 Continuo
1331 3881 1548 3950 quidem
1605 3884 1648 3937 si
1702 3887 1986 3947 volumus,
2048 3885 2208 3938 simul

640 3972 913 4022 contraria
947 3972 1292 4038 cogitamus;
1326 3973 1486 4024 simul
1519 3981 1694 4027 tamen
1728 3976 2000 4028 contraria
2034 3975 2212 4030 facere

641 4074 746 4112 non
776 4076 1085 4128 possumus.

716 4152 773 4204 in
807 4152 952 4206 hunc
986 4152 1206 4206 modum
1240 4153 1383 4206 actio
1412 4154 1629 4222 quidem
1658 4155 1922 4210 electione
1948 4157 2208 4228 propositi

641 4243 857 4296 decreta
892 4251 973 4297 est
1004 4261 1016 4307 ;
1064 4244 1321 4311 cogitatio
1350 4259 1477 4297 vero
1507 4246 1809 4300 naturalem
1843 4249 2209 4316 cognitionem

641 4335 858 4388 virtutis
891 4343 944 4387 et
981 4336 1094 4387 vitii
1131 4343 1400 4389 testatur:
1437 4336 1541 4388 nisi
1572 4337 1717 4390 enim
1752 4337 1865 4392 hare
1899 4331 2212 4407 pmcogno-

642 4441 920 4480 sceremus
941 4467 954 4486 .
982 4441 1079 4479 nec
1111 4441 1170 4479 ea
1202 4427 1566 4494 cogitaremus
1587 4465 1602 4486 ,
1637 4444 1808 4496 neque
1840 4430 1983 4497 quod
2017 4429 2211 4485 melius

640 4525 723 4571 est
743 4555 756 4576 .
789 4517 1112 4585 eligeremus
1136 4556 1149 4578 ,
1185 4533 1484 4585 przegressa
1515 4521 1736 4571 omnino
1764 4520 2029 4573 electione
2061 4521 2211 4575 dete-

2311 3338 2508 3408 ετέρων
2557 3339 2723 3402 αἴτιος
2770 3339 2836 3391 ἂν
2881 3340 2996 3410 εἴη·
3046 3339 3344 3407 διαδέχεται
3372 3338 3479 3407 γὰρ
3521 3341 3550 3391 ό
3603 3338 3728 3401 νοῦς
3775 3340 3868 3407 τὴν

2309 3430 2447 3496 ὄψιν,
2503 3431 2595 3482 καὶ
2643 3429 2903 3498 διακρίνει
2947 3431 3015 3482 τὰ
3060 3429 3341 3499 ὁρώμενα·
3412 3429 3554 3481 οὕτω
3589 3429 3652 3498 δὴ
3695 3430 3785 3482 καὶ
3837 3432 3867 3497 ἡ

2309 3521 2602 3590 ὲνθύμησις
2674 3519 2948 3590 ὀφθαλμοῦ
3025 3520 3180 3589 δίκην
3255 3521 3568 3586 ἀναγκαίως
3643 3523 3869 3573 κινεῖται

2309 3615 2443 3685 πρὸς
2491 3615 2550 3666 τὸ
2593 3613 2838 3681 γενέσθαι
2891 3610 3232 3682 ἐνδεχόμενα,
3283 3613 3344 3663 οὐ
3402 3611 3696 3680 βιαζομένῃ
3737 3614 3869 3683 πρὸς

2308 3706 2446 3758 αύτά
2484 3707 2581 3774 τὴν
2625 3704 2819 3772 ψυχὴν,
2853 3702 2986 3755 ἀλλὰ
3033 3700 3226 3768 γνώσει
3263 3702 3458 3768 φύσικῇ
3512 3701 3869 3754 ὲπιδάλλουσα

2309 3796 2533 3858 τούτοις.
2584 3795 2790 3847 Αὐτίκα
2838 3793 2952 3863 ἅμα
2990 3792 3110 3862 μὲν,
3160 3792 3252 3842 ἐὰν
3309 3791 3572 3858 θέλωμεν,
3616 3792 3870 3844 τάναντία

2310 3885 2701 3956 ἐνθυμούμεθα,
2751 3885 2867 3955 ἅμα
2914 3884 2970 3936 δὲ
3013 3883 3269 3936 τάναντία
3315 3882 3574 3951 πράττειν
3614 3884 3674 3935 ού
3711 3883 3867 3936 δυνά-

2313 3976 2468 4046 μεοα.

2381 4155 2562 4218 οὕτως
2604 4156 2638 4222 ἡ
2691 4153 2786 4223 μὲν
2815 4149 3013 4222 πρᾶξις
3054 4148 3357 4220 ἀφώρισται
3407 4151 3474 4218 τῇ
3519 4149 3731 4218 αἱρέσει
3773 4151 3867 4217 τῆς

2312 4246 2651 4318 προθέσεως·
2704 4246 2738 4314 ἡ
2788 4245 2843 4296 δὲ
2902 4243 3196 4312 ἐνθύμησις
3241 4240 3338 4308 τὴν
3386 4240 3617 4310 φυσικὴν
3669 4239 3866 4308 γνῶσιν

2310 4326 2509 4409 ἀρετῆς
2555 4354 2612 4390 τε
2672 4337 2766 4388 καὶ
2823 4335 3017 4396 κακίας
3072 4333 3456 4417 μαρτυρεῖται·
3515 4332 3562 4382 εί
3624 4330 3735 4402 γάρ
3796 4332 3866 4400 μὴ

2309 4429 2479 4481 ταῦτα
2514 4425 2989 4498 προεγινώσκομεν
3009 4464 3023 4487 ,
3052 4421 3161 4475 οὗτ*
3194 4420 3259 4474 ἂν
3285 4420 3717 4490 ἐνεθυμήθημεν,
3760 4422 3864 4474 οὔτ’

2314 4519 2378 4572 ἂν
2423 4519 2483 4570 τὸ
2536 4520 2780 4588 κρεῖττον
2835 4513 3116 4584 εἱλόμεθα·
3160 4511 3469 4583 στερόμενοι
3521 4511 3600 4578 τῷ
3654 4511 3864 4574 πάντως

644 4608 832 4673 rioris,
867 4608 1048 4675 pravis
1079 4608 1345 4662 institutis
1372 4609 1671 4677 anticipati.
1702 4610 2065 4674 Quamobrem
2095 4626 2206 4662 ma-

2314 4608 2684 4681 προαιρεῖσθαι
2723 4608 2783 4660 τὸ
2816 4607 3014 4676 χεῖρον,
3040 4603 3295 4670 ἀγωνίαις
3323 4601 3542 4671 φαύλοις
3574 4603 3864 4672 προειλημ-

649 4701 722 4752 ‘is
769 4706 852 4751 est
899 4698 1223 4753 studendum
1281 4707 1332 4752 et
1382 4702 1734 4754 laborandum
1787 4701 2097 4754 hominibus
2153 4702 2206 4754 in

640 4791 961 4844 educatione
998 4791 1229 4844 ﬁliorum
1255 4831 1270 4854 ,
1307 4806 1466 4860 quam
1499 4793 1757 4860 agricolis
1787 4792 1840 4845 in
1873 4793 2208 4846 incremento

643 4881 920 4935 arborum.
962 4879 1310 4950 interpri-tari
1350 4883 1512 4952 igitur
1547 4885 1931 4951 cogitationem
1964 4895 2204 4938 nostram

643 4973 902 5030 indicium
953 4988 1074 5027 esse
1127 4974 1358 5028 duarum
1412 4985 1728 5027 naturarum
1775 4977 2204 5037 contrariarum,

645 5062 866 5130 perinde
897 5073 980 5116 est
1016 5078 1077 5116 ac
1117 5064 1162 5116 si
1197 5065 1320 5133 quis
1353 5063 1593 5124 diceret.
1632 5080 1755 5119 esse
1789 5075 2070 5133 aspectum
2104 5067 2206 5118 mi-

642 5152 871 5205 stionem
924 5153 1166 5205 omnium
1229 5153 1508 5218 colorum,
1565 5153 1690 5221 quia
1749 5151 1802 5205 in
1862 5151 1973 5204 haec
2026 5152 2206 5204 omnia

642 5244 808 5296 aciem
844 5243 1092 5296 intendit.
1128 5243 1286 5308 Quod
1323 5246 1490 5314 igitur
1523 5245 1837 5298 necessario
1872 5245 2078 5312 accepit
2109 5245 2206 5296 ho-

642 5349 730 5386 mo
778 5340 834 5385 ut
885 5341 1066 5402 posset
1118 5350 1378 5402 peccare,
1427 5338 1506 5390 sic
1543 5351 1572 5387 a
1607 5334 1713 5388 Deo
1750 5335 1957 5394 factus.
1993 5345 2051 5388 ut
2094 5351 2200 5388 non

641 5421 688 5471 al
717 5437 797 5474 ter
831 5430 1014 5489 posset
1049 5438 1114 5476 ex
1152 5423 1351 5476 virtute
1385 5425 1564 5476 vivere
1595 5441 1607 5482 ;
1647 5424 1698 5476 id
1732 5425 1874 5491 quod
1913 5423 2054 5479 Deus
2080 5439 2202 5478 cum

639 5520 781 5563 esset
822 5513 996 5564 bonus
1029 5520 1082 5564 et
1116 5529 1219 5565 non
1270 5513 1516 5574 invidus,
1563 5523 1770 5565 naturae
1816 5515 2036 5567 insitum
2083 5530 2205 5568 esse

642 5603 844 5656 voluit-
878 5614 932 5657 et
965 5605 1108 5673 quod
1147 5614 1362 5674 promer
1401 5621 1474 5675 ea.
1510 5621 1629 5674 qua:
1672 5606 1874 5677 injuste
1917 5606 2061 5678 apud
2109 5607 2204 5661 ho-

711 5721 845 5792 (ΞΤ)
880 5721 1223 5780 Desideratur
1251 5727 1366 5796 τήν.
1407 5725 1561 5782 Ευιτ.

2310 4700 2478 4769 μένοι,
2521 4701 2608 4752 Aio
2637 4700 2698 4769 δὴ
2749 4698 2944 4767 μᾶλλον
2991 4694 3293 4765 ἀνθρώποις
3341 4694 3697 4746 σπουδαστέον
3747 4697 3863 4763 περὶ

2304 4791 2520 4861 τὴντῶν
2544 4791 2745 4843 παίδων
2780 4786 3136 4857 ἀνατροφὴνῆ
3165 4786 3424 4855 γεωργοῖς
3451 4785 3578 4855 περὶ
3601 4783 3738 4854 (27³)
3765 4785 3862 4836 τῶν

2307 4882 2484 4948 φυτῶν
2518 4881 2764 4950 αὔξησιν.
2804 4878 2875 4931 Τὸ
2907 4879 3083 4931 τοίνυν
3127 4877 3222 4945 τὴν
3263 4875 3556 4944 ἐνθύμησιν
3600 4877 3754 4946 ἡμῶν
3790 4879 3860 4939 εἰς

2307 4973 2596 5042 τεκμήριον
2647 4970 2939 5040 λαμϐάνειν
2989 4969 3081 5021 δύο
3122 4956 3333 5038 φύσεων
3367 4967 3647 5030 ἐναντίων,
3696 4984 3860 5036 παρα-

2312 5064 2531 5133 πλήσιον
2578 5063 2642 5115 ἂν
2695 5063 2779 5128 εἴη
2811 5061 2998 5128 ὥσπερ
3035 5059 3085 5111 εί
3118 5075 3202 5121 τις
3236 5058 3365 5127 φαίη
3412 5057 3520 5110 τῶν
3564 5059 3858 5128 χρωμάτων

2310 5155 2560 5207 ἁπάντων
2588 5154 2783 5221 κρᾶσιν
2813 5147 2947 5204 εἶναι
2975 5151 3072 5219 τὴν
3104 5148 3244 5218 ὄψιν.
3273 5147 3455 5218 ἐπειδὴ
3489 5141 3696 5210 τούτοις
3729 5148 3855 5200 άπα-

2310 5260 2390 5295 σιν
2420 5244 2716 5296 ἐπιϐάλλει.
2769 5243 2889 5296 Ὅτι
2933 5242 3030 5310 μὲν
3083 5237 3175 5292 οὖν
3221 5238 3531 5305 ἀναγκαίως
3568 5239 3630 5291 τὸ
3671 5238 3852 5301 ἐξεῖναι

2308 5336 2638 5404 ἁμαρτάνειν
2680 5335 2898 5403 εἴληφεν
2937 5334 3237 5406 ἅνθρωπος,
3277 5333 3419 5386 οὓτω
3454 5330 3762 5400 γενόμενος,
3789 5328 3851 5387 ὡς

2306 5431 2403 5479 ούκ
2432 5427 2496 5479 ἂν
2523 5427 2722 5496 ἐτέρως
2755 5427 2814 5477 τὸ
2863 5425 3156 5495 κατορθοῦν
3201 5423 3457 5477 δύνασθαι
3486 5420 3814 5490 κτησάμενος
3836 5433 3847 5446 ⁸

2306 5519 2440 5588 ὅπερ
2488 5518 2618 5578 Θεὸς
2664 5516 2864 5582 ἁγαθός
2896 5533 2953 5568 τε
3007 5519 3100 5569 καὶ
3146 5515 3373 5583 ἄφθονος
3422 5513 3685 5583 ὑπάρχων
3722 5508 3846 5561 ἐντέ-

2309 5610 2450 5662 θεικε
2489 5612 2551 5679 τῇ
2604 5609 2790 5676 ςεύσει·
2830 5609 2921 5663 καὶ
2961 5609 3041 5662 ὅτι
3086 5609 3220 5670 τὲως
3256 5606 3343 5662 διά
3375 5623 3436 5673 γε
3477 5605 3548 5658 τὰ
3579 5602 3724 5674 παρὰ
3764 5600 3843 5652 ἀν’
