4058 6330
174 417 315 474 1145

1223 459 1226 462 .
1260 412 1629 472 ADVERSUS
1668 410 2108 468 IANICHEOS‘
2125 410 2252 469 LIB.
2290 411 2354 468 ll.

3260 413 3401 470 INO

169 528 410 600 θρώποις
443 529 749 602 ἀδικήματα
797 530 1021 601 οὐδεμία
1065 528 1277 601 ἀνάγκη
1326 530 1458 601 ὓλην
1505 532 1736 604 ἄναρχον

1850 529 2011 584 mines
2041 530 2219 583 ﬁunt:
2251 530 2403 583 nullo
2451 537 2612 608 pacto
2645 543 2868 586 necesse
2914 536 3001 586 est
3040 535 3232 601 putare
3285 543 3405 584 ω-

169 620 270 671 ειαὶ
313 619 509 672 κακίαν
548 620 724 673 δοκεῖν
770 618 1257 689 ἀπιπαρατάττειν
1288 619 1437 690 Θεῷο
1469 621 1592 676 οὔτε
1629 622 1733 693 μὴν

167 709 307 772 ὅλως
334 712 454 762 κατ’
491 709 674 762 οὐσίαν
702 709 1066 779 ὑφεστηκέναι
1096 707 1334 779 νομίζειν
1366 711 1585 776 κακίαν,
1617 691 1732 765 ἀλλ’

168 801 230 852 ἑν
260 800 454 871 πράξει
479 801 578 871 τὴν
604 800 898 854 ὑπόστασιν
927 799 1087 870 Ιχειν,
1114 799 1201 855 διὰ
1243 800 1350 855 τῶν
1397 801 1731 873 προειρημέ-

169 905 280 942 νων
316 889 704 944 ἀποδέδεικται.

1839 620 2030 674 teriam
2079 620 2346 690 principio
2393 627 2666 675 carentem
2701 611 2774 676 iet
2812 620 3112 690 nequitiam
3145 619 3400 673 resistere

1838 709 1979 777 Deo;
2003 727 2104 766 nec
2132 712 2448 767 existimare
2475 711 2691 782 penitus
2713 712 3013 767 secundum
3040 710 3396 767 substantiam

1838 814 1937 870 per
1980 815 2038 855 se
2078 801 2358 855 exstitisse
2391 800 2688 869 nequitiam
2709 839 2727 864 ,
2757 801 2854 856 sed
2885 802 2942 855 in
2981 801 3191 856 actione
3224 798 3396 854 consi-

1840 900 1983 948 stere
2006 933 2019 957 ,
2050 895 2300 962 superius
2330 892 2764 948 demonstratum
2791 897 2849 947 et
2873 891 3195 948 conclusum
3223 894 3329 944 est.

1147 978 1276 1035 CAP.
1313 980 1428 1035 VII.
1468 980 1800 1050 Objectiones
1829 999 1972 1036 circa
2009 965 2424 1040 Providentiam.

243 1067 440 1123 Λοιπὸν
467 1066 545 1138 [δὴ
592 1086 717 1140 περι
756 1087 816 1122 τε
850 1071 948 1142 τῆς
975 1072 1248 1142 πανσόφου
1286 1072 1600 1144 διοικήσεως
1640 1073 1734 1126 τοῦ

168 1156 332 1222 Θεοῦ,
365 1159 458 1212 καὶ
497 1159 626 1231 περὶ
649 1160 757 1213 τῶν
783 1161 958 1231 μάτην
991 1165 1070 1225 είς
1101 1162 1297 1217 κακίαν
1333 1164 1466 1235 πρὸς
1488 1156 1585 1216 ¹’τοῦ
1618 1164 1737 1218 Μά-

172 1265 357 1311 νεντος
385 1248 776 1318 διαόληθέντων
800 1252 860 1322 δη
871 1269 1099 1323 μιουργη
1110 1254 1314 1322 μάτων,
1335 1255 1524 1325 ῥητέον
1543 1255 1618 1317 ὡς
1648 1254 1737 1306 δύο

173 1355 358 1408 ναμις.
406 1339 652 1405 Ἀταξίαν
671 1340 736 1411 δὴ
767 1342 961 1413 πολλὴν
991 1341 1281 1414 ψηφίζεται
1306 1344 1412 1397 τῶν
1443 1343 1562 1398 καθ’
1590 1346 1738 1414 ἡμᾶς

174 1430 536 1499 πραγμάτων,
567 1430 791 1485 πλοῦτόν
830 1449 887 1486 τε
921 1435 1014 1487 καὶ
1051 1433 1259 1495 πενίαν,
1293 1434 1479 1502 ὑγείαν
1531 1451 1591 1487 τε
1643 1437 1736 1488 καὶ

175 1521 350 1583 νόσον,
381 1522 456 1584 ὡς
489 1522 646 1576 ἄνισα
692 1523 987 1577 διαϐάλλων
1007 1541 1019 1554 ·
1057 1524 1138 1576 ἔτι
1188 1524 1296 1596 μὴν
1323 1525 1414 1578 καὶ
1443 1524 1505 1577 τὸ
1537 1526 1733 1580 πολλά-

175 1629 268 1675 κις
307 1613 397 1666 τὸν
441 1613 539 1682 μὲν
567 1613 870 1684 κακοῦργον
902 1612 1214 1682 διαφεύγειν
1259 1613 1356 1684 τὴν
1401 1613 1509 1670 τῶν
1558 1618 1735 1687 νόμιον

173 1705 464 1776 τιμωρίαν,
516 1706 607 1757 ἰδν
658 1701 704 1757 δ’
756 1705 995 1758 ἀναίτιον
1044 1706 1415 1776 τιμωρεῖσθαι,
1468 1705 1558 1758 καὶ
1611 1707 1737 1770 τοὺς

174 1795 412 1888 φαύλους
444 1795 597 1888 ἐστινΔ
630 1795 718 1848 ὅτε
752 1795 852 1865 τῆς
895 1794 1034 1850 κατά
1070 1795 1178 1848 τῶν
1211 1795 1382 1849 ἄλλων
1423 1797 1596 1868 ἀρχῆς
1623 1798 1739 1848 ὲπι-
1772 1834 1811 1888 Β

173 1887 394 1938 ϐαίνειν.
444 1885 661 1955 Ῥητέον
694 1885 807 1955 (28)
840 1885 1038 1948 τοίνυν,
1067 1887 1146 1939 ὅτι
1175 1886 1446 1957 παρῆκται
1466 1886 1575 1957 (29)
1606 1888 1739 1957 πρὸς

168 1977 269 2031 τοῦ
300 1978 794 2046 δημιουργήσαντος
835 1975 1118 2046 ἅνθρωπος
1163 1979 1242 2040 είς
1273 1977 1367 2050 τὸν.
1399 1977 1534 2046 βίον,
1568 1980 1739 2047 ἐμποο

177 2067 460 2137 ρευόμενος
508 2066 694 2136 ἕτερον
735 2066 889 2118 οὐδὲν
933 2067 966 2137 ἢ
1018 2067 1183 2137 μόνην
1235 2067 1511 2120 εὐσέϐειάν
1559 2085 1616 2120 τε
1646 2069 1740 2121 καὶ

169 2159 391 2229 ἀρετήν.
418 2157 599 2210 Ταῦτα
647 2156 761 2227 γάρ
805 2157 1144 2227 κτησάμενος
1189 2159 1307 2228 μὲν,
1353 2158 1531 2222 καλῶς
1570 2161 1635 2212 ἂν
1664 2160 1740 2210 δι-

173 2249 442 2320 ανήξηται
468 2250 614 2304 τόνδε
644 2249 735 2301 τὸν
767 2247 880 2318 βίον
899 2265 912 2278 °
947 2250 1222 2318 ἀμελήσας
1251 2251 1306 2302 δὲ
1330 2251 1551 2313 τούτων,
1581 2251 1739 2320 χαλε-

171 2338 293 2400 πῶς
322 2339 388 2392 ἂν
421 2337 831 2408 διαόαπτισθείη
882 2336 1247 2408 πλανώμενος.
1291 2340 1508 2412 Τροφὴν
1540 2339 1594 2391 δὲ
1639 2339 1741 2391 σώ-

175 2446 344 2499 ματος
360 2430 451 2481 καὶ
469 2428 780 2498 ἐνδυμάτων
797 2445 866 2480 πε
876 2429 1107 2500 ριϐολὴν,
1128 2430 1219 2483 καὶ
1234 2430 1332 2499 τὴν
1348 2429 1512 2500 ἀλλην
1530 2431 1738 2499 σκέπην

170 2518 406 2570 δέδωκεν
434 2520 462 2570 ό
489 2517 621 2579 Θεὸς
638 2517 786 2588 αύτῷ
816 2521 912 2588 οὐχ
935 2520 1008 2582 ὡς
1027 2519 1160 2589 (29')
1179 2521 1559 2590 προηγούμενα
1573 2522 1736 2594 δῶρα,

168 2609 291 2661 ἀλλ’
314 2609 387 2671 ὡς
410 2609 677 2676 ἀναγκαία
710 2612 845 2681 πρὸς
864 2611 959 2680 τὴν
991 2610 1220 2664 ἐνταῦθα
1252 2611 1345 2664 τοῦ
1376 2609 1512 2666 εἶναι
1543 2613 1739 2666 σύστα-

176 2716 298 2752 σιν·
321 2700 402 2752 ἵνα
440 2701 574 2768 μετὰ
603 2701 850 2770 σώματος
882 2700 1138 2771 ὑπάρχων
1162 2702 1221 2754 τὸ
1256 2703 1354 2772 μὲν
1378 2704 1475 2773 ζῇν
1505 2703 1591 2755 διὰ
1619 2704 1740 2756 τού-

171 2804 286 2840 των
334 2787 451 2858 ἐχη,
497 2789 558 2840 τὺ
607 2788 664 2841 δὲ
717 2791 896 2842 πονεῖν
956 2789 1050 2841 καὶ
1117 2790 1344 2844 κτᾶσθαι
1383 2791 1453 2845 τά
1511 2793 1740 2862 ρηθέντα

175 2881 389 2942 ἀόκνως
418 2881 594 2950 μετίη.

248 2971 366 3032 Φῶς
404 2970 459 3022 δὲ
503 2969 853 3039 περιεποίησε
899 2972 1240 3041 σωματικὸν,
1290 2972 1742 3044 καὶ“κατάλληλον

175 3061 342 3115 αὑτοῦ
373 3065 436 3132 τῇ
469 3063 646 3132 φύσει,
682 3064 776 3117 καὶ
803 3063 938 3133 ἀέρα
962 3063 1096 3134 πρὸς
1137 3064 1425 3133 ἀναπνοὴν,
1457 3064 1550 3116 καὶ
1579 3062 1740 3134 ὕδωρ,

1913 1075 2176 1145 Deinceps
2208 1076 2276 1131 de
2314 1073 2716 1144 sapientissime
2752 1070 2846 1126 Dei
2892 1070 3318 1142 gubernatione,
3350 1076 3402 1124 et

1841 1169 1910 1223 de
1957 1170 2024 1224 iis
2069 1185 2188 1239 quae
2234 1171 2473 1225 inaniter
2505 1176 2560 1223 et
2594 1167 2882 1222 temerarie
2926 1180 2958 1220 a
3012 1163 3306 1220 Ilanicbzeo
3350 1163 3404 1216 ln

1841 1262 2162 1316 criminibus
2193 1262 2258 1316 ad
2289 1259 2638 1316 asserendam
2673 1257 2971 1326 nequitiam
3002 1255 3215 1325 objecta
3244 1260 3405 1311 sunt.

1842 1368 1940 1425 pro
1969 1355 2176 1408 viribus
2208 1351 2498 1407 dicendum
2527 1357 2632 1406 est.
2670 1348 2894 1404 Multam
2937 1347 3404 1416 perturbationem

1840 1447 2046 1501 ordinis
2081 1446 2133 1500 in
2164 1445 2369 1499 nostris
2407 1443 2572 1498 rebus
2611 1447 2857 1496 aCCusat.
2904 1439 3130 1493 Divitias
3175 1446 3229 1491 et
3268 1452 3404 1506 pau-

1839 1545 2104 1606 pertatem
2127 1575 2143 1599 ,
2169 1536 2454 1589 sanitatem
2482 1544 2534 1588 et
2560 1531 3012 1592 invalctudiuem,
3040 1536 3298 1596 tauquam
3334 1527 3407 1580 sit

1841 1625 1895 1678 in
1939 1625 2018 1679 eis
2053 1624 2429 1693 inaequalitas,
2474 1620 2818 1676 criminatur.
2867 1617 3001 1671 Item
3047 1616 3220 1682 illud,
3264 1629 3407 1682 sepe

1842 1714 2143 1769 maleficum
2177 1714 2502 1784 supplicium
2535 1712 2714 1781 legum
2760 1709 3026 1778 effugere,
3057 1708 3406 1761 innocentem

1840 1823 1968 1862 vero
1997 1807 2175 1877 puniri
2201 1845 2216 1868 ,
2246 1805 2572 1875 quandoque
2602 1803 2766 1857 etiam
2801 1801 3078 1870 improbos
3118 1797 3406 1868 imperium

1840 1897 1894 1951 in
1923 1897 2058 1952 alios
2093 1896 2367 1950 invadere.
2399 1892 2699 1948 Dicendum
2734 1893 2902 1962 igitur
2930 1899 3049 1956 est,
3078 1888 3406 1961 productum

1837 2002 1958 2042 esse
2003 1986 2276 2039 hominem
2317 1984 2385 2036 ab
2431 1989 2652 2036 auctore
2696 1995 2796 2035 suo
2836 1981 2890 2034 in
2934 1980 3073 2033 banc
3116 1979 3315 2039 vitam,
3350 1987 3409 2030 ut

1838 2077 2046 2130 nullum
2096 2075 2241 2128 aliud
2290 2071 2567 2142 negotium
2628 2082 2843 2142 ageret,
2903 2085 3064 2140 quam
3121 2077 3179 2121 ut
3235 2067 3408 2122 solam

1837 2169 2087 2236 pietatem
2133 2175 2186 2219 et
2229 2165 2522 2226 virtutem,
2571 2168 2936 2231 compararet.
2994 2159 3116 2214 Haec
3170 2159 3315 2218 enim
3358 2159 3410 2212 si

1818 2255 2257 2326 'acquisivisset.
2291 2262 2437 2307 recte
2472 2255 2613 2306 hanc
2656 2253 2822 2304 vitam
2855 2258 3116 2304 tranaret.
3159 2245 3254 2303 llis
3285 2263 3411 2302 vero

1839 2347 2133 2416 neglectis.
2179 2345 2487 2415 periculose
2528 2343 2933 2411 demergeretur
2975 2341 3254 2410 deceptus.
3299 2337 3413 2392 Ali-

1839 2445 2083 2491 mentum
2116 2445 2296 2491 autem
2332 2434 2614 2504 corporis,
2645 2443 2698 2488 et
2725 2433 3008 2495 vestitum,
3040 2438 3095 2484 et
3141 2430 3406 2497 reliquum

1838 2538 2203 2601 tegumentum
2262 2527 2411 2580 dedit
2453 2526 2598 2579 Deus
2646 2524 2749 2594 ipsi
2800 2539 2908 2576 non
2953 2531 3210 2591 tanquam
3259 2519 3401 2573 dona

1838 2622 2141 2691 praecipua,
2185 2617 2276 2672 sed
2333 2626 2587 2685 tanquam
2638 2614 2947 2668 necessaria
2993 2613 3058 2667 ad
3107 2612 3269 2664 vitam
3319 2611 3409 2662 hic

1840 2711 2094 2765 tuendam
2126 2728 2140 2764 :
2177 2717 2233 2762 ut
2262 2707 2389 2761 dum
2419 2721 2619 2776 corpus
2649 2705 2847 2768 habet,
2879 2714 2989 2757 tum
3033 2704 3228 2756 horum
3276 2714 3411 2770 pra:-

1841 2800 1982 2856 sidio
2033 2800 2217 2860 vivat,
2271 2805 2385 2850 tum
2435 2795 2662 2864 impigre
2716 2793 2959 2847 laborem
3010 2791 3309 2860 suscipiat,
3356 2798 3411 2842 et

1840 2905 1960 2961 qua:
1989 2888 2131 2941 dicta
2167 2895 2326 2950 sunt,
2360 2896 2511 2955 paret

1916 2976 2120 3031 Lumen
2164 2984 2343 3030 autem
2385 2974 2575 3027 ascivit
2612 2972 2660 3025 ei
2699 2987 3022 3041 corporeum
3056 2978 3264 3024 naturae
3295 2969 3414 3038 ejus

1845 3068 2176 3122 conveniens
2203 3107 2215 3128 ,
2253 3075 2364 3118 tum
2399 3079 2576 3116 aerem
2610 3063 2674 3115 ad
2706 3061 3009 3115 ducendum
3039 3061 3290 3129 spiritum
3313 3099 3327 3119 .
3362 3070 3416 3113 et

177 3156 274 3208 καὶ
301 3156 366 3206 τά
400 3155 529 3207 ἄλλα
571 3155 635 3224 δὴ
667 3155 767 3206 ὃσα
797 3156 1099 3222 ἀναγκαία·
1128 3155 1301 3208 ταῦτα
1331 3153 1439 3227 γὰρ
1469 3155 1621 3210 κοινὰ
1656 3157 1750 3224 μὲν

1853 3174 2047 3229 aquam
2098 3167 2151 3211 et
2202 3169 2536 3225 qumcunque
2584 3153 2685 3206 alia
2723 3152 3068 3208 necessaria:
3116 3150 3230 3204 hate
3271 3150 3415 3204 enim

178 3245 425 3312 φυπικῶς
471 3238 667 3297 ἅπασιν
719 3244 1022 3314 ἀνθρώποις
1080 3245 1312 3316 ὑπάρχει
1372 3245 1521 3315 παρά
1577 3246 1746 3298 Θεοῦ·

180 3336 276 3387 καὶ
300 3339 398 3387 οὑκ
431 3337 493 3387 ἄν
522 3353 605 3397 τις
635 3335 790 3404 φαίη,
828 3336 902 3399 ὡς
929 3336 1005 3405 τῷ
1033 3337 1221 3406 πένητι
1266 3337 1484 3389 ἔλαττον
1510 3336 1601 3389 τοῦ
1639 3356 1750 3404 φω-

178 3428 272 3488 τὸς
319 3426 538 3493 μέτεστι
572 3425 604 3493 ἢ
645 3424 742 3494 τῆς
783 3426 889 3477 τῶν
922 3426 1128 3478 ὑδάτων
1158 3426 1442 3496 χορηγίας,
1472 3425 1596 3480 οὔτε
1648 3428 1751 3496 μὴν

178 3517 283 3582 τῆς
307 3516 443 3585 πρὸς
479 3515 540 3566 τὸ
569 3515 666 3584 ζῇν
697 3516 1078 3585 φυσικωτάτης
1123 3518 1422 3589 άναπνοῆςο
1465 3519 1560 3569 καὶ
1589 3520 1756 3585 ἀναγ-

182 3605 345 3659 καίαν
379 3607 433 3658 δὲ
468 3607 566 3675 τὴν
593 3607 817 3678 τροφὴν,
862 3608 911 3659 εί
946 3609 1038 3660 καὶ
1084 3609 1156 3678 μὴ
1189 3610 1313 3660 ἀνευ
1353 3608 1572 3680 ίδρῶτος
1602 3610 1755 3679 πορί-

185 3700 360 3762 ζεται,
392 3699 527 3750 ’ἀλλ’
585 3700 734 3768 ὅμως
785 3700 958 3761 κοινὸς
1016 3702 1130 3761 τοῖς
1182 3702 1313 3754 πᾶσι
1371 3701 1472 3768 τῆς
1520 3699 1655 3770 πρὸς
1696 3701 1756 3752 τὺ

185 3789 501 3857 ἀναγκαίως
547 3789 644 3859 ζῇν
687 3791 947 3860 χορηγίας
973 3793 1002 3843 ὀ
1034 3791 1250 3861 τρόπος.
1291 3791 1501 3860 Χρυσός
1551 3807 1610 3844 τε
1661 3791 1756 3843 καὶ

188 3881 447 3950 ἄργυρος,
480 3880 572 3932 καὶ
603 3877 738 3931 λίθοι
765 3880 955 3949 τίμιοι,
985 3881 1111 3950 παρ’
1143 3880 1307 3933 αὑτοῦ
1336 3881 1430 3934 καὶ
1453 3879 1620 3933 ταῦτα
1647 3882 1756 3942 τοῖς

189 3969 545 4036 κεκτημένοις
590 3968 857 4037 ὑπάρχει·
893 3968 954 4020 οὑ
998 3967 1104 4037 μὴν
1136 3966 1294 4020 πλέον
1325 3984 1377 4019 τι
1410 3966 1754 4037 συμϐάλλοιτ’

193 4060 262 4112 ἂν
322 4057 455 4125 πρὸς
502 4058 600 4126 τὴν
650 4058 1052 4127 προειρημένην
1100 4057 1388 4126 ἐμπορίαν,
1438 4058 1487 4110 sl
1540 4056 1613 4126 μὴ
1664 4058 1756 4108 καὶ

196 4146 398 4217 μᾶλλον
455 4148 793 4217 ἐμποδίσειεν
836 4149 919 4200 ἄν.
967 4147 1154 4216 Ὅμως
1195 4147 1252 4199 δὲ
1303 4145 1423 4201 οὔτε
1468 4147 1627 4217 πενίᾳ
1668 4147 1757 4199 άν-

195 4240 415 4306 ἐφικτος
469 4241 503 4308 ἡ
562 4239 882 4308 προτεθεῖσα
932 4238 1080 4306 παρά
1136 4236 1270 4290 Θεοῦ
1302 4240 1413 4299 τοῖς
1447 4236 1753 4306 ἀνθρώποις

195 4329 414 4398 πορεία,
443 4327 565 4382 οὔτε
598 4329 813 4398 πλούτῳ
853 4327 1049 4397 μᾶλλον
1077 4326 1261 4397 ῥᾳδίαο
1297 4325 1407 4379 ἀλλ’
1438 4325 1760 4395 ἀμφοτέρως

196 4425 373 4476 ἔνεστι
400 4425 512 4484 τοῖς
562 4439 625 4490 γε
657 4422 1090 4483 σπουδαιοτάτοις
1135 4421 1234 4491 τὴν
1277 4421 1639 4491 προκειμένην
1678 4437 1761 4472 τε-

1856 3259 2076 3306 auctore
2110 3249 2215 3304 Deo
2243 3246 2552 3301 communia
2596 3251 2723 3299 sunt
2767 3245 3088 3297 naturaliter
3134 3256 3257 3296 cum
3303 3255 3420 3293 om-

1853 3346 2016 3398 nibus
2062 3339 2416 3404 hominibus;
2462 3351 2562 3390 nec
2609 3336 2753 3390 ullus
2795 3335 2977 3389 dicere
3019 3334 3194 3403 possit
3239 3332 3420 3385 minus

1855 3433 2077 3488 .uminis
2107 3431 2370 3499 impartiri
2409 3429 2665 3498 pauperi,
2701 3441 2876 3495 neque
2906 3427 3086 3478 minus
3121 3438 3273 3492 aqua:
3301 3437 3425 3491 ευρι-

1854 3524 2117 3594 peditari,
2155 3537 2328 3590 neque
2364 3521 2544 3574 minus
2579 3518 2718 3572 aeris
2752 3515 2817 3568 ad
2849 3514 3262 3583 respirationem
3297 3527 3422 3580 qum

1854 3625 1937 3670 est
1968 3615 2034 3668 ad
2066 3612 2355 3668 vivendum
2388 3611 2624 3665 maxime
2669 3606 2932 3661 naturalis
2953 3647 2965 3668 ,
3007 3613 3059 3658 et
3106 3604 3421 3655 alimentum

1856 3707 2226 3761 necessarium
2249 3745 2262 3766 ,
2302 3700 2515 3755 tametsi
2558 3714 2665 3753 non
2705 3700 2824 3752 sine
2854 3695 3052 3750 sudore
3085 3693 3420 3762 suppeditat.

1856 3800 2060 3853 Aurum
2097 3805 2276 3850 autem
2310 3800 2362 3847 et
2390 3798 2672 3860 argentum
2706 3798 2760 3850 et
2791 3787 2999 3857 lapides
3034 3787 3302 3854 pretiosos
3325 3783 3422 3862 qui

1858 3891 2058 3944 habent
2079 3928 2093 3951 ,
2122 3888 2189 3941 ab
2219 3888 2337 3954 ipso
2361 3884 2652 3954 accipiunt.
2678 3879 2800 3934 Non
2823 3887 3006 3933 tamen
3030 3879 3152 3947 plus
3177 3874 3425 3928 conferre

1858 3983 2068 4052 possint
2092 3979 2158 4032 ad
2189 3977 2500 4030 facultatem
2519 4015 2533 4039 ,
2562 3987 2725 4039 quam
2754 3970 3005 4039 superius
3033 3967 3291 4030 diximus,
3318 3965 3423 4018 nisi

1861 4070 2034 4139 magis
2062 4069 2222 4122 etiam
2257 4066 2540 4136 impedire.
2572 4062 2781 4116 Tamen
2810 4075 2986 4129 neque
3023 4057 3286 4128 profectio
3327 4057 3427 4108 ho-

1861 4163 2100 4216 minibus
2154 4174 2182 4212 a
2236 4157 2343 4211 Deo
2393 4155 2702 4225 proposita,
2749 4157 3068 4222 paupertate
3111 4148 3421 4217 impeditur,

1861 4267 2036 4321 neque
2063 4249 2268 4303 divitiis
2305 4246 2516 4300 facilior
2547 4243 2798 4298 efficitur.
2836 4230 2943 4294 Sed
2973 4238 3205 4307 utraque
3236 4235 3428 4291 condi-

1859 4345 2005 4397 tione
2036 4339 2292 4396 studiosis
2323 4345 2377 4391 et
2408 4336 2641 4389 maxime
2671 4333 2956 4386 industriis
2987 4345 3049 4383 ac
3078 4329 3268 4398 gnaris
3301 4329 3428 4382 licet

1863 4433 2211 4489 constitutam
2240 4430 2384 4482 viam
2414 4435 2470 4481 et
2503 4425 2830 4479 destinatam
2859 4421 3127 4476 conficere
3154 4440 3165 4473 :
3198 4434 3429 4488 paupere

201 4515 322 4583 μεῖν
346 4512 462 4566 ὁδόν
481 4529 494 4543 ·
528 4513 686 4566 πενία
715 4513 812 4582 μὲν
845 4513 950 4582 γὰρ
975 4511 1060 4565 διὰ
1097 4513 1389 4582 καρτερίας
1417 4513 1509 4565 καὶ
1549 4511 1750 4564 ἐλευθε-

1865 4531 1948 4576 tas
1977 4521 2120 4576 enim
2152 4535 2248 4589 per
2288 4516 2630 4571 tolerantiam
2678 4521 2730 4566 et
2772 4512 3110 4570 libertatem,
3151 4507 3424 4576 opulentia

191 4604 468 4674 ριότητος,
513 4603 740 4666 πλοῦτος
787 4603 844 4656 δὲ
892 4603 981 4656 διὰ
1031 4602 1489 4673 μετριοφροσύνης
1534 4603 1626 4655 καὶ
1666 4601 1759 4653 τοῦ

206 4695 470 4764 προτιμᾷν
511 4695 620 4746 τῶν
655 4692 914 4747 δοθέντων
937 4693 1026 4745 τὸν
1055 4693 1340 4756 δεδωκότα,
1369 4691 1762 4762 κατορθώσειεν

201 4785 266 4838 ἂν
294 4784 354 4837 τὸ
381 4784 832 4853 σπουδαζόμενον,
861 4784 936 4848 ὡς
973 4786 1106 4854 μήτε
1145 4785 1232 4835 τὸν
1264 4780 1605 4850 πτωχεύοντα
1636 4783 1762 4834 δυσ-

201 4875 421 4944 χερείας
470 4877 596 4928 ἄνευ
647 4875 740 4927 καὶ
801 4875 974 4927 πόνων
1018 4873 1324 4928 ἐπιϐάλλειν
1370 4873 1447 4943 τῷ
1493 4873 1764 4942 κατορθώ-

204 4983 336 5035 tum
357 4979 370 4996 °
408 4965 613 5019 δεῖσθαι
643 4967 698 5019 δὲ
730 4967 1071 5038 προσεχείας,
1106 4968 1154 5017 εί
1194 4965 1285 5017 καί
1310 4981 1390 5026 τις
1421 4963 1569 5033 αύτῷ
1602 4965 1766 5033 πρόσ-

201 5072 350 5110 εστιν
385 5057 755 5126 ἁφροντιστία,
785 5057 920 5127 πρὸς
950 5055 1010 5108 τὸ
1044 5056 1119 5125 μὴ
1158 5055 1256 5124 τῆς
1313 5054 1582 5122 πτωχείας
1609 5055 1766 5124 χάριν

201 5145 551 5217 ἀνελεύθερόν
582 5165 635 5200 τι
666 5150 764 5218 μὲν
793 5149 1010 5220 δρᾶσαι,
1043 5149 1487 5216 ἀγανακτήσαντα
1527 5146 1582 5198 δὲ
1631 5147 1765 5216 πρὸς

203 5237 409 5308 ταύτην
440 5239 708 5307 διελέγξαι
741 5241 839 5311 τὴν
880 5241 1084 5293 οἰκείαν
1129 5238 1404 5309 πρόθεσιν.
1447 5237 1520 5299 ὼς
1569 5237 1767 5307 μᾶλλον

208 5331 278 5384 ἀν
307 5329 436 5383 Θεοῦ
472 5333 649 5400 τιμῲη
695 5331 763 5383 τά
811 5331 944 5402 πρὸς
980 5329 1142 5384 αὑτοῦ
1180 5330 1456 5399 διδόμενα·
1505 5330 1640 5397 μήτε
1675 5329 1765 5380 τὸν

209 5420 524 5492 περιουσίαν
549 5422 806 5492 πλείστην
839 5439 1004 5489 κεκτη
1015 5422 1170 5490 μένον
1195 5423 1352 5475 ὠνίου
1376 5422 1568 5489 τρόπον
1597 5420 1770 5488 ἐαυτῷ

207 5512 468 5567 δύνασθαι
500 5513 779 5566 εὐσέϐειάν
813 5530 873 5566 τε
908 5514 1000 5566 καὶ
1024 5512 1220 5583 ἀρετὴν
1261 5511 1604 5582 πορίσασθαι,
1638 5509 1770 5562 ἀλλά

285 5626 396 5693 (9.8)
429 5626 692 5689 Ῥητέον.
724 5644 775 5678 κ.
801 5644 853 5681 τ.
885 5629 933 5681 λ.
958 5629 1091 5682 Vide
1132 5628 1267 5680 infra
1294 5628 1346 5679 in
1396 5625 1771 5692 Snpplementis

213 5695 282 5749 9d
315 5698 411 5749 bos
444 5693 546 5748 Titi
575 5697 881 5752 ltostrensis
911 5699 1101 5761 libros,
1133 5697 1221 5750 ubi
1258 5698 1283 5764 ᾗ
1330 5696 1368 5748 ll
1411 5713 1473 5749 ex
1527 5694 1772 5746 I’aralte-

213 5769 281 5820 tis
307 5766 696 5818 Damascenieis
725 5765 1032 5833 descriptus
1066 5769 1353 5820 exhibetur
1383 5765 1673 5833 hicilocus.

289 5836 399 5906 (29)
425 5835 738 5904 Παρῆκται.
766 5832 973 5891 Ραταίι.
1014 5837 1140 5902 l.c.,
1166 5834 1434 5904 παρήχθη.
1479 5832 1596 5889 Mox
1633 5832 1760 5887 ibid.

1860 4627 1991 4666 vero
2016 4626 2111 4680 per
2137 4608 2452 4662 modestiam
2481 4613 2533 4658 ct
2559 4605 2763 4657 cultum
2794 4602 3159 4668 honoremque
3187 4599 3426 4652 auctoris

1862 4703 2128 4756 bonorum
2160 4715 2319 4769 quem
2351 4698 2630 4765 anteponit
2658 4693 2816 4747 bonis
2845 4693 2978 4761 ipsis
2997 4733 3009 4753 .
3047 4691 3302 4761 perficere
3330 4705 3430 4757 p0-

1863 4800 1969 4846 test
2010 4790 2155 4860 quod
2189 4788 2368 4842 studet
2401 4794 2453 4838 et
2492 4787 2742 4848 laborat;
2777 4789 2832 4834 ut
2863 4798 3036 4851 neque
3070 4794 3273 4848 pauper
3309 4779 3431 4831 sine

1865 4879 2177 4933 difficultate
2218 4887 2271 4931 et
2305 4876 2584 4929 laboribus
2626 4879 2952 4940 assequatur
2999 4870 3293 4933 virtutem;
3336 4869 3430 4921 sed

1864 4981 2017 5042 egeat
2049 4971 2228 5025 studio
2265 4977 2318 5022 et
2361 4967 2739 5027 accuratione.
2784 4964 2828 5016 si
2872 4977 2977 5032 qua
3027 4961 3078 5012 in
3128 4961 3244 5030 ipso
3291 4960 3432 5011 inest

1867 5065 2111 5126 incuria,
2143 5079 2210 5115 ne
2243 5070 2459 5130 propter
2502 5063 2872 5127 paupertatem
2925 5051 3125 5120 aliquid
3169 5049 3430 5102 illiberale

1868 5156 2063 5216 faciat,
2090 5162 2143 5208 et
2173 5153 2301 5206 dum
2330 5153 2514 5218 iniquo
2542 5150 2723 5202 animo
2755 5148 2854 5200 fert
2884 5152 3250 5214 paupertatem
3275 5181 3288 5198 .
3316 5139 3431 5192 ani-

1869 5262 2016 5301 mum
2045 5261 2202 5300 suum
2235 5259 2296 5296 ac
2327 5245 2659 5295 voluntatem
2693 5239 3021 5309 patefaciat;
3054 5245 3110 5288 ut
3139 5225 3230 5303 qui
3260 5230 3431 5298 magis

1871 5353 2029 5406 quam
2057 5336 2224 5388 Deum
2250 5375 2262 5396 .
2294 5337 2523 5386 honoret
2553 5348 2616 5385 ca
2643 5347 2760 5400 qua:
2787 5347 2815 5383 a
2850 5329 2958 5382 Deo
2987 5327 3184 5380 dantur
3211 5341 3225 5376 :
3257 5334 3432 5387 neque

1870 5430 1962 5498 qui
1994 5427 2197 5481 divitiis
2245 5425 2443 5480 afﬂuit.
2489 5425 2658 5492 possit
2708 5422 2810 5474 sibi
2858 5421 3029 5473 instar
3069 5415 3142 5469 rei
3190 5410 3429 5471 venalis.

1873 5522 2124 5590 pietatem
2160 5526 2213 5572 et
2245 5518 2494 5571 virtutem
2530 5528 2824 5583 compari...
2870 5554 2882 5576 ,
2926 5509 3056 5579 quin
3093 5506 3272 5576 potius
3304 5502 3430 5571 plus

1872 5631 2198 5693 διανήξαιτο.

1945 5684 2074 5766 (εὑτι
2113 5703 2235 5765 Οὐχ
2267 5698 2362 5760 ὼς.
2406 5695 2526 5748 ηερε
2559 5695 2896 5766 addidimus.
2934 5697 2986 5766 et
3033 5684 3296 5740 sententia
3330 5696 3432 5752 p01-

1877 5757 2132 5830 stulantt,
2165 5757 2487 5822 erret—sione
2511 5768 2574 5819 it».
2608 5763 2906 5818 exltibentc.
2942 5757 3090 5810 Eutr.
