4058 6330
587 376 723 436 1151

1781 374 1919 433 τιτι
1960 373 2394 435 θοετειειιειε
2432 375 2748 435 EPISCOPI

3734 378 3870 438 "5!

658 489 769 549 Sed
793 494 938 550 dlcet
968 494 1192 564 aliquis,
1225 493 1402 562 magis
1441 501 1795 566 torqueretur
1837 494 2176 551 uinulentia

2347 492 2488 564 σαίη
2511 492 2559 547 δ’
2604 493 2673 548 ἀν
2702 507 2809 556 τις,
2845 490 2924 556 ὡς
2957 491 3118 547 πλέον
3141 489 3208 546 ἀν
3249 489 3582 561 ἐϐασανίσθη
3625 487 3740 544 τῶν
3778 493 3858 546 ἀν-

588 585 895 650 homlnum,
913 586 962 642 si
976 585 1162 641 nullus
1178 585 1460 642 maleﬁcus
1477 584 1855 656 deprehensus
1871 585 2176 656 puniretur:

587 685 782 731 contra
811 690 939 731 vero
960 677 1141 730 evenit
1169 683 1230 729 ut
1268 676 1430 746 plane
1462 677 1534 732 sit
1565 676 1806 730 hortatio
1840 674 2089 747 quedam
2109 674 2179 731 ad

589 766 918 824 maleﬁcium
939 765 1274 827 faciendum,
1295 766 1564 836 quosdam
1585 765 1864 822 maleﬁcos
1885 764 2182 836 aliquando

590 871 702 914 non
728 857 1124 927 comprehendi
1154 872 1184 911 a
1218 858 1434 929 legibus
1461 874 1475 911 :
1509 857 1653 912 unde
1683 865 1974 928 utrumque
1996 870 2184 912 neces-

591 949 802 1004 sarium
839 956 948 1010 est.
1008 959 1066 1005 et
1120 948 1366 1003 incidere
1411 947 1721 1002 maleﬁcum
1787 948 1844 1002 in
1895 948 2064 1019 leges,
2116 959 2184 1002 ac

589 1038 982 1109 comprehendi
1013 1039 1081 1094 ad
1101 1039 1409 1109 exemplum
1434 1038 1644 1093 vitandi
1678 1039 1930 1095 maleﬁcii
1959 1056 1974 1106 ;
2004 1046 2061 1096 et
2089 1037 2185 1093 ei-

592 1129 784 1201 i'ugere
827 1139 1166 1186 tormentum
1203 1139 1260 1186 et
1286 1130 1596 1185 cruciatum
1647 1131 2017 1202 cogitationis.
2073 1130 2187 1186 llo-

587 1224 730 1280 tnini
764 1225 909 1280 enim
936 1224 1003 1280 ad
1033 1224 1343 1296 eligendqu
1364 1225 1623 1279 virtutem
1655 1233 1710 1281 et
1745 1226 1941 1281 vitium
1986 1224 2181 1284 libero.

591 1317 676 1374 sic
711 1317 856 1373 facto
895 1333 925 1372 a
979 1316 1112 1380 beo,
1161 1317 1299 1374 foris
1338 1319 1550 1373 accedit
1576 1361 1591 1383 ,
1648 1331 1709 1374 ut
1751 1320 1992 1390 quodam
2023 1317 2184 1375 modo

592 1429 751 1470 mens
779 1413 902 1482 ejus
927 1413 1238 1483 adjuvetur,
1289 1422 1345 1467 et
1378 1415 1538 1484 quasi
1587 1412 1847 1468 fulciatur
1889 1413 2086 1468 timore
2129 1419 2185 1466 et

593 1505 882 1562 vacatione
920 1504 1160 1568 timoris,
1209 1505 1616 1560 hortationibus
1689 1514 1745 1559 et
1786 1502 2186 1558 dehortatioui-

594 1597 723 1663 bus,
759 1597 952 1652 morbo
979 1604 1037 1652 et
1068 1597 1323 1662 sanitate,
1352 1604 1677 1667 paupertate
1722 1602 1778 1650 et
1811 1594 2009 1664 opibus
2036 1610 2052 1659 ;
2087 1593 2184 1649 de-

596 1690 765 1759 nique
803 1689 986 1744 omnia
1016 1703 1138 1758 qua:
1157 1689 1436 1742 contraria
1480 1689 1622 1742 inter
1646 1701 1706 1742 se
1738 1685 2013 1748 videntur,
2053 1698 2187 1739 cou-

597 1795 733 1837 sone
755 1796 818 1835 ac
852 1780 1248 1836 convenienter
1283 1780 1336 1833 in
1374 1793 1545 1832 unum
1571 1779 1804 1832 tendunt
1831 1785 1886 1832 et
1914 1781 2183 1848 spectant.

2283 584 2519 658 epam
2538 587 2574 656 ἠ
2594 583 2872 657 πρόθεσις,
2893 585 2944 638 sl
2971 583 3156 655 μηδεὶς
3183 580 3487 654 κακοῦργος
3511 580 3866 652 ἐλεγχόμενος

2282 681 2634 751 ιτιμωρεῖτο·
2667 679 2856 746 γέγονε
2890 676 2948 730 δὲ
2975 677 3280 732 τούναντίον
3299 677 3563 744 ἄντικρυς
3584 674 3864 747 προτροπὴ

2281 769 2380 824 τοῦ
2411 774 2780 843 κακοπραγιῖν
2808 769 2874 823 τὸ
2904 769 2981 839 μὴ
3024 768 3536 840 καταλαμϐάνεσθαι
3570 783 3706 820 ποτε
3737 768 3865 836 προς

2285 861 2392 916 τῶν
2417 861 2601 934 νόμων
2631 862 2794 926 ἑνίοις
2823 859 2933 914 τῶν
2963 862 3253 930 μετιόντων
3285 860 3355 914 τά
3385 860 3562 915 κακά·
3592 857 3721 913 ὅθεν
3749 858 3861 914 ω

2281 969 2442 1026 τερον
2471 957 2784 1024 ἀναγκαῖον,
2809 954 2904 1009 καὶ
2925 955 2987 1006 τὸ
3011 955 3420 1024 παρεμπίπτειν
3439 953 3532 1006 τὸν
3554 950 3865 1022 κακοῦργον

2283 1049 2366 1112 είς
2395 1049 2711 1120 ἀνατροπῆς
2753 1046 3078 1117 ὑπόδειγμα,
3119 1047 3214 1100 καὶ
3270 1046 3614 1120 διαφεύγειν
3637 1045 3865 1116 βάσανον

2285 1140 2572 1212 λογισμοῦ.
2612 1139 2908 1211 Ἑλευθόρῳ
2941 1140 3050 1210 γὰρ
3077 1138 3154 1209 τῷ
3190 1139 3462 1210 ἁνθρώταμ
3494 1139 3636 1210 πρὸς
3661 1140 3868 1210 αἳρεσιν

2285 1233 2489 1306 ἀρετῆς
2515 1234 2610 1290 καὶ
2648 1233 2864 1298 κακίας,
2904 1231 3047 1286 οὕτω
3075 1232 3213 1302 πρὸς
3246 1231 3382 1284 Θεοῦ
3407 1233 3716 1302 γενομένῳ,
3741 1229 3866 1296 ιξω-

2286 1325 2379 1378 θεν
2433 1325 2815 1396 προϋπάρχει·
2847 1325 2942 1377 καὶ
2983 1323 3045 1377 τὸ
3095 1322 3401 1393 βοηθεῖσθαι
3443 1325 3539 1376 καὶ
3571 1323 3867 1394 ἐρείδεσθαι

2286 1418 2489 1490 τρόπον
2511 1418 2634 1472 τινά
2656 1418 2756 1489 τὴν
2779 1417 3035 1480 διάνοιαν,
3062 1411 3171 1470 οἷον
3196 1415 3286 1469 διὰ
3307 1416 3475 1484 φόϐου
3496 1419 3594 1471 καὶ
3619 1415 3865 1485 ἀτρώίας.

2288 1508 2612 1580 προτροπῶν
2639 1524 2698 1562 τε
2728 1509 2824 1562 καὶ
2856 1507 3203 1584 ἀποτροπιῖιν,
3243 1509 3399 1561 νόσου
3427 1526 3489 1562 τε
3525 1510 3626 1563 καὶ
3663 1511 3866 1577 ὑγείας,

2289 1603 2480 1667 πενίας
2526 1617 2586 1654 τε
2621 1601 2715 1656 καὶ
2761 1600 3015 1662 πλούτου.
3047 1601 3141 1655 καὶ
3185 1601 3364 1655 πάντα
3406 1600 3478 1656 τὰ
3531 1601 3868 1657 ἀντικεῖσθαι

2289 1693 2538 1764 ἀλλήλοις
2560 1689 2842 1757 δοκοῦντα,
2873 1692 3176 1764 συμφώνως
3211 1692 3346 1764 πρὸς
3385 1692 3444 1745 ἓν
3479 1695 3675 1758 τείνει,
3705 1695 3782 1759 ὡς
3810 1695 3869 1749 ἀν

2288 1784 2381 1838 τὸν
2421 1784 2760 1856 ἀνθρώπινον
2802 1784 2927 1841 νοῦν
2958 1783 3311 1857 διαγυμνάζοι
3349 1785 3517 1856 μηδὲν
3561 1786 3869 1841 ἀποκαθεύ-

599 1881 659 1928 ut
692 1873 986 1927 humanam
1015 1880 1251 1926 mentem
1281 1877 1601 1932 exerceant.
1635 1876 1689 1923 et
1729 1881 1890 1923 nemo
1923 1881 1983 1922 se
2023 1865 2186 1921 dedat

2289 1877 2418 1941 δειν,
2449 1876 2697 1931 ἀπεῦθεν
2731 1877 2788 1931 δὲ
2824 1876 3076 1932 κάκεῖθεν
3115 1878 3614 1949 κατακρουόμενον,
3655 1879 3868 1950 διεγρηο

596 1979 793 2022 somno
817 1981 832 2030 ;
859 1965 994 2034 quin
1031 1964 1216 2034 potius
1249 1963 1377 2017 hinc
1407 1970 1462 2018 et
1510 1962 1660 2017 illinc
1700 1962 1894 2031 pulsus
1936 1968 1991 2014 et
2031 1959 2185 2014 exci-

596 2065 771 2120 tatus,
799 2055 986 2126 vigilet
1013 2054 1078 2110 ad
1105 2054 1342 2110 oﬁlcium
1375 2055 1596 2124 pietatis
1623 2061 1679 2108 et
1706 2055 1928 2126 virtutis
1975 2054 2186 2107 obeun-

596 2115 833 2203 dum.-Si
857 2115 992 2203 vero
1023 2147 1258 2210 accidat.
1294 2156 1352 2200 ut
1378 2115 1580 2215 aliquis
1611 2115 1885 2216 puniatur'
1920 2159 2031 2198 non
2078 2159 2172 2199 soc-

598 2241 713 2295 lum
741 2242 1029 2303 innocens,
1062 2240 1157 2296 sed
1188 2240 1273 2294 vir
1301 2238 1665 2301 admirabilis,
1699 2247 1753 2293 et
1800 2235 1966 2316 abko
2012 2251 2188 2308 pcenz

596 2337 825 2390 virtutis
878 2343 1218 2405 repetantur.
1255 2333 1391 2404 quid
1433 2335 1686 2387 nocuerit
1717 2331 2053 2387 sustinenti?
2080 2330 2186 2383 Ar-

599 2429 716 2500 guit
744 2427 962 2499 quidem
994 2428 1099 2483 hoc
1126 2443 1220 2484 eos
1251 2429 1345 2498 qui
1382 2427 1610 2490 faciunt.
1640 2441 1752 2480 non
1782 2441 1908 2481 eum
1937 2425 2028 2494 qui
2063 2440 2187 2478 sus-

607 2523 764 2584 tinet,
799 2523 924 2577 licet
955 2536 1130 2592 usque
1152 2520 1220 2576 ad
1286 2527 1517 2576 mrtem
1552 2520 1798 2587 iniquum
1853 2517 2184 2588 supplicium

602 2615 1002 2685 progrediatur.
1059 2611 1163 2679 Qui
1195 2612 1322 2666 talis
1367 2619 1472 2673 eat.
1512 2611 1910 2682 anticipatione
1965 2609 2184 2671 mortis,

599 2721 724 2778 qua!
763 2707 1044 2770 pertinent
1101 2704 1169 2761 ad
1209 2707 1371 2760 vitam
1409 2704 1673 2764 futuram.
1714 2700 2010 2758 meditatus
2052 2709 2181 2755 est:

600 2800 687 2854 cui
716 2799 863 2854 enim
890 2799 1022 2852 nihil
1055 2814 1220 2854 suave
1243 2806 1554 2858 esteorum,
1577 2811 1700 2866 qua:
1722 2795 1911 2849 multis
1930 2791 2185 2863 jucunda

603 2899 755 2953 sunt,
783 2907 884 2946 nec
925 2893 1220 2953 acerbum,
1255 2904 1436 2945 annon
1494 2895 1580 2944 est
1632 2886 1723 2940 hic
1773 2893 1899 2939 ante
1951 2893 2185 2939 mortem

605 2983 733 3037 huic
759 2983 882 3035 vita!
914 2982 1205 3038 mortuus?
1234 2981 1335 3048 Qui
1393 2981 1482 3035 hic
1516 2995 1581 3035 ea
1626 2994 1748 3049 quae
1800 2977 2188 3031 existimantur

603 3070 818 3127 insidiae
857 3071 1029 3135 facte,
1084 3073 1204 3127 loco
1234 3071 1486 3126 beneﬁcii
1532 3077 1586 3124 et
1634 3070 1820 3138 gratia:
1847 3068 2020 3130 ducit,
2081 3081 2186 3137 qua

601 3171 892 3235 exspectat
923 3171 1042 3233 post
1073 3163 1216 3220 hanc
1247 3164 1414 3216 vitam
1449 3163 1659 3230 majora
1707 3162 1857 3216 bona
1899 3163 2184 3232 consequi,

603 3271 767 3326 quam
796 3271 865 3313 ea
893 3271 1012 3325 qua:
1049 3256 1356 3324 relinquere
1391 3255 1625 3314 videtur.
1659 3253 1723 3306 ad
1764 3267 1887 3322 qua;
1925 3252 2192 3306 abinimi-

2286 1969 2506 2042 γορέναι
2531 1969 2667 2040 πρὸς
2689 1968 2751 2022 τὸ
2778 1969 2937 2042 ἔργον
2964 1969 3065 2040 τῆς
3085 1969 3362 2034 εὐσεϐείας
3388 1971 3485 2025 καὶ
3516 1972 3618 2041 τῆς
3649 1973 3866 2043 ἀρετῆς.

2287 2061 2351 2116 El
2381 2061 2438 2115 st
2476 2063 2568 2115 καὶ
2621 2060 2945 2126 κολάζεσθαί
2989 2078 3109 2116 τινα
3135 2061 3441 2131 συμϐαίνοι,
3483 2063 3588 2116 οὐκ
3633 2063 3869 2116 ἀναίτιον

2291 2154 2471 2226 μόνον,
2502 2153 2638 2207 ἀλλὰ
2670 2153 2765 2208 καὶ
2798 2152 3103 2224 Θαυμάσιον
3126 2154 3312 2224 ἀνδρα,
3345 2153 3441 2208 καὶ
3478 2153 3643 2224 δίκην
3674 2154 3869 2225 ἀρετῆς

2288 2243 2635 2299 ἀπαιτεῖσθαι
2663 2242 2884 2306 τοῦτον,
2917 2244 2969 2296 τί
2995 2243 3060 2297 ἂν
3091 2243 3286 2314 βλάϐος
3306 2245 3652 2316 προσαγάγοι
3678 2245 3755 2316 τῷ
3779 2247 3870 2298 πάο

2291 2355 2472 2408 σχοντι
2493 2353 2508 2403 ;
2533 2336 2797 2406 διελέγχει
2831 2337 2929 2406 μιν
2952 2336 3056 2409 γὰρ
3078 2337 3203 2400 τοὺς
3227 2337 3534 2399 ποιοῦντας.
3549 2338 3614 2390 οὐ
3643 2337 3868 2409 βλάπτει

2287 2430 2344 2482 δὲ
2376 2428 2468 2480 τὸν
2496 2427 2855 2498 ὕπομάνοντα,
2898 2426 3000 2480 κᾶν
3028 2425 3132 2490 ἓως
3161 2427 3390 2480 θανάτου
3420 2426 3661 2498 φέρηται
3685 2427 3758 2481 τὰ
3779 2427 3872 2496 τῆς

2289 2520 2483 2587 ἀλόγου
2517 2516 2807 2592 τιμωρίας.
2836 2517 3051 2581 Φθάσας
3089 2517 3197 2589 γὰρ
3233 2519 3327 2584 ὅγε
3378 2517 3645 2580 τοιοῦτος,
3691 2517 3870 2587 νεκρό-

2285 2627 2410 2681 τητι
2446 2608 2517 2662 τά
2568 2609 2704 2676 πρὸς
2753 2607 2846 2659 τὸν
2875 2606 2988 2677 βίον
3042 2608 3444 2679 μεμελέτηκεν·
3557 2609 3671 2678 γάρ
3711 2607 3871 2678 μηδὲν

2291 2702 2390 2770 μὶν
2429 2699 2527 2770 ήδὺ
2556 2697 2664 2751 τῶν
2696 2699 2810 2762 τοῖς
2837 2697 3072 2762 πολλοῖς,
3108 2698 3141 2771 ἢ
3174 2698 3354 2770 ἀηδὲς,
3395 2697 3513 2760 πῶς
3532 2699 3659 2768 οὐχὶ
3684 2698 3872 2770 νεκρὸς

2288 2791 2381 2845 τοῦ
2417 2791 2533 2860 βίου
2567 2790 2662 2844 καὶ
2700 2790 2807 2862 πρὸ
2838 2790 3071 2844 Θανάτου
3100 2791 3192 2858 ὅγε
3226 2789 3466 2854 τοιοῦτος
3495 2790 3868 2860 iubemus;

2289 2886 2369 2947 εις
2403 2885 2561 2956 χάριν
2597 2887 2695 2955 τήν
2721 2900 2785 2952 γε
2829 2882 3189 2954 νομιζομένην
3230 2883 3521 2954 ἐπιϐουλὴν
3561 2884 3868 2955 δεχόμενος,

2290 2971 2324 3049 ᾖ
2359 2976 2499 3046 μετά
2527 2976 2618 3029 τὸν
2652 2976 2900 3047 παρόντα
2929 2975 3041 3045 βίον
3079 2976 3350 3049 προσδοκᾷ
3377 2977 3623 3047 μείζοσιν
3650 2977 3872 3045 ἀγαθοῖς

2290 3069 2659 3135 ἐντεύξεσθαι,
2699 3061 2776 3123 ὧν
2821 3068 3110 3124 ἀπολιπεῖν
3151 3069 3317 3134 δοκεῖ,
3377 3069 3461 3138 ἐφ’
3493 3069 3532 3122 ἀ
3582 3070 3723 3142 πρὸς
3768 3070 3872 3123 τῶν

2291 3161 2502 3232 ἐχθρῶν
2528 3161 2738 3233 ταχέως
2770 3160 3298 3233 παραπεμπόμενος,
3327 3161 3404 3223 ὡς
3431 3163 3732 3231 εὐεργέτας
3750 3164 3872 3224 τοὺς

2291 3251 2741 3316 ἐπιϐουλεύοντας
2766 3251 2899 3324 εχει.

604 3352 686 3406 eis
716 3349 834 3408 suis
859 3350 972 3404 cito
1002 3347 1288 3412 dimissus,
1316 3356 1576 3418 tanquam
1606 3345 1881 3402 beneﬁcos
1910 3346 2062 3400 ducit
2084 3361 2184 3403 eos
2205 3348 2300 3417 qui
2328 3348 2379 3402 ei
2412 3346 2657 3402 insidiati
2690 3353 2842 3402 sunt.

989 3507 1118 3564 CAP.
1154 3506 1223 3561 Χ.
1259 3505 1436 3563 Parua
1460 3515 1581 3563 sunt
1612 3517 1922 3578 argumenta
1952 3510 2180 3566 uirtutis.
2214 3506 2445 3565 lanatis
2481 3507 2818 3579 blasphemia
2847 3508 2906 3562 in
2932 3506 3031 3563 Dei
3067 3509 3470 3578 prouidentiam.

677 3667 798 3724 Alia
823 3669 987 3722 etiam
1012 3667 1219 3722 ratione
1242 3666 1386 3737 apud
1415 3666 1662 3722 homines
1693 3668 2066 3723 necessarium
2095 3677 2186 3725 est

607 3761 850 3833 permitti
895 3774 924 3814 a
959 3758 1070 3816 Deo
1125 3769 1398 3814 tormenta
1447 3767 1502 3814 et
1546 3759 1867 3825 cruciatus.
1898 3767 1957 3815 ut
2010 3762 2186 3832 magis

609 3859 857 3922 spectata
885 3866 949 3906 ac
978 3852 1203 3921 probata
1247 3851 1317 3905 sit
1350 3851 1521 3905 libera
1549 3852 1766 3907 virtutis
1808 3853 2106 3923 susceptio,
2138 3852 2184 3906 si

607 3957 790 4013 neque
816 3951 1049 3997 mortem
1077 3952 1337 4011 oppetere
1383 3939 1722 3998 reformidet.
1767 3941 1885 3998 Jam
1910 3958 2033 3998 cum
2085 3945 2182 3997 im-

611 4033 811 4104 probos
832 4041 886 4087 et
909 4034 1150 4088 avaritia:
1182 4031 1395 4087 deditos
1423 4032 1723 4090 viderimus
1763 4035 2060 4105 aliquando
2086 4036 2187 4090 im-

610 4127 819 4196 perium
843 4135 1048 4191 tenere,
1082 4133 1136 4182 et
1163 4124 1229 4180 ad
1258 4128 1612 4198 magistratus
1642 4127 1807 4198 eligi;
1840 4129 1983 4183 scire
2019 4143 2188 4197 opor-

610 4226 688 4275 tet
721 4219 955 4290 permitti
1003 4219 1105 4274 hoc
1138 4220 1478 4290 providentia
1517 4236 1582 4276 ac
1629 4222 2022 4290 gubernatione
2047 4220 2141 4276 Dei
2172 4241 2184 4275 :

609 4326 735 4366 cum
759 4312 904 4366 enim
932 4312 1022 4380 qui
1049 4319 1177 4366 sunt
1213 4312 1318 4367 sub
1355 4313 1586 4382 imperio
1619 4315 1860 4384 peccatis
1883 4313 2187 4380 abundant,

610 4400 816 4470 justum
841 4401 1166 4470 supplicium
1201 4410 1286 4457 est
1318 4402 1580 4471 iniquitas
1603 4418 1794 4458 eorum
1828 4404 1923 4474 qui
1956 4405 2190 4474 imperio

2361 3665 2472 3718 Kal
2501 3663 2671 3727 ἄλλως
2724 3665 2782 3718 ἐν
2819 3663 3128 3736 ἀνθρώποις
3183 3665 3456 3734 ἀναγκαία
3497 3665 3599 3736 τῆς
3637 3666 3875 3736 βασάνου

2291 3759 2324 3827 ἡ
2379 3756 2529 3828 παρά
2584 3755 2677 3808 τοῦ
2730 3755 2866 3810 Θεοῦ
2911 3757 3277 3828 συγχώρησις,
3311 3758 3385 3820 ὡς
3429 3757 3496 3811 ἂν
3529 3759 3876 3832 δοκιμωτέρα

2293 3848 2551 3917 τυγχάνοι
2587 3851 2620 3917 ἡ
2651 3847 2858 3919 αἵρεσις
2890 3849 2986 3918 τῆς
3011 3848 3231 3919 ἀρετῆς,
3265 3850 3314 3901 εί
3349 3849 3479 3918 μηδὲ
3509 3847 3742 3903 θάνατον
3787 3852 3875 3904 εὐ-

2293 3939 2526 3993 λαϐοῖτο.
2569 3940 2846 4010 Πονηροὺς
2865 3940 2924 3993 δὲ
2961 3941 3054 3994 καὶ⁵
3080 3941 3489 4006 πλεονεκτικοίις
3509 3942 3639 3999 ὅταν
3679 3943 3875 4015 ἴδωμεν

2293 4031 2439 4085 ἔστιν
2471 4032 2558 4084 ὅτε
2599 4031 2956 4102 κρατοῦντας,
2981 4033 3074 4086 καὶ
3106 4033 3204 4095 τὰς
3235 4033 3411 4102 ἀρχάς
3430 4036 3869 4104 πιστευομένους·

2297 4122 2492 4187 ἰστέον,
2521 4123 2601 4176 ὅτι
2639 4124 2982 4195 συγχώρησίς
3010 4125 3239 4177 ἐστικαὶ
3257 4123 3414 4177 τοῦθ
3441 4126 3538 4194 τῆς
3564 4126 3878 4198 οἰκονομίας

2295 4211 2390 4267 τοῦ
2423 4213 2558 4267 Θεοῦ
2585 4230 2599 4245 ·
2661 4214 2881 4268 ἐπειδὰν
2927 4214 3036 4284 γὰρ
3063 4215 3133 4268 τά
3165 4215 3264 4284 τῆς
3298 4215 3572 4286 ἁμαρτίας
3606 4218 3871 4288 πλεονάζῃ

2295 4307 2405 4360 τῶν
2447 4308 2785 4378 ἀρχομένων,
2817 4307 3037 4371 κόλασις
3076 4307 3142 4360 ἀν
3179 4308 3391 4376 γένοιτο
3419 4307 3607 4363 δικαία
3642 4309 3757 4363 τῶν
3786 4313 3873 4378 ἀρ-

2295 4400 2498 4470 χόντων
2536 4402 2569 4468 ἡ
2603 4400 2812 4463 ἀδικία,
2866 4399 3289 4470 τιμωρουμένων
3320 4399 3358 4455 ἃ
3409 4401 3736 4471 πράττουσι,
3786 4406 3872 4456 καὶ

612 4500 877 4563 present.
910 4495 1001 4564 qui
1035 4495 1376 4550 ulciscuntur
1412 4510 1535 4564 qua
1567 4495 1806 4560 iaciunt,
1853 4503 1908 4551 et
1954 4497 2186 4566 puniunt

2295 4491 2628 4557 κολαζόντων
2676 4491 2712 4547 ἃ
2767 4491 3044 4546 ποιοῦσιν·
3112 4490 3188 4555 ὡς
3248 4486 3316 4546 ἀν
3375 4492 3586 4560 γένοιτο
3639 4496 3871 4566 μάλιστα

613 4599 733 4655 quin
759 4587 1109 4641 committunt
1136 4606 1150 4641 :
1179 4595 1242 4642 ut
1287 4587 1524 4642 maxime
1587 4595 1768 4658 pateat
1833 4604 1943 4644 non
1974 4592 2188 4646 contin-

612 4692 739 4748 gere
777 4689 835 4732 ut
885 4686 1169 4747 peccatum
1232 4678 1564 4749 impunitum
1610 4683 1702 4736 sit.
1735 4679 1939 4737 Rectus
1970 4682 2192 4751 quidem

613 4767 787 4822 videri
822 4775 997 4836 potest
1024 4767 1216 4836 judex,
1245 4769 1376 4839 quia
1422 4784 1492 4823 ne
1524 4770 1654 4838 quid
1687 4771 1811 4825 mali
1844 4773 2152 4826 committat
2177 4812 2192 4833 .

611 4876 706 4915 eos
727 4861 821 4930 qui
855 4861 1208 4916 committunt
1263 4865 1440 4932 punit.
1476 4862 1574 4919 Sin
1606 4872 1790 4918 autem
1831 4865 1879 4919 is
1901 4865 1994 4935 qui
2039 4865 2193 4934 judi-

611 4957 701 5002 cat
752 4949 941 5020 incipit
968 4965 1033 5004 ea
1081 4952 1373 5007 admittere
1419 4966 1541 5023 qua
1592 4953 1648 5006 in
1698 4953 1820 5007 aliis
1851 4952 2108 5018 vindicat,
2141 4964 2196 5009 ct

612 5040 788 5111 punit,
822 5049 878 5096 et
902 5042 1124 5112 quidem
1159 5044 1496 5114 impensius,
1533 5051 1593 5098 ut
1651 5045 1912 5110 suadeat,
1951 5061 2012 5102 se
2059 5046 2197 5101 nihil

613 5131 740 5192 mall
770 5146 957 5202 agere;
987 5135 1147 5203 plane
1170 5142 1399 5206 apparet
1423 5136 1514 5204 jus
1546 5134 1762 5190 ﬁrmum
1792 5145 1846 5191 et
1881 5137 2037 5190 valde
2065 5137 2194 5192 hor-

616 5221 772 5295 ribile
809 5237 930 5279 esse
960 5225 1200 5281 incidere
1243 5228 1301 5282 in
1350 5225 1668 5296 hujusmodi
1719 5227 2076 5298 magistratus
2126 5229 2195 5283 ad

619 5314 965 5372 sustinendae
1015 5332 1205 5387 ptenas
1249 5329 1471 5392 prOpter
1509 5321 1914 5389 improbitatem
1951 5337 2192 5376 morum.

623 5402 895 5460 Feruntur
925 5417 1106 5463 autem
1140 5411 1194 5463 in
1235 5411 1536 5481 Scripturis
1561 5411 1876 5480 hujusmodi
1913 5412 2198 5469 sententia

623 5497 822 5553 divinae
859 5499 1161 5556 manifesta:
1188 5509 1377 5558 contra
1405 5518 1501 5560 eos
1528 5504 1623 5574 qui
1665 5503 2009 5575 delinquunt.

691 5587 1022 5647 Manicbaaus
1054 5603 1234 5646 tamen
1283 5595 1732 5659 amentissimus,
1767 5602 1829 5649 ut
1852 5597 2049 5667 dogma
2097 5612 2195 5651 ne-

617 5679 805 5748 quitia;
833 5681 1088 5753 ingenita
1119 5692 1172 5740 et
1195 5684 1548 5755 blasphemia
1588 5685 1644 5740 in
1689 5685 1860 5739 Deum
1895 5684 2040 5753 apud
2065 5700 2190 5740 eum

625 5771 842 5827 ﬁrmum
893 5783 1076 5842 esset,
1138 5775 1344 5832 nullam
1392 5785 1602 5846 partem
1649 5776 2061 5848 gubernationis
2095 5776 2192 5834 Dei

2292 4581 2469 4652 δῆλον,
2495 4583 2576 4636 ὅτι
2606 4583 2923 4654 παρανομία
2961 4582 3304 4654 ἀτιμώρητος
3333 4585 3432 4638 οὐκ
3457 4584 3563 4655 εἴη.
3617 4588 3873 4658 Ὀρθότης

2296 4675 2395 4742 μὲν
2433 4674 2689 4729 δικαστοῦ
2724 4674 2925 4739 δόξειεν
2958 4673 3044 4736 ἂν,
3085 4674 3270 4746 ἐπειδή
3314 4693 3367 4730 τι
3406 4677 3480 4746 μὴ
3509 4679 3744 4746 πράττει
3781 4698 3870 4733 κα-

2294 4770 2409 4834 κδν,
2427 4770 2553 4832 τοὺς
2580 4768 2869 4833 ποιοῦντας
2892 4770 3163 4828 κολάζειν.
3185 4772 3248 4824 Ei
3275 4771 3319 4824 δ’
3347 4772 3545 4835 αὐτοὺς
3561 4776 3590 4825 ό
3615 4773 3867 4840 δικάζων,

2292 4859 2402 4914 τῶν
2420 4877 2483 4929 γε
2498 4863 2757 4915 τοιούτων
2771 4861 3174 4933 ἀπαρχόμενος,
3193 4863 3318 4925 τοὺς
3341 4861 3410 4920 τὰ
3423 4862 3563 4917 αὑτά
3591 4866 3870 4934 μετιόντας

2294 4951 2534 5018 κολάζει,
2574 4953 2669 5006 καὶ
2724 4953 2962 5025 μάλιστα
3007 4953 3409 5024 δαψιλέστερον,
3464 4953 3540 5018 ὡς
3598 4956 3666 5008 ἂν
3702 4957 3869 5011 πίθοι

2297 5044 2465 5115 μηδὲν
2501 5045 2665 5109 αὐτὸς
2707 5045 2910 5116 φαῦλον
2949 5045 3407 5114 διαπράττεσθαι·
3445 5044 3710 5117 ἄντικρυς
3743 5066 3868 5119 κρα-

2293 5135 2423 5189 τοῦν
2451 5137 2546 5190 καὶ
2593 5136 2714 5191 λίαν
2757 5128 2988 5208 φοϐερὸν
3013 5137 3366 5205 ἀναφαίνεται
3394 5136 3455 5190 τὸ
3485 5136 3696 5189 δίκαιον
3743 5143 3868 5206 aps;

2293 5228 2355 5281 τὺ
2375 5229 2531 5301 δίκην
2548 5231 2838 5302 ὑπομένειν
2858 5231 2984 5293 τοὺς
3018 5229 3107 5283 διὰ
3138 5229 3433 5301 σκαιότητα
3460 5229 3681 5299 τρόπων
3705 5231 3867 5284 sowi-

2295 5338 2407 5385 τοις
2431 5320 2656 5394 ἄρχουσι
2695 5322 2915 5386 δικαίως
2945 5320 3399 5392 περιπίπτοντας·
3432 5322 3742 5389 ἀποφάσεις
3766 5322 3866 5392 γὰρ

2295 5414 2388 5467 καὶ
2418 5413 2660 5467 τοιαῦται
2707 5417 2895 5484 σαφεῖς
2940 5413 3088 5484 παρὰ
3126 5413 3261 5465 Θεοῦ
3315 5411 3454 5466 κατὰ
3483 5412 3591 5466 τῶν
3624 5414 3864 5484 ἀμαρτα-

2295 5504 2493 5558 υόντων
2526 5506 2583 5557 ὲν
2611 5504 2852 5576 Γραφαῖς
2879 5507 3000 5568 ταῖς
3029 5503 3208 5573 ἀγίαις
3241 5505 3585 5573 γεγένηνται.

2379 5597 2436 5649 '0
2505 5596 2686 5667 μέντοι
2739 5596 3096 5666 χαλεπώτατα
3153 5598 3377 5662 Μανεὶς,
3417 5597 3504 5649 ἵνα
3547 5597 3678 5666 παρ’
3726 5596 3866 5665 αὐτῷ

2296 5690 2548 5760 κρατήσῃ
2590 5690 2652 5742 τὸ
2694 5689 2873 5758 δόγμα
2913 5689 3013 5757 τῆς
3051 5689 3346 5758 ἀγεννήτου
3404 5687 3604 5765 κακίας
3645 5687 3742 5740 καὶ

3829 5737 3835 5752 ο

3821 5756 3833 5773 ι

2296 5779 2435 5835 κατὰ
2463 5779 2598 5835 Θεοῦ
2636 5779 3000 5853 βλασφημίας,
3028 5779 3178 5834 οὐδὲν
3225 5779 3668 5850 ἀσυκοφάντητον
3700 5793 3864 5832 κατα-
