4058 6330
219 414 366 473 ἰῶ

1278 402 1652 464 Αονειιδυε
1687 398 2115 458 ιιΑΝιοηεοε
2151 395 2285 456 LIB.
2316 397 2381 454 ιι.

216 531 434 588 λέλοιπε
466 533 565 604 τῆς
591 531 685 587 τοῦ
718 528 854 587 Θεοῦ
886 530 1222 601 διοικήσεως.
1255 525 1528 589 Πολλάκις
1559 523 1616 577 δι
1647 523 1798 577 εστιν

1907 521 2286 594 praetermisit,
2325 515 2460 589 quin
2516 529 2638 573 eam
2699 513 3160 572 culumniaretnr.
3215 509 3486 568 Videmus

221 625 358 680 ιδεῖν
383 627 478 679 καὶ
507 625 750 688 δικαίους
768 623 1159 696 ἡμαρτηκότας
1190 620 1296 676 ὑπὸ
1321 617 1542 682 ἀσεϐεῖς
1573 617 1797 689 γενομέ-

217 732 375 778 νουςο
407 714 596 789 ὥσπερ
621 715 817 784 εὐγενῆ
848 713 1014 768 παῖδα
1041 714 1208 786 πατρὶ
1239 711 1315 784 μὴ
1337 710 1676 781 πειθόμενον,
1707 709 1798 764 διὰ

219 805 378 871 ξένου
409 808 761 878 τυπτόμενον,
794 805 880 858 ίνα
908 805 1044 876 μετά
1080 806 1177 876 τῆς
1217 803 1510 876 ἀλγηδόνος
1537 802 1644 855 τῶν
1667 802 1800 872 πλη.

216 899 356 965 τῶν,
394 901 489 954 καὶ
521 897 778 968 η’ἀτιμία
813 895 909 950 τοῦ
942 896 1356 968 διακονούμενον
1395 895 1676 968 μεταῦἀλῃ
1706 896 1800 948 τὸν

218 987 664 1060 πλημμελοῦντα·
685 988 742 1040 ἓν
752 987 860 1059 γάρ
873 1004 924 1042 τι
940 989 1034 1041 καὶ
1053 987 1231 1058 μόνον,
1249 986 1480 1056 Ιφαμεν,
1493 985 1585 1040 καὶ
1601 985 1798 1056 ἀληθές

217 1082 392 1144 ἐστιν,
415 1082 491 1144 ὡς
520 1082 549 1133 ό
570 1079 702 1151 πρὸς
725 1079 862 1139 Θεοῦ
881 1082 1166 1151 γενόμενος
1183 1079 1469 1151 ἄνθρωπος
1487 1081 1798 1133 ἀπαιτεῖται

215 1171 364 1227 κατά
382 1171 473 1223 τὸν
495 1170 610 1241 βίον
629 1170 690 1224 rb
706 1171 916 1225 συνέσει
937 1170 1195 1242 λογισμοῦ
1222 1167 1564 1240 κατορθῶσαι
1579 1171 1641 1222 τὸ
1656 1170 1798 1223 κατά

218 1259 391 1331 μηδιν
419 1261 626 1315 ἀδικεῖν
636 1263 732 1333 τὴν
750 1263 967 1333 ἀρετήν’
985 1255 1104 1333 ᾧδή
1125 1279 1208 1339 τις
1232 1260 1518 1333 προσέχων
1537 1263 1628 1314 καὶ
1652 1263 1798 1332 μόνῳ

216 1351 380 1422 (50‘),
403 1349 840 1425 [μακαριώτατος
863 1355 928 1409 ἂν
947 1355 1177 1426 γένοιτο,
1209 1352 1337 1426 κᾶν]
1359 1354 1524 1426 μηδὲν
1545 1353 1796 1424 ιτερὸντι

215 1446 364 1499 κατά
377 1445 467 1498 τὴν
483 1445 593 1515 βίον
613 1447 729 1520 ἔχῃ.
748 1444 917 1501 Τοῦτο
930 1447 1110 1500 τοίνυν
1125 1445 1247 1499 είδι⁹
1263 1446 1385 1500 ὅλου
1400 1445 1493 1500 τοῦ
1511 1462 1576 1498 πε
1586 1446 1640 1517 pl.
1662 1446 1704 1498 Π
1711 1463 1798 1516 ρο-

214 1537 371 1600 νοίας
427 1537 584 1605 λόγου
639 1538 1064 1609 μνημονεύοιτο,
1126 1537 1281 1590 οὐδὲν
1332 1535 1398 1591 ἂν
1444 1537 1799 1590 ὑποπτεύοιτο

214 1626 360 1699 πρὸς
414 1630 706 1701 ἀνισότητα
767 1632 860 1684 καὶ
919 1627 1146 1693 ἀταξίαν
1198 1628 1309 1681 τῶν
1354 1628 1491 1700 πρὸς
1534 1628 1670 1682 Θεοῦ
1715 1629 1796 1682 δι-

213 1715 584 1785 οικουμένωνο
613 1719 662 1770 εί
710 1719 808 1787 μὲν
848 1717 957 1790 γάρ
1005 1716 1155 1788 εὖροι
1201 1735 1284 1782 τις
1309 1717 1396 1782 ἂν,
1426 1717 1500 1781 ὼς
1527 1718 1670 1789 ἀλλῳ
1699 1720 1798 1790 μὲν

214 1808 426 1861 ἀνεῖται
487 1811 585 1879 τῆς
636 1809 892 1872 εύσεδοῦς
951 1811 1152 1881 ἀρετῆς
1206 1813 1241 1882 ὴ
1297 1812 1517 1882 πορεία,
1577 1811 1722 1882 ἀλλῳ
1742 1813 1799 1866 δὲ

1901 627 2048 682 sape
2100 613 2283 684 justos
2329 611 2421 682 qui
2467 608 2816 678 deliquerunt
2885 607 2990 664 sub
3047 605 3260 661 ditione
3291 612 3349 660 et
3378 617 3483 674 pu-

1901 712 2098 760 testate
2125 704 2418 774 impiorum
2460 716 2613 765 esse,
2656 707 2716 754 ut
2764 699 2848 755 sic
2894 697 3272 768 castigentur,
3334 695 3484 751 sicut

1901 811 2027 852 cum
2061 810 2362 866 generosus
2387 792 2553 856 ﬁlius,
2582 791 2677 861 qui
2711 793 2849 861 patri
2889 804 3000 844 non
3031 796 3206 860 paret,
3237 802 3270 842 a
3319 798 3486 857 pere-

1902 889 2061 960 grino
2090 899 2142 944 et
2175 889 2390 960 hospite
2418 887 2774 948 verberatur,
2829 890 2891 937 ut
2917 883 3080 938 dolor
3110 883 3396 954 plagarum
3426 887 3487 936 et

1902 982 2200 1052 ignominia
2248 981 2476 1035 verbera
2530 976 2845 1033 adhibentis
2889 975 3302 1044 delinquentem
3359 987 3485 1026 mu-

1902 1080 2057 1127 tent:
2095 1087 2262 1126 unum
2285 1075 2432 1126 enim
2455 1085 2538 1126 est
2570 1084 2635 1125 ac
2676 1070 2854 1125 solum
2886 1076 2942 1123 et
2973 1082 3186 1129 verum,
3221 1072 3284 1120 ut
3331 1062 3482 1118 dixi-

1903 1180 2049 1231 mus,
2071 1163 2218 1234 quod
2252 1162 2396 1219 Deus
2437 1163 2506 1217 ab
2532 1163 2755 1216 bomine
2785 1161 2844 1215 in
2869 1161 2982 1216 vita
3011 1157 3270 1229 requirit,
3299 1164 3361 1210 ut
3394 1154 3486 1211 el-

1902 1256 2048 1312 ﬁciat
2079 1257 2314 1328 sapienti
2365 1256 2734 1325 cogitatione,
2794 1269 2864 1309 ne
2929 1255 3192 1310 virtutem
3248 1251 3358 1306 ulla
3410 1266 3483 1308 ex

1901 1361 2058 1420 parte
2089 1347 2332 1404 odendat
2364 1365 2377 1402 :
2408 1346 2556 1417 quod
2583 1347 2804 1417 quidem
2829 1347 2873 1402 si
2900 1346 3148 1402 attendat
3175 1346 3260 1401 vel
3291 1345 3479 1412 solum

1901 1442 2042 1504 hoc,
2097 1440 2451 1496 beatissimus
2506 1440 2611 1504 sit,
2651 1440 2903 1509 quamvis
2936 1438 3072 1492 nihil
3103 1437 3252 1492 aliud
3287 1436 3345 1492 in
3373 1437 3486 1490 vita

1902 1534 2120 1588 habeat.
2152 1532 2266 1588 Hoc
2290 1533 2457 1602 igitur
2498 1532 2543 1586 si
2585 1532 2640 1585 in
2682 1532 2939 1586 universo
2969 1543 3221 1586 sermone
3251 1529 3318 1584 de
3346 1527 3484 1583 Pro-

1901 1626 2144 1680 videntia
2172 1631 2655 1686 commemoretur,
2680 1623 2830 1676 nulla
2869 1622 3112 1692 suspicio
3141 1621 3485 1690 relinquetur

1902 1718 1970 1772 de
2001 1717 2372 1787 inaequalitate
2399 1724 2454 1770 et
2488 1703 2898 1785 perturbatione
2923 1711 3136 1766 ordinis
3168 1712 3224 1766 in
3258 1711 3328 1766 iis
3362 1725 3491 1780 quae

1903 1825 1933 1862 a
1964 1809 2074 1864 Deo
2115 1809 2512 1878 gubernantur.
2550 1806 2605 1860 Si
2637 1805 2762 1875 quis
2815 1806 2961 1858 enim
3010 1803 3252 1873 reperire
3297 1813 3489 1873 posset

214 1899 660 1966 ἀπεκέκλεισται,
696 1902 930 1956 ἐνταῦθα
981 1903 1118 1972 πρὸς
1151 1902 1212 1956 τὸ
1243 1903 1339 1957 νῦν
1381 1905 1671 1973 ηφάλαιον
1696 1905 1803 1959 τῶν

1907 1902 2047 1971 quod
2083 1901 2206 1956 aliis
2240 1901 2421 1953 laxata
2452 1907 2599 1954 esset
2642 1900 2753 1951 vita
2783 1897 3006 1951 virtutis
3035 1897 3138 1965 piae
3171 1901 3225 1948 ct
3254 1902 3484 1958 sanctze,

213 1991 438 2060 ἀγαθῶν
466 1993 560 2047 καὶ
610 1995 644 2064 ἡ
685 1995 938 2065 ἀνισότης
973 1994 1226 2066 διαϐολὴν
1268 1995 1336 2048 ἂν
1361 1995 1504 2065 ἔχειν
1535 1995 1678 2061 ἔδοξε
1705 1997 1803 2066 τῆς

210 2081 566 2154 διοικήσεωςδ
594 2085 644 2138 εί
680 2083 736 2138 δὲ
765 2086 832 2139 δι’
859 2080 920 2140 οὗ
969 2087 1061 2140 καὶ
1090 2088 1252 2158 μόνου
1292 2089 1486 2157 γένοιτ’
1509 2089 1574 2143 ἀν
1606 2107 1687 2152 τις
1726 2090 1803 2153 ὡς

210 2174 434 2247 ἀληθῶς
460 2176 748 2247 μακάριος,
774 2177 932 2231 τοῦτο
964 2178 1141 2232 κοινὸν
1166 2180 1360 2252 ἐπίσης
1393 2179 1530 2251 πρὸς
1555 2179 1802 2246 ἐξουσίαν

209 2270 332 2331 τοις
369 2269 539 2322 ἀπασι
556 2269 862 2341 πρόκειται·
896 2270 1057 2324 ποίαν
1088 2271 1349 2344 διαφορὰν
1367 2273 1511 2325 εἴποι
1533 2289 1597 2342 γε
1612 2275 1801 2344 (31)ἀν

210 2374 323 2421 τις,
343 2358 447 2411 κάν
525 2361 808 2428 φιλαίτιος,
845 2362 878 2432 ἢ
919 2363 1228 2433 ἀνισότητα.
1253 2363 1526 2418 ὁπότετῶν
1559 2366 1714 2430 ἐκτὸς
1744 2366 1802 2420 αἱ

212 2447 523 2515 πλεονεξίαι
570 2445 724 2515 αὖθις
768 2452 907 2523 πρὸς
937 2453 1162 2524 ίσότητα
1200 2453 1314 2516 τοῖς
1354 2453 1632 2522 λογισμοῖς
1673 2453 1804 2507 ἀναο

212 2535 492 2605 κλῶνταις
545 2542 620 2605 ὡς
671 2543 771 2596 οὐκ
811 2542 1029 2597 ἔλαττον
1102 2543 1200 2613 μὲν
1249 2544 1283 2614 ἢ
1332 2545 1426 2599 καὶ
1467 2545 1668 2615 μᾶλλον
1691 2544 1809 2614 ηδοο

217 2630 388 2698 μόνον
441 2630 538 2686 τοῦ
587 2633 819 2703 πένητος
868 2628 950 2696 οἷς
1007 2635 1375 2705 προσφέρεται
1413 2636 1654 2706 τροφίοις
1707 2635 1802 2689 τοῦ

212 2721 474 2791 πλησίου.

1910 1995 2033 2047 aliis
2061 2007 2190 2047 vero
2241 1993 2464 2057 clausa;
2505 1990 2780 2045 videretur
2810 1998 3004 2043 contra
3036 1989 3140 2041 hoc
3179 1995 3347 2055 caput
3377 1986 3480 2040 bo-

1908 2097 2102 2137 norum
2127 2097 2250 2137 esse
2289 2082 2343 2134 in
2378 2081 2746 2150 inaequalitate
2801 2077 3081 2132 accusatio
3134 2074 3488 2145 gubernatio-

1907 2173 2013 2226 nis.
2047 2171 2141 2225 Sin
2169 2185 2296 2224 vero
2337 2167 2392 2230 id
2440 2185 2551 2239 quo
2588 2169 2708 2223 solo
2762 2174 2940 2238 potest
2973 2167 3098 2237 quis
3127 2180 3251 2219 vere
3290 2164 3488 2219 beatus

1907 2281 2030 2320 esse
2078 2265 2332 2318 omnibus
2384 2279 2537 2334 aeque
2590 2261 2956 2318 communiter
3007 2259 3348 2330 pr0positum
3378 2269 3485 2324 est,

1907 2365 1967 2410 ut
2002 2357 2178 2427 possit
2210 2371 2332 2411 esse
2389 2371 2614 2426 compos
2675 2354 2832 2428 ejus;
2869 2367 3035 2423 quam
3071 2351 3487 2422 oppressionem

1906 2456 2002 2503 aut
2034 2450 2457 2518 inmqualitatem
2504 2447 2701 2517 puterit
2747 2447 2872 2516 quis
2910 2445 3150 2514 objicere
3187 2443 3490 2514 quamlibet
3582 2504 3585 2506 _

1905 2541 2201 2595 accusandi
2248 2538 2524 2610 cupidus?
2592 2537 3046 2608 Quandoquidem
3104 2538 3304 2591 habere
3361 2537 3487 2605 plus

1906 2635 2177 2688 bonorum
2206 2644 2556 2688 externorum
2607 2649 2800 2688 rursus
2822 2633 3132 2687 rationibus
3160 2630 3229 2684 ad
3261 2630 3488 2699 aquali-

1904 2734 2071 2780 tatem
2117 2732 2442 2791 revocatur,
2489 2732 2549 2780 ut
2578 2739 2689 2779 non
2752 2724 2934 2780 minus
2983 2725 3066 2778 vel
3111 2723 3277 2778 etiam
3311 2723 3491 2793 magis

211 2813 516 2870 delectetur
544 2831 748 2888 pauper
778 2819 847 2874 iis
875 2818 1013 2875 cibis
1041 2820 1132 2891 qui
1164 2821 1214 2876 ei
1243 2821 1572 2878 adhibentur
1619 2837 1784 2893 quam
1818 2823 1988 2877 dives.

289 2929 398 2984 Kal
445 2929 514 2985 τὰ
561 2934 687 3002 περ).
741 2907 1057 3004 σκέπην“δὲ
1099 2937 1297 3004 ὁμοίως
1329 2937 1461 3006 ἔχει,
1507 2937 1610 2991 κάν
1634 2934 1799 3009 ἦττον

214 3019 454 3090 ὑπάρχει
468 3021 646 3090 τίμια,
661 3025 752 3076 καὶ
771 3023 938 3085 τύπος
956 3025 1258 3094 αἰσθήσεως
1276 3028 1341 3079 τὰ
1361 3028 1604 3091 συνήθως
1624 3045 1793 3098 παρα-

215 3111 468 3180 κείμενα,
521 3113 598 3175 ὡς
650 3116 857 3185 μηδένα
902 3116 994 3169 τοῦ
1060 3117 1302 3182 πλείονος
1345 3121 1791 3180 ἐπαισθάνεσθαι.

1982 2933 2244 2989 Similiter
2266 2936 2448 2990 evenit
2484 2935 2537 2989 in
2575 2936 2643 2990 iis
2677 2949 2799 3004 qum
2831 2934 2904 2988 ad
2945 2942 3319 3005 tegumentum
3362 2946 3490 2986 coro

1906 3028 2057 3096 poris
2081 3029 2350 3094 pertinent
2382 3045 2395 3079 :
2426 3027 2678 3096 quamvis
2709 3026 2902 3078 viliora
2934 3026 3046 3079 sint
3073 3062 3088 3087 ,
3136 3037 3360 3077 sensum
3405 3022 3491 3076 in-

1905 3119 2143 3172 formant
2185 3133 2306 3188 quae
2362 3119 2412 3173 ei
2459 3128 2867 3173 consueverunt
2921 3117 3151 3188 apponi,
3210 3125 3271 3170 ut
3326 3129 3489 3170 nemo

210 3201 306 3254 διὰ
331 3204 428 3273 τῆς
449 3182 729 3275 συνηθείας
742 3207 843 3277 τῆς
865 3210 1607 3284 αίσθήσεωςάμαυρουμένης
1626 3230 1638 3243 ·
1667 3214 1799 3284 μηδὲ

1907 3209 2050 3279 quod
2086 3210 2210 3279 plus
2262 3219 2346 3264 est
2399 3211 2630 3278 sentiat,
2668 3226 2832 3266 sensu
2877 3209 3278 3265 consuetudine
3323 3208 3489 3262 hebe-

220 3291 378 3348 Ξλλον
412 3296 507 3349 τοῦ
559 3298 859 3363 ἐλάττονος.
891 3303 984 3354 καὶ
1038 3303 1225 3356 τοῦτον
1267 3303 1354 3355 διὰ
1406 3304 1690 3374 συνηθείας
1741 3306 1803 3357 τὸ

214 3385 398 3440 ενδεον
430 3390 566 3460 πρὸς
616 3392 713 3462 τὴν
753 3391 1004 3461 αἴσθησιν
1043 3396 1116 3464 μὴ
1152 3395 1373 3462 ἀγοντα.
1418 3397 1627 3450 Αὐτίκα
1667 3396 1800 3466 βάρυ

220 3475 381 3550 δαροι
416 3484 614 3550 γυμνοὶ
658 3484 720 3536 τό
751 3501 815 3551 γε
867 3485 1027 3538 πλέον
1067 3486 1159 3538 τοῦ
1211 3486 1460 3557 σώματος
1505 3489 1802 3555 διάγοντες,

217 3572 318 3622 καὶ
371 3571 640 3642 ἄστρωτοι
683 3574 1068 3641 καθεύδοντες,
1115 3579 1206 3630 καὶ
1253 3579 1476 3648 λυπροῖς
1515 3580 1802 3650 αἰδέσμασι

215 3661 585 3733 διαιτώμενοι,
642 3668 740 3718 ούκ
773 3669 1062 3739 ἠνέσχοντο
1097 3670 1314 3724 πώποτε
1352 3673 1668 3725 καταλιπεῖν
1704 3673 1802 3743 τὴν

220 3753 387 3836 φίλην
410 3753 637 3817 δίαιταν,
663 3756 736 3818 ὡς
761 3757 848 3810 διὰ
879 3759 979 3829 τῆς
1005 3760 1288 3830 συνηθείας
1318 3763 1378 3815 τὸ
1407 3763 1583 3816 ἐνδέον
1620 3764 1800 3818 αὐτῶν

223 3845 393 3914 μηδὲν
427 3847 784 3918 καθορῶντες,
827 3850 1022 3921 μᾶλλον
1051 3853 1105 3904 δὲ
1132 3854 1337 3924 ταύτην
1373 3855 1492 3925 μηδ’
1516 3857 1799 3910 ἀπολιπεῖν

215 3929 404 3991 οἷοίτε
430 3937 609 4002 δντες’
659 3939 692 4008 ἢ
733 3939 924 3995 θᾶττον
959 3944 1055 4013 μὲν
1083 3945 1150 3997 ἂν
1178 3945 1352 4000 καὶτὸ
1390 3948 1652 4016 ὑγιαίνειν
1692 3967 1796 4002 κα-

215 4028 519 4093 ταλίποιεν,
579 4029 771 4085 θᾶττον
823 4032 868 4085 δ’
925 4033 990 4086 ἂν
1017 4037 1110 4088 καὶ
1150 4038 1212 4090 τὸ
1254 4038 1388 4109 πρὸς
1435 4042 1680 4111 κρυμοὺς
1707 4043 1801 4095 καὶ

217 4121 456 4190 ἡλιακὴν
484 4121 657 4190 φλόγα
685 4127 973 4196 καρτερεῖν
998 4127 1414 4198 ἀποκτήσαιντο.

1904 3313 2050 3368 tato;
2093 3319 2193 3359 nec
2229 3305 2370 3359 alius
2398 3305 2541 3374 quod
2590 3304 2773 3360 minus
2805 3313 2886 3358 est
2926 3305 3052 3374 quia
3093 3315 3313 3375 propter
3340 3322 3478 3362 con-

1904 3396 2251 3450 suetudinem
2309 3412 2415 3450 non
2473 3398 2705 3466 percipit
2738 3411 2902 3453 sensu
2958 3396 3103 3467 quod
3137 3398 3311 3453 deest.
3349 3396 3491 3452 Hinc

1904 3488 2167 3539 continuo
2193 3486 2250 3538 fit
2308 3495 2365 3538 ut
2396 3486 2643 3550 Barbari,
2679 3487 2822 3555 quod
2849 3487 3027 3555 majus
3057 3495 3162 3550 est,
3198 3492 3343 3541 nudo
3363 3503 3493 3541 cor-

1906 3594 2035 3648 pore
2068 3581 2234 3634 vitam
2264 3580 2542 3650 degentes,
2573 3590 2626 3634 et
2666 3581 2785 3634 sine
2819 3581 3065 3649 stragula
3095 3587 3245 3634 veste
3277 3581 3491 3635 cuban-

1909 3681 2011 3736 tes,
2044 3682 2097 3725 et
2137 3674 2347 3742 asperis
2385 3672 2726 3727 indumentis
2763 3680 3018 3735 utentes,
3070 3688 3349 3742 nunquam
3393 3689 3491 3744 pa-

1909 3771 2150 3817 terentur
2179 3771 2238 3816 ut
2297 3763 2665 3832 relinquerent
2699 3763 2968 3816 rationem
3003 3762 3221 3816 vivendi
3249 3773 3487 3832 gratam,

1908 3857 2082 3927 utqui
2110 3866 2334 3926 propter
2386 3856 2843 3911 consuetudinem
2878 3856 3008 3925 quid
3062 3859 3144 3911 eis
3181 3855 3324 3910 desit
3375 3871 3490 3910 non

1905 3950 2253 4019 intelligunt,
2291 3951 2400 4002 imo
2439 3950 2531 4018 qui
2568 3965 2676 4002 non
2716 3957 2944 4017 possunt
2975 3947 3117 4002 hanc
3158 3948 3492 4018 relinquere,

1907 4049 1960 4094 et
1993 4043 2175 4110 potius
2206 4056 2270 4096 ac
2301 4041 2561 4094 libentius
2601 4041 2916 4094 desinerent
2976 4048 3120 4094 recte
3168 4041 3391 4107 valere.
3435 4049 3494 4094 et

1909 4133 2131 4186 mallent
2165 4133 2367 4202 frigora
2395 4140 2448 4187 et
2475 4131 2726 4186 ardorem
2772 4132 2906 4185 solis
2945 4131 3203 4186 tolerare.

796 4281 925 4338 CAP.
961 4282 1056 4339 XI.
1090 4284 1403 4340 Communia
1434 4287 1688 4342 bonorum
1721 4296 1772 4342 et
1812 4289 2095 4343 malorum.
2135 4289 2287 4344 Bella
2324 4306 2419 4343 cur
2449 4289 2591 4343 Deus
2627 4290 2887 4359 permittit

297 4420 405 4475 Καὶ
431 4422 566 4492 πρός
598 4438 661 4491 τε
686 4422 748 4476 τὸ
785 4421 884 4494 ζῇν
917 4423 1089 4486 οὐδεὶς
1109 4423 1320 4486 οὐδενὸς
1342 4424 1502 4476 πλέον
1520 4423 1633 4494 ἔχει
1665 4425 1807 4478 κατά

220 4511 316 4565 τὸν
378 4511 523 4581 βίον·
576 4516 750 4567 κοιναὶ
781 4515 880 4584 μὲν
924 4515 1030 4584 γὰρ
1067 4517 1228 4566 πᾶσιν
1267 4517 1322 4567 at
1363 4517 1588 4583 φυσικαὶ
1617 4516 1801 4569 διανα-
1838 4497 1878 4550 n

221 4603 455 4666 παύσεις
476 4605 810 4658 ἀνακλίσεών
838 4623 897 4658 τε
932 4609 1024 4659 καὶ
1056 4606 1256 4669 ὕπνων,
1305 4609 1479 4658 κοιναὶ
1507 4607 1562 4660 δὲ
1605 4609 1804 4676 τροφαὶ

223 4697 321 4749 καὶ
346 4696 690 4760 ἀπολαύσεις,
734 4698 784 4750 εί
796 4715 877 4761 τις
905 4699 964 4751 τὸ
997 4699 1094 4767 μὲν
1130 4698 1380 4768 διάφορον
1410 4698 1645 4762 συνετῶς
1668 4716 1809 4766 παρο

223 4787 391 4851 (λθοι,
424 4789 522 4860 τὴν
571 4788 627 4842 δὲ
659 4791 852 4860 χρῆσιν
880 4793 945 4860 τῇ
988 4789 1229 4861 αξσοήτει
1283 4788 1595 4858 δοκιμάζοι·
1632 4791 1808 4842 κοιναὶ

223 4879 285 4933 δὲ
324 4879 423 4932 οὐκ
477 4879 692 4934 ἔλαττον
722 4881 963 4952 ἀκριϐῶς
1004 4882 1096 4934 καὶ
1118 4881 1173 4933 ai
1203 4881 1368 4933 λύπαι
1397 4880 1586 4949 ψυχῶν
1620 4897 1679 4933 τε
1713 4882 1809 4934 καὶ

227 4972 498 5040 σωμάτιον
522 4987 534 5000 ⁸
569 4974 664 5026 καὶ
692 4975 890 5043 μᾶλλον
921 4972 1167 5044 εὑρεθείη
1209 4989 1289 5035 τις
1322 4972 1387 5024 ἂν
1413 4972 1616 5024 τούτων
1643 4974 1810 5042 ὑπερ-

237 5062 361 5133 δολὴ
387 5063 535 5135 παρὰ
561 5067 672 5128 τοῖς
709 5065 870 5118 πλέον
910 5065 1047 5117 κατά
1084 5066 1174 5117 τὸν
1205 5063 1316 5133 βίον
1363 5063 1504 5133 ἔχειν
1531 5062 1804 5116 δοκοῦσιν.

236 5151 396 5204 Ὠστε
444 5153 536 5205 καὶ
578 5154 782 5215 τούτων
833 5154 974 5207 κατά
1014 5153 1075 5206 rb
1111 5152 1307 5222 ἀληθὲς
1336 5152 1505 5216 οὓτως
1553 5154 1805 5221 ἑχόντων,

235 5242 339 5312 ποῦ
361 5242 426 5298 ἂν
448 5243 535 5314 εἴη
571 5244 633 5298 τὺ
655 5245 836 5300 ἀνισον
882 5245 982 5315 τῆς
1019 5245 1113 5298 τοῦ
1155 5243 1289 5297 Θεοῦ
1316 5244 1654 5314 διοικήσεως,
1687 5262 1808 5297 ποι-

234 5334 441 5400 κιλίαν,
493 5337 592 5390 οὐκ
633 5337 924 5409 ἀνισότητα
974 5340 1085 5400 τοῖς
1125 5335 1245 5390 καθ’
1276 5338 1422 5406 ἡμᾶς
1463 5334 1809 5402 ἁντιθὲντοςς

233 5425 418 5496 ἓτερον
452 5424 566 5497 γὰρ
590 5427 844 5498 τυγχάνει
890 5427 1131 5480 ποικιλία
1169 5427 1357 5494 σοφίας
1393 5429 1450 5478 ὲν
1473 5427 1663 5496 κόσμῳ
1699 5427 1814 5479 δια-

1984 4425 2160 4495 Alqne
2207 4425 2272 4478 ad
2321 4427 2488 4480 vitam
2535 4425 2856 4496 degendam,
2889 4439 2950 4479 ac
2985 4422 3230 4494 jucunde
3267 4421 3489 4495 quidem

1908 4514 2230 4586 degendam,
2265 4533 2424 4572 nemo
2473 4518 2596 4588 plus
2645 4534 2808 4588 quam
2855 4519 2997 4572 alius
3048 4517 3209 4572 habet
3257 4518 3314 4571 in
3355 4517 3486 4570 vita.

1911 4607 2236 4662 Communia
2288 4617 2416 4664 sunt
2468 4611 2746 4673 omnibus,
2783 4611 2981 4679 quibus
3030 4617 3225 4663 natura
3272 4621 3484 4662 recrea-

1918 4713 2060 4759 mur,
2101 4698 2488 4752 accubationes
2538 4710 2591 4753 et
2639 4700 2892 4767 epulares
2925 4700 3133 4765 somni;
3177 4697 3491 4752 communia

1916 4788 2194 4849 alimenta.
2223 4797 2276 4842 et
2302 4805 2494 4844 eorum
2527 4790 2738 4843 fructus
2769 4805 2831 4844 ac
2858 4789 3257 4858 jucunditates,
3289 4791 3335 4845 si
3363 4792 3490 4861 quis

1917 4878 2211 4948 prudenter
2251 4882 2620 4949 praestantiam
2655 4881 2872 4950 quidem
2923 4897 3111 4935 eorum
3168 4891 3488 4952 praetereat,

1918 4963 2074 5024 usum
2111 4988 2235 5025 vero
2270 4988 2435 5027 sensu
2468 4974 2781 5044 experiatur
2805 4983 2859 5027 et
2904 4975 3116 5043 probet.
3161 4972 3492 5030 Communes

1916 5065 2043 5118 item
2075 5072 2201 5117 sunt
2232 5081 2339 5118 non
2373 5067 2553 5119 minus
2583 5079 2770 5120 exacte
2794 5068 3096 5121 animarum
3117 5074 3171 5121 et
3197 5080 3492 5135 corporum

1914 5154 2167 5221 dolores;
2217 5164 2380 5226 atque
2403 5157 2456 5210 in
2485 5157 2568 5211 his
2601 5157 2820 5228 quidem
2856 5157 3029 5227 magis
3063 5158 3368 5226 reperietur
3395 5171 3493 5215 ex-

1913 5250 2226 5315 superantia
2283 5249 2424 5318 apud
2463 5264 2558 5302 eos
2616 5251 2710 5318 qui
2757 5249 2812 5302 in
2861 5249 2969 5303 vita
3001 5248 3121 5317 plus
3155 5247 3358 5303 habere
3414 5246 3495 5300 vl-

1909 5337 2131 5392 dentur.
2171 5337 2350 5403 Quare
2382 5353 2505 5392 cum
2543 5337 2655 5390 haec
2679 5339 2754 5390 ita
2779 5337 2912 5401 sint,
2941 5338 3031 5391 ubi
3066 5339 3174 5391 erit
3209 5335 3494 5406 inaquali-

1913 5438 1995 5485 tas
2031 5431 2084 5483 in
2114 5431 2512 5500 gubernatione
2540 5429 2669 5493 Dei,
2722 5434 2815 5498 qui
2848 5429 3164 5485 varietatem
3189 5466 3206 5494 ,
3243 5441 3355 5483 non
3401 5427 3490 5482 in-

235 5517 540 5589 πριπουσα,
603 5519 698 5572 καὶ
731 5519 916 5590 ιτερον
954 5519 1148 5584 ἀταξία
1177 5519 1513 5589 διοικήσεως.
1552 5520 1614 5572 El
1643 5519 1700 5572 δέ
1732 5536 1803 5584 τις

1915 5521 2280 5590 aequalitatem
2305 5521 2362 5576 in
2393 5522 2557 5577 rebus
2581 5523 2784 5576 nostris
2811 5521 3031 5592 posuit?
3053 5520 3203 5574 aliud
3232 5519 3378 5575 enim
3402 5525 3496 5572 est

233 5607 390 5682 εὕρι
427 5608 494 5664 ἂν
539 5611 666 5673 τοὺς
713 5610 813 5680 μιν
841 5610 1071 5676 ἀπαθεῖς
1115 5612 1278 5681 φύσει
1331 5610 1439 5664 τῶν
1483 5611 1814 5683 ἀνθρώπων,

276 5738 448 5821 (30')
485 5748 679 5821 Πόνῳ.
709 5745 839 5804 Post
882 5747 1025 5804 bane
1068 5763 1255 5803 vocem
1303 5749 1563 5803 nonnulla
1607 5747 1801 5802 deesse

543 5819 696 5891 (Qua
728 5835 831 5875 nos
876 5821 1198 5890 supplendo,
1233 5822 1391 5875 uncis
1429 5821 1800 5886 inclusimus.)

1918 5612 2155 5668 varietas
2184 5613 2464 5682 sapientiae
2497 5628 2620 5683 quae
2652 5613 2707 5667 in
2748 5612 2952 5668 mundo
2985 5611 3238 5670 decorem
3276 5611 3494 5667 «habet;

1975 5748 2093 5818 (3!)
2118 5748 2292 5803 Είπνι
2325 5763 2410 5816 τε.
2444 5746 2600 5821 Vulg.
2630 5748 2832 5803 ἕποιεν.
2866 5744 3025 5803 Enn.
