4058 6330
161 374 306 431 H57

1228 378 1598 437 ADVERSUS
1637 377 2066 437 MANICIIEOS
2102 379 2235 438 LIB.
2277 379 2340 435 II.

3287 383 3424 439 “3'8

159 511 268 560 σιν,
303 495 636 562 ίξεταστέον.
671 499 810 554 Ἕνα
856 499 913 552 δὲ
963 500 1162 569 τρόπον
1213 499 1389 553 κοινὸν
1422 504 1534 564 τοῖς
1572 502 1717 554 «acu

1841 500 2191 569 gnoscendus
2233 505 2348 562 est,
2389 497 2482 566 qui
2538 503 2623 551 est
2660 494 2942 551 discessus
2983 495 3181 552 anima
3224 511 3255 550 a
3294 509 3422 552 cor-

154 587 291 641 δντα
339 591 626 656 γνωστέον,
690 591 834 658 λέγω
875 591 942 662 δὴ
990 593 1050 644 τὸ
1098 593 1172 662 μὴ
1205 591 1323 663 δίχα
1367 592 1740 664 περιπάσεὼς

151 694 302 743 τινος
351 685 445 734 καὶ
502 683 745 752 ἀνάγκης
794 683 1096 754 ἀναχωρεῖν
1131 683 1307 754 ψυχὴν
1329 685 1438 737 ἀπὸ
1463 685 1737 756 σώματος,

152 771 294 825 ἀλλά
318 774 654 844 παραμένειν
679 774 786 836 ἓως
833 773 900 827 ἂν
927 776 988 827 τὸ
1035 777 1259 849 φυσικὸν
1287 778 1458 847 αὐτῆς
1489 777 1740 845 καταγώ-

149 881 280 935 γιον
301 867 661 937 ἀκαθαίρετον
699 866 970 936 διαμένοι·
1010 868 1182 938 τούτῳ
1213 869 1392 938 μέντοι
1421 871 1498 942 τῷ
1523 869 1738 940 φυσικῷ

152 960 255 1012 καὶ
309 958 472 1029 κοινῷ
525 961 858 1029 συνυπάρχει
904 977 958 1012 τι
1011 961 1148 1024 δέος,
1177 963 1314 1032 ὅπερ
1353 965 1432 1026 εἰς
1466 963 1737 1034 τιμωρίας

155 1050 396 1120 ὑποψίαν
442 1050 756 1118 ἀναγκαίως
800 1051 1200 1122 παρείληπται,
1228 1053 1289 1104 οὐ
1326 1053 1508 1122 μέντοι
1546 1056 1601 1105 ἐν
1625 1055 1738 1116 τοῖς

151 1144 347 1208 πᾶσιν,
378 1143 491 1195 ἀλλ’
520 1142 599 1206 οίς
622 1159 686 1211 γε
721 1143 972 1212 ήδιὰνοια
1012 1146 1298 1214 πρόχειρος
1328 1146 1405 1207 είς
1439 1145 1735 1214 ἀμσρτίαν,

151 1231 294 1301 πρὸς
343 1233 651 1305 ἀνατροπὴν
682 1234 905 1306 ταύτης.
950 1234 1008 1288 '0
1039 1235 1137 1304 μὲν
1179 1235 1288 1304 γὰρ
1335 1234 1561 1304 ἔμφρων
1615 1236 1736 1286 κατ’

147 1320 379 1392 ἀρετὴν,
415 1322 588 1394 ἄραγε
645 1324 738 1377 τοῦ
803 1325 1164 1395 πλημμελεῖν,
1231 1325 1324 1377 καὶ
1369 1323 1466 1378 τοῦ
1529 1325 1736 1378 οτεσΘαι

156 1415 433 1487 μοχθηρὸν
483 1413 620 1472 εἶναι
654 1419 745 1470 τὸν
781 1418 1010 1473 θάνατον
1056 1419 1429 1489 ἀπήλλακται”
1461 1422 1490 1474 δ
1522 1421 1578 1474 δὲ
1614 1421 1734 1491 φιλ-

150 1508 378 1578 αμαρτὴ
388 1525 523 1577 μων,
542 1507 648 1560 ἀπὸ
666 1508 766 1577 μὲν
795 1508 892 1577 τῆς
924 1509 1094 1578 αὐτῆς
1125 1510 1308 1572 ἀνοίας
1329 1507 1615 1580 ἀφ’ἧσπερ
1640 1511 1735 1565 καὶ

151 1596 488 1667 πλημμελεῖ,
511 1597 600 1651 τὸν
626 1597 854 1651 Θάνατον
879 1597 1206 1652 εὐλαϐεῖται.
1263 1602 1583 1672 ’Λναγκαῖον
1614 1604 1736 1672 μέν·

149 1705 238 1741 τοι
265 1690 360 1758 τῆς
393 1689 576 1753 ἀνοίας
619 1690 730 1760 ἔχει
762 1691 824 1742 τὸ
857 1691 1094 1744 τοιοῦτον
1120 1693 1612 1764 παρακολούθημα,
1647 1697 1733 1748 ἴνα

145 1778 214 1831 τὸ
237 1779 387 1842 ἀδεὲς
430 1779 636 1843 δεδιὼς,
684 1780 715 1833 ὃ
760 1781 1035 1851 ⁸προσῆκεν
1065 1782 1280 1851 ἀληθῶς
1312 1783 1559 1848 δεδιέναι,
1591 1785 1732 1853 λέγω

1841 606 1990 664 pure,
2027 607 2133 646 non
2167 592 2287 646 sine
2327 605 2463 644 casu
2506 589 2742 659 quodam
2798 597 2853 643 et
2905 587 3258 654 necessitate,
3320 589 3418 644 sed

1839 680 2268 751 exspectandum
2316 689 2434 744 est,
2471 679 2716 749 quandiu
2773 678 3114 734 domicilium
3167 678 3422 732 naturale

1837 772 1998 826 durat
2023 780 2075 827 et
2099 788 2207 826 non
2239 771 2594 828 dissolvitur:
2630 786 2755 825 cum
2805 772 2909 826 ltoc
2953 777 3138 826 tamen
3169 770 3417 822 naturali

1839 863 2115 919 domicilio
2142 872 2199 919 et
2221 862 2499 918 communi
2539 863 2705 918 simul
2745 863 2890 917 inest
2919 861 3144 932 quidam
3183 869 3368 916 metus
3402 900 3417 922 ,

1838 956 1929 1024 qui
1954 955 2170 1026 quidem
2204 955 2521 1011 necessario
2545 954 2614 1010 de
2651 960 2908 1022 suspecto
2928 953 3201 1022 supplicio
3231 952 3418 1008 susci-

1838 1048 2019 1115 pitur;
2058 1063 2165 1101 non
2207 1056 2389 1102 tamen
2419 1047 2490 1101 ab
2518 1045 2812 1110 omnibus,
2843 1047 2939 1102 sed
2989 1049 3059 1100 ab
3098 1046 3167 1103 iis
3211 1047 3417 1118 quibus

1837 1155 1991 1196 mens
2023 1147 2107 1196 est
2134 1148 2384 1211 prompta
2423 1147 2477 1194 et
2523 1137 2704 1194 Iacilis
2737 1139 2803 1191 ad
2847 1148 3130 1211 peccatum
3158 1155 3175 1204 ;
3208 1137 3276 1194 ad
3309 1139 3420 1194 hu‘

1829 1229 1923 1298 jus
1971 1228 2117 1283 enim
2160 1229 2501 1283 aversionem
2549 1236 2730 1281 metus
2789 1227 2881 1283 ille
2927 1227 3248 1297 suscipitur.
3309 1224 3416 1295 Qui

1834 1320 1980 1377 enim
2012 1320 2159 1390 degit
2190 1335 2259 1375 ex
2303 1319 2524 1382 virtute,
2558 1319 2609 1374 is
2643 1318 2866 1388 quidem
2924 1333 3154 1396 peccare
3196 1318 3415 1378 desivit,

1832 1420 1888 1468 et
1916 1429 2024 1467 non
2040 1415 2295 1484 opinatur
2323 1412 2515 1467 duram
2549 1426 2673 1466 esse
2704 1418 2955 1465 mortem.
2979 1407 3085 1475 Qui
3102 1423 3233 1465 vero
3261 1407 3418 1466 dedi-

1834 1515 1923 1562 tus
1953 1515 2037 1562 est
2065 1507 2308 1578 peccatis
2339 1544 2354 1569 ,
2409 1503 2600 1560 eadem
2639 1502 3008 1574 imprudentia
3047 1517 3154 1573 qua
3187 1508 3412 1574 peccat.

1833 1603 2062 1651 mortem
2087 1581 2262 1650 timet.
2296 1594 2682 1653 Necessarium
2716 1603 2894 1649 tamen
2943 1600 3030 1649 est
3061 1602 3121 1648 ut
3147 1594 3288 1651 banc
3311 1595 3415 1648 im-

1833 1686 2177 1759 prudentiam
2215 1687 2303 1742 hic
2333 1696 2514 1742 metus
2552 1693 2956 1754 consequatur,
3007 1694 3069 1739 ut
3118 1686 3213 1756 qui
3248 1685 3416 1740 time-

1831 1779 1924 1834 bat
1947 1781 2001 1835 id
2029 1782 2084 1836 in
2117 1797 2228 1851 quo
2256 1795 2368 1834 non
2394 1787 2513 1835 erat
2542 1780 2728 1843 timor,
2756 1793 2883 1833 vere
2913 1778 3106 1833 timeat
3151 1777 3300 1848 quod
3331 1778 3414 1832 ti-

143 1871 214 1940 δὴ
241 1873 337 1942 τῆς
365 1873 638 1942 ἁμαρτίας
681 1871 919 1942 διαφύγῃ
952 1872 1051 1940 τὴν
1099 1873 1322 1944 βλάϐην.
1362 1874 1610 1928 Ἐπειδὰν
1636 1852 1717 1930 οῦκ

1834 1887 1982 1928 mere
2008 1881 2243 1944 oportet,
2273 1873 2555 1935 damnum,
2592 1872 2838 1943 inquam,
2873 1886 2938 1925 ex
2977 1876 3226 1940 peccato.
3267 1868 3410 1936 Quia

144 1953 420 2033 πλεονάσῃ
444 1964 573 2032 παρ’
607 1962 783 2015 ἔθνεσι
825 1962 892 2015 τά
943 1963 1043 2033 τῆς
1079 1966 1372 2036 ἁμαρτίας,
1407 1963 1475 2037 ἧς
1503 1986 1565 2034 γε
1593 1984 1729 2037 τυγ..

144 2054 302 2122 χάνει
351 2052 407 2104 ἓν
468 2049 604 2115 εἶδος
647 2053 708 2132 το
737 2054 834 2122 τῆς
866 2053 1189 2124 ἀπληστίας,
1230 2058 1439 2119 ἑαυτοῖς
1463 2060 1728 2130 παραίτια

142 2141 507 2212 γίγνεταιτῆς
526 2143 666 2194 κατὰ
693 2143 755 2195 τὸ
778 2144 1101 2213 φαινόμενον
1128 2149 1415 2216 τιμωρίας,
1439 2149 1559 2220 ἥτις
1582 2150 1727 2205 κατά

146 2233 255 2302 μὲν
281 2233 340 2285 τὸ
364 2233 555 2304 ἀληθὲς
583 2235 660 2295 ὡς
689 2235 787 2286 οὐκ
816 2235 982 2305 ἂνεῖη
1018 2238 1254 2308 τιμωρία
1271 2238 1537 2305 λέλεκται,
1565 2242 1724 2309 φύσει

140 2327 301 2396 κοινῇ
338 2325 478 2378 κατά
516 2326 732 2378 πάντων
782 2326 1060 2398 ὡρισμένη
1084 2346 1095 2358 ·
1133 2329 1411 2400 εὐεργετεῖ
1430 2332 1486 2384 δὲ
1511 2332 1638 2397 τούς
1662 2349 1722 2386 τε

135 2419 440 2482 πίπτοντας
493 2421 550 2471 ἐν
581 2418 802 2489 πολέμῳ
845 2422 937 2472 καὶ
962 2423 1089 2485 τοὺς
1132 2421 1580 2494 διασωζομένους,
1611 2430 1722 2489 τοῖς

137 2510 247 2580 μὲν
278 2509 549 2580 ἁμαρτίας
591 2511 742 2574 τέλος
764 2511 1098 2582 παρέχουσα,
1160 2515 1270 2575 τοῖς
1308 2513 1363 2565 δὲ
1419 2515 1721 2584 ὑπόδειγμα

131 2601 296 2663 δέους
325 2601 626 2670 ἐμποιοῦσα
649 2619 663 2632 ο
706 2603 982 2673 εὐεργετεῖ
1017 2601 1093 2665 δὲ,
1124 2601 1223 2655 κᾶν
1254 2602 1448 2658 δίκαιοι
1477 2604 1555 2674 τῷ
1585 2606 1722 2677 πλή-

133 2693 226 2746 Θει
267 2693 702 2746 συναπέλοωσιν·
764 2695 838 2756 ὡς
864 2693 972 2764 γὰρ
1010 2697 1121 2756 τοῖς
1176 2695 1382 2758 ἀδίκοις
1425 2696 1577 2760 τέλος
1621 2704 1722 2768 τῆς

130 2784 356 2847 ἀδικίας
392 2786 420 2836 ὁ
447 2785 695 2848 Θάνατος,
729 2786 871 2839 οὕτω
895 2785 951 2836 δὲ
984 2786 1078 2839 καὶ
1105 2785 1333 2850 δικαίοις
1362 2787 1439 2850 ὡς
1470 2792 1719 2857 νικηταίς

129 2877 338 2947 τρόπον
370 2876 490 2928 τινὰ
515 2879 792 2946 στεφάνων
815 2877 956 2948 ἀρχή

209 3052 373 3105 Ὥστε
401 3051 702 3122 Θαυμάσιον
743 3050 832 3105 διὰ
870 3052 968 3122 τῆς
1010 3053 1285 3122 πανσόφου
1327 3053 1582 3123 προνοίας
1625 3052 1716 3106 τοῦ

1832 1965 1999 2034 igitur
2033 1974 2222 2035 gentes
2259 1965 2504 2035 peccatis
2535 1964 2867 2025 redundant,
2903 1979 3138 2034 quorum
3195 1962 3411 2035 species

1830 2071 1936 2109 una
1974 2064 2060 2111 est
2088 2056 2451 2111 insatiabilem
2497 2071 2663 2119 esse,
2722 2055 2855 2123 ipsa:
2901 2062 3032 2108 sunt
3083 2053 3190 2108 sibi
3239 2067 3407 2108 causa

1829 2147 2119 2216 supplicii,
2157 2146 2209 2202 id
2248 2153 2331 2201 est
2369 2146 2590 2213 mortis;
2630 2145 2775 2216 quod
2831 2142 3053 2215 quidem
3082 2143 3291 2199 dictum
3321 2149 3410 2198 est

1826 2252 1934 2290 non
1970 2251 2093 2290 esse
2123 2249 2248 2290 vere
2286 2235 2639 2303 supplicium,
2671 2231 2817 2304 quod
2856 2240 3056 2287 natura
3098 2239 3188 2290 est
3217 2233 3406 2288 omni-

1825 2327 1928 2381 bus
1959 2326 2262 2392 deﬁnitum,
2313 2326 2578 2382 beneﬁcio
2637 2333 2821 2379 autem
2865 2323 3027 2379 allicit
3060 2338 3160 2381 eos
3209 2325 3306 2394 qui
3348 2325 3403 2379 in

1824 2418 1966 2473 bello
1987 2416 2219 2480 cadunt,
2263 2424 2319 2471 et
2351 2433 2446 2472 eos
2477 2417 2570 2486 qui
2613 2417 2854 2470 evadunt
2886 2415 3196 2472 incolumes
3227 2433 3241 2470 :
3289 2415 3404 2471 Illis

1823 2510 2041 2586 quidem
2082 2510 2243 2564 tinem
2273 2506 2533 2578 peccandi
2577 2506 2754 2570 all'ert,
2787 2509 2873 2563 bis
2898 2523 3032 2563 vero
3082 2506 3399 2576 exemplum

1823 2600 2036 2654 timoris
2073 2599 2349 2668 proponit.
2379 2597 2555 2652 AiIicit
2595 2604 2778 2650 autem
2808 2596 3100 2660 beneﬂcio,
3144 2596 3274 2650 licet
3321 2594 3406 2664 ju-

1823 2694 1894 2746 sti
1922 2709 2048 2747 cum
2077 2692 2430 2746 multitudine
2476 2690 2624 2762 vulgi
2657 2703 2687 2742 a
2719 2688 2831 2742 vita
2883 2689 3144 2744 recedant
3177 2706 3194 2756 ;
3255 2687 3405 2743 sicut

1822 2784 1966 2836 enim
2019 2782 2238 2852 injustis
2270 2796 2421 2836 mors
2471 2790 2558 2836 est
2596 2779 2721 2834 linis
2762 2780 3069 2850 injustttiaa,
3104 2779 3189 2833 sic
3229 2778 3402 2848 justis

1821 2885 2081 2944 tanquam
2111 2875 2413 2930 victoribus
2461 2873 2867 2944 quodammodo
2910 2883 2994 2928 est
3037 2872 3257 2926 initium
3307 2885 3404 2925 co.

1821 2982 1957 3021 rona
1967 2983 2104 3019 rum.

1897 3054 2049 3112 Unde
2082 3057 2186 3111 hoc
2227 3070 2324 3125 per
2361 3055 2757 3124 providentiam
2789 3053 2884 3111 Dei
2932 3051 3401 3126 sapientissimum

126 3144 270 3199 Θεοῦ
308 3142 590 3212 συμϐαίνει
611 3161 622 3174 ·
659 3145 721 3198 τὸ
757 3143 867 3215 γάρ
892 3144 1081 3197 δοκοῦν
1115 3143 1381 3207 κολάζειν,
1414 3145 1712 3215 εὐεργετεῖ·

1821 3147 2140 3202 admirabile
2183 3148 2384 3210 evenit,
2435 3153 2493 3199 ut
2517 3144 2663 3216 quod
2692 3143 2907 3198 videtur
2946 3143 3166 3213 punire,
3192 3139 3404 3197 beneﬁ-

129 3240 230 3291 καὶ
257 3237 380 3290 οὐδὲ
406 3238 471 3290 δι’
496 3231 572 3290 ὧν
590 3238 658 3290 αὐ
671 3237 752 3298 τὸς
774 3235 1031 3307 ἄντικρυς
1056 3235 1449 3299 κατασκευάζει
1477 3234 1716 3304 ἀνιαρῶν

1818 3241 1960 3293 cium
1994 3239 2105 3294 ﬁat.
2139 3238 2258 3293 Non
2284 3238 2408 3293 dico
2440 3237 2609 3292 videri
2641 3237 2836 3307 punire
2877 3250 2976 3305 per
3011 3248 3075 3290 ea
3106 3249 3230 3304 quae
3254 3234 3402 3289 Deus

124 3327 275 3383 εἶναι
303 3328 622 3391 δοκούντων,
662 3327 796 3380 ἀλλά
825 3328 890 3381 δι’
917 3321 990 3379 ὧν
1018 3326 1326 3396 ἀνθρώποις
1359 3325 1714 3396 αὐτομολοῦσι

129 3420 427 3489 συγχωρεῖ-
458 3417 598 3469 ὥστε
639 3417 873 3482 πόλεμος
902 3419 1001 3470 οὐκ
1039 3417 1199 3488 ἔργον
1223 3416 1379 3481 Θεοῦ,
1419 3418 1557 3470 ἀλλά
1581 3435 1714 3486 συγ·

124 3509 372 3579 χώρησις
409 3507 679 3575 ἀναγκαία
713 3508 794 3569 είς
830 3509 930 3576 μὲν
973 3506 1206 3574 ὑποψίαν
1250 3508 1521 3577 τιμωρίας
1572 3508 1713 3560 κατά

122 3603 232 3670 τῆς
262 3602 555 3671 ἁμαρτίας,
599 3599 738 3652 κατά
768 3599 825 3650 δὲ
863 3599 924 3651 τὸ
961 3598 1179 3668 ἀληθὲς,
1224 3601 1303 3661 είς
1337 3599 1487 3663 τέλος
1519 3600 1708 3670 αὐτῆςο

123 3694 262 3747 ἔνθα
291 3693 392 3746 κᾶν
419 3692 623 3755 δίκαιος
650 3692 812 3763 πέσῃ,
849 3691 1055 3743 δίκαιον
1083 3690 1138 3742 δὲ
1169 3689 1425 3760 πολεμεῖν
1458 3691 1708 3756 ἀπεικός,

127 3783 394 3856 μειζόνως
421 3785 805 3854 εὐεργετεῖταν
843 3783 1024 3851 μεῖζον
1049 3783 1156 3851 γαρ
1187 3781 1280 3833 τοῦ
1312 3781 1585 3850 παυθῆναι
1615 3799 1712 3834 κα-

125 3879 256 3940 κίας
287 3875 346 3930 τι
383 3876 608 3946 καρπῶν
647 3874 951 3928 ἀπολαῦσαι
978 3874 1086 3926 τῶν
1118 3873 1218 3943 τῆς
1261 3874 1464 3944 ἀρετῆς
1508 3877 1707 3940 πόνων,

122 3971 268 4037 ὅπερ
309 3966 554 4020 εὐσεϐέσι
590 3949 751 4036 ’μετά
794 3965 1019 4018 θάνατον
1070 3966 1320 4036 ὑπάρχει.
1371 3968 1433 4019 UE
1472 3966 1530 4018 δὲ
1574 3967 1711 4039 πρὸς

123 4059 302 4112 ταῦτα
333 4059 743 4129 διαμαχόμενοι,
785 4059 914 4128 πρὶν
950 4059 1008 4110 τὸ
1043 4057 1270 4111 καθόλου
1302 4057 1571 4126 διελέγξαι
1607 4077 1708 4112 κα-

122 4151 249 4211 κδν,
283 4149 345 4202 τὸ
387 4150 550 4221 μέρος
591 4148 988 4203 διαϐάλλουσιν*
1035 4153 1082 4203 εί
1124 4150 1232 4221 γὰρ
1258 4150 1333 4213 ὼς
1372 4152 1480 4204 ἀπὸ
1511 4152 1710 4217 κακίας

122 4242 518 4313 ὺρεστηκυίας,
546 4246 640 4297 καὶ
666 4244 839 4314 ἀρχῆς
865 4243 1263 4313 ἀνάρκουντοδς
1289 4244 1556 4314 πολέμους
1576 4247 1710 4316 ἡμῖν

120 4333 605 4403 κατακομίζουσιν,
635 4336 796 4388 αὐτόν
822 4352 885 4403 γε
925 4335 1014 4388 τὸν
1040 4334 1267 4388 θάνατον
1294 4336 1386 4389 καὶ
1417 4336 1576 4406 μόνον
1605 4355 1707 4390 κα-

120 4427 278 4480 κίσαι
311 4427 584 4496 προσῆκον
613 4422 683 4496 ἦν
711 4428 914 4491 αὐτοῖς·
951 4428 1199 4499 περιττὸν
1232 4427 1339 4497 γάρ
1371 4427 1469 4490 τὰς
1498 4430 1708 4500 προφάο

1813 3330 1960 3386 haud
1993 3332 2157 3386 dubie
2191 3331 2341 3390 facit,
2392 3345 2513 3399 qua:
2553 3329 2753 3383 acerba
2784 3336 2840 3382 et
2875 3341 3071 3398 aspera
3116 3327 3396 3389 videntur,

1813 3421 1910 3477 sed
1955 3436 2053 3490 per
2099 3436 2163 3477 ea
2213 3436 2333 3493 quae
2378 3419 2698 3475 hominibus
2741 3416 3047 3488 transfugis
3092 3417 3394 3491 permittit;

1809 3511 2164 3582 quamobrem
2198 3512 2400 3568 bellum
2430 3512 2661 3567 istorum
2690 3523 2800 3563 non
2835 3512 2922 3566 est
2945 3523 3091 3580 opus
3120 3505 3241 3571 Dei,
3279 3507 3380 3563 sed

1811 3601 2103 3671 permissio
2152 3601 2486 3657 necessaria.
2535 3597 2595 3655 In
2638 3601 2878 3670 speciem
2910 3597 3132 3670 quidem
3179 3597 3250 3652 ad
3286 3612 3394 3668 pu-

1811 3693 2071 3748 niendum
2104 3699 2409 3762 peccatum,
2443 3708 2572 3747 vere
2603 3700 2783 3747 autem
2809 3690 2879 3746 ad
2907 3688 3294 3760 imponendum
3330 3690 3396 3742 li-

1811 3799 1935 3839 nem
1980 3793 2238 3855 peccato;
2286 3783 2379 3838 ubi
2427 3787 2674 3854 quamvis
2697 3783 2884 3852 justus
2943 3781 3107 3837 cadat
3161 3781 3393 3852 (justum

1810 3885 1990 3933 autem
2027 3878 2227 3931 bellare
2260 3893 2369 3931 non
2402 3878 2619 3948 decet),
2657 3879 2838 3946 majus
2870 3877 3193 3932 beneficium
3246 3880 3390 3931 acci-

1808 3969 1921 4039 pit;
1975 3969 2152 4038 majus
2198 3969 2346 4023 enim
2383 3976 2469 4023 est
2516 3969 2801 4038 percipere
2845 3965 3091 4024 fructum
3130 3966 3389 4023 laborum

1810 4044 2046 4124 virtutis,
2082 4059 2228 4130 quod
2265 4059 2368 4130 piis
2413 4068 2536 4129 post
2584 4069 2814 4114 mortem
2858 4057 3159 4128 contingit,
3213 4071 3386 4127 quant

1808 4152 2058 4208 desinere
2107 4166 2354 4221 peccare.
2404 4149 2508 4215 Qui
2559 4158 2741 4204 autem
2799 4158 2991 4204 contra
3039 4147 3155 4202 haec
3205 4146 3388 4202 disce-

1809 4250 1983 4313 ptant,
2035 4243 2352 4312 priusquam
2403 4240 2636 4310 probent
2691 4239 2893 4295 bellum
2943 4253 3067 4294 esse
3115 4253 3182 4293 ex
3234 4236 3386 4291 omni

1807 4345 1962 4406 parte
2004 4335 2228 4400 malum,
2265 4344 2473 4404 partem
2507 4332 2631 4402 ejus
2671 4342 2954 4388 accusant.
2992 4331 3050 4386 Si
3093 4331 3237 4386 enim
3267 4329 3385 4385 bel-

1808 4428 1984 4482 lorum
2019 4427 2284 4496 originem
2323 4441 2390 4496 ex
2447 4425 2692 4495 nequitia
2759 4439 2856 4495 per
2893 4440 2953 4480 se
2999 4425 3297 4479 exsistente
3328 4427 3387 4475 ιι

120 4535 242 4582 σεις
277 4517 570 4583 ἐξετάζειν,
597 4518 689 4572 τοῦ
715 4521 1029 4588 ἀναγκαίως
1066 4520 1453 4592 συμϐαίνοντος
1480 4521 1708 4591 ἀκρίτου

1818 4532 1880 4572 es
1913 4517 2183 4588 principio
2228 4515 2472 4587 ingenito
2529 4513 2657 4569 duci
2703 4515 2918 4578 dicunt,
2958 4513 3246 4586 oportebat
3285 4525 3385 4568 eos

121 4609 402 4680 μένοντος.

1811 4609 1983 4677 ipsam
2032 4615 2284 4671 mortem,
2329 4614 2383 4660 et
2426 4603 2644 4675 quidem
2691 4606 2864 4660 solam
2913 4607 3260 4676 vituperare:
3289 4616 3387 4656 su-

118 4716 522 4769 pervacaneum
546 4701 690 4754 enim
718 4711 800 4757 est
828 4718 1026 4759 causas
1058 4703 1322 4757 bellorum
1352 4709 1611 4757 excutere
1645 4709 1699 4758 et
1735 4703 2031 4774 inquirere,
2064 4717 2189 4758 cum
2217 4700 2362 4772 quod
2390 4700 2707 4758 necessario
2733 4699 2954 4766 accidit,
3006 4701 3063 4756 in
3130 4699 3185 4754 id
3232 4695 3384 4768 judi-

118 4794 268 4846 cium
301 4806 408 4846 non
441 4791 620 4848 cadat.

886 4929 1016 4985 Car.
1055 4928 1188 4984 XIII.
1232 4928 1456 4984 Mortem
1493 4928 1693 4982 malam
1721 4944 1824 4982 non
1860 4942 1991 4989 esse,
2026 4926 2217 4980 iterum
2255 4924 2626 4994 conﬁrmatur.

188 5064 318 5126 Πῶς
348 5065 392 5118 δ’
423 5065 488 5118 ἂν
533 5065 624 5118 τὸν
675 5065 903 5120 Θάνατον
948 5067 1172 5121 κακίσαι
1217 5065 1515 5138 δυνηθεῖεν,
1563 5069 1697 5119 ἀπο-

114 5157 313 5210 λύοντά
348 5174 411 5224 γε
445 5159 541 5227 τῆς
575 5156 726 5227 ὕλης,
764 5158 905 5210 κατά
934 5160 1026 5212 τὸν
1050 5158 1204 5228 λόγον
1234 5157 1329 5212 τοῦ
1357 5158 1693 5223 ἀπατεῶνος,

110 5249 210 5319 τὴν
239 5247 450 5316 ψυχὴν;
478 5248 639 5300 Ὥστε
666 5248 805 5301 κατά
831 5249 929 5318 μὲν
955 5249 1055 5320 τὴν
1092 5249 1274 5320 κοινὴν
1306 5249 1463 5312 δόξαν
1495 5250 1694 5318 ἤκιστά

111 5357 175 5407 γε
211 5339 443 5401 θάνατος
469 5339 654 5392 κακόν⁸
693 5338 756 5392 τὸ
781 5339 892 5410 γὰρ
922 5341 1232 5408 ἀναγκαίως
1256 5341 1367 5402 τοῖς
1394 5340 1526 5391 πᾶσι
1558 5354 1695 5408 συμ-

110 5435 296 5486 ϐαῖνον
320 5433 381 5484 οὐ
411 5431 597 5486 κακόν·
637 5433 812 5503 μάτην
841 5432 1002 5485 αὐτὸν
1029 5432 1115 5485 διὰ
1145 5433 1268 5501 τοὺς
1298 5431 1563 5501 πολέμους
1585 5431 1695 5484 δια-

109 5525 415 5588 ϐάλλωσιν,
455 5524 607 5577 οὐδὲν
655 5523 815 5577 πλέον
859 5509 1132 5591 ἐπάγοντα
1180 5525 1288 5577 τῶν
1332 5523 1474 5576 κατά
1526 5523 1685 5590 φύσιν

107 5607 508 5688 ἀποκειμένων.
546 5617 608 5670 Εἰ
631 5616 688 5668 δέ
712 5632 796 5680 τις
826 5615 924 5687 τὴν
948 5617 1217 5686 πρόφασιν
1251 5617 1422 5688 αὐτὴν
1449 5615 1554 5667 τῶν
1584 5632 1684 5668 πο-

109 5707 289 5780 λέμων
318 5709 552 5773 κακίζοι,
594 5709 693 5760 εἰτ’
721 5703 814 5760 οὖν
854 5707 1042 5778 ὀργὴν,
1077 5707 1174 5760 εἴτ’
1204 5706 1425 5778 ἔχθραν,
1450 5709 1559 5760 εἴτε
1592 5707 1685 5760 καὶ

109 5800 440 5868 πλεονεξίαν,
475 5801 574 5855 οὐκ
609 5800 675 5855 ἂν
715 5799 1064 5872 διαμαρτάνοι
1102 5798 1193 5852 τοῦ
1234 5800 1559 5869 πρέποντος·
1593 5799 1685 5852 ἁν-

1869 5065 2157 5133 Quomodo
2199 5075 2379 5121 autem
2413 5072 2644 5135 possunt
2675 5072 2907 5120 mortem
2941 5067 3140 5122 malam
3169 5067 3371 5135 dicere,

1801 5173 1945 5227 quze,
1972 5164 2032 5208 ut
2062 5154 2394 5209 Manichacus
2409 5153 2676 5211 l‘ailaciter
2697 5156 2884 5221 tradit,
2916 5157 3155 5212 animam
3191 5173 3224 5212 a
3255 5175 3374 5215 ma-

1798 5249 1936 5303 teria
1978 5247 2214 5302 liberat?
2259 5245 2438 5312 Quare
2489 5248 2768 5301 communi
2813 5249 3060 5302 omnium
3102 5253 3375 5305 sententia

1799 5351 2142 5406 nequaquam
2179 5337 2382 5390 malum
2415 5343 2498 5390 est
2534 5351 2721 5389 mors:
2753 5335 2898 5405 quod
2925 5338 3070 5392 enim
3114 5353 3374 5394 necesse»

1794 5432 1882 5485 rio
1911 5430 2165 5484 omnibus
2197 5431 2418 5495 accidit,
2463 5446 2573 5485 non
2615 5438 2699 5486 est
2742 5432 2964 5485 malum.
3000 5431 3240 5486 Inaniter
3272 5448 3371 5486 an-

1795 5530 1902 5579 tem
1937 5535 2190 5586 mortem,
2212 5538 2334 5592 qua:
2366 5534 2588 5593 prepter
2638 5523 2779 5578 bella
2813 5522 3034 5590 accidit,
3067 5535 3367 5593 accusant;

1795 5628 1914 5683 quae
1937 5613 2071 5667 nihil
2096 5615 2333 5683 amplius
2357 5614 2513 5668 affert
2551 5630 2714 5683 quam
2751 5612 2896 5684 quod
2929 5615 3228 5667 secundum
3267 5631 3367 5668 na-

1794 5715 1971 5760 turam
2003 5706 2358 5760 constitutum
2401 5715 2502 5759 est.
2535 5705 2592 5759 Si
2619 5705 2742 5775 quis
2774 5721 2904 5760 vero
2933 5706 3105 5774 ipsam
3138 5721 3365 5760 causam

1792 5798 2059 5854 bellorum
2091 5798 2287 5852 malam
2314 5811 2440 5854 esse
2460 5797 2633 5866 dicat,
2660 5799 2775 5854 sive
2801 5798 2882 5852 ira
2912 5799 3007 5863 sit,
3034 5800 3153 5855 sive
3177 5795 3372 5857 inim!-
