4058 6330
109 384 261 440 “65

1108 468 1113 471 _
1161 390 1528 447 ADVERSUS
1577 390 1997 449 ΜΑΝΙΟΗΕΟΞ
2037 393 2161 450 LIB.
2206 395 2265 453 ll.

3202 407 3338 464 H80

102 496 374 563 ηγοῦντος
396 498 566 570 ἔχωσι
588 520 602 533 ·
636 503 813 575 χαίρει
853 504 950 574 μὲν
982 504 1090 575 γὰρ
1130 505 1198 559 τὰ
1224 508 1352 578 παρ’
1379 508 1567 561 ἑαυτοῦ
1604 509 1646 560 δι

1747 547 1755 572 ,
1786 517 1931 563 tatur
1956 509 2152 565 dandis
2190 513 2340 579 suis;
2373 514 2467 570 sed
2500 519 2670 589 magis
2707 519 2939 585 laetatur,
2967 534 3090 575 cum
3115 518 3208 576 dat
3252 521 3339 578 dl-

100 584 234 649 δοῦς
258 605 269 618 ’
305 591 478 661 χαίρει
512 592 569 645 δὲ
617 593 814 663 μᾶλλον
860 594 1031 658 ἀξίοις
1056 595 1229 659 διδούς
1255 612 1267 624 ⁸
1308 598 1383 660 ὡς
1429 600 1525 669 τῆς
1559 599 1678 666 φιλ-

101 678 426 751 ανθρωπίας
467 685 664 753 τρόπον
700 684 819 738 τινὰ
864 686 1289 758 ἀτιμαζομένης,
1323 691 1370 741 εί
1418 690 1491 759 μὴ
1538 689 1675 758 πρὸς

98 768 458 843 εὐαισθήτους
498 777 765 842 γίγνοιτο·
801 776 1022 845 εὐλόγου
1051 779 1105 831 δὲ
1148 778 1264 832 λίαν
1309 779 1674 848 ἀποφαινομέ-

97 873 226 927 νης,
261 863 307 913 εἰ
340 864 475 933 πρὸς
498 865 557 915 τὸ
582 863 824 933 δέχεσθαι
849 866 939 919 τὸν
963 869 1297 941 χορηγοῦντα
1329 871 1467 940 ὑπὲρ
1498 870 1673 923 πάντα

95 948 281 1019 εχοιεν
306 955 356 1005 οἱ
383 954 680 1023 δεχόμενοι.

1776 600 1896 669 gnis
1929 620 1939 654 :
1984 608 2240 672 tanquam
2272 602 2577 673 benignitas
2609 624 2735 680 erga
2790 611 3038 667 homines
3070 609 3336 681 quodam-

1775 690 1937 743 modo
1998 691 2319 760 inhonorata
2374 696 2480 761 sit,
2552 698 2656 752 nisi
2718 702 2887 769 gratis
2940 709 2994 757 et
3058 702 3336 757 benevolis

1776 777 2086 836 hominibus
2122 783 2478 848 exhibeatur;
2525 801 2644 855 qua:
2672 791 2827 844 valde
2875 792 3069 846 rationi
3097 806 3336 848 consen-

1773 876 1930 923 lanea
1980 878 2113 927 tunc
2162 883 2405 945 apparet,
2434 890 2556 931 cum
2606 878 2644 935 ii
2691 880 2786 950 qui
2821 880 2964 936 bona
3014 883 3332 956 accipiunt.

1772 962 2026 1017 omnibus
2055 963 2213 1020 bonis
2258 966 2572 1037 largientem
2607 983 2946 1041 prrponunt.

520 1066 645 1122 Car-
690 1067 826 1124 XVI.
867 1068 1015 1126 Mors
1050 1074 1371 1135 necessaria,
1400 1084 1456 1126 ut
1485 1072 1754 1126 uatiut'tas.
1786 1069 1935 1125 Mala
1960 1074 2215 1145 proﬁcere
2253 1092 2464 1132 rursum
2494 1077 2909 1138 demetiuntur.

166 1184 289 1239 Κᾶν
333 1184 514 1247 πόλεις
558 1186 614 1238 δὲ
661 1187 1068 1243 καταπίπτωσιν
1120 1192 1487 1260 ὲπιφυομένης
1541 1191 1665 1243 ἀσε-

91 1277 274 1339 ϐείας.
320 1270 406 1328 οἷα
444 1276 506 1344 δὴ
550 1278 639 1329 καὶ
686 1278 875 1349 πρώην
922 1280 1013 1332 ἐπὶ
1067 1280 1160 1332 τοῦ
1208 1280 1324 1333 λίαν
1368 1281 1665 1349 ἀσεϐήσαν-

89 1385 187 1430 τος
211 1369 320 1436 (38)
356 1367 447 1418 καὶ
480 1368 584 1419 τῶν
611 1368 839 1422 εἰδώλων
868 1370 965 1440 τὴν
998 1370 1203 1441 πλάνην
1234 1372 1661 1441 ἀναμνήσαντος,

92 1459 377 1529 φθείρεται
428 1460 459 1529 ή
510 1460 769 1529 ἁμαρτία,
814 1463 908 1513 καὶ
965 1462 1206 1531 μειοῦται
1256 1465 1287 1532 ἡ
1343 1463 1482 1515 κατὰ
1528 1462 1660 1516 Θεοῦ

92 1550 305 1617 πλάνη’
337 1550 563 1602 θανάτου
604 1552 659 1602 δὲ
704 1553 841 1604 κατὰ
886 1552 1044 1621 φύσιν
1078 1552 1238 1606 πλέον
1283 1553 1433 1605 οὐδὲν
1477 1555 1658 1621 γίγνε-

87 1658 181 1693 ται
204 1659 217 1670 ⁸

89 1732 401 1785 τούναντίον
444 1734 542 1803 μὲν
571 1730 683 1797 οὖν,
716 1735 788 1795 ὡς
822 1737 878 1786 ἐν
926 1734 1211 1805 φαρμάκου
1251 1736 1399 1798 εῖδει,
1428 1738 1654 1804 ἀγαθόν·

254 1643 346 1693 καὶ
381 1644 573 1712 ἣκιστα
613 1644 778 1694 κακὸν
809 1644 870 1695 τὸ
909 1644 1008 1711 τῆς
1050 1642 1197 1707 Θείας
1240 1646 1617 1715 ἐπιστρείρείας
1643 1664 1656 1677 ο

1838 1187 1972 1245 Etsi
2006 1192 2252 1247 civitates
2279 1193 2571 1249 concidant
2606 1203 2791 1249 exorta
2823 1196 3137 1267 impietate,
3186 1202 3330 1258 sicut

1766 1294 1939 1349 nuper
1958 1282 2205 1351 contigit,
2240 1298 2359 1337 cum
2409 1284 2499 1339 ille
2538 1285 2889 1356 impiissimns
2918 1287 3287 1349 dominaretur
3313 1333 3328 1357 .

1765 1377 1817 1422 et
1853 1385 2097 1424 errorem
2121 1371 2441 1427 idololatria:
2467 1374 2733 1432 recoleret
2767 1392 2831 1431 ac
2870 1390 3177 1445 renovaret,
3196 1399 3324 1452 pec-

1764 1469 1943 1512 catum
1978 1462 2349 1529 interimitur,
2402 1472 2457 1519 et
2510 1480 2666 1521 error
2720 1469 2776 1522 in
2807 1468 2976 1524 Deum
3019 1471 3323 1530 minuitur:

1765 1551 1896 1604 nihil
1949 1568 2077 1608 vero
2111 1558 2343 1625 amplius
2376 1558 2572 1613 accidit
2604 1575 2768 1629 quam
2823 1561 2970 1619 mors
3023 1568 3324 1623 secundum

1766 1648 2010 1696 naturam
2040 1663 2053 1710 ;
2084 1654 2137 1699 et
2186 1650 2330 1716 quod
2363 1648 2422 1703 lit
2468 1650 2534 1704 ad
2586 1649 2823 1706 divinam
2872 1659 3281 1713 conversionem
3306 1697 3321 1721 ,

1764 1731 2106 1801 nequaquam
2123 1736 2321 1789 malum
2347 1748 2447 1803 est,
2470 1742 2561 1793 sed
2581 1751 2769 1795 contra
2794 1745 2977 1811 potius
2999 1747 3197 1802 bonum
3219 1758 3321 1812 est,

89 1822 261 1874 κακὸν
294 1824 348 1875 δὲ
373 1824 528 1893 μόνον
570 1824 631 1875 τὸ
662 1824 759 1892 τὴν
809 1824 1186 1893 συμφέρουσαν
1215 1826 1517 1894 οἰκονομίαν
1558 1843 1646 1878 κα-

1757 1827 2012 1888 tanquam
2064 1824 2296 1891 speciem
2354 1826 2637 1885 medicina:
2689 1828 2915 1887 habens.
2961 1834 3156 1889 Malum
3194 1851 3322 1891 vero

90 1913 295 1975 κίζειν·
336 1916 363 1967 ὁ
408 1914 514 1983 γὰρ
545 1914 881 1966 παιδοποιίαν
914 1914 1208 1969 διαϐάλλων
1250 1918 1323 1980 ὡς
1366 1916 1659 1987 αὐξητικὴν

86 2004 188 2072 τῆς
251 2005 400 2074 ὕλης,
461 2000 633 2069 οὗτος,
696 2006 921 2059 θάνατον
980 2007 1172 2079 ἀθρόον
1226 2008 1334 2077 (39)
1399 2010 1655 2071 κακίζων,

86 2094 215 2147 νοῦν
243 2112 302 2162 γε
351 2096 685 2166 ἀνθρώπινον
722 2093 808 2167 ἆρ’
848 2098 989 2166 ἔχειν
1032 2099 1095 2151 ἂν
1140 2099 1341 2167 δοκοίη,
1378 2100 1657 2168 μαχόμενα

86 2182 211 2234 λίαν
263 2186 436 2253 ἐαυτῷ
496 2185 926 2254 φανταζόμενοςς
985 2188 1121 2240 Ἀλλ’
1174 2187 1293 2239 οὔτε
1350 2188 1657 2240 παιδοποιία

86 2276 253 2342 κακὴ,
286 2277 346 2327 τὸ
376 2277 596 2339 ἀείζωον
628 2278 702 2347 τῷ
727 2278 899 2346 θνητῷ
927 2280 1071 2345 γένει
1098 2280 1344 2341 ποιοῦσα,
1371 2281 1463 2333 καὶ
1493 2298 1655 2350 προσ-

85 2366 303 2418 τεθεῖσα
336 2371 398 2437 τῇ
434 2368 762 2441 δημιουργίᾳ
794 2370 917 2432 τοὺς
964 2371 1339 2439 γιγνομένους·
1392 2371 1514 2424 οὔτε
1562 2373 1655 2425 θά-

87 2473 266 2520 νατος,
298 2459 399 2511 κᾶν
432 2462 595 2522 πολὺς
638 2461 845 2531 ἀθρόως
877 2462 1211 2532 ἐπενεχθείη,
1256 2466 1506 2533 πονηρὸς,
1553 2466 1652 2517 οὐκ

86 2548 179 2597 ἐπὶ
224 2548 393 2617 ζημία
427 2551 565 2603 κατὰ
591 2552 887 2620 ἀνθρώπων
917 2554 1020 2605 ὑπὸ
1049 2554 1181 2606 Θεοῦ
1223 2555 1491 2623 κείμενος,
1536 2556 1649 2607 ἀλλ’

88 2638 181 2689 tiri
221 2640 455 2711 ὠφελείᾳ
501 2646 564 2711 τῇ
612 2645 888 2712 ἀνωτάτω,
936 2645 1161 2708 δικαίοις
1209 2663 1267 2697 τε
1308 2648 1400 2698 καὶ
1444 2647 1648 2710 ἀδίκοις

84 2729 408 2799 ὡρισμένος.

153 2900 227 2953 Τδ
268 2900 327 2952 δὲ
379 2903 515 2955 κατὰ
565 2905 726 2975 μέρος
777 2907 989 2977 ἑκάστῳ
1043 2909 1335 2977 συμϐαῖνον
1383 2910 1645 2977 φυσικῶς,

84 2990 238 3043 τοῦτο
281 2992 489 3056 πολλοῖς
532 2995 739 3062 ἀθρόως
782 3000 829 3049 ει
872 2999 1117 3059 ἐπέλθοι,
1160 3001 1298 3052 κατὰ
1348 3001 1507 3068 φύσιν
1549 3002 1647 3071 μὲν

85 3080 284 3144 ἔπεισι,
329 3084 420 3135 καὶ
456 3084 613 3137 πλέον
647 3086 797 3139 οὐδέν
823 3104 835 3115 ·
872 3090 1106 3159 τοσούτῳ
1133 3091 1187 3142 δὲ
1214 3092 1272 3143 οὗ
1310 3093 1447 3144 κατὰ
1484 3094 1646 3163 μέρος

87 3171 307 3240 μείζονα
343 3174 433 3225 τοῦ
457 3176 859 3245 οἱκονομοῦντος
887 3180 981 3249 τὴν
1015 3181 1335 3250 κηδεμονίαν
1370 3184 1644 3251 σημαίνει,

83 3263 191 3332 ὅσῳ
220 3266 281 3317 τὸ
316 3267 411 3334 μὲν
437 3267 586 3319 οὐδὲν
610 3272 903 3339 τεκμήριον
937 3274 1309 3343 κατακρίσεως
1333 3275 1437 3328 τῶν
1472 3277 1647 3343 ἀμαρ-

81 3355 345 3407 τανόντων
376 3357 515 3426 ἔχει’
556 3359 615 3409 τὸ
650 3359 705 3411 δὲ
746 3364 810 3430 τῇ
855 3363 991 3415 κατὰ
1036 3365 1093 3417 τὸ
1136 3366 1452 3434 φαινόμενον
1484 3367 1648 3432 ἀγαν-

82 3447 328 3513 ακτήσει,
388 3451 512 3510 τοὺς
550 3449 647 3517 μὲν
678 3450 1036 3515 τελευτῶντας
1074 3455 1165 3507 τὸν
1205 3457 1488 3526 εἰρημένον
1542 3459 1644 3511 πά-

82 3532 168 3586 λαι
192 3538 390 3607 τρόπον
419 3541 713 3608 εὐεργετεῖ,
738 3544 863 3605 τοὺς
900 3544 956 3595 δὲ
986 3545 1193 3609 ζῶντας
1229 3548 1568 3617 ἐπιστρέφει.

147 3792 210 3845 El
240 3793 299 3845 δέ
326 3811 428 3857 τις,
469 3796 677 3849 πολλῶν
717 3799 971 3863 πολλάκις
1000 3802 1255 3855 τοιούτων
1284 3807 1637 3877 γιγνομὲνων,

78 3884 313 3939 δείκνυσι
357 3888 444 3939 τὸν
474 3889 808 3957 ἀνθρώπινον
850 3892 959 3960 βίον
1004 3897 1115 3955 τοῖς
1148 3896 1329 3959 αὐτοῖς
1376 3899 1640 3967 ἐμπλεκό-

82 3994 235 4042 μενον
263 3978 577 4049 ἀδικήμασι,
608 3982 983 4051 παραπλήσιον
1006 3984 1124 4053 ἐμοί
1147 4002 1205 4051 γε
1231 3986 1375 4039 δοκεί
1412 3990 1636 4061 πάσχειν

79 4066 382 4129 ὀτοιοῦτος,
445 4070 496 4121 εἴ
551 4087 655 4133 τις,
716 4073 772 4123 ἐν
822 4068 1037 4140 λίμναις
1089 4076 1179 4127 καὶ
1230 4076 1463 4150 θαλάττῃ
1512 4083 1637 4143 τοὺς

83 4158 263 4224 ἰχθύας
314 4160 475 4231 ὁρῶν,
509 4161 671 4215 οἴοιτο
705 4164 801 4233 τὴν
845 4164 1152 4235 ἁλιευτικὴν
1187 4168 1381 4239 τέχνην
1423 4168 1632 4240 ἀργεῖ),

77 4250 196 4312 τοὺς
224 4250 571 4322 θηρωμένους
616 4256 711 4325 οὐχ
755 4256 912 4323 ὀρῶν,
948 4259 1072 4319 τοὺς
1122 4258 1176 4309 δὲ
1209 4261 1534 4329 νηχομένους
1576 4266 1633 4316 ἐν

77 4345 182 4405 τοῖς
210 4343 366 4396 ὕδασι
414 4345 655 4413 βλέπων·
700 4348 732 4417 ἢ
776 4347 981 4419 ὥσπερ,
1029 4351 1081 4402 εἴ
1124 4369 1204 4413 τις
1252 4353 1475 4415 πολλοὺς
1530 4355 1630 4407 κὰ-

1762 1919 1967 1965 Iantum
2000 1921 2101 1977 est,
2131 1915 2313 1970 utilem
2362 1916 2456 1971 Dei
2506 1921 2951 1989 gubernationem
2986 1925 3317 1994 improbare.

1759 2001 1861 2067 Qui
1915 2004 2059 2058 enim
2120 2010 2551 2075 pmcreationem
2612 2012 2905 2068 liberorum
2968 2017 3319 2085 reprehendit

1758 2102 2012 2164 tanquam
2062 2108 2345 2167 augentem
2402 2104 2702 2169 materiam,
2737 2121 2860 2159 cum
2916 2118 3146 2163 mortem
3196 2110 3319 2164 uni-

1757 2202 1965 2239 versam
1998 2188 2296 2256 improbet;
2334 2206 2401 2244 an
2428 2193 2717 2248 humanam
2750 2204 2981 2251 mentem
3008 2198 3205 2253 habere
3234 2200 3317 2253 vi-

1756 2277 1932 2339 detur,
1966 2279 2119 2333 valde
2172 2282 2274 2334 sibi
2307 2282 2405 2352 ipsi
2454 2286 2812 2357 repugnantia
2849 2289 3177 2359 cogitatione
3212 2292 3316 2345 lino

1754 2369 1919 2435 gens?
1948 2370 2015 2420 At
2050 2385 2223 2439 neque
2270 2376 2575 2441 procreatio
2606 2377 2745 2430 mala
2776 2384 2879 2442 est,
2919 2394 3039 2448 qua:
3083 2380 3211 2435 facit
3254 2400 3313 2440 us

1755 2471 1923 2523 genus
1955 2460 2180 2512 mortale
2209 2474 2420 2529 semper
2449 2462 2613 2529 vivat,
2644 2472 2697 2519 et
2734 2467 2981 2536 adjungit
3030 2469 3096 2525 ad
3144 2470 3312 2526 fabri-

1751 2559 1868 2596 cam
1898 2546 2083 2601 mtmdi
2106 2561 2198 2601 eos
2218 2549 2309 2618 qui
2341 2559 2729 2620 procreantur;
2757 2571 2930 2624 neque
2953 2572 3097 2613 mors
3118 2575 3310 2628 quam-

1749 2634 1831 2688 vis
1854 2637 2101 2692 universe
2133 2638 2419 2702 inferatur,
2453 2644 2592 2696 mala
2616 2653 2727 2711 est;
2760 2662 2860 2700 nec
2900 2662 2929 2700 a
2963 2647 3072 2703 Deo
3101 2652 3307 2704 consti-

1749 2735 1883 2786 tuta,
1918 2734 1973 2778 ut
2002 2726 2248 2783 homines
2279 2730 2548 2797 jacturam
2582 2740 2633 2787 et
2657 2734 2913 2789 damnum
2950 2738 3172 2801 faciant,
3212 2743 3305 2794 sed

1749 2815 1814 2867 ad
1843 2816 2125 2871 utilitatem
2150 2835 2417 2875 summam
2443 2822 2607 2889 iustis
2638 2832 2691 2877 et
2720 2825 2940 2893 injustis
2961 2828 3180 2883 decreta
3203 2844 3304 2886 est.

1818 2901 1971 2969 Quod
2009 2915 2188 2960 autem
2221 2911 2515 2979 unicuique
2552 2914 2801 2980 privatim
2843 2917 3039 2970 accidit
3070 2926 3307 2973 natura—

1748 2989 1891 3052 liter,
1922 2990 2023 3044 hoc
2054 2992 2097 3045 si
2134 2995 2317 3050 multis
2350 2996 2635 3053 confertim
2681 3001 2953 3069 adveniat,
2984 3010 3306 3064 naturaliter

1749 3078 1964 3147 quidem
2014 3084 2316 3154 contingit;
2370 3088 2612 3160 nihilque
2675 3093 2908 3161 amplius
2961 3106 3084 3160 cst,
3140 3114 3302 3167 quam

1749 3170 1891 3237 quod
1919 3170 2149 3241 singulis
2188 3176 2453 3247 contingit
2482 3199 2493 3233 :
2526 3179 2619 3235 sed
2643 3188 2793 3236 tanto
2827 3185 3086 3252 majorem
3113 3203 3304 3246 curam

1749 3260 2121 3328 gubernantis,
2163 3280 2322 3334 quam
2354 3268 2483 3323 illud
2512 3271 2655 3339 quod
2688 3275 2939 3341 privatim
2978 3279 3197 3342 accidit,
3225 3282 3303 3336 si-

1747 3351 1985 3417 grilicat,
2014 3366 2215 3422 quanto
2246 3357 2300 3411 iu
2350 3358 2443 3413 illo
2496 3361 2710 3430 privato
2762 3364 2943 3421 minus
2999 3368 3181 3425 indicii
3217 3380 3304 3427 est

1740 3441 1933 3510 judicii
1961 3443 2126 3501 divini
2149 3448 2201 3501 in
2218 3448 2616 3520 delinquentes.
2649 3453 2761 3509 lloc
2784 3465 2961 3511 autem
2997 3462 3301 3528 generalius

1744 3543 1963 3602 propter
1987 3538 2224 3603 speciem
2249 3556 2410 3610 quam
2438 3543 2597 3599 habet
2626 3544 2822 3602 divinas
2856 3548 2970 3611 iraa,
3004 3552 3298 3609 morientes

1742 3624 1958 3691 quidem
1988 3626 2245 3683 beneficio
2275 3629 2456 3693 allicit,
2488 3633 2631 3688 sicut
2678 3644 2804 3693 ante
2835 3641 3160 3707 explicatum
3189 3652 3295 3707 est,

1742 3715 1982 3770 viventes
2016 3734 2143 3773 vero
2170 3724 2455 3777 convertit.

1813 3803 1869 3857 Si
1900 3806 2022 3874 quis
2053 3822 2179 3861 vero
2214 3809 2456 3878 ohjiciat,
2483 3812 2733 3881 quamvis
2780 3815 2949 3871 multa
2982 3817 3297 3887 hujus'nodi

1740 3910 2110 3965 saepenumero
2150 3898 2315 3966 fiant,
2365 3900 2719 3958 nihilominus
2769 3910 2949 3959 tamen
3004 3908 3295 3965 humanam

1739 3986 1909 4039 vitam
1940 3987 2143 4042 eisdem
2182 3990 2461 4045 maleficiis
2493 3994 2820 4062 implicatam
2854 4011 2977 4051 esse
3007 3999 3293 4069 similiter;

1740 4077 1825 4129 hic
1854 4078 2069 4146 quidem
2094 4079 2301 4147 judicio
2342 4097 2460 4137 meo
2492 4082 2639 4147 facit,
2687 4093 2747 4138 ut
2798 4086 2844 4147 si
2879 4090 3003 4158 quis
3033 4091 3211 4159 pisces
3236 4094 3294 4149 in

1738 4167 1857 4221 lacu
1904 4179 1996 4222 aut
2053 4172 2189 4225 mari
2241 4170 2468 4239 videns,
2499 4176 2776 4234 existimet
2827 4189 2998 4235 artem
3046 4183 3293 4251 piscandi

1735 4260 1964 4313 otiosam
1990 4267 2044 4314 et
2076 4262 2322 4318 inutilem
2373 4281 2527 4329 esse.
2573 4270 2699 4338 quia
2748 4271 2928 4342 pisces
2963 4281 3152 4343 captos
3181 4292 3292 4331 non

1732 4351 1899 4413 videt,
1924 4359 2171 4407 natantes
2198 4354 2253 4408 in
2286 4357 2441 4424 aquis
2480 4358 2661 4415 videt:
2696 4369 2789 4415 aut
2825 4364 3049 4433 perinde
3098 4374 3203 4429 est,
3233 4377 3293 4422 ut

78 4448 302 4497 μνοντας
339 4436 499 4506 ὀρῶν,
553 4440 717 4508 μηδὲν
769 4442 866 4510 τὴν
901 4442 1145 4511 ἰατρικὴν
1199 4444 1476 4513 ἐνέργειαν
1508 4449 1629 4515 οίη·

1747 4443 1778 4494 si
1808 4442 1931 4508 quis
1960 4443 2159 4499 multos
2185 4456 2422 4515 aegrotos
2452 4462 2700 4510 cernens.
2726 4453 3063 4508 curationem
3092 4456 3289 4510 medici

74 4522 205 4592 Cain.

134 4618 355 4670 Πολλῶν
387 4620 495 4689 γὰρ
524 4622 993 4693 εὐεργετουμένων
1026 4627 1104 4687 εἰς
1131 4626 1405 4681 εὐσέϐειάν
1449 4646 1506 4680 τε
1538 4631 1630 4683 καὶ¹

72 4708 286 4778 ἀρετὴν,
317 4710 382 4761 δι’
410 4705 483 4763 ὧν
514 4713 659 4764 ἔστιν
688 4716 775 4767 ὅτε
818 4716 885 4767 τὰ
915 4716 1119 4785 φοϐερὰ
1158 4717 1285 4779 Θεὸς
1337 4720 1626 4787 οἰκονομεῖ.

69 4797 96 4847 ὁ
141 4799 403 4865 φιλαίτιος
443 4803 503 4856 τὸ
550 4804 649 4872 μὲν
696 4807 1120 4876 κατορθούμενον
1161 4811 1423 4876 ἀρνεῖται,
1466 4809 1528 4862 τὸ
1570 4810 1627 4863 δὲ

72 4890 362 4956 φιλόνεικον
390 4893 495 4945 τῶν
535 4895 742 4949 πολλῶν
770 4900 846 4961 εἰς
878 4899 1150 4968 ἁμαρτίαν
1186 4899 1445 4963 ὀνειδίζει.

132 5069 321 5122 Καίτοι
348 5069 525 5137 φαμὲν
549 5070 654 5121 οὐδ’
680 5072 840 5138 ἡμεῖς
877 5072 1250 5139 ἀναγκαστικέι
1279 5076 1387 5135 τοῖς
1416 5074 1626 5137 πολλοῖς

68 5152 192 5212 εἶναι
217 5161 291 5213 τὰ
326 5159 569 5218 τοιαῦτα,
610 5161 722 5212 ἀλλ’
755 5164 1131 5232 ἀποτρεπτικα
1163 5165 1256 5217 τοῦ
1291 5168 1622 5237 ἁμαρτάνειν

67 5252 165 5309 τοῖς
206 5248 639 5315 εὐγνωμονοῦσιν
660 5266 673 5279 ’
707 5250 903 5304 αὐτίκα
936 5253 1071 5319 πρὸς
1102 5253 1279 5319 ὀλίγον
1307 5258 1621 5327 ἐπαγόμενα

65 5340 262 5408 ταχέως
312 5340 675 5403 ἀποπαύεται,
725 5344 813 5395 ἵνα
871 5345 944 5413 μὴ
998 5345 1252 5416 βιάσηται
1310 5349 1525 5416 μᾶλλον,
1582 5350 1615 5419 ἢ

64 5513 237 5631 Ἱ,(38)
302 5516 454 5569 Δίαν
506 5516 675 5570 deed.
740 5514 1017 5573 lulianum
1080 5519 1400 5590 Apostatam
1461 5518 1613 5573 dicit.

110 5597 224 5631 una-

110 5597 228 5715 ‘63.)
272 5653 541 5726 Θάνατον
555 5655 800 5726 [ξθρὸον.
830 5654 885 5707 Si
916 5657 1061 5709 enim
1088 5659 1226 5709 mala
1258 5665 1341 5713 est
1372 5672 1617 5726 procrea-

67 5718 153 5781 tio,
184 5725 380 5777 malum
403 5732 525 5776 erat
555 5718 905 5779 Manichmutn
942 5735 1127 5779 natum
1162 5743 1304 5789 esse,
1336 5718 1443 5796 quo
1478 5729 1610 5781 nihil

1737 4534 1868 4586 nihil
1891 4548 2013 4589 esse
2041 4535 2354 4592 arbitretur.

1798 4621 1933 4675 Cum
1969 4625 2111 4677 enim
2145 4626 2295 4679 multi
2334 4627 2619 4696 proficiant
2647 4629 2713 4684 ad
2742 4631 2993 4701 pietatem
3026 4642 3081 4689 et
3107 4636 3285 4691 virtu-

1728 4721 1857 4773 tem,
1902 4715 2010 4768 illis
2058 4717 2504 4784 pertimesceudis
2541 4735 2660 4789 quae
2690 4720 2829 4777 Deus
2865 4723 3157 4792 aliquando
3185 4742 3283 4783 sua

1728 4807 2118 4873 gubernatione
2141 4818 2425 4879 operatur;
2455 4811 2546 4881 qui
2575 4813 2899 4870 criminandi
2925 4818 3109 4871 studio
3129 4829 3281 4874 tene-

1725 4902 1836 4957 tur,
1866 4898 2008 4965 quod
2033 4898 2329 4968 perfectum
2354 4912 2437 4956 est
2466 4913 2643 4972 negat,
2666 4913 2717 4959 et
2732 4907 2874 4974 quod
2901 4910 3053 4963 multi
3074 4912 3128 4965 in
3156 4926 3282 4981 pec-

1724 5000 1845 5043 cato
1870 5002 2275 5057 perseverantes
2302 4995 2658 5060 contendunt,
2687 4999 2997 5068 exprobrat.

1793 5079 1953 5148 Atqui
1986 5096 2158 5150 neque.
2180 5099 2279 5137 nos
2306 5083 2539 5140 dicimus
2570 5086 2765 5143 habere
2789 5091 2915 5144 talia
2947 5092 3053 5144 vim
3075 5107 3276 5163 cogen-

1723 5168 1775 5222 di
1806 5173 2025 5233 inultns,
2057 5173 2151 5227 sed
2174 5175 2492 5232 dehortandi
2523 5194 2552 5231 a
2579 5188 2805 5248 peccato
2824 5190 3011 5251 gratos
3031 5192 3084 5237 et
3112 5184 3279 5239 bene-

1721 5260 1873 5314 volos
1892 5276 2060 5329 aqua:
2082 5263 2147 5316 ad
2178 5264 2340 5319 breve
2368 5274 2578 5335 tempus
2608 5270 3107 5334 invecta,celeriter
3123 5274 3278 5343 quie-

1720 5358 1902 5416 scunt,
1942 5343 2010 5406 ne
2058 5356 2233 5426 magis
2266 5358 2372 5411 vim
2404 5358 2648 5425 afferant,
2679 5376 2842 5431 quam
2872 5364 3126 5419 suasione
3154 5380 3275 5419 mu-

1719 5525 1820 5579 sibi
1846 5531 2239 5608 repugnantius
2267 5532 2450 5608 dicere
2477 5543 2683 5608 poterat
2740 5535 2857 5608 ὀδε
2879 5539 3023 5593 enim
3049 5541 3273 5607 putabat

1718 5611 1777 5648 se
1818 5613 1999 5648 verum
2036 5598 2227 5661 dogma
2261 5598 2492 5658 tradere:
2527 5605 2727 5659 Docere
2765 5602 2946 5664 autem
2984 5598 3268 5665 veritatem

1718 5673 1777 5715 ut
1806 5668 2052 5735 putabat,
2080 5672 2204 5740 quis
2240 5670 2384 5726 dicat
2417 5675 2617 5731 malum
2643 5676 2899 5733 esseilo.
