4058 6330
708 363 838 416 H67

1823 355 1959 412 TITI
1997 351 2428 411 BOSTBENSIS
2467 351 2772 409 EPISCOPI

3833 349 3939 406 ιιθθ
4005 349 4016 378 i

703 482 820 531 teut
849 495 859 528 :
888 490 1081 529 rursus
1104 489 1388 545 vero,quc
1411 487 1568 530 erant
1596 475 1654 530 in
1677 475 2090 534 consuetudine.
2114 491 2264 531 exer-

2371 472 2547 525 πειθοί
2578 472 2892 544 μεταδάλτγ
2947 467 3102 535 αὖθις
3145 471 3202 524 δὲ
3245 471 3319 523 τὰ
3361 469 3568 540 συνήθη
3621 471 3937 525 πολιτεύεται

706 575 918 628 centur,
955 567 1007 618 in
1059 566 1258 633 quibus
1297 567 1513 623 animus
1546 574 1604 622 et
1655 570 1903 622 voluntas
1936 582 2129 621 εο-ηιηι
2173 567 2267 636 qui

705 659 894 710 mutati
927 667 1071 720 sunt,
1101 666 1375 726 spectatur
1429 669 1484 713 et
1543 660 1897 728 exploratur.
1955 666 2016 711 ut
2073 658 2105 710 ii
2154 659 2269 711 sola

706 749 964 800 memoria
1023 747 1392 814 exemplorum
1442 747 1813 800 infirmitatem
1850 760 2002 799 suam
2041 745 2268 798 [ult-iant

704 850 756 891 et
788 839 1087 900 stabiliant,
1114 837 1207 906 qui
1247 847 1374 891 sunt
1402 839 1539 908 grati
1586 846 1640 891 et
1674 839 1832 907 arqui.
1867 836 1976 890 lino
2017 851 2144 889 vero
2169 850 2267 905 po-

707 931 810 982 tius
850 928 1138 983 dicendum
1168 938 1285 992 est,
1339 930 1386 983 si
1417 944 1541 982 cum
1574 929 1702 981 talia
1743 930 2078 998 contingant,
2112 927 2269 997 pauci

706 1019 926 1089 quidam
958 1028 1010 1071 et
1045 1020 1199 1073 valde
1230 1020 1339 1073 rari
1373 1027 1501 1074 sunt
1543 1022 1636 1090 qui
1691 1021 1855 1074 vitam
1906 1028 2150 1082 mutant;
2201 1035 2268 1072 an

707 1127 813 1166 non
848 1114 1016 1165 multo
1051 1113 1170 1182 plus
1225 1111 1290 1164 ad
1336 1113 1632 1181 nequitiam
1676 1112 1936 1181 cogitatio
1991 1111 2267 1164 hominum

706 1201 1052 1270 profecisset,
1083 1203 1127 1256 si
1161 1216 1256 1272 per
1287 1202 1399 1257 hac
1426 1219 1546 1274 qua:
1579 1204 1866 1266 accidunt,
1906 1218 2013 1258 non
2045 1202 2193 1258 [iet-et
2239 1216 2268 1255 a

707 1296 940 1362 peccatis
972 1294 1258 1348 avocatio?

773 1384 926 1451 Quod
951 1387 994 1440 si
1030 1386 1207 1440 nullus
1239 1387 1365 1440 hinc
1390 1387 1677 1440 utilitatem
1708 1394 1944 1456 caperet,
1976 1385 2118 1455 quod
2159 1384 2269 1454 qui-

705 1476 825 1530 dem
879 1477 1083 1530 iatuum
1125 1484 1207 1531 est
1259 1478 1473 1541 dicere;
1529 1484 1809 1546 praestaret
1872 1476 2268 1545 reprehendere

706 1568 974 1630 homines,
1020 1569 1110 1638 qui
1141 1584 1240 1622 nec
1270 1570 1371 1621 hoc
1404 1569 1620 1638 quidem
1658 1568 1818 1620 modo
1852 1567 2031 1636 juvari
2062 1567 2267 1627 volunt,

706 1673 865 1726 quam
895 1659 1106 1728 culpam
1128 1658 1463 1728 negligentia:
1489 1659 1542 1710 in
1570 1656 1734 1710 Deum
1764 1655 2083 1718 transferre,
2112 1655 2267 1726 quasi

708 1764 814 1802 non
846 1749 1077 1819 amplius
1129 1749 1312 1803 studio
1347 1748 1696 1803 convertendi
1732 1755 2006 1812 utentem;
2036 1762 2141 1815 qua
2183 1762 2266 1800 ra-

2370 563 2430 614 τὸ
2453 563 2671 631 δόκιμον
2701 563 2799 631 τῆς
2838 563 3149 631 προθέσεως
3182 565 3295 625 τοῖς
3328 561 3843 632 μεταϐαλλομένοις
3863 569 3937 632 ἑμ-

2371 651 2646 713 ποιοῦντα,
2678 651 2766 704 ἵνα
2789 653 2881 704 καὶ
2917 652 3084 722 μόνην
3107 654 3211 706 τῶν
3244 653 3670 722 ὑποδειγμάτων
3700 653 3806 721 τὴν
3833 660 3915 723 ρινῄ

2373 760 2480 813 μην
2519 745 2635 796 ἀντ’
2687 744 3006 812 ἐρείσματος
3053 744 3228 812 ἑχοιεν
3266 745 3364 815 τῆς
3413 745 3634 796 ἑαυτῶν
3681 745 3939 807 ἀσθενείας

2368 837 2418 888 οἱ
2460 833 2817 906 εὐγνώμονες.
2858 836 3073 906 Ῥητέον
3102 837 3158 889 δὲ
3205 839 3428 908 μᾶλλον,
3471 839 3574 901 ὡς,
3609 841 3660 890 εί
3707 842 3818 896 καὶ.
3855 839 3939 890 ἀἱν

2368 926 2623 981 τοιούτων
2658 926 3083 998 συμϐαινόντων,
3114 928 3281 995 ὀλίγοι
3322 931 3468 994 τινὲς
3521 933 3628 982 καὶ
3664 931 3943 1001 εὐαρίθμη-

2367 1035 2451 1071 τοι
2491 1017 2849 1088 τυγχανουσιν
2877 1017 2926 1067 οἱ
2964 1015 3388 1084 διαμειϐόμενοι,
3425 1018 3548 1080 πῶς
3599 1018 3707 1070 οὐκ
3752 1018 3817 1070 ἂν
3862 1021 3942 1068 ἑτ-

2371 1109 2580 1164 έδωκεν,
2601 1107 2696 1160 ἐπὶ
2749 1107 3000 1161 πλεῖστον
3039 1107 3302 1176 πονηρίας
3342 1107 3453 1160 τῶν
3482 1108 3808 1179 ἀνθρώπων
3833 1112 3855 1162 ὁ
3876 1110 3945 1162 λο-

2369 1202 2586 1270 mum,
2634 1201 2791 1269 εἴπερ
2838 1200 2872 1268 ἡ
2922 1197 3012 1251 διὰ
3060 1196 3167 1251 τῶν
3217 1198 3477 1252 τοιούτων
3524 1202 3831 1272 ἀποτροπὴ
3883 1201 3946 1270 μὴ

2370 1294 2514 1345 ἐπίοι
2540 1311 2554 1356 ;

2442 1383 2503 1436 Ei
2540 1383 2594 1434 δὲ
2629 1382 2721 1435 καὶ
2764 1381 2950 1453 μηδεὶς
2985 1380 3228 1434 ἐντεῦθεν
3261 1381 3549 1449 ὠφελεῖτο,
3585 1385 3732 1453 ὅπερ
3762 1385 3946 1452 ἠλίθιον

2370 1476 2561 1536 εἰπεῖν,
2597 1474 2802 1545 βέλτιον
2833 1473 3151 1544 ἀνθρώπους
3187 1474 3529 1544 ἐλέγχεσθαι,
3559 1477 3643 1538 ὡς
3675 1478 3813 1546 μηδὲ
3845 1475 3947 1529 τοῦ-

2369 1582 2459 1618 τον
2480 1567 2570 1618 τὸν
2595 1565 2792 1635 τρόπον
2812 1565 3132 1628 ἐνδιδόντας,
3162 1565 3194 1635 ἢ
3223 1565 3356 1618 Θεὸν
3381 1565 3661 1636 ἀμελείας
3690 1568 3756 1620 ἂν
3787 1569 3946 1620 αίτὲαν

2372 1657 2614 1724 ὑπέχειν,
2645 1655 2718 1719 ὡς
2758 1656 2954 1726 μηκέτι
3002 1656 3354 1727 ὲπιστρεφεία
3387 1656 3706 1726 χρώμενον·
3747 1652 3792 1724 ᾧ
3827 1675 3944 1726 χρη-

2373 1749 2523 1800 στέον
2558 1749 2698 1816 λόγῳ
2727 1747 2868 1800 κατὰ
2891 1747 2998 1800 τῶν
3027 1748 3101 1819 μὴ
3136 1747 3647 1818 ὲπαισθανομένων·
3680 1749 3837 1820 δῆλον
3857 1750 3948 1818 γὰρ

706 1839 853 1894 tione
888 1839 1143 1893 utendum
1178 1848 1264 1894 est
1309 1839 1362 1892 in
1403 1854 1496 1894 eos
1553 1839 1645 1908 qui
1679 1839 1885 1892 nullum
1925 1853 2144 1892 sensum
2186 1847 2264 1890 ta-

2370 1842 2481 1902 τοῖς
2505 1839 2860 1908 εὑγνὼμοσιν,
2883 1837 2960 1901 ὡς
2983 1839 3041 1891 οὐ
3074 1839 3231 1909 μόνον
3259 1840 3391 1910 πρὸς
3419 1841 3482 1892 τὸ
3510 1843 3770 1911 κρεῖττον
3802 1856 3951 1910 μετα-

707 1927 834 1980 lium
876 1929 1117 1998 capiunt.
1172 1928 1265 1982 Est
1305 1937 1482 1983 autem
1526 1939 1860 1997 compertum
1907 1927 1973 1983 iis
2019 1930 2109 1997 qui
2145 1934 2272 1981 sunt

705 2019 838 2085 grati
874 2028 926 2073 et
954 2019 1115 2089 atqui,
1145 2035 1251 2073 non
1289 2020 1463 2072 solum
1495 2019 1708 2088 aliquos
1739 2018 1804 2070 ad
1840 2017 2129 2088 perfectam
2161 2035 2274 2072 mu-

2375 1928 2534 1998 ϐολῆς
2565 1933 2594 1981 6
2627 1929 2787 1997 φόϐος
2820 1931 2962 1997 ἄγει,
2996 1930 3132 1984 ἀλλὰ
3159 1931 3252 1983 καὶ
3278 1934 3390 1994 τοῖς
3417 1931 3607 1994 ἄλλοις
3635 1933 3950 2002 (inﬂatius;

2379 2024 2519 2090 μειοῖ
2551 2022 2647 2092 τὴν
2679 2022 2811 2091 πρὸς
2841 2022 3053 2074 ἀδικίαν
3083 2021 3255 2092 ὁρμὴν
3286 2024 3380 2076 καὶ
3410 2023 3654 2092 τόλμαν.

706 2110 961 2164 tationem
1014 2110 1067 2162 in
1117 2111 1310 2163 melius
1345 2110 1661 2180 capiendam
1713 2119 1916 2164 metum
1974 2111 2272 2181 impellere,
2318 2112 2410 2166 sed
2443 2113 2565 2167 aliis
2607 2112 2769 2169 etiam
2824 2114 3126 2184 appetitum
3171 2125 3223 2169 et
3269 2115 3567 2169 audaciam
3620 2115 3693 2168 ad
3745 2112 3950 2182 injusti-

707 2205 833 2258 tiam
865 2202 1076 2258 occulte
1103 2203 1443 2258 imminuere.

1703 2317 1832 2373 Car.
1862 2318 2020 2372 XVII.
2066 2317 2279 2373 Creatio
2308 2319 2474 2372 noctis
2501 2327 2551 2371 et
2589 2317 2944 2372 tenebrarum.

765 2432 1067 2487 ’Veniamus
1096 2431 1348 2500 deinceps
1376 2429 1443 2484 ad
1475 2431 1737 2486 rationem
1764 2433 2079 2496 creationis,
2111 2447 2275 2503 quam

706 2528 808 2580 iste
859 2525 1051 2594 planus
1090 2523 1484 2587 calumniatur;
1530 2537 1594 2575 ac
1644 2524 1877 2590 primum
1915 2525 1981 2578 de
2036 2525 2274 2578 'enebris

703 2622 757 2670 et
790 2623 948 2668 nocte
992 2615 1345 2682 iuquiramus,
1392 2613 1534 2682 quod
1570 2614 1910 2682 potissimum
1954 2616 2054 2668 iste
2100 2625 2278 2670 mente

2452 2431 2730 2501 Ἐλθωμεν
2755 2431 2818 2501 δὴ
2850 2431 3034 2483 λοιπὸν
3061 2431 3153 2483 καὶ
3191 2432 3270 2491 εἰς
3306 2429 3397 2482 τὸν
3431 2431 3564 2500 περὶ
3598 2431 3953 2504 δημιουργίας

2377 2521 2531 2588 λόγον
2581 2523 2718 2589 πρὸς
2762 2522 2856 2574 τοῦ
2908 2522 3218 2583 ἀπατεῶνας
3265 2525 3821 2593 συκοφαντουμένηςι
3874 2526 3954 2574 καὶ

2380 2613 2590 2680 πρῶτόν
2609 2629 2671 2680 γε
2695 2615 2822 2683 περὶ
2850 2615 3069 2674 σκότους
3097 2614 3186 2663 καὶ
3209 2611 3400 2672 νυκτὸς
3430 2611 3810 2683 ἐξετάσωμεν,
3831 2615 3954 2680 ὅπερ

704 2716 936 2760 ειεεσιυς
965 2705 1230 2774 vituperat
1259 2723 1273 2757 :
1308 2704 1561 2757 tenebras
1595 2705 1738 2757 enim
1769 2721 1888 2773 (ποτε
1921 2705 1974 2757 in
2006 2713 2164 2758 nocte
2192 2720 2264 2773 ap

2381 2703 2614 2772 μάλιστα
2657 2704 2870 2768 κακίζει
2917 2703 3014 2772 τὴν
3048 2703 3284 2756 διάνοιαν
3330 2706 3737 2773 ὲσκοτωμένος”
3775 2710 3955 2767 σκότος

707 2806 916 2865 parent,
946 2799 1157 2850 illarum
1204 2796 1548 2850 tenebrarum
1582 2794 1907 2850 Manichaaus
1928 2796 2127 2864 cogitat
2155 2811 2275 2849 esse

706 2890 859 2957 quasi
886 2904 979 2958 per
1013 2903 1071 2942 se
1104 2889 1236 2952 sint,
1268 2887 1520 2954 intelligit
1553 2901 1672 2940 esse
1697 2885 1976 2947 indicium,
2013 2888 2132 2954 ejus
2166 2887 2275 2939 sci-

705 2981 853 3042 licet,
882 2979 1025 3049 quod
1056 2994 1163 3032 non
1197 2986 1313 3044 est;
1366 2979 1500 3032 nihil
1530 2980 1746 3047 penitus
1780 2979 2005 3041 videns,
2041 2994 2138 3032 nec
2183 2979 2269 3032 in-

2379 2797 2485 2864 γὰρ
2515 2798 2570 2846 ὲν
2601 2797 2754 2848 νυκτὶ
2788 2795 3128 2864 φαινόμενον,
3161 2795 3366 2848 ἐκείνου
3399 2795 3495 2848 τοῦ
3532 2798 3765 2860 σκότους
3791 2799 3819 2848 ὁ
3845 2798 3952 2850 ιιι.

2374 2902 2470 2955 νης
2499 2880 2636 2938 εἶναι
2672 2887 2994 2955 φαντάζεται
3025 2887 3098 2949 ὠς
3131 2885 3209 2948 ὃν,
3233 2888 3536 2956 τεκμήριον
3566 2889 3671 2941 τοῦ
3709 2891 3787 2960 μὴ
3816 2891 3953 2950 bats;

2372 2975 2657 3046 λαμῦάνει,
2697 2976 2862 3046 μηδὲν
2884 2977 3161 3040 παντελῶς
3195 2979 3329 3046 μήτε
3364 2977 3602 3045 βλέπων,
3637 2982 3778 3048 μήτε
3810 2983 3951 3036 «ita.

707 3073 976 3141 telligens,
1027 3069 1123 3124 sed
1164 3068 1230 3121 ad
1267 3070 1440 3122 instar
1472 3071 1596 3123 caci
1634 3069 1868 3123 hominis
1907 3069 1962 3121 in
2017 3084 2104 3124 res
2133 3069 2264 3139 ipsa:

2379 3066 2514 3118 ἀλλὰ
2555 3067 2753 3132 τυφλοῦ
2798 3067 2952 3137 δίκην
2984 3069 3095 3130 τοῖς
3141 3071 3422 3136 πράγμασι
3468 3072 3825 3138 προσπαίων·
3873 3075 3955 3124 καί

705 3161 982 3217 offendens
1013 3169 1062 3213 et
1112 3160 1436 3225 incurrens;
1466 3166 1730 3228 vocatque
1765 3159 2035 3221 tenebras,
2069 3167 2121 3213 et
2155 3160 2270 3214 vel-

706 3257 782 3308 uti
832 3255 1034 3317 horret,
1088 3260 1147 3308 ut
1188 3269 1297 3307 non
1337 3268 1473 3322 opus
1526 3252 1720 3306 habeat
1766 3253 2154 3322 disputatione,
2207 3261 2267 3306 ut

705 3344 916 3401 ialsitas
957 3345 1214 3398 doctrina:
1243 3343 1360 3412 ejus
1391 3343 1855 3412 argumentatione
1879 3342 2260 3405 concludatur,

708 3445 767 3490 ut
803 3437 895 3505 qui
929 3451 1125 3489 nomen
1157 3434 1234 3488 rei
1263 3449 1292 3488 e
1332 3449 1390 3488 se
1421 3434 1533 3501 ipsa
1559 3435 1869 3502 vituperata:
1901 3443 2140 3500 usurpet.
2178 3429 2268 3484 Di-

703 3525 933 3580 cendum
993 3538 1123 3592 ergo
1178 3531 1293 3583 est,
1355 3521 1536 3573 vocari
1586 3521 1803 3589 quidem
1845 3520 1943 3573 bas
1990 3521 2263 3582 tenebras,

705 3631 811 3669 non
843 3623 1018 3667 tamen
1055 3610 1352 3667 secundum
1386 3610 1747 3664 substantiam
1780 3609 2079 3662 exsistere:
2109 3607 2265 3661 adve-

704 3707 858 3759 niunt
885 3707 1050 3766 enim,
1101 3710 1154 3757 et
1186 3702 1446 3767 recedunt
1481 3700 1754 3769 quotidie,
1790 3708 2026 3767 suntque
2073 3714 2267 3753 conse-

704 3805 935 3865 quentes
970 3795 1024 3847 in
1056 3792 1273 3847 modum
1305 3791 1543 3850 umbrte;
1579 3807 1688 3844 non
1729 3798 1856 3846 sunt
1903 3793 2047 3844 enim
2072 3799 2266 3845 creata:

702 3903 800 3957 per
851 3904 908 3941 se
962 3896 1019 3939 ut
1061 3886 1390 3947 substantia,
1433 3896 1810 3952 nequaquam;
1847 3881 2047 3935 mundo
2084 3891 2262 3936 autem

701 3986 904 4034 creato.
958 3986 1040 4030 est
1068 3976 1276 4029 umbra.
1328 3971 1584 4028 Nascitur
1617 3973 1761 4027 enim
1796 3973 1977 4032 homo,
2033 3973 2127 4042 qui
2168 3988 2266 4043 per

703 4086 761 4124 se
792 4082 906 4133 est;
937 4068 1181 4135 sequitur
1217 4073 1397 4118 autem
1434 4079 1557 4117 eum
1586 4065 1775 4116 umbra
1812 4062 2106 4116 secundum
2143 4079 2260 4118 mo—

703 4159 806 4210 lem
837 4156 1083 4224 corporis
1110 4195 1123 4215 ,
1154 4163 1207 4206 et
1237 4154 1546 4221 neutiquam
1574 4143 1694 4202 cum
1726 4165 1791 4202 eo
1831 4152 1950 4219 ipso
1997 4150 2260 4205 fabricata

701 4255 806 4307 est,
845 4245 938 4298 sed
973 4245 1188 4297 advenit
1221 4251 1276 4296 ut
1310 4245 1470 4295 situm
1502 4251 1552 4292 et
1587 4241 1819 4292 locatum
1852 4250 1934 4293 cst
1959 4255 2177 4309 corpus,
2207 4249 2261 4295 et

703 4346 761 4390 ut
787 4347 869 4391 est
897 4336 1115 4389 luminis
1145 4335 1404 4388 circuitus
1432 4342 1482 4385 et
1507 4332 1810 4383 conversio.
1845 4331 2121 4398 Siquidem
2155 4348 2259 4385 nox

2377 3157 2528 3210 καλεῖ
2564 3159 2774 3223 σκότος,
2801 3159 2893 3210 καὶ
2919 3159 3080 3211 οἱονεὶ
3106 3159 3335 3228 φρίττει,
3369 3159 3441 3222 ὡς
3482 3161 3618 3230 μηδὲ
3656 3163 3820 3229 λόγου
3847 3165 3954 3216 356'-

2380 3265 2536 3316 μενος
2582 3249 2717 3316 πρὸς
2762 3249 3032 3313 ἀπόδειξιν
3072 3251 3171 3319 τῆς
3220 3250 3411 3303 ἑαυτοῦ
3456 3251 3845 3320 ψευδολογίας,
3891 3258 3954 3316 ὡς

2375 3338 2596 3390 αὐτόθεν
2628 3338 3046 3407 διαϐεϐοημένου
3080 3341 3400 3410 πράγματος
3431 3341 3492 3392 τὸ
3523 3342 3699 3410 ὄνομα
3744 3344 3954 3413 λαμεα-

2375 3445 2499 3480 νων.
2545 3427 2762 3495 Ῥητέον
2797 3415 2994 3491 τοίνυν,
3039 3427 3113 3490 ὡς
3157 3429 3313 3482 τοῦτο
3353 3429 3416 3499 δὴ
3465 3431 3661 3494 cum;
3707 3436 3956 3487 καλεῖται

2375 3517 2491 3584 μὲν,
2523 3518 2581 3568 οὐ
2617 3517 2721 3586 μὴν
2759 3518 3028 3588 ὑφέστηκε
3064 3522 3181 3572 κατ’
3221 3521 3424 3573 οὐσίαν·
3469 3524 3875 3592 ὲπισυμὸαίνει
3907 3527 3957 3579 δὲ

2371 3607 2490 3660 καθ’
2527 3608 2736 3677 ἡμέραν
2766 3609 2858 3660 καὶ
2887 3609 3303 3678 ἁποσυμεαίνει,
3327 3613 3834 3684 παρακολούθημα,
3868 3619 3958 3667 καί

2372 3698 2528 3760 σκιᾶς
2559 3698 2760 3764 τρόπον
2797 3698 3058 3767 ὑπάρχον·
3091 3700 3546 3771 δεδημιούργηται
3583 3703 3686 3770 μὲν
3721 3709 3843 3774 γὰρ
3884 3710 3957 3766 εἰς

2369 3787 2664 3839 ὑπόστασιν
2694 3789 2880 3851 οὐσίας
2910 3790 3179 3858 οὐδαμῶς,
3228 3791 3428 3861 κόσμου
3473 3794 3566 3845 καὶ
3605 3793 3956 3865 δημιουργη-

2369 3879 2572 3941 θέκντος,
2618 3879 2745 3931 σκιὰ
2780 3883 3052 3948 τυγχάνει·
3091 3881 3372 3950 ἄνθρωπος
3411 3883 3657 3935 τίκτεται
3701 3885 3809 3952 μὲν
3847 3889 3952 3954 γαρ

2368 3970 2489 4021 καθ’
2525 3970 2736 4033 ἑαυτὸν,
2769 3972 3164 4041 παρακολουθεῖ
3200 3973 3254 4025 δὲ
3298 3973 3443 4043 αὐτῷ
3486 3975 3624 4044 πρὸς
3653 3976 3746 4028 τὸν
3785 3979 3954 4045 δγκοθ

2366 4061 2457 4114 τοῦ
2493 4061 2741 4131 σώματος
2767 4063 2801 4133 ἡ
2832 4065 2973 4116 σκιὰ·
3008 4067 3098 4117 καὶ
3124 4066 3180 4117 ου
3207 4065 3374 4130 δήπου
3400 4070 3948 4133 συγκατεσκευασθαι

2366 4153 2562 4214 δόξειεν
2597 4157 2652 4205 ἐν
2697 4153 2892 4224 ἑαυτῷ,
2940 4155 3054 4209 ἀλλ’
3096 4156 3468 4224 ὲπισυμϐαξνει
3517 4158 3656 4226 πρὸς
3701 4161 3810 4229 τὴν
3855 4159 3948 4212 τοῦ

2369 4247 2615 4314 σώματος
2661 4246 2829 4308 θέσιν,
2874 4246 2964 4300 καὶ
3012 4248 3146 4317 πρὸς
3189 4247 3284 4316 τὴν
3323 4250 3415 4299 τοῦ
3449 4251 3626 4314 φωτὸς
3661 4251 3944 4318 περίοδον.

2366 4336 2517 4388 Οὕτω
2548 4338 2610 4407 δὴ
2645 4338 2737 4390 καὶ
2787 4340 2881 4403 νὺξ
2913 4340 3002 4390 καὶ
3059 4339 3263 4400 σκότος,
3326 4340 3640 4402 σωματικοῦ
3699 4340 3797 4392 τοῦ
3857 4343 3946 4394 κέν-

700 4441 754 4484 et
778 4430 1029 4490 tenebraz,
1066 4443 1186 4480 cum
1216 4429 1284 4480 sit
1318 4427 1551 4478 mundus
1580 4438 1892 4491 corporeus,
1919 4424 2260 4476 solummodo

2368 4444 2499 4496 σμου
2551 4429 2747 4500 δηλαδὴ
2804 4431 3192 4499 τυγχάνοντος,
3248 4430 3713 4498 παρακολούθημα
3781 4434 3944 4500 μάχου

703 4534 828 4576 sunt
877 4529 1293 4588 consequentes,
1352 4531 1460 4570 non
1507 4522 1687 4568 autem
1729 4525 1856 4569 sunt
1892 4514 2168 4567 fabricatae
2209 4516 2263 4567 in

702 4613 920 4667 modum
954 4612 1270 4666 substantia:
1298 4616 1509 4661 creatae.

769 4697 903 4752 Cum
927 4699 1068 4752 enim
1101 4699 1180 4749 sol
1209 4697 1458 4750 diurnum
1489 4710 1706 4748 cursum
1738 4695 1986 4754 absolvit,
2013 4703 2063 4748 et
2099 4695 2264 4748 verti-

701 4798 792 4841 tur
838 4790 902 4840 ad
953 4803 1201 4840 recessus
1242 4786 1508 4854 preprios,
1542 4800 1762 4838 necesse
1789 4794 1872 4838 est
1906 4801 1965 4838 ea
1990 4800 2108 4853 qum
2137 4793 2263 4838 sunt

704 4880 843 4931 intra
897 4878 1175 4937 mundum,
1243 4877 1423 4928 omnia
1477 4877 1799 4936 inumbrari,
1855 4891 1977 4927 cum
2008 4878 2078 4929 sit
2105 4885 2260 4928 extra

702 4971 847 5040 quod
891 4971 1177 5030 illuminat,
1215 4969 1291 5021 sic
1344 4968 1450 5019 Deo
1495 4969 1706 5020 volente
1743 4985 1756 5018 :
1794 4982 2011 5028 causas,
2053 4984 2149 5018 cur
2188 4969 2259 5018 ita

704 5059 950 5120 voluerit,
982 5060 1139 5125 paulo
1174 5065 1292 5125 post
1329 5072 1423 5124 pro
1457 5059 1661 5110 viribus
1695 5058 1952 5110 dicemus.
1989 5057 2120 5109 lllutl
2158 5065 2260 5109 sta-

702 5153 799 5205 tim
835 5151 1116 5203 dicendum
1160 5161 1259 5212 est,
1303 5166 1421 5217 qua:
1455 5151 1652 5201 habent
1693 5148 1887 5200 molem
1940 5165 2255 5218 corpoream

704 5243 936 5296 interdiu
972 5242 1022 5293 itt
1071 5242 1396 5294 contrariam
1437 5250 1638 5308 partem
1673 5239 1891 5292 lutninis
1948 5243 2105 5309 positi
2139 5258 2257 5295 um~

703 5335 828 5386 bras
871 5335 1090 5399 jacere;
1140 5343 1192 5382 et
1236 5330 1559 5384 transfertur
1598 5332 1756 5383 simul
1802 5347 1921 5384 cum
1960 5333 2160 5384 lumine
2198 5335 2252 5384 in

699 5423 1028 5477 contrarium
1065 5424 1288 5486 umbra;
1337 5434 1388 5475 et
1419 5423 1507 5474 ubi
1538 5431 1619 5474 est
1662 5438 1830 5490 usque
1867 5422 1930 5474 ad
1979 5424 2254 5476 meridiem

701 5515 801 5578 sol,
850 5515 921 5568 ibi
961 5523 1041 5567 est
1067 5522 1185 5581 post
1217 5513 1491 5566 meridiem
1540 5513 1748 5564 umbra.
1794 5511 1888 5564 Ubi
1921 5524 2096 5566 autem
2136 5531 2252 5566 uni-

701 5613 795 5661 hra
824 5616 944 5676 post
980 5605 1275 5665 meridiem,
1315 5607 1392 5659 Sol
1428 5615 1508 5659 est
1543 5613 1663 5674 post
1700 5606 1859 5658 hunc.
1897 5604 2096 5659 Umbra
2125 5623 2251 5661 vero

697 5699 889 5754 diurna
933 5701 1120 5751 umbra
1168 5706 1267 5761 est,
1321 5705 1507 5751 etnon
1554 5698 1774 5751 omnino
1805 5698 2068 5760 tenebrae;
2121 5699 2246 5767 quia

2366 4520 2530 4578 ἐστὶν,
2562 4522 2620 4571 οὑ
2648 4521 2752 4589 μὴν
2778 4521 3254 4590 δημιουργήματος
3282 4521 3478 4589 τρόπον
3507 4522 3774 4584 οὐσιῶδες
3813 4541 3942 4575 κατ-

2365 4612 2705 4664 εσκεύασται.

2433 4703 2536 4754 Τοῦ
2561 4702 2666 4772 γὰρ
2687 4703 2836 4772 ἡλίου
2855 4701 2945 4754 τὸν
2969 4701 3321 4770 μεθημερινὸν
3339 4701 3534 4772 δρόμον
3557 4703 3920 4770 περαίνοντος

2363 4796 2497 4862 πρὸς
2525 4794 2578 4843 δὲ
2612 4795 2708 4855 τὰς
2737 4792 2867 4854 ιδίας
2898 4793 3265 4862 ἀναχωρήσεις
3303 4793 3665 4863 τρεπομένου,
3708 4795 3807 4846 τοῦ
3847 4797 3939 4846 acri-

2365 4903 2500 4954 σμου
2544 4886 2608 4937 τὰ
2648 4885 2795 4946 ἐντὸς
2841 4884 3140 4949 ἐπάναγκες
3177 4885 3386 4936 ἅπαντα
3430 4886 3784 4947 σκιάζεσθαι,
3835 4886 3940 4951 ἔξω

2361 4977 2711 5043 τυγχάνοντος
2753 4972 2841 5024 τοῦ
2888 4973 3224 5040 φωτίζοντος,
3264 4975 3404 5026 οὕτω
3440 4975 3526 5042 δη
3551 4976 3688 5027 Θεοῦ
3739 4979 3936 5043 βουλη-

2362 5067 2561 5128 θέντος,
2611 5067 2675 5117 δι’
2718 5066 2783 5126 ἃς
2831 5067 3004 5126 αἰτίας
3051 5065 3239 5135 μικρὸν
3284 5066 3510 5136 ὕστερον
3550 5068 3627 5128 ὡς
3668 5069 3934 5136 δυνάμεις

2360 5159 2609 5228 ἐροῦμενο
2661 5157 2854 5208 αὐτίκα
2901 5159 2990 5208 καὶ
3026 5157 3140 5224 μεθ’
3175 5158 3386 5226 ἡμέραν
3424 5157 3559 5225 πρὸς
3595 5158 3657 5208 τὸ
3687 5159 3932 5210 ἀντισεεὲ-

2363 5266 2520 5316 μενον
2557 5249 2716 5316 μέρος
2745 5247 2842 5314 τῆς
2869 5247 2958 5297 τοῦ
2982 5248 3150 5312 φωτὸς
3182 5247 3404 5309 θέσεως,
3433 5249 3500 5299 τὰ
3530 5250 3795 5317 ἀνέχοντα
3823 5253 3932 5303 τίεν

2361 5339 2682 5407 σωματικῶν
2714 5338 2888 5403 ὄγκων
2917 5339 3266 5407 παραπέμπει
3305 5339 3405 5400 τὰς
3451 5341 3630 5402 σκιὰς,
3669 5343 3759 5392 καὶ
3793 5359 3930 5411 συμ-

2361 5429 2669 5498 μεταϐαίνει
2698 5427 2773 5496 τῷ
2811 5429 2944 5493 φωτὶ
2984 5430 3114 5495 πρὸς
3159 5430 3463 5480 τούναντίον
3500 5433 3531 5498 ἡ
3567 5434 3710 5483 σκια·
3740 5436 3838 5484 καὶ
3869 5434 3926 5483 τῷ

2359 5521 2454 5587 μὲν
2478 5520 2578 5579 ἕως
2603 5517 2944 5585 μεσημϐρίας
2969 5517 3136 5585 ἥλιος,
3165 5516 3299 5584 μετὰ
3320 5519 3526 5570 ταύττν
3544 5521 3747 5584 γίνεται
3775 5537 3922 5571 σκια-

2354 5613 2385 5678 ή
2415 5609 2468 5659 δὲ
2497 5609 2621 5660 σκιὰ
2648 5608 2762 5674 μεθ’
2787 5609 3014 5677 ἡμέραν,
3042 5611 3131 5659 καὶ
3159 5611 3217 5659 οὗ
3245 5609 3518 5670 παντελῶς
3548 5613 3751 5672 σκότος’
3776 5614 3925 5662 ἐπει-

2351 5700 2413 5767 δὴ
2445 5708 2506 5750 το
2534 5698 2779 5767 περιέχον
2813 5700 3140 5766 πανταχόθεν
3173 5700 3412 5767 ἀνεῳγὸς
3438 5703 3532 5753 καὶ
3567 5705 3677 5763 τοῖς
3704 5703 3924 5767 σκιαζο-
