4058 6330
97 419 274 477 1169

1184 418 1552 473 Αυνειιευε
1587 409 2011 470 ΜΑΝΙΕΒΕΟΞ
2047 409 2174 468 LIB.
2217 407 2280 465 II.

3240 404 3383 460 Μ’ῖο

93 535 323 603 μένοις
349 537 531 598 τόποις
548 533 644 589 τοῦ
673 536 907 603 φέγγους
931 535 1161 606 παρέχει
1184 537 1281 607 τὴν
1313 537 1614 607 μετουσίαν.
1642 536 1682 588 Ε

1804 531 1950 601 quod
1975 533 2216 585 continet
2243 542 2364 582 cum
2393 526 2466 581 sit
2493 524 2730 595 Undique
2751 531 3021 595 apertum,
3050 523 3194 580 locis
3208 525 3375 579 etiam

89 623 263 690 γοῦν
285 619 432 677 οἶκόν
457 642 579 678 τινα
607 624 823 686 τελείως
855 624 1217 688 ἀποκλείσεις,
1242 625 1320 687 ὡς
1353 626 1484 697 μηδὲ
1519 625 1708 696 στενὴν

89 713 262 780 γοῦν
295 714 499 768 εἴσοδον
526 713 844 769 καταλιπεῖν
873 711 950 783 τῷ
992 716 1129 782 φωτὶ
1167 714 1335 786 αὐτῷ,
1379 717 1546 770 νύκτα
1585 734 1706 769 ποι-

89 805 286 872 ήσεις
312 804 408 858 καὶ
437 808 494 858 ὲν
522 803 858 876 μεσημϐρίᾳ.
886 803 1055 858 Τοῦτο
1085 805 1148 878 δὴ
1179 809 1273 860 καὶ
1297 810 1355 862 ἐν
1379 809 1533 861 νυκτὶ
1557 809 1706 874 ⁴γίνε-

95 911 213 948 ται
254 896 394 965 πρὸς
422 898 548 962 τοὺς
583 895 745 959 ίδίους
774 897 983 968 χώρους
1010 898 1162 966 ἡλίου
1191 901 1502 971 γενομένου.
1541 900 1706 953 ’Ὥστε

92 985 143 1052 ἡ
183 985 287 1050 νὺξ
328 987 580 1056 στέρησις
610 985 676 1038 ἂν
707 986 790 1056 εἴη
827 986 1019 1056 φωτός.
1060 989 1235 1042 Μάθοι
1256 989 1301 1043 δ’
1340 992 1404 1045 ἄν
1430 1009 1513 1054 τις
1544 991 1707 1058 σαφέ-

97 1092 323 1146 στερον
365 1075 427 1128 τὸ
468 1076 767 1145 γινόμενον,
804 1079 850 1131 εί
895 1081 1152 1149 νοήσειεν,
1203 1081 1278 1145 ὡς
1315 1083 1373 1134 ἐν
1401 1083 1556 1137 νυκτὶ
1603 1079 1702 1152 μέν

96 1165 246 1216 ἐστὶ
267 1180 372 1216 που
394 1164 664 1234 διαμένων
693 1166 786 1218 καὶ
815 1166 1070 1238 ὑπάρχων
1095 1170 1122 1220 ὁ
1146 1169 1316 1238 ἦλιος,
1341 1169 1459 1240 μεθ’
1488 1169 1702 1240 ἡμέραν

92 1254 180 1306 δὲ
218 1254 457 1325 οὐδαμοῦ
491 1255 554 1308 τὺ
600 1252 807 1321 σκότος,
857 1257 990 1312 ἀλλά
1037 1259 1313 1324 παντελῶς
1354 1260 1702 1330 διαλυόμενον

96 1342 471 1411 ἀφανίζεται.
502 1345 665 1400 Ὥστε
697 1346 871 1418 φωτὸς
903 1348 1004 1418 μὲν
1031 1349 1251 1417 γέγονεν
1272 1351 1449 1417 οὐσία,
1477 1351 1701 1416 σκότους

95 1435 177 1487 δὲ
212 1434 487 1506 οὐδαμῶς.

1805 637 1925 692 quae
1957 622 2202 676 umbram
2227 618 2450 683 habent,
2499 617 2678 686 prebe
2748 617 2975 673 luminis
3003 616 3381 686 participatio-

1806 727 1950 766 nem.
2007 711 2190 780 Itaque
2236 710 2282 765 si
2325 709 2545 763 domum
2591 709 2900 778 quampiam
2945 724 3013 763 ει
3047 708 3194 761 omni
3224 718 3378 776 parte

1803 803 1938 858 bene
1971 802 2211 864 claudas,
2260 807 2314 855 et
2339 815 2514 869 neque
2544 800 2628 852 vel
2661 807 2930 868 angustus
2973 799 3156 854 aditus
3186 796 3378 851 lumini

1803 895 2162 965 relinquatur,
2199 900 2414 948 noctem
2460 891 2660 946 eﬂicies
2685 892 2850 946 etiam
2882 891 2936 945 in
2982 889 3224 945 meridie.
3263 885 3378 941 Hoc

1805 991 1988 1037 autem
2020 983 2077 1036 fit
2131 982 2186 1036 in
2215 989 2396 1046 nocte,
2432 980 2548 1034 sole
2584 979 2700 1032 loca
2733 992 2830 1033 sua
2872 975 3143 1030 ambiente
3186 982 3240 1029 et
3268 974 3379 1027 cir-

1810 1078 2124 1126 cumeunte.
2167 1068 2322 1140 Unde
2362 1085 2469 1122 nox
2511 1075 2595 1123 est
2634 1066 2863 1136 privatio
2911 1062 3152 1120 luminis.
3191 1061 3377 1116 Potest

1810 1168 1989 1215 autem
2027 1162 2129 1215 hoc
2165 1159 2312 1230 quod
2344 1158 2420 1223 ﬁt,
2456 1158 2660 1214 clarius
2702 1157 2930 1227 percipi,
2964 1157 3010 1210 si
3048 1155 3172 1224 quis
3197 1153 3376 1207 consi-

1807 1250 1983 1311 derat,
2013 1249 2215 1304 alicubi
2254 1263 2380 1304 esse
2411 1258 2464 1302 et
2502 1263 2724 1302 manere
2767 1256 2934 1302 noctu
2969 1245 3161 1306 solem,
3207 1243 3378 1297 inter-

1805 1341 1899 1395 diu
1930 1357 2058 1396 vero
2105 1355 2374 1410 nusquam
2405 1355 2527 1395 esse
2567 1340 2841 1404 tenebras,
2883 1336 2979 1393 sed
3006 1336 3223 1406 penitus
3249 1333 3365 1388 dis-

1805 1435 1942 1489 solvi
1987 1445 2043 1488 et
2091 1434 2232 1488 tolli.
2273 1431 2454 1498 Quare
2490 1431 2798 1487 substantia
2829 1427 3050 1483 luminis
3097 1425 3237 1482 facta
3265 1432 3369 1492 est,

1804 1540 1915 1578 non
1962 1530 2143 1578 autem
2176 1524 2546 1583 tenebrarum.

865 1629 996 1685 CAP.
1038 1628 1228 1686 XVIII.
1271 1630 1461 1686 Noctis
1489 1632 1789 1687 necessitas.
1825 1631 2095 1687 Utilitates
2119 1649 2184 1687 ea:
2206 1650 2268 1689 ea
2300 1634 2637 1704 proﬂuentes.

195 1741 506 1812 Σκοπήτέον
560 1709 606 1796 δ’
655 1743 805 1814 ὅμως
858 1745 1052 1807 νυκτὸς
1101 1746 1226 1798 ὅσον
1273 1746 1333 1798 τὸ
1384 1747 1697 1814 ἀναγκαῖον.

1877 1746 2344 1804 Considerandum
2393 1761 2525 1804 vero
2577 1753 2682 1812 est,
2744 1728 2908 1817 quam
2956 1744 3028 1800 sit
3059 1743 3367 1798 necessaria

105 1833 320 1886 Ἔστιν
365 1834 645 1888 ἀνάπαυλα
693 1835 909 1908 πρῶτον
958 1837 1112 1909 κοινὴ
1156 1842 1268 1902 τοῖς
1299 1840 1496 1891 πᾶσιν⁸
1532 1841 1560 1892 ό
1592 1839 1684 1910 γὰε

1801 1839 2252 1905 nox.'Primum,
2307 1847 2390 1896 est
2437 1840 2748 1894 communis
2797 1837 3016 1908 requies
3077 1836 3365 1901 omnibus;

104 1921 251 1991 μεθ’
285 1923 498 1994 ἡμέραν
525 1923 691 1988 ὕπνος
722 1925 784 1979 τὺ
819 1927 1114 1996 ἀναγκαῖον
1145 1929 1242 1999 τῆς
1273 1929 1465 1992 νυκτὸς
1497 1928 1694 1998 μᾶλλον

103 2013 573 2085 παραδείκνυσιν,
621 2010 689 2086 ἦς
738 2033 802 2085 γε
851 2017 1102 2071 τοσοῦτος
1156 2019 1414 2090 ὑπάρχων
1443 2021 1476 2071 ,ὁ
1506 2020 1697 2089 χρόνος

99 2106 223 2175 οὐχ
272 2107 450 2170 ἱκανὸς
489 2107 855 2162 διαναπαῦσαι
892 2107 991 2172 τὰς
1036 2109 1315 2181 αἰσθήσεις
1360 2111 1688 2181 ἀνθρώποις·

101 2197 218 2248 καὶ
250 2196 342 2249 τοῦ
380 2198 477 2267 μὲν
528 2197 646 2267 μεθ’
673 2198 884 2269 ἡμέραν
925 2198 1092 2252 ὕπνου
1136 2201 1234 2253 οὐκ
1276 2201 1364 2273 ἴση
1409 2204 1522 2266 τοῖς
1560 2205 1692 2256 πᾶσι

104 2290 349 2360 μετοχή·
378 2289 438 2342 τὸ
467 2289 521 2342 δὲ
558 2290 618 2343 ὲν
648 2293 804 2345 νυκτὶ
832 2291 1030 2359 κοινὸν,
1069 2294 1159 2346 καὶ
1195 2293 1393 2364 ἐπίσης
1418 2297 1532 2358 τοῖς
1558 2296 1691 2348 πᾶσι

101 2383 221 2452 τῆς
251 2381 656 2447 διαναπαύσεως
696 2383 758 2437 τὸ
798 2383 1015 2455 μέτρον,
1065 2386 1165 2439 οὐκ
1214 2385 1335 2456 ἔχον
1377 2386 1691 2456 ἀνωμαλίαν

106 2472 262 2541 πρὸς
293 2471 361 2525 τά
391 2471 622 2541 βιωτικά
647 2473 1107 2545 πλεονεκτήματα.
1139 2476 1317 2549 Ὅπερ
1341 2477 1440 2530 οὐκ
1471 2476 1689 2530 ἔλαττον

99 2562 222 2631 τὴν
255 2561 474 2632 ἰσότητα
506 2563 601 2616 τοῦ
624 2565 962 2636 Δημιουργοῦ
986 2565 1061 2628 ὡς
1088 2565 1223 2636 πρὸς
1243 2564 1299 2618 ἓν
1322 2564 1479 2633 γένος
1501 2567 1561 2618 τὸ
1580 2565 1688 2620 τῶν

103 2651 422 2722 ἀνθρώπων
463 2655 814 2727 μαρτύρεται.
849 2656 1076 2708 Ἔπειτα
1117 2656 1484 2719 εἰδιαπαντδς
1511 2657 1689 2728 ὑπῆρ-

103 2746 216 2812 χὲν
253 2744 436 2816 ἡμέρα
463 2745 777 2799 ἀδιάδεκτον
811 2746 1008 2816 ἔχουσα
1051 2747 1110 2800 τὸ
1154 2746 1444 2816 διάστημα,
1480 2747 1579 2800 οὐκ
1619 2747 1686 2803 ἂν

104 2835 397 2906 ἐμετρήθη
439 2836 627 2908 χρόνος
678 2839 757 2900 είς
807 2837 945 2909 μέρη
995 2838 1067 2909 μὴ
1112 2838 1467 2909 τετμημένοςο
1520 2838 1588 2890 Ἦ
1627 2836 1685 2889 δὲ

105 2925 240 2979 καθ’
259 2927 472 2999 ἡμέραν
497 2931 592 2984 τοῦ
624 2930 817 3001 χρόνον
845 2930 987 3000 τομὴ
1011 2929 1100 2983 διὰ
1121 2930 1228 2982 τῶν
1253 2930 1453 3002 μορίων
1479 2929 1684 2984 τούτων

105 3018 572 3091 καταριθμεῖσθαι
604 3024 763 3074 ποιεῖ·
799 3021 965 3092 χωρὶς
1008 3021 1062 3076 δὲ
1107 3020 1319 3092 χρόνουι
1344 3018 1687 3088 διαγνώσεως

105 3111 311 3178 ἀλογος
340 3112 405 3165 ἀν
431 3115 488 3166 ὲν
519 3115 632 3176 τοῖς
655 3112 864 3166 πλείοσι
902 3113 1121 3181 γέγονεν
1156 3112 1460 3184 ἀνθρώποις
1486 3115 1514 3165 ὁ
1549 3111 1680 3183 βίος·

107 3204 177 3256 τδ
205 3204 262 3256 δὲ
292 3204 356 3275 δὴ
399 3206 600 3276 μεῖζον,
639 3206 739 3258 οὐκ
769 3204 835 3258 ἂν
873 3205 1047 3273 φωτὸς
1087 3205 1308 3274 γέγονεν
1362 3204 1681 3267 ἀπόλαυσις,

112 3294 346 3359 σκότους
377 3296 450 3367 μὴ
483 3298 889 3369 παρακειμένου
921 3296 1011 3348 τὸν
1051 3295 1336 3366 είρημένον
1364 3295 1562 3365 τρόπον
1595 3313 1686 3348 νυ-

110 3384 390 3455 κτερινοῦ.
433 3386 552 3450 Φῶς
589 3387 698 3457 γὰρ
728 3387 1033 3456 σωματικὸν
1064 3386 1426 3450 ἀδιάλειπτον,
1460 3388 1571 3441 οὐδ’
1602 3388 1684 3441 ὅτι

111 3473 236 3541 φῶς
262 3477 426 3539 ἐστιν,
454 3476 696 3548 ἐγνώσθη
722 3478 806 3531 ἄν·
840 3477 973 3549 πρὸς
1008 3478 1114 3550 γὰρ
1137 3479 1538 3550 ἀντιδιαστολὴν
1561 3479 1684 3532 σκό-

111 3579 243 3627 τους
273 3565 386 3633 φῶς
416 3565 727 3637 ὠνόμασται
773 3570 863 3623 καὶ
909 3563 1072 3622 ἐστίν.
1108 3571 1222 3623 Οὐκ
1254 3570 1319 3622 ἂν
1350 3566 1442 3623 οῦν
1475 3569 1684 3640 θαυμα-

113 3653 244 3706 στόν
274 3672 328 3708 τι
365 3651 452 3724 ἦν,
494 3658 570 3721 ὡς
599 3657 712 3711 ἔστι
746 3659 1129 3730 δημιούργημα
1158 3648 1345 3728 φανὲν,
1383 3662 1429 3713 εί
1473 3661 1615 3731 μήγε
1647 3663 1679 3731 ἡ

112 3743 265 3809 θέσις
288 3746 382 3800 τοῦ
412 3747 692 3812 δοκοῦντος
720 3750 1048 3803 ἀντικεῖσθαι
1078 3751 1461 3818 παρεδείκνυεν
1490 3751 1638 3804 αὐτό.

109 3845 282 3902 esset,
331 3847 389 3893 ut
443 3854 566 3895 esse
612 3848 836 3911 apparet
875 3841 1233 3898 admiratione
1276 3842 1500 3913 dignum
1541 3857 1572 3896 a
1628 3839 1738 3896 Deo

112 3930 363 3993 trarium,
395 3931 527 3986 illud
554 3923 883 3988 ostenderet.

185 4022 346 4076 ’Ὥστε
378 4026 470 4075 καὶ
498 4025 664 4079 τᾶλλα
694 4026 790 4096 μὲν
823 4024 992 4078 πολλά
1018 4027 1176 4097 χάριν
1203 4025 1563 4096 ὁμολογητέον
1585 4024 1678 4077 ἐπὶ

110 4117 180 4184 τῇ
203 4114 351 4165 νυκτὶ
375 4115 452 4184 τῷ
476 4117 733 4188 πανσόφῳ
763 4119 1105 4190 Δημιουργῷο
1135 4118 1367 4189 μάλιστα
1399 4117 1443 4170 δ’
1473 4118 1555 4170 ὅτι
1583 4117 1675 4170 τοῦ

109 4205 289 4271 φωτὸς
313 4207 528 4275 ὲμιι-ιεῖ
546 4208 642 4278 τήν
658 4209 904 4280 αἴσθησίν
923 4228 977 4263 τε
1001 4212 1093 4264 καὶ
1112 4210 1208 4280 τὴν
1227 4210 1544 4275 ἀπόλαυσιν,
1573 4211 1674 4263 οὐκ

111 4290 179 4344 ἂν
213 4292 380 4356 ἄλλως
413 4294 851 4363 διαγνωσθέντος,
875 4299 1063 4369 ὅτιπερ
1089 4298 1254 4352 ἐστίν.

198 4462 330 4515 Ἀλλ’
360 4463 656 4535 ἐκπλαγείη
684 4485 767 4530 τις
807 4467 872 4522 ἂν
903 4469 1001 4539 τὴν
1037 4468 1271 4540 ἄρρητον
1302 4468 1396 4521 τοῦ
1426 4469 1560 4523 Θεοῦ
1590 4487 1676 4523 σο-

1799 1947 2025 1986 somnus
2083 1933 2228 1986 enim
2259 1932 2491 1988 diurnus
2547 1931 2721 2001 magis
2763 1930 3144 1985 necessitatem
3189 1926 3367 1983 noctis

1796 2020 2059 2084 declarat,
2115 2022 2275 2090 cujus
2317 2022 2536 2092 quidem
2583 2031 2798 2090 tempus
2827 2029 2937 2074 tam
2990 2020 3208 2089 longum
3254 2031 3364 2073 non

1795 2109 1994 2164 suﬂicit
2049 2112 2384 2177 hominibus,
2444 2119 2565 2166 uta
2618 2112 2872 2166 sensibus
2906 2110 3272 2179 requiescant,
3309 2118 3365 2165 et

1793 2199 2051 2255 diurnum
2101 2217 2350 2258 somnum
2399 2218 2595 2272 capere
2637 2218 2746 2257 non
2792 2201 3071 2272 aequaliter
3108 2201 3361 2256 omnibus

1791 2291 1919 2345 licet
1967 2310 1979 2345 :
2023 2294 2078 2346 in
2127 2301 2288 2348 nocte
2343 2309 2474 2349 vero
2522 2292 2833 2352 communis
2878 2299 2962 2347 est
3002 2293 3258 2348 omnibus
3308 2303 3363 2348 et

1788 2382 2012 2450 aqualis
2052 2399 2303 2439 mensura
2356 2385 2422 2438 ad
2471 2384 2916 2455 requiescendum
2946 2423 2960 2448 ,
3024 2384 3226 2438 nullam
3269 2385 3358 2438 in-

1787 2474 2148 2543 aequalitatem
2175 2476 2381 2534 habens
2410 2476 2476 2530 ad
2498 2477 2755 2532 avaritias
2774 2477 2898 2531 vitae
2918 2486 2972 2531 et
2995 2477 3114 2546 plus
3127 2475 3357 2530 habendi

1787 2563 2133 2632 cupiditates.
2185 2565 2342 2631 Quod
2379 2566 2599 2637 quidem
2632 2581 2741 2621 non
2773 2567 2955 2621 minus
2991 2565 3356 2636 aequalitatem

1787 2653 2064 2710 Creatoris
2103 2664 2368 2720 testatur,
2420 2667 2676 2725 tanquam
2724 2657 2816 2711 uni
2849 2655 3029 2726 generi
3074 2653 3357 2707 hominum

1785 2747 2069 2815 aequaliter
2115 2748 2520 2817 prospicientis.
2587 2746 2812 2809 Deinde,
2870 2746 2916 2802 si
2961 2760 3174 2815 semper
3213 2756 3359 2799 esset

1787 2837 1924 2902 dies,
1962 2848 2016 2893 et
2056 2840 2230 2908 spatio
2257 2839 2364 2894 diei
2398 2854 2506 2893 non
2545 2839 2865 2894 succederet
2910 2852 3019 2891 nox
3044 2875 3059 2900 ,
3091 2851 3198 2890 non
3232 2849 3359 2904 pos-

1787 2943 1970 2984 semus
1995 2929 2170 2982 metiri
2201 2937 2415 2998 tempus
2443 2945 2550 2983 non
2579 2930 2812 2984 divisum
2842 2931 2894 2983 in
2921 2937 3122 2999 partes.
3154 2925 3359 2981 Divisio

1788 3027 1968 3074 autem
2007 3019 2188 3073 diurni
2223 3020 2486 3090 temporis
2520 3019 2668 3085 facit,
2716 3029 2774 3073 ut
2803 3020 2961 3073 liceat
3003 3028 3216 3087 tempus
3264 3031 3359 3086 per

1786 3109 1884 3163 has
1914 3110 2208 3178 particulas
2239 3125 2546 3171 numerare.
2607 3109 2724 3165 Nisi
2770 3119 2949 3163 autem
2985 3115 3198 3176 tempus
3245 3107 3359 3160 dis-

1785 3206 2120 3262 cerneretur,
2179 3200 2234 3253 in
2266 3200 2452 3255 multis
2502 3200 2666 3255 rebus
2697 3214 2803 3254 non
2837 3206 3021 3269 posset
3045 3197 3359 3251 hominibus

1782 3294 1922 3348 ratio
1977 3295 2098 3348 vitae
2151 3293 2276 3348 iniri
2311 3301 2365 3349 et
2420 3302 2706 3358 constare;
2741 3301 2794 3348 et
2825 3293 2967 3362 quod
3016 3290 3195 3359 majus
3246 3298 3351 3354 est,

1783 3399 1894 3438 non
1933 3396 2081 3440 esset
2114 3385 2365 3454 voluptas
2403 3385 2622 3440 luminis
2670 3384 2906 3447 fruendi,
2958 3385 3003 3439 si
3037 3398 3143 3437 non
3170 3395 3354 3439 essent

1784 3476 2017 3530 tenebrae
2055 3483 2336 3531 nocturna:
2367 3476 2421 3531 in
2453 3476 2701 3546 proximo
2737 3491 2802 3531 eo
2828 3474 2989 3529 modo
3012 3490 3178 3544 quem
3210 3473 3352 3528 dixi-

1787 3582 1931 3621 mus.
1987 3565 2197 3621 Lumen
2242 3567 2387 3622 enim
2443 3581 2761 3637 corporeum
2802 3566 3118 3620 continuum
3175 3577 3352 3631 neque

1786 3657 1927 3726 quod
1952 3658 2129 3713 lumen
2164 3665 2330 3720 esset,
2372 3665 2792 3727 cognosceretur
2821 3673 2833 3708 :
2865 3656 3045 3710 lumen
3076 3654 3218 3708 enim
3265 3652 3351 3706 di-

1784 3750 1922 3803 citur
1958 3757 2012 3802 et
2041 3758 2142 3812 est,
2191 3754 2250 3802 ut
2280 3762 2310 3802 a
2351 3748 2592 3802 tenebris
2621 3747 3002 3816 distinguatur.
3034 3744 3152 3798 Non
3183 3742 3349 3813 igitur

1783 3849 2044 3905 creatum,
2081 3839 2188 3896 nisi
2227 3839 2560 3909 comparatio
2606 3839 2725 3908 ejus
2767 3838 2913 3909 quod
2964 3836 3177 3891 videtur
3207 3849 3346 3890 con-

1857 4017 2223 4084 Quamobrcm
2271 4025 2486 4086 oportet
2519 4017 2726 4089 gratias
2765 4031 2922 4089 agere
2952 4015 3082 4084 Dee,
3128 4018 3357 4088 sapien-

1781 4111 1996 4165 tissimo
2015 4109 2282 4174 Creatori,
2310 4126 2434 4165 cum
2462 4119 2685 4181 propter
2709 4111 2813 4164 alia
2847 4112 3040 4166 multa.
3075 4120 3188 4165 tum
3222 4125 3341 4166 map-

1782 4205 1923 4257 xime
1947 4203 2075 4272 quia
2102 4203 2248 4266 fecit,
2285 4210 2344 4256 ut
2374 4204 2556 4258 lumen
2585 4204 2909 4258 sentiremus
2945 4212 2998 4258 et
3023 4218 3093 4257 eo
3134 4203 3344 4260 fruere.

1781 4309 1940 4359 mur;
1973 4294 2118 4362 quod
2167 4293 2387 4349 quidem
2433 4309 2558 4350 esse
2589 4309 2698 4349 non
2735 4295 2889 4348 aliter
2915 4293 3223 4350 discernere
3245 4309 3342 4368 po-

1777 4386 2094 4440 tuissemus.

1848 4479 1944 4531 Est
1979 4486 2157 4532 autem
2192 4477 2534 4548 obstupenda
2578 4476 2865 4532 ineffabilia
2904 4476 2998 4532 Dei
3049 4477 3338 4546 sapientia,

111 4553 258 4620 φίαν,
292 4554 393 4618 ὅτι,
426 4557 692 4611 τοσούτων
729 4561 821 4611 καὶ
861 4559 938 4611 ἐτι
974 4559 1208 4614 πλεόνων
1257 4562 1566 4628 ἀναγκαίων
1612 4579 1668 4614 τε

1786 4568 1916 4636 μιοά
1946 4584 2067 4620 cum
2109 4576 2188 4621 tot
2231 4575 2284 4623 et
2328 4537 2504 4622 adhuc
2535 4569 2718 4638 plures
2751 4571 3072 4623 necessaria:
3100 4571 3340 4626 homini~

111 4640 207 4693 καὶ
238 4641 518 4712 χρησίμων
559 4643 646 4696 διὰ
696 4645 942 4724 σκότους..
961 4647 1264 4719 ἀνθρώποις
1299 4650 1670 4720 ὑπαρχόντων.

109 4731 256 4799 ὅμως
276 4731 330 4783 δὲ
363 4732 547 4802 ἐπειδὴ
575 4735 797 4799 σκότους
823 4733 888 4807 ἦν
917 4737 1084 4808 ὄνομά
1113 4756 1170 4792 τε
1205 4741 1296 4794 καὶ
1327 4743 1575 4812 πρᾶγμα,
1610 4743 1671 4795 οὐ

111 4822 506 4876 κατεσκεύακεν
527 4826 656 4877 αὐτὸ
683 4830 803 4878 κατ’
833 4828 1038 4892 οὐσίαν,
1071 4830 1205 4882 ἀλλὰ
1239 4830 1548 4898 συμϐαίνειν
1580 4834 1670 4886 καὶ

110 4911 527 4981 ἁποσυμδαίνειν
555 4917 686 4968 αὐτὸ
727 4919 1041 4988 πεποίηκεν·
1073 4921 1158 4973 ἵνα
1193 4921 1284 4971 καὶ
1319 4921 1392 4982 ὡς
1425 4921 1482 4973 ὃν
1516 4922 1584 4973 τά
1613 4939 1669 4972 τε

111 5001 336 5070 ρηθέντα
367 5005 460 5056 καὶ
486 5005 566 5057 ἔτι
598 5007 764 5059 πλείω
788 5011 1019 5080 παρέχῃ,
1050 5013 1140 5063 καὶ
1169 5012 1244 5073 ὡς
1284 5013 1355 5082 μὴ
1384 5012 1439 5064 ὃν
1470 5014 1669 5081 ἣκιστα

111 5097 324 5166 διαϐάλῃ
346 5097 435 5149 τὸν
451 5102 809 5172 Δημιουργόν.
844 5106 908 5155 ’Ἀ
918 5122 980 5174 με
990 5124 1161 5174 μπτος
1185 5109 1470 5178 τοιγαροῦν
1490 5112 1521 5175 ἡ
1551 5111 1664 5174 νὺξ,

113 5188 239 5238 ἀλλὰ
271 5188 360 5240 καὶ
385 5187 657 5258 θαυμασία
682 5195 946 5257 παντοίως
971 5199 1036 5266 τῇ
1068 5199 1279 5267 χρήσει.

177 5362 308 5414 Φασὶ
347 5362 403 5414 δὲ
448 5362 649 5435 λῃστὴν
685 5368 741 5418 ἐν
785 5371 937 5420 νυκτὶ
981 5376 1324 5442 κακουργεῖν.
1373 5374 1480 5426 Καὶ
1511 5373 1560 5424 τί
1589 5375 1668 5426 δεῖ

116 5454 239 5520 πρὸς
269 5451 361 5522 τὴν
392 5452 598 5517 νύκτα;
634 5457 680 5507 εἰ
710 5456 818 5526 γὰρ
849 5458 922 5528 μὴ
963 5461 1232 5532 ἐνεδέχετο
1265 5465 1358 5515 καὶ
1391 5465 1447 5515 ἐν
1479 5466 1666 5534 ἡμέρᾳ.

115 5549 472 5615 κακοπραγείν
523 5546 646 5608 τοὺς
695 5546 1068 5618 βουλομένους,
1115 5555 1281 5624 ἐχρῆν
1332 5555 1430 5623 τῆς
1475 5557 1664 5619 νυκτὸς

116 5635 475 5689 διαϐάλλεσθαι
510 5637 600 5688 τὸν
624 5639 831 5708 καιρόν,
880 5642 1030 5695 Ἐπεὶ
1055 5644 1110 5696 δὲ
1143 5643 1239 5714 τὴν
1263 5647 1544 5716 εὐκαιρίαν
1568 5647 1661 5716 τῆς

119 5729 430 5800 κακουργίας
463 5732 490 5781 ὁ
523 5730 659 5799 δρῶν
691 5732 966 5802 ἀναμένει,
1007 5735 1108 5788 κᾶν
1147 5739 1206 5788 ὲν
1235 5736 1446 5807 ἡμέρα,
1473 5737 1574 5790 κᾶν
1607 5740 1664 5790 ὲν

119 5822 256 5874 νυκτὶ
289 5820 612 5889 παραπέσοι.
643 5821 739 5891 τὴν
772 5822 1025 5892 πρόθεσιν
1061 5825 1155 5878 τοῦ
1190 5827 1442 5897 δρῶντος,
1482 5829 1541 5881 οὐ
1571 5829 1661 5880 τὸν

1776 4659 1876 4712 bus
1916 4666 1968 4712 et
2010 4667 2326 4728 opportuna
2373 4658 2634 4715 utilitates
2679 4675 2743 4714 ex
2775 4660 3017 4715 tenebris
3047 4663 3335 4727 exsistant,

1772 4757 1950 4804 tamen
1979 4752 2104 4818 quia
2133 4758 2250 4804 erat
2279 4767 2474 4805 nomen
2501 4759 2555 4804 et
2588 4767 2673 4805 res
2703 4753 3073 4814 tenebrarum,
3107 4769 3217 4808 non
3254 4755 3337 4809 fe-

1772 4839 1845 4892 cit
1872 4856 1963 4893 eas
1991 4841 2288 4894 secundum
2323 4841 2704 4901 substantiam,
2734 4844 2826 4896 sed
2859 4843 2983 4896 fecit
3012 4852 3069 4896 ut
3091 4845 3336 4898 venirent

1771 4938 1824 4981 et
1875 4931 2232 4999 recederent;
2282 4942 2341 4987 ut
2377 4937 2535 5004 quasi
2584 4943 2767 4990 essent
2796 4950 2858 4990 ea
2911 4951 3028 5004 quae
3071 4935 3332 4996 diximus,

1769 5027 1822 5072 et
1856 5020 2032 5074 adhuc
2060 5023 2211 5090 plura
2251 5024 2532 5102 commoda
2566 5027 2909 5094 praeberent;
2957 5036 3010 5080 et
3042 5028 3197 5094 quasi
3222 5040 3332 5081 nun

1770 5119 1975 5172 essent,
2025 5113 2246 5168 minime
2278 5116 2460 5168 mundi
2491 5116 2785 5171 fabricator
2813 5128 3182 5172 accusaretur.
3219 5115 3328 5174 Ex-

1768 5209 1851 5253 tra
1903 5203 2117 5270 culpam
2169 5205 2331 5274 igitur
2367 5214 2419 5259 ct
2464 5209 2740 5277 querelam
2779 5217 2864 5263 est
2899 5224 3029 5275 nox,
3059 5208 3188 5277 quin
3229 5222 3326 5277 po-

1768 5290 1875 5342 tius
1912 5307 2014 5345 usu
2056 5301 2137 5347 est
2181 5297 2435 5350 omnibus
2469 5297 2646 5352 modis
2689 5297 2942 5352 mirabili.

1842 5379 1944 5433 Sed
1990 5383 2164 5444 aiunt,
2199 5382 2459 5436 latronem
2495 5393 2658 5438 noctu
2689 5386 3020 5439 latrocinari.
3061 5384 3166 5439 Sed
3196 5387 3323 5454 quid

1768 5468 1870 5520 hoc
1894 5477 2082 5524 contra
2114 5472 2364 5526 noctem?
2397 5474 2440 5527 si
2468 5474 2610 5528 enim
2643 5489 2752 5528 non
2788 5476 3123 5544 contingeret
3145 5473 3210 5527 de
3237 5472 3324 5529 die

1769 5560 2081 5614 latrocinari
2127 5577 2220 5616 eos
2286 5565 2379 5631 qui
2432 5564 2743 5618 latrocinari
2782 5566 2992 5628 volunt,
3052 5573 3323 5634 oporteret

1765 5657 1978 5718 tempus
2012 5661 2332 5706 nocturnum
2367 5667 2646 5710 accusare.
2679 5653 2785 5710 Sed
2802 5657 2929 5725 quia
2956 5657 3092 5708 latro
3117 5670 3320 5724 oppar-

1768 5742 2050 5794 tunitatem
2087 5741 2216 5796 furti
2257 5752 2560 5812 exspectat,
2603 5748 2718 5801 sive
2751 5747 2836 5801 die
2858 5748 2971 5801 sive
3001 5753 3163 5800 nocte
3193 5747 3323 5802 inc:-

1767 5833 1877 5898 dat,
1921 5832 2135 5890 animus
2170 5835 2490 5892 maleﬁcium
2533 5837 2802 5905 facientis,
2839 5854 2945 5893 non
2996 5851 3206 5908 tempus
3233 5846 3320 5896 est
