4058 6330
217 427 363 485 H73

1305 427 1670 487 ADVERSUS
1696 428 2115 486 HANICHA'ZOS
2151 429 2278 485 LIB.
2319 431 2378 489 li.

3305 433 3444 491 11Ἱῦ

322 542 522 610 Επειδὴ
551 540 606 594 δὲ
652 539 711 594 τὸ
743 540 860 610 φῶς
892 540 1011 594 κατ’
1050 539 1237 595 οὐσίαν
1263 543 1559 614 ὑφέστηκε,
1602 544 1787 611 σαφῶς

1957 544 2092 611 Quia
2119 559 2249 598 vero
2274 543 2454 598 lumen
2495 542 2792 600 secundum
2825 543 3185 600 substantiam
3235 561 3330 616 per
3380 563 3442 603 se

218 637 333 706 ἆρα
365 634 456 686 καὶ
484 631 738 702 ἀλήθειαν
776 633 1048 700 νομίσειεν
1081 630 1146 686 ἂν
1186 650 1271 695 τις
1307 636 1427 686 κατ’
1461 635 1646 688 οὐσίαν
1680 637 1780 704 ὑφ-

219 727 465 791 εστάναι,
487 728 572 778 ἵνα
605 727 701 795 τῆς
725 724 1013 792 ἀναλογίας
1042 723 1280 794 σώζηται
1305 727 1337 796 ἡ
1367 726 1620 798 ἀκρίϐεια
1643 745 1654 756 ·
1690 727 1784 779 καὶ

217 819 275 872 τί
301 820 364 888 δὴ
397 819 458 872 τὸ
506 807 714 871 κωλύον
746 816 880 868 Θεὸν
912 816 1302 885 αύτοαλήθειαν
1345 815 1502 884 εἶναι,
1539 817 1788 888 ἡγεῖσθαί

215 927 279 962 τε
310 911 404 964 καὶ
441 907 716 978 νομίζειν;
747 908 795 957 εί
831 906 939 976 γὰρ
971 907 1084 973 φῶς
1112 911 1140 960 ὁ
1163 908 1313 971 Θεὸς,
1341 909 1457 976 φῶς
1491 910 1696 978 νοητὸν,
1725 909 1786 960 ού

221 1001 334 1072 γὰρ
361 1001 426 1070 δὴ
456 999 670 1067 ὁρατὸν.
704 997 820 1065 φῶς
867 997 1044 1066 δῆλον,
1085 1000 1160 1062 ὡς
1209 999 1466 1070 ἀλήθεια·
1520 1001 1636 1067 φῶς
1680 999 1788 1070 γὰρ

217 1089 406 1160 νοερὸν
444 1089 594 1140 οὐδὲν
618 1086 765 1152 ἄλλο,
800 1087 939 1158 πλὴν
981 1088 1236 1158 ἀληθείας
1257 1107 1268 1117 ·
1312 1090 1460 1160 ὅμως
1488 1091 1542 1143 ὁὶ
1588 1091 1701 1158 φῶς
1730 1107 1788 1142 τε

217 1183 317 1234 καὶ
367 1177 730 1248 αὑτοαληθεια
781 1182 1063 1248 τυγχάνων
1114 1183 1142 1233 ὁ
1188 1180 1318 1244 Θεὸς
1363 1182 1462 1234 ούκ
1518 1182 1791 1252 ἀδυναμίᾳ

215 1272 444 1342 ψεύδους
478 1271 774 1340 ἀπέχεται,
819 1271 954 1323 ἀλλὰ
1001 1273 1073 1341 μὴ
1127 1273 1445 1342 βουλόμενος
1486 1272 1786 1341 ψεύσασθαί

218 1377 376 1414 τιοτε.
412 1361 474 1412 El
511 1359 566 1412 δέ
593 1377 654 1426 γε
704 1361 777 1430 μὴ
805 1361 1043 1424 δύναται,
1095 1363 1156 1414 οὐ
1198 1362 1306 1433 γὰρ
1349 1363 1547 1417 ἄτοπον
1595 1365 1787 1424 εἰπεῖν,

217 1450 404 1519 ἐπειδὴ
435 1467 495 1518 γε
523 1451 776 1504 ούίἐποτε
799 1453 917 1520 οὐχὶ
957 1451 1030 1520 μὴ
1059 1450 1327 1520 βούλεται.

1882 639 2108 699 exstitit,
2145 637 2304 707 plane
2337 634 2652 689 existimare
2689 635 2815 689 licet
2845 650 2967 691 esse
3012 638 3292 690 veritatem
3342 653 3441 708 per

1885 742 1943 781 sc
1968 727 2268 782 secundum
2301 725 2683 791 substantiam,
2727 733 2786 778 ut
2820 726 3192 781 simiiitudinis
3221 741 3283 780 ac
3314 742 3441 796 pro-

1885 820 2149 889 portionis
2181 819 2321 870 ratio
2353 817 2534 870 limate
2575 825 2628 870 et
2670 816 2905 886 perfecte
2935 826 3216 882 servetur,
3246 818 3442 887 ecquid

1887 908 2153 978 prohibet,
2182 907 2315 975 quin
2350 904 2517 959 Deum
2571 906 2738 974 ipsam
2775 922 2870 976 per
2901 922 2961 960 se
3003 912 3278 963 veritatem
3318 922 3444 964 esse

1888 999 2260 1053 existimemus
2299 1004 2353 1051 et
2403 999 2757 1065 reputemus?
2787 998 2841 1052 Si
2878 999 3019 1053 enim
3051 999 3190 1052 Deus
3221 1008 3302 1054 est
3356 1000 3442 1054 lu-

1891 1104 2032 1150 men,
2061 1090 2241 1142 lumen
2265 1097 2442 1142 autem
2471 1088 2826 1158 intelligibile,
2855 1105 2963 1143 non
2989 1091 3333 1160 aspectabile.
3362 1090 3443 1144 lu-

1891 1193 2012 1232 men
2064 1181 2270 1234 scilicet
2314 1180 2455 1234 sicut
2495 1180 2729 1246 veritas;
2774 1182 2951 1236 lumen
2987 1183 3131 1236 enim
3164 1183 3444 1252 spiritualo

1891 1270 2022 1321 nihil
2053 1270 2196 1323 aliud
2228 1278 2330 1332 est,
2361 1286 2523 1338 quam
2570 1271 2750 1326 lumen
2782 1274 3055 1339 veritatis;
3087 1272 3228 1328 Deus
3261 1280 3442 1328 tamen

1889 1378 2010 1416 cum
2047 1365 2225 1418 lumen
2259 1373 2312 1417 et
2352 1364 2470 1432 ipsa
2525 1378 2621 1431 per
2660 1379 2719 1417 se
2753 1367 2953 1419 veritas
2985 1365 3075 1429 sit,
3105 1381 3134 1418 a
3164 1363 3445 1418 mcmlaeio

1889 1453 2144 1514 abstinet,
2181 1467 2288 1505 non
2322 1454 2448 1520 quia
2479 1451 2659 1506 deﬁcit
2686 1453 2732 1506 ei
2763 1461 3022 1522 potestas,
3056 1455 3148 1508 sed
3175 1455 3300 1522 quia
3334 1465 3443 1505 non

216 1543 338 1594 vult
373 1556 608 1609 unquam
665 1543 901 1596 mentiri.
963 1541 1020 1596 Si
1067 1553 1245 1596 autem
1287 1557 1396 1596 non
1439 1547 1638 1612 potest,
1684 1557 1793 1598 non
1839 1544 1981 1596 enim
2011 1541 2306 1596 absurdum
2329 1550 2411 1598 est
2441 1544 2520 1597 sic
2551 1543 2719 1612 loqui,
2753 1545 2873 1599 ideo
2902 1560 3011 1599 non
3058 1551 3259 1614 potest,
3315 1541 3445 1612 quia

218 1656 502 1710 nunquam
541 1642 674 1696 vult.

292 1727 386 1795 Οἷς
432 1734 530 1802 μὲν
560 1733 665 1804 γὰρ
707 1733 802 1786 καὶ
835 1733 895 1785 τὸ
951 1733 1229 1803 βούλεσθαι
1269 1737 1362 1787 καὶ
1401 1735 1461 1788 τδ
1506 1737 1602 1805 μὴ,
1652 1736 1792 1789 κατὰ

1965 1732 2175 1799 Quibus
2223 1735 2367 1788 enim
2401 1733 2537 1788 velle
2585 1737 2640 1787 et
2673 1746 2782 1785 non
2819 1730 2956 1784 velle
2982 1726 3192 1781 diverse
3227 1724 3444 1790 accidit,

217 1824 472 1892 διάφορον
507 1825 705 1893 τρόπον
740 1824 1146 1894 ὲπισυμϐαίνει,
1179 1825 1390 1889 τούτοις
1433 1826 1667 1893 εὐλόγως
1699 1828 1789 1879 καὶ

1893 1833 2037 1877 recte
2065 1833 2118 1877 et
2147 1823 2344 1878 rationi
2373 1823 2760 1877 convenienter
2787 1819 2873 1875 liis
2907 1818 3219 1871 attribuitur
3247 1829 3443 1886 posse:

216 1915 282 1966 τὸ
334 1914 588 1968 δύνασθαι
636 1914 962 1986 ἀφώρισται.
1023 1916 1142 1986 Θεῷ
1173 1917 1230 1968 δέ
1278 1933 1361 1984 γε,
1418 1917 1600 1988 ἐπειδὴ
1649 1919 1793 1970 οὐδέ-

219 2021 352 2057 ποτε
391 2006 670 2074 συμϐαίνει
702 2007 762 2058 τὸ
797 2006 1102 2074 βούλεσθαι,
1137 2008 1197 2060 τὸ
1239 2007 1313 2077 μὴ
1347 2007 1598 2061 δύνασθαι
1627 2025 1793 2078 προσ-

217 2099 453 2151 απτέον
510 2099 651 2150 οὕτω
685 2100 891 2168 μέντοι,
929 2100 1015 2153 διὰ
1043 2102 1102 2152 τὸ
1162 2103 1432 2172 μηδέποτε
1491 2101 1788 2170 βούλεσθαι,

217 2189 340 2259 οὐχὶ
366 2189 449 2242 διὰ
481 2190 542 2242 τὸ
574 2191 647 2260 μὴ
681 2191 938 2244 δύνασθαι
983 2193 1185 2262 τρόπον
1225 2192 1506 2254 ἀσθενείας
1532 2174 1623 2246 έαὶ
1663 2193 1791 2245 ἁδυ-

219 2281 452 2350 ναμίας·
489 2282 547 2335 τὸ
579 2284 673 2351 μὲν
704 2283 812 2352 γὰρ
835 2284 1218 2353 δημιούργημα
1251 2284 1584 2354 πεπεδῆσθαι
1612 2285 1785 2352 φύσει,

217 2372 364 2440 λέγω
394 2372 458 2442 δὴ
498 2374 554 2424 τὺ
595 2376 901 2443 σωματικὸν
947 2376 1079 2444 φῶς,
1136 2378 1237 2428 οὐκ
1279 2376 1468 2444 ἄλογον
1501 2379 1687 2444 φάναι,
1717 2376 1790 2439 ὡς

223 2463 299 2533 μὴ
325 2465 412 2515 ἐπ’
438 2458 584 2534 αὐτῷ
608 2462 744 2517 εἶναι
767 2467 826 2517 τὸ
858 2462 993 2518 εἶναι
1018 2468 1150 2534 φῶς,
1179 2467 1291 2520 ἀλλ’
1325 2471 1414 2520 ἐπὶ
1437 2468 1511 2537 τῷ
1536 2471 1788 2537 ποιήσαν-

217 2571 274 2606 τι
295 2571 308 2585 ⁸
331 2556 422 2606 τὸν
454 2557 508 2608 δὲ
539 2557 878 2627 Δημιουργὸν
906 2558 1308 2628 ύποῦεϐλῆσθαι
1339 2559 1551 2626 φύσεως
1576 2561 1790 2630 ἀνάγκῃ

219 2644 343 2696 λίαν
381 2646 578 2698 ἄτοπον
612 2649 885 2716 ἡγεῖσθαι,
916 2648 989 2711 ὡς
1026 2648 1098 2718 μὴ
1130 2651 1214 2701 ἐπ’
1250 2649 1395 2719 αύτῴ
1437 2645 1575 2702 εἶναι
1617 2650 1788 2702 δοκεῖν

221 2737 285 2788 τὸ
337 2738 652 2809 ἀληθεύειν,
709 2740 840 2791 ἀλλὰ
890 2741 1025 2810 πρὶς
1063 2741 1163 2808 τῆς
1212 2741 1422 2808 φύσεως
1474 2740 1786 2810 βεϐιᾶσθαι,

224 2827 469 2896 καίτοιγε
516 2831 653 2901 ὅπερ
692 2832 871 2892 ἐστὶν,
909 2832 1040 2882 αὐτὸ
1094 2833 1250 2901 μόνον
1301 2834 1468 2885 ἐστίν.
1532 2833 1670 2885 Ἀλλ’
1707 2828 1790 2896 οἷς

227 2920 329 2989 μὲν
367 2920 765 2992 ἐδημιούργησε
814 2922 1081 2974 ὲντέθεικε
1126 2924 1186 2975 τὸ
1233 2923 1389 2989 φύσει
1433 2923 1525 2976 καὶ
1579 2923 1791 2993 ἀνάγκῃ

224 3005 366 3062 εἶναι
409 3012 437 3064 ὅ
500 3013 665 3064 εἰσιν·
726 3011 874 3080 αύτῷ
935 3014 1116 3081 μέντοι
1171 3013 1468 3065 ἐντέθεικεν
1510 3014 1683 3075 οὐδεὶς
1731 3013 1792 3064 τὸ

225 3100 443 3171 ἀνάγκη
475 3096 612 3154 εἶναι
645 3102 916 3170 ἀλήθειαν.
971 3102 1179 3154 Οὐκοῦν
1219 3103 1429 3170 φύσεως
1471 3104 1566 3171 μὲν
1611 3105 1792 3156 ἐπάνω

224 3193 257 3243 ὁ
289 3189 477 3257 φύσεις
506 3191 1051 3260 κατασκευασάμενος
1072 3207 1083 3218 °
1123 3194 1283 3255 αὐτὸς
1311 3193 1364 3245 δὲ
1392 3193 1601 3262 φύσεως
1629 3195 1794 3262 ἀνάγ-
1820 3175 1861 3231 C

230 3299 334 3351 κης
359 3281 670 3352 ἐλεύθερος·
715 3283 858 3336 οὕτω
889 3282 997 3353 γὰρ
1028 3283 1242 3354 ἀληθῶς
1288 3285 1489 3351 ἀγαθὸς
1530 3285 1793 3357 ὁμολογη-

228 3373 468 3444 θήσεται.

301 3547 508 3601 Ούκούν
534 3547 619 3600 διὰ
650 3547 756 3601 τῶν
783 3547 1084 3617 είρημένων
1121 3546 1250 3598 αὐτὸ
1281 3545 1472 3614 ψεῦδος
1506 3548 1604 3599 οὐκ
1642 3548 1789 3602 ἐστι·

224 3639 465 3708 ψεύστης
500 3639 554 3691 δὲ
599 3641 628 3692 ὁ
678 3639 1036 3708 ψευδόμενος·
1090 3639 1195 3690 ἀπὸ
1221 3637 1330 3707 γὰρ
1377 3638 1470 3690 τοῦ
1523 3640 1794 3707 μετιόντος

230 3731 506 3795 καλεῖται,
551 3732 646 3800 ούχ
687 3733 715 3783 ὁ
765 3730 1155 3800 μετερχόμενος
1203 3730 1308 3781 ἀπὸ
1352 3728 1444 3780 τοῦ
1502 3731 1573 3800 μὴ
1624 3732 1789 3793 ὄντος.

229 3821 439 3884 Ψεῦδος
478 3823 587 3891 γὰρ
620 3823 724 3891 πρὸ
758 3823 850 3875 τοῦ
903 3822 1241 3884 ἐπινοοῦντος
1281 3821 1412 3874 αύτό
1449 3823 1547 3875 οὐκ
1582 3825 1645 3874 ἂν
1675 3824 1788 3894 εἴη·

231 3915 625 3984 παραπλησίως
656 3915 711 3966 δὲ
745 3915 833 3966 καὶ
875 3915 1060 3977 σκότος
1091 3915 1151 3965 οὐ
1185 3912 1640 3983 δεδημιούργηται
1674 3915 1792 3983 μὲν,

230 4007 648 4074 παρεισέρχεται
678 4004 756 4067 δὲ,
791 4004 917 4056 σκιὰ
965 4003 1116 4056 τοῦδε
1152 4003 1244 4054 τοῦ
1290 4004 1487 4066 παντὸς
1517 4004 1790 4072 ὑπαρχονο

231 4099 370 4170 πλὴν
400 4099 522 4150 ὅσον
551 4098 611 4149 τὸ
643 4098 739 4167 μὲν
775 4097 959 4157 σκότος
986 4098 1045 4148 ού
1073 4096 1230 4165 μόνον
1261 4096 1575 4164 ὑποτρέχειν
1603 4113 1797 4162 συγκε-

233 4189 498 4260 χώρηται,
536 4187 669 4241 ἀλλὰ
712 4188 808 4239 καὶ
838 4187 957 4238 λίαν
1003 4187 1291 4255 ὠφελίμως
1314 4203 1326 4214 ·
1353 4187 1445 4237 τοῦ
1482 4187 1535 4238 δὲ
1566 4187 1796 4253 ψεύδους

230 4283 264 4351 ἡ
299 4280 509 4332 ἐπίνοια
556 4279 652 4350 τὴν
701 4279 799 4348 μὲν
846 4279 1053 4347 αἵρεσιν
1100 4277 1349 4344 διασαφεῖ
1396 4277 1495 4345 τῆς
1541 4277 1797 4345 ἀληθείας

231 4372 383 4442 παρὰ
420 4370 760 4441 ἀνθρὼποις’
811 4368 1208 4440 προτιμηθεῖσα
1258 4368 1312 4419 δε
1364 4367 1461 4435 τῆς
1503 4367 1791 4438 ἀληθείας,

232 4459 614 4530 βλαϐερωτάτη
647 4461 708 4524 γε
738 4462 874 4519 ἐστι,
904 4462 996 4510 καὶ
1021 4458 1163 4527 μάλα
1189 4474 1248 4523 γε
1295 4457 1516 4517 εἰκότως
1539 4471 1552 4484 ·
1601 4457 1794 4524 ψεῦδος

229 4553 338 4621 γὰρ
367 4550 501 4618 πρός
528 4549 825 4618 ἀνθρὼπων
860 4552 1171 4610 ἐπινοεῖται,
1207 4549 1392 4609 σκότος
1422 4547 1476 4599 δε
1509 4547 1568 4600 τὸ
1600 4564 1789 4616 σωμα-

227 4641 378 4694 τικὸν
431 4641 580 4711 παρὰ
634 4641 768 4692 Θεοῦ
811 4643 1004 4692 κεῖται.
1034 4640 1123 4692 Διὸ
1159 4643 1262 4708 χρὴ
1301 4640 1362 4691 τὸ
1420 4641 1515 4708 μὲν
1568 4639 1792 4691 νοοῦντα

231 4731 472 4800 φεύγειν,
508 4733 567 4783 τὸ
592 4731 647 4783 δὲ
675 4732 747 4800 μὴ
776 4731 1152 4803 λοιδορεῖεθαι,
1185 4732 1493 4798 ἀναγκαίως
1529 4732 1662 4801 πρὸς
1695 4731 1788 4782 τού

227 4821 572 4896 Δημιουργοῦ
601 4823 869 4891 κείμενον.

1894 1915 2002 1968 Deo
2037 1925 2212 1970 autent
2247 1915 2504 1984 quoniam
2543 1927 2820 1983 nunquam
2869 1908 3067 1968 accidit
3105 1908 3262 1971 velle,
3309 1921 3446 1961 con-

1893 2006 2150 2059 ﬁtendum
2193 2014 2276 2059 est
2323 2020 2430 2059 non
2478 2019 2636 2074 posse
2675 2018 2797 2058 cum
2832 2001 3082 2064 mentiri;
3133 2001 3211 2054 sic
3242 2009 3444 2060 tamen,

1891 2098 2017 2166 quia
2050 2096 2256 2152 scilicet
2279 2111 2386 2149 non
2415 2103 2590 2168 potest
2624 2096 2792 2160 velle;
2830 2110 2938 2147 non
2975 2100 3154 2147 autem
3186 2092 3312 2161 quia
3338 2105 3445 2144 non

1892 2199 2068 2259 pozest
2102 2191 2169 2244 ad
2220 2194 2390 2246 instar
2434 2191 2554 2259 ejus
2597 2189 2684 2242 cui
2717 2195 2799 2241 est
2838 2186 3127 2239 intirmitas
3175 2191 3227 2238 et
3265 2181 3446 2236 deﬁcit

1891 2291 2174 2351 potestas:
2221 2290 2523 2337 creaturam
2554 2280 2698 2334 enim
2739 2277 2988 2348 impediri
3044 2283 3098 2330 et
3145 2273 3444 2342 constringi

1891 2383 2104 2437 natura,
2141 2375 2340 2434 lumen,
2370 2373 2612 2442 inquam,
2645 2384 2962 2439 corporeum
2993 2383 3100 2420 non
3132 2367 3329 2420 habere
3353 2379 3445 2433 pe-

1891 2481 1985 2518 nes
2011 2480 2068 2518 se
2094 2504 2108 2527 ,
2147 2476 2204 2518 ut
2239 2466 2309 2520 sit
2344 2465 2547 2529 lumen,
2593 2461 2684 2517 sed
2720 2477 2882 2531 penes
2914 2468 3188 2513 auctorem
3221 2457 3444 2510 luminis

1888 2570 2027 2617 esse,
2057 2569 2164 2608 non
2199 2562 2281 2608 est
2315 2555 2551 2606 alienum
2588 2567 2618 2605 a
2653 2553 2862 2605 ratione
2891 2550 2969 2605 sic
3002 2549 3225 2610 dicere;
3255 2555 3444 2599 aucto-

1888 2660 2001 2698 rem
2032 2660 2160 2698 vero
2185 2643 2487 2711 subjectum
2518 2657 2639 2697 esse
2670 2641 2979 2696 necessitati
3025 2646 3251 2699 natura:,
3292 2637 3445 2692 valde

1888 2732 2184 2787 absurdum
2226 2741 2308 2787 est
2347 2731 2618 2801 cogitare;
2659 2737 2716 2782 ut
2760 2744 2866 2784 non
2894 2727 3141 2782 videatur
3168 2743 3332 2798 penes
3365 2727 3446 2794 ip-

1889 2838 2007 2876 sum
2043 2839 2164 2876 esse
2197 2838 2383 2876 verum
2416 2823 2615 2883 dicere,
2637 2821 2730 2874 sed
2760 2834 2790 2872 a
2821 2828 3014 2871 natura
3046 2833 3139 2884 per
3172 2817 3278 2869 vim
3303 2817 3444 2883 cogi,

1889 2928 2012 2966 cum
2047 2913 2246 2980 alioqui
2277 2913 2452 2980 ipsum
2480 2912 2654 2964 solum
2688 2910 2777 2974 sit,
2804 2908 2946 2977 quod
2974 2907 3188 2976 quidem
3227 2916 3328 2977 est.
3375 2903 3447 2960 iis

1891 3012 2070 3056 tamen
2101 3018 2220 3070 qua:
2247 3002 2470 3063 creavit,
2510 3001 2787 3069 imposuit,
2816 3006 2872 3052 ut
2903 3007 3093 3051 natura
3125 3007 3178 3051 et
3207 2995 3448 3050 necessi-

1899 3103 2006 3148 tate
2037 3103 2220 3147 essent
2254 3092 2398 3162 quod
2433 3100 2578 3148 sunt.
2632 3091 2739 3145 Deo
2767 3098 2948 3143 tamen
2981 3103 3139 3142 nemo
3171 3088 3446 3156 imposuit,

1897 3193 1952 3238 ut
1996 3185 2318 3239 necessitate
2354 3191 2561 3236 naturze
2587 3189 2732 3235 esset
2750 3181 2969 3233 veritas.
3003 3177 3176 3247 Supra
3203 3187 3449 3230 naturam

1895 3277 2057 3346 igitur
2087 3283 2189 3336 est,
2235 3276 2327 3346 qui
2362 3284 2583 3328 naturas
2631 3271 2926 3325 fabricatus
2965 3279 3086 3336 est;
3132 3271 3245 3338 ipse
3271 3277 3450 3321 autem

1896 3370 2028 3422 lilier
2058 3376 2142 3421 est
2171 3382 2201 3419 a
2237 3365 2562 3420 necessitate
2607 3373 2812 3417 naturze
2842 3379 2856 3415 :
2884 3361 2963 3416 sic
3004 3361 3146 3414 enim
3178 3373 3305 3413 vere
3353 3358 3450 3413 bo-

1895 3469 2022 3507 num
2053 3468 2173 3506 esse
2214 3452 2612 3505 conﬁtebimur.

1963 3544 2127 3613 igitur
2149 3560 2214 3598 ex
2245 3545 2310 3597 iis
2341 3557 2460 3611 qua:
2479 3542 2621 3595 dicta
2652 3547 2798 3605 sunt,
2816 3536 3018 3609 pateﬁt,
3039 3551 3205 3606 perse
3223 3537 3449 3591 menda-

1894 3637 2034 3687 cium
2064 3649 2168 3687 non
2197 3649 2348 3695 esse;
2376 3633 2688 3686 mendacem
2718 3645 2845 3684 vero
2865 3643 2985 3684 esse
3012 3642 3134 3680 eum
3170 3626 3263 3694 qui
3307 3641 3452 3680 men-

1894 3728 2058 3790 titur;
2092 3741 2120 3776 a
2148 3725 2439 3778 mentiente
2480 3724 2621 3775 enim
2647 3729 2874 3774 vocatur
2919 3717 3261 3772 mendacium
3290 3733 3304 3781 ;
3341 3731 3449 3770 non

1894 3826 2069 3868 autem
2104 3815 2366 3868 mentiens
2397 3819 2620 3864 vocatur
2643 3811 2711 3862 ab
2733 3825 2817 3872 eo,
2841 3809 2983 3878 quod
3028 3824 3134 3860 non
3159 3814 3259 3861 est.
3305 3806 3452 3860 Men-

1895 3907 2106 3960 dacium
2137 3905 2278 3959 enim
2309 3919 2416 3956 non
2447 3909 2626 3972 potest
2667 3916 2788 3956 esse
2821 3911 3107 3968 antequam
3144 3898 3446 3965 cogitetur:

1896 3997 2142 4051 similiter
2172 3995 2406 4048 tenebra:
2449 4007 2555 4045 non
2587 3999 2714 4046 sunt
2765 3999 2978 4052 creatae,
3013 3989 3103 4041 sed
3139 3988 3444 4049 subierunt,

1899 4086 2052 4139 facta:
2089 4084 2278 4137 umbra
2317 4082 2552 4136 universi
2583 4101 2594 4134 :
2633 4089 2988 4150 prmterquam
3024 4077 3167 4146 quod
3213 4078 3449 4130 tcnebra:

1897 4192 2001 4229 non
2029 4175 2203 4228 solum
2251 4174 2434 4226 subire
2479 4172 2757 4239 permissae
2800 4173 2947 4231 sunt,
2980 4167 3072 4222 scd
3104 4167 3254 4220 valde
3285 4169 3449 4220 etiam

1895 4267 2116 4320 lliiiilCl‘.
2145 4264 2409 4332 Cogitatio
2438 4277 2564 4315 vero
2605 4261 2869 4313 mendacii
2902 4259 3219 4312 electionem
3253 4259 3452 4310 verita-

1895 4356 1964 4407 tis
1990 4353 2127 4420 apml
2174 4351 2421 4402 homines
2455 4349 2718 4401 declarat.
2765 4346 2898 4399 Cum
2942 4361 3070 4401 vero
3106 4347 3452 4414 anteponitur

1896 4443 2106 4498 veritati
2134 4441 2495 4498 mendacium,
2521 4439 2965 4491 nocentissimum
2989 4447 3091 4500 cst,
3119 4438 3276 4504 itfque
3301 4435 3452 4490 valde

1896 4544 2290 4597 consentanea;
2325 4531 2664 4583 mendacium
2696 4529 2836 4582 enim
2861 4528 2925 4580 ab
2953 4527 3259 4581 hominibus
3289 4540 3451 4578 exco-

1896 4626 2119 4694 gitatum
2159 4630 2260 4679 est,
2306 4620 2540 4673 teucbra:
2589 4632 2716 4669 vero
2755 4630 3027 4684 σοι-μοι’οω
3067 4631 3094 4667 a
3133 4614 3238 4668 llco
3264 4613 3452 4682 positae

1897 4725 2042 4773 Sunt.
2068 4714 2274 4768 Idcirco
2296 4719 2507 4781 Oportet
2546 4708 2672 4762 illud
2710 4709 2922 4777 quidem
2955 4706 3164 4775 lugere;
3201 4708 3300 4758 hoc
3327 4720 3452 4758 vero

1900 4825 2007 4863 non
2051 4809 2385 4873 vituperare,
2423 4799 2565 4868 quod
2609 4797 2920 4852 necessario
2955 4812 2983 4848 a
3012 4799 3268 4851 Creatore
3307 4796 3453 4865 posi-

1901 4911 2010 4952 tuttt
2044 4908 2142 4950 est.

923 5020 1051 5075 CAP.
1091 5020 1204 5074 XX.
1249 5018 1474 5072 Manctis
1513 5019 1764 5084 stultitia,
1799 5015 2032 5085 negantis
2074 5011 2212 5070 {eras
2245 5026 2276 5060 α
2307 5007 2414 5060 Deo
2445 5006 2605 5073 fuisse
2635 5013 2860 5057 creatas.

303 5159 630 5227 Λοιδορεῖται
673 5155 770 5224 μὲν
815 5155 874 5206 ού
914 5153 1069 5206 τοῦτο
1100 5158 1256 5222 μόνον
1298 5156 1324 5206 ὁ
1352 5154 1446 5217 τῆς
1479 5150 1789 5219 κενωτάτης

228 5253 370 5306 κατὰ
397 5248 528 5302 Θεοῦ
553 5248 898 5317 βλασφημίας
931 5248 1180 5316 εὑρετὴς,
1208 5246 1341 5297 ἁλλᾶ
1368 5247 1461 5297 καὶ
1496 5243 1651 5306 ζώοις
1683 5247 1789 5304 τοῖς

226 5343 426 5411 ἀγρίαν
454 5338 612 5406 φύσιν
656 5337 802 5405 παρᾶ
828 5337 920 5387 τοῦ
954 5335 1295 5406 Δημιουργοῦ
1334 5336 1572 5403 λαχοῦσι,
1606 5335 1792 5402 σατῶς

225 5434 386 5500 δίκην
415 5429 606 5500 ἐχθροῦ
641 5427 708 5479 τὰ
743 5427 918 5478 πάντα
948 5426 1212 5492 φιλαιτίου
1239 5429 1376 5478 κατα
1404 5426 1510 5476 τῶν
1537 5425 1791 5492 δημιουρ-

223 5525 490 5594 γημάτων
524 5521 855 5590 κινούμενος.
902 5515 1139 5582 Ἥλέγξει
1180 5517 1235 5567 δὲ
1284 5519 1310 5567 ό
1341 5515 1491 5582 λόγος
1523 5515 1616 5566 τοῦ
1648 5517 1789 5566 ἁπα-

219 5613 429 5674 τεῶνος
460 5613 559 5679 τὴν
589 5611 780 5677 ἄλογον
815 5609 906 5660 καὶ
936 5609 990 5660 ἐν
1017 5606 1224 5668 τούτοις
1247 5607 1609 5675 βλασςημίαν.

298 5789 475 5859 Θηρία
510 5785 618 5855 γὰρ
653 5786 864 5840 ἅπαντα
907 5780 1206 5852 τετράποδά
1244 5798 1300 5832 τε
1340 5783 1432 5832 καὶ
1465 5780 1665 5848 ἑρπετὰ
1696 5796 1791 5830 κα-

1970 5144 2249 5210 \'ituperat
2305 5149 2484 5192 autem
2544 5152 2648 5191 non
2697 5137 2796 5189 llas
2841 5135 3013 5187 solum
3062 5134 3162 5187 iste
3199 5133 3452 5188 inaudita

1897 5245 2085 5290 contra
2129 5233 2292 5284 Deum
2330 5230 2676 5298 blasphemia:
2707 5229 2980 5289 inventor;
3018 5225 3108 5277 sed
3144 5225 3305 5277 etiam
3334 5224 3444 5276 aui-

1898 5333 2124 5382 mantcs,
2151 5337 2270 5389 qua:
2318 5331 2562 5373 naturam
2595 5332 2786 5371 sievam
2831 5317 3031 5369 δοιιίιιιι
3063 5324 3188 5368 sunt
3228 5330 3254 5364 τι
3284 5314 3450 5367 Crea-

1898 5429 2047 5479 tore;
2081 5430 2228 5466 more
2261 5411 2462 5464 inimici
2493 5410 2586 5477 qui
2624 5408 2800 5459 omnia
2829 5421 3117 5469 accusans,
3154 5407 3205 5460 in
3235 5413 3450 5458 creatu-

1896 5504 2110 5568 ras_l)ei
2162 5503 2456 5554 invehitur.
2509 5498 2610 5552 Sed
2659 5497 3044 5564 lilaSpltemiant
3080 5503 3347 5549 amentem
3393 5503 3448 5549 et

1895 5595 2178 5649 vecordem
2213 5595 2371 5647 istius
2414 5593 2717 5660 deceptoris
2760 5593 2812 5643 in
2861 5589 3171 5662 ltujusrnodi
3204 5587 3449 5642 animan-

1900 5690 2045 5742 tibus
2075 5701 2252 5739 sermo
2287 5698 2464 5738 nostet
2503 5684 2806 5751 redargnct.

1971 5777 2173 5831 Omnes
2228 5777 2370 5828 enim
2411 5775 2554 5830 feras
2600 5788 2662 5826 ac
2705 5770 2928 5834 bestias,
2978 5766 3352 5839 quadrupedes
3387 5775 3450 5818 ra
