4058 6330
143 426 292 481 ΗἸἹ

1241 429 1608 487 ADVERSUS
1648 431 2073 488 MANICHEOS
2110 431 2235 487 LIB.
2267 430 2328 486 ll.

3249 431 3388 488 H78

146 551 293 616 μήτε
335 563 397 600 το
424 548 689 616 γινῶσκον
733 547 939 616 ἀγαθὸν
977 547 1198 618 κληθείη
1241 550 1556 618 ἀναγκαῖον,
1589 555 1723 624 μήτε

1832 553 2144 616 sectarium,
2185 566 2294 605 non
2336 549 2616 603 nominare
2649 547 2872 611 malum,
2901 547 2946 602 si
2982 546 3214 616 ignorat,
3245 544 3394 616 quod

146 640 215 692 τὸ
249 639 478 708 ἀγνοοῦν
505 639 682 701 ἑαυτὸ,
707 641 791 692 ὅτι
816 638 1014 703 δόξειεν
1047 639 1111 694 ἂν
1141 635 1279 694 εἶναι
1306 643 1503 696 κακία’
1532 643 1593 696 τὸ
1627 644 1725 714 μὲν

146 730 237 782 ὅτι
268 731 392 800 μηδ’
426 730 586 792 αὐτὸς
608 731 810 800 τίθησι,
837 730 898 783 τὸ
941 730 987 783 δ’
1021 733 1102 785 ὅτι
1142 733 1591 803 πεπλανημένως,
1630 735 1726 786 καὶ

149 821 313 886 ἐκτὸς
338 822 437 892 τῆς
465 822 645 892 κοινῆς
666 822 825 894 δόξης
851 823 1072 892 θέμενος
1095 825 1354 895 ὁρίζεται.
1384 826 1569 890 Οὕτως
1605 827 1727 879 οὐδὲ

151 912 346 982 θηρίον
379 913 531 964 οὐδὲν
574 913 761 976 κακὸν,
797 911 1058 984 λογισμοῦ
1103 916 1464 987 ἐστερημένον
1484 934 1497 946 ⁸
1519 917 1728 986 ἄνθρω-

153 1008 260 1066 πος
301 1003 359 1056 δὲ
392 1002 668 1073 κακοήθης
726 1004 893 1057 κακὸν
924 1003 990 1057 ἂν
1039 1003 1162 1074 εἴη,
1213 1005 1459 1076 λογισμῷ
1505 1005 1726 1076 μετιὼν,

154 1095 304 1164 ἅπερ
322 1095 524 1163 ἥκιστα
555 1095 762 1161 ἀγνοεῖ’
790 1095 822 1164 ἡ
851 1095 959 1165 γάρ
982 1095 1077 1148 τοῦ
1104 1096 1364 1166 λογισμοῦ
1393 1099 1490 1168 τῆς
1515 1096 1730 1166 φύσεως

155 1184 441 1256 προσθήκη
473 1184 624 1255 φέρει
660 1186 760 1254 τῆς
790 1184 988 1248 κακίας
1026 1187 1088 1239 τὸ
1135 1186 1404 1258 ἔγκλημα,
1455 1205 1731 1257 προκατα-

157 1275 500 1340 σκευάζουσα
546 1275 703 1344 δῆλον
735 1271 874 1329 εἶναι
912 1276 974 1328 τὸ
1021 1278 1392 1348 πραττόμενον
1413 1293 1425 1305 ·
1459 1281 1494 1347 ὴ
1529 1277 1584 1330 δὲ
1631 1277 1730 1344 τῆς

156 1365 411 1434 γνώσεως
442 1366 728 1437 ἀφαίρεσις
772 1367 870 1437 τῆς
906 1368 1102 1430 αἰτίας.
1149 1368 1396 1438 υῦτωδὴ
1432 1368 1595 1436 γνοὺς
1633 1369 1730 1437 μὲν

157 1455 442 1526 ἄνθρωπος
490 1457 688 1527 ἄμφω,
727 1459 926 1526 ἀρετήν
959 1474 1018 1510 τε
1064 1458 1159 1510 καὶ
1207 1459 1437 1520 κακίαν,
1481 1458 1618 1528 ὅπερ
1664 1458 1730 1512 ἂν

157 1544 366 1612 ἐληται,
388 1545 571 1613 φθάνει
600 1547 706 1616 γάρ
739 1549 772 1616 ὴ
803 1545 999 1613 γνῶσις
1031 1546 1129 1617 τὴν
1150 1547 1380 1617 αἵρεσιν,
1411 1547 1504 1599 ἀπ’
1524 1548 1728 1601 ἐκείνου

158 1634 435 1687 καλεῖται·
468 1638 595 1707 πρὶν
623 1636 679 1689 δὲ
717 1636 919 1703 γνῶναι
945 1637 1137 1706 νήπιον
1165 1637 1426 1708 ὑπάρχον,
1452 1637 1729 1710 οὐδέτερον

158 1725 268 1777 τῶν
310 1727 491 1797 άκρων
539 1728 802 1781 καλεῖται.
851 1728 1021 1797 Δῆλον
1052 1728 1230 1781 τοίνυν
1265 1729 1619 1800 πανταχόθεν,
1654 1731 1730 1794 ὡς

157 1816 237 1888 τῷ
263 1818 503 1888 λογισμῷ
530 1820 624 1872 καὶ
655 1822 720 1889 τῇ
759 1819 897 1889 μετὰ
925 1819 1023 1890 τὴν
1055 1820 1256 1888 γνῶσιν
1291 1821 1498 1892 αίρέσει
1533 1823 1729 1876 κακίαν

1827 641 1978 698 facit.
2015 641 2071 696 Si
2099 643 2262 711 igitur
2285 656 2457 710 neque
2481 642 2529 694 id
2568 639 2710 710 quod
2738 639 3038 709 cognoscit,
3067 637 3269 691 bonum
3297 651 3390 691 ue-

1827 731 2123 786 cessarium
2179 729 2503 795 vocabitur;
2559 729 2804 798 sequitur
2852 743 3026 797 neque
3059 726 3111 780 id
3160 725 3302 795 quod
3335 740 3396 780 se

1829 822 2010 892 ipsum
2037 829 2090 876 et
2132 821 2263 891 quid
2295 822 2386 884 sit,
2449 821 2680 890 ignorat,
2732 813 3024 890 nequitiam
3065 834 3190 874 esse
3219 836 3232 870 :
3258 832 3395 888 quo-

1829 929 1947 968 rum
1975 914 2202 968 alterum
2228 929 2402 983 neque
2424 913 2538 983 ipse
2568 913 2824 978 admittit,
2857 912 3086 967 alterum
3131 925 3262 965 vero
3296 925 3396 980 per

1827 1020 2066 1059 errorem
2108 1016 2160 1059 et
2198 1014 2387 1059 contra
2424 1020 2766 1060 communem
2797 1003 3250 1058 existimationem
3282 1012 3396 1056 sta-

1828 1096 1952 1150 tuit.
1991 1095 2081 1150 Sic
2102 1112 2278 1165 neque
2320 1096 2438 1151 fera
2463 1097 2573 1150 ulla
2596 1097 2738 1148 mala
2762 1103 2865 1157 est,
2901 1109 3023 1148 cum
3056 1093 3128 1147 sit
3163 1095 3398 1148 rationis

1828 1188 2062 1258 expers:
2095 1189 2258 1242 homo
2312 1204 2441 1242 vero
2470 1190 2611 1242 male
2657 1195 2920 1249 moratus,
2951 1186 3128 1240 malus
3159 1193 3264 1250 est,
3299 1188 3394 1255 qui

1837 1281 2048 1333 ratione
2093 1286 2249 1333 utens
2275 1279 2513 1348 capessit
2554 1294 2674 1348 quae
2717 1294 2823 1331 non
2870 1280 3078 1349 ignorat
3108 1301 3120 1332 :
3149 1278 3398 1332 acoessio

1828 1372 1971 1426 enim
1990 1369 2219 1425 rationis
2247 1371 2312 1423 ad
2337 1379 2608 1434 naturam,
2638 1371 2891 1439 nequitia:
2917 1371 3120 1424 crimen
3148 1370 3392 1436 inducit;

1829 1475 2096 1534 praeparat
2123 1463 2268 1517 enim
2285 1464 2428 1518 ratio
2448 1464 2811 1533 cognitionem
2839 1463 3071 1517 actionis
3101 1474 3396 1531 susceptae;

1831 1556 2060 1624 privatio
2106 1562 2286 1609 autem
2328 1555 2657 1625 cognitionis
2703 1555 2940 1624 privatio
2989 1563 3075 1608 est.
3122 1555 3293 1622 culpae
3340 1561 3398 1607 et

1831 1647 2094 1700 criminis.
2126 1645 2216 1698 Sic
2238 1645 2402 1700 homo
2425 1652 2716 1715 utrumque
2747 1660 3102 1715 cognoscens,
3138 1645 3394 1698 virtutem

1832 1735 2039 1790 scilicet
2079 1743 2131 1789 et
2167 1736 2376 1798 vitium,
2429 1737 2495 1789 ab
2538 1750 2603 1790 eo
2641 1737 2784 1805 quod
2829 1736 2998 1805 eligit,
3042 1735 3399 1800 nominatur;

1832 1827 2102 1882 antecedit
2155 1828 2298 1880 enim
2361 1827 2609 1882 electioni
2653 1827 2891 1896 cognitio
2944 1845 2958 1880 :
3012 1826 3164 1895 prius
3216 1835 3395 1879 autezzi

157 1924 216 1960 τε
253 1910 344 1961 καὶ
393 1910 589 1981 ἀρετὴν
635 1909 981 1980 λογιζόμεθα.
1024 1911 1104 1963 Τὰ
1143 1911 1322 1965 τοίνυν
1353 1913 1593 1983 ἀμέτοχα
1634 1914 1725 1967 λο-

1832 1931 1992 1986 quam
2043 1924 2354 1986 cognoscat,
2413 1917 2540 1970 dum
2578 1931 2712 1986 puer
2759 1931 2959 1986 parvus
3001 1923 3106 1978 est,
3140 1929 3169 1968 a
3201 1923 3404 1968 neutro

156 2000 356 2067 γισμοῦ
416 2001 578 2071 θηρία
635 2001 734 2054 οὐκ
768 2001 835 2054 ἂν
867 2000 952 2071 εἴη
1004 2000 1181 2063 κακὰ,
1239 2003 1360 2057 οὐδὲ
1415 2005 1479 2056 ὲκ
1530 2005 1726 2068 κακίας

155 2090 599 2161 προενηνεγμὲνα
625 2109 638 2122 ο
675 2093 973 2164 ἐπειδήπερ
1005 2094 1107 2147 κᾶν
1139 2093 1319 2165 ἐκείνη
1365 2092 1536 2156 οὕτως
1590 2094 1723 2164 ἔχοι,

155 2179 257 2231 οὐκ
281 2178 345 2232 ἂν
370 2181 455 2248 εἴη
479 2181 666 2233 κακία.

1831 2015 2074 2063 extremo
2116 2009 2461 2071 nominatur,
2520 2007 2573 2061 id
2624 2015 2706 2062 est
2763 2022 2938 2077 neque
2982 2007 3159 2061 bonus
3223 2021 3398 2076 neque

1836 2100 2014 2154 malus
2048 2100 2266 2154 dicitur.
2321 2099 2685 2166 Quamobrem
2714 2115 2776 2154 ex
2812 2100 2956 2154 omni
2999 2108 3154 2168 parte
3203 2100 3394 2168 liquet,

1830 2189 2084 2244 virtutem
2126 2197 2179 2244 et
2229 2190 2417 2244 vitium
2444 2190 2664 2252 rationi,
2717 2197 2771 2243 et
2800 2199 2922 2259 post
2969 2193 3233 2245 rationem
3294 2192 3399 2244 ele-

154 2269 324 2322 i-tioai
356 2269 598 2325 attribui.
652 2268 845 2324 Bestiae
877 2271 1043 2341 igitur
1083 2288 1202 2342 quae
1244 2287 1352 2325 non
1400 2281 1527 2328 sunt
1571 2275 1803 2332 rationis
1859 2279 2171 2349 participes,
2219 2295 2328 2334 non
2367 2287 2492 2334 sunt
2525 2294 2780 2350 nequam,
2810 2294 2910 2333 nec
2952 2294 2982 2332 a
3007 2279 3243 2348 nequitia
3270 2294 3395 2349 pro-

155 2363 367 2429 ducta,
419 2363 548 2432 quia
605 2364 651 2418 si
700 2364 789 2418 illa
845 2364 920 2418 ita
966 2379 1024 2419 se
1076 2364 1291 2428 habeat,
1341 2381 1449 2421 non
1492 2377 1577 2422 est
1630 2369 1894 2439 nequitia.

1098 2503 1226 2558 CAP.
1261 2503 1423 2560 XXII.
1467 2504 1796 2575 Serpentium
1823 2525 1885 2563 ac
1913 2511 2211 2564 morborum
2240 2513 2464 2565 utilitas.

233 2621 436 2684 Ἄλλως
465 2637 522 2671 τε
548 2620 676 2683 ῐδοις
700 2618 765 2672 ἂν
797 2618 1056 2680 πολλάκις
1087 2619 1179 2670 καὶ
1206 2618 1314 2671 τῶν
1351 2619 1594 2689 ἑρπετῶν
1623 2622 1726 2673 αὐ-

155 2711 262 2763 τῶν
294 2713 352 2765 τὸ
398 2710 794 2781 χαλεπώτατον,
828 2711 970 2778 λέγω
1013 2707 1076 2778 δὴ
1119 2710 1207 2761 τὸν
1248 2710 1344 2772 ίὸν,
1372 2712 1451 2771 είς
1485 2711 1727 2781 ἰατρείαν

155 2805 294 2872 πρὸς
328 2803 436 2855 τῶν
491 2801 895 2873 ἀκριϐεστάτων
937 2799 1135 2870 ἰατρῶν
1175 2800 1599 2869 λαμϐανόμενον,
1635 2803 1727 2855 καὶ

154 2898 220 2964 τῇ
285 2894 391 2946 τῶν
425 2893 802 2963 ἀπομάχεσθαι
845 2891 1156 2960 δυναμένων
1200 2891 1491 2961 παραμίξει
1535 2892 1724 2946 καθαί-

157 3003 319 3057 ροντα
351 2985 456 3037 τῶν
490 2984 673 3036 παθῶν
705 2983 852 3035 ἔστιν
896 2983 984 3034 ὅτε
1028 2982 1096 3033 τὰ
1139 2982 1518 3050 χαλεπώτατα’
1546 2983 1642 3044 τὰς
1673 2984 1728 3036 δὲ

156 3078 367 3147 σάρκας
412 3075 579 3137 αὑτὰς
633 3075 832 3144 ἑτέρων
884 3074 1038 3125 εἱδῶν
1082 3089 1140 3124 τε
1193 3073 1286 3124 καὶ
1329 3072 1561 3141 βοτανῶν
1592 3090 1728 3142 συμ-

1904 2623 2174 2680 Praeterea
2217 2626 2402 2680 videre
2435 2625 2559 2680 lieet
2593 2639 2990 2696 saepenumero,
3029 2623 3174 2694 quod
3218 2630 3303 2678 est
3338 2622 3395 2676 in

1834 2716 2173 2785 serpentibus
2223 2717 2666 2771 nocentissimum
2704 2734 2719 2771 :
2759 2729 3022 2768 venenum
3055 2712 3176 2766 dico
3219 2728 3246 2765 a
3284 2728 3398 2766 me-

1834 2804 1973 2856 dicis
2002 2803 2427 2857 absolutissimis
2459 2803 2527 2854 ad
2562 2801 2886 2853 medicinam
2913 2796 3180 2858 adhiberi,
3211 2803 3265 2849 et
3304 2796 3402 2850 mi-

1837 2902 1921 2947 sta
1966 2907 2089 2944 cum
2149 2892 2217 2945 iis
2278 2906 2397 2959 quze
2453 2897 2684 2959 possunt
2730 2887 3001 2948 auxiliari,
3045 2885 3402 2953 gravissimos

1838 2984 2060 3048 morbos
2099 2981 2368 3035 interdum
2397 2981 2699 3049 depellere;
2745 2987 2798 3033 et
2847 2995 2911 3032 ex
2948 2979 3079 3046 ipsis
3117 2978 3398 3042 carnibus,

1836 3077 1960 3129 aliis
1988 3074 2282 3144 generibus
2320 3081 2374 3127 et
2419 3073 2602 3127 herbis
2643 3072 2891 3125 admistis
2921 3072 3188 3140 optirnqu
3233 3084 3404 3124 reme-

155 3170 328 3237 πλοκῇ
390 3169 673 3238 φάρμακον
740 3167 957 3233 ἄριστον
1024 3163 1266 3234 σώμασιν
1342 3163 1727 3226 ὰποτελούσας.

1838 3171 1986 3225 dium
2017 3170 2341 3240 corporibus
2363 3169 2578 3223 conﬁci.
2615 3169 2878 3222 Similiter
2907 3168 2962 3221 in
3006 3167 3129 3220 aliis
3160 3167 3352 3219 bestiis
3381 3182 3396 3219 :

156 3260 554 3330 Ιῐαραπλησίως
580 3259 635 3310 δὲ
667 3258 760 3310 καὶ
801 3256 907 3309 τῶν
950 3256 1121 3310 ἄλλων
1156 3255 1390 3326 θηρίων·
1448 3256 1588 3325 μέρη
1623 3257 1730 3326 γάρ

151 3369 273 3405 τινα
300 3354 391 3405 καὶ
421 3351 576 3421 μέλη,
603 3352 694 3402 καὶ
725 3344 861 3418 αἷμα
901 3349 1022 3400 καθ’
1067 3348 1197 3400 αὐτὸ
1233 3348 1488 3411 πολλάκις
1515 3350 1734 3420 εὐεργε-

152 3442 303 3494 τοῦσι
334 3443 653 3511 κάμνοντας.
686 3441 806 3502 Πῶς
835 3435 927 3492 οὖν
957 3442 1019 3490 ἐκ
1051 3440 1248 3502 κακίας
1277 3441 1386 3492 ἐστὶ
1432 3441 1499 3493 τά
1545 3442 1602 3493 ἐν
1637 3441 1731 3510 μέ-

157 3551 238 3600 ρει
261 3535 351 3584 καὶ
372 3531 710 3600 ὠφελοῦντα
740 3530 922 3582 Ταῦτα
944 3530 1228 3597 τοιγαροῦν
1256 3532 1465 3583 ἅπαντα
1488 3533 1731 3600 χρήσιμα

157 3623 316 3690 μόνον
358 3623 421 3674 δι’
456 3620 772 3691 ἀνθρώπους
818 3621 1078 3690 ἡγητέον·
1129 3622 1252 3673 οὔτε
1295 3621 1349 3673 δὲ
1390 3621 1569 3688 ἀγαθὰ
1609 3622 1731 3674 οὒτε

154 3714 299 3765 κακὲ
359 3713 845 3784 προσαγορευτέον,
903 3712 1019 3774 δέος
1077 3713 1232 3782 μόνον
1289 3712 1594 3778 ἀνθρώποις
1641 3716 1730 3765 ἁν-

155 3806 397 3873 αγκαίως
424 3805 750 3875 ἐμποιοῦντα
774 3805 906 3874 πρὸς
926 3806 1252 3875 ἐπιστροφὴν
1287 3804 1377 3856 τοῦ
1403 3806 1726 3874 κρείττονος·

154 3897 248 3949 καὶ
280 3896 338 3947 τὸ
364 3896 529 3964 ἀργὸν
570 3896 744 3948 αὐτῶν
770 3895 964 3965 ἀργίας
989 3897 1136 3966 παρὰ
1169 3895 1473 3963 ἀνθρώποις
1506 3896 1731 3948 κωλυτι-

155 3988 280 4039 κόνο
310 3990 484 4040 κεῖται
520 3985 629 4058 γάρ
668 3987 805 4040 αὐτὰ
830 3987 1091 4056 μάστιγος
1119 3987 1274 4056 δίκην
1321 3988 1648 4057 φαινομένης
1672 3990 1728 4039 ἐν

151 4081 286 4150 οἴκῳ
318 4081 450 4150 πρὸς
488 4079 827 4148 κατασκευὴν
858 4079 1138 4140 εὐλαϐείας
1174 4079 1279 4131 τῶν
1308 4080 1550 4141 οἰκετῶν,
1583 4080 1729 4143 εἴτις

151 4173 460 4241 ἁργήσειεν,
484 4171 515 4241 ἦ
538 4173 589 4223 εί
614 4189 697 4233 τις
724 4171 1062 4242 πλημμελοίη
1087 4171 1196 4223 τῶν
1220 4171 1358 4224 κατὰ
1387 4171 1481 4241 τὴν
1515 4173 1692 4225 ἑστίαν
1713 4191 1724 4201 ·

150 4265 201 4313 εί
221 4260 277 4312 δὲ
297 4264 562 4330 πονηρους
583 4261 727 4313 ἔστιν
751 4262 875 4312 ἰδεῖν
901 4261 1062 4331 μηδὲν
1084 4261 1185 4313 ὑπὸ
1212 4261 1412 4313 τούτων
1436 4262 1732 4332 βλαπτομέ-

153 4367 296 4411 νους,
324 4348 601 4417 θαύμασον
626 4350 718 4402 τοῦ
740 4350 1008 4402 Δεσπότου
1031 4350 1089 4401 τὸ
1113 4350 1447 4413 ἀνεξίκακον.
1477 4351 1638 4402 Οὐδὲν
1676 4352 1730 4403 δὲ

147 4436 311 4510 ἦττον
331 4441 543 4508 νοητέον
569 4441 666 4510 τὴν
690 4440 1092 4511 παρακειμένην
1129 4442 1366 4511 μάστιγα
1388 4459 1399 4472 ’
1424 4443 1729 4494 τούναντίον

1835 3262 2078 3331 quaedam
2112 3261 2256 3314 enim
2298 3267 2480 3329 partes
2512 3265 2564 3312 et
2614 3259 2855 3312 membra
2899 3266 2951 3310 et
2999 3257 3242 3325 sanguis,
3282 3255 3397 3309 sola

1835 3369 1899 3407 ac
1932 3369 2027 3423 per
2061 3369 2118 3408 se
2142 3351 2532 3422 aegrotantibus
2560 3349 2892 3403 conducunt.
2921 3348 3201 3413 Quomodo
3234 3349 3399 3416 igitur

1837 3454 1964 3498 sunt
2005 3460 2071 3498 ex
2107 3446 2368 3513 nequitia,
2405 3457 2524 3510 quae
2572 3457 2634 3494 ex
2672 3451 2823 3510 parte
2868 3449 2993 3493 sunt
3041 3439 3194 3492 utilia
3229 3447 3281 3490 et
3308 3439 3398 3505 ju-

1833 3536 1999 3588 vant?
2025 3535 2147 3590 Hzec
2176 3536 2338 3604 igitur
2361 3536 2543 3589 omnia
2567 3531 2814 3586 ducenda
2850 3540 2972 3585 sunt
3001 3531 3152 3583 utilia
3176 3536 3396 3598 propter

1837 3625 2083 3680 homines
2115 3633 2360 3688 tantum;
2396 3641 2501 3678 non
2535 3632 2713 3676 autem
2744 3622 3060 3690 appellanda
3091 3628 3218 3674 sunt
3253 3620 3395 3673 bona

1836 3733 2010 3786 neque
2067 3718 2232 3778 mala,
2283 3732 2402 3784 qua:
2447 3715 2760 3768 hominibus
2813 3722 3020 3766 tantum
3082 3711 3395 3765 necessario

1834 3817 2034 3862 metum
2074 3807 2347 3876 injiciunt,
2386 3817 2440 3859 ut
2474 3807 2537 3857 ad
2579 3806 2771 3858 melius
2803 3805 3112 3857 institutqu
3158 3817 3216 3856 se
3262 3816 3396 3854 oon-

1834 3905 2043 3952 vertant
2072 3917 2083 3950 :
2114 3904 2169 3952 et
2197 3899 2366 3950 otium
2402 3897 2721 3956 bestiarum,
2765 3903 2926 3961 atque
2959 3893 3173 3945 vocatio
3204 3905 3394 3944 earum

1832 4004 1860 4041 a
1889 3987 2154 4050 vocando,
2196 3985 2338 4055 apud
2369 3985 2613 4037 homines
2650 3983 2818 4035 otium
2851 3992 2902 4035 et
2928 3982 3176 4053 inertiam
3209 3979 3395 4048 prohi-

1834 4079 1924 4132 bet
1951 4098 1964 4132 :
1992 4087 2119 4132 sunt
2143 4081 2288 4130 enim
2321 4077 2492 4145 posita
2524 4077 2636 4142 ipsa
2669 4075 2840 4127 instar
2865 4071 3055 4137 ﬂagelli
3086 4069 3396 4138 apparentis

1834 4169 1886 4222 in
1923 4169 2105 4231 domo,
2153 4175 2212 4219 ut
2255 4165 2496 4221 metuant
2538 4165 2721 4216 famuli
2779 4179 2841 4216 ac
2889 4161 3147 4224 ministri,
3193 4161 3237 4212 si
3269 4160 3395 4228 quis

1833 4275 2020 4314 eorum
2072 4275 2128 4312 se
2161 4258 2323 4311 dedat
2373 4258 2501 4317 otio,
2549 4264 2640 4307 aut
2679 4255 2722 4307 si
2765 4255 2887 4323 quis
2919 4253 3062 4306 domi
3094 4253 3394 4320 delinquat.

1835 4351 1892 4406 Si
1928 4367 2054 4406 vero
2084 4351 2351 4419 contingit
2380 4350 2562 4402 videre
2597 4348 2694 4400 has
2728 4363 2863 4416 quas
2896 4347 3156 4404 diximus,
3192 4346 3396 4400 bestias

1833 4444 1968 4496 nihil
2004 4457 2199 4495 nocere
2231 4441 2512 4509 improbis,
2544 4439 2878 4492 admiremur
2907 4438 2958 4488 in
2993 4438 3222 4489 Domino
3256 4437 3394 4488 tole-

148 4531 230 4593 δὲ,
248 4533 292 4583 εἰ
310 4533 529 4600 χρηστοὶ
550 4533 928 4603 περιπίπτοιεν
949 4532 1173 4593 τούτοις,
1198 4532 1388 4594 ἰστέον,
1408 4533 1502 4595 ὡς,
1521 4533 1724 4601 ἀγαθοῦ

1835 4535 2063 4586 rantiatn
2101 4535 2388 4586 malorum.
2419 4525 2786 4584 Nihilominus
2824 4537 3002 4582 tamen
3045 4528 3397 4582 considerare

149 4622 630 4693 πλημμελοῦντος,
687 4624 916 4691 φείσαιέ
971 4625 1034 4674 ἂν
1084 4625 1220 4693 πρὸς
1272 4625 1656 4694 ὲπιστρέφειαν
1700 4628 1726 4677 ὁ

150 4716 446 4784 Δεσπότης,
500 4713 617 4783 οὐχὶ
657 4715 713 4766 δὲ
760 4715 853 4767 τοῦ
894 4715 1010 4766 λίαν
1040 4715 1478 4783 ἀπεγνωσμένου.
1526 4714 1585 4769 Ὀ
1633 4719 1728 4786 μὲν

148 4810 260 4878 γάρ
291 4807 480 4875 ίάτιμα
526 4806 853 4875 πλημμελεῖ,
890 4810 917 4859 ὀ
961 4808 1015 4859 δὲ
1061 4811 1301 4878 τηρεῖται
1351 4806 1486 4878 πρὸς
1512 4809 1728 4860 ἀνίατον

145 4898 449 4969 τιμωρίαν·
481 4895 846 4968 τοιαῦταξγὰρ
885 4898 1250 4967 ὑποδείγματα
1284 4899 1575 4966 πάμπολλα
1599 4899 1728 4950 ἴδοι-

149 4990 357 5064 μενοᾶν
405 4993 460 5042 ὲν
503 4993 619 5051 ταῖς
662 4991 831 5053 θείαις
875 4992 1114 5060 Γραᾳαῖς
1141 4993 1525 5061 ὑστερουμενα.
1559 4992 1726 5044 Μέλει

144 5086 331 5138 τοίνυν
361 5085 498 5136 πάνυ
540 5099 602 5149 γε
628 5081 745 5150 Θεῷ
782 5083 1099 5154 ἀνθρώπου·
1146 5085 1224 5136 διὸ
1268 5083 1532 5145 παντοίως
1578 5083 1727 5152 αὐτῷ

145 5179 220 5231 τὰ
267 5174 620 5229 ἀνακινοῦντα
666 5174 799 5245 πρὸς
849 5175 1129 5230 εὐλάϐειαν
1180 5177 1595 5247 παρατέθεικεν
1653 5176 1726 5238 ὡς

151 5269 290 5338 μηδὲ
327 5268 417 5320 τὺν
452 5267 612 5320 ὕπνον
665 5269 1001 5337 πυκνοτάτης
1045 5271 1314 5340 ὀχλήσεως
1360 5267 1724 5338 ἀπηλλάχθαι,

144 5360 288 5412 ἀλλὰ
315 5361 408 5412 καὶ
432 5359 637 5419 τοῦτον,
669 5360 754 5412 διὰ
781 5361 1063 5414 κνωδάλων
1092 5362 1252 5414 τινῶν
1283 5360 1723 5430 ἐμποδιζόμενον,

146 5449 380 5520 κέντρου
406 5449 561 5518 δίκην
588 5451 794 5502 νύττειν
828 5451 917 5502 τὸν
943 5451 1196 5520 λογισμόν
1213 5469 1225 5480 ·
1258 5453 1350 5504 καὶ
1374 5450 1541 5504 πολλά
1567 5467 1628 5518 γε
1660 5451 1727 5502 τὰ

148 5539 454 5610 βοηθοῦντα
479 5545 544 5612 τῇ
582 5542 892 5612 ἀνθρωπίνῃ
937 5542 1188 5614 ἀσθενείᾳ
1237 5543 1552 5613 θαυμασίως
1593 5544 1727 5613 πρὸς

148 5633 461 5703 ἀνάμνησιν
478 5633 612 5687 θεοῦ
632 5652 643 5664 ·
671 5635 736 5686 δι’
773 5629 844 5685 ὧν
869 5635 974 5706 γὰρ
1003 5635 1198 5705 πάσχει
1243 5636 1585 5705 σωματικῶς,
1623 5652 1727 5686 πα-

153 5722 266 5776 θῶν
298 5725 480 5796 ψυχῆς
507 5725 912 5798 ἐλευθεροῦταιο
955 5728 1044 5780 καὶ
1077 5727 1140 5779 δι’
1185 5747 1261 5781 ων
1306 5726 1498 5793 παθεῖν
1531 5727 1595 5780 ἂν
1635 5727 1726 5778 δυ-

151 5817 370 5889 νηθείη,
397 5818 496 5873 κᾶν
529 5820 602 5890 μὴ
631 5821 791 5892 πάθῃ.
831 5821 963 5888 πρὸς
1004 5819 1286 5874 εὐλάϐειαν
1319 5819 1722 5890 ἐπιστρέφεται.

1832 4633 2042 4694 oportet
2081 4624 2347 4690 ﬂagellum
2391 4623 2765 4693 propositum:
2802 4628 2989 4673 contra
3020 4637 3148 4673 vero
3192 4622 3237 4674 si
3269 4620 3395 4674 houi

1833 4713 2082 4768 incidunt
2118 4715 2170 4768 in
2204 4715 2299 4767 has
2340 4711 2505 4774 feras,
2542 4711 2934 4764 advertendum
2968 4719 3071 4771 est,
3103 4711 3246 4778 quod
3291 4711 3396 4764 Do-

1831 4807 2014 4860 minus
2044 4806 2187 4860 bono
2216 4805 2552 4873 dulinquenti
2582 4803 2845 4872 prospicit
2879 4811 2930 4856 et
2959 4812 3132 4866 cavet,
3164 4819 3269 4855 nou
3301 4819 3396 4855 au-

1831 4906 1937 4952 tem
1984 4899 2029 4951 ei
2069 4901 2160 4965 qui
2195 4897 2348 4949 valde
2380 4897 2703 4963 desperatus
2748 4903 2852 4948 est.
2890 4893 2979 4947 Ille
3014 4895 3156 4947 enim
3187 4907 3394 4962 peccat,

1832 5008 1948 5061 qua:
1981 4992 2161 5044 curari
2206 4997 2468 5060 possunt;
2514 4989 2599 5042 hic
2639 5004 2769 5040 vero
2804 4995 3116 5040 reservatur
3158 4986 3221 5039 ad
3268 5001 3397 5055 sup-

1833 5085 2076 5154 plicium,
2120 5083 2267 5152 quod
2316 5084 2468 5136 evadi
2508 5097 2613 5134 non
2656 5087 2830 5148 potest
2857 5098 2868 5132 :
2895 5077 3204 5145 hujusmodi
3251 5077 3396 5132 enim

1830 5177 2075 5244 exempla
2120 5175 2386 5242 permulta
2437 5174 2489 5224 in
2531 5173 2730 5225 divinis
2762 5171 3060 5239 Scripturis
3094 5171 3279 5225 videre
3330 5184 3396 5224 ac

1833 5269 2010 5338 legere
2046 5268 2191 5322 licet.
2230 5267 2418 5336 Magna
2446 5269 2623 5335 itaque
2653 5280 2783 5318 cura
2815 5271 2897 5318 est
2929 5263 3036 5317 Deo
3061 5264 3127 5317 de
3157 5264 3393 5327 homine,

1829 5362 2179 5430 quamobrem
2214 5361 2469 5413 omnibus
2495 5359 2668 5412 modis
2700 5357 3000 5427 proposuit.
3033 5372 3153 5424 quae
3184 5371 3305 5409 eum
3329 5355 3394 5409 ad

1832 5459 2084 5509 timorem
2119 5464 2398 5509 moverent
2428 5464 2480 5508 et.
2514 5455 2844 5518 excitarent;
2878 5461 2934 5504 ut
2966 5468 3141 5522 neque
3170 5465 3394 5504 somnus

1836 5547 1909 5600 illi
1955 5562 1983 5598 a
2031 5548 2360 5600 creberrima
2423 5545 2668 5598 molestia
2719 5544 2853 5597 liber
2901 5552 3080 5606 esset,
3124 5542 3256 5609 quin
3307 5541 3396 5593 hic

1833 5639 1996 5692 etiam
2027 5652 2056 5689 a
2088 5637 2410 5704 quibusdam
2446 5634 2574 5687 feris
2609 5642 2662 5687 et
2699 5633 3043 5700 serpentibus
3074 5628 3388 5698 impeditus,

1837 5727 2224 5793 cogitationem
2284 5727 2459 5778 instar
2504 5724 2709 5778 stimuli
2754 5729 3024 5790 pungeret
3066 5738 3079 5771 :
3115 5732 3179 5770 ac
3228 5717 3396 5770 multa

1836 5818 2053 5890 quidem
2078 5829 2206 5874 sunt
2233 5832 2351 5888 quae
2375 5816 2667 5871 humanam
2696 5813 3061 5868 inﬁrmitatem
3087 5809 3299 5879 juvant,
3337 5813 3399 5859 ut
