4044 6324
251 367 396 422 uss
1330 360 1702 417 ADVERSUS
1740 354 2166 414 MANICHA‘ZOS
2206 351 2335 408 LIB.
2378 351 2446 408 il.
3361 349 3503 408 “83

247 480 574 549 αὐτομάτως
607 475 855 548 ἀφήλατὸ
881 490 1012 527 ποτε
1043 473 1283 545 σίδηρος,
1327 475 1357 527 ό
1399 476 1466 544 τῇ
1509 474 1701 544 χρήσει
1734 471 1828 524 τοῦ

1935 467 2184 538 spicuum
2220 472 2304 519 est
2335 462 2660 533 sapientiam
2691 463 2926 518 rationis
2953 469 3008 517 et
3032 461 3235 516 bonum
3268 478 3413 526 esse,
3443 471 3505 520 et

247 571 510 643 λογισμοῦ
543 561 1169 642 μόνον’ύποδεσλημένος
1196 568 1288 620 καὶ
1324 566 1473 638 πάσῃ
1499 566 1664 638 τέχνῃ
1701 565 1820 617 δου-

1925 572 2127 611 munus
2178 555 2326 609 boni.
2365 554 2423 608 in
2459 559 2624 623 quem
2669 562 2862 625 suapte
2903 554 2957 608 vi
3001 554 3211 608 insiluit
3258 570 3502 625 unquam

249 661 460 728 155w;
1925 647 2150 708 ferrum,
2179 647 2324 716 quod
2371 650 2491 700 usui
2532 645 2759 701 rationis
2805 654 3015 699 tantum
3053 644 3359 714 subjectum
3390 655 3500 710 est,

1922 747 1976 793 et
2008 739 2156 791 omni
2195 738 2299 790 arti
2346 737 2516 792 servit
2564 751 2630 790 ac
2670 737 2988 791 ministrat?

336 836 495 890 Ἀλλά
539 832 771 903 φονεύει,
807 832 998 898 Μάνης
1025 832 1176 900 φησὶ,
1210 829 1278 882 δι’
1309 829 1470 883 αὐτοῦ
1513 829 1818 901 ἄνθρωπος,

1990 826 2059 879 At
2085 827 2287 880 occidit
2327 827 2492 880 homo
2526 825 2693 889 ferro,
2728 827 2908 898 inquit
2945 826 3295 890 Manichxus.
3342 836 3400 883 et
3430 826 3499 882 ad

248 931 346 982 καὶ.
372 928 506 997 πρὸς
538 925 600 978 τὸ
631 923 910 994 ἐργαλεῖον
936 924 970 994 ἠ
1021 921 1346 991 κακοτεχνία
1377 921 1472 973 τοῦ
1501 921 1782 990 χρωμένου
1804 937 1818 952 ο

1922 916 2350 973 instrumentum
2395 919 2604 973 accedit
2657 920 2859 974 malum
2908 920 3205 974 artiﬁcium
3266 921 3494 978 utentis.

245 1018 347 1082 ὣς,
381 1018 429 1070 εί
458 1016 531 1087 μὴ
558 1011 629 1085 ἦν
670 1016 699 1067 ό
742 1013 927 1066 τοῦτον
940 1012 1040 1065 ,τὸν
1078 1011 1275 1084 τρόπον
1303 1009 1603 1081 χρώμενος,
1629 1011 1729 1062 οὐκ
1756 1008 1821 1063 ἀν

1920 1009 2087 1075 Quasi
2125 1026 2236 1064 non
2276 1019 2423 1086 esset
2467 1011 2644 1066 visum
2677 1010 2882 1079 ferrum
2935 1014 3161 1074 malum,
3194 1012 3309 1074 nisi
3333 1013 3499 1068 homo

255 1127 314 1178 γε
344 1108 520 1173 ἔδοξεν
548 1103 686 1159 εἶναι
717 1105 933 1176 σίδηρος
969 1101 1170 1178 κακός.
1215 1103 1278 1155 El
1319 1102 1428 1174 γὰρ
1475 1101 1822 1168 βουλεύσαιτο

1919 1102 2022 1158 hoc
2073 1104 2236 1158 modo
2265 1102 2414 1158 ferro
2454 1111 2719 1158 uteretur.
2778 1103 2836 1159 Si
2878 1105 3023 1160 enim
3064 1106 3223 1160 vellet
3261 1107 3500 1164 sicarius

248 1201 351 1271 μὶν
367 1201 394 1251 ὁ
414 1199 604 1268 φονεὺς
625 1197 818 1268 δρᾶσαι
835 1196 1014 1264 φόνον,
1042 1195 1331 1265 διαμάρτοι
1350 1195 1405 1247 δὲ
1425 1193 1526 1264 τῆς
1547 1192 1817 1264 πράξεως,

1918 1194 2187 1259 occidere,
2236 1201 2290 1249 et
2315 1195 2386 1248 ab
2426 1195 2538 1249 ictu
2569 1196 2881 1263 aberraret;
2911 1210 2981 1250 an
3012 1211 3124 1251 non
3158 1198 3347 1268 liquet,
3375 1197 3501 1252 ani-

245 1284 360 1358 ἆρά
377 1301 435 1356 γε
466 1286 528 1337 ού
558 1285 738 1353 δῆλον,
769 1285 843 1349 ὠς
871 1286 902 1354 ή
937 1285 1034 1355 μὲν
1058 1283 1314 1354 πρόθεσις
1337 1283 1398 1334 τὸ
1418 1281 1576 1353 ἔργον
1599 1281 1821 1351 διεπρά-

1918 1299 2010 1338 mo
2046 1284 2266 1354 quidem
2325 1300 2434 1339 non
2485 1294 2853 1357 perpetrasse,
2906 1287 3109 1342 ferrum
3164 1304 3296 1342 vero
3337 1298 3498 1344 extra

239 1377 395 1443 ξατο,
427 1381 460 1430 ό
483 1377 543 1431 δέ
582 1377 792 1448 σίδηρος
822 1376 1235 1446 ἀναμάρτητος;
1262 1373 1416 1427 Οὕτω
1445 1375 1527 1444 δὴ,
1559 1373 1663 1426 κᾶν
1688 1372 1819 1444 δρά-

1919 1377 2136 1444 culpam
2169 1374 2331 1431 esse?
2374 1374 2466 1430 Sic
2497 1378 2751 1446 quamvis
2784 1376 2930 1433 ferro
2976 1379 3333 1435 homicidium
3373 1381 3494 1443 ﬁat,

245 1485 342 1540 σῃ,
365 1468 484 1538 ούχὶ
519 1467 731 1538 σίδηρος
753 1467 944 1531 αἴτιος,
969 1466 1083 1519 ἀλλ’
1105 1468 1133 1518 ὀ
1163 1466 1378 1535 σιδήρου
1412 1465 1490 1534 τῷ
1515 1465 1731 1534 τέμνειν
1755 1466 1817 1516 ού

1918 1484 2029 1522 non
2075 1476 2162 1522 est
2215 1468 2270 1522 in
2305 1469 2536 1525 crimine
2576 1478 2630 1525 et
2660 1472 2823 1542 culpa
2864 1472 3091 1537 ferrum,
3136 1474 3230 1529 sed
3260 1477 3351 1543 qui
3382 1491 3496 1530 non

243 1558 392 1612 κατά
428 1559 580 1627 λόγον
617 1558 977 1629 χρησάμενος.
1014 1557 1078 1609 Ei
1110 1556 1167 1609 δὲ
1200 1555 1340 1625 ξύλῳ
1375 1557 1580 1618 παίσει,
1617 1556 1651 1624 ἢ
1687 1553 1820 1624 λίθῳ

1920 1559 2223 1613 secundum
2283 1561 2552 1615 rationem
2597 1577 2733 1617 usus
2773 1571 2857 1618 est
2901 1563 3045 1618 ferro
3073 1565 3141 1618 ad
3170 1564 3493 1621 secandum.

242 1649 487 1721 κρούσει,
526 1652 559 1722 ἦ
593 1652 774 1720 χερσὶν
812 1649 967 1713 ἰδίαις
1005 1649 1312 1713 ἀποπνίξει,
1344 1643 1498 1711 αὖθις
1527 1648 1619 1702 καὶ
1648 1646 1820 1702 ταῦτα

1922 1649 1978 1702 Si
2023 1657 2204 1704 autem
2249 1650 2397 1720 ligno
2446 1655 2737 1723 percutiat,
2777 1664 2870 1708 aut
2900 1654 3127 1726 cuspide
3167 1656 3349 1718 feriat,
3396 1664 3494 1711 aut

241 1744 676 1812 προσαγορεύσει
738 1741 918 1794 κακά·
987 1741 1082 1792 καὶ
1143 1739 1320 1792 πάντα
1395 1738 1592 1809 μᾶλλον
1671 1738 1816 1792 αἴτια

1920 1740 2156 1808 propriis
2209 1741 2461 1796 manibus
2513 1744 2857 1814 strangulet;
2909 1761 3102 1801 rursus
3149 1746 3264 1801 haec
3315 1745 3491 1802 Mani-

241 1832 397 1903 παρά
429 1832 507 1902 τῷ
538 1833 773 1886 Μάνεντι
810 1831 844 1901 ἦ
887 1831 948 1882 τὸ
985 1830 1152 1895 ὅντως
1187 1830 1356 1883 αἴτιον
1389 1833 1418 1884 ό
1460 1830 1702 1895 ἑκούσιος
1734 1831 1820 1884 λο-

1919 1829 2102 1883 cbaeus
2145 1831 2440 1898 appellabit
2471 1833 2635 1897 mala,
2696 1841 2751 1888 et
2782 1837 2964 1890 omnia
3020 1838 3161 1906 apud
3206 1854 3330 1892 eum
3381 1837 3494 1893 cri-

239 1924 462 1994 τισμός,
1920 1919 2056 1972 mini
2085 1921 2266 1987 potius
2304 1920 2603 1987 dabuntur,
2635 1937 2800 1992 quam
2834 1925 3095 1994 cogitatio
3122 1926 3452 1985 voluntaria;

319 2014 401 2069 Τά
445 2014 553 2087 γὰρ
585 2013 818 2086 ρηθέντα
845 2014 1019 2067 πάντα
1053 2014 1193 2079 μετά
1234 2016 1452 2087 σιδήρου
1494 2014 1606 2070 οὔτ’
1637 2016 1817 2085 ἀγαθά

1989 2006 2184 2063 Omnia
2238 2010 2384 2065 enim
2435 2027 2557 2080 quae
2595 2014 2742 2067 dicta
2779 2023 2906 2069 sunt
2949 2032 3070 2071 cum
3107 2018 3274 2082 ferro,
3314 2033 3494 2088 neque

237 2103 369 2159 οὔτε
420 2105 563 2163 κα.κά
607 2105 896 2175 τυγχάνει·
931 2106 1146 2159 ἕλκεται
1193 2106 1248 2160 δὲ
1280 2107 1416 2178 πρὸς
1459 2107 1486 2160 ὃ
1518 2109 1584 2162 ἂν
1621 2106 1817 2179 βουλη-

1917 2097 2082 2162 bona,
2136 2115 2314 2170 neque
2355 2103 2497 2156 mala
2539 2112 2703 2169 sunt;
2738 2106 3030 2160 trahuntur
3063 2109 3207 2162 enim
3242 2124 3351 2177 quo
3394 2110 3488 2178 qui

239 2193 364 2264 θείη
417 2195 446 2246 ό
496 2193 810 2265 χρώμενος,
857 2196 1152 2266 ἐργαλείων
1200 2196 1358 2268 δίκην
1415 2197 1815 2268 παρακείμενα,

1919 2189 2090 2242 utitur
2110 2190 2277 2256 velit;
2308 2206 2430 2260 quae
2452 2207 2582 2248 vero
2611 2203 2740 2249 sunt
2765 2197 2942 2266 posita
2966 2197 3138 2253 instar
3165 2203 3490 2254 instrumen-

238 2285 340 2338 καὶ
361 2285 437 2355 τῷ
465 2285 731 2357 χρωμένῳ
754 2286 1067 2340 δουλεύοντα
1088 2304 1100 2317 ⁸
1129 2289 1271 2360 ἅπερ
1303 2290 1351 2341 εί
1387 2288 1460 2359 μὴ
1489 2289 1817 2360 παραδέδοτο

1917 2283 2119 2343 torum,
2175 2289 2229 2334 et
2283 2280 2601 2339 deserviunt
2656 2288 2832 2341 utenti
2866 2306 2879 2342 ε
2909 2303 3030 2358 quae
3067 2291 3116 2343 si
3145 2290 3346 2344 homini
3375 2306 3487 2344 non

236 2375 534 2447 ἀνθρώπῳ,
583 2376 694 2429 οὔτ’
725 2378 792 2431 ἀν
822 2378 918 2442 τὰς
961 2379 1149 2447 τέχνας
1201 2379 1344 2433 οὕτω
1385 2381 1653 2451 διήνυσεν,
1702 2381 1813 2434 οὔτ’

1916 2378 2102 2424 essent
2136 2373 2361 2438 tradita,
2386 2390 2490 2430 nec
2515 2377 2746 2432 artiﬁcia
2776 2381 2858 2434 sic
2885 2394 3180 2450 perageret,
3227 2399 3327 2438 nec
3376 2386 3487 2438 uti-

238 2465 314 2518 ἆν
346 2466 444 2529 τάς
481 2469 704 2536 χρήσεις
736 2467 834 2532 τὰς
867 2469 960 2521 ἀπ’
990 2469 1167 2521 αὐτῶν
1193 2469 1350 2539 ἔσχεν
1376 2470 1670 2539 ἀφθόνους·
1701 2470 1729 2522 ὃ
1756 2470 1813 2523 δὲ

1914 2461 2099 2518 litates
2135 2478 2202 2518 ex
2241 2467 2494 2521 artiﬁciis
2532 2469 2786 2538 copiosas
2814 2470 3071 2540 haberet;
3112 2478 3333 2545 etquod
3364 2480 3488 2548 plus

236 2559 309 2629 δὴ
341 2561 542 2630 μεῖζον,
576 2561 773 2630 ἥκιστα
797 2560 863 2614 ἂν
899 2560 1262 2631 διεγυμνάσθη
1309 2562 1444 2633 πρὸς
1471 2562 1671 2632 ἀρετήν
1693 2579 1704 2590 ·
1734 2561 1814 2631 τῷ

1913 2560 2020 2616 est,
2072 2556 2295 2612 minime
2344 2559 2409 2612 ad
2461 2559 2717 2616 virtutem
2752 2564 3072 2617 exercitatio
3113 2568 3484 2625 adhiberetur.

236 2651 353 2723 γὰρ
383 2651 458 2722 μὴ
484 2651 625 2721 ἔχειν
669 2653 965 2723 ἐργαλείων
1022 2653 1321 2724 παράθεσιν
1349 2653 1602 2707 ἕλκεσθαι
1649 2653 1811 2706 δυνα-

1913 2640 2033 2697 Νοη
2085 2644 2334 2702 habendo
2371 2649 2516 2703 enim
2559 2650 2806 2720 apposita
2842 2652 3224 2715 instrumenta.
3267 2673 3391 2726 qua;
3420 2659 3486 2713 ad

241 2743 426 2811 μένων
457 2742 588 2812 πρὸς
627 2742 887 2812 ἐργασίαν
909 2742 1108 2812 ἀρετῆς
1136 2758 1195 2794 τε
1225 2742 1319 2794 καὶ
1349 2741 1564 2805 κακίας,
1607 2743 1705 2795 οὐκ
1746 2742 1812 2797 ἀν

1915 2738 2188 2792 actionem
2235 2739 2459 2794 vit-tutis
2503 2741 2589 2794 vel
2637 2742 2751 2794 vitii
2800 2746 3201 2800 accommodari
3238 2760 3484 2818 possent,

233 2847 308 2899 γε
336 2829 491 2901 ἔσχεν
525 2831 609 2899 ἐφ’
639 2831 815 2900 ἐαυτῷ
837 2831 936 2900 τῆς
971 2829 1172 2901 ἀρετῆς
1202 2829 1300 2899 τὴν
1338 2830 1666 2901 προτίμησιν
1685 2846 1700 2862 ο
1737 2829 1814 2894 ὡς

1917 2841 2027 2880 non
2059 2827 2285 2883 haberet
2315 2838 2639 2898 potestatem
2664 2834 2918 2889 virtutem
2951 2837 3084 2890 vitio
3111 2842 3481 2909 praeponendi,

235 2924 304 2985 ἐς
330 2922 397 2975 τά
427 2922 662 2991 μάλιστα
692 2921 758 2974 ἂν
790 2921 1148 2992 ἐζημιῶσθαι,
1187 2922 1281 2974 καὶ
1317 2921 1577 2992 μεγίστης
1607 2923 1816 2975 εὐδοκι-

1916 2925 1978 2969 υι
2010 2919 2304 2972 maximam
2340 2920 2610 2988 jacturam
2642 2921 2838 2980 fecisse
2864 2927 3141 2982 videretur
3172 2939 3225 2984 et
3251 2947 3280 2985 a
3314 2935 3487 2987 maxi-

239 3015 462 3085 μήσεως
488 3012 901 3067 ἐκπεπτωκέναι
928 3013 1125 3076 δοκεῖν,
1151 3012 1308 3084 εἴπερ
1339 3012 1427 3066 διὰ
1453 3012 1610 3067 τοῦτο
1629 3013 1811 3084 δοκοίη

1915 3020 2003 3060 ma
2049 3007 2208 3063 laude
2251 3009 2554 3075 excidisse;
2611 3014 2656 3069 si
2709 3024 2996 3084 prepterea
3045 3019 3323 3076 videretur
3376 3040 3486 3079 non

235 3107 578 3178 κακουργίας
611 3107 684 3177 μὴ
715 3103 1001 3168 ἅπτεσθαι,
1032 3107 1115 3158 ὅτι
1147 3105 1220 3175 μὴ
1253 3105 1320 3158 δι’
1357 3099 1432 3158 ὧν
1471 3105 1538 3159 ἂν
1564 3106 1813 3177 δράσειεν

1916 3096 2202 3170 admittere
2243 3108 2399 3171 turpe
2439 3101 2666 3170 factum,
2711 3108 2839 3175 quia
2883 3123 2992 3163 non
3033 3109 3223 3166 habuit
3275 3118 3486 3184 copiam

236 3199 545 3270 εὐπόρησεν
562 3215 575 3228 ·
606 3198 668 3251 τὸ
696 3198 803 3270 γάρ
839 3198 1114 3260 παντελῶς
1146 3199 1428 3269 ἄπρακτον
1451 3198 1620 3268 ἀργόν
1641 3214 1700 3251 τε
1724 3197 1814 3253 καὶ

1917 3201 2106 3241 eorum
2133 3192 2334 3260 quibus
2379 3196 2701 3262 perliceret:
2733 3199 2880 3268 quod
2923 3201 3068 3255 enim
3100 3206 3326 3260 omnino
3374 3223 3487 3264 non

234 3290 446 3353 ἄδοξον.

1916 3277 2049 3347 agit,
2090 3280 2325 3334 otiosum
2348 3291 2432 3338 est
2460 3294 2512 3338 et
2540 3286 2849 3355 inglorium.

326 3382 463 3434 Ἀλλ’
501 3382 622 3454 ὅρα,
671 3383 889 3453 φήσειεν
919 3381 1004 3445 ἂν,
1051 3380 1112 3433 τὸ
1151 3379 1464 3443 ἀποϐαῖνον,
1509 3394 1605 3434 και
1650 3378 1813 3433 πλέον

1985 3367 2094 3424 Sed
2137 3372 2281 3438 vide,
2319 3374 2548 3444 inquiet,
2593 3379 2736 3447 quod
2762 3395 2826 3433 ex
2872 3381 3253 3439 instrumentis
3291 3403 3487 3457 prove-

227 3472 393 3526 οὐδὲν
421 3473 514 3526 τοῦ
552 3473 852 3541 ἀναγκαίου
899 3471 1214 3542 συμὸαίνει·
1249 3473 1476 3534 θάνατος
1499 3471 1607 3542 γὰρ
1625 3470 1685 3524 οὒ
1725 3471 1814 3524 διά

1914 3458 2016 3526 nit,
2067 3464 2242 3531 magis
2279 3469 2654 3521 necessarium
2708 3471 2941 3536 accidit;
2993 3488 3140 3528 mors
3196 3479 3340 3531 enim
3375 3496 3486 3536 non

237 3566 446 3636 φονέως
478 3564 725 3636 εὓρηται,
761 3565 896 3618 ἀλλά
932 3566 1066 3636 πρὸς
1097 3563 1189 3616 τοῦ
1217 3561 1560 3635 Δημιουργοῦ
1588 3580 1811 3632 νενομο-

1912 3558 1996 3608 est
2028 3552 2247 3608 inventa
2279 3557 2349 3608 ab
2385 3557 2758 3624 interfectore,
2803 3562 2898 3615 sed
2927 3579 2956 3616 a
2978 3564 3242 3623 Creatore
3271 3573 3484 3628 sancito

235 3655 492 3722 θέτηται·
525 3657 618 3709 καὶ
649 3657 702 3708 εί
730 3655 792 3723 γέ
821 3673 903 3718 τις
934 3654 1219 3719 σπουδάζει
1251 3655 1485 3727 σίδηρον,
1515 3655 1608 3708 καὶ
1634 3654 1808 3721 ξύλον,

1911 3651 2036 3698 est:
2069 3652 2122 3698 et
2169 3647 2216 3700 si
2249 3647 2373 3715 quis
2405 3648 2620 3704 studeat
2664 3649 2872 3706 ferrum
2907 3665 2961 3708 et
3016 3657 3224 3727 lignum
3262 3671 3316 3714 et
3349 3663 3485 3732 lapi-

236 3745 335 3800 καὶ
361 3745 527 3807 λίθον,
557 3745 668 3816 πῦρ
695 3763 753 3798 τε
782 3747 876 3798 καὶ
905 3745 1046 3816 ὕδωρ
1071 3747 1163 3799 καὶ
1184 3745 1252 3800 τά
1277 3746 1500 3800 τοιαῦτα
1533 3746 1609 3808 ὡς
1647 3761 1811 3798 κακο-

1911 3733 2054 3798 dem,
2105 3737 2282 3806 ignem
2335 3748 2390 3793 et
2429 3755 2626 3810 aquam
2663 3752 2716 3796 et
2756 3746 2862 3797 alia
2908 3746 3180 3815 ejusmodi
3221 3759 3483 3823 tanquam

235 3836 370 3891 ⁸ποιέι
402 3836 683 3904 διελέγξαι,
717 3837 822 3890 τῶν
854 3837 1147 3907 ἐργαλείων
1176 3838 1274 3908 τὴν
1311 3838 1487 3909 ἀρχὴν
1520 3837 1811 3908 ἀφέμενος,

1910 3826 2154 3882 maleﬁca
2199 3843 2492 3894 accusare,
2537 3833 2730 3887 relicto
2778 3837 3044 3907 principio
3091 3841 3484 3900 instrumento-

240 3926 402 3997 μόνον
437 3927 496 3978 τὸ
540 3926 852 3990 ἀποϐαῖνον,
884 3927 1027 3996 λέγω
1072 3926 1137 3998 δὴ
1169 3926 1261 3981 τόν
1305 3927 1554 3992 θάνατον,
1603 3929 1810 3997 διελεγ-

1910 3930 2068 3980 rum;
2114 3917 2476 3985 reprehendat
2520 3929 2574 3974 et
2615 3933 2837 3978 accuset
2883 3926 2936 3980 id
2985 3929 3129 3998 quod
3161 3947 3228 3985 ex
3279 3933 3482 3990 instru-

236 4017 402 4088 χέτω,
433 4017 527 4070 καὶ
560 4017 821 4070 δεικνύτω
842 4017 1026 4071 τοῦτον
1050 4019 1111 4071 ού
1149 4019 1288 4071 κατά
1313 4018 1469 4087 λόγον
1509 4019 1810 4090 ὡρισμένον

1912 4007 2110 4060 mentis
2144 4011 2414 4077 provenit,
2450 4025 2677 4067 mortem
2708 4015 2852 4079 dico,
2887 4022 3185 4091 probetque
3220 4040 3327 4079 non
3361 4043 3484 4083 esse

240 4109 380 4180 πρὸς
407 4108 498 4162 τοῦ
524 4110 866 4181 Δημιουργοῦ
889 4126 900 4138 °
921 4109 1200 4174 καὶοῦτως
1233 4109 1457 4165 ὕστατον
1476 4113 1619 4164 κακά
1649 4129 1814 4182 προσ-

1912 4095 2052 4151 hanc
2101 4114 2131 4151 a
2176 4099 2285 4153 Deo
2336 4101 2610 4158 decretam
2658 4114 2713 4160 et
2771 4111 3126 4165 constitutam
3179 4117 3482 4172 secundum

231 4200 546 4269 αγορευέτω
593 4201 654 4252 τὸ
696 4200 881 4263 κακῶς
925 4201 1340 4272 συναιρούμενα.
1379 4203 1442 4256 Ei
1487 4203 1543 4256 δὲ
1584 4202 1810 4267 θάνατος

1912 4189 2178 4243 rationem
2218 4206 2233 4241 :
2266 4201 2425 4262 atque
2464 4195 2536 4247 ita
2580 4206 2857 4266 postremo
2902 4204 3137 4270 appellet
3165 4204 3329 4267 mala,
3362 4225 3483 4279 qua:

235 4291 331 4342 ὑπ’
379 4290 588 4354 οὐδενὸς
649 4291 988 4360 ἀναδειχθείη
1036 4292 1297 4362 πονηρὸς,
1356 4292 1662 4345 τούναντίον
1715 4292 1810 4362 μὲν

1912 4282 2052 4333 male
2075 4281 2332 4349 adjuvant
2357 4295 2600 4340 mortem.
2638 4286 2743 4342 Sed
2777 4290 2821 4343 si
2861 4307 3018 4346 nemo
3052 4304 3224 4362 potest
3249 4299 3483 4366 probare

231 4376 359 4445 οὖν,
416 4382 489 4444 ὡς
537 4381 627 4435 διά
680 4382 891 4434 πολλῶν
939 4383 1223 4443 δέδεικται,
1279 4383 1374 4435 καὶ
1425 4383 1697 4453 ὠφέλιμός
1747 4401 1809 4451 γε

1914 4379 2139 4424 mortem
2175 4377 2540 4437 essemalum,
2585 4381 2679 4432 sed
2717 4393 2905 4434 contra
2947 4386 3148 4452 potius,
3178 4395 3238 4440 ut
3261 4392 3481 4458 cepiose

229 4474 528 4541 τυγχάνει·
565 4472 682 4534 πῶς
715 4475 776 4525 ού
820 4474 1079 4545 παρέλκει
1129 4474 1196 4526 τὰ
1223 4474 1288 4527 δι’
1317 4467 1391 4526 ὧν
1435 4475 1500 4526 ἂν
1537 4475 1808 4548 συμϐαίνῃ

1914 4463 2198 4530 probatum
2226 4476 2327 4527 est,
2350 4469 2534 4521 utilem
2577 4486 2727 4537 esse;
2760 4489 2828 4527 an
2865 4490 2970 4528 non
3013 4492 3481 4545 supervacaneum

231 4565 500 4626 Θάνατος,
575 4563 777 4617 τούτων
844 4567 918 4627 ὡς
988 4565 1170 4619 κακῶν
1235 4567 1394 4633 φύσει
1456 4569 1803 4636 κατηγορεῖν,

1911 4563 1996 4607 est
2032 4570 2289 4610 accusare
2319 4567 2576 4627 tanquam
2619 4571 2812 4617 natura
2841 4567 2949 4618 sint
2983 4570 3142 4628 ninia.
3183 4585 3247 4625 ea
3279 4588 3341 4625 ex
3366 4576 3483 4643 qui-

230 4655 334 4706 ούκ
376 4655 590 4706 εἰδότων
645 4655 741 4723 μὲν
788 4655 871 4722 ἐφ’
923 4655 951 4707 ὃ
1007 4656 1286 4708 σαλεύεται
1338 4657 1469 4726 πρὸς
1528 4650 1807 4728 stega-mi?)

1913 4644 2016 4699 bus
2045 4661 2192 4699 mors
2235 4650 2464 4713 accidit;
2514 4667 2634 4719 quae
2672 4669 2848 4722 neque
2891 4657 3072 4712 sciunt
3110 4661 3176 4713 ad
3223 4679 3344 4732 qua:
3372 4667 3482 4719 sint

234 4745 543 4816 παρεδόθη,
591 4746 769 4816 πάσης
830 4745 874 4798 δ’
935 4747 1110 4811 αίτίας
1169 4749 1632 4817 ἀπηλλαγμένων;
1684 4748 1806 4801 δέον

1914 4738 2220 4793 adhibenda
2272 4743 2339 4794 ab
2391 4742 2561 4796 altero
2600 4750 2690 4798 cui
2720 4747 2920 4802 tradita
2952 4761 3109 4814 sunt,
3143 4765 3194 4808 et
3235 4757 3304 4810 ab
3333 4761 3481 4812 omni

233 4838 329 4890 τὸν
353 4839 600 4891 κινοῦντα
632 4839 789 4908 μόνον
808 4839 966 4903 αὐτὰ,
996 4841 1083 4893 ἕπε
1107 4841 1181 4911 μὴ
1208 4841 1498 4912 προσῆκεν,
1522 4840 1805 4911 ἄνθρωπον

1912 4835 2071 4902 culpa
2102 4843 2152 4887 et
2185 4835 2412 4888 crimine
2447 4847 2574 4890 sunt
2605 4838 2818 4892 libera?
2851 4857 2973 4894 cum
3005 4853 3284 4912 oporteret
3314 4847 3482 4901 homi-

233 4929 535 4983 αἰτιᾶσθαι.

1913 4942 2034 4978 nem
2092 4927 2266 4979 solum
2327 4943 2606 4990 accusare,
2669 4931 2760 4999 qui
2814 4948 2875 4986 ea
2932 4935 3290 4994 instrumenta
3351 4947 3481 4997 tunc

1915 5025 2118 5080 movet,
2150 5032 2273 5068 cum
2315 5032 2424 5070 non
2468 5019 2593 5072 licet
2630 5035 2807 5089 neque
2852 5026 3125 5079 convenit.

231 5129 362 5183 (Σιρ.
400 5128 612 5186 XXVlL
658 5129 810 5184 Nihil
855 5134 907 5183 in
950 5132 1154 5200 fabrica
1184 5134 1366 5188 mundi
1405 5135 1623 5188 malum.
1656 5132 1787 5187 δοίη¹
1816 5134 2047 5185 humana
2085 5133 2224 5186 ratio
2266 5133 2553 5203 aliquando
2601 5137 2807 5204 quidem
2850 5148 3059 5206 peccat,
3099 5143 3188 5193 sed
3230 5143 3392 5197 simul
3432 5155 3486 5197 ct

1663 5206 1985 5272 coarguitur.

307 5317 464 5370 Οὓτω
495 5317 604 5389 γάρ
645 5319 780 5390 πρὸς
817 5317 1071 5389 ἀλήθειαν
1100 5320 1471 5373 ἀποδέδεικται
1506 5321 1669 5391 μηδὲν
1707 5323 1805 5391 μὲν

1988 5317 2077 5373 Sic
2123 5337 2266 5373 enim
2303 5336 2428 5375 vere
2458 5322 2775 5377 conclusum
2811 5332 2865 5377 et
2902 5327 3212 5381 confectum
3246 5339 3352 5397 est,
3397 5332 3483 5386 ni-

230 5411 343 5463 τῶν
381 5408 522 5462 κατά
569 5409 667 5479 τὴν
717 5409 1076 5480 δημιουργίαν
1126 5407 1263 5462 εἶναι
1308 5413 1508 5464 κακόν·
1548 5412 1705 5481 μόνον
1748 5413 1803 5464 δὲ

1915 5413 1989 5465 hil
2018 5415 2069 5466 in
2103 5415 2306 5467 fabrica
2349 5417 2537 5469 mundi
2571 5433 2692 5471 esse
2726 5420 2948 5472 malum.
2999 5418 3181 5474 Solam
3214 5424 3480 5480 rationem

233 5501 325 5553 τὸν
355 5498 692 5570 ἀνθρώπινον
714 5501 968 5569 λογισμὸν
990 5501 1235 5565 ἐξουσίαν
1257 5503 1568 5569 ἀναγκαίως
1598 5501 1658 5552 λα
1671 5502 1805 5570 μία-

1919 5505 2213 5558 humanam
2251 5522 2371 5573 quae
2411 5511 2724 5564 necessario
2767 5518 3089 5578 potestatem
3122 5514 3338 5582 accipit,
3380 5515 3481 5570 ali;-

236 5609 394 5645 νοντα
437 5591 582 5643 ἔστιν
625 5593 712 5645 ὅτε
765 5593 1118 5662 πλημμελεῖν,
1160 5593 1583 5662 πλημμελοῦντα
1628 5595 1682 5645 δὲ
1734 5594 1809 5645 δι-

1917 5599 2136 5662 qnamln
2185 5597 2402 5664 quidem
2466 5614 2712 5665 peccare,
2773 5609 3084 5669 peccantem
3125 5618 3254 5655 vero
3305 5603 3376 5657 ob
3430 5605 3481 5656 id

235 5683 547 5750 ιλέγχεσθαι
583 5684 759 5751 μόνον,
792 5687 871 5736 ὅτι
907 5685 1269 5755 προτετίμηκε
1298 5685 1356 5737 τὸ
1392 5688 1603 5754 χεῖρον.
1640 5686 1805 5754 μηδὲν

1915 5677 2473 5758 δοιυηιίφριηιίιρηᾶὶ,
2525 5693 2652 5759 quia
2695 5692 2840 5760 quod
2872 5693 3110 5746 deterius
3151 5703 3288 5758 erat,
3347 5712 3480 5756 prbe

229 5765 289 5828 δδ
343 5771 482 5824 κατά
532 5770 626 5841 τῆς
675 5773 884 5840 φύσεως
943 5776 1280 5842 καινοτομεῖν
1324 5773 1610 5836 δύνασθαι,
1670 5774 1801 5842 μηδὲ

1913 5779 2093 5846 posuit
2136 5781 2379 5844 meliori;
2436 5797 2610 5852 neque
2658 5793 2847 5839 contra
2894 5794 3142 5838 naturam
3185 5801 3345 5854 posse
3380 5788 3484 5841 ali-
