4044 6324
179 346 336 421 1195

1224 352 1588 412 Αιδνειιευε
1625 355 2044 418 ΙΑΝῙΟΗΕΟΞ
2080 362 2208 420 LIB.
2249 365 2314 421 ll.

3276 390 3416 450 “98

179 459 403 516 κδντοῦ
449 461 618 532 πυρὸς
648 461 742 516 καὶ
783 463 942 535 μόνον
982 462 1297 533 ἀναγκαῖον,
1330 467 1468 542 ὅπερ
1510 472 1604 526 καὶ
1647 473 1721 527 πῦ

1827 526 1832 537 ,
1858 479 2000 533 enim
2024 479 2199 535 mollit
2231 490 2286 535 et
2317 482 2594 554 liquefacit
2629 503 2692 544 ea
2722 507 2844 562 qua:
2874 494 2942 551 ad
2967 503 3127 556 usum
3161 517 3421 563 necessa-

175 551 443 622 τυγχάνει
466 569 480 582 ο
510 552 667 608 τοῦτο
690 556 800 626 γάρ
826 556 920 610 καὶ
947 555 1204 626 μαλάττει
1226 560 1320 613 καὶ
1346 561 1501 632 τήκει
1528 565 1595 619 τά
1622 567 1758 637 πρὸς

174 642 286 712 τὴν
308 641 494 712 χρείαν
519 643 831 712 ἀναγκαίως
855 645 1271 717 προσφερόμενα
1295 665 1308 678 ·
1342 649 1418 714 ὡς
1447 653 1614 724 μηδὲν
1639 654 1756 708 ἓτε-

175 733 282 804 ρδν
317 728 454 788 εἶναι
496 734 558 788 τὸ
602 733 716 805 πῦρ
756 734 790 807 ἢ
831 736 894 790 τὸ
939 739 1231 795 καυστικδν
1270 743 1431 796 αὑτοῦ
1455 760 1470 775 ο
1508 745 1674 817 μηδὲν
1697 745 1754 800 δὲ

1857 567 1942 664 rio
1961 570 2324 664 adhibentur:
2361 582 2420 629 ut
2462 577 2596 634 nihil
2643 582 2790 639 aliud
2822 587 2895 642 sit
2923 589 3084 660 ignis,
3127 607 3291 664 quam
3335 601 3420 655 vis

1854 658 1976 730 ejus
2024 662 2092 716 ad
2127 663 2418 731 urendum,
2479 675 2532 722 et
2562 669 2700 726 nihil
2733 674 2880 730 aliud
2919 658 3289 739 necessarium
3349 692 3422 743 sit

1855 751 1924 807 ad
1950 752 2092 809 hunc
2137 770 2298 812 usum
2343 771 2504 826 quam
2542 760 2680 817 hoc.
2724 763 3052 826 Manichacus
3090 789 3221 830 veno
3262 778 3421 832 valde

173 824 371 895 ἕτερον
410 817 548 878 εἶναι
591 823 654 877 τὸ
681 824 976 893 ἀναγκαῖον
1009 826 1042 899 ἢ
1074 828 1250 884 τοῦτο.
1290 832 1349 888 '0
1389 832 1447 887 δὲ
1488 835 1664 906 μάτην
1695 853 1728 888 τ

1854 842 2122 914 ingratus,
2149 853 2204 902 et
2225 846 2610 906 beneﬁciorum
2640 851 2736 911 Dei
2778 856 3082 930 immemor,
3129 865 3309 939 ignem
3341 871 3422 925 vi-

182 914 302 988 πῦρ
327 915 615 987 ἐνυϐρίζει,
642 915 763 969 λίαν
782 915 1074 988 ἀχάριστος
1093 919 1172 976 ὣν
1197 921 1333 994 πρὸς
1359 923 1456 987 τὰς
1486 924 1636 996 παρὰ
1657 926 1750 980 τοῦ

189 1005 539 1079 Δημιουργοῦ
565 1003 673 1058 τῶν
700 1003 835 1060 ὅλων
860 1007 1190 1081 εὐεργεσίας.

251 1097 315 1150 El
336 1096 391 1149 δέ
423 1113 505 1160 τις
548 1095 666 1168 θείη
697 1096 767 1150 τά
792 1099 1032 1173 τέσσαρα
1057 1105 1296 1173 στοιχεῖα
1332 1105 1397 1176 τῇ
1435 1105 1603 1176 κακίᾳ
1631 1107 1750 1159 κατ’

173 1185 390 1240 ἐκεῖνον
415 1188 734 1258 προσήκειν,
765 1189 881 1254 πῶς
905 1191 971 1246 ἂν
997 1192 1168 1246 ταῦτα
1192 1194 1262 1248 τά
1291 1196 1354 1250 ὲκ
1384 1196 1512 1266 μιᾶς
1538 1195 1750 1264 φύσεως

173 1278 396 1332 ιναντία
427 1293 490 1347 γε
535 1278 662 1332 ὄντα
698 1280 963 1354 ὑπάρχειν
1007 1283 1225 1355 δοκοίη;
1271 1286 1334 1339 Et
1373 1285 1481 1357 γάρ
1526 1287 1750 1342 αὐτόθεν

172 1368 242 1421 τὸ
270 1367 488 1440 θερμὸν,
515 1369 576 1422 τὸ
600 1369 803 1442 ψυχρὸν
834 1374 1118 1444 ἑτέρωθεν,
1146 1377 1180 1447 ἦ
1208 1376 1473 1430 ἀνάπαλιν
1497 1394 1510 1408 ·
1541 1381 1632 1432 καὶ
1654 1377 1748 1432 οὓ-

171 1478 286 1525 τως
317 1458 469 1525 αὖθις
502 1463 593 1516 επὶ
618 1462 717 1534 τῆς
743 1464 908 1536 ἄλλης
937 1465 1198 1535 συζυγίας
1220 1483 1234 1496 ο
1273 1467 1412 1522 ὥστε
1449 1469 1747 1534 ἀσύστατος

176 1552 275 1607 καὶ
301 1555 334 1624 ὴ
359 1551 468 1606 τῶν
495 1555 759 1624 σωμάτων
800 1557 994 1627 κρᾶσις
1036 1556 1304 1628 κατά,τὴν
1329 1560 1582 1632 τοιαύτην
1617 1562 1746 1616 ὑπό-

172 1640 346 1698 θεσιν.
378 1645 440 1697 Ei
467 1644 524 1697 δὲ
552 1646 765 1715 ἐπινοίᾳ
791 1647 890 1717 τῆς
926 1646 1123 1710 κακίας
1161 1648 1384 1720 ἀναθείη
1412 1649 1521 1703 τῶν
1551 1651 1745 1706 τεσσά-

173 1749 289 1806 ρων
316 1733 414 1805 τὴν
447 1736 528 1798 είς
559 1737 904 1806 κατασκευὴν
933 1735 1171 1807 εὕρεσιν,
1208 1738 1491 1809 σοφωτάτη
1533 1757 1595 1808 γε
1628 1741 1745 1794 λίαν

1922 1107 1978 1197 Si
2006 1111 2129 1180 quis
2153 1123 2336 1171 autem
2362 1129 2527 1188 ponat
2561 1133 2799 1193 quatuor
2821 1127 3112 1197 elementa,
3143 1132 3292 1189 sicut
3326 1134 3418 1191 ille

1850 1195 2122 1294 Opinatur,
2148 1201 2237 1294 _ad
2269 1206 2467 1294 malum
2506 1213 2799 1280 pertinere,
2825 1195 3105 1288 quomodo
3143 1221 3257 1278 hzec
3294 1239 3418 1294 qua:

1849 1288 2197 1360 suntsingula
2222 1293 2387 1349 unius
2413 1306 2640 1366 naturae,
2660 1308 2933 1361 contraria
2948 1324 3070 1366 esse
3094 1288 3417 1372 videantur!

1849 1375 1906 1430 Si
1921 1379 2062 1433 enim
2084 1381 2322 1437 calidum
2354 1394 2438 1440 est
2462 1403 2528 1442 ex
2553 1389 2692 1460 ipso,
2711 1393 2966 1464 frigidum
2997 1415 3065 1454 ex
3081 1403 3290 1471 altero;
3319 1415 3417 1461 aut

1846 1479 2056 1536 contra,
2083 1473 2128 1527 si
2176 1473 2434 1546 frigidum
2472 1496 2538 1536 ex
2565 1483 2702 1554 ipso,
2731 1488 2966 1544 calidum
3000 1508 3066 1547 ex
3110 1494 3284 1551 altero
3312 1517 3326 1553 :
3357 1508 3413 1553 et

1844 1564 1925 1617 sic
1963 1579 2155 1623 rursus
2183 1569 2238 1623 in
2269 1571 2375 1627 alia
2403 1575 2788 1647 coniugatione
2816 1580 2920 1637 hoc
2943 1581 3297 1644 fundamento
3312 1605 3411 1662 po-

1845 1654 1969 1720 sito,
2002 1657 2188 1713 mistio
2219 1675 2509 1732 corporum
2556 1666 2672 1723 ﬁeri
2701 1684 2810 1726 non
2850 1675 3066 1742 poterit.
3104 1675 3162 1732 Si
3195 1654 3329 1734 vero
3340 1682 3408 1736 ad

1843 1749 2294 1818 excogitationem
2343 1756 2600 1824 nequitiae
2651 1761 2852 1816 referat
2905 1763 3272 1854 inventionem
3309 1786 3407 1826 ex-

171 1824 581 1895 ἀναφανήσεται
624 1828 659 1896 ἡ
703 1826 904 1893 γνῶσιν
933 1827 1028 1880 καὶ
1069 1826 1280 1882 σύνεσιν
1328 1829 1403 1899 μὴ
1434 1831 1728 1902 κεκτημέντ

1843 1841 2086 1895 struendi
2117 1843 2426 1901 mistionem
2459 1863 2773 1918 corporum,
2803 1831 3204 1926 sapientissima
3239 1876 3408 1934 appa-

168 1914 371 1968 κακία·
419 1915 493 1979 ὡς
540 1915 632 1969 καὶ
679 1913 773 1971 τοῦ
809 1915 1149 1986 Δημιουργοῦ
1187 1917 1249 1969 τὸ
1305 1918 1558 1988 μέγιστον
1605 1923 1738 1980 ἀπο-

170 2005 433 2076 φέρεσθαι
465 2005 668 2077 θαῦμα,
705 2004 820 2074 εί¹γε
865 2006 1068 2060 συνεῖδε
1104 2007 1227 2061 τίνα
1271 2008 1336 2061 ἂν
1366 2008 1564 2080 τρόπον
1606 2013 1738 2064 ὑπο-

172 2098 456 2168 στήσηται.

1841 1929 1981 1983 rebit
2009 1935 2271 2002 nequitia,
2299 1953 2420 2007 qua:
2448 1939 2651 2012 alioqui
2701 1945 3067 2015 cognitionem
3103 1959 3157 2006 et
3195 1929 3403 2008 intelli-

1839 2022 2074 2088 gentiam
2101 2039 2211 2078 non
2237 2025 2423 2082 habuit
2448 2047 2462 2096 ;
2492 2031 2565 2084 ita
2597 2040 2654 2086 ut
2687 2038 2977 2094 maximam
2999 2039 3275 2101 Creatoris
3293 2047 3404 2101 lau-

1839 2110 1961 2167 dem
1977 2119 2030 2166 et
2052 2114 2462 2177 admirationem
2492 2124 2658 2191 ferat,
2679 2127 2944 2200 siquidem
2970 2138 3243 2206 cognovit,
3266 2155 3403 2210 quo-

1841 2202 2001 2258 modo
2023 2220 2120 2278 per
2141 2222 2200 2261 se
2224 2209 2513 2268 exsisteret
2535 2218 2740 2284 mistio,
2777 2221 2988 2278 scilicet
3017 2202 3328 2296 corporum.

239 2317 366 2372 (ΞΑΡ.
410 2316 596 2374 XXXI.
642 2319 818 2376 Solent
845 2338 1008 2390 usque
1044 2323 1176 2376 adeo
1203 2323 1386 2379 Manes
1416 2325 1658 2393 honorat,
1686 2345 1728 2382 ei

1827 2351 1946 2390 sum
1973 2336 2078 2392 Deo
2104 2343 2362 2412 conferat,
2390 2357 2439 2402 et
2461 2365 2526 2403 ex
2555 2351 2671 2419 ejus
2700 2357 2996 2413 substantia
3018 2377 3130 2416 esse
3164 2362 3326 2418 dicat.

251 2437 462 2510 Ἐπειδὴ
498 2438 553 2492 δὲ
594 2440 742 2510 ἥλιον
788 2442 1059 2512 σεμνύνει,
1107 2444 1201 2498 καὶ⁵
1245 2445 1421 2515 ἀμιγῆ
1462 2442 1619 2511 εἶναι,
1660 2449 1735 2513 ὡς

165 2527 449 2598 ὑπείληφε,
479 2529 573 2584 τοῦ
605 2531 774 2586 κακοῦ
804 2533 1111 2605 διορίζεται,
1140 2536 1270 2606 φέρε
1297 2538 1389 2589 καὶ
1422 2539 1550 2608 περὶ
1583 2538 1732 2610 ἡλίου

164 2618 471 2689 φιλαλήθως
495 2622 794 2694 κατίδωμεν
816 2641 830 2654 ⁵
866 2624 1159 2695 ὀφθήσεται
1189 2627 1296 2697 γάρ
1328 2629 1445 2692 ἑνὸς
1475 2629 1580 2682 τῶν
1610 2648 1732 2682 τεσ-

165 2710 347 2781 σάρων
379 2713 652 2782 στοιχείων
681 2714 961 2785 ὑπάρχων,
1000 2715 1142 2783 λέγω
1173 2717 1235 2788 δὴ
1264 2717 1363 2787 τῆς
1398 2717 1607 2790 θερμῆς
1637 2721 1729 2772 οὑ-

161 2800 286 2864 σίας
307 2818 320 2831 ·
356 2803 416 2855 οὑ
459 2802 688 2872 βλάπτει
720 2804 817 2874 μ’ῑν
848 2804 956 2876 γάρ
1000 2806 1066 2859 τὰ
1095 2807 1446 2878 ὑποκείμενα,
1486 2809 1642 2881 μόνον
1673 2810 1731 2863 δὲ

162 2891 444 2963 θερμαίνει
470 2895 561 2946 καὶ
584 2894 800 2964 ὠφελεῖ,
831 2895 916 2950 διά
937 2896 998 2948 τὸ
1022 2898 1270 2951 πλεῖστον
1295 2903 1593 2968 ἀφεστάναι
1611 2919 1623 2930 ·
1648 2897 1731 2964 οἷς

157 2983 222 3038 at
247 2985 405 3038 πλέον
432 2987 799 3057 προσεγγίζει,
829 2990 974 3042 καίει
998 3007 1057 3044 τε
1083 2993 1178 3044 καὶ
1204 2993 1394 3060 ἄγονον
1417 2993 1514 3064 τὴν
1547 2995 1730 3048 τοιαύ-

1906 2455 2014 2510 Sed
2043 2460 2170 2530 quia
2205 2464 2372 2520 solem
2415 2467 2667 2532 honorat.
2703 2482 2759 2530 et
2804 2484 2862 2530 ut
2913 2478 3263 2547 existimavit,
3303 2484 3399 2537 de-

1829 2547 2003 2600 cernit
2037 2564 2146 2604 non
2170 2551 2370 2610 habere
2414 2559 2722 2618 mistionem
2763 2566 2912 2629 mali,
2964 2582 3061 2637 age
3112 2571 3395 2629 videamus

1829 2632 1896 2687 de
1929 2636 2042 2690 sole
2061 2653 2161 2708 pro
2199 2643 2381 2698 studio
2435 2648 2722 2704 veritatis:
2776 2632 3048 2710 videbitur
3087 2663 3232 2714 enim
3274 2678 3398 2718 esse

1832 2726 1997 2783 unius
2042 2744 2110 2783 ex
2145 2739 2382 2801 quatuor
2415 2737 2719 2805 elementis,
2766 2745 3105 2812 substantiae,
3148 2750 3394 2821 inquam,

1829 2815 2054 2885 calidae;
2077 2834 2187 2873 non
2218 2821 2363 2876 enim
2399 2834 2556 2878 nocet
2583 2828 2866 2897 subjectis,
2912 2831 3006 2886 sed
3045 2815 3394 2891 solum-cale?

1829 2902 2033 2960 facitet
2048 2908 2222 2977 juvat,
2250 2912 2378 2980 quia
2400 2913 2695 2982 plurimum
2739 2919 2939 2974 distat:
2967 2923 3167 2991 quibus
3209 2935 3391 2981 autem

1830 2996 2255 3067 appropinquat,
2303 3003 2429 3070 urit,
2475 3011 2528 3060 et
2557 3007 2663 3061 tale
2703 3009 2880 3063 solum
2933 3014 3118 3070 sterile
3169 3016 3389 3075 reddit:

160 3092 264 3146 την
287 3075 388 3146 γῆν
413 3076 783 3144 ἀπεργάζεται
808 3094 823 3108 °
855 3079 1052 3134 αὐτίκα
1079 3081 1173 3134 καὶ
1198 3081 1386 3150 θέρους
1414 3082 1534 3153 ὥρα
1560 3084 1728 3153 ἄκρα-

1829 3093 1883 3139 et
1916 3087 1970 3139 in
2010 3095 2198 3143 testate
2236 3105 2360 3145 cum
2383 3093 2439 3147 in
2487 3103 2689 3152 terram
2739 3099 2872 3168 jacit
2912 3104 3095 3160 radios
3129 3121 3293 3177 puros
3333 3111 3389 3165 in

158 3163 254 3233 τος
281 3168 594 3242 προσϐαλὼν
621 3173 686 3241 τῇ
717 3174 809 3242 γῇ.
844 3171 984 3225 κατὰ
1027 3173 1371 3245 μεσημϐρίαν
1400 3174 1569 3237 οὕτως
1601 3175 1727 3246 θερ-

165 3259 343 3328 μαίνει
399 3258 623 3330 ταύτην,
683 3260 823 3313 ὥστε
881 3262 1150 3332 καυτῆρος
1212 3263 1366 3334 δίκην
1428 3264 1727 3337 ὑποϐεϐλῆ-

162 3349 286 3403 σθαι
325 3349 500 3403 δοκεῖν
544 3350 808 3420 τοῠδαφος
831 3355 943 3415 τοῖς
972 3353 1309 3407 ἐπιϐαίνουσι
1354 3359 1579 3425 γυμνοῖς
1615 3360 1728 3420 τοῖς

159 3439 307 3493 ποσί.

229 3531 494 3597 Πολλάκις
533 3532 593 3586 δὲ
634 3534 726 3585 καὶ
766 3534 832 3603 τῇ
870 3533 1028 3602 φλογὶ
1053 3536 1118 3604 τῇ
1146 3535 1339 3605 ἡλιακῇ
1385 3539 1726 3607 παραπεσόν-

155 3635 248 3682 τες
271 3620 564 3692 ἂνθρωποι,
599 3622 775 3692 πολλῷ
800 3640 862 3690 γε
894 3622 970 3693 τῷ
988 3623 1227 3693 καύματι
1254 3625 1636 3697 διεφθάρησαν,
1663 3626 1724 3680 τὸ

156 3712 645 3783 παραμυθούμενον
686 3713 912 3781 ἐγγύθεν
956 3715 1029 3784 μὴ
1062 3715 1330 3784 εὑρόντες.
1372 3715 1625 3769 Μελαίνει
1665 3718 1722 3770 δὲ

153 3802 230 3857 τὰ
263 3801 489 3874 σώματα
516 3805 608 3857 καὶ
636 3804 888 3868 διακαίει,
925 3804 1108 3872 σαφῶς
1147 3805 1215 3858 τά
1244 3805 1412 3876 πυρὸς
1444 3808 1678 3878 ἐνεργῶν
1702 3826 1718 3840 ο

157 3892 357 3964 μᾶλλον
384 3895 440 3947 δὲ
469 3896 639 3967 πυρὸς
665 3896 822 3958 αὑτὸς
860 3896 1082 3965 γόνιμός
1125 3897 1294 3958 ἐστιν,
1325 3897 1376 3949 εῐ
1401 3914 1482 3961 τις
1518 3901 1576 3950 ὲν
1621 3899 1721 3967 ἀγ-

154 3985 290 4054 γείῳ
321 3984 463 4054 ὕδωρ
500 3985 693 4055 ὑελίνῳ
730 3986 983 4054 ἄντικρυς
1015 3985 1162 4054 αὑτῷ
1191 3987 1527 4056 προσαγάγοι
1549 4005 1562 4017 ο
1600 4005 1720 4038 συν-

153 4076 396 4146 ἀγομένη
422 4074 530 4146 γὰρ
554 4076 630 4144 τῷ
654 4076 863 4142 διαυγεῖ
890 4074 982 4127 τοῦ
1009 4092 1069 4128 τε
1099 4074 1290 4138 ὓδατος
1318 4078 1410 4131 καὶ
1432 4078 1530 4147 τῆς
1564 4078 1718 4130 ὑέλου

95 4169 252 4238 ..τῆς
292 4168 521 4240 ἡλιακῆς
564 4169 779 4231 ἀκτῖνος
810 4169 844 4239 ἡ
883 4167 1055 4238 ἀκμὴ.
1087 4168 1179 4220 καὶ
1228 4168 1365 4239 πρὸς
1396 4169 1579 4223 στενὸν
1619 4171 1719 4240 μὲν

152 4258 648 4329 παραπεμπομένη,
691 4259 1091 4331 προσομιλοῦσά
1127 4276 1189 4311 τε
1238 4258 1357 4330 ὕλῃ,
1396 4261 1589 4329 ῥᾳδίως
1626 4278 1720 4315 πυ-

156 4349 249 4420 ρὸς
288 4349 814 4422 ἀντιλαμϐανομένῃ,
855 4351 971 4421 ἅμα
1009 4367 1068 4403 τε
1112 4351 1282 4404 τίκτει
1321 4350 1451 4420 πῦρ,
1481 4353 1574 4404 καὶ
1616 4370 1712 4405 σα-

1830 3175 2072 3244 meridie,
2104 3193 2277 3250 usque
2304 3181 2440 3238 adeo
2471 3199 2592 3239 eam
2619 3188 2890 3254 calefacit,
2932 3202 2992 3247 ut
3021 3175 3389 3264 pavimentum

1828 3265 1992 3323 nudis
2029 3268 2258 3337 pedibus
2280 3275 2618 3344 suppositum
2659 3277 2833 3334 instar
2861 3283 3093 3339 incendii
3121 3289 3214 3341 sit.

1897 3533 2052 3605 Saepe
2076 3543 2259 3593 autem
2289 3537 2542 3596 homines
2577 3541 2632 3596 in
2663 3541 2932 3604 ﬂammam
2967 3547 3097 3606 solis
3136 3549 3382 3606 inciden-

1822 3633 1906 3683 tes
1930 3627 2097 3682 nimio
2125 3637 2259 3689 aestu
2291 3632 2633 3700 interierunt,
2657 3651 2765 3691 non
2803 3637 3021 3692 invento
3048 3655 3215 3711 prope
3236 3646 3381 3712 quod

1822 3717 2190 3791 refrigeraret.
2223 3722 2400 3778 Eﬂicit
2420 3734 2600 3781 autem
2643 3727 2799 3796 nigra
2828 3743 3057 3799 corpora
3084 3740 3138 3786 et
3176 3733 3380 3802 adurit,

1823 3809 2064 3882 facitque
2085 3814 2266 3883 plane,
2302 3816 2447 3885 quod
2495 3817 2638 3887 ignis
2677 3819 2854 3886 solet;
2895 3820 3004 3874 imo
3052 3822 3169 3893 ipse
3202 3823 3379 3894 ignem

1821 3900 2050 3958 fecunda
2089 3913 2330 3973 generat,
2361 3907 2410 3962 si
2439 3908 2564 3976 quis
2589 3923 2784 3977 aquam
2817 3911 2868 3964 in
2903 3924 3032 3964 vase
3073 3915 3246 3968 vitreo
3278 3917 3378 3970 soli

1821 3993 2051 4047 adverso
2073 3994 2390 4063 admoveat;
2429 3998 2510 4054 vis
2540 3998 2683 4054 enim
2718 3999 2857 4052 radii
2906 4001 3040 4056 solis
3068 4001 3247 4058 lucido
3288 4005 3381 4058 illo

1820 4093 1972 4147 aqua!
2009 4088 2063 4134 et
2107 4081 2230 4135 vitri
2265 4092 2453 4138 coacta
2497 4093 2550 4140 et
2597 4084 2864 4150 conferta,
2904 4096 3067 4158 atque
3112 4091 3168 4143 in
3207 4106 3378 4162 angu-

1819 4173 1962 4219 stum
2015 4167 2233 4236 quidem
2282 4175 2605 4227 transmissa
2650 4182 2705 4228 et
2735 4169 2990 4244 adjuncta
3024 4181 3262 4233 materiae
3296 4181 3378 4234 ia-

1817 4257 1921 4311 cile
1949 4258 2127 4328 ignem
2156 4261 2504 4332 concipienti,
2531 4265 2696 4318 simul
2719 4267 2859 4336 parit
2879 4268 3054 4338 ignem
3080 4280 3170 4335 ;et
3196 4285 3378 4341 aperte

1817 4348 2009 4405 suadet
2045 4365 2156 4405 non
2184 4353 2385 4408 volenti
2416 4356 2766 4423 contendere,
2796 4375 2919 4414 esse
2951 4361 3170 4431 quidem
3207 4366 3378 4418 solem

154 4440 270 4509 φῶς
314 4440 488 4493 πείθει
518 4440 607 4494 τὸν
653 4442 726 4512 μὴ
769 4443 1090 4512 φιλονεικεῖν
1123 4442 1391 4504 ἐθέλοντα,
1432 4444 1507 4506 ὡς
1546 4446 1713 4517 πυρὸς

1827 4436 2051 4507 speciem
2094 4440 2256 4510 ignis,
2296 4457 2363 4496 ex
2400 4445 2658 4510 operibus
2690 4459 2820 4500 vero
2860 4447 3162 4516 splendidis
3203 4450 3376 4519 ipsius

153 4527 290 4594 εἶδος
339 4531 437 4601 μέν
491 4533 637 4584 ἐστιν
667 4535 696 4586 ὁ
749 4534 921 4603 ἥλιος,
966 4533 1074 4586 τῶν
1118 4534 1172 4587 δὲ
1215 4524 1313 4604 τῇ
1362 4535 1714 4607 δημιουργίας

152 4620 421 4690 λαμπρῶν
463 4621 639 4693 ἔργων
684 4623 713 4674 ό
759 4623 1005 4693 πρῶτος·
1056 4624 1243 4693 ἐπειδὴ
1284 4622 1375 4676 καὶ
1412 4624 1503 4677 τοῦ
1544 4627 1716 4697 πυρὸς

151 4714 188 4782 η
210 4709 369 4779 φύσις
395 4712 649 4765 ἁπάντων
678 4729 741 4780 γε
773 4714 839 4767 ἂν
872 4714 1116 4787 εὑρεθείη
1150 4713 1521 4786 λαμπροτέρα.

220 4801 442 4854 Πάντων
469 4802 577 4874 γὰρ
619 4803 727 4856 τῶν
771 4805 945 4858 ἀλλων
989 4805 1263 4875 στοιχείων
1296 4807 1444 4861 κάτω
1483 4808 1686 4877 φερομέ

149 4910 276 4959 νων,
311 4893 372 4944 τὸ
411 4893 519 4965 πῦρ
547 4895 708 4964 μόνον
745 4899 858 4959 τοῖς
898 4897 996 4967 μὲν
1024 4901 1276 4960 καυστοῖς
1316 4898 1572 4968 ὲπιπηδᾷ,
1603 4900 1713 4952 ἀνω

141 4985 204 5040 δὶ
229 4983 298 5036 τά
324 4985 502 5038 πάντα
526 4984 622 5055 τὴν
649 4987 874 5056 πορείαν
898 4987 1032 5058 ἔχει,
1067 4989 1352 5058 λεπτότητι
1395 4989 1715 5062 κουφιζόμε-

144 5092 261 5140 νον,
288 5075 382 5127 καὶ
405 5074 564 5128 αὑτόν
593 5093 656 5144 γε
681 5078 773 5130 τδν
795 5079 931 5148 ἀέρα
972 5078 1269 5148 βαρύτατον
1292 5080 1606 5150 ἀπελέγχον,
1635 5080 1712 5151 τῷ

141 5182 211 5234 γε
271 5163 617 5236 ὑπερϐαίνειν
663 5167 823 5221 αὐτόν
844 5184 858 5198 ·
902 5169 977 5232 ὡς
1027 5171 1120 5223 καὶ
1161 5171 1349 5224 τούτου
1395 5169 1712 5239 λεπτότερον

139 5255 541 5324 διαφαίνεσθαι,
575 5260 864 5332 συγγενείᾳ
898 5265 965 5332 τῇ
1009 5261 1144 5334 πρὸς
1177 5261 1266 5314 τὸν
1294 5263 1463 5332 ἥλιον.
1517 5261 1576 5314 '0
1607 5261 1713 5313 τοία

141 5364 246 5403 νυν
272 5349 460 5419 Μάνης
491 5347 805 5414 ἐκθειάζων,
835 5352 910 5415 ὡς
943 5352 1043 5424 τῆς
1069 5353 1280 5424 φύσεως
1301 5354 1428 5407 ὄντα
1459 5353 1552 5407 τοῦ
1578 5355 1712 5422 ἀγα·

141 5438 361 5496 θοῦτδν
392 5441 564 5510 ἣλιον,
605 5441 903 5497 κινδυνεύει
950 5444 1227 5516 πυροειδῆ,
1278 5445 1476 5516 μᾶλλον
1515 5445 1571 5498 δὲ
1616 5461 1710 5498 σα-

143 5529 266 5600 φῶς
292 5529 530 5584 τοιοῦτον
571 5529 639 5602 δή
672 5547 792 5586 τινα
838 5533 930 5586 τὸν
968 5534 1172 5602 ἀγαθὸν
1220 5537 1478 5604 εἰσάγειν.
1524 5536 1708 5600 Ἥλιος

142 5622 256 5692 γάρ
299 5621 399 5692 τῆς
448 5620 656 5692 θερμῆς
703 5623 962 5694 ὑπάρχων
1006 5626 1213 5692 οὖσίας,
1257 5631 1324 5699 τῇ
1357 5628 1501 5682 θέσει
1541 5627 1709 5698 πυρὸς

141 5711 391 5784 διαφέρει
408 5731 420 5744 ·
445 5715 512 5784 τῇ
537 5712 785 5783 ενεργεία
814 5714 975 5768 ταὺτὸ
1007 5715 1128 5788 δρᾷ,
1153 5720 1204 5770 εί
1247 5718 1328 5791 μὴ
1359 5718 1458 5790 τῆς
1495 5718 1706 5774 διαστά-

466 5803 738 5865 Panos.
772 5801 892 5864 Gn.
943 5804 1174 5868 XVlll.

1814 4531 2108 4585 creationis
2154 4532 2331 4600 ipsum
2386 4534 2641 4602 primum,
2693 4534 2960 4604 siquidem
3005 4545 3199 4592 natura
3236 4538 3385 4609 ignis

1814 4621 2151 4692 splendidior
2184 4630 2269 4682 est
2296 4624 2572 4679 omnibus.

1879 4801 2018 4856 Cum
2073 4802 2217 4858 enim
2268 4801 2451 4857 omnia
2496 4803 2600 4856 alia
2651 4803 2917 4860 elementa
2983 4805 3238 4862 deorsum
3293 4810 3372 4862 re-

1811 4901 2028 4956 rantur,
2065 4893 2216 4948 solus
2250 4893 2387 4962 ignis
2412 4893 2466 4946 in
2499 4908 2562 4948 ea
2593 4893 2947 4966 quidemquae
2975 4897 3219 4950 comburi
3245 4913 3372 4966 pos-

1812 4993 1962 5047 sunt,
1994 4983 2238 5049 insultat,
2257 5000 2475 5041 sursum
2500 5001 2629 5040 vero
2651 4999 2812 5056 supra
2845 4987 3027 5041 omnia
3048 4986 3218 5044 fertur
3241 4989 3371 5045 levi-

1811 5085 1915 5130 tate
1938 5091 2056 5140 sua,
2079 5090 2367 5145 acremque
2389 5077 2566 5145 ipsum
2589 5078 2867 5134 convincit
2895 5079 3197 5149 graviorem
3224 5095 3368 5144 esse,

1810 5169 1936 5238 quia
1968 5183 2132 5238 supra
2162 5184 2284 5224 eum
2313 5169 2367 5225 in
2397 5170 2627 5226 sublime
2664 5170 2858 5239 fertur,
2900 5177 2959 5224 ut
3004 5171 3253 5228 subtilior
3294 5180 3370 5226 te-

1813 5263 2079 5330 nuiorque
2108 5269 2367 5331 appareat
2410 5276 2574 5331 quam
2604 5276 2697 5316 aer
2729 5268 2954 5333 propter
2993 5263 3368 5335 cognationem

1811 5363 1934 5406 cum
1958 5351 2090 5407 sole.
2119 5349 2273 5406 Unde
2293 5350 2622 5407 Manichacus
2640 5367 2765 5406 cum
2789 5353 2959 5408 solem
2984 5352 3368 5409 facitdivinum

1809 5450 2066 5513 tanquam
2104 5457 2172 5498 ex
2198 5449 2394 5497 natura
2422 5443 2570 5510 boni,
2611 5442 2826 5499 videtur
2868 5443 3100 5499 similem
3143 5444 3253 5515 igni
3284 5441 3368 5495 fa-

1808 5549 1956 5598 cere,
1980 5535 2090 5589 imo
2109 5535 2271 5590 talem
2309 5535 2620 5605 quemdam,
2659 5535 2837 5607 qualis
2871 5542 2957 5589 est
2984 5535 3149 5606 ignis,
3197 5535 3368 5588 intro-

1805 5626 1979 5681 ducit.
2004 5624 2099 5681 Sol
2142 5625 2289 5682 enim
2331 5627 2649 5682 substantias
2677 5626 2887 5692 calidae,
2935 5627 3004 5681 ab
3034 5628 3158 5695 igne
3189 5623 3367 5678 ὤσει-ι

1808 5719 1876 5788 τῇ
1909 5716 2050 5772 θέσει
2072 5733 2087 5782 ;
2110 5715 2393 5773 efficientia
2423 5731 2551 5774 vero
2587 5717 2732 5775 idem
2760 5725 3034 5786 operatur,
3072 5715 3179 5770 nisi
3220 5727 3367 5768 men-

3051 5807 3131 5870 38
