4044 6324
141 423 290 481 H97

1224 420 1586 478 ADVERSUS
1640 417 2056 476 MANICHAEOS
2095 419 2220 477 LIB.
2264 420 2328 476 ll.

3239 429 3376 486 “98

223 517 347 570 Εἴτε
381 516 558 568 τοίνυν
590 516 662 586 μὴ
702 515 900 585 βρέχοι,
934 515 1218 586 πρόχειρος
1254 517 1332 576 είς
1368 515 1709 586 βλασφημίαν

1891 512 2012 570 Sive
2037 515 2199 582 igitur
2231 529 2337 568 non
2381 513 2551 584 pluat,
2601 523 2797 586 praesto
2824 523 2906 571 est
2957 515 3282 576 Manichacus
3322 530 3379 578 et

137 610 176 660 ὀ
210 605 368 676 ἀνὴρ.
403 607 495 658 καὶ
521 606 569 656 οἱ
600 604 656 668 ἐξ
689 605 926 655 ἐκείνουο
958 605 1064 655 εἴτε
1093 603 1292 675 βρέχοι,
1323 604 1421 656 ούκ
1447 605 1718 674 ἀναχωρεῖ

139 697 246 749 τοῦ
281 698 452 766 μάτην
497 696 770 748 αἰτιᾶσθαι
816 694 908 745 καὶ
948 694 1249 748 διαϐάλλειν
1282 695 1412 748 Θεόν
1440 712 1452 723 ι
1499 693 1599 747 κᾶν
1629 694 1717 765 ἄρ-

137 803 241 838 τον
267 787 344 847 είς
367 789 553 855 χεῖρας
579 784 834 842 λάϐωσιν,
864 784 1099 854 ἀρῶνται
1127 785 1337 855 πρῶτον
1362 786 1410 836 οἱ
1433 785 1528 854 τῆς
1556 784 1716 853 βλασ-

139 876 362 947 φημίας
402 875 660 945 μαθηταὶ,
691 875 782 925 καὶ
815 874 985 938 οὕτως
1033 876 1409 944 ἐμπιπλῶνται
1445 879 1493 928 οἱ
1534 877 1716 946 ἀχάρι·

142 984 265 1019 στοι
291 984 302 995 ·
343 969 435 1020 καὶ
490 967 587 1034 τῆς
633 966 990 1035 δημιουργίας
1029 967 1240 1028 οὐδενὸς
1280 967 1338 1019 τὸ
1376 961 1538 1036 ἦττον
1583 968 1716 1018 ἀπο-

138 1057 423 1120 λαύοντες,
460 1057 747 1124 ἡκόνηνται
781 1057 928 1122 μόνοι
962 1059 1080 1111 κατ’
1113 1057 1280 1127 αὐτῆς
1312 1057 1409 1128 τὴν
1449 1057 1710 1126 γλῶτταν,

145 1150 353 1216 μᾶλλον
406 1149 461 1200 δὲ
516 1147 654 1201 κατά
711 1147 804 1200 τοῦ
852 1149 1205 1218 πεποιηκότος
1245 1151 1445 1220 αὑτήνο
1499 1149 1592 1202 καὶ
1637 1149 1713 1210 ὼς

141 1240 382 1310 ἔχθιστοι
410 1240 499 1292 τοῦ
527 1238 659 1291 Θεοῦ
687 1241 968 1308 μετέχουσι
993 1257 1006 1269 ·
1032 1242 1125 1294 καὶ¹
1157 1241 1292 1310 προς
1321 1241 1448 1294 αύτό
1471 1257 1533 1307 γε
1556 1239 1712 1291 τοῦτο

141 1332 596 1398 ἀγανακτοῦντες,
637 1333 714 1383 δτι
745 1331 850 1384 τῶν
875 1334 937 1384 ἐκ
963 1332 1059 1401 τῆς
1092 1333 1448 1404 δημιουργίας
1475 1334 1530 1384 ὲν
1555 1331 1711 1401 χρείᾳ

142 1424 536 1494 καθεστήκασι.

1817 606 1909 675 qui
1949 621 2072 660 eum
2119 612 2420 667 sectantur,
2473 606 2539 660 ad
2600 607 2994 677 blasphemiam
3046 606 3370 666 Judaicam:

1821 698 1935 750 sive
1964 697 2134 764 pluat,
2167 711 2273 748 non
2305 695 2503 749 desinit
2541 695 2775 752 inaniter
2810 713 3068 754 accusare
3101 708 3156 754 et
3191 717 3378 772 repre-

1821 787 2055 842 hendere
2102 785 2305 842 Deum:
2331 795 2385 840 et
2410 802 2603 856 panem
2646 789 2690 842 si
2717 790 2770 842 in
2815 805 3010 845 manus
3047 793 3114 845 ad
3153 807 3378 852 vescen-

1819 878 1945 932 dum
1986 886 2224 942 sumant,
2258 878 2492 947 primum
2525 877 2773 948 discipuli
2816 879 3163 950 blasphemiae
3204 883 3375 939 Deum

1821 968 2122 1022 maledictis
2151 969 2514 1030 insectantur,
2557 976 2717 1037 atque
2747 971 2819 1023 ita
2844 971 3040 1039 ingrati
3073 976 3375 1038 satiantur;

1819 1069 1873 1114 et
1895 1059 2050 1128 quasi
2080 1059 2213 1113 nihil
2245 1058 2454 1113 fructus
2486 1076 2551 1114 ex
2575 1071 2822 1114 creatura
2866 1063 3228 1133 perciperent,
3273 1065 3378 1121 lin-

1820 1167 1976 1221 guam
2005 1154 2104 1207 soli
2134 1153 2188 1206 in
2222 1167 2339 1206 eam
2372 1163 2658 1216 acuernnt,
2686 1155 2792 1210 imo
2832 1157 2885 1212 in
2914 1167 3192 1213 auctorem
3219 1162 3374 1230 ejus;

1817 1252 1870 1297 et
1897 1255 2153 1313 tanquam
2187 1243 2554 1297 inimicissimi
2590 1243 2704 1308 Dei,
2742 1262 2804 1302 ea
2841 1265 2959 1319 quae
3004 1260 3130 1305 sunt
3171 1259 3373 1317 creata,

1817 1335 2162 1404 participant,
2181 1334 2343 1403 idque
2384 1342 2786 1400 succensentes,
2822 1339 2966 1408 quod
2994 1341 3073 1395 eis
3113 1341 3372 1413 indigent.

1052 1561 1181 1616 CAP.
1226 1559 1459 1614 XXXIII.
1501 1561 1806 1615 Procreatio
1831 1557 2115 1613 liberorum
2143 1555 2458 1609 necessaria.

219 1696 330 1766 Τήν
357 1713 413 1748 τε
446 1698 786 1765 παιδογονίαν
818 1698 1144 1768 ὑϐρίζοντες,
1181 1699 1277 1761 τὰς
1309 1699 1482 1769 μίξεις
1528 1699 1708 1760 αὐτοῖς

137 1779 276 1832 ἄνευ
312 1799 372 1849 γε
398 1783 599 1852 ταύτης
625 1785 935 1854 συμϐαίνειν
965 1785 1118 1854 (46'),
1151 1787 1323 1839 δοῦλοί
1348 1805 1410 1854 γε
1439 1788 1590 1850 δντες
1611 1789 1709 1856 τῆς

1884 1689 2320 1745 Procreationem
2371 1687 2666 1741 liberorum
2721 1687 3112 1744 contumeliose
3161 1690 3376 1763 vitupe-

1815 1787 1957 1841 rant,
2008 1779 2268 1839 volcntes,
2319 1784 2376 1828 ut
2423 1789 2653 1844 corpora
2689 1775 2805 1830 sine
2852 1792 2914 1831 ea
2960 1779 3368 1839 miscerentur;

139 1874 446 1938 ἀναγκαίας
478 1877 722 1946 διαδοχῆς
748 1878 879 1948 πρὸς
901 1878 1031 1930 Θεοῦ
1066 1881 1579 1950 νενομοθετημένης,
1599 1881 1709 1933 ἀλλ’

1814 1871 1906 1940 qui
1961 1870 2100 1924 servi
2150 1867 2368 1938 quidem
2409 1875 2535 1921 sunt
2578 1869 2898 1923 necessariae
2945 1872 3309 1931 successionis
3341 1891 3374 1929 a

139 1964 209 2015 ού
235 1965 330 2034 τῆς
360 1966 568 2036 ὴδονῆςο
601 1967 779 2036 ἐχθροί
815 1984 877 2034 γε
910 1970 976 2021 τὰ
1016 1970 1190 2022 πάντα
1221 1971 1315 2039 τῆς
1361 1970 1592 2039 ἀληθοῦς
1620 1971 1710 2022 καὶ

138 2057 370 2125 γνησίας
399 2057 596 2127 ἀρετῆς
627 2059 718 2109 καὶ
745 2060 840 2129 τῆς
869 2060 1140 2122 εὐσεϐείας
1163 2062 1332 2124 ὅντες,
1363 2062 1549 2132 ὥσπερ
1574 2064 1710 2113 alr-.-

136 2145 340 2216 ώμενοι
393 2149 454 2199 τὸ
507 2146 729 2208 ἀείζωον
777 2148 869 2201 τοῦ
911 2149 1018 2202 τῶν
1059 2150 1356 2221 ἀνθρώπων
1380 2153 1586 2218 γένους,
1619 2153 1712 2204 καὶ⁵

138 2234 456 2306 βουλόμενοι
482 2237 644 2290 αὑτοῦ
671 2256 770 2290 που
797 2241 983 2311 στῆναι
1005 2242 1095 2294 τὸν
1127 2242 1322 2312 δρόμον
1350 2242 1450 2311 τῆς
1477 2243 1706 2310 φύσεως

137 2325 555 2394 νομοθετοῦντες
589 2329 666 2399 τῷ
708 2331 823 2399 Θεῷ
855 2333 947 2383 καὶ
985 2333 1416 2399 ἀγανακτοῦντες
1447 2334 1581 2403 πρὸς
1611 2334 1712 2405 τὴν

135 2412 470 2486 ἀγαθότητα,
519 2418 586 2470 δι’
635 2419 700 2489 ἢν
743 2419 1076 2486 ἀνεξικάκως
1104 2421 1212 2492 ἔχει
1245 2422 1379 2492 πρὸς
1407 2423 1505 2493 τὴν
1533 2422 1711 2477 αὐτῶν

138 2503 354 2576 βλασφη
367 2507 513 2575 μίαν.

213 2597 464 2666 Καίτοιγε
513 2599 600 2652 διὰ
649 2603 806 2654 τοῦτο
856 2604 1054 2673 φυσικὴ
1102 2620 1184 2666 τις
1236 2603 1551 2656 ἐνέστακται
1599 2606 1709 2666 τοῖς

137 2684 357 2756 σώμασι
391 2690 589 2757 μίξεως
627 2691 822 2761 ὄρεξις,
858 2693 932 2754 ὡς
976 2694 1170 2764 μικροῦ
1212 2696 1424 2766 ἀνάγκη
1463 2695 1567 2746 τῶν
1609 2694 1710 2763 τῆς

137 2777 354 2842 φύσεως
401 2781 709 2850 κινημάτων
752 2783 1009 2852 φέρεσθαι
1058 2784 1125 2836 τὰ
1171 2783 1284 2848 ζῶα
1316 2786 1449 2854 πρὸς
1477 2783 1574 2854 τὴν
1611 2785 1709 2855 τῆς

133 2867 386 2938 διαδοχῆς
434 2872 721 2940 ἐργασίαν,
771 2874 1178 2946 ὑπερϐαλλούσῃ
1237 2875 1325 2926 τοῦ
1367 2875 1707 2945 Δημιουργοῦ

142 2961 306 3028 σοφία
336 2962 608 3012 καὶτοῦτο
642 2963 821 3026 θέντος
846 2981 858 2993 ·
896 2965 1079 3033 ἐπειδὴ
1132 2966 1238 3034 γὰρ
1293 2965 1561 3036 μοχθηραὶ
1612 2967 1707 3034 μὲν

134 3049 384 3116 γυναιξὶν
423 3054 476 3102 αἱ
517 3052 724 3118 ὠδῖνες,
760 3055 1024 3124 μοχθηραὶ
1057 3057 1111 3107 δὲ
1155 3056 1374 3125 ἀνδράσι
1404 3073 1461 3106 τε
1494 3059 1586 3106 καὶ
1611 3074 1706 3122 γυ-

135 3139 283 3201 ναιξὶ
306 3139 408 3190 τῶν
434 3143 765 3211 γιγνομὲνων
796 3147 850 3196 αἱ
874 3148 1192 3216 ἁνατροφαὶ,
1215 3149 1496 3214 ἀναγκαῖοι
1515 3148 1568 3199 δὲ
1593 3149 1709 3199 λίαν

1816 1962 1924 2015 Deo
1949 1964 2191 2023 saneilae,
2227 1960 2322 2014 sed
2346 1975 2452 2013 non
2483 1960 2806 2028 voluptatis;
2832 1961 3039 2015 inimici
3064 1973 3242 2018 autem
3277 1980 3374 2036 per

1812 2054 1994 2104 omnia
2039 2067 2180 2105 vera:
2221 2058 2276 2106 et
2317 2065 2586 2120 germanae
2622 2053 2840 2107 virtutis
2884 2068 2947 2108 ac
2977 2056 3217 2125 pietatis,
3251 2065 3376 2114 tan-

1814 2159 1976 2213 quam
2054 2151 2376 2198 accusantes
2444 2142 2665 2194 humani
2743 2145 2954 2212 generis
3041 2149 3372 2216 perpetuita-

1813 2243 1942 2296 tem,
1995 2245 2048 2290 et
2095 2235 2338 2289 volentes
2386 2233 2585 2286 alicubi
2639 2234 2832 2289 sistere
2879 2251 3196 2305 processum
3251 2241 3371 2310 ejus

1812 2325 2153 2386 naturalem.
2212 2323 2522 2379 sancientes
2586 2322 2756 2390 legem
2814 2322 2960 2389 Deo,
3021 2334 3073 2380 et
3136 2328 3370 2383 bonitati

1811 2410 1930 2478 ejus
1965 2418 2374 2476 succensentes,
2404 2425 2509 2482 qua
2539 2424 2726 2464 eorum
2748 2411 3138 2482 blasphemiam
3160 2417 3371 2487 patien-

1809 2509 1892 2554 ter
1916 2500 2128 2554 tolerat.
2403 2517 2406 2520 ·

1879 2590 2015 2644 Cum
2069 2592 2271 2662 alioqui
2320 2595 2589 2649 naturalis
2632 2593 2853 2664 quidam
2914 2596 3185 2665 appetitus
3236 2610 3369 2652 cono

1808 2685 2026 2739 cubitus
2070 2685 2141 2740 ob
2178 2700 2297 2739 eam
2328 2701 2548 2742 causam
2591 2687 2912 2756 corporibus
2942 2689 3272 2744 constitutus
3314 2699 3370 2745 et

1808 2777 2096 2831 ordinatus
2145 2785 2250 2839 est,
2307 2785 2366 2830 ut
2405 2779 2661 2832 animalia
2714 2778 2828 2834 fere
2877 2781 3202 2834 necessitate
3251 2796 3369 2835 mo-

1808 2875 1961 2920 tuum
2013 2877 2219 2921 natura:
2268 2868 2335 2921 ad
2375 2869 2709 2923 efﬁciendam
2745 2870 3148 2923 successionem
3185 2869 3372 2924 feran-

1814 2967 1922 3022 tur,
1972 2959 2236 3026 sapientia
2277 2959 2490 3011 inlinita
2524 2959 2799 3013 Creatoris
2841 2960 2932 3028 qui
2971 2960 3074 3013 hoc
3129 2962 3369 3016 statuit:

1812 3049 2010 3100 etenim
2059 3048 2186 3118 quia
2241 3048 2495 3101 laboriosi
2548 3060 2673 3103 sunt
2720 3059 2907 3119 partus
2955 3050 3266 3114 muliebres,
3295 3052 3374 3104 la~

1819 3135 2050 3189 horiosaz
2099 3137 2224 3190 item
2268 3137 2399 3191 viris
2438 3145 2490 3192 et
2533 3137 2749 3192 feminis
2779 3138 3132 3192 educationes
3171 3138 3372 3193 libero-

137 3227 199 3277 αἱ
222 3226 457 3297 διαδοχαί
478 3247 489 3258 ·
587 3233 682 3299 μὲν
707 3231 882 3300 ὄρεξις
912 3235 1149 3301 φυσικῶς
1191 3240 1434 3298 κινεῖται,
1467 3242 1558 3288 καὶ
1589 3239 1709 3307 τρό-

1816 3242 1960 3290 rum,
1996 3227 2150 3280 valde
2181 3235 2360 3280 autem
2392 3227 2718 3281 necessaria:
2749 3228 3128 3282 successiones
3163 3246 3174 3292 ;
3207 3245 3371 3297 appe-

135 3333 242 3368 πον
268 3319 384 3370 τινα
411 3319 670 3386 βιάζεται,
701 3324 729 3373 ὁ
774 3322 827 3372 δὲ
870 3322 1119 3392 λογισμὸς
1169 3325 1328 3386 ὁσίως
1355 3326 1565 3394 δέχεται
1597 3328 1704 3395 (47)

136 3408 592 3478 προύργιαιτέραν
619 3410 714 3476 τῆς
751 3410 938 3479 ἡδονῆς
983 3413 1245 3464 ποιεῖσθαι
1295 3415 1391 3483 τὴν
1435 3415 1704 3485 διαδοχήν·

137 3501 235 3551 καὶ
279 3499 511 3562 ἀναίτιος
544 3500 650 3552 τῶν
680 3503 941 3570 σωμάτων
998 3506 1029 3572 ἡ
1085 3505 1264 3575 ἡδονὴ,
1312 3507 1423 3574 εἴγε
1469 3507 1707 3578 λογισμῷ

139 3590 237 3640 καὶ
270 3590 416 3659 νόμῳ
443 3590 535 3642 τοῦ
573 3595 892 3660 ποιήσαντος
920 3594 1256 3664 ἀκολουθοίη.
1411 3605 1414 3608 “

213 3765 275 3816 Οἱ
299 3764 351 3816 δὲ
378 3765 472 3834 τὴν
508 3767 971 3836 ήδονηνιπολλάκις
1003 3769 1371 3839 καρπούμενοι
1396 3769 1455 3820 τὸ
1485 3771 1578 3822 ἀπ’
1611 3772 1707 3822 αὑ-

136 3855 242 3923 τῆς
270 3855 423 3924 ἔργον
459 3858 766 3924 ἀναγκαίως
797 3860 1008 3928 μισοῦσι
1028 3879 1039 3890 ’
1071 3863 1162 3912 καὶ
1207 3861 1553 3931 παρεγγυῶσι
1579 3863 1707 3933 παρ’

138 3949 397 4015 ἀγγελίαν
418 3953 531 4012 ταῖς
548 3954 569 4001 ὲ
584 3955 908 4021 παγομὲναις
936 3955 1324 4024 ἐφαλλομέναις
1355 3959 1708 4026 μαγγανείαις

137 4041 242 4103 τὰς
302 4041 587 4111 συλλήψεις
619 4044 812 4096 κλείειν
852 4063 908 4097 τε
950 4049 1041 4098 καί
1087 4048 1316 4116 ῥίπτειν,
1367 4050 1458 4100 καὶ
1490 4050 1613 4110 τοὺς
1653 4051 1709 4099 ὲν

137 4133 261 4203 ὥρα
287 4136 475 4196 τόκους
513 4137 585 4206 μὴ
620 4139 924 4206 ἀναμένειν,
945 4138 1017 4200 ὡς
1049 4140 1235 4190 τούτου
1266 4157 1328 4206 γε
1359 4140 1517 4209 μόνου
1537 4141 1707 4193 δεινοῦ

139 4226 237 4275 καὶ
285 4226 536 4294 χαλεποῦ·
572 4232 922 4297 τυγχάνοντες
966 4231 1146 4300 ἐχθροὶ
1198 4233 1295 4300 τῆς
1330 4233 1541 4298 φύσεως
1585 4236 1710 4302 ἐγη-

137 4316 414 4384 γερμένοι,
457 4317 654 4386 μᾶλλον
683 4319 738 4369 δὲ
791 4320 880 4371 τοῦ
930 4319 1130 4389 ταύτην
1184 4319 1702 4389 δημιουργήσαντος,

138 4407 234 4456 καὶ
284 4407 476 4474 μανίαν
512 4409 649 4460 κατά
684 4409 832 4460 τοῦδε
862 4407 952 4459 τοῦ
987 4409 1180 4470 παντὸς
1216 4409 1562 4478 ἐκμαθόντεςο
1600 4413 1707 4462 Καὶ

134 4498 225 4551 δια
280 4500 348 4562 τί,
400 4501 581 4567 φασὶν,
627 4503 916 4571 ἐνυπάρχει
957 4506 1064 4564 τοῖς
1111 4503 1352 4572 σώμασιν
1383 4506 1413 4572 ἡ
1445 4503 1578 4572 πρὸς
1608 4503 1706 4566 τὰς

141 4591 315 4663 μίξεις
358 4592 648 4661 ὲπιθυμία;

215 4709 336 4771 Πῶς
371 4709 413 4761 δ’
442 4708 504 4761 ἂν
533 4708 734 4777 ὑπέστη
769 4709 864 4779 τῆς
897 4712 951 4761 ὲν
982 4709 1134 4779 μέρει
1167 4727 1228 4777 γε
1268 4712 1615 4781 σωφροσύνης
1643 4713 1703 4764 τὸ

135 4802 332 4862 καλλος
371 4802 427 4853 ἐν
460 4802 782 4871 ἀνθρώποις,
820 4803 866 4851 εί
907 4803 978 4870 μὴ
1008 4801 1163 4867 φύσει
1199 4803 1294 4870 μὲν
1323 4800 1389 4873 ἦν
1431 4804 1487 4854 τὸ
1532 4804 1712 4873 ἐρεθί-

136 4895 252 4956 ζον,
291 4892 490 4960 λογικῷ
532 4892 586 4944 δὲ
619 4893 1005 4961 κατεχόμενον;
1033 4893 1132 4945 ποῦ
1177 4893 1221 4944 δ’
1251 4895 1314 4946 Ξιν
1343 4889 1407 4962 ἦν
1442 4895 1704 4964 παρθενία

137 4982 290 5052 παρὰ
336 4982 596 5048 γυναιξὶν,
637 4984 668 5053 ἢ
719 4985 846 5051 παρ’
885 4976 1140 5054 ἀνδράσιν
1190 4984 1554 5054 ἀπειρογαμία
1607 4986 1702 5055 τὴν

138 5073 320 5142 κοινὴν
358 5075 702 5144 σωφροσύνην
737 5077 1226 5146 παρευδοκιμοῦσα,
1252 5079 1296 5128 εἰ
1333 5079 1402 5145 μὴ
1430 5075 1702 5145 λογισμὸς,

139 5165 235 5216 καὶ
258 5163 315 5213 τὸ
349 5163 480 5230 πρὸς
507 5164 812 5234 ἁγιωσύνην
839 5165 1054 5234 φίλτρον
1079 5162 1219 5233 εἶχεν
1242 5183 1254 5227 ;
1291 5167 1315 5215 ὅ
1335 5182 1393 5230 γε
1417 5167 1524 5226 τοῖς
1553 5181 1704 5231 φυσι-

141 5257 256 5317 κοῖς
292 5254 676 5325 προσπαλαίον,
712 5258 1034 5326 νικηφόρους
1077 5255 1344 5318 ἀναδείξει
1368 5256 1490 5316 τοὺς
1526 5255 1702 5317 καλῶς
1737 5287 1750 5304 ε

137 5351 237 5418 τὴν
273 5348 503 5417 ἔμφυτον
529 5350 819 5416 ἐπιθυμίαν
857 5347 1204 5417 βιαζομένους
1229 5390 1240 5410 ,
1278 5349 1335 5399 ού
1383 5348 1515 5417 πρὸς
1548 5346 1702 5417 ὓϐριν

139 5439 240 5506 τῆς
301 5439 530 5506 φύσεως,
587 5437 721 5489 ἀλλὰ
766 5439 897 5507 πρὸς
935 5439 1163 5508 ἄσκησιν
1198 5437 1487 5507 καρτερίας
1522 5453 1577 5487 τε
1609 5437 1701 5487 καὶ

142 5531 444 5600 ἁγιωσύνης
454 5572 465 5582 .

215 5705 342 5777 (ιϐ’)
373 5706 744 5773 Σνλμσαίνειν.
797 5705 975 5760 Monet
1028 5707 1326 5774 Basnagius
1375 5706 1462 5759 hic
1506 5705 1695 5760 deesse

142 5779 360 5833 verbum
390 5777 655 5840 θέλουσιν,
692 5777 833 5845 quod
867 5778 1062 5847 legisse
1087 5778 1297 5831 videtur
1337 5777 1619 5844 interpres.

1811 3321 1944 3374 titus
1995 3317 2212 3388 quidem
2270 3319 2594 3372 naturaliter
2651 3328 2828 3372 movet
2876 3329 2929 3372 et
2972 3318 3370 3387 quodammodo

1810 3411 1918 3465 vim
1985 3410 2226 3475 adhibet,
2296 3410 2436 3463 ratio
2491 3418 2669 3462 autem
2733 3417 2921 3462 sancte
2979 3409 3371 3463 demonstravit

1809 3500 2254 3570 praestabiliorem
2280 3515 2401 3553 esse
2431 3500 2831 3553 successionem
2860 3499 3131 3568 voluptate
3155 3519 3168 3565 ;
3200 3509 3251 3555 et
3279 3516 3370 3556 ex-

1809 3601 1892 3644 tra
1941 3593 2154 3661 culpam
2188 3598 2271 3646 est
2311 3592 2561 3660 voluptas
2589 3605 2876 3657 corporum
2899 3630 2911 3653 ,
2952 3592 2995 3644 si
3029 3593 3242 3660 quidem
3276 3608 3368 3645 ra-

1808 3684 2009 3738 tionem
2039 3692 2094 3738 et
2119 3685 2287 3753 legem
2323 3683 2560 3736 auctoris
2589 3690 2867 3751 sequatur.

1879 3775 1980 3840 Qui
2021 3784 2199 3829 autem
2251 3775 2448 3842 saepius
2499 3775 2829 3842 voluptatem
2880 3773 3180 3841 capientes,
3228 3790 3368 3844 opus

1810 3862 1961 3936 quod
2009 3868 2131 3919 inde
2180 3866 2490 3919 necessario
2543 3866 2813 3934 provenit,
2869 3867 2995 3919 odio
3038 3866 3258 3929 habent.
3313 3877 3368 3923 et

1811 3956 2066 4009 mandant
2103 3956 2180 4009 sic
2225 3958 2578 4009 commiscere
2610 3970 2838 4025 corpora
2877 3964 3071 4024 praeter
3103 3957 3362 4017 edictum.

1811 4053 1868 4098 ut
1919 4052 2214 4113 conceptus
2273 4043 2605 4097 concludant
2653 4051 2706 4097 et
2757 4045 3011 4113 ejiciant,
3069 4055 3121 4099 et
3181 4054 3368 4114 partus

1811 4141 2158 4208 tempestivos
2214 4147 2266 4191 et
2313 4145 2552 4190 maturos
2606 4151 2713 4188 non
2762 4145 3102 4204 exspectare,
3170 4138 3370 4206 quippe

1809 4245 1930 4282 cum
1967 4230 2068 4282 hoc
2111 4229 2284 4282 solum
2331 4228 2400 4280 sit
2441 4241 2601 4297 grave
2629 4234 2676 4278 et
2714 4225 2972 4291 diIlicile;
3012 4226 3084 4288 hi,
3120 4226 3363 4296 inquam,

1809 4322 1899 4390 qui
1974 4321 2176 4373 inimici
2239 4332 2445 4372 natura:
2497 4318 2715 4372 excitati
2784 4325 2952 4382 sunt,
3019 4327 3072 4372 et
3131 4319 3370 4375 insanire

1809 4421 1994 4465 contra
2059 4410 2226 4464 Deum
2285 4410 2521 4462 universi
2576 4409 2882 4463 didicerunt
2957 4429 2968 4462 :
3032 4412 3232 4475 Quare,
3287 4413 3370 4464 in-

1809 4505 2023 4574 quiunt,
2055 4503 2215 4556 insita
2249 4513 2331 4556 est
2360 4501 2681 4569 corporibus
2712 4502 2875 4556 libido
2901 4517 3188 4570 corporum
3221 4519 3373 4557 com--

1735 4593 1783 4648 D
1812 4594 2248 4649 miscendorum?

1883 4709 1984 4763 Sed
2009 4707 2278 4778 quomodo
2301 4716 2443 4759 esset
2477 4708 2528 4759 in
2556 4706 2865 4759 hominibus
2895 4705 3058 4757 decor
3087 4704 3365 4773 pudicitiae

1809 4803 2045 4872 privam.
2081 4801 2184 4852 nisi
2222 4811 2412 4852 natura
2449 4807 2590 4851 esset
2629 4799 2773 4866 quod
2821 4798 3082 4857 titillaret,
3116 4804 3167 4848 et
3200 4797 3367 4850 ratio-

1811 4911 1875 4947 ne
1915 4893 2298 4946 coerceretur?
2321 4891 2407 4942 ubi
2440 4898 2583 4944 eSSet
2616 4888 2754 4957 apud
2781 4889 3034 4941 mulieres
3057 4887 3367 4955 virginitas,

1809 4992 1900 5036 aut
1941 4981 2080 5051 apud
2127 4983 2270 5033 viros
2328 4980 2636 5032 intractatio
2680 4979 3014 5046 nuptiarum,
3061 4978 3162 5030 nisi
3230 4978 3367 5030 ratio

1811 5090 2048 5128 amorem
2094 5074 2399 5129 sanctitatis
2446 5073 2686 5134 haberet,
2725 5087 2843 5140 quae
2896 5071 3218 5123 naturaliter
3248 5084 3368 5124 cer-

1810 5177 1930 5220 tans
1970 5183 2062 5222 eos
2096 5167 2185 5234 qui
2235 5174 2380 5220 recte
2429 5163 2775 5231 cupiditatem
2811 5161 3027 5215 insitam
3067 5161 3367 5229 reprimunt

1810 5270 1860 5315 et
1891 5261 2110 5312 domant
2137 5299 2150 5319 ,
2182 5258 2416 5310 victores
2451 5256 2783 5310 declararet?
2814 5255 2972 5322 idque
3000 5269 3105 5307 non
3141 5253 3203 5305 ad
3241 5267 3365 5305 con-

1811 5349 2082 5404 tumeliam
2117 5353 2320 5400 naturae
2342 5387 2355 5408 ,
2383 5345 2474 5400 sed
2498 5345 2562 5398 ad
2591 5345 3035 5400 exercitationem
3063 5344 3363 5398 tolerantiaa

1807 5452 1858 5496 et
1888 5436 2220 5494 sanctitatis?

1874 5705 1980 5772 (Π)
2022 5703 2276 5771 Δέχεται.
2305 5700 2384 5754 An
2419 5696 2716 5752 δέδεικταιῖ
