4044 6324
604 445 625 465 ,
705 391 840 447 ms

1836 375 1971 434 τιτι
2012 373 2431 431 θοδτιιεΝειδ
2470 372 2772 430 EPISCGPI

3800 379 3917 435 £300

1234 500 1360 556 Car.
1393 495 1629 552 XXXIV.
1659 497 1909 552 Cibaruut
1935 512 2062 549 usus
2082 494 2267 548 modem

2344 512 2406 562 is,
2436 494 2617 548 bonus.
2659 496 3022 560 Mpercntia
3055 492 3361 547 laudabilis.

771 598 861 652 Sic
912 611 1043 651 sane
1087 594 1223 647 cibis
1266 598 1319 645 et
1372 589 1691 659 potionibus
1744 586 2097 649 delectamur,
2150 599 2256 639 non

2429 582 2583 636 Οὕτω
2628 583 2692 653 δὴ
2746 587 2967 655 τροφαῖς
3006 600 3063 637 τε
3109 584 3203 635 καὶ
3237 583 3478 652 πόμασιν
3509 580 3833 652 ὲνηόόμεθα,
3865 587 3915 637 οὐ

698 691 994 748 criminosa
1030 686 1303 753 voluptate
1339 681 1580 735 fruentes
1617 697 1627 729 :
1664 677 1929 733 naturalis
1971 677 2114 730 enim
2143 675 2257 730 hac

697 762 804 845 es't,
838 793 891 836 et
932 790 1109 833 tamen
1138 777 1357 848 jejuniis
1403 789 1503 829 nos
1553 786 1872 828 exercemus
1908 788 1924 837 ;
1965 784 2072 824 non
2112 767 2259 839 quod

696 886 779 929 est
806 888 968 943 supra
996 881 1241 926 naturam
1271 874 1462 921 contra
1494 874 1745 920 naturam
1771 870 2112 924 exercentes,
2164 860 2258 914 sed

696 964 1037 1020 tolerantiam
1081 962 1485 1032 amplectentes,
1518 968 1571 1012 et
1601 954 1771 1010 Deum
1798 970 1892 1023 per
1925 953 2257 1008 humiliatio-

696 1071 819 1110 nem
868 1057 1141 1126 placantes
1180 1061 1232 1107 et
1270 1051 1564 1122 propitium
1609 1045 1897 1101 reddentes
1927 1065 1939 1099 :
1972 1059 2253 1114 nunquam

696 1147 1139 1201 exercitationem
1162 1144 1352 1214 jejunii
1380 1140 1801 1209 susciperemus,
1832 1136 1938 1191 nisi
1970 1135 2137 1191 fames
2166 1151 2255 1191 es-

698 1247 781 1292 set
812 1239 865 1293 in
893 1253 1133 1308 corpore.

770 1332 977 1403 Ubique
1010 1334 1171 1402 igitur
1229 1331 1495 1401 appetitus
1552 1330 1770 1384 asciscit
1811 1322 2026 1379 laudem
2053 1329 2107 1375 et
2130 1333 2251 1374 mo-

696 1423 864 1476 derati
909 1438 1041 1477 usus
1085 1422 1351 1482 ciborum,
1396 1426 1448 1473 et
1494 1418 1834 1473 abstinentia:
1864 1431 1961 1486 pro
1990 1412 2197 1466 viribus
2234 1428 2247 1463 :

697 1530 805 1569 non
861 1516 1001 1569 enim
1055 1528 1187 1568 usus
1233 1527 1443 1574 eorum,
1493 1527 1613 1581 qua:
1659 1508 1955 1565 secundum
2001 1515 2249 1560 naturam

694 1613 845 1672 sunt,
883 1613 1161 1676 peccatum
1189 1605 1331 1673 parit
1360 1620 1371 1655 :
1401 1604 1512 1657 vini
1542 1601 1757 1673 quidem
1794 1598 2071 1654 moderata
2100 1595 2247 1665 potio

693 1697 951 1753 salutaris
983 1712 1103 1752 esse
1128 1704 1304 1766 potest
1330 1713 1344 1761 ;
1381 1694 1571 1748 vitium
1598 1708 1725 1749 vero
1746 1689 2023 1747 ebrietatis
2045 1702 2139 1758 per
2162 1685 2245 1739 in-

695 1788 1101 1857 temperantiam
1132 1786 1512 1841 introducitur.

766 1878 1026 1932 Similiter
1066 1894 1196 1933 usus
1225 1878 1329 1931 cibi
1370 1875 1667 1930 secundum
1700 1883 1948 1933 naturam
1978 1868 2243 1924 moderati

2360 671 2782 743 διαϐεϐλημένην
2818 672 3005 743 ἡδονὴν
3033 672 3399 745 καρπούμενοι
3418 689 3431 701 ·
3463 671 3673 742 φυσικὴ
3702 674 3811 744 γὰρ
3835 677 3912 729 καὶ

2360 761 2520 831 αὕτη,
2554 763 2645 815 καὶ
2672 763 2819 832 ὅμως
2863 762 3133 830 νηστείαις
3160 760 3667 832 διαγυμναζόμεθα,
3707 763 3767 814 οὐ
3796 767 3912 817 κατὰ

2358 854 2454 923 τῆς
2487 852 2698 921 φύσεως
2748 852 3072 923 μελετῶντες
3096 854 3156 907 τὸ
3182 854 3319 925 ὑπὲρ
3340 854 3521 923 φύσιν,
3552 851 3695 906 ἀλλά
3742 870 3912 922 καρτε-

2360 945 2481 1015 ρίαν
2515 946 2614 1014 μὲν
2638 943 3024 1015 ἀσπαζόμενοι,
3051 944 3140 998 διὰ
3163 945 3220 1000 δὲ
3246 944 3631 1007 ταπεινώσεικ
3669 944 3764 998 τὸν
3802 945 3915 998 Θεὸν

2356 1036 2742 1104 ἔξιλεούμενοι·
2789 1035 2887 1088 οὐκ
2928 1035 2994 1089 ἂν
3024 1035 3081 1088 ἃ
3128 1037 3378 1107 νηστείας
3400 1037 3637 1106 ἄσκησιν
3668 1036 3914 1107 μετήλθο-

2358 1148 2477 1200 μεν,
2511 1130 2703 1200 πείνης
2730 1129 2789 1182 ἑν
2810 1127 2891 1199 τῷ
2922 1126 3133 1198 σώματι
3169 1128 3244 1199 μὴ
3274 1129 3523 1200 ἐνούσης.

2422 1285 2698 1357 Πανταχοῦ
2724 1286 2903 1341 τοίνυν
2928 1287 2962 1357 ἡ
2986 1284 3160 1357 θριξις
3186 1284 3435 1353 προξενεῖ
3451 1286 3547 1340 καὶ
3576 1286 3684 1355 τῆς
3721 1284 3913 1355 συμμέ-

2350 1397 2480 1450 τρου
2516 1381 2761 1449 χρήσεως
2810 1378 2903 1431 καὶ
2926 1378 3022 1447 τῆς
3051 1375 3193 1429 κατά
3222 1375 3446 1446 δύναμιν
3466 1378 3690 1447 ἀποχῆς
3712 1377 3813 1447 τὴν
3835 1377 3912 1430 et.

2350 1469 2667 1541 δοκίμησιν·
2701 1470 2764 1522 οὐ
2808 1469 2916 1536 γὰρ
2965 1467 3073 1520 τῶν
3117 1467 3254 1519 κατά
3282 1466 3442 1533 φύσιν
3469 1469 3503 1537 ἠ
3549 1468 3755 1538 χρῆσις
3788 1466 3915 1519 ποιεί

2348 1561 2447 1630 τὴν
2477 1560 2750 1633 ἁμαρτίαν
2771 1577 2784 1589 ·
2827 1559 2970 1612 οίνου
3000 1559 3105 1630 γὰρ
3135 1558 3195 1612 τὸ
3222 1558 3438 1628 μέτριον
3465 1559 3556 1626 εἴη
3606 1558 3713 1629 μὲν
3749 1559 3909 1626 σωτή-

2351 1667 2482 1721 ριον·
2516 1651 2683 1722 μέθης
2714 1651 2771 1704 δὲ
2796 1651 2857 1703 τὸ
2888 1650 3055 1703 κακὸν
3080 1650 3166 1703 διὰ
3197 1650 3296 1718 τῆς
3315 1648 3584 1718 ἀμετρίας
3613 1649 3908 1717 είσάγεται.

2416 1884 2811 1961 Παραπλησίως
2838 1885 2893 1938 δὲ
2926 1886 3019 1939 καὶ
3049 1884 3253 1956 τροφῆς
3281 1884 3379 1955 τῆς
3411 1885 3555 1938 κατά
3580 1886 3805 1954 φύσεως
3819 1889 3907 1957 lytr

693 1970 849 2038 culpa
880 1978 1036 2021 vacat
1070 1984 1081 2018 :
1118 1968 1241 2038 gula
1287 1983 1414 2022 vero
1462 1968 1707 2036 arguitur
1738 1974 1790 2019 et
1833 1962 2245 2034 reprehenditur

2350 1979 2545 2047 μέτρου
2568 1979 2855 2049 ἀναίτιοςή
2880 1978 3073 2048 χρῆσις
3090 1996 3103 2007 ·
3131 1977 3542 2048 γαστριμαργία
3567 1978 3625 2031 δὲ
3654 1979 3736 2049 τῷ
3758 1982 3911 2051 ὑπερ-

692 2070 910 2131 propter
945 2060 1191 2123 nimium,
1218 2067 1271 2113 et
1303 2058 1429 2129 quia
1468 2068 1552 2115 est
1592 2066 1786 2128 prater
1829 2056 2115 2110 rationem.
2152 2052 2242 2107 Sic

688 2155 853 2208 etiam
870 2153 946 2206 uti
967 2153 1200 2221 legitime
1218 2158 1270 2205 et
1295 2150 1570 2205 moderate
1596 2150 1832 2220 appetitu
1850 2146 2112 2202 miscendi
2130 2160 2243 2201 cor-

687 2246 859 2315 poris,
913 2246 1135 2299 omnino
1185 2249 1333 2295 caret
1380 2243 1633 2307 crimine;
1684 2250 1873 2311 praeter
1922 2240 2087 2309 legem
2143 2252 2241 2289 au-

688 2346 795 2389 tem
826 2345 877 2390 et
899 2335 1253 2390 immoderate
1281 2334 1379 2397 uti,
1402 2335 1606 2387 crimen
1633 2333 1787 2387 ao‘ert
1814 2330 2236 2386 incontinentia.

691 2427 1017 2481 Manichacus
1048 2426 1211 2495 igitur
1243 2432 1296 2479 et
1324 2425 1443 2494 ejus
1472 2426 1693 2479 assccla:
1728 2423 1859 2476 nihil
1896 2424 2103 2475 ratione
2128 2436 2245 2490 per-

688 2520 1005 2589 spicientes,
1046 2521 1226 2572 omnia
1260 2516 1500 2571 furenter
1527 2514 1871 2570 contumeliis
1901 2512 2197 2567 all'ecerunt
2225 2530 2237 2565 :

687 2618 945 2679 tanquam
980 2611 1157 2665 omnis
1195 2609 1462 2678 cupiditas
1507 2608 1579 2661 sit
1628 2606 1787 2668 mala,
1823 2605 1983 2673 cujus
2022 2604 2240 2675 quidem

686 2699 879 2753 modus
912 2709 965 2753 et
996 2704 1474 2768 temperamentum
1505 2693 1802 2763 legitimum
1838 2699 1991 2747 extra
2026 2690 2239 2760 culpam

684 2800 739 2846 et
768 2792 976 2845 crimen
1004 2797 1086 2845 est
1115 2808 1125 2841 :
1148 2789 1472 2843 abstinentia
1495 2802 1624 2842 vero
1644 2800 1743 2857 pro
1762 2783 1970 2839 viribus
1999 2788 2238 2853 spectata

684 2884 804 2937 laus
834 2892 916 2937 est
945 2883 1277 2937 admirabilis
1303 2881 1531 2934 virtutis.

760 2974 814 3026 Si
832 2974 975 3027 enim
997 2974 1119 3043 quis
1148 2972 1427 3027 abstinens
1458 2968 1745 3025 laudabilis
1766 2974 1849 3023 est
1876 2965 2019 3037 apud
2045 2963 2233 3028 Deum,

683 3080 793 3119 non
826 3064 965 3117 male
990 3066 1043 3118 in
1068 3070 1337 3134 potestate
1364 3062 1483 3130 ejus
1519 3068 1621 3127 est,
1654 3061 1708 3115 id
1729 3060 1885 3128 cujus
1912 3058 2237 3112 abstinentia

681 3156 913 3210 cilicium
965 3164 1048 3209 est
1088 3153 1342 3223 perfecta:
1380 3152 1619 3207 virtutis.
1682 3151 1913 3206 laxima
1964 3150 2109 3205 enim
2156 3148 2238 3217 ja-

680 3258 836 3303 ctura
889 3246 1074 3311 ileret,
1108 3246 1154 3300 si
1188 3246 1241 3299 in
1272 3252 1540 3317 potestate
1586 3244 1705 3313 ejus
1751 3257 1857 3297 non
1908 3249 2073 3302 esset.
2120 3250 2237 3293 tan-

2348 2070 2591 2124 6άλλοντι
2625 2070 2925 2141 παράλογος
2958 2070 3257 2141 ἐλέγχεται.
3281 2069 3435 2123 Οὕτω
3454 2069 3519 2140 δὴ
3548 2072 3647 2123 καὶ
3669 2074 3771 2140 τῆς
3788 2072 3909 2141 πρὸς

2346 2163 2444 2226 τάς
2478 2162 2648 2233 μίξεις
2674 2161 2902 2233 ὀρέξεως
2927 2164 2961 2234 ἡ
3002 2163 3097 2233 μὲν
3130 2163 3355 2233 νόμιμος
3384 2162 3579 2233 χρῆσις
3611 2165 3712 2216 καὶ
3749 2163 3909 2233 μέτρα

2348 2254 2686 2323 γινώσκουσα
2733 2255 3057 2327 ἀνέγκλητος
3090 2254 3391 2319 παντελῶς·
3436 2257 3469 2327 ὴ
3510 2256 3568 2309 δὲ
3601 2256 3909 2329 παράνομός

2346 2364 2405 2400 τε
2432 2347 2522 2400 καὶ
2563 2348 2797 2418 ἀμετρος
2822 2347 2918 2418 τῆς
2945 2347 3235 2410 ἀκολασίας
3264 2347 3525 2417 προσάγει
3550 2347 3611 2400 τδ
3642 2348 3905 2417 ἔγκλημα.

2346 2438 2527 2508 Μηδὲν
2572 2439 2748 2491 τοίνυν
2786 2439 2863 2509 τῷ
2892 2438 3133 2509 λογισμῷ
3173 2441 3307 2509 μήτε
3339 2443 3367 2493 ὀ
3400 2440 3595 2509 Μάνης
3627 2440 3908 2509 καθεωρα-

2347 2529 2474 2591 κὼς,
2492 2531 2625 2599 μήτε
2650 2532 2699 2583 οἱ
2724 2531 2781 2595 ιε
2805 2532 3009 2584 ἑκείνου
3039 2532 3213 2585 πάντα
3233 2531 3485 2603 φέροντες
3510 2531 3763 2601 μανικῶς
3788 2530 3908 2585 καθ-

2348 2622 2589 2691 ύϐρισαν,
2616 2624 2691 2686 ὼς
2728 2624 2905 2693 πάσης
2946 2624 3236 2694 ἐπιθυμίας
3282 2624 3449 2695 οὔσης
3493 2626 3709 2695 κακῆςο
3741 2619 3812 2697 ἧς
3855 2626 3909 2676 τὸ

2348 2714 2543 2785 μέτρον
2589 2716 2684 2784 μὲν
2732 2716 2977 2787 νομίμως
3028 2717 3297 2771 ἀναίτιον·
3333 2719 3366 2787 ή
3406 2716 3465 2770 δὲ
3499 2717 3645 2770 κατά
3683 2717 3907 2788 δύναμιν

2344 2806 2521 2875 ἀποχὴ
2551 2808 2642 2858 καὶ
2670 2806 2973 2877 θαυμασίας
3002 2824 3066 2875 γε
3101 2809 3300 2879 ἀρετῆς
3336 2808 3714 2879 εὐδοκίμησις.

2410 2981 2472 3033 El
2527 2982 2631 3050 γὰρ
2682 2982 3011 3053 ἀπεχόμενος
3052 3000 3137 3047 τις
3180 2983 3456 3047 ἐπαινετὸς
3492 2984 3647 3055 παρά
3676 2985 3819 3057 Θεῷ,
3847 2987 3903 3039 οὗ

2344 3071 2525 3135 κακῶς
2549 3089 2611 3141 γε
2632 3076 2804 3126 ἐκεῖνο
2824 3076 2888 3144 τῇ
2912 3074 3127 3147 ἐξουσία
3153 3077 3495 3147 παράκειται,
3514 3072 3579 3130 οὗ
3592 3093 3657 3144 γε
3676 3079 3711 3148 ὴ
3732 3079 3901 3149 ἀποχὴ

2342 3162 2546 3225 τελείας
2570 3164 2764 3233 ἀρετῆς
2782 3164 3106 3234 κατόρθωμα
3124 3182 3137 3194 ·
3166 3165 3333 3235 ζημία
3356 3160 3564 3235 γὰρῆν,
3584 3168 3633 3218 εί
3662 3168 3741 3238 μὴ
3772 3185 3903 3239 παρ-

2344 3254 2515 3305 έκειτο
2543 3255 2574 3323 ἡ
2607 3253 2884 3317 ἀνωτάτω,
2908 3256 2984 3316 ὠς
3016 3255 3076 3307 οὐ
3118 3256 3271 3308 κενὸν
3300 3255 3387 3308 διὰ
3408 3256 3507 3326 τῆς
3530 3258 3750 3328 ἀποχῆς
3774 3260 3900 3327 ἀγα-

677 3354 841 3409 quani
898 3352 1006 3392 non
1058 3344 1241 3407 posset
1282 3337 1369 3391 edi
1412 3336 1584 3390 virtus
1628 3350 1725 3404 per
1777 3332 2160 3387 abstinentiam
2216 3350 2267 3409 ;4

2344 3344 2424 3397 θὸν
2456 3345 2863 3415 ἀποφανθῆναι·
2898 3348 3023 3400 ἀνευ
3052 3346 3161 3418 γὰρ
3187 3347 3278 3399 τοῦ
3313 3348 3386 3417 μὴ
3420 3346 3647 3416 ποιῆσαι
3682 3349 3901 3403 τούναν-

678 3430 784 3484 nisi
820 3429 963 3484 enim
998 3427 1334 3482 contrarium
1368 3426 1481 3481 ﬁeri
1513 3425 1708 3496 possit,
1737 3441 1845 3480 non
1887 3431 2066 3493 potest
2118 3422 2233 3477 ﬁeri

2344 3436 2467 3500 τίον,
2485 3436 2602 3501 ἐξὸν
2622 3437 2840 3507 ποιῆσαι
2854 3436 2914 3490 τὸ
2930 3437 3115 3501 κακὸν,
3132 3439 3229 3490 οὐκ
3256 3438 3334 3490 ενι
3355 3440 3661 3493 τούναντίον
3678 3458 3900 3511 πεποιη-

680 3522 880 3575 malum
914 3538 929 3587 ;
956 3535 1131 3591 neque
1156 3534 1347 3574 rursus
1384 3518 1498 3573 ﬁeri
1524 3526 1701 3588 potest
1722 3518 1943 3581 bonum,
1973 3516 2078 3569 nisi
2111 3530 2235 3585 pos-

2340 3528 2491 3580 κέναι
2536 3529 2711 3583 δοκεῖν
2742 3531 2803 3583 τὸ
2844 3530 3066 3598 ἀγαθὸν.
3094 3529 3169 3593 ὡς
3198 3530 3456 3594 πολλάκις
3492 3532 3802 3604 ὲδεὶξαμεν.
3848 3534 3901 3586 '0

678 3614 749 3667 sit
786 3613 1018 3675 malum,
1050 3621 1108 3665 ut
1156 3624 1299 3679 sape
1331 3609 1845 3664 demonstravimus.
1900 3608 2232 3664 Manichaaus

2344 3619 2391 3672 δὲ
2424 3620 2613 3690 Μάνης
2652 3622 2882 3689 τάγαθόν
2916 3639 2974 3674 τε
3006 3623 3098 3675 καὶ
3126 3622 3222 3692 τὴν
3248 3623 3445 3694 ἀρετὴν
3486 3623 3778 3695 ἀτιμάζει,
3808 3627 3900 3695 τὴν

675 3712 855 3758 autem
893 3704 1093 3758 bonum
1130 3710 1183 3757 et
1216 3702 1465 3756 virtutem
1498 3700 1807 3765 inbonorat,
1830 3715 1953 3755 cum
1995 3710 2234 3772 potesta-

2344 3710 2583 3777 ἐξουσίαν
2612 3713 2704 3766 καὶ
2731 3712 2789 3765 τὺ
2817 3712 3097 3785 ἐλεύθερον
3126 3712 3384 3777 κακίζων.

671 3804 783 3849 tem
813 3802 866 3849 et
899 3794 1198 3849 libertatem
1226 3792 1517 3863 vituperat.

1436 3884 1565 3939 CAP.
1596 3882 1805 3939 XXXV.
1836 3883 1911 3939 De
1937 3887 2241 3953 corporibus
2271 3888 2575 3943 inanimali:
2602 3888 2830 3945 Heneti:
2859 3891 3091 3946 insania.

744 3999 1013 4055 Frater-ea
1058 4009 1168 4050 non
1220 3994 1389 4064 pudet
1442 3994 1622 4050 dicere
1678 3996 1945 4048 animatos
1990 4009 2110 4049 esse
2151 3994 2222 4048 la-

2404 3994 2514 4047 οὐκ
2555 3996 2863 4065 αἰσχύνεται
2896 3996 2951 4049 δὲ
2983 3995 3076 4049 καὶ
3102 3996 3226 4074 τψς
3263 3994 3440 4060 λίθους
3464 3997 3781 4067 ὲψυχῶσθαι
3811 4000 3894 4056 Mc

670 4093 823 4165 pides
843 4130 858 4155 ,
881 4100 934 4145 et
964 4087 1309 4144 introducere
1333 4087 1513 4139 omnia
1548 4085 1804 4149 animata,
1832 4093 1883 4139 et
1915 4101 2033 4154 qua:
2056 4086 2228 4139 mani-

2344 4101 2463 4153 γων,
2500 4085 2693 4139 καὶτὰ
2739 4087 2914 4139 πάντα
2969 4085 3204 4156 ἔμψυχα,
3244 4086 3337 4139 καὶ
3368 4085 3435 4139 τά
3483 4088 3671 4155 σαφῶς
3719 4091 3893 4162 ἀψυχα

672 4186 809 4239 feste
850 4190 976 4238 sunt
1018 4181 1334 4242 inanimata,
1370 4186 1628 4246 tanquam
1668 4176 1759 4229 illa
1801 4178 1973 4232 virtus
2002 4178 2138 4244 ,boni
2171 4178 2226 4231 in

2344 4177 2740 4249 εἰσηγούμενος·
2767 4180 2842 4242 ὡς
2862 4179 2955 4231 ἀπ’
2982 4178 3194 4247 ἐκείνης
3227 4176 3291 4248 δὴ
3315 4181 3411 4247 τῆς
3443 4178 3535 4231 τοῦ
3564 4181 3777 4248 ἀγαθοῦ
3810 4185 3892 4238 δυ-

673 4274 940 4342 lapidibus
965 4271 1126 4324 etiam
1162 4270 1502 4323 contineatur
1532 4285 1546 4331 ;
1582 4268 1681 4334 qui
1696 4281 1876 4337 usque
1912 4268 2050 4323 adeo
2085 4268 2225 4338 quod

2344 4270 2563 4339 θάμεως,
2594 4269 2673 4323 ἔτι
2717 4270 2812 4324 καὶ
2867 4272 2925 4323 ὲν
2969 4271 3133 4333 λίθοις
3176 4271 3578 4343 κατεχομένης·
3641 4276 3892 4330 τοσοῦτοι

670 4365 739 4415 ab
797 4362 929 4431 ipsis
981 4360 1294 4419 honoratur,
1366 4358 1433 4411 ad
1492 4356 1783 4413 ludibrium
1844 4366 1899 4413 et
1962 4359 2224 4414 vilitatem

2344 4362 2553 4429 ιατάγει
2586 4360 2647 4414 τὸ
2673 4364 2801 4432 παρ’
2846 4361 3022 4415 αὐτῶν
3052 4360 3355 4431 τιμώμενον
3394 4364 3474 4426 είς
3519 4362 3678 4436 ὓϐριν
3718 4385 3778 4420 τε
3808 4372 3891 4423 καὶ

668 4455 873 4523 dejicit,
907 4461 965 4506 ut
994 4459 1241 4505 naturam
1282 4450 1405 4503 boni
1440 4449 1493 4502 in
1519 4449 1785 4517 lapidibus
1811 4450 2063 4505 inanimis
2094 4451 2228 4521 liga-

2344 4454 2619 4517 εὐτέλειαν,
2649 4454 2789 4511 ὥστε
2813 4454 2911 4524 τὴν
2945 4453 3103 4523 φύσιν
3134 4453 3227 4506 τοῦ
3262 4454 3467 4521 ἀγαθοῦ
3498 4459 3593 4510 καὶ
3629 4462 3687 4512 ὲν
3732 4460 3890 4523 λίθοις

668 4556 776 4598 tam
807 4559 927 4597 esse
961 4543 1123 4595 dicat.
1163 4540 1440 4594 Amrmare
1480 4548 1660 4593 autem
1691 4540 1775 4594 sic
1804 4556 1861 4595 se
1886 4540 2087 4596 habere
2119 4542 2223 4595 ista
2256 4529 2267 4583 Ι

2344 4542 2551 4613 ιψύχοις
2584 4545 2809 4612 φάσκειν
2843 4545 3208 4615 πεπεδῆσθαι”
3251 4546 3392 4619 ἅπερ
3424 4547 3599 4613 οὕτως
3630 4550 3779 4620 ἔχειν
3816 4553 3889 4607 δι-

666 4651 785 4705 quae
815 4634 1158 4701 dicit,qualis
1194 4631 1419 4686 insania:
1456 4630 1715 4685 indicium
1738 4647 1858 4688 esse
1885 4633 2130 4688 dicitur?
2163 4634 2221 4688 Si

2346 4636 2710 4707 σχυρίζεσθαι,
2731 4636 2974 4702 ποίαςάν
3000 4652 3083 4699 τις
3104 4638 3291 4706 φήσειε
3312 4640 3505 4708 μανίας
3523 4636 3664 4694 εῖναι
3686 4647 3891 4715 τεκμήο

662 4728 808 4781 enim
840 4725 895 4777 in
939 4723 1205 4793 lapidibus
1235 4722 1559 4785 continetur,
1594 4722 1739 4792 quod
1766 4739 1795 4777 a
1837 4723 1944 4779 Deo
1992 4726 2219 4781 missum

2344 4742 2470 4789 nov;
2504 4726 2566 4778 Εί
2591 4726 2698 4798 γὰρ
2716 4728 2771 4779 ἐν
2793 4726 2958 4789 λίθοις
2986 4722 3268 4797 κατέχεται
3298 4732 3356 4783 τὸ
3384 4732 3531 4801 παρά
3563 4733 3658 4786 τοῦ
3683 4736 3885 4803 ἀγαθοῦ

664 4826 769 4879 est,
802 4816 912 4885 jam
945 4816 1074 4869 vicit
1110 4815 1348 4883 nequitia
1379 4832 1393 4877 ;
1432 4822 1622 4868 contra
1649 4816 1831 4884 ligato,
1866 4816 2011 4887 quod
2051 4817 2117 4869 ad
2155 4816 2222 4869 li-

2344 4815 2585 4885 ιεμφθὲν,
2616 4817 2716 4887 ἤδη
2776 4814 3059 4886 νενίκηκεν
3097 4820 3131 4888 ἡ
3164 4820 3359 4873 κακία·
3393 4822 3703 4879 τούναντίον
3750 4826 3887 4880 δεδε-

664 4906 899 4975 gandum
932 4913 1171 4967 venerat,
1202 4904 1334 4957 dicit
1366 4905 1556 4960 animae
1589 4905 1827 4977 lapidum
1858 4916 1910 4965 et
1939 4909 2214 4977 lignorum

2344 4906 2481 4958 ιένου
2506 4906 2599 4959 τού
2630 4906 2785 4977 δῆσαι
2820 4909 3259 4979 παραγενομένου
3274 4928 3290 4944 ·
3313 4913 3406 4965 καὶ
3426 4915 3662 4967 ποιεῖται
3685 4920 3885 4987 τεκμήο

664 4998 924 5051 indicium
948 5011 1069 5052 esse
1103 5010 1298 5051 sonum
1324 4996 1378 5049 in
1412 5011 1533 5052 aere
1560 4997 1753 5069 lapidis
1788 5008 1842 5053 et
1872 5000 2051 5071 virgae,
2088 5008 2215 5053 tan-

2344 5013 2432 5049 nov
2462 4995 2561 5066 τῆς
2583 4998 2687 5049 τῶν
2710 4997 2871 5052 λίθων
2897 5000 2991 5052 καὶ
3019 4999 3127 5052 τῶν
3161 4999 3332 5068 ξύλων
3360 5002 3536 5074 ψυχῆς
3559 5005 3655 5060 τὸν
3675 5008 3738 5060 ὲν

660 5104 823 5157 quam
871 5087 1103 5144 audierit
1168 5087 1459 5157 aliquando
1516 5103 1703 5144 vocem
1759 5090 2003 5159 ipsorum
2064 5093 2217 5145 arti-

2344 5085 2520 5139 ;τύπον
2548 5086 2695 5139 λίθου
2726 5103 2786 5139 τε
2817 5087 2911 5139 καὶ
2944 5087 3160 5158 ῥάϐδου,
3184 5091 3371 5164 ὥσπερ
3407 5094 3673 5166 ἐνάρθρου
3703 5098 3881 5167 φωνῆς

660 5182 922 5233 culatam.

2344 5176 2491 5229 ιύτῶν
2519 5177 2735 5231 πώποτε
2760 5178 3065 5245 διακούσας.

731 5267 825 5323 Est
872 5277 1051 5324 autem
1100 5268 1241 5339 apud
1285 5284 1385 5325 nos
1432 5271 1592 5326 etiam
1640 5270 1897 5340 cogitatio
1934 5280 1987 5327 et
2020 5288 2214 5336 sermo

660 5363 871 5422 anima;
900 5361 989 5430 qui
1024 5375 1359 5431 nequaquam
1386 5361 1602 5415 auditur
1636 5380 1651 5427 ;
1696 5362 1841 5432 quod
1866 5364 2013 5418 enim
2043 5379 2113 5419 au
2129 5366 2212 5419 di-

658 5459 768 5515 tur,
806 5465 1060 5520 percusso
1095 5466 1219 5507 aere
1263 5466 1358 5519 per
1398 5452 1817 5506 instrumentum
1862 5466 2213 5522 corporeum,

656 5541 872 5595 auditur
910 5558 921 5591 :
962 5540 1105 5611 quod
1155 5540 1370 5609 quidem
1425 5540 1627 5611 absque
1682 5547 1826 5595 motu
1876 5542 2107 5597 rationis
2150 5542 2203 5595 in

656 5632 1021 5686 animantibus
1082 5632 1290 5685 ratione
1353 5632 1664 5688 carentibus
1712 5633 1941 5688 inveniri
2001 5642 2196 5703 potest,

658 5738 776 5792 quae
802 5725 1033 5777 clamant
1058 5724 1295 5792 quidem,
1331 5725 1426 5781 sed
1464 5740 1575 5781 non
1604 5725 1912 5792 articulate,
1948 5730 2072 5797 quia
2108 5744 2165 5781 ra
2187 5758 2206 5769 -

658 5814 802 5866 tione
833 5814 1035 5881 privata
1057 5823 1204 5870 sunt.

2313 5475 2457 5523 στον,
2476 5459 2638 5531 ἀέρος
2664 5460 3027 5531 πληττομένου
3044 5462 3134 5516 διὰ
3161 5463 3252 5518 τοῦ
3284 5466 3596 5536 σωματικοῦ
3616 5469 3871 5538 ὀργάνου·

2310 5550 2446 5621 ὅπερ
2476 5549 2597 5621 δίχα
2623 5551 2720 5621 τῆς
2746 5550 2967 5624 λογικῆς
2990 5556 3273 5626 κινήσεως,
3300 5558 3395 5610 καὶ
3419 5560 3513 5611 ἐπὶ
3532 5559 3644 5612 τῶν
3666 5559 3873 5628 ἀλέγων

2310 5638 2455 5710 εὖροι
2498 5656 2583 5704 τις
2639 5641 2724 5704 ἂν,
2763 5642 3009 5711 βοώντων
3040 5646 3158 5716 μὲν,
3186 5646 3432 5718 ἄναρθρα
3461 5647 3543 5716 δὲ,
3575 5650 3763 5723 ἐπειδὴ
3790 5648 3869 5704 M-

2310 5748 2404 5797 -ίου
2442 5732 2752 5802 ἐστέρηται.
