4044 6324
679 382 820 440 m1

1813 373 1948 430 τιτι
1983 370 2409 429 οοετιιεηειδ
2444 369 2741 428 ΕΠΞΕΟΡΙ

677 504 938 569 appareat
964 512 980 559 ;
1009 497 1140 565 quis
1164 489 1344 545 omnis
1370 489 1614 546 suavitas
1642 487 1805 545 nimis
1835 504 2004 552 mera,
2033 503 2226 545 nocent

2341 487 2572 558 γαληνὸν
2616 488 2733 557 μετ’
2779 483 3090 556 ἐμϐριθείας
3131 481 3544 554 ἐμφαινόντων·
3591 481 3673 545 ὡς
3719 482 3892 539 Im

675 600 765 647 est
815 597 872 644 et
919 586 1126 640 ratione
1159 583 1334 640 aliena
1393 599 1404 634 :
1458 582 1720 636 severitas
1777 595 1908 636 vero
1945 591 2000 636 et
2051 589 2235 636 auste-

677 681 816 735 ritas
841 676 977 739 sola,
1011 675 1298 731 suavitatis
1336 687 1554 742 expers,
1589 672 1655 728 ad
1692 673 1961 728 feritatem
1985 681 2040 728 et
2077 672 2236 726 inhu-

678 773 997 826 manitatem
1046 773 1272 838 spectat.
1302 763 1602 835 Utrumque
1624 773 1800 819 autem
1823 764 2048 834 corrigit
2065 771 2119 817 et
2143 761 2238 819 de-

679 862 862 924 lectat,
897 859 1165 915 exh'ilarat
1190 864 1243 910 et
1272 856 1511 912 deterret
1544 876 1557 910 :
1599 857 1864 927 promittit
1889 856 2235 920 suavitatem,

677 958 731 1006 et
778 950 1017 1004 minatur
1058 957 1320 1002 terrorem
1366 963 1380 1000 :
1433 945 1704 1016 protendit
1748 959 1898 1014 spem
1944 944 2233 1008 donorum,

678 1053 732 1097 et
770 1038 1112 1097 subostendit
1164 1038 1462 1108 periculum
1509 1038 1934 1108 suppliciorum;
1985 1053 2054 1092 ne
2091 1037 2233 1091 ratio

675 1147 867 1189 eorum
895 1133 988 1202 qui
1033 1132 1088 1185 in
1130 1131 1293 1186 terris
1323 1139 1629 1195 versantur,
1663 1128 1891 1184 mollitia
1930 1136 1986 1183 et
2018 1128 2238 1182 laxitate

679 1219 1022 1288 propriarum
1049 1232 1229 1272 rerum
1259 1218 1313 1271 in
1352 1218 1618 1287 ignaviam
1652 1217 2034 1290 demergatur;
2064 1231 2238 1287 neque

680 1316 940 1379 perpetuo
984 1315 1129 1363 metu
1175 1323 1434 1378 percussa
1473 1323 1615 1363 cuca
1648 1308 1739 1362 ﬁat
1778 1327 1792 1362 :
1826 1307 1921 1363 sed
1955 1309 2135 1378 potius
2165 1321 2234 1362 ex

681 1406 910 1467 utraque
949 1406 1104 1468 parte
1143 1406 1197 1452 et
1246 1397 1310 1454 ad
1347 1398 1596 1453 timorem
1637 1397 1730 1454 Dei
1775 1406 1829 1453 et
1871 1397 1938 1452 ad
1981 1398 2232 1454 virtutem

680 1487 1020 1544 instituatur.

2346 579 2444 650 μὲν
2471 579 2767 649 χρηστότης
2789 577 3017 646 ἂκρατος
3045 574 3184 640 λίαν,
3209 573 3512 644 meum;
3546 586 3604 625 τι
3651 574 3744 626 καὶ
3780 574 3892 628 ἅλο-

2341 683 2466 737 τος·
2521 667 2804 739 ἔμσρίθεια
2855 665 2910 719 δὲ
2966 668 3060 719 καὶ
3112 663 3449 736 αὐαιηράιης
3507 661 3633 716 καθ’
3684 663 3888 732 ἑαυτὴν,

2345 759 2706 829 χρηστότητος
2747 756 3064 828 ἀμοιροῦσα,
3102 756 3235 827 πρὸς
3278 756 3576 824 ἀγριότητα
3609 751 3709 806 ιιι
3738 752 3890 805 ἀπαν-

2345 849 2586 920 θρωπίαν
2627 850 2748 918 ὁρᾷ.
2810 846 3146 916 Ἑκάτεραδὶ
3181 844 3421 900 παιδεύει
3453 861 3514 897 τε
3552 845 3654 896 καὶ
3704 843 3886 914 ἡδύνει,

2343 940 2532 1010 τέρπει
2573 954 2630 991 τε
2674 939 2766 991 καὶ
2814 936 3065 1005 ἔκφοὸεῖ·
3107 936 3494 1004 mansum:
3538 934 3886 1004 χρηστότητι,

2339 1030 2433 1082 καὶ
2462 1028 2673 1083 ἀπειλεί
2717 1027 2953 1098 φοϐερά·
3003 1028 3268 1098 προτείνει
3312 1025 3501 1098 δώρων
3550 1025 3770 1084 ἐλπίδα,
3814 1024 3889 1075 καὶ

2346 1122 2732 1192 παραδείκνυσι
2773 1119 3047 1190 τιμωριῶν
3088 1119 3325 1172 κίνδυνον
3344 1135 3359 1148 ·
3399 1115 3475 1182 ὡς
3501 1115 3567 1170 ἂν
3590 1119 3622 1169 ὁ
3651 1116 3890 1183 λογισμὸς

2341 1212 2447 1264 τῶν
2499 1211 2588 1264 ἐπὶ
2634 1210 2737 1280 γῆς
2786 1208 3207 1278 πολιτευομένων
3268 1209 3404 1277 μήτε
3449 1208 3748 1277 χαυνότητι
3801 1204 3895 1258 τῶν

2340 1300 2510 1368 ἡδέων
2543 1297 2950 1369 καταδαπτισθῇ
2993 1297 3125 1368 πρὸς
3160 1297 3394 1365 ἄμετρον
3425 1296 3736 1366 ῥαστώνην,
3772 1297 3892 1364 μήτι

2340 1391 2665 1458 ἁδιαλείπτῳ
2702 1389 2809 1442 δέει
2843 1389 2950 1441 τῶν
2991 1388 3167 1457 φόϐων
3211 1386 3566 1454 διεκπλαγεὶς
3607 1385 3857 1458 πληρωθῇ
3877 1403 3891 1415 ο

2339 1483 2454 1535 ἀλλ’
2490 1481 2828 1552 ἑκατέρωθεν
2876 1481 3107 1552 μετρίως
3141 1479 3538 1549 παιδαγωγηθῇ
3580 1479 3721 1550 πρὸς
3752 1476 3894 1532 εὐλά-

2340 1572 2491 1627 ϐειάν
2513 1591 2569 1627 τε
2594 1575 2685 1628 καὶ
2708 1575 2924 1646 ἀρετήν.

698 1693 3883 1726 W

1635 1851 2061 1914 PREFATIO
2103 1853 2186 1914 IN
2229 1853 2527 1916 LIBRUM
2570 1853 2951 1915 TERTIUM.

749 2013 884 2080 Qua
909 2014 1282 2087 superioribus
1308 2013 1460 2070 libris
1489 2021 1602 2068 tum
1635 2029 1702 2069 ex
1732 2015 1895 2072 rebus
1924 2018 2104 2088 ipsis,’
2120 2027 2226 2074 tum

2406 2020 2488 2074 Τά
2519 2021 2617 2091 μὲν
2643 2014 2736 2073 οὖν
2757 2019 3026 2090 ἐμπροθεν
3047 2018 3110 2071 ἐκ
3133 2033 3193 2071 τε
3219 2019 3325 2070 τῶν
3346 2020 3710 2088 πραγμάτων
3739 2024 3899 2075 αὐτῶν

680 2122 745 2162 ex
793 2107 1175 2162 communibus
1223 2107 1539 2161 notionibus
1586 2105 1732 2160 dicta
1779 2119 1941 2176 sunt,
1989 2109 2226 2167 fortassit

2340 2110 2432 2162 καὶ
2452 2109 2562 2161 τῶν
2579 2109 2769 2162 κοινῶν
2793 2108 3007 2161 ὲννοιῶν
3018 2105 3299 2178 εἰρημένα,
3325 2107 3556 2160 πάντων
3578 2107 3648 2161 ἂν
3675 2110 3800 2174 ἴσως
3819 2111 3897 2164 καὶ

676 2197 920 2252 omnium
970 2198 1064 2268 qui
1096 2205 1246 2251 extra
1279 2194 1578 2252 Ecclesiam
1624 2204 1786 2260 sunt,
1838 2209 2070 2254 mentem
2122 2215 2240 2254 mu-

2337 2200 2445 2254 τῶν
2467 2200 2622 2262 ἐκτὸς
2635 2200 2730 2270 τῆς
2747 2198 3065 2269 Ἐκκλησιας
3086 2198 3173 2249 τὸν
3187 2196 3307 2250 νοῦν
3319 2198 3711 2266 άσφαλίσαιτο,
3741 2202 3896 2270 μηδα-

680 2291 798 2342 nire
829 2295 1089 2358 possunt,
1127 2294 1188 2340 ut
1217 2286 1610 2356 blasphemiam
1646 2283 1926 2343 Μειδίοδεί
1961 2289 2016 2343 in
2051 2300 2226 2344 aucto-

2339 2292 2453 2363 μῶς
2492 2289 2805 2362 προσίεσθαι
2829 2291 2921 2342 τοῦ
2941 2289 3211 2350 Μάνεντος
3232 2288 3330 2357 τὴν
3354 2289 3501 2340 κατὰ
3523 2289 3623 2341 τοῦ
3651 2293 3901 2361 Δημιονρ

680 2393 794 2433 rem
842 2378 1082 2434 universi
1126 2391 1235 2432 non
1281 2377 1589 2432 admittant.
1634 2375 1770 2442 Quia
1801 2394 1930 2433 vero
1958 2380 2116 2434 aliam
2146 2395 2226 2435 ve-

2337 2382 2434 2451 γοῦ
2463 2383 2571 2435 τῶν
2605 2382 2740 2435 ὅλων
2768 2380 3130 2450 βλασφημίαν.
3174 2378 3384 2449 Ἐπειδὴ
3415 2380 3473 2431 δὲ
3509 2378 3693 2451 θήραν
3722 2381 3898 2450 ἑτέραν

677 2468 949 2523 nationem
995 2475 1184 2522 contra
1241 2483 1335 2523 eos
1374 2468 1466 2539 qui
1511 2468 1651 2522 intra
1695 2467 1998 2523 Ecclesiam
2075 2479 2233 2534 sunt,

676 2571 893 2627 gravem
923 2555 1139 2626 quidem
1168 2555 1312 2610 illam
1339 2564 1392 2610 et
1420 2557 1777 2626 periculosam
1807 2565 2102 2614 meditatus
2129 2570 2233 2625 est,

675 2647 919 2716 qumdam
947 2648 1000 2703 in
1025 2646 1325 2718 Scripturis
1349 2648 1553 2702 sant-tis
1586 2647 1731 2702 dicta
1761 2648 1828 2703 ad
1857 2664 2011 2705 suam
2045 2648 2233 2705 falsam

675 2739 983 2794 doctrinam
1017 2753 1112 2808 per
1142 2739 1249 2792 vim
1278 2738 1607 2808 detorquens
1634 2758 1648 2794 :
1683 2747 1897 2810 tempus
1925 2750 2009 2796 est
2036 2782 2050 2804 ,
2083 2750 2141 2795 ut
2168 2759 2232 2796 ex

675 2828 873 2883 divinis
910 2827 1208 2898 Scripturis
1240 2827 1644 2885 confutationes
1675 2841 1866 2885 contra
1899 2846 2021 2885 eum
2065 2833 2233 2901 agite-

679 2929 803 2970 mus
824 2955 838 2978 ,
875 2915 942 2968 ad
973 2914 1327 2968 muniendum
1359 2931 1453 2970 eos
1482 2918 1574 2986 qui
1607 2918 1739 2986 ipsis
1775 2915 2070 2988 Scripturis
2108 2935 2233 2974 san-

675 3009 777 3058 ctis
811 3001 1062 3067 credunt,
1085 3003 1177 3073 qui
1205 3004 1457 3059 absurdis
1487 3016 1539 3060 et
1568 3006 2016 3074 improbabilihus
2044 3024 2230 3063 earum

677 3096 1219 3165 interpretationibus
1267 3097 1536 3151 interdum
1589 3098 1658 3152 ab
1699 3099 1793 3152 illo
1843 3098 2229 3169 decipiuntur;

671 3188 828 3240 vario
851 3186 994 3241 enim
1025 3185 1241 3240 failendi
1272 3187 1500 3241 artiiicio
1528 3201 1765 3242 errorem
1797 3203 1953 3259 quem
1985 3189 2231 3258 adiutore

671 3278 887 3333 diabolo
910 3280 1267 3349 excogitavit,
1307 3279 1523 3336 ﬁrmare
1550 3282 1782 3345 nititur;
1822 3281 1965 3349 apud
2001 3281 2229 3351 gentiles

2336 2476 2474 2529 κατὰ
2503 2474 2608 2528 τῶν
2643 2474 2750 2527 ἀπὸ
2775 2475 2875 2544 τῆς
2903 2473 3219 2543 Ἐκκλησίας
3256 2473 3598 2543 μεμελέτηκε
3641 2473 3822 2545 δεινήν
3843 2491 3895 2527 τε

2336 2568 2430 2620 καὶ
2463 2565 2724 2636 χαλεπὴν,
2743 2567 2926 2636 ῥήσεις
2953 2563 3103 2628 τινάς
3135 2563 3241 2616 τῶν
3261 2564 3430 2630 ἁγίων
3465 2564 3705 2634 Γραφῶν
3730 2566 3899 2618 £164.:-

2335 2656 2555 2727 ξάμενος
2600 2658 2734 2727 πρὸς
2781 2656 2880 2726 τὴν
2929 2653 3090 2708 αὑτοῦ
3131 2654 3514 2727 ψευδολογίαν·
3559 2655 3683 2725 ὥρα
3707 2656 3772 2725 δὴ
3808 2656 3890 2708 καὶ

2331 2748 2458 2810 τοὺς
2490 2747 2594 2800 άπὸ
2625 2746 2731 2799 τῶν
2759 2745 2914 2798 θείων
2940 2745 3168 2815 Γραφῶν
3197 2745 3446 2814 ἐλέγχους
3476 2747 3601 2797 κατ’
3637 2745 3807 2798 αὑτοῦ
3827 2763 3893 2798 κιο

2335 2836 2666 2906 νῆσαι,πρὸς
2696 2835 2990 2904 ἀσφάλειαν
3011 2834 3118 2886 τῶν
3144 2836 3500 2887 πιστευόντων
3533 2837 3654 2896 ταῖς
3680 2834 3891 2887 ἀλλοκό-

2331 2945 2441 2990 τοις
2463 2929 2553 2980 καὶ
2577 2927 2693 2979 λίαν
2720 2925 2995 2987 ἀπιθάνοις
3020 2926 3330 2994 ἑρμηνείαις
3352 2925 3494 2976 ἔστιν
3516 2925 3604 2977 ὅτε
3627 2910 3769 2994 πρὸς
3793 2923 3892 2977 τῶν

2333 3019 2537 3071 ἐκείνου
2584 3019 2974 3086 πλανωμένων·
3007 3018 3260 3079 ποικίλως
3307 3018 3412 3085 γὰρ
3465 3015 3791 3084 μεθοδεῦων,
3828 3016 3890 3082 ἣν

2332 3106 2588 3174 ἐπενόησε
2644 3107 2927 3175 συνεργείᾳ
2975 3106 3067 3158 τοῦ
3116 3105 3354 3158 διαὸόλου
3399 3104 3629 3172 πλάνην,
3693 3105 3887 3174 [quem

2331 3200 2619 3266 ἐπιχειρεῖ·
2663 3199 2788 3266 παρ’
2822 3196 3040 3265 Ἕλλησι
3087 3198 3182 3266 μὲν
3223 3198 3283 3249 οὐ
3322 3196 3389 3248 τὰ
3422 3196 3644 3247 ἐκείνων
3665 3193 3886 3262 ἀνατρέο

2331 3287 2547 3350 πων,τά
2571 3287 2626 3340 δὲ
2659 3288 2858 3340 ἐλάττω
2885 3286 3027 3340 κακὰ
3049 3287 3182 3355 πρὸς
3206 3285 3711 3355 μείζονα-ἀσεϐείας
3733 3288 3887 3354 ὗγκον

671 3369 889 3438 quidem
923 3383 1032 3423 non
1054 3346 1335 3424 ireieliens
1371 3371 1584 3424 illorum
1618 3346 1904 3442 dogmata:
1945 3346 2064 3440 qua:
2101 3385 2226 3425 vero

2333 3346 2584 3450 ἐξαίρων.
2620 3378 3048 3450 κακόηθέστερον
3088 3346 3432 3449 ίελληνισμὺν
3456 3346 3767 3448 ἐφηγεῖται.

671 3458 882 3511 minora
915 3459 1054 3511 maia
1089 3465 1248 3521 sunt,
1286 3459 1341 3512 in
1391 3461 1649 3527 majorem
1695 3459 1891 3513 molem
1941 3459 2230 3529 impietatis

670 3547 934 3601 extollens
955 3585 968 3610 ,
997 3547 1393 3616 perversiorem
1423 3547 1811 3604 Heilenismum
1844 3551 2160 3605 introducit.

739 3635 948 3701 Quibus
991 3635 1103 3692 fere
1148 3638 1214 3692 ad
1260 3641 1441 3694 omnia
1472 3639 1742 3694 consimili
1776 3641 2030 3710 Opinione
2057 3642 2229 3695 mala-

668 3739 792 3781 rum
820 3733 874 3781 et
903 3725 1163 3781 falsarum
1193 3727 1560 3783 doctrinarum
1589 3729 2016 3793 circumvectus,
2045 3744 2230 3784 acces-

669 3817 877 3872 sionem
908 3815 1189 3872 ﬂctionum
1216 3833 1437 3874 suarum
1467 3819 1708 3872 immittit
1737 3837 1750 3872 :
1786 3820 1928 3889 apud
1965 3819 2228 3875 Christia-

671 3921 774 3963 nos
805 3921 934 3963 vero
961 3908 1170 3964 scilicet
1201 3923 1320 3979 qua:
1349 3908 1782 3965 Christianorum
1817 3921 1942 3967 sunt
1963 3951 1978 3975 ,
2009 3926 2227 3980 aggres-

673 4011 767 4053 sus
789 4036 804 4062 ,
834 4006 890 4052 et
917 3998 1295 4068 probabilitate
1321 3999 1560 4053 nominis
1589 3998 1794 4055 Christi
1818 4042 1832 4066 ,
1856 4008 1911 4055 et
1940 4000 2223 4054 verborum

671 4088 965 4157 Scriptura:
986 4129 1002 4155 ,
1026 4096 1081 4144 et
1109 4091 1386 4144 modestiae
1413 4092 1594 4160 specie
1612 4129 1628 4155 ,
1662 4091 1846 4161 lupum
1879 4088 2098 4160 quidem
2133 4091 2224 4159 qui

665 4188 750 4235 est
776 4180 926 4249 ipse,
969 4182 1116 4235 intus
1153 4181 1317 4250 tegit,
1348 4184 1542 4251 pellem
1575 4197 1703 4237 vero
1731 4183 1849 4238 ovis
1883 4183 2225 4240 extrinsecus

666 4270 926 4338 indutus,
959 4270 1188 4326 edicitur
1223 4271 1357 4329 falsa
1393 4273 1545 4327 stella
1574 4273 1758 4344 gregi:
1798 4283 1960 4343 atque
2003 4272 2078 4326 ita
2123 4273 2226 4326 im.-

664 4363 1109 4434 prndentioribus
1134 4371 1187 4419 et
1218 4364 1398 4430 minus
1426 4367 1667 4422 cordatis
1689 4374 1881 4430 nocet,
1909 4367 1997 4421 cui
2031 4382 2225 4436 propo-

663 4454 828 4509 situm
853 4462 970 4518 est.
1000 4455 1327 4525 impietatem
1355 4458 1588 4511 maxime
1614 4456 1857 4512 omnium
1885 4471 2079 4513 novam
2109 4465 2222 4510 tum

664 4561 695 4598 a
729 4559 820 4610 se,
851 4554 967 4599 tum
997 4546 1067 4600 ab
1095 4547 1215 4600 aliis
1245 4546 1519 4617 colligere.
1554 4545 1620 4602 Ut
1649 4556 1828 4603 autem
1857 4547 2041 4602 nullus
2064 4546 2223 4601 Chri-

2397 3634 2494 3702 Οἷς
2521 3640 2704 3709 σχεδὸν
2732 3641 2868 3710 πρὸς
2899 3639 3112 3694 ἃπασαν
3155 3641 3678 3712 συμπεριαγόμενος,
3703 3641 3882 3711 φασὶν,

2323 3729 2575 3800 ὁμοδοξία
2616 3732 2800 3784 κακῶν
2833 3731 3109 3802 σφαλερῶν
3141 3732 3472 3803 μαθημάτων
3503 3732 3602 3802 τὴν
3642 3733 3881 3802 προσθή-

2326 3841 2430 3893 κην
2478 3823 2584 3876 τῶν
2628 3820 2819 3875 ἑαυτοῦ
2860 3822 3186 3893 πλασμάτων
3214 3820 3581 3891 παρεμϋάλλει
3603 3839 3614 3852 ·
3651 3823 3801 3892 παρὰ
3829 3822 3881 3875 δῦ

2325 3915 2664 3985 Χριπιανοῖς
2706 3915 2772 3967 τὰ
2800 3913 3134 3981 Χριστιανῶν
3167 3912 3325 3983 δῆθεν
3356 3912 3572 3982 μετιὼν,
3602 3916 3698 3966 καὶ
3732 3915 3880 3966 πιθα-

2325 4006 2501 4075 νότητι
2525 4005 2783 4074 ὀνόματός
2803 4022 2859 4057 τε
2886 4004 3117 4077 Χριστοῦ
3145 4006 3236 4057 καὶ
3264 4005 3518 4074 ῥημάτων
3539 4004 3637 4073 τῆς
3662 4005 3879 4074 Γραφῇ-

2327 4095 2622 4158 ὲπιεικείας
2645 4096 2896 4165 ἑμφάσει,
2928 4097 3018 4147 τὸν
3038 4097 3134 4164 μὲν
3166 4095 3344 4156 λύκον,
3367 4095 3502 4164 ὅπερ
3522 4096 3688 4159 αὐτός
3710 4099 3874 4157 ἐστιν,

2325 4186 2532 4239 ἔνδοθεν
2576 4187 2809 4248 σκέπων,
2837 4187 2897 4240 τὺ
2919 4187 2974 4240 δὲ
3008 4183 3196 4238 κώδιον
3227 4184 3418 4250 ἔξωθεν
3453 4186 3875 4257 περιτιθέμενος,

2323 4277 2504 4346 ἀπάτη
2553 4277 2778 4346 ἀστέρος
2827 4275 2903 4345 τῷ
2955 4276 3188 4344 ποιμνίῳ
3225 4275 3496 4342 γίγνεται·
3530 4275 3624 4327 καὶ
3647 4275 3790 4328 οὕτω
3819 4276 3878 4344 δὴ

2321 4370 2446 4430 τοὺς
2473 4363 2634 4438 ἦττον
2654 4367 2927 4437 ἔμφρονας
2949 4364 3306 4434 καταλάμπει,
3341 4364 3432 4417 καὶ
3461 4364 3519 4433 δὴ
3551 4364 3878 4435 προθέμενος

2323 4463 2642 4528 καινοτάτην
2668 4458 2918 4512 άσέδειαν
2942 4453 3287 4527 ὲρὰνίσασθαι
3321 4455 3449 4525 παρ’
3472 4456 3665 4509 ἑαυτοῦ
3700 4473 3759 4508 τε
3793 4460 3878 4509 καὶ

2323 4546 2451 4615 παρ’
2488 4545 2680 4600 ἄλλων.
2721 4545 2807 4607 Ὠς
2833 4543 2898 4596 ἂν
2931 4543 3118 4612 μηδεὶς
3142 4543 3250 4595 τῶν
3280 4544 3617 4614 Χριστιανῶν
3639 4545 3877 4613 ἐπεγνω-

661 4636 871 4690 stianus
894 4636 1190 4691 novitatem
1220 4651 1408 4692 eorum
1441 4639 1705 4693 malorum
1737 4653 1860 4708 qua:
1887 4638 2216 4707 collegisset,

2330 4637 2492 4689 κεότων
2534 4635 2804 4702 ἐξετάζειν
2838 4632 2969 4701 γοῦν
2999 4633 3298 4704 ἐπιχειροίη
3336 4634 3434 4703 τὴν
3460 4634 3755 4704 καινότητα
3778 4637 3879 4687 τῶν

659 4729 960 4796 expendere
993 4728 1184 4782 saltem
1216 4737 1268 4783 et
1299 4730 1648 4786 considerare
1679 4728 2085 4800 aggrederetur,
2116 4727 2218 4783 Pa-

658 4818 918 4872 racletum
946 4834 1004 4873 se
1034 4819 1355 4889 appellavit,
1386 4835 1489 4874 usu
1518 4819 1756 4874 nominis
1775 4858 1791 4883 ,
1817 4818 1962 4889 quod
1991 4835 2096 4874 non
2125 4835 2216 4876 so-

657 4909 766 4960 lum
801 4923 962 4977 supra
1003 4909 1303 4976 hominem,
1342 4913 1436 4965 sed
1470 4925 1634 4980 supra
1663 4909 1910 4980 angelum
1942 4910 2218 4977 est,l’aila-

2325 4726 2700 4796 ηρανισμένων
2744 4725 2834 4777 ὑπ’
2867 4723 3029 4778 αὑτοῦ
3057 4725 3259 4786 κακῶν,
3287 4723 3637 4794 Παράκλητον
3663 4730 3880 4796 apocri-

2321 4833 2420 4868 πεν
2451 4815 2659 4876 ἑαυτὸν,
2684 4813 2942 4883 ὀνόματος
2963 4813 3061 4883 οὐχ
3086 4813 3221 4882 ὑπὲρ
3238 4813 3518 4883 ἄνθρωπον
3541 4814 3726 4882 μόνον,
3750 4814 3878 4867 ἀλλὰ

2320 4908 2410 4960 καὶ
2455 4907 2592 4977 ὑπὲρ
2623 4905 2870 4973 ἄγγελον,
2893 4905 3080 4976 χρήσει
3113 4904 3172 4956 τὸ
3208 4905 3478 4976 ἀπατηλὸν
3512 4906 3764 4959 σκέπωνο
3795 4908 3874 4959 ἵνα

655 5000 794 5053 ciam
839 5013 992 5054 suam
1035 5011 1219 5070 tegens
1260 5016 1323 5055 ac
1369 5000 1766 5068 dissimulans;
1799 5011 1858 5054 ut
1893 5003 2215 5056 auctoritate

2330 4998 2395 5069 τῷ
2447 4997 2741 5066 ἀξιοπίστῳ
2795 4996 2892 5065 τῆς
2944 4996 3306 5067 προσηγορίας
3353 4995 3676 5065 ἀδιακρίτως
3702 5001 3751 5050 οἱ
3788 4998 3868 5050 καὶ

655 5090 1031 5158 appellationis
1057 5092 1344 5162 probabili,
1371 5093 1617 5147 homines
1639 5092 1840 5162 alioqui
1869 5093 2041 5155 stulti,
2064 5092 2216 5146 nullo

655 5180 900 5234 adhibito
941 5182 1182 5250 judicio,
1211 5200 1333 5253 qua:
1374 5184 1537 5248 dicit,
1583 5183 2058 5251 amplecterentur.
2091 5182 2206 5236 Ali-

671 5267 870 5336 waiido
895 5272 1055 5324 etiam
1082 5282 1336 5342 tanquam
1367 5273 1644 5343 apostolus
1670 5271 1794 5326 Iesu
1819 5272 2054 5335 Christi,
2083 5273 2210 5326 har-

655 5360 799 5413 .iaris
833 5376 1026 5429 genere
1047 5403 1060 5426 ,
1094 5361 1234 5416 idem
1265 5378 1458 5432 genere
1491 5373 1544 5418 et
1577 5371 1754 5417 mente
1805 5364 2068 5419 barbarus
2113 5366 2208 5418 im-

655 5452 906 5517 pietatem
947 5468 1039 5521 per
1073 5454 1328 5523 epistolas
1355 5454 1538 5509 tradit.
1577 5453 1678 5509 Sevi
1715 5454 1779 5509 de
1811 5455 1896 5510 his
1929 5465 2136 5525 postea.

724 5539 797 5593 Ex
831 5540 1155 5612 Scripturis,
1181 5561 1300 5614 quze
1321 5556 1445 5600 sunt
1473 5544 1682 5600 Veteris
1702 5543 2030 5600 Testamenti
2049 5588 2062 5610 ,
2089 5548 2209 5600 illas

655 5632 876 5686 ascribit
897 5635 1166 5705 nequitiae,
1191 5651 1354 5707 quam
1380 5647 1564 5702 vocat,
1589 5637 1758 5708 legem
1781 5638 1988 5692 scilicet
2010 5648 2062 5691 et
2086 5655 2210 5708 pro-

655 5723 876 5789 phetas"
918 5725 1202 5798 Evangelia
1240 5745 1366 5784 vero
1393 5737 1443 5783 ct
1482 5729 1686 5798 reliqua
1734 5727 1865 5785 Novi
1901 5728 2206 5784 Testamen-

2315 5088 2488 5151 ἄλλως
2521 5087 2736 5157 ἀνόητοι
2786 5085 3045 5155 δέχωνται
3087 5085 3154 5138 τά
3192 5085 3474 5154 λεγόμενα.
3517 5087 3672 5140 Ἐστι
3710 5088 3756 5140 δ’
3791 5091 3870 5141 ὅτε

2317 5177 2411 5231 καὶ⁸
2435 5177 2509 5241 ὡς
2534 5175 2828 5238 ἀπόστολος
2865 5173 3038 5244 Ἰησοῦ
3066 5175 3298 5246 Χριστοῦ
3325 5176 3617 5246 βαρὸάροις
3640 5177 3702 5228 τὺ
3726 5178 3870 5244 γένος

2314 5277 2342 5326 ὁ
2377 5271 2647 5343 βάρϐαρος
2677 5269 2768 5322 καὶ
2803 5266 2957 5333 γένος
2991 5268 3084 5320 καὶ
3109 5265 3330 5335 γνώμην
3353 5266 3448 5335 τὴν
3471 5265 3727 5319 ἀσέϐειαν
3762 5268 3867 5318 ὲπι-

2313 5364 2540 5416 στέλλει.
2571 5361 2681 5413 Καὶ
2717 5359 2839 5428 περὶ
2872 5357 2970 5426 μὲν
2999 5359 3201 5409 τούτων
3223 5354 3465 5425 ὕστερον.

2377 5538 2498 5590 Τῶν
2529 5537 2584 5589 δὲ
2612 5533 2841 5606 Γραφῶν
2867 5533 2963 5595 τάς
2990 5531 3085 5601 μὲν
3115 5528 3470 5599 παλαιοτέρας
3496 5529 3776 5599 ἀνατίθησι
3798 5531 3853 5594 τῇ

2312 5631 2447 5701 πρὸς
2486 5627 2647 5680 αὑτοῦ
2680 5625 2942 5697 λεγομένῃ
2963 5623 3145 5693 κακία,
3170 5622 3330 5690 νόμον
3357 5637 3413 5673 τε
3441 5621 3532 5672 καὶ
3555 5621 3848 5691 προφήτας*

2311 5728 2375 5780 τὰ
2404 5727 2457 5780 δὲ
2486 5724 2790 5791 Εὐαγγέλια
2835 5724 2926 5777 καὶ
2956 5721 3022 5776 τά
3067 5719 3226 5774 λοιπὰ
3251 5719 3347 5788 τῆς
3369 5718 3575 5784 Καινῆς
3601 5713 3852 5778 suam;
