4044 6324
161 432 307 490 ηοο

160 635 355 705 φησίν.
381 636 512 688 Οὐδὲ
551 634 722 688 ταῦτα
779 635 886 706 μὴν
930 638 961 688 ό
1001 636 1101 705 τῆς
1137 637 1485 710 βλασφημίας
1514 641 1738 714 εὑρετὴς

157 730 552 802 ὃιισχυρίζεται
603 728 670 781 δι’
715 727 840 781 ὅλου
892 727 1216 800 καθαρεύειν
1261 729 1387 783 τοῦ.
1431 730 1507 794 ῶς
1553 749 1736 802 φησιν,

157 823 409 878 ἀναντίου
431 821 585 876 Θεοῦ⁸
601 822 927 894 ἐνυπάρχειν
951 823 1007 877 δὲ
1033 825 1128 877 καὶ
1150 824 1376 891 τούτοις,
1394 825 1580 900 ῶσπερ
1601 829 1742 882 κατά

156 931 291 968 ⁸τινα
331 913 498 986 μίξιν,
530 912 702 966 πολλά
734 913 835 984 τῆς
874 915 964 967 ὑπ’
997 916 1160 969 αὑτοῦ
1206 917 1543 989 καλουμένης
1580 919 1736 992 Din;-

158 1005 269 1060 καὶ
296 1007 512 1076 χρῆναι,
545 1004 718 1058 ταῦτα
751 1005 1087 1076 περιελόντα,
1124 1007 1260 1078 μόνα
1293 1009 1412 1063 καθ’
1444 1011 1612 1064 ἐαυτά
1643 1029 1744 1064 κα-

157 1097 436 1162 ταλιπεῖν,
469 1096 505 1151 ἃ
527 1099 594 1168 τῇ
616 1095 711 1150 τοῦ
737 1096 940 1164 ἀγαθοῦ
972 1098 1146 1170 μερίδι
1173 1099 1464 1168 λογίζεται.

242 1187 399 1243 οὕτω
420 1188 531 1241 τῶν
564 1187 732 1257 ἁγίων
758 1187 987 1260 Γραφῶν
1015 1189 1430 1262 τὴνδιόρθωσιν,
1449 1193 1523 1256 ὡς
1550 1191 1739 1256 οἴεται,

159 1276 297 1333 καθ’
315 1277 505 1332 ἑαυτὸν
533 1278 1062 1350 μεταχειριζόμενος,
1096 1280 1187 1334 καὶ
1221 1282 1307 1334 διὰ
1329 1282 1484 1335 τοῦτο
1514 1283 1744 1353 μάλιστα

158 1367 386 1438 τολμῶν
437 1369 795 1440 Παράκλητος
851 1363 989 1423 εἷναι
1033 1371 1232 1435 δοκεῖν,
1273 1371 1343 1424 τὰ
1390 1374 1486 1442 μὲν
1529 1373 1745 1425 πλείονα

164 1455 532 1530 περιγράφεις
567 1459 772 1530 βραχέα
804 1460 898 1512 καὶ
924 1460 1257 1521 καταλιπὼν,
1291 1462 1382 1513 καὶ
1409 1463 1505 1532 τῆς
1540 1462 1745 1532 Καινῆς

163 1548 449 1622 Διαθήκης
491 1549 760 1605 ποθοῦντα
801 1550 909 1604 τῶν
951 1550 1228 1619 συγγενῶν
1272 1551 1444 1620 λόγων
1474 1551 1572 1624 τὴν
1607 1570 1745 1624 συμ-

265 1641 402 1696 νίαν.

265 1660 402 1696 νιαν.

163 1660 428 1786 φωοίεται
460 1732 559 1802 μὲν
583 1732 764 1803 πᾶσαν
786 1731 1081 1801 ἀσφάλειαν
1098 1732 1212 1802 (49)
1231 1733 1647 1801 περιτεθεῖσθαι,
1674 1735 1748 1800 ὼς

169 1821 320 1894 μόνα
341 1821 404 1892 δὴ
423 1822 492 1876 τά
514 1822 787 1892 δυνάμενα
816 1819 1228 1894 προσέλκεσθαι,
1256 1824 1388 1895 πρὸς
1413 1825 1449 1877 τι
1469 1826 1751 1896 τερατεύε-

653 488 669 501 ο
1255 432 1618 493 Αονεειευε
1655 432 2078 498 ΙΛΝΙΟΗιΕΟθ
2112 440 2240 498 LIB.
2274 441 2356 499 III.

162 542 464 616 μαθήματα
497 543 646 616 παρὰ
671 543 770 614 μὲν
799 542 895 598 τοῦ
918 542 1143 612 ἀγαθοῦ,
1164 546 1240 610 ὡς
1267 545 1456 612 οἴεται,
1489 549 1732 605 δεδόσθαι

1860 553 1876 608 i
1906 569 1936 608 a
1963 555 2108 611 bono
2139 555 2264 611 data
2291 569 2414 612 esse
2437 553 2589 623 dicit,
2607 561 2666 612 ut
2691 563 2862 628 putat.
2899 556 3002 615 Sed
3027 572 3126 614 nec
3143 559 3255 616 haec
3275 563 3398 633 qui-

3256 447 3395 505 1210

1843 646 1964 702 dem
2002 647 2106 702 iste
2144 643 2774 718 inventor'blasphemise
2796 649 3024 704 allirmat
3045 665 3169 707 esse
3190 666 3255 706 ex
3282 659 3400 708 toto

1841 753 1870 792 a
1921 740 2196 794 contrario
2241 737 2336 794 Dei
2371 753 2543 794 vacua
2589 747 2644 794 et
2683 755 2851 810 pura,
2895 741 2991 796 sed
3038 755 3162 796 esse
3208 741 3264 796 in
3311 742 3400 799 his

1843 829 2013 883 multa
2057 843 2089 884 ι
2134 829 2394 894 materia,
2443 844 2607 899 quam
2651 838 2842 894 vocat,
2885 828 3150 897 admista,
3182 842 3400 902 oporte-

1846 935 2014 989 reque
2045 918 2132 974 his
2165 920 2362 977 ablatis
2395 922 2511 976 sola
2545 921 2884 991 relinquere,
2918 937 3039 992 quae
3080 922 3146 977 ad
3189 932 3400 993 partem

1841 1010 1968 1065 boni
2003 1019 2215 1082 reputat
2243 1012 2532 1082 pertinere.

1916 1182 2008 1239 Sic
2053 1184 2445 1240 correctionem
2493 1191 2804 1240 sanctarum
2853 1182 3289 1255 Scripturarum,
3341 1188 3403 1238 ut

1848 1277 2123 1348 opinatur,
2158 1277 2310 1332 solus
2341 1277 2658 1345 aggrediens
2678 1316 2692 1341 ,
2719 1284 2774 1331 et
2808 1276 2908 1330 hac
2939 1275 3280 1344 potissimum
3311 1289 3404 1328 ra-

1845 1368 1992 1423 tione
2023 1384 2189 1424 ausus
2215 1367 2385 1423 videri
2420 1367 2764 1432 Paracletus,
2797 1367 3025 1436 plurima
3056 1367 3270 1436 quidem
3297 1365 3405 1418 tol-

1848 1461 1945 1525 lit,
1993 1475 2188 1530 pauca:
2214 1476 2340 1516 vero
2387 1458 2520 1513 Novi
2564 1459 2896 1514 Testamenti
2945 1459 3236 1528 relinquit,
3281 1473 3408 1527 qua:

1848 1559 2174 1607 concentum
2209 1566 2272 1605 ac
2305 1549 2651 1606 concordiam
2684 1566 2805 1605 cum
2845 1552 3091 1621 cognatis
3134 1549 3406 1605 sermoni-

1847 1642 1951 1699 bus
1987 1642 2314 1698 desiderant.

1917 1733 2078 1790 Putat
2108 1735 2325 1805 quidem
2350 1750 2564 1792 omnem
2596 1733 2982 1803 blasphemiam
3011 1733 3092 1787 eis
3122 1730 3410 1801 imposuis-

1851 1839 1910 1879 se
1933 1864 1948 1888 ,
1986 1831 2046 1878 ut
2079 1825 2170 1894 qui
2207 1825 2296 1878 illa
2326 1825 2501 1879 solum
2535 1824 2842 1893 reliquerit,
2875 1839 2995 1892 qua:
3025 1820 3091 1874 ad
3126 1820 3215 1874 illa
3250 1835 3410 1874 nion-

163 1927 266 1966 ται
295 1910 697 1974 καταλελοιπώς
719 1929 732 1942 ·
770 1911 922 1964 οὐδὲν
948 1912 1004 1964 δὲ
1032 1907 1192 1984 ἦττον
1221 1913 1314 1966 καὶ
1355 1911 1526 1965 ταῦτα
1563 1914 1748 1981 σαφῶς

1856 1924 1966 1970 stra
1995 1931 2115 1986 quae
2146 1915 2335 1986 tingit,
2367 1916 2507 1969 trahi
2547 1915 2761 1985 possint
2789 1933 2802 1968 :
2849 1912 3015 1967 nihilo
3051 1926 3184 1966 vero
3225 1910 3410 1966 minus

165 1999 342 2054 αὐτοῦ
387 2000 646 2072 διελέγχει
697 2001 795 2071 τὴν
847 2002 1085 2075 ἄμετρον
1140 2004 1354 2074 μανίαν,
1389 2004 1483 2069 ὼς,
1531 2006 1746 2059 ἐπειδὰν

165 2091 308 2162 περὶ
335 2091 474 2146 αὐτὰ
497 2093 743 2164 γένηται,
773 2092 908 2148 Θεοῦ
943 2095 1294 2166 παρέχοντος,
1319 2094 1478 2160 δείξει
1512 2097 1695 2165 σαφῶς
1719 2099 1747 2150 ό

164 2181 354 2251 λόγος.

249 2272 494 2326 Δεικτέον
514 2270 568 2326 δέ
593 2271 829 2344 πρῶτον,
845 2274 992 2337 ὅπως
1013 2273 1202 2343 ἄλογον
1227 2279 1455 2330 ποιεῖται
1484 2277 1580 2348 τὴν
1609 2278 1749 2332 κατὰ

165 2363 287 2417 τῶν
325 2363 692 2436 ἀρχαιοτέρων
733 2364 905 2432 ἁγίων
955 2365 1184 2435 Γραφῶν
1230 2365 1594 2438 βλασφημίαν,
1646 2387 1747 2421 πα-

166 2454 470 2526 λαιοτέροις
504 2456 605 2526 μὲν
637 2455 803 2510 αὑτοῦ
832 2460 1088 2527 πονηροῖς
1127 2459 1351 2530 ἀνδράσι
1395 2461 1486 2512 καὶ
1515 2460 1620 2512 ἀπὸ
1648 2463 1746 2531 τῆς

183 2545 515 2616 Ἐκκλησίας
552 2547 984 2618 ἀποκηρυχθεῖσι
1032 2550 1171 2602 κατὰ
1201 2549 1355 2604 τοῦτο
1391 2551 1744 2621 συνενεχθεὶς,

167 2638 248 2707 τῇ
293 2636 337 2689 δ’
368 2636 589 2708 ἀσεϐείᾳ.
621 2639 829 2701 πάντας
880 2641 1121 2705 ἐκείνους
1155 2641 1636 2712 ὑπερῆαλλόμενος.
1685 2644 1747 2696 Ei

173 2728 283 2798 μὲν
307 2722 420 2793 οὖν,
458 2728 705 2800 καθάπερ
732 2729 990 2800 Ἕλληνες
1018 2732 1302 2784 ἀπιστοῦσι
1332 2733 1604 2796 παντελῶς
1630 2738 1748 2797 ταῖς

168 2817 440 2886 ἱστορίαις
489 2817 595 2870 τῶν
650 2817 903 2888 Γραφῶν,
949 2818 1092 2872 οὕτω
1127 2820 1189 2890 δὴ
1225 2823 1471 2884 κάκεῖνος
1510 2823 1748 2875 ἀπιστῶν

169 2907 403 2976 ἔφασκε,
439 2909 756 2980 μηδαμῶςῆ
785 2909 860 2973 ὡς
893 2909 1049 2979 ἔτυχε
1083 2910 1149 2962 τὰ
1177 2912 1363 2964 αὐτόθι
1397 2913 1750 2983 ἱστορούμενα

170 3002 482 3067 γεγονέναι,
507 3001 617 3053 οὒτ’
650 3001 716 3054 ἂν
765 3003 925 3071 ἡμεῖς
953 3018 1005 3055 τι
1035 3001 1170 3072 πρὸς
1200 3003 1359 3055 αὑτὸν
1395 3005 1524 3073 περὶ
1552 3004 1751 3057 τούτων

172 3087 497 3159 ἐκινοῦμεν,
549 3087 658 3140 οὒτ’
699 3089 765 3142 ἀν
818 3080 977 3152 αὐτὸς
1029 3088 1198 3158 μείζω
1265 3088 1354 3141 τὸν
1408 3088 1624 3159 ἔλεγχον
1667 3089 1754 3143 διὰ

170 3177 384 3231 τούτων
410 3178 724 3248 ὑπέμεινεν.

1850 2008 2012 2062 etiam
2045 2009 2161 2063 haec
2193 2008 2367 2078 ipsius
2394 2009 2717 2071 amentiam,
2758 2013 2812 2060 et
2853 2003 3088 2059 furorem
3135 2016 3408 2058 summum

1852 2105 2188 2170 coarguunt,
2224 2107 2284 2153 ut
2307 2099 2530 2168 juvante
2564 2097 2672 2152 Deo
2699 2106 2882 2166 aperte
2907 2095 3206 2165 disputatio
3227 2132 3242 2158 ,
3277 2105 3406 2146 cum

1853 2194 1907 2248 in
1937 2193 2018 2247 eis
2051 2191 2379 2255 versabitur,
2416 2189 2651 2244 docebit.

1923 2283 2327 2342 Ostendendum
2358 2284 2521 2354 igitur
2551 2283 2726 2353 primo
2752 2287 2834 2336 est
2863 2294 3022 2350 quam
3052 2276 3328 2331 dementer
3354 2272 3412 2328 in

1852 2388 2070 2434 sanctas
2098 2376 2408 2445 Scripturas
2435 2383 2643 2429 veteres
2670 2372 3014 2440 blasphemus
3036 2375 3147 2431 est,
3174 2379 3410 2420 consen-

1853 2470 1993 2524 tiens
2036 2469 2298 2522 hactenus
2339 2479 2462 2519 cum
2511 2479 2572 2519 se
2604 2461 3031 2532 antiquioribus,
3062 2458 3195 2512 viris
3227 2455 3415 2526 pravis

1851 2568 1904 2614 et
1931 2560 1998 2613 ab
2028 2557 2271 2612 Ecclesia
2307 2556 2494 2625 ejectis
2520 2596 2534 2620 ,
2579 2555 2857 2625 impietate
2897 2565 3026 2605 vero
3053 2563 3243 2603 omnes
3290 2547 3415 2600 illos

1855 2665 2141 2720 superans.
2180 2647 2238 2702 Si
2274 2649 2438 2718 igitur
2471 2647 2613 2702 sicut
2641 2644 2868 2715 gentiles
2895 2641 3138 2695 historiis
3166 2637 3417 2707 Scriptu-

1852 2756 2037 2795 rarum
2065 2739 2282 2809 penitus
2310 2754 2417 2791 non
2448 2736 2711 2799 credunt,
2745 2733 2824 2788 sic
2851 2734 3012 2787 etiam
3044 2729 3132 2784 ille
3159 2744 3265 2783 non
3291 2742 3416 2782 creo

1856 2832 1992 2886 dens
2018 2830 2319 2899 Scripluris
2341 2869 2356 2893 ,
2381 2840 2723 2896 nequaquam
2756 2834 2849 2878 aut
2876 2822 3098 2877 fortuito
3125 2819 3266 2874 facta
3294 2832 3418 2873 esse

1859 2938 1978 2992 qua:
2004 2923 2057 2976 in
2087 2923 2166 2976 eis
2191 2931 2500 2983 narrantur,
2533 2919 2754 2979 diceret,
2789 2930 2962 2985 neque
2994 2928 3093 2968 nos
3122 2910 3416 2982 quidquam

1859 3021 2048 3068 contra
2071 3028 2194 3068 eum
2223 3012 2287 3066 de
2311 3011 2396 3065 his
2417 3010 2818 3078 disputaremus
2842 3045 2858 3070 ,
2884 3019 2984 3061 nec
3013 3004 3129 3073 ipse
3157 3003 3416 3070 majorem

1859 3102 2282 3160 confutationem
2316 3115 2410 3172 per
2446 3100 2558 3154 haec
2594 3098 2821 3154 subiret.

266 3269 417 3324 Ἐπεὶ
434 3270 490 3324 δὲ
515 3246 613 3341 τὴν
651 3271 747 3341 μὲν
769 3271 1024 3341 ἀλήθειαν
1056 3271 1236 3334 αὐτοῖς
1257 3270 1348 3324 τοῦ
1379 3273 1564 3335 Ὄντος
1594 3289 1750 3340 γεγο-

1932 3282 2038 3341 Sed
2073 3281 2200 3350 quia
2236 3279 2514 3333 veritatem
2557 3274 2650 3328 Dei
2685 3273 2739 3326 in
2772 3273 2852 3327 eis
2894 3269 3062 3325 fuisse
3103 3271 3413 3327 attestatur,

177 3364 336 3419 νέναι
364 3363 778 3436 προσομολογεῖ,
818 3363 994 3415 αἰτίαν
1034 3361 1091 3412 δὲ
1125 3362 1327 3416 τούτων
1359 3359 1495 3416 εἶναι
1537 3363 1632 3434 τὴν
1679 3364 1752 3433 μὴ

173 3450 345 3510 οὖσαν
375 3452 571 3507 κακίαν
595 3453 746 3522 φησί’
769 3452 912 3522 ςφέρε
942 3453 1034 3505 καί⁸
1056 3451 1148 3504 νῦν
1182 3452 1573 3523 ἀποδείξωμεν,
1607 3455 1752 3515 ὅπως

173 3545 277 3609 τὰς
305 3545 542 3617 μεγάλας
565 3543 842 3614 ἐνεργείας
877 3543 1180 3619 ἀνατίθησι,
1210 3545 1304 3597 καὶ
1324 3545 1392 3596 τὰ
1416 3545 1585 3615 μείζω
1618 3544 1752 3598 θαύ-

179 3653 330 3707 ματα
371 3639 437 3705 τῇ
492 3633 884 3704 διαϐαλλομένῃ
929 3633 1064 3703 πρὸς
1098 3633 1261 3687 αὑτοῦ
1295 3635 1462 3706 κακία
1496 3635 1569 3706 μὴ
1594 3634 1751 3699 νοῶν,

178 3729 281 3781 ἆτε
313 3724 376 3797 δὴ
407 3726 496 3777 τὸν
524 3724 780 3794 λογισμὸν
813 3721 1160 3792 τυφλώττων,
1187 3723 1285 3786 τὰς
1330 3723 1663 3795 παραδόξους
1697 3726 1754 3776 ἐν

177 3821 302 3880 ταῖς
345 3816 608 3886 ἱστορίαις
659 3814 752 3867 τοῦ
801 3813 935 3867 Θεοῦ
978 3814 1072 3868 τοῦ
1105 3813 1436 3886 δημιουργοῦ
1478 3816 1586 3868 τῶν
1619 3815 1754 3868 ὅλων

179 3907 515 3978 οἰκονομίας.

253 4001 390 4070 Φησὶ
419 3997 477 4052 δὲ
503 3999 636 4070 πρὸς
661 3995 804 4062 λέξιν
829 3995 996 4067 αὐτὴν
1025 3996 1304 4068 ἐκεῖνος,ἢ
1334 3997 1517 4067 ἕτερός
1543 4014 1626 4060 τις
1650 3997 1754 4050 τῶν

179 4091 280 4143 ἀπ’
309 4089 538 4152 ἐκείνου,
564 4087 872 4159 ἐπιγράψας
895 4087 953 4138 τὸ
974 4086 1262 4156 κεφάλαιον
1288 4090 1413 4157 περὶ
1435 4087 1531 4157 τῆς
1551 4087 1756 4158 ἀνθρω-

184 4184 349 4252 πίνης
377 4180 845 4252 πρωτοπλαστίας·
875 4179 1111 4247 Ἐπειδὴ
1143 4180 1248 4252 γὰρ
1273 4179 1546 4250 ἔγνωσαν
1577 4181 1630 4232 ot
1658 4179 1758 4248 ἁρ-

185 4289 422 4342 χοντες,
459 4272 538 4338 ὡς
585 4273 652 4326 ἐκ
704 4271 809 4326 τοῦ
856 4269 1261 4338 παραιρεῖσθαι
1292 4269 1357 4324 τὸ
1389 4268 1756 4336 ἁπαξαπλῶς

185 4367 480 4436 ἐμπίπτον
505 4366 593 4432 εις
619 4365 841 4431 αὐτοὺς
864 4365 1044 4433 μέρος
1075 4363 1181 4417 τοῦ
1213 4361 1426 4432 φωτὸς,
1450 4364 1637 4430 ταχὺς
1663 4363 1754 4416 ἐπ’

184 4457 406 4524 αὐτοὺς
436 4459 470 4511 ὁ
500 4457 753 4523 θάνατος
794 4456 925 4524 ἣξει
946 4473 959 4486 ο
1003 4455 1118 4522 τὴν
1156 4455 1243 4519 εις
1272 4454 1344 4507 τὰ
1375 4454 1618 4523 σώματα
1647 4451 1757 4520 τῆς

184 4549 396 4619 ψυχῆς
445 4547 698 4602 κάθοδον
745 4546 1190 4616 ἐμηχανήσατο,
1229 4545 1593 4614 ἀναδραμεῖν
1639 4546 1755 4614 μὲν

186 4642 382 4708 αὐτὴν
403 4640 680 4709 μηδόλως
713 4639 1056 4706 ζητοῦντες,
1090 4637 1466 4693 ἀνελθοῦσαν
1496 4635 1564 4690 δὲ
1600 4636 1754 4705 μηδὲ

190 4731 298 4799 τῆς
324 4731 549 4784 ἀνωθεν
572 4727 804 4793 λήξεως
823 4728 1002 4791 ἀξίαν
1034 4728 1435 4796 εὑρίσκεσθαι,
1464 4723 1754 4795 μιάσματι

186 4823 298 4892 τῆς
329 4822 552 4890 σαρκὸς
581 4820 974 4889 ἀνεχομένην.

260 4902 372 4968 Kal.
407 4916 522 4983 μετ’
550 4911 725 4978 ὀλίγα·
759 4911 854 4964 Διὸ
898 4911 1152 4976 ἕκαστος
1183 4908 1400 4971 αὐτῶν,
1434 4908 1600 4977 φησὶ,
1636 4906 1753 4959 τῶν

188 5003 296 5072 τῆς
332 5005 480 5068 ὕλης
515 5004 843 5070 ἀρχόντων,
886 5000 957 5055 ὃν
988 5003 1210 5070 τρόπον
1234 5001 1610 5069 προείπομεν,
1645 4997 1752 5064 τῆς

190 5093 511 5162 γενομένης
568 5091 861 5159 κινήσεως
906 5091 1132 5154 ἕνεκεν,
1174 5091 1271 5144 καὶ
1316 5090 1420 5143 τοῦ
1463 5088 1757 5157 φανέντος

191 5188 424 5255 πρῶτον
455 5185 548 5238 ἐπ)
579 5183 693 5250 τὴν
722 5185 1024 5251 λύτρωσιν
1057 5182 1166 5250 τῆς
1196 5181 1419 5251 ψυχῆς,
1439 5179 1546 5248 τῆς
1577 5181 1758 5246 θύρας

192 5278 424 5347 πρῶτον
453 5264 825 5343 ἀνοιγείσης,
863 5275 962 5326 ὑπ’
1005 5273 1354 5339 ἐκπλήξεως
1378 5274 1538 5324 ἄκων
1578 5287 1754 5323 κατα-

193 5368 428 5437 πέμψας
457 5366 569 5431 τὴν
592 5367 662 5418 ὲν
690 5362 850 5427 αὐτῷ
877 5363 1150 5430 δύναμιν,
1167 5364 1510 5432 ἐμόρφωσεν
1543 5361 1758 5414 ἑαυτὸν

193 5462 275 5525 είς
297 5456 526 5525 θήραμα
561 5454 666 5522 τῆς
693 5453 917 5522 ψυχῆς,
950 5453 1044 5507 καί
1069 5455 1302 5522 μίμημα
1342 5453 1528 5508 αὐτοῦ
1568 5451 1753 5505 ἔπλαο

193 5567 302 5604 (τεν
357 5550 452 5603 ἐπὶ
509 5547 618 5614 τῆς
675 5547 808 5616 γῆς,
849 5546 955 5599 τοῦ
1003 5544 1526 5608 δυσαποσπάστως
1594 5544 1756 5611 ἔχειν

197 5641 498 5709 ἠνάγκασε
533 5637 639 5702 τὰς
672 5637 874 5707 ψυχὰς
897 5635 1443 5704 κατακηλουμένας.
1472 5633 1581 5686 Καὶ
1609 5631 1757 5685 miti-

267 5795 373 5867 (49)
424 5792 797 5862 immittitur.
830 5791 998 5847 Aliter
1031 5790 1242 5862 legebat
1279 5789 1566 5857 interpres.

1859 3390 2078 3429 causam
2114 3387 2240 3427 vero
2271 3372 2461 3424 horum
2493 3382 2616 3422 esse
2661 3366 2734 3418 ait
2767 3363 3057 3432 nequitiam
3079 3400 3092 3422 ,
3129 3374 3248 3429 quae
3281 3355 3418 3409 nihil

1859 3479 1942 3522 est
1974 3507 1988 3532 ,
2025 3480 2122 3535 age
2143 3505 2158 3528 ,
2189 3464 2483 3517 doceamus
2514 3473 2657 3513 nunc
2679 3497 2692 3520 ,
2727 3453 2998 3525 quomodo
3031 3465 3222 3521 magna
3254 3460 3422 3517 opera

1860 3574 1924 3613 ac
1957 3558 2130 3626 magis
2162 3551 2481 3610 admiranda
2514 3550 2768 3621 nequitia:
2799 3560 2959 3614 quam
2994 3544 3109 3614 ipse
3158 3544 3418 3626 accusat,

1860 3625 2144 3712 attribuit;
2199 3645 2397 3714 quippe
2449 3641 2539 3710 qui
2589 3653 2731 3692 caeca
2782 3635 2991 3688 ratione
3026 3646 3133 3684 non
3167 3625 3420 3722 intelligit

1860 3739 2206 3795 admirabiles
2263 3736 2353 3789 Dei
2408 3731 2669 3786 creatoris
2723 3727 3096 3782 universorum
3150 3719 3420 3791 guberna-

1861 3835 2036 3888 tiones
2067 3847 2129 3884 ac
2159 3826 2526 3901 providentias
2547 3864 2563 3890 ,
2598 3837 2718 3893 qua:
2751 3821 2805 3873 in
2835 3816 3082 3873 histbriis
3113 3813 3382 3868 feruntur.

1929 3992 2017 4044 Ait
2049 3988 2213 4058 igitur
2246 3985 2310 4039 ad
2342 3983 2566 4039 verbum
2609 3980 2722 4034 sive
2770 3977 2859 4028 ille
2885 4014 2900 4037 ,
2931 3973 3046 4027 sive
3090 3970 3228 4024 alius
3265 3966 3420 4037 quis-

1862 4081 2003 4150 piam
2034 4078 2151 4146 ejus
2181 4074 2498 4144 discipul‘us.
2534 4071 2624 4139 qui
2653 4075 2812 4136 caput
2844 4061 3124 4133 inscripsit
3151 4059 3216 4113 de
3242 4059 3416 4128 prima

1861 4169 2186 4224 formatione
2219 4167 2453 4220 humana
2482 4181 2494 4217 :
2533 4162 2670 4226 Quia
2702 4165 3045 4227 cognoverunt
3081 4153 3420 4222 magistratus

1863 4261 2121 4321 materia,
2166 4256 2322 4326 quad,
2362 4255 2407 4307 si
2437 4254 2646 4307 omnino
2673 4266 2797 4320 pars
2839 4247 3050 4301 luminis
3073 4243 3209 4314 quod
3253 4245 3306 4295 in
3333 4257 3420 4294 eos

1862 4351 2065 4414 incidit,
2102 4350 2313 4403 omnino
2345 4348 2659 4415 auferretur,
2680 4359 2819 4395 mors
2849 4343 2921 4394 eis
2950 4338 3237 4393 adventura
3265 4346 3418 4398 esset,

1863 4443 2149 4498 machinati
2177 4450 2298 4494 sunt
2330 4439 2633 4492 descensum
2673 4435 2864 4488 animo!
2903 4434 2957 4485 in
3001 4445 3218 4498 corpora
3245 4444 3263 4481 :
3305 4443 3425 4498 quc

1862 4535 2068 4605 quidem
2115 4549 2176 4586 ne
2219 4531 2329 4585 ullo
2390 4529 2542 4581 modo
2583 4527 2805 4586 rediret,
2850 4523 2982 4576 unde
3042 4519 3421 4584 descendisset,

1859 4627 1958 4696 ipsi
1987 4633 2268 4685 curarent,
2300 4638 2500 4676 reversa
2526 4637 2642 4673 vero
2664 4662 2678 4685 ,
2708 4629 2764 4670 ut
2788 4634 2889 4669 non
2920 4616 3234 4683 reperiretur
3262 4612 3422 4682 digna

1859 4716 2180 4769 habitatione
2211 4727 2428 4781 supera,
2457 4720 2632 4777 utpote
2679 4708 2913 4777 fceditate
2947 4706 3124 4758 carnis
3151 4705 3422 4773 inquinata

1858 4820 1906 4862 et
1933 4808 2158 4876 polluta.

1930 4898 1996 4952 Et
2039 4898 2200 4969 paulo
2250 4903 2407 4965 post:
2461 4892 2807 4958 Quamobrem
2846 4887 3196 4956 unusquisque
3240 4899 3421 4936 eorum

1861 4994 1950 5063 qui
1983 5001 2103 5045 sunt
2144 4991 2488 5058 magistratus
2516 4984 2752 5037 materia'
2774 5023 2788 5044 ,
2817 4981 2948 5033 sicut
2979 4979 3208 5030 diximus
3237 4980 3384 5042 prius
3403 5016 3422 5038 ,

1859 5093 2069 5153 propter
2100 5078 2296 5135 motum
2335 5080 2564 5148 factum,
2595 5087 2641 5129 et
2671 5083 2875 5143 propter
2913 5088 3026 5124 eum
3069 5070 3154 5137 qui
3193 5069 3421 5134 primum

1860 5177 2103 5247 apparuit
2151 5173 2219 5225 ad
2264 5172 2662 5237 redemptionem
2716 5168 2937 5224 animm,
2975 5163 3146 5230 janua
3193 5160 3424 5223 primum

1862 5279 2044 5336 aperta
2072 5307 2086 5328 ,
2110 5282 2219 5333 pra:
2243 5275 2439 5316 terrore
2472 5264 2662 5314 invitus
2690 5259 2908 5310 dimissa
2940 5257 3127 5307 uirtute
3151 5267 3260 5303 mta'
3285 5253 3337 5301 in
3363 5265 3429 5302 eo

1857 5370 2005 5422 erat,
2054 5357 2301 5426 formavit
2344 5356 2572 5419 scipsum
2618 5353 2682 5404 af
2725 5349 3010 5401 venandum
3070 5345 3321 5403 animum,
3370 5350 3418 5392 et

1863 5449 2212 5502 imitationem
2255 5445 2338 5498 sui
2389 5445 2554 5510 ﬁnxit.
2583 5443 2636 5492 in
2691 5467 2727 5491 .c
2773 5457 2856 5500 ra,
2908 5432 3165 5504 coegitque
3211 5432 3423 5483 animas

1865 5539 2149 5591 delinitas.
2183 5546 2238 5586 ut
2276 5533 2481 5597 άὶθῑίἸε
2524 5531 2586 5582 ab
2629 5547 2687 5582 ea
2729 5528 3020 5580 imitatione
3052 5523 3417 5574 abstraheren-

1869 5642 1972 5682 tur.
2015 5630 2085 5682 Ac
2121 5629 2344 5693 primum
2378 5626 2581 5691 quidem
2615 5625 2779 5677 Adam
2826 5619 2888 5670 ab
2926 5620 2997 5671 eis
3032 5622 3286 5682 formatus
3310 5651 3325 5672 ,
3358 5625 3420 5663 ae
