4044 6324
195 403 302 462 Ill
315 405 348 458 7

1216 399 1582 458 ADVERSUS
1618 399 2038 458 ιιΑΝιοιιΑςοε
2074 401 2202 458 LIB.
2241 400 2330 460 111.

3289 394 3438 462 illi

1042 517 1167 572 Car.
1202 516 1291 573 ιν.
1317 517 1428 572 Lex
1450 529 1501 574 et
1526 518 1867 591 Evangelium
1889 517 1953 572 de
1988 517 2200 573 Christo
2242 516 2590 572 consentiunt.

277 641 342 693 ει
395 637 452 692 6's
501 637 724 709 Μάρκος
774 635 948 703 λέγει·
1012 635 1180 704 Ἅρχὴ
1234 635 1343 690 τοῦ
1402 637 1766 706 Eua-mellea)

1938 633 1997 689 Si
2032 649 2161 689 vero
2198 632 2416 687 Marcus
2460 631 2576 685 ait:
2603 627 2937 699 Principium
2993 629 3263 703 Evangelii
3298 633 3431 690 Iesu

207 727 412 796 Ἰησοῦ
443 725 718 796 Χριστοῦ,
756 722 951 789 καθὼς
986 724 1303 792 τέτραπται
1348 724 1420 778 ἐν
1455 725 1654 792 Ἡσαΐᾳ
1691 723 1772 790 τῷ

195 817 481 888 προφήτῃ
497 835 510 847 ο
552 819 582 869 6
629 816 686 870 δὲ
739 814 1014 878 Ματθαῖος
1032 830 1045 846 ⁸
1083 817 1298 882 Βίϐλος
1337 815 1625 886 γενέσεως
1665 817 1770 883 Ἰη-

195 911 321 964 σοῦ
366 909 643 979 Χριστοῦ,
691 907 824 962 υἱοῦ
873 907 1066 974 Δαόὶδ,
1104 910 1236 964 υίοῦ
1274 909 1545 978 Ἀϐραάμ·
1604 911 1696 963 καὶ
1743 912 1772 963 6

199 1003 305 1072 μὲν
341 1000 656 1074 προπάτορα
681 999 778 1070 τῆς
802 999 940 1052 κατὰ
983 1001 1159 1068 σάρκα
1203 1001 1503 1071 γεννήσεως
1531 996 1638 1054 οἶδε
1680 1001 1770 1054 τὸν

213 1089 486 1162 Ἀϐραὰμ,
522 1089 614 1141 καὶ
661 1089 796 1158 τιμᾷ
847 1088 936 1141 τὸν
981 1089 1175 1142 Δαὸίὸ·
1223 1091 1253 1141 6
1303 1089 1360 1142 δὲ
1410 1091 1665 1143 συνάπτει
1709 1091 1771 1142 τὸ

198 1180 530 1250 Εὐαγγέλιον
555 1178 633 1249 τῷ
655 1178 835 1250 νόμῳσ
869 1180 961 1232 καὶ
997 1179 1090 1232 τοῦ
1119 1179 1447 1249 Εὑαγγελίου
1480 1181 1652 1250 ἀρχὴν
1679 1181 1770 1233 τὸν

199 1270 368 1343 νόμον
392 1271 643 1341 νενόηκεν
663 1287 677 1300 ·
715 1269 963 1339 ἀληθεύει
994 1272 1022 1323 6
1052 1270 1242 1342 Σωτὴρ
1279 1270 1448 1338 λέγων
1472 1288 1483 1300 ·
1525 1272 1584 1323 '0
1613 1269 1767 1338 ὑμᾶς

200 1363 429 1419 ἀθετῶν
463 1362 568 1430 ἐμὲ
608 1362 799 1417 ἀθετεῖ
822 1379 835 1392 '
876 1362 1054 1415 οὐκέτι
1101 1362 1206 1431 γὰρ
1258 1363 1416 1433 μέχρι
1463 1362 1553 1415 τοῦ
1603 1363 1766 1431 νόμου

201 1455 414 1508 ἵσταται
445 1455 478 1524 ἡ
509 1453 717 1524 ἀτιμία,
760 1452 873 1506 ἀλλ’
911 1453 997 1506 ἐπ’
1028 1454 1190 1508 αὐτὸν
1220 1453 1495 1506 ἀναϐαίνει
1544 1453 1632 1506 τὸν
1657 1455 1768 1506 Σω-

199 1546 364 1617 τῆρα.
398 1544 506 1599 Καὶ
533 1533 581 1597 oi
617 1545 714 1615 μὲν
728 1545 963 1597 Ἰουδαῖοι
1010 1545 1370 1596 ὰκουέτωσαν·
1401 1545 1469 1596 Et
1509 1543 1765 1611 Μωσέως

199 1638 472 1705 ἠκούετε,
499 1639 745 1705 ἠκούετε
771 1636 846 1690 ἂν
868 1637 1013 1705 ἐμοῦ
1029 1651 1042 1664 ·
1075 1636 1206 1702 περὶ
1237 1634 1343 1703 γὰρ
1370 1634 1515 1703 ἐμοῦ
1539 1635 1766 1702 ἐκεῖνος

197 1727 462 1796 ἔγραψεν
483 1744 495 1760 ’
529 1729 576 1780 οἱ
605 1728 659 1780 δὲ
691 1728 975 1796 Μανιχαῖοι
1002 1725 1372 1779 ἅκουὲτωσαν·
1421 1729 1490 1780 El
1520 1727 1625 1780 τοῦ
1647 1728 1764 1780 Εὑ-

195 1821 481 1889 αττελίου
511 1820 775 1888 ἠκούετε,
810 1818 916 1871 τοῦ
948 1818 1133 1886 νόμου
1173 1818 1446 1884 ἠκούετε·
1498 1817 1630 1886 περὶ
1657 1821 1765 1887 γὰρ

196 1911 309 1966 τοῦ
339 1911 522 1981 νόμου
550 1911 615 1964 τὸ
645 1909 1008 1978 Εὑαγτέλιογ
1043 1907 1414 1978 γεγράφηκεν
1432 1926 1444 1939 ·
1480 1909 1593 1962 ἀλλ’
1638 1910 1766 1962 Ἰου-

1871 723 2090 790 Christi,
2115 725 2249 778 sicut
2279 723 2532 790 scriptum
2559 729 2636 774 est
2668 721 2720 774 in
2743 719 2895 774 Isaia
2923 719 3221 789 propheta"
3246 740 3262 789 ;
3295 722 3432 778 Mai.

1869 815 2042 870 tbmus
2069 823 2249 868 autem
2291 833 2304 866 :
2347 811 2502 866 Liber
2527 812 2874 883 generationis
2910 809 3039 864 Jesu
3063 812 3284 879 Christi,
3326 813 3433 881 ﬁlii

1869 905 2059 970 David,
2101 906 2202 975 ﬁlii
2253 905 2684 972 Abraham“;et
2711 905 2799 958 hic
2854 903 3073 974 quidem
3116 908 3434 977 progenito-

1869 1013 1981 1052 rem
2010 997 2138 1053 Jesu
2166 999 2463 1053 secundum
2500 1013 2719 1052 carnem
2757 997 2862 1053 scit
2891 1013 3016 1053 esse
3045 998 3344 1063 Abraham,
3374 1007 3430 1054 et

1868 1087 2037 1142 David
2087 1089 2347 1154 honorat;
2403 1089 2685 1159 conjungit
2731 1088 3082 1160 Evangelium
3114 1104 3239 1143 cum
3287 1089 3425 1158 lege,

1867 1190 1921 1234 et
1949 1181 2118 1250 legem
2144 1183 2393 1250 cognovit
2417 1196 2538 1235 esse
2578 1181 2905 1250 principium
2939 1181 3250 1252 Evangelii;
3289 1180 3427 1235 fate-

1866 1278 1958 1324 tur
1982 1287 2164 1324 verum
2194 1272 2468 1332 Salvator,
2506 1287 2628 1326 cum
2659 1273 2735 1326 ait
2770 1291 2784 1326 :
2811 1272 2917 1338 Qui
2936 1289 3024 1327 vos
3077 1275 3296 1342 spernit,
3345 1289 3432 1328 me

1867 1365 2132 1430 spernit”,
2165 1378 2271 1415 non
2301 1362 2442 1414 enim
2489 1377 2663 1432 usque
2714 1363 2768 1415 in
2808 1362 2978 1430 legem
3037 1365 3217 1417 evadit
3261 1363 3428 1418 dede-

1868 1472 1985 1517 cus,
2020 1461 2072 1508 et
2103 1455 2173 1508 ibi
2209 1456 2428 1516 residet,
2455 1454 2547 1508 sed
2581 1455 2634 1508 in
2657 1453 3191 1524 ipsumSalvatorem
3220 1456 3426 1510 redun-

1865 1544 1978 1597 dat.
2010 1545 2088 1598 Ac
2126 1542 2298 1597 Judaei
2352 1545 2565 1613 quidem
2613 1543 2837 1597 audiant
2871 1563 2882 1597 :
2920 1541 2980 1597 Si
3005 1543 3239 1614 Hoysem
3267 1544 3424 1600 audi-

1866 1636 2012 1694 retis,
2046 1634 2301 1688 audiretis
2331 1636 2503 1703 utique
2532 1649 2642 1696 me;
2663 1634 2725 1688 de
2757 1651 2836 1688 me
2867 1634 3004 1687 enim
3027 1636 3236 1702 scripsit
3261 1635 3421 1688 ille".

1865 1726 2148 1780 Manicbaai
2206 1741 2326 1780 vero
2372 1726 2594 1779 audiant
2625 1743 2638 1779 :
2665 1723 2724 1779 Si
2769 1724 3106 1795 Evangelium
3143 1725 3422 1788 audiretis,

1865 1826 1913 1868 et
1945 1814 2106 1884 legem
2137 1813 2424 1878 audiretis;
2454 1814 2516 1866 de
2538 1819 2643 1884 lege
2663 1813 2800 1868 enim
2821 1815 3029 1882 scripsit
3055 1812 3420 1885 Evangelium.

1871 1903 2072 1960 Verum
2090 1903 2263 1959 Judaei
2306 1905 2521 1975 quidem
2564 1905 2683 1959 velo
2725 1906 2900 1960 oculis
2943 1906 3206 1971 adhibito,
3244 1921 3423 1977 neque

196 1995 336 2050 δαίοι
371 1974 486 2067 μεν,
517 1974 1182 2067 κάλυμμα-λαμϐάνοντες,
1214 1974 1332 2049 οὐδὲ
1356 1997 1445 2049 τὸν
1476 1999 1639 2069 νόμον
1677 2016 1763 2052 νε-

1867 1999 2035 2068 legem
2063 1997 2464 2060 intellexerunt,
2497 2012 2670 2067 neque
2696 1998 3010 2053 nuntiatum
3057 2006 3418 2070 agnoverunt.

145 2142 171 2149 ρ
197 2087 477 2159 νοήκασιν,
514 2087 631 2140 οὐδὲ
676 2086 765 2140 τὸν
817 2085 1309 2158 καταγγελλόμενον
1340 2088 1681 2156 ἐπέγνωσαν⁶
1714 2090 1762 2143 oi

197 2176 256 2231 δὲ
289 2178 600 2248 αἱρεσιῶται
624 2177 930 2248 ὀφθαλμοὺς
957 2178 1166 2249 ἔχουσιν
1210 2181 1270 2232 οὐ
1307 2179 1618 2249 βλέποντας,
1649 2175 1763 2234 ὦτα

197 2268 412 2339 ἔχουσιν
442 2270 542 2322 οὐκ
571 2269 832 2323 ἀκούοντα
854 2287 868 2300 ⁸
901 2269 990 2323 διὰ
1027 2270 1092 2323 τὸ
1130 2269 1203 2340 μὴ
1244 2271 1560 2342 παρακύψαι
1591 2273 1668 2336 είς
1697 2273 1764 2327 τὰ

197 2359 524 2428 Εὐαγγέλια,
571 2361 649 2430 τῷ
697 2362 844 2431 νόμῳ
890 2361 1257 2432 ἐμαχέσαντο·
1302 2363 1406 2416 ίδοὺ
1435 2363 1543 2434 γὰρ
1584 2365 1612 2416 6
1665 2364 1764 2434 μὲν

210 2449 461 2520 Ἰωάννης
500 2449 628 2523 βοᾷ·
675 2452 932 2520 Ἐγένετο
970 2452 1277 2520 ἄνθρωπος
1309 2453 1761 2524 ἀπεσταλμένος

199 2540 360 2608 παρὰ
393 2543 562 2606 Θεοῦ,
601 2542 787 2613 ὄνομα
811 2543 970 2609 αὐτῷ
1006 2543 1302 2612 Ἰωάννης·
1353 2541 1530 2612 οὗτος
1577 2543 1762 2616 ἦλθεν

194 2634 288 2698 εις
327 2635 674 2702 μαρτυρίαν,
706 2652 803 2689 ινα
828 2636 1181 2705 μαρτυρήσῃ
1223 2638 1355 2706 περὶ
1396 2637 1502 2691 τοῦ
1545 2641 1756 2706 φωτός.

195 2721 322 2779 οἶδε
342 2726 433 2777 τὸν
464 2726 732 2798 μάρτυρα,
765 2728 858 2781 καὶ
885 2723 991 2781 οἵδε
1034 2729 1124 2781 τὸν
1156 2729 1591 2800 μαρτυρούμενον
1611 2747 1628 2764 ο
1665 2731 1760 2782 καὶ

194 2817 292 2870 τὸν
322 2818 570 2887 μάρτυρα
607 2818 943 2890 προγράφει·
981 2819 1043 2872 Ὀ
1088 2822 1267 2888 νόμος
1310 2819 1410 2872 καὶ
1446 2822 1500 2873 ol
1537 2818 1760 2887 προφῆ-

196 2923 293 2960 ται
310 2907 520 2976 μέχρις
553 2906 838 2963 Ἰωάννου.
877 2906 1084 2961 Οὐκοῦν
1114 2911 1142 2961 6
1177 2910 1426 2979 Ἰωάννης
1472 2912 1755 2980 μαρτυρεῖ,

194 3000 295 3054 καὶ
323 3003 351 3053 6
383 3000 544 3069 νόμος
573 3000 806 3072 μάρτυρ,
840 3001 934 3053 καὶ
970 3003 1319 3073 μαρτυρεῖται
1347 3001 1375 3052 6
1401 3001 1581 3070 νόμος.

271 3091 412 3162 Ὅρα
444 3091 627 3159 ἡλίκον
655 3092 911 3162 ἀτόπημα
938 3093 972 3162 ἡ
1015 3092 1143 3161 περὶ
1176 3093 1273 3154 τὰς
1305 3091 1603 3163 μαρτυρίας
1629 3092 1758 3146 ἁπι-

196 3182 322 3236 στία
349 3181 574 3252 νομίζει.
606 3182 714 3236 Καὶ
735 3181 959 3237 τοιαῦτα
982 3182 1185 3236 τούτων
1207 3181 1612 3253 φθεγξαμένων,
1640 3182 1760 3236 οὐδὲ

1867 2088 2115 2142 Παπειὶοί
2153 2103 2280 2142 vero
2312 2089 2500 2143 oculos
2534 2089 2736 2144 habent
2777 2105 2972 2157 caecos,
3006 2100 3062 2145 et
3105 2105 3267 2147 aures
3297 2105 3422 2149 sur-

1864 2181 1963 2236 das
1994 2199 2006 2234 :
2044 2180 2170 2251 quia
2199 2196 2306 2236 non
2337 2183 2720 2252 introspiciunt
2752 2182 2805 2236 in
2835 2182 3211 2253 Evangelium,
3245 2185 3421 2255 legem

1863 2281 2332 2342 oppugnaverunt.
2370 2271 2606 2329 Joannes
2639 2273 2784 2329 enim
2819 2274 3018 2328 clamat
3047 2293 3062 2330 :
3093 2272 3223 2329 Fuit
3267 2275 3420 2328 homo

1862 2365 2056 2417 missus
2088 2380 2122 2418 a
2157 2363 2286 2430 Deo,
2317 2365 2404 2417 cui
2424 2380 2610 2420 nomen
2633 2362 2994 2420 erat‘Joannes
3028 2365 3162 2439 :ﬁic
3199 2367 3336 2421 venit
3365 2367 3423 2421 in

1863 2458 2233 2534 testimonium,
2263 2467 2320 2510 ut
2350 2459 2704 2512 testimonium
2733 2458 3021 2528 perhiberet
3041 2457 3104 2513 de
3150 2457 3412 2512 lumine“.

1860 2548 2125 2619 Cognovit
2185 2556 2399 2614 testem,
2445 2555 2499 2604 et
2553 2549 2808 2620 cognovit
2848 2549 2916 2604 de
2951 2563 3059 2620 quo
3105 2556 3224 2603 erat
3265 2549 3420 2603 testi-

1859 2640 2125 2705 monium,
2149 2646 2204 2693 et
2229 2647 2421 2695 testem
2445 2641 2743 2711 praescribit
2779 2641 3027 2711 inquiens
3061 2659 3075 2695 :
3105 2638 3421 2708 Lezetpro-

1854 2730 2021 2799 phetw
2045 2746 2205 2801 usque
2234 2730 2303 2784 ad
2326 2729 2652 2786 Joannem".
2683 2730 2920 2788 Joannes
2951 2733 3116 2802 igitur
3145 2738 3377 2787 testatur
3398 2770 3421 2797 ,

1855 2827 1910 2876 et
1937 2820 2025 2877 lex
2062 2823 2220 2878 testis
2252 2832 2335 2878 est
2359 2865 2372 2888 ,
2407 2830 2461 2877 et
2485 2823 2856 2879 testimonium
2877 2824 2982 2895 legi
3004 2823 3346 2894 perhibetur.

1936 3087 2093 3155 Vide,
2124 3101 2235 3143 non
2264 3087 2485 3144 credere
2518 3088 2870 3152 testimoniis,
2897 3094 3158 3158 quantum
3192 3088 3418 3145 absurdi

1857 3182 2066 3238 afferat.
2103 3179 2279 3250 Atque
2311 3181 2365 3234 hi
2397 3181 2614 3251 quidem
2640 3194 2762 3234 cum
2789 3179 2918 3233 talia
2953 3179 3211 3245 dixerint,
3240 3196 3421 3251 neque

191 3277 227 3329 ὁ
255 3274 465 3337 Λουκᾶς
498 3275 706 3345 σαι)πῷ
735 3275 867 3346 φησὶ
911 3273 1020 3345 γὰρ
1064 3274 1162 3345 τὴν
1209 3274 1376 3345 αὐτὴν
1417 3275 1597 3346 φωνὴν
1625 3274 1756 3345 (54),

1861 3274 2035 3330 Lucas
2073 3272 2227 3340 silet;
2271 3272 2461 3326 eadem
2508 3271 2654 3327 enim
2689 3286 2822 3326 voce
2859 3286 2991 3326 usus
3040 3278 3147 3335 est,
3189 3277 3244 3326 et
3293 3273 3420 3327 aliis

193 3363 291 3416 καὶ
317 3362 525 3433 συνῳδὰ
549 3365 661 3427 τοῖς
689 3363 865 3428 ἄλλοις
893 3365 1205 3434 φθέγγεται,
1235 3368 1328 3418 καὶ
1354 3366 1636 3436 διηγεῖται,
1675 3367 1757 3419 ὅτι

193 3453 322 3525 ἄρτι
351 3454 448 3524 μιν
471 3455 500 3508 6
528 3454 761 3526 Γαϐριὴλ
787 3459 854 3526 τῇ
887 3456 1074 3527 Μαρίᾳ
1107 3456 1292 3525 φανεὶς
1331 3455 1480 3525 ἠφίει
1512 3456 1759 3529 οὐράνιον

195 3544 510 3616 ἀσπασμὸν,
535 3545 706 3614 λέγων
725 3563 738 3576 ·
772 3546 963 3614 Χαῖρε,
997 3548 1449 3615 κεχαριτωμένη,
1479 3550 1513 3601 d
1547 3549 1758 3616 Κύριος

190 3634 344 3705 μετὰ
366 3636 480 3690 σοῦ
499 3651 512 3665 °
547 3637 628 3703 ὡς
657 3636 725 3690 δὲ
760 3636 957 3705 ἐκείνη
997 3638 1093 3691 ἐπὶ
1125 3637 1205 3702 τῷ
1229 3638 1386 3708 λόγῳ
1415 3638 1759 3706 ἐταράττετο

195 3727 298 3782 καὶ
322 3727 671 3797 διελογίζετο
699 3729 768 3782 ἐν
814 3729 1000 3797 ἑαυτῇ
1048 3731 1332 3798 λέγουσα,
1367 3731 1632 3797 ποταπὸς
1664 3732 1756 3800 ειη

196 3821 233 3872 ό
267 3817 589 3888 ἀσπασμὸς
621 3815 828 3885 οὗτοςο
861 3820 1064 3890 ἔλεγε·
1097 3821 1192 3888 Μὴ
1239 3820 1446 3889 φοϐοῦ,
1482 3822 1751 3891 Παριάιμ

194 3903 370 3977 εὗρες
410 3909 520 3979 γὰρ
562 3910 738 3980 χάριν
781 3911 1033 3965 ἐνώπιον
1086 3911 1192 3966 τοῦ
1250 3913 1429 3968 Θεοῦ⁶
1484 3914 1583 3968 καὶ
1629 3914 1758 3969 ίδοὺ

195 3999 496 4067 «suum
529 4001 600 4054 ἐν
626 4001 858 4070 γαστρί,
912 4001 1012 4055 καὶ
1053 3999 1194 4071 τέξῃ
1228 4002 1393 4067 υἱὸν,
1436 4003 1535 4056 καὶ
1586 4003 1761 4058 καιὶέ-

194 4105 328 4157 σεις
348 4091 415 4143 τὸ
448 4089 633 4159 ὄνομα
664 4092 848 4147 αὐτοῦ
876 4093 1124 4160 Ἰησοῦν.
1148 4089 1333 4160 Οὗτος
1359 4095 1526 4148 ἔσται
1550 4095 1754 4165 μέγας,

195 4183 297 4237 καὶ
333 4182 782 4251 Υίὸς.’Υψίστου
812 4183 1173 4251 κληθήσεται
1190 4202 1203 4215 ’
1244 4186 1341 4238 καὶ
1379 4186 1552 4240 δώσει
1598 4187 1756 4252 αὐτῷ

195 4276 408 4342 Κύριος
431 4272 538 4326 τὸν
568 4274 782 4342 θρόνον
810 4275 988 4328 Δαόὶό
1013 4274 1120 4328 τοῦ
1157 4277 1379 4343 πατρὸς
1413 4276 1597 4330 αὐτοῦ
1615 4296 1628 4308 ·
1659 4277 1758 4330 καὶ

191 4360 552 4428 ,βασιλεύσει
580 4366 666 4430 είς
693 4364 837 4431 τοὺς
883 4365 1126 4432 αιῶνας·
1179 4367 1275 4420 καί
1302 4365 1410 4433 τῆς
1440 4368 1758 4434 βασιλείας

193 4453 382 4509 αὐτοῦ
429 4457 539 4509 οὐκ
577 4455 747 4510 ἔσται
798 4457 992 4524 τέλος.
1035 4456 1144 4511 Kal
1188 4459 1412 4528 τιμᾶται
1449 4459 1630 4524 Δαὸὶδ,
1667 4460 1760 4512 καὶ

194 4545 376 4618 πατὴρ
406 4547 743 4616 ὁμολογεῖται
777 4549 1046 4620 Σωτῆρος,
1094 4550 1187 4602 καὶ
1234 4552 1380 4619 μένει
1411 4554 1443 4622 ἡ
1473 4552 1634 4624 ἀρχὴ,
1665 4553 1759 4606 καὶ

1857 3367 2203 3438 evangelistis
2233 3378 2475 3420 consona
2515 3364 2756 3434 loquitur
2784 3371 3096 3436 narratque,
3129 3363 3274 3434 quod
3309 3362 3418 3417 Ga-

1855 3460 1991 3516 briel
2033 3457 2249 3530 quidem
2281 3457 2531 3528 apparuit
2557 3457 2757 3520 Mariae,
2793 3465 2847 3511 et
2892 3456 3166 3511 cmlestem
3209 3455 3416 3509 saluta-

1855 3551 2054 3606 tionem
2078 3551 2128 3605 ei
2159 3549 2367 3612 attulit,
2396 3548 2648 3619 inquiens
2677 3568 2690 3602 :
2719 3549 2841 3611 Ave,
2879 3548 3055 3618 gratia
3082 3547 3258 3615 plena,
3311 3545 3414 3598 Do-

1855 3644 2026 3696 minus
2055 3649 2242 3696 tecum.
2284 3638 2415 3705 Quae
2445 3656 2560 3693 cum
2591 3639 2846 3703 audisset,
2879 3637 3093 3692 tuabata
3117 3646 3194 3691 est
3216 3638 3270 3690 in
3301 3653 3414 3690 ser-

1857 3748 2007 3786 mone
2037 3732 2172 3800 ejus,
2222 3741 2271 3784 et
2299 3730 2584 3799 cogitabat,
2625 3729 2799 3798 qualis
2831 3737 2966 3781 esset
2992 3730 3096 3781 ista
3132 3727 3409 3780 salutatio.

1857 3823 1926 3877 Et
1952 3824 2026 3876 ait
2059 3821 2270 3892 angelus
2291 3823 2339 3875 ei
2362 3837 2379 3873 :
2405 3819 2486 3873 Ne
2535 3821 2740 3884 timeas,
2797 3817 2996 3881 Maria,
3019 3818 3258 3872 invenisti
3276 3817 3420 3872 enim

1855 3913 2083 3982 gratiam
2110 3911 2247 3978 apud
2273 3908 2438 3963 Deum
2469 3926 2486 3962 :
2512 3925 2626 3962 ecce
2652 3908 2908 3971 concipias
2944 3908 3000 3962 in
3017 3916 3188 3970 utero,
3237 3913 3288 3959 et
3311 3922 3412 3977 pa-

1855 4004 1957 4057 ries
1980 4003 2171 4072 ﬁlium,
2207 4011 2255 4055 et
2293 3999 2499 4055 vocabis
2545 4015 2731 4056 nomen
2768 3999 2881 4067 ejus
2933 3995 3136 4051 Iesum.
3167 3996 3270 4050 Hic
3313 3997 3420 4050 erit

1858 4110 2100 4164 magnus,
2137 4102 2186 4146 et
2217 4089 2392 4144 Filius
2427 4089 2687 4143 Altissimi
2727 4088 2993 4142 vocabitur
3022 4105 3040 4142 :
3066 4094 3115 4141 et
3147 4086 3292 4140 dabit
3329 4086 3419 4140 illi

1856 4183 2115 4237 Dominus
2168 4181 2341 4235 sedem
2372 4179 2543 4233 David
2584 4178 2752 4247 patris
2785 4178 2898 4246 ejus
2929 4193 2946 4229 ε
2976 4186 3026 4230 et
3073 4177 3309 4246 regnabit
3358 4177 3416 4229 iu

1855 4275 2010 4329 domo
2030 4272 2194 4327 Jacob
2232 4273 2288 4324 in
2315 4280 2564 4325 internum
2580 4286 2599 4324 :
2623 4278 2671 4323 et
2685 4270 2827 4339 regni
2855 4269 2968 4338 ejus
2985 4284 3088 4322 non
3103 4270 3201 4322 erit
3218 4269 3419 4337 finis".

1857 4361 2387 4426 Honoratur'David,
2423 4368 2478 4416 et
2499 4369 2652 4431 pater
2681 4361 2801 4430 ejus
2829 4375 2951 4414 esse
2987 4359 3328 4420 conceditur,
3357 4367 3416 4412 et

1858 4463 1968 4511 stat
2023 4469 2087 4508 ac
2141 4452 2304 4507 durat
2343 4451 2684 4522 principatus
2736 4449 2876 4519 ejus,
2915 4449 3258 4517 traditurque
3306 4446 3418 4502 Do-

1860 4546 2030 4608 mino,
2054 4553 2108 4598 et
2157 4542 2318 4596 ﬁnem
2366 4558 2477 4596 non
2516 4541 2701 4606 habet,
2745 4539 2903 4608 cujus
2941 4539 3110 4609 gloria
3155 4547 3416 4608 perpetua

196 4637 546 4706 παραδίδοται
583 4639 659 4709 τῷ
693 4640 909 4711 Κυρίῳ,
954 4642 1048 4693 καὶ
1090 4641 1238 4704 τέλος
1282 4641 1341 4694 οὐ
1389 4641 1618 4712 δέχεται,
1656 4645 1755 4712 τῆς

1861 4647 1958 4694 est.
1990 4639 2167 4706 Atque
2217 4635 2330 4689 haec
2379 4634 2596 4705 quidem
2632 4639 2760 4689 sunt
2801 4631 3067 4701 principia
3098 4628 3417 4700 Evangelim

195 4730 368 4799 ἀρχῆς
404 4731 460 4783 ιν
502 4729 579 4801 τῷ
619 4730 955 4802 ἀτελευτήτῳ
993 4733 1405 4802 σεμνυνομένης.
1441 4733 1550 4785 Καὶ
1583 4732 1753 4787 ταῦτα

200 4819 297 4890 μὲν
326 4821 379 4871 at
411 4818 519 4871 τῶν
558 4817 1105 4894 Εὐαγγελίωνὰρχαί
1126 4837 1140 4851 ·
1183 4823 1287 4876 ἔδει
1322 4824 1427 4894 γὰρ
1466 4825 1612 4894 ἡμᾶς
1647 4825 1756 4878 ἀπὸ

195 4907 529 5000 τῶνῌάρχῶν
570 4911 662 4965 τὸν
690 4912 848 4982 λόγον
879 4914 1096 4982 ὐφᾶναι,
1132 4915 1197 4967 ἵν’
1229 4913 1390 5000 οὔτε,
1419 4914 1643 4967 κατόπιν
1675 4932 1757 4978 τις

199 4998 423 5071 βαδίζων
450 5001 542 5054 τοῦ
572 5001 752 5071 λόγου,
787 5006 881 5058 καὶ
917 5005 1014 5076 τὴν
1041 4998 1362 5060 ἀκολουθίαν
1405 5007 1497 5059 καὶ
1530 5007 1627 5076 τὴν
1659 5007 1757 5078 ἀρ·

202 5095 387 5165 μονίαν
434 5094 542 5149 τῶν
592 5096 762 5166 λόγων
805 5099 1038 5168 κατανοῇ
1085 5097 1148 5163 ὶξ
1184 5099 1320 5153 ὅλων
1364 5098 1473 5152 τῶν
1511 5100 1754 5168 Εὑαγγε-

198 5186 347 5243 λίων.

279 5278 494 5351 Ἐπειδὴ
521 5279 580 5333 δὲ
612 5281 702 5334 καὶ
740 5285 775 5353 ὴ
813 5282 1138 5354 smmum;
1171 5285 1410 5340 διακονία
1437 5284 1756 5356 χαρακτῆρα

203 5369 360 5436 σώζει
388 5373 766 5442 εὐαγγελικὸν,
795 5377 888 5430 καὶ
918 5377 948 5430 6
978 5376 1187 5440 Παῦλος
1221 5372 1350 5443 οἵδε,
1384 5379 1476 5431 καὶ
1503 5378 1603 5448 τὴν
1635 5377 1754 5431 δια-

1853 4746 1973 4784 rum
2009 4749 2021 4783 ε
2057 4728 2340 4799 oportebat
2370 4727 2537 4794 enim,
2583 4733 2641 4780 ut
2670 4741 2737 4781 ex
2774 4724 3058 4794 principiis
3104 4736 3419 4778 sermonem

1852 4826 2181 4874 texeremus.
2211 4816 2342 4872 Post
2368 4830 2511 4886 quae,
2559 4813 2652 4884 qui
2690 4829 2829 4884 pone
2877 4811 3181 4882 gradiatur,
3218 4824 3416 4865 conse-

1856 4911 2127 4966 cutionem
2177 4918 2233 4963 et
2283 4913 2608 4962 concentum
2662 4918 2976 4961 sermonum
3028 4918 3097 4958 ex
3143 4901 3421 4958 universis

1857 5000 2166 5072 Evangeliis
2189 4999 2474 5069 intelligat.

1925 5286 2062 5354 Quia
2094 5301 2221 5342 vero
2258 5287 2421 5341 etiam
2451 5284 2689 5355 apostoli
2735 5283 2969 5339 ministri
3001 5280 3275 5352 Evangelii
3311 5288 3420 5350 sty-

1855 5379 1965 5435 lum
2006 5379 2376 5449 evangelicum
2413 5385 2654 5441 servant,
2700 5387 2753 5432 et
2795 5374 2997 5433 Paulus
3038 5387 3258 5446 quoque
3289 5384 3418 5428 eum

272 5525 318 5608 ’ξ
354 5524 608 5608 ενα),
637 5528 702 5608 ξι
763 5529 807 5564 ³⁸
847 5528 1035 5586 Matth.
1069 5546 1122 5597 ι,
1161 5531 1212 5586 1.
1285 5533 1331 5564 ’⁸
1369 5529 1502 5588 Luc.
1536 5547 1606 5599 ι,
1645 5529 1730 5585 16.

1887 5529 2046 5589 Joan.
2083 5549 2138 5598 v,
2173 5532 2264 5589 46.
2339 5533 2386 5567 ’δ
2419 5531 2577 5588 Joan.
2613 5548 2664 5595 ι,
2697 5531 2750 5596 6,
2785 5531 2833 5585 7.
2909 5531 2953 5563 "
2993 5527 3125 5608 Luc.
3162 5541 3288 5591 xv1,
3324 5521 3421 5579 18.

204 5598 253 5630 ⁸⁸
286 5595 419 5651 ιιι.
454 5612 506 5662 ι,
538 5594 727 5653 2843.

272 5714 384 5785 (δι)
426 5716 544 5792 ζῆν
564 5717 1003 5788 mrsu-mir.
1040 5717 1240 5778 Eadem
1265 5733 1416 5788 voce,
1446 5718 1619 5790 patris
1677 5718 1906 5789 scilicet,
1962 5718 2093 5792 quia
2155 5715 2325 5774 David
2358 5723 2565 5787 patrem
2593 5712 2799 5771 Christi
2837 5709 3050 5766 vocavit
3100 5705 3246 5763 sicut
3277 5699 3424 5758 lat-

430 5783 600 5845 τι...
