4044 6324
150 400 291 456 ιειι

1202 398 1564 455 ADVERSUS
1603 399 2025 458 MANICHEOS
2051 400 2177 455 LIB.
2209 401 2296 456 Ill.

3247 402 3389 461 {2‘23

145 519 247 586 γεῖ
274 516 351 578 είς
375 516 435 569 τὸ
467 517 698 583 ἀγαθόν·
743 516 865 582 τοῖς
894 516 961 569 δὲ
988 515 1055 581 ἐξ
1084 515 1330 584 ἐριθείας
1359 516 1717 584 πειθομένοις

1828 528 2066 587 quierunt
2091 557 2106 575 .
2163 519 2324 572 vitam
2356 525 2652 572 atomum:
2687 521 2751 574 iis
2798 528 2973 572 autem
3018 519 3109 588 qui
3158 528 3281 573 sunt
3321 535 3388 573 ea:

142 608 228 676 τῇ
255 608 477 675 ἀδικίᾳ,
499 608 643 679 ὀργὴ
668 607 764 661 καὶ
787 608 989 676 θυμός·
1014 610 1218 676 θλίψις
1239 608 1336 661 καὶ
1358 610 1720 677 στενοχωριά

139 702 252 755 ἐπὶ
281 700 487 756 πᾶσαν
505 701 715 769 ψυχὴν
741 696 1072 766 ἀνθρώπου,
1096 700 1200 752 τοῦ
1222 698 1719 767 κατεργαζομένου

140 793 219 847 τὸ
248 794 472 851 κακόν;
500 792 738 855 Λέλυται,
759 790 867 860 γὰρ
899 791 964 843 τὰ
992 793 1225 861 ῥήματα,
1258 794 1306 843 εἰ
1330 793 1358 843 ὁ
1386 790 1480 841 τοῦ
1511 790 1718 843 δικαίου

142 884 277 951 ὄρος
303 888 382 954 τῷ
406 882 519 951 Υίῷ
541 884 642 935 οὐκ
668 880 990 934 ἀποδίδοται.
1022 883 1084 934 Εἰ
1104 883 1161 934 δὲ
1184 882 1420 951 τιμωρία
1455 884 1553 951 μὲν
1581 881 1722 935 κατὰ

141 975 264 1027 τῶν
294 976 631 1029 ἐπταικότων
664 975 858 1037 κεῖται,
893 974 985 1025 καὶ
1020 974 1214 1045 μέτρον
1246 975 1511 1043 τιμωρίας
1554 976 1586 1043 ἡ
1624 973 1719 1025 τοῦ

142 1064 364 1118 δικαίου
396 1062 687 1115 ἐπιστασία
714 1062 974 1129 γίγνεται·
1008 1064 1162 1132 τιμαὶ¹
1187 1063 1242 1114 δὲ
1267 1063 1357 1115 καὶ
1391 1063 1589 1131 δωρεαὶ
1610 1065 1720 1125 τοῖς

148 1155 530 1225 εὐδοκιμοῦσιν
552 1153 1024 1223 ἁποταμιεύονται·
1051 1158 1143 1208 καὶ
1170 1155 1513 1223 σταομίζεται
1535 1157 1567 1223 ἡ
1588 1154 1720 1224 τιμὴ

146 1249 219 1314 τῇ
255 1245 347 1298 τοῦ
374 1244 582 1297 δικαίου
615 1245 904 1315 ἐπικρίσει·
941 1245 1054 1307 πῶς
1082 1246 1497 1306 διαστέλλονται,
1530 1245 1624 1297 καὶ
1656 1245 1717 1296 οὑ

149 1335 531 1389 συστέλλονται
555 1334 651 1403 τὴν
686 1335 1041 1405 προπέτειανς
1072 1336 1133 1387 Ei
1161 1334 1216 1388 δὲ
1240 1336 1267 1385 ὁ
1290 1334 1593 1403 Μονογενὴς
1622 1333 1720 1402 μὲν

146 1428 412 1487 τοιοῦτος,
430 1425 487 1476 οὐ
499 1424 734 1487 τοιοῦτος
748 1426 801 1477 δὲ
818 1429 844 1479 ὁ
858 1428 1064 1496 Πατήρ·
1078 1427 1253 1479 οὐκέτι
1266 1426 1445 1495 ὅμοιος
1464 1424 1522 1488 ἐξ
1537 1425 1719 1493 ὁμοίου

151 1516 499 1583 γεγέννηται·
552 1515 732 1567 οὐκέτι
768 1516 927 1568 εἰκὼν
959 1516 1051 1568 τοῦ
1104 1517 1508 1585 γεγεννηκότος·
1539 1516 1719 1567 οὐκέτι

147 1606 479 1676 χαρακτήρ·
510 1606 690 1658 οὐκέτι
722 1608 1100 1677 ἀπαύγασμα·
1126 1610 1306 1662 οὐκέτι
1338 1611 1365 1661 ὀ
1399 1609 1608 1678 βλέπων
1632 1607 1720 1659 τὸν

154 1699 287 1751 Υἰὺν
318 1698 500 1767 βλέπει
528 1699 616 1750 τὸν
650 1700 885 1769 Πατέρα,
921 1699 1035 1768 εἴγε
1074 1700 1146 1771 μὴ
1176 1702 1291 1753 ὅσα
1331 1700 1453 1765 ἔχει
1497 1702 1528 1751 ό
1568 1697 1716 1761 Υἱὸς,

152 1789 283 1857 ἔχει
314 1792 346 1842 ὀ
383 1787 595 1857 Πατήρ·
630 1790 723 1841 καὶ
755 1789 851 1859 βοᾷ
889 1793 916 1843 ὁ
955 1790 1141 1860 Σωτὴρ
1179 1792 1236 1841 ἐν
1271 1788 1347 1858 τῷ
1388 1788 1716 1856 Εὑαγγελίῳ·

1829 607 2174 669 contentione,
2204 616 2252 659 et
2279 608 2368 675 qui
2399 622 2501 660 non
2535 610 2871 675 acquiescant
2910 607 3140 671 veritati,
3170 605 3391 660 credunt

1827 708 1998 751 autem
2027 699 2314 767 iniquitati,
2347 698 2429 749 ira
2454 707 2503 752 et
2538 699 2872 768 indignatio:
2902 699 3176 753 tribulatio
3206 710 3256 753 et
3287 717 3391 753 an-

1825 791 2000 858 gustia
2048 790 2102 841 in
2166 805 2365 841 onmem
2414 790 2644 841 animam
2702 790 2925 843 hominis
2975 792 3239 858 aperanti:
3270 807 3389 844 ma-

1828 881 1933 931 lum
1962 880 2043 930 '°?
2077 880 2262 932 Solnta
2284 879 2428 933 enim
2457 887 2586 934 sunt
2619 888 2672 934 et
2691 890 3028 936 evanuerunt
3058 882 3173 936 haec
3199 882 3387 943 verba,

1826 973 1871 1025 si
1908 972 2149 1026 deﬁnitio
2176 972 2310 1039 justi
2341 986 2447 1025 non
2483 973 2929 1026 accommodatur
2953 980 3007 1027 et
3035 974 3279 1027 redditur
3302 972 3392 1026 Fi—

1827 1063 1918 1116 lio.
1958 1062 2013 1115 Si
2064 1070 2242 1115 autem
2295 1063 2360 1116 iis
2390 1063 2483 1130 Qui
2512 1060 2879 1130 deliquerunt,
2914 1064 3271 1116 constitutum
3305 1056 3393 1117 ἐει

1827 1154 2173 1223 supplicium,
2204 1161 2256 1207 et
2303 1154 2484 1221 justus
2532 1154 2626 1223 qui
2662 1161 2877 1222 praeest,
2915 1155 3241 1224 supplicium
3280 1172 3392 1210 mc-

1827 1247 1989 1306 titur;
2040 1254 2232 1314 contra
2282 1260 2410 1297 vero
2448 1246 2686 1297 honores
2718 1251 2772 1298 et
2829 1258 3054 1298 munera
3092 1252 3391 1298 servantur

1825 1336 1961 1389 bene
1990 1336 2233 1395 meritis,
2286 1345 2339 1387 et
2385 1334 2560 1386 honor
2600 1333 2814 1387 delectu
2875 1348 2939 1386 ac
2998 1332 3392 1403 dijudicatione

1820 1428 1952 1495 justi
1980 1426 2307 1491 ponderatur
2338 1442 2350 1476 :
2383 1424 2658 1493 qumnodo
2683 1440 2789 1477 non
2816 1424 3128 1478 discindunt
3159 1435 3212 1479 et
3237 1439 3392 1481 com-

1826 1515 2066 1582 primunt
2100 1513 2491 1582 petulantiam?
2528 1512 2585 1565 Si
2638 1521 2818 1567 autem
2870 1514 2994 1568 talis
3040 1517 3257 1585 quidem
3303 1525 3390 1570 est

1828 1604 2175 1673 Unigenitus,
2214 1603 2373 1657 Pater
2396 1619 2524 1657 vero
2555 1618 2663 1658 non
2715 1612 2799 1658 est
2846 1605 2999 1671 talis;
3039 1622 3147 1659 non
3181 1606 3288 1675 jam
3322 1622 3391 1662 ex

1826 1698 2205 1752 similisimilis
2234 1698 2448 1766 genitus
2483 1706 2568 1751 est
2596 1715 2610 1749 :
2642 1712 2749 1750 non
2772 1696 2884 1764 jam
2910 1705 2993 1752 est
3024 1699 3197 1768 imago
3244 1699 3386 1767 ejus,

1826 1792 1916 1857 qui
1944 1789 2165 1859 genuit;
2198 1805 2299 1841 non
2334 1789 2504 1857 ﬁgura
2528 1828 2545 1852 ,
2588 1804 2695 1841 non
2730 1788 2975 1856 splendor
3010 1789 3047 1819 ³¹
3086 1807 3098 1842 :
3134 1804 3240 1843 non
3274 1789 3387 1858 jam

153 1877 349 1947 Πάτερ
377 1880 585 1942 δίκαιε,
621 1880 718 1932 καὶ
744 1883 775 1932 ό
809 1881 1033 1948 κόσμος
1066 1897 1138 1933 σε
1171 1882 1279 1932 οὐκ
1315 1882 1485 1948 ἑγονω,
1510 1879 1625 1946 ἐγὼ
1655 1879 1717 1931 δέ

1821 1881 1912 1949 qui
1944 1879 2089 1932 videt
2120 1877 2315 1931 Filium
2346 1918 2359 1942 ,
2397 1878 2541 1932 videt
2574 1876 2812 1939 Patrem,
2851 1877 2897 1932 si
2931 1892 3038 1931 non
3072 1895 3391 1949 quwcunque

151 1987 233 2024 σε
268 1971 477 2039 ἔγνων.
516 1970 579 2022 Τί
612 1971 936 2041 πράξωμεν;
988 1972 1130 2024 νῶτα
1173 1972 1349 2040 δῶμεν
1394 1971 1471 2039 τῷ
1519 1972 1722 2042 ῥήματι

151 2062 253 2117 τοῦ
284 2063 562 2133 Σωτῆρος
608 2065 1005 2134 ἀπιστήσομεν;
1041 2063 1117 2133 τῷ
1144 2062 1541 2133 γεγραμμένῳ;
1588 2062 1619 2131 ἢ
1663 2061 1725 2113 τὸ

155 2159 261 2228 μὲν
283 2157 432 2227 ῥῆμα
464 2155 832 2225 θαυμάσωμεν·
878 2156 973 2224 τῆς
1002 2155 1108 2225 γὰρ
1134 2154 1386 2224 ἀληθείας
1415 2154 1530 2204 ἐστὶ
1554 2155 1721 2221 ῥῆμα.

154 2248 547 2310 Οὐαλεντίνους
574 2249 630 2300 δὲ
657 2248 731 2310 ὼς
766 2249 1073 2318 μεμηνότας
1098 2249 1188 2298 καὶ
1219 2245 1604 2315 δαιμονιῶντας
1626 2244 1729 2310 ἔξω

151 2341 268 2394 τῶν
300 2341 616 2411 θεοπρεπῶν
645 2343 737 2395 καὶ
767 2340 922 2410 ἱερῶν
954 2341 1237 2410 συνεδρίων
1272 2342 1576 2410 στήσωμεν.

1823 1970 1973 2023 habet
1999 1968 2192 2031 Filius,
2228 1969 2378 2021 habet
2410 1972 2569 2022 Pater
2622 1970 2664 1999 ³³
2693 1988 2704 2022 :
2737 1978 2791 2023 et
2821 1970 3019 2022 clamat
3055 1968 3304 2023 Salvator
3332 1970 3386 2022 in

1826 2060 2117 2130 Evangelio
2147 2078 2160 2115 :
2198 2059 2242 2114 0
2267 2059 2427 2113 Pater
2449 2061 2614 2129 juste,
2647 2060 2872 2114 mundus
2901 2072 2948 2115 te
2979 2078 3083 2115 non
3107 2064 3269 2125 novit,
3295 2079 3389 2132 ego

1825 2170 1941 2207 vero
1973 2165 2019 2206 te
2044 2153 2159 2205 novi
2184 2153 2250 2206 ".
2287 2150 2429 2217 Quid
2473 2151 2730 2221 agemus?
2764 2160 2913 2221 terga
2976 2153 3169 2207 demus
3220 2156 3388 2209 verbo

1828 2242 2147 2307 Salvatoris,
2181 2259 2250 2298 ne
2278 2243 2567 2299 credamus
2598 2246 2843 2315 scripto:
2876 2256 2969 2299 aut
3002 2246 3296 2301 habeamus
3334 2247 3388 2301 in

1829 2336 2189 2390 admiratione
2218 2335 2480 2389 verbum?
2542 2342 2627 2390 est
2680 2336 2824 2390 enim
2864 2337 3089 2391 verbum
3123 2338 3386 2393 veritatis.

155 2432 480 2489 Valentincs
533 2449 661 2488 vero
696 2442 954 2504 tanquam
998 2434 1329 2490 insanientes
1370 2444 1421 2489 et
1459 2449 1489 2487 a
1545 2433 1789 2488 daemone
1825 2440 1977 2487 actos
2030 2440 2187 2487 extra
2238 2439 2540 2487 conventus
2588 2446 2652 2485 ac
2708 2430 2993 2488 confessus
3059 2441 3277 2487 sanctos
3332 2442 3389 2489 et

151 2527 331 2584 Deum
363 2529 618 2583 decentes
653 2530 1062 2584 collocabimus.

241 2623 379 2676 Ἀλλ’
411 2623 594 2693 ἐπειδὴ
620 2624 817 2677 ἄτοπόν
844 2642 895 2676 τι
920 2624 1201 2694 πάσχομεν
1224 2625 1313 2677 τὸν
1336 2626 1476 2679 κατὰ
1502 2627 1611 2678 τῶν
1635 2626 1719 2678 αἱ-

155 2712 432 2784 ρεσιωτῶν
471 2712 798 2781 μηκύνοντες
842 2711 1016 2779 λόγον,
1064 2711 1137 2781 μὴ
1168 2711 1369 2782 ταύτης
1397 2714 1496 2782 τῆς
1526 2712 1718 2764 ὑποθέ-

155 2822 297 2866 σεως
326 2806 472 2873 ἡμᾶς
500 2803 780 2872 ἑλκούσης,
816 2803 1274 2873 ἁνακαλεσώμεοα
1304 2804 1395 2857 τὸν
1424 2805 1599 2872 λόγον,
1626 2805 1719 2857 καὶ

153 2897 248 2948 ὲπι
274 2896 372 2965 τὴν
401 2895 762 2963 ὑποκειμένην
786 2896 1036 2947 ὑπόθεσιν
1058 2901 1409 2965 χωρήσωμεν·
1436 2898 1530 2949 καὶ
1548 2896 1717 2949 ταῦτα

149 2985 249 3037 τοῦ
281 2985 586 3047 λυσιτελοῦς
616 2986 798 3038 ἕνεκεν
838 2987 1182 3055 ἐσκεμμένοι,
1218 2987 1303 3038 ἴνα
1344 2989 1478 3056 μήτε
1508 2980 1660 3047 οὗτος
1691 2989 1719 3039 ὁ

150 3074 312 3142 λόγος
344 3076 517 3145 πάντη
554 3076 955 3144 σεσιωπημένος
987 3079 1115 3144 ἡμῖν
1151 3077 1384 3147 ὑπάρχῃ·
1420 3076 1581 3146 τριχῆ
1611 3075 1719 3146 γὰρ

152 3167 187 3236 ἡ
218 3166 450 3235 πονηρία
476 3166 775 3236 διῃρημένη
804 3166 944 3219 κατὰ
974 3166 1065 3217 τοῦ
1095 3167 1255 3234 νόμου
1287 3166 1601 3233 ἐφθέγξατο·
1627 3166 1719 3218 καὶ

1896 2618 1999 2673 Sed
2025 2617 2151 2687 quia
2183 2616 2387 2686 aliquid
2418 2616 2733 2672 indecorum
2780 2618 2937 2672 nobis
2969 2619 3199 2683 accidit,
3253 2620 3383 2676 dum

1823 2725 2129 2767 sermonem
2181 2719 2371 2764 contra
2431 2710 2712 2764 haereticos
2767 2711 2924 2780 longe
2979 2712 3380 2780 protrahimus.

1821 2818 1945 2856 cum
1978 2816 2078 2855 nos
2119 2803 2394 2871 negotium
2444 2811 2755 2870 susceptum
2801 2818 2911 2856 non
2950 2818 3014 2855 eo
3049 2804 3260 2868 trahat;
3296 2819 3383 2858 re-

1819 2910 2075 2948 vocamus
2102 2909 2433 2955 sermonem,
2462 2901 2515 2945 et
2545 2894 2612 2945 ad
2666 2894 3004 2961 propositum
3050 2901 3105 2947 et
3162 2895 3387 2947 institu-

1824 2993 1938 3038 tum
1966 3000 2254 3053 pergamus
2286 3003 2297 3035 :
2343 2983 2426 3036 his
2459 2983 2724 3037 hactenus
2768 2984 2973 3037 utiliter
3004 2986 3383 3049 consideratis,

1822 3083 1883 3128 ut
1913 3091 2091 3128 sermo
2118 3074 2183 3127 de
2217 3075 2337 3129 istis
2374 3090 2480 3128 non
2511 3077 2732 3128 omnino
2764 3077 2920 3131 nobis
2951 3079 3253 3146 praueritus
3288 3080 3380 3131 sit.

1826 3164 2120 3234 Tripartita
2146 3166 2299 3218 enim-
2327 3168 2566 3234 nequitia
2602 3175 2790 3220 contra
2823 3168 2989 3236 legent
3036 3169 3215 3221 locuta
3259 3177 3378 3231 est,

152 3257 443 3321 τοσαύταις
468 3258 784 3327 χρησαμένη
809 3257 1101 3327 διαιρέσεσι
1122 3296 1136 3319 ,
1159 3256 1430 3317 τοσούτοις
1461 3257 1717 3327 κέχρηται

1823 3258 2044 3310 totidem
2082 3258 2345 3309 ministris
2366 3266 2419 3308 et
2448 3257 2717 3325 praefectis
2751 3257 3101 3326 blaSphemia'
3134 3275 3249 3320 usa,
3276 3258 3385 3313 Va—

154 3348 243 3400 κειδ
282 3349 393 3409 τοῖς
422 3349 717 3417 ὑπηρέταις
745 3349 837 3399 καὶ
866 3347 1190 3416 προστάταις
1225 3350 1322 3416 τῆς
1357 3346 1721 3418 βλασφημίας,

154 3438 407 3508 ᾑρημένη
440 3440 563 3499 τοὺς
591 3439 925 3507 ὑπηρετῆσαι
954 3439 1298 3506 δυναμένους·
1334 3439 1426 3491 καὶ
1464 3438 1550 3489 διὰ
1580 3440 1721 3491 Οὐα-

153 3528 391 3581 λεντίνου
425 3527 521 3596 μὲν
557 3527 871 3597 σμικρύνειν
907 3526 995 3578 τὸν
1032 3526 1213 3594 νόμον,
1247 3527 1338 3577 καὶ
1366 3527 1620 3595 χωρίζειν
1660 3527 1720 3578 τὸ

154 3620 504 3687 Εὑαγγέλιον·
538 3620 625 3672 διὰ
658 3620 715 3671 δὲ
751 3619 1069 3689 Μαρκίωνος
1096 3617 1441 3688 ὲκτρώματός
1470 3635 1613 3680 τινος
1645 3616 1721 3671 εἷ-

154 3728 243 3762 ναι
261 3712 360 3780 τὴν
384 3710 477 3763 τοῦ
501 3712 661 3779 νόμου
686 3711 724 3761 Γ
729 3713 923 3780 ραφήν·
953 3710 1038 3762 διὰ
1058 3711 1112 3762 δὲ
1141 3710 1457 3779 Μανιχαίου,
1482 3710 1716 3783 πονηροῦ

154 3815 321 3860 τινος,
357 3799 783 3867 ἀφεγγοῦς,ὅλον
813 3802 1053 3861 σκότους·
1094 3797 1314 3851 τοιαῦτα
1337 3798 1445 3868 γὰρ
1471 3800 1716 3870 πράττει·

154 3888 378 3940 τοιαῦτα
403 3890 644 3959 ῥημάτια
666 3889 963 3958 συντίθησι·
986 3888 1290 3942 κενολεκτεῖ
1309 3889 1394 3941 διὰ
1419 3890 1717 3953 συνθέσεως

158 3979 397 4050 ῥήματα,
429 3982 814 4051 καταπλήττων
848 3980 1013 4041 ἀκοὰς
1033 3979 1425 4049 ἀγυμνάστους.

1825 3348 2029 3401 lcntino
2092 3346 2307 3415 quidem
2367 3348 2433 3399 ad
2483 3349 2827 3402 minuendam
2880 3358 2932 3403 et
2982 3350 3381 3405 extenuandam

1824 3438 2015 3506 legem,
2044 3447 2096 3492 et
2122 3438 2481 3509 separandum
2512 3437 2895 3509 Evangelium;
2941 3440 3217 3495 Marcione
3252 3456 3384 3495 vero

1774 3548 1777 3549 ν
1822 3529 1889 3581 ad
1922 3529 2261 3594 tradendum,
2294 3546 2416 3584 esse
2464 3530 2805 3600 Scripturam
2865 3532 2999 3601 legis
3039 3534 3379 3587 ahortionem

1819 3622 2142 3692 quamdam;
2196 3622 2490 3677 Manichaee
2516 3634 2694 3677 autem
2736 3623 2801 3677 ad
2836 3624 3227 3685 mentiendum,
3259 3637 3381 3677 esse

1817 3712 1986 3781 legem
2018 3713 2302 3780 cujusdam
2340 3714 2487 3777 mali,
2511 3713 2796 3781 splendore
2822 3716 3061 3768 carentis
3088 3723 3139 3768 et
3167 3728 3231 3767 ex
3259 3721 3375 3768 toto

1816 3803 2160 3856 tenebricosi.
2197 3802 2344 3855 Talia
2366 3804 2509 3855 enim
2540 3803 2669 3872 agit,
2694 3804 2821 3857 talia
2856 3804 3021 3857 verba
3060 3803 3373 3872 componit;

1818 3908 1955 3946 vana
1990 3894 2264 3961 loquitur;
2318 3908 2475 3947 aures
2506 3894 2670 3946 rudes
2703 3904 2757 3947 et
2808 3895 3192 3948 inexercitatas
3221 3910 3373 3948 com-

1820 3984 2090 4052 positione
2120 3986 2403 4038 verborum
2432 3985 2485 4038 in
2520 3984 2931 4038 admirationem
2957 3984 3266 4039 traducens.

573 4100 700 4154 CAP.
731 4099 817 4154 Vl.
848 4104 927 4154 An
957 4100 1207 4155 adventus
1234 4098 1365 4153 Filii
1392 4099 1489 4154 Dei
1515 4100 1744 4155 dtemoni
1764 4107 2019 4172 cognitus.
2047 4106 2259 4176 Angelis
2288 4107 2551 4176 incognita
2580 4104 2679 4159 Dei
2712 4106 2954 4158 consilia.

224 4213 316 4264 Διὸ
339 4211 560 4264 τοιαῦτα
600 4212 869 4282 ἐρωτῆσαι
904 4211 1000 4263 δεῖ·
1037 4213 1097 4263 Εἰ
1124 4212 1152 4262 ὁ
1186 4211 1417 4281 πονηρὸς
1443 4212 1533 4264 τὸν
1558 4212 1718 4281 νόμον

154 4302 414 4375 ἔγραψεν,
445 4307 472 4356 ὁ
496 4305 742 4374 ἀφεγγὴς
758 4307 976 4365 ἐκεῖνος,
1010 4304 1233 4355 καθόλου
1268 4303 1359 4355 καὶ
1388 4304 1560 4355 διόλου
1596 4304 1718 4356 σκό-

154 4413 243 4459 τος
286 4395 384 4459 ὣν,
434 4396 549 4459 πῶς
590 4398 703 4466 ᾔδει
737 4396 943 4448 ἕλευσιν
986 4396 1189 4466 Ἰησοῦ;
1238 4396 1350 4457 πῶς
1382 4396 1496 4466 ᾔδει
1534 4396 1715 4462 ἆσιξιν

1894 4216 2254 4283 Quamobrem
2276 4218 2582 4287 percontari
2600 4226 2811 4287 oportet
2834 4239 2844 4271 :
2867 4217 2922 4271 Si
2949 4219 3123 4274 malus
3140 4219 3229 4274 ille
3256 4220 3375 4275 sine

1823 4307 2129 4374 splendore,
2156 4319 2207 4362 et
2228 4318 2371 4364 tutus
2388 4318 2518 4361 etex
2535 4317 2649 4363 toto
2670 4311 2923 4372 tenebrae,
2948 4312 3114 4381 legem
3135 4312 3375 4381 scripsit.

1823 4398 2095 4465 quomodo
2134 4402 2387 4469 cognovit
2412 4401 2701 4455 adventum
2745 4399 2905 4453 Filii?
2946 4403 3218 4470 quomodo
3250 4418 3375 4457 eum

154 4488 355 4554 αὐτοῦ;
383 4488 518 4550 πῶς,
551 4490 714 4556 μήπω
763 4487 869 4539 τῶν
910 4488 1245 4558 πραγμάτων
1291 4486 1711 4558 πεπραγμένων,

1822 4484 2050 4539 adesse?
2089 4488 2359 4555 quomodo
2406 4499 2529 4541 ante
2580 4497 2830 4542 eventum
2886 4504 3067 4543 rerum
3113 4490 3378 4545 intellexit

157 4579 460 4649 συνῆκεν·ἂ
503 4580 855 4633 ἐϐουλεύσατο
885 4582 912 4631 ὁ
948 4580 1095 4639 Θεὸς,
1134 4580 1224 4630 καὶ
1263 4577 1712 4649 προκατήγγειλε,

155 4672 244 4721 καὶ
278 4672 655 4741 προεδήλωσε;
682 4673 913 4742 Φανεραὶ
942 4670 1048 4740 γὰρ
1078 4672 1132 4723 αἱ
1162 4670 1255 4723 τοῦ
1282 4670 1443 4738 νόμου
1480 4671 1711 4740 Γραφαὶς

153 4762 356 4814 ἇνωῡεν
406 4762 774 4832 μαρτυροῦσαι
818 4764 914 4833 τὴν
956 4764 1133 4830 ἄξιξιν
1170 4761 1263 4813 τοῦ
1310 4761 1459 4813 Υἱοῢ.
1513 4763 1574 4813 Ei
1619 4763 1715 4831 μὲν

152 4849 257 4920 γὰρ
286 4853 526 4921 ἐρουσιν,
565 4855 625 4905 ὐ
652 4854 812 4922 νόμος
835 4856 932 4906 οὐκ
971 4856 1251 4924 ἐδήλωσεν,
1286 4853 1405 4905 οὔτε
1443 4854 1715 4922 προφῆται

153 4945 559 5009 προεσήμαναν,
588 4944 727 4995 κατὰ
753 4945 858 4995 τῶν
882 4946 1167 5014 προεξανιῦν
1193 4945 1543 5013 φθεγγόμενοι
1572 4942 1717 5009 ελεγ-ο

152 5025 475 5097 χοήσονται·
515 5032 612 5099 οὐχ
640 5030 796 5101 ἡμῶν
847 5033 1147 5085 πλεκόντων
1176 5035 1264 5085 τὸν
1312 5034 1551 5101 ἔλεγχον,
1601 5033 1712 5084 ἀλλ’

152 5117 332 5170 αὐτῶν
364 5119 470 5171 τῶν
514 5121 859 5189 Εὑαγγελίων
900 5125 1140 5195 φανερῶς
1183 5124 1585 5193 φθεγγομένων,
1620 5126 1713 5177 καὶ

156 5208 263 5260 ἅνω
293 5210 390 5262 καὶ
423 5210 571 5275 κάτω
600 5212 861 5280 βοώντων·
894 5214 970 5283 πῆ
1003 5217 1096 5283 μὲν
1129 5217 1210 5267 ἵνα
1246 5215 1499 5286 πληρωθῇ
1532 5216 1592 5265 τὸ
1618 5219 1713 5285 ρη-

160 5298 244 5352 Οὲν
275 5302 362 5354 διὰ
398 5301 618 5354 Ἡσαΐου
665 5304 759 5356 τοῦ
812 5308 1106 5375 προφήτου,
1144 5306 1220 5370 πῆ
1268 5307 1341 5357 δέ·
1370 5310 1491 5360 Οὐκ
1523 5304 1710 5376 ἦλθον

160 5392 486 5446 καταλῦσαι
530 5396 634 5446 τόν
672 5396 876 5464 νόμον,
917 5397 1076 5449 ἀλλὰ
1104 5395 1431 5465 πληρῶσαι.
1467 5400 1527 5450 Εἰ
1559 5399 1614 5450 δὲ
1641 5400 1704 5450 ὲκ

226 5546 269 5576 ³⁸
303 5544 463 5600 Rom.
502 5561 574 5610 ιι,
614 5545 722 5601 7~9.
799 5548 840 5578 ³¹
881 5546 1043 5605 llebr.
1079 5565 1129 5613 I,
1162 5551 1215 5602 3.

1290 5552 1333 5581 ³³
1371 5550 1525 5604 Joan.
1560 5565 1704 5614 xvn,
1740 5551 1828 5605 25.

1820 4593 1939 4647 qua:
1970 4577 2106 4631 Deus
2141 4580 2367 4632 consilia
2390 4591 2640 4648 ceperat,
2694 4591 2748 4635 et
2777 4583 3156 4650 praenuntiavit
3202 4596 3286 4642 ea,
3318 4590 3376 4638 et

1821 4672 2104 4741 pranlixit?
2156 4672 2450 4726 Manilesta:
2491 4674 2633 4725 enim
2691 4680 2817 4726 sunt
2864 4670 3159 4741 Scriptura:
3193 4674 3324 4742 legis
3353 4713 3372 4738 ,

1820 4780 1938 4832 qua:
1962 4779 1990 4817 ιι
2022 4763 2288 4833 principio
2321 4765 2609 4816 adventum
2639 4760 2756 4815 Filii
2788 4769 3078 4817 testantur.
3141 4762 3195 4816 Si
3226 4765 3372 4818 enim

1820 4858 1999 4910 dicent
2027 4864 2211 4909 contra
2237 4871 2297 4909 ea
2326 4872 2447 4924 quae
2476 4857 2528 4909 in
2560 4854 2847 4909 manifesto
2884 4864 3031 4915 sunt,
3067 4856 3373 4925 loquentes,

1820 4962 1927 5000 non
1947 4947 2339 5017 praenuntias-se
2370 4948 2753 5017 legem,neque
2784 4947 3073 5016 prophetas
3098 4948 3374 5017 praesigni-

1822 5038 2045 5105 ﬁcassc;
2078 5039 2470 5107 redarguentur
2503 5055 2609 5094 non
2642 5055 2671 5091 a
2706 5040 2862 5093 nobis
2891 5038 3092 5093 nostris
3126 5038 3375 5092 confuta-

1821 5130 2191 5192 tiouibus,sed
2222 5131 2290 5183 ab
2315 5132 2444 5199 ipsis
2459 5129 2763 5199 Evangeliis
2781 5130 2983 5199 apertis
2998 5129 3213 5195 verbis;
3245 5145 3374 5185 cum

1820 5220 2016 5288 ubique
2033 5220 2288 5283 clamant,
2306 5234 2453 5272 nunc
2478 5220 2715 5287 quidem,
2742 5226 2799 5271 ut
2827 5218 3111 5286 impleatur
3132 5217 3274 5286 quod
3297 5218 3379 5270 di-

1815 5317 1961 5362 ctum
2001 5320 2084 5363 est
2116 5324 2210 5377 per
2256 5307 2446 5364 Isaiam
2485 5308 2825 5377 prophetam,
2860 5322 3004 5361 nunc
3048 5321 3175 5361 vero
3210 5305 3375 5361 :Non

1816 5402 1928 5453 reni
1946 5401 2139 5452 solvere
2164 5400 2343 5468 legem,
2365 5399 2452 5453 sed
2473 5400 2681 5466 implere
2698 5398 2760 5453 ³³.
2782 5397 2839 5452 Si
2859 5407 2987 5453 vero
3008 5412 3072 5452 ex
3090 5398 3176 5454 his
3190 5399 3379 5453 convi-

1907 5552 1952 5582 "
1989 5552 2175 5606 Matth.
2213 5569 2264 5616 ν,
2307 5554 2391 5607 l7.

161 5719 271 5771 qua:
302 5702 464 5772 paulo
503 5706 623 5756 ante
664 5713 851 5754 auctor
871 5701 1003 5756 dixit
1037 5724 1048 5757 :
1093 5703 1359 5769 Quomodo
1394 5704 1664 5771 unicuique
1700 5703 1869 5759 reddit
1890 5705 2171 5765 secundum
2196 5721 2352 5776 opera
2374 5722 2469 5761 sna
2488 5709 2512 5763 .’
2534 5706 2695 5764 —Iis
2722 5710 2810 5781 qui
2834 5708 3140 5775 secundum,
3167 5716 3276 5764 etc.
