4044 6324
683 296 818 353 ΙΞΞῚ
1810 303 1947 362 τιτι
1987 305 2280 366 BOSTRE!

2314 307 2743 371 SISEHSCOH
3794 316 3911 376 in!

679 423 801 481 ptas
853 412 1076 466 licenter
1111 430 1164 467 in
1202 423 1408 470 metues
1441 416 1739 490 irrumpat,
1773 422 1942 493 legem
1986 439 2050 479 ex
2083 423 2241 479 habi-
2272 479 2276 489 ,

2312 427 2436 501 ,δην
2461 428 2716 502 noenu,
2743 430 2802 484 ιν
2823 429 2943 494 ταις
2975 430 3254 496 διανοίαις,
3284 431 3380 485 τὸν
3411 431 3582 501 νόμον
3614 433 3679 486 ἐκ
3716 433 3824 490 sint
3847 439 3909 490 ol-

678 507 980 559 tationibns
1026 506 1324 573 ejecerunt,
1376 525 1444 565 ne
1495 515 1612 580 lege
1657 515 1761 578 usi,
1811 528 1842 568 ι
1884 515 1997 586 lege
2043 517 2247 586 pudore

2342 524 2556 593 κήσιων
2594 525 2820 595 ἧλασαν,
2848 526 2934 578 ἵνα
2961 527 3035 598 μὴ
3064 527 3213 598 νόμῳ
3241 526 3588 598 χρησάμενοι
3623 527 3734 580 ὑπὸ
3766 529 3907 597 νόμου

679 592 1040 649 alﬁcerentur.
1075 596 1180 649 Sed
1237 601 1515 667 quomodo
1552 603 1666 672 lege
1705 605 1874 674 ejecta
1919 619 2080 660 aurea
2117 621 2245 663 suas

2339 592 2697 688 ἑντραπῶσιν.
2759 617 2921 670 Ἀλλὰ
3495 592 3905 689 ἀποσεισάμενι

677 688 892 740 venales
923 687 1161 755 prabent
1197 692 1610 758 cupiditatibus.
1645 704 1866 766 apparet
1901 698 1984 752 lex
2014 713 2137 753 esse
2164 700 2245 753 in-

2340 704 2795 776 ἁναταπταμνας
2817 706 3024 759 ιαυτῶν
3050 707 3149 770 τὰς
3180 687 3357 770 ἀκοὰς
3379 687 3792 778 παράσχωνται
3811 715 3907 772 ταῖς

678 778 960 833 terfectrix
991 785 1248 850 nequitia:
1283 804 1293 836 :
1332 786 1380 838 hi
1416 796 1597 842 autem
1632 790 1848 843 indocte
1888 800 1941 845 et
1979 793 2244 848 inerudite

2339 794 2690 865 ἑπιθυμίαιςι
2713 795 2958 865 φαίνεται
2989 798 3045 849 δὲ
3088 799 3115 849 6
3144 800 3306 868 νόμος
3337 798 3541 860 κακίας
3589 799 3903 868 ἀναιρέει-τες¹

677 872 918 936 aggressi
972 881 1098 923 sunt
1141 887 1400 927 aceusare
1427 878 1594 944 legem
1633 895 1644 930 :
1686 894 1750 931 ac
1795 881 1874 933 lex
1900 880 2116 949 quidem
2149 899 2241 937 ne-

2338 880 2482 941 οὗτοι
2504 887 2562 940 δὲ
2583 886 2803 957 ἀμαθῶς
2832 888 2924 940 καὶ
2946 888 3279 953 ἀπαιδεύτως
3303 889 3622 943 διαϐάλλειν
3645 891 3745 942 τὸν
3766 891 3905 959 νόμον

673 962 902 1031 quitiam
935 965 1070 1027 odit,
1105 965 1158 1018 hi
1194 983 1322 1020 vero
1354 969 1522 1037 legem
1567 971 1823 1027 oderunt.
1868 971 2074 1028 Evertit
2120 977 2242 1044 qui-

2338 979 2815 1050 ὲπικεχειρήκασιν
2836 997 2850 1011 ο
2882 980 2976 1031 καὶ
2994 981 3022 1030 6
3046 980 3141 1049 μὲν
3160 983 3320 1050 νόμος
3346 982 3548 1036 κακίαν
3577 983 3756 1051 μισεῖ,
3785 977 3907 1034 nimi

672 1055 795 1109 dem
861 1058 1302 1124 superstitionem
1358 1061 1463 1123 lex,
1523 1062 1575 1114 lii
1631 1079 1759 1116 vero
1816 1067 2015 1119 audent
2071 1068 2237 1137 legem

2337 1070 2393 1122 δὲ
2425 1072 2586 1140 νόμον
2631 1069 2872 1141 μισοῦσι·
2911 1072 3004 1123 καὶ
3035 1072 3288 1125 καταλύει
3324 1074 3422 1142 μὲν
3462 1074 3564 1143 τὴν
3598 1072 3910 1142 δεισιδαιμο-

669 1156 935 1202 evertere.
986 1147 1337 1218 Opponamus
1388 1153 1552 1221 igitur
1596 1170 1703 1209 res.
1749 1155 1809 1210 Si
1859 1159 1939 1213 lex
1987 1161 2240 1229 nequitia:

2337 1163 2455 1214 νίαν
2481 1165 2509 1214 6
2541 1162 2730 1233 νόμος⁶
2751 1156 2896 1216 οῦτοι
2919 1163 2974 1215 δὲ
2994 1163 3140 1214 λύειν
3157 1164 3246 1214 τὸν
3271 1166 3433 1234 νόμον
3458 1165 3767 1234 τολμῶσιν.
3813 1167 3909 1216 Ἀν-

669 1238 945 1290 contraria
975 1248 1080 1301 est,
1113 1240 1165 1292 hi
1199 1250 1380 1295 autem
1431 1243 1603 1314 legem
1642 1259 1977 1316 oppugnant,
2007 1265 2236 1303 succen-

2334 1253 2572 1324 τιθῶμεν
2614 1249 2704 1308 οῦν
2734 1256 2800 1307 τὰ
2839 1255 3156 1326 πράγματα.
3211 1256 3273 1308 Et
3305 1259 3333 1309 6
3358 1257 3521 1326 νόμος
3568 1258 3750 1328 κακία
3775 1258 3905 1310 ἀντί-

667 1336 789 1381 sent
821 1339 1041 1398 propter
1072 1335 1396 1401 nequitiam.
1426 1337 1554 1406 quia
1604 1339 1686 1392 lex
1728 1343 2023 1410 nequitiam
2052 1343 2237 1396 crimi-

2336 1363 2546 1412 κειται,
2588 1341 2829 1399 οῦτοι-δὲ
2871 1347 3017 1416 νόμῳ
3069 1346 3360 1415 μάχονται,
3405 1349 3795 1414 ἀγανακτοῦσι
3837 1349 3908 1402 te

665 1427 830 1472 natur-
879 1438 891 1472 :
938 1423 1137 1476 etenim
1183 1425 1310 1493 quia
1359 1441 1465 1480 non
1516 1431 1799 1497 patiuntur
1846 1440 1904 1486 ut
1953 1446 2237 1488 accusetur

2335 1435 2553 1497 κακίαν,
2578 1435 2658 1487 ὅτι
2706 1436 2734 1486 6
2769 1434 2930 1505 νόμος
2960 1435 3151 1487 κακίαν
3194 1433 3501 1487 διαϐάλλειο
3533 1437 3615 1507 μὴ
3664 1439 3908 1508 φέροντες

664 1511 947 1581 nequitia,
1005 1514 1212 1569 idcirco
1271 1518 1442 1587 legem
1515 1519 1619 1589 ipsi
1686 1536 2118 1590 accusaverunt,
2178 1534 2234 1578 ut

2336 1526 2441 1596 γὰρ
2472 1524 2572 1595 τὴν
2601 1526 2704 1594 τῆς
2737 1525 2933 1588 κακίας
2981 1524 3252 1592 διαθολὴν,
3285 1524 3378 1575 τὸν
3425 1527 3598 1595 νόμον

663 1607 944 1660 accusatio
996 1609 1254 1676 nequitiae
1305 1611 1481 1666 nullas
1528 1613 1672 1666 vires
1716 1613 1957 1677 haberet,
2013 1617 2127 1686 lege
2179 1619 2230 1671 in

2306 1607 2514 1680 ’κασιν,
2559 1617 2646 1669 ἴνα
2692 1617 2896 1687 ήκατὰ
2925 1617 3024 1684 τῆς
3066 1617 3262 1678 κακίας
3294 1615 3512 1686 διαϐολὴ
3564 1618 3646 1687 μὴ
3699 1619 3903 1690 ἰσχύσῃ,

660 1700 868 1751 crimen
903 1708 1110 1753 vocata.
1151 1698 1207 1753 Si
1245 1701 1326 1754 lex
1359 1702 1500 1755 idola
1546 1705 1704 1766 tollit,
1737 1715 1790 1760 et
1829 1707 2230 1763 multitudinem

2332 1708 2424 1760 τοῦ
2447 1709 2609 1777 νόμου
2637 1707 2888 1776 διαόεϐλη
2900 1708 3077 1777 μένου.
3110 1709 3171 1760 El
3199 1709 3227 1758 6
3251 1707 3410 1776 νόμος
3443 1708 3511 1759 τὰ
3537 1710 3749 1762 εἴδωλα
3771 1712 3906 1763 ἀναι-

659 1786 886 1842 deorum
931 1790 1111 1854 solvit,
1151 1790 1203 1843 hi
1239 1800 1418 1845 autem
1449 1794 1554 1848 tela
1595 1796 1649 1848 in
1691 1797 1861 1866 legem
1903 1809 2180 1855 torserunt
2217 1818 2227 1852 :

2335 1803 2438 1870 ρετ,
2471 1801 2563 1852 καὶ
2591 1799 2687 1869 τὴν
2721 1800 3006 1852 πολυθεῖαν
3028 1799 3299 1863 καταλύει,
3336 1794 3482 1852 οὗτοι
3511 1800 3568 1852 δὲ
3601 1802 3752 1855 ὅπλα
3781 1803 3905 1855 κατά

658 1889 1089 1934 consentaneum
1133 1893 1273 1944 erat,
1320 1894 1377 1937 ut
1425 1886 1828 1942 multitudinem
1881 1890 2103 1944 deorum
2141 1891 2233 1946 de-

2331 1892 2425 1944 τοῦ
2455 1892 2618 1962 νόμου
2646 1893 3023 1961 κεκινήκασιν·
3055 1891 3274 1954 είκότως
3293 1890 3586 1943 πολυθεῖαν
3619 1895 3904 1961 κατήγγει-

659 1971 994 2028 nuntiarent.
1031 1972 1098 2026 Ut
1141 1976 1302 2044 igitur
1344 1978 1635 2034 multitudo
1671 1979 1896 2035 deorum
1940 1983 2233 2037 conﬁrma-

2333 1982 2460 2034 λαν·
2498 1983 2584 2034 ινα
2617 1980 2722 2049 γὰρ
2750 1984 2776 2032 6
2821 1980 2917 2048 τῆς
2956 1980 3240 2044 πολυθεῖας
3283 1980 3472 2050 ίσχύσῃ
3508 1980 3694 2047 λόγος,
3731 1982 3795 2033 τὸ
3821 1983 3904 2034 τοῦ

658 2071 832 2122 retur,
897 2063 1031 2133 legis
1085 2078 1414 2136 prarceptum
1491 2072 1636 2140 apud
1694 2088 1788 2127 eos
1847 2075 2073 2127 vetitum
2129 2084 2230 2140 est,

2333 2072 2494 2140 νόμου
2529 2071 2654 2140 παρ’
2685 2071 2867 2131 αὐτοῖς
2901 2069 3200 2121 κεκώλυται
3222 2069 3590 2139 παράγγελμα
3619 2071 3685 2122 τὸ
3715 2070 3902 2136 λέγον·

655 2153 799 2220 quod
832 2156 939 2206 ait:
962 2159 1118 2217 Audi,
1151 2157 1340 2223 Israel,
1374 2159 1631 2216 Dominus
1657 2161 1796 2215 Deus
1827 2172 1944 2218 tuus
1979 2163 2233 2220 Dominus

2337 2163 2573 2222 Ἄκουε,
2617 2160 2880 2226 Ἰσραὴλ,
2905 2160 3116 2225 Κύριος
3155 2162 3186 2210 ό
3216 2160 3358 2223 Θεός
3388 2174 3525 2220 σου,
3551 2160 3779 2226 Κύριος
3828 2154 3903 2223 εἷς

652 2261 790 2297 unus
823 2258 941 2315 est;
976 2259 1047 2310 et,
1089 2249 1285 2320 Diliges
1337 2251 1620 2305 Dominum
1669 2254 1831 2308 Deum
1869 2266 2014 2309 tuum
2048 2258 2128 2322 ⁸⁰;
2158 2270 2230 2321 et,

2330 2252 2460 2305 ἐστι
2483 2269 2494 2281 ’
2529 2252 2641 2314 καὶ,
2685 2249 3041 2318 Ἀγαπήσεις
3064 2250 3279 2317 Κύριον
3297 2249 3401 2302 τὸν
3431 2251 3583 2302 θεόν
3615 2266 3736 2304 σου
3754 2270 3766 2280 ·
3799 2255 3901 2312 καὶ,

657 2336 738 2390 Νε
783 2339 916 2403 ferte
962 2343 1217 2406 aspiciens
1271 2345 1321 2395 in
1363 2346 1546 2396 cwlum
1574 2386 1586 2406 ,
1633 2359 1680 2398 et
1726 2347 1901 2400 videns
1943 2348 2104 2402 solem
2133 2389 2148 2411 ,
2182 2360 2232 2402 et

2332 2346 2427 2411 Μὴ
2477 2343 2823 2410 ἀναϐλέψας
2871 2344 2957 2405 εἰς
2995 2341 3099 2393 τὸν
3145 2340 3422 2404 οὐρανόν,
3474 2341 3572 2393 καὶ
3622 2340 3772 2394 ἰδὼν·
3810 2343 3903 2394 τὸν

654 2432 858 2493 Ιιιηαηι,
900 2441 949 2482 et
992 2432 1204 2496 stellas,
1257 2435 1442 2487 adores
1486 2453 1547 2488 ea
1575 2438 1639 2490 ".
1671 2438 1873 2492 Contra
1914 2441 2026 2494 haec
2069 2442 2231 2496 verba

2333 2434 2508 2499 ἣλιον
2547 2433 2643 2485 καὶ
2690 2433 2805 2499 τὴν
2851 2429 3146 2495 σελήνην,
3200 2429 3644 2497 προσκυνήσῃς
3685 2430 3898 2496 αὐτοῖς.

651 2524 759 2577 tela
801 2524 1050 2591 jecerunt
1078 2542 1091 2589 ;
1127 2534 1315 2579 contra
1350 2526 1463 2579 luec
1493 2540 1761 2599 prmcepta
1790 2534 2096 2600 exasperati
2127 2533 2232 2586 lin-

2331 2526 2473 2596 Πρὸς
2494 2525 2665 2578 ταῦτα
2687 2524 2756 2576 τὰ.
2777 2525 2993 2594 ῥήματα
3023 2521 3159 2574 ὅπλα
3189 2523 3507 2590 κεκινήκασι
3529 2539 3542 2550 ’
3570 2521 3717 2590 πρὸς
3741 2521 3903 2574 ταῦτα

651 2630 808 2684 gnam
855 2627 1109 2684 tanquam
1160 2616 1399 2687 gladium
1447 2633 1711 2674 acuerunt
1761 2640 1772 2674 :
1821 2623 2024 2678 idcirco
2058 2640 2086 2678 a
2123 2624 2232 2678 da:-

2329 2619 2396 2670 τὰ
2426 2616 2860 2688 παραγγέλματα
2903 2614 3308 2684 τραχυνθέντες,
3359 2615 3434 2676 ὼς
3485 2614 3774 2684 μάχαιραν
3814 2615 3906 2683 τὴν

650 2707 907 2762 monibus
937 2716 1193 2779 aguntur,
1234 2718 1289 2764 et
1330 2714 1509 2764 omnia
1561 2723 1911 2780 venerantur,
1945 2731 2044 2769 nec
2083 2716 2227 2770 aliud

2329 2709 2576 2776 γλῶσσαν
2606 2707 2908 2776 ἠκόνησαν·
2950 2704 3036 2756 διὰ
3071 2704 3225 2756 τοῦτο
3256 2702 3572 2773 δαιμονῶσι,
3607 2704 3708 2755 καὶ
3734 2703 3899 2756 πάντα

651 2797 836 2850 sciunt
866 2813 1027 2868 quam
1066 2802 1245 2853 omnia
1289 2801 1516 2855 adorare
1563 2818 1575 2852 :
1623 2818 1683 2856 ac
1728 2819 1941 2874 semper
1979 2820 2040 2860 se
2079 2805 2228 2860 humi

2328 2798 2544 2868 τιμῶσι,
2576 2799 2670 2850 καὶ
2701 2797 2851 2849 οὐδὲν
2880 2796 3079 2852 ἴσασιν,
3122 2798 3168 2848 σί
3215 2795 3286 2865 μὴ
3329 2796 3502 2847 πάντα
3534 2798 3866 2865 προσκυνεῖν
3887 2813 3902 2826 ·

651 2897 922 2952 sternunt,
981 2898 1033 2944 et
1087 2901 1320 2945 mentem
1377 2894 1579 2948 habent
1641 2897 1862 2959 elatam,
1932 2904 2224 2969 errantque

2331 2891 2424 2942 καὶ
2454 2890 2538 2941 ἀεὶ
2569 2889 2826 2940 πίπτουσι
2850 2886 3022 2955 χαμαὶ
3047 2885 3140 2937 καὶ
3166 2885 3389 2954 γνώμην
3419 2885 3635 2953 ἔχουσιν
3665 2887 3901 2956 ὲπ-ηρμέ.

649 2992 712 3031 ac
752 2988 1014 3048 vagantur
1058 2995 1223 3035 sensu
1270 2982 1436 3035 animi
1477 3002 1489 3036 :
1524 2986 1704 3037 omnia
1735 2999 1833 3052 pro
1870 3000 1967 3038 sua
2004 2984 2221 3039 licentia

2329 2996 2442 3048 νην·
2481 2979 2573 3030 καὶ
2609 2976 2910 3028 πλανῶνται
2931 2975 3023 3027 καὶ
3047 2975 3418 3043 ῥέμϐονταιτῇ
3448 2973 3662 3043 διανοίᾳ
3682 2991 3699 3005 ο
3732 2976 3897 3028 πάντα

646 3078 929 3123 verterunt
978 3071 1031 3123 in
1068 3071 1202 3125 deos
1247 3091 1260 3126 :
1300 3074 1548 3127 vicerunt
1593 3075 1831 3142 gentiles
1877 3085 1931 3129 et
1972 3076 2220 3129 multitu-

2326 3070 2766 3138 τεθεοποιήκασιν
2825 3067 2908 3119 ἐπ’
2945 3064 3219 3129 ἐξουσίας·
3250 3065 3343 3116 κα)⁵
3387 3063 3484 3134 τὴν
3516 3065 3729 3133 πλάνην
3759 3067 3901 3134 ἐσχή-

645 3159 792 3225 dine,
837 3168 889 3215 et
933 3163 1199 3226 vanitate,
1252 3166 1481 3235 gentiles
1531 3181 1594 3218 ex
1642 3166 1936 3234 gentilibus
1978 3167 2217 3230 oriundi,

2327 3181 2453 3215 κασι
2479 3162 2592 3228 (5'7)
2611 3178 2623 3191 °
2662 3161 2974 3229 νενικήκασι
3001 3175 3126 3220 τους
3157 3157 3418 3227 Ἕλληνας
3448 3156 3528 3226 τῷ
3558 3157 3780 3227 πλήθει,
3817 3161 3901 3212 καὶ

643 3260 696 3305 ει
719 3254 1087 3322 magnitudine
1119 3253 1304 3325 ﬂagitii
1333 3256 1610 3325 gentilium
1642 3256 1979 3326 ignorantias
2002 3256 2217 3310 illorum

2324 3256 2388 3323 τῇ
2437 3252 2682 3321 κενὸτητι
2735 3235 3296 3318 ἜλληνεξἘλλήνων
3337 3248 3642 3315 γεγονότες,
3690 3249 3789 3302 καὶ
3833 3251 3900 3318 τῷ

645 3353 986 3413 superantes.

2326 3341 2544 3411 μεγέθει
2575 3341 2671 3410 τῆς
2696 3339 2872 3393 αὐτῶν
2904 3337 3130 3400 ἀτοπίας
3166 3337 3267 3400 τὰς
3288 3337 3508 3390 ἐκείνων
3535 3339 3900 3408 ἀμϐλύνοντες

2323 3432 2563 3501 ἀγνοίας.

1728 3544 1854 3600 CAP.
1902 3543 2035 3601 Vl".
2065 3545 2218 3602 Nihil
2235 3549 2563 3620 ﬂagitiosum
2590 3548 2644 3601 in
2671 3548 2798 3617 lege.

716 3658 792 3712 Ne
815 3658 938 3727 quis
976 3667 1158 3712 autem
1192 3669 1306 3712 arte
1342 3657 1696 3714 fallacissima
1729 3660 1978 3713 studiose
2020 3669 2075 3714 et
2119 3674 2215 3715 ac-

2393 3662 2510 3715 ’Ὶνα
2533 3662 2590 3714 δὲ
2621 3663 2692 3731 μή
2716 3676 2800 3721 τις
2827 3655 3208 3727 ἀπατηλοτὼτῃ
3238 3653 3403 3726 τέχνῃ
3422 3655 3770 3724 χρησάμενος
3795 3659 3899 3710 tta-

642 3759 834 3807 curate
898 3765 1032 3802 usus
1095 3751 1269 3813 dicat,
1332 3750 1622 3803 Simulavit
1671 3751 1796 3813 lex,
1857 3758 1909 3805 et
1968 3753 2213 3821 quedam

2318 3753 2724 3824 τετηδευμένως
2746 3752 2902 3820 λέγῃ,
2941 3747 3373 3818 Ἐσχηματίσατο
3398 3749 3425 3798 6
3449 3746 3631 3816 νόμος,
3656 3750 3754 3800 καὶ
3787 3749 3895 3802 ἔνια

643 3841 873 3912 pulchra
911 3838 1093 3892 furata
1123 3879 1135 3901 ,
1177 3848 1434 3908 tanquam
1474 3855 1572 3893 sua
1607 3841 1869 3909 protulit,
1906 3856 2030 3894 cum
2061 3842 2219 3896 vellet

2322 3845 2427 3897 τῶν
2470 3843 2647 3896 καλῶν
2689 3841 2998 3912 σεσυληκὼς
3034 3839 3167 3909 (58),
3202 3838 3277 3900 ὼς
3313 3837 3419 3890 ίδια.
3459 3839 3892 3908 προσηνέγκατο,

643 3948 746 3987 sua
775 3931 974 4001 ﬂagitia
1006 3931 1318 3992 honestare,
1355 3939 1409 3984 et
1441 3939 1622 3998 partes
1659 3931 1964 3985 honestatis
1992 3932 2220 3986 inseruit

2325 3935 2583 4004 σεμνῦναι
2612 3934 2709 3996 τὰς
2744 3932 2936 3986 ἑαυτοῦ
2978 3931 3206 3992 ἀτοπίας
3235 3927 3572 3998 βουλόμενος,
3602 3930 3702 3982 καὶ
3736 3931 3895 4001 μόρια

644 4024 825 4078 studio
870 4021 1155 4093 olitegendi
1207 4024 1603 4091 turpitudinem
1652 4024 1882 4076 aliarum
1934 4025 2216 4094 partium;

2325 4025 2432 4078 τῶν
2470 4024 2649 4077 καλῶν
2697 4023 2999 4095 ὲνέσπειρε,
3034 4020 3121 4073 διὰ
3171 4019 3280 4072 τῶν
3332 4018 3534 4089 μορίων
3574 4018 3687 4072 τῶν
3720 4021 3893 4074 καλῶν

643 4132 771 4185 age,
815 4116 1154 4170 excutiamus
1189 4115 1387 4185 primo,
1438 4124 1617 4168 utrum
1668 4116 1871 4185 aliquid
1921 4116 2216 4171 absurdum

2324 4116 2431 4168 τῶν
2488 4115 2620 4168 ἄλλα
2667 4111 3010 4182 κατακρύψαι
3062 4109 3442 4170 ἐσπουδακώςο
3496 4107 3632 4179 φέρε
3684 4109 3893 4181 πρῶτον

642 4216 696 4260 et
760 4207 1083 4278 ﬂagitiosum
1145 4207 1283 4276 apud
1348 4207 1862 4277 legemwppareat,
1923 4217 2086 4278 atque
2145 4210 2218 4264 ita

2292 4259 2294 4272 ι
2325 4207 2708 4276 γυμνάσωμεν,
2747 4206 2819 4274 μή
2863 4221 2914 4256 τι
2957 4203 3152 4256 ἄτοπον
3184 4199 3334 4270 παρὰ
3372 4199 3448 4270 τῷ
3496 4201 3649 4270 νόμῳ
3679 4203 3889 4274 φανείη.

642 4299 905 4370 ﬂagitium
949 4300 1176 4353 istorum
1225 4298 1599 4367 redarguatur.
1655 4300 1933 4366 Secundo,
1962 4303 2008 4355 si
2051 4315 2216 4370 quas-

2322 4300 2416 4352 καὶ
2438 4297 2606 4360 οὕτως
2630 4296 2848 4364 ἐλεγχος
2868 4295 2967 4364 τῆς
2997 4292 3224 4355 ἀτοπίας
3250 4292 3422 4344 αὐτῶν
3445 4290 3721 4359 γιγνέσθω
3740 4310 3754 4322 ο
3781 4292 3892 4346 δεύ-

642 4392 765 4443 dain
796 4400 978 4461 partes
1011 4392 1122 4444 vitii
1165 4391 1479 4445 ulciscendo
1512 4393 1818 4460 dissipavit,
1856 4393 2088 4447 reddens
2117 4407 2214 4447 eos

2320 4407 2497 4461 τερον,
2545 4392 2595 4441 εί
2629 4388 2741 4441 ἔνια
2766 4389 2864 4457 τῆς
2904 4385 3098 4447 κακίας
3137 4383 3278 4454 μέρη
3311 4382 3610 4448 ἐπεξελθὼν
3652 4383 3889 4437 ἀπεσκέ-

642 4485 735 4551 qui
759 4482 1071 4543 credebant,
1108 4483 1306 4535 liberos
1336 4483 1403 4535 ab
1438 4484 1583 4536 omni
1613 4491 1765 4552 parte
1789 4484 1903 4537 vitii
1933 4502 1946 4550 ;
1975 4499 2082 4539 non
2102 4484 2212 4552 jam

2321 4483 2500 4546 δασεν,
2548 4479 2862 4551 ἐλευθέρους
2904 4479 3029 4538 τοὺς
3067 4472 3416 4536 πιστεύοντας
3463 4473 3668 4536 παντὸς
3705 4475 3886 4544 μορίου

644 4575 728 4626 lex
787 4573 1043 4625 simulata
1091 4572 1407 4639 apparebit,
1459 4573 1590 4640 quin
1646 4575 1830 4642 potius
1890 4574 2108 4628 inimica
2160 4581 2214 4627 et

2323 4573 2519 4636 κακίας
2569 4572 2874 4638 ἀποδείξας,
2923 4568 3106 4623 οὐκέτι
3143 4568 3611 4637 ἐσχηματισμένος
3655 4569 3688 4619 6
3733 4567 3889 4636 νόμος

642 4664 819 4719 hostis
846 4664 961 4717 vitii
990 4673 1042 4716 et
1069 4666 1343 4732 nequitiac.
1379 4663 1585 4728 Tertio,
1622 4667 1667 4719 si
1705 4666 1953 4734 quasdam
1984 4666 2214 4722 honesta

2322 4665 2539 4735 φανείη,
2562 4664 2675 4718 ἀλλ’
2701 4663 2891 4733 ἐχθρὸς
2912 4663 3005 4714 καὶ
3040 4661 3137 4732 τῆς
3169 4660 3362 4722 κακίας
3390 4657 3649 4727 πολέμιος
3669 4674 3683 4686 ·
3715 4659 3885 4728 τρίτον

641 4756 1162 4816 circumseminavit,
1207 4764 1258 4807 et
1304 4771 1409 4809 non
1451 4772 1669 4810 omnem
1713 4759 1946 4826 speciem
1993 4757 2212 4812 virtutis

2319 4760 2397 4823 δὲ,
2431 4761 2480 4812 εί
2503 4758 2618 4810 ἔνια
2651 4756 2757 4810 τῶν
2775 4756 2964 4809 ⁶καλῶν
2993 4756 3362 4826 περιέσπειρε,
3394 4755 3487 4806 καὶ
3518 4755 3580 4805 οὐ
3617 4755 3728 4806 πᾶν
3757 4751 3884 4817 εἶδος

640 4861 765 4901 cum
807 4847 986 4901 littera
1029 4847 1163 4916 legis
1205 4848 1509 4916 conjunxit,
1557 4857 1616 4900 ut
1663 4848 1909 4917 quaedam
1961 4849 2211 4904 videatur

2318 4850 2416 4920 τῆς
2441 4849 2642 4920 ἀρετῆς
2669 4850 2777 4910 τοῖς
2810 4848 3096 4918 γράμμασι
3124 4845 3376 4915 συνῆψεν,
3411 4845 3517 4908 ἵνα,
3560 4845 3607 4896 εἰ
3645 4846 3747 4912 μὲν
3775 4846 3883 4898 ἒνια

641 4938 964 5004 scripsisse,
1029 4939 1182 5006 plura
1237 4954 1365 4993 vero
1438 4939 1774 5008 reliquisse;
1835 4938 2032 5022 habeat
2102 4939 2207 4992 vim

2319 4943 2512 5012 φανείη
2557 4939 2938 5013 γεγραφηκὼς,
2985 4939 3200 4990 πλείονα
3243 4937 3301 4988 δὲ
3346 4935 3748 4998 ἀπολελοιπὼς,
3791 4936 3879 5007 ἔχῃ

639 5031 876 5098 aliquam
931 5028 1186 5082 refutatio
1237 5030 1390 5098 legis.
1444 5029 1540 5082 Sin
1602 5045 1726 5084 vero
1779 5031 2033 5085 universa
2091 5044 2212 5098 qua:

2318 5033 2438 5086 τινὰ
2483 5033 2709 5102 δύναμιν
2749 5035 2778 5084 6
2822 5032 3066 5100 ἔλεγχοςο
3099 5031 3146 5081 εξ
3183 5029 3239 5080 δὲ
3285 5027 3380 5080 ὅλα
3410 5026 3586 5078 διόλου
3635 5026 3707 5079 τὰ
3751 5027 3880 5082 καλὰ

640 5124 870 5177 honesta
917 5131 970 5177 et
1017 5125 1214 5176 decora
1270 5133 1419 5184 sunt,
1464 5125 1688 5177 omnino
1732 5123 1786 5176 in
1833 5123 2030 5176 litteris
2078 5122 2210 5191 legis

2319 5129 2431 5188 τοῖς
2458 5124 2777 5194 γράμμασιν
2805 5123 3030 5191 ἐπετέθη
3063 5122 3155 5173 τοῦ
3189 5120 3368 5189 νόμου,
3405 5117 3776 5188 θαυμάσωμεν
3797 5121 3878 5172 τὶν

637 5216 814 5284 posita
847 5223 975 5269 sunt
1005 5233 1017 5266 :
1055 5215 1390 5268 admiremur
1426 5216 1617 5284 legem,
1649 5225 1697 5269 et
1741 5213 1834 5268 Dei
1871 5215 2040 5294 legem
2073 5228 2209 5266 con-

2319 5217 2502 5287 νόμον,
2535 5217 2630 5269 καὶ
2674 5215 2805 5268 Θεοῦ
2841 5216 3002 5285 νόμον
3044 5213 3496 5282 ὁμολογήσωμεν*
3536 5211 3634 5263 καὶ
3679 5212 3878 5282 Πατρδς

638 5304 910 5371 ﬁteamur,
959 5306 1315 5374 dicamusque
1347 5322 1650 5361 sermonem
1681 5306 1774 5359 Dei
1807 5322 1965 5372 esse;
2008 5307 2060 5360 in
2107 5306 2208 5362 hos

2317 5305 2528 5377 ὁμιλίαν
2555 5312 2812 5378 φήσωμεν
2828 5324 2839 5336 ·
2862 5305 3081 5368 τούτους
3096 5305 3152 5358 δὲ
3183 5300 3696 5374 παραγραψώμεθα,
3714 5303 3876 5373 1155?,-

709 5461 754 5492 ⁵ο
795 5459 951 5515 Deut.
989 5478 1074 5522 γι,
1110 5461 1172 5524 4,
1210 5461 1260 5514 5.
1338 5461 1379 5490 ⁸¹
1428 5460 1581 5515 Deut.
1618 5477 1693 5523 tv,
1735 5461 1817 5515 19.

711 5614 823 5676 (57)
860 5616 969 5669 Καὶ
1026 5615 1139 5682 τὴν
1189 5617 1430 5682 πλάνην
1479 5616 1797 5685 ἐσχήκασι.
1855 5614 1981 5667 llrec
2044 5615 2207 5669 verba

2387 5610 2498 5677 (58)
2543 5613 2708 5685 ’ξενία
2754 5613 2872 5667 τῶν
2899 5611 3101 5685 καλῶν
3133 5613 3513 5685 σεσυῶηκῲς.
3565 5613 3758 5684 Aliqua
3788 5609 3869 5664 Ito-

634 5687 821 5740 Omisit
851 5685 1119 5754 interpres
1150 5704 1161 5741 :
1201 5689 1250 5740 in
1282 5681 1508 5740 errarem
1544 5681 1856 5740 inciderunt.
1889 5685 2049 5740 Btsn.
2307 5692 2454 5737 nesta
2484 5681 2796 5751 subripiens.
2835 5695 2886 5735 ut
2916 5684 3090 5750 turpia
3125 5683 3397 5753 obtegeret.
3429 5684 3502 5736 In.
