4044 6324
145 431 285 489 ma

1202 412 1569 474 ADVERSUS
1601 407 2026 470 IANICHEOS
2056 407 2188 468 LIB.
2231 409 2318 466 lll.

3235 405 3378 467 ηδο

144 547 239 603 λον
271 545 494 618 γνώμην
519 545 619 599 ικαὶ
654 539 1223 614 παρακεχαραγμένην
1248 535 1564 607 ἐσχηκότας.
1593 531 1718 586 Ὀτι

1833 541 1947 582 vero
1997 526 2403 582 accusationem
2447 541 2479 580 ι
2517 525 2634 597 lege
2684 525 3097 593 transferamus,
3141 543 3381 598 quorum

148 639 250 712 μιν
291 634 384 694 οὖν
421 638 544 691 οὐδὲ
573 638 631 690 ἓν
667 637 853 709 μέριον
891 632 1086 694 κακίας
1131 626 1543 698 ὲπεσπαρμένον
1581 624 1714 694 ἔχει,

141 728 268 783 οὐδὲ
320 728 504 799 μόριον
549 725 746 786 κακίας
793 720 1128 793 ἀφῃρηκὼς,
1187 719 1373 789 ἑτέρου
1425 715 1713 784 ἐφείσατο·

144 819 282 874 ἀλλά
303 819 540 891 καθαρὸς
565 818 664 888 μὲν
687 819 717 871 ό
744 814 907 885 νόμος
932 814 1026 867 καὶ
1057 814 1229 880 ἅγιος,
1262 810 1355 862 καὶ
1374 805 1506 860 Θεοῦ
1533 806 1715 874 νόμος,

140 915 176 968 ο
208 912 417 976 Παῦλος
449 911 582 982 βοᾷ·
610 909 751 962 ὥστε
785 909 846 960 ’0
874 905 992 976 μὲν
1011 907 1193 973 νόμος
1224 903 1409 970 ἅγιος.
1437 900 1532 954 καὶ
1558 899 1595 965 ἡ
1619 896 1716 951 ἐν·

142 1005 296 1074 τολὴ
336 1004 492 1074 ἁγία,
522 1001 622 1055 καὶ
649 1000 869 1063 δικαία,
918 998 1016 1052 καὶ
1043 994 1266 1068 ἀγαθή·
1310 994 1421 1056 καὶ,
1464 991 1721 1058 οτδίνμεν

143 1096 277 1168 τὰρ,
301 1096 394 1150 ὅτι
437 1097 470 1148 ὀ
507 1093 625 1163 μὲν
651 1093 836 1161 νόμος
875 1088 1275 1158 πνευματικός
1309 1086 1439 1138 ἐστι
1461 1098 1475 1111 ·
1511 1082 1571 1134 τὸ
1613 1079 1722 1148 γὰρ

144 1189 323 1258 ἀγιον,
367 1186 461 1239 καὶ
500 1183 882 1255 πνευματικὸν,
913 1184 1008 1236 καὶ
1041 1180 1242 1250 ἀγαθὸν
1286 1178 1464 1246 πάσης
1496 1173 1721 1234 ἀτοπίας

141 1277 490 1342 ἀπολέλυται,
512 1278 606 1332 καὶ
626 1276 741 1329 οὐδε
751 1277 845 1346 μιᾷ
864 1275 1064 1354 ἀτοπίᾳ
1097 1272 1345 1342 ἀνέχεται
1366 1285 1380 1300 ·
1404 1265 1722 1337 σεμνύνεται

145 1373 269 1434 ταῖς
315 1371 553 1440 ἀρεταῖς,
585 1369 676 1422 κα)⁸
714 1359 1015 1435 διαλέγεται
1047 1365 1124 1435 τῷ
1167 1361 1318 1432 Θεῷ·
1353 1362 1386 1431 ἡ
1431 1358 1539 1429 γὰρ
1587 1355 1722 1424 πρὸς

146 1463 239 1515 τὸν
263 1461 392 1516 Θεὸν
425 1460 606 1532 ὁμιλία
649 1459 812 1529 ἀλλης
852 1459 948 1529 μὲν
974 1456 1180 1520 τάξεως
1209 1454 1309 1506 οὐκ
1341 1450 1611 1520 ἀνέχεται,
1655 1447 1720 1514 τῇ

143 1558 205 1612 δὲ
254 1555 349 1608 τοῦ
391 1555 703 1625 Πνεύματος
750 1551 1064 1625 ῥυθμίζεται
1116 1545 1430 1615 ἐπιστασίᾳ·
1482 1542 1724 1609 Πνεῦμα

145 1648 260 1716 γὰρ
307 1649 339 1700 ό
381 1645 544 1712 Θεὸς,
571 1645 668 1698 καὶ
710 1645 850 1710 τοὺς
898 1637 1391 1712 προσκυνοῦντας
1436 1633 1622 1688 αὑτὸν
1651 1633 1723 1684 ἐν

148 1738 442 1806 πνεύματι
471 1738 565 1790 καί
601 1736 850 1804 ἀληθείᾳ
875 1734 968 1787 δεῖ
1005 1728 1392 1801 προσκυνεῖν.
1417 1727 1724 1794 Πνευματι-

149 1831 246 1892 κὸς
265 1830 324 1883 δὲ
354 1829 428 1882 ὣν
452 1833 481 1883 ὁ
506 1830 688 1899 νόμος,
713 1827 809 1897 τὴν
831 1825 964 1896 πρὸς
991 1823 1123 1876 Θεὸν
1147 1821 1359 1891 ὁμιλίαν
1384 1813 1726 1887 παρασκευά-

147 1918 264 1985 ζει·
293 1919 388 1974 καὶ
427 1922 475 1973 εί
504 1919 725 1972 δύναται
765 1921 794 1970 ὁ
839 1915 1205 1986 πνευματικὸς
1230 1912 1298 1964 τὰ
1327 1911 1424 1982 μὲν
1443 1907 1575 1962 ἀλλα
1600 1909 1721 1976 κρῖ-

1833 1902 2333 1956 sermocinationem
2377 1916 2501 1956 cum
2561 1902 2672 1957 Deo
2725 1913 2878 1973 parat
2937 1924 2950 1970 ;

143 2030 261 2081 ναι,
294 2013 455 2076 αὐτὸς
475 2013 529 2066 δὲ
562 2013 652 2064 ὑπ’
684 2009 894 2071 οὐδενὸς
927 2006 1303 2074 ἀνακρίνεται·
1340 2003 1493 2070 πόσῳ
1524 1997 1721 2069 μᾶλλον

147 2107 179 2160 ὁ
197 2107 358 2177 νόμος
385 2107 413 2159 ό
441 2103 824 2174 πνευματικὸς,
858 2099 1020 2161 αὐτὸς
1055 2098 1150 2168 μὲν
1175 2095 1390 2148 πάντων
1420 2093 1526 2146 τῶν
1550 2089 1723 2143 ἄλλων

146 2197 275 2258 τοὺς
297 2194 485 2262 λόγους
510 2194 795 2262 ἀνακρῖναι
831 2190 1074 2254 δύναται,
1107 2185 1266 2248 αὐτὸς
1307 2183 1363 2236 δὲ
1399 2181 1490 2235 ὑπ’
1514 2177 1724 2240 οὐδενὸς

150 2282 608 2354 ἀνακριθήσεταις

1819 620 2086 673 sententia
2113 616 2420 672 adulterina
2452 628 2508 672 et
2547 616 2840 687 depravata
2875 625 2981 674 est.
3017 617 3175 684 Quod
3212 620 3380 691 igitur

1819 711 2023 765 nullam
2057 718 2266 782 partem
2299 709 2415 764 vitii
2447 709 2529 763 lex
2563 709 2722 764 habet
2751 711 3155 776 inseminatam,
3201 727 3382 782 neque

1819 810 2024 870 partem
2056 803 2282 858 abstulit
2311 801 2503 866 aliam,
2545 808 2600 856 et
2634 803 2727 856 alii
2771 805 3028 874 pepercit,
3071 803 3168 860 sed
3197 805 3383 876 potius

1821 909 1954 962 pura
1986 902 2070 949 est
2099 895 2184 948 lex
2217 902 2272 950 et
2306 903 2514 959 sancta,
2546 901 2599 948 et
2628 892 2722 949 Dei
2751 895 2870 960 lex;
2899 894 3099 951 Paulus
3129 897 3329 950 clamat
3363 913 3379 952 :

1820 984 1928 1038 Lex
1951 985 2157 1054 quidem
2179 996 2385 1052 sancta,
2413 996 2462 1040 et
2494 987 2800 1040 mandatum
2825 1000 3064 1041 sanctum
3083 997 3131 1042 et
3148 987 3380 1057 justum,

1819 1087 1871 1133 et
1894 1079 2084 1133 bonum
2119 1081 2165 1113 ⁸³
2198 1097 2214 1148 ;
2256 1091 2310 1135 et
2347 1099 2360 1135 :
2406 1080 2614 1136 Scimus
2656 1083 2815 1148 enim,
2849 1083 2989 1142 quod
3019 1080 3101 1133 lex
3136 1081 3386 1149 spiritua-

1822 1171 1887 1226 lis
1923 1182 2003 1227 est
2043 1173 2090 1208 ⁸⁸
2127 1191 2140 1228 :
2187 1173 2335 1243 quod
2367 1174 2512 1226 enim
2555 1181 2805 1228 sanctum
2840 1180 2944 1235 est,
2982 1179 3037 1227 et
3079 1171 3382 1242 spirituale,

1822 1269 1875 1315 et
1920 1263 2144 1326 bonum,
2191 1264 2260 1318 ab
2304 1264 2452 1318 omni
2490 1265 2829 1333 turpitudine
2869 1265 3160 1319 liberatum
3193 1273 3299 1332 est,
3330 1271 3388 1320 et

1824 1355 1970 1408 nulla
2019 1355 2179 1422 culpa
2225 1354 2280 1408 in
2328 1369 2393 1409 eo
2431 1357 2619 1419 haeret,
2664 1357 3032 1425 gloriaturque
3065 1356 3385 1421 virtutibus,

1822 1452 2025 1498 etcum
2072 1443 2183 1499 Deo
2219 1445 2479 1514 loquitur.
2511 1446 2908 1500 Serntocinatio
2937 1447 3083 1500 enim
3117 1463 3239 1502 cum
3275 1447 3388 1505 Deo

1825 1551 1932 1590 non
1965 1535 2188 1604 patitur,
2221 1544 2279 1589 ut
2319 1536 2543 1590 alterius
2581 1536 2792 1591 ordinis
2823 1537 2893 1590 sit
2925 1576 2938 1600 ,
2986 1539 3078 1592 sed
3112 1539 3387 1604 guberna-

1826 1626 1972 1679 tione
2020 1625 2255 1694 Spiritus
2297 1627 2472 1681 sancti
2510 1636 2876 1697 temperatur;
2923 1627 3064 1681 Deus
3101 1631 3238 1682 enim
3279 1630 3389 1698 spi-

1826 1718 1962 1770 ritus
2004 1726 2082 1771 est
2108 1759 2122 1782 ,
2153 1729 2203 1772 et
2227 1719 2313 1787 qui
2352 1735 2471 1782 eum.
2501 1719 2746 1783 adorant,
2788 1722 2839 1773 in
2875 1722 3063 1787 spiritu
3093 1731 3142 1772 et
3173 1722 3390 1776 veritate

1827 1820 2028 1878 oportet
2070 1809 2292 1864 adorare
2321 1811 2388 1867 “.
2423 1809 2533 1866 Lex
2566 1821 2744 1866 autem
2794 1829 2915 1867 cum
2961 1814 3254 1882 spiritualis
3294 1818 3387 1878 sit,

3011 1913 3063 1958 et
3112 1908 3153 1959 si
3208 1916 3388 1976 potest

1830 1992 2130 2061 Spiritualis
2192 1995 2294 2047 alia
2347 1994 2563 2063 quidem
2621 1995 2895 2064 judicare,
2949 1996 3061 2066 ipse
3122 2005 3300 2052 autem
3354 2013 3388 2050 a

1831 2084 2048 2137 nemine
2093 2085 2372 2152 judicatur
2414 2104 2426 2139 :
2499 2098 2699 2154 quanto
2741 2089 2914 2156 magis
2962 2088 3045 2141 lex
3090 2089 3391 2157 spiritualis

1830 2180 2008 2240 potest
2036 2172 2253 2242 quidem
2290 2174 2518 2228 aliorum
2545 2176 2788 2229 omnium
2815 2192 3094 2234 sermones
3119 2179 3388 2248 judicare,

1836 2266 1952 2334 ipsa
1981 2280 2110 2320 vero
2140 2281 2170 2318 a
2207 2268 2422 2320 nemine
2444 2266 2811 2336 judicabitur?

1103 2396 1233 2451 CAP.
1265 2393 1355 2450 1X.
1390 2392 1497 2448 Lex
1522 2404 1725 2445 omnem
1750 2387 1861 2440 vitii
1890 2387 2109 2454 speciem
2139 2385 2378 2442 abstulit.

228 2518 349 2571 Ὀτι
371 2516 428 2570 δὲ
457 2515 552 2568 καὶ
579 2516 684 2567 πᾶν
725 2506 864 2576 εἶδος
908 2510 1106 2571 κακίας
1141 2506 1343 2570 ἀνεῖλε,
1391 2505 1486 2559 καὶ
1518 2502 1636 2556 οὐδὲ
1668 2500 1725 2552 ἓν

151 2613 346 2686 μόριον
397 2608 675 2679 παρεῖδεν,
722 2605 835 2659 ἀλλ’
881 2599 1141 2671 ἐπεξῆλθε
1195 2599 1303 2652 πᾶν
1350 2593 1487 2659 εἶδος
1528 2594 1727 2686 κακίας

150 2701 418 2774 ἀναιρῶν,
454 2698 794 2760 ἀνακόπτων,
825 2695 980 2765 δῆλον
1010 2695 1074 2745 ὲκ
1102 2690 1211 2744 τῶν
1245 2689 1373 2760 περὶ
1405 2687 1501 2756 τῆς
1532 2685 1727 2748 κακίας

145 2798 317 2867 δρων,
343 2792 622 2862 τεσσάρων
652 2787 809 2843 εἱδῶν
834 2787 1000 2839 ὅντων
1039 2784 1138 2854 τῆς
1171 2783 1389 2846 κακίας,
1419 2777 1727 2851 ἀφροσύνης

153 2895 252 2943 καὶ
282 2883 595 2944 ἀκολασίας,
633 2882 726 2934 καί
771 2879 989 2940 δειλίας,
1040 2875 1134 2928 καὶ⁵
1163 2874 1394 2936 ἀδικίας.
1431 2873 1492 2924 El
1541 2870 1638 2937 μέν
1673 2884 1726 2920 τι

153 2978 362 3047 φαυλον
387 2975 469 3046 εῐη
503 2976 530 3026 ό
565 2972 727 3042 νόμος
771 2965 1147 3037 σεσιωπηκὼς,
1180 2963 1373 3034 ἀτελὴς
1393 2963 1422 3014 ὁ
1450 2963 1611 3033 νόμος
1632 2977 1643 2988 ·
1679 2959 1727 3010 εί

150 3069 215 3122 δὲ
259 3065 519 3134 ἐπεξῆλθε
572 3065 667 3117 καὶ
713 3060 1136 3132 ἐπεξεργάσατο,
1184 3058 1290 3109 πᾶν
1343 3051 1480 3116 εἶδος
1530 3051 1729 3112 κακίας

154 3155 526 3230 προαναιρῶν,
569 3153 792 3214 εἰκότως
826 3153 858 3220 ἡ
906 3151 1072 3203 κακία
1119 3147 1460 3200 συστέλλεται
1493 3145 1596 3197 ὑπὸ
1634 3141 1728 3195 τοῦ

1901 2496 2057 2563 Quod
2108 2508 2288 2554 autem
2337 2514 2553 2555 omnem
2598 2501 2834 2571 speciem
2879 2502 2992 2556 vitii
3037 2505 3293 2568 sustulit,
3335 2513 3392 2559 et

1829 2592 2033 2646 nullam
2067 2600 2275 2662 partem
2302 2593 2651 2661 praetermisit
2680 2603 2771 2647 aut
2801 2594 3054 2663 neglexit,
3082 2596 3172 2651 sed
3209 2597 3392 2665 potius

1829 2698 1990 2739 omne
2019 2699 2195 2754 genus
2221 2683 2337 2737 vitii
2364 2683 2700 2750 vindicavit,
2743 2685 2942 2740 tollens
2980 2695 3034 2740 et
3065 2688 3393 2744 exscindens

1827 2776 2002 2840 illud;
2059 2784 2274 2831 constat
2315 2790 2382 2830 ex
2424 2775 2635 2845 legibus
2671 2790 2735 2830 ac
2773 2778 2975 2847 regulis
3000 2777 3066 2831 de
3097 2778 3230 2831 vitio
3264 2795 3394 2835 con-

1832 2866 2061 2928 stitutis,
2095 2866 2254 2935 cujus
2290 2873 2421 2922 sunt
2462 2867 2672 2936 species
2716 2875 2971 2936 quatuor,
3005 2869 3394 2938 imprudentia,

1834 2959 2293 3029 intemperantia,
2342 2958 2643 3024 timiditas,
2699 2970 2750 3014 et
2804 2959 3095 3030 injustitia.
3160 2961 3215 3016 Si
3269 2965 3400 3035 quid

1835 3061 2016 3105 autem
2049 3051 2202 3120 pravi
2243 3051 2326 3106 lex
2369 3051 2703 3116 reticuisset,
2733 3051 3046 3121 imperfecta
3083 3065 3225 3109 esset
3258 3056 3344 3110 lex
3384 3077 3395 3108 :

1839 3144 1926 3198 sin
1976 3158 2106 3198 vero
2153 3151 2213 3197 ut
2255 3159 2444 3200 omnes
2497 3145 2707 3214 species
2753 3147 3008 3215 nequitiae
3057 3149 3398 3218 praeciderat,

154 3250 347 3321 νόμου,
392 3247 526 3319 μηδὲ
576 3245 824 3314 λείψανον
864 3243 1007 3312 ἔχειν
1045 3238 1528 3310 συγκεχωρημένη.
1560 3236 1727 3288 Ὅπου

1837 3250 1932 3291 eas
1982 3235 2281 3289 vindicavit
2328 3242 2383 3290 et
2430 3237 2784 3292 retractavit:
2836 3239 3084 3308 sequitur
3133 3241 3322 3294 vitium
3371 3260 3402 3294 ει

156 3340 293 3411 γοῦν
329 3335 498 3410 ἰσχύει
538 3336 721 3407 νόμος,
753 3335 844 3387 κο)⁸
883 3336 950 3403 τῇ
985 3331 1160 3383 πειθοῖ
1191 3331 1257 3382 τά
1290 3329 1455 3397 νεῦρα
1501 3327 1732 3387 δίδωσιν,

155 3433 286 3488 οὐδὲ
343 3429 524 3484 νοτίδα
564 3426 762 3489 κακίας
815 3425 960 3477 ἔστιν
1005 3425 1213 3493 εὑρεῖν·
1248 3423 1382 3474 ὅπου
1430 3420 1484 3473 δὲ
1534 3420 1732 3481 ἀτονεῖ,

157 3521 511 3594 περιέρχεται
536 3521 568 3588 ἡ
606 3515 835 3586 πονηρία
861 3512 1189 3567 σκυλεύουσα
1206 3514 1300 3564 καὶ
1325 3509 1734 3579 κατανεμομένη

158 3615 252 3666 ἐπ’
278 3611 525 3679 ἐξουσίας
552 3607 861 3678 βαδίζουσα,
892 3606 968 3676 τῷ
993 3604 1286 3674 ἀφυλάκτῳ
1314 3602 1412 3672 τῆς
1433 3601 1610 3670 ψυχῆς
1637 3600 1735 3668 τὴν

159 3701 412 3769 ἐξουσίαν
440 3698 738 3770 εὑραμένη.
771 3696 877 3767 Βοᾷ
905 3697 1012 3766 γὰρ
1037 3698 1065 3748 ὁ
1088 3695 1247 3764 νόμος
1269 3712 1279 3722 ·
1307 3695 1375 3746 El
1401 3695 1433 3746 ὀ
1457 3692 1607 3754 ,λαός
1617 3705 1736 3758 μου

158 3791 396 3863 ἢκουσέ
414 3809 554 3862 μου,
599 3789 844 3858 Ἰσραὴλ
870 3787 998 3854 ταῖς
1019 3787 1180 3852 ὁδοῖς
1207 3803 1324 3855 μου
1351 3786 1403 3838 εὶ
1424 3783 1734 3850 ἐπορεύθη,

156 3886 236 3940 ἐκ
260 3885 340 3950 τῷ
363 3882 576 3954 μηδενί
595 3882 670 3935 ἂν
697 3881 835 3946 τοὺς
857 3879 1108 3948 ἐχθροὺς
1131 3876 1324 3930 αὐτῶν
1346 3876 1734 3928 ὲταπείνωσα·

159 3979 254 4032 ὅτε
278 3975 385 4046 γὰρ
419 3974 590 4028 πείθει
623 3973 806 4043 νόμος,
847 3969 1049 4041 ἀνευρα
1093 3969 1300 4037 γίνεται
1329 3966 1397 4020 τὰ
1431 3964 1598 4029 κακὰ,
1639 3981 1738 4034 χα-

165 4070 267 4141 μαὶ
298 4069 546 4137 κείμενα,
572 4067 665 4118 καὶ
688 4064 820 4135 μηδὲ
848 4063 1164 4133 ἀντωπῆσαι
1181 4064 1244 4132 τῇ
1267 4060 1408 4131 eam
1440 4059 1734 4127 δυνάμενα.

159 4161 229 4214 El
265 4158 376 4231 γάρ
413 4159 640 4228 λύχνος
689 4156 810 4220 τοῖς
846 4158 990 4209 ποσί
1023 4171 1140 4224 μου
1171 4157 1201 4207 ὀ
1239 4155 1420 4222 νόμος
1455 4168 1593 4218 σου,
1643 4150 1738 4203 καὶ

161 4248 292 4321 φῶς
328 4248 458 4315 ταῖς
500 4249 720 4316 τρίϐοις
742 4265 881 4316 μου,
923 4247 1028 4298 πᾶν
1069 4244 1130 4296 τὸ
1160 4244 1491 4314 πρόσκομμα
1536 4241 1738 4310 ἀνῄρη-

158 4359 276 4406 ται,
310 4339 725 4410 τπφωτισμένης
762 4338 857 4391 καὶ
901 4335 1153 4404 διαυγοῦς
1180 4336 1278 4404 τῆς
1320 4333 1545 4404 καρδίας
1584 4334 1738 4402 εὑρε-

160 4433 382 4502 θείσης·
413 4431 516 4484 κᾶν
540 4431 648 4501 γὰρ
667 4431 766 4499 τὴν
791 4428 917 4482 νέαν
941 4428 1154 4498 ἐκείνην
1182 4428 1274 4480 καὶ
1308 4423 1598 4496 ὀλισθηρὰν
1639 4423 1740 4494 ἔχῃ

159 4521 404 4592 ἡλικίαν,
426 4519 668 4590 φυλακὴν
694 4519 749 4570 δὲ
774 4517 882 4572 τῶν
916 4518 1172 4589 ῥημάτων
1198 4518 1434 4587 τηρήσῃ,
1463 4515 1736 4567 ἀδιάπτω-

1835 3326 1954 3396 lege
1986 3329 2225 3382 coerceri
2258 3335 2311 3381 et
2342 3328 2587 3398 reprimi,
2624 3345 2744 3398 qua:
2777 3346 2949 3399 neque
2992 3331 3248 3401 reliquias
3282 3334 3402 3402 ejus

1835 3419 2062 3487 patitur.
2107 3417 2209 3472 Ubi
2253 3419 2419 3489 igitur
2460 3420 2603 3473 valet
2643 3428 2695 3474 et
2737 3421 2880 3490 viget
2923 3423 3030 3486 lex,
3059 3431 3114 3477 et
3157 3427 3400 3480 suasioni

1836 3524 2035 3564 nervos
2070 3509 2314 3576 adhibet,
2360 3509 2435 3563 ibi
2479 3525 2657 3580 neque
2690 3511 2886 3566 humor
2928 3513 3042 3567 vitii
3083 3515 3352 3584 reperitur
3385 3536 3399 3570 :

1849 3600 1943 3654 ubi
1981 3608 2161 3656 autem
2199 3601 2531 3667 debilitatur,
2571 3602 2884 3657 obambulat
2925 3606 3164 3675 nequitia
3195 3609 3404 3676 compi-

1838 3697 1956 3748 lans
1994 3701 2048 3748 et
2085 3693 2404 3762 depascens,
2447 3694 2672 3750 licenter
2717 3696 2991 3765 gradiens,
3023 3706 3076 3754 et
3126 3699 3404 3753 licentiam

1837 3792 1996 3838 nacta
2029 3797 2247 3854 propter
2277 3785 2577 3839 custodiam
2613 3789 2808 3842 animae
2834 3790 3156 3858 neglectam.
3193 3789 3405 3845 Clamat

1838 3874 1983 3927 enim
2019 3875 2101 3928 lex
2147 3893 2158 3927 :
2210 3873 2271 3928 Si
2310 3875 2532 3942 populus
2573 3892 2715 3931 meus
2744 3878 2975 3932 audisset
3014 3895 3112 3942 me,
3144 3879 3316 3934 Israel
3347 3882 3404 3935 in

1839 3966 1934 4018 viis
1976 3967 2102 4019 meis
2150 3965 2196 4018 si
2242 3965 2602 4031 ambulasset,
2647 3983 2743 4036 pro
2786 3970 2948 4022 nihilo
3003 3971 3244 4026 inimicos
3287 3972 3404 4042 ejus

1839 4056 2199 4111 humiliassem
2251 4058 2319 4113 ".
2365 4058 2502 4113 Cum
2540 4061 2684 4115 enim
2724 4060 2809 4114 lex
2852 4061 3162 4129 persuadet,
3206 4080 3404 4121 nervos

1841 4147 2096 4201 amittunt
2146 4147 2276 4202 vitia
2339 4149 2493 4203 humi
2536 4151 2810 4220 jacentia,
2858 4168 2977 4222 qua!
3019 4169 3116 4208 nec
3165 4156 3405 4211 animam

1840 4254 1905 4293 ex
1937 4238 2163 4294 adverso
2193 4240 2392 4294 intueri
2420 4250 2670 4310 possunt.
2695 4241 2753 4298 Si
2779 4245 2922 4298 enim
2949 4242 3167 4300 lucerna
3188 4247 3406 4315 pedibus

1840 4332 1966 4385 meis
1994 4331 2076 4384 lex
2105 4343 2216 4392 tua,
2244 4341 2292 4386 et
2315 4333 2492 4388 lumen
2519 4336 2720 4390 semitis
2744 4337 2871 4390 meis
2900 4337 2967 4400 ",
3024 4339 3202 4394 omnis
3232 4340 3405 4394 oll‘en-

1841 4423 1922 4476 sio
1969 4424 2183 4476 sublata
2231 4432 2335 4488 est,
2385 4426 2688 4481 illuminato
2732 4428 2896 4482 corde
2935 4436 2989 4483 et
3042 4430 3402 4499 splendente;

1842 4515 1945 4568 etsi
1992 4514 2138 4568 enim
2192 4517 2315 4586 quis
2361 4525 2520 4572 aetate
2578 4517 2669 4572 illa
2738 4519 3120 4575 adolescentiae
3193 4523 3402 4578 lubrica

159 4629 258 4675 τος
285 4610 545 4666 διατελῶν
577 4609 856 4680 βοήσεται·
906 4609 1000 4661 Ἐν
1038 4610 1151 4661 τίνι
1193 4604 1548 4674 κατορθώσει
1593 4603 1727 4658 νεώ-

1843 4605 1935 4668 sit,
1977 4604 2282 4660 custodiam
2324 4618 2505 4663 tamen
2550 4610 2840 4664 verborum
2886 4620 3171 4666 conservet
3219 4630 3406 4688 perse-

159 4718 337 4770 τερος
365 4699 477 4768 τὴν
519 4698 662 4752 ὁδὸν
689 4697 910 4762 αὑτοῦ;
951 4699 1020 4751 ὲν
1056 4696 1135 4762 τῷ
1181 4696 1561 4765 φυλάξασθαι
1594 4693 1735 4759 τοὺς

157 4795 386 4862 λόγους
418 4807 555 4844 σου.
595 4790 832 4859 Δύναμιν
864 4790 919 4843 δὲ
954 4789 1046 4842 τοῦ
1092 4790 1358 4860 μηδέποτε
1409 4787 1736 4857 σφάλλεσθαι

158 4881 532 4953 πορισάμενος
559 4879 756 4948 ἑαυτῷ,
783 4878 860 4948 τῷ
889 4879 1149 4950 κρύπτειν
1177 4879 1273 4942 τὰς
1308 4877 1400 4930 τοῦ
1442 4879 1607 4948 νόμου
1635 4896 1739 4948 μα-

158 4975 352 5045 θήσεις
387 4973 445 5023 ὲν
493 4974 559 5040 τῇ
607 4971 832 5042 διανοίᾳ,
880 4971 1068 5040 φησιν·
1116 4973 1218 5025 Ἑν
1268 4969 1341 5037 τῇ
1373 4971 1583 5038 καρδίᾳ
1619 4989 1737 5038 μου

155 5066 402 5134 ἔκρυψα
430 5062 500 5115 τὰ
523 5061 694 5131 λόγια
719 5077 854 5126 σου,
893 5062 1049 5128 ὅπως
1081 5062 1156 5115 ἂν
1185 5062 1264 5131 μὴ
1312 5062 1548 5131 ἁμάρτω
1578 5077 1696 5115 σοι.

230 5239 347 5294 Καὶ
375 5237 517 5290 οὕτω
547 5239 635 5290 τὸν
661 5237 819 5307 νόμον
847 5237 964 5290 ἀντὶ
986 5235 1220 5307 φρουροῦ
1246 5235 1341 5288 καὶ⁵
1381 5235 1616 5304 φύλακος
1645 5235 1704 5288 et
1721 5265 1736 5274 -

158 5347 349 5404 μενος,
383 5334 600 5400 σννήσει
629 5329 743 5391 πῶς
769 5329 994 5381 ἕκαστον
1021 5329 1127 5380 τῶν
1153 5327 1382 5380 εἰδώλων
1403 5328 1502 5398 τῆς
1537 5329 1734 5392 κακίας

154 5427 186 5476 ὁ
226 5423 389 5491 νόμος
429 5418 748 5472 ἀπελαύνει·
779 5416 1095 5470 ἀπελαύνων
1133 5418 1228 5488 μὲν
1258 5417 1356 5488 τὴν
1399 5417 1733 5486 ἀφροσύνην,

155 5509 248 5565 διὰ
280 5508 374 5562 τοῦ
421 5508 666 5576 λέγοντος
710 5507 1063 5578 γράμματος·
1100 5507 1194 5574 Μὴ
1242 5509 1480 5575 γίνεσθε
1526 5508 1601 5573 ὼς
1637 5509 1732 5559 ἵπ-

158 5618 275 5668 πος
306 5601 406 5655 καὶ
423 5601 689 5672 ἡμίονος,
714 5598 801 5666 οἷς
820 5602 931 5653 οὐκ
953 5599 1082 5652 ἔστι
1105 5602 1356 5666 σύνεσις
1377 5618 1388 5630 ·
1417 5599 1731 5671 ἐξοστρακί-

1841 4709 2036 4749 verans
2078 4706 2312 4761 erectus,
2363 4698 2618 4752 clamabit
2666 4717 2678 4751 :
2724 4697 2790 4752 In
2821 4715 2920 4768 quo
2965 4701 3178 4769 corrigit
3227 4703 3405 4756 adole—

1852 4787 2082 4841 scentior
2149 4790 2287 4842 viam
2353 4794 2552 4845 suam?
2612 4792 2665 4843 in
2735 4791 3072 4844 custodiendo
3142 4806 3403 4847 sermones

1843 4887 1958 4931 tuos
2011 4880 2076 4932 ⁵⁷.
2141 4878 2307 4935 David
2377 4883 2703 4954 comparatis
2757 4883 2860 4938 sibi
2909 4884 3119 4938 viribus
3171 4885 3238 4940 ad
3294 4902 3404 4941 non

1842 4969 2155 5035 lahendum,
2189 4973 2439 5028 ahdendo
2471 4975 2522 5055 ip
2557 4983 2734 5028 mente
2768 4975 3087 5045 disciplinas
3116 4976 3248 5046 legis
3279 4977 3407 5031 aie—

1843 5059 1934 5113 bat
1977 5080 1988 5114 :
2037 5060 2102 5115 In
2147 5063 2302 5117 corde
2345 5081 2456 5118 meo
2503 5064 2750 5119 abscondi
2789 5067 2998 5122 cloauia
3047 5077 3156 5133 tua,
3199 5076 3256 5119 ut
3300 5083 3404 5121 non

1840 5167 2039 5221 peccem
2069 5153 2161 5206 tibi
2189 5155 2255 5211 ³⁸.

1912 5247 2086 5314 Atque
2128 5247 2201 5299 ita
2228 5248 2318 5318 qui
2351 5249 2519 5317 legem
2551 5263 2648 5317 pro
2690 5249 2918 5303 custode
2949 5249 3275 5312 adhibuerit,
3311 5251 3403 5304 in-

1839 5336 2063 5405 telligit,
2114 5341 2389 5407 quomodo
2440 5340 2525 5392 lex
2559 5340 2799 5409 singulas
2835 5342 3044 5410 species
3075 5342 3190 5394 vitii
3237 5342 3405 5410 abigit

1842 5432 1895 5477 et
1927 5425 2094 5493 ejicit.
2149 5427 2568 5491 Imprudentium
2618 5427 2833 5496 quidem
2885 5444 2979 5497 per
3022 5426 3359 5497 Scripturam
3387 5471 3400 5489 ,

1841 5531 1960 5582 qua:
1983 5517 2058 5569 ait
2083 5536 2093 5570 :
2123 5517 2301 5572 Nolite
2333 5521 2449 5586 [teri
2481 5520 2612 5572 sicut
2632 5535 2788 5588 equus
2805 5529 2853 5571 et
2876 5520 3072 5583 mulus,
3094 5520 3278 5588 quibus
3300 5536 3402 5572 nou

1839 5617 1914 5659 est
1935 5608 2224 5664 intellectus
2257 5611 2323 5665 ".
2378 5610 2741 5665 Timiditatem
2765 5626 2893 5666 vero
2917 5627 3012 5682 per
3035 5610 3398 5682 Scripturam,

238 5747 281 5818 ’ἓ
318 5744 474 5818 Rom.
509 5741 734 5818 “llis.
778 5741 852 5818 _”
892 5740 1144 5818 ihiduﬂ.
1221 5741 1265 5775 "
1303 5739 1460 5797 Joan.
1497 5758 1568 5807 tv,
1607 5741 1697 5796 Ἡ.

1859 5746 2003 5804 Psal.
2043 5766 2205 5817 uxr,
2246 5753 2329 5807 i-l.
2407 5754 2453 5786 ⁸⁸
2491 5753 2634 5811 Psal.
2668 5765 2856 5818 cxvnt,
2895 5749 3014 5806 103.
3091 5749 3134 5783 ⁸⁷
3177 5749 3309 5807 ibid.
3345 5752 3383 5809 9

159 5820 208 5852 "
250 5817 380 5874 ibid.
424 5816 506 5871 Η.
582 5812 628 5846 ⁸⁸
668 5810 812 5868 Psal.
853 5826 998 5878 xxxi,
1034 5809 1086 5865 9.
