  <div class='ocr_page' id='page_1' title='image "/cluster/home/n/w/nwhite01/storage/ocr_20150623/18/pst.000005712038/635.png"; bbox 0 0 4044 6324; ppageno 0'>
   <div class='ocr_carea' id='block_1_1' title="bbox 1763 330 2693 392">
    <p class='ocr_par' dir='ltr' id='par_1_1' title="bbox 1763 330 2693 392">
     <span class='ocr_line' id='line_1_1' title="bbox 1763 330 2693 392; baseline 0.001 -1"><span class='ocrx_word' id='word_1_1' title='bbox 1763 335 1897 391; x_wconf 79' lang='lat' dir='ltr'><strong>TITI</strong></span> <span class='ocrx_word' id='word_1_2' title='bbox 1937 331 2359 391; x_wconf 77' lang='lat' dir='ltr'><strong>BOSTBENSIS</strong></span> <span class='ocrx_word' id='word_1_3' title='bbox 2389 330 2693 392; x_wconf 77' lang='lat' dir='ltr'><strong>EPISCOPI</strong></span> 
     </span>
    </p>
   </div>
   <div class='ocr_carea' id='block_1_2' title="bbox 650 448 2207 528">
    <p class='ocr_par' dir='ltr' id='par_1_2' title="bbox 650 449 2207 527">
     <span class='ocr_line' id='line_1_2' title="bbox 650 449 2207 527; baseline 0.001 -19"><span class='ocrx_word' id='word_1_4' title='bbox 650 463 869 508; x_wconf 69' lang='lat' dir='ltr'><strong>omnem</strong></span> <span class='ocrx_word' id='word_1_5' title='bbox 899 451 1132 522; x_wconf 75' lang='lat' dir='ltr'><strong>speciem</strong></span> <span class='ocrx_word' id='word_1_6' title='bbox 1166 449 1443 520; x_wconf 69' lang='lat' dir='ltr'><strong>iniustitia</strong></span> <span class='ocrx_word' id='word_1_7' title='bbox 1492 455 1713 509; x_wconf 86' lang='lat' dir='ltr'><strong>sustulit</strong></span> <span class='ocrx_word' id='word_1_8' title='bbox 1742 456 1845 511; x_wconf 85' lang='lat' dir='ltr'><strong>lex.</strong></span> <span class='ocrx_word' id='word_1_9' title='bbox 1880 455 2090 512; x_wconf 83' lang='lat' dir='ltr'><strong>ideirco</strong></span> <span class='ocrx_word' id='word_1_10' title='bbox 2116 456 2207 527; x_wconf 86' lang='lat' dir='ltr'><strong>qui</strong></span> 
     </span>
    </p>
   </div>
   <div class='ocr_carea' id='block_1_3' title="bbox 2310 448 3883 528">
    <p class='ocr_par' dir='ltr' id='par_1_3' title="bbox 2312 448 3883 528">
     <span class='ocr_line' id='line_1_3' title="bbox 2312 448 3883 528; baseline -0.004 -14"><span class='ocrx_word' id='word_1_11' title='bbox 2312 458 2495 528; x_wconf 79' lang='grc' dir='ltr'>ἀδικίᾳ</span> <span class='ocrx_word' id='word_1_12' title='bbox 2539 455 2615 526; x_wconf 80' lang='grc' dir='ltr'>μὴ</span> <span class='ocrx_word' id='word_1_13' title='bbox 2943 454 3037 507; x_wconf 81' lang='grc' dir='ltr'><strong>καὶ</strong></span> <span class='ocrx_word' id='word_1_14' title='bbox 3074 452 3219 507; x_wconf 69' lang='grc' dir='ltr'>οὕτω</span> <span class='ocrx_word' id='word_1_15' title='bbox 3260 454 3367 507; x_wconf 71' lang='grc' dir='ltr'><strong>πᾶν</strong></span> <span class='ocrx_word' id='word_1_16' title='bbox 3398 448 3540 517; x_wconf 80' lang='grc' dir='ltr'>εἶδος</span> <span class='ocrx_word' id='word_1_17' title='bbox 3582 453 3883 521; x_wconf 69' lang='grc' dir='ltr'>ἐπεξελθὼν</span> 
     </span>
    </p>
   </div>
   <div class='ocr_carea' id='block_1_4' title="bbox 651 533 2202 615">
    <p class='ocr_par' dir='ltr' id='par_1_4' title="bbox 651 533 2202 615">
     <span class='ocr_line' id='line_1_4' title="bbox 651 533 2202 615; baseline 0.001 -16"><span class='ocrx_word' id='word_1_18' title='bbox 651 540 951 599; x_wconf 62' lang='lat' dir='ltr'><strong>secundum</strong></span> <span class='ocrx_word' id='word_1_19' title='bbox 984 543 1150 611; x_wconf 80' lang='lat' dir='ltr'><strong>legem</strong></span> <span class='ocrx_word' id='word_1_20' title='bbox 1194 533 1479 611; x_wconf 72' lang='lat' dir='ltr'><strong>loquitur,</strong></span> <span class='ocrx_word' id='word_1_21' title='bbox 1528 559 1627 613; x_wconf 85' lang='lat' dir='ltr'><strong>pro</strong></span> <span class='ocrx_word' id='word_1_22' title='bbox 1675 546 1896 600; x_wconf 81' lang='lat' dir='ltr'><strong>veritate</strong></span> <span class='ocrx_word' id='word_1_23' title='bbox 1943 546 2202 615; x_wconf 74' lang='lat' dir='ltr'><strong>loquitur.</strong></span> 
     </span>
    </p>
   </div>
   <div class='ocr_carea' id='block_1_5' title="bbox 648 633 2211 704">
    <p class='ocr_par' dir='ltr' id='par_1_5' title="bbox 648 633 2211 704">
     <span class='ocr_line' id='line_1_5' title="bbox 648 633 2211 704; baseline 0.003 -16"><span class='ocrx_word' id='word_1_24' title='bbox 648 634 858 699; x_wconf 75' lang='lat' dir='ltr'><strong>Idcirco</strong></span> <span class='ocrx_word' id='word_1_25' title='bbox 913 633 1004 703; x_wconf 90' lang='lat' dir='ltr'><strong>qni</strong></span> <span class='ocrx_word' id='word_1_26' title='bbox 1064 642 1189 687; x_wconf 87' lang='lat' dir='ltr'><strong>sunt</strong></span> <span class='ocrx_word' id='word_1_27' title='bbox 1237 634 1468 704; x_wconf 80' lang='lat' dir='ltr'><strong>operarii</strong></span> <span class='ocrx_word' id='word_1_28' title='bbox 1514 636 1791 699; x_wconf 87' lang='lat' dir='ltr'><strong>veritatis,</strong></span> <span class='ocrx_word' id='word_1_29' title='bbox 1846 651 1951 691; x_wconf 79' lang='lat' dir='ltr'><strong>non</strong></span> <span class='ocrx_word' id='word_1_30' title='bbox 2009 651 2211 692; x_wconf 82' lang='lat' dir='ltr'><strong>excau-</strong></span> 
     </span>
    </p>
   </div>
   <div class='ocr_carea' id='block_1_6' title="bbox 647 722 2210 797">
    <p class='ocr_par' dir='ltr' id='par_1_6' title="bbox 647 722 2210 797">
     <span class='ocr_line' id='line_1_6' title="bbox 647 722 2210 797; baseline 0.004 -21"><span class='ocrx_word' id='word_1_31' title='bbox 647 727 895 786; x_wconf 73' lang='lat' dir='ltr'><strong>ileaount,</strong></span> <span class='ocrx_word' id='word_1_32' title='bbox 930 738 1052 777; x_wconf 90' lang='lat' dir='ltr'><strong>cum</strong></span> <span class='ocrx_word' id='word_1_33' title='bbox 1078 722 1162 776; x_wconf 90' lang='lat' dir='ltr'><strong>lex</strong></span> <span class='ocrx_word' id='word_1_34' title='bbox 1196 723 1461 779; x_wconf 88' lang='lat' dir='ltr'><strong>adversus</strong></span> <span class='ocrx_word' id='word_1_35' title='bbox 1494 724 1685 778; x_wconf 80' lang='lat' dir='ltr'><strong>vitium</strong></span> <span class='ocrx_word' id='word_1_36' title='bbox 1712 726 1968 795; x_wconf 86' lang='lat' dir='ltr'><strong>loquitur.</strong></span> <span class='ocrx_word' id='word_1_37' title='bbox 2004 724 2210 797; x_wconf 84' lang='lat' dir='ltr'><strong>Loque-</strong></span> 
     </span>
    </p>
   </div>
   <div class='ocr_carea' id='block_1_7' title="bbox 651 813 2209 884">
    <p class='ocr_par' dir='ltr' id='par_1_7' title="bbox 651 813 2209 884">
     <span class='ocr_line' id='line_1_7' title="bbox 651 813 2209 884; baseline 0.002 -14"><span class='ocrx_word' id='word_1_38' title='bbox 651 814 811 870; x_wconf 84' lang='lat' dir='ltr'><strong>batur</strong></span> <span class='ocrx_word' id='word_1_39' title='bbox 838 813 1129 884; x_wconf 71' lang='lat' dir='ltr'><strong>aliquando</strong></span> <span class='ocrx_word' id='word_1_40' title='bbox 1167 813 1429 872; x_wconf 79' lang='lat' dir='ltr'><strong>Dominus</strong></span> <span class='ocrx_word' id='word_1_41' title='bbox 1475 817 1736 873; x_wconf 85' lang='lat' dir='ltr'><strong>adversus</strong></span> <span class='ocrx_word' id='word_1_42' title='bbox 1765 820 2079 883; x_wconf 84' lang='lat' dir='ltr'><strong>avaritiam;</strong></span> <span class='ocrx_word' id='word_1_43' title='bbox 2110 835 2209 873; x_wconf 78' lang='lat' dir='ltr'><strong>ex-</strong></span> 
     </span>
    </p>
   </div>
   <div class='ocr_carea' id='block_1_8' title="bbox 648 904 2210 975">
    <p class='ocr_par' dir='ltr' id='par_1_8' title="bbox 648 904 2210 975">
     <span class='ocr_line' id='line_1_8' title="bbox 648 904 2210 975; baseline 0.004 -17"><span class='ocrx_word' id='word_1_44' title='bbox 648 905 1047 975; x_wconf 83' lang='lat' dir='ltr'><strong>asperabantur</strong></span> <span class='ocrx_word' id='word_1_45' title='bbox 1074 904 1280 969; x_wconf 66' lang='lat' dir='ltr'><strong>Judaei,</strong></span> <span class='ocrx_word' id='word_1_46' title='bbox 1329 915 1384 960; x_wconf 79' lang='lat' dir='ltr'><strong>et</strong></span> <span class='ocrx_word' id='word_1_47' title='bbox 1434 909 1660 963; x_wconf 84' lang='lat' dir='ltr'><strong>moleste</strong></span> <span class='ocrx_word' id='word_1_48' title='bbox 1712 907 2005 965; x_wconf 79' lang='lat' dir='ltr'><strong>ferebant:</strong></span> <span class='ocrx_word' id='word_1_49' title='bbox 2057 924 2210 965; x_wconf 85' lang='lat' dir='ltr'><strong>amor</strong></span> 
     </span>
    </p>
   </div>
   <div class='ocr_carea' id='block_1_9' title="bbox 645 996 2211 1066">
    <p class='ocr_par' dir='ltr' id='par_1_9' title="bbox 645 996 2211 1066">
     <span class='ocr_line' id='line_1_9' title="bbox 645 996 2211 1066; baseline 0.004 -16"><span class='ocrx_word' id='word_1_50' title='bbox 645 996 791 1051; x_wconf 86' lang='lat' dir='ltr'><strong>enim</strong></span> <span class='ocrx_word' id='word_1_51' title='bbox 818 996 1127 1050; x_wconf 79' lang='lat' dir='ltr'><strong>divitiarum</strong></span> <span class='ocrx_word' id='word_1_52' title='bbox 1155 1010 1377 1066; x_wconf 84' lang='lat' dir='ltr'><strong>asperos</strong></span> <span class='ocrx_word' id='word_1_53' title='bbox 1406 1006 1458 1052; x_wconf 88' lang='lat' dir='ltr'><strong>et</strong></span> <span class='ocrx_word' id='word_1_54' title='bbox 1499 1000 1665 1053; x_wconf 86' lang='lat' dir='ltr'><strong>duros</strong></span> <span class='ocrx_word' id='word_1_55' title='bbox 1690 1013 1783 1053; x_wconf 87' lang='lat' dir='ltr'><strong>eos</strong></span> <span class='ocrx_word' id='word_1_56' title='bbox 1818 1000 2079 1056; x_wconf 85' lang='lat' dir='ltr'><strong>adversus</strong></span> <span class='ocrx_word' id='word_1_57' title='bbox 2130 1002 2211 1056; x_wconf 84' lang='lat' dir='ltr'><strong>lo-</strong></span> 
     </span>
    </p>
   </div>
   <div class='ocr_carea' id='block_1_10' title="bbox 646 1085 2211 1163">
    <p class='ocr_par' dir='ltr' id='par_1_10' title="bbox 646 1085 2211 1163">
     <span class='ocr_line' id='line_1_10' title="bbox 646 1085 2211 1163; baseline 0.003 -21"><span class='ocrx_word' id='word_1_58' title='bbox 646 1095 899 1155; x_wconf 76' lang='lat' dir='ltr'><strong>quentem</strong></span> <span class='ocrx_word' id='word_1_59' title='bbox 930 1086 1214 1142; x_wconf 75' lang='lat' dir='ltr'><strong>efficiebat.</strong></span> <span class='ocrx_word' id='word_1_60' title='bbox 1260 1085 1337 1142; x_wconf 86' lang='lat' dir='ltr'><strong>Ita</strong></span> <span class='ocrx_word' id='word_1_61' title='bbox 1388 1088 1631 1159; x_wconf 81' lang='lat' dir='ltr'><strong>profecto</strong></span> <span class='ocrx_word' id='word_1_62' title='bbox 1669 1098 1773 1154; x_wconf 83' lang='lat' dir='ltr'><strong>est,</strong></span> <span class='ocrx_word' id='word_1_63' title='bbox 1806 1105 1929 1144; x_wconf 89' lang='lat' dir='ltr'><strong>cum</strong></span> <span class='ocrx_word' id='word_1_64' title='bbox 1962 1091 2211 1163; x_wconf 62' lang='lat' dir='ltr'><strong>padago-</strong></span> 
     </span>
    </p>
   </div>
   <div class='ocr_carea' id='block_1_11' title="bbox 645 1178 2207 1251">
    <p class='ocr_par' dir='ltr' id='par_1_11' title="bbox 645 1178 2207 1251">
     <span class='ocr_line' id='line_1_11' title="bbox 645 1178 2207 1251; baseline 0.004 -19"><span class='ocrx_word' id='word_1_65' title='bbox 645 1194 748 1248; x_wconf 70' lang='grc' dir='ltr'><strong>ειη</strong></span> <span class='ocrx_word' id='word_1_66' title='bbox 780 1193 902 1233; x_wconf 90' lang='lat' dir='ltr'><strong>cum</strong></span> <span class='ocrx_word' id='word_1_67' title='bbox 932 1194 1096 1249; x_wconf 89' lang='lat' dir='ltr'><strong>puero</strong></span> <span class='ocrx_word' id='word_1_68' title='bbox 1128 1178 1325 1249; x_wconf 85' lang='lat' dir='ltr'><strong>ignavo</strong></span> <span class='ocrx_word' id='word_1_69' title='bbox 1357 1191 1411 1236; x_wconf 89' lang='lat' dir='ltr'><strong>et</strong></span> <span class='ocrx_word' id='word_1_70' title='bbox 1438 1181 1590 1251; x_wconf 88' lang='lat' dir='ltr'><strong>pigro</strong></span> <span class='ocrx_word' id='word_1_71' title='bbox 1618 1181 1860 1247; x_wconf 81' lang='lat' dir='ltr'><strong>disserit,</strong></span> <span class='ocrx_word' id='word_1_72' title='bbox 1884 1182 2011 1238; x_wconf 92' lang='lat' dir='ltr'><strong>odio</strong></span> <span class='ocrx_word' id='word_1_73' title='bbox 2041 1183 2207 1238; x_wconf 85' lang='lat' dir='ltr'><strong>babe-</strong></span> 
     </span>
    </p>
   </div>
   <div class='ocr_carea' id='block_1_12' title="bbox 646 1270 2211 1345">
    <p class='ocr_par' dir='ltr' id='par_1_12' title="bbox 646 1270 2211 1345">
     <span class='ocr_line' id='line_1_12' title="bbox 646 1270 2211 1345; baseline 0.006 -23"><span class='ocrx_word' id='word_1_74' title='bbox 646 1279 737 1324; x_wconf 88' lang='lat' dir='ltr'><strong>tur</strong></span> <span class='ocrx_word' id='word_1_75' title='bbox 762 1270 832 1324; x_wconf 84' lang='lat' dir='ltr'><strong>ab</strong></span> <span class='ocrx_word' id='word_1_76' title='bbox 862 1285 928 1325; x_wconf 79' lang='lat' dir='ltr'><strong>eo</strong></span> <span class='ocrx_word' id='word_1_77' title='bbox 958 1287 1119 1341; x_wconf 82' lang='lat' dir='ltr'><strong>quem</strong></span> <span class='ocrx_word' id='word_1_78' title='bbox 1167 1273 1407 1329; x_wconf 84' lang='lat' dir='ltr'><strong>instruit.</strong></span> <span class='ocrx_word' id='word_1_79' title='bbox 1447 1271 1637 1328; x_wconf 86' lang='lat' dir='ltr'><strong>Omnis</strong></span> <span class='ocrx_word' id='word_1_80' title='bbox 1675 1274 1819 1329; x_wconf 90' lang='lat' dir='ltr'><strong>enim</strong></span> <span class='ocrx_word' id='word_1_81' title='bbox 1876 1276 1970 1345; x_wconf 91' lang='lat' dir='ltr'><strong>qui</strong></span> <span class='ocrx_word' id='word_1_82' title='bbox 2026 1287 2211 1333; x_wconf 86' lang='lat' dir='ltr'><strong>motus</strong></span> 
     </span>
    </p>
   </div>
   <div class='ocr_carea' id='block_1_13' title="bbox 645 1359 2211 1431">
    <p class='ocr_par' dir='ltr' id='par_1_13' title="bbox 645 1359 2211 1431">
     <span class='ocr_line' id='line_1_13' title="bbox 645 1359 2211 1431; baseline 0.007 -19"><span class='ocrx_word' id='word_1_83' title='bbox 645 1359 1023 1416; x_wconf 63' lang='lat' dir='ltr'><strong>adolescentia</strong></span> <span class='ocrx_word' id='word_1_84' title='bbox 1068 1377 1098 1416; x_wconf 88' lang='lat' dir='ltr'><strong>a</strong></span> <span class='ocrx_word' id='word_1_85' title='bbox 1141 1363 1350 1417; x_wconf 80' lang='lat' dir='ltr'><strong>ratione</strong></span> <span class='ocrx_word' id='word_1_86' title='bbox 1394 1375 1616 1418; x_wconf 81' lang='lat' dir='ltr'><strong>aversos</strong></span> <span class='ocrx_word' id='word_1_87' title='bbox 1657 1364 1949 1431; x_wconf 75' lang='lat' dir='ltr'><strong>exscindit,</strong></span> <span class='ocrx_word' id='word_1_88' title='bbox 1981 1367 2035 1420; x_wconf 90' lang='lat' dir='ltr'><strong>in</strong></span> <span class='ocrx_word' id='word_1_89' title='bbox 2085 1367 2211 1424; x_wconf 89' lang='lat' dir='ltr'><strong>odio</strong></span> 
     </span>
    </p>
   </div>
   <div class='ocr_carea' id='block_1_14' title="bbox 644 1454 2208 1524">
    <p class='ocr_par' dir='ltr' id='par_1_14' title="bbox 644 1454 2208 1524">
     <span class='ocr_line' id='line_1_14' title="bbox 644 1454 2208 1524; baseline 0.003 -17"><span class='ocrx_word' id='word_1_90' title='bbox 644 1459 729 1507; x_wconf 72' lang='lat' dir='ltr'><strong>est</strong></span> <span class='ocrx_word' id='word_1_91' title='bbox 760 1464 980 1524; x_wconf 84' lang='lat' dir='ltr'><strong>propter</strong></span> <span class='ocrx_word' id='word_1_92' title='bbox 1013 1470 1251 1509; x_wconf 86' lang='lat' dir='ltr'><strong>amorem</strong></span> <span class='ocrx_word' id='word_1_93' title='bbox 1284 1454 1615 1523; x_wconf 88' lang='lat' dir='ltr'><strong>voluptatum</strong></span> <span class='ocrx_word' id='word_1_94' title='bbox 1646 1476 1658 1510; x_wconf 92' lang='lat'>:</span> <span class='ocrx_word' id='word_1_95' title='bbox 1706 1456 1777 1511; x_wconf 92' lang='lat' dir='ltr'><strong>ob</strong></span> <span class='ocrx_word' id='word_1_96' title='bbox 1818 1458 1959 1512; x_wconf 90' lang='lat' dir='ltr'><strong>bane</strong></span> <span class='ocrx_word' id='word_1_97' title='bbox 1986 1472 2208 1513; x_wconf 78' lang='lat' dir='ltr'><strong>causam</strong></span> 
     </span>
    </p>
   </div>
   <div class='ocr_carea' id='block_1_15' title="bbox 646 1543 2210 1621">
    <p class='ocr_par' dir='ltr' id='par_1_15' title="bbox 646 1543 2210 1621">
     <span class='ocr_line' id='line_1_15' title="bbox 646 1543 2210 1621; baseline 0.003 -23"><span class='ocrx_word' id='word_1_98' title='bbox 646 1543 733 1599; x_wconf 92' lang='lat' dir='ltr'><strong>lex</strong></span> <span class='ocrx_word' id='word_1_99' title='bbox 764 1544 818 1599; x_wconf 91' lang='lat' dir='ltr'><strong>in</strong></span> <span class='ocrx_word' id='word_1_100' title='bbox 844 1546 1025 1599; x_wconf 88' lang='lat' dir='ltr'><strong>odium</strong></span> <span class='ocrx_word' id='word_1_101' title='bbox 1055 1548 1202 1601; x_wconf 80' lang='lat' dir='ltr'><strong>venit</strong></span> <span class='ocrx_word' id='word_1_102' title='bbox 1252 1548 1542 1602; x_wconf 68' lang='lat' dir='ltr'><strong>haereticis.</strong></span> <span class='ocrx_word' id='word_1_103' title='bbox 1576 1547 1713 1615; x_wconf 84' lang='lat' dir='ltr'><strong>Quia</strong></span> <span class='ocrx_word' id='word_1_104' title='bbox 1752 1559 1941 1604; x_wconf 88' lang='lat' dir='ltr'><strong>contra</strong></span> <span class='ocrx_word' id='word_1_105' title='bbox 1995 1561 2210 1621; x_wconf 87' lang='lat' dir='ltr'><strong>pertur-</strong></span> 
     </span>
    </p>
   </div>
   <div class='ocr_carea' id='block_1_16' title="bbox 645 1633 2211 1709">
    <p class='ocr_par' dir='ltr' id='par_1_16' title="bbox 645 1633 2211 1709">
     <span class='ocr_line' id='line_1_16' title="bbox 645 1633 2211 1709; baseline 0.004 -21"><span class='ocrx_word' id='word_1_106' title='bbox 645 1633 892 1690; x_wconf 88' lang='lat' dir='ltr'><strong>bationes</strong></span> <span class='ocrx_word' id='word_1_107' title='bbox 917 1637 1186 1697; x_wconf 88' lang='lat' dir='ltr'><strong>tendebat.</strong></span> <span class='ocrx_word' id='word_1_108' title='bbox 1218 1648 1406 1692; x_wconf 88' lang='lat' dir='ltr'><strong>contra</strong></span> <span class='ocrx_word' id='word_1_109' title='bbox 1459 1648 1680 1709; x_wconf 87' lang='lat' dir='ltr'><strong>peccata</strong></span> <span class='ocrx_word' id='word_1_110' title='bbox 1723 1640 2053 1705; x_wconf 80' lang='lat' dir='ltr'><strong>ambulabat,</strong></span> <span class='ocrx_word' id='word_1_111' title='bbox 2087 1658 2211 1697; x_wconf 85' lang='lat' dir='ltr'><strong>con-</strong></span> 
     </span>
    </p>
   </div>
   <div class='ocr_carea' id='block_1_17' title="bbox 644 1728 2208 1803">
    <p class='ocr_par' dir='ltr' id='par_1_17' title="bbox 644 1728 2208 1803">
     <span class='ocr_line' id='line_1_17' title="bbox 644 1728 2208 1803; baseline 0.008 -26"><span class='ocrx_word' id='word_1_112' title='bbox 644 1733 730 1780; x_wconf 81' lang='lat' dir='ltr'><strong>tra</strong></span> <span class='ocrx_word' id='word_1_113' title='bbox 761 1728 1008 1782; x_wconf 85' lang='lat' dir='ltr'><strong>adamata</strong></span> <span class='ocrx_word' id='word_1_114' title='bbox 1038 1730 1369 1795; x_wconf 83' lang='lat' dir='ltr'><strong>disserebat,</strong></span> <span class='ocrx_word' id='word_1_115' title='bbox 1425 1747 1535 1787; x_wconf 91' lang='lat' dir='ltr'><strong>rem</strong></span> <span class='ocrx_word' id='word_1_116' title='bbox 1568 1747 1724 1803; x_wconf 57' lang='lat' dir='ltr'><strong>aequo</strong></span> <span class='ocrx_word' id='word_1_117' title='bbox 1759 1734 1941 1786; x_wconf 91' lang='lat' dir='ltr'><strong>animo</strong></span> <span class='ocrx_word' id='word_1_118' title='bbox 1983 1750 2089 1789; x_wconf 90' lang='lat' dir='ltr'><strong>non</strong></span> <span class='ocrx_word' id='word_1_119' title='bbox 2122 1747 2208 1789; x_wconf 88' lang='lat' dir='ltr'><strong>tu-</strong></span> 
     </span>
    </p>
   </div>
   <div class='ocr_carea' id='block_1_18' title="bbox 645 1815 846 1871">
    <p class='ocr_par' dir='ltr' id='par_1_18' title="bbox 645 1815 846 1871">
     <span class='ocr_line' id='line_1_18' title="bbox 645 1815 846 1871; baseline 0.015 -3"><span class='ocrx_word' id='word_1_120' title='bbox 645 1815 846 1871; x_wconf 86' lang='lat' dir='ltr'><strong>lerunt.</strong></span> 
     </span>
    </p>
   </div>
   <div class='ocr_carea' id='block_1_19' title="bbox 2308 544 3887 618">
    <p class='ocr_par' dir='ltr' id='par_1_19' title="bbox 2308 544 3887 618">
     <span class='ocr_line' id='line_1_19' title="bbox 2308 544 3887 618; baseline -0.007 -14"><span class='ocrx_word' id='word_1_121' title='bbox 2308 550 2523 607; x_wconf 78' lang='grc' dir='ltr'>ἀνεῖλεν</span> <span class='ocrx_word' id='word_1_122' title='bbox 2543 548 2572 599; x_wconf 90' lang='lat'><strong>6</strong></span> <span class='ocrx_word' id='word_1_123' title='bbox 2598 547 2777 616; x_wconf 72' lang='grc' dir='ltr'>νόμος.</span> <span class='ocrx_word' id='word_1_124' title='bbox 2820 546 2916 598; x_wconf 89' lang='grc' dir='ltr'>Διά</span> <span class='ocrx_word' id='word_1_125' title='bbox 2943 544 3101 597; x_wconf 77' lang='grc' dir='ltr'>τοῦτο</span> <span class='ocrx_word' id='word_1_126' title='bbox 3130 548 3160 597; x_wconf 78' lang='grc' dir='ltr'>ὁ</span> <span class='ocrx_word' id='word_1_127' title='bbox 3188 544 3331 598; x_wconf 74' lang='grc' dir='ltr'>κατὰ</span> <span class='ocrx_word' id='word_1_128' title='bbox 3378 545 3545 615; x_wconf 80' lang='grc' dir='ltr'>νόμον</span> <span class='ocrx_word' id='word_1_129' title='bbox 3583 545 3887 618; x_wconf 48' lang='lat' dir='ltr'><strong>meq-769;.</strong></span> 
     </span>
    </p>
   </div>
   <div class='ocr_carea' id='block_1_20' title="bbox 2308 636 3885 711">
    <p class='ocr_par' dir='ltr' id='par_1_20' title="bbox 2308 636 3885 711">
     <span class='ocr_line' id='line_1_20' title="bbox 2308 636 3885 711; baseline -0.009 -16"><span class='ocrx_word' id='word_1_130' title='bbox 2308 660 2395 707; x_wconf 87' lang='grc' dir='ltr'><strong>νος</strong></span> <span class='ocrx_word' id='word_1_131' title='bbox 2419 639 2560 711; x_wconf 78' lang='grc' dir='ltr'>ὑπὲρ</span> <span class='ocrx_word' id='word_1_132' title='bbox 2589 637 2846 707; x_wconf 75' lang='grc' dir='ltr'><strong>ἀληθείας</strong></span> <span class='ocrx_word' id='word_1_133' title='bbox 2884 636 3207 706; x_wconf 73' lang='grc' dir='ltr'>φθέγγεται·</span> <span class='ocrx_word' id='word_1_134' title='bbox 3239 637 3327 691; x_wconf 81' lang='grc' dir='ltr'><strong>διὰ</strong></span> <span class='ocrx_word' id='word_1_135' title='bbox 3354 636 3516 691; x_wconf 77' lang='grc' dir='ltr'>τοῦτο</span> <span class='ocrx_word' id='word_1_136' title='bbox 3542 638 3596 689; x_wconf 74' lang='grc' dir='ltr'>οι</span> <span class='ocrx_word' id='word_1_137' title='bbox 3630 638 3732 708; x_wconf 75' lang='grc' dir='ltr'><strong>τῆς</strong></span> <span class='ocrx_word' id='word_1_138' title='bbox 3761 639 3885 710; x_wconf 46' lang='lat' dir='ltr'><strong>ibi-</strong></span> 
     </span>
    </p>
   </div>
   <div class='ocr_carea' id='block_1_21' title="bbox 2310 726 3883 798">
    <p class='ocr_par' dir='ltr' id='par_1_21' title="bbox 2310 726 3883 798">
     <span class='ocr_line' id='line_1_21' title="bbox 2310 726 3883 798; baseline -0.002 -10"><span class='ocrx_word' id='word_1_139' title='bbox 2310 735 2459 795; x_wconf 89' lang='grc' dir='ltr'>θείας</span> <span class='ocrx_word' id='word_1_140' title='bbox 2490 728 2714 798; x_wconf 75' lang='grc' dir='ltr'><strong>ἐργάται</strong></span> <span class='ocrx_word' id='word_1_141' title='bbox 2736 727 2836 779; x_wconf 73' lang='grc' dir='ltr'><strong>οὐκ</strong></span> <span class='ocrx_word' id='word_1_142' title='bbox 2861 726 3223 793; x_wconf 76' lang='grc' dir='ltr'><strong>ἀγανακτοῦσι</strong></span> <span class='ocrx_word' id='word_1_143' title='bbox 3252 728 3328 797; x_wconf 83' lang='grc' dir='ltr'>τῷ</span> <span class='ocrx_word' id='word_1_144' title='bbox 3350 728 3499 797; x_wconf 77' lang='grc' dir='ltr'>νόμῳ</span> <span class='ocrx_word' id='word_1_145' title='bbox 3520 728 3666 781; x_wconf 85' lang='grc' dir='ltr'><strong>κατά</strong></span> <span class='ocrx_word' id='word_1_146' title='bbox 3688 730 3883 793; x_wconf 73' lang='grc' dir='ltr'>κακίας</span> 
     </span>
    </p>
   </div>
   <div class='ocr_carea' id='block_1_22' title="bbox 2310 816 3885 894">
    <p class='ocr_par' dir='ltr' id='par_1_22' title="bbox 2310 816 3885 894">
     <span class='ocr_line' id='line_1_22' title="bbox 2310 816 3885 894; baseline -0.013 -15"><span class='ocrx_word' id='word_1_147' title='bbox 2310 820 2681 894; x_wconf 69' lang='grc' dir='ltr'><strong>φθεγγομένῳ.</strong></span> <span class='ocrx_word' id='word_1_148' title='bbox 2740 816 2947 870; x_wconf 79' lang='grc' dir='ltr'>Ἐλάλει</span> <span class='ocrx_word' id='word_1_149' title='bbox 3002 819 3131 869; x_wconf 63' lang='grc' dir='ltr'>ποτε</span> <span class='ocrx_word' id='word_1_150' title='bbox 3177 818 3316 871; x_wconf 83' lang='grc' dir='ltr'><strong>κατά</strong></span> <span class='ocrx_word' id='word_1_151' title='bbox 3371 818 3815 888; x_wconf 60' lang='grc' dir='ltr'><strong>φιλοχρηματίας</strong></span> <span class='ocrx_word' id='word_1_152' title='bbox 3856 820 3885 872; x_wconf 66' lang='grc' dir='ltr'>δ</span> 
     </span>
    </p>
   </div>
   <div class='ocr_carea' id='block_1_23' title="bbox 2310 909 3884 987">
    <p class='ocr_par' dir='ltr' id='par_1_23' title="bbox 2310 909 3884 987">
     <span class='ocr_line' id='line_1_23' title="bbox 2310 909 3884 987; baseline -0.004 -18"><span class='ocrx_word' id='word_1_153' title='bbox 2310 917 2528 987; x_wconf 76' lang='grc' dir='ltr'>Σωτήρο</span> <span class='ocrx_word' id='word_1_154' title='bbox 2563 910 2921 981; x_wconf 83' lang='grc' dir='ltr'>ἐτραχύνοντο</span> <span class='ocrx_word' id='word_1_155' title='bbox 2966 909 3015 961; x_wconf 86' lang='grc' dir='ltr'>οἱ</span> <span class='ocrx_word' id='word_1_156' title='bbox 3052 909 3290 963; x_wconf 79' lang='grc' dir='ltr'>Ἰουδαῖοι</span> <span class='ocrx_word' id='word_1_157' title='bbox 3317 928 3331 940; x_wconf 92' lang='grc'><strong>·</strong></span> <span class='ocrx_word' id='word_1_158' title='bbox 3368 912 3401 982; x_wconf 75' lang='grc' dir='ltr'><strong>ἡ</strong></span> <span class='ocrx_word' id='word_1_159' title='bbox 3445 910 3556 982; x_wconf 78' lang='grc' dir='ltr'>γάρ</span> <span class='ocrx_word' id='word_1_160' title='bbox 3598 911 3757 979; x_wconf 79' lang='grc' dir='ltr'>φιλία</span> <span class='ocrx_word' id='word_1_161' title='bbox 3782 910 3884 963; x_wconf 74' lang='grc' dir='ltr'>τῶν</span> 
     </span>
    </p>
   </div>
   <div class='ocr_carea' id='block_1_24' title="bbox 2309 1000 3881 1077">
    <p class='ocr_par' dir='ltr' id='par_1_24' title="bbox 2309 1000 3881 1077">
     <span class='ocr_line' id='line_1_24' title="bbox 2309 1000 3881 1077; baseline -0.002 -20"><span class='ocrx_word' id='word_1_162' title='bbox 2309 1006 2607 1077; x_wconf 85' lang='grc' dir='ltr'>χρημάτων</span> <span class='ocrx_word' id='word_1_163' title='bbox 2634 1000 2945 1073; x_wconf 73' lang='grc' dir='ltr'><strong>τραχύτητα</strong></span> <span class='ocrx_word' id='word_1_164' title='bbox 2984 1000 3125 1053; x_wconf 83' lang='grc' dir='ltr'><strong>κατά</strong></span> <span class='ocrx_word' id='word_1_165' title='bbox 3159 1000 3252 1052; x_wconf 74' lang='grc' dir='ltr'><strong>τοῦ</strong></span> <span class='ocrx_word' id='word_1_166' title='bbox 3293 1000 3537 1068; x_wconf 82' lang='grc' dir='ltr'>λέγοντος</span> <span class='ocrx_word' id='word_1_167' title='bbox 3574 1000 3881 1071; x_wconf 68' lang='grc' dir='ltr'>εἰργάζετο.</span> 
     </span>
    </p>
   </div>
   <div class='ocr_carea' id='block_1_25' title="bbox 2309 1092 3879 1166">
    <p class='ocr_par' dir='ltr' id='par_1_25' title="bbox 2309 1092 3879 1166">
     <span class='ocr_line' id='line_1_25' title="bbox 2309 1092 3879 1166; baseline -0.005 -15"><span class='ocrx_word' id='word_1_168' title='bbox 2309 1097 2527 1166; x_wconf 68' lang='grc' dir='ltr'>Ἀμέλει</span> <span class='ocrx_word' id='word_1_169' title='bbox 2567 1096 2695 1149; x_wconf 84' lang='grc' dir='ltr'>ὅταν</span> <span class='ocrx_word' id='word_1_170' title='bbox 2729 1092 3072 1161; x_wconf 76' lang='grc' dir='ltr'>παιδαγωγὸς</span> <span class='ocrx_word' id='word_1_171' title='bbox 3110 1092 3336 1164; x_wconf 74' lang='grc' dir='ltr'>ῥαθύμῳ</span> <span class='ocrx_word' id='word_1_172' title='bbox 3365 1093 3515 1147; x_wconf 78' lang='grc' dir='ltr'>παιδὶ</span> <span class='ocrx_word' id='word_1_173' title='bbox 3544 1093 3679 1163; x_wconf 70' lang='grc' dir='ltr'>περ).</span> <span class='ocrx_word' id='word_1_174' title='bbox 3728 1093 3879 1163; x_wconf 67' lang='grc' dir='ltr'>ῥαθυ-</span> 
     </span>
    </p>
   </div>
   <div class='ocr_carea' id='block_1_26' title="bbox 2312 1182 3883 1260">
    <p class='ocr_par' dir='ltr' id='par_1_26' title="bbox 2312 1182 3883 1260">
     <span class='ocr_line' id='line_1_26' title="bbox 2312 1182 3883 1260; baseline -0.004 -18"><span class='ocrx_word' id='word_1_175' title='bbox 2312 1188 2440 1260; x_wconf 79' lang='grc' dir='ltr'>μίας</span> <span class='ocrx_word' id='word_1_176' title='bbox 2473 1185 2813 1257; x_wconf 67' lang='grc' dir='ltr'><strong>διαλέγηται,</strong></span> <span class='ocrx_word' id='word_1_177' title='bbox 2851 1185 3086 1254; x_wconf 65' lang='grc' dir='ltr'>μισεῖται</span> <span class='ocrx_word' id='word_1_178' title='bbox 3126 1182 3275 1250; x_wconf 85' lang='grc' dir='ltr'><strong>παρά</strong></span> <span class='ocrx_word' id='word_1_179' title='bbox 3307 1182 3401 1237; x_wconf 78' lang='grc' dir='ltr'>τοῦ</span> <span class='ocrx_word' id='word_1_180' title='bbox 3434 1184 3883 1253; x_wconf 56' lang='grc' dir='ltr'><strong>παιδαγωγιτι..ιεπὶ⁸</strong></span> 
     </span>
    </p>
   </div>
   <div class='ocr_carea' id='block_1_27' title="bbox 2308 1273 3887 1349">
    <p class='ocr_par' dir='ltr' id='par_1_27' title="bbox 2308 1273 3887 1349">
     <span class='ocr_line' id='line_1_27' title="bbox 2308 1273 3887 1349; baseline -0.003 -16"><span class='ocrx_word' id='word_1_181' title='bbox 2308 1298 2400 1333; x_wconf 85' lang='grc' dir='ltr'><strong>νου</strong></span> <span class='ocrx_word' id='word_1_182' title='bbox 2419 1298 2433 1310; x_wconf 89' lang='grc'><strong>·</strong></span> <span class='ocrx_word' id='word_1_183' title='bbox 2464 1280 2572 1343; x_wconf 67' lang='grc' dir='ltr'>πᾶς</span> <span class='ocrx_word' id='word_1_184' title='bbox 2594 1279 2701 1349; x_wconf 78' lang='grc' dir='ltr'><strong>γὰρ</strong></span> <span class='ocrx_word' id='word_1_185' title='bbox 2727 1278 2756 1330; x_wconf 96' lang='lat'><strong>6</strong></span> <span class='ocrx_word' id='word_1_186' title='bbox 2794 1275 2891 1346; x_wconf 81' lang='grc' dir='ltr'><strong>τῆς</strong></span> <span class='ocrx_word' id='word_1_187' title='bbox 2924 1276 3051 1337; x_wconf 77' lang='grc' dir='ltr'>νέας</span> <span class='ocrx_word' id='word_1_188' title='bbox 3076 1273 3287 1345; x_wconf 74' lang='grc' dir='ltr'>ἡλικίας</span> <span class='ocrx_word' id='word_1_189' title='bbox 3316 1274 3377 1327; x_wconf 79' lang='grc' dir='ltr'>τὺ</span> <span class='ocrx_word' id='word_1_190' title='bbox 3405 1275 3575 1339; x_wconf 82' lang='grc' dir='ltr'><strong>πάθος</strong></span> <span class='ocrx_word' id='word_1_191' title='bbox 3602 1277 3887 1328; x_wconf 69' lang='grc' dir='ltr'>ἐκκόπτων</span> 
     </span>
    </p>
   </div>
   <div class='ocr_carea' id='block_1_28' title="bbox 2313 1366 3887 1443">
    <p class='ocr_par' dir='ltr' id='par_1_28' title="bbox 2313 1366 3887 1443">
     <span class='ocr_line' id='line_1_28' title="bbox 2313 1366 3887 1443; baseline -0.002 -19"><span class='ocrx_word' id='word_1_192' title='bbox 2313 1375 2553 1443; x_wconf 78' lang='grc' dir='ltr'>μισεῖται</span> <span class='ocrx_word' id='word_1_193' title='bbox 2582 1370 2671 1425; x_wconf 78' lang='grc' dir='ltr'><strong>διὰ</strong></span> <span class='ocrx_word' id='word_1_194' title='bbox 2710 1370 2815 1441; x_wconf 71' lang='grc' dir='ltr'><strong>τὴν</strong></span> <span class='ocrx_word' id='word_1_195' title='bbox 2838 1368 3018 1438; x_wconf 80' lang='grc' dir='ltr'>φιλίαν</span> <span class='ocrx_word' id='word_1_196' title='bbox 3055 1368 3163 1421; x_wconf 77' lang='grc' dir='ltr'><strong>τῶν</strong></span> <span class='ocrx_word' id='word_1_197' title='bbox 3188 1366 3388 1438; x_wconf 80' lang='grc' dir='ltr'><strong>ἡδονῶν</strong></span> <span class='ocrx_word' id='word_1_198' title='bbox 3412 1384 3426 1396; x_wconf 93' lang='grc'><strong>·</strong></span> <span class='ocrx_word' id='word_1_199' title='bbox 3458 1367 3547 1420; x_wconf 67' lang='grc' dir='ltr'>διὰ</span> <span class='ocrx_word' id='word_1_200' title='bbox 3594 1367 3761 1421; x_wconf 76' lang='grc' dir='ltr'>τοῦτο</span> <span class='ocrx_word' id='word_1_201' title='bbox 3798 1384 3887 1438; x_wconf 64' lang='grc' dir='ltr'>μευ</span> 
     </span>
    </p>
   </div>
   <div class='ocr_carea' id='block_1_29' title="bbox 2312 1459 3887 1536">
    <p class='ocr_par' dir='ltr' id='par_1_29' title="bbox 2312 1459 3887 1536">
     <span class='ocr_line' id='line_1_29' title="bbox 2312 1459 3887 1536; baseline -0.003 -20"><span class='ocrx_word' id='word_1_202' title='bbox 2312 1465 2539 1535; x_wconf 84' lang='grc' dir='ltr'>μίσηται</span> <span class='ocrx_word' id='word_1_203' title='bbox 2578 1463 2728 1536; x_wconf 84' lang='grc' dir='ltr'><strong>παρά</strong></span> <span class='ocrx_word' id='word_1_204' title='bbox 2762 1462 2875 1516; x_wconf 85' lang='grc' dir='ltr'>τῶν</span> <span class='ocrx_word' id='word_1_205' title='bbox 2904 1460 3234 1534; x_wconf 81' lang='grc' dir='ltr'>αἱρεσιωτῶν</span> <span class='ocrx_word' id='word_1_206' title='bbox 3268 1462 3297 1513; x_wconf 97' lang='lat'><strong>6</strong></span> <span class='ocrx_word' id='word_1_207' title='bbox 3330 1459 3510 1529; x_wconf 80' lang='grc' dir='ltr'>νόμος.</span> <span class='ocrx_word' id='word_1_208' title='bbox 3539 1460 3701 1513; x_wconf 71' lang='grc' dir='ltr'>Ἐπεὶ</span> <span class='ocrx_word' id='word_1_209' title='bbox 3748 1461 3887 1513; x_wconf 71' lang='grc' dir='ltr'>κατα</span> 
     </span>
    </p>
   </div>
   <div class='ocr_carea' id='block_1_30' title="bbox 2306 1552 3885 1627">
    <p class='ocr_par' dir='ltr' id='par_1_30' title="bbox 2306 1552 3885 1627">
     <span class='ocr_line' id='line_1_30' title="bbox 2306 1552 3885 1627; baseline -0.004 -18"><span class='ocrx_word' id='word_1_210' title='bbox 2306 1557 2415 1610; x_wconf 79' lang='grc' dir='ltr'>τῶν</span> <span class='ocrx_word' id='word_1_211' title='bbox 2449 1555 2636 1609; x_wconf 84' lang='grc' dir='ltr'>παθῶν</span> <span class='ocrx_word' id='word_1_212' title='bbox 2662 1554 2880 1627; x_wconf 82' lang='grc' dir='ltr'>ἐχώρει.</span> <span class='ocrx_word' id='word_1_213' title='bbox 2908 1553 3048 1607; x_wconf 85' lang='grc' dir='ltr'>κατά</span> <span class='ocrx_word' id='word_1_214' title='bbox 3067 1552 3176 1605; x_wconf 79' lang='grc' dir='ltr'><strong>τῶν</strong></span> <span class='ocrx_word' id='word_1_215' title='bbox 3204 1553 3620 1622; x_wconf 72' lang='grc' dir='ltr'><strong>ἁμαρτημάτων</strong></span> <span class='ocrx_word' id='word_1_216' title='bbox 3648 1552 3885 1616; x_wconf 67' lang='grc' dir='ltr'>ἐϐάδιζε,</span> 
     </span>
    </p>
   </div>
   <div class='ocr_carea' id='block_1_31' title="bbox 2310 1644 3889 1717">
    <p class='ocr_par' dir='ltr' id='par_1_31' title="bbox 2310 1644 3889 1717">
     <span class='ocr_line' id='line_1_31' title="bbox 2310 1644 3889 1717; baseline -0.003 -16"><span class='ocrx_word' id='word_1_217' title='bbox 2310 1649 2449 1701; x_wconf 81' lang='grc' dir='ltr'>κατά</span> <span class='ocrx_word' id='word_1_218' title='bbox 2492 1647 2599 1702; x_wconf 80' lang='grc' dir='ltr'><strong>τῶν</strong></span> <span class='ocrx_word' id='word_1_219' title='bbox 2645 1648 2985 1717; x_wconf 79' lang='grc' dir='ltr'>φιλουμένων</span> <span class='ocrx_word' id='word_1_220' title='bbox 3024 1644 3286 1712; x_wconf 78' lang='grc' dir='ltr'>διελέγετο</span> <span class='ocrx_word' id='word_1_221' title='bbox 3313 1662 3324 1672; x_wconf 70' lang='grc' dir='ltr'><strong>ο</strong></span> <span class='ocrx_word' id='word_1_222' title='bbox 3370 1644 3471 1696; x_wconf 69' lang='grc' dir='ltr'><strong>οὐκ</strong></span> <span class='ocrx_word' id='word_1_223' title='bbox 3535 1644 3785 1715; x_wconf 64' lang='grc' dir='ltr'>ᾗνεγκαν</span> <span class='ocrx_word' id='word_1_224' title='bbox 3830 1644 3889 1697; x_wconf 61' lang='grc' dir='ltr'>τὶ</span> 
     </span>
    </p>
   </div>
   <div class='ocr_carea' id='block_1_32' title="bbox 2311 1740 2565 1810">
    <p class='ocr_par' dir='ltr' id='par_1_32' title="bbox 2311 1740 2565 1810">
     <span class='ocr_line' id='line_1_32' title="bbox 2311 1740 2565 1810; baseline -0.004 -1"><span class='ocrx_word' id='word_1_225' title='bbox 2311 1740 2565 1810; x_wconf 75' lang='grc' dir='ltr'><strong>πρᾶγμα-</strong></span> 
     </span>
    </p>
   </div>
   <div class='ocr_carea' id='block_1_33' title="bbox 855 1932 3687 2010">
    <p class='ocr_par' dir='ltr' id='par_1_33' title="bbox 855 1932 3687 2010">
     <span class='ocr_line' id='line_1_33' title="bbox 855 1932 3687 2010; baseline -0.001 -24"><span class='ocrx_word' id='word_1_226' title='bbox 855 1933 982 1989; x_wconf 69' lang='grc' dir='ltr'><strong>(ΣΑΡ.</strong></span> <span class='ocrx_word' id='word_1_227' title='bbox 1024 1934 1087 1989; x_wconf 64' lang='grc' dir='ltr'><strong>Χ.</strong></span> <span class='ocrx_word' id='word_1_228' title='bbox 1125 1935 1341 1990; x_wconf 76' lang='lat' dir='ltr'><strong>Omnem</strong></span> <span class='ocrx_word' id='word_1_229' title='bbox 1367 1938 1583 2005; x_wconf 76' lang='lat' dir='ltr'><strong>speciem</strong></span> <span class='ocrx_word' id='word_1_230' title='bbox 1615 1939 1820 1993; x_wconf 80' lang='lat' dir='ltr'><strong>virtutis</strong></span> <span class='ocrx_word' id='word_1_231' title='bbox 1848 1940 1932 1994; x_wconf 71' lang='lat' dir='ltr'><strong>lea:</strong></span> <span class='ocrx_word' id='word_1_232' title='bbox 1956 1940 2165 2009; x_wconf 76' lang='lat' dir='ltr'><strong>exponit</strong></span> <span class='ocrx_word' id='word_1_233' title='bbox 2200 1958 2218 1995; x_wconf 92' lang='lat'><strong><em>:</em></strong></span> <span class='ocrx_word' id='word_1_234' title='bbox 2249 1942 2602 2010; x_wconf 77' lang='lat' dir='ltr'><strong>prudentiam,</strong></span> <span class='ocrx_word' id='word_1_235' title='bbox 2626 1938 2955 2006; x_wconf 74' lang='lat' dir='ltr'><strong>pudicitiam,</strong></span> <span class='ocrx_word' id='word_1_236' title='bbox 2988 1936 3366 2004; x_wconf 75' lang='lat' dir='ltr'><strong>fortitudinem,</strong></span> <span class='ocrx_word' id='word_1_237' title='bbox 3389 1932 3687 2003; x_wconf 70' lang='lat' dir='ltr'><strong>justitiam.</strong></span> 
     </span>
    </p>
   </div>
   <div class='ocr_carea' id='block_1_34' title="bbox 718 2048 2205 2129">
    <p class='ocr_par' dir='ltr' id='par_1_34' title="bbox 718 2048 2205 2129">
     <span class='ocr_line' id='line_1_34' title="bbox 718 2048 2205 2129; baseline 0.005 -24"><span class='ocrx_word' id='word_1_238' title='bbox 718 2048 785 2105; x_wconf 82' lang='lat' dir='ltr'><strong>Ut</strong></span> <span class='ocrx_word' id='word_1_239' title='bbox 812 2060 989 2107; x_wconf 87' lang='lat' dir='ltr'><strong>autem</strong></span> <span class='ocrx_word' id='word_1_240' title='bbox 1020 2067 1200 2107; x_wconf 85' lang='lat' dir='ltr'><strong>sermo</strong></span> <span class='ocrx_word' id='word_1_241' title='bbox 1224 2063 1278 2109; x_wconf 89' lang='lat' dir='ltr'><strong>et</strong></span> <span class='ocrx_word' id='word_1_242' title='bbox 1308 2055 1605 2124; x_wconf 81' lang='lat' dir='ltr'><strong>disputatio</strong></span> <span class='ocrx_word' id='word_1_243' title='bbox 1635 2068 1820 2112; x_wconf 89' lang='lat' dir='ltr'><strong>nostra</strong></span> <span class='ocrx_word' id='word_1_244' title='bbox 1867 2060 2205 2129; x_wconf 85' lang='lat' dir='ltr'><strong>amplissima</strong></span> 
     </span>
    </p>
   </div>
   <div class='ocr_carea' id='block_1_35' title="bbox 643 2138 2208 2219">
    <p class='ocr_par' dir='ltr' id='par_1_35' title="bbox 643 2138 2208 2219">
     <span class='ocr_line' id='line_1_35' title="bbox 643 2138 2208 2219; baseline 0.005 -25"><span class='ocrx_word' id='word_1_245' title='bbox 643 2138 735 2201; x_wconf 84' lang='lat' dir='ltr'><strong>sit.</strong></span> <span class='ocrx_word' id='word_1_246' title='bbox 777 2149 830 2196; x_wconf 88' lang='lat' dir='ltr'><strong>et</strong></span> <span class='ocrx_word' id='word_1_247' title='bbox 861 2143 1040 2198; x_wconf 79' lang='lat' dir='ltr'><strong>scelus</strong></span> <span class='ocrx_word' id='word_1_248' title='bbox 1071 2143 1293 2199; x_wconf 68' lang='lat' dir='ltr'><strong>hazresis</strong></span> <span class='ocrx_word' id='word_1_249' title='bbox 1322 2161 1441 2215; x_wconf 67' lang='lat' dir='ltr'><strong>qua:</strong></span> <span class='ocrx_word' id='word_1_250' title='bbox 1470 2146 1671 2214; x_wconf 82' lang='lat' dir='ltr'><strong>injuste</strong></span> <span class='ocrx_word' id='word_1_251' title='bbox 1697 2148 1762 2201; x_wconf 88' lang='lat' dir='ltr'><strong>ad</strong></span> <span class='ocrx_word' id='word_1_252' title='bbox 1791 2149 1960 2219; x_wconf 90' lang='lat' dir='ltr'><strong>legem</strong></span> <span class='ocrx_word' id='word_1_253' title='bbox 1998 2150 2208 2218; x_wconf 81' lang='lat' dir='ltr'><strong>vitupe-</strong></span> 
     </span>
    </p>
   </div>
   <div class='ocr_carea' id='block_1_36' title="bbox 641 2230 2204 2309">
    <p class='ocr_par' dir='ltr' id='par_1_36' title="bbox 641 2230 2204 2309">
     <span class='ocr_line' id='line_1_36' title="bbox 641 2230 2204 2309; baseline 0.005 -22"><span class='ocrx_word' id='word_1_254' title='bbox 641 2230 867 2287; x_wconf 88' lang='lat' dir='ltr'><strong>randam</strong></span> <span class='ocrx_word' id='word_1_255' title='bbox 923 2250 981 2289; x_wconf 85' lang='lat' dir='ltr'><strong>se</strong></span> <span class='ocrx_word' id='word_1_256' title='bbox 1039 2238 1290 2295; x_wconf 84' lang='lat' dir='ltr'><strong>contulit.</strong></span> <span class='ocrx_word' id='word_1_257' title='bbox 1342 2248 1597 2307; x_wconf 83' lang='lat' dir='ltr'><strong>appareat</strong></span> <span class='ocrx_word' id='word_1_258' title='bbox 1637 2254 1788 2293; x_wconf 85' lang='lat' dir='ltr'><strong>:non</strong></span> <span class='ocrx_word' id='word_1_259' title='bbox 1837 2241 2010 2295; x_wconf 92' lang='lat' dir='ltr'><strong>solum</strong></span> <span class='ocrx_word' id='word_1_260' title='bbox 2058 2241 2204 2309; x_wconf 87' lang='lat' dir='ltr'><strong>quod</strong></span> 
     </span>
    </p>
   </div>
   <div class='ocr_carea' id='block_1_37' title="bbox 642 2324 2202 2395">
    <p class='ocr_par' dir='ltr' id='par_1_37' title="bbox 642 2324 2202 2395">
     <span class='ocr_line' id='line_1_37' title="bbox 642 2324 2202 2395; baseline 0.008 -20"><span class='ocrx_word' id='word_1_261' title='bbox 642 2338 833 2379; x_wconf 88' lang='lat' dir='ltr'><strong>omnes</strong></span> <span class='ocrx_word' id='word_1_262' title='bbox 873 2328 1081 2395; x_wconf 85' lang='lat' dir='ltr'><strong>species</strong></span> <span class='ocrx_word' id='word_1_263' title='bbox 1133 2335 1186 2381; x_wconf 92' lang='lat' dir='ltr'><strong>et</strong></span> <span class='ocrx_word' id='word_1_264' title='bbox 1218 2327 1419 2382; x_wconf 87' lang='lat' dir='ltr'><strong>lormas</strong></span> <span class='ocrx_word' id='word_1_265' title='bbox 1460 2330 1575 2383; x_wconf 81' lang='lat' dir='ltr'><strong>vitii</strong></span> <span class='ocrx_word' id='word_1_266' title='bbox 1635 2324 1880 2395; x_wconf 87' lang='lat' dir='ltr'><strong>sustulit,</strong></span> <span class='ocrx_word' id='word_1_267' title='bbox 1922 2331 2202 2395; x_wconf 87' lang='lat' dir='ltr'><strong>dicamus,</strong></span> 
     </span>
    </p>
   </div>
   <div class='ocr_carea' id='block_1_38' title="bbox 642 2414 2206 2492">
    <p class='ocr_par' dir='ltr' id='par_1_38' title="bbox 642 2414 2206 2492">
     <span class='ocr_line' id='line_1_38' title="bbox 642 2414 2206 2492; baseline 0.005 -25"><span class='ocrx_word' id='word_1_268' title='bbox 642 2414 737 2468; x_wconf 79' lang='lat' dir='ltr'><strong>sed</strong></span> <span class='ocrx_word' id='word_1_269' title='bbox 762 2414 1054 2471; x_wconf 83' lang='lat' dir='ltr'><strong>reddamus</strong></span> <span class='ocrx_word' id='word_1_270' title='bbox 1086 2418 1309 2488; x_wconf 61' lang='lat' dir='ltr'><strong>insuper</strong></span> <span class='ocrx_word' id='word_1_271' title='bbox 1326 2435 1651 2483; x_wconf 81' lang='lat' dir='ltr'><strong>sermonem,</strong></span> <span class='ocrx_word' id='word_1_272' title='bbox 1669 2422 1811 2492; x_wconf 88' lang='lat' dir='ltr'><strong>quod</strong></span> <span class='ocrx_word' id='word_1_273' title='bbox 1843 2435 2058 2475; x_wconf 90' lang='lat' dir='ltr'><strong>omnem</strong></span> <span class='ocrx_word' id='word_1_274' title='bbox 2082 2436 2206 2491; x_wconf 90' lang='lat' dir='ltr'><strong>spe-</strong></span> 
     </span>
    </p>
   </div>
   <div class='ocr_carea' id='block_1_39' title="bbox 641 2504 2207 2581">
    <p class='ocr_par' dir='ltr' id='par_1_39' title="bbox 641 2504 2207 2581">
     <span class='ocr_line' id='line_1_39' title="bbox 641 2504 2207 2581; baseline 0.004 -25"><span class='ocrx_word' id='word_1_275' title='bbox 641 2504 781 2559; x_wconf 82' lang='lat' dir='ltr'><strong>ciem</strong></span> <span class='ocrx_word' id='word_1_276' title='bbox 812 2506 1027 2562; x_wconf 83' lang='lat' dir='ltr'><strong>virtutis</strong></span> <span class='ocrx_word' id='word_1_277' title='bbox 1053 2510 1129 2563; x_wconf 89' lang='lat' dir='ltr'><strong>lex</strong></span> <span class='ocrx_word' id='word_1_278' title='bbox 1163 2517 1383 2563; x_wconf 86' lang='lat' dir='ltr'><strong>enarrat</strong></span> <span class='ocrx_word' id='word_1_279' title='bbox 1406 2519 1461 2565; x_wconf 91' lang='lat' dir='ltr'><strong>et</strong></span> <span class='ocrx_word' id='word_1_280' title='bbox 1493 2512 1732 2581; x_wconf 83' lang='lat' dir='ltr'><strong>exponit.</strong></span> <span class='ocrx_word' id='word_1_281' title='bbox 1772 2510 1829 2564; x_wconf 89' lang='lat' dir='ltr'><strong>Si</strong></span> <span class='ocrx_word' id='word_1_282' title='bbox 1854 2510 1996 2564; x_wconf 89' lang='lat' dir='ltr'><strong>enim</strong></span> <span class='ocrx_word' id='word_1_283' title='bbox 2023 2512 2207 2564; x_wconf 88' lang='lat' dir='ltr'><strong>omnia</strong></span> 
     </span>
    </p>
   </div>
   <div class='ocr_carea' id='block_1_40' title="bbox 639 2593 2210 2661">
    <p class='ocr_par' dir='ltr' id='par_1_40' title="bbox 639 2593 2210 2661">
     <span class='ocr_line' id='line_1_40' title="bbox 639 2593 2210 2661; baseline 0.006 -17"><span class='ocrx_word' id='word_1_284' title='bbox 639 2593 771 2647; x_wconf 74' lang='lat' dir='ltr'><strong>vilia</strong></span> <span class='ocrx_word' id='word_1_285' title='bbox 810 2594 891 2649; x_wconf 87' lang='lat' dir='ltr'><strong>lex</strong></span> <span class='ocrx_word' id='word_1_286' title='bbox 929 2599 1255 2661; x_wconf 83' lang='lat' dir='ltr'><strong>sustulisset,</strong></span> <span class='ocrx_word' id='word_1_287' title='bbox 1292 2613 1397 2653; x_wconf 90' lang='lat' dir='ltr'><strong>non</strong></span> <span class='ocrx_word' id='word_1_288' title='bbox 1431 2608 1610 2653; x_wconf 90' lang='lat' dir='ltr'><strong>autem</strong></span> <span class='ocrx_word' id='word_1_289' title='bbox 1646 2615 1837 2654; x_wconf 88' lang='lat' dir='ltr'><strong>omnes</strong></span> <span class='ocrx_word' id='word_1_290' title='bbox 1871 2600 2101 2654; x_wconf 85' lang='lat' dir='ltr'><strong>virtutes</strong></span> <span class='ocrx_word' id='word_1_291' title='bbox 2132 2600 2210 2653; x_wconf 88' lang='lat' dir='ltr'><strong>in-</strong></span> 
     </span>
    </p>
   </div>
   <div class='ocr_carea' id='block_1_41' title="bbox 640 2687 2212 2754">
    <p class='ocr_par' dir='ltr' id='par_1_41' title="bbox 640 2687 2212 2754">
     <span class='ocr_line' id='line_1_41' title="bbox 640 2687 2212 2754; baseline 0.006 -16"><span class='ocrx_word' id='word_1_292' title='bbox 640 2687 922 2749; x_wconf 72' lang='lat' dir='ltr'><strong>seruisset,</strong></span> <span class='ocrx_word' id='word_1_293' title='bbox 959 2704 1147 2744; x_wconf 87' lang='lat' dir='ltr'><strong>manca</strong></span> <span class='ocrx_word' id='word_1_294' title='bbox 1180 2703 1325 2746; x_wconf 89' lang='lat' dir='ltr'><strong>esset</strong></span> <span class='ocrx_word' id='word_1_295' title='bbox 1356 2692 1462 2754; x_wconf 81' lang='lat' dir='ltr'><strong>lex,</strong></span> <span class='ocrx_word' id='word_1_296' title='bbox 1496 2694 1684 2748; x_wconf 88' lang='lat' dir='ltr'><strong>reticta</strong></span> <span class='ocrx_word' id='word_1_297' title='bbox 1715 2693 1975 2747; x_wconf 89' lang='lat' dir='ltr'><strong>virtutum</strong></span> <span class='ocrx_word' id='word_1_298' title='bbox 2002 2702 2212 2748; x_wconf 83' lang='lat' dir='ltr'><strong>exstru-</strong></span> 
     </span>
    </p>
   </div>
   <div class='ocr_carea' id='block_1_42' title="bbox 637 2778 2201 2854">
    <p class='ocr_par' dir='ltr' id='par_1_42' title="bbox 637 2778 2201 2854">
     <span class='ocr_line' id='line_1_42' title="bbox 637 2778 2201 2854; baseline 0.003 -21"><span class='ocrx_word' id='word_1_299' title='bbox 637 2778 997 2849; x_wconf 68' lang='lat' dir='ltr'><strong>ctione;quaa</strong></span> <span class='ocrx_word' id='word_1_300' title='bbox 1030 2780 1249 2850; x_wconf 85' lang='lat' dir='ltr'><strong>quidem</strong></span> <span class='ocrx_word' id='word_1_301' title='bbox 1292 2781 1473 2836; x_wconf 85' lang='lat' dir='ltr'><strong>omnia</strong></span> <span class='ocrx_word' id='word_1_302' title='bbox 1526 2782 1660 2837; x_wconf 86' lang='lat' dir='ltr'><strong>vitia</strong></span> <span class='ocrx_word' id='word_1_303' title='bbox 1704 2797 1830 2837; x_wconf 89' lang='lat' dir='ltr'><strong>cum</strong></span> <span class='ocrx_word' id='word_1_304' title='bbox 1882 2783 2201 2854; x_wconf 77' lang='lat' dir='ltr'><strong>relegasset,</strong></span> 
     </span>
    </p>
   </div>
   <div class='ocr_carea' id='block_1_43' title="bbox 637 2870 2203 2945">
    <p class='ocr_par' dir='ltr' id='par_1_43' title="bbox 637 2870 2203 2945">
     <span class='ocr_line' id='line_1_43' title="bbox 637 2870 2203 2945; baseline 0.001 -19"><span class='ocrx_word' id='word_1_305' title='bbox 637 2886 751 2926; x_wconf 79' lang='lat' dir='ltr'><strong>non</strong></span> <span class='ocrx_word' id='word_1_306' title='bbox 778 2870 890 2941; x_wconf 88' lang='lat' dir='ltr'><strong>jam</strong></span> <span class='ocrx_word' id='word_1_307' title='bbox 924 2887 1113 2927; x_wconf 90' lang='lat' dir='ltr'><strong>omnes</strong></span> <span class='ocrx_word' id='word_1_308' title='bbox 1162 2874 1388 2930; x_wconf 87' lang='lat' dir='ltr'><strong>virtutes</strong></span> <span class='ocrx_word' id='word_1_309' title='bbox 1427 2874 1618 2930; x_wconf 70' lang='lat' dir='ltr'><strong>anima:</strong></span> <span class='ocrx_word' id='word_1_310' title='bbox 1659 2874 2059 2945; x_wconf 86' lang='lat' dir='ltr'><strong>despondisset.</strong></span> <span class='ocrx_word' id='word_1_311' title='bbox 2105 2874 2203 2929; x_wconf 89' lang='lat' dir='ltr'><strong>Sin</strong></span> 
     </span>
    </p>
   </div>
   <div class='ocr_carea' id='block_1_44' title="bbox 640 2964 2203 3038">
    <p class='ocr_par' dir='ltr' id='par_1_44' title="bbox 640 2964 2203 3038">
     <span class='ocr_line' id='line_1_44' title="bbox 640 2964 2203 3038; baseline 0.006 -25"><span class='ocrx_word' id='word_1_312' title='bbox 640 2978 774 3019; x_wconf 71' lang='lat' dir='ltr'><strong>vero</strong></span> <span class='ocrx_word' id='word_1_313' title='bbox 803 2964 855 3018; x_wconf 91' lang='lat' dir='ltr'><strong>in</strong></span> <span class='ocrx_word' id='word_1_314' title='bbox 894 2964 1261 3035; x_wconf 80' lang='lat' dir='ltr'><strong>disputatione</strong></span> <span class='ocrx_word' id='word_1_315' title='bbox 1285 2974 1471 3020; x_wconf 90' lang='lat' dir='ltr'><strong>nostra</strong></span> <span class='ocrx_word' id='word_1_316' title='bbox 1496 2975 1756 3037; x_wconf 89' lang='lat' dir='ltr'><strong>apparent</strong></span> <span class='ocrx_word' id='word_1_317' title='bbox 1784 2969 1925 3038; x_wconf 88' lang='lat' dir='ltr'><strong>apud</strong></span> <span class='ocrx_word' id='word_1_318' title='bbox 1958 2969 2127 3038; x_wconf 80' lang='lat' dir='ltr'><strong>legem</strong></span> <span class='ocrx_word' id='word_1_319' title='bbox 2148 2976 2203 3024; x_wconf 87' lang='lat' dir='ltr'><strong>et</strong></span> 
     </span>
    </p>
   </div>
   <div class='ocr_carea' id='block_1_45' title="bbox 2384 2050 3886 2125">
    <p class='ocr_par' dir='ltr' id='par_1_45' title="bbox 2384 2050 3886 2125">
     <span class='ocr_line' id='line_1_45' title="bbox 2384 2050 3886 2125; baseline -0.007 -15"><span class='ocrx_word' id='word_1_320' title='bbox 2384 2059 2501 2110; x_wconf 87' lang='grc' dir='ltr'><strong>Ἶνα</strong></span> <span class='ocrx_word' id='word_1_321' title='bbox 2540 2058 2598 2111; x_wconf 79' lang='grc' dir='ltr'>δὲ</span> <span class='ocrx_word' id='word_1_322' title='bbox 2637 2056 2716 2109; x_wconf 85' lang='grc' dir='ltr'><strong>ἐτι</strong></span> <span class='ocrx_word' id='word_1_323' title='bbox 2754 2054 3317 2125; x_wconf 66' lang='grc' dir='ltr'>μεγαλοπρεπέατατοι</span> <span class='ocrx_word' id='word_1_324' title='bbox 3348 2052 3620 2120; x_wconf 76' lang='grc' dir='ltr'>γένωνται</span> <span class='ocrx_word' id='word_1_325' title='bbox 3659 2050 3798 2119; x_wconf 76' lang='grc' dir='ltr'>ἡμῖν</span> <span class='ocrx_word' id='word_1_326' title='bbox 3836 2050 3886 2101; x_wconf 80' lang='grc' dir='ltr'>οἱ</span> 
     </span>
    </p>
   </div>
   <div class='ocr_carea' id='block_1_46' title="bbox 2310 2140 3885 2219">
    <p class='ocr_par' dir='ltr' id='par_1_46' title="bbox 2310 2140 3885 2219">
     <span class='ocr_line' id='line_1_46' title="bbox 2310 2140 3885 2219; baseline -0.005 -16"><span class='ocrx_word' id='word_1_327' title='bbox 2310 2150 2489 2219; x_wconf 84' lang='grc' dir='ltr'>λόγοι,</span> <span class='ocrx_word' id='word_1_328' title='bbox 2538 2149 2630 2202; x_wconf 74' lang='grc' dir='ltr'>καὶ</span> <span class='ocrx_word' id='word_1_329' title='bbox 2668 2150 2809 2218; x_wconf 71' lang='grc' dir='ltr'>φανῇ</span> <span class='ocrx_word' id='word_1_330' title='bbox 2911 2146 3017 2198; x_wconf 82' lang='grc' dir='ltr'>τῶν</span> <span class='ocrx_word' id='word_1_331' title='bbox 3046 2146 3307 2217; x_wconf 75' lang='grc' dir='ltr'><strong>αἱρέσεων</strong></span> <span class='ocrx_word' id='word_1_332' title='bbox 3337 2144 3569 2206; x_wconf 77' lang='grc' dir='ltr'>ἀτοπία,</span> <span class='ocrx_word' id='word_1_333' title='bbox 3607 2140 3759 2195; x_wconf 74' lang='grc' dir='ltr'>κατὰ</span> <span class='ocrx_word' id='word_1_334' title='bbox 3796 2141 3885 2195; x_wconf 75' lang='grc' dir='ltr'><strong>τοῦ</strong></span> 
     </span>
    </p>
   </div>
   <div class='ocr_carea' id='block_1_47' title="bbox 2310 2220 3887 2312">
    <p class='ocr_par' dir='ltr' id='par_1_47' title="bbox 2310 2220 3887 2312">
     <span class='ocr_line' id='line_1_47' title="bbox 2310 2220 3887 2312; baseline -0.002 -18"><span class='ocrx_word' id='word_1_335' title='bbox 2310 2243 2473 2312; x_wconf 78' lang='grc' dir='ltr'>νόμου</span> <span class='ocrx_word' id='word_1_336' title='bbox 2494 2220 2710 2303; x_wconf 54' lang='grc' dir='ltr'>Ῐάδίκως</span> <span class='ocrx_word' id='word_1_337' title='bbox 2742 2237 3071 2310; x_wconf 79' lang='grc' dir='ltr'>βεδαδικυῖα,</span> <span class='ocrx_word' id='word_1_338' title='bbox 3121 2236 3193 2306; x_wconf 79' lang='grc' dir='ltr'>μὴ</span> <span class='ocrx_word' id='word_1_339' title='bbox 3239 2237 3396 2305; x_wconf 79' lang='grc' dir='ltr'>μόνον</span> <span class='ocrx_word' id='word_1_340' title='bbox 3445 2237 3529 2289; x_wconf 87' lang='grc' dir='ltr'><strong>δτι</strong></span> <span class='ocrx_word' id='word_1_341' title='bbox 3587 2237 3701 2288; x_wconf 73' lang='grc' dir='ltr'>πᾶν</span> <span class='ocrx_word' id='word_1_342' title='bbox 3750 2232 3887 2291; x_wconf 76' lang='grc' dir='ltr'>εἶδος</span> 
     </span>
    </p>
   </div>
   <div class='ocr_carea' id='block_1_48' title="bbox 2311 2325 3883 2397">
    <p class='ocr_par' dir='ltr' id='par_1_48' title="bbox 2311 2325 3883 2397">
     <span class='ocr_line' id='line_1_48' title="bbox 2311 2325 3883 2397; baseline -0.006 -12"><span class='ocrx_word' id='word_1_343' title='bbox 2311 2333 2508 2395; x_wconf 80' lang='grc' dir='ltr'>κακίας</span> <span class='ocrx_word' id='word_1_344' title='bbox 2553 2329 2757 2384; x_wconf 80' lang='grc' dir='ltr'><strong>ἀνεῖλεν</strong></span> <span class='ocrx_word' id='word_1_345' title='bbox 2809 2331 2837 2383; x_wconf 84' lang='grc' dir='ltr'>ὁ</span> <span class='ocrx_word' id='word_1_346' title='bbox 2881 2328 3070 2397; x_wconf 82' lang='grc' dir='ltr'>νόμος,</span> <span class='ocrx_word' id='word_1_347' title='bbox 3103 2327 3540 2397; x_wconf 74' lang='grc' dir='ltr'>προσγράφωμεν</span> <span class='ocrx_word' id='word_1_348' title='bbox 3592 2326 3677 2396; x_wconf 79' lang='grc' dir='ltr'>τῷ</span> <span class='ocrx_word' id='word_1_349' title='bbox 3718 2325 3883 2394; x_wconf 73' lang='grc' dir='ltr'>λόγῳο</span> 
     </span>
    </p>
   </div>
   <div class='ocr_carea' id='block_1_49' title="bbox 2311 2414 3887 2489">
    <p class='ocr_par' dir='ltr' id='par_1_49' title="bbox 2311 2414 3887 2489">
     <span class='ocr_line' id='line_1_49' title="bbox 2311 2414 3887 2489; baseline -0.005 -13"><span class='ocrx_word' id='word_1_350' title='bbox 2311 2424 2424 2476; x_wconf 80' lang='grc' dir='ltr'>ἀλλ’</span> <span class='ocrx_word' id='word_1_351' title='bbox 2458 2424 2539 2476; x_wconf 80' lang='grc' dir='ltr'><strong>ὅτι</strong></span> <span class='ocrx_word' id='word_1_352' title='bbox 2568 2423 2660 2474; x_wconf 77' lang='grc' dir='ltr'><strong>καὶ</strong></span> <span class='ocrx_word' id='word_1_353' title='bbox 2685 2422 2791 2474; x_wconf 79' lang='grc' dir='ltr'><strong>πᾶν</strong></span> <span class='ocrx_word' id='word_1_354' title='bbox 2813 2414 2949 2482; x_wconf 74' lang='grc' dir='ltr'>εἶδος</span> <span class='ocrx_word' id='word_1_355' title='bbox 2978 2418 3175 2489; x_wconf 83' lang='grc' dir='ltr'>ἀρετῆς</span> <span class='ocrx_word' id='word_1_356' title='bbox 3206 2419 3495 2486; x_wconf 79' lang='grc' dir='ltr'><strong>ὑφηγεῖται</strong></span> <span class='ocrx_word' id='word_1_357' title='bbox 3526 2417 3625 2469; x_wconf 71' lang='grc' dir='ltr'>καὶ</span> <span class='ocrx_word' id='word_1_358' title='bbox 3669 2416 3887 2486; x_wconf 80' lang='grc' dir='ltr'>ἐξηγεῖ-</span> 
     </span>
    </p>
   </div>
   <div class='ocr_carea' id='block_1_50' title="bbox 2312 2508 3884 2584">
    <p class='ocr_par' dir='ltr' id='par_1_50' title="bbox 2312 2508 3884 2584">
     <span class='ocr_line' id='line_1_50' title="bbox 2312 2508 3884 2584; baseline -0.004 -16"><span class='ocrx_word' id='word_1_359' title='bbox 2312 2533 2423 2573; x_wconf 84' lang='grc' dir='ltr'>ται,</span> <span class='ocrx_word' id='word_1_360' title='bbox 2462 2511 2888 2584; x_wconf 84' lang='grc' dir='ltr'>προσαποδῶμεν</span> <span class='ocrx_word' id='word_1_361' title='bbox 2927 2512 2993 2580; x_wconf 79' lang='grc' dir='ltr'>τῇ</span> <span class='ocrx_word' id='word_1_362' title='bbox 3025 2510 3229 2580; x_wconf 73' lang='grc' dir='ltr'>ὁμιλία.</span> <span class='ocrx_word' id='word_1_363' title='bbox 3273 2510 3336 2562; x_wconf 82' lang='grc' dir='ltr'><strong>Εἰ</strong></span> <span class='ocrx_word' id='word_1_364' title='bbox 3380 2510 3478 2579; x_wconf 82' lang='grc' dir='ltr'>μὲν</span> <span class='ocrx_word' id='word_1_365' title='bbox 3514 2509 3629 2581; x_wconf 73' lang='grc' dir='ltr'><strong>γὰρ</strong></span> <span class='ocrx_word' id='word_1_366' title='bbox 3662 2508 3765 2573; x_wconf 75' lang='grc' dir='ltr'>τας</span> <span class='ocrx_word' id='word_1_367' title='bbox 3790 2528 3884 2561; x_wconf 79' lang='grc' dir='ltr'><strong>κα-</strong></span> 
     </span>
    </p>
   </div>
   <div class='ocr_carea' id='block_1_51' title="bbox 2315 2600 3883 2671">
    <p class='ocr_par' dir='ltr' id='par_1_51' title="bbox 2315 2600 3883 2671">
     <span class='ocr_line' id='line_1_51' title="bbox 2315 2600 3883 2671; baseline -0.002 -15"><span class='ocrx_word' id='word_1_368' title='bbox 2315 2604 2439 2665; x_wconf 84' lang='grc' dir='ltr'>κίας</span> <span class='ocrx_word' id='word_1_369' title='bbox 2467 2602 2645 2665; x_wconf 84' lang='grc' dir='ltr'>πάσας</span> <span class='ocrx_word' id='word_1_370' title='bbox 2667 2601 2871 2655; x_wconf 77' lang='grc' dir='ltr'>ἀνεῖλεν</span> <span class='ocrx_word' id='word_1_371' title='bbox 2893 2601 2922 2652; x_wconf 89' lang='grc' dir='ltr'>ὁ</span> <span class='ocrx_word' id='word_1_372' title='bbox 2949 2602 3129 2670; x_wconf 77' lang='grc' dir='ltr'>νόμος,</span> <span class='ocrx_word' id='word_1_373' title='bbox 3162 2601 3223 2651; x_wconf 81' lang='grc' dir='ltr'><strong>ού</strong></span> <span class='ocrx_word' id='word_1_374' title='bbox 3257 2600 3429 2663; x_wconf 83' lang='grc' dir='ltr'>πάσας</span> <span class='ocrx_word' id='word_1_375' title='bbox 3470 2600 3527 2653; x_wconf 81' lang='grc' dir='ltr'>δὲ</span> <span class='ocrx_word' id='word_1_376' title='bbox 3550 2602 3655 2664; x_wconf 72' lang='grc' dir='ltr'><strong>τὰς</strong></span> <span class='ocrx_word' id='word_1_377' title='bbox 3687 2601 3883 2671; x_wconf 80' lang='grc' dir='ltr'>ἀρετάς</span> 
     </span>
    </p>
   </div>
   <div class='ocr_carea' id='block_1_52' title="bbox 2313 2690 3880 2767">
    <p class='ocr_par' dir='ltr' id='par_1_52' title="bbox 2313 2690 3880 2767">
     <span class='ocr_line' id='line_1_52' title="bbox 2313 2690 3880 2767; baseline -0.007 -18"><span class='ocrx_word' id='word_1_378' title='bbox 2313 2695 2588 2767; x_wconf 82' lang='grc' dir='ltr'>ἐνέθηκεν,</span> <span class='ocrx_word' id='word_1_379' title='bbox 2616 2693 2857 2747; x_wconf 76' lang='grc' dir='ltr'>ἐνέλιπεν</span> <span class='ocrx_word' id='word_1_380' title='bbox 2876 2694 2905 2744; x_wconf 87' lang='grc' dir='ltr'>ὁ</span> <span class='ocrx_word' id='word_1_381' title='bbox 2935 2692 3113 2761; x_wconf 80' lang='grc' dir='ltr'>νόμος,</span> <span class='ocrx_word' id='word_1_382' title='bbox 3142 2691 3454 2761; x_wconf 80' lang='grc' dir='ltr'>λειπόμενος</span> <span class='ocrx_word' id='word_1_383' title='bbox 3490 2691 3589 2761; x_wconf 66' lang='grc' dir='ltr'>τὴν</span> <span class='ocrx_word' id='word_1_384' title='bbox 3612 2690 3725 2743; x_wconf 81' lang='grc' dir='ltr'>τῶν</span> <span class='ocrx_word' id='word_1_385' title='bbox 3754 2691 3880 2763; x_wconf 57' lang='grc' dir='ltr'>ἀρετ-</span> 
     </span>
    </p>
   </div>
   <div class='ocr_carea' id='block_1_53' title="bbox 2309 2780 3881 2856">
    <p class='ocr_par' dir='ltr' id='par_1_53' title="bbox 2309 2780 3881 2856">
     <span class='ocr_line' id='line_1_53' title="bbox 2309 2780 3881 2856; baseline -0.004 -16"><span class='ocrx_word' id='word_1_386' title='bbox 2309 2788 2417 2840; x_wconf 83' lang='grc' dir='ltr'>τῶν</span> <span class='ocrx_word' id='word_1_387' title='bbox 2450 2786 2817 2856; x_wconf 83' lang='grc' dir='ltr'>κατασκευήν·</span> <span class='ocrx_word' id='word_1_388' title='bbox 2865 2783 2958 2836; x_wconf 67' lang='grc' dir='ltr'><strong>καὶ</strong></span> <span class='ocrx_word' id='word_1_389' title='bbox 2993 2782 3091 2844; x_wconf 72' lang='grc' dir='ltr'><strong>τὰς</strong></span> <span class='ocrx_word' id='word_1_390' title='bbox 3123 2781 3221 2851; x_wconf 81' lang='grc' dir='ltr'>μὲν</span> <span class='ocrx_word' id='word_1_391' title='bbox 3244 2782 3439 2843; x_wconf 86' lang='grc' dir='ltr'>κακίας</span> <span class='ocrx_word' id='word_1_392' title='bbox 3484 2782 3672 2844; x_wconf 78' lang='grc' dir='ltr'>πάσας</span> <span class='ocrx_word' id='word_1_393' title='bbox 3714 2780 3881 2851; x_wconf 73' lang='grc' dir='ltr'>ἐξορί-</span> 
     </span>
    </p>
   </div>
   <div class='ocr_carea' id='block_1_54' title="bbox 2310 2869 3879 2946">
    <p class='ocr_par' dir='ltr' id='par_1_54' title="bbox 2310 2869 3879 2946">
     <span class='ocr_line' id='line_1_54' title="bbox 2310 2869 3879 2946; baseline -0.005 -16"><span class='ocrx_word' id='word_1_394' title='bbox 2310 2893 2429 2940; x_wconf 86' lang='grc' dir='ltr'>σας,</span> <span class='ocrx_word' id='word_1_395' title='bbox 2460 2876 2654 2946; x_wconf 82' lang='grc' dir='ltr'>μηκέτι</span> <span class='ocrx_word' id='word_1_396' title='bbox 2681 2874 2739 2926; x_wconf 80' lang='grc' dir='ltr'>δὲ</span> <span class='ocrx_word' id='word_1_397' title='bbox 2765 2873 2864 2936; x_wconf 83' lang='grc' dir='ltr'><strong>τάς</strong></span> <span class='ocrx_word' id='word_1_398' title='bbox 2889 2871 3086 2942; x_wconf 71' lang='grc' dir='ltr'>ἀρετὰς</span> <span class='ocrx_word' id='word_1_399' title='bbox 3114 2872 3293 2934; x_wconf 82' lang='grc' dir='ltr'>,πάσας</span> <span class='ocrx_word' id='word_1_400' title='bbox 3315 2874 3380 2941; x_wconf 78' lang='grc' dir='ltr'><strong>τῇ</strong></span> <span class='ocrx_word' id='word_1_401' title='bbox 3404 2870 3551 2941; x_wconf 71' lang='grc' dir='ltr'>ψυχῇ</span> <span class='ocrx_word' id='word_1_402' title='bbox 3585 2869 3879 2941; x_wconf 75' lang='grc' dir='ltr'>μνηστευό-</span> 
     </span>
    </p>
   </div>
   <div class='ocr_carea' id='block_1_55' title="bbox 2311 2960 3873 3036">
    <p class='ocr_par' dir='ltr' id='par_1_55' title="bbox 2311 2960 3873 3036">
     <span class='ocr_line' id='line_1_55' title="bbox 2311 2960 3873 3036; baseline -0.003 -18"><span class='ocrx_word' id='word_1_403' title='bbox 2311 2984 2487 3036; x_wconf 87' lang='grc' dir='ltr'>μενος.</span> <span class='ocrx_word' id='word_1_404' title='bbox 2522 2964 2648 3017; x_wconf 77' lang='grc' dir='ltr'><strong>Ἐὰν</strong></span> <span class='ocrx_word' id='word_1_405' title='bbox 2686 2964 2740 3017; x_wconf 76' lang='grc' dir='ltr'>δὲ</span> <span class='ocrx_word' id='word_1_406' title='bbox 2774 2962 2926 3035; x_wconf 85' lang='grc' dir='ltr'><strong>παρά</strong></span> <span class='ocrx_word' id='word_1_407' title='bbox 2953 2963 3047 3016; x_wconf 79' lang='grc' dir='ltr'>τοῦ</span> <span class='ocrx_word' id='word_1_408' title='bbox 3092 2964 3251 3031; x_wconf 80' lang='grc' dir='ltr'>λόγου</span> <span class='ocrx_word' id='word_1_409' title='bbox 3290 2965 3450 3031; x_wconf 76' lang='grc' dir='ltr'>φανῇ,</span> <span class='ocrx_word' id='word_1_410' title='bbox 3499 2964 3581 3016; x_wconf 84' lang='grc' dir='ltr'>δτι</span> <span class='ocrx_word' id='word_1_411' title='bbox 3624 2960 3873 3032; x_wconf 66' lang='grc' dir='ltr'>παρὶτῷ</span> 
     </span>
    </p>
   </div>
   <div class='ocr_carea' id='block_1_56' title="bbox 639 3052 2207 3153">
    <p class='ocr_par' dir='ltr' id='par_1_56' title="bbox 639 3052 2204 3126">
     <span class='ocr_line' id='line_1_56' title="bbox 639 3052 2204 3126; baseline 0.003 -20"><span class='ocrx_word' id='word_1_412' title='bbox 639 3052 935 3123; x_wconf 84' lang='lat' dir='ltr'><strong>prophetas</strong></span> <span class='ocrx_word' id='word_1_413' title='bbox 978 3069 1167 3108; x_wconf 84' lang='lat' dir='ltr'><strong>omnes</strong></span> <span class='ocrx_word' id='word_1_414' title='bbox 1230 3056 1457 3109; x_wconf 83' lang='lat' dir='ltr'><strong>virtutes</strong></span> <span class='ocrx_word' id='word_1_415' title='bbox 1508 3056 1717 3125; x_wconf 57' lang='lat' dir='ltr'><strong>posita,</strong></span> <span class='ocrx_word' id='word_1_416' title='bbox 1765 3071 1946 3111; x_wconf 85' lang='lat' dir='ltr'><strong>annon</strong></span> <span class='ocrx_word' id='word_1_417' title='bbox 1991 3066 2204 3126; x_wconf 88' lang='lat' dir='ltr'><strong>oportet</strong></span> 
     </span>
    </p>
   </div>
   <div class='ocr_carea' id='block_1_57' title="bbox 2310 3052 3877 3153">
    <p class='ocr_par' dir='ltr' id='par_1_57' title="bbox 2310 3052 3877 3127">
     <span class='ocr_line' id='line_1_57' title="bbox 2310 3052 3877 3127; baseline -0.004 -17"><span class='ocrx_word' id='word_1_418' title='bbox 2310 3059 2455 3127; x_wconf 83' lang='grc' dir='ltr'>νόμῳ</span> <span class='ocrx_word' id='word_1_419' title='bbox 2496 3057 2588 3109; x_wconf 70' lang='grc' dir='ltr'><strong>καὶ</strong></span> <span class='ocrx_word' id='word_1_420' title='bbox 2625 3058 2737 3119; x_wconf 81' lang='grc' dir='ltr'>τοῖς</span> <span class='ocrx_word' id='word_1_421' title='bbox 2784 3055 3281 3126; x_wconf 71' lang='grc' dir='ltr'>προφήταιςνπᾶσαι</span> <span class='ocrx_word' id='word_1_422' title='bbox 3320 3054 3528 3105; x_wconf 83' lang='grc' dir='ltr'>κεῖνται</span> <span class='ocrx_word' id='word_1_423' title='bbox 3568 3053 3626 3105; x_wconf 75' lang='grc' dir='ltr'><strong>αἱ</strong></span> <span class='ocrx_word' id='word_1_424' title='bbox 3664 3052 3877 3123; x_wconf 74' lang='grc' dir='ltr'>ἀρεταὶ,</span> 
     </span>
    </p>
   </div>
   <div class='ocr_carea' id='block_1_58' title="bbox 638 3142 2210 3217">
    <p class='ocr_par' dir='ltr' id='par_1_58' title="bbox 638 3142 2210 3217">
     <span class='ocr_line' id='line_1_58' title="bbox 638 3142 2210 3217; baseline 0.003 -19"><span class='ocrx_word' id='word_1_425' title='bbox 638 3143 812 3215; x_wconf 80' lang='lat' dir='ltr'><strong>legem</strong></span> <span class='ocrx_word' id='word_1_426' title='bbox 869 3142 960 3197; x_wconf 89' lang='lat' dir='ltr'><strong>Dei</strong></span> <span class='ocrx_word' id='word_1_427' title='bbox 1009 3144 1268 3198; x_wconf 83' lang='lat' dir='ltr'><strong>admirari</strong></span> <span class='ocrx_word' id='word_1_428' title='bbox 1300 3155 1353 3199; x_wconf 89' lang='lat' dir='ltr'><strong>et</strong></span> <span class='ocrx_word' id='word_1_429' title='bbox 1398 3146 1690 3217; x_wconf 81' lang='lat' dir='ltr'><strong>amplecti?</strong></span> <span class='ocrx_word' id='word_1_430' title='bbox 1730 3146 1866 3202; x_wconf 90' lang='lat' dir='ltr'><strong>Cum</strong></span> <span class='ocrx_word' id='word_1_431' title='bbox 1899 3150 2043 3203; x_wconf 89' lang='lat' dir='ltr'><strong>enim</strong></span> <span class='ocrx_word' id='word_1_432' title='bbox 2100 3150 2210 3203; x_wconf 89' lang='lat' dir='ltr'><strong>sint</strong></span> 
     </span>
    </p>
   </div>
   <div class='ocr_carea' id='block_1_59' title="bbox 638 3236 2211 3308">
    <p class='ocr_par' dir='ltr' id='par_1_59' title="bbox 638 3236 2211 3308">
     <span class='ocr_line' id='line_1_59' title="bbox 638 3236 2211 3308; baseline 0.003 -17"><span class='ocrx_word' id='word_1_433' title='bbox 638 3246 872 3305; x_wconf 83' lang='lat' dir='ltr'><strong>quatuor</strong></span> <span class='ocrx_word' id='word_1_434' title='bbox 902 3238 1153 3300; x_wconf 82' lang='lat' dir='ltr'><strong>virtutes,</strong></span> <span class='ocrx_word' id='word_1_435' title='bbox 1181 3236 1487 3306; x_wconf 85' lang='lat' dir='ltr'><strong>prudentia,</strong></span> <span class='ocrx_word' id='word_1_436' title='bbox 1519 3242 1901 3308; x_wconf 88' lang='lat' dir='ltr'><strong>temperantia,</strong></span> <span class='ocrx_word' id='word_1_437' title='bbox 1950 3240 2211 3296; x_wconf 75' lang='lat' dir='ltr'><strong>fortitudo</strong></span> 
     </span>
    </p>
   </div>
   <div class='ocr_carea' id='block_1_60' title="bbox 643 3329 2207 3401">
    <p class='ocr_par' dir='ltr' id='par_1_60' title="bbox 643 3329 2207 3401">
     <span class='ocr_line' id='line_1_60' title="bbox 643 3329 2207 3401; baseline 0.004 -20"><span class='ocrx_word' id='word_1_438' title='bbox 643 3336 698 3385; x_wconf 90' lang='lat' dir='ltr'><strong>et</strong></span> <span class='ocrx_word' id='word_1_439' title='bbox 727 3329 969 3398; x_wconf 77' lang='lat' dir='ltr'><strong>iustitia:</strong></span> <span class='ocrx_word' id='word_1_440' title='bbox 1003 3344 1192 3383; x_wconf 90' lang='lat' dir='ltr'><strong>omnes</strong></span> <span class='ocrx_word' id='word_1_441' title='bbox 1214 3330 1441 3385; x_wconf 86' lang='lat' dir='ltr'><strong>virtutes</strong></span> <span class='ocrx_word' id='word_1_442' title='bbox 1490 3330 1631 3400; x_wconf 88' lang='lat' dir='ltr'><strong>apud</strong></span> <span class='ocrx_word' id='word_1_443' title='bbox 1667 3332 1836 3401; x_wconf 88' lang='lat' dir='ltr'><strong>legem</strong></span> <span class='ocrx_word' id='word_1_444' title='bbox 1889 3342 2207 3387; x_wconf 89' lang='lat' dir='ltr'><strong>cernuntur.</strong></span> 
     </span>
    </p>
   </div>
   <div class='ocr_carea' id='block_1_61' title="bbox 642 3416 2212 3492">
    <p class='ocr_par' dir='ltr' id='par_1_61' title="bbox 642 3416 2212 3492">
     <span class='ocr_line' id='line_1_61' title="bbox 642 3416 2212 3492; baseline 0.002 -20"><span class='ocrx_word' id='word_1_445' title='bbox 642 3416 798 3473; x_wconf 85' lang='lat' dir='ltr'><strong>Unde</strong></span> <span class='ocrx_word' id='word_1_446' title='bbox 832 3421 924 3490; x_wconf 86' lang='lat' dir='ltr'><strong>qui</strong></span> <span class='ocrx_word' id='word_1_447' title='bbox 959 3420 1068 3473; x_wconf 82' lang='lat' dir='ltr'><strong>vult</strong></span> <span class='ocrx_word' id='word_1_448' title='bbox 1104 3436 1224 3475; x_wconf 88' lang='lat' dir='ltr'><strong>esse</strong></span> <span class='ocrx_word' id='word_1_449' title='bbox 1273 3430 1625 3489; x_wconf 85' lang='lat' dir='ltr'><strong>temperatus,</strong></span> <span class='ocrx_word' id='word_1_450' title='bbox 1681 3420 1843 3476; x_wconf 84' lang='lat' dir='ltr'><strong>habet</strong></span> <span class='ocrx_word' id='word_1_451' title='bbox 1883 3424 1937 3475; x_wconf 90' lang='lat' dir='ltr'><strong>in</strong></span> <span class='ocrx_word' id='word_1_452' title='bbox 1971 3423 2085 3492; x_wconf 80' lang='lat' dir='ltr'><strong>lege</strong></span> <span class='ocrx_word' id='word_1_453' title='bbox 2128 3421 2212 3476; x_wconf 90' lang='lat' dir='ltr'><strong>di-</strong></span> 
     </span>
    </p>
   </div>
   <div class='ocr_carea' id='block_1_62' title="bbox 640 3511 2210 3582">
    <p class='ocr_par' dir='ltr' id='par_1_62' title="bbox 640 3511 2210 3582">
     <span class='ocr_line' id='line_1_62' title="bbox 640 3511 2210 3582; baseline 0.002 -19"><span class='ocrx_word' id='word_1_454' title='bbox 640 3511 901 3579; x_wconf 74' lang='lat' dir='ltr'><strong>sciplinas</strong></span> <span class='ocrx_word' id='word_1_455' title='bbox 935 3530 947 3567; x_wconf 87' lang='lat'><strong>:</strong></span> <span class='ocrx_word' id='word_1_456' title='bbox 982 3514 1071 3581; x_wconf 90' lang='lat' dir='ltr'><strong>qui</strong></span> <span class='ocrx_word' id='word_1_457' title='bbox 1103 3512 1283 3566; x_wconf 89' lang='lat' dir='ltr'><strong>studet</strong></span> <span class='ocrx_word' id='word_1_458' title='bbox 1312 3521 1367 3565; x_wconf 93' lang='lat' dir='ltr'><strong>ut</strong></span> <span class='ocrx_word' id='word_1_459' title='bbox 1400 3514 1469 3566; x_wconf 88' lang='lat' dir='ltr'><strong>sit</strong></span> <span class='ocrx_word' id='word_1_460' title='bbox 1500 3512 1758 3582; x_wconf 90' lang='lat' dir='ltr'><strong>prudens,</strong></span> <span class='ocrx_word' id='word_1_461' title='bbox 1802 3513 2057 3567; x_wconf 84' lang='lat' dir='ltr'><strong>adhibitis</strong></span> <span class='ocrx_word' id='word_1_462' title='bbox 2079 3512 2210 3568; x_wconf 87' lang='lat' dir='ltr'><strong>sub-</strong></span> 
     </span>
    </p>
   </div>
   <div class='ocr_carea' id='block_1_63' title="bbox 644 3602 2211 3674">
    <p class='ocr_par' dir='ltr' id='par_1_63' title="bbox 644 3602 2211 3674">
     <span class='ocr_line' id='line_1_63' title="bbox 644 3602 2211 3674; baseline 0.001 -18"><span class='ocrx_word' id='word_1_463' title='bbox 644 3602 801 3657; x_wconf 86' lang='lat' dir='ltr'><strong>sidiis</strong></span> <span class='ocrx_word' id='word_1_464' title='bbox 846 3604 998 3670; x_wconf 79' lang='lat' dir='ltr'><strong>legis.</strong></span> <span class='ocrx_word' id='word_1_465' title='bbox 1045 3604 1301 3673; x_wconf 63' lang='lat' dir='ltr'><strong>praeclare</strong></span> <span class='ocrx_word' id='word_1_466' title='bbox 1349 3619 1408 3659; x_wconf 87' lang='lat' dir='ltr'><strong>se</strong></span> <span class='ocrx_word' id='word_1_467' title='bbox 1452 3604 1507 3659; x_wconf 90' lang='lat' dir='ltr'><strong>in</strong></span> <span class='ocrx_word' id='word_1_468' title='bbox 1546 3604 1709 3660; x_wconf 78' lang='lat' dir='ltr'><strong>rebus</strong></span> <span class='ocrx_word' id='word_1_469' title='bbox 1758 3612 1907 3674; x_wconf 89' lang='lat' dir='ltr'><strong>geret</strong></span> <span class='ocrx_word' id='word_1_470' title='bbox 1939 3623 1951 3658; x_wconf 89' lang='lat'>:</span> <span class='ocrx_word' id='word_1_471' title='bbox 1983 3603 2211 3673; x_wconf 84' lang='lat' dir='ltr'><strong>quivult</strong></span> 
     </span>
    </p>
   </div>
   <div class='ocr_carea' id='block_1_64' title="bbox 641 3694 2211 3768">
    <p class='ocr_par' dir='ltr' id='par_1_64' title="bbox 641 3694 2211 3768">
     <span class='ocr_line' id='line_1_64' title="bbox 641 3694 2211 3768; baseline 0.002 -21"><span class='ocrx_word' id='word_1_472' title='bbox 641 3711 765 3751; x_wconf 83' lang='lat' dir='ltr'><strong>esse</strong></span> <span class='ocrx_word' id='word_1_473' title='bbox 791 3694 967 3757; x_wconf 83' lang='lat' dir='ltr'><strong>fortis,</strong></span> <span class='ocrx_word' id='word_1_474' title='bbox 1001 3695 1240 3752; x_wconf 88' lang='lat' dir='ltr'><strong>instruat</strong></span> <span class='ocrx_word' id='word_1_475' title='bbox 1294 3713 1352 3752; x_wconf 90' lang='lat' dir='ltr'><strong>se</strong></span> <span class='ocrx_word' id='word_1_476' title='bbox 1410 3697 1697 3768; x_wconf 72' lang='lat' dir='ltr'><strong>praeceptis</strong></span> <span class='ocrx_word' id='word_1_477' title='bbox 1744 3696 1878 3767; x_wconf 87' lang='lat' dir='ltr'><strong>legis</strong></span> <span class='ocrx_word' id='word_1_478' title='bbox 1913 3697 2047 3767; x_wconf 84' lang='lat' dir='ltr'><strong>:qui</strong></span> <span class='ocrx_word' id='word_1_479' title='bbox 2096 3696 2211 3750; x_wconf 88' lang='lat' dir='ltr'><strong>vult</strong></span> 
     </span>
    </p>
   </div>
   <div class='ocr_carea' id='block_1_65' title="bbox 637 3788 2211 3859">
    <p class='ocr_par' dir='ltr' id='par_1_65' title="bbox 637 3788 2211 3859">
     <span class='ocr_line' id='line_1_65' title="bbox 637 3788 2211 3859; baseline 0 -16"><span class='ocrx_word' id='word_1_480' title='bbox 637 3788 911 3858; x_wconf 83' lang='lat' dir='ltr'><strong>justitiam</strong></span> <span class='ocrx_word' id='word_1_481' title='bbox 940 3789 1180 3858; x_wconf 87' lang='lat' dir='ltr'><strong>assequi,</strong></span> <span class='ocrx_word' id='word_1_482' title='bbox 1217 3789 1430 3859; x_wconf 90' lang='lat' dir='ltr'><strong>pondus</strong></span> <span class='ocrx_word' id='word_1_483' title='bbox 1480 3789 1707 3858; x_wconf 71' lang='lat' dir='ltr'><strong>iustitia:</strong></span> <span class='ocrx_word' id='word_1_484' title='bbox 1730 3798 1934 3851; x_wconf 87' lang='lat' dir='ltr'><strong>teneat,</strong></span> <span class='ocrx_word' id='word_1_485' title='bbox 1980 3796 2034 3843; x_wconf 90' lang='lat' dir='ltr'><strong>et</strong></span> <span class='ocrx_word' id='word_1_486' title='bbox 2078 3789 2211 3843; x_wconf 86' lang='lat' dir='ltr'><strong>nihil</strong></span> 
     </span>
    </p>
   </div>
   <div class='ocr_carea' id='block_1_66' title="bbox 643 3879 2210 3951">
    <p class='ocr_par' dir='ltr' id='par_1_66' title="bbox 643 3879 2210 3951">
     <span class='ocr_line' id='line_1_66' title="bbox 643 3879 2210 3951; baseline 0 -18"><span class='ocrx_word' id='word_1_487' title='bbox 643 3879 909 3947; x_wconf 66' lang='lat' dir='ltr'><strong>inaequale</strong></span> <span class='ocrx_word' id='word_1_488' title='bbox 961 3879 1141 3941; x_wconf 78' lang='lat' dir='ltr'><strong>faciet,</strong></span> <span class='ocrx_word' id='word_1_489' title='bbox 1204 3879 1410 3935; x_wconf 80' lang='lat' dir='ltr'><strong>faciens</strong></span> <span class='ocrx_word' id='word_1_490' title='bbox 1449 3881 1629 3934; x_wconf 90' lang='lat' dir='ltr'><strong>omnia</strong></span> <span class='ocrx_word' id='word_1_491' title='bbox 1664 3879 1730 3935; x_wconf 88' lang='lat' dir='ltr'><strong>ad</strong></span> <span class='ocrx_word' id='word_1_492' title='bbox 1765 3880 2210 3951; x_wconf 89' lang='lat' dir='ltr'><strong>perpendiculum</strong></span> 
     </span>
    </p>
   </div>
   <div class='ocr_carea' id='block_1_67' title="bbox 640 3970 2210 4043">
    <p class='ocr_par' dir='ltr' id='par_1_67' title="bbox 640 3970 2210 4043">
     <span class='ocr_line' id='line_1_67' title="bbox 640 3970 2210 4043; baseline 0.002 -20"><span class='ocrx_word' id='word_1_493' title='bbox 640 3972 869 4040; x_wconf 70' lang='lat' dir='ltr'><strong>iustitiae</strong></span> <span class='ocrx_word' id='word_1_494' title='bbox 906 3992 918 4027; x_wconf 92' lang='lat'>:</span> <span class='ocrx_word' id='word_1_495' title='bbox 959 3980 1013 4027; x_wconf 88' lang='lat' dir='ltr'><strong>et</strong></span> <span class='ocrx_word' id='word_1_496' title='bbox 1041 3973 1133 4041; x_wconf 88' lang='lat' dir='ltr'><strong>qui</strong></span> <span class='ocrx_word' id='word_1_497' title='bbox 1155 3970 1332 4028; x_wconf 83' lang='lat' dir='ltr'><strong>factus</strong></span> <span class='ocrx_word' id='word_1_498' title='bbox 1360 3983 1443 4027; x_wconf 89' lang='lat' dir='ltr'><strong>est</strong></span> <span class='ocrx_word' id='word_1_499' title='bbox 1465 3973 1737 4043; x_wconf 88' lang='lat' dir='ltr'><strong>particeps</strong></span> <span class='ocrx_word' id='word_1_500' title='bbox 1768 3973 2088 4043; x_wconf 70' lang='lat' dir='ltr'><strong>prudentiae.</strong></span> <span class='ocrx_word' id='word_1_501' title='bbox 2122 3972 2210 4027; x_wconf 90' lang='lat' dir='ltr'><strong>di-</strong></span> 
     </span>
    </p>
   </div>
   <div class='ocr_carea' id='block_1_68' title="bbox 645 4063 2211 4135">
    <p class='ocr_par' dir='ltr' id='par_1_68' title="bbox 645 4063 2211 4135">
     <span class='ocr_line' id='line_1_68' title="bbox 645 4063 2211 4135; baseline 0.001 -18"><span class='ocrx_word' id='word_1_502' title='bbox 645 4072 732 4118; x_wconf 87' lang='lat' dir='ltr'><strong>cat</strong></span> <span class='ocrx_word' id='word_1_503' title='bbox 762 4082 772 4116; x_wconf 94' lang='lat'>:</span> <span class='ocrx_word' id='word_1_504' title='bbox 802 4063 1060 4120; x_wconf 86' lang='lat' dir='ltr'><strong>Dominus</strong></span> <span class='ocrx_word' id='word_1_505' title='bbox 1098 4064 1284 4118; x_wconf 89' lang='lat' dir='ltr'><strong>docuit</strong></span> <span class='ocrx_word' id='word_1_506' title='bbox 1328 4080 1412 4118; x_wconf 89' lang='lat' dir='ltr'><strong>me</strong></span> <span class='ocrx_word' id='word_1_507' title='bbox 1462 4065 1805 4133; x_wconf 87' lang='lat' dir='ltr'><strong>sapientiam,</strong></span> <span class='ocrx_word' id='word_1_508' title='bbox 1838 4073 1891 4120; x_wconf 89' lang='lat' dir='ltr'><strong>et</strong></span> <span class='ocrx_word' id='word_1_509' title='bbox 1929 4064 2211 4135; x_wconf 88' lang='lat' dir='ltr'><strong>prudentia</strong></span> 
     </span>
    </p>
   </div>
   <div class='ocr_carea' id='block_1_69' title="bbox 647 4156 2210 4225">
    <p class='ocr_par' dir='ltr' id='par_1_69' title="bbox 647 4156 2210 4225">
     <span class='ocr_line' id='line_1_69' title="bbox 647 4156 2210 4225; baseline 0.001 -15"><span class='ocrx_word' id='word_1_510' title='bbox 647 4158 885 4210; x_wconf 89' lang='lat' dir='ltr'><strong>hominis</strong></span> <span class='ocrx_word' id='word_1_511' title='bbox 917 4172 1023 4211; x_wconf 89' lang='lat' dir='ltr'><strong>non</strong></span> <span class='ocrx_word' id='word_1_512' title='bbox 1056 4166 1139 4211; x_wconf 87' lang='lat' dir='ltr'><strong>est</strong></span> <span class='ocrx_word' id='word_1_513' title='bbox 1172 4158 1226 4211; x_wconf 92' lang='lat' dir='ltr'><strong>in</strong></span> <span class='ocrx_word' id='word_1_514' title='bbox 1254 4172 1377 4221; x_wconf 88' lang='lat' dir='ltr'><strong>me;</strong></span> <span class='ocrx_word' id='word_1_515' title='bbox 1413 4166 1471 4211; x_wconf 92' lang='lat' dir='ltr'><strong>ut</strong></span> <span class='ocrx_word' id='word_1_516' title='bbox 1500 4157 1599 4211; x_wconf 90' lang='lat' dir='ltr'><strong>hac</strong></span> <span class='ocrx_word' id='word_1_517' title='bbox 1630 4156 1751 4211; x_wconf 79' lang='lat' dir='ltr'><strong>ﬂeta</strong></span> <span class='ocrx_word' id='word_1_518' title='bbox 1778 4166 1830 4212; x_wconf 88' lang='lat' dir='ltr'><strong>et</strong></span> <span class='ocrx_word' id='word_1_519' title='bbox 1857 4164 2073 4211; x_wconf 87' lang='lat' dir='ltr'><strong>errante</strong></span> <span class='ocrx_word' id='word_1_520' title='bbox 2102 4158 2210 4225; x_wconf 88' lang='lat' dir='ltr'><strong>eje-</strong></span> 
     </span>
    </p>
   </div>
   <div class='ocr_carea' id='block_1_70' title="bbox 646 4245 2210 4315">
    <p class='ocr_par' dir='ltr' id='par_1_70' title="bbox 646 4245 2210 4315">
     <span class='ocr_line' id='line_1_70' title="bbox 646 4245 2210 4315; baseline 0 -16"><span class='ocrx_word' id='word_1_521' title='bbox 646 4252 733 4299; x_wconf 83' lang='lat' dir='ltr'><strong>cta</strong></span> <span class='ocrx_word' id='word_1_522' title='bbox 790 4253 842 4298; x_wconf 89' lang='lat' dir='ltr'><strong>et</strong></span> <span class='ocrx_word' id='word_1_523' title='bbox 904 4245 1207 4315; x_wconf 85' lang='lat' dir='ltr'><strong>repudiata,</strong></span> <span class='ocrx_word' id='word_1_524' title='bbox 1271 4245 1527 4314; x_wconf 88' lang='lat' dir='ltr'><strong>optimam</strong></span> <span class='ocrx_word' id='word_1_525' title='bbox 1598 4245 1942 4311; x_wconf 85' lang='lat' dir='ltr'><strong>etdivinam</strong></span> <span class='ocrx_word' id='word_1_526' title='bbox 2008 4246 2210 4314; x_wconf 89' lang='lat' dir='ltr'><strong>ample-</strong></span> 
     </span>
    </p>
   </div>
   <div class='ocr_carea' id='block_1_71' title="bbox 644 4346 840 4391">
    <p class='ocr_par' dir='ltr' id='par_1_71' title="bbox 644 4346 840 4391">
     <span class='ocr_line' id='line_1_71' title="bbox 644 4346 840 4391; baseline -0.015 0"><span class='ocrx_word' id='word_1_527' title='bbox 644 4346 840 4391; x_wconf 88' lang='lat' dir='ltr'><strong>ctatur.</strong></span> 
     </span>
    </p>
   </div>
   <div class='ocr_carea' id='block_1_72' title="bbox 716 4509 2210 4584">
    <p class='ocr_par' dir='ltr' id='par_1_72' title="bbox 716 4509 2210 4584">
     <span class='ocr_line' id='line_1_72' title="bbox 716 4509 2210 4584; baseline 0.005 -22"><span class='ocrx_word' id='word_1_528' title='bbox 716 4509 995 4563; x_wconf 71' lang='lat' dir='ltr'><strong>Pudicitia:</strong></span> <span class='ocrx_word' id='word_1_529' title='bbox 1032 4528 1153 4563; x_wconf 53' lang='lat' dir='ltr'><strong>tero</strong></span> <span class='ocrx_word' id='word_1_530' title='bbox 1185 4515 1426 4581; x_wconf 76' lang='lat' dir='ltr'><strong>exempla</strong></span> <span class='ocrx_word' id='word_1_531' title='bbox 1460 4514 1668 4567; x_wconf 76' lang='lat' dir='ltr'><strong>inﬁnita</strong></span> <span class='ocrx_word' id='word_1_532' title='bbox 1712 4516 1965 4584; x_wconf 85' lang='lat' dir='ltr'><strong>reperiet,</strong></span> <span class='ocrx_word' id='word_1_533' title='bbox 2015 4515 2103 4583; x_wconf 89' lang='lat' dir='ltr'><strong>qui</strong></span> <span class='ocrx_word' id='word_1_534' title='bbox 2142 4516 2210 4569; x_wconf 89' lang='lat' dir='ltr'><strong>le-</strong></span> 
     </span>
    </p>
   </div>
   <div class='ocr_carea' id='block_1_73' title="bbox 642 4603 2210 4677">
    <p class='ocr_par' dir='ltr' id='par_1_73' title="bbox 642 4603 2210 4677">
     <span class='ocr_line' id='line_1_73' title="bbox 642 4603 2210 4677; baseline 0.004 -26"><span class='ocrx_word' id='word_1_535' title='bbox 642 4603 818 4669; x_wconf 75' lang='lat' dir='ltr'><strong>gendo</strong></span> <span class='ocrx_word' id='word_1_536' title='bbox 861 4611 1085 4669; x_wconf 71' lang='lat' dir='ltr'><strong>qtuerct,</strong></span> <span class='ocrx_word' id='word_1_537' title='bbox 1124 4612 1179 4655; x_wconf 93' lang='lat' dir='ltr'><strong>ut</strong></span> <span class='ocrx_word' id='word_1_538' title='bbox 1210 4606 1451 4677; x_wconf 72' lang='lat' dir='ltr'><strong>exeurpla</strong></span> <span class='ocrx_word' id='word_1_539' title='bbox 1502 4605 1775 4673; x_wconf 68' lang='lat' dir='ltr'><strong>pudicitiae</strong></span> <span class='ocrx_word' id='word_1_540' title='bbox 1828 4606 2119 4675; x_wconf 85' lang='lat' dir='ltr'><strong>exprimat,</strong></span> <span class='ocrx_word' id='word_1_541' title='bbox 2156 4614 2210 4659; x_wconf 90' lang='lat' dir='ltr'><strong>et</strong></span> 
     </span>
    </p>
   </div>
   <div class='ocr_carea' id='block_1_74' title="bbox 641 4695 2211 4765">
    <p class='ocr_par' dir='ltr' id='par_1_74' title="bbox 641 4695 2211 4765">
     <span class='ocr_line' id='line_1_74' title="bbox 641 4695 2211 4765; baseline 0.003 -19"><span class='ocrx_word' id='word_1_542' title='bbox 641 4695 864 4761; x_wconf 84' lang='lat' dir='ltr'><strong>antiqua</strong></span> <span class='ocrx_word' id='word_1_543' title='bbox 891 4697 1131 4765; x_wconf 72' lang='lat' dir='ltr'><strong>exempla</strong></span> <span class='ocrx_word' id='word_1_544' title='bbox 1163 4696 1227 4748; x_wconf 86' lang='lat' dir='ltr'><strong>ad</strong></span> <span class='ocrx_word' id='word_1_545' title='bbox 1283 4698 1679 4752; x_wconf 80' lang='lat' dir='ltr'><strong>ﬁrmamentum</strong></span> <span class='ocrx_word' id='word_1_546' title='bbox 1729 4707 1781 4753; x_wconf 91' lang='lat' dir='ltr'><strong>et</strong></span> <span class='ocrx_word' id='word_1_547' title='bbox 1837 4699 2004 4752; x_wconf 87' lang='lat' dir='ltr'><strong>robur</strong></span> <span class='ocrx_word' id='word_1_548' title='bbox 2045 4700 2211 4753; x_wconf 87' lang='lat' dir='ltr'><strong>casti-</strong></span> 
     </span>
    </p>
   </div>
   <div class='ocr_carea' id='block_1_75' title="bbox 641 4788 2210 4862">
    <p class='ocr_par' dir='ltr' id='par_1_75' title="bbox 641 4788 2210 4862">
     <span class='ocr_line' id='line_1_75' title="bbox 641 4788 2210 4862; baseline 0.001 -23"><span class='ocrx_word' id='word_1_549' title='bbox 641 4788 771 4841; x_wconf 72' lang='lat' dir='ltr'><strong>tatis</strong></span> <span class='ocrx_word' id='word_1_550' title='bbox 832 4790 1262 4857; x_wconf 70' lang='lat' dir='ltr'><strong>complectatur:</strong></span> <span class='ocrx_word' id='word_1_551' title='bbox 1298 4798 1355 4843; x_wconf 88' lang='lat' dir='ltr'><strong>ut</strong></span> <span class='ocrx_word' id='word_1_552' title='bbox 1389 4792 1529 4843; x_wconf 92' lang='lat' dir='ltr'><strong>illius</strong></span> <span class='ocrx_word' id='word_1_553' title='bbox 1578 4792 1934 4845; x_wconf 86' lang='lat' dir='ltr'><strong>adolescentis</strong></span> <span class='ocrx_word' id='word_1_554' title='bbox 1983 4792 2037 4845; x_wconf 92' lang='lat' dir='ltr'><strong>in</strong></span> <span class='ocrx_word' id='word_1_555' title='bbox 2092 4792 2210 4862; x_wconf 88' lang='lat' dir='ltr'><strong>ipso</strong></span> 
     </span>
    </p>
   </div>
   <div class='ocr_carea' id='block_1_76' title="bbox 640 4875 2210 4947">
    <p class='ocr_par' dir='ltr' id='par_1_76' title="bbox 640 4875 2210 4947">
     <span class='ocr_line' id='line_1_76' title="bbox 640 4875 2210 4947; baseline 0.004 -20"><span class='ocrx_word' id='word_1_556' title='bbox 640 4875 771 4929; x_wconf 63' lang='lat' dir='ltr'><strong>{inre</strong></span> <span class='ocrx_word' id='word_1_557' title='bbox 803 4880 997 4937; x_wconf 71' lang='lat' dir='ltr'><strong>relatis.</strong></span> <span class='ocrx_word' id='word_1_558' title='bbox 1039 4880 1129 4947; x_wconf 86' lang='lat' dir='ltr'><strong>qui</strong></span> <span class='ocrx_word' id='word_1_559' title='bbox 1176 4878 1276 4931; x_wconf 81' lang='lat' dir='ltr'><strong>fuit</strong></span> <span class='ocrx_word' id='word_1_560' title='bbox 1327 4894 1355 4930; x_wconf 87' lang='lat' dir='ltr'><strong>a</strong></span> <span class='ocrx_word' id='word_1_561' title='bbox 1420 4880 1679 4935; x_wconf 78' lang='lat' dir='ltr'><strong>fratribus</strong></span> <span class='ocrx_word' id='word_1_562' title='bbox 1738 4880 1990 4936; x_wconf 80' lang='lat' dir='ltr'><strong>venditus</strong></span> <span class='ocrx_word' id='word_1_563' title='bbox 2042 4889 2095 4935; x_wconf 84' lang='lat' dir='ltr'><strong>et</strong></span> <span class='ocrx_word' id='word_1_564' title='bbox 2142 4881 2210 4934; x_wconf 86' lang='lat' dir='ltr'><strong>ab</strong></span> 
     </span>
    </p>
   </div>
   <div class='ocr_carea' id='block_1_77' title="bbox 644 4966 2205 5042">
    <p class='ocr_par' dir='ltr' id='par_1_77' title="bbox 644 4966 2205 5042">
     <span class='ocr_line' id='line_1_77' title="bbox 644 4966 2205 5042; baseline 0.002 -21"><span class='ocrx_word' id='word_1_565' title='bbox 644 4966 899 5037; x_wconf 66' lang='lat' dir='ltr'><strong>Aleyptio</strong></span> <span class='ocrx_word' id='word_1_566' title='bbox 928 4978 1139 5039; x_wconf 86' lang='lat' dir='ltr'><strong>emptus</strong></span> <span class='ocrx_word' id='word_1_567' title='bbox 1166 4989 1179 5036; x_wconf 90' lang='lat'>;</span> <span class='ocrx_word' id='word_1_568' title='bbox 1214 4970 1305 5038; x_wconf 86' lang='lat' dir='ltr'><strong>qui</strong></span> <span class='ocrx_word' id='word_1_569' title='bbox 1336 4971 1636 5025; x_wconf 89' lang='lat' dir='ltr'><strong>libertatem</strong></span> <span class='ocrx_word' id='word_1_570' title='bbox 1677 4976 1922 5042; x_wconf 87' lang='lat' dir='ltr'><strong>corporis</strong></span> <span class='ocrx_word' id='word_1_571' title='bbox 1958 4974 2205 5034; x_wconf 88' lang='lat' dir='ltr'><strong>mutavit,</strong></span> 
     </span>
    </p>
   </div>
   <div class='ocr_carea' id='block_1_78' title="bbox 643 5060 2205 5129">
    <p class='ocr_par' dir='ltr' id='par_1_78' title="bbox 643 5060 2205 5129">
     <span class='ocr_line' id='line_1_78' title="bbox 643 5060 2205 5129; baseline 0.004 -19"><span class='ocrx_word' id='word_1_572' title='bbox 643 5060 941 5115; x_wconf 65' lang='lat' dir='ltr'><strong>iiilt‘t‘ialcm</strong></span> <span class='ocrx_word' id='word_1_573' title='bbox 974 5079 1102 5116; x_wconf 88' lang='lat' dir='ltr'><strong>vero</strong></span> <span class='ocrx_word' id='word_1_574' title='bbox 1153 5066 1345 5119; x_wconf 65' lang='lat' dir='ltr'><strong>animae</strong></span> <span class='ocrx_word' id='word_1_575' title='bbox 1398 5064 1782 5118; x_wconf 85' lang='lat' dir='ltr'><strong>immutabilem</strong></span> <span class='ocrx_word' id='word_1_576' title='bbox 1837 5065 2205 5129; x_wconf 87' lang='lat' dir='ltr'><strong>conservavit;</strong></span> 
     </span>
    </p>
   </div>
   <div class='ocr_carea' id='block_1_79' title="bbox 644 5152 2205 5225">
    <p class='ocr_par' dir='ltr' id='par_1_79' title="bbox 644 5152 2205 5225">
     <span class='ocr_line' id='line_1_79' title="bbox 644 5152 2205 5225; baseline 0.009 -28"><span class='ocrx_word' id='word_1_577' title='bbox 644 5168 737 5214; x_wconf 70' lang='lat' dir='ltr'><strong>qui</strong></span> <span class='ocrx_word' id='word_1_578' title='bbox 774 5152 915 5203; x_wconf 63' lang='grc' dir='ltr'><strong>πλιιὶῐ</strong></span> <span class='ocrx_word' id='word_1_579' title='bbox 942 5155 1181 5219; x_wconf 80' lang='lat' dir='ltr'><strong>pallium,</strong></span> <span class='ocrx_word' id='word_1_580' title='bbox 1210 5172 1275 5208; x_wconf 89' lang='lat' dir='ltr'><strong>ne</strong></span> <span class='ocrx_word' id='word_1_581' title='bbox 1324 5157 1583 5225; x_wconf 82' lang='lat' dir='ltr'><strong>pudicitia</strong></span> <span class='ocrx_word' id='word_1_582' title='bbox 1618 5168 1948 5224; x_wconf 74' lang='lat' dir='ltr'><strong>exueretur;</strong></span> <span class='ocrx_word' id='word_1_583' title='bbox 2005 5161 2090 5211; x_wconf 89' lang='lat' dir='ltr'><strong>cui</strong></span> <span class='ocrx_word' id='word_1_584' title='bbox 2125 5159 2205 5212; x_wconf 86' lang='lat' dir='ltr'><strong>vis</strong></span> 
     </span>
    </p>
   </div>
   <div class='ocr_carea' id='block_1_80' title="bbox 644 5241 2205 5309">
    <p class='ocr_par' dir='ltr' id='par_1_80' title="bbox 644 5241 2205 5309">
     <span class='ocr_line' id='line_1_80' title="bbox 644 5241 2205 5309; baseline 0.011 -23"><span class='ocrx_word' id='word_1_585' title='bbox 644 5241 856 5305; x_wconf 56' lang='lat' dir='ltr'><strong>quidem</strong></span> <span class='ocrx_word' id='word_1_586' title='bbox 890 5244 1104 5309; x_wconf 60' lang='lat' dir='ltr'><strong>pallium</strong></span> <span class='ocrx_word' id='word_1_587' title='bbox 1132 5244 1373 5305; x_wconf 79' lang='lat' dir='ltr'><strong>abstulit.</strong></span> <span class='ocrx_word' id='word_1_588' title='bbox 1424 5248 1725 5301; x_wconf 73' lang='lat' dir='ltr'><strong>necessitas</strong></span> <span class='ocrx_word' id='word_1_589' title='bbox 1767 5263 1891 5302; x_wconf 81' lang='lat' dir='ltr'><strong>vero</strong></span> <span class='ocrx_word' id='word_1_590' title='bbox 1948 5264 2051 5301; x_wconf 89' lang='lat' dir='ltr'><strong>uon</strong></span> <span class='ocrx_word' id='word_1_591' title='bbox 2096 5248 2205 5302; x_wconf 84' lang='lat' dir='ltr'><strong>cri-</strong></span> 
     </span>
    </p>
   </div>
   <div class='ocr_carea' id='block_1_81' title="bbox 645 5332 2206 5406">
    <p class='ocr_par' dir='ltr' id='par_1_81' title="bbox 645 5332 2206 5406">
     <span class='ocr_line' id='line_1_81' title="bbox 645 5332 2206 5406; baseline 0.01 -31"><span class='ocrx_word' id='word_1_592' title='bbox 645 5332 759 5395; x_wconf 59' lang='lat' dir='ltr'><strong>puit</strong></span> <span class='ocrx_word' id='word_1_593' title='bbox 792 5333 1125 5394; x_wconf 75' lang='lat' dir='ltr'><strong>castitatem;</strong></span> <span class='ocrx_word' id='word_1_594' title='bbox 1174 5337 1265 5402; x_wconf 86' lang='lat' dir='ltr'><strong>qui</strong></span> <span class='ocrx_word' id='word_1_595' title='bbox 1301 5337 1487 5388; x_wconf 80' lang='lat' dir='ltr'><strong>maluit</strong></span> <span class='ocrx_word' id='word_1_596' title='bbox 1518 5338 1699 5405; x_wconf 79' lang='lat' dir='ltr'><strong>amigi,</strong></span> <span class='ocrx_word' id='word_1_597' title='bbox 1752 5354 1912 5406; x_wconf 84' lang='lat' dir='ltr'><strong>quam</strong></span> <span class='ocrx_word' id='word_1_598' title='bbox 1965 5340 2018 5391; x_wconf 91' lang='lat' dir='ltr'><strong>in</strong></span> <span class='ocrx_word' id='word_1_599' title='bbox 2061 5355 2206 5391; x_wconf 88' lang='lat' dir='ltr'><strong>mor—</strong></span> 
     </span>
    </p>
   </div>
   <div class='ocr_carea' id='block_1_82' title="bbox 648 5422 2204 5493">
    <p class='ocr_par' dir='ltr' id='par_1_82' title="bbox 648 5422 2204 5493">
     <span class='ocr_line' id='line_1_82' title="bbox 648 5422 2204 5493; baseline 0.008 -23"><span class='ocrx_word' id='word_1_600' title='bbox 648 5422 770 5471; x_wconf 70' lang='lat' dir='ltr'><strong>lrum</strong></span> <span class='ocrx_word' id='word_1_601' title='bbox 816 5426 1103 5491; x_wconf 66' lang='lat' dir='ltr'><strong>voluptatis</strong></span> <span class='ocrx_word' id='word_1_602' title='bbox 1132 5428 1407 5491; x_wconf 76' lang='lat' dir='ltr'><strong>incidere;</strong></span> <span class='ocrx_word' id='word_1_603' title='bbox 1444 5430 1631 5479; x_wconf 86' lang='lat' dir='ltr'><strong>maluit</strong></span> <span class='ocrx_word' id='word_1_604' title='bbox 1678 5445 1797 5481; x_wconf 78' lang='lat' dir='ltr'><strong>esse</strong></span> <span class='ocrx_word' id='word_1_605' title='bbox 1844 5432 1895 5482; x_wconf 89' lang='lat' dir='ltr'><strong>in</strong></span> <span class='ocrx_word' id='word_1_606' title='bbox 1951 5431 2204 5493; x_wconf 74' lang='lat' dir='ltr'><strong>viticulis,</strong></span> 
     </span>
    </p>
   </div>
   <div class='ocr_carea' id='block_1_83' title="bbox 644 5518 2205 5589">
    <p class='ocr_par' dir='ltr' id='par_1_83' title="bbox 644 5518 2205 5589">
     <span class='ocr_line' id='line_1_83' title="bbox 644 5518 2205 5589; baseline 0.01 -31"><span class='ocrx_word' id='word_1_607' title='bbox 644 5528 805 5575; x_wconf 71' lang='lat' dir='ltr'><strong>quam</strong></span> <span class='ocrx_word' id='word_1_608' title='bbox 850 5518 967 5582; x_wconf 78' lang='lat' dir='ltr'><strong>capi</strong></span> <span class='ocrx_word' id='word_1_609' title='bbox 1023 5519 1325 5585; x_wconf 81' lang='lat' dir='ltr'><strong>voluptate;</strong></span> <span class='ocrx_word' id='word_1_610' title='bbox 1378 5521 1468 5587; x_wconf 84' lang='lat' dir='ltr'><strong>qui</strong></span> <span class='ocrx_word' id='word_1_611' title='bbox 1509 5521 1766 5573; x_wconf 79' lang='lat' dir='ltr'><strong>invidiam</strong></span> <span class='ocrx_word' id='word_1_612' title='bbox 1818 5522 1957 5589; x_wconf 80' lang='lat' dir='ltr'><strong>turpi</strong></span> <span class='ocrx_word' id='word_1_613' title='bbox 2006 5522 2205 5574; x_wconf 89' lang='lat' dir='ltr'><strong>actioni</strong></span> 
     </span>
    </p>
   </div>
   <div class='ocr_carea' id='block_1_84' title="bbox 640 5608 2174 5676">
    <p class='ocr_par' dir='ltr' id='par_1_84' title="bbox 640 5608 2174 5676">
     <span class='ocr_line' id='line_1_84' title="bbox 640 5608 2174 5676; baseline -0.001 -13"><span class='ocrx_word' id='word_1_614' title='bbox 640 5608 1079 5676; x_wconf 66' lang='lat' dir='ltr'><strong>W:cposiiit;qui</strong></span> <span class='ocrx_word' id='word_1_615' title='bbox 1115 5611 1435 5674; x_wconf 74' lang='lat' dir='ltr'><strong>existimari,</strong></span> <span class='ocrx_word' id='word_1_616' title='bbox 1473 5620 1526 5665; x_wconf 91' lang='lat' dir='ltr'><strong>et</strong></span> <span class='ocrx_word' id='word_1_617' title='bbox 1562 5626 1669 5665; x_wconf 87' lang='lat' dir='ltr'><strong>non</strong></span> <span class='ocrx_word' id='word_1_618' title='bbox 1700 5628 1819 5666; x_wconf 82' lang='lat' dir='ltr'><strong>csse</strong></span> <span class='ocrx_word' id='word_1_619' title='bbox 1848 5612 2013 5665; x_wconf 82' lang='lat' dir='ltr'><strong>voluit.</strong></span> <span class='ocrx_word' id='word_1_620' title='bbox 2056 5628 2174 5665; x_wconf 79' lang='lat' dir='ltr'><strong>:me</strong></span> 
     </span>
    </p>
   </div>
   <div class='ocr_carea' id='block_1_85' title="bbox 638 5692 2207 5773">
    <p class='ocr_par' dir='ltr' id='par_1_85' title="bbox 638 5692 2207 5773">
     <span class='ocr_line' id='line_1_85' title="bbox 638 5692 2207 5773; baseline 0.006 -28"><span class='ocrx_word' id='word_1_621' title='bbox 638 5692 745 5767; x_wconf 66' lang='lat' dir='ltr'><strong>lius</strong></span> <span class='ocrx_word' id='word_1_622' title='bbox 806 5697 947 5749; x_wconf 88' lang='lat' dir='ltr'><strong>cnim</strong></span> <span class='ocrx_word' id='word_1_623' title='bbox 1001 5698 1301 5766; x_wconf 63' lang='lat' dir='ltr'><strong>judicavit,</strong></span> <span class='ocrx_word' id='word_1_624' title='bbox 1337 5702 1523 5756; x_wconf 87' lang='lat' dir='ltr'><strong>haberi</strong></span> <span class='ocrx_word' id='word_1_625' title='bbox 1574 5704 1769 5772; x_wconf 89' lang='lat' dir='ltr'><strong>turpis,</strong></span> <span class='ocrx_word' id='word_1_626' title='bbox 1811 5718 1971 5773; x_wconf 83' lang='lat' dir='ltr'><strong>quam</strong></span> <span class='ocrx_word' id='word_1_627' title='bbox 2018 5719 2136 5759; x_wconf 70' lang='lat' dir='ltr'><strong>csse</strong></span> <span class='ocrx_word' id='word_1_628' title='bbox 2156 5710 2207 5757; x_wconf 68' lang='lat' dir='ltr'><strong>ct</strong></span> 
     </span>
    </p>
   </div>
   <div class='ocr_carea' id='block_1_86' title="bbox 2312 3143 3884 3218">
    <p class='ocr_par' dir='ltr' id='par_1_86' title="bbox 2312 3143 3884 3218">
     <span class='ocr_line' id='line_1_86' title="bbox 2312 3143 3884 3218; baseline -0.004 -16"><span class='ocrx_word' id='word_1_629' title='bbox 2312 3149 2430 3212; x_wconf 85' lang='grc' dir='ltr'><strong>πῶς</strong></span> <span class='ocrx_word' id='word_1_630' title='bbox 2458 3149 2519 3201; x_wconf 83' lang='grc' dir='ltr'><strong>ού</strong></span> <span class='ocrx_word' id='word_1_631' title='bbox 2542 3146 2839 3218; x_wconf 73' lang='grc' dir='ltr'><strong>θαυμάζειν</strong></span> <span class='ocrx_word' id='word_1_632' title='bbox 2865 3147 2944 3200; x_wconf 85' lang='grc' dir='ltr'>δεῖ</span> <span class='ocrx_word' id='word_1_633' title='bbox 2973 3146 3067 3200; x_wconf 69' lang='grc' dir='ltr'>καὶ</span> <span class='ocrx_word' id='word_1_634' title='bbox 3102 3144 3455 3215; x_wconf 78' lang='grc' dir='ltr'>ἀποδέχεσθαι</span> <span class='ocrx_word' id='word_1_635' title='bbox 3500 3143 3590 3196; x_wconf 74' lang='grc' dir='ltr'><strong>τὸν</strong></span> <span class='ocrx_word' id='word_1_636' title='bbox 3625 3143 3722 3196; x_wconf 76' lang='grc' dir='ltr'><strong>τοῦ</strong></span> <span class='ocrx_word' id='word_1_637' title='bbox 3750 3143 3884 3197; x_wconf 71' lang='grc' dir='ltr'>Θεοῦ</span> 
     </span>
    </p>
   </div>
   <div class='ocr_carea' id='block_1_87' title="bbox 2312 3233 3881 3311">
    <p class='ocr_par' dir='ltr' id='par_1_87' title="bbox 2312 3233 3881 3311">
     <span class='ocr_line' id='line_1_87' title="bbox 2312 3233 3881 3311; baseline -0.01 -14"><span class='ocrx_word' id='word_1_638' title='bbox 2312 3238 2806 3311; x_wconf 72' lang='grc' dir='ltr'>κόμονςτεττάρων</span> <span class='ocrx_word' id='word_1_639' title='bbox 2830 3239 2938 3308; x_wconf 81' lang='grc' dir='ltr'><strong>γὰρ</strong></span> <span class='ocrx_word' id='word_1_640' title='bbox 2961 3236 3134 3290; x_wconf 81' lang='grc' dir='ltr'>οὐσῶν</span> <span class='ocrx_word' id='word_1_641' title='bbox 3156 3234 3387 3306; x_wconf 78' lang='grc' dir='ltr'><strong>ἀρετῶν,</strong></span> <span class='ocrx_word' id='word_1_642' title='bbox 3417 3233 3760 3304; x_wconf 75' lang='grc' dir='ltr'>φρονήσεως,</span> <span class='ocrx_word' id='word_1_643' title='bbox 3785 3249 3881 3284; x_wconf 78' lang='grc' dir='ltr'><strong>αω-</strong></span> 
     </span>
    </p>
   </div>
   <div class='ocr_carea' id='block_1_88' title="bbox 2312 3320 3885 3406">
    <p class='ocr_par' dir='ltr' id='par_1_88' title="bbox 2312 3320 3885 3406">
     <span class='ocr_line' id='line_1_88' title="bbox 2312 3320 3885 3406; baseline -0.008 -22"><span class='ocrx_word' id='word_1_644' title='bbox 2312 3330 2601 3403; x_wconf 78' lang='grc' dir='ltr'>φροσύνης,</span> <span class='ocrx_word' id='word_1_645' title='bbox 2644 3326 2894 3396; x_wconf 78' lang='grc' dir='ltr'>ἀνδρείας</span> <span class='ocrx_word' id='word_1_646' title='bbox 2933 3326 3026 3377; x_wconf 76' lang='grc' dir='ltr'><strong>καὶ</strong></span> <span class='ocrx_word' id='word_1_647' title='bbox 3056 3322 3412 3406; x_wconf 81' lang='grc' dir='ltr'>δικαιοσύνης.</span> <span class='ocrx_word' id='word_1_648' title='bbox 3458 3321 3577 3375; x_wconf 80' lang='grc' dir='ltr'>δλαι</span> <span class='ocrx_word' id='word_1_649' title='bbox 3609 3320 3769 3391; x_wconf 66' lang='grc' dir='ltr'>παρὰ</span> <span class='ocrx_word' id='word_1_650' title='bbox 3808 3321 3885 3389; x_wconf 83' lang='grc' dir='ltr'>τῷ</span> 
     </span>
    </p>
   </div>
   <div class='ocr_carea' id='block_1_89' title="bbox 2310 3411 3879 3492">
    <p class='ocr_par' dir='ltr' id='par_1_89' title="bbox 2310 3411 3879 3492">
     <span class='ocr_line' id='line_1_89' title="bbox 2310 3411 3879 3492; baseline -0.006 -21"><span class='ocrx_word' id='word_1_651' title='bbox 2310 3423 2459 3492; x_wconf 83' lang='grc' dir='ltr'>νόμῳ</span> <span class='ocrx_word' id='word_1_652' title='bbox 2508 3419 2788 3489; x_wconf 78' lang='grc' dir='ltr'>φαίνονται</span> <span class='ocrx_word' id='word_1_653' title='bbox 2825 3419 2879 3469; x_wconf 87' lang='grc' dir='ltr'>αί</span> <span class='ocrx_word' id='word_1_654' title='bbox 2912 3416 3121 3487; x_wconf 87' lang='grc' dir='ltr'>ἀρεταί.</span> <span class='ocrx_word' id='word_1_655' title='bbox 3170 3415 3269 3467; x_wconf 82' lang='grc' dir='ltr'>Διά</span> <span class='ocrx_word' id='word_1_656' title='bbox 3296 3414 3450 3466; x_wconf 77' lang='grc' dir='ltr'>τοῦτο</span> <span class='ocrx_word' id='word_1_657' title='bbox 3487 3414 3517 3466; x_wconf 88' lang='lat'><strong>6</strong></span> <span class='ocrx_word' id='word_1_658' title='bbox 3556 3411 3879 3482; x_wconf 78' lang='grc' dir='ltr'>βουλόμενος</span> 
     </span>
    </p>
   </div>
   <div class='ocr_carea' id='block_1_90' title="bbox 2312 3496 3880 3579">
    <p class='ocr_par' dir='ltr' id='par_1_90' title="bbox 2312 3496 3880 3579">
     <span class='ocr_line' id='line_1_90' title="bbox 2312 3496 3880 3579; baseline -0.007 -16"><span class='ocrx_word' id='word_1_659' title='bbox 2312 3506 2447 3563; x_wconf 80' lang='grc' dir='ltr'>εἶναι</span> <span class='ocrx_word' id='word_1_660' title='bbox 2491 3507 2719 3579; x_wconf 78' lang='grc' dir='ltr'><strong>σώφρων</strong></span> <span class='ocrx_word' id='word_1_661' title='bbox 2758 3506 2869 3577; x_wconf 77' lang='grc' dir='ltr'>ἔχει</span> <span class='ocrx_word' id='word_1_662' title='bbox 2912 3505 2979 3557; x_wconf 68' lang='grc' dir='ltr'>τὰ</span> <span class='ocrx_word' id='word_1_663' title='bbox 3020 3503 3342 3574; x_wconf 75' lang='grc' dir='ltr'>μαθήματα·</span> <span class='ocrx_word' id='word_1_664' title='bbox 3380 3504 3408 3554; x_wconf 86' lang='grc' dir='ltr'><strong>ὀ</strong></span> <span class='ocrx_word' id='word_1_665' title='bbox 3459 3501 3710 3554; x_wconf 79' lang='grc' dir='ltr'><strong>σπεύδων</strong></span> <span class='ocrx_word' id='word_1_666' title='bbox 3747 3496 3880 3553; x_wconf 79' lang='grc' dir='ltr'>εἶναι</span> 
     </span>
    </p>
   </div>
   <div class='ocr_carea' id='block_1_91' title="bbox 2313 3590 3886 3674">
    <p class='ocr_par' dir='ltr' id='par_1_91' title="bbox 2313 3590 3886 3674">
     <span class='ocr_line' id='line_1_91' title="bbox 2313 3590 3886 3674; baseline -0.008 -20"><span class='ocrx_word' id='word_1_667' title='bbox 2313 3602 2593 3674; x_wconf 76' lang='grc' dir='ltr'>φρόνιμος,</span> <span class='ocrx_word' id='word_1_668' title='bbox 2619 3599 2714 3663; x_wconf 75' lang='grc' dir='ltr'><strong>τὰς</strong></span> <span class='ocrx_word' id='word_1_669' title='bbox 2739 3595 2990 3667; x_wconf 68' lang='grc' dir='ltr'>ἀφορμὰς</span> <span class='ocrx_word' id='word_1_670' title='bbox 3008 3593 3101 3647; x_wconf 73' lang='grc' dir='ltr'>τοῦ</span> <span class='ocrx_word' id='word_1_671' title='bbox 3133 3594 3293 3662; x_wconf 82' lang='grc' dir='ltr'>νόμου</span> <span class='ocrx_word' id='word_1_672' title='bbox 3326 3590 3527 3653; x_wconf 77' lang='grc' dir='ltr'>λαϐὼν,</span> <span class='ocrx_word' id='word_1_673' title='bbox 3567 3590 3886 3660; x_wconf 73' lang='grc' dir='ltr'>ἀριστεύσει</span> 
     </span>
    </p>
   </div>
   <div class='ocr_carea' id='block_1_92' title="bbox 2311 3677 3876 3763">
    <p class='ocr_par' dir='ltr' id='par_1_92' title="bbox 2311 3677 3876 3763">
     <span class='ocr_line' id='line_1_92' title="bbox 2311 3677 3876 3763; baseline -0.011 -17"><span class='ocrx_word' id='word_1_674' title='bbox 2311 3696 2368 3747; x_wconf 88' lang='grc' dir='ltr'><strong>ἐν</strong></span> <span class='ocrx_word' id='word_1_675' title='bbox 2400 3693 2478 3763; x_wconf 78' lang='grc' dir='ltr'>τῷ</span> <span class='ocrx_word' id='word_1_676' title='bbox 2502 3690 2783 3763; x_wconf 77' lang='grc' dir='ltr'><strong>πράγματι</strong></span> <span class='ocrx_word' id='word_1_677' title='bbox 2804 3705 2815 3716; x_wconf 87' lang='grc'><strong>·</strong></span> <span class='ocrx_word' id='word_1_678' title='bbox 2848 3690 2875 3740; x_wconf 89' lang='lat'><strong>6</strong></span> <span class='ocrx_word' id='word_1_679' title='bbox 2916 3686 3231 3756; x_wconf 81' lang='grc' dir='ltr'>βουλόμενος</span> <span class='ocrx_word' id='word_1_680' title='bbox 3263 3677 3399 3734; x_wconf 72' lang='grc' dir='ltr'>εἶναι</span> <span class='ocrx_word' id='word_1_681' title='bbox 3452 3680 3704 3750; x_wconf 84' lang='grc' dir='ltr'>ἀνδρεῖος</span> <span class='ocrx_word' id='word_1_682' title='bbox 3732 3680 3876 3731; x_wconf 76' lang='grc' dir='ltr'>ἀλει-</span> 
     </span>
    </p>
   </div>
   <div class='ocr_carea' id='block_1_93' title="bbox 2311 3771 3879 3854">
    <p class='ocr_par' dir='ltr' id='par_1_93' title="bbox 2311 3771 3879 3854">
     <span class='ocr_line' id='line_1_93' title="bbox 2311 3771 3879 3854; baseline -0.011 -15"><span class='ocrx_word' id='word_1_683' title='bbox 2311 3786 2492 3854; x_wconf 73' lang='grc' dir='ltr'>φὲσθω</span> <span class='ocrx_word' id='word_1_684' title='bbox 2521 3786 2639 3846; x_wconf 86' lang='grc' dir='ltr'>ταῖς</span> <span class='ocrx_word' id='word_1_685' title='bbox 2684 3776 3089 3852; x_wconf 82' lang='grc' dir='ltr'><strong>παραγγελίαις·</strong></span> <span class='ocrx_word' id='word_1_686' title='bbox 3131 3779 3159 3829; x_wconf 83' lang='grc' dir='ltr'>ὁ</span> <span class='ocrx_word' id='word_1_687' title='bbox 3192 3773 3497 3837; x_wconf 75' lang='grc' dir='ltr'>σπουδάζων</span> <span class='ocrx_word' id='word_1_688' title='bbox 3535 3771 3879 3839; x_wconf 73' lang='grc' dir='ltr'>δικαιοσύνης</span> 
     </span>
    </p>
   </div>
   <div class='ocr_carea' id='block_1_94' title="bbox 2311 3862 3879 3946">
    <p class='ocr_par' dir='ltr' id='par_1_94' title="bbox 2311 3862 3879 3946">
     <span class='ocr_line' id='line_1_94' title="bbox 2311 3862 3879 3946; baseline -0.011 -14"><span class='ocrx_word' id='word_1_689' title='bbox 2311 3878 2548 3946; x_wconf 69' lang='grc' dir='ltr'>ἅψασθαι</span> <span class='ocrx_word' id='word_1_690' title='bbox 2571 3876 2631 3928; x_wconf 74' lang='grc' dir='ltr'>τὸ</span> <span class='ocrx_word' id='word_1_691' title='bbox 2667 3873 2926 3942; x_wconf 84' lang='grc' dir='ltr'>σταθμίον</span> <span class='ocrx_word' id='word_1_692' title='bbox 2946 3871 3044 3941; x_wconf 82' lang='grc' dir='ltr'>τῆς</span> <span class='ocrx_word' id='word_1_693' title='bbox 3071 3867 3412 3937; x_wconf 75' lang='grc' dir='ltr'>δικαιοσύνης</span> <span class='ocrx_word' id='word_1_694' title='bbox 3452 3866 3758 3937; x_wconf 80' lang='grc' dir='ltr'>κρατείτω,</span> <span class='ocrx_word' id='word_1_695' title='bbox 3788 3862 3879 3917; x_wconf 72' lang='grc' dir='ltr'>καὶ</span> 
     </span>
    </p>
   </div>
   <div class='ocr_carea' id='block_1_95' title="bbox 2310 3956 3875 4035">
    <p class='ocr_par' dir='ltr' id='par_1_95' title="bbox 2310 3956 3875 4035">
     <span class='ocr_line' id='line_1_95' title="bbox 2310 3956 3875 4035; baseline -0.01 -14"><span class='ocrx_word' id='word_1_696' title='bbox 2310 3969 2460 4021; x_wconf 75' lang='grc' dir='ltr'>οὐδὲν</span> <span class='ocrx_word' id='word_1_697' title='bbox 2485 3968 2665 4021; x_wconf 82' lang='grc' dir='ltr'>άνισον</span> <span class='ocrx_word' id='word_1_698' title='bbox 2688 3963 2905 4035; x_wconf 78' lang='grc' dir='ltr'>πράξει,</span> <span class='ocrx_word' id='word_1_699' title='bbox 2948 3960 3173 4030; x_wconf 82' lang='grc' dir='ltr'>σταθμῷ</span> <span class='ocrx_word' id='word_1_700' title='bbox 3218 3956 3561 4027; x_wconf 81' lang='grc' dir='ltr'>δικαιοσύνης</span> <span class='ocrx_word' id='word_1_701' title='bbox 3594 3956 3669 4008; x_wconf 75' lang='grc' dir='ltr'>τὰ</span> <span class='ocrx_word' id='word_1_702' title='bbox 3708 3957 3875 4008; x_wconf 77' lang='grc' dir='ltr'>πάντα</span> 
     </span>
    </p>
   </div>
   <div class='ocr_carea' id='block_1_96' title="bbox 2310 4046 3872 4130">
    <p class='ocr_par' dir='ltr' id='par_1_96' title="bbox 2310 4046 3872 4130">
     <span class='ocr_line' id='line_1_96' title="bbox 2310 4046 3872 4130; baseline -0.01 -18"><span class='ocrx_word' id='word_1_703' title='bbox 2310 4060 2561 4130; x_wconf 78' lang='grc' dir='ltr'>πράττων</span> <span class='ocrx_word' id='word_1_704' title='bbox 2580 4075 2593 4088; x_wconf 71' lang='grc'><strong><em>⁸</em></strong></span> <span class='ocrx_word' id='word_1_705' title='bbox 2623 4057 2714 4110; x_wconf 76' lang='grc' dir='ltr'>καὶ</span> <span class='ocrx_word' id='word_1_706' title='bbox 2740 4055 3052 4126; x_wconf 78' lang='grc' dir='ltr'>φρονήσεως</span> <span class='ocrx_word' id='word_1_707' title='bbox 3082 4051 3179 4122; x_wconf 81' lang='grc' dir='ltr'>μὲν</span> <span class='ocrx_word' id='word_1_708' title='bbox 3213 4050 3271 4101; x_wconf 89' lang='grc' dir='ltr'><strong>ἐν</strong></span> <span class='ocrx_word' id='word_1_709' title='bbox 3296 4046 3505 4117; x_wconf 80' lang='grc' dir='ltr'>μεθέξει</span> <span class='ocrx_word' id='word_1_710' title='bbox 3538 4046 3872 4116; x_wconf 82' lang='grc' dir='ltr'>γιγνόμενος,</span> 
     </span>
    </p>
   </div>
   <div class='ocr_carea' id='block_1_97' title="bbox 2309 4139 3873 4218">
    <p class='ocr_par' dir='ltr' id='par_1_97' title="bbox 2309 4139 3873 4218">
     <span class='ocr_line' id='line_1_97' title="bbox 2309 4139 3873 4218; baseline -0.009 -15"><span class='ocrx_word' id='word_1_711' title='bbox 2309 4151 2514 4218; x_wconf 74' lang='grc' dir='ltr'>λεγέτω</span> <span class='ocrx_word' id='word_1_712' title='bbox 2538 4167 2549 4178; x_wconf 88' lang='grc'>·</span> <span class='ocrx_word' id='word_1_713' title='bbox 2592 4150 2646 4202; x_wconf 91' lang='lat'><strong>&#39;0</strong></span> <span class='ocrx_word' id='word_1_714' title='bbox 2678 4148 2808 4210; x_wconf 83' lang='grc' dir='ltr'>Θεὸς</span> <span class='ocrx_word' id='word_1_715' title='bbox 2852 4143 3058 4208; x_wconf 78' lang='grc' dir='ltr'>ἐδίδαξέ</span> <span class='ocrx_word' id='word_1_716' title='bbox 3094 4160 3162 4212; x_wconf 83' lang='grc' dir='ltr'><strong>με</strong></span> <span class='ocrx_word' id='word_1_717' title='bbox 3200 4143 3389 4208; x_wconf 66' lang='grc' dir='ltr'>σοιρίαν</span> <span class='ocrx_word' id='word_1_718' title='bbox 3414 4180 3429 4202; x_wconf 94' lang='grc'>,</span> <span class='ocrx_word' id='word_1_719' title='bbox 3480 4141 3577 4192; x_wconf 64' lang='lat' dir='ltr'><strong>xui.</strong></span> <span class='ocrx_word' id='word_1_720' title='bbox 3620 4139 3873 4211; x_wconf 73' lang='grc' dir='ltr'>φρόνησις</span> 
     </span>
    </p>
   </div>
   <div class='ocr_carea' id='block_1_98' title="bbox 2310 4231 3871 4313">
    <p class='ocr_par' dir='ltr' id='par_1_98' title="bbox 2310 4231 3871 4313">
     <span class='ocr_line' id='line_1_98' title="bbox 2310 4231 3871 4313; baseline -0.01 -18"><span class='ocrx_word' id='word_1_721' title='bbox 2310 4240 2608 4313; x_wconf 79' lang='grc' dir='ltr'>ἀνθρώπων</span> <span class='ocrx_word' id='word_1_722' title='bbox 2653 4240 2753 4292; x_wconf 79' lang='grc' dir='ltr'>οὐκ</span> <span class='ocrx_word' id='word_1_723' title='bbox 2791 4238 2935 4291; x_wconf 76' lang='grc' dir='ltr'>ἐστιν</span> <span class='ocrx_word' id='word_1_724' title='bbox 2956 4238 3014 4288; x_wconf 88' lang='grc' dir='ltr'><strong>ἐν</strong></span> <span class='ocrx_word' id='word_1_725' title='bbox 3050 4234 3189 4305; x_wconf 75' lang='grc' dir='ltr'>ἐμοί’</span> <span class='ocrx_word' id='word_1_726' title='bbox 3233 4233 3338 4293; x_wconf 85' lang='grc' dir='ltr'>ἴνα,</span> <span class='ocrx_word' id='word_1_727' title='bbox 3366 4232 3464 4303; x_wconf 84' lang='grc' dir='ltr'>τὴν</span> <span class='ocrx_word' id='word_1_728' title='bbox 3492 4231 3871 4301; x_wconf 71' lang='grc' dir='ltr'>πεπλασμένην</span> 
     </span>
    </p>
   </div>
   <div class='ocr_carea' id='block_1_99' title="bbox 2311 4320 3872 4398">
    <p class='ocr_par' dir='ltr' id='par_1_99' title="bbox 2311 4320 3872 4398">
     <span class='ocr_line' id='line_1_99' title="bbox 2311 4320 3872 4398; baseline -0.008 -16"><span class='ocrx_word' id='word_1_729' title='bbox 2311 4330 2511 4398; x_wconf 84' lang='grc' dir='ltr'>ταύτην</span> <span class='ocrx_word' id='word_1_730' title='bbox 2563 4329 2657 4380; x_wconf 73' lang='grc' dir='ltr'>καὶ</span> <span class='ocrx_word' id='word_1_731' title='bbox 2708 4323 3126 4395; x_wconf 76' lang='grc' dir='ltr'>πεπλανημένην</span> <span class='ocrx_word' id='word_1_732' title='bbox 3163 4321 3460 4391; x_wconf 73' lang='grc' dir='ltr'>ἐξωθήσας,</span> <span class='ocrx_word' id='word_1_733' title='bbox 3503 4320 3604 4391; x_wconf 73' lang='grc' dir='ltr'><strong>τὴν</strong></span> <span class='ocrx_word' id='word_1_734' title='bbox 3652 4321 3872 4390; x_wconf 79' lang='grc' dir='ltr'>ἀρίπην</span> 
     </span>
    </p>
   </div>
   <div class='ocr_carea' id='block_1_100' title="bbox 2239 4420 2943 4489">
    <p class='ocr_par' dir='ltr' id='par_1_100' title="bbox 2239 4420 2943 4489">
     <span class='ocr_line' id='line_1_100' title="bbox 2239 4420 2943 4489; baseline -0.006 -15"><span class='ocrx_word' id='word_1_735' title='bbox 2239 4429 2281 4482; x_wconf 83' lang='grc' dir='ltr'><strong>Ι)</strong></span> <span class='ocrx_word' id='word_1_736' title='bbox 2312 4422 2404 4474; x_wconf 80' lang='grc' dir='ltr'><strong>καὶ</strong></span> <span class='ocrx_word' id='word_1_737' title='bbox 2436 4420 2583 4474; x_wconf 81' lang='grc' dir='ltr'>θείαν</span> <span class='ocrx_word' id='word_1_738' title='bbox 2613 4422 2943 4489; x_wconf 77' lang='grc' dir='ltr'><strong>ἀσπάσηται.</strong></span> 
     </span>
    </p>
   </div>
   <div class='ocr_carea' id='block_1_101' title="bbox 2380 4505 3871 4587">
    <p class='ocr_par' dir='ltr' id='par_1_101' title="bbox 2380 4505 3871 4587">
     <span class='ocr_line' id='line_1_101' title="bbox 2380 4505 3871 4587; baseline -0.008 -17"><span class='ocrx_word' id='word_1_739' title='bbox 2380 4515 2735 4587; x_wconf 67' lang='grc' dir='ltr'>Σωφροσύνης</span> <span class='ocrx_word' id='word_1_740' title='bbox 2762 4515 2820 4567; x_wconf 85' lang='grc' dir='ltr'>δὲ</span> <span class='ocrx_word' id='word_1_741' title='bbox 2859 4511 3224 4581; x_wconf 80' lang='grc' dir='ltr'>ὑποδείγματα</span> <span class='ocrx_word' id='word_1_742' title='bbox 3253 4508 3419 4580; x_wconf 80' lang='grc' dir='ltr'>μυρία</span> <span class='ocrx_word' id='word_1_743' title='bbox 3450 4507 3677 4578; x_wconf 74' lang='grc' dir='ltr'>εὑρήσει</span> <span class='ocrx_word' id='word_1_744' title='bbox 3704 4505 3871 4576; x_wconf 73' lang='grc' dir='ltr'>ζητῶν</span> 
     </span>
    </p>
   </div>
   <div class='ocr_carea' id='block_1_102' title="bbox 2311 4596 3869 4676">
    <p class='ocr_par' dir='ltr' id='par_1_102' title="bbox 2311 4596 3869 4676">
     <span class='ocr_line' id='line_1_102' title="bbox 2311 4596 3869 4676; baseline -0.01 -13"><span class='ocrx_word' id='word_1_745' title='bbox 2311 4611 2339 4662; x_wconf 90' lang='lat'><strong>6</strong></span> <span class='ocrx_word' id='word_1_746' title='bbox 2376 4608 2783 4676; x_wconf 81' lang='grc' dir='ltr'>ἀναγινώσκων,</span> <span class='ocrx_word' id='word_1_747' title='bbox 2811 4605 2877 4658; x_wconf 68' lang='grc' dir='ltr'>τὰ</span> <span class='ocrx_word' id='word_1_748' title='bbox 2890 4604 3258 4673; x_wconf 79' lang='grc' dir='ltr'>ὑποδείγματα</span> <span class='ocrx_word' id='word_1_749' title='bbox 3274 4599 3545 4660; x_wconf 76' lang='grc' dir='ltr'>ἐκτυπῶν,</span> <span class='ocrx_word' id='word_1_750' title='bbox 3570 4598 3665 4651; x_wconf 71' lang='grc' dir='ltr'>καὶ</span> <span class='ocrx_word' id='word_1_751' title='bbox 3695 4596 3869 4665; x_wconf 72' lang='grc' dir='ltr'>ἄλειμ-</span> 
     </span>
    </p>
   </div>
   <div class='ocr_carea' id='block_1_103' title="bbox 2313 4691 3868 4773">
    <p class='ocr_par' dir='ltr' id='par_1_103' title="bbox 2313 4691 3868 4773">
     <span class='ocr_line' id='line_1_103' title="bbox 2313 4691 3868 4773; baseline -0.01 -17"><span class='ocrx_word' id='word_1_752' title='bbox 2313 4721 2388 4773; x_wconf 89' lang='grc' dir='ltr'><strong>μα</strong></span> <span class='ocrx_word' id='word_1_753' title='bbox 2432 4700 2781 4773; x_wconf 80' lang='grc' dir='ltr'>σωφροσύνης</span> <span class='ocrx_word' id='word_1_754' title='bbox 2823 4712 2888 4750; x_wconf 82' lang='grc' dir='ltr'>τα</span> <span class='ocrx_word' id='word_1_755' title='bbox 2938 4696 3143 4748; x_wconf 85' lang='grc' dir='ltr'>παλαιά</span> <span class='ocrx_word' id='word_1_756' title='bbox 3182 4693 3553 4762; x_wconf 78' lang='grc' dir='ltr'>ὑποδείγματα</span> <span class='ocrx_word' id='word_1_757' title='bbox 3591 4691 3868 4761; x_wconf 78' lang='grc' dir='ltr'>δεχόμενος</span> 
     </span>
    </p>
   </div>
   <div class='ocr_carea' id='block_1_104' title="bbox 2308 4782 3865 4857">
    <p class='ocr_par' dir='ltr' id='par_1_104' title="bbox 2308 4782 3865 4857">
     <span class='ocr_line' id='line_1_104' title="bbox 2308 4782 3865 4857; baseline -0.008 -10"><span class='ocrx_word' id='word_1_758' title='bbox 2308 4795 2401 4847; x_wconf 78' lang='grc' dir='ltr'><strong>τὸν</strong></span> <span class='ocrx_word' id='word_1_759' title='bbox 2439 4793 2650 4845; x_wconf 86' lang='grc' dir='ltr'>νεανίαν</span> <span class='ocrx_word' id='word_1_760' title='bbox 2683 4794 2884 4844; x_wconf 82' lang='grc' dir='ltr'>ἐκεῖνον</span> <span class='ocrx_word' id='word_1_761' title='bbox 2929 4788 3017 4840; x_wconf 70' lang='grc' dir='ltr'>τὸν</span> <span class='ocrx_word' id='word_1_762' title='bbox 3038 4789 3286 4857; x_wconf 75' lang='grc' dir='ltr'>ἀκμαῖον,</span> <span class='ocrx_word' id='word_1_763' title='bbox 3316 4786 3407 4838; x_wconf 87' lang='grc' dir='ltr'>τὸν</span> <span class='ocrx_word' id='word_1_764' title='bbox 3444 4784 3553 4837; x_wconf 82' lang='grc' dir='ltr'>ἀπὸ</span> <span class='ocrx_word' id='word_1_765' title='bbox 3574 4784 3686 4837; x_wconf 77' lang='grc' dir='ltr'><strong>τῶν</strong></span> <span class='ocrx_word' id='word_1_766' title='bbox 3725 4782 3865 4837; x_wconf 60' lang='lat' dir='ltr'><strong>sset-</strong></span> 
     </span>
    </p>
   </div>
   <div class='ocr_carea' id='block_1_105' title="bbox 2312 4875 3858 4953">
    <p class='ocr_par' dir='ltr' id='par_1_105' title="bbox 2312 4875 3858 4953">
     <span class='ocr_line' id='line_1_105' title="bbox 2312 4875 3858 4953; baseline -0.006 -17"><span class='ocrx_word' id='word_1_767' title='bbox 2312 4884 2425 4953; x_wconf 74' lang='grc' dir='ltr'>φῶν</span> <span class='ocrx_word' id='word_1_768' title='bbox 2471 4883 2769 4953; x_wconf 82' lang='grc' dir='ltr'>δεδομένον,</span> <span class='ocrx_word' id='word_1_769' title='bbox 2818 4881 2910 4933; x_wconf 72' lang='grc' dir='ltr'>καὶ</span> <span class='ocrx_word' id='word_1_770' title='bbox 2939 4880 3045 4932; x_wconf 66' lang='grc' dir='ltr'>ἀπὸ</span> <span class='ocrx_word' id='word_1_771' title='bbox 3070 4878 3161 4931; x_wconf 72' lang='grc' dir='ltr'>τοῦ</span> <span class='ocrx_word' id='word_1_772' title='bbox 3206 4877 3501 4946; x_wconf 78' lang='grc' dir='ltr'>Αἰγυπτίου</span> <span class='ocrx_word' id='word_1_773' title='bbox 3546 4875 3858 4946; x_wconf 81' lang='grc' dir='ltr'>ἐωνημένον,</span> 
     </span>
    </p>
   </div>
   <div class='ocr_carea' id='block_1_106' title="bbox 2308 4965 3893 5044">
    <p class='ocr_par' dir='ltr' id='par_1_106' title="bbox 2308 4965 3893 5044">
     <span class='ocr_line' id='line_1_106' title="bbox 2308 4965 3893 5044; baseline -0.008 -18"><span class='ocrx_word' id='word_1_774' title='bbox 2308 4975 2398 5027; x_wconf 75' lang='grc' dir='ltr'>τὸν</span> <span class='ocrx_word' id='word_1_775' title='bbox 2426 4976 2522 5043; x_wconf 77' lang='grc' dir='ltr'>τὴν</span> <span class='ocrx_word' id='word_1_776' title='bbox 2562 4972 2871 5044; x_wconf 79' lang='grc' dir='ltr'>ἐλευθερίαν</span> <span class='ocrx_word' id='word_1_777' title='bbox 2904 4971 3001 5040; x_wconf 77' lang='grc' dir='ltr'><strong>τῆς</strong></span> <span class='ocrx_word' id='word_1_778' title='bbox 3036 4970 3209 5039; x_wconf 74' lang='grc' dir='ltr'>ψυχῆς</span> <span class='ocrx_word' id='word_1_779' title='bbox 3236 4968 3519 5037; x_wconf 75' lang='grc' dir='ltr'>διετήρησε</span> <span class='ocrx_word' id='word_1_780' title='bbox 3553 4965 3893 5033; x_wconf 64' lang='grc' dir='ltr'>διατετηρηο,</span> 
     </span>
    </p>
   </div>
   <div class='ocr_carea' id='block_1_107' title="bbox 2312 5053 3859 5131">
    <p class='ocr_par' dir='ltr' id='par_1_107' title="bbox 2312 5053 3859 5131">
     <span class='ocr_line' id='line_1_107' title="bbox 2312 5053 3859 5131; baseline -0.009 -12"><span class='ocrx_word' id='word_1_781' title='bbox 2312 5066 2468 5118; x_wconf 85' lang='grc' dir='ltr'>κότα·</span> <span class='ocrx_word' id='word_1_782' title='bbox 2499 5066 2588 5117; x_wconf 77' lang='grc' dir='ltr'><strong>τὸν</strong></span> <span class='ocrx_word' id='word_1_783' title='bbox 2618 5062 3019 5131; x_wconf 78' lang='grc' dir='ltr'>ἀποδυσάμενον</span> <span class='ocrx_word' id='word_1_784' title='bbox 3046 5059 3110 5112; x_wconf 81' lang='grc' dir='ltr'><strong>τά</strong></span> <span class='ocrx_word' id='word_1_785' title='bbox 3151 5058 3337 5129; x_wconf 74' lang='grc' dir='ltr'>ἱμάτια</span> <span class='ocrx_word' id='word_1_786' title='bbox 3356 5097 3371 5118; x_wconf 93' lang='grc'>,</span> <span class='ocrx_word' id='word_1_787' title='bbox 3401 5057 3484 5107; x_wconf 82' lang='grc' dir='ltr'><strong>ἵνα</strong></span> <span class='ocrx_word' id='word_1_788' title='bbox 3522 5056 3597 5123; x_wconf 79' lang='grc' dir='ltr'>μὴ</span> <span class='ocrx_word' id='word_1_789' title='bbox 3621 5053 3723 5122; x_wconf 69' lang='grc' dir='ltr'><strong>τὴν</strong></span> <span class='ocrx_word' id='word_1_790' title='bbox 3766 5069 3859 5105; x_wconf 73' lang='lat' dir='ltr'><strong>aw-</strong></span> 
     </span>
    </p>
   </div>
   <div class='ocr_carea' id='block_1_108' title="bbox 2311 5145 3859 5225">
    <p class='ocr_par' dir='ltr' id='par_1_108' title="bbox 2311 5145 3859 5225">
     <span class='ocr_line' id='line_1_108' title="bbox 2311 5145 3859 5225; baseline -0.01 -16"><span class='ocrx_word' id='word_1_791' title='bbox 2311 5155 2578 5225; x_wconf 74' lang='grc' dir='ltr'>φροσύνην</span> <span class='ocrx_word' id='word_1_792' title='bbox 2604 5154 2964 5223; x_wconf 75' lang='grc' dir='ltr'>ἀποδύεηται·</span> <span class='ocrx_word' id='word_1_793' title='bbox 2995 5151 3084 5202; x_wconf 72' lang='grc' dir='ltr'><strong>τὸν</strong></span> <span class='ocrx_word' id='word_1_794' title='bbox 3113 5150 3202 5220; x_wconf 75' lang='grc' dir='ltr'><strong>βία</strong></span> <span class='ocrx_word' id='word_1_795' title='bbox 3241 5149 3339 5218; x_wconf 81' lang='grc' dir='ltr'>μὲν</span> <span class='ocrx_word' id='word_1_796' title='bbox 3381 5148 3449 5199; x_wconf 80' lang='grc' dir='ltr'><strong>τά</strong></span> <span class='ocrx_word' id='word_1_797' title='bbox 3490 5146 3681 5215; x_wconf 78' lang='grc' dir='ltr'>ἱμάτια</span> <span class='ocrx_word' id='word_1_798' title='bbox 3714 5145 3859 5211; x_wconf 65' lang='grc' dir='ltr'>ἀφαι-</span> 
     </span>
    </p>
   </div>
   <div class='ocr_carea' id='block_1_109' title="bbox 2312 5234 3859 5317">
    <p class='ocr_par' dir='ltr' id='par_1_109' title="bbox 2312 5234 3859 5317">
     <span class='ocr_line' id='line_1_109' title="bbox 2312 5234 3859 5317; baseline -0.009 -18"><span class='ocrx_word' id='word_1_799' title='bbox 2312 5248 2554 5317; x_wconf 83' lang='grc' dir='ltr'>ρεθέντα,</span> <span class='ocrx_word' id='word_1_800' title='bbox 2581 5248 2636 5309; x_wconf 78' lang='grc' dir='ltr'>ἐξ</span> <span class='ocrx_word' id='word_1_801' title='bbox 2668 5246 2908 5313; x_wconf 77' lang='grc' dir='ltr'>ἀνάγκης</span> <span class='ocrx_word' id='word_1_802' title='bbox 2930 5242 2985 5296; x_wconf 85' lang='grc' dir='ltr'><strong>δέ</strong></span> <span class='ocrx_word' id='word_1_803' title='bbox 3020 5241 3367 5313; x_wconf 67' lang='grc' dir='ltr'>σωφροςύνης</span> <span class='ocrx_word' id='word_1_804' title='bbox 3395 5239 3470 5308; x_wconf 74' lang='grc' dir='ltr'>μὴ</span> <span class='ocrx_word' id='word_1_805' title='bbox 3497 5234 3859 5289; x_wconf 67' lang='grc' dir='ltr'>ἀποσπασθέν-</span> 
     </span>
    </p>
   </div>
   <div class='ocr_carea' id='block_1_110' title="bbox 2309 5326 3853 5403">
    <p class='ocr_par' dir='ltr' id='par_1_110' title="bbox 2309 5326 3853 5403">
     <span class='ocr_line' id='line_1_110' title="bbox 2309 5326 3853 5403; baseline -0.008 -12"><span class='ocrx_word' id='word_1_806' title='bbox 2309 5358 2375 5392; x_wconf 86' lang='grc' dir='ltr'>τα</span> <span class='ocrx_word' id='word_1_807' title='bbox 2394 5356 2406 5369; x_wconf 84' lang='grc'><strong><em>⁸</em></strong></span> <span class='ocrx_word' id='word_1_808' title='bbox 2442 5340 2531 5391; x_wconf 75' lang='grc' dir='ltr'><strong>τὸν</strong></span> <span class='ocrx_word' id='word_1_809' title='bbox 2566 5338 2755 5391; x_wconf 85' lang='grc' dir='ltr'>παθεῖν</span> <span class='ocrx_word' id='word_1_810' title='bbox 2783 5334 3053 5403; x_wconf 79' lang='grc' dir='ltr'>ἐλόμενον,</span> <span class='ocrx_word' id='word_1_811' title='bbox 3084 5334 3169 5385; x_wconf 84' lang='grc' dir='ltr'>ἵνα</span> <span class='ocrx_word' id='word_1_812' title='bbox 3205 5331 3280 5401; x_wconf 82' lang='grc' dir='ltr'>μὴ</span> <span class='ocrx_word' id='word_1_813' title='bbox 3306 5329 3383 5401; x_wconf 77' lang='grc' dir='ltr'><strong>τῷ</strong></span> <span class='ocrx_word' id='word_1_814' title='bbox 3421 5327 3582 5381; x_wconf 78' lang='grc' dir='ltr'>πάθει</span> <span class='ocrx_word' id='word_1_815' title='bbox 3614 5327 3714 5395; x_wconf 77' lang='grc' dir='ltr'><strong>τῆς</strong></span> <span class='ocrx_word' id='word_1_816' title='bbox 3744 5326 3853 5396; x_wconf 75' lang='grc' dir='ltr'>ἠδο-</span> 
     </span>
    </p>
   </div>
   <div class='ocr_carea' id='block_1_111' title="bbox 2310 5415 3853 5497">
    <p class='ocr_par' dir='ltr' id='par_1_111' title="bbox 2310 5415 3853 5497">
     <span class='ocr_line' id='line_1_111' title="bbox 2310 5415 3853 5497; baseline -0.017 -14"><span class='ocrx_word' id='word_1_817' title='bbox 2310 5431 2405 5497; x_wconf 73' lang='grc' dir='ltr'>νῆς</span> <span class='ocrx_word' id='word_1_818' title='bbox 2442 5428 2579 5497; x_wconf 77' lang='grc' dir='ltr'>πέσῃ</span> <span class='ocrx_word' id='word_1_819' title='bbox 2599 5445 2611 5457; x_wconf 75' lang='grc'><em>’</em></span> <span class='ocrx_word' id='word_1_820' title='bbox 2645 5427 2735 5478; x_wconf 82' lang='grc' dir='ltr'><strong>τὸν</strong></span> <span class='ocrx_word' id='word_1_821' title='bbox 2764 5426 2882 5477; x_wconf 75' lang='grc' dir='ltr'>ἀντὶ</span> <span class='ocrx_word' id='word_1_822' title='bbox 2904 5422 3106 5485; x_wconf 70' lang='grc' dir='ltr'>πάθους</span> <span class='ocrx_word' id='word_1_823' title='bbox 3137 5422 3232 5491; x_wconf 81' lang='grc' dir='ltr'>τῆς</span> <span class='ocrx_word' id='word_1_824' title='bbox 3266 5420 3458 5491; x_wconf 70' lang='grc' dir='ltr'>ἡδονῆς</span> <span class='ocrx_word' id='word_1_825' title='bbox 3500 5420 3557 5471; x_wconf 77' lang='grc' dir='ltr'><strong>ἐν</strong></span> <span class='ocrx_word' id='word_1_826' title='bbox 3586 5418 3733 5481; x_wconf 62' lang='grc' dir='ltr'>τάξει</span> <span class='ocrx_word' id='word_1_827' title='bbox 3760 5415 3853 5466; x_wconf 56' lang='grc' dir='ltr'>τῶν</span> 
     </span>
    </p>
   </div>
   <div class='ocr_carea' id='block_1_112' title="bbox 2309 5506 3852 5589">
    <p class='ocr_par' dir='ltr' id='par_1_112' title="bbox 2309 5506 3852 5589">
     <span class='ocr_line' id='line_1_112' title="bbox 2309 5506 3852 5589; baseline -0.007 -18"><span class='ocrx_word' id='word_1_828' title='bbox 2309 5520 2540 5589; x_wconf 78' lang='grc' dir='ltr'>δεσμίων</span> <span class='ocrx_word' id='word_1_829' title='bbox 2570 5518 2827 5587; x_wconf 88' lang='grc' dir='ltr'>γεγονότα</span> <span class='ocrx_word' id='word_1_830' title='bbox 2846 5534 2858 5546; x_wconf 91' lang='grc'><strong>·</strong></span> <span class='ocrx_word' id='word_1_831' title='bbox 2889 5516 2979 5567; x_wconf 70' lang='grc' dir='ltr'>τὸν</span> <span class='ocrx_word' id='word_1_832' title='bbox 3003 5514 3251 5584; x_wconf 80' lang='grc' dir='ltr'>ἑλόμενον</span> <span class='ocrx_word' id='word_1_833' title='bbox 3274 5510 3557 5579; x_wconf 78' lang='grc' dir='ltr'>δεσμώτην</span> <span class='ocrx_word' id='word_1_834' title='bbox 3586 5506 3739 5571; x_wconf 79' lang='grc' dir='ltr'>εἶναι,</span> <span class='ocrx_word' id='word_1_835' title='bbox 3776 5508 3852 5559; x_wconf 71' lang='grc' dir='ltr'>ἵνα</span> 
     </span>
    </p>
   </div>
   <div class='ocr_carea' id='block_1_113' title="bbox 2312 5601 3849 5681">
    <p class='ocr_par' dir='ltr' id='par_1_113' title="bbox 2312 5601 3849 5681">
     <span class='ocr_line' id='line_1_113' title="bbox 2312 5601 3849 5681; baseline -0.009 -17"><span class='ocrx_word' id='word_1_836' title='bbox 2312 5612 2387 5681; x_wconf 81' lang='grc' dir='ltr'>μὴ</span> <span class='ocrx_word' id='word_1_837' title='bbox 2407 5612 2623 5681; x_wconf 78' lang='grc' dir='ltr'>δέσμιος</span> <span class='ocrx_word' id='word_1_838' title='bbox 2662 5611 2757 5679; x_wconf 74' lang='grc' dir='ltr'><strong>τῆς</strong></span> <span class='ocrx_word' id='word_1_839' title='bbox 2796 5607 2988 5679; x_wconf 74' lang='grc' dir='ltr'>ἡδονῆς</span> <span class='ocrx_word' id='word_1_840' title='bbox 3028 5606 3221 5678; x_wconf 79' lang='grc' dir='ltr'>εὑρεθῇ</span> <span class='ocrx_word' id='word_1_841' title='bbox 3244 5622 3256 5633; x_wconf 91' lang='grc'><strong>·</strong></span> <span class='ocrx_word' id='word_1_842' title='bbox 3291 5603 3383 5656; x_wconf 75' lang='grc' dir='ltr'><strong>τὸν</strong></span> <span class='ocrx_word' id='word_1_843' title='bbox 3423 5602 3615 5671; x_wconf 80' lang='grc' dir='ltr'>φθόνον</span> <span class='ocrx_word' id='word_1_844' title='bbox 3652 5602 3747 5671; x_wconf 79' lang='grc' dir='ltr'><strong>τῆς</strong></span> <span class='ocrx_word' id='word_1_845' title='bbox 3776 5601 3849 5651; x_wconf 77' lang='grc' dir='ltr'><strong>αἱ·</strong></span> 
     </span>
    </p>
   </div>
   <div class='ocr_carea' id='block_1_114' title="bbox 2313 5682 3848 5775">
    <p class='ocr_par' dir='ltr' id='par_1_114' title="bbox 2313 5682 3848 5775">
     <span class='ocr_line' id='line_1_114' title="bbox 2313 5682 3848 5775; baseline -0.007 -22"><span class='ocrx_word' id='word_1_846' title='bbox 2313 5702 2478 5775; x_wconf 73' lang='grc' dir='ltr'>σχρᾶς</span> <span class='ocrx_word' id='word_1_847' title='bbox 2511 5699 2757 5773; x_wconf 76' lang='grc' dir='ltr'>πράξεως</span> <span class='ocrx_word' id='word_1_848' title='bbox 2782 5697 3167 5769; x_wconf 73' lang='grc' dir='ltr'>προκρίναντασ</span> <span class='ocrx_word' id='word_1_849' title='bbox 3185 5694 3273 5748; x_wconf 73' lang='grc' dir='ltr'>τὸν</span> <span class='ocrx_word' id='word_1_850' title='bbox 3296 5692 3614 5764; x_wconf 80' lang='grc' dir='ltr'>νομισθῆναι</span> <span class='ocrx_word' id='word_1_851' title='bbox 3644 5691 3675 5743; x_wconf 85' lang='grc' dir='ltr'><strong>δ</strong></span> <span class='ocrx_word' id='word_1_852' title='bbox 3698 5688 3767 5760; x_wconf 70' lang='grc' dir='ltr'>μὴ</span> <span class='ocrx_word' id='word_1_853' title='bbox 3788 5682 3848 5757; x_wconf 67' lang='grc' dir='ltr'><strong>ἢν</strong></span> 
     </span>
    </p>
   </div>
  </div>
