4044 6324
121 458 266 520 lu?

1148 458 1523 518 ADVERSUS
1560 459 1992 521 IANICHEOS
2026 462 2157 519 LIB.
2184 462 2275 522 Ill.

3227 463 3368 520 1258

112 576 485 651 βουληθέντα·
542 576 755 633 κάλλιον
793 576 901 647 γάρ
948 572 1229 642 ἐλογίσατο
1280 574 1340 627 τὸ
1381 574 1701 647 νομισθῆναι

1805 577 1969 634 latere
2000 597 2013 633 :
2068 578 2116 633 si
2143 578 2291 634 enim
2324 588 2468 634 esset
2497 588 2550 634 et
2606 582 2815 649 lateret,
2860 584 3134 639 metuebat
3175 591 3369 639 testem

110 670 371 741 αίσχρὸν,
400 670 435 741 ἦ
472 665 613 723 εἶναι
646 668 739 723 καὶ
783 665 1074 720 λανθάνειν
1094 682 1108 695 ·
1154 665 1435 735 γινόμενος
1469 664 1578 739 γάρ
1606 667 1701 721 καὶ

107 755 419 821 λανθάνων,
457 759 640 814 ἐδεδίει
690 756 942 828 μάρτυρα
992 754 1082 807 τὸν
1121 754 1285 811 Θεόν·
1322 754 1596 825 νομισθεὶς
1622 753 1703 817 δι,

108 850 345 921 ἠρκεῖτο
390 849 473 922 τῷ
528 849 739 919 ἐπόπτῃ
782 847 1145 920 μαρτυροῦντι
1188 850 1301 911 τοῖς
1338 847 1701 919 γιγνομένοις.

106 937 230 994 Καὶ
263 942 369 1010 τῆς
406 939 507 1009 μὲν
544 937 899 1010 σωφροσύνης
932 937 1234 1008 ὑπόδειγμα
1264 938 1441 992 τοῦτο.
1542 964 1547 967 -

183 1030 308 1100 Τῆς
347 1029 405 1083 δὲ
433 1028 685 1099 ἀνδρείας
719 1029 889 1083 πολλά
921 1030 1018 1101 μὲν
1044 1030 1138 1083 καὶ
1171 1029 1326 1095 ἀλλα,
1350 1030 1531 1082 ἱκανὸν
1557 1028 1615 1081 δέ
1642 1028 1703 1081 τδ

104 1118 212 1191 τῆς
246 1118 467 1181 Ἱουδιθ,
498 1119 581 1171 ὅτι
619 1117 841 1186 γύναιον
886 1114 985 1190 ἦν,
1039 1118 1133 1171 καὶ
1182 1116 1406 1179 ἀσθενὲς
1456 1111 1559 1186 ἧν,
1607 1115 1703 1168 καὶ

105 1206 355 1278 ἄτολμον
383 1201 475 1276 ἦν,
525 1208 645 1258 ἐπεὶ
690 1207 910 1276 γύναιον
944 1203 1031 1277 ἦν.
1069 1206 1341 1276 Εὐτολμον
1374 1206 1432 1259 δέ
1484 1204 1577 1257 καὶ
1610 1205 1704 1257 ἀν·

107 1298 323 1371 δρεῖον,
352 1298 476 1353 ἐπεὶ
500 1300 687 1353 πιστὸν
718 1296 784 1370 ἦν
804 1318 817 1330 ·
847 1301 928 1355 ὅτι
963 1299 1031 1352 τὰ
1056 1298 1294 1353 ἀδύνατα
1318 1300 1436 1361 ταῖς
1473 1295 1701 1367 προσδο-

110 1392 273 1454 κίαις
306 1390 415 1444 τῶν
439 1390 739 1463 ἀνθρώπιον
769 1392 968 1447 δυνατά
998 1394 1061 1463 τῇ
1088 1392 1309 1461 ἀνδρείᾳ
1342 1388 1696 1443 ἀποδέδωκεν·

108 1482 198 1535 ὅτι
242 1481 316 1535 τά
349 1482 727 1553 ἀπροσδόκητα
770 1484 849 1547 είς
899 1482 1081 1535 πίστιν
1123 1482 1215 1534 καὶ
1264 1480 1455 1533 ἐλπίδα
1492 1480 1701 1550 ήγαγεν

110 1571 345 1644 ἀνδρεία
376 1572 555 1625 πίστει
600 1576 934 1645 κεκερακυῖα
954 1590 966 1602 ·
996 1572 1065 1625 τὰ
1094 1573 1202 1643 γὰρ
1222 1572 1397 1640 τειχία
1436 1567 1701 1639 ἀνεῴγον-

108 1680 205 1726 το,
245 1663 344 1716 καὶ
376 1662 521 1733 ἐξῄει
552 1667 585 1735 ἠ
622 1666 837 1727 νεᾶνις·
882 1665 976 1717 καὶ
1016 1662 1152 1734 μετά
1194 1663 1485 1731 παιδίσκης
1534 1661 1700 1730 μόνης

110 1752 290 1826 ἐξῄει,
334 1756 394 1807 οὐ
438 1755 497 1809 τὺ
526 1755 765 1809 ὕποπτον
802 1755 896 1809 τοῦ
936 1755 1165 1817 κάλλους
1213 1752 1485 1813 δειλιῶσα,
1530 1752 1589 1804 οὐ
1631 1751 1698 1803 τά

112 1844 248 1917 ξίφη
284 1846 655 1919 εὐλαϐουμένη
676 1887 691 1910 ,
726 1848 785 1898 οὐ
818 1846 1113 1918 φοϐηθεῖσα
1164 1844 1237 1915 μὴ
1281 1844 1576 1913 λαγνεύσῃ,
1624 1843 1698 1911 μὴ

1804 665 2005 736 Deum;
2029 668 2115 724 sin
2136 682 2263 723 vero
2287 669 2597 735 haberetur,
2615 680 2905 728 contentus
2920 681 3039 727 erat
3065 681 3201 728 teste
3224 672 3370 729 facta

1804 759 2165 829 inspectante.
2245 758 2421 831 Atque
2494 762 2770 833 pudicitia:
2835 764 3052 834 quidem
3122 764 3226 819 hoc
3296 765 3370 818 sit

1802 852 2131 923 exemplum.

1873 1026 2232 1084 Fortitudinis
2263 1042 2392 1084 vero
2429 1028 2596 1082 multa
2649 1029 2865 1098 quidem
2905 1036 3033 1083 sunt
3064 1028 3190 1091 alia,
3234 1026 3367 1083 satis

1801 1134 1932 1175 vero
1957 1135 2107 1175 nunc
2130 1122 2203 1175 sit
2232 1120 2362 1175 illud
2400 1117 2606 1187 Judith,
2637 1136 2757 1192 qua:
2790 1119 3105 1175 muliercula
3150 1129 3288 1180 erat,
3312 1126 3370 1173 et

1803 1210 2019 1265 inﬁrma
2048 1222 2186 1278 erat,
2234 1223 2286 1266 et
2320 1228 2427 1267 non
2474 1213 2651 1268 audax
2693 1222 2832 1278 erat,
2876 1213 3003 1283 quia
3047 1208 3369 1265 muliercula

1801 1308 1941 1357 erat.
1967 1302 2155 1357 Audax
2187 1311 2367 1357 tamen
2402 1304 2501 1357 fuit
2530 1311 2584 1358 et
2622 1302 2797 1369 fortis,
2838 1305 2966 1373 quia
3016 1300 3274 1357 credibile
3316 1299 3368 1353 ei

1800 1391 2074 1462 fnit,qua3
2126 1395 2531 1463 exspectatione
2590 1394 2870 1449 hominum
2928 1392 3041 1447 fieri
3092 1406 3200 1446 non
3248 1406 3368 1461 pos-

1799 1490 1949 1546 sunt,
1967 1498 2127 1553 posse
2160 1482 2508 1551 fortitudine;
2539 1500 2660 1554 quae
2684 1500 2807 1538 cum
2838 1482 2940 1537 lide
2964 1484 3123 1536 mista
3151 1496 3214 1536 ac
3237 1488 3372 1535 tem-

1801 1582 2007 1643 perata,
2040 1574 2107 1628 ad
2140 1572 2298 1628 ﬁdem
2345 1584 2400 1627 et
2433 1590 2581 1645 spem
2618 1574 2843 1628 adduxit
2884 1574 3156 1641 insperata
3188 1570 3369 1625 :muri

1800 1662 1948 1717 enim
1981 1662 2152 1731 aperti
2186 1670 2337 1725 sunt,
2369 1670 2423 1717 et
2453 1663 2620 1717 exivit
2665 1661 3092 1724 adolescentula,
3136 1667 3189 1714 et
3241 1674 3369 1713 cum

1803 1751 1919 1805 sola
1961 1751 2157 1804 ancilla
2205 1752 2395 1815 exivit,
2445 1767 2553 1805 non
2619 1751 2918 1806 formidans
2948 1749 3096 1821 quod
3144 1757 3262 1803 erat
3307 1749 3365 1803 in

1804 1841 2209 1911 pulchritudine
2238 1849 2551 1911 suSpeetum
2574 1858 2588 1905 ;
2614 1856 2721 1895 non
2738 1851 2981 1895 metuens
2996 1838 3227 1909 gladios,
3256 1853 3366 1893 non

112 1937 209 2009 βίᾳ
238 1938 535 1991 ἀγολασίαν
561 1937 829 2008 ὑπομείνῃ
852 1953 864 1965 ·
900 1938 977 2008 μὴ
1009 1935 1261 1990 δειλιῶσα
1297 1936 1369 2005 μή
1404 1952 1457 1986 τι
1495 1933 1601 1986 ἀπὸ
1626 1932 1702 1996 ξί-

1805 1932 1999 1984 timens
2030 1945 2096 1984 ne
2136 1930 2191 1984 in
2220 1930 2446 1984 libidine
2468 1938 2633 1996 esset,
2674 1944 2744 1985 ne
2769 1930 2852 1984 vis
2874 1928 3168 1983 inferretur
3204 1925 3366 1998 pudi-

111 2045 251 2097 φους
274 2028 584 2093 ἐξαπίναιον
615 2028 793 2097 πάθῃ·
836 2025 973 2080 ἀλλά
1004 2025 1064 2079 τὸ
1100 2026 1198 2095 μὲν
1237 2024 1463 2096 φοϐερὸν
1493 2022 1585 2075 τοῦ
1627 2023 1701 2086 ξί-

112 2136 253 2188 φους
278 2122 345 2191 τῇ
368 2120 592 2191 ἀνδρεία
613 2118 842 2182 νικῶσα,
876 2118 939 2172 τὸ
964 2119 1021 2171 δὲ
1053 2117 1246 2181 κάλλος
1274 2116 1351 2185 τῷ
1377 2115 1495 2185 Θεῷ
1526 2132 1702 2185 παρα-

110 2208 413 2280 τιθεμένη·
459 2206 770 2273 ἀξιόπιστον
806 2206 914 2277 γὰρ
960 2206 1051 2259 τὸν
1089 2206 1221 2259 Θεὸν
1262 2204 1476 2273 φύλακα
1513 2206 1701 2273 ἡγεῖτο

110 2292 211 2346 τοῦ
238 2293 500 2357 κάλλους·
539 2294 793 2365 φρύγανα
830 2294 887 2347 δὲ
914 2294 1007 2347 καὶ
1034 2294 1285 2365 πάπυρον
1311 2293 1381 2345 τά
1424 2292 1550 2361 ξίφη
1580 2291 1697 2345 ιέλο⁸

111 2382 325 2451 γίζετο,
361 2386 712 2454 πεπατηκυῖα
744 2382 821 2454 τῷ
848 2383 1155 2453 φρονήματι
1198 2383 1296 2451 τῆς
1324 2380 1569 2452 ἀνδρείας
1602 2380 1699 2449 τὴν

111 2471 356 2525 δειλίαν·
406 2473 499 2526 καὶ
554 2472 831 2544 παρῆλθεν
876 2475 907 2538 ή
951 2472 1109 2543 γυνὴ,
1157 2474 1249 2525 καὶ
1292 2472 1561 2542 τολμηρὸν
1600 2470 1698 2523 οὐκ

113 2562 336 2635 ἐκρίθη.
374 2564 507 2617 Ούδέ
535 2563 872 2635 τραχύτητος
927 2564 1176 2633 ἔγκλημα
1212 2562 1319 2632 (59)
1370 2564 1693 2633 ὑπέμεινεν·

113 2649 240 2705 οὔτε
264 2652 376 2723 γάρ
406 2646 571 2722 ἀτελῆ
604 2654 671 2706 τά
706 2654 981 2723 κριθέντα,
1028 2654 1113 2705 ἵνα
1148 2651 1483 2723 τραχύτητος
1508 2653 1698 2723 ἐγκλη-

116 2740 184 2813 θῇ
207 2759 223 2773 ·
259 2745 609 2815 πεπεραίωκε
649 2743 715 2797 τά
760 2744 1185 2814 βεϐουλευμένα·
1234 2745 1315 2806 είς
1354 2743 1525 2816 πέρας
1554 2743 1696 2814 ἢχθη

114 2832 187 2885 τὰ
216 2836 553 2905 ἐσκεμμένα.
584 2835 683 2889 Διά
712 2835 869 2888 τοῦτο
901 2833 1273 2905 θαυμάζεται,
1324 2835 1405 2887 ὅτι
1439 2834 1696 2905 φρόνησιν

116 2924 343 2996 ἀνδρείᾳ
371 2924 553 2996 ἔμιξεν
572 2944 585 2956 ·
621 2929 703 2987 ὅτι
729 2928 829 2981 ὅσα
855 2926 1229 2989 ἐϐουλεύσατο,
1258 2928 1337 2989 είς
1370 2926 1543 2996 πέρας
1566 2928 1698 2994 ἠγά-

118 3028 270 3082 γετο.

1799 2020 1940 2074 citia:
1972 2038 1986 2086 ;
2020 2035 2129 2074 non
2160 2018 2461 2074 formidans
2503 2036 2571 2075 ne
2620 2018 2752 2089 quid
2792 2019 3134 2089 repentinum
3162 2035 3229 2073 ex
3254 2018 3369 2089 gla-

1801 2107 1892 2161 dio
1938 2107 2211 2163 accideret
2246 2128 2260 2162 :
2296 2110 2430 2178 quin
2477 2110 2657 2179 potius
2700 2117 2959 2164 terrorem
3006 2108 3171 2179 gladii
3212 2106 3371 2160 forti-

1800 2201 1988 2256 tudine
2021 2201 2266 2266 vincens,
2322 2202 2718 2265 formositatem
2757 2218 2885 2257 vero
2943 2202 3053 2258 Deo
3092 2215 3370 2255 commen-

1799 2291 1959 2347 dans.
1993 2290 2162 2347 Deum
2194 2295 2337 2347 enim
2371 2295 2656 2349 custodem
2689 2294 3109 2363 pulchritudinis
3146 2293 3370 2363 dignum

1800 2383 1892 2436 cui
1923 2381 2144 2447 fideret,
2201 2384 2548 2437 existimabat
2596 2399 2744 2450 esse;
2802 2384 3010 2453 gladios
3066 2399 3196 2439 vero
3246 2397 3370 2437 sar—

1804 2479 1988 2527 menta
2024 2480 2077 2527 et
2097 2488 2361 2545 papyrum
2400 2476 2657 2540 ducebat,
2695 2478 2862 2530 animi
2898 2475 3217 2531 fortitudine
3257 2474 3371 2530 for-

1804 2566 2064 2621 midinem
2113 2582 2426 2636 superans:
2462 2569 2718 2625 transivit
2771 2571 2986 2634 mulier,
3032 2578 3085 2625 et
3118 2584 3226 2623 non
3275 2576 3365 2623 est

1799 2653 2105 2722 indicatum
2157 2658 2525 2721 temerarium,
2577 2659 2722 2727 quod
2774 2675 2906 2715 ausa
2956 2667 3058 2713 est.
3099 2658 3215 2712 Non
3266 2657 3370 2711 fuit

1803 2744 1862 2799 in
1898 2760 1963 2799 ea
2009 2746 2323 2801 criminatio
2385 2748 2637 2813 duritiae;
2704 2764 2804 2803 nec
2856 2750 3000 2803 enim
3054 2749 3370 2817 imperfecta

1803 2834 2044 2899 fuerunt,
2067 2852 2189 2907 qua:
2218 2836 2693 2907 fuerantjudicata
2720 2848 2773 2893 et
2810 2839 3051 2901 decreta,
3080 2849 3140 2893 ut
3168 2840 3369 2892 duritia

1804 2936 2093 2982 accusetur
2128 2947 2140 2981 :
2172 2928 2398 2997 perfecit
2426 2943 2512 2994 ea,
2542 2929 2609 2982 de
2641 2931 2840 2998 quibus
2864 2930 3223 2985 deliberatum
3252 2928 3375 2984 fue-

1807 3022 1894 3068 rat
1928 3034 1940 3070 :
1976 3016 2044 3069 ad
2078 3016 2237 3070 linem
2266 3016 2531 3085 perducta
2564 3026 2693 3071 sunt
2746 3016 3115 3073 considerata.
3164 3016 3373 3071 Idcirco

120 3107 178 3164 in
233 3111 599 3168 admiratione
643 3121 749 3179 est,
806 3115 936 3184 quia
985 3084 1334 3183 prudentiam
1387 3111 1696 3167 fortitudini
1735 3110 2050 3176 admiscuit,
2086 3112 2216 3182 quia
2239 3084 2401 3167 omne
2447 3114 2735 3167 consilium
2791 3121 3029 3182 emptum
3071 3112 3137 3166 ad
3168 3112 3372 3165 exitum

121 3202 399 3269 perduxit.

192 3294 308 3348 Καὶ
333 3295 433 3364 τῆς
461 3294 710 3364 ἀνδρείας
743 3295 945 3367 ταύτης
988 3297 1287 3367 ὑπόδειγμα
1313 3295 1587 3360 λαδόντες,
1614 3295 1702 3348 καὶ

1883 3291 1999 3348 Hoc
2028 3291 2366 3348 fortitudinis
2398 3291 2647 3359 exemplo
2677 3298 2913 3359 sumpto,
2945 3291 3174 3360 justitiae
3208 3294 3372 3350 etiam

118 3386 222 3455 τῆς
277 3386 624 3458 δικαιοσύνης
683 3389 986 3459 ληψόμεθα,
1048 3389 1213 3443 Ὅταν
1270 3388 1544 3458 ἀμύνηται
1605 3390 1703 3457 μὲν

123 3475 400 3548 Ἀϐραὰμ,
431 3480 522 3531 καὶ
561 3480 1019 3551 ὑπερμαχήσηται
1048 3481 1157 3535 τῶν
1178 3482 1567 3551 ἀδικουμένων,
1609 3481 1704 3534 καὶ

129 3568 403 3640 βοηθήσας
440 3570 648 3642 ἀκούσῃ
687 3572 837 3644 παρὰ
867 3574 976 3627 τῶν
1009 3572 1508 3643 ἐλευθερωθέντων·
1558 3572 1705 3627 Δάὁε

126 3661 227 3731 τήν
253 3660 421 3715 ῐππον
453 3664 548 3718 καὶ
572 3666 748 3717 πάντα
777 3666 986 3736 σεαυτῷ
1006 3681 1021 3696 ·
1052 3661 1153 3718 καῖ’
1173 3664 1341 3719 ταῦτα
1357 3665 1589 3728 ἀκούων,
1629 3664 1702 3735 μὴ

128 3752 267 3835 πρὸς
294 3752 386 3806 τὸν
418 3755 797 3825 χρηματισμὸν
832 3756 1065 3823 βλέπων,
1091 3755 1225 3809 ἀλλὰ
1244 3756 1380 3827 πρὸς
1406 3756 1466 3808 τὸ
1498 3755 1704 3807 δίκαιον

131 3840 393 3906 ἀτενίζων
414 3883 429 3905 ,
464 3845 558 3897 καὶ
592 3846 1007 3914 συγγινώσκων,
1050 3848 1130 3900 ὅτι
1157 3847 1364 3917 δωρεὰν
1396 3846 1576 3908 ἔλαϐε,
1612 3846 1705 3898 καὶ

132 3928 252 3993 πῶς
288 3932 535 4002 πωλῆσαι
559 3934 658 4006 τὴν
678 3934 885 4006 δωρεὰν
927 3936 1026 3988 οὐκ
1061 3936 1295 4003 ὀφείλει,
1335 3936 1415 3988 ὅτι
1460 3935 1705 4006 χάρισμα

132 4026 543 4095 πιπράσκεσθαι
566 4029 666 4081 οὐκ
688 4029 940 4098 ἀνέχεται
962 4047 974 4063 ·
997 4030 1077 4082 ὅτι
1103 4030 1274 4083 ἄδικοι
1301 4032 1347 4081 οἱ
1375 4029 1471 4092 τὰς
1500 4029 1705 4100 δωρεὰς

133 4110 511 4187 ἀποδεδομένοι
544 4120 712 4171 εἰσίν·
748 4122 828 4173 ὃτι
868 4122 929 4172 οὐ
974 4119 1196 4183 δικαίως
1226 4120 1293 4173 τὰ
1320 4120 1453 4171 ὥνια
1479 4121 1574 4171 καὶ
1610 4120 1706 4180 τὰς

134 4205 451 4275 εὐεργεσίας
472 4210 639 4262 πωλεῖ
657 4228 758 4273 τις.
795 4211 1029 4281 Ίμάτιον
1060 4212 1152 4263 καὶ
1170 4209 1450 4279 κειμήλιον
1475 4210 1559 4261 ἐπ’
1576 4210 1705 4277 ἀγο-

138 4297 236 4364 pic
277 4302 669 4371 πιπρασκέσθω
692 4320 705 4332 ·
742 4303 982 4375 ἀπρατος
1013 4304 1069 4355 δὲ
1099 4305 1131 4373 ἡ
1176 4300 1456 4373 εὐεργεσία
1503 4301 1707 4368 μενέτω

134 4387 212 4460 τῷ
251 4392 612 4464 μεγαλοψύχῳ
654 4394 753 4463 τῆς
789 4394 1046 4456 διανοίας,
1096 4394 1326 4463 προῖκας
1355 4391 1433 4458 τῷ
1470 4390 1707 4460 δεομένῳ

135 4478 402 4553 διδομένη.
448 4484 558 4539 Καὶ
604 4484 841 4539 τοιοῦτον
877 4486 998 4555 ἔχον
1039 4485 1136 4555 μὲν
1166 4485 1266 4554 τῆς
1310 4482 1543 4545 διανοίας
1588 4482 1709 4535 ὑπό-

137 4568 354 4642 δειγμα,
394 4574 475 4627 ὅτι
502 4574 603 4637 τὰς
628 4575 837 4646 δωρεάς
864 4575 957 4627 καὶ
993 4575 1091 4637 τὰς
1111 4574 1425 4641 εὐεργεσίας
1468 4570 1703 4641 μεγάλου

136 4666 415 4735 χρήματος
444 4668 849 4737 πιπράσκεσθαι
871 4668 929 4720 οὐ
964 4667 1061 4729 δεῖ,
1100 4666 1233 4719 ἀλλὰ
1254 4667 1439 4736 τηρεῖν
1457 4665 1553 4735 τὴν
1574 4665 1703 4719 ἑκά-

139 4771 260 4808 στου
290 4758 475 4829 τιμὴν,
514 4758 587 4829 μὴ
608 4759 1155 4831 προδιαφθεῃόμενον
1184 4761 1248 4829 τῇ
1283 4758 1422 4810 δόσει
1446 4756 1553 4809 τῶν
1568 4773 1703 4826 χρη-

141 4848 344 4917 μάτων.

1803 3385 2110 3454 exemplum
2136 3397 2439 3437 sumamus.
2471 3379 2605 3435 Cum
2632 3381 2902 3435 Abraham
2934 3380 3132 3449 injuria
3150 3382 3372 3440 allectos

1806 3478 2079 3531 ulciscens
2109 3490 2208 3545 pro
2242 3474 2324 3529 eis
2353 3474 2631 3543 pugnavit,
2675 3481 2729 3527 et
2766 3487 2889 3526 cum
2941 3479 3063 3541 post
3106 3476 3371 3528 auxilium

1805 3569 2028 3623 allatum
2059 3568 2273 3622 audiret
2312 3582 2341 3618 a
2372 3565 2619 3623 liberatis
2654 3564 2887 3635 :Accipe
2931 3564 3028 3618 tibi
3070 3566 3372 3635 equitatum

1803 3669 1857 3716 et
1890 3660 2107 3725 omnia;
2148 3674 2255 3713 non
2304 3656 2357 3711 in
2392 3664 2661 3727 quaastum
2690 3656 2920 3725 aspexit,
2966 3656 3060 3711 sed
3099 3656 3370 3725 justitiam

1806 3751 2073 3817 attendit;
2111 3748 2386 3820 quomodo
2406 3748 2661 3801 conscius
2684 3762 2745 3801 se
2782 3747 2952 3817 gratis
2982 3748 3213 3818 cepisse,
3260 3764 3371 3801 non

1805 3843 2034 3898 debebat
2084 3842 2317 3896 vendere
2360 3841 2561 3894 donum
2596 3857 2609 3892 :
2646 3839 2769 3907 quia
2824 3839 2997 3909 gratia
3070 3855 3178 3893 non
3238 3840 3376 3909 pati-

1804 3944 1893 3988 tur
1954 3941 2015 3987 ut
2061 3931 2464 3995 venumdetur;
2518 3929 2786 3997 siquidem
2838 3928 3028 3999 injusti
3090 3938 3235 3993 sunt,
3278 3928 3373 3999 qui

1814 4026 1955 4079 dona
1994 4023 2267 4088 vendunt;
2298 4031 2353 4077 et
2386 4037 2493 4075 non
2523 4020 2671 4091 juste
2695 4022 2818 4091 quis
2848 4021 3058 4075 venalia
3107 4030 3159 4076 et
3210 4022 3376 4075 liene-

1810 4118 1929 4171 licia
1967 4116 2280 4171 venumdat.
2330 4114 2511 4170 Vestis
2572 4121 2629 4169 et
2689 4130 2779 4168 res
2833 4113 3069 4183 pretiosa
3111 4111 3376 4169 vendatur

1809 4210 1863 4264 in
1897 4209 2056 4263 foro:
2100 4207 2425 4262 beneficium
2457 4220 2611 4269 vero,
2652 4220 2719 4259 ne
2767 4205 3033 4260 habeatur
3081 4204 3375 4271 vendibile,

1808 4300 1953 4369 quod
1992 4313 2191 4369 magno
2230 4298 2413 4351 animo
2466 4296 2637 4367 gratis
2702 4294 2962 4364 indigenti
3017 4293 3139 4347 dari
3194 4294 3373 4347 debet.

1809 4389 1938 4445 Tale
1976 4388 2283 4457 exemplum
2316 4388 2613 4449 habemus,
2652 4386 2794 4439 dona
2869 4394 2923 4439 et
2956 4383 3217 4437 beneficia
3269 4398 3378 4435 non

1808 4490 2061 4550 oportere
2089 4481 2261 4534 multa
2287 4478 2516 4550 pecunia
2543 4476 2797 4543 vendere,
2824 4477 2917 4530 sed
2947 4492 3166 4531 servare
3186 4491 3376 4546 quem-

1812 4587 1917 4642 que
1958 4573 2221 4627 honorem
2275 4585 2457 4635 suum,
2516 4576 2569 4623 et
2602 4584 2705 4623 non
2762 4568 2913 4639 prius
2970 4566 3199 4622 pecunia
3255 4579 3377 4621 cor-

1808 4680 2005 4735 rumpi.

1125 4962 1253 5017 CAP.
1298 4961 1383 5014 XI.
1429 4959 1821 5014 Concordantia
1845 4957 1971 5027 legis
1996 4964 2044 5008 et
2071 4954 2357 5023 Evangelii.

206 5077 316 5131 Καὶ
344 5077 511 5129 ταῦτα
542 5078 640 5147 μὲν
674 5077 847 5139 οὕτως
882 5077 1273 5140 ἐπεξελθόντες,
1312 5075 1713 5129 κατεσκευάσα-

145 5182 267 5235 μεν·
309 5168 391 5219 ὅτι
424 5166 602 5219 πάντα
628 5169 685 5220 ἐν
714 5167 861 5238 νόμῳ
891 5172 1088 5233 κεῖται,
1136 5170 1227 5220 καὶ
1259 5168 1453 5227 κακίας
1496 5166 1711 5236 ἀναίρεο

143 5276 247 5324 οις,
271 5260 365 5312 καὶ
396 5260 595 5330 ἀρετῆς
635 5260 968 5331 κατόρθωσις
988 5277 999 5289 ·
1032 5262 1125 5313 καὶ
1171 5261 1371 5313 τούτων
1397 5260 1561 5311 ὄντων
1593 5260 1711 5309 ἱκα-

143 5351 245 5403 νῶν
282 5350 416 5419 πρὸς
440 5350 703 5421 ἐντροπὴν
733 5352 827 5404 καὶ
850 5351 1181 5421 δυσώπησιν,
1222 5352 1313 5405 καί
1348 5368 1404 5402 τε
1439 5350 1500 5401 τὸ
1528 5351 1708 5419 ὅμοιον

144 5439 489 5508 ἀποδίδομεν·
532 5442 578 5491 εἰ
616 5440 723 5510 γὰρ
769 5441 934 5511 μηδὲν
983 5439 1125 5512 εἶχεν
1165 5446 1193 5495 ό
1244 5443 1403 5511 νόμος
1454 5442 1565 5491 ἴσον
1615 5438 1707 5492 τοῦ

146 5531 497 5599 Εὐαγγελίου,
526 5531 619 5584 τοῦ
666 5532 919 5601 ἀνομοίου
970 5536 1000 5603 ἡ
1059 5533 1358 5602 κατηγορία
1410 5528 1508 5602 ἦν·
1562 5532 1608 5581 εἰ
1653 5534 1709 5582 οὲ

145 5622 393 5691 ὁμοιότης
438 5625 582 5687 ἐστὶ,
619 5622 672 5677 τί
708 5623 799 5676 ἐπὶ
832 5625 925 5691 τῆς
953 5624 1264 5694 ὁμοιότητος
1308 5621 1668 5692 διαφερόμεθα
1695 5661 1707 5682 ,

147 5712 243 5783 τῆς
281 5714 595 5785 ὁμοιότητος
622 5714 970 5786 διαφέρεσθαι
1018 5714 1101 5789 μὴ.
1134 5715 1495 5783 ἀνεχομένης;
1536 5713 1641 5782 Boi
1680 5713 1708 5763 ὁ

1887 5070 2061 5139 Atque
2109 5070 2223 5123 haec
2264 5069 2483 5138 quidem
2539 5074 2800 5120 hactenus
2851 5063 3143 5133 persecuti,
3178 5062 3376 5132 proba-

1816 5164 1991 5216 vimus
2024 5172 2315 5230 utrumque
2344 5175 2465 5214 esse
2502 5158 2554 5211 in
2613 5159 2751 5226 lege,
2795 5165 2850 5209 et
2886 5156 2998 5208 vitii
3029 5154 3378 5224 exstirpatio-

1814 5269 1956 5315 nem,
1996 5260 2051 5305 et
2078 5252 2296 5305 virtutis
2334 5248 2566 5304 ollicium
2598 5256 2758 5317 atque
2784 5246 3224 5299 exercitationem
3254 5260 3267 5306 ;
3297 5251 3378 5295 at-

1814 5358 1919 5412 que
1965 5343 2078 5395 haec
2137 5341 2356 5411 quidem
2416 5340 2550 5393 satis
2606 5353 2746 5401 esse,
2785 5346 2844 5390 ut
2898 5336 2985 5390 isti
3029 5334 3373 5390 erubescant.

1815 5436 2032 5505 Aliquid
2084 5435 2261 5489 simile
2294 5434 2569 5487 reddimus
2615 5432 2667 5483 in
2724 5428 3012 5497 Evangelia
3045 5434 3099 5480 et
3138 5426 3273 5495 lege.
3320 5422 3375 5476 Si

1816 5527 1959 5580 enim
2011 5532 2196 5579 essent
2247 5522 2555 5591 Evangelia,
2601 5527 2825 5575 etesset
2867 5521 2971 5579 lex,
3035 5524 3089 5571 et
3120 5516 3255 5570 nihil
3294 5515 3377 5567 lex

1818 5618 2039 5670 haberet
2074 5616 2279 5684 mquale
2325 5613 2637 5681 Evangelio.
2696 5610 2911 5664 crimini
2943 5608 3164 5662 daretur
3210 5604 3377 5661 dissi-

1818 5708 2085 5763 militudo.
2127 5708 2224 5761 Sin
2256 5716 2433 5761 autem
2470 5703 2772 5758 similitudo
2800 5701 3051 5770 est,quid
3083 5700 3149 5754 de
3181 5695 3377 5752 simiii-

213 5867 329 5941 (59)
376 5870 743 5937 Τραχύτητος
776 5867 939 5925 erant.
985 5864 1190 5921 Duritia
1222 5866 1363 5921 enim
1405 5864 1615 5933 stupori
1649 5879 1702 5919 su

1805 5880 1842 5919 IS
1876 5861 2191 5932 patientiam
2233 5856 2494 5913 imitatur.
2532 5852 2698 5907 Truu.
