4044 6324
188 416 325 476 iul
1210 415 1584 475 ADVERSUS
1620 414 2048 475 ιιΑΜωιΑςοε
2085 416 2213 475 LIB.
2256 417 2342 475 Ill.
3306 420 3447 477 liti

193 551 373 601 κοτες,
416 535 508 591 τὸν
545 536 710 607 νόμον
744 532 1117 608 ἐξηγήσαντο·
1161 528 1308 589 οὗτοι
1358 534 1418 590 δέ
1475 536 1565 589 τδν
1612 536 1777 609 νόμον

1892 551 2015 592 rem
2041 539 2137 608 qui
2166 538 2341 608 legem
2373 536 2646 592 criminati
2696 542 2858 603 sunt,
2893 535 3066 607 legem
3102 533 3337 602 feriunt;
3390 546 3449 593 et

190 625 614 699 διαϐεϐληκότες
646 627 723 699 τῷ
765 626 917 699 νόμῳ
958 624 1458 696 διαπληκτίζονται.
1504 630 1596 683 καὶ
1633 629 1776 701 πρὸς

1892 643 1975 684 eos
2024 629 2119 699 qui
2179 628 2350 699 legem
2407 628 2869 699 explanaverunt,
2925 635 3194 697 pungunt.
3250 625 3447 682 Parem

190 718 322 781 τοὺς
341 716 785 789 ἐξηγησαμένους
817 718 908 771 τὺν
937 719 1120 791 νόμον.
1144 722 1256 775 Καὶ
1285 721 1407 791 ῖσην
1432 721 1531 793 μὲν
1556 722 1606 773 οί
1635 721 1772 773 ἀπό-

1892 720 2297 777 ιίωὶιίιιιᾱὶηοω
2322 720 2599 792 Evangelii
2622 728 2783 791 atque
2805 720 2939 790 legis
2955 724 3297 789 cognoscunt
3322 731 3452 787 apo-

199 808 373 863 στολοι
404 809 507 880 τὴν
540 807 834 880 ὁμοιότητα
867 809 964 863 τοῦ
994 811 1325 883 Εὑαγγελίου
1362 814 1457 867 καὶ
1483 812 1577 866 τοῦ
1605 816 1770 882 νόμου

197 901 520 970 γινώσκουσι
542 918 556 933 ⁸
596 903 689 956 καὶ
722 902 814 956 τὸν
846 904 1007 975 νόμον
1039 903 1295 969 λαϐόντες
1338 906 1400 960 τὸ
1440 904 1771 977 Εὑαγγέλιον

198 994 458 1065 βλέπουσι
483 1011 498 1029 ⁸
524 995 618 1048 καὶ
646 997 727 1059 είς
748 995 812 1049 τὸ
835 996 1163 1067 Εὐαγγέλιον
1190 999 1658 1071 παρακόπτοντες,
1680 999 1773 1054 τὸν

198 1087 362 1158 νόμον
386 1088 486 1141 οὑκ
512 1088 826 1160 ἀναιροῦσιν
845 1106 861 1120 ·
889 1082 1033 1144 οὗτοι
1064 1091 1121 1145 δὲ
1146 1092 1215 1147 τὰ
1244 1095 1406 1163 ὃμοια
1432 1094 1519 1147 ἀεὶ
1545 1093 1774 1162 ἀνόμοια

197 1178 560 1250 ἡγησάμενοι,
597 1181 690 1233 καὶ
720 1178 788 1232 τὰ
827 1181 957 1250 φίλα
988 1184 1200 1249 ἐαυτοῖς
1229 1186 1325 1239 καὶ
1367 1184 1571 1254 ἀδελφὰ
1606 1184 1773 1254 ἄφιλα

198 1269 298 1323 καὶ
334 1269 575 1324 ἄσπονδα
614 1271 1023 1341 ὁμολογοῦντες,
1069 1276 1271 1341 κακίας
1312 1276 1410 1348 μὲν
1456 1276 1673 1346 ἔλεγχον
1713 1278 1774 1330 οὐ

198 1360 463 1431 φεύγουσι
482 1379 497 1393 ο
532 1363 741 1436 διιστᾷν
769 1364 825 1419 δέ
860 1366 955 1421 καὶ
979 1366 1204 1437 διαιρεῖν
1229 1366 1299 1421 τὰ
1324 1368 1485 1438 ὃμοια
1510 1368 1775 1421 ἐσπουδα-

197 1451 380 1515 κότες,
415 1450 489 1523 μὴ
516 1452 803 1525 δυνάμενοι
828 1454 886 1508 δὲ
910 1454 1152 1528 διαιρεῖν.
1206 1455 1359 1509 Ἐπεὶ
1396 1456 1497 1509 οὐκ
1526 1455 1776 1525 ἀνέχεται

195 1544 235 1599 6
260 1545 423 1615 νόμος
455 1544 548 1599 τοῦ
570 1545 906 1615 Εὑαγγελίου
954 1545 1300 1619 διαιρεῖσθαι,
1338 1546 1441 1616 τῆς
1483 1545 1779 1616 βασκανίας

198 1636 413 1689 ἑαυτῶν
439 1634 538 1708 τὴν
586 1638 866 1709 ἐπιτιμίαν
901 1636 1308 1708 ἐκαρσαὶισαντο.
1367 1636 1497 1690 ’1δοὺ
1534 1638 1643 1709 γὰρ
1680 1638 1779 1690 ὅσα

201 1724 337 1795 περὶ
376 1724 588 1793 Πατρὺς
636 1727 695 1779 ἐν
750 1726 919 1797 νόμῳ,
966 1725 1142 1780 ταῦτα
1199 1727 1294 1780 καὶ
1346 1727 1405 1779 ἐν
1430 1726 1781 1795 Εὑαγγελίοις

200 1816 381 1867 κεῖται
408 1831 421 1844 °
451 1816 549 1869 ὅσα
574 1816 703 1887 περὶ
731 1815 885 1881 Υίοῦ,
911 1816 1085 1871 ταῦτα
1105 1819 1162 1871 ἐν
1192 1819 1521 1891 ἀμφοτέροις
1546 1821 1777 1890 εἴρηται·

1878 810 2007 867 stoli
2030 830 2043 866 :
2073 812 2166 882 qui
2188 827 2309 866 cum
2332 812 2502 881 legem
2521 820 2764 873 sumunt,
2787 811 3123 881 evangelium
3142 808 3449 878 aspiciunt;

1878 918 2003 959 cum
2018 903 2361 976 Evangeliuin
2375 904 2665 976 aspiciunt,
2682 905 2849 975 legem
2867 918 2975 959 non
2995 900 3305 957 tollunt.lsti
3322 913 3453 955 vero

1880 994 2010 1051 dum
2026 1011 2144 1064 quae
2158 1003 2285 1051 sunt
2307 995 2531 1060 similia,
2557 1009 2773 1065 semper
2792 993 3082 1049 dissimilia
3099 1008 3220 1047 esse
3236 998 3449 1060 putant,

1879 1098 1935 1146 et
1950 1105 2071 1160 qua:
2093 1089 2195 1144 sibi
2216 1089 2358 1143 inter
2377 1103 2437 1143 se
2460 1088 2634 1141 amica
2652 1092 2705 1141 et
2733 1100 3011 1157 germana,
3039 1084 3260 1138 inimica
3281 1091 3335 1137 et
3354 1082 3452 1134 ad-

1882 1183 2127 1239 versaria
2143 1198 2266 1237 esse
2284 1180 2625 1251 profitentur,
2644 1194 2754 1234 non
2781 1178 2997 1249 quidem
3012 1177 3297 1246 effugiunt,
3320 1174 3453 1244 quin

1883 1278 2092 1332 malitia
2113 1292 2300 1333 eorum
2323 1276 2572 1331 convicta
2606 1274 2710 1329 sit:
2750 1272 3063 1341 disjungere
3080 1286 3208 1325 vero
3234 1276 3288 1324 et
3319 1268 3455 1321 diri-

1882 1384 2033 1425 mere
2064 1369 2265 1424 similia
2296 1368 2426 1422 dum
2472 1365 2713 1426 student,
2742 1376 2921 1432 neque
2969 1371 3149 1414 tamen
3200 1365 3453 1429 possunt.

1885 1460 2339 1531 Quandoquidem
2369 1459 2455 1513 lex
2491 1458 2560 1512 ab
2590 1456 2886 1525 Evangelio
2908 1454 3074 1508 dividi
3108 1468 3214 1506 non
3251 1457 3453 1520 potest,

1892 1552 2115 1609 invidiae
2152 1567 2265 1607 sua:
2308 1550 2549 1605 fructum
2592 1555 2955 1619 perceperunt
2996 1543 3455 1613 obiurgationem.

1893 1644 2244 1714 Quaecunque
2271 1643 2413 1698 enim
2437 1642 2504 1697 de
2524 1640 2756 1696 Patrein
2788 1640 2906 1709 lege
2932 1636 3137 1706 scripta
3168 1640 3318 1696 sunt,
3340 1633 3459 1687 btet:

1890 1738 2055 1793 etiam
2088 1744 2214 1793 sunt
2238 1738 2293 1789 in
2324 1733 2633 1803 Evangeliis
2660 1750 2675 1786 :
2708 1743 3049 1802 quaecunque
3069 1723 3309 1789 deFilio,
3343 1723 3460 1778 hac

1894 1830 1951 1884 in
1985 1829 2235 1897 utrisque
2263 1841 2280 1883 :
2309 1842 2431 1896 quae
2458 1826 2526 1881 de
2558 1822 2768 1895 Spiritu
2812 1829 3038 1886 sancto,
3084 1818 3199 1872 haec
3240 1829 3461 1887 quoque

200 1906 308 1959 ὅσα
348 1906 474 1978 περὶ
529 1906 846 1980 Πνεῦματος
898 1908 1076 1979 ἁγίου,
1121 1909 1294 1965 ταῦτα
1348 1912 1405 1964 ἐν
1458 1911 1785 1982 ἀμφοτέροις

1892 1923 1944 1977 in
1974 1922 2242 1977 ambobus
2268 1920 2509 1989 reperire
2542 1917 2842 1989 poterimus
2869 1934 2882 1970 :
2917 1920 3111 1969 neutra
3137 1910 3283 1965 enim
3313 1907 3463 1962 Scri-

201 1996 390 2068 εὑρεῖν
422 1996 761 2083 δυνησόμεθα
782 2016 795 2031 ·
828 2000 949 2055 οὐδὲ
983 2002 1238 2072 ὁπότερον
1274 2002 1385 2075 γὰρ
1424 2005 1657 2075 γράμμα
1690 2006 1784 2059 τοῦ

203 2086 523 2157 Πνεῦματος
548 2088 640 2142 τοῦ
682 2090 838 2158 ἁγίου
890 2093 1226 2164 ἀμνημονεῖ·
1279 2094 1393 2147 ἀλλ’
1447 2097 1505 2149 ἐν
1560 2096 1659 2167 μὲν
1709 2095 1788 2167 τῷ

203 2178 525 2254 Εὑαγγελίῳ
550 2184 583 2254 ἡ
617 2184 817 2255 δωρεὰ,
838 2188 958 2239 ἐκεῖ
977 2186 1037 2240 δὲ
1057 2187 1152 2241 καὶ
1178 2188 1213 2259 ἡ
1248 2188 1483 2261 αἴτησις.
1514 2191 1624 2244 Καὶ
1657 2192 1788 2244 ποτὲ

209 2271 311 2342 μιν
338 2272 485 2340 λέγει
536 2276 563 2325 ὁ
607 2275 770 2329 Δαὸίδ
793 2292 808 2307 ·
858 2276 927 2331 Τὸ
970 2278 1215 2349 Πνεῦμά
1250 2295 1367 2334 σου
1399 2279 1463 2333 τὸ
1504 2280 1674 2349 ἅγιον
1698 2281 1785 2352 μὴ

203 2362 544 2432 ἀντανέλῃς
573 2366 677 2419 ἀπ’
709 2366 882 2434 ἐμοῦο
916 2368 1045 2421 ποτέ
1069 2368 1127 2422 δέ
1161 2370 1492 2440 Εὑαγγέλιον
1520 2390 1532 2402 ·
1566 2370 1787 2427 Λάϐετε

204 2456 453 2523 Πνεῦμα
490 2456 695 2524 ἅγιονο
741 2458 806 2510 ἵν’
840 2457 870 2511 ὃ
926 2458 1025 2529 μὲν
1064 2457 1176 2530 ἔχει
1226 2460 1300 2532 μὴ
1352 2462 1641 2533 ἀφαιρεθῇ,
1675 2462 1703 2516 ὃ
1728 2463 1785 2515 δὲ

208 2541 513 2620 χαρίζεται,
562 2541 717 2613 οὗτος
750 2549 850 2621 ἔχῃ
886 2548 1084 2605 λαϐών.
1128 2552 1239 2605 Καὶ
1284 2554 1350 2623 τῇ
1399 2554 1653 2624 συνουσίᾳ
1692 2553 1784 2607 τοῦ

206 2638 367 2706 ἁγίου
394 2639 707 2711 Πνεὺματος
736 2639 1001 2711 τιμῶνται
1038 2642 1095 2694 αἱ
1136 2641 1326 2713 ψυχαὶ,
1360 2644 1494 2715 μήτε
1524 2644 1784 2699 ἀποσπώ-

214 2745 373 2801 μεναι
398 2729 499 2801 τῆς
528 2730 833 2795 συνουσίας,
880 2732 1017 2803 μήτε
1050 2732 1173 2802 δίχα
1216 2735 1314 2805 τῆς
1351 2735 1638 2798 συνουσίας
1670 2734 1785 2789 δια-

209 2818 482 2874 τελοῦσαι.

284 2912 397 2964 Καὶ
427 2913 714 2984 δυνήσεταί
753 2930 837 2977 τις
872 2915 999 2987 περὶ
1030 2916 1276 2983 ἀγγέλων
1304 2918 1398 2971 καὶ
1436 2918 1789 2988 ἀρχαγγέλων

210 3002 310 3056 καὶ
338 3002 447 3056 τῶν
488 3003 662 3058 ἄλλων
692 3004 970 3079 ἐξουσιῶν,
1017 3007 1110 3061 καὶ
1166 3010 1292 3079 περὶ
1335 3007 1621 3079 ἀνθρώπου
1653 3008 1788 3079 (6|),

209 3093 312 3147 καὶ
336 3094 458 3163 γῆς,
508 3094 603 3147 καὶ
639 3093 745 3149 τῶν
779 3093 951 3149 ἄλλων
1000 3098 1516 3170 δημιουρημάτων,
1568 3100 1793 3172 ἐπεξερ-

1890 2022 2049 2085 ptura
2078 2028 2188 2067 non
2210 2012 2463 2067 meminit
2491 2012 2560 2066 de
2587 2009 2797 2081 Spiritu
2829 2016 3054 2065 sancto:
3079 2003 3256 2058 imoin
3282 1999 3461 2053 Evan-

1890 2105 2033 2175 gelio
2059 2112 2144 2159 est
2175 2103 2379 2158 donum
2406 2142 2421 2165 ,
2449 2100 2522 2155 ibi
2556 2113 2685 2155 vero
2714 2107 2797 2153 est
2825 2095 3037 2168 petitio.
3071 2092 3136 2146 Et
3166 2088 3462 2159 aliquando

1894 2199 2029 2252 dicit
2072 2194 2241 2250 David
2278 2215 2290 2249 :
2329 2193 2591 2262 Spiritum
2620 2200 2862 2248 sanctum
2894 2198 3042 2242 tuum
3088 2200 3149 2237 ne
3182 2181 3397 2251 auferas
3429 2195 3463 2232 a

1888 2306 1971 2343 me
2000 2289 2044 2320 ⁸⁸
2104 2286 2380 2342 interdum
2422 2284 2556 2339 dicit
2582 2281 2974 2352 Evangelium:
3018 2275 3251 2342 Accipite
3289 2270 3465 2339 Spiri-

1889 2394 2002 2437 tum
2032 2392 2278 2438 sanctum
2327 2379 2411 2432 ⁸⁶ε
2449 2385 2510 2431 ιιι
2541 2376 2688 2446 quod
2719 2373 2939 2444 quidem
2978 2368 3139 2423 habet
3173 2363 3364 2426 David,
3393 2378 3462 2417 ne

1887 2475 2169 2531 auferatur
2212 2472 2261 2527 ei
2300 2480 2493 2540 rogat:
2532 2464 2680 2537 quod
2715 2479 2846 2519 vero
2897 2462 2986 2516 hic
3020 2459 3214 2521 donat,
3248 2455 3302 2509 id
3332 2468 3459 2509 cum

1888 2566 1980 2621 ille
2015 2562 2311 2633 acceperit,
2341 2559 2559 2615 habeat.
2590 2552 2984 2609 Familiaritate
3015 2550 3178 2604 etiam
3218 2544 3462 2616 Spiritus

1890 2655 2069 2712 sancti
2102 2654 2297 2708 animae
2332 2651 2692 2712 honorantur,
2731 2660 2832 2700 nec
2873 2659 2904 2697 a
2942 2640 3314 2695 familiaritate
3341 2634 3465 2704 ejus

1889 2750 2116 2812 avulsae,
2151 2759 2329 2816 neque
2360 2743 2478 2799 sine
2506 2740 2627 2810 eius
2659 2736 3028 2792 familiaritate
3057 2734 3463 2801 permanentes.

1961 2924 2042 2977 Ad
2073 2920 2323 2977 eumdem
2356 2916 2578 2971 modum
2611 2912 2810 2983 poterit
2838 2910 2965 2981 quis
3002 2887 3358 2968 elaborando,
3398 2898 3467 2953 de

1895 3016 2105 3086 angelis
2138 3022 2193 3068 et
2234 3008 2583 3079 archangelis
2613 3012 2667 3060 et
2713 3003 2832 3057 aliis
2866 2997 3260 3071 potestatibus.
3310 2999 3365 3046 et
3397 2990 3465 3043 de

1895 3108 2039 3163 cmlo
2068 3122 2131 3160 ac
2165 3112 2309 3159 terra
2336 3100 2568 3169 aliisque
2584 3094 2855 3150 creaturis
2883 3085 3297 3146 similitudinem
3330 3080 3468 3151 legis

211 3172 525 3287 ἰασάμενος
577 3185 675 3287 τῂν
727 3187 1020 3257 ὁμοιότητα
1078 3190 1173 3243 τοῦ
1222 3207 1281 3244 τε
1335 3190 1497 3261 νόμου
1554 3192 1647 3246 καὶ
1695 3170 1785 3245 τοῦ

1898 3208 1951 3254 et
1982 3195 2261 3267 Evangelii
2293 3189 2694 3259 contemplari,
2761 3193 2924 3253 atque
2976 3181 3049 3234 ita
3089 3170 3467 3245 investigando

211 3271 572 3341 Εὐαγγελίου,
610 3274 905 3347 θεωρῆσαι,
941 3278 1035 3331 καὶ
1075 3278 1218 3332 οὕτω
1255 3281 1587 3352 κατιχνεὺων
1628 3282 1785 3352 μέχρι

1896 3301 2070 3355 usque
2108 3284 2177 3337 ad
2196 3283 2480 3338 minimum
2509 3278 2800 3333 devenire:
2827 3288 2929 3327 nos
2959 3284 3088 3323 vero
3115 3274 3319 3320 tantam
3352 3275 3470 3315 mc-

209 3362 307 3418 τοῦ
364 3364 644 3435 ἐλαχίστου
706 3366 949 3435 φθάσαι·
1004 3370 1164 3439 ἡμεῖς
1216 3370 1272 3422 δὲ
1328 3370 1418 3423 τὸν
1475 3366 1791 3441 τηλικοῦτον

209 3455 376 3525 ὄγκον
405 3456 1021 3537 παραιτούμεθα,.μόνον
1049 3463 1114 3531 τῇ
1149 3460 1402 3514 ὑποθέσει
1434 3463 1789 3533 χρησάμενοι,

212 3547 313 3601 καὶ
358 3549 483 3613 τοὺς
535 3550 852 3618 φιλομαθεῖς
901 3552 1289 3623 ἐκκαλούμενοι
1343 3556 1444 3625 τῆς
1484 3556 1793 3620 ὑποθέσεως

214 3637 549 3709 ἁψαμένους,
575 3640 668 3693 ἐπὶ
705 3638 882 3693 πάντα
906 3642 974 3694 τὰ
1004 3640 1336 3713 θεωρήματα
1366 3648 1580 3714 χωρεῖν.
1614 3646 1792 3717 Ὅπερ

210 3730 273 3784 δὲ
316 3732 453 3800 μετὰ
476 3748 616 3794 τινος
644 3732 978 3803 κατηγορίας
1026 3734 1412 3788 καταιτιῶνται
1450 3738 1499 3788 οί
1540 3738 1793 3808 αίρεσιῶ-

210 3839 328 3885 ται,
371 3821 529 3876 τοῦτο
575 3823 734 3894 μόνον
772 3823 1195 3896 προσγράψομεν
1240 3826 1318 3897 τῷ
1363 3826 1523 3898 λόγῳ,
1568 3829 1792 3905 ῖναςκαὶ

210 3913 317 3985 τὴν
374 3915 553 3967 αἰτίαν
611 3916 834 3968 ἐκείνων
882 3916 1152 3987 λύσωμεν,
1205 3918 1297 3970 καὶ
1346 3917 1440 3971 τοῦ
1482 3921 1645 3990 νόμου
1695 3922 1794 3986 τὰς

210 4005 488 4069 διαθέσεις
509 4007 985 4078 κατοπτεύσωμεν.
1021 4008 1083 4060 El
1111 4006 1219 4080 γὰρ
1258 4011 1455 4062 ἐκεῖνοι
1483 4009 1581 4081 τὴν
1616 4013 1793 4067 αἰτίαν

210 4097 329 4151 τῶν
357 4098 700 4170 γραμμάτων
731 4097 1192 4167 ἀναγινώσκοντες
1233 4099 1533 4177 ὑϐριστικῷ
1566 4104 1793 4175 στόματι

212 4190 533 4262 κέχρηνται,
567 4190 680 4245 ἀλλ’
706 4193 865 4263 ἡμεῖς
891 4193 984 4245 καὶ
1008 4195 1074 4264 τῇ
1104 4194 1378 4265 ὁμοιότητι
1399 4194 1793 4269 δυσωπήσομεν

210 4280 399 4337 αὐτῶν
444 4281 543 4352 τὴν
582 4282 797 4336 ἄνοιαν·
833 4284 924 4336 καὶ
970 4281 1065 4353 τὴν
1110 4283 1289 4337 αίτίαν
1330 4284 1671 4357 παραθέσθαι
1717 4288 1791 4360 μὴ

213 4373 685 4445 παραιτησόμεθα.

1894 3377 1999 3431 lem
2037 3382 2393 3434 recusantes,
2449 3377 2504 3423 et
2559 3365 2831 3437 principio
2874 3369 3084 3413 tantum
3129 3356 3236 3419 usi,
3269 3365 3470 3423 moro-

1893 3476 2188 3537 cantesque
2216 3464 2517 3523 studiosos,
2550 3466 2608 3512 ut
2637 3463 2895 3525 suscepto
2912 3454 2977 3506 ad
2997 3448 3340 3505 tractandum
3375 3458 3466 3499 ar-

1899 3570 2159 3633 gumento
2191 3558 2256 3612 ad
2286 3557 2468 3611 omnia
2494 3554 2829 3608 theoremata
2853 3545 3175 3616 procedant,
3202 3540 3255 3594 id
3287 3538 3467 3593 solum

1895 3625 1961 3707 ad
1983 3652 2179 3705 librum
2201 3648 2581 3717 adjungentus,
2623 3639 2763 3710 quod
2802 3632 3041 3690 haeretici
3073 3644 3195 3683 cum
3228 3625 3467 3696 quadam

1898 3742 2322 3813 reprehensione
2378 3744 2675 3793 accusant,
2718 3738 2778 3783 ιιι
2823 3740 3013 3782 eorum
3051 3717 3464 3776 accusationem

1901 3836 2292 3893 dissolvamus,
2337 3837 2392 3883 et
2444 3826 2579 3894 legis
2615 3819 3004 3890 dispositiones
3044 3808 3461 3883 perspiciamus.

1902 3929 1960 3983 Si
1998 3927 2141 3981 enim
2170 3924 2244 3977 illi
2287 3922 2529 3990 legentes
2562 3928 2681 3985 qua}
2722 3919 2913 3965 contra
2950 3905 3285 3974 Scripturam
3324 3897 3464 3966 obji-

1899 4022 2075 4082 ciunt,
2108 4032 2203 4071 ore
2233 4009 2631 4069 contumelioso
2657 4006 2738 4059 usi
2772 4013 2932 4057 sunt:
2966 4006 3019 4051 at
3050 4012 3148 4050 nos
3174 3990 3466 4045 amentiam

1904 4080 2271 4169 similitudine
2305 4104 2723 4172 redarguemus,
2754 4104 2811 4150 'et
2838 4107 2957 4163 quae
2990 4091 3043 4145 in
3077 4084 3306 4142 crimine
3324 4080 3461 4151 obji-

1910 4206 2085 4268 ciunt,
2120 4213 2393 4272 apponere
2420 4212 2528 4251 non
2553 4190 2949 4247 dubitabimus.

1290 4514 1596 4571 Cum-XIII.
1640 4520 1913 4578 Acerbitas
1938 4520 2062 4590 legis
2089 4512 2396 4570 vindicatur.

303 4627 622 4698 Ἐγκαληῦσι
662 4628 769 4700 γὰρ
804 4629 884 4700 τῷ
918 4630 1131 4701 παλαιῷ
1171 4633 1340 4703 νόμῳ,
1372 4632 1447 4696 ὡς
1480 4638 1674 4706 τραχεῖ
1705 4641 1785 4692 καῖ

1978 4638 2258 4691 Accusant
2282 4629 2427 4685 enim
2462 4630 2698 4679 veterem
2728 4618 2901 4687 legem
2933 4623 3193 4680 tanquam
3222 4604 3474 4661 acerbam

209 4725 447 4791 ἀπηνεῖ·
478 4721 767 4789 ἐγκαλοῦσι
798 4724 893 4776 καὶ
938 4725 1050 4787 τοῖς
1094 4724 1345 4789 παλαιοῖς
1390 4725 1692 4798 ὑπηρέταις
1723 4730 1785 4795 ὡς

1902 4738 1956 4784 et
1982 4724 2261 4783 crudelem
2296 4739 2307 4773 :
2345 4720 2609 4773 accusant
2639 4720 2896 4782 praeterea
2935 4711 3144 4758 veteres

207 4814 666 4886 αὑστηροτέροις,
696 4814 791 4867 καὶ
850 4817 1049 4886 μᾶλλον
1083 4817 1218 4889 πρὸς
1262 4818 1361 4890 τὴν
1393 4820 1676 4890 ἐπιτιμίαν
1712 4822 1801 4893 ῥέ-

3192 4696 3476 4751 ministros

1902 4828 2165 4891 tanquam
2204 4813 2538 4870 austeriores
2592 4815 2647 4861 et
2708 4803 2881 4874 magis
2932 4800 2995 4852 ad
3041 4792 3473 4865 obiurgationem

204 4884 409 4968 πουσι,
433 4884 793 4979 καὶγστοργῆς
826 4884 1008 4972 ἐλέους
1030 4884 1489 4981 ἀπήλλαγμένοις,
1516 4884 1589 4984 μὴ
1619 4884 1785 4967 νοοῦν

1899 4884 2233 4985 propensos,
2273 4913 2327 4961 et
2359 4902 2430 4959 ab
2454 4899 2741 4955 affectione
2792 4887 3180 4947 misericordiae
3230 4884 3436 4937 alienos
3458 4921 3474 4945 ,

204 5013 311 5061 τις
358 4994 421 5049 τὸ
466 4972 886 5068 γεγραμμένον
932 4972 1154 5053 Ἷίϊπεοέ⁹
1335 4972 1538 5069 κρίσιέ·
1576 4972 1785 5071 domitat

1901 4972 2412 5067 nun-intelligentes
2437 4989 2582 5061 quod
2612 4987 2874 5055 scriptum
2903 4986 3012 5033 est:
3048 4972 3474 5031 Misericordiam

206 5104 342 5152 σοι,
371 5089 547 5157 Κύριε
573 5105 587 5119 ⁸
636 5091 775 5161 μήτε
798 5088 1021 5156 εἰδότες,
1056 5091 1139 5145 δτι
1168 5093 1201 5162 ἠ
1232 5092 1503 5164 τελειότης
1530 5094 1627 5164 τῆς
1652 5096 1797 5146 οίκο-

207 5178 413 5249 νομίας
450 5177 510 5242 ἐξ
551 5178 736 5241 ἐλέους
780 5180 877 5233 καὶ
924 5181 1205 5253 ἐπιτιμίας
1252 5183 1503 5253 ἤρτηται.
1551 5184 1661 5236 Καὶ
1706 5183 1794 5237 διὰ

205 5268 379 5325 τοῦτο
407 5268 882 5339 ἀμϐλυωποῦντες,
925 5273 1169 5327 σιωπῶσι
1197 5275 1324 5338 τοὺς
1356 5276 1671 5347 οίκτιρμοὺς
1698 5275 1793 5329 τοῦ

215 5363 385 5435 νόμου
408 5378 423 5393 ·
451 5361 649 5433 μᾶλλον
688 5363 746 5416 δὲ
788 5364 901 5417 τῶν
936 5365 1308 5437 ἐπιτιμήσεων
1361 5366 1791 5436 μνημονεύουσι·

208 5454 317 5511 καὶ
366 5454 479 5509 ἅνω
525 5454 621 5508 καὶ
660 5453 810 5507 κάτω
858 5454 1084 5525 βοιῖισινο
1114 5456 1229 5528 Οὐχ
1260 5458 1425 5530 ὁρᾶτε
1450 5496 1466 5522 ,
1490 5458 1675 5529 φησιν,
1709 5459 1795 5513 ἶνα

291 5632 340 5665 ⁸⁵
381 5629 525 5687 Psal.
561 5647 617 5697 ι,
651 5630 739 5685 15.
814 5630 859 5661 ⁸⁸
899 5629 1061 5687 Joan.
1099 5648 1193 5699 xx,
1227 5633 1317 5689 22.
1396 5635 1439 5668 "
1481 5633 1625 5690 Psal.
1658 5648 1710 5703 ς,
1750 5634 1796 5689 l.

293 5788 411 5862 (οι)
460 5786 809 5856 Ἀνθρώπου.
844 5785 924 5842 An
956 5786 1220 5858 οὐρανοῦῖ

1904 5105 1953 5150 et
1972 5092 2236 5164 judicium
2266 5084 2491 5142 cantabo
2522 5082 2639 5144 tibi,
2658 5077 2875 5131 Domine
2901 5074 2968 5139 '7;
2999 5084 3175 5140 neque
3201 5066 3471 5128 scientes,

1906 5159 2305 5256 perfectionem
2338 5178 2549 5231 ratione
2581 5165 2995 5242 gubernationis
3048 5178 3113 5216 ex
3160 5159 3475 5215 misericor-

1904 5250 1994 5333 dia
2028 5282 2083 5331 et
2114 5271 2489 5329 vindicatione
2524 5265 2776 5338 pendere.
2816 5259 3023 5314 Idcirco
3052 5254 3240 5311 cmeati
3262 5292 3277 5317 ,
3312 5250 3474 5306 misc«

1907 5370 2157 5425 rationes
2185 5366 2322 5438 legis
2354 5368 2576 5428 tacent;
2606 5368 2660 5414 et
2682 5354 3109 5410 vindicationum
3144 5350 3329 5421 potius
3363 5358 3475 5399 me-

1908 5432 2309 5524 minerunt;‘et
2354 5451 2559 5523 ubique
2603 5449 2886 5504 clamant:
2942 5438 3058 5495 Non
3099 5437 3313 5499 videtis,
3344 5432 3473 5504 quia
