4044 6324
1728 360 1867 418 τιτι
1909 361 2337 421 υοετιωιειε
2375 361 2683 421 151⁵180091

3722 370 3862 429 ηιμ

597 476 751 547 pueri
779 475 930 546 parvi
953 478 1264 532 convicium
1301 478 1552 533 fecerunt
1576 479 1788 546 Eliseo‘;
1817 480 2031 538 Ellseus
2045 497 2175 537 vero

2281 481 2464 535 παιδία
2503 481 2856 552 λοιδορησωσι
2896 482 2989 535 τὸν
3034 481 3364 537 Ἐλισσατον·
3417 486 3732 554 κατηρᾶτο,
3770 487 3862 538 καὶ

599 568 886 622 maledixit
922 568 1006 623 eis
1027 606 1044 631 .
1085 575 1140 623 et
1173 569 1392 624 duobus
1437 572 1585 626 ursis
1615 570 1842 626 tradidit
1870 586 2071 641 pueros
2104 572 2172 627 ad

599 659 1014 715 devorandum?
1044 658 1163 721 Non
1190 660 1410 727 videtis,
1450 663 1578 732 quia
1622 663 1950 733 quibusdam
1991 664 2175 718 militi-

601 749 708 809 bus
731 753 915 806 missis
941 768 971 807 a
1007 768 1133 824 rege
1166 754 1233 807 ad
1259 755 1566 808 vocandum
1597 753 1770 810 Etiam
1823 756 2032 818 invitis,
2067 772 2172 811 no-

601 843 703 897 luit
734 843 813 897 ire
841 859 967 897 cum
997 843 1101 911 eis,
1132 843 1311 914 ignem
1333 843 1612 912 jaculatus
1655 854 1764 910 est,
1786 852 1839 899 et
1866 845 2013 898 viros
2042 858 2174 899 con—

599 937 858 1004 sumpsit,
883 937 1161 1006 inquiens.
1196 935 1257 991 Si
1286 940 1366 990 vir
1399 935 1496 990 Dei
1525 953 1616 1006 ego
1637 953 1776 999 sum,
1808 936 2078 990 descendet
2107 937 2173 990 de

598 1028 727 1081 ccio
750 1029 914 1096 ignis,
965 1038 1016 1081 et
1061 1029 1331 1082 desornbit
1363 1038 1410 1082 te
1438 1035 1488 1082 et
1535 1029 1916 1098 quinquaginta
1941 1037 2056 1081 tuos
2083 1027 2172 1081 "‘3

599 1119 658 1175 Si
688 1120 853 1189 bujus
887 1121 1013 1174 mali
1048 1122 1402 1176 accusatione
1427 1127 1482 1174 et
1504 1119 1778 1174 vindictas
1804 1122 1943 1173 inter
1975 1121 2172 1173 vitiosa

595 1220 651 1266 et
676 1227 843 1282 prava
879 1211 1151 1276 referunt,
1185 1210 1315 1282 quid
1345 1211 1548 1266 dicturi
1583 1221 1714 1268 sunt
1749 1211 1816 1266 de
1845 1211 2044 1275 Paulo;
2078 1213 2170 1281 qui

596 1317 723 1357 cum
763 1302 970 1358 videret
1007 1303 1305 1372 aliquando
1342 1301 1610 1358 Bar—Jesu
1641 1318 1857 1373 magum
1880 1343 1894 1365 ,
1929 1303 2022 1372 qui
2053 1314 2170 1356 erat

595 1410 721 1449 cum
750 1395 943 1466 Sergio
972 1394 1142 1450 Paulo
1169 1395 1520 1465 proconsule,
1552 1394 1936 1455 disserentem.
1967 1407 2020 1449 et
2037 1396 2170 1447 arti-

596 1486 789 1544 ﬂciosa
823 1487 1229 1543 machinatione
1259 1489 1532 1543 orationis
1560 1495 1796 1543 mentem
1835 1503 2025 1543 eorum
2078 1487 2170 1557 qui

595 1580 880 1635 veritatem
915 1580 1246 1642 didicerant,
1275 1580 1698 1650 depravantem,
1733 1595 1843 1635 non
1915 1589 1999 1635 est
2032 1597 2158 1650 pas-

2275 573 2426 625 δυσὶν
2459 575 2682 642 ἄρκτοις
2713 572 2902 625 ἐκδοτα
2929 575 3210 645 παρεδίδου
3230 573 3300 627 τά
3325 573 3514 644 νήπια,
3543 571 3719 645 βορὰν
3748 577 3860 645 (63‘;

2274 669 2366 721 καὶ
2398 668 2579 736 θοίνην
2621 664 3052 736 παρεσκευακὼς
3091 667 3204 729 τοῖς
3252 667 3475 735 ἀρκτοις
3521 663 3595 716 τὰ
3627 665 3858 728 παιδίας

2275 761 2384 828 Οὐχ
2436 761 2620 830 ὁρᾶτε,
2675 756 2857 825 φησὶν,
2912 755 2996 807 ἵνα
3045 757 3188 818 τινὲς
3241 755 3463 817 ἄκοντες
3517 751 3856 823 στρατιῶται

2273 850 2381 904 ἀπὸ
2411 849 2501 901 τοῦ
2532 845 3262 908 ἐπιτάττοντος¹ἀποσταλῶσι
3285 845 3511 899 καλέσαι
3522 844 3615 898 τὸν
3644 845 3856 910 Ἠλίαν,

2275 941 2486 1010 βαδίσαι
2519 941 2619 1009 μὲν
2657 938 2891 1008 ὤκνησε,
2927 939 3023 990 καὶ
3068 936 3271 1005 φθάσαι
3319 939 3702 1008 παρῃτήσατο,
3748 935 3855 1007 πῦρ

2271 1032 2326 1084 δὲ
2368 1033 2707 1099 κατήνεγκε,
2754 1029 2848 1081 καὶ
2890 1030 3014 1090 τοὺς
3065 1027 3262 1099 ἄνδρας
3307 1028 3550 1081 ἐδαπάνα
3602 1028 3705 1080 καὶ
3760 1028 3850 1080 ἀνι

2272 1124 2461 1191 ήλισκε
2479 1161 2491 1184 ,
2517 1121 2707 1189 λέγων·
2727 1122 2793 1174 Et
2820 1119 3125 1188 ἄνθρωπος
3149 1119 3248 1172 τοῦ
3269 1119 3416 1172 Θεοῦ
3444 1121 3561 1187 ειμι
3582 1118 3725 1187 ἐγὼ,
3758 1135 3856 1171 san-

2274 1215 2590 1279 τασήσεται
2624 1213 2744 1282 πῦῤ
2766 1211 2883 1266 ἀπὸ
2919 1211 3025 1264 τοῦ
3056 1211 3334 1277 οὐρανοῦ,
3360 1212 3459 1264 καὶ
3500 1213 3852 1280 καταφαγῆ-

2272 1307 2444 1360 aetat
2482 1322 2554 1359 σε
2597 1305 2694 1358 καί
2732 1304 2872 1367 τοὺς
2908 1300 3282 1364 πεντήκοντὰ
3312 1316 3470 1363 σου;
3512 1304 3628 1355 Καὶ
3666 1301 3850 1371 ἐπειδὴ

2272 1399 2526 1460 τοιαῦτας
2564 1396 2764 1458 αίτίας,
2811 1393 2902 1446 καὶ
2947 1391 3204 1454 τοιαύτας
3253 1392 3533 1460 ἐπιτιμίας
3583 1395 3643 1445 ἐν
3703 1390 3850 1457 τάξει

2272 1491 2536 1560 πονηρίας
2571 1491 2663 1542 καὶ
2695 1485 2888 1548 κακίας
2926 1484 3184 1546 τίθενται,
3232 1482 3282 1535 τί
3315 1483 3500 1552 ἐροῦσι
3530 1485 3663 1553 περὶ
3707 1483 3849 1536 nat-

2272 1581 2363 1634 λου
2384 1599 2397 1611 ·
2422 1583 2567 1642 ὅστις
2597 1578 2729 1631 ποτὲ
2769 1577 2858 1631 τὸν
2897 1576 3185 1645 λεγόμενον
3218 1571 3522 1645 Βαριησοῦν
3552 1574 3647 1626 τὸν
3682 1573 3856 1643 μάγον

595 1686 714 1733 sus,
748 1671 1069 1742 increpavit,
1092 1671 1326 1739 punivit,
1369 1671 1604 1741 privavit
1641 1671 1838 1732 oculis,
1873 1670 2167 1724 clamavit:

2278 1675 2366 1726 ἐπὶ
2391 1673 2616 1742 Σεργίου
2650 1670 2861 1722 Παύλου
2887 1667 3216 1728 ἀνθυπάτου,
3249 1666 3322 1728 ὡς
3351 1666 3740 1733 κακοτεχνίαις
3765 1665 3853 1718 τοὺ

597 1762 811 1832 Ορίεηε
850 1763 973 1816 dolo
1003 1774 1051 1816 et
1085 1765 1226 1816 omni
1250 1763 1494 1831 fallacia.
1525 1765 1604 1831 ﬁli
1644 1763 1865 1824 diaboli,
1899 1779 2003 1816 non
2029 1763 2170 1816 desi-

2278 1766 2430 1833 λόγου
2469 1763 2831 1835 στρεφόμενον
2874 1761 2972 1831 τὴν
3009 1761 3244 1814 διάνοιαν
3287 1758 3395 1809 τῶν
3441 1758 3854 1827 παιδευομένων

595 1856 678 1909 nis
713 1856 1008 1909 subvertere
1041 1857 1150 1909 vias
1183 1853 1396 1909 Domini
1418 1867 1586 1909 rectas
1607 1858 1630 1910 .’
1649 1853 1714 1909 Et
1744 1871 1879 1909 nunc
1909 1871 2023 1908 ecce
2048 1871 2165 1907 ma-

2278 1856 2434 1926 ίώρα,
2463 1857 2561 1908 οὐκ
2589 1856 2840 1923 ἤνεγκεν,
2881 1853 3196 1921 ἐπετίμησε,
3232 1851 3486 1918 στέρησιν
3512 1847 3625 1899 τῶν
3657 1847 3855 1914 ὀφθαλ-

595 1965 694 2002 nus
735 1948 947 2001 Domini
994 1965 1151 2014 super
1183 1958 1249 2009 te,
1279 1960 1330 2001 et
1363 1951 1469 2003 eris
1503 1966 1692 2013 cacus,
1735 1967 1838 2003 non
1872 1951 2048 2004 videns
2078 1967 2166 2004 so-

2278 1949 2390 2020 μῶν
2444 1949 2769 2018 εἰργάσατο,
2823 1947 3066 2016 ἐϐόησεν·
3120 1941 3194 1998 '0
3247 1942 3476 2009 πλῆρες
3523 1941 3718 1994 δόλου
3762 1943 3854 1992 καὶ

595 2038 696 2093 lem
727 2055 890 2108 usque
923 2040 991 2091 ad
1024 2041 1300 2107 tempus".

2278 2042 2475 2107 πάσης
2501 2041 2903 2108 ῥᾳδιουργίας,
2931 2040 3023 2093 υίὲ
3051 2039 3348 2097 διαϐόλου,
3385 2037 3459 2089 οὐ
3490 2035 3704 2100 παύσῃ
3737 2033 3856 2085 δια·

593 2131 868 2201 στρέφων
916 2134 1021 2199 τὰς
1101 2135 1281 2200 ὀδοὺς
1340 2138 1563 2202 Κυρίου
1618 2137 1724 2200 τὰς
1776 2136 2011 2202 εὐθείας
2028 2152 2046 2198 ;
2093 2136 2201 2190 Kal
2242 2136 2371 2191 ίδοὺ
2418 2139 2547 2206 χείρ
2599 2139 2820 2205 Κυρίου
2865 2137 2962 2189 ἐπὶ
3006 2135 3099 2200 σὲ,
3154 2134 3249 2186 καὶ
3294 2133 3407 2200 ἔσῃ
3455 2129 3725 2199 τυφλός,
3773 2127 3862 2197 μὴ

590 2226 841 2291 βλέπων
869 2228 974 2281 τὸν
998 2229 1173 2294 ἥλιον
1193 2229 1329 2298 ἄχρι
1355 2231 1561 2296 καιροῦ
1586 2247 1603 2291 ;

1348 2364 1476 2418 Cn.
1519 2363 1655 2418 XIV.
1686 2364 1826 2419 Deus
1863 2366 2035 2433 parcit
2060 2366 2114 2419 in
2149 2365 2318 2420 Veteri
2351 2375 2399 2420 et
2436 2365 2488 2417 in
2528 2362 2674 2416 Novo
2704 2361 3053 2416 Testamento.

2343 2479 2407 2530 Τί
2439 2478 2496 2530 δὲ
2539 2477 2721 2548 ἐροῦσι
2771 2477 2896 2545 περὶ
2927 2474 3022 2528 τοῦ
3073 2472 3300 2542 Πέτρου,
3346 2470 3435 2523 ὅτε
3477 2470 3734 2533 ’Δνανίας
3763 2471 3856 2524 καὶ

2275 2570 2579 2638 Σάπφειρα.
2628 2567 2975 2636 πωλήσαντες
3008 2563 3323 2634 κτημάτων,
3362 2561 3717 2628 ἑνοσφίσαντο
3759 2561 3851 2629 μεί-

2278 2676 2388 2730 ρος,
2416 2658 2578 2727 μέρος
2613 2657 2668 2708 δὲ
2695 2656 3079 2725 κεκομίκασιν·
3115 2655 3196 2706 ὅτι
3240 2652 3430 2721 κρίνας
3474 2652 3570 2704 καὶ
3605 2648 3849 2716 ἐλέγξας,

664 2473 806 2540 Quid
831 2475 897 2530 de
916 2473 1076 2528 Petro
1090 2473 1294 2536 dicent,
1311 2475 1534 2545 quando
1559 2475 1799 2532 Ananias
1815 2485 1868 2531 et
1889 2477 2161 2548 Sapphira

596 2565 815 2620 vendita
868 2564 1316 2633 possessiuncula
1368 2572 1578 2634 partem
1612 2567 1770 2635 pretii
1814 2568 1916 2622 sibi
1955 2577 2167 2623 averte—

596 2661 744 2716 runt,
772 2661 980 2723 partem
1011 2654 1345 2719 attulerunt,
1389 2669 1515 2708 cum
1549 2655 1818 2711 Ananiam
1859 2658 2166 2726 judicatum

595 2753 650 2801 et
679 2743 949 2799 mendacii
1006 2746 1321 2800 convictum
1361 2753 1538 2800 morte
1585 2746 1789 2812 ail‘ecit,
1841 2748 2166 2820 Sappbiram

595 2847 779 2893 autem
826 2836 1004 2892 eidem
1057 2837 1312 2905 sepulcro
1359 2838 1638 2892 tradidit?
1687 2838 1952 2895 Iacebant
2019 2843 2165 2896 enim

595 2929 819 2990 mortui,
851 2928 1015 2981 verbo
1041 2927 1334 2982 interiecti.
1372 2926 1486 2980 Illic
1510 2930 1650 2998 ignis
1683 2930 1880 2986 allatus
1912 2948 2168 2988 consum-

2275 2752 2364 2805 τὸν
2398 2751 2496 2820 μὲν
2544 2749 2790 2801 Ἀνανίαν
2827 2748 3014 2817 νεκρὸν
3057 2747 3242 2812 ἔδειξε,
3294 2745 3391 2815 τὴν
3429 2743 3487 2796 δὲ
3535 2743 3858 2815 Σάπφειραν

2274 2843 2353 2914 τῷ
2407 2841 2555 2910 αὑτῷ
2608 2840 2898 2912 μνηματίῳ
2965 2839 3386 2911 παραδέδωκεν;
3446 2838 3699 2889 Ἔκειντο
3745 2835 3848 2904 γὰρ

2277 2935 2459 3006 νεκροὶ
2523 2935 2666 3003 λόγῳ
2721 2933 3076 3005 ἀνῃρημένοι.
3131 2933 3307 2984 Κάκεῖ
3352 2931 3450 3000 μὲν
3492 2929 3552 2981 τὸ
3604 2928 3718 2998 πῦρ
3769 2942 3850 2979 κο-

595 3020 706 3090 psit
736 3019 804 3072 ad
837 3018 1009 3072 Eliam
1033 3018 1308 3088 profectos
1345 3039 1356 3072 :
1401 3019 1492 3072 hic
1548 3024 1775 3076 verbum
1809 3025 2070 3078 emissum
2113 3026 2167 3078 in

2281 3025 2469 3096 μισθὲν
2515 3024 2773 3094 ἀνήλισκε
2825 3023 2948 3085 τοὺς
3003 3021 3394 3090 ἀφικομένους·
3444 3015 3545 3072 ὧδε
3596 3019 3657 3070 δὲ
3701 3019 3851 3085 λόγικ

595 3120 894 3182 conspectu
925 3111 1321 3181 discipulorum
1351 3110 1550 3170 eﬂecit.
1578 3121 1637 3165 ut
1659 3115 1751 3184 qui
1778 3115 1934 3170 ﬁdem
1966 3131 2171 3185 caupo-

2278 3113 2555 3184 προελθὼν
2582 3115 2639 3166 ἐν
2668 3113 2819 3181 ὄψεσι
2842 3110 2950 3163 τῶν
2975 3108 3419 3180 μαθητευομένων
3440 3108 3669 3174 νεκροὺς
3691 3103 3849 3167 ἔδειξε

596 3205 714 3261 nati
745 3214 925 3268 erant,
960 3216 1327 3262 morerentur.
1368 3205 1482 3258 Illic
1525 3204 1739 3261 Eliseus
1767 3221 1999 3274 corpora
2041 3224 2172 3277 pue-

2278 3202 2401 3263 τοίις
2434 3202 2533 3271 τὴν
2569 3203 2751 3253 πίστιν
2793 3198 3288 3267 κεκατιηλευκότας.
3325 3198 3504 3249 Κάκεῖ
3545 3197 3644 3263 μὲν
3685 3195 3851 3246 Ἑλισ-

597 3307 786 3346 rorum
824 3293 1010 3348 bestiis
1044 3293 1230 3347 dedit:
1275 3294 1363 3346 hic
1420 3293 1624 3349 Paulus
1669 3303 1949 3364 aspectum
1987 3297 2170 3350 oculo-

2278 3297 2425 3356 σαῖος
2456 3294 2618 3364 θηρσὶ
2655 3293 2724 3345 τὰ
2763 3291 2989 3361 σώματα
3028 3291 3135 3343 τῶν
3182 3291 3389 3360 νηπίων
3424 3289 3591 3340 ἐδίδου
3617 3304 3630 3316 ·
3661 3281 3761 3339 ὦδε
3799 3286 3850 3338 δὲ

599 3398 721 3437 rum
755 3385 980 3442 ademit.
1031 3394 1084 3439 et
1113 3399 1236 3440 eum
1286 3385 1380 3451 qui
1423 3386 1670 3450 videbat,
1706 3389 1962 3452 caecavit;
1997 3397 2049 3442 et
2078 3390 2171 3458 qui

2278 3385 2486 3447 Παῦλος
2518 3384 2718 3456 ἀφῄρει
2749 3383 2843 3451 τὴν
2877 3383 3059 3452 βλέψιν
3086 3382 3191 3432 τῶι
3221 3382 3504 3449 ὀμμάτων,
3537 3381 3631 3431 καὶ
3656 3378 3860 3445 τυφλὸν

600 3475 729 3529 talia
762 3485 1132 3546 patraverunt,
1170 3490 1362 3544 ptenas
1403 3475 1692 3532 dederunt.
1726 3476 1781 3532 Si
1819 3479 1983 3548 igitur
2012 3496 2174 3549 paena

2278 3478 2364 3530 τὸν
2416 3476 2680 3545 βλέποντα
2731 3473 3012 3544 εἰργάζετο
3036 3490 3050 3502 ·
3100 3472 3192 3523 καὶ
3244 3469 3466 3522 τοιαῦτα
3525 3469 3854 3538 πράττοντες

602 3580 668 3620 ac
698 3567 939 3620 vindicta
969 3568 1023 3620 in
1058 3567 1216 3622 malis
1250 3576 1595 3634 numeratur,
1634 3570 1763 3623 mali
1797 3579 1926 3624 sunt
1969 3573 2173 3627 Paulus

2278 3569 2373 3631 τὰς
2402 3568 2679 3636 ἐπιτιμίας
2712 3567 3021 3618 δεδώκασιν.
3063 3566 3124 3617 Εί
3157 3560 3250 3616 οὖν
3282 3564 3375 3614 ἐπὶ
3412 3561 3634 3622 ἀτόποις
3670 3563 3702 3631 ἠ
3735 3564 3849 3613 ἐπι-

601 3665 657 3712 et
686 3655 880 3712 Petrus
905 3677 914 3709 :
950 3658 1035 3712 sin
1068 3666 1248 3712 autem
1276 3659 1403 3712 boni
1429 3667 1580 3726 sunt,
1606 3661 1733 3730 quia
1767 3663 2000 3732 apostoli
2025 3673 2172 3729 sunt,

2278 3658 2436 3728 τιμία
2481 3657 2835 3726 λαμϐάνεται,
2879 3655 3076 3714 ἄτοπος
3123 3647 3326 3720 Πέτρος
3381 3647 3476 3700 καί⁵
3517 3646 3760 3708 Παῦλος·
3805 3648 3850 3697 εί

601 3749 731 3803 boni
761 3757 910 3811 sunt,
947 3750 1076 3818 quia
1114 3766 1303 3819 poenas
1329 3763 1649 3822 exegerunt.
1687 3752 1826 3818 Quid
1863 3770 2056 3824 pmnas
2086 3770 2175 3809 ac-

2279 3749 2336 3800 δὲ
2370 3746 2521 3799 καλοί
2553 3748 2709 3806 εἰσιν,
2750 3746 2831 3797 ὅτι
2862 3741 3148 3795 ἀπόστολοί
3179 3743 3284 3794 είσι
3304 3780 3318 3801 ,
3373 3739 3466 3791 καὶ
3496 3736 3650 3790 καλοί
3695 3739 3850 3798 εἰσιν,

602 3855 790 3902 cusas,
823 3841 987 3908 idque
1015 3842 1280 3909 apostolis
1312 3844 1644 3914 irrogatione
1689 3859 1976 3914 poenarum
2014 3847 2175 3902 usis?

2283 3841 2364 3892 ὅτι
2397 3838 2837 3906 ἐπιτετιμήκασι.
2869 3835 2932 3887 Τί
2970 3832 3274 3894 διαϐάλλεις
3297 3830 3392 3892 τὰς
3432 3830 3729 3897 ἐπιτιμίας,
3763 3827 3852 3879 καὶ

602 3930 810 3997 Quodsi
842 3932 1119 4000 apostolos
1161 3933 1382 4001 quidem
1421 3937 1810 4003 approbamus,
1832 3950 2022 4005 poenas
2051 3952 2175 3992 vero

2282 3932 2389 3983 τῶν
2419 3930 2731 3982 ἀποστόλων
2762 3927 3063 3996 ἐπιτιμίαις
3095 3924 3483 3995 χρησαμένων;
3514 3922 3575 3974 El
3603 3922 3728 3982 τοὺς
3758 3921 3852 3990 μὲν

605 4021 1010 4090 improbamus:
1052 4037 1160 4075 non
1196 4023 1501 4077 decernunt
1533 4025 1617 4078 vel
1659 4026 1751 4094 jus
1801 4026 1991 4080 dicunt
2034 4027 2175 4096 leges

2283 4023 2612 4084 ἀποστόλους
2645 4019 3040 4089 ἀποδεχόμεθα,
3083 4019 3179 4078 τὰς
3226 4016 3280 4067 δὲ
3327 4014 3604 4082 ἐπιτιμίας
3651 4012 3852 4100 μεμφόι-

605 4111 908 4167 secundum
943 4130 1231 4184 personam
1254 4115 1322 4169 de
1361 4114 1558 4180 factis;
1590 4130 1698 4170 non
1721 4119 2175 4187 disceptantcon-

2289 4116 2468 4186 μεθα·
2521 4114 2581 4165 οὑ
2637 4112 2778 4165 κατά
2828 4112 3114 4180 πρόσωπον
3174 4110 3223 4160 οἱ
3279 4107 3433 4176 νόμοι
3488 4105 3734 4174 κρίνουσι
3789 4103 3850 4155 τὰ

604 4211 686 4257 tra
714 4221 980 4275 personas
1010 4223 1022 4270 ;
1056 4205 1150 4261 sed
1192 4205 1561 4276 astipulantur
1595 4207 1942 4263 similitudini
1998 4209 2176 4264 facto-

604 4308 749 4350 rum.

2286 4203 2621 4273 πράγματα,
2686 4202 2714 4270 ἢ
2767 4201 3115 4263 δικάζουσιν·
3175 4197 3234 4249 οὑ
3291 4195 3426 4265 πρὸς
3475 4195 3544 4246 τὰ
3593 4192 3850 4262 πρόσωπα

2286 4293 2665 4366 ἐρεσχελοῦσι,
2692 4297 2759 4364 τῇ
2798 4293 2855 4346 δὲ
2893 4292 2999 4344 τῶν
3038 4289 3285 4360 πράξεων
3323 4287 3601 4357 ὁμοιότητι
3639 4282 3850 4352 συντρί-

2286 4404 2490 4458 χουσιν.

1194 4519 1322 4571 Car.
1365 4516 1481 4571 XV.
1516 4516 1875 4587 Evangelium,
1908 4520 2273 4575 misericordia
2294 4523 2524 4587 plenum.
2557 4521 2690 4586 Lex,
2721 4521 2905 4575 umbra
2937 4521 3256 4588 futurorum.

675 4629 786 4687 Sed
819 4645 1011 4683 rursus
1041 4628 1192 4681 aiunt
1223 4648 1233 4681 :
1268 4631 1590 4685 Misericors
1619 4640 1700 4684 est
1731 4630 1936 4697 Filius;
1971 4633 2178 4688 miseri-
2211 4639 2255 4693 D

603 4713 730 4779 Cors
759 4723 853 4792 qui
885 4721 1175 4790 Evangelia
1203 4723 1426 4790 scripsit
1454 4740 1466 4787 ;
1515 4730 1568 4775 et
1597 4724 1691 4790 qui
1725 4725 2042 4778 misericors
2071 4734 2175 4788 est,

605 4816 751 4870 lilius
795 4823 878 4868 est
935 4813 1328 4868 misericordis.
1386 4814 1492 4870 Lex
1545 4831 1674 4870 vero
1723 4815 1859 4868 dura
1895 4828 1946 4868 et
1985 4830 2178 4884 aspera

604 4914 711 4971 est,
744 4922 855 4960 non
897 4922 1129 4976 parcens
1188 4906 1676 4975 delinquentibus:
1741 4908 2177 4961 miscricordiam

605 5005 787 5052 autem
841 4998 1084 5052 continet
1136 4998 1510 5064 Evangciinm,
1558 4998 1700 5064 quod
1730 4998 1924 5051 delicta
1958 4999 2179 5066 quidem

608 5096 845 5150 coercct,
889 5089 1241 5156 pmnitentias
1274 5104 1402 5140 vero
1433 5089 1711 5156 praedicat.
1764 5088 1904 5144 Ecce
1925 5130 1938 5152 ,
1972 5090 2174 5154 dicent,

609 5179 803 5233 Petrus
839 5183 1074 5250 negavit,
1116 5191 1170 5235 et
1201 5181 1452 5233 Salvator
1511 5183 1862 5252 pepercit,jct
1911 5198 2034 5235 eum
2085 5185 2179 5252 qui

615 5282 719 5323 tam
766 5285 929 5339 grave
979 5280 1262 5339 peccatum
1324 5271 1698 5334 commiserat,
1751 5271 2084 5336 dissimulat,
2124 5281 2178 5326 et

616 5363 791 5418 minas
843 5364 1147 5418 clementia:
1204 5363 1462 5431 subjecit,
1520 5370 1578 5415 ut
1624 5365 2053 5418 essetomnibus
2085 5381 2180 5434 per

682 5540 725 5572 ⁸⁸
767 5537 830 5591 lV
868 5538 997 5609 Reg.
1036 5557 1087 5603 ι,
1131 5539 1214 5595 10.
1290 5541 1335 5571 ⁸⁹
1379 5539 1494 5595 Act.
1534 5556 1668 5605 xm,
1708 5540 1794 5605 l0,
1833 5542 1918 5596 il.

2367 4635 2527 4687 Ἀλλὰ
2573 4653 2737 4705 φησιν
2765 4651 2778 4663 ·
2843 4635 3116 4704 Ἐλεήμων
3158 4636 3186 4685 ὁ
3231 4633 3387 4694 Υἱὸς,
3434 4631 3679 4700 ἐλεήμων
3722 4636 3749 4686 ὁ
3787 4635 3847 4687 τὰ

2288 4727 2596 4794 Εὑαγγέλια
2628 4728 2994 4799 γεγραφηκώς
3022 4743 3052 4787 '_
3092 4729 3185 4778 καὶ
3224 4729 3258 4778 ’ό
3321 4725 3568 4794 ἐλεήμων
3613 4726 3847 4796 γέννημα

2287 4819 2402 4870 ἐστι
2435 4818 2525 4872 τοῦ
2560 4821 2868 4888 ἐλεήμονος.
2911 4821 2969 4870 ὐ
3012 4819 3068 4871 δὲ
3112 4817 3273 4886 νόμος
3311 4818 3531 4886 τραχὺς,
3581 4817 3640 4868 οὐ
3672 4834 3846 4885 συγγι-

2288 4908 2508 4960 νώσκων
2558 4913 2670 4972 τοῖς
2731 4910 3114 4979 ἡμαρτηκόσι·
3169 4908 3472 4976 σπλάγχνον
3521 4907 3580 4960 δὲ
3633 4911 3742 4977 ἔχει
3793 4907 3846 4959 τὺ

2288 5000 2636 5068 Εὑαγγέλιον,
2685 5000 2968 5065 συστελλον
3019 5000 3118 5070 μὲν
3162 4997 3260 5061 τὰς
3312 4998 3708 5068 πλημμελείας,
3759 5016 3844 5067 κη-

2287 5089 2475 5159 ρύττον
2518 5091 2574 5142 δὲ
2614 5091 2712 5152 τὰς
2755 5090 3058 5159 μετανοίας.
3119 5089 3245 5141 Ἰδοὺ
3294 5089 3403 5156 γὰρ
3441 5090 3470 5140 ὁ
3513 5088 3724 5156 Σωτὴρ,
3769 5087 3844 5138 λέ-

2288 5181 2454 5244 ξουσι,
2491 5183 2582 5234 καὶ
2616 5180 3222 5252 Πέτρονάρνησαμένου
3250 5182 3521 5247 ἐφείσατο,
3554 5180 3646 5234 καί
3682 5179 3842 5248 ἀμάρ-

2285 5291 2433 5343 τημα
2496 5275 2816 5342 τηλικοῦτον
2876 5271 3377 5343 πεπλημμεληκότα
3437 5270 3702 5340 παρίησι,
3762 5279 3841 5320 και

2289 5366 2464 5435 ἁπλῆν
2497 5367 2593 5436 τὴν
2633 5367 3038 5438 φιλανθρωπίαν
3071 5363 3525 5436 προσπεποίηται,
3558 5363 3842 5432 ὑπόδειγμα

685 5693 793 5761 ('62)
836 5696 1116 5763 Rapon...
1164 5694 1384 5748 παιδία,
1434 5694 1674 5764 Infantes
1719 5711 1888 5751 escam
1927 5707 1971 5748 el
2009 5697 2175 5749 rom't't

2278 5711 2293 5748 ιι
2325 5695 2461 5750 ursis
2494 5704 2905 5764 prn‘pm‘areral.
2938 5692 3059 5750 "ac
3097 5696 3148 5750 in
3184 5696 3431 5752 versione
3459 5695 3678 5754 omissa.
