4044 6324
190 389 335 450 ιω

1178 394 1549 458 ᾹΒῩΕΒΒῊΒ
1586 391 2012 454 ιιΑΝιοωεοε
2044 395 2177 455 LIB.
2216 396 2298 456 Ill.

3294 401 3436 459 ιειϐ

186 508 285 563 τὸν
314 507 479 582 ἄνδρα
506 510 669 563 παντὶ
695 508 772 582 τῷ
808 508 906 580 βῖῳ
936 508 1357 577 καταλελοιπὼς,
1387 512 1476 566 ἵνα
1506 511 1607 582 τῆς
1636 512 1743 565 tau-

1867 509 2178 569 universam
2214 514 2381 569 vitam
2436 513 2743 584 exemplum
2796 522 2851 572 et
2904 516 3087 588 imago
3131 514 3434 573 clementia

184 597 286 656 ’τοῦ
312 601 717 675 φιλανθρωπίας
745 602 925 656 εἰκόνα
974 602 1177 657 ἰκτῖνον
1210 604 1489 677 παράσχῃ.
1524 602 1588 657 Tt
1614 597 1706 656 οὖν
1731 605 1762 657 6

184 693 391 765 νόμος;
426 690 536 766 ἆρα
572 696 765 765 ἀπορεῖ
796 695 896 763 τῆς
940 696 1241 766 μιμήσεως,
1288 696 1382 750 καὶ
1429 692 1760 765 κατάλληλον

183 784 371 840 εἰκόνα
402 786 503 839 οὐκ
531 785 675 856 ἔχει;
711 784 821 838 Καὶ
851 783 1055 856 Πέτρος
1086 785 1202 856 μὲν,
1228 786 1510 849 σπουδαῖος
1540 785 1635 849 ὣν,
1664 784 1759 838 καὶ

184 876 432 944 σφαλεὶς,
472 877 665 946 ἀφέσει
714 876 809 930 καὶ
851 879 1190 949 συγχωρήσει
1227 878 1546 950 τετίμηταιο
1584 877 1758 940 οὐδεὶς

180 966 244 1021 δὲ
273 970 330 1021 ὲν
365 968 443 1039 τῷ
474 969 643 1039 νδμῳ,
678 968 1104 1039 πλημμελήσας,
1136 971 1228 1023 καὶ
1265 971 1408 1041 μέγα
1438 969 1759 1040 πλημμελή-

184 1073 310 1123 σας,
350 1059 416 1130 τῇ
448 1058 701 1129 μετανοίᾳ
732 1059 829 1129 τὴν
868 1060 1058 1128 ἄφεσιν
1103 1060 1519 1131 ἐμνηστεύσατο.
1559 1062 1621 1113 Εἰ
1659 1060 1756 1130 μὲν

179 1150 296 1225 γὰρ
325 1150 627 1219 ἀγνοοῦσιν,
658 1151 888 1222 ἐροῦμεν
922 1152 981 1205 rb
1008 1152 1389 1224 γεγραμμένον
1407 1170 1421 1184 ο
1465 1151 1757 1219 Ἐλέησόν

170 1258 279 1312 με,
322 1245 354 1298 ό
393 1241 558 1310 Θεὸς,
599 1242 749 1296 κατὰ
784 1242 850 1296 τὸ
891 1241 1044 1312 μέγα
1089 1244 1261 1310 ἔλεός
1288 1258 1434 1297 σοιν
1480 1242 1755 1296 καὶκατὰ

174 1333 250 1388 τὸ
286 1333 519 1401 πλῆθος
553 1331 672 1387 τῶν
695 1334 1008 1403 οἰκτιρμῶν
1029 1352 1142 1388 σου
1167 1334 1493 1402 ἑξάλειψον
1523 1336 1588 1386 τὸ
1610 1334 1752 1387 ἀνό-

167 1424 342 1493 md
367 1440 485 1493 μου
506 1438 519 1453 ·
559 1424 656 1477 ἐπὶ
680 1423 890 1477 πλεῖον
916 1423 1154 1478 πλῦνόν
1186 1440 1261 1492 με
1291 1424 1410 1477 ἀπὸ
1452 1422 1563 1491 τῆς
1610 1422 1750 1475 ἀνο-

166 1518 317 1585 μίας
334 1532 476 1584 μου,
520 1514 617 1568 καί
643 1515 759 1569 ἀπὸ
800 1514 911 1584 τῆς
943 1516 1229 1585 ἁμαρτίας
1263 1533 1381 1584 μου
1426 1515 1754 1584 καθάρισόν

167 1616 270 1676 με.
302 1605 401 1659 Σοὶ
438 1606 604 1675 μόνῳ
626 1604 909 1674 ἥμαρτον,
946 1606 1043 1659 καὶ
1088 1607 1151 1660 τὸ
1194 1606 1462 1675 πονηρὸν
1498 1607 1753 1661 ἐνώπιόν

170 1713 293 1753 σου
325 1698 603 1767 ἐποίησα.
652 1700 716 1753 Εἰ
760 1698 816 1753 δὲ
862 1700 1033 1770 ἰξσασι,
1076 1701 1142 1770 τῇ
1194 1700 1504 1772 κακομυθία
1552 1703 1751 1773 ἐχεμυ-

172 1788 378 1844 θοῦσιν.

1869 598 2190 659 Salvatoris.
2226 603 2369 671 Quid
2418 604 2586 674 igitur
2639 605 2767 662 lex?
2824 622 2893 662 an
2927 616 3077 663 caret
3126 606 3434 664 imitatione

1864 693 2120 762 exempli,
2151 703 2204 750 et
2237 710 2347 749 non
2378 693 2543 748 habet
2577 694 2863 767 imaginem
2891 710 3077 769 parem
3109 704 3165 753 et
3192 697 3319 755 buic
3342 712 3433 753 re-

1865 785 2262 853 spondentem?
2291 787 2368 840 Ac
2396 784 2592 843 Petrus
2619 790 2838 858 quidem
2871 790 3054 844 studio
3084 790 3308 845 virtutis
3329 791 3431 846 de-

1862 874 2034 939 ditus,
2064 884 2120 932 et
2145 878 2358 948 lapsus,
2389 878 2546 932 venia
2586 888 2639 933 et
2677 880 3080 936 condonatione
3121 882 3431 937 honoratus

1861 975 1947 1021 est
1972 985 1985 1020 :
2017 967 2071 1020 in
2100 968 2216 1037 lege
2252 975 2431 1023 autem
2462 985 2622 1043 nemo
2644 978 2766 1040 post
2784 978 3105 1039 peccatum,
3125 978 3179 1026 et
3204 971 3429 1041 quidem

1861 1073 2142 1129 magnum,
2171 1061 2384 1115 veniam
2422 1062 2523 1117 sibi
2557 1078 2652 1133 per
2684 1062 3060 1133 paenitentiam
3091 1062 3428 1118 conciliavit.

1864 1148 1921 1202 Si
1954 1150 2100 1203 enim
2135 1152 2412 1223 ignorant,
2439 1154 2795 1209 recitabimus
2825 1152 2969 1223 quod
3004 1153 3269 1223 scriptum
3299 1162 3385 1209 est
3410 1173 3428 1209 :

1863 1238 2119 1295 Miserere
2144 1244 2277 1308 mei,
2314 1242 2448 1297 Deus
2471 1282 2486 1305 ,
2539 1242 2824 1298 secundum
2848 1260 3095 1313 magnam
3130 1244 3430 1298 misericor-

1859 1331 2008 1384 diam
2043 1342 2209 1387 tuam.
2259 1332 2330 1385 Et
2366 1332 2649 1387 secundum
2681 1335 3074 1390 multitudinem
3122 1337 3423 1390 miseratio-

1858 1439 1985 1476 num
2018 1433 2231 1477 tuarum
2254 1424 2370 1478 dele
2400 1425 2731 1493 iniquitatem
2762 1441 2951 1479 meam.
3004 1424 3252 1493 Amplius
3306 1426 3429 1479 lava

1857 1529 1940 1566 nte
1970 1512 2035 1565 ab
2066 1514 2343 1582 iniquitate
2371 1530 2507 1579 mea,
2545 1522 2593 1566 et
2638 1530 2673 1568 α
2704 1524 2915 1585 peccato
2941 1532 3053 1569 meo
3083 1516 3281 1569 munda
3318 1531 3425 1571 me.

1861 1604 1978 1658 Tibi
2006 1605 2108 1660 soli
2140 1606 2367 1674 peccavi,
2397 1615 2447 1660 et
2471 1605 2670 1659 malum
2697 1622 2878 1660 coram
2923 1616 2970 1660 te
3002 1606 3103 1675 feci
3132 1607 3201 1658 ’°.
3239 1606 3295 1660 Si
3325 1597 3424 1660 au-

1856 1705 1966 1752 tem
2002 1712 2114 1751 non
2144 1696 2422 1766 ignorant,
2461 1698 2557 1752 sed
2593 1698 2799 1761 sciunt,
2837 1698 3114 1754 silentium
3152 1704 3339 1753 tenent
3365 1697 3425 1752 in

1856 1790 2000 1841 malo
2028 1802 2301 1853 sermone.

257 1882 485 1953 ’Δδελφὰ
508 1878 599 1938 οὗν
630 1882 697 1937 τὰ
725 1884 1026 1955 πράγματα
1045 1902 1059 1917 ο
1092 1885 1274 1956 ὅμοιαι
1308 1887 1362 1938 αἱ
1397 1885 1602 1949 εἰκόνες
1620 1903 1633 1915 ο
1657 1887 1743 1939 καὶ

1925 1879 2181 1951 Cognatae
2199 1881 2364 1950 igitur
2390 1885 2444 1935 et
2463 1892 2735 1949 germana:
2756 1886 2884 1932 sunt
2901 1892 3013 1944 res,
3048 1877 3260 1933 similes
3285 1878 3423 1932 ima-

168 1964 277 2027 ὦδε
318 1974 417 2043 μὲν
459 1974 685 2047 Πέτρος,
724 1976 841 2029 ἐκεῖ
881 1976 939 2029 δὲ
982 1977 1010 2028 6
1062 1977 1418 2049 ἰεροψάλτης·
1471 1978 1617 2041 ὅπως
1656 1979 1752 2032 καὶ

172 2065 427 2134 μεγάλων
461 2066 763 2138 ἀνθρώπων
796 2068 1062 2139 πτώματα
1110 2069 1375 2140 μεγάλαις
1417 2071 1511 2124 xui
1538 2088 1750 2140 συγχω-

173 2155 399 2226 ρήσεσιν
451 2157 610 2228 ἰαθῇ’
656 2159 752 2213 καὶ
804 2162 918 2223 τοῖς
970 2161 1179 2230 μεγάλα
1226 2163 1523 2232 ὴτοπηκόσι
1579 2163 1751 2232 μέγας

167 2247 269 2299 καὶ
305 2250 335 2301 6
378 2249 666 2320 γενόμενος
712 2252 880 2315 ἔλεος.
930 2253 993 2306 Εἰ
1038 2254 1136 2323 μὲν
1173 2250 1264 2306 οὖν
1313 2254 1650 2324 θαυμάζουσι
1681 2254 1750 2307 τὰ

167 2338 499 2407 Εὖαγγέλια,
550 2342 633 2395 ὅτι
671 2343 879 2413 Πέτρος
920 2344 1123 2416 ἡλεήθη
1145 2361 1159 2376 ο
1195 2343 1639 2415 θαυμαζέτωσαν,
1668 2348 1749 2400 ὅτι

168 2428 268 2481 καί
300 2430 463 2491 Δαῶδ
491 2430 714 2503 ἡλέηται
737 2451 748 2462 ·
773 2434 821 2485 εἰ
854 2434 909 2486 δὲ
940 2434 1238 2495 αἰτιῶνται,
1272 2436 1353 2488 ὃτι
1395 2435 1530 2506 μετὰ
1559 2436 1747 2489 τοσάδε

164 2518 270 2570 οὐκ
310 2517 504 2590 ἀφείθη
557 2522 585 2572 6
634 2521 818 2585 Δαὸἰδ,
865 2522 983 2574 οὐδὲ
1031 2522 1282 2590 φεύξεται
1323 2522 1389 2574 δι’
1415 2522 1609 2585 αὐτοὺς
1650 2521 1748 2592 τὴν

167 2608 349 2663 αἰτίαν
398 2611 518 2664 οὐδὲ
563 2614 591 2665 ὁ
642 2613 878 2684 Πέτρος·
930 2614 1023 2665 καὶ
1072 2613 1211 2677 δόξει
1260 2614 1358 2684 μὲν
1400 2614 1538 2667 κατὰ
1584 2614 1745 2684 μόνου

165 2697 332 2752 Δασὶδ
356 2695 551 2771 εἷναιή
586 2701 761 2763 αἰτία,
788 2704 853 2771 τῇ
887 2702 943 2755 δὲ
976 2703 1197 2772 δυνάμει
1239 2703 1743 2774 κατηγορηθήσεται

165 2789 262 2842 καὶ
288 2792 315 2842 6
344 2790 549 2863 Πέτρος
584 2795 649 2863 τῇ
691 2794 827 2864 αὐτῇ
875 2794 1199 2865 κατηγορίᾳ.
1246 2795 1309 2846 Εἰ
1364 2794 1419 2846 δὲ
1459 2796 1740 2865 φήσουσιν,

163 2879 253 2933 δτι
282 2880 423 2951 καλὴ
469 2882 567 2952 μὲν
612 2885 643 2952 ἡ
694 2882 1055 2954 συγχώρησις,
1098 2885 1259 2957 μέχρι
1287 2885 1344 2938 δὲ
1386 2885 1504 2947 ἑνὸς
1536 2888 1569 2956 ἡ
1616 2902 1745 2953 συγ-

164 2969 410 3041 χώρησις
452 2971 545 3025 τοῦ
590 2973 815 3026 παλαιοῦ
850 2975 1014 3044 νόμου
1062 2974 1283 3041 ἔφθασε,
1325 2974 1531 3044 πληθὺς
1568 2975 1625 3028 δὲ
1657 2976 1745 3026 ὲν-

160 3058 342 3112 ταῦθα
403 3062 834 3133 συγχωρήσεως.
894 3062 988 3115 καὶ
1039 3062 1272 3129 πέλαγος
1327 3063 1600 3130 ἀφέσεως,
1650 3062 1744 3114 καὶ

162 3152 318 3224 φωνή
360 3155 476 3205 ἐστι
524 3152 846 3225 βεδοηκυῖα·
904 3155 1080 3208 Δεῦτε
1126 3154 1275 3222 πρὸς
1309 3153 1407 3222 μὲ,
1441 3154 1661 3218 πάντες
1689 3157 1743 3207 οἱ

162 3241 494 3306 κοπιῶντες
543 3243 641 3296 καὶ
680 3242 1157 3311 πεφορτισμένοι,
1208 3243 1368 3311 κάγὼ
1414 3244 1741 3296 ἀναπαύσω

159 3328 353 3399 ὑμᾶς·
391 3330 785 3399 ἀναγνώτωσαν
817 3331 885 3384 τὰ
914 3331 1136 3395 παλαιὰ,
1173 3332 1263 3384 καὶ
1302 3332 1482 3401 θαῦμα
1510 3332 1618 3383 τῶν
1646 3349 1738 3401 γεο

159 3420 502 3493 γραμμένων
523 3421 965 3493 λαμϐανέτωσαν.

235 3597 299 3649 Εἰ
325 3596 383 3649 δὲ
414 3597 481 3651 δι’
508 3596 871 3669 ὰμελετησίαν
896 3600 1006 3661 τοῖς
1024 3597 1343 3668 γράμμασιν
1372 3598 1611 3668 ἐντυχεῖν
1640 3601 1739 3654 οὐκ

159 3685 462 3757 ἀνέχονται,
515 3687 793 3740 κάνταῦθα
830 3688 929 3757 τῆς
977 3689 1156 3751 αἰτίας
1201 3688 1405 3759 ταύτης
1465 3690 1737 3743 ἀπαλλατ-

158 3775 425 3832 τέτωσαν.
463 3778 522 3831 '0
568 3778 757 3850 Σωτὴρ
802 3779 983 3847 λέγει’
1028 3780 1237 3843 Δεῦτε,
1284 3780 1505 3846 πάντες
1536 3786 1591 3836 οἱ
1635 3801 1737 3836 κο-

160 3866 423 3935 πιῶντες
489 3866 591 3921 καὶ
641 3866 1135 3936 πεφορτισμένοι,
1192 3867 1353 3935 κάγὼ
1406 3870 1738 3922 ἀναπαύσω

159 3958 349 4031 ὑμᾶς’
404 3959 594 4012 οὐδένα
658 3959 871 4029 παρεὶς,
906 3959 1105 4029 μηδένα
1155 3958 1466 4023 ἀπολιπὼν,
1528 3960 1736 4023 πάντας

160 4050 493 4123 περιλαϐών.
536 4051 593 4105 Ὀ
615 4051 670 4103 δὲ
691 4050 1006 4121 ἰεροψὰλτης
1031 4050 1175 4118 λέγει
1196 4068 1207 4079 ·
1242 4050 1439 4104 Πάντα
1470 4051 1543 4104 τὰ
1568 4037 1733 4119 ἕόνη,

159 4140 496 4210 κροτήσατε
518 4142 721 4212 χεῖρας
740 4162 753 4175 ·
790 4145 882 4197 καὶ
909 4144 1067 4198 πάλιν
1089 4161 1102 4174 ⁸
1150 4145 1565 4208 Ἐνωτίσασθε,
1595 4143 1735 4197 πάν-

158 4250 259 4299 τες
300 4235 354 4287 οι
377 4235 795 4300 κατοικοῦντες
845 4239 960 4303 τὴν
992 4234 1369 4304 οἰκουμένην,
1404 4236 1460 4288 οἵ
1491 4253 1554 4289 τε
1573 4236 1752 4306 Myl-24‘

156 4322 288 4389 γεῖς
301 4323 401 4387 καί
420 4326 536 4379 υἱοί
562 4325 680 4378 τῶν
694 4326 1036 4394 ἀνθρώπων,
1058 4326 1153 4379 ἐπὶ
1180 4325 1245 4379 τὸ
1270 4325 1416 4379 αὐτὸ
1439 4327 1733 4393 πλούσιος

159 4415 259 4470 καὶ
288 4415 499 4485 πένης.
527 4419 734 4482 Πάντες
763 4420 822 4484 ἐξ
860 4419 1209 4488 Εὑαγγελίου,
1243 4418 1446 4482 πάντες
1473 4420 1535 4471 ὲκ
1568 4418 1731 4489 νόμου

159 4508 491 4579 κεκίνηνταί·
518 4510 705 4565 οὐδένα
722 4512 1080 4582 παραλέλοιπε
1092 4511 1150 4564 τὸ
1170 4510 1494 4579 Εὐαγγέλιω
1515 4528 1527 4540 ’
1545 4512 1733 4565 οὐδένα

156 4600 371 4671 ἀφῆκεν
431 4602 458 4653 6
508 4601 691 4670 νόμος.
757 4600 981 4671 Ἐὀὸησε
1014 4602 1073 4653 τὸ
1114 4600 1480 4669 Εὐαγγέλιον’
1539 4603 1729 4653 Μετα-

154 4689 368 4754 νοεῖτε,
392 4688 598 4759 ἤγγικε
624 4692 729 4761 γὰρ
760 4694 797 4760 ἡ
814 4694 1101 4756 ,Βασιλεία
1128 4692 1245 4746 τῶν
1271 4692 1557 4760 οίιρανῶν.
1590 4694 1731 4764 Πρὸς

156 4782 368 4845 πάντας
400 4784 577 4853 ἀφῆκε
611 4784 707 4855 τὴν
752 4786 965 4855 ὁμιλίαν
1018 4786 1239 4856 ταύτην.
1276 4787 1529 4839 Πταίουσι
1566 4786 1733 4837 διελέο

155 4892 285 4942 γετο
307 4893 321 4905 σ
360 4877 716 4946 ἐσφαλμένοις
770 4878 995 4947 ὡμίλεισ
1032 4879 1130 4949 ήδη
1177 4879 1400 4932 θάνατον
1429 4878 1731 4947 ὀφείλουσιν

153 4967 483 5037 ἐφθέγγετο·
537 4968 843 5040 ἐλευθερίαν
898 4970 987 5024 διὰ
1036 4971 1131 5024 τοῦ
1173 4973 1521 5043 κηρύγματος
1594 4986 1730 5042 προ-

154 5076 179 5113 ε
186 5061 536 5132 μνηστεύετο.

1768 3210 1809 3265 C

1851 1972 2004 2042 gines
2040 1990 2053 2025 :
2100 1981 2263 2039 atque
2289 1971 2376 2025 hic
2407 1971 2626 2041 quidem
2657 1968 2852 2024 Petrus
2874 2010 2890 2035 ,
2928 1970 3040 2023 illic
3064 1984 3194 2025 vero
3228 1968 3425 2035 David;

1854 2074 1912 2118 ut
1947 2078 2268 2133 magnorum
2308 2062 2548 2116 virorum
2601 2061 2791 2131 lapsus
2821 2076 3017 2132 magna
3051 2060 3217 2116 etiam
3260 2060 3423 2115 venia

1851 2163 2115 2209 curentur
2145 2193 2161 2218 ,
2195 2162 2249 2208 et
2285 2154 2354 2208 iis
2384 2153 2478 2223 qui
2508 2152 2749 2223 graviter
2791 2152 3173 2222 deliquerunt,
3224 2164 3422 2221 magna

1851 2247 2014 2301 etiam
2045 2244 2423 2301 misericordia
2452 2245 2657 2299 tributa
2682 2245 2775 2299 sit.
2808 2242 2866 2297 Si
2896 2243 3065 2314 igitur
3080 2242 3425 2297 admirantur

1850 2338 2164 2409 Evangelia,
2195 2337 2323 2408 quia
2356 2334 2549 2391 Petrus
2606 2335 3046 2390 miscricordiam
3087 2339 3423 2389 consecutus

1849 2438 1968 2485 est:
2001 2428 2343 2483 admirentur
2366 2428 2532 2481 etiam
2564 2427 2760 2497 legem,
2796 2428 2923 2496 quia
2963 2435 3017 2479 et
3050 2426 3213 2479 David
3255 2426 3421 2479 mise-

1848 2520 2141 2577 ricordiam
2175 2520 2403 2589 adeptus
2432 2527 2535 2574 est.
2572 2518 2628 2572 Si
2677 2528 2859 2572 autem
2910 2518 3079 2588 legem
3115 2525 3420 2583 accusant,

1846 2613 1973 2683 quia
2002 2618 2125 2682 post
2167 2618 2319 2665 tanta
2346 2610 2543 2664 delicta
2570 2625 2679 2663 non
2716 2617 2799 2665 est
2828 2608 2999 2663 David
3030 2609 3158 2663 data
3209 2608 3368 2663 venia
3397 2624 3418 2674 ;

1844 2716 2022 2771 neque
2058 2699 2253 2754 Petrus
2286 2699 2540 2769 Opinione
2561 2714 2774 2763 eorum,
2807 2700 3083 2768 querelam
3107 2708 3161 2753 et
3187 2711 3418 2751 accusa-

1844 2796 2045 2849 tionem
2076 2792 2334 2864 eilugiet:
2367 2801 2421 2847 et
2444 2792 2721 2847 videbitur
2747 2790 2968 2859 quidem
3012 2798 3203 2843 contra
3237 2788 3417 2842 solum

1844 2884 2014 2938 David
2038 2885 2183 2937 facta
2214 2883 2529 2951 accusatio;
2560 2882 2656 2937 sed
2702 2884 2884 2951 reipsa
2935 2880 3127 2935 eadem
3185 2894 3419 2935 accusa-

1845 2976 1993 3028 tione
2032 2974 2389 3028 accusabitur
2430 2972 2648 3027 Petrus.
2686 2971 2743 3025 Si
2780 2981 2963 3027 autem
3000 2972 3277 3039 dixerint,
3320 2972 3416 3027 bo-

1844 3080 1969 3118 nam
2004 3064 2223 3134 quidem
2256 3080 2379 3120 esse
2410 3066 2647 3129 veniam,
2686 3064 2781 3119 sed
2803 3066 3018 3120 veniam
3048 3066 3249 3121 veteris
3278 3066 3415 3136 legis

1845 3174 2020 3229 usque
2054 3157 2122 3212 ad
2160 3174 2326 3212 unum
2355 3159 2661 3227 pertigisse,
2683 3158 2736 3212 in
2761 3156 3054 3227 Evangelio
3074 3165 3252 3211 autem
3281 3156 3418 3209 mul-

1845 3257 1954 3302 tam
1986 3264 2110 3304 esse
2139 3249 2375 3314 veniam,
2399 3257 2451 3304 et
2471 3249 2697 3320 pelagus
2723 3249 3181 3314 eondonationis;
3219 3259 3269 3302 et
3302 3248 3416 3303 cla-

1842 3348 1953 3393 mat
1983 3340 2057 3393 ibi
2090 3338 2376 3396 Salvator:
2424 3341 2605 3394 Venite
2639 3342 2707 3393 ad
2745 3357 2844 3404 me,
2887 3355 3063 3393 omnes
3088 3340 3177 3409 qui
3206 3341 3416 3393 labora-

1845 3429 1910 3480 tis
1942 3437 1992 3481 et
2020 3430 2224 3481 onerati
2266 3431 2414 3497 estis,
2453 3438 2500 3483 et
2553 3447 2645 3501 ego
2681 3430 2918 3498 reﬁciam
2968 3447 3056 3483 vos
3098 3430 3171 3494 ⁹¹,
3226 3429 3413 3499 legant

1841 3528 2114 3584 vetera,et
2138 3522 2330 3576 subeat
2358 3522 2651 3576 admiratio
2678 3537 2867 3577 eorum
2892 3538 3012 3592 qua
3032 3521 3238 3591 scripta
3260 3532 3407 3577 sunt.

1913 3610 1968 3664 Si
2022 3621 2203 3665 autem
2252 3623 2474 3683 propter
2522 3612 2955 3668 dissuetudinem
3006 3613 3410 3669 exercitationis

1840 3701 2033 3753 nolunt
2057 3701 2233 3771 legere
2262 3705 2489 3771 scripta,
2515 3702 2683 3755 etiam
2720 3701 2809 3755 hic
2834 3702 3089 3756 desinant
3119 3715 3407 3757 accusare.

1841 3793 2090 3848 Salvator
2123 3793 2290 3847 dicit:
2338 3793 2514 3846 Venite
2550 3793 2619 3845 ad
2670 3810 2771 3855 me,
2818 3810 2993 3848 omnes
3037 3794 3126 3862 qui
3152 3794 3409 3847 laboratis

1784 3942 1797 3957 ι
1838 3894 1887 3937 ει
1913 3884 2115 3937 onerati
2146 3884 2293 3946 estis,
2338 3894 2385 3935 et
2406 3899 2499 3950 ego
2527 3884 2762 3951 reﬁciam
2803 3900 2890 3937 vos
2919 3899 2937 3936 :
2972 3884 3243 3937 neminem
3271 3897 3411 3951 prae-

1837 3974 2090 4031 termisit,
2130 3974 2397 4027 neminem
2447 3975 2687 4044 reliquit,
2721 3990 2912 4028 omnes
2940 3974 3255 4043 complexus
3286 3980 3407 4028 est:

1837 4063 2007 4119 David
2038 4080 2164 4119 vero
2197 4068 2273 4118 ait
2302 4084 2315 4118 :
2347 4064 2536 4119 Omnes
2564 4074 2760 4135 gentes,
2797 4065 3032 4134 plaudite
3074 4064 3316 4118 manibus
3338 4066 3406 4120 ".

1837 4155 1903 4210 Et
1942 4172 2134 4211 rursus
2168 4176 2180 4209 :
2228 4155 2463 4209 Auribus
2505 4159 2772 4226 percipite,
2799 4173 2975 4212 omnes
3017 4159 3109 4227 qui
3151 4157 3407 4210 habitatis

1791 4280 1795 4285 ο
1837 4251 2035 4317 orbem,
2065 4251 2251 4320 quique
2287 4250 2557 4319 tcrrigenw
2598 4259 2645 4303 et
2701 4252 2803 4319 ﬁlii
2845 4252 3135 4316 hominum,
3161 4249 3323 4304 simul
3353 4249 3409 4303 in

1836 4358 1997 4395 unum
2036 4343 2176 4397 dives
2201 4350 2250 4395 et
2300 4358 2495 4409 pauper
2513 4342 2579 4395 ’³.
2612 4341 2815 4398 Omnes
2846 4343 2900 4396 in
2938 4341 3233 4413 Evangelio
3256 4340 3409 4396 exci-

1836 4436 1936 4489 tati
1969 4442 2132 4497 sunt,
2167 4449 2358 4509 omnes
2398 4435 2451 4488 in
2491 4436 2625 4507 lege.
2664 4434 2943 4489 Neminem
2977 4434 3197 4503 reliquit
3231 4431 3407 4487 Evan-

1764 4530 2069 4607 Dgelium,
2112 4526 2383 4581 neminem
2442 4528 2525 4581 lex
2580 4527 2785 4580 omisit.
2844 4526 3109 4580 Clamavit
3159 4525 3406 4595 Evange-

238 5150 580 5224 Ἐπεδήμησε
605 5155 699 5207 καὶ
748 5156 931 5210 Ἰωνᾶς
975 5157 1032 5208 ὲν
1058 5158 1123 5227 τῇ
1164 5154 1368 5216 Νινευῗ,
1402 5157 1458 5207 ὲν
1490 5154 1641 5207 πόλει
1665 5155 1725 5207 οὗ
1780 5190 1787 5198 .

159 5238 352 5315 μικρᾷ,
387 5244 443 5295 ἐν
476 5244 617 5297 ἔθνει
654 5246 1082 5319 πολυανθρώπῳ.
1117 5248 1225 5318 Τὴν
1268 5248 1491 5318 ἀπειλὴν
1526 5246 1723 5309 ἔδειξε·

154 5334 251 5405 τὴν
281 5335 559 5404 ἐπιτιμίαν
590 5337 690 5389 οὐκ
716 5337 1022 5405 ἐσιώπησεν
1045 5356 1058 5369 ’
1092 5340 1283 5411 ἐϐόησε
1310 5339 1621 5410 πληκτικῶς
1648 5338 1725 5408 τῷ

154 5423 317 5497 λόγῳ.
350 5422 470 5480 Εἷδε
494 5429 617 5491 τοὺς
639 5429 833 5501 ἄνδρας
853 5448 865 5460 ·
895 5433 973 5494 εἰς
992 5432 1277 5501 μετάθεσιν
1297 5432 1523 5501 ἤνεγκεν
1544 5447 1557 5463 ⁸
1586 5432 1719 5483 ἀπο-

154 5511 344 5577 λύτους
378 5515 479 5585 τῆς
526 5518 799 5588 ἁμαρτίας
852 5520 1161 5590 εἰργάσατο.
1217 5522 1279 5573 Ἡ
1315 5520 1724 5590 προκατηγγελ-

157 5604 293 5677 μένη
320 5606 566 5676 ἐπιτιμία
598 5605 769 5677 ᾤχετο
786 5625 800 5638 ο
828 5608 972 5672 ἕλεος
996 5610 1258 5680 διεδέχετο
1278 5628 1290 5639 ·
1322 5611 1381 5663 τὸ
1398 5609 1721 5682 ζητούμενον

226 5784 274 5818 ⁸⁸
316 5784 455 5841 Psal.
496 5802 560 5854 L,
596 5788 649 5851 5,
686 5789 747 5846 4.
788 5788 838 5844 6.

951 5792 991 5823 ⁹¹
1039 5791 1226 5847 Matth.
1264 5809 1349 5861 xl,
1386 5793 1473 5848 26.
1554 5796 1596 5827 θ’
1638 5793 1740 5852 Psa

1842 5813 1987 5865 tm,
2026 5797 2080 5853 2.
2159 5797 2203 5830 "
2239 5794 2385 5853 Psal.
2424 5796 2694 5863 xi.viu,‘i,
2742 5793 2793 5849 5.

1832 4623 1988 4683 lium,
2006 4620 2151 4690 Agite
2174 4620 2549 4686 pmnitentiam,
2571 4618 2998 4686 appropinquavit
3026 4619 3163 4671 enim
3191 4633 3407 4688 regnum

1834 4712 2165 4767 caelorum“.
2193 4710 2456 4765 Omnibus
2477 4710 2684 4764 dimisit
2707 4711 2845 4763 hanc
2869 4708 3403 4773 sermocinationem;

1833 4820 1957 4858 cum
1979 4796 2424 4871 delinquentibus
2462 4801 2809 4870 loquebatur,
2839 4814 2962 4853 cum
2988 4799 3154 4868 lapsis
3194 4812 3407 4851 sermo-

1833 4911 1956 4949 nem
2012 4893 2282 4957 habebat,
2336 4907 2455 4944 cum
2485 4892 2551 4945 iis
2598 4892 2688 4961 qui
2744 4891 2854 4959 jam
2896 4899 3049 4943 erant
3077 4888 3154 4943 rei
3188 4887 3402 4951 mortis,

1833 4982 2177 5051 loquebatur,
2206 4980 2511 5033 libertatem
2554 4995 2649 5049 per
2678 4978 3112 5049 prmdicationem
3159 4992 3406 5046 praecon-

1836 5073 2073 5127 ciliabat.

1904 5159 2191 5214 Proiectus
2235 5168 2319 5214 est
2354 5157 2523 5214 Jonas
2556 5157 2824 5221 Ninivem,
2867 5174 2987 5228 qua:
3034 5166 3152 5213 erat
3208 5158 3401 5214 civitas

1834 5266 1942 5305 non
1984 5265 2169 5319 parva.
2203 5257 2256 5302 et
2289 5252 2479 5319 magna
2525 5251 2764 5320 gentium
2803 5249 3105 5318 frequentia
3136 5248 3399 5303 habitata.

1835 5339 2020 5393 Edidit
2052 5340 2555 5405 comminationem,
2605 5356 2711 5393 non
2752 5341 2968 5394 reticuit
2997 5353 3235 5407 poenam,
3286 5339 3401 5393 cla-

1832 5431 2018 5493 mavit,
2073 5432 2366 5498 perterruit
2412 5447 2684 5485 sermone.
2721 5430 2868 5485 Vidit
2909 5430 3076 5491 viros,
3110 5429 3179 5482 ad
3219 5438 3400 5481 muta-

1830 5521 2032 5573 tionem
2085 5520 2209 5572 vitse
2255 5520 2487 5588 impulit,
2537 5518 2666 5573 fecit
2711 5528 2768 5572 ut
2806 5528 3090 5588 peccatum
3141 5520 3396 5589 repudia—

1829 5618 1973 5665 rent.
2012 5608 2385 5664 Praenuntiata
2427 5610 2775 5663 comminatio
2815 5609 2965 5673 abiit,
2999 5609 3264 5664 successit
3290 5609 3395 5662 mi-

2890 5794 2934 5825 “
2977 5791 3160 5848 Matth.
3204 5807 3303 5858 ιιι,
3333 5789 3389 5843 9..

3134 5966 3163 5979 Α
