4044 6324
147 352 298 412 1153

1208 353 1582 413 ADVERSUS
1611 354 2040 418 IANICBEOS
2079 358 2208 417 LIB;
2250 357 2334 416 Ill.

3253 364 3388 422 ηει

137 470 450 539 ratisz
477 470 730 535 ἑαυτοὺς
769 468 865 523 διὰ
895 469 1008 535 τὴν
1028 471 1356 534 ,βασιλείαν
1390 471 1508 525 τῶν
1552 475 1695 541 οὐρα

1797 525 1801 536 ,
1828 489 1953 528 cum
1983 477 2058 529 ait
2092 496 2102 529 :
2131 473 2266 529 Sunt
2291 474 2532 540 eunuchi,
2570 478 2752 546 qui-se
2786 487 3148 532 castracerunt
3180 492 3393 549 propter

137 560 295 616 νῶν.
340 561 401 615 '0
434 561 768 630 δυνάμενος
798 560 1008 628 χωρεῖν
1038 562 1290 630 χωρείτω
1311 562 1333 614 !
1360 562 1717 635 Ταύτην·γάρ

136 652 465 722 ἐπιμέλειαν
495 651 574 722 τῷ
617 650 829 720 σώματι
871 651 1241 716 ἀποδεδωκὼς,
1277 652 1372 705 καὶ
1403 653 1557 721 ἅγιον
1587 655 1717 707 αὐτὸ

136 743 239 794 καὶ
276 741 505 806 ἀπαθὲς,
541 743 634 796 καὶ
665 740 914 812 ἀνήδονον
945 743 1394 811 παρασκευάζων,
1421 746 1514 796 καὶ
1537 747 1715 798 πᾶσαν

132 832 440 904 ἐπιθυμίαν
470 832 787 902 ὑποτέμνων
823 833 918 885 καὶ
948 833 1250 904 ὑποκείρων
1290 835 1368 904 τῷ
1403 835 1564 904 λόγῳ,
1617 835 1714 906 τὴν

133 923 282 993 πρὸς
330 923 392 975 τὸ
440 923 596 990 σῶμα
645 921 960 992 ἐπιμέλειαν
1003 921 1259 988 δείκνυσι,
1295 927 1389 978 καὶ
1436 927 1534 996 τὴν
1577 926 1714 996 πρὸς

129 1013 239 1084 τὴν
293 1013 470 1084 σάρκα
513 1013 839 1084 κηδεμονίαν
868 1017 1120 1085 σημαίνει
1143 1034 1156 1047 ο
1192 1016 1485 1086 κηδόμενος
1528 1017 1586 1068 δὲ
1622 1017 1714 1069 καὶ

130 1103 448 1176 φροντίζων
481 1104 578 1174 τὴν
604 1104 837 1174 ἰδιότητα
868 1107 933 1157 ἐκ
960 1108 1056 1175 τῆς
1082 1107 1406 1178 κηδεμονίας
1430 1106 1709 1178 κηρύττει,

131 1196 309 1265 μέχρι
353 1193 448 1247 τοῦ
500 1195 810 1265 βλέμματος
843 1194 1090 1265 φθάνωνί
1124 1199 1208 1250 ἴνα
1241 1197 1316 1268 μὴ
1358 1197 1418 1249 τὸ
1472 1196 1706 1266 βλέμμα,

128 1286 209 1349 ὡς
249 1285 411 1356 ἔτυχε
457 1286 791 1357 κινούμενον,
823 1291 1093 1359 ρυπαρίας
1129 1289 1220 1341 καὶ
1257 1288 1471 1358 κηλίδος
1498 1289 1705 1357 ἐμπιμ-

129 1385 366 1454 πλῆται,
402 1378 534 1432 ἀλλὰ
567 1380 662 1450 τὴν
699 1379 911 1433 εῠτονον
960 1381 1079 1448 ἔχον
1110 1380 1322 1446 κίνησιν
1363 1381 1708 1449 ἡρμοσμένον

125 1473 357 1541 διατελῇ
376 1487 389 1500 ’
435 1469 581 1537 λέγει
610 1471 716 1541 γὰρ
750 1472 806 1523 ἐν
833 1470 910 1539 τῷ
949 1469 1264 1537 Εὐαγγελίῳ
1284 1484 1297 1496 ·
1337 1466 1463 1530 Πᾶς
1500 1469 1536 1520 ὁ
1561 1467 1708 1530 ,ϐλέ-

128 1579 268 1615 πων
319 1560 570 1630 γυναῖκα
620 1561 769 1628 πρὸς
822 1561 888 1613 τὸ
938 1558 1298 1626 ἐπιθυμῆσαι
1353 1557 1544 1625 αὐτῆς
1586 1557 1703 1626 ἤδη

126 1652 494 1720 ἐμοίχευσεν
525 1652 718 1719 αὐτὴν
748 1652 818 1703 ἐν
863 1649 936 1719 τῇ
989 1649 1199 1717 καρδίᾳ
1229 1648 1437 1701 αὐτοῦ.
1492 1648 1601 1700 Καὶ
1643 1647 1704 1700 τὸ

127 1745 190 1795 ἐν
220 1741 303 1813 τῷ
338 1741 544 1812 σώματι
577 1743 744 1805 πάθος
784 1745 850 1812 τῇ
895 1739 1090 1811 καρδίᾳ
1121 1737 1442 1811 συμμετρεῇ
1483 1739 1576 1790 καὶ
1610 1737 1700 1790 τοῦ

1825 580 2036 632 regnum
2065 565 2331 618 caelorum.
2369 567 2473 632 Qui
2503 570 2693 634 poterit
2715 586 2917 637 capere,
2946 573 3118 638 capiat
3141 571 3190 623 ‘l
3221 572 3387 626 Adhi-

1825 653 1956 709 bens
1977 657 2120 709 enim
2156 655 2297 710 banc
2320 656 2660 726 diligentiam
2697 667 2750 712 et
2779 662 3020 714 studium
3063 662 3302 731 corpori,
3335 665 3388 718 et

1823 743 2058 800 efﬁciens
2088 745 2267 815 ipsum
2305 756 2550 801 sanctum
2581 756 2634 800 et
2664 749 3166 816 perturbationibus
3197 766 3261 804 ar,
3294 768 3384 806 vo-

1823 834 2121 904 luptatibus
2158 851 2416 900 vacuum,
2468 846 2522 893 et
2562 852 2778 893 omnem
2820 842 3173 910 cupiditatem
3218 845 3387 899 verbo

1821 933 2112 994 amputans
2158 938 2212 981 et
2258 927 2591 992 detondens;
2640 933 3084 998 procurationem
3133 939 3383 1004 corporis

1819 1013 2182 1077 demonstrat.
2231 1028 2285 1070 et
2313 1033 2502 1071 curam
2542 1021 2727 1075 carnis
2757 1019 3039 1090 providam
3085 1027 3380 1096 signiﬁcat.

1820 1102 2196 1162 Sollicitudine
2229 1119 2406 1162 autem
2460 1119 2512 1164 et
2543 1115 2888 1170 accuratione
2906 1132 3058 1170 suam
3087 1134 3208 1173 esse
3240 1135 3377 1189 pra:-

1817 1194 1984 1259 dicat,
2019 1199 2373 1267 progrediens
2403 1218 2572 1272 usque
2603 1203 2668 1257 ad
2698 1219 2884 1259 curam
2914 1218 3202 1278 aspectus;
3233 1227 3299 1264 ne
3333 1212 3381 1266 si

1815 1299 2071 1356 aSpectus
2096 1290 2320 1345 fortuito
2347 1309 2409 1346 ac.
2441 1302 2643 1352 temere
2677 1309 2979 1364 moveatur,
3007 1303 3152 1355 omni
3184 1303 3304 1358 labe
3324 1313 3380 1359 et

1814 1382 2030 1435 macula
2069 1383 2392 1451 impleatur;
2428 1388 2676 1455 quinimo
2721 1391 2765 1442 si
2806 1399 3122 1448 constanter
3159 1404 3213 1448 et
3259 1412 3379 1464 gra-

1811 1472 1951 1526 viter
1981 1472 2177 1536 cietur,
2209 1474 2263 1527 in
2300 1484 2425 1545 apta
2451 1478 2718 1532 modestia
2750 1491 3059 1550 perseveret
3085 1501 3098 1536 :
3122 1485 3197 1536 ait
3229 1488 3374 1540 enim

1812 1558 1867 1613 in
1895 1559 2189 1631 Evangelio
2215 1582 2227 1616 :
2262 1562 2447 1619 Omnis
2471 1569 2560 1628 qui
2584 1568 2768 1622 viderit
2794 1575 3061 1626 mulierem
3091 1575 3157 1626 ad
3181 1591 3376 1629 concu-

1809 1653 2110 1720 piscendum
2159 1671 2296 1717 eam,
2335 1657 2453 1726 jam
2505 1662 2787 1715 max/tatus
2830 1673 2905 1716 est
2952 1681 3068 1717 eam
3117 1667 3172 1719 in
3219 1667 3376 1722 corde

1808 1759 1905 1797 suo
1928 1746 1969 1797 ⁸.
2003 1745 2433 1803 Commotionem
2476 1752 2530 1804 in
2566 1767 2795 1822 corpore
2846 1769 2969 1808 cum
3019 1757 3182 1812 corde
3221 1774 3371 1813 com-

126 1832 448 1904 βλέμματος
500 1833 959 1903 ἐπιμελούμενος,
1015 1831 1196 1900 κοινὴν
1244 1829 1340 1900 τὴν
1390 1829 1695 1896 ἐπιμέλειαν

1806 1836 2047 1900 metitur,
2094 1845 2147 1892 et
2193 1847 2472 1909 aspectum
2510 1857 2735 1907 curans,
2792 1860 3133 1902 communem
3178 1864 3370 1904 curam

124 1925 230 1994 τῆς
266 1925 490 1996 κμρδὶας
521 1928 780 1977 ποιεῖται⁸
818 1922 986 1984 πάθος
1015 1921 1343 1992 βλέμματος,
1380 1920 1549 1984 πάθος
1575 1939 1708 1991 καρ-

122 2014 247 2077 δίας
281 2016 732 2086 είοηγησάμενος,
772 2016 867 2066 καὶ
916 2014 1232 2083 ἐπιμέλειαν
1278 2012 1540 2081 ὀμμάτων
1586 2013 1707 2063 ἐπι-

131 2105 358 2172 μέλειαν
399 2106 491 2158 τοῦ
519 2104 858 2174 διανοητικοῦ
907 2104 1150 2172 θέμενος,
1187 2102 1324 2155 Οὑδέ
1365 2102 1474 2172 γὰρ
1505 2103 1707 2175 ἐτέρως

127 2195 326 2264 βλάψει
360 2197 420 2248 τὸ
445 2199 619 2266 ὄμμα,
649 2197 681 2266 ἢ
707 2197 781 2258 ὼς
815 2195 1004 2266 βλάψει
1043 2198 1070 2248 ὁ
1103 2195 1225 2258 νοῦς
1249 2211 1261 2224 ’
1297 2195 1417 2246 οὐδὲ
1445 2194 1553 2264 γὰρ
1594 2190 1704 2245 οἷόν

124 2287 185 2338 τὲ
213 2288 332 2339 ἐστι
393 2289 448 2341 τὸ
496 2288 650 2358 ὄμμα
693 2287 1130 2359 διαστρέφεσθαι,
1176 2288 1273 2357 τὴν
1315 2287 1371 2339 δὲ
1411 2285 1588 2355 ψυχὴν
1625 2285 1698 2355 μὴ

126 2377 579 2449 διαστρέφεσθαι·
609 2378 865 2440 ἐπιεικῶς
888 2379 994 2450 γὰρ
1017 2379 1193 2448 ψυχῆς
1225 2378 1318 2431 καὶ
1347 2376 1534 2440 ἀπλῶς
1560 2375 1697 2447 ὁρώ-

128 2488 250 2540 σης,
283 2470 603 2540 ἐπιτηδείως
633 2469 824 2540 ὄψεται
853 2469 920 2523 τὰ
945 2472 1182 2540 δμματα.

1806 1925 2024 1981 adhibet
2062 1928 2251 1995 cordi;
2295 1933 2716 1987 commotionem
2746 1945 3019 2006 aspectus,
3051 1942 3342 1994 commotio

1805 2031 1929 2069 nem
1985 2017 2169 2072 cordis
2202 2027 2460 2089 reputans
2490 2037 2634 2087 esse,
2682 2033 2734 2078 et
2774 2029 3172 2082 accurationem
3213 2045 3371 2100 aspe-

1804 2113 1945 2185 ctus,
1982 2111 2389 2165 accurationem
2423 2117 2648 2169 mentis.
2699 2115 2808 2170 Nec
2837 2120 2982 2172 enim
3025 2121 3184 2174 aliter
3211 2138 3371 2177 noce-

1801 2198 1880 2250 bit
1904 2200 2118 2263 oculus,
2145 2216 2304 2268 quam
2340 2214 2397 2258 ut
2427 2207 2644 2261 nocebit
2681 2224 2870 2276 mens;
2896 2214 3020 2280 quia
3051 2229 3158 2267 non
3191 2223 3366 2284 potest

1805 2287 1997 2344 oculus
2025 2289 2336 2359 depravari,
2373 2309 2482 2348 non
2526 2295 2821 2366 depravata
2872 2302 3050 2354 anima
3081 2321 3092 2356 :
3127 2304 3175 2358 si
3218 2305 3364 2359 enim

1805 2378 1986 2431 anima
2012 2389 2096 2433 est
2129 2381 2184 2435 in
2215 2383 2470 2452 aequitate
2501 2393 2555 2440 et
2598 2396 2746 2444 recte
2774 2391 2940 2457 videt,
2975 2403 3099 2463 apte
3141 2405 3195 2451 et
3226 2411 3360 2452 con-

1802 2470 2082 2525 venienter
2109 2474 2251 2528 oculi
2280 2485 2526 2533 cement.

1038 2609 1164 2662 Car.
1207 2606 1343 2660 XIX.
1384 2606 1626 2660 Christus
1657 2618 1843 2672 corpus
1866 2605 2109 2662 habuisse
2142 2613 2452 2671 ostenditur.

210 2723 476 2777 Ἐνταῦθα
519 2721 650 2790 γοῦν
684 2724 782 2794 τὴν
819 2724 1014 2778 ἄτοπον
1046 2723 1228 2794 βλέψιν
1261 2721 1688 2793 παραϐλεῲάμε-

119 2833 236 2877 νος,
287 2816 384 2886 τὴν
414 2816 574 2883 ἁγίαν
609 2817 964 2882 παρεισάγει·
1008 2817 1092 2868 ἴνα
1139 2820 1186 2868 οἱ
1239 2816 1508 2885 ὀφθαλμοὶ
1557 2814 1691 2884 ὀρθὰ

127 2907 388 2975 βλέπωσι,
440 2910 532 2961 καὶ
577 2908 646 2961 τὰ
686 2909 924 2980 βλέφαρα
973 2909 1170 2960 νευέτω
1204 2909 1420 2962 δίκαια³
1475 2907 1690 2977 ἐπαίρει

124 2999 234 3068 γάρ
277 2999 347 3052 ea
379 3001 618 3070 ὄμματα,
647 3000 797 3052 κάτω
838 3001 974 3052 αὐτὰ
1018 3000 1329 3067 κεκάμφθαι
1363 3000 1438 3069 μὴ
1469 2999 1691 3070 ἐπιτρέ-

125 3107 265 3157 πων,
293 3090 426 3144 ἀλλά
452 3091 734 3144 διανιστῶν
764 3091 903 3143 αὐτὰ
933 3092 1030 3143 καὶ
1072 3091 1371 3160 διεγείρων,
1403 3093 1495 3143 καὶ
1522 3093 1692 3160 ἐπῃρ-
1720 3125 1761 3179 C

129 3181 266 3250 μένα
307 3181 446 3234 αὺτά
493 3182 946 3252 παρασκευάζων.
987 3182 1097 3242 Διὸ,
1147 3181 1344 3251 πολλὴν
1375 3180 1692 3250 ἐπιμέλειαν

123 3269 234 3322 ςῶν
270 3273 534 3342 σωμάτων
581 3272 918 3341 ποιούμενος,
952 3272 1046 3324 καὶ
1079 3272 1234 3342 σῶμα
1266 3272 1566 3341 πεφόρηκε,
1600 3270 1693 3322 καὶ

123 3363 205 3425 είς
245 3362 402 3432 σῶμα
438 3358 616 3432 ἦλθεν.
668 3363 731 3415 Εἰ
776 3363 874 3431 μὲν
919 3359 1011 3414 οὖν
1043 3363 1141 3414 ούκ
1172 3358 1333 3431 ἦλθεν
1375 3364 1433 3414 ὲν
1461 3361 1692 3431 σώματι,

125 3450 177 3503 τί
216 3454 448 3524 φήσουσι
480 3454 607 3524 περὶ
654 3453 748 3505 τοῦ
798 3452 1050 3523 σταυροῦ,
1094 3455 1186 3505 καὶ
1233 3453 1324 3504 τοῦ
1372 3452 1544 3505 τύπου
1587 3451 1694 3504 τῶν

123 3540 289 3611 ἥλων,
321 3543 415 3595 καὶ
446 3542 541 3594 τοῦ
579 3541 748 3595 τύπου
781 3544 878 3612 τῆς
909 3543 1126 3612 λόγχης,
1158 3545 1251 3595 καὶ
1283 3543 1376 3596 τοῦ
1405 3543 1690 3614 μνημείου,

124 3634 220 3685 καὶ
254 3633 356 3703 τῆς
386 3634 562 3703 ταφῆς
587 3650 602 3699 ;
632 3634 694 3686 Εί
718 3635 775 3686 δὲ
809 3637 872 3687 ἐκ
895 3635 1097 3687 τούτων
1127 3636 1469 3704 ἐλεγχόμενοι
1505 3634 1693 3704 ὁμολο-

125 3721 278 3789 γοῦσι
325 3725 482 3794 σῶμα
526 3725 615 3777 τὸν
660 3725 886 3797 Σωτῆρα
921 3725 1216 3795 εἰληφέναι,
1261 3727 1313 3776 τί
1361 3725 1593 3794 ἐροῦσιν,
1644 3725 1690 3776 εἰ

127 3815 257 3883 μήτι
285 3817 379 3869 καὶ
406 3816 566 3869 αὑτὸν
588 3816 692 3868 ὑπὸ
712 3816 805 3869 τοῦ
834 3815 1068 3886 πονηροῦ
1093 3815 1401 3869 πεπλάσθαι
1433 3817 1687 3884 φήσουσι,

127 3906 218 3958 καὶ
253 3908 447 3977 μηκέτι
480 3907 637 3976 μόνον
672 3906 730 3959 τὸ
758 3905 1092 3976 ἀνθρώπινον
1121 3905 1278 3975 σῶμα
1313 3902 1448 3959 εἶναι
1466 3905 1558 3958 τοῦ
1595 3925 1690 3960 πο-

123 3997 313 4067 νηροῦ,
362 3996 498 4049 ἀλλά
545 3997 640 4050 καὶ
682 3997 744 4049 τὸ
779 3996 935 4066 σῶμα
971 3995 1064 4049 τοῦ
1118 3997 1536 4066 εὐεργέτουζοὺ
1568 3997 1686 4066 φεί-

126 4102 307 4141 σονται
347 4088 437 4140 καὶ
487 4089 647 4160 μέχρι
686 4090 779 4141 καὶ
819 4088 1021 4160 ταύτης
1058 4087 1158 4156 τῆς
1192 4089 1431 4151 ἐπινοίας
1461 4089 1684 4157 φθάσαι,

125 4177 218 4229 καὶ
240 4179 339 4247 τὴν
372 4177 616 4246 γλῶτταν
646 4180 879 4232 ἐκτεῖναι
898 4181 1041 4231 κατά
1069 4178 1161 4231 τοῦ
1185 4181 1455 4248 Σωτῆρος.
1495 4179 1551 4232 ὐ
1579 4181 1686 4252 γὰρ

126 4269 361 4338 μελετῶν
386 4269 528 4322 κατά
565 4270 673 4323 τῶν
704 4271 895 4341 ἐκείνῳ
928 4270 1286 4341 διαφερόντων
1323 4271 1683 4339 διαλέγεσθαι,

122 4356 290 4426 οὗτος,
323 4363 592 4432 άκονήσας
633 4364 732 4435 τὴν
763 4363 1026 4431 γλῶτταν,
1059 4364 1176 4414 κατ’
1209 4362 1374 4416 αὑτοῦ
1403 4365 1683 4435 διαλεχθή-

1870 2719 1970 2775 llic
2001 2723 2166 2791 igitur
2193 2727 2487 2795 repudians
2513 2736 2722 2799 turpem
2750 2743 3030 2800 aspectum
3054 2736 3357 2805 oculorum,

1798 2821 2047 2866 sanctum
2079 2825 2357 2884 aspectum
2393 2817 2644 2873 inducit:
2675 2830 2730 2874 ut
2769 2823 2934 2888 oculi,
2974 2824 3166 2894 inquit,
3209 2836 3360 2882 recta

1796 2903 2012 2957 videant
2046 2913 2098 2958 et
2134 2907 2406 2975 palpebrae
2430 2909 2578 2976 justa
2624 2911 2937 2966 intueantur
2968 2932 2980 2966 :
3011 2917 3168 2984 erigit
3214 2916 3358 2971 enim

1796 3001 1850 3045 et
1880 2994 2093 3047 extollit
2117 2996 2328 3058 oculos,
2355 3012 2464 3050 non
2496 3000 2817 3067 permittens
2865 3002 3024 3057 simul
3052 3014 3109 3057 ut
3141 3004 3360 3060 ﬂectan-

1798 3090 1909 3144 tur,
1940 3084 2034 3136 sed
2065 3085 2245 3153 potius
2283 3091 2503 3150 excitat,
2536 3097 2589 3142 et
2622 3098 2678 3142 ut
2714 3093 2882 3146 erecti
2917 3094 3047 3159 sint,
3081 3095 3230 3149 facit.
3273 3096 3360 3152 id»

1795 3174 1943 3228 circo
1999 3174 2250 3230 Salvator
2297 3194 2492 3247 gerens
2547 3165 2802 3251 magnam
2847 3185 3243 3253 providentiam
3302 3198 3358 3242 et

1794 3267 2232 3334 procurationem
2281 3283 2595 3340 corporum,
2647 3288 2849 3342 corpus
2903 3277 3136 3343 gestavit
3190 3288 3243 3332 et
3298 3279 3356 3334 in

1793 3370 1991 3425 corpus
2024 3359 2188 3411 venit.
2223 3357 2278 3412 Si
2313 3359 2478 3430 igitur
2510 3378 2617 3416 non
2651 3364 2799 3417 venit
2834 3364 2888 3417 in
2930 3380 3180 3435 corpore,
3216 3370 3352 3438 quid

1792 3449 1992 3504 dicturi
2019 3461 2146 3504 sunt
2171 3452 2238 3506 de
2267 3468 2430 3509 cruce
2461 3464 2516 3509 et
2543 3457 2714 3510 tlxura
2743 3457 3020 3512 clavorum
3043 3469 3098 3514 et
3130 3462 3353 3524 lanceae,

1792 3554 1846 3596 et
1874 3552 2228 3598 monumento
2257 3561 2319 3598 ac
2346 3548 2670 3615 sepultura?
2708 3547 2801 3604 Sin
2833 3557 3013 3604 autem
3054 3552 3137 3604 his
3168 3554 3357 3607 convi-

1790 3633 1861 3686 cti
1897 3647 2096 3703 corpus
2143 3637 2443 3704 sumpsisse
2476 3636 2813 3693 Salvatorem
2847 3640 3194 3706 confitentur,
3223 3643 3354 3712 quid

1790 3725 1989 3789 dicent,
2015 3726 2061 3782 si
2089 3741 2196 3781 non
2227 3736 2356 3784 sunt
2380 3728 2601 3792 dicturi,
2636 3730 2810 3798 ipsum
2838 3746 3050 3800 quoque
3075 3748 3102 3784 a
3136 3733 3355 3789 diabolo

1790 3815 2082 3870 formatum
2106 3833 2255 3884 esse;
2283 3826 2335 3872 et
2365 3834 2471 3872 non
2497 3818 2608 3887 jam
2635 3821 2810 3873 solum
2835 3836 3034 3890 corpus
3059 3823 3353 3878 humanum

1789 3922 1911 3962 esse
1938 3908 2161 3974 diaboli,
2209 3908 2305 3963 sed
2351 3911 2515 3964 etiam
2551 3926 2751 3981 corpus
2787 3912 3089 3967 Salvatoris
3123 3915 3355 3970 beneﬁci

1789 3999 2002 4054 nostri?
2029 4015 2137 4054 non
2165 4000 2309 4054 enim
2338 4011 2566 4070 parcent
2596 4018 2696 4056 nec
2721 4004 3070 4059 abstinebunt
3105 4021 3184 4070 se,
3218 4007 3353 4076 quin

1788 4105 1960 4160 usque
1991 4091 2048 4144 in
2077 4091 2216 4145 hanc
2243 4091 2626 4162 cogitationem
2660 4095 2912 4158 evadant,
2937 4104 2991 4150 et
3022 4096 3260 4164 linguam
3296 4099 3353 4152 in

1790 4180 2124 4235 Salvatorem
2155 4183 2503 4250 protendant.
2539 4183 2642 4249 Qui
2670 4187 2814 4239 enim
2838 4194 3028 4240 contra
3052 4202 3116 4241 ea
3140 4179 3260 4257 quae
3283 4189 3353 4244 ad

1786 4270 1936 4324 illum
1969 4275 2264 4342 pertinent,
2295 4273 2560 4342 disputat,
2588 4276 2677 4330 hic
2703 4277 2943 4347 linguam
2973 4293 3177 4334 acuens
3221 4294 3354 4334 con-

1787 4371 1869 4416 tra
1914 4364 2090 4435 ipsum
2145 4367 2466 4436 disputabit.
2535 4367 2784 4422 Salvator
2851 4377 3030 4423 autem
3079 4370 3351 4440 baptismo

124 4467 292 4506 σεται.
351 4452 413 4508 ’0
447 4454 519 4506 ’δὲ
564 4455 752 4526 Σωτὴρ
799 4456 892 4507 καὶ
938 4455 1269 4525 βαπτίσματι
1314 4454 1582 4509 διελούετο
1627 4459 1684 4509 ἐν

1797 4455 1949 4509 etiam
1993 4457 2046 4510 in
2078 4455 2314 4513 Jordane
2352 4459 2696 4522 abluebatUr,
2729 4467 2782 4512 et
2814 4461 2970 4528 aquis
3017 4463 3350 4531 aspergeba-

121 4542 195 4611 τῷ
239 4545 506 4616 ’Ῑορδάνῃ’
541 4544 696 4598 ὕδασι
726 4549 1162 4618 περιερραίνετο·
1198 4548 1282 4611 τίς
1311 4547 1386 4600 ὢν
1420 4549 1514 4600 καὶ
1547 4566 1684 4617 τυγ-

121 4635 331 4704 χάνωνς
385 4642 434 4692 εί
495 4639 592 4709 μὲν
644 4638 751 4709 γὰρ
797 4639 857 4691 οὑ
910 4639 1066 4710 σῶμα
1112 4640 1315 4712 φέρων,
1368 4639 1491 4692 οὔτε
1525 4642 1684 4711 σῶμα

122 4729 272 4798 ῑχων,
308 4733 360 4785 τί
389 4734 564 4786 κοινὸν
593 4734 867 4804 πνεύμασι
897 4737 989 4787 καὶ
1038 4739 1338 4805 ποταμοῖς;
1391 4737 1486 4798 Τίς
1518 4736 1679 4803 ἀγγέ-

120 4817 241 4886 λων,
278 4824 409 4877 ποία
439 4824 688 4894 δύναμις,
719 4825 845 4877 ποία
871 4826 1146 4897 κυριότης,
1177 4826 1302 4879 ποία
1342 4825 1504 4894 ἀρχὴ,
1555 4826 1680 4877 ποία

121 4909 330 4972 ἐξουσία
378 4914 753 4985 καταδέϐηκεν
793 4917 873 4977 είς
921 4915 1161 4985 λουτρὸν,
1193 4918 1287 4968 καὶ
1322 4919 1513 4986 πεῖραν
1554 4915 1678 4968 ὑδά-

117 5017 219 5055 των
256 5005 448 5076 εσχεν;
496 5008 561 5060 ‘Ei
607 5008 663 5062 δὲ
711 5007 939 5078 δύναμις
987 5009 1084 5078 μὲν
1126 5011 1242 5062 οὐδὲ
1294 5009 1526 5072 ἐξουσία,
1557 5008 1679 5061 οὔτε

118 5090 296 5160 θρόνος
329 5097 501 5160 οὐδεὶς
532 5102 612 5162 είς
659 5100 825 5154 ὕδατα
870 5100 1156 5171 κατῆλθεν,
1187 5103 1454 5172 ἀζήτητον
1484 5101 1676 5169 γέγονε

116 5181 173 5234 τὸ
214 5190 445 5258 πρᾶγμα
490 5192 584 5242 καὶ
628 5194 828 5260 σαφέςο
863 5192 956 5246 καὶ
982 5192 1138 5262 δῆλον
1170 5194 1360 5261 γέγονε
1392 5192 1451 5244 τὸ
1485 5191 1678 5262 ζητού-

122 5290 286 5340 μενον.
359 5278 519 5332 Ἀλλά
570 5281 724 5351 ἀνῄει
771 5283 878 5337 ἀπὸ
920 5283 1028 5335 τῶν
1072 5283 1309 5336 ὑδάτων·
1360 5283 1678 5354 ἐπειράζετο

118 5363 213 5418 ὑπὸ
253 5369 344 5422 τοῦ
381 5371 660 5425 διαϐόλου·
703 5375 909 5440 ἐπείνα,
959 5375 1142 5445 ἐδίψα,
1176 5376 1348 5438 ἔπλει,
1399 5377 1673 5445 ἐκοιμᾶτο,

117 5451 335 5523 ὥδευεν,
381 5462 609 5527 ἐκοπία,
658 5463 906 5527 ἐϐάδιζε·
959 5467 1155 5520 πεινῶν
1210 5470 1299 5520 ἐπὶ
1353 5471 1452 5520 τὴν
1509 5469 1676 5538 συκῆν

117 5538 233 5610 ἦλθε
254 5568 264 5578 ·
290 5551 352 5603 τὸ
375 5553 682 5608 τελευταῖον
707 5557 970 5620 ἐκοίνετο,
1004 5561 1349 5630 ἐσταυροῦτοι
1386 5561 1480 5623 Τίς
1501 5560 1671 5613 ταῦτα

183 5707 207 5738 ⁵
237 5709 424 5767 Matth.
462 5729 549 5768 ιιι
573 5757 588 5782 ,
626 5717 710 5770 12.
787 5719 807 5750 ³
848 5717 1036 5774 Matth.
1075 5738 1125 5788 V,
1160 5723 1248 5777 23.

671 5987 684 6022 ί

1787 4556 1912 4612 tur;
1947 4549 2070 4618 quis
2098 4549 2250 4603 erat?
2283 4559 2337 4604 et
2364 4550 2495 4619 quid
2547 4552 2700 4604 erat?
2742 4555 2784 4606 si
2819 4555 2962 4606 enim
2999 4569 3200 4623 corpus
3234 4569 3347 4608 non

1784 4641 2030 4709 gestabat
2063 4655 2237 4710 neque
2267 4657 2469 4712 corpus
2499 4643 2732 4697 habebat
2757 4663 2770 4697 :
2803 4646 2928 4712 quid
2958 4660 3244 4717 commune
3264 4655 3349 4702 est

1784 4731 2072 4801 spiritibus
2100 4748 2223 4786 cum
2256 4732 2614 4788 ﬂuminibus?
2644 4734 2777 4799 Quis
2803 4737 3050 4805 angelus,
3084 4751 3204 4804 quae
3232 4737 3346 4791 vir-

1783 4830 1904 4888 tus,
1940 4839 2059 4892 qua:
2099 4823 2418 4887 dominatio,
2464 4826 2588 4894 quis
2631 4828 2991 4895 principatus,
3042 4843 3161 4896 quae
3200 4837 3348 4897 pote-

1782 4923 1898 4968 stas
1922 4915 1988 4967 ad
2026 4916 2302 4970 lavacrum
2336 4916 2618 4972 descendit
2657 4926 2712 4971 et
2751 4933 2921 4988 aquas
2973 4927 3194 4988 experta
3223 4920 3350 4974 est?

1782 5000 1938 5066 Quod
1974 5003 2020 5058 si
2053 5019 2230 5073 neque
2261 5006 2462 5068 virtus,
2507 5022 2681 5074 neque
2705 5015 2968 5075 potestas,
2999 5023 3172 5077 neque
3197 5009 3347 5062 thro-

1780 5110 1888 5150 nus
1921 5095 1975 5148 in
2020 5110 2191 5164 aquas
2221 5096 2541 5150 descendit:
2575 5108 2725 5151 extra
2769 5099 3124 5166 quaestionem
3166 5099 3346 5168 posita

1780 5193 1863 5238 est
1887 5200 1973 5240 res
2000 5203 2014 5239 :
2043 5185 2242 5239 factum
2281 5196 2365 5241 est
2399 5188 2767 5257 perspicuum,
2806 5189 2949 5258 quod
2978 5189 3340 5257 quaerebatur.

1778 5271 1892 5330 lino
1948 5277 2192 5331 ascendit
2223 5280 2290 5332 ab
2320 5279 2496 5348 aquis.
2542 5280 2827 5334 tenebatur
2874 5295 2901 5331 a
2935 5280 3173 5346 diabolo,
3217 5295 3343 5334 esu-

1778 5369 1972 5431 riebat,
2019 5369 2257 5432 sitiebat,
2302 5372 2609 5439 navigabat,
2661 5371 2985 5432 dormiebat,
3039 5372 3141 5425 iter
3176 5370 3341 5424 facie-

1777 5459 1891 5523 bat,
1938 5461 2358 5531 defatigabatur,
2409 5463 2740 5526 ambulabat,
2797 5463 3046 5527 esuriens
3090 5461 3237 5516 venit
3269 5462 3337 5514 ad

1779 5551 1934 5604 ticum
1967 5570 1980 5605 :
2009 5554 2586 5624 postremojudicatus
2617 5564 2704 5608 est
2747 5561 2802 5609 et
2848 5551 3164 5608 cruciﬁxus.
3205 5548 3341 5613 Quis
