4044 6324
145 406 281 463 125⁸1

1127 393 1493 453 ADVERSUS
1532 392 1947 449 MANlCHrEOS
1986 392 2509 449 SUPPLEMENTA.

3244 390 3378 445 l23i8

144 546 3345 595 _________________________________________.

245 681 464 736 ΤΙΤΟΥ
490 672 919 732 ΕΠΙΣΚΟΠΟΥ
948 667 1138 725 ΚΑΤΑ
1176 667 1609 722 ΜΑΝΙΧΑΙΩΝ.

461 854 767 917 Ὑεόθεσις
797 846 904 902 τοῦ
934 845 1166 914 πρώτου
1189 845 1396 914 λόγου.

227 968 288 1023 '0
314 964 532 1038 πριῖιτος
563 959 803 1032 περιέχει
838 958 995 1027 λόγος
1030 956 1248 1025 ἔλεγχον
1279 954 1371 1009 καὶ
1402 952 1708 1022 ἁνασκευὴν

145 1060 253 1114 τῶν
299 1058 531 1130 μάλιστα
586 1052 894 1123 κεφαλαίων
945 1048 1040 1103 τοῦ
1087 1048 1354 1119 δόγματος
1393 1044 1502 1099 τῶν
1541 1045 1713 1101 Μανι-

1734 665 1780 720 Α
1811 662 1996 729 rm,
2042 661 2405 741 EPISCOP_I_
2433 660 2943 741 _sqsrn§§§15,
2985 660 3377 720 ADVERSUS
3450 737 3455 741 ,

2348 731 2839 789 MANICH/EOS.

2283 846 2663 916 Argumentum
2701 844 2825 899 libri
2841 871 2847 875 >
2862 860 2898 898 ι.

1880 955 2097 1012 Primus
2140 956 2276 1013 liber
2316 958 2560 1015 continet
2597 958 3025 1015 confutationem
3074 959 3378 1031 pracipuo-

1811 1062 1933 1102 rum
1974 1048 2214 1118 capitum
2264 1048 2527 1104 doctrinae
2573 1047 3035 1114 Manichaeorum,
3085 1064 3206 1120 qua:
3250 1058 3380 1106 sunt

145 1149 336 1220 καίων,
367 1146 444 1208 ὠς
488 1142 782 1213 ἀλλοτρίως
829 1141 1004 1212 πάντη
1046 1139 1183 1212 πρὸς
1220 1137 1317 1201 τὰς
1360 1137 1502 1190 κατὰ
1549 1133 1712 1205 φύσιν

1828 1140 2031 1209 penitus
2079 1139 2299 1204 aliena,
2344 1147 2399 1195 et
2446 1154 2571 1195 cum
2629 1140 3015 1197 communibus
3063 1140 3379 1201 nationibus

145 1239 332 1304 κοινὰς
358 1237 563 1299 ἑννοίας
589 1236 841 1306 ἑχόντων.

441 1348 745 1414 Ὑατόθεσις
771 1346 878 1401 τοῦ
906 1344 1187 1414 δευτέρου
1216 1344 1421 1413 λόγου.

225 1464 286 1517 ὐ
305 1461 556 1532 δεύτερος
580 1460 972 1525 ἀποδείκνυσιν,
1000 1459 1077 1522 ὡς
1111 1460 1212 1512 οὐκ
1248 1457 1311 1510 ἐκ
1342 1472 1487 1519 τινος
1518 1455 1617 1525 τῆς
1644 1471 1709 1523 γε

150 1555 227 1626 μὴ
279 1553 446 1625 οὔσης
496 1554 729 1625 ὰνάρχου
778 1552 995 1615 κακίας,
1044 1552 1138 1605 καὶ
1178 1550 1425 1613 ἐναντίας
1465 1548 1544 1620 τῷ
1590 1547 1709 1619 Θεῷ

147 1642 323 1716 ἀρχῆς
382 1641 662 1713 ἄνθρωπος
726 1639 1068 1711 πλημμελεῖ·
1125 1638 1221 1691 καὶ
1273 1637 1348 1700 ὡς
1398 1636 1551 1690 οὐδὲν
1596 1638 1712 1689 κατ’

146 1733 336 1787 οὐσίαν
381 1733 438 1785 ὲν
469 1736 580 1797 τοῖς
620 1728 737 1785 οὖσι
778 1730 979 1785 κακόν
1028 1728 1152 1783 οὔτε
1187 1730 1291 1800 μήν
1332 1745 1416 1791 τις
1464 1727 1714 1796 ἀνισότης

150 1825 212 1877 ἐν
240 1826 351 1888 τοίς
401 1825 521 1878 καθ’
770 1825 913 1876 latr
950 1823 1042 1875 καὶ
1090 1821 1166 1885 ὡς
1218 1820 1391 1892 μάτην
1446 1820 1539 1872 καὶ
1590 1817 1710 1871 λίαν

148 1914 361 1978 ἀσεϐῶς
406 1916 688 1980 κακίζουσι
732 1913 831 1985 τὴν
883 1912 992 1965 τῶν
1042 1912 1181 1967 ὅλων
1228 1911 1554 1981 οἰκονομίαν.
1606 1908 1717 1962 Καὶ

1813 1236 2009 1285 natura
2043 1229 2227 1285 insitis
2258 1238 2313 1285 et
2342 1229 2655 1301 anticipatis
2684 1233 3001 1303 pugnantia.

2283 1341 2660 1411 Argumentum
2700 1339 2822 1395 libri
2861 1356 2918 1395 ιι.

1887 1448 2171 1506 Secundus
2208 1450 2344 1508 liber
2376 1452 2535 1509 docet
2581 1462 2637 1508 et
2678 1453 2971 1523 explanat,
3008 1470 3117 1509 non
3150 1469 3381 1523 peccare

1818 1540 2089 1595 hominem
2120 1556 2189 1596 ex
2220 1540 2455 1612 quodam
2484 1543 2629 1597 malo
2653 1551 2859 1598 azterno
2885 1552 2940 1599 et
2968 1545 3087 1599 sine
3112 1545 3383 1615 principio

1817 1646 1880 1686 ac
1916 1629 2024 1686 Deo
2058 1633 2337 1686 contrario
2358 1672 2372 1695 ,
2407 1632 2555 1704 quod
2582 1634 2801 1703 quidem
2832 1649 2941 1689 non
2981 1644 3065 1691 est
3096 1655 3109 1691 :
3162 1644 3216 1691 et
3260 1636 3384 1692 nul-

1817 1723 1928 1776 lum
1962 1736 2084 1777 esse
2113 1723 2318 1776 malum
2351 1722 2649 1778 secundum
2680 1726 3041 1780 substantiam
3074 1725 3130 1780 in
3164 1726 3230 1781 iis
3260 1741 3384 1798 quae

1817 1822 1945 1867 sunt
1970 1832 1985 1881 ;
2015 1829 2114 1869 nec
2144 1814 2307 1868 ullam
2337 1816 2754 1885 inaequalitatem
2783 1816 2836 1870 in
2866 1819 3072 1873 nostris
3088 1818 3290 1886 rebus;
3320 1834 3385 1875 ac

1820 1919 1957 1958 vane
1983 1912 2039 1959 et
2070 1905 2227 1960 valde
2260 1905 2424 1975 impie
2445 1906 2889 1981 gubernationem
2919 1908 3155 1964 universi
3181 1908 3388 1978 impro—

146 2005 284 2070 ὅλως
307 2006 399 2061 τὸν
443 2008 569 2079 περὶ
612 2006 874 2076 Προνοίας
911 2005 1123 2058 ἅπαντα
1151 2003 1307 2073 λόγον
1336 2001 1720 2070 κεφαλαιωδῶς

1828 1996 1939 2049 bari
1970 2004 2024 2051 et
2052 1996 2400 2066 reprehendi.
2426 1997 2668 2067 Denique
2697 2012 2913 2052 omnem
2946 1998 3013 2053 de
3040 1996 3387 2055 Providentia

148 2094 565 2168 περιλαμϐάνει,
595 2094 935 2157 ἀποδεικνὺς,
983 2093 1058 2155 ὼς
1091 2093 1313 2163 οὐδεμία
1347 2093 1558 2161 ἀνάγκη
1589 2091 1713 2144 δευ-

148 2186 311 2255 τεραν
340 2186 460 2240 τινὰ
492 2186 585 2239 καὶ
600 2185 845 2240 ἐναντίαν
877 2184 1053 2256 ἀρχὴν
1089 2182 1168 2254 τῷ
1212 2182 1330 2254 Θεῷ
1356 2185 1419 2236 ὲκ
1442 2180 1549 2235 τῶν
1578 2196 1719 2252 πρα-

149 2278 379 2349 γμάτων
403 2278 669 2331 ὑπονοεῖν.

477 2389 777 2455 Ὺπόθεσις
806 2388 912 2443 τοῦ
955 2394 1152 2457 τρίτου
1195 2388 1403 2458 λόγου.

232 2498 295 2555 ‘0
336 2500 518 2571 τρίτος
567 2499 707 2572 ὑπὲρ
760 2499 856 2553 τοῦ
910 2500 1075 2571 νόμου
1123 2500 1216 2554 καί
1268 2499 1376 2553 τῶν
1429 2497 1722 2571 προφητῶν

148 2594 387 2646 ποιεῖται
428 2592 604 2661 λόγον,
634 2592 711 2656 ὡς
757 2592 907 2663 παρὰ
951 2591 1044 2645 τοῦ
1084 2590 1219 2645 Θεοῦ
1258 2590 1437 2660 πάσης
1466 2590 1565 2660 τῆς
1605 2591 1719 2644 lla-

149 2682 311 2749 λαιᾶς
338 2683 610 2755 Διαθήκης
635 2682 899 2753 δοθείσης,
942 2684 1035 2737 καὶ
1071 2683 1146 2746 ὡς
1192 2683 1343 2735 οὐδὲν
1389 2682 1498 2736 τῶν
1533 2682 1718 2735 αὐτόθι

151 2776 557 2847 πεπραγμένων
582 2793 643 2828 τε
680 2777 772 2829 καὶ
798 2774 1134 2846 λελεγμένων
1172 2774 1390 2843 εὖλογόν
1432 2792 1553 2827 τινα
1596 2792 1722 2827 κατ-

150 2865 381 2937 ηγορίαν
407 2864 517 2936 ἔχει
542 2866 635 2920 τοῦ
676 2860 996 2937 ποίήσαντός
1022 2884 1080 2919 τε
1109 2866 1202 2919 καὶ
1225 2866 1552 2937 λαλήσαντος
1579 2882 1593 2896 ·
1627 2866 1721 2920 καὶ

150 2957 232 3020 ὡς
255 2957 463 3026 συνῳδὰ
486 2960 662 3012 πάντα
694 2962 759 3029 τῇ
788 2960 960 3027 Καινῇ
984 2957 1227 3030 Διαθήκῃ
1246 2976 1258 2986 ’
1282 2957 1359 3019 ὼς
1389 2958 1520 3027 μηδὲ
1542 2956 1721 3009 ὲντεῦ-

152 3045 249 3099 οεν
274 3048 517 3118 ἀνάγκην
556 3044 717 3111 εἶναι,
744 3047 1002 3117 δευτέραν
1045 3046 1168 3099 τινὰ
1212 3048 1306 3100 καὶ
1344 3048 1593 3100 ἐναντίαν
1625 3048 1724 3117 ἀρ-

152 3136 259 3208 χὴν
290 3135 367 3207 τῷ
396 3136 514 3207 Θεῷ
544 3138 809 3192 ὑπονοεῖν.

446 3253 751 3321 Ὑπόθεσις
780 3254 886 3308 τοῦ
924 3256 1205 3323 τετάρτω
1237 3259 1446 3325 λόγου.

1824 2090 2247 2161 disputationem
2299 2094 2614 2150 summatim
2668 2095 3068 2164 complectitur,
3121 2092 3389 2165 docetque

1825 2183 2050 2238 minime
2096 2198 2318 2246 necesse
2364 2200 2489 2240 esse
2536 2186 2804 2257 suspicari
2853 2201 2921 2241 ex
2967 2189 3164 2250 rebus,
3216 2187 3388 2243 ullum

1824 2291 1948 2332 esse
1978 2276 2277 2331 secundum
2313 2278 2637 2347 principium
2660 2317 2676 2341 ,
2714 2277 2825 2333 Deo
2854 2279 3212 2336 contrarium.

2276 2390 2653 2462 Argumentum
2690 2391 2814 2445 libri
2851 2407 2933 2447 ιιι.

1897 2500 2118 2559 Tertius
2169 2502 2307 2558 liber
2358 2517 2458 2573 pro
2503 2504 2621 2573 lege
2668 2511 2723 2559 et
2781 2504 3063 2574 prophetis
3105 2501 3388 2576 disputat:

1828 2594 2027 2663 quippe
2070 2608 2195 2648 cum
2241 2601 2417 2649 totum
2449 2592 2619 2651 Vetus
2649 2593 3057 2652 Testamentum
3090 2612 3122 2652 a
3153 2595 3263 2653 Deo
3290 2597 3391 2653 da-

1826 2692 1939 2739 tum
1973 2686 2063 2748 sit,
2114 2693 2169 2739 et
2196 2686 2331 2739 nihil
2370 2700 2561 2741 eorum
2606 2701 2728 2757 quae
2760 2686 2814 2741 in
2849 2701 2917 2741 eo
2950 2686 3091 2741 facta
3126 2694 3217 2740 aut
3246 2686 3391 2742 dicta

1825 2782 1987 2837 sunt,
2032 2774 2369 2843 probabilem
2414 2776 2820 2830 accusationem
2866 2775 2986 2845 ejus
3028 2778 3121 2845 qui
3166 2776 3295 2831 fecit
3336 2784 3393 2832 et

1825 2865 2001 2929 dixit,
2045 2865 2283 2932 habeat;
2334 2866 2554 2935 sintque
2604 2866 2788 2919 omnia
2832 2881 2959 2920 cum
3006 2865 3157 2923 Novo
3204 2865 3393 2923 Testa-

1827 2965 2013 3011 mento
2044 2956 2442 3011 consentientia
2470 2977 2484 3012 :
2517 2965 2576 3011 ut
2610 2972 2711 3011 nec
2741 2972 2808 3012 ex
2839 2958 2942 3011 hac
2988 2967 3141 3039 parte
3170 2972 3395 3014 necesse

1830 3047 1903 3101 sit
1964 3048 2205 3115 cogitare
2256 3047 2478 3117 aliquod
2546 3047 2844 3103 secundum
2894 3048 3221 3119 principium
3286 3049 3397 3106 Deo

1831 3139 2186 3192 contrarium.

2290 3253 2668 3324 Argumentum
2708 3256 2831 3311 libri
2869 3274 2936 3313 tv.

240 3363 300 3418 Ὅ
328 3364 583 3437 τέταρτος
614 3366 820 3438 ἐξαιρεῖ
845 3370 938 3420 καὶ
956 3368 1052 3439 τὴν
1093 3369 1299 3439 Καινὴν
1331 3368 1602 3439 Διαθὴκην
1628 3369 1722 3438 τῆς

1903 3364 2144 3431 Quartus
2175 3365 2313 3420 liber
2354 3364 2564 3419 Novum
2605 3364 3015 3422 Testamentum
3062 3366 3131 3421 ab
3177 3367 3393 3423 illorum

156 3457 381 3511 ικείνων
412 3460 551 3511 κατὰ
582 3459 717 3510 Θεοῦ
764 3460 1130 3531 βλασφημίας,
1161 3461 1235 3523 ὡς
1280 3461 1399 3512 οὐδὲ
1452 3461 1589 3531 πρὸς
1632 3461 1728 3513 αὑ-

153 3547 256 3617 τὴν
286 3548 560 3623 παντελῶς
600 3551 833 3619 ἐχόντων
876 3552 994 3603 τινὰ
1034 3552 1333 3616 κοινωνίαν,
1382 3554 1475 3606 καὶ
1508 3553 1583 3614 ὡς
1626 3552 1727 3621 μά·

154 3652 259 3707 την
294 3637 633 3703 ἐκϐιάζονται
684 3642 820 3712 μέρη
854 3642 917 3709 γέ
949 3659 1070 3695 τινα
1109 3643 1311 3713 ταύτης
1348 3645 1481 3709 πρὸς
1528 3643 1727 3696 σύστα-

158 3743 247 3780 σιν
271 3727 369 3798 τῆς
389 3730 566 3783 αὐτῶν
593 3731 844 3795 ἀσεϐείας
864 3750 877 3763 ·
914 3734 1003 3786 καὶ
1026 3734 1101 3797 ὡς
1131 3736 1163 3804 ὴ
1197 3735 1335 3787 κατὰ
1364 3735 1451 3787 -δν
1486 3734 1725 3787 διάϐολον

154 3819 609 3893 ὑπόθεσιίοὺδὲν
663 3826 842 3887 αὐτοῖς
890 3825 1201 3897 συναίρεται
1247 3825 1382 3897 πρὸς
1430 3826 1467 3879 ἃ.
1513 3826 1728 3895 λέγουσι

156 3908 301 3961 κατὰ
332 3909 491 3965 Θεοῦ.

1833 3456 2170 3527 blasphemia
2210 3457 2264 3511 in
2298 3455 2465 3511 Deum
2498 3454 2767 3522 defendit,
2801 3467 2859 3511 ut
2892 3459 2984 3530 qui
3014 3460 3216 3513 nullam
3244 3474 3398 3529 pror-

1834 3564 1929 3605 sus
1962 3551 2397 3605 communionem
2430 3567 2552 3604 cum
2586 3567 2651 3605 eo
2690 3552 2945 3617 habeant,
2992 3560 3047 3607 et
3090 3552 3291 3607 frustra
3337 3568 3399 3609 ac

1833 3655 1968 3693 vane
2012 3640 2277 3709 quasdam
2312 3649 2492 3708 partes
2528 3642 2645 3709 ejus
2672 3643 2737 3696 ad
2770 3643 3208 3698 constituendam
3242 3658 3399 3699 suam

1835 3733 2169 3801 impietatem
2223 3747 2319 3801 per
2365 3734 2472 3786 vim
2528 3733 2785 3799 trahant;
2840 3734 3092 3803 quodque
3148 3734 3199 3787 id
3255 3733 3398 3803 quod

1834 3824 2102 3878 diabolice
2136 3824 2461 3891 subjiciam,
2494 3825 2633 3879 nihil
2674 3841 2768 3880 eos
2811 3826 2963 3895 juvat
3009 3826 3075 3879 ad
3121 3841 3185 3880 ea
3233 3825 3400 3881 stabi-

1834 3912 2013 3968 lienda
2046 3927 2165 3981 qua:
2197 3922 2387 3966 contra
2420 3911 2586 3968 Deum
2621 3912 2828 3966 dicunt.

1336 4141 2211 4230 SUPPLEMENTA

160 4334 214 4393 E
253 4331 591 4393 Paralleh's
621 4332 1079 4391 Damascenicis
1131 4329 1685 4409 Rupefuealdinis,
1739 4330 1813 4389 ad
1859 4329 2053 4391 libros
2079 4331 2159 4391 IV
2194 4330 2493 4391 adversus
2536 4332 2911 4393 Manichazos
2942 4330 3065 4391 Titi
3100 4330 3403 4391 Bostren-

1570 4448 1657 4493 διε
1690 4447 1993 4508 episcopi.

568 4777 649 4831 Ex
674 4775 898 4831 Joannis
934 4776 1244 4831 Damasceni
1268 4792 1406 4832 sacr.
1444 4777 1693 4838 Parallel.
1725 4782 1857 4849 Opp.
1890 4793 2016 4837 tom.
2052 4780 2118 4847 ll,
2146 4797 2267 4850 pag.
2305 4778 2430 4841 765,
2461 4778 2593 4831 edit.
2640 4774 2820 4831 Paria.
2858 4777 3017 4831 1712.

168 4920 278 4977 Τοῦ
298 4920 474 4991 ἁγίου
516 4918 684 4991 Τίτου
711 4918 1045 4991 ἐπισκόπου
1069 4918 1345 4991 Βόστρων
1369 4918 1435 4971 ἐκ
1462 4919 1566 4974 τοῦ
1587 4922 1722 4975 κατά

1839 4922 2021 4979 Sancti
2055 4921 2161 4977 Titi
2212 4918 2439 4987 episcopi
2470 4915 2822 4991 gastrarum,
2877 4929 2940 4967 ea:
2995 4912 3127 4965 liora
3172 4927 3188 4966 ι
3227 4922 3409 4970 contra

548 4990 889 5056 Μανιχαίων
923 4988 1108 5055 λόγου
1142 4994 1191 5040 α’
1217 4988 1347 5059 (65).
2242 4985 2249 4987 ’
2390 4985 2394 4987 Ἴ
2458 4985 2795 5038 Manicha’os.

232 5100 359 5163 Πῶς
374 5092 490 5162 οὖν,
522 5098 648 5169 φὴς.
684 5098 1044 5169 ἀναστήσεται
1071 5099 1130 5151 τὸ
1170 5099 1347 5170 σῶμα,
1382 5101 1429 5153 εἰ
1474 5100 1610 5170 σὰρξ
1639 5102 1734 5154 καὶ

162 5188 304 5265 αἷμα
340 5190 613 5261 βασιλείαν
640 5188 774 5241 Θεοῦ
817 5188 1217 5261 κληρονομῆσαι
1257 5194 1315 5244 οὐ
1347 5192 1637 5260 δύνανταις
1671 5194 1733 5245 οὐ

162 5287 343 5339 τοίνυν
405 5282 543 5343 ἐστὶ,
600 5281 782 5350 φασὶν,
828 5282 1037 5351 νεκρῶν
1095 5284 1401 5346 ἀνάστασις.
1453 5283 1590 5337 Οὖτε
1623 5287 1737 5346 τοῖς

160 5374 422 5444 ἀνωτέρω
435 5371 522 5425 διὰ
538 5370 793 5425 πλειόνων
810 5372 1037 5442 λεχθεῖσι
1053 5374 1143 5424 τὸν
1168 5376 1288 5427 νοῦν
1309 5376 1368 5427 οὐ
1386 5377 1734 5446 παρέχουσιν,

160 5467 279 5523 ἀλλ’
300 5464 487 5535 ὥσπερ
515 5465 655 5524 τινὲς
697 5466 753 5515 ἐν
779 5463 1057 5531 διαμοναῖς
1095 5467 1435 5536 πραγμάτων
1462 5465 1737 5521 ἀδικωτά-

162 5574 297 5620 των,
318 5556 381 5609 τὸ
408 5554 617 5616 ἑαυτοῖς
649 5553 941 5623 προσφιλὲς
971 5559 1050 5619 εἰς
1073 5556 1167 5626 τὴν
1196 5558 1449 5611 ὑπόνοιαν
1479 5558 1577 5629 τῆς
1608 5576 1740 5627 σφε-

1910 5102 2142 5169 Quinam
2191 5100 2355 5169 igitur
2399 5096 2508 5158 ﬁet,
2554 5093 2757 5163 inquis.
2802 5100 2863 5145 ut
2889 5106 3087 5157 corpus
3130 5100 3414 5161 resurgat,

1837 5194 1885 5249 si
1914 5208 2041 5247 caro
2075 5199 2130 5247 et
2171 5188 2395 5257 sanguis
2440 5201 2667 5257 regnum
2696 5184 2789 5238 llei
2823 5182 3108 5252 possidere
3136 5198 3246 5236 non
3284 5198 3415 5252 pos-

1838 5284 1998 5340 sunt?
2027 5293 2370 5350 nequaquam
2391 5278 2555 5345 igitur
2576 5282 2660 5329 est.
2686 5271 3020 5327 resurrectio
3047 5278 3412 5324 mortuorum.

1840 5375 1935 5430 llis
1955 5390 2075 5445 qua:
2107 5372 2361 5442 superius
2394 5370 2617 5439 copiose
2660 5366 2806 5420 dicta
2848 5370 2998 5425 sunt,
3026 5364 3269 5417 animum
3303 5378 3415 5417 non

1840 5468 2165 5528 advertunt;
2200 5461 2293 5517 scd
2316 5502 2329 5523 ,
2380 5462 2527 5513 velut
2565 5457 2787 5525 quidam
2839 5454 3200 5524 iniquissimis
3236 5453 3291 5507 in
3321 5469 3416 5508 ne-

1840 5556 2003 5627 gotiis
2037 5562 2445 5625 perseverantes
2469 5594 2482 5616 ,
2531 5550 2584 5604 id
2614 5547 2760 5619 quod
2797 5546 2900 5601 sibi
2963 5543 3028 5597 ad
3085 5544 3415 5613 impietatem

225 5711 342 5784 (65)
393 5708 801 5784 Ex._r012_at_agd
827 5710 1248 5784 Mat-11.167101;
1273 5717 1345 5784 q'_.
1368 5709 1720 5784 Nequaquam
1830 5724 1976 5784 nunc
2032 5715 2250 5763 exstant
2322 5721 2387 5763 ex
2447 5701 2802 5761 translatione
2852 5698 3111 5755 Turriani
3139 5740 3156 5766 ,
3216 5698 3413 5781 reperi.

166 5777 282 5838 haec
311 5777 366 5839 in
398 5779 552 5836 libris
585 5777 694 5833 Titi
730 5778 1039 5835 Bostrensis
1069 5777 1251 5833 contra
1284 5777 1629 5846 Manicheak,
1667 5789 1724 5834 ut
1832 5779 2093 5841 Lnouxm.

488 5871 751 5931 Ριτιια..
786 5870 901 5931 Gn.
938 5868 1165 5931 XVIII.

3099 5865 3178 5925 ΑΟ
