4044 6324
146 419 278 477 ΙΞϐΙ

1067 422 1443 485 ΑΙΠΕΠΘΒΒ
1477 426 1902 486 ΜΑΝΙΕΠΕΟΘ
1932 425 2449 486 δυΡΡιΕΜΕΝτΑ.

3249 434 3383 490 i262

146 543 260 615 γὰρ
317 544 700 616 κτησάμενος,
757 542 936 608 καλῶς
990 544 1058 598 ἂν
1090 546 1399 617 διανήξαιτο
1444 549 1591 603 τόνδε
1641 549 1722 603 τὸν

1834 553 2195 622 comparatis,
2256 558 2405 606 recte
2465 565 2636 605 mm
2695 548 2839 605 istud
2901 551 3317 605 transmeaverit
3362 566 3379 608 :

145 634 295 707 βίον·
332 639 624 709 ἀμελήσας
658 638 716 692 δὲ
769 638 1010 704 τούτων,
1045 639 1294 708 χαλεπῶς
1332 641 1398 694 ἀν
1443 637 1724 695 διαϐαπτι-

146 723 301 797 σθείη
336 727 712 799 πλανώμενος.

1836 638 1934 694 sin
1961 655 2092 696 vero
2119 641 2438 712 neglexerit,
2473 655 2656 696 errore
2684 655 2784 696 suo
2805 641 2954 712 gravi
2985 652 3114 695 casu
3140 639 3377 695 submer-

1826 731 1999 798 getur.

1732 838 1824 894 ιιι,

1552 953 1694 1012 Ibid.
1734 972 1854 1028 pag.
1888 956 2008 1010 788.

293 1056 419 1115 τοῦ
462 1060 638 1129 ἀτίου
674 1063 864 1127 πτου,
892 1063 962 1117 ἐκ
1005 1065 1110 1120 τοῦ
1139 1067 1272 1140 Περὶ
1302 1068 1582 1139 Προνοίας.

215 1255 334 1329 (68)
372 1255 525 1326 Πρὸς
566 1256 624 1311 δὲ
655 1260 768 1322 τοῖς
807 1258 981 1314 ἅπασι
1013 1262 1120 1315 τῶν
1163 1265 1408 1336 συνήθως
1461 1265 1567 1318 ὑπὸ
1590 1263 1722 1318 Θεοῦ

142 1339 458 1418 δεδομένων
509 1352 661 1421 κοινῇ
695 1352 860 1404 πᾶσιν
908 1352 1214 1426 ἀνθρώποις
1263 1358 1312 1408 εί
1363 1357 1602 1427 μηδεμία
1644 1357 1724 1421 τίς

145 1439 300 1492 ἐστιν
327 1439 423 1492 ὅτι
458 1438 737 1493 συνέϐαινε
769 1439 1021 1506 κώλυσις,
1058 1447 1199 1515 φορᾷ
1235 1441 1450 1512 φύσεως
1491 1447 1557 1500 ἄν
1581 1463 1723 1509 τινος

142 1528 537 1600 ἀμεταϐλήτου
569 1530 668 1602 τὴν
694 1531 954 1603 χορηγίαν
996 1534 1175 1586 αὐτῶν
1221 1533 1487 1606 ἠθέλησαν
1513 1536 1722 1607 ἄνθρω-

145 1637 277 1684 ποι,
313 1619 414 1673 καὶ
446 1620 546 1674 οὐκ
577 1620 661 1687 ἂν,
705 1623 982 1694 δεχόμενοι
1016 1624 1208 1688 ταῦτα,
1245 1626 1402 1696 χάριν
1446 1625 1723 1696 ὡμολόγη-

145 1725 249 1763 σαν
280 1709 364 1780 τῷ
395 1711 549 1782 Θεῷ,
586 1715 685 1766 οὐκ
719 1714 782 1766 ἂν
809 1714 864 1766 δὲ
896 1713 1102 1783 ᾔτησαν
1135 1713 1366 1783 ἔχοντες.
1406 1716 1722 1786 Στεροῦνται

141 1801 447 1872 ⁴Ιιοι.·γαροῦν
502 1803 671 1856 ἐνίοτε
722 1801 857 1875 πρὸς
907 1803 1116 1871 ὀλίγον,
1165 1806 1249 1856 ἵνα
1303 1808 1592 1879 αἰτήσωσι·
1629 1809 1722 1860 καὶ

1838 1069 2026 1124 Sancti
2052 1068 2182 1134 Titi,
2207 1083 2271 1122 ex
2295 1064 2520 1121 libroDe
2547 1062 2910 1131 Providentia,
2939 1077 3005 1118 ea:
3025 1060 3156 1116 libro
3189 1075 3226 1115 ιι
3251 1073 3385 1116 com

2383 1145 2468 1190 tra
2494 1135 2834 1190 Manichacus;

1907 1249 2110 1304 Praeter
2163 1248 2278 1304 haec
2334 1249 2538 1314 omnia,
2576 1247 2681 1302 nisi
2724 1261 2845 1318 qua:
2893 1260 2923 1299 a
2956 1244 3065 1299 Deo
3113 1239 3385 1297 universis

1828 1341 2145 1396 hominibus
2178 1341 2400 1410 perinde
2437 1340 2665 1396 concedi
2708 1339 2908 1402 solent,
2941 1334 3229 1391 identidem
3278 1331 3386 1385 im-

1830 1431 2005 1501 pediri
2031 1431 2375 1499 contingeret
2399 1429 2692 1484 immobilis
2727 1425 3010 1494 cujusdam
3055 1432 3261 1480 natura:
3280 1427 3385 1479 im-

1827 1529 1953 1591 petu
1983 1539 1997 1588 ;
2035 1523 2226 1575 horum
2254 1519 2592 1590 largitionem
2623 1517 2757 1571 nihil
2790 1525 3074 1570 curassent
3102 1515 3381 1578 homines,

1827 1628 1929 1667 nec
1969 1613 2038 1666 iis
2060 1611 2296 1666 obtentis
2335 1609 2444 1664 Deo
2475 1610 2676 1678 gratias
2708 1613 2946 1676 agerent,
2989 1621 3162 1675 neque
3189 1605 3386 1670 borum

1827 1711 2114 1773 compotes
2168 1701 2321 1767 facti,
2361 1701 2634 1755 ullatenus
2671 1705 3042 1769 precarentur.
3061 1697 3142 1750 Ad
3173 1705 3387 1766 tempus

1829 1795 1996 1864 igitur
2039 1786 2259 1863 aliquod
2304 1791 2464 1846 donis
2520 1793 2822 1860 privantur,
2876 1797 2936 1842 ut
2979 1795 3234 1855 exorent;
3261 1802 3388 1840 rur-

142 1885 399 1960 δέχονται
447 1889 636 1957 αὖθις,
685 1894 770 1947 ἵνα
810 1893 967 1962 χάριν
1016 1892 1387 1965 ὁμολογήσωσι
1434 1895 1510 1967 τῷ
1560 1913 1721 1968 χορη-

1826 1900 2055 1954 sumque
2090 1883 2385 1953 accipiunt,
2437 1890 2494 1936 ut
2519 1881 2762 1952 largitori
2804 1883 3184 1945 conﬁteantur,
3221 1891 3388 1948 agno-

143 1986 360 2055 γοῦντι,
390 1985 770 2054 γινώσκοντες,
795 1987 870 2048 ὡς
913 1985 1074 2048 αὑτός
1101 1985 1164 2053 γέ
1205 1988 1351 2038 ἐστιν
1389 1988 1418 2040 ό
1449 1985 1722 2055 παρέχων,

146 2076 247 2130 καὶ
274 2077 340 2130 ού
377 2077 540 2145 φύσις
566 2077 697 2147 άλλη
742 2076 827 2138 τίς
857 2078 972 2128 ἐστι
1011 2076 1161 2145 παρά
1185 2076 1274 2127 τὸν
1314 2075 1465 2140 Θεὸν,
1505 2074 1726 2144 ἄκριτός

144 2177 207 2218 τι
243 2167 343 2220 καὶ
383 2167 818 2238 ἀμεταμέλητος,
862 2168 897 2236 ὴ
944 2165 1274 2235 χορηγοῦσα.
1317 2165 1570 2218 Βούλεται
1605 2164 1661 2216 δὲ
1697 2162 1726 2215 ὁ

144 2253 285 2318 Θεὸς
314 2257 519 2309 εἰδέναι
543 2257 703 2326 χάριν
741 2255 908 2325 αύτῷ,
946 2256 1029 2308 ἴνα
1061 2255 1343 2326 ἀξιώτεροι
1383 2253 1474 2306 τοῦ
1516 2252 1728 2321 λαμϐά-

143 2360 264 2400 νειν
316 2348 453 2415 παρ’
497 2344 662 2399 αὑτοῦ
696 2345 976 2414 γένωνται,
1003 2345 1100 2415 οὐχ
1146 2345 1231 2397 ἵνα
1275 2361 1326 2396 τι
1369 2343 1724 2414 καρπώσηται

147 2436 232 2497 τίς
273 2436 490 2488 ἑαυτόν.
529 2434 784 2488 Βούλεται
814 2435 923 2507 γὰρ
953 2435 1020 2487 τὰ
1068 2434 1247 2503 ἀγαθὰ
1273 2433 1492 2494 τούτους
1534 2433 1723 2495 αίτεῖν,

148 2525 259 2586 ἶνα,
309 2525 612 2596 δεχόμενοι,
663 2526 912 2597 αἴσθησιν
956 2525 1049 2578 τοῦ
1105 2523 1463 2595 χορηγοῦντος
1505 2521 1718 2590 ἔχωσιν.

147 2616 357 2687 Χαίρει
399 2617 500 2686 μὲν
547 2617 654 2689 γάρ
696 2618 764 2670 τὰ
797 2618 926 2687 παρ’
982 2616 1174 2670 ἑαυτοῦ
1225 2605 1421 2678 διδοὺς,
1463 2614 1640 2684 χαίρει
1666 2612 1722 2664 δὲ

154 2706 364 2775 μᾶλλον
395 2707 564 2771 ἀξίοις
588 2706 759 2770 διδούς
780 2723 793 2736 ο
825 2707 900 2769 ώς
941 2708 1039 2776 τῆς
1079 2703 1480 2775 φιλανθρωπίας
1523 2701 1722 2771 τρόπον

147 2795 276 2849 τινὰ
321 2797 767 2869 ἀτιμαζομένης,
827 2799 877 2850 εί
931 2797 1006 2867 μὴ
1051 2797 1186 2868 πρὸς
1231 2793 1582 2864 εὐαισθήτους
1630 2791 1721 2857 Υέ’

149 2903 323 2941 νοιτο.

1827 1975 2244 2042 sccntesipsum
2276 1987 2399 2027 esse
2431 1972 2524 2042 qui
2553 1973 2766 2036 tribuit,
2798 1987 2900 2026 nec
2932 1971 3157 2024 alteram
3188 1983 3383 2039 quam-

1823 2067 1907 2120 vis
1937 2074 2130 2135 praeter
2162 2065 2330 2120 Deum
2359 2072 2610 2118 naturam
2640 2079 2792 2128 esse,
2825 2080 2944 2133 quae
2982 2062 3388 2117 indiscrimina-

1825 2157 1922 2210 tim
1969 2165 2024 2210 et
2075 2156 2195 2211 sine
2241 2157 2560 2226 pmuitentia
2595 2157 2995 2211 subministret.
3030 2152 3158 2207 Vult
3202 2153 3387 2221 itaque

1826 2245 1970 2300 Deus
1998 2246 2100 2300 sibi
2131 2247 2361 2316 gratiam
2412 2245 2625 2308 haberi,
2651 2253 2711 2299 ut
2759 2245 3005 2299 homines
3038 2241 3269 2297 evadant
3298 2241 3385 2296 di-

1831 2341 2050 2408 gniores
2080 2339 2172 2408 qui
2195 2338 2262 2391 ab
2286 2339 2402 2406 ipso
2427 2337 2718 2406 accipiant,
2741 2352 2850 2389 non
2876 2344 2932 2390 ut
2961 2335 3065 2389 sibi
3102 2334 3204 2402 ipsi
3235 2345 3386 2386 emo-

1829 2428 2058 2482 lumenti
2084 2427 2361 2496 quidpiam
2392 2427 2599 2481 redeat.
2624 2425 2752 2480 Vult
2785 2426 2926 2479 enim
2953 2433 3010 2477 ut
3026 2423 3166 2477 bona
3193 2427 3382 2491 postu-

1830 2519 1963 2581 lent,
2012 2519 2210 2587 quibus
2245 2518 2487 2586 acceptis
2535 2517 2845 2585 largitorem
2890 2515 3148 2568 sentiant.
3175 2509 3385 2566 Gaudet

1824 2610 1967 2664 enim
1991 2609 2171 2663 dando
2206 2623 2326 2678 quae
2358 2624 2454 2664 sua
2489 2617 2650 2672 sunt;
2690 2607 2784 2661 sed
2814 2607 3009 2676 gaudet
3047 2605 3277 2674 amplius
3300 2602 3386 2656 di-

1826 2703 1948 2770 gnis
2006 2699 2369 2769 impartiendo
2405 2716 2415 2750 :
2451 2714 2514 2753 ac
2547 2700 2593 2754 si
2641 2699 2944 2766 benignitas
3007 2696 3178 2764 ipsius
3221 2692 3384 2746 modo

1823 2791 2058 2861 quodam
2091 2790 2536 2855 dedecoraretur,
2568 2789 2674 2844 nisi
2702 2788 2753 2842 in
2795 2802 2890 2843 eos
2915 2788 3010 2842 aui
3036 2787 3174 2841 bene
3203 2781 3382 2838 affecti

1823 2890 1968 2943 sunt,
1994 2879 2417 2949 impenderetur.

1733 3020 1825 3076 ιν.

1545 3156 1685 3212 Ibid.
1727 3173 1849 3228 pag.
1881 3154 2006 3210 783.

339 3269 449 3327 Τοῦ
484 3271 658 3340 ἀτίου
689 3273 875 3337 Τίτου,
897 3272 966 3327 ἐκ
993 3273 1096 3328 τοῦ
1122 3274 1257 3344 Περὶ
1281 3274 1560 3346 Προνοίας.

227 3445 345 3518 (69)
377 3447 490 3501 Οὐκ
518 3446 708 3518 ἐχρῆν,
742 3447 816 3512 ώς
844 3447 1008 3512 ἔοικε,
1037 3449 1180 3502 κατὰ
1199 3453 1311 3514 τοῖς
1341 3452 1505 3504 πᾶσιν
1544 3449 1723 3522 ὑπάρ-

157 3551 277 3605 χειν
311 3536 404 3589 τοῦ
440 3537 575 3590 Θεοῦ
607 3537 676 3590 τά
728 3540 998 3610 τεκμήρια
1019 3578 1034 3601 ,
1091 3541 1185 3593 καὶ
1216 3540 1306 3592 τὸν
1360 3541 1594 3612 ἄρρητον
1632 3541 1725 3594 καὶ

157 3628 542 3700 ἀκατάληπτον
572 3628 696 3682 νοῦν
720 3629 893 3699 πάντη
915 3630 1187 3700 γνώριμον
1215 3625 1355 3683 εἶναι
1383 3630 1686 3702 ἀνθρώποις
1707 3647 1719 3660 ο

156 3716 296 3769 ὅπου
327 3734 388 3786 γε
423 3718 516 3770 καὶ
549 3717 809 3787 βασιλέως
843 3718 1124 3789 ἀνθρώπου
1150 3722 1240 3772 καὶ
1272 3721 1526 3790 ἄρχοντός
1557 3723 1722 3783 ἐστιν,

159 3808 245 3861 ὅτι
277 3809 348 3863 τὰ
376 3809 600 3864 πλεῖστα
633 3810 740 3863 τῶν
773 3811 1147 3881 βουλευμάτων
1177 3812 1496 3882 κρύπτεται,
1531 3815 1605 3877 ὼς
1632 3815 1726 3867 καὶ

158 3899 222 3951 τὸ
253 3901 626 3972 πραττόμενον
672 3902 863 3971 ἄδηλον
889 3898 1024 3956 εἶναι
1045 3942 1059 3967 ,
1090 3904 1196 3973 ὅτῳ
1232 3903 1374 3974 λόγῳ
1409 3906 1719 3975 πράττεται.

161 3989 239 4042 Οὐ
268 3990 444 4043 τοίνυν
495 3991 700 4061 Θαῦμα,
738 3994 787 4045 εί
836 3993 1106 4064 ἅνθρωποι
1155 3996 1229 4065 μὴ
1274 3996 1539 4066 χωροῦσιν
1590 3996 1724 4060 ὅλως

157 4079 259 4150 τῆς
284 4082 595 4153 διοικήσεως
623 4084 716 4137 τοῦ
743 4085 876 4138 Θεοῦ
905 4086 992 4139 τὸν
1025 4085 1198 4152 λόγον,
1230 4081 1312 4150 οἷς
1343 4088 1598 4158 ἁρμόττει
1632 4090 1724 4142 καὶ

159 4174 285 4244 δίχα
311 4176 404 4229 τοῦ
432 4177 902 4250 πολυπραγμονεῖν
933 4180 1175 4233 ὑπείκειν
1203 4198 1262 4234 τε
1293 4183 1384 4234 καὶ
1410 4181 1720 4251 ἡσυχάζειν,

161 4268 258 4319 καὶ
287 4268 485 4337 ἥκιστα
513 4271 788 4341 ἀνταίρειν
824 4272 961 4324 κατὰ
988 4273 1084 4341 τῆς
1116 4273 1354 4343 ἀρρήτου
1386 4274 1718 4344 διοικήσεως.

161 4357 428 4422 Πολλάκις
459 4359 568 4430 γὰρ
604 4362 738 4415 -οὑδὲ
796 4364 1062 4432 τεχνίτην,
1105 4363 1278 4416 εἴτουν
1311 4365 1651 4434 οἰκοδομίας,
1690 4365 1721 4433 ἢ

159 4451 503 4518 ναυπηγίας,
557 4452 590 4520 ἢ
652 4452 1008 4523 χαλκευτικῆς
1059 4454 1352 4524 ἔμπειρον,
1421 4456 1722 4527 αἰδούμενοι

159 4542 666 4612 περιεργαζόμεθα,
720 4545 976 4598 ποιοῦντά
1007 4564 1068 4614 γε
1102 4547 1161 4599 τὸ
1212 4550 1411 4600 οἰκεῖον
1460 4550 1718 4602 ἕκαστον⁸

157 4630 294 4683 ἀλλὰ
348 4634 412 4702 τῇ
470 4634 634 4703 πείρᾳ
663 4637 1224 4702 καταπιστεύσαντες,
1283 4640 1611 4710 ὲκδεχόμεθα
1662 4641 1722 4694 τὸ
1755 4627 1796 4681 Ῑ)

159 4722 320 4792 ἔργον
353 4725 498 4778 ίδεῖν.
531 4727 684 4778 Ἔστι
716 4726 772 4778 δὲ
803 4727 897 4780 καὶ
936 4728 1023 4781 ὅτε
1064 4729 1409 4799 σφαλλομένῳ
1438 4731 1535 4783 οὐκ
1565 4733 1718 4783 ὲπαι-

159 4812 485 4883 σθανόμεθα.
534 4817 600 4868 Τί
644 4817 688 4868 δ’
721 4818 784 4870 ἂν
813 4821 1018 4889 εἴποιμι
1055 4823 1183 4892 περὶ
1223 4823 1320 4890 τῆς
1363 4822 1500 4892 ὑπὲρ
1543 4823 1718 4876 πάντα

155 4903 281 4955 νοῦν
321 4904 512 4972 σοφίας
540 4906 632 4958 τοῦ
662 4907 832 4972 Θεοῦ;
865 4909 929 4978 ῆν
952 4911 1215 4980 προσῆκε,
1250 4912 1341 4963 καὶ
1373 4910 1626 4974 νοοῦντάς
1656 4929 1715 4964 τε

155 4993 250 5046 καὶ
288 4992 362 5062 μὴ
395 4994 664 5058 νοοῦντας,
706 4997 1098 5069 ἐκπλήττεσθαί
1131 5017 1189 5052 τε
1231 5001 1320 5052 καὶ
1358 5001 1538 5069 τιμᾷν.
1567 5000 1630 5052 Εί
1660 4999 1718 5052 δέ

149 5099 258 5146 τις,
283 5083 370 5135 διὰ
395 5085 452 5136 τὸ
475 5087 549 5155 μὴ
575 5088 1012 5159 καταλαμϐάνειν
1039 5091 1128 5143 τὸν
1152 5091 1305 5158 λόγον
1328 5091 1438 5143 τῶν
1465 5091 1718 5144 πλειόνων

149 5173 262 5225 τῶν
288 5176 423 5244 πρὸς
447 5175 544 5230 τοῦ
575 5178 709 5230 Θεοῦ
743 5181 1062 5250 γινομένων,
1094 5182 1313 5234 ἐκπέσοι
1339 5183 1472 5252 πρὸς
1490 5182 1715 5235 ἀτοπίαν

149 5267 249 5335 τῆς
299 5264 392 5317 τοῦ
439 5265 574 5319 Θεοῦ
626 5269 783 5340 δόξης
825 5272 936 5342 (70)
992 5272 1357 5338 ἀθλιώτατος,
1411 5275 1501 5326 καὶ
1557 5273 1713 5326 πάλιν

173 5419 334 5501 ..(68)
355 5421 632 5501 -ῌρὸςὶδὲ
676 5423 800 5501 τοῖς
987 5424 1250 5501 Excerpta
1310 5434 1438 5501 sunt
1490 5427 1604 5501 haec
1652 5443 1719 5481 ex

149 5489 246 5576 lib:
280 5489 461 5576 "siti
498 5489 834 5576 'Bostrensis,
891 5494 1052 5576 ἧμιν,
1103 5489 1189 5576 ubi
1241 5499 1443 5576 rectius
1502 5497 1717 5576 legitur,

151 5561 288 5631 πρὸς
421 5560 660 5638 τούτοις;
707 5571 867 5632 atque
892 5560 989 5638 :ita
1035 5560 1226 5635 legisse
1287 5566 1498 5621 videtur
1556 5560 1725 5620 inter—

150 5628 298 5699 pies.
336 5628 574 5698 Uterque
602 5632 751 5685 locus
775 5628 1108 5688 conferatur:

151 5766 164 5782 .
204 5701 336 5782 _(69‘)
371 5703 492 5780 οὐκ
530 5700 833 5782 inﬁrmat.
877 5719 950 5782 τ.-
968 5704 1018 5758 λ.
1072 5705 1276 5762 Auctor
1325 5703 1716 5762 Parallelorum

149 5764 256 5825 ista
289 5764 675 5840 descripsii—ex
708 5771 800 5826 lib.
832 5787 892 5837 ιι,
926 5772 954 5841 ᾖ
990 5788 1180 5828 xxviii.

1747 3280 1790 3337 Ο
1825 3271 2010 3329 Sancti
2043 3269 2170 3334 Titi,
2200 3267 2413 3322 exiibro
2442 3266 2526 3337 De
2548 3265 2910 3330 Providentia,
2930 3281 2992 3319 ex
3015 3265 3147 3319 libro
3190 3281 3226 3319 ιι
3251 3280 3386 3322 con-

2367 3347 2449 3390 tra
2481 3336 2824 3391 Manichacos.

1894 3454 2113 3510 Minime
2143 3460 2566 3508 consentaneum
2598 3457 2738 3516 erat,
2783 3457 2843 3503 ut
2865 3448 3098 3509 videtur.
3129 3447 3223 3501 Dei
3260 3462 3388 3501 con—

1825 3547 1951 3603 silia
1980 3547 2165 3616 pervia
2195 3543 2451 3598 omnibus
2491 3543 2637 3605 fieri,
2669 3550 2722 3595 et
2770 3539 3201 3608 inexplicabilem
3239 3538 3387 3590 illam

1826 3648 1988 3707 atque
2053 3634 2658 3704 incomprehensibilem
2701 3640 2939 3685 mentem
2985 3628 3131 3683 omni
3175 3628 3388 3681 ratione

1827 3729 2144 3783 hominibus
2176 3726 2514 3795 exploratam
2553 3739 2712 3778 esse:
2750 3721 2968 3791 quando
3003 3721 3080 3775 vel
3123 3721 3268 3790 regis
3293 3719 3387 3788 qui

1825 3817 1991 3871 homo
2049 3823 2154 3879 est,
2189 3830 2250 3868 ac
2286 3813 2552 3883 principis
2592 3813 2850 3881 pleraque
2893 3809 3123 3863 consilia
3175 3810 3387 3863 occulta

1826 3917 1991 3971 sunt,
2028 3907 2101 3959 ita
2138 3914 2195 3959 ut
2227 3906 2520 3959 obscurum
2557 3904 2628 3958 sit
2653 3916 2815 3972 quam
2842 3901 2912 3955 ob
2945 3913 3162 3954 causam
3197 3909 3388 3969 agatur

1824 3999 1878 4053 id
1909 3997 2054 4068 quod
2085 3996 2283 4067 agitur.
2317 3994 2464 4048 Nihil
2487 3994 2684 4048 mirum
2717 3993 2904 4062 igitur,
2935 3991 2982 4046 si
3014 3991 3260 4045 homines
3300 3992 3387 4043 di-

1825 4092 1966 4144 vinae
1997 4088 2413 4159 gubernationis
2449 4087 2713 4139 rationem
2748 4099 2856 4138 non
2907 4081 3156 4151 capiant;
3189 4083 3389 4152 quibus

1826 4183 2135 4246 conveniat,
2165 4182 2340 4250 posita
2392 4179 2733 4239 curiositate,
2776 4175 2967 4231 cedere
3014 4186 3066 4229 et
3092 4177 3384 4238 conticere,

1824 4289 1926 4329 nec
1969 4287 2198 4342 prorsus
2231 4273 2494 4325 adversus
2536 4269 2807 4323 ineﬂ‘abile
2846 4268 3085 4338 regimen
3119 4267 3246 4321 illud
3292 4268 3389 4320 ob-

1825 4381 2188 4420 murmurare.
2221 4363 2518 4418 Enimvero
2568 4377 2712 4429 saape
2747 4361 2974 4423 accidit,
3009 4367 3065 4412 ut
3107 4374 3281 4427 neque
3320 4359 3388 4412 ab

1827 4457 2055 4518 artitice,
2105 4454 2220 4509 sive
2267 4454 2464 4508 domus
2498 4451 2792 4511 struenda,
2824 4450 2937 4504 sive
2979 4447 3387 4516 compingendac

1826 4549 2002 4612 navis,
2033 4548 2148 4603 sive
2177 4546 2303 4600 aeris
2367 4543 2626 4598 iundendi
2677 4545 2883 4612 perito,
2923 4541 3042 4608 ejus
3088 4541 3388 4593 reverentia

1826 4639 2031 4708 aliquid
2090 4638 2468 4707 inquiramus,
2496 4635 2624 4688 dum
2679 4635 2766 4687 ille
2789 4633 3017 4703 quodvis
3059 4647 3196 4701 Opus
3231 4648 3386 4684 suum

1832 4731 1998 4797 facit;
2031 4729 2125 4785 sed
2164 4730 2284 4798 ejus
2313 4727 2666 4797 experientia:
2718 4725 2872 4778 Iidem
2920 4725 3200 4785 habentes,
3234 4725 3387 4790 opili-

1826 4824 1971 4877 cium
2030 4823 2213 4875 videre
2272 4821 2670 4890 praestolamur.
2720 4815 3006 4881 Quinimo,
3062 4815 3389 4884 quandoque

1826 4913 1990 4966 etiam
2017 4912 2163 4966 illius
2194 4919 2375 4964 errata
2405 4925 2510 4962 non
2569 4908 3078 4962 animadvertimus.
3113 4904 3251 4969 Quid
3275 4906 3386 4956 ita-

1827 5019 1930 5072 que
1964 5003 2140 5056 dicam
2175 5000 2243 5056 de
2271 5000 2366 5054 Dei
2401 5001 2666 5068 sapientia
2689 5039 2701 5060 ,
2732 5014 2852 5068 quae
2884 5005 3117 5050 mentem
3173 5009 3388 5048 omnem

1825 5093 2076 5148 excedit?
2108 5108 2293 5162 quam,
2322 5092 2433 5145 sive
2475 5090 2857 5159 intelligamus,
2905 5089 3017 5142 sive
3060 5102 3165 5140 non
3191 5086 3390 5138 intelli-

1823 5199 2036 5253 gamus,
2071 5199 2169 5237 nos
2192 5183 2435 5251 oportuit
2461 5181 2718 5235 admirari
2764 5195 2827 5234 ac
2856 5180 3122 5232 venerari.
3157 5177 3308 5242 Quod
3343 5179 3387 5232 si

1824 5275 2120 5343 quispiam,
2153 5289 2219 5328 ex
2261 5290 2324 5328 eo
2358 5274 2500 5342 quod
2545 5273 2834 5325 multarum
2862 5285 2982 5340 quae
3016 5286 3044 5322 a
3095 5268 3202 5323 Dee
3234 5270 3388 5332 liunt,

1893 5427 2001 5496 (70)
2036 5428 2189 5494 Πρὸς
2216 5428 2469 5481 ἀτοπίαν
2499 5424 2606 5491 τῆς
2639 5425 2740 5496 eoi}
2771 5425 2916 5478 Θεοῦ
2941 5425 3139 5490 δόξης.
3170 5425 3296 5493 Leg.
3326 5442 3382 5478 π.

1824 5497 1878 5548 ά.
1910 5514 1960 5550 τ.
1986 5495 2133 5548 κατὰ
2165 5497 2258 5548 τοῦ
2279 5496 2413 5548 Θεοῦ
2438 5497 2483 5548 δ.
2518 5497 2670 5564 Apud
2703 5495 3102 5566 Tilumjibill,
3134 5498 3383 5566 giarium,-

1825 5567 1905 5618 sic
1932 5567 2149 5633 legitur,
2184 5568 2317 5635 πρὸς
2346 5563 2578 5627 ἀτόπους
2606 5565 2746 5617 κατὰ
2780 5563 2911 5617 Θεοῦ
2945 5563 3117 5635 δόξας.
3138 5563 3277 5628 Ὀυξιὲ
3303 5580 3386 5635 re-

1826 5637 1967 5690 ctius
2001 5650 2163 5704 quam
2199 5633 2385 5689 Dillius
2432 5637 2505 5688 ita
2548 5635 2846 5689 reddidiSs‘e
2901 5633 3112 5704 videtur
3165 5633 3385 5686 Turriziv

1828 5721 1932 5758 nus
1967 5723 1979 5756 :
2012 5702 2070 5760 Si
2099 5708 2304 5771 ψύθη..
2339 5722 2438 5759 non
2469 5705 2784 5774 assequitur,
2809 5702 3015 5757 decidat
3046 5705 3098 5756 in
3127 5703 3386 5756 absurdar

1829 5774 1892 5828 de
1925 5774 2031 5830 Deo
2069 5776 2352 5830 oviniones.
