4044 6324
615 271 748 329 “37

1747 283 1884 344 τιτι
1927 285 2363 346 Βοετιιεηειε
2401 289 2726 350 EPISCOPI.

613 406 778 459 quam
836 407 865 445 a
921 395 1120 449 saecqu
1181 393 1432 454 diabolus
1492 415 1752 473 morsque
1811 405 2182 475 captivitatem

2301 416 2378 462 too
2409 414 2502 464 καὶ
2529 411 2622 464 τοῦ
2648 413 2878 466 θανάτου
2901 414 3433 484 αἰχμαλωτισθεῖσαν
3459 415 3868 486 nixum

617 485 916 554 subjectam
952 487 1289 553 habuissent,
1326 491 1442 561 ipse
1471 496 1800 564 captivasset
1824 498 1889 549 ⁸³.
1918 496 2013 554 His
2036 500 2183 554 enim

618 590 683 629 ac
713 578 983 634 similibus
1017 577 1085 633 de
1119 582 1324 646 causis,
1355 599 1481 639 eum
1503 586 1674 640 divini
1707 588 1982 660 prophetae
2005 605 2184 662 regem

619 668 931 738 pradicant.

693 756 774 809 Ill.
824 757 961 823 Quia
1007 775 1169 828 porro
1215 761 1426 830 prafati
1467 767 1742 834 prophetae
1779 770 2019 824 conviva
2060 778 2188 824 sunt

618 850 972 904 rationalium
1031 852 1389 918 animorum;
1448 871 1510 910 ac
1565 859 1705 912 sicut
1762 875 1976 916 menses
2022 863 2185 916 annui

616 942 781 1010 spatii
831 943 1038 996 circulo
1076 959 1171 1012 per
1208 952 1392 1013 partes
1441 946 1678 1002 humana
1725 965 1952 1020 corpora
1988 952 2184 1019 alunt,

617 1033 694 1084 ita
727 1041 779 1085 et
810 1033 868 1095 ii,
911 1047 1012 1085 nos
1049 1049 1267 1102 quoque
1301 1050 1397 1104 per
1442 1048 1644 1105 partes,
1684 1054 1779 1093 seu
1808 1046 1987 1110 potius
2032 1057 2183 1096 com-

617 1123 859 1176 muniter
900 1124 1188 1177 instructis
1225 1127 1425 1194 epulis,
1462 1126 1592 1182 dum
1636 1130 1850 1184 interim
1895 1129 2029 1186 festa
2074 1133 2188 1202 agi-

617 1225 760 1276 mus,
793 1228 888 1267 seu
932 1215 1096 1270 etiam
1131 1216 1349 1285 ubique,
1386 1215 1624 1272 lidelium
1673 1221 1824 1274 alunt
1872 1223 2081 1277 animos
2123 1239 2186 1276 ac

618 1301 821 1359 divinis
853 1305 1122 1362 doctrinis
1151 1308 1493 1366 Christianos
1524 1312 1817 1367 inebriant.
1849 1313 2004 1381 juxta
2040 1313 2186 1383 quod

617 1409 806 1449 eorum
859 1398 1057 1467 aliquis
1119 1399 1252 1452 dicit
1307 1421 1320 1455 :
1385 1400 1794 1458 Inebriabuntur
1845 1405 1909 1456 ab
1950 1403 2188 1458 ubertate

617 1485 808 1538 domus
859 1497 962 1541 tute
1015 1490 1081 1542 ".
1134 1488 1343 1552 Venite,
1414 1493 1720 1555 audiamus,
1777 1504 1830 1548 et
1889 1495 2187 1549 narrabunt

617 1576 778 1631 nobis
815 1593 1008 1633 omnes
1046 1581 1140 1649 qui
1182 1580 1415 1651 diligunt
1446 1599 1668 1653 regnum
1700 1582 1815 1645 Dei,
1847 1586 1977 1654 quid
2014 1585 2080 1640 de
2123 1600 2189 1640 eo

619 1668 908 1738 prophetet
948 1684 1179 1740 magnus
1228 1669 1544 1737 Zacharias,
1592 1674 1865 1748 gloriosus
1911 1676 2001 1728 ille
2050 1677 2190 1729 inter

2289 503 2516 555 Ἐνεκεν
2545 503 2745 556 τούτων
2770 505 2864 557 καὶ
2895 505 3004 556 τῶν
3035 506 3290 560 τοιούτων
3321 505 3544 561 Βασιλέα
3571 508 3738 561 αὑτὸν
3763 527 3870 563 ι»-

2289 592 2573 664 ρύττουσιν
2606 596 2656 646 οι
2687 593 2819 646 θεῖοι
2859 596 3151 666 προφῆται.

2371 777 2585 846 Ἐπειδὴ
2615 776 2672 829 δὲ
2711 778 2760 830 oi
2803 778 3185 848 προειρημένοι
3229 779 3505 849 προφῆται
3551 777 3872 849 ἑστιάτορες

2286 867 2394 922 τῶν
2425 868 2658 936 λογικῶν
2693 869 3037 940 ὑπάρχουσι·
3091 869 3184 922 καὶ
3225 867 3411 941 ῶσπερ
3463 870 3516 924 οι
3565 872 3746 940 μῆνες
3780 867 3872 921 τοῦ

2291 959 2532 1015 ἐνιαυτοῦ
2583 959 2722 1012 κατὰ
2767 960 2930 1029 μέρος
2972 961 3226 1029 τρέφουσι
3274 963 3342 1016 τὰ
3386 959 3716 1032 ἀνθρώπινα
3773 959 3877 1012 αὑ-

2292 1069 2456 1124 ματα,
2488 1051 2660 1114 οὕτως
2697 1053 2793 1105 καὶ
2837 1049 2978 1106 οὗτοι
3039 1056 3181 1106 κατὰ
3216 1055 3377 1124 μέρος
3422 1055 3576 1122 ἡμᾶς
3598 1092 3616 1115 ,
3672 1052 3877 1120 μᾶλλον

2290 1143 2482 1206 κοινῶς
2524 1143 2780 1214 τρέφουσι
2823 1144 2964 1197 κατὰ
3011 1144 3228 1214 ἑορτὴν,
3265 1145 3297 1214 ἢ
3353 1145 3446 1198 καὶ
3494 1145 3741 1197 πάντοτε
3779 1144 3877 1205 τὰς

2287 1234 2462 1304 ψυχὰς
2493 1235 2607 1289 τῶν
2648 1235 2876 1298 πιστῶν,
2906 1236 3001 1288 καὶ
3040 1235 3366 1306 μεθύσκουσι
3396 1241 3516 1299 ταῖς
3549 1236 3774 1296 θεῖκαίς
3804 1235 3878 1286 διρ

2287 1324 2602 1388 δασκαλίαις
2641 1327 2997 1397 Χριστιανοὺς
3021 1370 3036 1392 ,
3090 1328 3267 1391 καθὼς
3307 1347 3408 1381 που
3451 1325 3534 1392 εἷς
3575 1328 3641 1395 ἐξ
3695 1328 3878 1382 αὐτῶν

2289 1433 2420 1486 φησι
2444 1433 2458 1446 ·
2505 1418 2998 1484 Μεθυσθήσονται
3030 1420 3164 1478 ἀπὸ,
3196 1422 3472 1487 πιότητος
3510 1421 3698 1474 οἰκον
3739 1435 3876 1473 σου.

2287 1509 2450 1562 Δεῦτε
2493 1509 2844 1581 ἀκούσωμεν,
2879 1512 2974 1564 καὶ
3015 1511 3357 1581 διηγήσονται
3401 1513 3537 1581 ἡμῖν
3584 1514 3801 1573 πάντες
3830 1513 3878 1563 οἱ

2289 1600 2610 1666 ἀγαπῶντες
2653 1603 2752 1670 τὴν
2787 1601 3060 1670 βασιλείαν
3104 1601 3198 1656 τοῦ
3237 1601 3407 1664 Θεοῦ,
3437 1603 3489 1653 τί
3531 1603 3669 1673 περὶ
3709 1603 3879 1673 αὐτῆς

2291 1693 2421 1759 ἡμίν
2465 1693 2795 1762 προφητεύει
2828 1695 2858 1745 6
2922 1694 3093 1763 μέγας
3141 1692 3452 1763 Ζαχαρίας,
3491 1694 3522 1744 6
3568 1693 3790 1757 ἔνδοξος
3823 1695 3879 1746 ιν

619 1763 930 1832 pr0pltetas.
974 1763 1342 1833 lntelligamus
1389 1765 1518 1835 quid
1565 1766 1727 1820 fausti
1789 1769 1965 1823 nuntii
2013 1783 2192 1837 praeco

2301 1783 2618 1852 προφήταις.
2654 1783 2985 1853 Συνίωμεννδ
3026 1784 3200 1855 κῆρυξ
3242 1783 3658 1850 εὐαγγελίζεται
3685 1824 3702 1845 ,
3751 1801 3878 1850 προ-

621 1854 788 1915 ferat,
841 1852 1029 1905 multis
1081 1855 1297 1908 saculis
1351 1869 1695 1924 praecurrens
1736 1870 1925 1933 regno.
1973 1854 2186 1920 Venite,

620 1951 782 2010 atque
816 1951 874 1995 ut
912 1943 1150 1998 conviva:
1196 1945 1513 2008 rationales,
1555 1945 1800 2000 lruamur
1839 1949 2022 2004 verbis
2064 1965 2191 2020 pro-

620 2035 944 2089 cedentibus
987 2035 1053 2090 de
1107 2051 1200 2092 ore
1248 2036 1362 2104 Dei,
1412 2054 1506 2108 per
1561 2040 1863 2109 spiritalem
1908 2041 2190 2094 convivam

621 2124 937 2179 Zachariam
972 2144 988 2192 ;
1032 2129 1118 2182 cui
1150 2129 1420 2199 obtigerit,
1461 2137 1519 2183 ut
1550 2132 1664 2185 suis
1709 2146 1808 2185 nos
1844 2133 2020 2201 epulis
2049 2131 2188 2185 festa

624 2218 724 2271 hac
767 2219 887 2272 luce
921 2220 1236 2288 exciperet;
1271 2221 1730 2292 quemadmodum
1775 2224 1849 2277 ait
1881 2223 2144 2276 Dominus
2179 2241 2191 2276 :

625 2304 749 2361 Non
793 2311 846 2362 in
891 2310 1004 2362 solo
1051 2327 1184 2379 pane
1225 2313 1351 2365 vivet
1406 2313 1581 2378 homo,
1623 2311 1712 2367 sed
1753 2314 1806 2366 in
1851 2316 1993 2366 omni
2044 2314 2194 2371 uerbo

622 2399 762 2467 quod
807 2401 1042 2467 procedit
1086 2403 1148 2455 de
1190 2419 1278 2456 ore
1334 2402 1431 2456 Dei
1471 2405 1534 2456 ’⁷.
1583 2401 1715 2457 Nam
1768 2406 1897 2474 quia
1952 2405 2196 2459 homines

622 2493 902 2548 tristitiam
943 2495 1194 2560 oderunt,
1221 2505 1422 2552 .amant
1458 2510 1587 2550 vero
1649 2496 1908 2564 gaudium
1939 2537 1953 2556 .
2009 2496 2190 2565 incipit

625 2599 656 2640 Ι
711 2585 910 2653 gaudio
963 2586 1240 2651 clamare,
1291 2585 1492 2660 dicem.
1527 2604 1550 2660 σι
1615 2584 1797 2637 Gaude
1859 2585 2194 2648 rehementer,

627 2677 745 2750 ﬁlia
791 2676 941 2732 Sion.
987 2674 1168 2730 Gaude
1211 2678 1558 2739 vehementer,
1599 2677 1859 2729 inclamat
1897 2674 2197 2744 captivitati

631 2769 895 2840 propheta
952 2770 1018 2821 ".
1079 2769 1120 2822 Ο
1187 2769 1413 2821 aititudo
1471 2768 1778 2820 divitiarum
1832 2766 2103 2834 sapientitz
2150 2774 2198 2817 et

628 2861 860 2913 scientia:
893 2859 988 2916 Dei
1021 2861 1084 2911 ".
1118 2861 1479 2925 Quamobrem
1523 2858 1740 2928 gaude?
1773 2867 1826 2912 et
1849 2857 2200 2927 quamobrem

634 2950 953 3002 vehementer
1007 2949 1276 3003 delectare
1325 2959 1377 3002 et
1427 2948 1638 3018 gaude?
1713 2945 1851 3012 Quia
1912 2947 2058 3000 venit
2109 2945 2201 3013 qui

629 3047 908 3093 convertat
952 3049 1024 3105 te,
1073 3040 1217 3092 sicut
1263 3041 1390 3092 olim
1439 3040 1687 3106 prtedixit
1727 3047 1878 3107 pater
1917 3033 2078 3106 Regis
2110 3036 2200 3104 qui

631 3132 896 3184 co'..vertit
927 3139 978 3186 te
1012 3151 1024 3184 :
1066 3129 1131 3183 In
1167 3129 1509 3184 convertenda
1555 3129 1805 3182 Dominus
1844 3129 2199 3195 captivitatem

632 3222 782 3286 Sion,
831 3222 962 3290 facti
1007 3239 1187 3275 sumus
1237 3225 1370 3274 sicut
1415 3222 1672 3275 consolati
1713 3235 1730 3271 :
1771 3229 1890 3271 tunc
1947 3218 2200 3285 repletum

630 3321 709 3366 ut
746 3314 937 3383 gaudio
977 3331 1034 3366 os
1094 3325 1350 3385 nostrum,
1404 3323 1452 3365 et
1499 3313 1678 3380 lingua
1730 3321 1912 3364 nostra
1964 3309 2203 3362 exsulta-

635 3406 774 3456 tione
808 3403 873 3455 ".
908 3402 1116 3465 Gaude,
1150 3403 1347 3471 inquit,
1380 3403 1526 3456 velut
1555 3400 1890 3470 pestliminio
1921 3411 2138 3453 reversa
2171 3411 2200 3448 a

633 3496 950 3564 captivitate
979 3497 1284 3548 dattnonutn
1318 3503 1371 3548 et
1397 3494 1582 3549 saeculi
1617 3493 1778 3560 hujus
1815 3498 2106 3565 potestate,
2135 3486 2202 3539 ad

633 3587 910 3640 caelestem
948 3587 1092 3637 illam
1122 3584 1418 3641 Jerusalem
1440 3625 1453 3646 ,
1500 3599 1661 3654 quam
1692 3599 1842 3653 pater
1874 3590 1999 3636 tuus
2029 3579 2200 3633 Abra-

635 3678 759 3732 ham
779 3678 1148 3747 exspectabat,
1168 3677 1240 3729 uti
1261 3676 1335 3728 ait
1353 3674 1586 3744 quodam
1613 3674 1731 3726 loco
1756 3673 1944 3725 beatus
1967 3668 2164 3722 Paulus
2190 3685 2200 3720 :

646 3767 749 3821 Vos
790 3780 962 3821 autem
998 3771 1293 3820 accessistis
1325 3767 1393 3818 ad
1433 3765 1559 3818 Sion
1600 3777 1825 3818 montem
1859 3774 1908 3815 et
1945 3763 2206 3816 civitatem

638 3860 734 3915 Dei
771 3861 1017 3924 virentis,
1047 3858 1342 3911 Jerusalem
1375 3858 1630 3910 caelestem
1676 3867 1724 3908 et
1765 3855 2048 3906 multorum
2089 3855 2210 3905 mil-

641 3956 770 4006 lium
798 3953 1099 4021 angelorum
1133 3950 1480 4020 {requentiam
1501 3988 1514 4010 ,
1541 3959 1590 4000 et
1622 3947 1893 4002 ecclesiam
1920 3946 2211 4014 primitiua-

640 4061 757 4096 rum
789 4047 878 4115 qui
909 4045 1193 4110 conscripti
1222 4054 1344 4096 sunt
1374 4043 1426 4093 in
1459 4043 1602 4094 uelis
1623 4080 1637 4103 ,
1683 4049 1732 4092 et
1766 4038 2001 4107 judicem
2047 4036 2211 4089 Deum

640 4137 810 4190 vivum
831 4177 845 4200 ,
871 4144 919 4188 et
946 4136 1164 4202 spiritus
1185 4135 1452 4202 justorum
1481 4132 1830 4199 perfectorum
1856 4130 1920 4181 ³¹.
1958 4126 2103 4180 Unde
2128 4128 2214 4195 {u—

638 4228 712 4297 gt't
767 4225 936 4288 dolor,
994 4227 1214 4278 tristitia
1258 4235 1305 4277 et
1369 4224 1591 4292 gemitus
1644 4223 1687 4251 "
1736 4239 1746 4273 :
1800 4217 1903 4273 Ubi
1952 4219 2213 4282 iustorum

641 4318 872 4372 omnium
893 4318 1183 4370 lwtantium
1199 4316 1456 4368 habitatio
1485 4325 1560 4367 est
1586 4314 1647 4365 ”.
1673 4311 1828 4364 Tunc
1861 4310 2130 4364 delectare
2163 4316 2216 4363 et

2288 1874 2499 1944 τρέχων
2552 1873 2651 1943 τῆς
2707 1873 2980 1942 βασιλείας
3039 1875 3146 1945 πρὸ
3194 1873 3402 1926 πολλῶν
3466 1872 3581 1926 τῶν
3636 1874 3872 1943 χρόνων.

2290 1968 2476 2031 Δεῦτε,
2509 1966 2936 2037 ἀπολαύσωμεν,
2962 1968 3036 2030 ὡς
3076 1966 3280 2034 λογικοὶ
3301 1965 3661 2034 δαιτὺμονες,
3695 1966 3769 2016 τὰ
3796 1966 3877 2018 διὰ

2293 2064 2557 2132 στόματος
2587 2061 2722 2114 Θεοῦ
2766 2063 3168 2131 ἐκπορευόμενα
3210 2063 3427 2132 ῥήματα
3462 2058 3684 2137 διαιτοῦ
3719 2076 3880 2111 πνευ-

2297 2154 2522 2224 ματικοῦ
2552 2153 2859 2222 ἑστιάτορος
2879 2154 3142 2223 Ζαχαρίου
3164 2170 3176 2182 ·
3196 2152 3342 2221 αὐτῷ
3357 2153 3466 2221 γὰρ
3491 2153 3656 2220 ἔλαχε
3683 2151 3877 2218 θρέψαι

2294 2248 2438 2318 ἡμᾶς
2468 2247 2523 2296 ὲν
2550 2247 2616 2314 τῇ
2645 2246 2802 2315 ἑορτῇ
2834 2244 3033 2316 ταύτην
3063 2241 3241 2304 καθὼς
3273 2259 3434 2313 φησιν
3465 2245 3494 2294 6
3521 2241 3736 2309 Κύριος
3759 2282 3774 2305 ,
3799 2243 3877 2293 ὅτι

2300 2339 2418 2390 Οὐκ
2448 2337 2538 2388 ἐπ’
2565 2333 2720 2401 ἄρτῳ
2746 2334 2912 2401 μόνῳ
2950 2332 3184 2397 ζήσεται
3224 2331 3532 2400 ἄνθρωπος
3553 2372 3568 2393 ,
3610 2333 3758 2386 ἀλλ’
3783 2333 3877 2386 ἐπὶ

2296 2431 2471 2485 παντὶ
2515 2432 2729 2499 ῥήματι
2759 2428 3204 2497 ἐκπορευομένῳ
3243 2428 3338 2481 διὰ
3363 2428 3670 2496 στόματος
3708 2427 3873 2482 Θεοῦ.

2309 2519 2523 2589 Ἐπειδὴ
2565 2519 2674 2590 γὰρ
2715 2521 2749 2589 ὴ
2793 2518 2937 2587 λύπη
2976 2519 3125 2588 παρὰ
3167 2519 3277 2579 τοῖς
3317 2515 3629 2587 ἀνθρώποις
3673 2517 3876 2587 μιετλτὴ

2295 2611 2553 2681 τυγχάνει
2577 2651 2593 2674 ,
2633 2609 2842 2679 ποθητὴ
2881 2609 2938 2660 δὲ
2976 2611 3009 2678 ἡ
3054 2609 3198 2679 χαρᾶ
3223 2628 3235 2640 ·
3280 2609 3387 2662 ἀπὸ
3431 2611 3610 2679 χαρᾶς
3651 2612 3877 2680 ἄρχεται

2301 2702 2427 2771 βοᾷν
2460 2701 2663 2769 λέγων·
2695 2699 2871 2768 Χαῖρε
2910 2700 3164 2766 σφόδρα,
3199 2701 3449 2767 θύγατερ
3485 2701 3660 2754 Σιών.
3707 2700 3876 2768 an'ps

2301 2791 2557 2861 σφόδρα,
2588 2790 2684 2860 βοᾷ
2716 2793 2744 2844 6
2778 2791 3062 2862 προφήτης
3095 2790 3231 2860 πρὸς
3258 2789 3356 2858 τὴν
3386 2791 3790 2860 αἰχμαλωσίαν.
3812 2793 3871 2842 Ὤ

2296 2883 2487 2947 ,βάθος
2527 2883 2790 2935 πλούτου
2837 2881 2932 2933 καὶ
2971 2881 3189 2946 σοφίας
3229 2880 3327 2932 καί
3370 2880 3650 2949 γνώσεως
3689 2880 3876 2934 Θεοῦ]

2304 2973 2402 3025 Διὰ
2425 2973 2477 3024 τί
2505 2973 2702 3040 χαῖρε;
2742 2972 2833 3024 καὶ
2857 2970 2945 3023 διὰ
2966 2971 3017 3023 τί
3050 2971 3282 3039 σφόδρα
3304 2972 3507 3042 τέρπου
3531 2971 3630 3024 καὶ
3661 2970 3875 3042 εὐφραί-

2229 3094 2270 3149 C
2306 3079 2430 3124 vou;
2461 3062 2582 3112 Ὀτι
2625 3061 2750 3128 ἣκει
2801 3063 2829 3113 6
2877 3060 3216 3130 ἐπιστρέφων
3275 3076 3332 3112 σε
3361 3099 3376 3120 ,
3445 3059 3634 3121 καθὼς
3687 3075 3874 3130 προαν-

2303 3151 2580 3222 εφώνησεν
2612 3152 2640 3203 6
2678 3150 2865 3220 Πατὴρ
2915 3150 3008 3202 τοῦ
3047 3151 3464 3218 ὲπιστρὲφοντός
3508 3167 3570 3203 σε
3617 3150 3874 3220 βασιλέως

2300 3244 2503 3311 λέγων·
2555 3243 2654 3295 Ἐν
2697 3241 2778 3306 τῷ
2829 3240 3185 3309 ἐπιστρέψαι
3231 3243 3451 3308 Κύριον
3495 3243 3617 3308 τὴν
3670 3245 3873 3309 αἰχμα-

2300 3335 2531 3389 λωσίαν
2594 3332 2746 3387 Σιὼν
2773 3373 2786 3393 ,
2839 3331 3204 3399 ἐγενήθημεν
3281 3331 3364 3395 ὡς
3435 3329 3876 3400 παρακεκλημι,

2301 3441 2424 3478 νοι’
2460 3425 2591 3477 τότε
2638 3423 2916 3488 ἐπλήσθη
2963 3422 3151 3489 χαρᾶς
3196 3421 3261 3474 τὸ
3307 3425 3503 3490 στόμα
3537 3421 3750 3491 ἡμῶν,
3783 3423 3872 3476 καὶ

2303 3518 2340 3583 ἡ
2402 3514 2652 3584 γλῶσσα
2709 3511 2880 3581 ἡμῶν
2941 3513 3369 3581 ἀγαλλιάσεως.
3432 3515 3645 3582 Χαῖρε,
3695 3517 3872 3584 φησιν,

2304 3607 2385 3658 ὅτι
2439 3605 2792 3674 ὑπεπράφης
2844 3605 2908 3656 ὲκ
2953 3606 3050 3675 τῆς
3095 3605 3466 3675 αἰχμαλωσίας
3525 3606 3639 3658 τῶν
3695 3607 3876 3675 δαιμό-

2305 3717 2434 3759 νων,
2469 3697 2563 3749 καὶ
2593 3697 2656 3750 ὲκ
2683 3697 2778 3764 τῆς
2810 3695 3057 3759 ἐξουσίας
3090 3696 3182 3749 τοῦ
3214 3695 3406 3758 αἰῶνος
3432 3695 3647 3759 τούτου,
3678 3700 3760 3760 είς
3786 3700 3875 3768 τὴν

2295 3791 2418 3844 αᾶνω
2453 3787 2827 3858 Ἰερουσαλὴμ,
2855 3788 2920 3857 ἢν
2935 3787 3206 3856 ἐξεδέχετο
3226 3788 3254 3839 ὁ
3281 3787 3460 3858 πατήρ
3484 3804 3578 3840 σου
3609 3789 3872 3859 ’Δϐρααμ,

2309 3878 2488 3940 καθώς
2536 3894 2636 3930 που
2683 3881 2710 3930 6
2756 3879 3022 3948 μακάριος
3065 3877 3274 3941 Παῦλος
3329 3895 3525 3946 φησιν·
3578 3879 3780 3948 Ὑμεῖς
3816 3879 3876 3932 δὲ

2311 3969 2802 4035 προσεληλύθατε
2835 3970 2984 4021 Σιων
3014 3967 3136 4034 ὄρει
3160 3968 3256 4020 καὶ
3282 3970 3450 4020 πόλει
3470 3968 3620 4022 Θεοῦ
3653 3968 3873 4034 ζῶντος.

2325 4056 2714 4126 Ἰερουσαλὴμ
2748 4058 3101 4124 ἐπουρανίῳ,
3149 4061 3247 4108 καὶ
3289 4056 3574 4125 μυριάσιν
3617 4059 3875 4126 ἀγγέλων

2315 4148 2660 4216 πανηγύρει,
2689 4147 2787 4199 καὶ
2811 4147 3107 4212 ἐκκλησίᾳ
3123 4149 3507 4214 πρωτοτόκων
3528 4148 3874 4217 ἀποκτεῖναν

2311 4237 2509 4305 μένων
2536 4237 2606 4289 ἐν
2633 4235 2758 4304 τοῖς
2789 4235 3084 4302 οὐρανοῖς,
3121 4236 3220 4288 καὶ
3248 4233 3416 4302 κριτῇ
3439 4234 3557 4298 Θεῷ
3581 4233 3768 4296 ὤντί,
3789 4237 3873 4287 καί

2318 4329 2618 4396 πνεύμασι
2654 4326 2898 4380 δικαίων
2953 4326 3446 4394 τετελειωμένων
3474 4325 3614 4379 ὅθεν
3662 4324 3874 4393 ἀπέδρα

638 4409 942 4478 jucumlare
973 4417 1027 4462 et
1057 4410 1230 4480 gaude
1255 4407 1604 4461 vehementer
1638 4404 1744 4457 ﬁlia
1765 4444 1780 4465 ,
1817 4404 1979 4471 hujus
2006 4401 2203 4471 utique,

2321 4416 2527 4482 ὀδύνη,
2557 4417 2724 4483 λύπη
2751 4417 2849 4468 καὶ
2887 4415 3250 4482 στεναγμός’
3305 4413 3450 4468 ἔνθα
3487 4413 3732 4466 πάντων
3771 4411 3872 4465 τῶν

647 4499 797 4554 Sion.
826 4500 935 4554 Cur
963 4516 1111 4564 vero,
1138 4500 1313 4568 inquit
1338 4537 1351 4561 ,
1378 4499 1722 4550 vehementer
1742 4493 2008 4563 gaudebo,
2033 4507 2066 4544 0
2087 4507 2217 4561 pro-

643 4592 849 4663 pheta?
880 4590 1096 4655 Caude,
1131 4594 1257 4660 quia
1287 4605 1392 4643 non
1427 4590 1568 4642 ultra
1603 4586 1886 4641 doloribus
1921 4585 2030 4638 illis
2064 4597 2220 4636 man-

646 4686 875 4757 cipanda
908 4689 985 4742 sis
1015 4706 1027 4741 :
1055 4687 1368 4740 vehementer
1424 4693 1604 4738 autem
1627 4723 1640 4747 ,
1675 4698 1739 4736 eo
1774 4680 1920 4751 quod
1958 4680 2219 4733 liberator

646 4790 776 4836 tuus
808 4782 949 4835 haud
987 4781 1184 4836 habeat
1229 4782 1304 4834 uti
1342 4779 1622 4845 alii.reges
1644 4816 1658 4840 ,
1691 4775 1785 4831 sed
1830 4775 1900 4831 sit
1934 4790 2030 4828 rex
2060 4783 2216 4826 atter-

649 4891 753 4930 nus
772 4915 786 4937 ,
815 4884 868 4930 et
891 4877 1048 4944 cujus
1077 4892 1302 4945 regnum
1330 4883 1590 4928 aeternum
1620 4874 1689 4928 sit
1713 4912 1726 4932 .
1759 4869 2215 4942 quemadmodum

651 4964 726 5018 ait
763 4965 980 5018 Gabriel
1025 4966 1251 5035 angelus
1299 4963 1364 5016 ad
1408 4962 1528 5032 ejus
1571 4971 1796 5016 matrem
1845 4977 1909 5014 ac
1951 4961 2215 5030 virginem

652 5054 913 5109 Mariam:
965 5055 1031 5108 Et
1073 5058 1214 5125 regni
1258 5056 1369 5124 ejus
1419 5072 1523 5108 non
1565 5055 1664 5106 erit
1709 5055 1831 5122 ﬁnis
1868 5054 1948 5106 "z
1986 5067 2048 5104 ac
2082 5055 2224 5104 sicut

652 5149 772 5219 ejus
820 5163 1044 5217 regnum
1088 5157 1352 5201 internum
1407 5154 1525 5207 est,
1569 5145 1646 5199 ita
1689 5146 1837 5199 salus
1882 5153 1974 5198 tua
2019 5150 2221 5197 aeterna

654 5238 778 5295 erit.
808 5237 1036 5308 Propter
1066 5240 1168 5291 hoc
1198 5253 1357 5308 ergo,
1383 5236 1564 5290 Gaude
1591 5236 1946 5297 vehementer;
1971 5232 2223 5302 pradica,

658 5333 774 5405 ﬁlia
811 5329 959 5386 Sion.
994 5331 1132 5396 Quid
1175 5331 1478 5400 praedicabo
1501 5372 1516 5396 ,
1561 5345 1594 5383 ο
1641 5327 1952 5398 propheta?
1985 5324 2224 5380 Prmdica

730 5541 777 5572 "
814 5539 960 5594 Psal.
996 5555 1173 5601 uvu,
1215 5540 1319 5601 19;
1369 5539 1564 5606 Ephes.
1607 5553 1679 5599 tv,
1719 5538 1768 5590 8.
1848 5535 1894 5569 "
1931 5534 2277 5606 Ρετιιηξιιιξ,

1515 5610 1552 5639 ⁸¹
1600 5594 1758 5660 Hebr.
1800 5622 1909 5667 XII,
1942 5605 2041 5665 22,
2073 5603 2160 5656 23.
2239 5603 2280 5632 "
2321 5599 2421 5655 lsa.
2460 5615 2543 5665 LI,
2581 5598 2663 5651 il.
2741 5597 2783 5627 ³³
2823 5596 2963 5650 Psal.
3003 5611 3229 5660 Luxvt,
3267 5595 3314 5648 7.
3395 5597 3441 5627 ”
3478 5594 3615 5652 Luc.
3657 5595 3807 5661 1,33.

665 5610 749 5662 53.
827 5611 870 5641 ⁸⁸
911 5609 1050 5664 Psal.
1090 5624 1244 5671 cxxv,
1288 5611 1342 5670 l,
1383 5611 1432 5662 2.

2321 4506 2565 4559 δικαίων
2607 4503 3302 4584 εὐφραινομένωηὲστὶν
3338 4506 3377 4572 ἠ
3431 4505 3719 4557 κατοικία.
3755 4503 3873 4557 Τότε

2321 4597 2517 4667 τέρπου
2557 4597 2650 4662 καὶ
2689 4596 2998 4666 εὐφραίνου,
3033 4597 3124 4648 καὶ
3161 4598 3313 4665 χαῖρε
3359 4594 3580 4664 σφόδρα,
3630 4593 3871 4662 θύγατερ,

2321 4685 2523 4756 ταύτης
2552 4686 2649 4754 τῆς
2689 4684 2858 4744 Σιὼν,
2897 4682 3069 4752 δῆλον.
3109 4685 3217 4737 Καὶ
3253 4684 3340 4736 διὰ
3375 4685 3427 4736 τε
3474 4700 3644 4751 φησι,
3683 4684 3871 4755 Σφόδρα

2322 4778 2514 4848 χαίρω,
2538 4771 2582 4828 ὦ
2603 4776 2882 4846 προφῆτα;
2916 4774 3108 4842 Χαῖρε,
3153 4775 3283 4828 διότι
3310 4775 3491 4827 οὐκέτι
3518 4775 3727 4830 ὀδύναις
3746 4777 3870 4828 ὲκεί-

2323 4887 2438 4932 ναις
2489 4867 2938 4937 αἰχμαλωτεύσῃυ
2987 4866 3220 4934 σφόδρα
3268 4866 3356 4929 δὲ,
3405 4867 3540 4919 διότι
3576 4867 3676 4936 οὐχ
3727 4867 3798 4929 ὡς
3831 4866 3871 4918 οι

2321 4960 2498 5012 λοιποὶ⁵
2530 4959 2785 5029 βασιλεῖς,
2819 4956 2988 5019 οὕτως
3015 4960 3042 5009 6
3075 4958 3330 5032 ῥυόμενος
3360 4975 3419 5011 σε
3439 4976 3451 4987 ·
3485 4958 3620 5010 ἀλλὰ
3646 4958 3869 5028 βασιλεὺς

2326 5051 2560 5112 αἰώνιος,
2597 5049 2690 5101 καὶ
2717 5047 2907 5100 αίωνία
2943 5045 3106 5100 αὐτοῦ
3146 5049 3177 5117 ἠ
3210 5046 3484 5116 βασιλεία,
3520 5045 3702 5109 καθώς
3729 5061 3868 5116 φησιν

2327 5143 2354 5191 ὁ
2386 5139 2611 5207 ἄγγελος
2641 5137 2880 5208 Γαὸριὴλ
2915 5138 3047 5207 πρὸς
3072 5138 3168 5204 τὴν
3198 5136 3407 5208 μητέρα
3440 5134 3604 5189 αὐτοῦ
3637 5138 3728 5189 καὶ
3753 5151 3868 5205 παρ-

2329 5230 2477 5282 Θένον
2522 5228 2754 5298 Μαριάμ
2775 5245 2805 5287 ·,
2841 5227 2948 5281 Kal
2983 5226 3089 5293 τῆς
3113 5227 3435 5291 ,ϐασιλείας
3465 5226 3652 5279 αὐτοῦ
3687 5228 3786 5278 οὐκ
3818 5225 3864 5276 ἕο

2331 5338 2468 5374 σται
2499 5320 2693 5385 τέλος·
2730 5321 2822 5372 καὶ
2847 5318 3025 5373 καθὼς
3053 5319 3241 5371 αἱωνία
3267 5315 3432 5370 αὑτοῦ
3462 5320 3494 5387 ἡ
3527 5315 3845 5385 βασιλεῐαωε

2442 5531 2484 5560 ’⁷
2528 5527 2715 5580 Matth.
2758 5543 2828 5584 tv,
2871 5524 2920 5578 ι.
2997 5526 3040 5555 ³⁸
3081 5525 3241 5579 Zach.
3279 5539 3330 5579 ss
3357 5565 3370 5590 ,
3405 5524 3459 5578 9.
3538 5529 3585 5558 "
3621 5522 3764 5580 Rom.
3798 5540 3860 5591 st,
