4044 6324
156 344 302 406 ηπ

1234 349 1491 407 ORATIO
1519 352 1583 406 IN
1611 351 1849 406 RAMOS
1875 349 2284 408 PALMARUM.

3259 349 3399 405 H78

156 464 256 520 καὶ
291 464 597 534 σφάζουσαν
621 468 796 522 πάντα
830 468 1087 538 λογισμὸν
1112 469 1488 540 ἰπαιρόμενον,
1519 473 1720 541 αἰχμα-

1832 473 2030 525 tionem
2091 485 2313 525 omnem
2364 469 2712 524 extollentem
2769 483 2827 524 se
2850 467 2916 530 “,
2974 473 3033 520 ut
3086 479 3188 520 nos
3235 477 3268 517 ι
3305 462 3399 518 Dei

156 554 427 610 λωτιῦσαι
460 559 608 628 ἡμᾶς
637 559 743 612 ἀπὺ
768 559 866 628 τῆς
893 557 1142 626 γνώσεως
1167 559 1262 613 τοῦ
1293 561 1453 612 Θεοῦο
1489 565 1581 614 καί
1611 564 1731 615 ἀντὶ

157 647 260 719 τῆς
281 648 617 720 γλυκύτητος
661 650 754 703 τοῦ
795 651 1034 718 φοίνικος
1070 650 1167 722 τὴν
1205 651 1460 719 γλυκεῖαν
1487 653 1728 723 ἀγάπην,

156 738 262 810 τὴν
304 741 699 811 συνισταμύνην
737 742 802 793 ὲκ
840 741 949 795 τῶν
1004 743 1418 814 πῳρῤηθέντων
1474 743 1728 806 πίστεως,

158 832 260 887 καὶ
298 832 534 896 ιλπίδος,
578 834 671 886 καὶ
700 833 806 886 τῶν
847 834 1067 900 λοιπῶν,
1097 836 1183 888 ῐνα
1230 833 1486 906 πληρωθῇ
1511 836 1568 886 ὲν
1600 835 1730 903 ἡμῖν

157 919 226 974 τὸ
249 921 442 991 ρηθένο
470 922 702 985 Δίκαιος
720 921 800 985 ὡς
819 922 1016 989 φοίνιξ
1042 922 1292 987 ἀνθήσει
1309 937 1322 950 ⁸
1351 921 1491 973 ὡσεὶ
1523 919 1732 986 κέδρος

158 1009 202 1076 ἡ
240 1011 313 1064 ἐν
337 1009 417 1075 τῷ
448 1009 677 1076 Λιϐάνῳ
701 1012 1203 1078 πληθυνθήσεται.
1253 1009 1730 1077 Ἀκολουθήσωμεν

161 1100 315 1170 αὐτῷ
345 1103 424 1163 εις
438 1101 537 1171 τὴν
562 1102 720 1169 ἁγίαν
752 1102 902 1154 πόλιν
921 1121 932 1132 ’
957 1102 1283 1171 εἰσέλθωμεν
1303 1100 1419 1168 μετ’
1460 1098 1624 1151 αὑτοῦ
1649 1099 1727 1159 εἰς

162 1190 403 1262 τὸιιρὺν,
430 1193 517 1246 ῐνα
541 1193 637 1255 τὰς
669 1193 941 1262 τραπέζας
977 1193 1078 1245 τῶν
1112 1194 1168 1246 ὲν
1197 1194 1330 1261 ημῖν
1368 1189 1730 1242 κολλυδιστῶν

163 1281 539 1354 meum,
577 1284 670 1336 καὶ
710 1285 834 1346 τοὺς
859 1284 1116 1354 δαίμονας
1142 1283 1268 1344 τοὺς
1307 1280 1616 1342 πωλοῦντας
1635 1279 1732 1342 τὰς

165 1372 515 1443 πιριστιρὰς,
532 1373 655 1435 τοὺς
674 1373 733 1425 ὲν
749 1373 925 1446 πλάνῃ
941 1371 1267 1440 πετομένους
1288 1369 1734 1444 λογισμοὺς,ὰπο-

1833 564 2062 618 scientia
2112 563 2518 632 captivetzpru
2571 562 2764 630 palma:
2807 558 3024 614 demum
3077 556 3398 625 dulcedine,

1832 654 2046 708 dulcem
2085 653 2433 717 charitatem,
2475 667 2598 721 qua!
2642 666 2708 704 ex
2743 650 3000 720 praefatis,
3032 649 3161 713 fide,
3210 663 3304 717 spe
3336 662 3404 701 ac

1834 745 2058 813 reliquis
2090 751 2328 803 constat.
2378 750 2437 796 ut
2481 744 2536 796 in
2592 741 2750 794 nobis
2784 740 3074 810 impleatur
3125 737 3274 809 Quod
3315 736 3399 792 di-

1832 843 1977 889 ctum
2002 843 2085 889 est
2113 852 2125 886 :
2152 833 2340 888 Justus
2362 843 2418 887 ut
2444 834 2624 902 palma
2645 833 2850 901 ﬂorebit
2869 849 2887 894 ,'
2909 832 3042 885 sicut
3072 832 3256 884 cedrus
3284 843 3404 898 qua

1831 926 1886 978 in
1917 925 2118 978 Libano
2145 934 2243 988 est,
2277 926 2715 994 multiplicabitur
2737 927 2802 978 ⁸⁷.
2837 923 3143 992 Sequamur
3180 927 3403 974 euntem

1834 1019 1886 1070 in
1919 1025 2163 1073 sanctam
2196 1017 2476 1070 civitatem
2507 1017 2916 1084 :ingrediamur
2940 1028 3064 1066 cum
3092 1027 3156 1066 eo
3182 1013 3235 1063 in
3262 1017 3405 1063 tem-

1833 1109 2004 1177 plum,
2033 1117 2090 1160 ut
2123 1108 2175 1161 in
2210 1108 2369 1161 nobis
2403 1123 2622 1162 mensas
2650 1092 3140 1160 nummulariorum
3172 1101 3403 1156 subver-

1833 1205 1909 1252 tat
1927 1198 2007 1259 ⁸⁸,
2068 1213 2131 1251 ac
2191 1197 2470 1252 daemones
2512 1198 2812 1252 vendentes
2858 1195 3405 1260 columbas:nempe

1833 1287 2192 1355 cogitationes
2233 1286 2289 1338 in
2317 1300 2503 1340 errore
2533 1287 2801 1350 volantes,
2844 1299 2967 1338 cum
3011 1282 3265 1337 omnibus
3307 1278 3404 1350 qui

1834 1379 1890 1432 in
1938 1379 2098 1432 nobis
2129 1384 2319 1431 emunt
2353 1378 2723 1446 venduntque,
2759 1392 2787 1429 a
2825 1376 2983 1430 nobis
3033 1375 3266 1443 expellat
3292 1412 3308 1433 .
3339 1385 3405 1426 ac

163 1461 332 1533 διώᾷι
369 1463 459 1530 ἀφ’
487 1463 642 1532 ἡμῶν
660 1463 798 1533 μετὰ
829 1465 1044 1516 πάντων
1061 1461 1172 1514 τῶν
1193 1460 1509 1514 πωλούντων
1529 1462 1585 1512 ὲν
1602 1461 1730 1529 ἡμῖν

1835 1482 1935 1536 pro
1964 1467 2223 1534 spelunca
2268 1466 2563 1530 latronum,
2600 1481 2816 1518 sacrum
2851 1479 2951 1518 nos
2993 1464 3273 1532 templum,
3324 1459 3404 1514 uti

167 1555 267 1607 καὶ
295 1553 669 1623 ἁγοραζόντων
687 1571 704 1586 ο
735 1555 828 1608 καὶ
857 1555 976 1606 ἀντὶ
1010 1551 1270 1622 σπηλαίου
1299 1551 1506 1622 λῃστῶν
1531 1553 1730 1621 ποιήσῃ

1838 1560 2122 1628 antiquum
2148 1558 2300 1620 illud,
2334 1559 2386 1611 in
2409 1573 2517 1626 quo
2541 1557 2792 1610 Christus
2818 1555 3023 1609 habitet
3053 1569 3116 1606 ac
3138 1552 3404 1606 deambu-

163 1645 315 1714 ἡμᾶς
341 1644 480 1696 κατὰ
514 1645 603 1697 τὸν
629 1645 855 1713 ἀρχαῖον
888 1643 1031 1713 ἱερὸν
1074 1641 1196 1694 ναὸν
1226 1641 1399 1709 ἅγιον,
1428 1645 1486 1693 ὲν
1519 1635 1564 1708 ᾧ
1598 1643 1730 1692 οἰκεῖ

1836 1649 1933 1711 let,
1969 1648 2167 1714 faciat;
2219 1663 2328 1718 quo
2355 1649 2510 1702 caecis
2560 1648 2764 1701 nostris
2799 1645 3060 1714 largiatur
3093 1644 3292 1705 visum,
3340 1656 3405 1694 ac

167 1735 264 1787 καὶ
303 1737 588 1806 περιπατεῖ
631 1733 897 1805 Χριστός·
921 1735 1006 1786 ἱνα
1039 1735 1149 1794 τοίς
1179 1733 1394 1800 τυφλοῖς
1437 1733 1592 1801 ἡμῶν
1621 1731 1730 1801 φῶς

1840 1736 2037 1790 surdos
2073 1736 2236 1790 faciat
2268 1736 2478 1799 audire,
2534 1743 2588 1788 et
2635 1733 2914 1787 ambulare
2961 1731 3208 1790 claudos,
3258 1745 3405 1782 mor-

168 1826 475 1896 χαρίσηται,
523 1825 614 1879 καὶ
664 1827 791 1888 τοὺς
840 1825 1056 1892 κωφοὺς
1109 1825 1305 1894 ποιήσῃ
1353 1822 1604 1887 ἀκοῦσαι,
1642 1823 1730 1875 καὶ

1841 1835 2073 1896 tuosque
2106 1842 2229 1880 cum
2263 1825 2470 1881 Lazaro
2507 1826 2818 1880 resuscitet.
2854 1822 2954 1876 Ubi
2986 1823 3130 1876 enim
3173 1821 3278 1874 vita
3309 1821 3405 1874 ha-

164 1916 293 1978 τοὺς
317 1917 518 1985 χωλοὺς
544 1915 932 1986 περιπατῆσαι,
957 1917 1050 1969 καὶ
1071 1914 1198 1975 τοὺς
1224 1914 1450 1984 νεκροὺς
1475 1912 1612 1982 μετὰ
1634 1914 1730 1965 Λα-

1840 1916 2000 1977 bitat,
2039 1916 2110 1970 ibi
2139 1918 2474 1970 resurrectio
2503 1925 2588 1970 est
2619 1934 2630 1968 :
2666 1921 2724 1966 ut
2751 1927 2873 1966 cum
2909 1911 3114 1964 Lazaro
3146 1918 3199 1964 et
3230 1909 3407 1964 turbis

166 2002 335 2074 ζάρου
371 2005 578 2076 ἔγείρῃ.
621 2006 793 2058 Ὅπου
827 2004 934 2074 γὰρ
961 2005 1104 2057 οίκιῐ
1129 2003 1263 2074 ζωὴ,
1298 2006 1412 2056 ἐκεῖ
1444 2002 1730 2066 ἀνάστασίς

1840 2020 1905 2060 ac
1944 2005 2230 2075 discipulis
2276 2005 2417 2073 ejus,
2465 2019 2698 2072 cumque
2743 2002 3041 2056 infantibus
3088 2014 3151 2052 ac
3204 1997 3408 2067 angelis

167 2092 343 2142 ἐστιν·
387 2091 472 2144 ἵνα
513 2093 652 2160 μετὰ
693 2094 966 2164 Λαζάρου,
1001 2093 1093 2146 καλ⁵
1130 2092 1237 2145 τῶν
1271 2093 1440 2162 ὄχλων
1474 2095 1578 2149 καὶ
1627 2092 1730 2146 τῶν

1841 2096 2048 2151 sanctis
2081 2096 2379 2150 clamemus
2406 2095 2651 2148 dicentes
2679 2114 2690 2146 :
2724 2093 2978 2147 Hosunna
3012 2093 3064 2143 in
3094 2090 3407 2143 altissimis:

169 2177 428 2248 μαθητῶν
475 2179 662 2242 αὑτοῦ,
701 2181 839 2249 μετά
876 2183 1082 2251 νηπίων
1115 2181 1205 2236 καὶ
1252 2181 1610 2250 θηλαζόντων.
1644 2181 1730 2234 καὶ

1842 2185 2150 2239 Benedictus
2191 2187 2280 2250 qui
2325 2188 2455 2239 venit
2499 2188 2552 2238 in
2597 2185 2802 2238 nomine
2854 2183 3065 2236 Domini
3105 2198 3115 2234 :
3155 2180 3410 2234 Christus

169 2270 306 2338 μετὰ
322 2268 427 2322 τῶν
443 2271 610 2338 ἁγίων
627 2271 870 2339 ἀγγέλων
889 2273 1176 2342 κράξο-ιμεν
1196 2271 1422 2340 βοῶντες
1438 2289 1451 2302 ο
1481 2272 1730 2325 Ὡσαννά

1845 2274 2106 2331 Dominus
2151 2284 2203 2330 et
2251 2275 2393 2331 Deus
2439 2286 2652 2339 noster,
2704 2289 2793 2328 rex
2858 2271 3261 2326 sa'cuturum“.
3301 2269 3409 2338 Ipsi

161 2359 238 2413 ὲν
267 2360 389 2425 τοῖς
423 2363 706 2428 ὑψίστοις
727 2378 740 2389 θ
770 2361 1187 2431 Εὐλογημένος
1235 2363 1268 2414 ό
1307 2363 1627 2430 ἐρχόμενος
1667 2365 1730 2416 ἐν

1842 2369 2035 2437 gloria,
2069 2369 2264 2434 honor,
2308 2377 2548 2438 potestas
2591 2376 2645 2421 et
2691 2367 2956 2427 adoratio,
3005 2380 3127 2417 cum
3161 2361 3320 2414 Patro
3353 2367 3408 2411 ct

162 2449 409 2518 ὀνόματι
437 2452 686 2519 Κυρίου·
715 2451 942 2522 Χριστίι,
967 2452 1168 2522 Κύριος
1207 2452 1299 2509 καὶ
1332 2454 1360 2506 ὁ
1390 2452 1521 2514 Θεὸς
1553 2453 1730 2522 ἡμῶν,

1845 2457 2054 2527 Spiritu
2101 2469 2313 2522 sancto,
2351 2475 2495 2513 nunc
2525 2467 2578 2513 et
2624 2472 2859 2527 semper,
2889 2465 2942 2509 et
2979 2455 3034 2508 in
3071 2454 3268 2508 saecula
3307 2466 3409 2505 sa:-

163 2539 514 2604 ὀβασιλεὺς
550 2540 667 2592 τῶν
697 2541 941 2594 αἰώνων.
971 2541 1126 2610 Αὑτῷ
1154 2540 1300 2606 δόξα,
1337 2541 1491 2610 τιμὴ,
1534 2543 1730 2612 κράτος

1837 2551 2106 2604 culorum.
2142 2551 2333 2605 Amen.

163 2630 262 2684 καὶ
295 2633 680 2702 προσκύνησις.
720 2634 835 2703 ἅμα
875 2633 951 2705 τῷ
983 2633 1158 2704 Ilath
1197 2632 1396 2703 καὶτῷ
1429 2634 1899 2708 ἁγίῳιΠνεύματι,
1938 2643 2033 2697 νῦν
2065 2645 2158 2696 καὶ
2188 2645 2295 2708 ἀεὶ,
2335 2643 2430 2696 καὶ
2497 2644 2576 2706 εἰς
2607 2643 2730 2704 τοὺς
2762 2640 2960 2703 αἰῶνας
2995 2639 3104 2691 τῶν
3175 2634 3407 2692 αἰώνων.

178 2725 236 2776 Ἀ
245 2723 372 2792 μήν.

243 2917 292 2950 ⁸⁸
327 2915 371 2971 II
400 2917 530 2974 Cor.
560 2931 635 2985 ι,
667 2919 722 2977 8.
797 2922 818 2953 '
879 2920 1024 2975 Psal.
1059 2936 1179 2986 sci,
1213 2921 1302 2978 I3.
1379 2921 1424 2954 ⁸⁸
1461 2918 1649 2980 Matth.
1683 2938 1730 2976 ιι

1845 2921 1936 2977 12.
2011 2923 2055 2954 ⁶⁹
2094 2922 2115 2974 ι
2155 2921 2296 2980 Tim.
2333 2939 2372 2988 I,
2409 2922 2496 2977 i7.

185 3119 3404 3168 Μ

1337 3315 1474 3355 ANNO
1507 3315 1693 3354 DOIINI
1733 3316 2236 3358 εοοιιν-ςῦειιιιν.

280 3517 1224 3751 Μιιριιιυδ
1330 3522 2289 3888 INCYIiINUS
2402 3525 3290 3754 EPISCOI’US

1451 4009 2138 4122 DIATRIBA

1132 4251 1237 4310 DE
1281 4251 1529 4313 CAUSA
1580 4253 1989 4314 MARCELLI
2034 4254 2445 4314 ANCYRANI

1187 4412 1572 4472 (Mnmavcon..
1609 4412 1831 4464 Bibiiotlt.
1853 4427 1974 4463 nova
2001 4415 2221 4474 Patrum,
2264 4415 2300 4473 l,
2327 4414 2411 4475 ιι.)

1785 4572 1853 4584 ..πο

1261 4712 1657 4770 PROGJSIIUM
1697 4715 1784 4768 ΕΤ
1834 4713 2080 4769 DIVISIO
2118 4712 2381 4771 OPERIS.

241 4861 322 4916 De
352 4857 596 4914 larcolli
622 4859 896 4930 Ancyrani
921 4858 1196 4923 doctrina,
1227 4861 1328 4914 etsi
1359 4861 1428 4913 ab
1451 4861 1570 4928 ipso
1599 4861 1842 4916 Marcelli
1879 4876 1996 4915 aevo
2024 4859 2091 4911 ad
2125 4860 2228 4913 hoc
2262 4873 2437 4927 usque
2474 4865 2688 4926 tempus
2712 4857 2779 4910 ab
2817 4856 3124 4927 insignibus
3157 4859 3286 4913 viris
3308 4859 3422 4916 dis-

169 4967 449 5028 ceptatum
487 4958 579 5019 sit,
632 4970 720 5010 res
759 4963 940 5010 tamen
983 4957 1162 5009 adhuc
1193 4957 1246 5008 in
1280 4956 1500 5023 ancipiti
1527 4966 1707 5011 manet
1749 4977 1761 5010 :
1798 4958 1886 5008 alii
1918 4971 2153 5024 namque
2200 4955 2353 5007 illum
2391 4962 2664 5006 temerata:
2713 4953 2832 5006 ﬁdei
2878 4969 3025 5007 reum
3070 4963 3271 5022 agunt,
3329 4957 3421 5010 alii

172 5062 230 5106 ut
251 5061 418 5108 recta:
445 5050 571 5105 ﬁdei
605 5049 878 5105 vindicem
909 5049 1242 5108 defendunt,
1269 5051 1357 5102 alii
1388 5052 1707 5120 quaestionis
1739 5051 2063 5104 difﬁcultate
2103 5048 2372 5110 deterriti,
2405 5064 2516 5101 non
2558 5046 2757 5100 audent
2799 5050 2851 5100 in
2901 5049 3166 5102 utramvis
3214 5057 3422 5116 partem

170 5147 321 5203 ferre
349 5146 637 5213 judicium.
670 5146 750 5198 Ad
783 5155 1092 5216 postremos
1114 5155 1294 5199 autem
1337 5147 1719 5200 incunctanter
1755 5148 2093 5209 accederem,
2116 5147 2222 5199 nisi
2255 5161 2316 5198 ex
2352 5160 2435 5205 co,
2475 5143 2620 5214 quod
2672 5145 2782 5212 jam
2838 5145 3066 5212 primum
3095 5144 3420 5211 publicatur,

169 5237 451 5308 opusculo
483 5254 622 5292 nova
659 5238 1027 5294 Marcellianis
1052 5241 1218 5294 rebus
1245 5240 1331 5292 lus
1372 5240 1632 5293 oriretur.
1669 5238 1841 5306 Hujus
1874 5238 2207 5291 adminiculo
2240 5253 2349 5290 non
2386 5239 2502 5291 sine
2534 5252 2630 5304 spe
2661 5236 2977 5296 cnodaudzc,
3020 5237 3073 5287 in
3111 5235 3293 5288 multis
3315 5236 3424 5287 sal—

171 5336 306 5391 tem,
344 5330 423 5382 rei
454 5328 725 5383 hactenus
762 5331 1033 5400 perplexa:
1062 5339 1115 5380 et
1144 5329 1432 5392 intricatae,
1470 5327 1593 5378 huic
1625 5323 1879 5380 Diatriha:
1905 5343 2125 5378 manum
2161 5325 2537 5384 admovemus,
2567 5331 2844 5390 totamque
2874 5323 2982 5374 haec
3015 5323 3068 5375 in
3103 5325 3281 5392 capita
3306 5322 3421 5375 dis-

172 5421 494 5475 tribuimus.
540 5419 703 5473 Prait
737 5421 1146 5492 compendiaria
1173 5420 1238 5475 de
1276 5420 1387 5472 vita
1427 5418 1664 5474 Marcelli
1694 5419 1971 5480 narratio;
2007 5418 2131 5470 hinc
2155 5417 2482 5485 exquiritur,
2509 5417 2599 5485 qui
2630 5416 2792 5467 fuerit
2824 5416 2911 5468 ille
2949 5414 3201 5468 Marcello
3224 5416 3424 5469 ascris—

177 5519 304 5579 ptus
333 5525 527 5575 error;
581 5519 695 5563 tum
724 5525 791 5562 an
825 5511 878 5564 in
913 5511 1034 5579 ejus
1083 5521 1276 5565 contra
1307 5511 1582 5565 Asterium
1617 5510 1757 5561 libro
1795 5509 2128 5578 deprehendi
2155 5509 2422 5576 potuerit;
2476 5506 2671 5560 deinde
2705 5522 2832 5559 num
2873 5521 3111 5559 errorem
3167 5507 3316 5558 illum
3369 5507 3423 5560 in

174 5603 421 5656 decursu
454 5602 578 5657 vim
603 5601 770 5655 verbo
793 5603 875 5654 vel
907 5605 1114 5671 scripto
1139 5601 1458 5664 tradiderit;
1483 5603 1718 5668 itcmquc
1745 5617 1810 5652 an
1846 5602 1912 5654 ab
1932 5600 2228 5653 Athanasio
2252 5615 2278 5650 a
2296 5599 2686 5653 communione
2714 5606 2955 5650 remotus
2987 5595 3182 5661 fuerit;
3204 5595 3422 5651 demum

177 5694 364 5759 agitur
391 5705 460 5749 de
493 5693 734 5749 Marcelli
762 5703 814 5749 et
834 5693 1091 5751 Ecclesia:
1125 5695 1425 5760 Aucyranae
1453 5691 1520 5746 ad
1554 5690 1910 5746 Athanasium
1946 5692 2232 5755 legatione,
2272 5704 2432 5753 quam
2480 5705 2621 5742 nunc
2660 5678 2889 5748 primum
2929 5687 3162 5740 edimus.
