4044 6324
1160 454 1393 513 CAPU'I'
1426 456 1719 519 PBIIUI.

796 600 1197 647 οωιιιιιιιιι
1226 608 1295 649 οι
1325 610 1450 650 τιτι
1486 610 1754 656 ιιιειιιι
1782 616 2075 659 ΙΔΙΙΔΙῚΟ.

719 714 829 784 Qui
859 731 1009 775 anno
1035 710 1158 775 ιη’
1176 722 1372 778 saltem
1398 726 1752 783 centonarius
1777 743 1813 785 e
1840 720 1984 787 'rivis
2024 745 2222 787 exces-

651 805 748 872 sit.
778 806 1093 877 Iaruallns,
1120 827 1267 869 anno
1286 816 1513 871 circiter
1539 816 1671 880 sn.
1707 822 2006 878 Aordiano
2039 837 2223 879 mm

651 896 918 968 potiente,
961 909 1129 959 natos
1164 908 1237 959 sit
1265 911 1505 975 oportet.
1540 908 1734 964 eodem
1766 908 1939 967 formo
1977 918 2225 982 tmpore

651 1004 764 1059 quo
794 987 1004 1049 Paulus
1050 991 1473 1061 Samosata",
1523 998 1687 1067 cuiu
1729 999 1963 1058 heresis
2008 1009 2225 1059 restau-

650 1096 809 1139 rasoo
839 1083 1019 1140 fertur
1043 1084 1354 1152 Marcellus,
1378 1088 1721 1146 Antiuﬁoaa
1751 1093 1883 1149 eode
1903 1094 2098 1164 pulsas
2113 1103 2221 1151 est.

648 1171 792 1228 Ante
819 1188 1028 1229 unum
1042 1175 1150 1231 ιιι
1165 1176 1220 1231 in
1242 1177 1595 1248 Ancyraaum
1613 1180 1930 1253 episcopum
1956 1181 2221 1250 adiectus,

648 1264 957 1336 Ancyram
979 1266 1194 1337 synodo
1218 1267 1412 1325 eodem
1443 1284 1592 1326 anno
1622 1272 1913 1329 celebrata
1944 1275 2220 1333 interfuit.

648 1350 790 1413 Hinc
812 1355 868 1410 in
898 1352 1120 1411 Nicana
1152 1356 1369 1427 synodo
1396 1358 1451 1415 in
1472 1360 1665 1417 Arium
1691 1371 1748 1417 et
1763 1366 2011 1422 auectas
2022 1366 2226 1423 acriter

647 1444 920 1510 invectus.
960 1462 1153 1503 eorum
1186 1450 1243 1505 in
1282 1466 1345 1507 se
1389 1452 1749 1508 inﬂammavit
1794 1455 1943 1511 odia.
1975 1454 2225 1513 Exeitata

646 1551 779 1594 vero
810 1540 1087 1596 dissensio
1114 1540 1173 1597 in
1194 1551 1445 1614 apertam
1470 1544 1672 1600 bellum
1700 1547 1908 1616 erupit,
1927 1563 2052 1603 cum
2069 1551 2226 1605 Asto-

646 1629 735 1687 rio
759 1632 1008 1702 sophista
1037 1635 1372 1690 Arianorum
1402 1636 1623 1693 vindice
1652 1638 1709 1693 ia
1736 1638 1887 1694 edito
1902 1640 1971 1695 ab
1999 1656 2059 1696 se
2081 1640 2225 1695 libro

645 1723 973 1779 catholicam
992 1724 1149 1781 fidem
1162 1737 1530 1798 oppugnante,
1548 1728 1836 1787 Iarcelius
1848 1732 2046 1803 insigni
2060 1746 2226 1802 opere

1912 350 2003 408 DE
2045 349 2205 408 Vl'l'A
2241 350 2331 411 E‘l’
2364 351 2677 411 SCRIPTIS

2258 478 2302 536 Α
2331 468 2496 525 nibus
2528 468 2833 525 secundum
2864 469 3175 524 uereticant
3199 467 3525 525 sententiam
3551 468 3888 539 explicaret;

2325 561 2443 616 sive
2470 562 2604 631 quia
2635 560 2904 615 Photinus
2930 560 3054 629 ejus
3076 560 3385 632 discipulus
3408 572 3599 631 parem
3641 560 3890 629 impieta-

2325 658 2458 715 tem,
2487 650 2601 705 imo
2646 650 2979 722 graviorem,
3020 650 3200 720 palam
3225 658 3283 706 et
3314 650 3371 706 in
3398 649 3647 706 Ecclesia
3687 650 3893 719 deprae-

2323 738 2554 803 dlcaret,
2584 753 2695 810 qua
2717 739 2787 796 de
2807 754 2978 796 causa
3005 740 3221 797 necdin
3260 749 3451 811 postea
3474 740 3777 796 ducatus
3804 740 3893 797 de-

2324 832 2651 901 posltnsque
2698 840 2823 896 est;
2871 829 3003 885 hinc
3058 829 3301 888 Iareelli
3349 830 3493 887 fama
3536 831 3597 887 ia
3652 829 3892 890 details

2323 935 2481 977 versa
2498 940 2514 977 :
2532 922 2817 976 crescebat
2829 921 2885 975 in
2901 920 3021 977 dies
3033 921 3295 991 suspicio.
3314 922 3470 978 multi
3487 920 3891 980 Melieon

2324 1014 2501 1085 palam
2542 1013 2838 1077 hominem,
2873 1020 2935 1068 ut
2972 1011 3210 1069 Sabellio
3235 1013 3476 1080 affinem,
3508 1014 3890 1071 dunnabant:

2323 1120 2527 1175 resque
2557 1105 2653 1159 illo
2677 1104 2912 1160 deducta
2944 1113 3051 1170 est,
3075 1110 3135 1158 ut
3153 1104 3315 1159 etiam
3332 1105 3892 1176 Athanasio,qnimn

2325 1196 2432 1267 ipsi
2462 1196 2729 1250 hactenus
2760 1194 3118 1251 necessitudo
3151 1203 3208 1249 et
3248 1194 3599 1251 familiaritas
3631 1200 3894 1253 intercu-

2328 1295 2500 1351 serat,
2526 1296 2817 1357 suspectus
2844 1289 2969 1342 esse
3009 1286 3258 1356 coeperit.
3299 1282 3486 1355 Neque
3513 1297 3730 1351 tamen,
3771 1304 3894 1342 nar-

2324 1378 2575 1433 rantibus
2605 1378 2731 1432 licet
2754 1375 3037 1433 Hilarioet
3075 1374 3317 1447 Sulpicio
3361 1375 3585 1443 Severo,
3622 1378 3694 1433 ab
3739 1380 3897 1433 Atha-

2324 1468 2481 1523 nasio
2512 1478 2645 1523 tunc
2690 1467 3004 1531 damnatus,
3052 1474 3109 1522 et
3144 1481 3174 1520 a
3210 1467 3607 1524 communione
3654 1478 3896 1525 remotus

2314 1558 2450 1637 \fuit.
2478 1569 2539 1613 ut
2574 1573 2699 1613 mox
2728 1558 3273 1614 commonstrabitnr.
3293 1555 3595 1612 Postremis
3613 1558 3896 1615 Athanasii

2321 1649 2449 1704 vita
2497 1650 2661 1705 annis
2710 1663 2852 1704 nova
2904 1650 3260 1719 omniumque
3297 1648 3436 1703 forte
3479 1650 3817 1718 gravissima
3848 1654 3897 1707 in

2324 1737 2638 1793 larcellum
2675 1745 2976 1808 tempestas
3004 1738 3272 1794 excitatur
3309 1756 3322 1791 :
3363 1751 3488 1791 cum
3527 1736 3775 1795 Basilius
3811 1741 3892 1795 ille

647 1814 925 1870 Asterium
963 1815 1211 1881 adortus,
1249 1816 1578 1876 Arianorum
1618 1822 1983 1893 primipilares
2029 1838 2222 1879 omnes
2253 1809 2295 1867 Β
2326 1828 2554 1900 Magnus
2582 1839 2637 1883 et
2661 1829 2752 1883 alii
2784 1818 2923 1884 bene
2950 1830 3108 1883 multi
3136 1828 3309 1884 coorti
3336 1836 3486 1892 sunt,
3509 1839 3565 1883 et
3583 1830 3768 1884 virum
3796 1832 3890 1885 im-

646 1906 965 1975 exagitavit.
998 1905 1123 1962 [lac
1149 1909 1416 1980 princeps
1445 1925 1613 1967 causa
1642 1914 1873 1977 irarum,
1892 1912 1945 1966 bi
1972 1915 2099 1967 sevi
2132 1914 2222 1969 do-

652 1993 800 2049 lores
830 1996 1183 2062 Arianorum,
1216 1999 1310 2069 qui
1339 2000 1537 2055 exinde
1564 2002 1860 2056 classicum
1905 2003 1961 2057 in
1994 2002 2223 2059 Marcel-

647 2084 758 2140 lum
790 2096 1079 2151 canentes,
1108 2103 1234 2143 eum
1272 2096 1327 2145 et
1355 2091 1580 2161 scriptis
1604 2100 1661 2146 et
1690 2092 2061 2148 moliminihus
2092 2102 2223 2149 sunt

646 2179 913 2249 aggressi.
968 2178 1250 2249 Siquidem
1302 2181 1635 2237 ulciscenda
1676 2182 1893 2253 injuria.-
1941 2186 2218 2255 cupidine,

646 2271 824 2338 primo
860 2268 1279 2342 Jerosolymam,
1313 2282 1451 2329 teste
1475 2272 1720 2337 Socrate.
1748 2274 2062 2330 larcellum
2087 2292 2220 2331 ero-

646 2366 797 2419 cant,
835 2373 1058 2413 causam
1089 2360 1403 2428 dicturum;
1435 2361 1633 2417 deinde
1662 2379 1793 2419 vero
1834 2364 2221 2420 Constantino-

648 2449 795 2520 polin
840 2461 1154 2515 accersunt,
1216 2454 1659 2525 abnuentemqne
1709 2456 1927 2523 ejurare
1965 2456 2217 2521 haeresin,

650 2556 815 2610 quam
848 2542 902 2595 in
929 2544 1067 2596 libro
1108 2544 1227 2612 ejus
1256 2544 1438 2621 eflerri
1468 2547 1889 2610 contendebant,
1927 2550 2096 2619 gradu
2124 2550 2221 2604 de-

646 2631 861 2701 jiciunt,
893 2634 1106 2703 ipsique
1147 2633 1408 2689 Basiliam
1438 2636 1759 2707 subrogant.
1779 2636 1918 2693 Hine
1946 2636 2218 2694 Eusebius

645 2722 1001 2780 Catsariensis
1050 2727 1265 2781 duobus
1315 2737 1506 2782 contra
1556 2727 1871 2783 Marcellum
1921 2731 2075 2786 libris
2119 2731 2219 2785 tri-

647 2815 857 2885 bnsque
882 2818 1005 2873 aliis
1038 2820 1190 2870 Vario
1216 2818 1377 2873 titulo
1408 2820 1737 2874 Arianorum
1760 2837 1847 2876 res
1876 2824 2171 2877 vindicavit
2201 2841 2214 2877 :

648 2916 815 2977 atque
842 2909 914 2961 ita
942 2911 1253 2983 gregalibus
1283 2912 1399 2965 suis
1433 2912 1613 2965 oblata
1640 2914 1870 2967 crimina
1898 2914 2126 2983 depulit,
2159 2923 2219 2968 ut

646 3014 705 3054 se
738 2998 853 3067 ipse
881 2980 1131 3067 proderet
1166 3001 1451 3056 Arianum.
1482 3000 1619 3056 Tum
1640 3004 1837 3057 ibidem
1870 2980 2059 3058 contra
2078 3005 2221 3059 Mar-

646 3091 844 3145 cellum
876 3106 989 3144 rem
1034 3100 1255 3146 strenue
1284 3096 1473 3163 gessit,
1513 3111 1673 3165 quem
1701 3096 1909 3150 violata!
1939 3112 2085 3151 sanae
2118 3099 2219 3152 do-

646 3183 839 3234 ctrina:
874 3196 1026 3235 reutn
1063 3182 1173 3250 egit
1208 3201 1220 3235 :
1255 3197 1317 3236 ac
1350 3183 1637 3239 instaurati
1668 3186 1916 3239 Pauiiani
1945 3198 1999 3239 et
2038 3186 2220 3241 Sabel—

647 3271 781 3325 liani
816 3273 1022 3326 erroris
1050 3274 1350 3325 accusavit.
1387 3273 1498 3328 Hac
1526 3284 1708 3330 autem
1751 3277 1803 3330 in
1840 3293 1899 3331 re
1924 3293 2033 3331 non
2063 3293 2220 3349 pror-

648 3378 746 3419 sus
775 3364 1016 3417 infausto
1049 3374 1251 3418 conatu
1286 3364 1603 3419 Marcellum
1624 3368 1848 3422 adortus
1874 3380 1949 3423 est
1981 3389 1993 3422 :
2027 3368 2220 3425 exinde

650 3468 893 3521 namque
926 3470 1033 3509 non
1066 3457 1225 3509 modo
1256 3456 1472 3511 Arianis
1508 3460 1716 3511 intisus
1738 3499 1751 3521 ,
1794 3462 1889 3513 sed
1921 3461 2082 3516 etiam
2116 3461 2220 3514 Ca-

652 3543 979 3596 tholicorum
1024 3545 1210 3598 multis
1245 3558 1535 3614 suspectus
1566 3564 1687 3603 esse
1716 3550 1900 3617 cmpit.

724 3633 839 3688 Sub
868 3636 983 3688 haec
1013 3634 1272 3691 defuncto
1298 3636 1683 3704 Constantino,
1712 3655 1835 3694 cum
1870 3642 1991 3695 aliis
2019 3642 2220 3697 exsuli-

652 3726 755 3781 bus
783 3725 1071 3781 Marcellus
1096 3727 1209 3781 sedi
1242 3730 1550 3796 restitutus,
1586 3747 1695 3785 non
1732 3733 1850 3787 sine
1893 3735 2127 3787 tumultu
2158 3750 2224 3789 ac

652 3816 896 3872 caedibus
945 3817 1127 3872 locum
1176 3820 1412 3886 repetiit.
1470 3820 1579 3874 Nec
1620 3822 1713 3875 diu
1758 3833 1946 3893 postea
1986 3827 2222 3880 extorris

650 3909 830 3962 denuo
865 3907 1064 3974 factus,
1110 3910 1176 3963 ad
1210 3908 1415 3964 Iulium
1458 3926 1648 3981 papam
1697 3924 1975 3983 receptum
2011 3915 2220 3969 habuit.

652 4000 727 4053 ibi
758 4000 930 4054 fidens
961 4000 1304 4055 adversarios
1334 4011 1595 4071 provocat
1634 4004 1698 4057 ad
1744 4004 2034 4074 judicium,
2078 4005 2223 4063 Julio

654 4090 776 4142 fidei
809 4106 919 4143 sua:
952 4090 1237 4145 formulam
1266 4092 1443 4159 offert,
1478 4095 1647 4158 nullo,
1675 4106 1735 4149 ut
1754 4098 1975 4166 planum
1995 4108 2100 4163 est,
2136 4100 2221 4152 vi-

652 4182 730 4233 tio
765 4183 1099 4235 laborantem
1136 4203 1146 4237 :
1188 4200 1346 4263 suum
1386 4194 1578 4239 contra
1598 4187 2094 4245 Asteriumlibrum
2128 4191 2226 4247 de-

652 4270 847 4334 fendit,
884 4280 1110 4327 truncas
1150 4276 1454 4330 sententias
1502 4276 1572 4329 ab
1622 4275 1950 4336 Eusebianis
1994 4297 2222 4351 pravum

654 4362 709 4413 in
738 4375 958 4414 sensum
974 4362 1239 4426 detortas,
1260 4363 1621 4417 adulteratam
1637 4367 1927 4422 verborum
1949 4372 2147 4425 seriem
2166 4375 2220 4425 in

2323 1920 2542 1989 pietatis
2575 1934 2743 1973 causa
2766 1918 3157 1973 'damnandum
3200 1918 3501 1988 praedicant
3531 1938 3544 1974 :
3572 1928 3699 1973 tum
3733 1921 3895 1975 Atha-

2321 2012 2479 2067 nasio
2509 2020 2765 2067 auctores
2797 2019 2948 2076 sunt,
2979 2021 3035 2066 ut
3082 2012 3356 2067 hominem
3400 2027 3431 2065 a
3475 2012 3760 2067 catholica
3801 2014 3897 2069 ﬁde

2320 2104 2556 2159 alienum
2592 2106 2659 2159 ab
2701 2103 2957 2160 Ecclesia:
3000 2105 3385 2159 communione
3412 2104 3682 2176 depellat.
3718 2104 3897 2161 Sensit

2323 2194 2614 2250 lfarcellus
2651 2196 2734 2250 vir
2781 2195 3181 2249 annosissimus
3235 2205 3290 2251 et
3342 2211 3481 2265 pene
3522 2197 3895 2258 centenarius,

2317 2283 2429 2353 jam
2466 2287 2772 2355 proximum
2804 2300 2929 2339 esse
2950 2294 3008 2337 ut
3033 2284 3367 2341 Athanasius
3397 2287 3512 2350 ille,
3531 2286 3668 2340 olim
3691 2288 3897 2343 amicus

2320 2383 2373 2429 et
2412 2374 2759 2429 fortunarum
2802 2391 3053 2441 consors,
3118 2379 3449 2431 sententiam
3499 2378 3800 2434 adversm
3845 2395 3897 2435 se

2320 2466 2548 2531 diceret,
2581 2474 2636 2520 et
2668 2482 2793 2519 cum
2825 2468 2937 2534 jam
2978 2467 3279 2534 periculum
3306 2466 3766 2537 portenderetur,
3813 2469 3891 2523 sui

2317 2566 2371 2614 et
2392 2562 2559 2613 totius
2592 2558 2895 2630 Ancyranaa
2929 2558 3184 2612 Ecclesiae
3200 2561 3419 2613 nomine
3437 2558 3753 2630 Eugenium
3781 2562 3891 2614 dia-

2318 2665 2516 2705 conum
2572 2651 2821 2719 aliosque
2880 2650 2948 2704 ad
2998 2651 3357 2706 Athanasium
3410 2662 3670 2707 oratores
3714 2653 3891 2715 mittit,

2318 2742 2782 2796 commendatitiis
2826 2743 3213 2811 episcoporum
3268 2742 3494 2796 Gracche
3539 2752 3597 2798 et
3640 2742 3889 2797 Discedo-

2320 2829 2443 2891 nite.
2472 2830 2803 2898 quibuscum
2834 2832 3018 2899 pacem
3040 2840 3094 2885 et
3118 2830 3432 2887 societatem
3482 2832 3705 2890 fovebat
3728 2834 3892 2887 Atha-

2318 2920 2529 2983 nasius,
2568 2920 2768 2974 litteris
2809 2920 3108 2976 instructos
3142 2940 3155 2975 ε
3189 2924 3282 2991 qui
3333 2922 3563 2975 recitata
3610 2908 3889 2977 fidei.su:c

2322 3007 2580 3073 formula,
2618 3011 2826 3064 erroris
2866 3011 2932 3064 ab
2962 3028 3021 3066 se
3060 3020 3115 3065 et
3162 3026 3339 3081 prava:
3391 3012 3675 3082 opinionis
3715 3014 3889 3082 suspi-

2320 3096 2534 3150 cionem
2565 3096 2906 3151 dimoverent
2944 3115 2958 3151 :
2990 3097 3117 3164 quia
3146 3111 3277 3151 vero
3316 3099 3429 3151 haec
3464 3097 3587 3152 fidei
3621 3098 3888 3167 professio

2321 3185 2376 3238 in
2404 3186 2661 3239 omnibus
2696 3187 2813 3241 suis
2846 3188 3091 3254 partibus
3118 3189 3381 3243 catholica
3413 3199 3519 3251 est,
3567 3192 3887 3258 inscriptam-

2320 3291 2429 3345 que
2463 3274 2721 3329 Marcello
2756 3277 2986 3331 hazresin
3021 3280 3367 3332 anathemate
3402 3279 3547 3343 ferit,
3608 3280 3677 3333 ab
3726 3280 3885 3332 Atha-

2321 3369 2478 3424 nasio
2534 3376 2590 3422 et
2637 3367 2910 3439 Egyptiis
2956 3371 3229 3439 episcopis
3276 3370 3538 3436 admissa,
3587 3387 3886 3441 eorumque

2321 3456 2595 3526 sufiragiis
2628 3458 2835 3509 munita
2868 3465 2973 3511 est.
3007 3455 3427 3511 Hallucinantnr
3459 3474 3595 3529 ergo
3621 3462 3715 3528 qui
3749 3460 3883 3513 hlar-

2320 3548 2517 3601 cellum
2575 3556 2766 3618 putant
2823 3548 2892 3600 ab
2944 3548 3245 3602 Athanasio
3296 3548 3482 3603 Basilii
3536 3552 3887 3621 instigationis

2320 3640 2662 3701 damnatum,
2688 3655 2719 3694 e
2750 3653 2983 3708 quorum
3017 3655 3247 3694 numero
3281 3637 3684 3696 Tillemontius.
3730 3640 3883 3700 Nam.

2323 3741 2383 3785 ut
2411 3733 2465 3783 in
2495 3731 2599 3783 hoc
2629 3729 2849 3800 egregio
2872 3732 3141 3800 opusculo
3172 3730 3378 3793 videas,
3411 3731 3776 3793 Athanasius.
3800 3732 3895 3811 qui

2324 3821 2582 3877 Ecclesiae
2617 3822 2922 3892 Ancyrante
2954 3823 3264 3876 oratoribus
3291 3824 3563 3892 postulata
3610 3822 3885 3883 concedit,

2323 3928 2623 3983 eorumque
2655 3914 2775 3968 fidei
2794 3913 3041 3967 formulae
3057 3914 3404 3982 astipulatur.
3432 3914 3597 3967 etiam
3619 3928 3738 3973 eas,
3756 3929 3883 3982 quas

2322 4011 2606 4070 expetunt,
2630 4004 3104 4057 commendatitias
3140 4004 3351 4057 litteras
3406 4002 3549 4055 haud
3591 4003 3762 4057 dubie
3799 4004 3887 4057 de-

2322 4092 2465 4148 derit
2504 4107 2729 4148 necesse
2754 4100 2857 4148 est.
2891 4090 3005 4146 Sub
3034 4094 3147 4146 haec
3188 4102 3364 4147 autem
3405 4092 3547 4146 diem
3587 4094 3726 4147 obiit
3754 4093 3886 4146 hiar-

2322 4184 2518 4247 cellus,
2546 4184 2705 4238 annis
2724 4183 2944 4239 circiter
2974 4183 3191 4238 duobus
3223 4192 3517 4252 antequam
3551 4181 3886 4253 Epiphanius

2322 4274 2391 4331 dc
2419 4271 2785 4329 Hareellianis
2820 4275 2875 4329 in
2916 4273 3157 4329 Pauario
3197 4274 3478 4335 scriberet,
3516 4274 3730 4328 scilicet
3752 4289 3888 4328 anno

2325 4364 2553 4417 circiter
2570 4363 2695 4418 ὅτι.
2716 4363 2872 4428 Nam,
2899 4380 3022 4418 cum
3049 4364 3382 4433 Epiphanius
3411 4363 3707 4416 Panarium
3733 4381 3883 4418 suum

652 4454 895 4507 Romana
925 4454 993 4507 50
1022 4454 1405 4524 episcoporum
1451 4456 1661 4524 synodo
1694 4460 2038 4529 comprobat,
2076 4460 2220 4515 dicta
2252 4465 2299 4524 ι)
2325 4455 2396 4508 sit
2425 4469 2589 4509 orsus
2610 4470 2753 4509 anno
2784 4455 2908 4523 375,
2938 4464 2997 4509 ut
3028 4456 3350 4510 testiﬁcatur
3379 4456 3516 4524 ipse,
3552 4466 3608 4508 et
3632 4471 3778 4509 anno
3808 4471 3887 4509 Se-

650 4552 836 4597 tuetur
879 4554 925 4598 et
964 4546 1197 4613 explicat
1237 4564 1249 4598 :
1281 4544 1610 4615 dentumque
1649 4548 1717 4600 ab
1744 4546 1889 4603 Julio
1923 4560 1977 4604 et
2008 4552 2222 4619 episco—

651 4636 735 4705 pis
768 4636 833 4688 ad
864 4638 1305 4690 communionem
1339 4644 1396 4689 ut
1427 4638 1683 4693 innoxius
1729 4640 2037 4694 admittitur
2079 4658 2223 4696 anno

651 4730 775 4784 542.
805 4732 1023 4783 Arianis
1066 4744 1193 4783 vero
1228 4744 1336 4783 non
1382 4731 1815 4798 quiescentibus,
1859 4731 2219 4787 detrectanti-

651 4824 863 4891 busque
904 4821 1209 4875 Romanum
1260 4821 1561 4889 judicium,
1603 4839 1787 4893 parem
1824 4825 1927 4880 sub
1960 4826 2082 4879 haec
2116 4826 2224 4881 for-

652 4920 839 4965 tunam
870 4922 1125 4981 expcrtus
1156 4919 1240 4965 est
1286 4914 1340 4966 in
1384 4912 1695 4968 Sardicensi
1732 4916 1941 4985 synodo
1982 4931 2224 4972 (ecume-

652 5006 774 5058 nica
811 5022 821 5055 :
860 5005 949 5056 ulni
986 5012 1272 5073 postquam
1307 5020 1529 5058 causam
1546 5005 2219 5079 dixerat,purgatusipse,

649 5096 836 5149 Ariani
884 5096 1142 5163 praesules
1189 5096 1431 5149 damnati
1479 5098 1934 5168 anathemateque
1973 5102 2223 5168 percussi

652 5194 798 5241 sunt.
828 5184 946 5238 1am
978 5202 1146 5254 prona
1177 5185 1431 5240 Marcello
1464 5188 1644 5241 omnia
1667 5198 1826 5242 erant
1860 5208 1871 5242 :
1902 5198 1956 5244 et
1995 5200 2119 5259 post
2146 5191 2226 5245 di-

649 5297 665 5329 ι
686 5288 697 5323 ε
722 5294 793 5329 tm
814 5278 1111 5331 secundum
1131 5278 1306 5347 ipsum
1330 5277 1545 5332 duabus
1564 5280 1617 5331 in
1633 5279 1855 5350 synodis
1872 5282 2219 5345 sententiam,

650 5387 776 5441 spes
800 5371 1085 5425 videbatur
1097 5386 1220 5425 esse
1240 5372 1511 5425 neminem
1528 5371 1933 5426 Catholicorum
1958 5389 2222 5428 ausurum

659 5462 802 5514 ultra
837 5460 903 5515 de
921 5463 1133 5516 sincera
1159 5463 1278 5532 ejus
1298 5463 1398 5517 fide
1422 5463 1691 5518 dubitare.
1729 5462 1920 5517 Verum
1948 5481 2107 5519 secus
2137 5481 2224 5519 res

651 5553 819 5605 cessit
855 5568 868 5604 τ
899 5568 1021 5606 nam
1052 5555 1168 5607 sive
1200 5554 1329 5623 quia
1359 5553 1672 5618 Marcellus,
1719 5572 1838 5624 qum
1869 5556 1923 5609 in
1954 5557 2092 5610 libro
2120 5538 2223 5612 suo

653 5642 727 5697 ita
759 5642 1125 5713 adtemperate
1142 5645 1423 5698 enuntiata
1441 5653 1599 5699 erant
1624 5654 1681 5697 ut
1704 5656 1930 5714 possent
1949 5645 2001 5698 in
2024 5645 2219 5699 bonam

652 5734 917 5789 nialatnve
951 5745 1157 5801 partem
1194 5736 1427 5803 deﬂecti,
1467 5737 1516 5791 in
1554 5737 1891 5807 quelidianis
1934 5737 2222 5793 fabulatio-

2323 4555 2525 4615 quente
2558 4547 2660 4600 576
2687 4547 2754 4601 ad
2784 4546 3200 4601 Manichaeorum
3219 4547 3444 4601 haeresin
3471 4547 3729 4615 {numero
3750 4551 3885 4617 ιιιει)

2324 4640 2625 4703 devenerit,
2672 4653 2725 4694 ut
2760 4642 2960 4695 ibidem
2998 4642 3153 4710 legis,
3190 4640 3377 4693 eodem
3416 4657 3560 4692 anno
3591 4640 3887 4695 Marcellia-

2325 4747 2521 4786 norum
2548 4732 2779 4787 haresin
2804 4733 3054 4799 (numero
3096 4734 3263 4799 Lxxn)
3307 4731 3603 4799 scripsisse
3654 4734 3883 4792 videtur,

2326 4824 2419 4877 ubi
2454 4833 2640 4876 narrat
2673 4838 2702 4876 a
2733 4824 2951 4878 duobus
2985 4825 3211 4877 circiter
3242 4824 3400 4875 annis
3433 4823 3645 4877 obiisse
3666 4823 3885 4878 Marcel-

2324 4914 2457 4967 lum.
2492 4914 2620 4967 Erat
2652 4931 2814 4985 porro
2847 4924 2960 4968 tum
2994 4914 3304 4980 Marcellus,
3342 4922 3399 4966 ut
3440 4915 3685 4978 videtur,
3716 4926 3888 4971 cente—

2324 5008 2480 5061 nario
2506 5008 2697 5076 major.
2739 5016 2924 5077 utpote
2945 5008 3036 5076 qui
3072 5007 3183 5074 jam
3205 5022 3346 5059 anno
3363 5005 3465 5060 336
3488 5021 3884 5071 senex,canus.

2323 5110 2378 5154 et
2411 5101 2464 5154 in
2496 5102 2813 5169 episcopatu
2844 5098 3206 5153 consenuisse
3254 5098 3468 5151 dicatur
3514 5100 3586 5152 ab
3633 5099 3883 5157 Eusebio.

2323 5193 2617 5261 itidemque
2649 5193 2716 5245 ab
2755 5190 3059 5245 Athanasio
3100 5212 3110 5244 ;
3144 5206 3261 5259 qua!
3298 5191 3558 5260 frequens
3597 5192 3886 5247 senectutis

2323 5283 2573 5353 repetitio
2625 5282 2987 5352 sexagenario
3038 5282 3299 5349 majorem
3346 5294 3601 5353 spectare
3647 5292 3881 5352 putatur.

2322 5373 2452 5429 Post
2486 5373 2726 5429 Marcelli
2750 5376 3060 5437 decessum,
3096 5375 3349 5442 discipuli
3399 5374 3543 5443 ejus,
3590 5376 3885 5445 Ancyram

2323 5464 2579 5520 Ecclesia:
2606 5467 2814 5527 clerici,
2854 5465 2920 5519 ad
2948 5465 3236 5535 episcopos
3270 5472 3323 5517 et
3356 5464 3713 5519 confcssores
3773 5463 3885 5515 Dice

2322 5571 2571 5611 Caesarea:
2597 5564 2820 5626 agentes
2849 5556 3125 5620 adierunt,
3168 5557 3510 5628 prolatisque
3542 5554 3873 5610 commenda-

2325 5648 2459 5701 tiliis
2489 5647 2795 5709 Athanasii,
2820 5664 2982 5719 quem
3002 5649 3399 5720 τρισμακάριον
3427 5657 3649 5713 vocant,
3676 5646 3877 5701 litteris.

2326 5738 2559 5807 dataque
2595 5739 2716 5795 fidei
2748 5740 2983 5796 formula
3026 5741 3152 5796 huic
3192 5757 3300 5796 non
3332 5740 3595 5803 absimili,
3643 5738 3737 5795 sed
3776 5740 3880 5791 bre-
