4044 6324
187 383 316 438 “8|

1423 387 1771 443 HABCELM
1809 389 1944 442 AN;
1957 391 1985 441 1
1998 390 2184 444 Ml“.

3305 394 3446 449 assa

185 499 349 564 viori,
381 503 792 560 communionis
828 501 1143 560 societatem
1182 503 1470 575 rogabant.
1516 520 1623 576 qua
1660 505 1741 561 im

1865 519 1928 557 ea:
1993 505 2257 558 diametro
2313 502 2608 572 oppositam
2666 503 2797 558 Aria
2853 505 3170 574 impietatem
3217 508 3444 564 extulit.

188 597 420 661 petrata,
461 599 828 647 recesserunt.
879 589 1217 663 Domumque
1263 593 1518 660 Basilius,
1567 596 1764 651 horum

1874 605 2028 667 atque
2057 599 2110 652 in
2157 597 2328 666 ipsam
2359 593 2628 666 Unigeniti
2661 594 2878 650 deitatis
2899 598 3261 652 assistentium
3289 601 3448 670 imple

184 686 436 756 exemplo
465 695 523 742 et
550 687 882 742 auctoritate
914 694 1117 751 motus,
1168 687 1299 743 licet
1321 703 1485 759 agre,
1523 688 1765 745 Marcelli
1867 689 1994 759 egit,
2066 687 2315 759 Verbique
2357 688 2762 758 appellationem
2814 689 2953 744 male
3004 691 3242 758 accepit,
3293 691 3442 748 nulla

184 777 391 830 clerum
425 785 484 831 et
524 777 638 849 ipse
666 777 1040 831 communioni
1078 792 1192 832 suae
1237 777 1549 834 restituisse
1582 779 1767 834 credi-
1869 781 2207 836 accusatione
2255 782 2510 849 impetunt
2552 796 2571 833 :
2599 781 2690 849 qui
2722 777 3055 850 Unigenitum
3097 781 3306 853 quidem
3332 785 3443 840 dici

181 872 294 920 tur.
325 865 407 922 Eu
434 869 627 937 paucis
670 874 842 923 totam
874 867 940 922 de
970 867 1224 924 Marcello
1266 870 1655 924 narrationem.
1703 867 1761 924 Si

181 957 318 1027 quid
338 974 476 1014 vero
512 970 708 1028 praeter
749 960 1027 1030 vulgarem
1063 962 1402 1017 eruditorum
1447 963 1758 1032 opinionem

187 1046 280 1103 hic
314 1049 672 1104 enuntiatum
721 1051 1123 1120 deprehendas,
1148 1052 1204 1108 id
1233 1055 1400 1108 certis
1427 1053 1759 1110 testimoniis

181 1137 483 1203 asseritur,
510 1146 571 1194 ut
603 1139 658 1194 in
687 1141 1042 1211 sequentibus
1074 1141 1254 1212 palam
1281 1141 1407 1194 erit.

809 1252 1038 1308 CAPUT
1065 1253 1127 1308 11.

351 1379 446 1430 QUI
485 1381 683 1423 τυιιιτ
724 1384 901 1424 811101
939 1384 1220 1425 καιοειιο
1262 1383 1575 1426 Αθοηιιιτυσ.

173 1472 219 1529 Ι.
249 1472 329 1548 ρο
360 1475 608 1548 [anelli
642 1481 902 1533 sententia
946 1483 1095 1534 uaria
1141 1481 1446 1534 traduntur.
1504 1480 1567 1535 ll.
1612 1482 1756 1548 Qutd

247 1544 498 1620 Basilius
530 1549 597 1620 de
617 1548 868 1620 Marcelli
892 1567 1073 1604 errore
1100 1552 1267 1605 dicat.
1298 1548 1396 1620 ill.
1444 1550 1587 1618 Quid
1616 1544 1751 1620 Ἐρί-

239 1614 494 1688 ﬂauius.
530 1617 618 1688 ιν.
662 1619 802 1686 Quid
834 1618 1268 1688 Chrysostomus.
1295 1619 1357 1675 V.
1401 1614 1544 1687 Quid
1579 1614 1748 1677 Theo-

243 1683 510 1756 dareta.
566 1683 842 1756 "(Quid
906 1683 1166 1744 Eusebius
1216 1683 1584 1748 CwsariEnsis.
1636 1691 1746 1748 VII.

245 1753 474 1810 Summa
503 1753 760 1813 doctrinae
793 1757 1183 1816 Hareellianw.

405 1869 448 1922 ι.
469 1870 548 1923 De
572 1870 793 1921 Iarcelli
817 1875 1067 1924 sententia
1087 1875 1212 1923 varia
1239 1875 1511 1925 traduntur.

238 1960 363 2020 Non
411 1979 645 2036 prorsus
681 1965 1002 2023 diﬂlcultate
1027 1979 1202 2033 vacat,
1243 1987 1368 2042 qua:
1418 1972 1588 2028 fuerit
1630 1973 1745 2039 illa,

167 2053 238 2113 de
265 2071 379 2128 qua
405 2056 696 2116 lamellas
735 2059 1120 2128 accusabatur,
1151 2064 1377 2120 haeresis
1409 2067 1548 2122 :etsi
1589 2083 1750 2122 name-

172 2162 282 2219 que
302 2147 454 2219 apud
507 2148 774 2206 Basilium
825 2161 882 2208 et
929 2151 1336 2214 Theodoretum
1391 2154 1751 2214 Marcellianae

175 2241 469 2298 sententia:
501 2243 686 2312 capita
715 2258 828 2300 non
866 2244 1104 2302 obscure
1153 2247 1420 2316 ferantur,
1479 2250 1748 2308 Eusebius

168 2338 382 2396 tamen,
417 2333 514 2402 qui
541 2349 664 2388 cum
683 2335 879 2405 aequali
908 2351 1010 2391 suo
1036 2338 1402 2409 disceptabat,
1448 2342 1653 2414 quique
1679 2361 1746 2399 ex

167 2417 313 2475 libro
338 2419 582 2479 Marcelli
615 2423 835 2496 singula
857 2427 1148 2497 excerpsit,
1189 2445 1312 2500 quae
1341 2433 1420 2487 vel
1476 2448 1742 2500 errorem,

167 2509 250 2565 vel
284 2512 496 2568 erroris
525 2516 765 2583 speciem
801 2514 1144 2586 praeferrent,
1171 2521 1224 2572 in
1260 2521 1590 2590 quibusdam
1632 2540 1741 2578 non

165 2599 243 2658 ita
302 2601 468 2662 facile
521 2620 649 2660 cum
678 2605 883 2663 Basilio
912 2614 968 2664 et
998 2606 1352 2666 Theodoreto
1385 2615 1738 2670 conciliatur.

163 2689 379 2750 Idcirco
406 2708 438 2748 e
461 2709 522 2750 re
557 2695 736 2752 visum
765 2705 850 2752 est
883 2695 1020 2765 fore,
1067 2707 1125 2753 ut
1179 2701 1358 2758 allatis
1400 2704 1455 2758 in
1498 2706 1739 2764 medium

163 2781 256 2848 iis,
299 2799 424 2855 qua:
457 2785 527 2841 ab
572 2785 766 2841 iisdem
825 2788 1187 2858 scriptoribus
1231 2791 1300 2847 de
1335 2792 1574 2849 Marcelli
1624 2799 1739 2867 opi-

162 2876 332 2932 nione
381 2886 698 2942 narrantur,
762 2896 882 2950 quas
935 2897 1062 2939 vere
1103 2883 1266 2939 luerit
1313 2887 1404 2940 illa
1450 2889 1740 2960 diligenter

161 2968 533 3023 excutiamus.

382 3069 443 3119 ιι.
471 3071 597 3132 Quid
623 3073 829 3124 Basilius
849 3077 911 3125 de
938 3076 1153 3128 Marcelli
1181 3094 1350 3131 errore
1373 3085 1519 3135 dicat.

233 3150 474 3208 Basilius
505 3154 670 3226 igitur
715 3157 766 3211 in
809 3160 969 3228 epist.
1003 3160 1089 3224 52,
1116 3178 1238 3230 qua
1267 3175 1349 3220 est
1382 3169 1449 3222 ad
1485 3170 1734 3240 Magnum

164 3241 561 3311 Athanasium,
595 3246 708 3301 haec
747 3247 908 3304 habet
955 3269 968 3305 :
1031 3252 1394 3325 Ἐπιζητεῖται
1433 3260 1489 3312 δὲ
1527 3264 1745 3322 κάκεῖνο

166 3335 326 3406 Δπαρά
375 3353 538 3389 τινων
578 3338 690 3390 τῶν
721 3339 968 3394 ἐντεῦθεν
991 3343 1302 3413 ἀναγκαίως
1335 3349 1410 3413 ὡς
1445 3357 1538 3406 καὶ
1565 3357 1747 3424 αὑτοῖς

170 3428 307 3499 ἡμῖν
329 3428 741 3496 καταφαίνεται,
769 3431 832 3482 τὸ
848 3432 946 3503 τὴν
971 3434 1288 3505 Μαρκέλλου
1315 3442 1523 3512 αἵρεσιν
1549 3448 1746 3514 αὑτοὺς

157 3517 238 3582 ὠς
290 3517 534 3589 χαλεπὴν
566 3520 660 3572 καὶ
692 3519 981 3594 βλαϐερὰν,
1015 3526 1106 3579 καὶ
1149 3529 1248 3598 τῆς
1281 3530 1632 3607 ὑγιαινούσης
1664 3539 1748 3590 πί.

163 3609 657 3702 στεωςῌάλλοτρίως
696 3612 945 3702 ἔχουσαν,
977 3617 1338 3688 ἐξορίζεσθαι.
1383 3625 1534 3680 Ἐπεὶ
1581 3631 1744 3702 μέχρι

159 3700 258 3755 τοῦ
298 3700 394 3752 νῦν
439 3703 497 3754 ὲν
539 3702 702 3755 πᾶσιν
731 3697 811 3767 οἷς
852 3707 1257 3764 ὲσπιστέλλουσι
1296 3697 1620 3784 γράμμασι,

161 3791 264 3862 μὲν
293 3792 606 3863 δυσώνυμον
631 3795 847 3864 Ἀρειον
877 3796 989 3850 ἀνω
1014 3801 1108 3852 καὶ
1132 3801 1284 3856 κάτω
1312 3805 1740 3877 ἀναθεματίζον-

156 3899 249 3949 τις
277 3883 371 3937 καὶ
406 3884 513 3936 τῶν
561 3884 894 3955 Ἐκκλησιῶν
918 3887 1251 3958 ὲξορίζοντες
1280 3895 1339 3947 οὑ
1369 3895 1704 3955 διαλείπουσι
1725 3921 1739 3935 ο

162 3973 470 4047 Μαρκέλλῳ
497 3975 574 4039 δὲ,
612 3976 690 4046 τῷ
723 3976 864 4030 κατά
900 3977 1187 4051 διάμετρον
1220 3984 1410 4056 ἐκείνῳ
1472 3988 1572 4060 τὴν
1617 3991 1742 4046 ἀσέ-

160 4063 315 4154 δειαν
358 4065 781 4138 ἑπιδειξαμένῳ,
808 4069 902 4122 καὶ
924 4071 1004 4134 εἰς
1040 4071 1212 4143 αὑτὴν
1238 4074 1336 4146 τὴν
1371 4076 1603 4148 ὕπαρξιν
1642 4084 1742 4154 τῆς

162 4153 260 4206 τοῦ
287 4155 627 4222 Μονογενοῦς
659 4157 908 4226 Θεότητος
939 4158 1288 4232 ἀσεϐήσαντι,
1319 4167 1414 4219 καὶ
1434 4169 1620 4233 κακῶς
1645 4153 1741 4242 τὴν

157 4245 260 4300 τοῦ
283 4246 455 4315 Λόγου
473 4248 839 4319 προσηγορίαν
871 4251 1232 4323 ἐκδεξαμένῳ,
1255 4255 1510 4325 οὐδεμίαν
1537 4262 1740 4331 μέμψιν

156 4338 544 4404 ἐπενεγκόντες
582 4341 861 4407 φαίνονται
883 4357 895 4370 '
928 4340 986 4404 ὃς
1026 4342 1197 4412 Λόγον
1241 4346 1337 4415 μὲν
1365 4350 1614 4420 εἰρῆσθαι
1650 4354 1740 4406 τὸν

157 4425 438 4496 Μονογενῆ
458 4425 661 4488 δίδωσι,
693 4429 833 4482 κατά
888 4430 1073 4500 χρείαν
1095 4433 1188 4484 καὶ
1222 4435 1314 4486 ἐπὶ
1349 4437 1540 4507 καιροῦ
1574 4456 1743 4512 προσ-

1875 870 2098 926 Verbum
2115 871 2302 937 tradit,
2328 879 2584 942 quatenus
2613 871 2682 924 ad
2724 885 2879 925 usum
2909 880 2959 925 et
2988 871 3057 925 ad
3092 883 3288 942 tempus
3316 891 3440 946 pro-

1861 963 1965 1026 dit,
2016 979 2080 1016 ac
2110 978 2296 1016 rursus
2349 961 2418 1017 ad
2446 977 2564 1018 eum
2609 976 2674 1017 α
2711 977 2814 1033 quo
2866 961 3061 1030 prodiit
3111 967 3387 1020 revertitur
3417 981 3438 1021 :

1863 1070 2027 1124 neque
2067 1062 2187 1108 ante
2241 1069 2506 1123 egressum
2529 1091 2548 1118 ,
2605 1068 2738 1116 esse,
2796 1068 2888 1106 nec
2939 1064 3054 1121 post
3118 1070 3434 1126 regressum,

1857 1145 2144 1202 subsistere
2182 1148 2277 1200 ait.
2307 1144 2475 1216 Cujus
2504 1146 2582 1200 rei
2623 1156 2989 1213 argumentum
3017 1155 3139 1200 sunt
3173 1148 3314 1217 apud
3338 1165 3435 1204 nos

1855 1237 2113 1293 reconditi
2169 1239 2362 1310 iniqua:
2414 1238 2564 1293 illius
2611 1235 2935 1310 sungrapha
2983 1238 3125 1296 libri.
3185 1239 3436 1296 Attamen
3545 1299 3548 1302 ,

1854 1330 1994 1382 nunc
2023 1329 2328 1382 nullatenus
2375 1328 2673 1397 improbare
2709 1331 2808 1384 visi
2831 1338 2953 1383 sunt
2984 1343 3003 1382 :
3033 1331 3160 1401 quin
3181 1340 3230 1384 et
3255 1332 3310 1386 in
3337 1329 3436 1388 hoc

1853 1420 2127 1490 culpandi,
2161 1420 2299 1490 quod
2335 1437 2453 1474 eum
2487 1437 2520 1474 a
2546 1421 2804 1490 principio
2838 1435 2930 1488 per
2955 1421 3313 1489 ignorantiam
3351 1437 3437 1476 ss-

1853 1514 2031 1566 ritatis
2083 1513 2154 1567 ad
2202 1513 2614 1569 ecclesiasticam
2661 1514 3078 1568 contmunienem
3121 1515 3432 1583 receperint.

1925 1607 2070 1661 idem
2119 1605 2356 1661 Basilius
2401 1607 2561 1678 epist.
2597 1607 2687 1673 74,
2719 1606 2784 1660 ad
2822 1604 3184 1670 Eustathium,
3223 1604 3435 1677 Apolli-

1850 1699 2066 1751 narium
2105 1707 2159 1752 et
2190 1695 2504 1762 Paulinum,
2548 1697 2664 1753 haec
2692 1697 2893 1754 habet:
2938 1697 2996 1752 '0
3026 1698 3205 1768 μέντοι
3229 1696 3434 1751 Παυλι-

1850 1806 1939 1852 νος
1984 1792 2032 1842 εί
2072 1790 2172 1860 μέν
2198 1807 2251 1843 τι
2290 1790 2385 1843 καὶ
2427 1789 2558 1862 περὶ
2594 1789 2696 1861 τὴν
2728 1790 3057 1861 χειροτονίαν
3105 1789 3433 1860 ἐπιλήψιμον

1780 1867 1824 1924 Β
1855 1878 1985 1951 ἔχει,
2019 1880 2172 1933 αὑτο)⁵
2210 1879 2276 1935 ἂν
2320 1880 2558 1933 εἴποιτε·
2590 1881 2740 1950 ἡμᾶς
2767 1879 2822 1933 δὲ
2855 1879 3013 1932 λυπεῖ
3041 1881 3152 1942 τοῖς
3184 1877 3434 1949 Μαρκέλ-

1851 1972 1942 2026 λου
1971 1970 2245 2034 πεποιθὼς
2275 1970 2523 2041 δόγμασι,
2569 1972 2662 2024 καὶ
2689 1972 2815 2034 τοὺς
2833 1967 3253 2031 ἀκολουθοῦντας
3282 1966 3432 2038 αὑτῷ

1851 2065 2176 2134 ἀδιακρίτως
2231 2064 2310 2127 εἰς
2356 2062 2455 2134 τὴν
2517 2063 2801 2116 κοινωνίαν
2853 2060 3015 2115 αὑτοῦ
3053 2059 3425 2130 προσιέμενος.

1850 2155 2062 2215 Οἴδατε,
2097 2154 2314 2224 ἀδελφοὶ
2344 2150 2680 2224 τιμιώτατοι,
2711 2153 2792 2206 δτι
2819 2153 2998 2221 πάσης
3032 2150 3188 2222 ἡμῶν
3213 2151 3312 2220 τῆς
3338 2148 3429 2202 ὲλ-

1849 2244 2002 2307 πίδος
2035 2243 2293 2313 ἀθέτησιν
2333 2242 2442 2314 ἔχει
2476 2243 2537 2295 τὸ
2562 2242 2884 2313 Μαρκέλλου
2906 2242 3080 2311 δόγμα
3099 2258 3113 2273 ο
3140 2240 3262 2293 οὔτε
3300 2241 3429 2294 Υἰὸν

1848 2337 1906 2390 ἐν
1929 2336 2034 2408 ίδίᾳ
2060 2336 2351 2390 ὑποστάσει
2385 2333 2696 2405 ὁμολογοῦν,
2721 2333 2857 2387 ἀλλά
2885 2333 3298 2406 προενεχθέντα,
3333 2332 3429 2386 καὶ

1849 2428 2009 2482 πάλιν
2044 2427 2459 2496 ὑποστρέψαντα
2492 2429 2572 2490 είς
2600 2425 2692 2478 τὸν
2727 2425 2850 2478 ὅθεν
2875 2423 3161 2496 προῆλθεν,
3184 2423 3306 2477 οὔτε
3333 2424 3427 2476 τὸν

1844 2516 2201 2586 Παράκλητον
2229 2515 2370 2575 ἰδίως
2395 2515 2756 2585 ὑφεστηκέναι
2781 2514 3122 2585 συγχωροῦνο
3150 2513 3290 2566 ὥστε
3322 2513 3425 2566 οὑκ

1842 2609 1909 2662 ἀν
1949 2625 2031 2671 τις
2065 2607 2301 2678 ἁμάρτοι
2330 2607 2756 2677 Χριστιανισμοῦ
2805 2607 2900 2676 μὲν
2941 2607 3218 2671 παντελῶς
3266 2606 3424 2662 ἀλλο-

1840 2699 1998 2769 τρίαν
2048 2698 2366 2767 ἀποφαίνων
2399 2697 2496 2768 τὴν
2546 2697 2776 2768 αἰρεσιν,
2822 2697 3146 2767 Ἰουδαῖσμδν
3184 2697 3238 2749 δὲ
3277 2714 3424 2766 παρ-

1842 2787 2181 2857 εφθαρμένον
2216 2787 2384 2856 αὑτὴν
2423 2785 2861 2857 προσαγορεύων.
2900 2782 3014 2837 Hoc
3067 2791 3150 2838 est
3181 2802 3193 2837 :
3234 2784 3424 2837 Pauli-

1842 2895 1940 2932 nus
1972 2894 2087 2931 vero
2115 2894 2185 2930 an
2211 2878 2349 2947 quod
2389 2877 2455 2928 ad
2479 2877 2861 2929 ordinationem
2889 2883 3086 2942 spectat
3130 2874 3425 2942 culpandus

1841 2970 1934 3031 sit,
1959 2986 2045 3021 eos
2071 2970 2170 3033 ipsi
2201 2968 2481 3029 dixeritis;
2514 2984 2606 3020 nos
2634 2983 2760 3020 sane
2782 2970 3085 3027 contristat,
3108 2967 3244 3034 quod
3274 2965 3425 3019 Mar—-

1843 3059 1961 3110 celli
2009 3057 2342 3127 dogmatibus
2382 3058 2538 3126 ﬁdem
2574 3057 2780 3119 habeat,
2829 3068 2874 3110 et
2935 3067 3216 3110 sectatores
3276 3056 3424 3112 illius

1844 3152 1955 3202 sine
2001 3149 2303 3202 discrimine
2351 3149 2418 3202 ad
2454 3150 2868 3203 communionem
2923 3151 3184 3202 admittat.
3237 3148 3420 3212 Scitis,

1847 3241 2200 3294 colendissimi
2248 3241 2464 3308 fratres,
2522 3240 2763 3293 Marcelli
2804 3242 2992 3312 dogma
3036 3257 3238 3294 omnem
3279 3256 3422 3308 spem

1845 3344 2078 3387 nostram
2114 3335 2323 3387 irritam
2357 3334 2547 3401 facere,
2592 3334 2729 3403 quod
2773 3351 2931 3404 neque
2967 3333 3162 3386 Filium
3202 3336 3252 3386 in
3297 3350 3420 3402 pro-

1843 3427 1960 3494 pria
2013 3426 2281 3495 hypostasi
2333 3426 2667 3493 conﬁteatur,
2724 3427 2818 3479 sed
2853 3427 3197 3495 productum,
3249 3436 3300 3479 et
3351 3424 3420 3479 ad

1843 3536 1960 3573 eum
1994 3520 2198 3584 ipsum,
2240 3534 2304 3570 ex
2349 3533 2446 3586 quo
2485 3529 2824 3585 processerat,
2866 3520 3051 3571 iterum
3094 3534 3419 3572 reuersurum

1845 3610 2006 3662 tradit
2035 3626 2051 3660 :
2088 3625 2245 3675 neque
2284 3607 2622 3661 Paracletum
2656 3609 2917 3675 propriam
2961 3608 3146 3676 habere
3179 3608 3420 3676 hyposta-

1842 3703 1920 3754 sin
1951 3701 2182 3753 concedit
2209 3716 2223 3761 ;
2273 3702 2346 3752 ita
2371 3711 2427 3751 ut
2471 3715 2795 3767 nequaquam
2827 3698 3027 3751 aberret
3061 3699 3107 3750 si
3139 3698 3252 3764 quis
3283 3698 3419 3749 hanc

1842 3793 2060 3845 hmresin
2090 3807 2304 3858 prorsus
2337 3809 2366 3842 a
2396 3790 2806 3844 Christianismo
2843 3791 3069 3842 alienant
3102 3805 3212 3844 esse
3240 3789 3420 3841 decla-

1842 3895 1938 3945 ret,
1961 3900 2172 3951 eamque
2196 3892 2496 3945 corruptunt
2521 3883 2795 3950 quemdam
2811 3879 3150 3933 Judaismum
3175 3880 3415 3947 appellet.

1842 3974 2078 4044 Epistola
2104 3988 2228 4026 vero
2257 3972 2343 4034 '78,
2366 3972 2478 4024 hmc
2504 3972 2664 4025 habet
2686 3971 2751 4025 de
2782 3969 2994 4023 Nicaeus
3026 3967 3126 4022 lide
3156 3970 3413 4037 loquens:

1841 4067 1961 4119 Εἰσὶ
1998 4065 2108 4134 γάρ
2145 4080 2308 4126 τινες,
2340 4064 2385 4115 οἱ
2433 4063 2525 4115 καὶ
2553 4064 2610 4115 ὲν
2633 4063 2804 4132 ταύτῃ
2837 4064 2901 4131 τῇ
2929 4062 3107 4113 πίστει
3142 4063 3418 4127 δολοῦντες

1840 4160 1929 4212 τὸν
1955 4160 2109 4224 λόγον
2138 4158 2236 4227 τῆς
2261 4156 2534 4226 ἀληθείας,
2561 4158 2652 4212 καὶ
2682 4156 2817 4225 πρὸς
2849 4155 2907 4207 τὸ
2937 4155 3142 4206 ἑαυτῶν
3173 4153 3417 4223 βούλημα

1841 4251 1930 4303 τὸν
1963 4250 2087 4302 νοῦν
2132 4249 2238 4300 τῶν
2286 4252 2342 4301 ὲν
2383 4249 2520 4317 αὑτῇ
2565 4249 2822 4318 ῥημάτων
2859 4247 3135 4308 1ἕλκοντες·
3170 4247 3303 4299 ὅπου
3352 4263 3415 4315 γε

1841 4343 1934 4395 καὶ
1958 4339 2272 4409 Μάρκελλος
2306 4339 2618 4408 ἐτόλμησεν,
2660 4337 2869 4390 ἀσεϐῶν
2896 4339 2974 4399 είς
3003 4337 3102 4405 τὴν
3125 4336 3418 4390 ὑπόστασιν

1840 4430 1932 4480 τοῦ
1965 4428 2170 4498 Κυρίου
2204 4426 2363 4495 ἡμῶν
2404 4426 2574 4495 Ἰησοῦ
2603 4425 2837 4494 Χριστοῦ
2859 4466 2872 4488 ,
2915 4426 3010 4477 καί
3051 4425 3203 4493 ψιλὸν
3255 4421 3415 4477 αὑτόν

156 4515 402 4579 ελθόντα,
434 4517 595 4571 πάλιν
642 4520 704 4572 δὲ
735 4521 815 4583 είς
857 4521 948 4575 τὸν
988 4522 1110 4576 ὅθεν
1149 4523 1367 4594 ἐξῆλθεν
1406 4530 1740 4601 ὲπαναατρέ-
1774 4540 1814 4593 n
1843 4521 2200 4591 ἐξηγούμενος
2228 4519 2402 4584 λόγον.
2428 4517 2633 4568 ἐκεῖθεν
2661 4516 3095 4585 προφασίσασθαι
3120 4517 3216 4577 τὰς
3242 4516 3415 4586 ἀρχὰς

154 4604 366 4676 ψαντα,
414 4604 537 4660 orm
579 4608 685 4678 πρὸ
719 4609 817 4679 τῆς
863 4609 1041 4674 ἐξόδου
1082 4605 1220 4664 εἶναι
1244 4654 1257 4676 ,
1297 4611 1420 4666 οὔτε
1461 4617 1598 4684 μετά
1637 4619 1736 4687 τὴν

157 4697 415 4751 ἐπάνοδον
461 4699 774 4768 ὑφεστάναι.
826 4701 936 4753 Καὶ
976 4700 1162 4754 τούτου
1210 4703 1480 4769 ἀπόδειξις
1520 4707 1574 4758 al
1607 4723 1736 4777 παρ’

153 4789 286 4862 ἡμῖν
316 4789 675 4861 ἀποκείμεναι
727 4791 898 4861 βίϐλοι
954 4794 1053 4863 τῆς
1092 4794 1279 4847 ἀδίκου
1334 4796 1547 4866 ἐκείνης
1602 4815 1735 4867 συγ-

153 4882 370 4954 γραφῆς
392 4883 742 4954 ὑπάρχουσιν.
763 4883 904 4937 Ἀλλ’
935 4885 1086 4956 ὅμως
1117 4885 1306 4940 τοῦτον
1337 4889 1590 4957 οὐδαμῶς
1622 4889 1736 4944 δια-

151 4971 442 5038 ϐάλλοντες
463 4975 759 5046 ὶφάνησαν,
784 4977 880 5030 καὶ
906 4976 1078 5031 ταῦτα
1111 4979 1286 5033 αίτίαν
1311 4980 1539 5048 ἔχοντες,
1575 4981 1648 5044 ὠς
1675 4983 1736 5034 τὸ

148 5062 210 5132 ἐξ
252 5065 430 5136 ἀρχῆς
467 5069 588 5119 κατ’
631 5067 851 5136 ἀγνοιαν
890 5069 992 5138 τῆς
1029 5068 1284 5139 ἀληθείας
1323 5075 1400 5134 εἰς
1455 5072 1735 5125 κοινωνίαν

148 5156 319 5211 αὑτὸν
349 5156 806 5231 ικκλησιαστικην
828 5161 1280 5233 παραδεξάμενοι.
1327 5164 1379 5217 Μ
1409 5174 1492 5220 est
1529 5185 1540 5218 :
1575 5164 1734 5231 Qua.»

150 5251 293 5305 ritur
324 5259 499 5304 autem
547 5250 631 5304 ltic
670 5270 703 5308 a
752 5254 1020 5308 nonnullis
1078 5265 1136 5308 ut
1187 5257 1559 5316 necessarium,
1595 5257 1733 5326 quod

149 5338 336 5395 itidem
361 5338 511 5393 nobis
563 5341 801 5405 videtur;
847 5353 906 5396 ut
939 5341 1181 5397 Marcelli
1221 5344 1444 5399 ltatresin
1480 5346 1581 5407 illi.
1615 5355 1734 5400 lan~

150 5446 313 5502 quam
365 5429 564 5484 malam
599 5442 649 5486 et
707 5435 944 5498 noxiam,
993 5443 1040 5488 et
1087 5452 1121 5489 a
1163 5452 1296 5488 sana
1357 5435 1459 5504 ﬁde
1505 5437 1732 5489 alienam

151 5523 516 5577 exterminant.
544 5522 806 5588 Quoniam
839 5526 906 5578 ad
938 5529 1032 5580 hoc
1063 5545 1222 5597 usque
1254 5539 1451 5596 tempus
1485 5531 1537 5582 in
1562 5533 1730 5584 omni-

153 5614 250 5667 bus
279 5629 412 5683 quas
452 5613 684 5668 scribunt
727 5616 917 5670 litteris
955 5620 1333 5671 exsecrandum
1366 5620 1571 5682 Arium,
1609 5637 1729 5674 sur-

152 5719 272 5758 sunt
309 5720 371 5757 ac
399 5704 641 5758 deorsum
678 5717 940 5760 versantes
977 5709 1444 5774 anathematizare,
1488 5721 1641 5778 atque
1665 5727 1730 5764 ex

154 5793 404 5851 Ecclesiis
433 5796 707 5852 eliminare
739 5813 840 5851 non
872 5807 1110 5861 cessant;
1136 5797 1447 5852 Marcellum
1475 5814 1614 5865 ccro,
1638 5801 1728 5866 qui

1841 4612 2138 4681 εἰληφέναι,
2184 4609 2276 4661 τοῦ
2321 4609 2602 4678 όμοουσίου
2655 4610 2754 4672 τὴν
2801 4607 3037 4661 διάνοιαν
3097 4607 3276 4670 κακῶς
3330 4607 3417 4671 ἐξ·

1839 4705 2159 4775 ηγοὺμενος.
2194 4701 2305 4755 Hoc
2334 4710 2416 4756 est
2450 4719 2462 4753 :
2506 4700 2639 4755 Sunt
2667 4702 2805 4753 enim
2849 4700 3063 4767 quidam
3107 4702 3195 4769 qui
3231 4702 3286 4753 in
3318 4701 3416 4754 hac

1839 4796 1943 4863 ﬁde
1979 4793 2256 4865 [Μαινηοῖ
2281 4809 2569 4847 sermonem
2598 4794 2834 4845 veritatis
2865 4793 2986 4844 dolo
3019 4791 3333 4853 adulterent,
3364 4803 3414 4846 et

1839 4888 1906 4939 ad
1956 4887 2161 4939 libitum
2223 4901 2376 4938 suum
2444 4885 2715 4937 t-erborum
2778 4894 2998 4937 mentem
3053 4885 3409 4954 detorqueant.

1839 4976 2278 5046 Quandoquidem
2329 4985 2378 5029 et
2428 4973 2735 5038 Marcellus,
2777 4975 2841 5029 de
2886 4976 3156 5044 [typostasi
3204 4975 3412 5029 Domini

1837 5070 2005 5122 nostri
2031 5069 2160 5123 Jesu
2211 5066 2408 5122 Christi
2448 5069 2603 5136 impie
2633 5069 2878 5130 sentiens,
2915 5084 2976 5121 ac
3019 5067 3214 5119 nudum
3258 5067 3410 5119 illum

1837 5178 2136 5231 merumque
2171 5161 2378 5215 rerbum
2404 5177 2515 5214 esse
2542 5175 2822 5229 exponens,
2870 5159 3017 5211 illinc
3050 5175 3209 5214 ausus
3246 5167 3322 5211 est
3355 5175 3413 5213 se

1837 5272 2026 5310 causas
2071 5256 2353 5322 impietatis
2394 5255 2679 5323 sumpsisse
2720 5262 3023 5320 prauae",
3049 5247 3411 5307 Consubstan-

1839 5346 1982 5401 tialis
2011 5363 2164 5402 sensu
2189 5361 2461 5414 perperam
2490 5346 2742 5416 exposito.
2779 5342 2905 5399 Hoc
2937 5342 3169 5398 Basilius
3200 5341 3267 5396 de
3296 5341 3410 5400 hn-

1838 5438 1945 5495 resi
1989 5435 2245 5490 Marcello
2286 5437 2542 5498 ascripta.

2329 5533 2414 5583 ill.
2442 5536 2568 5594 Quid
2591 5535 2905 5596 Epiphanius.

1907 5614 2239 5685 Epiphanius
2263 5617 2465 5669 veroin
2511 5615 2766 5679 Panario,
2806 5617 2996 5671 haeresi
3026 5631 3193 5680 usu,
3230 5632 3404 5686 pauca

1835 5707 1901 5762 de
1937 5707 2172 5762 Marcelli
2219 5708 2406 5763 heresi
2455 5708 2638 5769 sileri,
2672 5707 3056 5777 aitque-solum
3087 5709 3264 5778 ipsum
3298 5707 3401 5762 Sa-

1834 5798 2162 5855 belliauismi
2216 5806 2529 5856 accusatum
2582 5798 2769 5864 luisse,
2823 5797 3052 5868 ejusque
3100 5797 3398 5870 discipuli»
