  <div class='ocr_page' id='page_1' title='image "/cluster/home/n/w/nwhite01/storage/ocr_20150623/18/pst.000005712038/659.png"; bbox 0 0 4044 6324; ppageno 0'>
   <div class='ocr_carea' id='block_1_1' title="bbox 637 413 776 472">
    <p class='ocr_par' dir='ltr' id='par_1_1' title="bbox 637 413 776 472">
     <span class='ocr_line' id='line_1_1' title="bbox 637 413 776 472; baseline 0 0"><span class='ocrx_word' id='word_1_1' title='bbox 637 413 776 472; x_wconf 65' lang='grc' dir='ltr'><strong>ηδε</strong></span> 
     </span>
    </p>
   </div>
   <div class='ocr_carea' id='block_1_2' title="bbox 1869 407 2634 467">
    <p class='ocr_par' dir='ltr' id='par_1_2' title="bbox 1869 407 2634 467">
     <span class='ocr_line' id='line_1_2' title="bbox 1869 407 2634 467; baseline 0.001 -1"><span class='ocrx_word' id='word_1_2' title='bbox 1869 410 1956 466; x_wconf 79' lang='lat' dir='ltr'><strong>DE</strong></span> <span class='ocrx_word' id='word_1_3' title='bbox 1996 410 2154 465; x_wconf 80' lang='lat' dir='ltr'><strong>VITA</strong></span> <span class='ocrx_word' id='word_1_4' title='bbox 2196 409 2282 464; x_wconf 82' lang='lat' dir='ltr'><strong>ET</strong></span> <span class='ocrx_word' id='word_1_5' title='bbox 2325 407 2634 467; x_wconf 73' lang='lat' dir='ltr'><strong>SCRIPTIS</strong></span> 
     </span>
    </p>
   </div>
   <div class='ocr_carea' id='block_1_3' title="bbox 3753 407 3880 467">
    <p class='ocr_par' dir='ltr' id='par_1_3' title="bbox 3753 407 3880 467">
     <span class='ocr_line' id='line_1_3' title="bbox 3753 407 3880 467; baseline 0 0"><span class='ocrx_word' id='word_1_6' title='bbox 3753 407 3880 467; x_wconf 67' lang='lat' dir='ltr'><strong>seu</strong></span> 
     </span>
    </p>
   </div>
   <div class='ocr_carea' id='block_1_4' title="bbox 629 525 3878 603">
    <p class='ocr_par' dir='ltr' id='par_1_4' title="bbox 629 525 3878 603">
     <span class='ocr_line' id='line_1_4' title="bbox 629 525 3878 603; baseline -0.002 -14"><span class='ocrx_word' id='word_1_7' title='bbox 629 541 746 589; x_wconf 86' lang='lat' dir='ltr'><strong>tren</strong></span> <span class='ocrx_word' id='word_1_8' title='bbox 773 531 1096 603; x_wconf 78' lang='lat' dir='ltr'><strong>hypostascs</strong></span> <span class='ocrx_word' id='word_1_9' title='bbox 1132 528 1375 584; x_wconf 81' lang='lat' dir='ltr'><strong>contlteri</strong></span> <span class='ocrx_word' id='word_1_10' title='bbox 1413 526 1658 584; x_wconf 82' lang='lat' dir='ltr'><strong>noluisse</strong></span> <span class='ocrx_word' id='word_1_11' title='bbox 1694 548 1704 584; x_wconf 94' lang='lat'>:</span> <span class='ocrx_word' id='word_1_12' title='bbox 1741 545 1925 584; x_wconf 85' lang='lat' dir='ltr'><strong>verum</strong></span> <span class='ocrx_word' id='word_1_13' title='bbox 1959 529 2051 582; x_wconf 88' lang='lat' dir='ltr'><strong>illo</strong></span> <span class='ocrx_word' id='word_1_14' title='bbox 2080 537 2219 582; x_wconf 86' lang='lat' dir='ltr'><strong>tem—</strong></span> <span class='ocrx_word' id='word_1_15' title='bbox 2247 535 2292 589; x_wconf 82' lang='grc' dir='ltr'><strong>Α</strong></span> <span class='ocrx_word' id='word_1_16' title='bbox 2324 529 2514 592; x_wconf 81' lang='lat' dir='ltr'><strong>fuisse,</strong></span> <span class='ocrx_word' id='word_1_17' title='bbox 2541 527 2726 585; x_wconf 83' lang='lat' dir='ltr'><strong>Jesum</strong></span> <span class='ocrx_word' id='word_1_18' title='bbox 2759 525 3041 584; x_wconf 82' lang='lat' dir='ltr'><strong>Christum</strong></span> <span class='ocrx_word' id='word_1_19' title='bbox 3076 533 3351 592; x_wconf 85' lang='lat' dir='ltr'><strong>vocatum,</strong></span> <span class='ocrx_word' id='word_1_20' title='bbox 3378 538 3675 600; x_wconf 76' lang='lat' dir='ltr'><strong>regemque</strong></span> <span class='ocrx_word' id='word_1_21' title='bbox 3708 530 3878 600; x_wconf 78' lang='lat' dir='ltr'><strong>appel-</strong></span> 
     </span>
    </p>
   </div>
   <div class='ocr_carea' id='block_1_5' title="bbox 632 620 2219 696">
    <p class='ocr_par' dir='ltr' id='par_1_5' title="bbox 632 620 2219 696">
     <span class='ocr_line' id='line_1_5' title="bbox 632 620 2219 696; baseline -0.004 -16"><span class='ocrx_word' id='word_1_22' title='bbox 632 639 767 696; x_wconf 81' lang='lat' dir='ltr'><strong>pore</strong></span> <span class='ocrx_word' id='word_1_23' title='bbox 795 623 1022 678; x_wconf 88' lang='lat' dir='ltr'><strong>liberum</strong></span> <span class='ocrx_word' id='word_1_24' title='bbox 1044 629 1160 677; x_wconf 91' lang='lat' dir='ltr'><strong>erat</strong></span> <span class='ocrx_word' id='word_1_25' title='bbox 1191 621 1272 676; x_wconf 88' lang='lat' dir='ltr'><strong>eis</strong></span> <span class='ocrx_word' id='word_1_26' title='bbox 1301 620 1384 675; x_wconf 83' lang='lat' dir='ltr'><strong>vel</strong></span> <span class='ocrx_word' id='word_1_27' title='bbox 1413 629 1527 675; x_wconf 84' lang='lat' dir='ltr'><strong>tres</strong></span> <span class='ocrx_word' id='word_1_28' title='bbox 1553 623 1634 675; x_wconf 94' lang='lat' dir='ltr'><strong>vel</strong></span> <span class='ocrx_word' id='word_1_29' title='bbox 1673 637 1836 674; x_wconf 88' lang='lat' dir='ltr'><strong>unam</strong></span> <span class='ocrx_word' id='word_1_30' title='bbox 1877 629 2085 674; x_wconf 86' lang='lat' dir='ltr'><strong>tantum</strong></span> <span class='ocrx_word' id='word_1_31' title='bbox 2123 623 2219 692; x_wconf 82' lang='lat' dir='ltr'><strong>hy-</strong></span> 
     </span>
    </p>
   </div>
   <div class='ocr_carea' id='block_1_6' title="bbox 633 714 2216 785">
    <p class='ocr_par' dir='ltr' id='par_1_6' title="bbox 633 714 2216 785">
     <span class='ocr_line' id='line_1_6' title="bbox 633 714 2216 785; baseline -0.001 -15"><span class='ocrx_word' id='word_1_32' title='bbox 633 718 882 785; x_wconf 84' lang='lat' dir='ltr'><strong>postasin</strong></span> <span class='ocrx_word' id='word_1_33' title='bbox 931 714 1206 777; x_wconf 77' lang='lat' dir='ltr'><strong>conﬁteri,</strong></span> <span class='ocrx_word' id='word_1_34' title='bbox 1253 714 1379 766; x_wconf 91' lang='lat' dir='ltr'><strong>dum</strong></span> <span class='ocrx_word' id='word_1_35' title='bbox 1412 722 1618 766; x_wconf 87' lang='lat' dir='ltr'><strong>rectam</strong></span> <span class='ocrx_word' id='word_1_36' title='bbox 1650 721 1933 768; x_wconf 84' lang='lat' dir='ltr'><strong>servarent</strong></span> <span class='ocrx_word' id='word_1_37' title='bbox 1962 721 2216 768; x_wconf 90' lang='lat' dir='ltr'><strong>mentem.</strong></span> 
     </span>
    </p>
   </div>
   <div class='ocr_carea' id='block_1_7' title="bbox 2324 612 3881 692">
    <p class='ocr_par' dir='ltr' id='par_1_7' title="bbox 2324 612 3881 692">
     <span class='ocr_line' id='line_1_7' title="bbox 2324 612 3881 692; baseline 0.001 -19"><span class='ocrx_word' id='word_1_38' title='bbox 2324 621 2514 685; x_wconf 89' lang='lat' dir='ltr'><strong>latum,</strong></span> <span class='ocrx_word' id='word_1_39' title='bbox 2544 612 2673 675; x_wconf 79' lang='lat' dir='ltr'><strong>it&#39;em</strong></span> <span class='ocrx_word' id='word_1_40' title='bbox 2704 619 2993 691; x_wconf 75' lang='lat' dir='ltr'><strong>imaginem</strong></span> <span class='ocrx_word' id='word_1_41' title='bbox 3026 617 3121 675; x_wconf 85' lang='lat' dir='ltr'><strong>Dei</strong></span> <span class='ocrx_word' id='word_1_42' title='bbox 3169 621 3494 686; x_wconf 84' lang='lat' dir='ltr'><strong>invisibilis,</strong></span> <span class='ocrx_word' id='word_1_43' title='bbox 3525 629 3584 676; x_wconf 81' lang='lat' dir='ltr'><strong>et</strong></span> <span class='ocrx_word' id='word_1_44' title='bbox 3615 623 3881 692; x_wconf 81' lang='lat' dir='ltr'><strong>primoge-</strong></span> 
     </span>
    </p>
   </div>
   <div class='ocr_carea' id='block_1_8' title="bbox 2321 713 3881 793">
    <p class='ocr_par' dir='ltr' id='par_1_8' title="bbox 2321 713 3881 793">
     <span class='ocr_line' id='line_1_8' title="bbox 2321 713 3881 793; baseline 0.003 -27"><span class='ocrx_word' id='word_1_45' title='bbox 2321 715 2495 767; x_wconf 85' lang='lat' dir='ltr'><strong>nitum</strong></span> <span class='ocrx_word' id='word_1_46' title='bbox 2521 715 2702 768; x_wconf 84' lang='lat' dir='ltr'><strong>omnis</strong></span> <span class='ocrx_word' id='word_1_47' title='bbox 2728 721 3014 793; x_wconf 62' lang='lat' dir='ltr'><strong>creaturae,</strong></span> <span class='ocrx_word' id='word_1_48' title='bbox 3057 713 3192 768; x_wconf 82' lang='lat' dir='ltr'><strong>nihil</strong></span> <span class='ocrx_word' id='word_1_49' title='bbox 3245 722 3425 770; x_wconf 81' lang='lat' dir='ltr'><strong>autem</strong></span> <span class='ocrx_word' id='word_1_50' title='bbox 3483 713 3684 768; x_wconf 74' lang='lat' dir='ltr'><strong>borum</strong></span> <span class='ocrx_word' id='word_1_51' title='bbox 3741 715 3881 784; x_wconf 71' lang='lat' dir='ltr'><strong>prius</strong></span> 
     </span>
    </p>
   </div>
   <div class='ocr_carea' id='block_1_9' title="bbox 635 803 3881 877">
    <p class='ocr_par' dir='ltr' id='par_1_9' title="bbox 635 803 3881 877">
     <span class='ocr_line' id='line_1_9' title="bbox 635 803 3881 877; baseline 0.001 -18"><span class='ocrx_word' id='word_1_52' title='bbox 635 803 768 860; x_wconf 79' lang='lat' dir='ltr'><strong>Nam</strong></span> <span class='ocrx_word' id='word_1_53' title='bbox 803 806 896 876; x_wconf 93' lang='lat' dir='ltr'><strong>qui</strong></span> <span class='ocrx_word' id='word_1_54' title='bbox 943 806 1210 860; x_wconf 84' lang='lat' dir='ltr'><strong>Catholici</strong></span> <span class='ocrx_word' id='word_1_55' title='bbox 1260 822 1425 860; x_wconf 89' lang='lat' dir='ltr'><strong>unam</strong></span> <span class='ocrx_word' id='word_1_56' title='bbox 1471 807 1789 877; x_wconf 77' lang='lat' dir='ltr'><strong>hypostasin</strong></span> <span class='ocrx_word' id='word_1_57' title='bbox 1824 814 2034 859; x_wconf 87' lang='lat' dir='ltr'><strong>tantum</strong></span> <span class='ocrx_word' id='word_1_58' title='bbox 2075 821 2221 862; x_wconf 81' lang='lat' dir='ltr'><strong>asse-</strong></span> <span class='ocrx_word' id='word_1_59' title='bbox 2303 803 2623 869; x_wconf 80' lang='lat' dir='ltr'><strong>‘exstitisse.</strong></span> <span class='ocrx_word' id='word_1_60' title='bbox 2654 821 2717 861; x_wconf 93' lang='lat' dir='ltr'><strong>ac</strong></span> <span class='ocrx_word' id='word_1_61' title='bbox 2756 816 2879 875; x_wconf 87' lang='lat' dir='ltr'><strong>post</strong></span> <span class='ocrx_word' id='word_1_62' title='bbox 2900 805 3170 873; x_wconf 73' lang='lat' dir='ltr'><strong>judicium</strong></span> <span class='ocrx_word' id='word_1_63' title='bbox 3197 806 3311 863; x_wconf 69' lang='lat' dir='ltr'><strong>hac</strong></span> <span class='ocrx_word' id='word_1_64' title='bbox 3340 807 3522 862; x_wconf 83' lang='lat' dir='ltr'><strong>omnia</strong></span> <span class='ocrx_word' id='word_1_65' title='bbox 3554 809 3881 862; x_wconf 79' lang='lat' dir='ltr'><strong>amissurum</strong></span> 
     </span>
    </p>
   </div>
   <div class='ocr_carea' id='block_1_10' title="bbox 636 897 2218 969">
    <p class='ocr_par' dir='ltr' id='par_1_10' title="bbox 636 897 2218 969">
     <span class='ocr_line' id='line_1_10' title="bbox 636 897 2218 969; baseline -0.001 -16"><span class='ocrx_word' id='word_1_66' title='bbox 636 898 864 956; x_wconf 85' lang='lat' dir='ltr'><strong>rebaut.</strong></span> <span class='ocrx_word' id='word_1_67' title='bbox 909 899 1268 969; x_wconf 79' lang='lat' dir='ltr'><strong>liypostaseos</strong></span> <span class='ocrx_word' id='word_1_68' title='bbox 1333 899 1550 953; x_wconf 84' lang='lat' dir='ltr'><strong>nomine</strong></span> <span class='ocrx_word' id='word_1_69' title='bbox 1605 898 1963 952; x_wconf 87' lang='lat' dir='ltr'><strong>substantiam</strong></span> <span class='ocrx_word' id='word_1_70' title='bbox 2008 897 2218 952; x_wconf 82' lang='lat' dir='ltr'><strong>indica-</strong></span> 
     </span>
    </p>
   </div>
   <div class='ocr_carea' id='block_1_11' title="bbox 635 984 2216 1059">
    <p class='ocr_par' dir='ltr' id='par_1_11' title="bbox 635 984 2216 1059">
     <span class='ocr_line' id='line_1_11' title="bbox 635 984 2216 1059; baseline -0.001 -14"><span class='ocrx_word' id='word_1_71' title='bbox 635 991 785 1052; x_wconf 91' lang='lat' dir='ltr'><strong>bant,</strong></span> <span class='ocrx_word' id='word_1_72' title='bbox 816 1006 978 1059; x_wconf 89' lang='lat' dir='ltr'><strong>quam</strong></span> <span class='ocrx_word' id='word_1_73' title='bbox 1006 1006 1167 1044; x_wconf 90' lang='lat' dir='ltr'><strong>unam</strong></span> <span class='ocrx_word' id='word_1_74' title='bbox 1208 989 1260 1042; x_wconf 92' lang='lat' dir='ltr'><strong>in</strong></span> <span class='ocrx_word' id='word_1_75' title='bbox 1294 984 1403 1043; x_wconf 90' lang='lat' dir='ltr'><strong>Deo</strong></span> <span class='ocrx_word' id='word_1_76' title='bbox 1434 1005 1556 1042; x_wconf 87' lang='lat' dir='ltr'><strong>esse</strong></span> <span class='ocrx_word' id='word_1_77' title='bbox 1589 995 1796 1043; x_wconf 87' lang='lat' dir='ltr'><strong>certum</strong></span> <span class='ocrx_word' id='word_1_78' title='bbox 1819 1001 1901 1044; x_wconf 91' lang='lat' dir='ltr'><strong>est</strong></span> <span class='ocrx_word' id='word_1_79' title='bbox 1938 1010 1949 1042; x_wconf 94' lang='lat'>:</span> <span class='ocrx_word' id='word_1_80' title='bbox 1978 989 2068 1058; x_wconf 89' lang='lat' dir='ltr'><strong>qui</strong></span> <span class='ocrx_word' id='word_1_81' title='bbox 2105 997 2216 1044; x_wconf 87' lang='lat' dir='ltr'><strong>tres</strong></span> 
     </span>
    </p>
   </div>
   <div class='ocr_carea' id='block_1_12' title="bbox 635 1081 2214 1154">
    <p class='ocr_par' dir='ltr' id='par_1_12' title="bbox 635 1081 2214 1154">
     <span class='ocr_line' id='line_1_12' title="bbox 635 1081 2214 1154; baseline -0.001 -16"><span class='ocrx_word' id='word_1_82' title='bbox 635 1083 958 1154; x_wconf 85' lang='lat' dir='ltr'><strong>byposlases</strong></span> <span class='ocrx_word' id='word_1_83' title='bbox 988 1082 1382 1152; x_wconf 75' lang='lat' dir='ltr'><strong>proﬁtebantur</strong></span> <span class='ocrx_word' id='word_1_84' title='bbox 1408 1123 1419 1141; x_wconf 83' lang='grc'><em>,</em></span> <span class='ocrx_word' id='word_1_85' title='bbox 1447 1081 1532 1135; x_wconf 86' lang='lat' dir='ltr'><strong>his</strong></span> <span class='ocrx_word' id='word_1_86' title='bbox 1559 1098 1664 1134; x_wconf 91' lang='lat' dir='ltr'><strong>non</strong></span> <span class='ocrx_word' id='word_1_87' title='bbox 1695 1083 2058 1137; x_wconf 88' lang='lat' dir='ltr'><strong>substantiam</strong></span> <span class='ocrx_word' id='word_1_88' title='bbox 2078 1128 2090 1147; x_wconf 89' lang='lat'><strong>,</strong></span> <span class='ocrx_word' id='word_1_89' title='bbox 2119 1084 2214 1138; x_wconf 88' lang='lat' dir='ltr'><strong>sed</strong></span> 
     </span>
    </p>
   </div>
   <div class='ocr_carea' id='block_1_13' title="bbox 633 1173 2216 1246">
    <p class='ocr_par' dir='ltr' id='par_1_13' title="bbox 633 1173 2216 1246">
     <span class='ocr_line' id='line_1_13' title="bbox 633 1173 2216 1246; baseline 0.002 -19"><span class='ocrx_word' id='word_1_90' title='bbox 633 1175 902 1242; x_wconf 73' lang='lat' dir='ltr'><strong>cujusque</strong></span> <span class='ocrx_word' id='word_1_91' title='bbox 929 1190 1010 1242; x_wconf 78' lang='lat' dir='ltr'><strong>pet</strong></span> <span class='ocrx_word' id='word_1_92' title='bbox 1029 1189 1178 1227; x_wconf 82' lang='lat' dir='ltr'><strong>some</strong></span> <span class='ocrx_word' id='word_1_93' title='bbox 1197 1173 1606 1227; x_wconf 85' lang='lat' dir='ltr'><strong>subsistentiam</strong></span> <span class='ocrx_word' id='word_1_94' title='bbox 1632 1175 2034 1243; x_wconf 87' lang='lat' dir='ltr'><strong>intelligebant:</strong></span> <span class='ocrx_word' id='word_1_95' title='bbox 2055 1186 2216 1246; x_wconf 87' lang='lat' dir='ltr'><strong>atque</strong></span> 
     </span>
    </p>
   </div>
   <div class='ocr_carea' id='block_1_14' title="bbox 635 1262 2214 1331">
    <p class='ocr_par' dir='ltr' id='par_1_14' title="bbox 635 1262 2214 1331">
     <span class='ocr_line' id='line_1_14' title="bbox 635 1262 2214 1331; baseline 0.004 -17"><span class='ocrx_word' id='word_1_96' title='bbox 635 1263 710 1314; x_wconf 85' lang='lat' dir='ltr'><strong>ita</strong></span> <span class='ocrx_word' id='word_1_97' title='bbox 747 1264 822 1316; x_wconf 87' lang='lat' dir='ltr'><strong>illi</strong></span> <span class='ocrx_word' id='word_1_98' title='bbox 859 1262 1023 1316; x_wconf 86' lang='lat' dir='ltr'><strong>verbo</strong></span> <span class='ocrx_word' id='word_1_99' title='bbox 1068 1269 1445 1317; x_wconf 86' lang='lat' dir='ltr'><strong>tantumtenus</strong></span> <span class='ocrx_word' id='word_1_100' title='bbox 1475 1264 1890 1319; x_wconf 77' lang='lat' dir='ltr'><strong>dissentiebant.</strong></span> <span class='ocrx_word' id='word_1_101' title='bbox 1926 1265 2056 1331; x_wconf 65' lang='lat' dir='ltr'><strong>Quae</strong></span> <span class='ocrx_word' id='word_1_102' title='bbox 2088 1283 2214 1321; x_wconf 86' lang='lat' dir='ltr'><strong>vero</strong></span> 
     </span>
    </p>
   </div>
   <div class='ocr_carea' id='block_1_15' title="bbox 631 1349 2211 1422">
    <p class='ocr_par' dir='ltr' id='par_1_15' title="bbox 631 1349 2211 1422">
     <span class='ocr_line' id='line_1_15' title="bbox 631 1349 2211 1422; baseline 0.004 -17"><span class='ocrx_word' id='word_1_103' title='bbox 631 1349 955 1422; x_wconf 70' lang='lat' dir='ltr'><strong>Fragmenta</strong></span> <span class='ocrx_word' id='word_1_104' title='bbox 1017 1355 1198 1408; x_wconf 80' lang='lat' dir='ltr'><strong>Acacii</strong></span> <span class='ocrx_word' id='word_1_105' title='bbox 1249 1357 1603 1410; x_wconf 58' lang='lat' dir='ltr'><strong>Caesariensis</strong></span> <span class='ocrx_word' id='word_1_106' title='bbox 1658 1363 1847 1410; x_wconf 80' lang='lat' dir='ltr'><strong>contra</strong></span> <span class='ocrx_word' id='word_1_107' title='bbox 1901 1358 2211 1411; x_wconf 73' lang='lat' dir='ltr'><strong>Marcellum</strong></span> 
     </span>
    </p>
   </div>
   <div class='ocr_carea' id='block_1_16' title="bbox 631 1443 2212 1518">
    <p class='ocr_par' dir='ltr' id='par_1_16' title="bbox 631 1443 2212 1518">
     <span class='ocr_line' id='line_1_16' title="bbox 631 1443 2212 1518; baseline 0.005 -22"><span class='ocrx_word' id='word_1_108' title='bbox 631 1443 786 1498; x_wconf 80' lang='lat' dir='ltr'><strong>all‘ert</strong></span> <span class='ocrx_word' id='word_1_109' title='bbox 817 1443 1176 1514; x_wconf 84' lang='lat' dir='ltr'><strong>Epiphanius,</strong></span> <span class='ocrx_word' id='word_1_110' title='bbox 1221 1463 1283 1500; x_wconf 88' lang='lat' dir='ltr'><strong>ea</strong></span> <span class='ocrx_word' id='word_1_111' title='bbox 1313 1450 1496 1500; x_wconf 88' lang='lat' dir='ltr'><strong>omnia</strong></span> <span class='ocrx_word' id='word_1_112' title='bbox 1540 1464 1637 1501; x_wconf 89' lang='lat' dir='ltr'><strong>ceu</strong></span> <span class='ocrx_word' id='word_1_113' title='bbox 1668 1453 2051 1518; x_wconf 87' lang='lat' dir='ltr'><strong>compendium</strong></span> <span class='ocrx_word' id='word_1_114' title='bbox 2085 1457 2212 1505; x_wconf 90' lang='lat' dir='ltr'><strong>sunt</strong></span> 
     </span>
    </p>
   </div>
   <div class='ocr_carea' id='block_1_17' title="bbox 631 1533 2212 1597">
    <p class='ocr_par' dir='ltr' id='par_1_17' title="bbox 631 1533 2212 1597">
     <span class='ocr_line' id='line_1_17' title="bbox 631 1533 2212 1597; baseline 0.006 -10"><span class='ocrx_word' id='word_1_115' title='bbox 631 1533 856 1591; x_wconf 73' lang='lat' dir='ltr'><strong>fusioris</strong></span> <span class='ocrx_word' id='word_1_116' title='bbox 881 1539 1100 1593; x_wconf 82' lang='lat' dir='ltr'><strong>Eusebii</strong></span> <span class='ocrx_word' id='word_1_117' title='bbox 1129 1537 1484 1593; x_wconf 61' lang='lat' dir='ltr'><strong>Cesariensis</strong></span> <span class='ocrx_word' id='word_1_118' title='bbox 1532 1547 1724 1594; x_wconf 88' lang='lat' dir='ltr'><strong>contra</strong></span> <span class='ocrx_word' id='word_1_119' title='bbox 1767 1538 2076 1597; x_wconf 73' lang='lat' dir='ltr'><strong>Marcellum</strong></span> <span class='ocrx_word' id='word_1_120' title='bbox 2099 1549 2212 1596; x_wconf 88' lang='lat' dir='ltr'><strong>tra-</strong></span> 
     </span>
    </p>
   </div>
   <div class='ocr_carea' id='block_1_18' title="bbox 629 1627 1553 1714">
    <p class='ocr_par' dir='ltr' id='par_1_18' title="bbox 629 1627 1553 1714">
     <span class='ocr_line' id='line_1_18' title="bbox 629 1627 1553 1714; baseline 0.006 -36"><span class='ocrx_word' id='word_1_121' title='bbox 629 1627 910 1690; x_wconf 76' lang='lat' dir='ltr'><strong>cmliouis,</strong></span> <span class='ocrx_word' id='word_1_122' title='bbox 939 1628 1005 1683; x_wconf 83' lang='lat' dir='ltr'><strong>de</strong></span> <span class='ocrx_word' id='word_1_123' title='bbox 1026 1644 1145 1714; x_wconf 49' lang='lat' dir='ltr'><strong>qua.</strong></span> <span class='ocrx_word' id='word_1_124' title='bbox 1163 1644 1283 1682; x_wconf 91' lang='lat' dir='ltr'><strong>mox</strong></span> <span class='ocrx_word' id='word_1_125' title='bbox 1309 1643 1553 1698; x_wconf 85' lang='lat' dir='ltr'><strong>agemus.</strong></span> 
     </span>
    </p>
   </div>
   <div class='ocr_carea' id='block_1_19' title="bbox 1090 1734 1748 1796">
    <p class='ocr_par' dir='ltr' id='par_1_19' title="bbox 1090 1734 1748 1796">
     <span class='ocr_line' id='line_1_19' title="bbox 1090 1734 1748 1796; baseline 0.003 -14"><span class='ocrx_word' id='word_1_126' title='bbox 1090 1734 1171 1782; x_wconf 80' lang='grc' dir='ltr'><strong>ιν.</strong></span> <span class='ocrx_word' id='word_1_127' title='bbox 1203 1735 1328 1795; x_wconf 84' lang='lat' dir='ltr'><strong>Quid</strong></span> <span class='ocrx_word' id='word_1_128' title='bbox 1360 1737 1748 1796; x_wconf 67' lang='lat' dir='ltr'><strong>Chrysostomus.</strong></span> 
     </span>
    </p>
   </div>
   <div class='ocr_carea' id='block_1_20' title="bbox 701 1815 2204 1889">
    <p class='ocr_par' dir='ltr' id='par_1_20' title="bbox 701 1815 2204 1889">
     <span class='ocr_line' id='line_1_20' title="bbox 701 1815 2204 1889; baseline 0.003 -20"><span class='ocrx_word' id='word_1_129' title='bbox 701 1815 941 1871; x_wconf 77' lang='lat' dir='ltr'><strong>Joannes</strong></span> <span class='ocrx_word' id='word_1_130' title='bbox 993 1819 1418 1889; x_wconf 84' lang='lat' dir='ltr'><strong>Chrysostomus</strong></span> <span class='ocrx_word' id='word_1_131' title='bbox 1464 1821 1516 1873; x_wconf 93' lang='lat' dir='ltr'><strong>in</strong></span> <span class='ocrx_word' id='word_1_132' title='bbox 1562 1819 1658 1888; x_wconf 81' lang='lat' dir='ltr'><strong>Ep.</strong></span> <span class='ocrx_word' id='word_1_133' title='bbox 1697 1817 1766 1873; x_wconf 82' lang='lat' dir='ltr'><strong>ad</strong></span> <span class='ocrx_word' id='word_1_134' title='bbox 1812 1819 1972 1873; x_wconf 81' lang='lat' dir='ltr'><strong>Hebr.</strong></span> <span class='ocrx_word' id='word_1_135' title='bbox 2035 1834 2086 1872; x_wconf 90' lang='lat' dir='ltr'><strong>c.</strong></span> <span class='ocrx_word' id='word_1_136' title='bbox 2153 1837 2204 1881; x_wconf 82' lang='grc' dir='ltr'><strong>ι.</strong></span> 
     </span>
    </p>
   </div>
   <div class='ocr_carea' id='block_1_21' title="bbox 629 1906 2207 1980">
    <p class='ocr_par' dir='ltr' id='par_1_21' title="bbox 629 1906 2207 1980">
     <span class='ocr_line' id='line_1_21' title="bbox 629 1906 2207 1980; baseline 0.004 -20"><span class='ocrx_word' id='word_1_137' title='bbox 629 1906 944 1962; x_wconf 65' lang='lat' dir='ltr'><strong>Marcellum</strong></span> <span class='ocrx_word' id='word_1_138' title='bbox 1002 1912 1183 1980; x_wconf 85' lang='lat' dir='ltr'><strong>culpat</strong></span> <span class='ocrx_word' id='word_1_139' title='bbox 1241 1916 1386 1980; x_wconf 87' lang='lat' dir='ltr'><strong>quod</strong></span> <span class='ocrx_word' id='word_1_140' title='bbox 1449 1912 1681 1977; x_wconf 80' lang='lat' dir='ltr'><strong>dixerit,</strong></span> <span class='ocrx_word' id='word_1_141' title='bbox 1735 1913 1956 1968; x_wconf 78' lang='lat' dir='ltr'><strong>verbum</strong></span> <span class='ocrx_word' id='word_1_142' title='bbox 2017 1913 2207 1966; x_wconf 70' lang='grc' dir='ltr'><strong>ἐνυπά-</strong></span> 
     </span>
    </p>
   </div>
   <div class='ocr_carea' id='block_1_22' title="bbox 628 2001 2209 2080">
    <p class='ocr_par' dir='ltr' id='par_1_22' title="bbox 628 2001 2209 2080">
     <span class='ocr_line' id='line_1_22' title="bbox 628 2001 2209 2080; baseline 0.005 -29"><span class='ocrx_word' id='word_1_143' title='bbox 628 2015 840 2063; x_wconf 84' lang='grc' dir='ltr'>στατον,</span> <span class='ocrx_word' id='word_1_144' title='bbox 866 2001 1010 2069; x_wconf 93' lang='lat' dir='ltr'><strong>quod</strong></span> <span class='ocrx_word' id='word_1_145' title='bbox 1038 2003 1108 2053; x_wconf 91' lang='lat' dir='ltr'><strong>ita</strong></span> <span class='ocrx_word' id='word_1_146' title='bbox 1142 2005 1432 2072; x_wconf 82' lang='lat' dir='ltr'><strong>intelligas,</strong></span> <span class='ocrx_word' id='word_1_147' title='bbox 1457 2007 1611 2072; x_wconf 85' lang='lat' dir='ltr'><strong>quasi</strong></span> <span class='ocrx_word' id='word_1_148' title='bbox 1640 2005 1884 2080; x_wconf 71' lang='lat' dir='ltr'><strong>ejusdem</strong></span> <span class='ocrx_word' id='word_1_149' title='bbox 1910 2021 2017 2059; x_wconf 87' lang='lat' dir='ltr'><strong>non</strong></span> <span class='ocrx_word' id='word_1_150' title='bbox 2047 2005 2209 2059; x_wconf 90' lang='lat' dir='ltr'><strong>modo</strong></span> 
     </span>
    </p>
   </div>
   <div class='ocr_carea' id='block_1_23' title="bbox 627 2092 2205 2167">
    <p class='ocr_par' dir='ltr' id='par_1_23' title="bbox 627 2092 2205 2167">
     <span class='ocr_line' id='line_1_23' title="bbox 627 2092 2205 2167; baseline 0.004 -22"><span class='ocrx_word' id='word_1_151' title='bbox 627 2092 966 2156; x_wconf 61' lang='lat' dir='ltr'><strong>substantia,</strong></span> <span class='ocrx_word' id='word_1_152' title='bbox 999 2093 1090 2144; x_wconf 83' lang='lat' dir='ltr'><strong>sed</strong></span> <span class='ocrx_word' id='word_1_153' title='bbox 1126 2096 1289 2147; x_wconf 85' lang='lat' dir='ltr'><strong>etiam</strong></span> <span class='ocrx_word' id='word_1_154' title='bbox 1333 2097 1643 2165; x_wconf 75' lang='lat' dir='ltr'><strong>hypostasis</strong></span> <span class='ocrx_word' id='word_1_155' title='bbox 1685 2099 1756 2150; x_wconf 86' lang='lat' dir='ltr'><strong>sit</strong></span> <span class='ocrx_word' id='word_1_156' title='bbox 1807 2108 1972 2167; x_wconf 88' lang='lat' dir='ltr'><strong>atque</strong></span> <span class='ocrx_word' id='word_1_157' title='bbox 2008 2097 2205 2152; x_wconf 87' lang='lat' dir='ltr'><strong>Pater:</strong></span> 
     </span>
    </p>
   </div>
   <div class='ocr_carea' id='block_1_24' title="bbox 625 2183 2206 2257">
    <p class='ocr_par' dir='ltr' id='par_1_24' title="bbox 625 2183 2206 2257">
     <span class='ocr_line' id='line_1_24' title="bbox 625 2183 2206 2257; baseline 0.004 -21"><span class='ocrx_word' id='word_1_158' title='bbox 625 2183 877 2237; x_wconf 80' lang='lat' dir='ltr'><strong>eumdem</strong></span> <span class='ocrx_word' id='word_1_159' title='bbox 923 2201 1050 2236; x_wconf 80' lang='lat' dir='ltr'><strong>vero</strong></span> <span class='ocrx_word' id='word_1_160' title='bbox 1098 2185 1407 2240; x_wconf 83' lang='lat' dir='ltr'><strong>Marcellum</strong></span> <span class='ocrx_word' id='word_1_161' title='bbox 1432 2228 1445 2248; x_wconf 91' lang='lat'><strong>,</strong></span> <span class='ocrx_word' id='word_1_162' title='bbox 1485 2190 1642 2257; x_wconf 87' lang='lat' dir='ltr'><strong>quasi</strong></span> <span class='ocrx_word' id='word_1_163' title='bbox 1684 2187 1924 2253; x_wconf 88' lang='lat' dir='ltr'><strong>Pbotini,</strong></span> <span class='ocrx_word' id='word_1_164' title='bbox 1961 2190 2206 2251; x_wconf 84' lang='lat' dir='ltr'><strong>Sabellii,</strong></span> 
     </span>
    </p>
   </div>
   <div class='ocr_carea' id='block_1_25' title="bbox 625 2272 2211 2347">
    <p class='ocr_par' dir='ltr' id='par_1_25' title="bbox 625 2272 2211 2347">
     <span class='ocr_line' id='line_1_25' title="bbox 625 2272 2211 2347; baseline 0.006 -20"><span class='ocrx_word' id='word_1_165' title='bbox 625 2272 778 2328; x_wconf 93' lang='lat' dir='ltr'><strong>Pauli</strong></span> <span class='ocrx_word' id='word_1_166' title='bbox 832 2278 1173 2331; x_wconf 84' lang='lat' dir='ltr'><strong>Samosateni</strong></span> <span class='ocrx_word' id='word_1_167' title='bbox 1226 2280 1500 2347; x_wconf 71' lang='grc' dir='ltr'>ὁμόφρονα</span> <span class='ocrx_word' id='word_1_168' title='bbox 1542 2298 1647 2334; x_wconf 92' lang='lat' dir='ltr'><strong>non</strong></span> <span class='ocrx_word' id='word_1_169' title='bbox 1687 2283 1853 2336; x_wconf 85' lang='lat' dir='ltr'><strong>semel</strong></span> <span class='ocrx_word' id='word_1_170' title='bbox 1907 2285 2211 2337; x_wconf 80' lang='lat' dir='ltr'><strong>insectatur</strong></span> 
     </span>
    </p>
   </div>
   <div class='ocr_carea' id='block_1_26' title="bbox 625 2367 2134 2442">
    <p class='ocr_par' dir='ltr' id='par_1_26' title="bbox 625 2367 2134 2442">
     <span class='ocr_line' id='line_1_26' title="bbox 625 2367 2134 2442; baseline 0.005 -22"><span class='ocrx_word' id='word_1_171' title='bbox 625 2367 850 2431; x_wconf 84' lang='lat' dir='ltr'><strong>ibidem,</strong></span> <span class='ocrx_word' id='word_1_172' title='bbox 888 2384 950 2421; x_wconf 88' lang='lat' dir='ltr'><strong>ac</strong></span> <span class='ocrx_word' id='word_1_173' title='bbox 982 2385 1106 2422; x_wconf 91' lang='lat' dir='ltr'><strong>cum</strong></span> <span class='ocrx_word' id='word_1_174' title='bbox 1141 2371 1519 2424; x_wconf 72' lang='lat' dir='ltr'><strong>haereticorum</strong></span> <span class='ocrx_word' id='word_1_175' title='bbox 1546 2374 1802 2442; x_wconf 90' lang='lat' dir='ltr'><strong>pessimis</strong></span> <span class='ocrx_word' id='word_1_176' title='bbox 1831 2383 2134 2429; x_wconf 79' lang='lat' dir='ltr'><strong>enumerat.</strong></span> 
     </span>
    </p>
   </div>
   <div class='ocr_carea' id='block_1_27' title="bbox 1119 2471 1715 2530">
    <p class='ocr_par' dir='ltr' id='par_1_27' title="bbox 1119 2471 1715 2530">
     <span class='ocr_line' id='line_1_27' title="bbox 1119 2471 1715 2530; baseline 0.007 -13"><span class='ocrx_word' id='word_1_177' title='bbox 1119 2471 1172 2520; x_wconf 88' lang='lat' dir='ltr'><strong>V.</strong></span> <span class='ocrx_word' id='word_1_178' title='bbox 1204 2471 1330 2530; x_wconf 86' lang='lat' dir='ltr'><strong>Quid</strong></span> <span class='ocrx_word' id='word_1_179' title='bbox 1359 2473 1715 2521; x_wconf 85' lang='lat' dir='ltr'><strong>Tbeodoretus.</strong></span> 
     </span>
    </p>
   </div>
   <div class='ocr_carea' id='block_1_28' title="bbox 697 2550 2208 2640">
    <p class='ocr_par' dir='ltr' id='par_1_28' title="bbox 697 2550 2208 2640">
     <span class='ocr_line' id='line_1_28' title="bbox 697 2550 2208 2640; baseline 0.003 -36"><span class='ocrx_word' id='word_1_180' title='bbox 697 2550 1075 2606; x_wconf 81' lang='lat' dir='ltr'><strong>Theodorctus</strong></span> <span class='ocrx_word' id='word_1_181' title='bbox 1117 2555 1208 2606; x_wconf 88' lang='lat' dir='ltr'><strong>lib.</strong></span> <span class='ocrx_word' id='word_1_182' title='bbox 1265 2570 1300 2606; x_wconf 93' lang='lat' dir='ltr'><strong>ll</strong></span> <span class='ocrx_word' id='word_1_183' title='bbox 1359 2553 1746 2608; x_wconf 75' lang='lat' dir='ltr'><strong>Ha&#39;reticarum</strong></span> <span class='ocrx_word' id='word_1_184' title='bbox 1793 2555 2100 2640; x_wconf 76' lang='lat' dir='ltr'><strong>fabularum</strong></span> <span class='ocrx_word' id='word_1_185' title='bbox 2139 2555 2208 2608; x_wconf 90' lang='lat' dir='ltr'><strong>de</strong></span> 
     </span>
    </p>
   </div>
   <div class='ocr_carea' id='block_1_29' title="bbox 624 2639 2208 2714">
    <p class='ocr_par' dir='ltr' id='par_1_29' title="bbox 624 2639 2208 2714">
     <span class='ocr_line' id='line_1_29' title="bbox 624 2639 2208 2714; baseline 0.002 -19"><span class='ocrx_word' id='word_1_186' title='bbox 624 2639 878 2696; x_wconf 69' lang='lat' dir='ltr'><strong>Harcello</strong></span> <span class='ocrx_word' id='word_1_187' title='bbox 955 2642 1068 2696; x_wconf 57' lang='lat' dir='ltr'><strong>hac</strong></span> <span class='ocrx_word' id='word_1_188' title='bbox 1123 2644 1284 2696; x_wconf 81' lang='lat' dir='ltr'><strong>habet</strong></span> <span class='ocrx_word' id='word_1_189' title='bbox 1330 2663 1341 2696; x_wconf 91' lang='lat'><strong>:</strong></span> <span class='ocrx_word' id='word_1_190' title='bbox 1403 2645 1716 2714; x_wconf 78' lang='grc' dir='ltr'><strong>Μάρκελλος</strong></span> <span class='ocrx_word' id='word_1_191' title='bbox 1773 2639 1836 2697; x_wconf 73' lang='grc' dir='ltr'><strong>δὲ</strong></span> <span class='ocrx_word' id='word_1_192' title='bbox 1877 2647 1904 2698; x_wconf 81' lang='grc' dir='ltr'><strong>ὁ</strong></span> <span class='ocrx_word' id='word_1_193' title='bbox 1961 2645 2208 2714; x_wconf 78' lang='grc' dir='ltr'><strong>Γαλάτης</strong></span> 
     </span>
    </p>
   </div>
   <div class='ocr_carea' id='block_1_30' title="bbox 621 2734 2205 2805">
    <p class='ocr_par' dir='ltr' id='par_1_30' title="bbox 621 2734 2205 2805">
     <span class='ocr_line' id='line_1_30' title="bbox 621 2734 2205 2805; baseline 0 -19"><span class='ocrx_word' id='word_1_194' title='bbox 621 2734 798 2803; x_wconf 76' lang='grc' dir='ltr'><strong>τούτῳ</strong></span> <span class='ocrx_word' id='word_1_195' title='bbox 835 2735 932 2802; x_wconf 81' lang='grc' dir='ltr'>μὲν</span> <span class='ocrx_word' id='word_1_196' title='bbox 981 2735 1373 2804; x_wconf 75' lang='grc' dir='ltr'><strong>παραπληπίως</strong></span> <span class='ocrx_word' id='word_1_197' title='bbox 1427 2735 1634 2805; x_wconf 69' lang='grc' dir='ltr'><strong>ἠρνήθη</strong></span> <span class='ocrx_word' id='word_1_198' title='bbox 1691 2736 1800 2788; x_wconf 83' lang='grc' dir='ltr'>τῶν</span> <span class='ocrx_word' id='word_1_199' title='bbox 1856 2737 2205 2788; x_wconf 71' lang='grc' dir='ltr'>ὑποστάσεων</span> 
     </span>
    </p>
   </div>
   <div class='ocr_carea' id='block_1_31' title="bbox 623 2827 2204 2897">
    <p class='ocr_par' dir='ltr' id='par_1_31' title="bbox 623 2827 2204 2897">
     <span class='ocr_line' id='line_1_31' title="bbox 623 2827 2204 2897; baseline 0.001 -20"><span class='ocrx_word' id='word_1_200' title='bbox 623 2827 721 2896; x_wconf 77' lang='grc' dir='ltr'><strong>τὴν</strong></span> <span class='ocrx_word' id='word_1_201' title='bbox 753 2827 942 2896; x_wconf 80' lang='grc' dir='ltr'><strong>τριάδα</strong></span> <span class='ocrx_word' id='word_1_202' title='bbox 963 2845 974 2856; x_wconf 91' lang='grc'><strong>·</strong></span> <span class='ocrx_word' id='word_1_203' title='bbox 1013 2830 1232 2879; x_wconf 78' lang='grc' dir='ltr'>ἔκτασιν</span> <span class='ocrx_word' id='word_1_204' title='bbox 1258 2828 1312 2878; x_wconf 80' lang='grc' dir='ltr'><strong>δέ</strong></span> <span class='ocrx_word' id='word_1_205' title='bbox 1341 2845 1458 2879; x_wconf 86' lang='grc' dir='ltr'>τινα</span> <span class='ocrx_word' id='word_1_206' title='bbox 1481 2831 1575 2896; x_wconf 78' lang='grc' dir='ltr'><strong>τῆς</strong></span> <span class='ocrx_word' id='word_1_207' title='bbox 1598 2827 1688 2879; x_wconf 73' lang='grc' dir='ltr'><strong>τοῦ</strong></span> <span class='ocrx_word' id='word_1_208' title='bbox 1719 2829 1927 2897; x_wconf 60' lang='lat' dir='ltr'><strong>Ila-.96;</strong></span> <span class='ocrx_word' id='word_1_209' title='bbox 1955 2828 2204 2897; x_wconf 82' lang='grc' dir='ltr'><strong>θεότητος</strong></span> 
     </span>
    </p>
   </div>
   <div class='ocr_carea' id='block_1_32' title="bbox 624 2917 2203 2988">
    <p class='ocr_par' dir='ltr' id='par_1_32' title="bbox 624 2917 2203 2988">
     <span class='ocr_line' id='line_1_32' title="bbox 624 2917 2203 2988; baseline 0.001 -19"><span class='ocrx_word' id='word_1_210' title='bbox 624 2917 823 2986; x_wconf 69' lang='grc' dir='ltr'><strong>Εφησεν</strong></span> <span class='ocrx_word' id='word_1_211' title='bbox 859 2919 937 2978; x_wconf 70' lang='grc' dir='ltr'><strong>εἰς</strong></span> <span class='ocrx_word' id='word_1_212' title='bbox 961 2918 1047 2967; x_wconf 73' lang='grc' dir='ltr'>τὸν</span> <span class='ocrx_word' id='word_1_213' title='bbox 1072 2917 1302 2988; x_wconf 78' lang='grc' dir='ltr'><strong>Χριστὸν</strong></span> <span class='ocrx_word' id='word_1_214' title='bbox 1336 2917 1669 2987; x_wconf 75' lang='grc' dir='ltr'><strong>ἐληλυθέναι,</strong></span> <span class='ocrx_word' id='word_1_215' title='bbox 1706 2920 1799 2970; x_wconf 83' lang='grc' dir='ltr'>καί</span> <span class='ocrx_word' id='word_1_216' title='bbox 1839 2919 2040 2987; x_wconf 80' lang='grc' dir='ltr'>ταύτην</span> <span class='ocrx_word' id='word_1_217' title='bbox 2071 2920 2203 2970; x_wconf 86' lang='grc' dir='ltr'><strong>Θεὸν</strong></span> 
     </span>
    </p>
   </div>
   <div class='ocr_carea' id='block_1_33' title="bbox 622 3009 2203 3080">
    <p class='ocr_par' dir='ltr' id='par_1_33' title="bbox 622 3009 2203 3080">
     <span class='ocr_line' id='line_1_33' title="bbox 622 3009 2203 3080; baseline -0.001 -18"><span class='ocrx_word' id='word_1_218' title='bbox 622 3009 794 3076; x_wconf 81' lang='grc' dir='ltr'>Λόγον</span> <span class='ocrx_word' id='word_1_219' title='bbox 843 3011 1063 3061; x_wconf 70' lang='grc' dir='ltr'><strong>ἐκάλεσε</strong></span> <span class='ocrx_word' id='word_1_220' title='bbox 1092 3027 1104 3039; x_wconf 91' lang='grc'>·</span> <span class='ocrx_word' id='word_1_221' title='bbox 1139 3010 1274 3078; x_wconf 75' lang='grc' dir='ltr'>μετὰ</span> <span class='ocrx_word' id='word_1_222' title='bbox 1318 3010 1371 3062; x_wconf 77' lang='grc' dir='ltr'><strong>δὲ</strong></span> <span class='ocrx_word' id='word_1_223' title='bbox 1417 3012 1512 3080; x_wconf 82' lang='grc' dir='ltr'>τὴν</span> <span class='ocrx_word' id='word_1_224' title='bbox 1556 3009 1848 3078; x_wconf 71' lang='grc' dir='ltr'>σύμπασαν</span> <span class='ocrx_word' id='word_1_225' title='bbox 1894 3012 2203 3079; x_wconf 78' lang='grc' dir='ltr'>οἰκονομίαν</span> 
     </span>
    </p>
   </div>
   <div class='ocr_carea' id='block_1_34' title="bbox 622 3102 2198 3173">
    <p class='ocr_par' dir='ltr' id='par_1_34' title="bbox 622 3102 2198 3173">
     <span class='ocr_line' id='line_1_34' title="bbox 622 3102 2198 3173; baseline 0 -19"><span class='ocrx_word' id='word_1_226' title='bbox 622 3102 784 3154; x_wconf 82' lang='grc' dir='ltr'>πάλιν</span> <span class='ocrx_word' id='word_1_227' title='bbox 816 3103 1248 3170; x_wconf 69' lang='grc' dir='ltr'>ἀνασπαςῧῆναι,</span> <span class='ocrx_word' id='word_1_228' title='bbox 1286 3104 1376 3155; x_wconf 81' lang='grc' dir='ltr'>καὶ</span> <span class='ocrx_word' id='word_1_229' title='bbox 1418 3104 1743 3170; x_wconf 80' lang='grc' dir='ltr'>συσταλῆναι</span> <span class='ocrx_word' id='word_1_230' title='bbox 1776 3105 1907 3173; x_wconf 84' lang='grc' dir='ltr'><strong>πρὸς</strong></span> <span class='ocrx_word' id='word_1_231' title='bbox 1934 3105 2022 3157; x_wconf 82' lang='grc' dir='ltr'>τὸν</span> <span class='ocrx_word' id='word_1_232' title='bbox 2049 3104 2198 3168; x_wconf 81' lang='grc' dir='ltr'>Θεὸν,</span> 
     </span>
    </p>
   </div>
   <div class='ocr_carea' id='block_1_35' title="bbox 2317 895 3881 967">
    <p class='ocr_par' dir='ltr' id='par_1_35' title="bbox 2317 895 3881 967">
     <span class='ocr_line' id='line_1_35' title="bbox 2317 895 3881 967; baseline 0.001 -17"><span class='ocrx_word' id='word_1_233' title='bbox 2317 911 2474 961; x_wconf 88' lang='lat' dir='ltr'><strong>esse;</strong></span> <span class='ocrx_word' id='word_1_234' title='bbox 2537 897 2826 967; x_wconf 84' lang='lat' dir='ltr'><strong>ipsumque</strong></span> <span class='ocrx_word' id='word_1_235' title='bbox 2857 895 3064 950; x_wconf 78' lang='lat' dir='ltr'><strong>nudum</strong></span> <span class='ocrx_word' id='word_1_236' title='bbox 3094 913 3219 952; x_wconf 83' lang='lat' dir='ltr'><strong>esse</strong></span> <span class='ocrx_word' id='word_1_237' title='bbox 3251 897 3487 967; x_wconf 74' lang='lat' dir='ltr'><strong>Verbum</strong></span> <span class='ocrx_word' id='word_1_238' title='bbox 3535 897 3784 953; x_wconf 85' lang='lat' dir='ltr'><strong>humano</strong></span> <span class='ocrx_word' id='word_1_239' title='bbox 3814 900 3881 952; x_wconf 85' lang='lat' dir='ltr'><strong>si-</strong></span> 
     </span>
    </p>
   </div>
   <div class='ocr_carea' id='block_1_36' title="bbox 2317 986 3884 1057">
    <p class='ocr_par' dir='ltr' id='par_1_36' title="bbox 2317 986 3884 1057">
     <span class='ocr_line' id='line_1_36' title="bbox 2317 986 3884 1057; baseline 0.003 -18"><span class='ocrx_word' id='word_1_240' title='bbox 2317 988 2443 1039; x_wconf 89' lang='lat' dir='ltr'><strong>mile</strong></span> <span class='ocrx_word' id='word_1_241' title='bbox 2482 989 2557 1054; x_wconf 78' lang='lat' dir='ltr'><strong>(.p.</strong></span> <span class='ocrx_word' id='word_1_242' title='bbox 2595 987 2704 1057; x_wconf 84' lang='lat' dir='ltr'><strong>l9),</strong></span> <span class='ocrx_word' id='word_1_243' title='bbox 2737 1003 2842 1040; x_wconf 87' lang='lat' dir='ltr'><strong>non</strong></span> <span class='ocrx_word' id='word_1_244' title='bbox 2881 995 3060 1041; x_wconf 89' lang='lat' dir='ltr'><strong>autem</strong></span> <span class='ocrx_word' id='word_1_245' title='bbox 3093 986 3287 1044; x_wconf 86' lang='lat' dir='ltr'><strong>Filium</strong></span> <span class='ocrx_word' id='word_1_246' title='bbox 3319 1005 3442 1045; x_wconf 83' lang='lat' dir='ltr'><strong>esse</strong></span> <span class='ocrx_word' id='word_1_247' title='bbox 3468 988 3565 1045; x_wconf 84' lang='lat' dir='ltr'><strong>Dei</strong></span> <span class='ocrx_word' id='word_1_248' title='bbox 3618 991 3804 1044; x_wconf 74' lang='lat' dir='ltr'><strong>virum</strong></span> <span class='ocrx_word' id='word_1_249' title='bbox 3839 997 3884 1044; x_wconf 79' lang='lat' dir='ltr'><strong>et</strong></span> 
     </span>
    </p>
   </div>
   <div class='ocr_carea' id='block_1_37' title="bbox 2317 1079 3882 1152">
    <p class='ocr_par' dir='ltr' id='par_1_37' title="bbox 2317 1079 3882 1152">
     <span class='ocr_line' id='line_1_37' title="bbox 2317 1079 3882 1152; baseline 0.002 -21"><span class='ocrx_word' id='word_1_250' title='bbox 2317 1079 2746 1143; x_wconf 79' lang='lat' dir='ltr'><strong>subsistentem;</strong></span> <span class='ocrx_word' id='word_1_251' title='bbox 2792 1095 2898 1133; x_wconf 91' lang='lat' dir='ltr'><strong>non</strong></span> <span class='ocrx_word' id='word_1_252' title='bbox 2929 1079 3096 1134; x_wconf 78' lang='lat' dir='ltr'><strong>fuisse</strong></span> <span class='ocrx_word' id='word_1_253' title='bbox 3132 1079 3225 1136; x_wconf 88' lang='lat' dir='ltr'><strong>Dei</strong></span> <span class='ocrx_word' id='word_1_254' title='bbox 3269 1082 3560 1152; x_wconf 86' lang='lat' dir='ltr'><strong>imaginem</strong></span> <span class='ocrx_word' id='word_1_255' title='bbox 3592 1091 3882 1151; x_wconf 79' lang='lat' dir='ltr'><strong>antequam</strong></span> 
     </span>
    </p>
   </div>
   <div class='ocr_carea' id='block_1_38' title="bbox 2317 1169 3888 1243">
    <p class='ocr_par' dir='ltr' id='par_1_38' title="bbox 2317 1169 3888 1243">
     <span class='ocr_line' id='line_1_38' title="bbox 2317 1169 3888 1243; baseline 0.002 -20"><span class='ocrx_word' id='word_1_256' title='bbox 2317 1169 2479 1225; x_wconf 88' lang='lat' dir='ltr'><strong>homo</strong></span> <span class='ocrx_word' id='word_1_257' title='bbox 2510 1173 2697 1233; x_wconf 81' lang='lat' dir='ltr'><strong>lieret;</strong></span> <span class='ocrx_word' id='word_1_258' title='bbox 2751 1173 3096 1226; x_wconf 87' lang='lat' dir='ltr'><strong>existentiam</strong></span> <span class='ocrx_word' id='word_1_259' title='bbox 3128 1171 3360 1243; x_wconf 82' lang='grc' dir='ltr'><strong>ὕπαρξιν</strong></span> <span class='ocrx_word' id='word_1_260' title='bbox 3387 1182 3443 1228; x_wconf 83' lang='lat' dir='ltr'><strong>et</strong></span> <span class='ocrx_word' id='word_1_261' title='bbox 3473 1174 3783 1227; x_wconf 72' lang='grc' dir='ltr'><strong>ὑπόστασιν</strong></span> <span class='ocrx_word' id='word_1_262' title='bbox 3808 1172 3888 1226; x_wconf 65' lang='grc' dir='ltr'><strong>ιηε</strong></span> 
     </span>
    </p>
   </div>
   <div class='ocr_carea' id='block_1_39' title="bbox 2316 1258 3885 1335">
    <p class='ocr_par' dir='ltr' id='par_1_39' title="bbox 2316 1258 3885 1335">
     <span class='ocr_line' id='line_1_39' title="bbox 2316 1258 3885 1335; baseline 0.005 -24"><span class='ocrx_word' id='word_1_263' title='bbox 2316 1260 2370 1312; x_wconf 91' lang='lat' dir='ltr'><strong>lii</strong></span> <span class='ocrx_word' id='word_1_264' title='bbox 2402 1258 2496 1313; x_wconf 90' lang='lat' dir='ltr'><strong>Dei</strong></span> <span class='ocrx_word' id='word_1_265' title='bbox 2531 1262 2720 1316; x_wconf 88' lang='lat' dir='ltr'><strong>tollere</strong></span> <span class='ocrx_word' id='word_1_266' title='bbox 2747 1261 3059 1316; x_wconf 69' lang='lat' dir='ltr'><strong>Marcellum</strong></span> <span class='ocrx_word' id='word_1_267' title='bbox 3099 1264 3174 1316; x_wconf 80' lang='lat' dir='ltr'><strong>ait</strong></span> <span class='ocrx_word' id='word_1_268' title='bbox 3205 1274 3278 1332; x_wconf 86' lang='lat' dir='ltr'><strong>(p.</strong></span> <span class='ocrx_word' id='word_1_269' title='bbox 3310 1264 3400 1324; x_wconf 75' lang='lat'><strong>55.</strong></span> <span class='ocrx_word' id='word_1_270' title='bbox 3432 1266 3521 1330; x_wconf 70' lang='lat'><strong>55,</strong></span> <span class='ocrx_word' id='word_1_271' title='bbox 3557 1267 3677 1335; x_wconf 77' lang='lat'><strong>36),</strong></span> <span class='ocrx_word' id='word_1_272' title='bbox 3714 1281 3782 1321; x_wconf 86' lang='lat' dir='ltr'><strong>ac</strong></span> <span class='ocrx_word' id='word_1_273' title='bbox 3812 1267 3885 1321; x_wconf 88' lang='lat' dir='ltr'><strong>di-</strong></span> 
     </span>
    </p>
   </div>
   <div class='ocr_carea' id='block_1_40' title="bbox 2311 1351 3886 1422">
    <p class='ocr_par' dir='ltr' id='par_1_40' title="bbox 2311 1351 3886 1422">
     <span class='ocr_line' id='line_1_40' title="bbox 2311 1351 3886 1422; baseline 0.005 -18"><span class='ocrx_word' id='word_1_274' title='bbox 2311 1367 2438 1406; x_wconf 84' lang='lat' dir='ltr'><strong>cere</strong></span> <span class='ocrx_word' id='word_1_275' title='bbox 2478 1351 2655 1422; x_wconf 86' lang='lat' dir='ltr'><strong>ipsum</strong></span> <span class='ocrx_word' id='word_1_276' title='bbox 2691 1353 2862 1409; x_wconf 78' lang='lat' dir='ltr'><strong>fuisse</strong></span> <span class='ocrx_word' id='word_1_277' title='bbox 2907 1353 3113 1408; x_wconf 82' lang='lat' dir='ltr'><strong>nudum</strong></span> <span class='ocrx_word' id='word_1_278' title='bbox 3149 1356 3493 1412; x_wconf 81' lang='lat' dir='ltr'><strong>solummodo</strong></span> <span class='ocrx_word' id='word_1_279' title='bbox 3548 1359 3786 1414; x_wconf 78' lang='lat' dir='ltr'><strong>verbum</strong></span> <span class='ocrx_word' id='word_1_280' title='bbox 3826 1360 3886 1412; x_wconf 86' lang='lat' dir='ltr'><strong>ad</strong></span> 
     </span>
    </p>
   </div>
   <div class='ocr_carea' id='block_1_41' title="bbox 2309 1443 3888 1518">
    <p class='ocr_par' dir='ltr' id='par_1_41' title="bbox 2309 1443 3888 1518">
     <span class='ocr_line' id='line_1_41' title="bbox 2309 1443 3888 1518; baseline 0.006 -23"><span class='ocrx_word' id='word_1_281' title='bbox 2309 1443 2464 1512; x_wconf 84' lang='lat' dir='ltr'><strong>jussa</strong></span> <span class='ocrx_word' id='word_1_282' title='bbox 2492 1445 2874 1514; x_wconf 72' lang='lat' dir='ltr'><strong>exsequenda;</strong></span> <span class='ocrx_word' id='word_1_283' title='bbox 2919 1443 3234 1500; x_wconf 73' lang='lat' dir='ltr'><strong>Marcellum</strong></span> <span class='ocrx_word' id='word_1_284' title='bbox 3286 1447 3414 1500; x_wconf 88' lang='lat' dir='ltr'><strong>item</strong></span> <span class='ocrx_word' id='word_1_285' title='bbox 3459 1449 3552 1518; x_wconf 85' lang='lat' dir='ltr'><strong>qui</strong></span> <span class='ocrx_word' id='word_1_286' title='bbox 3606 1450 3666 1504; x_wconf 88' lang='lat' dir='ltr'><strong>in</strong></span> <span class='ocrx_word' id='word_1_287' title='bbox 3707 1449 3888 1505; x_wconf 78' lang='lat' dir='ltr'><strong>Sabel-</strong></span> 
     </span>
    </p>
   </div>
   <div class='ocr_carea' id='block_1_42' title="bbox 2313 1536 3885 1610">
    <p class='ocr_par' dir='ltr' id='par_1_42' title="bbox 2313 1536 3885 1610">
     <span class='ocr_line' id='line_1_42' title="bbox 2313 1536 3885 1610; baseline 0.005 -22"><span class='ocrx_word' id='word_1_288' title='bbox 2313 1536 2444 1588; x_wconf 83' lang='lat' dir='ltr'><strong>liutn</strong></span> <span class='ocrx_word' id='word_1_289' title='bbox 2478 1536 2773 1599; x_wconf 75' lang='lat' dir='ltr'><strong>invehitur,</strong></span> <span class='ocrx_word' id='word_1_290' title='bbox 2805 1536 3043 1591; x_wconf 85' lang='lat' dir='ltr'><strong>Sabellio</strong></span> <span class='ocrx_word' id='word_1_291' title='bbox 3076 1538 3227 1606; x_wconf 87' lang='lat' dir='ltr'><strong>paria</strong></span> <span class='ocrx_word' id='word_1_292' title='bbox 3255 1539 3488 1602; x_wconf 74' lang='lat' dir='ltr'><strong>sentire,</strong></span> <span class='ocrx_word' id='word_1_293' title='bbox 3540 1544 3639 1610; x_wconf 87' lang='lat' dir='ltr'><strong>qui</strong></span> <span class='ocrx_word' id='word_1_294' title='bbox 3671 1540 3885 1596; x_wconf 79' lang='lat' dir='ltr'><strong>Patrem</strong></span> 
     </span>
    </p>
   </div>
   <div class='ocr_carea' id='block_1_43' title="bbox 2310 1624 3884 1702">
    <p class='ocr_par' dir='ltr' id='par_1_43' title="bbox 2310 1624 3884 1702">
     <span class='ocr_line' id='line_1_43' title="bbox 2310 1624 3884 1702; baseline 0.006 -23"><span class='ocrx_word' id='word_1_295' title='bbox 2310 1634 2365 1680; x_wconf 90' lang='lat' dir='ltr'><strong>et</strong></span> <span class='ocrx_word' id='word_1_296' title='bbox 2420 1624 2658 1680; x_wconf 79' lang='lat' dir='ltr'><strong>Verbum</strong></span> <span class='ocrx_word' id='word_1_297' title='bbox 2714 1642 2884 1681; x_wconf 86' lang='lat' dir='ltr'><strong>unum</strong></span> <span class='ocrx_word' id='word_1_298' title='bbox 2925 1642 3047 1682; x_wconf 83' lang='lat' dir='ltr'><strong>esse</strong></span> <span class='ocrx_word' id='word_1_299' title='bbox 3091 1629 3272 1693; x_wconf 77' lang='lat' dir='ltr'><strong>dicat;</strong></span> <span class='ocrx_word' id='word_1_300' title='bbox 3315 1629 3611 1699; x_wconf 79' lang='lat' dir='ltr'><strong>ipsumque</strong></span> <span class='ocrx_word' id='word_1_301' title='bbox 3649 1636 3730 1702; x_wconf 85' lang='lat' dir='ltr'><strong>(p.</strong></span> <span class='ocrx_word' id='word_1_302' title='bbox 3770 1632 3884 1698; x_wconf 74' lang='grc'><strong>161,</strong></span> 
     </span>
    </p>
   </div>
   <div class='ocr_carea' id='block_1_44' title="bbox 2314 1716 3888 1789">
    <p class='ocr_par' dir='ltr' id='par_1_44' title="bbox 2314 1716 3888 1789">
     <span class='ocr_line' id='line_1_44' title="bbox 2314 1716 3888 1789; baseline 0.005 -19"><span class='ocrx_word' id='word_1_303' title='bbox 2314 1716 2437 1776; x_wconf 69' lang='grc'><strong>1741</strong></span> <span class='ocrx_word' id='word_1_304' title='bbox 2467 1726 2578 1773; x_wconf 86' lang='lat' dir='ltr'><strong>tres</strong></span> <span class='ocrx_word' id='word_1_305' title='bbox 2631 1719 2954 1782; x_wconf 75' lang='grc' dir='ltr'><strong>ὑποστάσεις</strong></span> <span class='ocrx_word' id='word_1_306' title='bbox 2993 1733 3190 1789; x_wconf 73' lang='lat' dir='ltr'><strong>negare</strong></span> <span class='ocrx_word' id='word_1_307' title='bbox 3217 1761 3230 1781; x_wconf 92' lang='lat'><strong>.</strong></span> <span class='ocrx_word' id='word_1_308' title='bbox 3278 1731 3333 1775; x_wconf 88' lang='lat' dir='ltr'><strong>ct</strong></span> <span class='ocrx_word' id='word_1_309' title='bbox 3372 1737 3538 1776; x_wconf 81' lang='lat' dir='ltr'><strong>uuam</strong></span> <span class='ocrx_word' id='word_1_310' title='bbox 3595 1726 3888 1780; x_wconf 75' lang='grc' dir='ltr'>ὑπόστασιν</span> 
     </span>
    </p>
   </div>
   <div class='ocr_carea' id='block_1_45' title="bbox 2310 1807 3886 1879">
    <p class='ocr_par' dir='ltr' id='par_1_45' title="bbox 2310 1807 3886 1879">
     <span class='ocr_line' id='line_1_45' title="bbox 2310 1807 3886 1879; baseline 0.007 -21"><span class='ocrx_word' id='word_1_311' title='bbox 2310 1808 2724 1878; x_wconf 76' lang='grc' dir='ltr'><strong>τριπρόαωπον,</strong></span> <span class='ocrx_word' id='word_1_312' title='bbox 2779 1810 2869 1862; x_wconf 79' lang='grc' dir='ltr'>καὶ</span> <span class='ocrx_word' id='word_1_313' title='bbox 2913 1807 3274 1879; x_wconf 78' lang='grc' dir='ltr'><strong>τρισώνυμον,</strong></span> <span class='ocrx_word' id='word_1_314' title='bbox 3308 1811 3362 1863; x_wconf 88' lang='lat' dir='ltr'><strong>id</strong></span> <span class='ocrx_word' id='word_1_315' title='bbox 3402 1821 3488 1867; x_wconf 83' lang='lat' dir='ltr'><strong>est</strong></span> <span class='ocrx_word' id='word_1_316' title='bbox 3520 1813 3886 1870; x_wconf 79' lang='lat' dir='ltr'><strong>substantiam</strong></span> 
     </span>
    </p>
   </div>
   <div class='ocr_carea' id='block_1_46' title="bbox 2312 1899 3886 1976">
    <p class='ocr_par' dir='ltr' id='par_1_46' title="bbox 2312 1899 3886 1976">
     <span class='ocr_line' id='line_1_46' title="bbox 2312 1899 3886 1976; baseline 0.006 -26"><span class='ocrx_word' id='word_1_317' title='bbox 2312 1899 2749 1966; x_wconf 80' lang='lat' dir='ltr'><strong>tripersonalem,</strong></span> <span class='ocrx_word' id='word_1_318' title='bbox 2777 1908 2831 1954; x_wconf 91' lang='lat' dir='ltr'><strong>et</strong></span> <span class='ocrx_word' id='word_1_319' title='bbox 2861 1900 3206 1954; x_wconf 82' lang='lat' dir='ltr'><strong>trinominem</strong></span> <span class='ocrx_word' id='word_1_320' title='bbox 3232 1902 3434 1958; x_wconf 75' lang='lat' dir='ltr'><strong>diem.</strong></span> <span class='ocrx_word' id='word_1_321' title='bbox 3463 1901 3592 1958; x_wconf 69' lang='lat' dir='ltr'><strong>Haec</strong></span> <span class='ocrx_word' id='word_1_322' title='bbox 3621 1907 3886 1976; x_wconf 62' lang='grc' dir='ltr'><strong>[περίβη</strong></span> 
     </span>
    </p>
   </div>
   <div class='ocr_carea' id='block_1_47' title="bbox 2312 1988 3885 2061">
    <p class='ocr_par' dir='ltr' id='par_1_47' title="bbox 2312 1988 3885 2061">
     <span class='ocr_line' id='line_1_47' title="bbox 2312 1988 3885 2061; baseline 0.006 -19"><span class='ocrx_word' id='word_1_323' title='bbox 2312 1990 2367 2043; x_wconf 91' lang='lat' dir='ltr'><strong>in</strong></span> <span class='ocrx_word' id='word_1_324' title='bbox 2401 1988 2639 2044; x_wconf 68' lang='lat' dir='ltr'><strong>Marcelli</strong></span> <span class='ocrx_word' id='word_1_325' title='bbox 2687 1990 2823 2044; x_wconf 91' lang='lat' dir='ltr'><strong>libro</strong></span> <span class='ocrx_word' id='word_1_326' title='bbox 2876 1993 3058 2061; x_wconf 89' lang='lat' dir='ltr'><strong>culpat</strong></span> <span class='ocrx_word' id='word_1_327' title='bbox 3090 1992 3354 2050; x_wconf 83' lang='lat' dir='ltr'><strong>Eusebius</strong></span> <span class='ocrx_word' id='word_1_328' title='bbox 3386 2013 3398 2048; x_wconf 93' lang='lat'>:</span> <span class='ocrx_word' id='word_1_329' title='bbox 3428 1996 3519 2049; x_wconf 87' lang='lat' dir='ltr'><strong>ubi</strong></span> <span class='ocrx_word' id='word_1_330' title='bbox 3581 2000 3848 2052; x_wconf 87' lang='lat' dir='ltr'><strong>nonnulla</strong></span> <span class='ocrx_word' id='word_1_331' title='bbox 3870 2040 3885 2061; x_wconf 89' lang='lat'><strong>,</strong></span> 
     </span>
    </p>
   </div>
   <div class='ocr_carea' id='block_1_48' title="bbox 2312 2082 3884 2155">
    <p class='ocr_par' dir='ltr' id='par_1_48' title="bbox 2312 2082 3884 2155">
     <span class='ocr_line' id='line_1_48' title="bbox 2312 2082 3884 2155; baseline 0.007 -21"><span class='ocrx_word' id='word_1_332' title='bbox 2312 2082 2540 2152; x_wconf 75' lang='lat' dir='ltr'><strong>ipsaque</strong></span> <span class='ocrx_word' id='word_1_333' title='bbox 2568 2083 2882 2137; x_wconf 71' lang='lat' dir='ltr'><strong>orthodoxae</strong></span> <span class='ocrx_word' id='word_1_334' title='bbox 2904 2087 3184 2139; x_wconf 74' lang='lat' dir='ltr'><strong>sententia:</strong></span> <span class='ocrx_word' id='word_1_335' title='bbox 3199 2088 3380 2149; x_wconf 89' lang='lat' dir='ltr'><strong>verba,</strong></span> <span class='ocrx_word' id='word_1_336' title='bbox 3405 2097 3598 2155; x_wconf 83' lang='lat' dir='ltr'><strong>utpote</strong></span> <span class='ocrx_word' id='word_1_337' title='bbox 3627 2089 3884 2150; x_wconf 70' lang='lat' dir='ltr'><strong>Arianus.</strong></span> 
     </span>
    </p>
   </div>
   <div class='ocr_carea' id='block_1_49' title="bbox 2309 2172 3883 2245">
    <p class='ocr_par' dir='ltr' id='par_1_49' title="bbox 2309 2172 3883 2245">
     <span class='ocr_line' id='line_1_49' title="bbox 2309 2172 3883 2245; baseline 0.009 -22"><span class='ocrx_word' id='word_1_338' title='bbox 2309 2179 2571 2241; x_wconf 80' lang='lat' dir='ltr'><strong>tanquam</strong></span> <span class='ocrx_word' id='word_1_339' title='bbox 2620 2172 2872 2228; x_wconf 63' lang='lat' dir='ltr'><strong>haeretica</strong></span> <span class='ocrx_word' id='word_1_340' title='bbox 2925 2176 3103 2245; x_wconf 84' lang='lat' dir='ltr'><strong>carpit</strong></span> <span class='ocrx_word' id='word_1_341' title='bbox 3137 2186 3186 2230; x_wconf 91' lang='lat' dir='ltr'><strong>et</strong></span> <span class='ocrx_word' id='word_1_342' title='bbox 3239 2176 3518 2244; x_wconf 79' lang='lat' dir='ltr'><strong>confutat;</strong></span> <span class='ocrx_word' id='word_1_343' title='bbox 3567 2180 3680 2233; x_wconf 90' lang='lat' dir='ltr'><strong>alia</strong></span> <span class='ocrx_word' id='word_1_344' title='bbox 3731 2197 3883 2245; x_wconf 80' lang='lat' dir='ltr'><strong>vero.</strong></span> 
     </span>
    </p>
   </div>
   <div class='ocr_carea' id='block_1_50' title="bbox 2310 2267 3883 2339">
    <p class='ocr_par' dir='ltr' id='par_1_50' title="bbox 2310 2267 3883 2339">
     <span class='ocr_line' id='line_1_50' title="bbox 2310 2267 3883 2339; baseline 0.006 -21"><span class='ocrx_word' id='word_1_345' title='bbox 2310 2279 2430 2333; x_wconf 72' lang='lat' dir='ltr'><strong>qua:</strong></span> <span class='ocrx_word' id='word_1_346' title='bbox 2461 2279 2591 2320; x_wconf 89' lang='lat' dir='ltr'><strong>sane</strong></span> <span class='ocrx_word' id='word_1_347' title='bbox 2628 2275 2685 2320; x_wconf 91' lang='lat' dir='ltr'><strong>ut</strong></span> <span class='ocrx_word' id='word_1_348' title='bbox 2723 2282 2951 2322; x_wconf 87' lang='lat' dir='ltr'><strong>erronea</strong></span> <span class='ocrx_word' id='word_1_349' title='bbox 2985 2267 3150 2338; x_wconf 82' lang='lat' dir='ltr'><strong>probe</strong></span> <span class='ocrx_word' id='word_1_350' title='bbox 3179 2269 3662 2339; x_wconf 83' lang='lat' dir='ltr'><strong>reprehenduntur</strong></span> <span class='ocrx_word' id='word_1_351' title='bbox 3686 2313 3702 2335; x_wconf 90' lang='lat'><strong>,</strong></span> <span class='ocrx_word' id='word_1_352' title='bbox 3749 2271 3883 2327; x_wconf 85' lang='lat' dir='ltr'><strong>haud</strong></span> 
     </span>
    </p>
   </div>
   <div class='ocr_carea' id='block_1_51' title="bbox 2308 2357 3882 2428">
    <p class='ocr_par' dir='ltr' id='par_1_51' title="bbox 2308 2357 3882 2428">
     <span class='ocr_line' id='line_1_51' title="bbox 2308 2357 3882 2428; baseline 0.006 -18"><span class='ocrx_word' id='word_1_353' title='bbox 2308 2357 2382 2410; x_wconf 90' lang='lat' dir='ltr'><strong>ita</strong></span> <span class='ocrx_word' id='word_1_354' title='bbox 2407 2358 2552 2412; x_wconf 88' lang='lat' dir='ltr'><strong>clare</strong></span> <span class='ocrx_word' id='word_1_355' title='bbox 2582 2360 2634 2410; x_wconf 92' lang='lat' dir='ltr'><strong>in</strong></span> <span class='ocrx_word' id='word_1_356' title='bbox 2666 2357 2904 2412; x_wconf 72' lang='lat' dir='ltr'><strong>Marcelli</strong></span> <span class='ocrx_word' id='word_1_357' title='bbox 2937 2360 3073 2414; x_wconf 87' lang='lat' dir='ltr'><strong>locis</strong></span> <span class='ocrx_word' id='word_1_358' title='bbox 3122 2361 3500 2428; x_wconf 85' lang='lat' dir='ltr'><strong>enuntiantur,</strong></span> <span class='ocrx_word' id='word_1_359' title='bbox 3534 2370 3597 2415; x_wconf 81' lang='lat' dir='ltr'><strong>ut</strong></span> <span class='ocrx_word' id='word_1_360' title='bbox 3656 2363 3882 2419; x_wconf 77' lang='lat' dir='ltr'><strong>inferius</strong></span> 
     </span>
    </p>
   </div>
   <div class='ocr_carea' id='block_1_52' title="bbox 2308 2448 3883 2524">
    <p class='ocr_par' dir='ltr' id='par_1_52' title="bbox 2308 2448 3883 2524">
     <span class='ocr_line' id='line_1_52' title="bbox 2308 2448 3883 2524; baseline 0.005 -25"><span class='ocrx_word' id='word_1_361' title='bbox 2308 2448 2614 2514; x_wconf 84' lang='lat' dir='ltr'><strong>videbitur;</strong></span> <span class='ocrx_word' id='word_1_362' title='bbox 2652 2450 2722 2501; x_wconf 88' lang='lat' dir='ltr'><strong>ita</strong></span> <span class='ocrx_word' id='word_1_363' title='bbox 2751 2458 2949 2519; x_wconf 71' lang='lat' dir='ltr'><strong>utqute</strong></span> <span class='ocrx_word' id='word_1_364' title='bbox 2972 2451 3174 2506; x_wconf 87' lang='lat' dir='ltr'><strong>diserte</strong></span> <span class='ocrx_word' id='word_1_365' title='bbox 3203 2461 3256 2506; x_wconf 89' lang='lat' dir='ltr'><strong>et</strong></span> <span class='ocrx_word' id='word_1_366' title='bbox 3290 2451 3434 2506; x_wconf 89' lang='lat' dir='ltr'><strong>nulla</strong></span> <span class='ocrx_word' id='word_1_367' title='bbox 3469 2453 3708 2524; x_wconf 87' lang='lat' dir='ltr'><strong>ambage</strong></span> <span class='ocrx_word' id='word_1_368' title='bbox 3750 2454 3883 2524; x_wconf 89' lang='lat' dir='ltr'><strong>apud</strong></span> 
     </span>
    </p>
   </div>
   <div class='ocr_carea' id='block_1_53' title="bbox 2309 2538 3878 2611">
    <p class='ocr_par' dir='ltr' id='par_1_53' title="bbox 2309 2538 3878 2611">
     <span class='ocr_line' id='line_1_53' title="bbox 2309 2538 3878 2611; baseline 0.008 -20"><span class='ocrx_word' id='word_1_369' title='bbox 2309 2538 2568 2593; x_wconf 77' lang='lat' dir='ltr'><strong>Basiliam</strong></span> <span class='ocrx_word' id='word_1_370' title='bbox 2597 2548 2650 2594; x_wconf 88' lang='lat' dir='ltr'><strong>et</strong></span> <span class='ocrx_word' id='word_1_371' title='bbox 2666 2539 3070 2595; x_wconf 84' lang='lat' dir='ltr'><strong>Theodoretum</strong></span> <span class='ocrx_word' id='word_1_372' title='bbox 3095 2541 3312 2597; x_wconf 64' lang='lat' dir='ltr'><strong>eﬂertur</strong></span> <span class='ocrx_word' id='word_1_373' title='bbox 3336 2541 3581 2599; x_wconf 68' lang='lat' dir='ltr'><strong>Marcelli</strong></span> <span class='ocrx_word' id='word_1_374' title='bbox 3619 2545 3878 2611; x_wconf 65' lang='lat' dir='ltr'><strong>hamis,</strong></span> 
     </span>
    </p>
   </div>
   <div class='ocr_carea' id='block_1_54' title="bbox 2307 2629 3877 2702">
    <p class='ocr_par' dir='ltr' id='par_1_54' title="bbox 2307 2629 3877 2702">
     <span class='ocr_line' id='line_1_54' title="bbox 2307 2629 3877 2702; baseline 0.008 -22"><span class='ocrx_word' id='word_1_375' title='bbox 2307 2631 2444 2683; x_wconf 91' lang='lat' dir='ltr'><strong>adeo</strong></span> <span class='ocrx_word' id='word_1_376' title='bbox 2479 2631 2732 2699; x_wconf 79' lang='lat' dir='ltr'><strong>perplexe</strong></span> <span class='ocrx_word' id='word_1_377' title='bbox 2757 2631 2899 2701; x_wconf 89' lang='lat' dir='ltr'><strong>apud</strong></span> <span class='ocrx_word' id='word_1_378' title='bbox 2929 2629 3223 2686; x_wconf 84' lang='lat' dir='ltr'><strong>Eusebium</strong></span> <span class='ocrx_word' id='word_1_379' title='bbox 3255 2633 3457 2702; x_wconf 79' lang='lat' dir='ltr'><strong>jaceat,</strong></span> <span class='ocrx_word' id='word_1_380' title='bbox 3493 2642 3552 2688; x_wconf 91' lang='lat' dir='ltr'><strong>ut</strong></span> <span class='ocrx_word' id='word_1_381' title='bbox 3580 2635 3639 2689; x_wconf 90' lang='lat' dir='ltr'><strong>in</strong></span> <span class='ocrx_word' id='word_1_382' title='bbox 3673 2647 3877 2691; x_wconf 75' lang='lat' dir='ltr'><strong>utram-</strong></span> 
     </span>
    </p>
   </div>
   <div class='ocr_carea' id='block_1_55' title="bbox 2306 2721 3100 2791">
    <p class='ocr_par' dir='ltr' id='par_1_55' title="bbox 2306 2721 3100 2791">
     <span class='ocr_line' id='line_1_55' title="bbox 2306 2721 3100 2791; baseline 0.005 -17"><span class='ocrx_word' id='word_1_383' title='bbox 2306 2721 2385 2775; x_wconf 86' lang='lat' dir='ltr'><strong>vis</strong></span> <span class='ocrx_word' id='word_1_384' title='bbox 2412 2732 2615 2791; x_wconf 87' lang='lat' dir='ltr'><strong>partem</strong></span> <span class='ocrx_word' id='word_1_385' title='bbox 2648 2721 2805 2777; x_wconf 78' lang='lat' dir='ltr'><strong>facile</strong></span> <span class='ocrx_word' id='word_1_386' title='bbox 2826 2723 3100 2778; x_wconf 79' lang='lat' dir='ltr'><strong>deﬂectas.</strong></span> 
     </span>
    </p>
   </div>
   <div class='ocr_carea' id='block_1_56' title="bbox 2615 2823 3562 2877">
    <p class='ocr_par' dir='ltr' id='par_1_56' title="bbox 2615 2823 3562 2877">
     <span class='ocr_line' id='line_1_56' title="bbox 2615 2823 3562 2877; baseline 0.008 -8"><span class='ocrx_word' id='word_1_387' title='bbox 2615 2823 2716 2873; x_wconf 70' lang='grc' dir='ltr'><strong>ΥΠ.</strong></span> <span class='ocrx_word' id='word_1_388' title='bbox 2746 2825 2941 2875; x_wconf 88' lang='lat' dir='ltr'><strong>Summa</strong></span> <span class='ocrx_word' id='word_1_389' title='bbox 2963 2823 3286 2876; x_wconf 71' lang='lat' dir='ltr'><strong>llarcelllane</strong></span> <span class='ocrx_word' id='word_1_390' title='bbox 3307 2826 3562 2877; x_wconf 66' lang='lat' dir='ltr'><strong>doctrixm.</strong></span> 
     </span>
    </p>
   </div>
   <div class='ocr_carea' id='block_1_57' title="bbox 2373 2901 3872 2974">
    <p class='ocr_par' dir='ltr' id='par_1_57' title="bbox 2373 2901 3872 2974">
     <span class='ocr_line' id='line_1_57' title="bbox 2373 2901 3872 2974; baseline 0.007 -18"><span class='ocrx_word' id='word_1_391' title='bbox 2373 2901 2449 2958; x_wconf 83' lang='lat' dir='ltr'><strong>Ex</strong></span> <span class='ocrx_word' id='word_1_392' title='bbox 2482 2904 2662 2958; x_wconf 87' lang='lat' dir='ltr'><strong>allatis</strong></span> <span class='ocrx_word' id='word_1_393' title='bbox 2699 2920 2862 2974; x_wconf 88' lang='lat' dir='ltr'><strong>porro</strong></span> <span class='ocrx_word' id='word_1_394' title='bbox 2897 2908 3226 2962; x_wconf 88' lang='lat' dir='ltr'><strong>testimoniis</strong></span> <span class='ocrx_word' id='word_1_395' title='bbox 3259 2904 3628 2964; x_wconf 69' lang='lat' dir='ltr'><strong>Marcelliana</strong></span> <span class='ocrx_word' id='word_1_396' title='bbox 3652 2917 3872 2966; x_wconf 74' lang='lat' dir='ltr'><strong>senten-</strong></span> 
     </span>
    </p>
   </div>
   <div class='ocr_carea' id='block_1_58' title="bbox 2303 2997 3875 3060">
    <p class='ocr_par' dir='ltr' id='par_1_58' title="bbox 2303 2997 3875 3060">
     <span class='ocr_line' id='line_1_58' title="bbox 2303 2997 3875 3060; baseline 0.007 -12"><span class='ocrx_word' id='word_1_397' title='bbox 2303 2997 2390 3049; x_wconf 77' lang='lat' dir='ltr'><strong>tia:</strong></span> <span class='ocrx_word' id='word_1_398' title='bbox 2423 3011 2692 3050; x_wconf 87' lang='lat' dir='ltr'><strong>summam</strong></span> <span class='ocrx_word' id='word_1_399' title='bbox 2733 2997 2954 3052; x_wconf 80' lang='lat' dir='ltr'><strong>duxeris</strong></span> <span class='ocrx_word' id='word_1_400' title='bbox 2987 3017 3000 3052; x_wconf 92' lang='lat'>:</span> <span class='ocrx_word' id='word_1_401' title='bbox 3045 2997 3194 3053; x_wconf 80' lang='lat' dir='ltr'><strong>Unus</strong></span> <span class='ocrx_word' id='word_1_402' title='bbox 3227 3000 3293 3053; x_wconf 89' lang='lat' dir='ltr'><strong>ab</strong></span> <span class='ocrx_word' id='word_1_403' title='bbox 3324 3007 3531 3054; x_wconf 69' lang='lat' dir='ltr'><strong>aeterno</strong></span> <span class='ocrx_word' id='word_1_404' title='bbox 3563 3001 3711 3058; x_wconf 86' lang='lat' dir='ltr'><strong>Deus</strong></span> <span class='ocrx_word' id='word_1_405' title='bbox 3736 3006 3875 3060; x_wconf 78' lang='lat' dir='ltr'><strong>exsi-</strong></span> 
     </span>
    </p>
   </div>
   <div class='ocr_carea' id='block_1_59' title="bbox 2305 3087 3870 3158">
    <p class='ocr_par' dir='ltr' id='par_1_59' title="bbox 2305 3087 3870 3158">
     <span class='ocr_line' id='line_1_59' title="bbox 2305 3087 3870 3158; baseline 0.006 -18"><span class='ocrx_word' id='word_1_406' title='bbox 2305 3088 2439 3141; x_wconf 89' lang='lat' dir='ltr'><strong>stit:</strong></span> <span class='ocrx_word' id='word_1_407' title='bbox 2499 3087 2658 3155; x_wconf 87' lang='lat' dir='ltr'><strong>cujus</strong></span> <span class='ocrx_word' id='word_1_408' title='bbox 2696 3087 2870 3154; x_wconf 84' lang='grc' dir='ltr'><strong>λόγος,</strong></span> <span class='ocrx_word' id='word_1_409' title='bbox 2931 3104 3023 3143; x_wconf 85' lang='lat' dir='ltr'><strong>seu</strong></span> <span class='ocrx_word' id='word_1_410' title='bbox 3074 3090 3252 3153; x_wconf 88' lang='lat' dir='ltr'><strong>ratio,</strong></span> <span class='ocrx_word' id='word_1_411' title='bbox 3310 3099 3403 3144; x_wconf 88' lang='lat' dir='ltr'><strong>aut</strong></span> <span class='ocrx_word' id='word_1_412' title='bbox 3433 3093 3663 3147; x_wconf 85' lang='lat' dir='ltr'><strong>verbum</strong></span> <span class='ocrx_word' id='word_1_413' title='bbox 3691 3135 3707 3158; x_wconf 93' lang='lat'><strong>,</strong></span> <span class='ocrx_word' id='word_1_414' title='bbox 3752 3110 3870 3150; x_wconf 86' lang='lat' dir='ltr'><strong>nam</strong></span> 
     </span>
    </p>
   </div>
   <div class='ocr_carea' id='block_1_60' title="bbox 619 3177 2200 3284">
    <p class='ocr_par' dir='ltr' id='par_1_60' title="bbox 619 3186 2198 3284">
     <span class='ocr_line' id='line_1_60' title="bbox 619 3186 2198 3284; baseline -0.001 -39"><span class='ocrx_word' id='word_1_415' title='bbox 619 3193 682 3284; x_wconf 51' lang='grc' dir='ltr'><strong>ἐξ</strong></span> <span class='ocrx_word' id='word_1_416' title='bbox 709 3186 875 3261; x_wconf 71' lang='grc' dir='ltr'>οὗπερ</span> <span class='ocrx_word' id='word_1_417' title='bbox 902 3193 1124 3262; x_wconf 71' lang='grc' dir='ltr'><strong>ἐξετάοη</strong></span> <span class='ocrx_word' id='word_1_418' title='bbox 1147 3211 1160 3222; x_wconf 89' lang='grc'><strong>·</strong></span> <span class='ocrx_word' id='word_1_419' title='bbox 1195 3194 1254 3243; x_wconf 81' lang='grc' dir='ltr'><strong>τὸ</strong></span> <span class='ocrx_word' id='word_1_420' title='bbox 1288 3193 1341 3244; x_wconf 85' lang='grc' dir='ltr'><strong>δὲ</strong></span> <span class='ocrx_word' id='word_1_421' title='bbox 1376 3194 1886 3269; x_wconf 56' lang='grc' dir='ltr'>πανάγιονβπῇμα</span> <span class='ocrx_word' id='word_1_422' title='bbox 1919 3194 2198 3263; x_wconf 78' lang='grc' dir='ltr'>παρέκτα-</span> 
     </span>
    </p>
   </div>
   <div class='ocr_carea' id='block_1_61' title="bbox 2304 3177 3869 3284">
    <p class='ocr_par' dir='ltr' id='par_1_61' title="bbox 2307 3177 3869 3252">
     <span class='ocr_line' id='line_1_61' title="bbox 2307 3177 3869 3252; baseline 0.008 -22"><span class='ocrx_word' id='word_1_423' title='bbox 2307 3187 2536 3248; x_wconf 91' lang='lat' dir='ltr'><strong>utroque</strong></span> <span class='ocrx_word' id='word_1_424' title='bbox 2569 3177 2729 3233; x_wconf 90' lang='lat' dir='ltr'><strong>modo</strong></span> <span class='ocrx_word' id='word_1_425' title='bbox 2751 3181 3076 3248; x_wconf 85' lang='lat' dir='ltr'><strong>exprimitur</strong></span> <span class='ocrx_word' id='word_1_426' title='bbox 3096 3223 3109 3244; x_wconf 89' lang='lat'><strong>,</strong></span> <span class='ocrx_word' id='word_1_427' title='bbox 3146 3183 3349 3252; x_wconf 90' lang='lat' dir='ltr'><strong>pariter</strong></span> <span class='ocrx_word' id='word_1_428' title='bbox 3393 3193 3684 3249; x_wconf 64' lang='lat' dir='ltr'><strong>aeternum,</strong></span> <span class='ocrx_word' id='word_1_429' title='bbox 3709 3204 3869 3243; x_wconf 87' lang='lat' dir='ltr'><strong>unum</strong></span> 
     </span>
    </p>
   </div>
   <div class='ocr_carea' id='block_1_62' title="bbox 623 3285 2198 3355">
    <p class='ocr_par' dir='ltr' id='par_1_62' title="bbox 623 3285 2198 3355">
     <span class='ocr_line' id='line_1_62' title="bbox 623 3285 2198 3355; baseline 0.007 -19"><span class='ocrx_word' id='word_1_430' title='bbox 623 3302 707 3337; x_wconf 85' lang='grc' dir='ltr'><strong>σιν</strong></span> <span class='ocrx_word' id='word_1_431' title='bbox 731 3286 828 3352; x_wconf 68' lang='grc' dir='ltr'><strong>τῆς</strong></span> <span class='ocrx_word' id='word_1_432' title='bbox 859 3287 1130 3346; x_wconf 74' lang='grc' dir='ltr'><strong>ἐκτάσεως</strong></span> <span class='ocrx_word' id='word_1_433' title='bbox 1163 3286 1328 3351; x_wconf 77' lang='grc' dir='ltr'><strong>λέγει,</strong></span> <span class='ocrx_word' id='word_1_434' title='bbox 1369 3288 1460 3337; x_wconf 76' lang='grc' dir='ltr'><strong>καὶ</strong></span> <span class='ocrx_word' id='word_1_435' title='bbox 1498 3286 1699 3355; x_wconf 70' lang='grc' dir='ltr'>ταύτην</span> <span class='ocrx_word' id='word_1_436' title='bbox 1737 3285 2198 3346; x_wconf 74' lang='grc' dir='ltr'><strong>τοῖςσάποστόλοις</strong></span> 
     </span>
    </p>
   </div>
   <div class='ocr_carea' id='block_1_63' title="bbox 622 3375 2196 3444">
    <p class='ocr_par' dir='ltr' id='par_1_63' title="bbox 622 3375 2196 3444">
     <span class='ocr_line' id='line_1_63' title="bbox 622 3375 2196 3444; baseline -0.001 -19"><span class='ocrx_word' id='word_1_437' title='bbox 622 3376 1052 3442; x_wconf 68' lang='grc' dir='ltr'>παρασχεϐἦναι.</span> <span class='ocrx_word' id='word_1_438' title='bbox 1101 3377 1208 3427; x_wconf 80' lang='grc' dir='ltr'>Καὶ</span> <span class='ocrx_word' id='word_1_439' title='bbox 1234 3375 1566 3439; x_wconf 79' lang='grc' dir='ltr'><strong>ἁπαξαπλῶς</strong></span> <span class='ocrx_word' id='word_1_440' title='bbox 1599 3376 1826 3428; x_wconf 77' lang='grc' dir='ltr'>ὑπέθετο</span> <span class='ocrx_word' id='word_1_441' title='bbox 1864 3375 2067 3444; x_wconf 77' lang='grc' dir='ltr'>Τριάδα</span> <span class='ocrx_word' id='word_1_442' title='bbox 2104 3376 2196 3424; x_wconf 82' lang='grc' dir='ltr'><strong>ὲκ-</strong></span> 
     </span>
    </p>
   </div>
   <div class='ocr_carea' id='block_1_64' title="bbox 621 3458 2196 3532">
    <p class='ocr_par' dir='ltr' id='par_1_64' title="bbox 621 3458 2196 3532">
     <span class='ocr_line' id='line_1_64' title="bbox 621 3458 2196 3532; baseline -0.003 -17"><span class='ocrx_word' id='word_1_443' title='bbox 621 3465 935 3531; x_wconf 74' lang='grc' dir='ltr'>τεινημένην</span> <span class='ocrx_word' id='word_1_444' title='bbox 969 3466 1059 3514; x_wconf 69' lang='grc' dir='ltr'>καὶ</span> <span class='ocrx_word' id='word_1_445' title='bbox 1107 3464 1527 3532; x_wconf 68' lang='grc' dir='ltr'><strong>συστελλομένην</strong></span> <span class='ocrx_word' id='word_1_446' title='bbox 1568 3464 1705 3514; x_wconf 76' lang='grc' dir='ltr'><strong>κατὰ</strong></span> <span class='ocrx_word' id='word_1_447' title='bbox 1733 3459 2020 3532; x_wconf 67' lang='grc' dir='ltr'><strong>διαφέρους</strong></span> <span class='ocrx_word' id='word_1_448' title='bbox 2052 3458 2196 3511; x_wconf 77' lang='grc' dir='ltr'>οἰκο-</span> 
     </span>
    </p>
   </div>
   <div class='ocr_carea' id='block_1_65' title="bbox 622 3551 2199 3624">
    <p class='ocr_par' dir='ltr' id='par_1_65' title="bbox 622 3551 2199 3624">
     <span class='ocr_line' id='line_1_65' title="bbox 622 3551 2199 3624; baseline -0.004 -16"><span class='ocrx_word' id='word_1_449' title='bbox 622 3555 834 3624; x_wconf 62' lang='grc' dir='ltr'>νομίας.</span> <span class='ocrx_word' id='word_1_450' title='bbox 875 3553 927 3607; x_wconf 89' lang='lat' dir='ltr'><strong>Id</strong></span> <span class='ocrx_word' id='word_1_451' title='bbox 961 3565 1078 3608; x_wconf 80' lang='lat' dir='ltr'><strong>est:</strong></span> <span class='ocrx_word' id='word_1_452' title='bbox 1114 3554 1399 3608; x_wconf 78' lang='lat' dir='ltr'><strong>Marcellus</strong></span> <span class='ocrx_word' id='word_1_453' title='bbox 1426 3565 1596 3607; x_wconf 82' lang='lat' dir='ltr'><strong>autem</strong></span> <span class='ocrx_word' id='word_1_454' title='bbox 1619 3553 1833 3614; x_wconf 80' lang='lat' dir='ltr'><strong>Galam,</strong></span> <span class='ocrx_word' id='word_1_455' title='bbox 1859 3551 2103 3604; x_wconf 72' lang='lat' dir='ltr'><strong>similiter</strong></span> <span class='ocrx_word' id='word_1_456' title='bbox 2144 3560 2199 3602; x_wconf 86' lang='lat' dir='ltr'><strong>ut</strong></span> 
     </span>
    </p>
   </div>
   <div class='ocr_carea' id='block_1_66' title="bbox 619 3641 2197 3712">
    <p class='ocr_par' dir='ltr' id='par_1_66' title="bbox 619 3641 2197 3712">
     <span class='ocr_line' id='line_1_66' title="bbox 619 3641 2197 3712; baseline -0.002 -16"><span class='ocrx_word' id='word_1_457' title='bbox 619 3644 730 3704; x_wconf 75' lang='lat' dir='ltr'><strong>ille,</strong></span> <span class='ocrx_word' id='word_1_458' title='bbox 783 3645 985 3712; x_wconf 79' lang='lat' dir='ltr'><strong>negauit</strong></span> <span class='ocrx_word' id='word_1_459' title='bbox 1029 3644 1389 3712; x_wconf 78' lang='lat' dir='ltr'><strong>hypostasium</strong></span> <span class='ocrx_word' id='word_1_460' title='bbox 1455 3644 1763 3695; x_wconf 85' lang='lat' dir='ltr'><strong>trinitatem.</strong></span> <span class='ocrx_word' id='word_1_461' title='bbox 1826 3641 2197 3694; x_wconf 78' lang='lat' dir='ltr'><strong>Extcnsionem</strong></span> 
     </span>
    </p>
   </div>
   <div class='ocr_carea' id='block_1_67' title="bbox 620 3729 2200 3802">
    <p class='ocr_par' dir='ltr' id='par_1_67' title="bbox 620 3729 2200 3802">
     <span class='ocr_line' id='line_1_67' title="bbox 620 3729 2200 3802; baseline -0.001 -15"><span class='ocrx_word' id='word_1_462' title='bbox 620 3750 740 3787; x_wconf 77' lang='lat' dir='ltr'><strong>vero</strong></span> <span class='ocrx_word' id='word_1_463' title='bbox 781 3735 1065 3802; x_wconf 81' lang='lat' dir='ltr'><strong>quamdam</strong></span> <span class='ocrx_word' id='word_1_464' title='bbox 1122 3737 1334 3788; x_wconf 76' lang='lat' dir='ltr'><strong>deitatis</strong></span> <span class='ocrx_word' id='word_1_465' title='bbox 1388 3733 1567 3788; x_wconf 83' lang='lat' dir='ltr'><strong>Patris</strong></span> <span class='ocrx_word' id='word_1_466' title='bbox 1614 3736 1664 3785; x_wconf 86' lang='lat' dir='ltr'><strong>in</strong></span> <span class='ocrx_word' id='word_1_467' title='bbox 1698 3729 1967 3788; x_wconf 79' lang='lat' dir='ltr'><strong>Christum</strong></span> <span class='ocrx_word' id='word_1_468' title='bbox 2003 3736 2200 3786; x_wconf 67' lang='lat' dir='ltr'><strong>venisse</strong></span> 
     </span>
    </p>
   </div>
   <div class='ocr_carea' id='block_1_68' title="bbox 619 3825 2200 3894">
    <p class='ocr_par' dir='ltr' id='par_1_68' title="bbox 619 3825 2200 3894">
     <span class='ocr_line' id='line_1_68' title="bbox 619 3825 2200 3894; baseline 0 -16"><span class='ocrx_word' id='word_1_469' title='bbox 619 3825 776 3891; x_wconf 68' lang='lat' dir='ltr'><strong>dixit,</strong></span> <span class='ocrx_word' id='word_1_470' title='bbox 803 3837 850 3880; x_wconf 80' lang='lat' dir='ltr'><strong>et</strong></span> <span class='ocrx_word' id='word_1_471' title='bbox 876 3827 1008 3879; x_wconf 82' lang='lat' dir='ltr'><strong>lianc</strong></span> <span class='ocrx_word' id='word_1_472' title='bbox 1041 3826 1204 3878; x_wconf 84' lang='lat' dir='ltr'><strong>Deum</strong></span> <span class='ocrx_word' id='word_1_473' title='bbox 1246 3827 1462 3879; x_wconf 70' lang='lat' dir='ltr'><strong>Verbum</strong></span> <span class='ocrx_word' id='word_1_474' title='bbox 1501 3829 1778 3894; x_wconf 76' lang='lat' dir='ltr'><strong>appellavit</strong></span> <span class='ocrx_word' id='word_1_475' title='bbox 1810 3844 1826 3879; x_wconf 84' lang='lat'><strong>.&#39;</strong></span> <span class='ocrx_word' id='word_1_476' title='bbox 1860 3838 2072 3892; x_wconf 77' lang='lat' dir='ltr'><strong>peracta</strong></span> <span class='ocrx_word' id='word_1_477' title='bbox 2103 3844 2200 3879; x_wconf 83' lang='lat' dir='ltr'><strong>au-</strong></span> 
     </span>
    </p>
   </div>
   <div class='ocr_carea' id='block_1_69' title="bbox 625 3919 2200 3978">
    <p class='ocr_par' dir='ltr' id='par_1_69' title="bbox 625 3919 2200 3978">
     <span class='ocr_line' id='line_1_69' title="bbox 625 3919 2200 3978; baseline -0.001 -8"><span class='ocrx_word' id='word_1_478' title='bbox 625 3928 726 3970; x_wconf 88' lang='lat' dir='ltr'><strong>tem</strong></span> <span class='ocrx_word' id='word_1_479' title='bbox 766 3919 1006 3970; x_wconf 70' lang='lat' dir='ltr'><strong>universa</strong></span> <span class='ocrx_word' id='word_1_480' title='bbox 1048 3921 1353 3978; x_wconf 64' lang='lat' dir='ltr'><strong>oeconomia,</strong></span> <span class='ocrx_word' id='word_1_481' title='bbox 1386 3935 1596 3969; x_wconf 88' lang='lat' dir='ltr'><strong>rursum</strong></span> <span class='ocrx_word' id='word_1_482' title='bbox 1637 3928 1922 3970; x_wconf 85' lang='lat' dir='ltr'><strong>attractam</strong></span> <span class='ocrx_word' id='word_1_483' title='bbox 1953 3935 2084 3978; x_wconf 83' lang='lat' dir='ltr'><strong>esse,</strong></span> <span class='ocrx_word' id='word_1_484' title='bbox 2128 3935 2200 3970; x_wconf 82' lang='lat' dir='ltr'><strong>re-</strong></span> 
     </span>
    </p>
   </div>
   <div class='ocr_carea' id='block_1_70' title="bbox 621 4003 2198 4077">
    <p class='ocr_par' dir='ltr' id='par_1_70' title="bbox 621 4003 2198 4077">
     <span class='ocr_line' id='line_1_70' title="bbox 621 4003 2198 4077; baseline -0.002 -14"><span class='ocrx_word' id='word_1_485' title='bbox 621 4025 924 4077; x_wconf 70' lang='lat' dir='ltr'><strong>versumque</strong></span> <span class='ocrx_word' id='word_1_486' title='bbox 949 4010 1016 4060; x_wconf 85' lang='lat' dir='ltr'><strong>ad</strong></span> <span class='ocrx_word' id='word_1_487' title='bbox 1050 4008 1238 4068; x_wconf 85' lang='lat' dir='ltr'><strong>Deum,</strong></span> <span class='ocrx_word' id='word_1_488' title='bbox 1273 4025 1335 4061; x_wconf 76' lang='lat' dir='ltr'><strong>ex</strong></span> <span class='ocrx_word' id='word_1_489' title='bbox 1371 4026 1471 4077; x_wconf 83' lang='lat' dir='ltr'><strong>quo</strong></span> <span class='ocrx_word' id='word_1_490' title='bbox 1502 4018 1716 4061; x_wconf 73' lang='lat' dir='ltr'><strong>extensa</strong></span> <span class='ocrx_word' id='word_1_491' title='bbox 1762 4003 1882 4076; x_wconf 78' lang='lat' dir='ltr'><strong>fuit.</strong></span> <span class='ocrx_word' id='word_1_492' title='bbox 1936 4009 2198 4074; x_wconf 81' lang='lat' dir='ltr'><strong>Spiritum</strong></span> 
     </span>
    </p>
   </div>
   <div class='ocr_carea' id='block_1_71' title="bbox 623 4099 2196 4153">
    <p class='ocr_par' dir='ltr' id='par_1_71' title="bbox 623 4099 2196 4153">
     <span class='ocr_line' id='line_1_71' title="bbox 623 4099 2196 4153; baseline -0.001 0"><span class='ocrx_word' id='word_1_493' title='bbox 623 4117 741 4153; x_wconf 72' lang='lat' dir='ltr'><strong>vero</strong></span> <span class='ocrx_word' id='word_1_494' title='bbox 796 4113 1038 4151; x_wconf 76' lang='lat' dir='ltr'><strong>smmum</strong></span> <span class='ocrx_word' id='word_1_495' title='bbox 1102 4099 1409 4150; x_wconf 74' lang='lat' dir='ltr'><strong>ulteriorem</strong></span> <span class='ocrx_word' id='word_1_496' title='bbox 1478 4102 1826 4152; x_wconf 66' lang='lat' dir='ltr'><strong>extentionem</strong></span> <span class='ocrx_word' id='word_1_497' title='bbox 1878 4101 2196 4153; x_wconf 72' lang='lat' dir='ltr'><strong>extensionis</strong></span> 
     </span>
    </p>
   </div>
   <div class='ocr_carea' id='block_1_72' title="bbox 626 4190 2198 4256">
    <p class='ocr_par' dir='ltr' id='par_1_72' title="bbox 626 4190 2198 4256">
     <span class='ocr_line' id='line_1_72' title="bbox 626 4190 2198 4256; baseline -0.001 -12"><span class='ocrx_word' id='word_1_498' title='bbox 626 4207 759 4252; x_wconf 70' lang='lat' dir='ltr'><strong>esse,</strong></span> <span class='ocrx_word' id='word_1_499' title='bbox 792 4201 840 4242; x_wconf 84' lang='lat' dir='ltr'><strong>et</strong></span> <span class='ocrx_word' id='word_1_500' title='bbox 877 4192 1011 4242; x_wconf 81' lang='lat' dir='ltr'><strong>hanc</strong></span> <span class='ocrx_word' id='word_1_501' title='bbox 1053 4191 1304 4256; x_wconf 78' lang='lat' dir='ltr'><strong>apostolis</strong></span> <span class='ocrx_word' id='word_1_502' title='bbox 1336 4191 1517 4241; x_wconf 83' lang='lat' dir='ltr'><strong>datam</strong></span> <span class='ocrx_word' id='word_1_503' title='bbox 1569 4191 1732 4256; x_wconf 78' lang='lat' dir='ltr'><strong>fuisse</strong></span> <span class='ocrx_word' id='word_1_504' title='bbox 1777 4190 2059 4242; x_wconf 83' lang='lat' dir='ltr'><strong>secundum</strong></span> <span class='ocrx_word' id='word_1_505' title='bbox 2114 4191 2198 4242; x_wconf 89' lang='lat' dir='ltr'><strong>di-</strong></span> 
     </span>
    </p>
   </div>
   <div class='ocr_carea' id='block_1_73' title="bbox 626 4287 1161 4338">
    <p class='ocr_par' dir='ltr' id='par_1_73' title="bbox 626 4287 1161 4338">
     <span class='ocr_line' id='line_1_73' title="bbox 626 4287 1161 4338; baseline -0.002 -1"><span class='ocrx_word' id='word_1_506' title='bbox 626 4301 800 4338; x_wconf 76' lang='lat' dir='ltr'><strong>uersas</strong></span> <span class='ocrx_word' id='word_1_507' title='bbox 831 4287 1161 4337; x_wconf 70' lang='lat' dir='ltr'><strong>meouomias.</strong></span> 
     </span>
    </p>
   </div>
   <div class='ocr_carea' id='block_1_74' title="bbox 980 4387 1838 4445">
    <p class='ocr_par' dir='ltr' id='par_1_74' title="bbox 980 4387 1838 4445">
     <span class='ocr_line' id='line_1_74' title="bbox 980 4387 1838 4445; baseline 0.002 -12"><span class='ocrx_word' id='word_1_508' title='bbox 980 4390 1058 4437; x_wconf 76' lang='lat' dir='ltr'><strong>Vl.</strong></span> <span class='ocrx_word' id='word_1_509' title='bbox 1089 4389 1212 4445; x_wconf 88' lang='lat' dir='ltr'><strong>Ouid</strong></span> <span class='ocrx_word' id='word_1_510' title='bbox 1242 4389 1478 4436; x_wconf 78' lang='lat' dir='ltr'><strong>Eusebius</strong></span> <span class='ocrx_word' id='word_1_511' title='bbox 1510 4387 1838 4436; x_wconf 66' lang='lat' dir='ltr'><strong>Caesariensis.</strong></span> 
     </span>
    </p>
   </div>
   <div class='ocr_carea' id='block_1_75' title="bbox 687 4470 2191 4540">
    <p class='ocr_par' dir='ltr' id='par_1_75' title="bbox 687 4470 2191 4540">
     <span class='ocr_line' id='line_1_75' title="bbox 687 4470 2191 4540; baseline -0.004 -12"><span class='ocrx_word' id='word_1_512' title='bbox 687 4473 808 4528; x_wconf 67' lang='lat' dir='ltr'><strong>lam</strong></span> <span class='ocrx_word' id='word_1_513' title='bbox 857 4490 922 4527; x_wconf 90' lang='lat' dir='ltr'><strong>ex</strong></span> <span class='ocrx_word' id='word_1_514' title='bbox 980 4473 1214 4526; x_wconf 85' lang='lat' dir='ltr'><strong>Eusebio</strong></span> <span class='ocrx_word' id='word_1_515' title='bbox 1272 4473 1427 4540; x_wconf 87' lang='lat' dir='ltr'><strong>ipso,</strong></span> <span class='ocrx_word' id='word_1_516' title='bbox 1477 4471 1566 4540; x_wconf 88' lang='lat' dir='ltr'><strong>qui</strong></span> <span class='ocrx_word' id='word_1_517' title='bbox 1625 4481 1817 4523; x_wconf 79' lang='lat' dir='ltr'><strong>contra</strong></span> <span class='ocrx_word' id='word_1_518' title='bbox 1882 4470 2191 4524; x_wconf 76' lang='lat' dir='ltr'><strong>Marcellum</strong></span> 
     </span>
    </p>
   </div>
   <div class='ocr_carea' id='block_1_76' title="bbox 2303 3267 3870 3344">
    <p class='ocr_par' dir='ltr' id='par_1_76' title="bbox 2303 3267 3870 3344">
     <span class='ocr_line' id='line_1_76' title="bbox 2303 3267 3870 3344; baseline 0.007 -22"><span class='ocrx_word' id='word_1_519' title='bbox 2303 3278 2386 3323; x_wconf 90' lang='lat' dir='ltr'><strong>est</strong></span> <span class='ocrx_word' id='word_1_520' title='bbox 2415 3284 2537 3322; x_wconf 90' lang='lat' dir='ltr'><strong>cum</strong></span> <span class='ocrx_word' id='word_1_521' title='bbox 2572 3269 2680 3324; x_wconf 84' lang='lat' dir='ltr'><strong>Deo</strong></span> <span class='ocrx_word' id='word_1_522' title='bbox 2728 3272 2845 3340; x_wconf 77' lang='lat' dir='ltr'><strong>ipso</strong></span> <span class='ocrx_word' id='word_1_523' title='bbox 2884 3267 3041 3344; x_wconf 76' lang='grc' dir='ltr'>οὐσίᾳ</span> <span class='ocrx_word' id='word_1_524' title='bbox 3081 3274 3176 3326; x_wconf 69' lang='grc' dir='ltr'>καὶ</span> <span class='ocrx_word' id='word_1_525' title='bbox 3206 3275 3530 3337; x_wconf 74' lang='grc' dir='ltr'><strong>ὑποστάσει,</strong></span> <span class='ocrx_word' id='word_1_526' title='bbox 3568 3279 3870 3334; x_wconf 81' lang='lat' dir='ltr'><strong>substatia</strong></span> 
     </span>
    </p>
   </div>
   <div class='ocr_carea' id='block_1_77' title="bbox 2302 3361 3872 3437">
    <p class='ocr_par' dir='ltr' id='par_1_77' title="bbox 2302 3361 3872 3437">
     <span class='ocr_line' id='line_1_77' title="bbox 2302 3361 3872 3437; baseline 0.006 -22"><span class='ocrx_word' id='word_1_527' title='bbox 2302 3371 2354 3415; x_wconf 88' lang='lat' dir='ltr'><strong>et</strong></span> <span class='ocrx_word' id='word_1_528' title='bbox 2387 3361 2689 3430; x_wconf 77' lang='lat' dir='ltr'><strong>hypostasi,</strong></span> <span class='ocrx_word' id='word_1_529' title='bbox 2721 3363 2793 3415; x_wconf 90' lang='lat' dir='ltr'><strong>ita</strong></span> <span class='ocrx_word' id='word_1_530' title='bbox 2828 3371 2885 3416; x_wconf 93' lang='lat' dir='ltr'><strong>ut</strong></span> <span class='ocrx_word' id='word_1_531' title='bbox 2914 3364 3058 3416; x_wconf 87' lang='lat' dir='ltr'><strong>nulla</strong></span> <span class='ocrx_word' id='word_1_532' title='bbox 3087 3366 3157 3418; x_wconf 81' lang='lat' dir='ltr'><strong>sit</strong></span> <span class='ocrx_word' id='word_1_533' title='bbox 3187 3367 3328 3419; x_wconf 89' lang='lat' dir='ltr'><strong>inter</strong></span> <span class='ocrx_word' id='word_1_534' title='bbox 3355 3376 3652 3437; x_wconf 87' lang='lat' dir='ltr'><strong>utrumque</strong></span> <span class='ocrx_word' id='word_1_535' title='bbox 3677 3371 3872 3426; x_wconf 81' lang='lat' dir='ltr'><strong>distin-</strong></span> 
     </span>
    </p>
   </div>
   <div class='ocr_carea' id='block_1_78' title="bbox 2301 3454 3872 3524">
    <p class='ocr_par' dir='ltr' id='par_1_78' title="bbox 2301 3454 3872 3524">
     <span class='ocr_line' id='line_1_78' title="bbox 2301 3454 3872 3524; baseline 0.008 -17"><span class='ocrx_word' id='word_1_536' title='bbox 2301 3455 2411 3507; x_wconf 87' lang='lat' dir='ltr'><strong>ctio</strong></span> <span class='ocrx_word' id='word_1_537' title='bbox 2451 3474 2462 3507; x_wconf 95' lang='lat'>:</span> <span class='ocrx_word' id='word_1_538' title='bbox 2497 3465 2690 3524; x_wconf 84' lang='lat' dir='ltr'><strong>estque</strong></span> <span class='ocrx_word' id='word_1_539' title='bbox 2723 3455 2945 3509; x_wconf 85' lang='lat' dir='ltr'><strong>verbum</strong></span> <span class='ocrx_word' id='word_1_540' title='bbox 2989 3454 3187 3520; x_wconf 85' lang='lat' dir='ltr'><strong>silens,</strong></span> <span class='ocrx_word' id='word_1_541' title='bbox 3226 3457 3526 3522; x_wconf 88' lang='lat' dir='ltr'><strong>internum,</strong></span> <span class='ocrx_word' id='word_1_542' title='bbox 3557 3462 3676 3517; x_wconf 86' lang='lat' dir='ltr'><strong>sive</strong></span> <span class='ocrx_word' id='word_1_543' title='bbox 3704 3463 3872 3518; x_wconf 72' lang='grc' dir='ltr'><strong>ἐνδιὰ·</strong></span> 
     </span>
    </p>
   </div>
   <div class='ocr_carea' id='block_1_79' title="bbox 2302 3543 3872 3613">
    <p class='ocr_par' dir='ltr' id='par_1_79' title="bbox 2302 3543 3872 3613">
     <span class='ocr_line' id='line_1_79' title="bbox 2302 3543 3872 3613; baseline 0.008 -18"><span class='ocrx_word' id='word_1_544' title='bbox 2302 3543 2470 3596; x_wconf 85' lang='grc' dir='ltr'>Θετον.</span> <span class='ocrx_word' id='word_1_545' title='bbox 2532 3545 2766 3613; x_wconf 84' lang='lat' dir='ltr'><strong>Spiritus</strong></span> <span class='ocrx_word' id='word_1_546' title='bbox 2814 3543 2940 3598; x_wconf 88' lang='lat' dir='ltr'><strong>item</strong></span> <span class='ocrx_word' id='word_1_547' title='bbox 2995 3553 3221 3599; x_wconf 85' lang='lat' dir='ltr'><strong>sanctus</strong></span> <span class='ocrx_word' id='word_1_548' title='bbox 3273 3547 3329 3600; x_wconf 88' lang='lat' dir='ltr'><strong>in</strong></span> <span class='ocrx_word' id='word_1_549' title='bbox 3377 3546 3488 3602; x_wconf 89' lang='lat' dir='ltr'><strong>Deo</strong></span> <span class='ocrx_word' id='word_1_550' title='bbox 3545 3551 3616 3604; x_wconf 84' lang='lat' dir='ltr'><strong>ab</strong></span> <span class='ocrx_word' id='word_1_551' title='bbox 3667 3561 3872 3607; x_wconf 65' lang='lat' dir='ltr'><strong>eterna</strong></span> 
     </span>
    </p>
   </div>
   <div class='ocr_carea' id='block_1_80' title="bbox 2302 3636 3869 3699">
    <p class='ocr_par' dir='ltr' id='par_1_80' title="bbox 2302 3636 3869 3699">
     <span class='ocr_line' id='line_1_80' title="bbox 2302 3636 3869 3699; baseline 0.004 -9"><span class='ocrx_word' id='word_1_552' title='bbox 2302 3638 2421 3699; x_wconf 84' lang='lat' dir='ltr'><strong>luit,</strong></span> <span class='ocrx_word' id='word_1_553' title='bbox 2461 3637 2608 3690; x_wconf 88' lang='lat' dir='ltr'><strong>nulla</strong></span> <span class='ocrx_word' id='word_1_554' title='bbox 2640 3636 2890 3691; x_wconf 89' lang='lat' dir='ltr'><strong>similiter</strong></span> <span class='ocrx_word' id='word_1_555' title='bbox 2920 3636 3024 3690; x_wconf 86' lang='lat' dir='ltr'><strong>nisi</strong></span> <span class='ocrx_word' id='word_1_556' title='bbox 3057 3637 3298 3693; x_wconf 86' lang='lat' dir='ltr'><strong>nominis</strong></span> <span class='ocrx_word' id='word_1_557' title='bbox 3330 3647 3383 3693; x_wconf 90' lang='lat' dir='ltr'><strong>et</strong></span> <span class='ocrx_word' id='word_1_558' title='bbox 3407 3641 3644 3697; x_wconf 86' lang='lat' dir='ltr'><strong>rationis</strong></span> <span class='ocrx_word' id='word_1_559' title='bbox 3670 3643 3869 3698; x_wconf 85' lang='lat' dir='ltr'><strong>distiu-</strong></span> 
     </span>
    </p>
   </div>
   <div class='ocr_carea' id='block_1_81' title="bbox 2301 3725 3869 3803">
    <p class='ocr_par' dir='ltr' id='par_1_81' title="bbox 2301 3725 3869 3803">
     <span class='ocr_line' id='line_1_81' title="bbox 2301 3725 3869 3803; baseline 0.006 -21"><span class='ocrx_word' id='word_1_560' title='bbox 2301 3731 2500 3784; x_wconf 85' lang='lat' dir='ltr'><strong>ctione.</strong></span> <span class='ocrx_word' id='word_1_561' title='bbox 2533 3729 2668 3784; x_wconf 91' lang='lat' dir='ltr'><strong>Cum</strong></span> <span class='ocrx_word' id='word_1_562' title='bbox 2702 3737 2883 3783; x_wconf 90' lang='lat' dir='ltr'><strong>autem</strong></span> <span class='ocrx_word' id='word_1_563' title='bbox 2912 3725 3053 3783; x_wconf 88' lang='lat' dir='ltr'><strong>Deus</strong></span> <span class='ocrx_word' id='word_1_564' title='bbox 3077 3741 3332 3798; x_wconf 88' lang='lat' dir='ltr'><strong>operatur</strong></span> <span class='ocrx_word' id='word_1_565' title='bbox 3355 3739 3408 3786; x_wconf 87' lang='lat' dir='ltr'><strong>et</strong></span> <span class='ocrx_word' id='word_1_566' title='bbox 3450 3729 3717 3803; x_wconf 85' lang='lat' dir='ltr'><strong>loquitur,</strong></span> <span class='ocrx_word' id='word_1_567' title='bbox 3743 3746 3869 3791; x_wconf 86' lang='lat' dir='ltr'><strong>tunc</strong></span> 
     </span>
    </p>
   </div>
   <div class='ocr_carea' id='block_1_82' title="bbox 2302 3819 3872 3888">
    <p class='ocr_par' dir='ltr' id='par_1_82' title="bbox 2302 3819 3872 3888">
     <span class='ocr_line' id='line_1_82' title="bbox 2302 3819 3872 3888; baseline 0.006 -16"><span class='ocrx_word' id='word_1_568' title='bbox 2302 3820 2541 3874; x_wconf 80' lang='lat' dir='ltr'><strong>Verbum</strong></span> <span class='ocrx_word' id='word_1_569' title='bbox 2568 3835 2666 3874; x_wconf 89' lang='lat' dir='ltr'><strong>ceu</strong></span> <span class='ocrx_word' id='word_1_570' title='bbox 2697 3819 2943 3888; x_wconf 76' lang='lat' dir='ltr'><strong>qua-dam</strong></span> <span class='ocrx_word' id='word_1_571' title='bbox 2974 3819 3220 3882; x_wconf 87' lang='lat' dir='ltr'><strong>emissio,</strong></span> <span class='ocrx_word' id='word_1_572' title='bbox 3250 3823 3496 3876; x_wconf 82' lang='lat' dir='ltr'><strong>extensio</strong></span> <span class='ocrx_word' id='word_1_573' title='bbox 3529 3832 3583 3877; x_wconf 93' lang='lat' dir='ltr'><strong>et</strong></span> <span class='ocrx_word' id='word_1_574' title='bbox 3621 3824 3872 3880; x_wconf 83' lang='lat' dir='ltr'><strong>dilatatio</strong></span> 
     </span>
    </p>
   </div>
   <div class='ocr_carea' id='block_1_83' title="bbox 2301 3912 3872 3982">
    <p class='ocr_par' dir='ltr' id='par_1_83' title="bbox 2301 3912 3872 3982">
     <span class='ocr_line' id='line_1_83' title="bbox 2301 3912 3872 3982; baseline -0.003 -16"><span class='ocrx_word' id='word_1_575' title='bbox 2301 3912 2522 3966; x_wconf 88' lang='lat' dir='ltr'><strong>deitatis</strong></span> <span class='ocrx_word' id='word_1_576' title='bbox 2554 3913 2756 3982; x_wconf 87' lang='lat' dir='ltr'><strong>prodit,</strong></span> <span class='ocrx_word' id='word_1_577' title='bbox 2788 3920 2839 3965; x_wconf 90' lang='lat' dir='ltr'><strong>et</strong></span> <span class='ocrx_word' id='word_1_578' title='bbox 2875 3918 2995 3980; x_wconf 86' lang='lat' dir='ltr'><strong>post</strong></span> <span class='ocrx_word' id='word_1_579' title='bbox 3027 3919 3238 3981; x_wconf 87' lang='lat' dir='ltr'><strong>gestum</strong></span> <span class='ocrx_word' id='word_1_580' title='bbox 3288 3927 3424 3982; x_wconf 88' lang='lat' dir='ltr'><strong>opus</strong></span> <span class='ocrx_word' id='word_1_581' title='bbox 3474 3913 3539 3967; x_wconf 86' lang='lat' dir='ltr'><strong>ad</strong></span> <span class='ocrx_word' id='word_1_582' title='bbox 3573 3915 3745 3971; x_wconf 90' lang='lat' dir='ltr'><strong>Deum</strong></span> <span class='ocrx_word' id='word_1_583' title='bbox 3793 3935 3872 3974; x_wconf 85' lang='lat' dir='ltr'><strong>re.</strong></span> 
     </span>
    </p>
   </div>
   <div class='ocr_carea' id='block_1_84' title="bbox 2300 4001 3875 4070">
    <p class='ocr_par' dir='ltr' id='par_1_84' title="bbox 2300 4001 3875 4070">
     <span class='ocr_line' id='line_1_84' title="bbox 2300 4001 3875 4070; baseline 0.003 -13"><span class='ocrx_word' id='word_1_584' title='bbox 2300 4003 2560 4065; x_wconf 88' lang='lat' dir='ltr'><strong>vertitur,</strong></span> <span class='ocrx_word' id='word_1_585' title='bbox 2599 4011 2652 4056; x_wconf 90' lang='lat' dir='ltr'><strong>et</strong></span> <span class='ocrx_word' id='word_1_586' title='bbox 2682 4003 2736 4055; x_wconf 92' lang='lat' dir='ltr'><strong>in</strong></span> <span class='ocrx_word' id='word_1_587' title='bbox 2768 4002 2999 4070; x_wconf 90' lang='lat' dir='ltr'><strong>pristina</strong></span> <span class='ocrx_word' id='word_1_588' title='bbox 3048 4001 3362 4056; x_wconf 86' lang='lat' dir='ltr'><strong>conditione</strong></span> <span class='ocrx_word' id='word_1_589' title='bbox 3409 4013 3611 4059; x_wconf 78' lang='lat' dir='ltr'><strong>manet.</strong></span> <span class='ocrx_word' id='word_1_590' title='bbox 3662 4005 3875 4063; x_wconf 79' lang='lat' dir='ltr'><strong>Pariter</strong></span> 
     </span>
    </p>
   </div>
   <div class='ocr_carea' id='block_1_85' title="bbox 2300 4091 3872 4162">
    <p class='ocr_par' dir='ltr' id='par_1_85' title="bbox 2300 4091 3872 4162">
     <span class='ocr_line' id='line_1_85' title="bbox 2300 4091 3872 4162; baseline -0.001 -13"><span class='ocrx_word' id='word_1_591' title='bbox 2300 4096 2560 4149; x_wconf 87' lang='lat' dir='ltr'><strong>emissum</strong></span> <span class='ocrx_word' id='word_1_592' title='bbox 2586 4093 2686 4146; x_wconf 84' lang='lat' dir='ltr'><strong>fuit</strong></span> <span class='ocrx_word' id='word_1_593' title='bbox 2717 4091 2978 4156; x_wconf 79' lang='lat' dir='ltr'><strong>Verbum,</strong></span> <span class='ocrx_word' id='word_1_594' title='bbox 3010 4098 3070 4146; x_wconf 91' lang='lat' dir='ltr'><strong>ut</strong></span> <span class='ocrx_word' id='word_1_595' title='bbox 3097 4107 3316 4146; x_wconf 88' lang='lat' dir='ltr'><strong>carnem</strong></span> <span class='ocrx_word' id='word_1_596' title='bbox 3339 4102 3644 4150; x_wconf 87' lang='lat' dir='ltr'><strong>assumeret</strong></span> <span class='ocrx_word' id='word_1_597' title='bbox 3671 4115 3684 4162; x_wconf 87' lang='lat'><strong>;</strong></span> <span class='ocrx_word' id='word_1_598' title='bbox 3713 4109 3872 4154; x_wconf 83' lang='lat' dir='ltr'><strong>tunc-</strong></span> 
     </span>
    </p>
   </div>
   <div class='ocr_carea' id='block_1_86' title="bbox 2295 4185 3867 4257">
    <p class='ocr_par' dir='ltr' id='par_1_86' title="bbox 2295 4185 3867 4257">
     <span class='ocr_line' id='line_1_86' title="bbox 2295 4185 3867 4257; baseline 0.006 -17"><span class='ocrx_word' id='word_1_599' title='bbox 2295 4204 2405 4257; x_wconf 89' lang='lat' dir='ltr'><strong>que</strong></span> <span class='ocrx_word' id='word_1_600' title='bbox 2431 4187 2600 4240; x_wconf 81' lang='lat' dir='ltr'><strong>Filius</strong></span> <span class='ocrx_word' id='word_1_601' title='bbox 2629 4185 2721 4241; x_wconf 88' lang='lat' dir='ltr'><strong>Dei</strong></span> <span class='ocrx_word' id='word_1_602' title='bbox 2764 4185 3016 4240; x_wconf 82' lang='lat' dir='ltr'><strong>ell&#39;ectum</strong></span> <span class='ocrx_word' id='word_1_603' title='bbox 3069 4196 3154 4242; x_wconf 87' lang='lat' dir='ltr'><strong>est</strong></span> <span class='ocrx_word' id='word_1_604' title='bbox 3183 4228 3196 4250; x_wconf 93' lang='lat'><strong>,</strong></span> <span class='ocrx_word' id='word_1_605' title='bbox 3241 4202 3333 4241; x_wconf 89' lang='lat' dir='ltr'><strong>rex</strong></span> <span class='ocrx_word' id='word_1_606' title='bbox 3386 4188 3534 4251; x_wconf 85' lang='lat' dir='ltr'><strong>item,</strong></span> <span class='ocrx_word' id='word_1_607' title='bbox 3568 4189 3830 4249; x_wconf 88' lang='lat' dir='ltr'><strong>Christus</strong></span> <span class='ocrx_word' id='word_1_608' title='bbox 3854 4237 3867 4256; x_wconf 89' lang='lat'><strong>,</strong></span> 
     </span>
    </p>
   </div>
   <div class='ocr_carea' id='block_1_87' title="bbox 2299 4277 3872 4349">
    <p class='ocr_par' dir='ltr' id='par_1_87' title="bbox 2299 4277 3872 4349">
     <span class='ocr_line' id='line_1_87' title="bbox 2299 4277 3872 4349; baseline 0.003 -16"><span class='ocrx_word' id='word_1_609' title='bbox 2299 4281 2476 4349; x_wconf 83' lang='lat' dir='ltr'><strong>imago</strong></span> <span class='ocrx_word' id='word_1_610' title='bbox 2514 4277 2606 4331; x_wconf 89' lang='lat' dir='ltr'><strong>Dei</strong></span> <span class='ocrx_word' id='word_1_611' title='bbox 2639 4278 2931 4332; x_wconf 82' lang='lat' dir='ltr'><strong>invisibilis</strong></span> <span class='ocrx_word' id='word_1_612' title='bbox 2953 4318 2967 4341; x_wconf 90' lang='lat'><strong>,</strong></span> <span class='ocrx_word' id='word_1_613' title='bbox 3005 4285 3058 4332; x_wconf 92' lang='lat' dir='ltr'><strong>et</strong></span> <span class='ocrx_word' id='word_1_614' title='bbox 3090 4277 3481 4346; x_wconf 87' lang='lat' dir='ltr'><strong>primogenitus</strong></span> <span class='ocrx_word' id='word_1_615' title='bbox 3517 4283 3700 4340; x_wconf 86' lang='lat' dir='ltr'><strong>omnis</strong></span> <span class='ocrx_word' id='word_1_616' title='bbox 3723 4299 3872 4340; x_wconf 82' lang='lat' dir='ltr'><strong>crea-</strong></span> 
     </span>
    </p>
   </div>
   <div class='ocr_carea' id='block_1_88' title="bbox 2297 4369 3870 4447">
    <p class='ocr_par' dir='ltr' id='par_1_88' title="bbox 2297 4369 3870 4447">
     <span class='ocr_line' id='line_1_88' title="bbox 2297 4369 3870 4447; baseline -0.003 -23"><span class='ocrx_word' id='word_1_617' title='bbox 2297 4382 2452 4436; x_wconf 70' lang='lat' dir='ltr'><strong>turae,</strong></span> <span class='ocrx_word' id='word_1_618' title='bbox 2477 4387 2599 4425; x_wconf 90' lang='lat' dir='ltr'><strong>cum</strong></span> <span class='ocrx_word' id='word_1_619' title='bbox 2633 4382 2788 4425; x_wconf 87' lang='lat' dir='ltr'><strong>antea</strong></span> <span class='ocrx_word' id='word_1_620' title='bbox 2815 4371 2946 4424; x_wconf 81' lang='lat' dir='ltr'><strong>nihil</strong></span> <span class='ocrx_word' id='word_1_621' title='bbox 2983 4385 3168 4424; x_wconf 83' lang='lat' dir='ltr'><strong>eorum</strong></span> <span class='ocrx_word' id='word_1_622' title='bbox 3198 4369 3423 4425; x_wconf 79' lang='lat' dir='ltr'><strong>luisset:</strong></span> <span class='ocrx_word' id='word_1_623' title='bbox 3461 4387 3526 4426; x_wconf 89' lang='lat' dir='ltr'><strong>ac</strong></span> <span class='ocrx_word' id='word_1_624' title='bbox 3563 4386 3692 4444; x_wconf 81' lang='lat' dir='ltr'><strong>post</strong></span> <span class='ocrx_word' id='word_1_625' title='bbox 3721 4377 3870 4447; x_wconf 73' lang='lat' dir='ltr'><strong>judi.</strong></span> 
     </span>
    </p>
   </div>
   <div class='ocr_carea' id='block_1_89' title="bbox 2299 4461 3866 4534">
    <p class='ocr_par' dir='ltr' id='par_1_89' title="bbox 2299 4461 3866 4534">
     <span class='ocr_line' id='line_1_89' title="bbox 2299 4461 3866 4534; baseline 0.004 -16"><span class='ocrx_word' id='word_1_626' title='bbox 2299 4466 2443 4518; x_wconf 87' lang='lat' dir='ltr'><strong>cium</strong></span> <span class='ocrx_word' id='word_1_627' title='bbox 2476 4466 2592 4517; x_wconf 64' lang='lat' dir='ltr'><strong>haec</strong></span> <span class='ocrx_word' id='word_1_628' title='bbox 2623 4461 2805 4515; x_wconf 84' lang='lat' dir='ltr'><strong>omnia</strong></span> <span class='ocrx_word' id='word_1_629' title='bbox 2835 4461 3186 4523; x_wconf 87' lang='lat' dir='ltr'><strong>amissurum,</strong></span> <span class='ocrx_word' id='word_1_630' title='bbox 3218 4468 3381 4530; x_wconf 88' lang='lat' dir='ltr'><strong>atque</strong></span> <span class='ocrx_word' id='word_1_631' title='bbox 3415 4470 3472 4517; x_wconf 91' lang='lat' dir='ltr'><strong>ut</strong></span> <span class='ocrx_word' id='word_1_632' title='bbox 3517 4467 3674 4534; x_wconf 89' lang='lat' dir='ltr'><strong>prius</strong></span> <span class='ocrx_word' id='word_1_633' title='bbox 3700 4484 3866 4524; x_wconf 85' lang='lat' dir='ltr'><strong>unum</strong></span> 
     </span>
    </p>
   </div>
   <div class='ocr_carea' id='block_1_90' title="bbox 620 4551 3868 4633">
    <p class='ocr_par' dir='ltr' id='par_1_90' title="bbox 620 4551 3868 4633">
     <span class='ocr_line' id='line_1_90' title="bbox 620 4551 3868 4633; baseline -0.001 -15"><span class='ocrx_word' id='word_1_634' title='bbox 620 4567 859 4633; x_wconf 87' lang='lat' dir='ltr'><strong>scripsit,</strong></span> <span class='ocrx_word' id='word_1_635' title='bbox 898 4566 1015 4617; x_wconf 71' lang='lat' dir='ltr'><strong>loca</strong></span> <span class='ocrx_word' id='word_1_636' title='bbox 1051 4564 1342 4616; x_wconf 76' lang='lat' dir='ltr'><strong>alieramus</strong></span> <span class='ocrx_word' id='word_1_637' title='bbox 1378 4563 1440 4614; x_wconf 90' lang='lat' dir='ltr'><strong>ad</strong></span> <span class='ocrx_word' id='word_1_638' title='bbox 1477 4562 1871 4614; x_wconf 77' lang='lat' dir='ltr'><strong>Mareellianam</strong></span> <span class='ocrx_word' id='word_1_639' title='bbox 1916 4563 2058 4614; x_wconf 89' lang='lat' dir='ltr'><strong>illam</strong></span> <span class='ocrx_word' id='word_1_640' title='bbox 2085 4563 2191 4614; x_wconf 77' lang='lat' dir='ltr'><strong>lme-</strong></span> <span class='ocrx_word' id='word_1_641' title='bbox 2224 4569 2270 4625; x_wconf 80' lang='grc' dir='ltr'><strong>ι)</strong></span> <span class='ocrx_word' id='word_1_642' title='bbox 2296 4573 2420 4609; x_wconf 91' lang='lat' dir='ltr'><strong>cum</strong></span> <span class='ocrx_word' id='word_1_643' title='bbox 2455 4554 2613 4609; x_wconf 89' lang='lat' dir='ltr'><strong>Patre</strong></span> <span class='ocrx_word' id='word_1_644' title='bbox 2645 4555 2886 4608; x_wconf 81' lang='lat' dir='ltr'><strong>futurum</strong></span> <span class='ocrx_word' id='word_1_645' title='bbox 2921 4560 3026 4608; x_wconf 90' lang='lat' dir='ltr'><strong>est.</strong></span> <span class='ocrx_word' id='word_1_646' title='bbox 3070 4551 3136 4606; x_wconf 87' lang='lat' dir='ltr'><strong>Ut</strong></span> <span class='ocrx_word' id='word_1_647' title='bbox 3169 4564 3346 4609; x_wconf 89' lang='lat' dir='ltr'><strong>autem</strong></span> <span class='ocrx_word' id='word_1_648' title='bbox 3377 4553 3621 4612; x_wconf 81' lang='lat' dir='ltr'><strong>Verbum</strong></span> <span class='ocrx_word' id='word_1_649' title='bbox 3652 4572 3740 4616; x_wconf 86' lang='lat' dir='ltr'><strong>est</strong></span> <span class='ocrx_word' id='word_1_650' title='bbox 3776 4579 3868 4616; x_wconf 87' lang='lat' dir='ltr'><strong>ex-</strong></span> 
     </span>
    </p>
   </div>
   <div class='ocr_carea' id='block_1_91' title="bbox 620 4654 2186 4726">
    <p class='ocr_par' dir='ltr' id='par_1_91' title="bbox 620 4654 2186 4726">
     <span class='ocr_line' id='line_1_91' title="bbox 620 4654 2186 4726; baseline -0.003 -15"><span class='ocrx_word' id='word_1_651' title='bbox 620 4662 767 4713; x_wconf 76' lang='lat' dir='ltr'><strong>resin</strong></span> <span class='ocrx_word' id='word_1_652' title='bbox 807 4659 1208 4726; x_wconf 71' lang='lat' dir='ltr'><strong>intelligendam</strong></span> <span class='ocrx_word' id='word_1_653' title='bbox 1236 4665 1561 4723; x_wconf 85' lang='lat' dir='ltr'><strong>opportuna.</strong></span> <span class='ocrx_word' id='word_1_654' title='bbox 1596 4655 1682 4706; x_wconf 84' lang='lat' dir='ltr'><strong>Ait</strong></span> <span class='ocrx_word' id='word_1_655' title='bbox 1714 4657 1894 4724; x_wconf 86' lang='lat' dir='ltr'><strong>itaque</strong></span> <span class='ocrx_word' id='word_1_656' title='bbox 1928 4657 2001 4723; x_wconf 77' lang='lat' dir='ltr'><strong>(p.</strong></span> <span class='ocrx_word' id='word_1_657' title='bbox 2032 4654 2186 4722; x_wconf 65' lang='lat'><strong>4,5’)</strong></span> 
     </span>
    </p>
   </div>
   <div class='ocr_carea' id='block_1_92' title="bbox 618 4743 2188 4811">
    <p class='ocr_par' dir='ltr' id='par_1_92' title="bbox 618 4743 2188 4811">
     <span class='ocr_line' id='line_1_92' title="bbox 618 4743 2188 4811; baseline -0.001 -13"><span class='ocrx_word' id='word_1_658' title='bbox 618 4746 758 4799; x_wconf 81' lang='lat' dir='ltr'><strong>hanc</strong></span> <span class='ocrx_word' id='word_1_659' title='bbox 788 4763 908 4799; x_wconf 83' lang='lat' dir='ltr'><strong>esse</strong></span> <span class='ocrx_word' id='word_1_660' title='bbox 943 4745 1175 4797; x_wconf 75' lang='lat' dir='ltr'><strong>Marcelli</strong></span> <span class='ocrx_word' id='word_1_661' title='bbox 1210 4746 1544 4811; x_wconf 83' lang='lat' dir='ltr'><strong>opinionem,</strong></span> <span class='ocrx_word' id='word_1_662' title='bbox 1572 4743 1805 4796; x_wconf 84' lang='lat' dir='ltr'><strong>Verbum</strong></span> <span class='ocrx_word' id='word_1_663' title='bbox 1842 4746 2029 4801; x_wconf 85' lang='lat' dir='ltr'><strong>silens.</strong></span> <span class='ocrx_word' id='word_1_664' title='bbox 2065 4754 2188 4796; x_wconf 84' lang='lat' dir='ltr'><strong>ante</strong></span> 
     </span>
    </p>
   </div>
   <div class='ocr_carea' id='block_1_93' title="bbox 618 4835 2184 4899">
    <p class='ocr_par' dir='ltr' id='par_1_93' title="bbox 618 4835 2184 4899">
     <span class='ocr_line' id='line_1_93' title="bbox 618 4835 2184 4899; baseline -0.001 -9"><span class='ocrx_word' id='word_1_665' title='bbox 618 4839 969 4899; x_wconf 81' lang='lat' dir='ltr'><strong>creationem,</strong></span> <span class='ocrx_word' id='word_1_666' title='bbox 1008 4839 1059 4889; x_wconf 91' lang='lat' dir='ltr'><strong>in</strong></span> <span class='ocrx_word' id='word_1_667' title='bbox 1094 4835 1251 4889; x_wconf 86' lang='lat' dir='ltr'><strong>Patre</strong></span> <span class='ocrx_word' id='word_1_668' title='bbox 1291 4836 1478 4898; x_wconf 72' lang='lat' dir='ltr'><strong>fuisse,</strong></span> <span class='ocrx_word' id='word_1_669' title='bbox 1516 4852 1682 4889; x_wconf 92' lang='lat' dir='ltr'><strong>unum</strong></span> <span class='ocrx_word' id='word_1_670' title='bbox 1711 4851 1832 4889; x_wconf 87' lang='lat' dir='ltr'><strong>cum</strong></span> <span class='ocrx_word' id='word_1_671' title='bbox 1861 4835 1969 4889; x_wconf 79' lang='lat' dir='ltr'><strong>Deo</strong></span> <span class='ocrx_word' id='word_1_672' title='bbox 2007 4835 2184 4897; x_wconf 85' lang='lat' dir='ltr'><strong>Patre,</strong></span> 
     </span>
    </p>
   </div>
   <div class='ocr_carea' id='block_1_94' title="bbox 618 4924 2189 4996">
    <p class='ocr_par' dir='ltr' id='par_1_94' title="bbox 618 4924 2189 4996">
     <span class='ocr_line' id='line_1_94' title="bbox 618 4924 2189 4996; baseline -0.002 -15"><span class='ocrx_word' id='word_1_673' title='bbox 618 4931 1044 4995; x_wconf 83' lang='lat' dir='ltr'><strong>sempiternum,</strong></span> <span class='ocrx_word' id='word_1_674' title='bbox 1111 4929 1311 4987; x_wconf 74' lang='grc' dir='ltr'>ἀΐδιον,</span> <span class='ocrx_word' id='word_1_675' title='bbox 1369 4943 1474 4978; x_wconf 88' lang='lat' dir='ltr'><strong>non</strong></span> <span class='ocrx_word' id='word_1_676' title='bbox 1507 4927 1770 4996; x_wconf 88' lang='lat' dir='ltr'><strong>genitum,</strong></span> <span class='ocrx_word' id='word_1_677' title='bbox 1816 4931 1884 4978; x_wconf 80' lang='lat' dir='ltr'><strong>ita</strong></span> <span class='ocrx_word' id='word_1_678' title='bbox 1922 4935 1978 4978; x_wconf 92' lang='lat' dir='ltr'><strong>ut</strong></span> <span class='ocrx_word' id='word_1_679' title='bbox 2030 4924 2189 4978; x_wconf 87' lang='lat' dir='ltr'><strong>Pater</strong></span> 
     </span>
    </p>
   </div>
   <div class='ocr_carea' id='block_1_95' title="bbox 615 5017 2183 5087">
    <p class='ocr_par' dir='ltr' id='par_1_95' title="bbox 615 5017 2183 5087">
     <span class='ocr_line' id='line_1_95' title="bbox 615 5017 2183 5087; baseline -0.002 -16"><span class='ocrx_word' id='word_1_680' title='bbox 615 5020 832 5087; x_wconf 83' lang='lat' dir='ltr'><strong>quidem</strong></span> <span class='ocrx_word' id='word_1_681' title='bbox 871 5028 922 5072; x_wconf 79' lang='lat' dir='ltr'><strong>cl.</strong></span> <span class='ocrx_word' id='word_1_682' title='bbox 959 5017 1128 5073; x_wconf 87' lang='lat' dir='ltr'><strong>Filius</strong></span> <span class='ocrx_word' id='word_1_683' title='bbox 1183 5018 1416 5070; x_wconf 78' lang='lat' dir='ltr'><strong>diversis</strong></span> <span class='ocrx_word' id='word_1_684' title='bbox 1479 5019 1791 5070; x_wconf 87' lang='lat' dir='ltr'><strong>nominibus</strong></span> <span class='ocrx_word' id='word_1_685' title='bbox 1846 5018 2183 5080; x_wconf 74' lang='lat' dir='ltr'><strong>ellerantur;</strong></span> 
     </span>
    </p>
   </div>
   <div class='ocr_carea' id='block_1_96' title="bbox 617 5109 2187 5177">
    <p class='ocr_par' dir='ltr' id='par_1_96' title="bbox 617 5109 2187 5177">
     <span class='ocr_line' id='line_1_96' title="bbox 617 5109 2187 5177; baseline -0.004 -12"><span class='ocrx_word' id='word_1_686' title='bbox 617 5112 712 5165; x_wconf 87' lang='lat' dir='ltr'><strong>sed</strong></span> <span class='ocrx_word' id='word_1_687' title='bbox 751 5128 913 5164; x_wconf 91' lang='lat' dir='ltr'><strong>unum</strong></span> <span class='ocrx_word' id='word_1_688' title='bbox 943 5121 1123 5162; x_wconf 84' lang='lat' dir='ltr'><strong>tamen</strong></span> <span class='ocrx_word' id='word_1_689' title='bbox 1156 5111 1265 5163; x_wconf 89' lang='lat' dir='ltr'><strong>sint</strong></span> <span class='ocrx_word' id='word_1_690' title='bbox 1295 5111 1532 5162; x_wconf 71' lang='lat' dir='ltr'><strong>eSSentia</strong></span> <span class='ocrx_word' id='word_1_691' title='bbox 1575 5118 1626 5161; x_wconf 93' lang='lat' dir='ltr'><strong>et</strong></span> <span class='ocrx_word' id='word_1_692' title='bbox 1657 5110 1933 5177; x_wconf 77' lang='lat' dir='ltr'><strong>ltypostasi</strong></span> <span class='ocrx_word' id='word_1_693' title='bbox 1961 5148 1974 5169; x_wconf 94' lang='lat'><strong>,</strong></span> <span class='ocrx_word' id='word_1_694' title='bbox 2029 5109 2187 5177; x_wconf 70' lang='grc' dir='ltr'>οὐσία</span> 
     </span>
    </p>
   </div>
   <div class='ocr_carea' id='block_1_97' title="bbox 615 5199 2183 5263">
    <p class='ocr_par' dir='ltr' id='par_1_97' title="bbox 615 5199 2183 5263">
     <span class='ocr_line' id='line_1_97' title="bbox 615 5199 2183 5263; baseline -0.001 -10"><span class='ocrx_word' id='word_1_695' title='bbox 615 5203 672 5254; x_wconf 78' lang='grc' dir='ltr'><strong>δὲ</strong></span> <span class='ocrx_word' id='word_1_696' title='bbox 707 5204 796 5254; x_wconf 77' lang='grc' dir='ltr'><strong>καὶ</strong></span> <span class='ocrx_word' id='word_1_697' title='bbox 837 5204 1127 5255; x_wconf 74' lang='grc' dir='ltr'>ὑποστάσει</span> <span class='ocrx_word' id='word_1_698' title='bbox 1184 5203 1239 5254; x_wconf 83' lang='grc' dir='ltr'>ἓν</span> <span class='ocrx_word' id='word_1_699' title='bbox 1302 5202 1462 5263; x_wconf 67' lang='grc' dir='ltr'>ὄντα,</span> <span class='ocrx_word' id='word_1_700' title='bbox 1519 5202 1594 5254; x_wconf 88' lang='lat' dir='ltr'><strong>uti</strong></span> <span class='ocrx_word' id='word_1_701' title='bbox 1635 5199 1904 5253; x_wconf 82' lang='lat' dir='ltr'><strong>Sabellius</strong></span> <span class='ocrx_word' id='word_1_702' title='bbox 1958 5200 2183 5254; x_wconf 87' lang='lat' dir='ltr'><strong>docuit:</strong></span> 
     </span>
    </p>
   </div>
   <div class='ocr_carea' id='block_1_98' title="bbox 616 5293 2188 5347">
    <p class='ocr_par' dir='ltr' id='par_1_98' title="bbox 616 5293 2188 5347">
     <span class='ocr_line' id='line_1_98' title="bbox 616 5293 2188 5347; baseline -0.003 -1"><span class='ocrx_word' id='word_1_703' title='bbox 616 5293 853 5347; x_wconf 78' lang='lat' dir='ltr'><strong>Verbum</strong></span> <span class='ocrx_word' id='word_1_704' title='bbox 889 5295 1013 5346; x_wconf 88' lang='lat' dir='ltr'><strong>item</strong></span> <span class='ocrx_word' id='word_1_705' title='bbox 1066 5303 1189 5347; x_wconf 82' lang='lat' dir='ltr'><strong>ante</strong></span> <span class='ocrx_word' id='word_1_706' title='bbox 1237 5294 1586 5347; x_wconf 85' lang='lat' dir='ltr'><strong>emissionem</strong></span> <span class='ocrx_word' id='word_1_707' title='bbox 1635 5309 1754 5346; x_wconf 83' lang='lat' dir='ltr'><strong>esse</strong></span> <span class='ocrx_word' id='word_1_708' title='bbox 1792 5293 1969 5345; x_wconf 75' lang='lat' dir='ltr'><strong>simile</strong></span> <span class='ocrx_word' id='word_1_709' title='bbox 2021 5293 2188 5344; x_wconf 83' lang='lat' dir='ltr'><strong>verbo</strong></span> 
     </span>
    </p>
   </div>
   <div class='ocr_carea' id='block_1_99' title="bbox 615 5384 2185 5455">
    <p class='ocr_par' dir='ltr' id='par_1_99' title="bbox 615 5384 2185 5455">
     <span class='ocr_line' id='line_1_99' title="bbox 615 5384 2185 5455; baseline -0.003 -15"><span class='ocrx_word' id='word_1_710' title='bbox 615 5396 808 5440; x_wconf 88' lang='lat' dir='ltr'><strong>nostro</strong></span> <span class='ocrx_word' id='word_1_711' title='bbox 857 5387 1066 5448; x_wconf 82' lang='lat' dir='ltr'><strong>silenti,</strong></span> <span class='ocrx_word' id='word_1_712' title='bbox 1125 5387 1308 5455; x_wconf 79' lang='grc' dir='ltr'>ὅμοιον</span> <span class='ocrx_word' id='word_1_713' title='bbox 1329 5385 1406 5452; x_wconf 81' lang='grc' dir='ltr'><strong>τῷ</strong></span> <span class='ocrx_word' id='word_1_714' title='bbox 1436 5389 1491 5436; x_wconf 82' lang='grc' dir='ltr'>ὲν</span> <span class='ocrx_word' id='word_1_715' title='bbox 1543 5387 1668 5454; x_wconf 79' lang='grc' dir='ltr'>ἡμῖν</span> <span class='ocrx_word' id='word_1_716' title='bbox 1722 5384 2027 5435; x_wconf 70' lang='grc' dir='ltr'><strong>σιιωττῶντιο</strong></span> <span class='ocrx_word' id='word_1_717' title='bbox 2063 5399 2185 5435; x_wconf 87' lang='lat' dir='ltr'><strong>cum</strong></span> 
     </span>
    </p>
   </div>
   <div class='ocr_carea' id='block_1_100' title="bbox 614 5477 2185 5546">
    <p class='ocr_par' dir='ltr' id='par_1_100' title="bbox 614 5477 2185 5546">
     <span class='ocr_line' id='line_1_100' title="bbox 614 5477 2185 5546; baseline 0.001 -17"><span class='ocrx_word' id='word_1_718' title='bbox 614 5478 882 5529; x_wconf 85' lang='lat' dir='ltr'><strong>emittitur</strong></span> <span class='ocrx_word' id='word_1_719' title='bbox 916 5494 1042 5530; x_wconf 84' lang='lat' dir='ltr'><strong>vero</strong></span> <span class='ocrx_word' id='word_1_720' title='bbox 1072 5477 1136 5529; x_wconf 82' lang='lat' dir='ltr'><strong>ad</strong></span> <span class='ocrx_word' id='word_1_721' title='bbox 1174 5480 1577 5546; x_wconf 85' lang='lat' dir='ltr'><strong>operationem,</strong></span> <span class='ocrx_word' id='word_1_722' title='bbox 1627 5491 1748 5530; x_wconf 91' lang='lat' dir='ltr'><strong>esse</strong></span> <span class='ocrx_word' id='word_1_723' title='bbox 1795 5477 1969 5529; x_wconf 88' lang='lat' dir='ltr'><strong>simile</strong></span> <span class='ocrx_word' id='word_1_724' title='bbox 2020 5477 2185 5530; x_wconf 88' lang='lat' dir='ltr'><strong>verbo</strong></span> 
     </span>
    </p>
   </div>
   <div class='ocr_carea' id='block_1_101' title="bbox 616 5564 2183 5637">
    <p class='ocr_par' dir='ltr' id='par_1_101' title="bbox 616 5564 2183 5637">
     <span class='ocr_line' id='line_1_101' title="bbox 616 5564 2183 5637; baseline -0.001 -17"><span class='ocrx_word' id='word_1_725' title='bbox 616 5576 827 5625; x_wconf 87' lang='lat' dir='ltr'><strong>nostro.</strong></span> <span class='ocrx_word' id='word_1_726' title='bbox 863 5583 987 5620; x_wconf 89' lang='lat' dir='ltr'><strong>cum</strong></span> <span class='ocrx_word' id='word_1_727' title='bbox 1022 5569 1311 5637; x_wconf 90' lang='lat' dir='ltr'><strong>loquimur.</strong></span> <span class='ocrx_word' id='word_1_728' title='bbox 1363 5567 1494 5620; x_wconf 93' lang='lat' dir='ltr'><strong>lllud</strong></span> <span class='ocrx_word' id='word_1_729' title='bbox 1547 5571 1619 5636; x_wconf 89' lang='lat' dir='ltr'><strong>(p.</strong></span> <span class='ocrx_word' id='word_1_730' title='bbox 1662 5567 1716 5633; x_wconf 88' lang='lat'><strong>6)</strong></span> <span class='ocrx_word' id='word_1_731' title='bbox 1748 5581 1908 5634; x_wconf 84' lang='lat' dir='ltr'><strong>porro</strong></span> <span class='ocrx_word' id='word_1_732' title='bbox 1947 5564 2183 5618; x_wconf 76' lang='lat' dir='ltr'><strong>Verbum</strong></span> 
     </span>
    </p>
   </div>
   <div class='ocr_carea' id='block_1_102' title="bbox 614 5656 2182 5730">
    <p class='ocr_par' dir='ltr' id='par_1_102' title="bbox 614 5656 2182 5730">
     <span class='ocr_line' id='line_1_102' title="bbox 614 5656 2182 5730; baseline -0.003 -17"><span class='ocrx_word' id='word_1_733' title='bbox 614 5674 738 5713; x_wconf 83' lang='lat' dir='ltr'><strong>eum</strong></span> <span class='ocrx_word' id='word_1_734' title='bbox 771 5675 988 5713; x_wconf 83' lang='lat' dir='ltr'><strong>carnem</strong></span> <span class='ocrx_word' id='word_1_735' title='bbox 1037 5663 1351 5730; x_wconf 78' lang='lat' dir='ltr'><strong>assumpsit,</strong></span> <span class='ocrx_word' id='word_1_736' title='bbox 1408 5668 1536 5715; x_wconf 90' lang='lat' dir='ltr'><strong>tunc</strong></span> <span class='ocrx_word' id='word_1_737' title='bbox 1577 5659 1771 5714; x_wconf 81' lang='lat' dir='ltr'><strong>Filium</strong></span> <span class='ocrx_word' id='word_1_738' title='bbox 1829 5657 1917 5711; x_wconf 90' lang='lat' dir='ltr'><strong>Dei</strong></span> <span class='ocrx_word' id='word_1_739' title='bbox 1980 5656 2182 5710; x_wconf 81' lang='lat' dir='ltr'><strong>factum</strong></span> 
     </span>
    </p>
   </div>
   <div class='ocr_carea' id='block_1_103' title="bbox 2295 4643 3864 4717">
    <p class='ocr_par' dir='ltr' id='par_1_103' title="bbox 2295 4643 3864 4717">
     <span class='ocr_line' id='line_1_103' title="bbox 2295 4643 3864 4717; baseline 0.002 -19"><span class='ocrx_word' id='word_1_740' title='bbox 2295 4648 2471 4701; x_wconf 88' lang='lat' dir='ltr'><strong>tensio</strong></span> <span class='ocrx_word' id='word_1_741' title='bbox 2498 4655 2552 4700; x_wconf 87' lang='lat' dir='ltr'><strong>et</strong></span> <span class='ocrx_word' id='word_1_742' title='bbox 2592 4645 2842 4700; x_wconf 88' lang='lat' dir='ltr'><strong>dilatatio</strong></span> <span class='ocrx_word' id='word_1_743' title='bbox 2903 4643 3038 4708; x_wconf 87' lang='lat' dir='ltr'><strong>Dei,</strong></span> <span class='ocrx_word' id='word_1_744' title='bbox 3092 4644 3170 4698; x_wconf 87' lang='lat' dir='ltr'><strong>sic</strong></span> <span class='ocrx_word' id='word_1_745' title='bbox 3225 4653 3278 4700; x_wconf 91' lang='lat' dir='ltr'><strong>et</strong></span> <span class='ocrx_word' id='word_1_746' title='bbox 3334 4646 3571 4717; x_wconf 87' lang='lat' dir='ltr'><strong>Spiritus</strong></span> <span class='ocrx_word' id='word_1_747' title='bbox 3640 4664 3864 4708; x_wconf 72' lang='lat' dir='ltr'><strong>sanctus</strong></span> 
     </span>
    </p>
   </div>
   <div class='ocr_carea' id='block_1_104' title="bbox 2297 4736 3868 4815">
    <p class='ocr_par' dir='ltr' id='par_1_104' title="bbox 2297 4736 3868 4815">
     <span class='ocr_line' id='line_1_104' title="bbox 2297 4736 3868 4815; baseline 0.003 -24"><span class='ocrx_word' id='word_1_748' title='bbox 2297 4739 2525 4792; x_wconf 88' lang='lat' dir='ltr'><strong>ulterior</strong></span> <span class='ocrx_word' id='word_1_749' title='bbox 2552 4739 2799 4792; x_wconf 89' lang='lat' dir='ltr'><strong>extensio</strong></span> <span class='ocrx_word' id='word_1_750' title='bbox 2847 4744 2901 4789; x_wconf 87' lang='lat' dir='ltr'><strong>et</strong></span> <span class='ocrx_word' id='word_1_751' title='bbox 2947 4736 3193 4791; x_wconf 90' lang='lat' dir='ltr'><strong>dilatatio</strong></span> <span class='ocrx_word' id='word_1_752' title='bbox 3221 4746 3343 4803; x_wconf 89' lang='lat' dir='ltr'><strong>est,</strong></span> <span class='ocrx_word' id='word_1_753' title='bbox 3398 4742 3742 4812; x_wconf 79' lang='grc' dir='ltr'><strong>παρέκτασις</strong></span> <span class='ocrx_word' id='word_1_754' title='bbox 3775 4748 3868 4815; x_wconf 69' lang='grc' dir='ltr'><strong>τῆς</strong></span> 
     </span>
    </p>
   </div>
   <div class='ocr_carea' id='block_1_105' title="bbox 2295 4829 3863 4899">
    <p class='ocr_par' dir='ltr' id='par_1_105' title="bbox 2295 4829 3863 4899">
     <span class='ocr_line' id='line_1_105' title="bbox 2295 4829 3863 4899; baseline 0.007 -16"><span class='ocrx_word' id='word_1_755' title='bbox 2295 4832 2598 4894; x_wconf 76' lang='grc' dir='ltr'><strong>ἐκτάσεως·</strong></span> <span class='ocrx_word' id='word_1_756' title='bbox 2639 4832 2730 4899; x_wconf 91' lang='lat' dir='ltr'><strong>qui</strong></span> <span class='ocrx_word' id='word_1_757' title='bbox 2768 4831 2969 4898; x_wconf 88' lang='lat' dir='ltr'><strong>pariter</strong></span> <span class='ocrx_word' id='word_1_758' title='bbox 3009 4843 3037 4881; x_wconf 93' lang='lat' dir='ltr'><strong>a</strong></span> <span class='ocrx_word' id='word_1_759' title='bbox 3075 4829 3181 4884; x_wconf 85' lang='lat' dir='ltr'><strong>Deo</strong></span> <span class='ocrx_word' id='word_1_760' title='bbox 3209 4832 3476 4896; x_wconf 74' lang='lat' dir='ltr'><strong>emittitur</strong></span> <span class='ocrx_word' id='word_1_761' title='bbox 3507 4843 3559 4890; x_wconf 90' lang='lat' dir='ltr'><strong>et</strong></span> <span class='ocrx_word' id='word_1_762' title='bbox 3595 4838 3664 4890; x_wconf 88' lang='lat' dir='ltr'><strong>ad</strong></span> <span class='ocrx_word' id='word_1_763' title='bbox 3698 4837 3863 4893; x_wconf 86' lang='lat' dir='ltr'><strong>Deum</strong></span> 
     </span>
    </p>
   </div>
   <div class='ocr_carea' id='block_1_106' title="bbox 2296 4917 3866 4991">
    <p class='ocr_par' dir='ltr' id='par_1_106' title="bbox 2296 4917 3866 4991">
     <span class='ocr_line' id='line_1_106' title="bbox 2296 4917 3866 4991; baseline 0.007 -17"><span class='ocrx_word' id='word_1_764' title='bbox 2296 4917 2586 4976; x_wconf 76' lang='lat' dir='ltr'><strong>revertitur</strong></span> <span class='ocrx_word' id='word_1_765' title='bbox 2635 4933 2692 4975; x_wconf 83' lang='lat' dir='ltr'><strong>ut</strong></span> <span class='ocrx_word' id='word_1_766' title='bbox 2721 4919 2957 4975; x_wconf 90' lang='lat' dir='ltr'><strong>Verbum</strong></span> <span class='ocrx_word' id='word_1_767' title='bbox 2987 4961 3000 4982; x_wconf 91' lang='lat'><strong>,</strong></span> <span class='ocrx_word' id='word_1_768' title='bbox 3043 4936 3294 4991; x_wconf 87' lang='lat' dir='ltr'><strong>unusque</strong></span> <span class='ocrx_word' id='word_1_769' title='bbox 3338 4932 3424 4976; x_wconf 88' lang='lat' dir='ltr'><strong>est</strong></span> <span class='ocrx_word' id='word_1_770' title='bbox 3469 4939 3595 4979; x_wconf 89' lang='lat' dir='ltr'><strong>cum</strong></span> <span class='ocrx_word' id='word_1_771' title='bbox 3651 4925 3762 4982; x_wconf 88' lang='lat' dir='ltr'><strong>Deo</strong></span> <span class='ocrx_word' id='word_1_772' title='bbox 3815 4939 3866 4984; x_wconf 79' lang='lat' dir='ltr'><strong>et</strong></span> 
     </span>
    </p>
   </div>
   <div class='ocr_carea' id='block_1_107' title="bbox 2297 5007 3865 5071">
    <p class='ocr_par' dir='ltr' id='par_1_107' title="bbox 2297 5007 3865 5071">
     <span class='ocr_line' id='line_1_107' title="bbox 2297 5007 3865 5071; baseline 0.003 -7"><span class='ocrx_word' id='word_1_773' title='bbox 2297 5011 2472 5066; x_wconf 89' lang='lat' dir='ltr'><strong>Verbo</strong></span> <span class='ocrx_word' id='word_1_774' title='bbox 2503 5013 2621 5066; x_wconf 90' lang='lat' dir='ltr'><strong>sine</strong></span> <span class='ocrx_word' id='word_1_775' title='bbox 2651 5011 2756 5064; x_wconf 91' lang='lat' dir='ltr'><strong>ulla</strong></span> <span class='ocrx_word' id='word_1_776' title='bbox 2790 5008 3158 5063; x_wconf 88' lang='lat' dir='ltr'><strong>distinctione.</strong></span> <span class='ocrx_word' id='word_1_777' title='bbox 3201 5007 3327 5064; x_wconf 54' lang='lat' dir='ltr'><strong>Haec</strong></span> <span class='ocrx_word' id='word_1_778' title='bbox 3377 5008 3616 5067; x_wconf 69' lang='lat' dir='ltr'><strong>Marcelli</strong></span> <span class='ocrx_word' id='word_1_779' title='bbox 3645 5027 3865 5071; x_wconf 86' lang='lat' dir='ltr'><strong>senten-</strong></span> 
     </span>
    </p>
   </div>
   <div class='ocr_carea' id='block_1_108' title="bbox 2292 5101 3862 5171">
    <p class='ocr_par' dir='ltr' id='par_1_108' title="bbox 2292 5101 3862 5171">
     <span class='ocr_line' id='line_1_108' title="bbox 2292 5101 3862 5171; baseline 0.003 -13"><span class='ocrx_word' id='word_1_780' title='bbox 2292 5107 2366 5158; x_wconf 89' lang='lat' dir='ltr'><strong>tia</strong></span> <span class='ocrx_word' id='word_1_781' title='bbox 2396 5116 2500 5167; x_wconf 89' lang='lat' dir='ltr'><strong>est,</strong></span> <span class='ocrx_word' id='word_1_782' title='bbox 2535 5102 2832 5158; x_wconf 80' lang='lat' dir='ltr'><strong>secundum</strong></span> <span class='ocrx_word' id='word_1_783' title='bbox 2867 5102 3086 5156; x_wconf 81' lang='lat' dir='ltr'><strong>Eusebii</strong></span> <span class='ocrx_word' id='word_1_784' title='bbox 3120 5101 3538 5171; x_wconf 84' lang='lat' dir='ltr'><strong>explicationem</strong></span> <span class='ocrx_word' id='word_1_785' title='bbox 3565 5143 3580 5166; x_wconf 92' lang='lat'><strong>,</strong></span> <span class='ocrx_word' id='word_1_786' title='bbox 3624 5106 3735 5167; x_wconf 88' lang='lat' dir='ltr'><strong>cui,</strong></span> <span class='ocrx_word' id='word_1_787' title='bbox 3770 5108 3862 5163; x_wconf 84' lang='lat' dir='ltr'><strong>sed</strong></span> 
     </span>
    </p>
   </div>
   <div class='ocr_carea' id='block_1_109' title="bbox 2293 5193 3859 5264">
    <p class='ocr_par' dir='ltr' id='par_1_109' title="bbox 2293 5193 3859 5264">
     <span class='ocr_line' id='line_1_109' title="bbox 2293 5193 3859 5264; baseline 0.001 -14"><span class='ocrx_word' id='word_1_788' title='bbox 2293 5214 2402 5252; x_wconf 83' lang='lat' dir='ltr'><strong>non</strong></span> <span class='ocrx_word' id='word_1_789' title='bbox 2436 5200 2508 5250; x_wconf 90' lang='lat' dir='ltr'><strong>ita</strong></span> <span class='ocrx_word' id='word_1_790' title='bbox 2540 5199 2704 5258; x_wconf 84' lang='lat' dir='ltr'><strong>clare,</strong></span> <span class='ocrx_word' id='word_1_791' title='bbox 2743 5194 3110 5264; x_wconf 78' lang='lat' dir='ltr'><strong>astipulantur</strong></span> <span class='ocrx_word' id='word_1_792' title='bbox 3136 5193 3367 5249; x_wconf 84' lang='lat' dir='ltr'><strong>Basilius</strong></span> <span class='ocrx_word' id='word_1_793' title='bbox 3388 5203 3440 5250; x_wconf 91' lang='lat' dir='ltr'><strong>et</strong></span> <span class='ocrx_word' id='word_1_794' title='bbox 3463 5194 3859 5255; x_wconf 79' lang='lat' dir='ltr'><strong>Tlieodoretus.</strong></span> 
     </span>
    </p>
   </div>
   <div class='ocr_carea' id='block_1_110' title="bbox 2297 5285 3864 5359">
    <p class='ocr_par' dir='ltr' id='par_1_110' title="bbox 2297 5285 3864 5359">
     <span class='ocr_line' id='line_1_110' title="bbox 2297 5285 3864 5359; baseline 0.003 -16"><span class='ocrx_word' id='word_1_795' title='bbox 2297 5290 2351 5343; x_wconf 88' lang='lat' dir='ltr'><strong>Si</strong></span> <span class='ocrx_word' id='word_1_796' title='bbox 2387 5305 2550 5359; x_wconf 84' lang='lat' dir='ltr'><strong>porro</strong></span> <span class='ocrx_word' id='word_1_797' title='bbox 2580 5289 2704 5341; x_wconf 79' lang='lat' dir='ltr'><strong>talis</strong></span> <span class='ocrx_word' id='word_1_798' title='bbox 2731 5289 2848 5355; x_wconf 78' lang='lat' dir='ltr'><strong>ejus</strong></span> <span class='ocrx_word' id='word_1_799' title='bbox 2879 5287 3128 5341; x_wconf 88' lang='lat' dir='ltr'><strong>doctrina</strong></span> <span class='ocrx_word' id='word_1_800' title='bbox 3186 5285 3384 5349; x_wconf 77' lang='lat' dir='ltr'><strong>fuerit,</strong></span> <span class='ocrx_word' id='word_1_801' title='bbox 3439 5289 3494 5342; x_wconf 91' lang='lat' dir='ltr'><strong>in</strong></span> <span class='ocrx_word' id='word_1_802' title='bbox 3543 5293 3697 5348; x_wconf 87' lang='lat' dir='ltr'><strong>nullo</strong></span> <span class='ocrx_word' id='word_1_803' title='bbox 3741 5309 3864 5348; x_wconf 82' lang='lat' dir='ltr'><strong>vere</strong></span> 
     </span>
    </p>
   </div>
   <div class='ocr_carea' id='block_1_111' title="bbox 2295 5377 3859 5454">
    <p class='ocr_par' dir='ltr' id='par_1_111' title="bbox 2295 5377 3859 5454">
     <span class='ocr_line' id='line_1_111' title="bbox 2295 5377 3859 5454; baseline 0 -18"><span class='ocrx_word' id='word_1_804' title='bbox 2295 5382 2508 5436; x_wconf 79' lang='lat' dir='ltr'><strong>diﬂerat</strong></span> <span class='ocrx_word' id='word_1_805' title='bbox 2537 5397 2562 5434; x_wconf 90' lang='lat' dir='ltr'><strong>a</strong></span> <span class='ocrx_word' id='word_1_806' title='bbox 2593 5378 2833 5434; x_wconf 88' lang='lat' dir='ltr'><strong>Sabellio</strong></span> <span class='ocrx_word' id='word_1_807' title='bbox 2851 5387 2904 5431; x_wconf 90' lang='lat' dir='ltr'><strong>et</strong></span> <span class='ocrx_word' id='word_1_808' title='bbox 2928 5377 3387 5446; x_wconf 83' lang='lat' dir='ltr'><strong>Patripassianis:</strong></span> <span class='ocrx_word' id='word_1_809' title='bbox 3423 5381 3632 5435; x_wconf 85' lang='lat' dir='ltr'><strong>nullam</strong></span> <span class='ocrx_word' id='word_1_810' title='bbox 3665 5385 3859 5454; x_wconf 82' lang='lat' dir='ltr'><strong>quippe</strong></span> 
     </span>
    </p>
   </div>
   <div class='ocr_carea' id='block_1_112' title="bbox 2292 5465 3856 5537">
    <p class='ocr_par' dir='ltr' id='par_1_112' title="bbox 2292 5465 3856 5537">
     <span class='ocr_line' id='line_1_112' title="bbox 2292 5465 3856 5537; baseline 0.001 -15"><span class='ocrx_word' id='word_1_811' title='bbox 2292 5469 2698 5523; x_wconf 81' lang='lat' dir='ltr'><strong>distinctionem</strong></span> <span class='ocrx_word' id='word_1_812' title='bbox 2755 5481 3113 5537; x_wconf 82' lang='lat' dir='ltr'><strong>personarum</strong></span> <span class='ocrx_word' id='word_1_813' title='bbox 3173 5465 3444 5531; x_wconf 88' lang='lat' dir='ltr'><strong>admittit,</strong></span> <span class='ocrx_word' id='word_1_814' title='bbox 3495 5472 3726 5524; x_wconf 87' lang='lat' dir='ltr'><strong>etillam</strong></span> <span class='ocrx_word' id='word_1_815' title='bbox 3766 5489 3856 5528; x_wconf 83' lang='lat' dir='ltr'><strong>ex-</strong></span> 
     </span>
    </p>
   </div>
   <div class='ocr_carea' id='block_1_113' title="bbox 2295 5556 3860 5634">
    <p class='ocr_par' dir='ltr' id='par_1_113' title="bbox 2295 5556 3860 5634">
     <span class='ocr_line' id='line_1_113' title="bbox 2295 5556 3860 5634; baseline 0.001 -20"><span class='ocrx_word' id='word_1_816' title='bbox 2295 5563 2595 5616; x_wconf 84' lang='lat' dir='ltr'><strong>tensionem</strong></span> <span class='ocrx_word' id='word_1_817' title='bbox 2627 5569 2680 5611; x_wconf 85' lang='lat' dir='ltr'><strong>et</strong></span> <span class='ocrx_word' id='word_1_818' title='bbox 2711 5560 3025 5615; x_wconf 87' lang='lat' dir='ltr'><strong>ulteriorem</strong></span> <span class='ocrx_word' id='word_1_819' title='bbox 3071 5556 3468 5626; x_wconf 88' lang='lat' dir='ltr'><strong>dilatationem,</strong></span> <span class='ocrx_word' id='word_1_820' title='bbox 3501 5566 3708 5618; x_wconf 90' lang='lat' dir='ltr'><strong>nullam</strong></span> <span class='ocrx_word' id='word_1_821' title='bbox 3737 5581 3860 5634; x_wconf 83' lang='lat' dir='ltr'><strong>prn-</strong></span> 
     </span>
    </p>
   </div>
   <div class='ocr_carea' id='block_1_114' title="bbox 2293 5653 3858 5727">
    <p class='ocr_par' dir='ltr' id='par_1_114' title="bbox 2293 5653 3858 5727">
     <span class='ocr_line' id='line_1_114' title="bbox 2293 5653 3858 5727; baseline 0.002 -20"><span class='ocrx_word' id='word_1_822' title='bbox 2293 5657 2466 5723; x_wconf 90' lang='lat' dir='ltr'><strong>priam</strong></span> <span class='ocrx_word' id='word_1_823' title='bbox 2500 5654 2724 5722; x_wconf 76' lang='grc' dir='ltr'>ὖπαρξιν</span> <span class='ocrx_word' id='word_1_824' title='bbox 2753 5663 2804 5708; x_wconf 92' lang='lat' dir='ltr'><strong>et</strong></span> <span class='ocrx_word' id='word_1_825' title='bbox 2836 5655 3162 5716; x_wconf 74' lang='grc' dir='ltr'><strong>ὑπόστασιν,</strong></span> <span class='ocrx_word' id='word_1_826' title='bbox 3201 5653 3572 5708; x_wconf 85' lang='lat' dir='ltr'><strong>exsistcntiam</strong></span> <span class='ocrx_word' id='word_1_827' title='bbox 3603 5665 3658 5710; x_wconf 86' lang='lat' dir='ltr'><strong>et</strong></span> <span class='ocrx_word' id='word_1_828' title='bbox 3692 5657 3858 5727; x_wconf 77' lang='lat' dir='ltr'><strong>hypo-</strong></span> 
     </span>
    </p>
   </div>
   <div class='ocr_carea' id='block_1_115' title="bbox 742 5810 3858 5885">
    <p class='ocr_par' dir='ltr' id='par_1_115' title="bbox 742 5810 3858 5885">
     <span class='ocr_line' id='line_1_115' title="bbox 742 5810 3858 5885; baseline 0.002 -21"><span class='ocrx_word' id='word_1_829' title='bbox 742 5810 975 5885; x_wconf 62' lang='lat' dir='ltr'><strong>Paginas</strong></span> <span class='ocrx_word' id='word_1_830' title='bbox 1003 5814 1254 5885; x_wconf 60' lang='lat' dir='ltr'><strong>intelligis</strong></span> <span class='ocrx_word' id='word_1_831' title='bbox 1287 5816 1544 5872; x_wconf 89' lang='lat' dir='ltr'><strong>editionis</strong></span> <span class='ocrx_word' id='word_1_832' title='bbox 1578 5813 1905 5871; x_wconf 86' lang='lat' dir='ltr'><strong>Parisiensis</strong></span> <span class='ocrx_word' id='word_1_833' title='bbox 1933 5826 2164 5882; x_wconf 89' lang='lat' dir='ltr'><strong>quarum</strong></span> <span class='ocrx_word' id='word_1_834' title='bbox 2208 5810 2405 5868; x_wconf 87' lang='lat' dir='ltr'><strong>seriem</strong></span> <span class='ocrx_word' id='word_1_835' title='bbox 2449 5812 2618 5868; x_wconf 84' lang='lat' dir='ltr'><strong>textui</strong></span> <span class='ocrx_word' id='word_1_836' title='bbox 2645 5810 2954 5870; x_wconf 83' lang='lat' dir='ltr'><strong>Eusebiano</strong></span> <span class='ocrx_word' id='word_1_837' title='bbox 2988 5812 3332 5870; x_wconf 85' lang='lat' dir='ltr'><strong>inserendam</strong></span> <span class='ocrx_word' id='word_1_838' title='bbox 3367 5816 3703 5870; x_wconf 79' lang='lat' dir='ltr'><strong>curavimus.</strong></span> <span class='ocrx_word' id='word_1_839' title='bbox 3728 5810 3858 5867; x_wconf 73' lang='lat' dir='ltr'><strong>Vide</strong></span> 
     </span>
    </p>
   </div>
   <div class='ocr_carea' id='block_1_116' title="bbox 617 5879 1157 5936">
    <p class='ocr_par' dir='ltr' id='par_1_116' title="bbox 617 5879 1157 5936">
     <span class='ocr_line' id='line_1_116' title="bbox 617 5879 1157 5936; baseline 0.004 -2"><span class='ocrx_word' id='word_1_840' title='bbox 617 5889 751 5936; x_wconf 87' lang='lat' dir='ltr'><strong>tom.</strong></span> <span class='ocrx_word' id='word_1_841' title='bbox 781 5879 942 5935; x_wconf 73' lang='lat' dir='ltr'><strong>XXIV</strong></span> <span class='ocrx_word' id='word_1_842' title='bbox 1003 5882 1157 5936; x_wconf 76' lang='grc' dir='ltr'><strong>Ευιτ.</strong></span> 
     </span>
    </p>
   </div>
  </div>
