4044 6324
187 425 330 482 im

1448 423 1804 484 MARCELLI
1844 419 2216 479 ANCYRANI.

3309 428 3444 484 l286

188 542 365 598 stasin
388 581 404 606 ,
443 541 645 598 habere
682 542 862 598 docet.
902 541 1129 609 Verum,
1162 546 1208 600 si
1256 545 1498 601 Marcelli
1535 546 1652 600 loca
1704 545 1774 598 ab
1802 545 1846 602 A
1875 551 1986 625 tres
2039 542 2377 598 substantias
2410 549 2691 611 separatas
2723 548 2778 596 et
2823 541 3068 611 dispares
3118 542 3441 613 intelligere,

188 632 427 689 Eusebio
456 635 619 688 allata
640 635 787 690 serio
811 635 1212 704 expendantur,
1241 652 1350 693 non
1384 638 1456 692 ita
1491 635 1651 692 facile
1679 644 1764 692 est

188 725 246 779 in
271 724 587 781 Marcellum
621 727 948 782 sententiain
977 727 1182 794 dicere,
1207 739 1267 784 ut
1313 745 1437 786 mox
1481 746 1765 788 common-

186 813 476 868 strabitur.

794 927 1022 984 CAPUT
1069 930 1158 986 Ill.

185 1060 257 1100 ΔΙ
285 1059 564 1099 υκαι.ιο
594 1059 880 1099 Αεειιιντυε
913 1061 1087 1100 ειικοιι
1125 1062 1175 1100 l1"
1210 1061 1332 1100 ειυς
1362 1060 1573 1099 CONTRA
1603 1059 1761 1099 δετε-

471 1130 600 1169 IIUI
630 1131 787 1169 LIBRO
817 1132 1151 1170 DEPBEHENDI
1187 1131 1474 1170 Ροτυειιτ.

186 1229 236 1286 1.
279 1229 520 1282 Asterius
571 1244 664 1297 pro
710 1229 925 1282 Arionis
983 1230 1202 1290 scribit,
1256 1238 1442 1284 contra
1493 1228 1759 1281 Asterium

256 1297 578 1362 Marcellus,
625 1316 772 1369 quem
823 1301 1018 1368 refutat
1053 1299 1335 1352 Eusebius.
1390 1301 1450 1352 II.
1501 1301 1577 1350 An
1612 1297 1762 1369 Mar-

257 1370 419 1423 cellus
474 1368 884 1424 dicat’Patrem
925 1381 973 1423 et
1020 1371 1242 1423 Verbum
1289 1371 1417 1423 solis
1464 1368 1762 1422 nominibus

257 1440 532 1506 distingui.
563 1439 646 1494 llI.
687 1442 770 1492 Αη
813 1442 1006 1492 dixerit
1046 1440 1268 1493 Verbum
1297 1441 1588 1507 ἀγέννητον
1623 1455 1755 1500 esse,

253 1518 308 1563 et
340 1507 542 1562 Filium
575 1527 674 1563 non
701 1512 865 1576 fuisse
895 1520 1015 1563 ante
1045 1508 1296 1562 Mariam.
1343 1509 1423 1562 IV.
1473 1508 1582 1561 Cur
1620 1509 1764 1559 dicat

264 1579 490 1633 Verbum
523 1591 636 1646 post
665 1581 1309 1633 incarnationent’tantum
1341 1595 1453 1631 esse
1483 1580 1762 1646 imaginem

254 1648 387 1719 Dei,
418 1661 472 1719 et
501 1653 903 1719 primogenitum
936 1651 1106 1702 omnis
1154 1659 1430 1702 creatura'.
1487 1650 1548 1701 V.
1588 1647 1652 1719 In
1699 1650 1766 1699 li-

255 1718 349 1772 bro
377 1718 625 1774 Marcelli
653 1718 786 1774 nihil
814 1731 991 1788 aperte
1019 1736 1294 1772 erroneum
1331 1719 1495 1786 fuisse
1535 1718 1759 1771 videtur.

179 1829 227 1880 Ι.
242 1831 469 1882 Asterius
486 1847 574 1896 pro
591 1834 782 1882 Arianls
805 1834 991 1886 scribit.
1017 1841 1184 1896 contra
1215 1833 1457 1881 Asterium
1481 1832 1761 1890 Marcellus,

657 1907 806 1955 quem
828 1896 1009 1944 refutat
1034 1894 1290 1943 Eusebius.

248 1989 605 2046 Asteriusille
630 1991 876 2060 sophista
909 1991 1226 2052 circulator,
1259 1989 1370 2059 qui.
1408 1998 1464 2042 ut
1495 1989 1570 2043 ait
1596 1989 1758 2042 Atha-

174 2081 393 2145 nasius,
418 2094 702 2153 grassante
725 2084 780 2135 in
810 2083 1156 2137 Christianos
1202 2082 1518 2144 Maximino,
1549 2081 1754 2135 Christi

169 2171 394 2242 eiurata
441 2173 574 2240 lide,
624 2174 787 2228 idolis
851 2174 1260 2237 immolaverat,
1319 2175 1562 2229 nascenti
1596 2175 1754 2226 Aria-

169 2265 365 2319 nismo
415 2282 612 2322 nomen
666 2267 851 2331 dedit,
911 2268 1224 2338 librumque
1275 2267 1587 2335 evolgavit,
1644 2282 1754 2336 quo

168 2355 506 2410 catholicam
585 2355 891 2411 doctrinam
972 2357 1302 2425 impeteret,
1385 2356 1754 2425 Arianamque

169 2447 499 2500 vindicaret.
531 2446 817 2503 Marcellus
855 2464 981 2502 vero
1031 2448 1250 2503 Arianis
1290 2463 1319 2501 a
1363 2449 1634 2517 principio
1669 2450 1750 2502 in-

169 2535 564 2602 fensissimus,
599 2538 872 2594 Asterium
931 2540 1078 2593 edito
1133 2543 1396 2609 opusculo
1450 2541 1746 2604 refutavit,

167 2630 618 2701 Arianorumque
677 2632 951 2701 principes
1015 2631 1309 2686 Eusebium
1369 2632 1749 2686 Nicomedien-

169 2735 318 2782 sem,
345 2720 632 2776 Eusebium
668 2721 1082 2784 Caesariensem,
1115 2721 1402 2774 Paulinum
1437 2720 1583 2791 Tyri,
1609 2720 1747 2772 Nar—

167 2807 384 2861 cissum
432 2808 751 2864 Neroniadis
784 2819 836 2864 et
868 2812 1001 2864 alios
1033 2813 1233 2879 passim
1283 2811 1469 2863 eodem
1505 2811 1558 2862 in
1603 2812 1744 2864 libro

168 2897 498 2952 lacessivit:
551 2916 658 2969 qua
702 2916 760 2954 re
806 2910 1086 2971 permotus
1136 2900 1403 2954 Eusebius
1439 2901 1731 2954 thsarien-

165 2993 278 3054 sis,
306 2994 545 3062 quinque
576 2993 746 3047 libros
793 2995 963 3047 edidit
991 3013 1003 3048 :
1037 2995 1123 3047 ubi
1159 2994 1483 3046 Arianorum
1519 3008 1741 3046 causam

167 3098 278 3154 pro
309 3085 515 3139 viribus
541 3084 856 3142 defendens.
890 3102 1078 3140 eorum
1112 3086 1500 3153 antesignanos
1535 3099 1565 3136 a
1603 3085 1745 3138 Mar-

165 3174 318 3230 cello
349 3176 648 3245 exagitatos
683 3177 934 3230 laudibus
965 3176 1027 3229 ad
1068 3177 1247 3230 sidera
1281 3178 1419 3228 tollit
1441 3217 1454 3238 ,
1504 3176 1559 3229 in
1601 3177 1743 3229 Mar-

167 3267 484 3335 cellumque
513 3265 918 3322 Sabellianismi
945 3270 1162 3324 nomine
1197 3269 1397 3322 acriter
1443 3269 1742 3323 invehitur.
1773 3233 1813 3290 Ο

168 3355 296 3410 Sub
329 3362 439 3412 hare
465 3370 644 3412 autem
678 3360 744 3413 de
771 3359 1006 3414 Marcelli
1074 3362 1344 3414 sententia
1390 3361 1551 3415 etiam
1611 3364 1751 3416 inter

164 3451 488 3506 Catholicos
547 3453 884 3521 disputatum
941 3461 1062 3506 est:
1101 3454 1222 3508 aliis
1272 3454 1395 3522 jure
1427 3464 1747 3508 accusatum

166 3541 491 3596 Marcellum
551 3544 952 3612 pugnantibus;
1009 3547 1130 3598 aliis
1196 3561 1384 3599 sanam
1448 3547 1569 3614 ejus
1625 3561 1749 3600 esse

168 3631 340 3685 fidem
394 3633 691 3687 tuentibus.
744 3635 852 3688 Nos
892 3635 1074 3703 igitur,
1130 3637 1442 3704 ponderatis
1484 3636 1647 3690 rebus
1695 3647 1748 3691 et

165 3726 432 3793 expensis
469 3725 687 3779 Eusebii
747 3727 1191 3783 accusationibus
1216 3769 1230 3792 ,
1282 3730 1410 3798 quid
1449 3730 1519 3782 sit
1556 3730 1646 3781 illa
1681 3730 1747 3784 de

171 3831 237 3870 re
268 3817 610 3870 sentiendum
644 3818 1043 3886 indagabimus.

169 3927 237 3978 ιι.
263 3928 342 3978 An
362 3929 618 3979 Marcellus
641 3931 766 3979 dicat
797 3933 990 4041 Pgtrlem
1017 3939 1068 4004 et
1091 3933 1307 3981 Verbum
1332 3933 1449 3982 solis
1473 3933 1747 3983 nominibus

867 4008 903 4040 lS
928 4007 1079 4041 ιυέυι.

867 4007 1079 4054 istingm.

247 4083 397 4138 Hanc
428 4087 604 4154 primo
651 4086 704 4139 in
758 4085 1070 4141 Marcellum
1119 4088 1557 4142 criminationem
1591 4088 1746 4142 allert

169 4173 444 4230 Eusebius
479 4176 554 4245 (p.
607 4177 685 4246 5),
725 4176 868 4245 quod
904 4178 1124 4238 dixerit,
1176 4176 1411 4232 Verbum
1445 4180 1514 4232 ab
1544 4190 1744 4234 aeterno

169 4283 344 4320 unum
387 4283 510 4322 esse
543 4284 666 4321 cum
717 4267 876 4321 Patre
908 4270 1060 4338 οὐσίᾳ
1093 4271 1185 4320 καὶ
1217 4270 1529 4331 ὑποστάσει,
1559 4287 1746 4324 essen-

170 4359 250 4411 tia
279 4366 332 4412 et
357 4358 672 4428 hypostasi;
708 4360 780 4412 ita
813 4371 869 4412 ut
892 4362 1020 4414 solis
1049 4362 1359 4415 nominibus
1384 4372 1572 4415 mutuo
1601 4362 1745 4416 dilic-

171 4458 302 4502 rant
335 4469 345 4502 :
378 4466 610 4519 esseque
663 4450 900 4505 Verbum
964 4465 1220 4505 aeternum
1285 4463 1338 4508 et
1395 4454 1740 4522 ingenitum:

1873 646 2037 685 unam
2071 640 2280 686 tantum
2317 631 2657 701 hypostasin,
2685 632 2819 692 sive,
2863 639 2919 684 ut
2964 632 3040 685 illi
3072 632 3441 700 explieabant,

1871 724 2233 779 substantiam
2267 724 2321 776 in
2363 721 2472 777 Deo
2501 738 2624 776 esse
2670 723 3103 790 contendebant;
3156 724 3230 777 ita
3260 733 3442 779 tamen

1869 824 1926 869 ut
1957 814 2193 876 Patrem,
2229 813 2426 868 Filium
2471 824 2524 869 et
2573 814 2834 884 Spiritum
2868 824 3140 876 sanctum,
3190 816 3358 869 alium
3389 822 3442 868 et

1868 905 2033 957 alium
2069 914 2122 959 et
2154 907 2319 958 alium
2347 920 2470 960 esse
2500 908 2913 973 profiterentur;
2949 907 3040 958 alii
3074 920 3200 959 vero
3234 906 3442 959 formu-

1867 994 1974 1046 lam
2005 995 2166 1049 trium
2196 996 2569 1066 hypostasium
2602 996 2668 1050 ad
2700 997 2864 1050 trium
2900 995 3307 1050 distinctionem
3339 1012 3439 1065 op-

1866 1097 2152 1153 portunam
2202 1088 2492 1151 admisere,
2529 1087 2656 1140 dum
2710 1102 2870 1139 unam
2931 1089 3137 1157 pariter
3182 1088 3438 1142 substan-

1866 1177 1996 1228 tiam
2041 1178 2094 1231 in
2122 1177 2230 1232 Deo
2260 1193 2382 1232 esse
2408 1179 2670 1232 dicerent.
2703 1178 3036 1233 Athanasius
3064 1185 3242 1232 autem
3272 1179 3436 1233 modo

1867 1281 2053 1330 unam,
2110 1267 2270 1321 modo
2321 1278 2430 1322 tres
2468 1268 2521 1322 in
2579 1267 2687 1322 Deo
2728 1269 3048 1339 hypostases
3083 1269 3248 1334 dicit;
3295 1279 3349 1322 et
3377 1270 3435 1324 in

1867 1356 2076 1424 synodo
2107 1356 2475 1410 Alexandrina
2507 1359 2632 1410 anni
2664 1358 2787 1419 562,
2817 1359 2906 1411 cui
2939 1367 3168 1427 praeerat
3195 1359 3438 1411 Athana-

1867 1448 2002 1510 sius,
2045 1448 2272 1502 liberum
2323 1465 2445 1504 esse
2479 1449 2735 1504 delinitur
2766 1453 2844 1504 vel
2899 1468 3060 1505 uuam
3113 1452 3434 1522 hypostasin

1865 1541 2068 1601 dicere,
2107 1541 2235 1593 dum
2269 1542 2432 1594 trium
2465 1541 2742 1613 distinctio
2776 1555 3039 1605 servetur,
3073 1545 3156 1598 vel
3189 1553 3300 1598 tres
3334 1545 3435 1615 hy-

1866 1640 2112 1700 postases
2167 1633 2446 1701 profiteri,
2505 1634 2632 1686 dum
2697 1649 2802 1688 una
2857 1645 3062 1688 tantum
3122 1637 3432 1690 substantia

1866 1720 2099 1775 dicatur.
2141 1721 2257 1776 Non
2297 1723 2598 1793 culpandus
2644 1739 2771 1794 ergo
2803 1724 3109 1786 Marcellus,
3147 1727 3289 1795 quod
3321 1725 3429 1780 Pa-

1868 1818 2004 1865 trem
2039 1822 2093 1866 et
2124 1811 2359 1867 Verbum
2393 1815 2672 1884 hypostasi
2701 1831 2869 1868 unum
2899 1831 3021 1870 esse
3049 1817 3262 1878 dixerit,
3296 1817 3430 1872 dum

1792 1890 1838 1948 Β
1867 1903 2031 1955 alium
2082 1911 2133 1958 et
2165 1905 2328 1958 alium
2361 1920 2482 1959 esse
2517 1910 2797 1976 professus
2843 1909 2934 1970 sit,
2985 1923 3086 1961 nec
3118 1909 3430 1962 distinctio-

1859 2007 1980 2045 nem
2010 1994 2317 2048 abstulerit.
2357 1996 2413 2049 id
2463 2012 2592 2050 vero
2618 2013 2683 2051 ex
2707 2000 2888 2051 allatis
2917 1999 2982 2053 ab
3025 1997 3258 2053 Eusebio
3285 2000 3428 2053 Mar-

1857 2083 1978 2135 celli
2028 2083 2164 2136 locis
2195 2084 2614 2139 examinandum
2647 2087 2814 2140 venit.
2864 2088 2953 2139 Ait
2996 2088 3160 2156 igitur
3197 2087 3427 2143 Marcel-

1857 2172 1940 2225 lus
1985 2173 2059 2243 (p.
2116 2176 2234 2241 55),
2290 2176 2561 2230 referente
2611 2175 2844 2232 Eusebio
2875 2199 2887 2232 :
2920 2179 3127 2231 Οὐκοῦν
3171 2179 3276 2249 πρὸ
3325 2181 3424 2249 μὲν

1854 2267 1945 2317 τοῦ
1977 2269 2273 2334 κατελθεῖν,
2321 2272 2414 2322 καὶ
2446 2269 2531 2322 διὰ
2565 2269 2675 2337 τῆς
2691 2270 2964 2339 Παρθένου
3001 2270 3274 2340 τεχθῆναι,
3322 2273 3426 2325 Λό-

1853 2375 1946 2425 γος
1986 2355 2053 2429 ἦν
2109 2361 2286 2429 μόνον.
2335 2362 2482 2413 Ἐπεὶ
2509 2362 2559 2413 τί
2594 2362 2778 2430 ἕτερον
2817 2356 2906 2429 ἦν,
2948 2362 3052 2431 πρὸ
3081 2362 3172 2413 τοῦ
3200 2363 3298 2433 τὴν
3340 2364 3427 2415 ἀνι

1854 2449 2126 2521 θρωπίνην
2157 2452 2442 2504 ἀναλαϐεῖν
2481 2453 2678 2522 σάρκα,
2708 2454 2767 2504 τὸ
2797 2453 3050 2505 κατελθὸν
3081 2456 3166 2504 ἐπ’
3201 2455 3424 2523 ἔσχατον

1849 2542 1955 2592 τῶν
1990 2543 2229 2612 ἡμερῶν,
2258 2544 2334 2605 ὡς
2371 2545 2462 2595 καὶ
2489 2545 2647 2607 αὐτὸς
2671 2545 2927 2616 γέγραφε,
2959 2547 3046 2597 καὶ
3075 2548 3133 2598 τὸ
3168 2546 3422 2616 γεννηθὲν

1848 2635 1909 2684 ἐκ
1944 2635 2042 2703 τῆς
2077 2636 2381 2706 Παρθένου;
2417 2638 2580 2688 Οὐδὲν
2627 2638 2810 2705 ἕτερον
2840 2638 2871 2706 ἦ
2909 2638 3098 2704 Λόγος.
3148 2638 3259 2691 Hoc
3292 2650 3416 2692 est:

1849 2723 2034 2793 Itaque
2085 2727 2388 2792 priusquam
2432 2726 2782 2791 descenderet,
2833 2737 2881 2780 et
2947 2743 3010 2781 ex
3067 2728 3272 2796 Virgine
3324 2746 3422 2781 na-

1845 2826 2094 2875 sceretur,
2139 2813 2356 2866 Verbum
2405 2825 2519 2866 erat
2551 2815 2900 2867 solummodo.
2942 2813 3083 2866 Nam
3114 2816 3236 2883 quid
3271 2815 3421 2867 aliud

1844 2914 1980 2966 erat,
2032 2906 2339 2972 priusquam
2401 2906 2685 2956 humanam
2738 2921 2946 2957 carnem
3003 2914 3324 2967 assumeret,
3368 2901 3422 2959 id

1845 2995 1979 3065 quod
2009 2996 2060 3046 in
2095 2996 2390 3046 novissimis
2446 2995 2627 3048 diebus
2663 2994 2925 3048 descendit
2958 2997 3420 3064 (quemadmodum

1847 3085 1955 3151 ipse
2003 3086 2228 3147 scribit),
2261 3095 2309 3136 et
2350 3087 2486 3153 quod
2518 3092 2579 3138 de
2641 3087 2847 3156 Virgine
2897 3099 3078 3140 natum
3107 3089 3229 3140 est."
3266 3087 3422 3141 Nihil

1848 3177 1994 3228 aliud
2043 3194 2199 3245 quam
2261 3177 2505 3232 Verbum.
2558 3178 2848 3234 Marcellus
2899 3195 3051 3245 sane,
3088 3181 3179 3249 qui
3228 3191 3420 3234 contra

1853 3265 2144 3319 Sabellium
2181 3282 2367 3335 agens,
2411 3267 2624 3321 Patrem
2683 3280 2842 3338 negat
2895 3273 3254 3331 incarnatum,
3305 3271 3420 3324 haec

1851 3360 2092 3412 scribere
2142 3374 2247 3412 non
2299 3361 2495 3427 potuit,
2531 3360 2662 3428 quin
2696 3359 2930 3413 Verbum
2966 3376 2995 3412 a
3026 3360 3184 3414 Patre
3223 3363 3418 3417 distiu-

1851 3457 1998 3502 ctum
2035 3450 2296 3502 crederet.
2332 3449 2396 3501 Et
2436 3453 2624 3518 paucis
2655 3452 2989 3518 interpositis
3037 3453 3149 3504 haec
3180 3452 3414 3508 Marcelli

1850 3540 2011 3593 verba
2044 3539 2379 3593 aﬂ‘eruutur:
2414 3541 2596 3593 Discat
2628 3543 2807 3610 igitur,
2849 3542 3066 3594 Verbum
3099 3543 3210 3608 Dei,
3231 3559 3333 3595 non
3363 3555 3417 3597 ut

1849 3630 1930 3681 illi
1960 3631 2156 3691 volunt,
2198 3630 2418 3683 Verbum
2451 3634 2905 3701 καταχρηστικῶς
2935 3633 3290 3700 appellatum;
3319 3635 3410 3688 sed

1847 3719 1982 3787 quod
2008 3737 2203 3782 revera,
2227 3721 2300 3781 ὡς
2332 3721 2564 3788 ἀληθῶς,
2586 3723 2886 3784 exsistebat,
2926 3722 3165 3776 Verbum.
3195 3724 3315 3786 l'ibi,
3349 3727 3417 3777 il-

1850 3810 1961 3873 lud,
1993 3828 2192 3873 revera,
2227 3810 2458 3864 Verbum
2504 3813 2783 3866 exstitisse
2829 3829 2949 3867 vere
2977 3823 3028 3865 et
3060 3830 3153 3881 per
3201 3830 3277 3878 se,
3315 3831 3415 3868 nec

1848 3919 2013 3954 unum
2061 3914 2113 3956 et
2167 3903 2307 3956 idem
2357 3919 2478 3956 cum
2528 3899 2689 3956 Patre
2743 3904 2930 3965 fuisse,
2981 3903 3235 3970 denotat,
3272 3906 3414 3958 Alibi

1846 4010 1973 4046 vero
2015 3995 2088 4063 (p.
2126 3994 2213 4062 59)
2248 3994 2322 4045 ait
2373 3993 2660 4047 Marcellus
2692 4014 2702 4048 :
2729 3995 2841 4064 Πρὸ
2883 3995 2990 4064 γὰρ
3021 3995 3120 4063 τῆς
3161 3995 3419 4066 δημιουρ-

1846 4084 1968 4149 γίας
1999 4085 2212 4151 ἁπάσης
2246 4083 2439 4151 ἡσυχία
2491 4100 2570 4145 τις
2602 4078 2688 4151 ἦν,
2737 4084 2812 4144 ὡς
2847 4083 3012 4145 εἰκὸς,
3062 4085 3119 4134 ὲν
3171 4083 3246 4151 τῷ
3298 4083 3417 4153 Θεῷ

1844 4174 1937 4225 τοῦ
1969 4176 2139 4240 Λόγου
2169 4175 2340 4235 ὄντος.
2368 4173 2477 4226 lloc
2511 4184 2592 4228 est
2619 4194 2630 4226 :
2666 4174 2798 4226 Ante
2824 4192 3025 4226 omnem
3058 4191 3232 4226 rerum
3271 4191 3418 4226 crea-

1849 4268 2038 4318 tionem
2089 4276 2224 4326 erat,
2263 4276 2327 4316 ut
2362 4281 2459 4333 par
2499 4275 2575 4319 est
2615 4267 2843 4329 credere,
2880 4269 3022 4337 quies
3073 4269 3127 4319 in
3167 4268 3294 4332 Deo,
3327 4285 3418 4322 ex-

1845 4360 2053 4409 sistente
2113 4358 2249 4423 apud
2305 4356 2472 4409 Deum
2534 4357 2719 4410 Verbo.
2792 4357 2893 4412 Ubi
2949 4359 3082 4412 nihil
3151 4375 3256 4411 nou
3312 4359 3418 4412 Ca-

1846 4446 2105 4499 tholicum
2161 4445 2536 4513 deprehendas
2573 4467 2582 4498 :
2619 4463 2742 4499 nam
2790 4450 2934 4516 quod
2985 4448 3120 4501 dicit
3178 4448 3415 4502 Verbum

167 4540 346 4608 quod,
382 4549 440 4593 ut
494 4543 570 4593 ait
635 4543 744 4605 ille,
793 4544 1063 4610 ipsissima
1120 4552 1202 4597 est
1253 4543 1470 4597 Sabellii
1533 4545 1737 4613 opinio.
1774 4562 1818 4616 Ι)
1847 4553 1967 4592 esse
1994 4539 2046 4589 in
2068 4537 2176 4591 Deo
2209 4540 2287 4591 vel
2321 4539 2461 4608 apud
2491 4539 2679 4602 Deum,
2704 4539 2929 4595 Joannis
2959 4551 3059 4595 est.
3090 4543 3298 4596 Etenim
3324 4544 3414 4595 alii

168 4631 332 4697 Quod
381 4641 561 4686 autem
607 4631 768 4686 Pater
796 4643 848 4688 et
882 4632 1114 4687 Verbum
1159 4636 1316 4704 οὐσίᾳ.
1363 4637 1476 4689 sive
1503 4637 1740 4690 essentia

171 4739 348 4777 unum
380 4733 584 4789 essent,
617 4727 668 4779 id
702 4727 965 4780 Catholici
1011 4743 1198 4781 omnes
1231 4727 1522 4802 dicebant;
1552 4729 1742 4781 Ariani

168 4829 308 4869 vero
345 4815 589 4870 diversas
639 4820 692 4871 in
725 4816 884 4871 Patre
921 4829 974 4872 et
1009 4817 1183 4871 Verbo
1222 4829 1274 4872 et
1308 4828 1585 4886 separatas
1625 4821 1743 4873 dis-

170 4919 443 4973 paresque
497 4909 768 4961 essentias
807 4922 926 4960 esse
961 4908 1362 4960 contendebant
1423 4927 1433 4960 :
1477 4909 1745 4976 idipsum-

169 5010 283 5061 que
311 5005 510 5066 pugnat
544 4997 812 5052 Eusebius
840 5009 897 5051 ut
923 5000 976 5051 in
1006 4999 1455 5066 praeliminarihus
1492 4999 1559 5050 ad
1588 5014 1744 5051 corn—

163 5089 444 5140 mentaria
471 5090 524 5140 in
559 5089 800 5143 Psalmos
848 5091 1254 5158 comprobatum
1288 5099 1388 5144 est.
1445 5090 1515 5143 De
1567 5091 1744 5160 hypo-

172 5177 334 5239 stasi,
380 5179 694 5244 ὑποστάσει,
753 5197 880 5235 vero
928 5186 1156 5250 quaestio
1209 5191 1324 5236 erat
1387 5184 1548 5235 etiam
1600 5184 1739 5235 inter

171 5269 527 5326 Catholicos.
560 5289 791 5342 quorum
833 5275 924 5327 alii
974 5287 1083 5329 tres
1119 5276 1436 5344 hypostases
1469 5277 1521 5327 iu
1555 5274 1740 5328 Trini-

174 5371 290 5415 tate
328 5363 742 5430 profitebantur,
775 5366 864 5419 alii
904 5381 1084 5430 unam,
1133 5383 1240 5420 non
1285 5383 1359 5430 re,
1394 5367 1487 5421 sed
1520 5369 1740 5420 nomine

172 5465 386 5510 tantum
431 5457 571 5511 inter
599 5473 658 5512 se
690 5457 1083 5528 discrepantes.
1126 5459 1259 5512 Nam
1291 5475 1414 5513 cum
1451 5461 1639 5512 Ariani
1679 5461 1745 5513 ab

171 5561 370 5604 exortu
403 5549 672 5603 haereseos
716 5558 828 5604 tres
869 5552 1188 5620 hypostases
1227 5552 1277 5604 in
1316 5553 1579 5604 Trinitate
1614 5567 1742 5620 pro-

173 5640 310 5694 fessi
352 5650 556 5702 essent,
603 5655 667 5695 ac
719 5641 1034 5705 ὑπόστασις,
1069 5652 1203 5697 teste
1248 5643 1570 5705 Athanasio,
1615 5643 1744 5696 sub-

172 5735 433 5788 stantiam
464 5749 529 5788 ex
563 5748 623 5787 se
661 5732 964 5803 significet;
995 5735 1148 5788 multi
1190 5733 1598 5788 Catholicorum
1631 5748 1740 5786 non

171 5827 343 5884 nescii
403 5827 659 5887 Arianos.
698 5825 824 5879 dum
877 5833 987 5881 tres
1039 5826 1357 5891 hypostases
1405 5825 1739 5891 proferrent,

1848 4647 1914 4686 ex
1959 4629 2058 4682 SS.
2092 4629 2362 4692 Patribus,
2413 4632 2462 4684 in
2495 4632 2692 4700 quibus
2722 4633 3054 4686 Athanasius
3099 4635 3321 4701 passim,
3362 4640 3416 4686 et

1847 4726 2205 4795 Augustinus,
2236 4724 2469 4791 idipsum
2500 4740 2643 4787 esse,
2681 4723 2814 4792 πρὸς
2845 4723 2938 4774 τὸν
2963 4724 3095 4776 Θεὸν
3124 4724 3216 4774 καὶ
3255 4725 3312 4774 ὲν
3338 4721 3418 4791 τῷ

1847 4817 1986 4885 Θεῷ,
2015 4814 2152 4882 apud
2186 4813 2351 4866 Deum
2384 4824 2431 4866 et
2464 4815 2514 4865 in
2553 4813 2661 4866 Deo
2693 4830 2815 4867 esse
2844 4813 3088 4866 dicebar;
3121 4832 3132 4843 ·
3167 4813 3255 4865 alii
3291 4828 3418 4865 vero

1847 4922 1898 4964 et
1925 4910 2141 4978 quidem
2181 4923 2378 4977 magno
2407 4925 2652 4969 numero,
2690 4908 2820 4960 illud
2857 4909 2914 4958 ἐν
2939 4907 3012 4974 τῷ
3036 4906 3172 4974 Θεῷ,
3203 4907 3326 4974 quia
3363 4906 3416 4958 in

1848 5002 2138 5070 Evangelia
2159 4994 2352 5053 ita‘non
2379 5001 2596 5069 legitur,
2623 5005 2933 5066 suspectum
2955 4998 3261 5050 habebant:
3293 5011 3417 5048 nam

1848 5096 1990 5166 quod
2015 5078 2280 5154 Pauiiani,
2304 5094 2616 5155 Sabelliani,
2660 5090 3011 5149 Marcelliani,
3032 5096 3084 5141 et
3108 5085 3416 5140 Photiniani

1851 5188 2094 5257 forteque
2117 5189 2227 5248 alii,
2267 5187 2444 5240 omnis
2466 5187 2603 5236 inter
2629 5182 2843 5234 Patrem
2871 5190 2922 5233 et
2953 5178 3145 5232 Filium
3171 5177 3419 5232 tollenda:

1848 5281 2220 5334 distinctionis
2249 5293 2438 5337 causa,
2471 5280 2570 5330 hac
2598 5270 2852 5344 loquendi
2890 5274 3100 5325 ratione
3131 5273 3421 5324 abuteren-

1850 5380 1959 5433 tur,
2011 5371 2142 5424 illud
2195 5373 2252 5422 ἐν
2299 5371 2374 5440 τῷ
2421 5368 2924 5439 Θεῷηυῇὶςὶεῠίιηῑ.
2978 5363 3134 5428 Quod
3187 5377 3315 5416 vero
3347 5365 3421 5415 ait

1849 5463 2154 5525 Marcellus,
2197 5472 2321 5517 ante
2346 5464 2676 5516 creationem
2713 5459 2884 5512 fuisse
2929 5457 3164 5526 quietem
3203 5455 3254 5507 in
3290 5451 3420 5517 Deo,

1850 5555 1961 5608 sive
2002 5555 2293 5614 silentium,
2330 5562 2386 5604 ut
2415 5554 2552 5607 alias
2596 5553 2878 5619 loquitur;
2924 5549 2975 5600 id
3026 5560 3210 5599 sanam
3262 5542 3418 5598 iidem

1849 5647 1983 5697 nihil
2013 5645 2172 5698 laedit.
2209 5643 2356 5698 Licet
2394 5646 2535 5698 enim
2567 5644 2618 5695 in
2652 5642 2762 5694 Deo
2798 5641 2943 5694 nulla
2979 5634 3307 5689 conditionis
3339 5635 3421 5688 vel

1848 5745 2024 5791 status
2077 5737 2304 5789 mutatio
2342 5750 2466 5789 vere
2515 5733 2768 5795 exsistat,
2819 5741 2870 5784 et
2913 5727 3151 5782 Verbum
3196 5723 3423 5793 perinde

1850 5837 1996 5886 ante.
2045 5841 2208 5884 auam
2256 5834 2378 5882 post
2427 5825 2758 5881 creationem
2791 5830 2844 5877 et
2887 5818 3318 5876 incarnationem
3368 5817 3422 5869 in
