  <div class='ocr_page' id='page_1' title='image "/cluster/home/n/w/nwhite01/storage/ocr_20150623/18/pst.000005712038/661.png"; bbox 0 0 4044 6324; ppageno 0'>
   <div class='ocr_carea' id='block_1_1' title="bbox 697 373 833 431">
    <p class='ocr_par' dir='ltr' id='par_1_1' title="bbox 697 373 833 431">
     <span class='ocr_line' id='line_1_1' title="bbox 697 373 833 431; baseline 0.015 -3"><span class='ocrx_word' id='word_1_1' title='bbox 697 373 833 431; x_wconf 69' lang='grc' dir='ltr'><strong>1ἳ8¹1</strong></span> 
     </span>
    </p>
   </div>
   <div class='ocr_carea' id='block_1_2' title="bbox 1940 375 2690 445">
    <p class='ocr_par' dir='ltr' id='par_1_2' title="bbox 1940 375 2690 445">
     <span class='ocr_line' id='line_1_2' title="bbox 1940 375 2690 445; baseline 0.012 -9"><span class='ocrx_word' id='word_1_2' title='bbox 1940 378 2028 436; x_wconf 75' lang='grc' dir='ltr'><strong>ΒΕ</strong></span> <span class='ocrx_word' id='word_1_3' title='bbox 2067 377 2226 436; x_wconf 78' lang='lat' dir='ltr'><strong>VITA</strong></span> <span class='ocrx_word' id='word_1_4' title='bbox 2257 375 2344 434; x_wconf 80' lang='grc' dir='ltr'><strong>ετ</strong></span> <span class='ocrx_word' id='word_1_5' title='bbox 2378 379 2690 445; x_wconf 73' lang='lat' dir='ltr'><strong>SCRIPTIS</strong></span> 
     </span>
    </p>
   </div>
   <div class='ocr_carea' id='block_1_3' title="bbox 696 487 3911 574">
    <p class='ocr_par' dir='ltr' id='par_1_3' title="bbox 696 487 3911 574">
     <span class='ocr_line' id='line_1_3' title="bbox 696 487 3911 574; baseline 0.008 -33"><span class='ocrx_word' id='word_1_6' title='bbox 696 487 807 543; x_wconf 81' lang='lat' dir='ltr'><strong>Deo</strong></span> <span class='ocrx_word' id='word_1_7' title='bbox 842 488 999 547; x_wconf 98' lang='lat' dir='ltr'><strong>Patre</strong></span> <span class='ocrx_word' id='word_1_8' title='bbox 1039 494 1302 551; x_wconf 86' lang='lat' dir='ltr'><strong>manserit</strong></span> <span class='ocrx_word' id='word_1_9' title='bbox 1328 502 1382 549; x_wconf 89' lang='lat' dir='ltr'><strong>et</strong></span> <span class='ocrx_word' id='word_1_10' title='bbox 1410 507 1659 562; x_wconf 79' lang='lat' dir='ltr'><strong>maneat;</strong></span> <span class='ocrx_word' id='word_1_11' title='bbox 1705 495 1945 553; x_wconf 78' lang='lat' dir='ltr'><strong>humano</strong></span> <span class='ocrx_word' id='word_1_12' title='bbox 1964 504 2145 554; x_wconf 89' lang='lat' dir='ltr'><strong>tamen</strong></span> <span class='ocrx_word' id='word_1_13' title='bbox 2179 497 2258 552; x_wconf 79' lang='lat' dir='ltr'><strong>lo-</strong></span> <span class='ocrx_word' id='word_1_14' title='bbox 2284 501 2332 557; x_wconf 80' lang='grc' dir='ltr'>Α</span> <span class='ocrx_word' id='word_1_15' title='bbox 2356 508 2411 556; x_wconf 87' lang='lat' dir='ltr'><strong>et</strong></span> <span class='ocrx_word' id='word_1_16' title='bbox 2436 503 2832 569; x_wconf 62' lang='lat' dir='ltr'><strong>exuam.</strong></span> <span class='ocrx_word' id='word_1_17' title='bbox 2862 522 3028 574; x_wconf 83' lang='lat' dir='ltr'><strong>quam</strong></span> <span class='ocrx_word' id='word_1_18' title='bbox 3057 508 3361 566; x_wconf 84' lang='lat' dir='ltr'><strong>secundum</strong></span> <span class='ocrx_word' id='word_1_19' title='bbox 3405 507 3644 564; x_wconf 63' lang='grc' dir='ltr'><strong>..γοάῆ</strong></span> <span class='ocrx_word' id='word_1_20' title='bbox 3700 520 3911 566; x_wconf 71' lang='lat' dir='ltr'><strong>senten-</strong></span> 
     </span>
    </p>
   </div>
   <div class='ocr_carea' id='block_1_4' title="bbox 694 581 2256 658">
    <p class='ocr_par' dir='ltr' id='par_1_4' title="bbox 694 581 2256 658">
     <span class='ocr_line' id='line_1_4' title="bbox 694 581 2256 658; baseline 0.008 -24"><span class='ocrx_word' id='word_1_21' title='bbox 694 581 894 651; x_wconf 87' lang='lat' dir='ltr'><strong>qnendl</strong></span> <span class='ocrx_word' id='word_1_22' title='bbox 922 599 1091 647; x_wconf 91' lang='lat' dir='ltr'><strong>more,</strong></span> <span class='ocrx_word' id='word_1_23' title='bbox 1134 583 1509 650; x_wconf 78' lang='lat' dir='ltr'><strong>descendisse,</strong></span> <span class='ocrx_word' id='word_1_24' title='bbox 1536 586 1759 654; x_wconf 86' lang='lat' dir='ltr'><strong>exiisse,</strong></span> <span class='ocrx_word' id='word_1_25' title='bbox 1782 603 2065 658; x_wconf 74' lang='lat' dir='ltr'><strong>egressum</strong></span> <span class='ocrx_word' id='word_1_26' title='bbox 2109 603 2256 656; x_wconf 68' lang='grc' dir='ltr'><strong>αισι,</strong></span> 
     </span>
    </p>
   </div>
   <div class='ocr_carea' id='block_1_5' title="bbox 696 669 2257 748">
    <p class='ocr_par' dir='ltr' id='par_1_5' title="bbox 696 669 2257 748">
     <span class='ocr_line' id='line_1_5' title="bbox 696 669 2257 748; baseline 0.007 -24"><span class='ocrx_word' id='word_1_27' title='bbox 696 669 1004 741; x_wconf 88' lang='lat' dir='ltr'><strong>pariterque</strong></span> <span class='ocrx_word' id='word_1_28' title='bbox 1022 673 1305 742; x_wconf 71' lang='lat' dir='ltr'><strong>quiescere</strong></span> <span class='ocrx_word' id='word_1_29' title='bbox 1327 682 1381 729; x_wconf 89' lang='lat' dir='ltr'><strong>ct</strong></span> <span class='ocrx_word' id='word_1_30' title='bbox 1404 674 1562 731; x_wconf 85' lang='lat' dir='ltr'><strong>silere</strong></span> <span class='ocrx_word' id='word_1_31' title='bbox 1586 676 1804 732; x_wconf 89' lang='lat' dir='ltr'><strong>dicitur.</strong></span> <span class='ocrx_word' id='word_1_32' title='bbox 1822 675 1992 731; x_wconf 87' lang='lat' dir='ltr'><strong>Paulo</strong></span> <span class='ocrx_word' id='word_1_33' title='bbox 2012 686 2133 748; x_wconf 89' lang='lat' dir='ltr'><strong>post</strong></span> <span class='ocrx_word' id='word_1_34' title='bbox 2156 694 2257 735; x_wconf 85' lang='lat' dir='ltr'><strong>au-</strong></span> 
     </span>
    </p>
   </div>
   <div class='ocr_carea' id='block_1_6' title="bbox 694 759 2258 840">
    <p class='ocr_par' dir='ltr' id='par_1_6' title="bbox 694 759 2258 840">
     <span class='ocr_line' id='line_1_6' title="bbox 694 759 2258 840; baseline 0.006 -25"><span class='ocrx_word' id='word_1_35' title='bbox 694 766 802 815; x_wconf 87' lang='lat' dir='ltr'><strong>tem</strong></span> <span class='ocrx_word' id='word_1_36' title='bbox 838 765 913 829; x_wconf 84' lang='lat' dir='ltr'><strong>(p.</strong></span> <span class='ocrx_word' id='word_1_37' title='bbox 946 759 1036 829; x_wconf 74' lang='grc' dir='ltr'><strong>ιο)</strong></span> <span class='ocrx_word' id='word_1_38' title='bbox 1073 762 1186 817; x_wconf 65' lang='lat' dir='ltr'><strong>haec</strong></span> <span class='ocrx_word' id='word_1_39' title='bbox 1230 762 1471 821; x_wconf 69' lang='lat' dir='ltr'><strong>Harcelli</strong></span> <span class='ocrx_word' id='word_1_40' title='bbox 1514 768 1679 822; x_wconf 88' lang='lat' dir='ltr'><strong>verba</strong></span> <span class='ocrx_word' id='word_1_41' title='bbox 1710 768 2057 824; x_wconf 80' lang='lat' dir='ltr'><strong>vehementer</strong></span> <span class='ocrx_word' id='word_1_42' title='bbox 2080 770 2258 840; x_wconf 88' lang='lat' dir='ltr'><strong>carpit</strong></span> 
     </span>
    </p>
   </div>
   <div class='ocr_carea' id='block_1_7' title="bbox 693 853 2257 925">
    <p class='ocr_par' dir='ltr' id='par_1_7' title="bbox 693 853 2257 925">
     <span class='ocr_line' id='line_1_7' title="bbox 693 853 2257 925; baseline 0.006 -17"><span class='ocrx_word' id='word_1_43' title='bbox 693 853 1001 910; x_wconf 80' lang='lat' dir='ltr'><strong>Eusebius:</strong></span> <span class='ocrx_word' id='word_1_44' title='bbox 1039 854 1247 913; x_wconf 71' lang='lat' dir='ltr'><strong>Sciebat</strong></span> <span class='ocrx_word' id='word_1_45' title='bbox 1270 870 1445 913; x_wconf 71' lang='lat' dir='ltr'><strong>autem</strong></span> <span class='ocrx_word' id='word_1_46' title='bbox 1485 861 1619 914; x_wconf 83' lang='lat' dir='ltr'><strong>illud</strong></span> <span class='ocrx_word' id='word_1_47' title='bbox 1655 864 1959 925; x_wconf 73' lang='lat' dir='ltr'><strong>conducere,</strong></span> <span class='ocrx_word' id='word_1_48' title='bbox 1992 872 2051 916; x_wconf 86' lang='lat' dir='ltr'><strong>ut</strong></span> <span class='ocrx_word' id='word_1_49' title='bbox 2077 862 2257 919; x_wconf 81' lang='lat' dir='ltr'><strong>credo-</strong></span> 
     </span>
    </p>
   </div>
   <div class='ocr_carea' id='block_1_8' title="bbox 693 948 2255 1023">
    <p class='ocr_par' dir='ltr' id='par_1_8' title="bbox 693 948 2255 1023">
     <span class='ocr_line' id='line_1_8' title="bbox 693 948 2255 1023; baseline 0.007 -24"><span class='ocrx_word' id='word_1_50' title='bbox 693 956 805 1000; x_wconf 81' lang='lat' dir='ltr'><strong>rent</strong></span> <span class='ocrx_word' id='word_1_51' title='bbox 867 964 1028 1001; x_wconf 80' lang='lat' dir='ltr'><strong>unum</strong></span> <span class='ocrx_word' id='word_1_52' title='bbox 1096 948 1258 1004; x_wconf 81' lang='lat' dir='ltr'><strong>Deum</strong></span> <span class='ocrx_word' id='word_1_53' title='bbox 1303 968 1437 1008; x_wconf 83' lang='lat' dir='ltr'><strong>esse.</strong></span> <span class='ocrx_word' id='word_1_54' title='bbox 1476 951 1603 1009; x_wconf 85' lang='lat' dir='ltr'><strong>Ideo</strong></span> <span class='ocrx_word' id='word_1_55' title='bbox 1652 952 1729 1008; x_wconf 82' lang='lat' dir='ltr'><strong>sic</strong></span> <span class='ocrx_word' id='word_1_56' title='bbox 1775 953 2255 1023; x_wconf 76' lang='lat' dir='ltr'><strong>eumalloquitur:</strong></span> 
     </span>
    </p>
   </div>
   <div class='ocr_carea' id='block_1_9' title="bbox 696 1037 2254 1112">
    <p class='ocr_par' dir='ltr' id='par_1_9' title="bbox 696 1037 2254 1112">
     <span class='ocr_line' id='line_1_9' title="bbox 696 1037 2254 1112; baseline 0.006 -19"><span class='ocrx_word' id='word_1_57' title='bbox 696 1057 716 1091; x_wconf 84' lang='lat' dir='ltr'><strong>t</strong></span> <span class='ocrx_word' id='word_1_58' title='bbox 780 1037 890 1110; x_wconf 77' lang='lat' dir='ltr'><strong>Ego</strong></span> <span class='ocrx_word' id='word_1_59' title='bbox 942 1057 1060 1095; x_wconf 85' lang='lat' dir='ltr'><strong>sunt</strong></span> <span class='ocrx_word' id='word_1_60' title='bbox 1115 1043 1204 1112; x_wconf 76' lang='lat' dir='ltr'><strong>qui</strong></span> <span class='ocrx_word' id='word_1_61' title='bbox 1266 1059 1383 1097; x_wconf 78' lang='lat' dir='ltr'><strong>sum</strong></span> <span class='ocrx_word' id='word_1_62' title='bbox 1426 1045 1481 1109; x_wconf 83' lang='lat'><strong>&#39;;</strong></span> <span class='ocrx_word' id='word_1_63' title='bbox 1543 1063 1563 1096; x_wconf 79' lang='grc' dir='ltr'><strong><em>ι</em></strong></span> <span class='ocrx_word' id='word_1_64' title='bbox 1631 1051 1691 1097; x_wconf 86' lang='lat' dir='ltr'><strong>ut</strong></span> <span class='ocrx_word' id='word_1_65' title='bbox 1732 1054 1888 1099; x_wconf 72' lang='lat' dir='ltr'><strong>extre</strong></span> <span class='ocrx_word' id='word_1_66' title='bbox 1946 1063 2003 1101; x_wconf 84' lang='lat' dir='ltr'><strong>se</strong></span> <span class='ocrx_word' id='word_1_67' title='bbox 2048 1049 2254 1103; x_wconf 77' lang='lat' dir='ltr'><strong>nullust</strong></span> 
     </span>
    </p>
   </div>
   <div class='ocr_carea' id='block_1_10' title="bbox 692 1131 2253 1205">
    <p class='ocr_par' dir='ltr' id='par_1_10' title="bbox 692 1131 2253 1205">
     <span class='ocr_line' id='line_1_10' title="bbox 692 1131 2253 1205; baseline 0.006 -20"><span class='ocrx_word' id='word_1_68' title='bbox 692 1132 857 1185; x_wconf 79' lang='lat' dir='ltr'><strong>alium</strong></span> <span class='ocrx_word' id='word_1_69' title='bbox 917 1148 1030 1187; x_wconf 86' lang='lat' dir='ltr'><strong>esse</strong></span> <span class='ocrx_word' id='word_1_70' title='bbox 1089 1131 1256 1187; x_wconf 79' lang='lat' dir='ltr'><strong>Deum</strong></span> <span class='ocrx_word' id='word_1_71' title='bbox 1333 1134 1561 1192; x_wconf 86' lang='lat' dir='ltr'><strong>doceret.</strong></span> <span class='ocrx_word' id='word_1_72' title='bbox 1625 1134 1867 1191; x_wconf 78' lang='lat' dir='ltr'><strong>Procliue</strong></span> <span class='ocrx_word' id='word_1_73' title='bbox 1916 1148 1994 1193; x_wconf 82' lang='lat' dir='ltr'><strong>est</strong></span> <span class='ocrx_word' id='word_1_74' title='bbox 2053 1148 2253 1205; x_wconf 72' lang='grc' dir='ltr'><strong>σιω-ι,</strong></span> 
     </span>
    </p>
   </div>
   <div class='ocr_carea' id='block_1_11' title="bbox 690 1222 2255 1302">
    <p class='ocr_par' dir='ltr' id='par_1_11' title="bbox 690 1222 2255 1302">
     <span class='ocr_line' id='line_1_11' title="bbox 690 1222 2255 1302; baseline 0.006 -26"><span class='ocrx_word' id='word_1_75' title='bbox 690 1234 748 1276; x_wconf 86' lang='lat' dir='ltr'><strong>ut</strong></span> <span class='ocrx_word' id='word_1_76' title='bbox 793 1222 1045 1283; x_wconf 79' lang='lat' dir='ltr'><strong>arbitror,</strong></span> <span class='ocrx_word' id='word_1_77' title='bbox 1097 1226 1281 1293; x_wconf 83' lang='lat' dir='ltr'><strong>cuique</strong></span> <span class='ocrx_word' id='word_1_78' title='bbox 1325 1226 1589 1295; x_wconf 77' lang='lat' dir='ltr'><strong>prudenti,</strong></span> <span class='ocrx_word' id='word_1_79' title='bbox 1633 1225 1688 1279; x_wconf 89' lang='lat' dir='ltr'><strong>id</strong></span> <span class='ocrx_word' id='word_1_80' title='bbox 1734 1227 1801 1282; x_wconf 69' lang='lat' dir='ltr'><strong>ab</strong></span> <span class='ocrx_word' id='word_1_81' title='bbox 1845 1227 2075 1285; x_wconf 72' lang='lat' dir='ltr'><strong>humano</strong></span> <span class='ocrx_word' id='word_1_82' title='bbox 2121 1247 2255 1302; x_wconf 79' lang='lat' dir='ltr'><strong>quo-</strong></span> 
     </span>
    </p>
   </div>
   <div class='ocr_carea' id='block_1_12' title="bbox 688 1316 2255 1391">
    <p class='ocr_par' dir='ltr' id='par_1_12' title="bbox 688 1316 2255 1391">
     <span class='ocr_line' id='line_1_12' title="bbox 688 1316 2255 1391; baseline 0.005 -23"><span class='ocrx_word' id='word_1_83' title='bbox 688 1316 835 1378; x_wconf 69' lang='lat' dir='ltr'><strong>dam,</strong></span> <span class='ocrx_word' id='word_1_84' title='bbox 884 1318 1073 1386; x_wconf 73' lang='lat' dir='ltr'><strong>exiguo</strong></span> <span class='ocrx_word' id='word_1_85' title='bbox 1110 1326 1160 1371; x_wconf 87' lang='lat' dir='ltr'><strong>et</strong></span> <span class='ocrx_word' id='word_1_86' title='bbox 1203 1316 1391 1371; x_wconf 79' lang='lat' dir='ltr'><strong>humili</strong></span> <span class='ocrx_word' id='word_1_87' title='bbox 1446 1319 1681 1386; x_wconf 67' lang='lat' dir='ltr'><strong>exemplo</strong></span> <span class='ocrx_word' id='word_1_88' title='bbox 1734 1319 2064 1391; x_wconf 68' lang='lat' dir='ltr'><strong>intelligere:</strong></span> <span class='ocrx_word' id='word_1_89' title='bbox 2094 1336 2255 1391; x_wconf 78' lang='lat' dir='ltr'><strong>neque</strong></span> 
     </span>
    </p>
   </div>
   <div class='ocr_carea' id='block_1_13' title="bbox 692 1407 2254 1479">
    <p class='ocr_par' dir='ltr' id='par_1_13' title="bbox 692 1407 2254 1479">
     <span class='ocr_line' id='line_1_13' title="bbox 692 1407 2254 1479; baseline 0.003 -19"><span class='ocrx_word' id='word_1_90' title='bbox 692 1407 826 1460; x_wconf 71' lang='lat' dir='ltr'><strong>enim</strong></span> <span class='ocrx_word' id='word_1_91' title='bbox 874 1415 1042 1476; x_wconf 81' lang='lat' dir='ltr'><strong>potest</strong></span> <span class='ocrx_word' id='word_1_92' title='bbox 1088 1409 1362 1477; x_wconf 79' lang='lat' dir='ltr'><strong>quisquam</strong></span> <span class='ocrx_word' id='word_1_93' title='bbox 1412 1407 1625 1463; x_wconf 70' lang='lat' dir='ltr'><strong>verbum</strong></span> <span class='ocrx_word' id='word_1_94' title='bbox 1655 1408 1883 1465; x_wconf 64' lang='lat' dir='ltr'><strong>hominis</strong></span> <span class='ocrx_word' id='word_1_95' title='bbox 1923 1412 2155 1479; x_wconf 81' lang='lat' dir='ltr'><strong>potentia</strong></span> <span class='ocrx_word' id='word_1_96' title='bbox 2201 1420 2254 1465; x_wconf 87' lang='lat' dir='ltr'><strong>et</strong></span> 
     </span>
    </p>
   </div>
   <div class='ocr_carea' id='block_1_14' title="bbox 693 1498 2251 1572">
    <p class='ocr_par' dir='ltr' id='par_1_14' title="bbox 693 1498 2251 1572">
     <span class='ocr_line' id='line_1_14' title="bbox 693 1498 2251 1572; baseline 0.005 -22"><span class='ocrx_word' id='word_1_97' title='bbox 693 1498 989 1552; x_wconf 68' lang='lat' dir='ltr'><strong>substantia</strong></span> <span class='ocrx_word' id='word_1_98' title='bbox 1021 1515 1282 1561; x_wconf 58' lang='lat' dir='ltr'><strong>“parare.</strong></span> <span class='ocrx_word' id='word_1_99' title='bbox 1324 1498 1494 1554; x_wconf 82' lang='lat' dir='ltr'><strong>Unum</strong></span> <span class='ocrx_word' id='word_1_100' title='bbox 1524 1511 1603 1556; x_wconf 83' lang='lat' dir='ltr'><strong>est</strong></span> <span class='ocrx_word' id='word_1_101' title='bbox 1630 1504 1769 1556; x_wconf 73' lang='lat' dir='ltr'><strong>enim</strong></span> <span class='ocrx_word' id='word_1_102' title='bbox 1796 1513 1951 1572; x_wconf 65' lang='lat' dir='ltr'><strong>atque</strong></span> <span class='ocrx_word' id='word_1_103' title='bbox 1974 1502 2113 1557; x_wconf 69' lang='lat' dir='ltr'><strong>idem</strong></span> <span class='ocrx_word' id='word_1_104' title='bbox 2133 1519 2251 1558; x_wconf 69' lang='lat' dir='ltr'><strong>cum</strong></span> 
     </span>
    </p>
   </div>
   <div class='ocr_carea' id='block_1_15' title="bbox 692 1589 2251 1666">
    <p class='ocr_par' dir='ltr' id='par_1_15' title="bbox 692 1589 2251 1666">
     <span class='ocr_line' id='line_1_15' title="bbox 692 1589 2251 1666; baseline 0.006 -24"><span class='ocrx_word' id='word_1_105' title='bbox 692 1589 897 1644; x_wconf 72' lang='lat' dir='ltr'><strong>homine</strong></span> <span class='ocrx_word' id='word_1_106' title='bbox 930 1589 1151 1644; x_wconf 80' lang='lat' dir='ltr'><strong>Verbum</strong></span> <span class='ocrx_word' id='word_1_107' title='bbox 1175 1606 1193 1643; x_wconf 91' lang='lat'><strong><em>:</em></strong></span> <span class='ocrx_word' id='word_1_108' title='bbox 1224 1608 1343 1661; x_wconf 72' lang='lat' dir='ltr'><strong>qua:</strong></span> <span class='ocrx_word' id='word_1_109' title='bbox 1381 1592 1425 1647; x_wconf 97' lang='lat' dir='ltr'><strong>si</strong></span> <span class='ocrx_word' id='word_1_110' title='bbox 1457 1594 1687 1648; x_wconf 79' lang='lat' dir='ltr'><strong>seorsim</strong></span> <span class='ocrx_word' id='word_1_111' title='bbox 1728 1594 1797 1648; x_wconf 83' lang='lat' dir='ltr'><strong>ab</strong></span> <span class='ocrx_word' id='word_1_112' title='bbox 1826 1596 1948 1649; x_wconf 85' lang='lat' dir='ltr'><strong>aliis</strong></span> <span class='ocrx_word' id='word_1_113' title='bbox 1979 1594 2251 1666; x_wconf 81' lang='lat' dir='ltr'><strong>accipian-</strong></span> 
     </span>
    </p>
   </div>
   <div class='ocr_carea' id='block_1_16' title="bbox 691 1682 2253 1743">
    <p class='ocr_par' dir='ltr' id='par_1_16' title="bbox 691 1682 2253 1743">
     <span class='ocr_line' id='line_1_16' title="bbox 691 1682 2253 1743; baseline 0.005 -9"><span class='ocrx_word' id='word_1_114' title='bbox 691 1687 801 1743; x_wconf 90' lang='lat' dir='ltr'><strong>tur,</strong></span> <span class='ocrx_word' id='word_1_115' title='bbox 829 1697 858 1734; x_wconf 88' lang='lat' dir='ltr'><strong>a</strong></span> <span class='ocrx_word' id='word_1_116' title='bbox 898 1692 1046 1738; x_wconf 90' lang='lat' dir='ltr'><strong>recta</strong></span> <span class='ocrx_word' id='word_1_117' title='bbox 1090 1697 1221 1737; x_wconf 88' lang='lat' dir='ltr'><strong>sane</strong></span> <span class='ocrx_word' id='word_1_118' title='bbox 1267 1682 1369 1737; x_wconf 87' lang='lat' dir='ltr'><strong>lide</strong></span> <span class='ocrx_word' id='word_1_119' title='bbox 1414 1684 1747 1740; x_wconf 80' lang='lat' dir='ltr'><strong>desciscunt.</strong></span> <span class='ocrx_word' id='word_1_120' title='bbox 1790 1684 1990 1741; x_wconf 87' lang='lat' dir='ltr'><strong>Verum</strong></span> <span class='ocrx_word' id='word_1_121' title='bbox 2020 1702 2087 1741; x_wconf 86' lang='lat' dir='ltr'><strong>ex</strong></span> <span class='ocrx_word' id='word_1_122' title='bbox 2130 1688 2253 1742; x_wconf 86' lang='lat' dir='ltr'><strong>aliis</strong></span> 
     </span>
    </p>
   </div>
   <div class='ocr_carea' id='block_1_17' title="bbox 692 1770 2255 1849">
    <p class='ocr_par' dir='ltr' id='par_1_17' title="bbox 692 1770 2255 1849">
     <span class='ocr_line' id='line_1_17' title="bbox 692 1770 2255 1849; baseline 0.005 -24"><span class='ocrx_word' id='word_1_123' title='bbox 692 1770 931 1826; x_wconf 74' lang='lat' dir='ltr'><strong>Marcelli</strong></span> <span class='ocrx_word' id='word_1_124' title='bbox 979 1772 1116 1827; x_wconf 85' lang='lat' dir='ltr'><strong>locis</strong></span> <span class='ocrx_word' id='word_1_125' title='bbox 1162 1774 1341 1843; x_wconf 81' lang='lat' dir='ltr'><strong>palam</strong></span> <span class='ocrx_word' id='word_1_126' title='bbox 1396 1774 1611 1830; x_wconf 81' lang='lat' dir='ltr'><strong>videtur</strong></span> <span class='ocrx_word' id='word_1_127' title='bbox 1663 1791 1787 1832; x_wconf 91' lang='lat' dir='ltr'><strong>eum</strong></span> <span class='ocrx_word' id='word_1_128' title='bbox 1848 1780 2255 1849; x_wconf 72' lang='lat' dir='ltr'><strong>comparatione</strong></span> 
     </span>
    </p>
   </div>
   <div class='ocr_carea' id='block_1_18' title="bbox 2361 594 3915 657">
    <p class='ocr_par' dir='ltr' id='par_1_18' title="bbox 2361 594 3915 657">
     <span class='ocr_line' id='line_1_18' title="bbox 2361 594 3915 657; baseline 0.005 -9"><span class='ocrx_word' id='word_1_129' title='bbox 2361 594 2492 650; x_wconf 87' lang='lat' dir='ltr'><strong>tiam</strong></span> <span class='ocrx_word' id='word_1_130' title='bbox 2522 594 2762 654; x_wconf 84' lang='lat' dir='ltr'><strong>Verbum</strong></span> <span class='ocrx_word' id='word_1_131' title='bbox 2793 596 2964 656; x_wconf 72' lang='lat' dir='ltr'><strong>fuisse</strong></span> <span class='ocrx_word' id='word_1_132' title='bbox 3003 612 3230 657; x_wconf 89' lang='lat' dir='ltr'><strong>narrant</strong></span> <span class='ocrx_word' id='word_1_133' title='bbox 3262 600 3495 657; x_wconf 75' lang='lat' dir='ltr'><strong>Basilius</strong></span> <span class='ocrx_word' id='word_1_134' title='bbox 3520 609 3578 656; x_wconf 88' lang='lat' dir='ltr'><strong>et</strong></span> <span class='ocrx_word' id='word_1_135' title='bbox 3608 598 3915 656; x_wconf 78' lang='lat' dir='ltr'><strong>Theodore-</strong></span> 
     </span>
    </p>
   </div>
   <div class='ocr_carea' id='block_1_19' title="bbox 2357 690 3916 761">
    <p class='ocr_par' dir='ltr' id='par_1_19' title="bbox 2357 690 3916 761">
     <span class='ocr_line' id='line_1_19' title="bbox 2357 690 3916 761; baseline 0.005 -18"><span class='ocrx_word' id='word_1_136' title='bbox 2357 696 2467 753; x_wconf 87' lang='lat' dir='ltr'><strong>tus.</strong></span> <span class='ocrx_word' id='word_1_137' title='bbox 2519 704 2591 746; x_wconf 84' lang='lat' dir='ltr'><strong>ne</strong></span> <span class='ocrx_word' id='word_1_138' title='bbox 2631 690 2801 747; x_wconf 73' lang='lat' dir='ltr'><strong>semel</strong></span> <span class='ocrx_word' id='word_1_139' title='bbox 2838 692 3059 761; x_wconf 85' lang='lat' dir='ltr'><strong>quidem</strong></span> <span class='ocrx_word' id='word_1_140' title='bbox 3114 703 3379 751; x_wconf 77' lang='lat' dir='ltr'><strong>memorat</strong></span> <span class='ocrx_word' id='word_1_141' title='bbox 3423 692 3703 750; x_wconf 76' lang='lat' dir='ltr'><strong>Eusebius</strong></span> <span class='ocrx_word' id='word_1_142' title='bbox 3746 692 3916 751; x_wconf 71' lang='lat' dir='ltr'><strong>Cass-</strong></span> 
     </span>
    </p>
   </div>
   <div class='ocr_carea' id='block_1_20' title="bbox 2356 779 3915 853">
    <p class='ocr_par' dir='ltr' id='par_1_20' title="bbox 2356 779 3915 853">
     <span class='ocr_line' id='line_1_20' title="bbox 2356 779 3915 853; baseline 0.004 -19"><span class='ocrx_word' id='word_1_143' title='bbox 2356 779 2557 837; x_wconf 85' lang='lat' dir='ltr'><strong>riensia</strong></span> <span class='ocrx_word' id='word_1_144' title='bbox 2584 800 2599 835; x_wconf 89' lang='lat'><strong>:</strong></span> <span class='ocrx_word' id='word_1_145' title='bbox 2630 782 2776 838; x_wconf 82' lang='lat' dir='ltr'><strong>unde</strong></span> <span class='ocrx_word' id='word_1_146' title='bbox 2813 785 2994 853; x_wconf 89' lang='lat' dir='ltr'><strong>palam</strong></span> <span class='ocrx_word' id='word_1_147' title='bbox 3039 785 3111 841; x_wconf 87' lang='lat' dir='ltr'><strong>sit</strong></span> <span class='ocrx_word' id='word_1_148' title='bbox 3158 787 3214 841; x_wconf 83' lang='lat' dir='ltr'><strong>in</strong></span> <span class='ocrx_word' id='word_1_149' title='bbox 3262 787 3403 842; x_wconf 87' lang='lat' dir='ltr'><strong>libro</strong></span> <span class='ocrx_word' id='word_1_150' title='bbox 3443 784 3691 843; x_wconf 72' lang='lat' dir='ltr'><strong>lucelli</strong></span> <span class='ocrx_word' id='word_1_151' title='bbox 3740 798 3915 841; x_wconf 71' lang='lat' dir='ltr'><strong>conm</strong></span> 
     </span>
    </p>
   </div>
   <div class='ocr_carea' id='block_1_21' title="bbox 2356 871 3716 950">
    <p class='ocr_par' dir='ltr' id='par_1_21' title="bbox 2356 871 3716 950">
     <span class='ocr_line' id='line_1_21' title="bbox 2356 871 3716 950; baseline 0.009 -25"><span class='ocrx_word' id='word_1_152' title='bbox 2356 872 2623 926; x_wconf 74' lang='lat' dir='ltr'><strong>Asterium</strong></span> <span class='ocrx_word' id='word_1_153' title='bbox 2652 871 2788 929; x_wconf 77' lang='lat' dir='ltr'><strong>nihil</strong></span> <span class='ocrx_word' id='word_1_154' title='bbox 2808 874 3121 945; x_wconf 83' lang='lat' dir='ltr'><strong>bujusmodi</strong></span> <span class='ocrx_word' id='word_1_155' title='bbox 3144 878 3540 950; x_wconf 60' lang='lat' dir='ltr'><strong>item</strong></span> <span class='ocrx_word' id='word_1_156' title='bbox 3562 892 3716 935; x_wconf 83' lang='lat' dir='ltr'><strong>esse.</strong></span> 
     </span>
    </p>
   </div>
   <div class='ocr_carea' id='block_1_22' title="bbox 2352 984 3915 1064">
    <p class='ocr_par' dir='ltr' id='par_1_22' title="bbox 2352 984 3915 1064">
     <span class='ocr_line' id='line_1_22' title="bbox 2352 984 3915 1064; baseline 0.005 -27"><span class='ocrx_word' id='word_1_157' title='bbox 2352 984 2439 1037; x_wconf 83' lang='lat' dir='ltr'><strong>Ill.</strong></span> <span class='ocrx_word' id='word_1_158' title='bbox 2464 988 2541 1037; x_wconf 76' lang='lat' dir='ltr'><strong>An</strong></span> <span class='ocrx_word' id='word_1_159' title='bbox 2558 986 2747 1040; x_wconf 61' lang='lat' dir='ltr'><strong>disci.</strong></span> <span class='ocrx_word' id='word_1_160' title='bbox 2762 986 2977 1039; x_wconf 81' lang='lat' dir='ltr'><strong>Verbum</strong></span> <span class='ocrx_word' id='word_1_161' title='bbox 3005 1004 3347 1064; x_wconf 39' lang='lat' dir='ltr'><strong>ﬁrm-esse,</strong></span> <span class='ocrx_word' id='word_1_162' title='bbox 3370 998 3427 1045; x_wconf 82' lang='lat' dir='ltr'><strong>et</strong></span> <span class='ocrx_word' id='word_1_163' title='bbox 3441 992 3627 1047; x_wconf 72' lang='lat' dir='ltr'><strong>Filium</strong></span> <span class='ocrx_word' id='word_1_164' title='bbox 3646 1006 3755 1045; x_wconf 69' lang='lat' dir='ltr'><strong>tam</strong></span> <span class='ocrx_word' id='word_1_165' title='bbox 3774 992 3915 1045; x_wconf 66' lang='lat' dir='ltr'><strong>mh?</strong></span> 
     </span>
    </p>
   </div>
   <div class='ocr_carea' id='block_1_23' title="bbox 2422 1152 3915 1232">
    <p class='ocr_par' dir='ltr' id='par_1_23' title="bbox 2422 1152 3915 1232">
     <span class='ocr_line' id='line_1_23' title="bbox 2422 1152 3915 1232; baseline 0.006 -25"><span class='ocrx_word' id='word_1_166' title='bbox 2422 1152 2502 1208; x_wconf 80' lang='lat' dir='ltr'><strong>Ad</strong></span> <span class='ocrx_word' id='word_1_167' title='bbox 2522 1153 2638 1210; x_wconf 72' lang='lat' dir='ltr'><strong>haec</strong></span> <span class='ocrx_word' id='word_1_168' title='bbox 2653 1152 2907 1213; x_wconf 75' lang='lat' dir='ltr'><strong>Iarcello</strong></span> <span class='ocrx_word' id='word_1_169' title='bbox 2926 1158 3143 1214; x_wconf 84' lang='lat' dir='ltr'><strong>crimini</strong></span> <span class='ocrx_word' id='word_1_170' title='bbox 3165 1160 3254 1214; x_wconf 82' lang='lat' dir='ltr'><strong>dat</strong></span> <span class='ocrx_word' id='word_1_171' title='bbox 3276 1159 3568 1224; x_wconf 79' lang='lat' dir='ltr'><strong>Eusebius,</strong></span> <span class='ocrx_word' id='word_1_172' title='bbox 3595 1159 3753 1232; x_wconf 78' lang='lat' dir='ltr'><strong>quod</strong></span> <span class='ocrx_word' id='word_1_173' title='bbox 3775 1159 3915 1216; x_wconf 78' lang='lat' dir='ltr'><strong>dixe-</strong></span> 
     </span>
    </p>
   </div>
   <div class='ocr_carea' id='block_1_24' title="bbox 2352 1243 3915 1318">
    <p class='ocr_par' dir='ltr' id='par_1_24' title="bbox 2352 1243 3915 1318">
     <span class='ocr_line' id='line_1_24' title="bbox 2352 1243 3915 1318; baseline 0.004 -18"><span class='ocrx_word' id='word_1_174' title='bbox 2352 1244 2447 1311; x_wconf 85' lang='lat' dir='ltr'><strong>rit,</strong></span> <span class='ocrx_word' id='word_1_175' title='bbox 2478 1243 2716 1302; x_wconf 85' lang='lat' dir='ltr'><strong>Verbnm</strong></span> <span class='ocrx_word' id='word_1_176' title='bbox 2757 1245 3055 1318; x_wconf 74' lang='lat' dir='ltr'><strong>ingenitum</strong></span> <span class='ocrx_word' id='word_1_177' title='bbox 3086 1264 3208 1306; x_wconf 85' lang='lat' dir='ltr'><strong>esse</strong></span> <span class='ocrx_word' id='word_1_178' title='bbox 3237 1266 3303 1307; x_wconf 89' lang='lat' dir='ltr'><strong>ac</strong></span> <span class='ocrx_word' id='word_1_179' title='bbox 3340 1259 3473 1308; x_wconf 88' lang='lat' dir='ltr'><strong>tunc</strong></span> <span class='ocrx_word' id='word_1_180' title='bbox 3498 1253 3683 1308; x_wconf 81' lang='lat' dir='ltr'><strong>solum</strong></span> <span class='ocrx_word' id='word_1_181' title='bbox 3729 1250 3915 1308; x_wconf 71' lang='lat' dir='ltr'><strong>Filium</strong></span> 
     </span>
    </p>
   </div>
   <div class='ocr_carea' id='block_1_25' title="bbox 2352 1333 3915 1415">
    <p class='ocr_par' dir='ltr' id='par_1_25' title="bbox 2352 1333 3915 1415">
     <span class='ocr_line' id='line_1_25' title="bbox 2352 1333 3915 1415; baseline 0.004 -23"><span class='ocrx_word' id='word_1_182' title='bbox 2352 1333 2449 1392; x_wconf 86' lang='lat' dir='ltr'><strong>Dei</strong></span> <span class='ocrx_word' id='word_1_183' title='bbox 2481 1334 2686 1393; x_wconf 76' lang='lat' dir='ltr'><strong>factum</strong></span> <span class='ocrx_word' id='word_1_184' title='bbox 2712 1336 2900 1402; x_wconf 76' lang='lat' dir='ltr'><strong>fuisse,</strong></span> <span class='ocrx_word' id='word_1_185' title='bbox 2930 1354 3057 1395; x_wconf 80' lang='lat' dir='ltr'><strong>cum</strong></span> <span class='ocrx_word' id='word_1_186' title='bbox 3074 1354 3290 1397; x_wconf 85' lang='lat' dir='ltr'><strong>carnem</strong></span> <span class='ocrx_word' id='word_1_187' title='bbox 3307 1345 3609 1415; x_wconf 80' lang='lat' dir='ltr'><strong>assumpsit</strong></span> <span class='ocrx_word' id='word_1_188' title='bbox 3625 1360 3700 1401; x_wconf 84' lang='lat' dir='ltr'><strong>ex</strong></span> <span class='ocrx_word' id='word_1_189' title='bbox 3731 1343 3915 1399; x_wconf 72' lang='lat' dir='ltr'><strong>laris.</strong></span> 
     </span>
    </p>
   </div>
   <div class='ocr_carea' id='block_1_26' title="bbox 2352 1424 3917 1493">
    <p class='ocr_par' dir='ltr' id='par_1_26' title="bbox 2352 1424 3917 1493">
     <span class='ocr_line' id='line_1_26' title="bbox 2352 1424 3917 1493; baseline 0.005 -11"><span class='ocrx_word' id='word_1_190' title='bbox 2352 1424 2554 1484; x_wconf 80' lang='lat' dir='ltr'><strong>Verum</strong></span> <span class='ocrx_word' id='word_1_191' title='bbox 2576 1442 2687 1484; x_wconf 79' lang='lat' dir='ltr'><strong>nos</strong></span> <span class='ocrx_word' id='word_1_192' title='bbox 2708 1436 2796 1488; x_wconf 76' lang='lat' dir='ltr'><strong>lat</strong></span> <span class='ocrx_word' id='word_1_193' title='bbox 2821 1430 2927 1486; x_wconf 80' lang='lat' dir='ltr'><strong>sibi</strong></span> <span class='ocrx_word' id='word_1_194' title='bbox 2955 1440 3209 1488; x_wconf 75' lang='lat' dir='ltr'><strong>constare</strong></span> <span class='ocrx_word' id='word_1_195' title='bbox 3231 1433 3444 1490; x_wconf 77' lang='lat' dir='ltr'><strong>videtur</strong></span> <span class='ocrx_word' id='word_1_196' title='bbox 3463 1434 3778 1493; x_wconf 77' lang='lat' dir='ltr'><strong>Eusebius:</strong></span> <span class='ocrx_word' id='word_1_197' title='bbox 3799 1452 3917 1492; x_wconf 80' lang='lat' dir='ltr'><strong>nam</strong></span> 
     </span>
    </p>
   </div>
   <div class='ocr_carea' id='block_1_27' title="bbox 2352 1517 3920 1594">
    <p class='ocr_par' dir='ltr' id='par_1_27' title="bbox 2352 1517 3920 1594">
     <span class='ocr_line' id='line_1_27' title="bbox 2352 1517 3920 1594; baseline 0.008 -23"><span class='ocrx_word' id='word_1_198' title='bbox 2352 1517 2409 1572; x_wconf 86' lang='lat' dir='ltr'><strong>in</strong></span> <span class='ocrx_word' id='word_1_199' title='bbox 2437 1518 2713 1591; x_wconf 79' lang='lat' dir='ltr'><strong>excerptis</strong></span> <span class='ocrx_word' id='word_1_200' title='bbox 2752 1518 2995 1578; x_wconf 63' lang='lat' dir='ltr'><strong>[arcem</strong></span> <span class='ocrx_word' id='word_1_201' title='bbox 3036 1539 3157 1594; x_wconf 78' lang='lat' dir='ltr'><strong>qua:</strong></span> <span class='ocrx_word' id='word_1_202' title='bbox 3187 1524 3362 1590; x_wconf 67' lang='grc' dir='ltr'><strong>παθη,</strong></span> <span class='ocrx_word' id='word_1_203' title='bbox 3389 1542 3592 1582; x_wconf 85' lang='lat' dir='ltr'><strong>nomen</strong></span> <span class='ocrx_word' id='word_1_204' title='bbox 3643 1527 3838 1584; x_wconf 79' lang='lat' dir='ltr'><strong>Patris</strong></span> <span class='ocrx_word' id='word_1_205' title='bbox 3871 1536 3920 1583; x_wconf 82' lang='lat' dir='ltr'><strong>et</strong></span> 
     </span>
    </p>
   </div>
   <div class='ocr_carea' id='block_1_28' title="bbox 2351 1605 3919 1692">
    <p class='ocr_par' dir='ltr' id='par_1_28' title="bbox 2351 1605 3919 1692">
     <span class='ocr_line' id='line_1_28' title="bbox 2351 1605 3919 1692; baseline 0.009 -30"><span class='ocrx_word' id='word_1_206' title='bbox 2351 1605 2498 1673; x_wconf 70' lang='lat' dir='ltr'><strong>Filii,</strong></span> <span class='ocrx_word' id='word_1_207' title='bbox 2554 1608 2738 1668; x_wconf 81' lang='lat' dir='ltr'><strong>Patris</strong></span> <span class='ocrx_word' id='word_1_208' title='bbox 2792 1608 2921 1668; x_wconf 79' lang='lat' dir='ltr'><strong>item</strong></span> <span class='ocrx_word' id='word_1_209' title='bbox 2964 1623 3020 1669; x_wconf 90' lang='lat' dir='ltr'><strong>et</strong></span> <span class='ocrx_word' id='word_1_210' title='bbox 3072 1612 3274 1680; x_wconf 84' lang='lat' dir='ltr'><strong>Verbi,</strong></span> <span class='ocrx_word' id='word_1_211' title='bbox 3321 1618 3485 1672; x_wconf 86' lang='lat' dir='ltr'><strong>etiam</strong></span> <span class='ocrx_word' id='word_1_212' title='bbox 3520 1634 3623 1689; x_wconf 86' lang='lat' dir='ltr'><strong>pro</strong></span> <span class='ocrx_word' id='word_1_213' title='bbox 3678 1629 3919 1692; x_wconf 74' lang='lat' dir='ltr'><strong>tempore</strong></span> 
     </span>
    </p>
   </div>
   <div class='ocr_carea' id='block_1_29' title="bbox 2352 1700 3916 1778">
    <p class='ocr_par' dir='ltr' id='par_1_29' title="bbox 2352 1700 3916 1778">
     <span class='ocr_line' id='line_1_29' title="bbox 2352 1700 3916 1778; baseline 0.009 -24"><span class='ocrx_word' id='word_1_214' title='bbox 2352 1700 2686 1757; x_wconf 79' lang='lat' dir='ltr'><strong>creationem</strong></span> <span class='ocrx_word' id='word_1_215' title='bbox 2726 1701 3077 1761; x_wconf 78' lang='lat' dir='ltr'><strong>antecedente</strong></span> <span class='ocrx_word' id='word_1_216' title='bbox 3102 1708 3307 1776; x_wconf 86' lang='lat' dir='ltr'><strong>passim</strong></span> <span class='ocrx_word' id='word_1_217' title='bbox 3333 1718 3666 1778; x_wconf 80' lang='lat' dir='ltr'><strong>usurpatum</strong></span> <span class='ocrx_word' id='word_1_218' title='bbox 3696 1711 3916 1773; x_wconf 77' lang='lat' dir='ltr'><strong>videas:</strong></span> 
     </span>
    </p>
   </div>
   <div class='ocr_carea' id='block_1_30' title="bbox 2357 1790 3917 1866">
    <p class='ocr_par' dir='ltr' id='par_1_30' title="bbox 2357 1790 3917 1866">
     <span class='ocr_line' id='line_1_30' title="bbox 2357 1790 3917 1866; baseline 0.008 -23"><span class='ocrx_word' id='word_1_219' title='bbox 2357 1790 2460 1844; x_wconf 86' lang='lat' dir='ltr'><strong>sub</strong></span> <span class='ocrx_word' id='word_1_220' title='bbox 2490 1790 2705 1846; x_wconf 84' lang='lat' dir='ltr'><strong>initium</strong></span> <span class='ocrx_word' id='word_1_221' title='bbox 2733 1806 2866 1864; x_wconf 84' lang='lat' dir='ltr'><strong>ergo</strong></span> <span class='ocrx_word' id='word_1_222' title='bbox 2894 1794 2988 1849; x_wconf 85' lang='lat' dir='ltr'><strong>lib.</strong></span> <span class='ocrx_word' id='word_1_223' title='bbox 3029 1810 3071 1862; x_wconf 83' lang='grc' dir='ltr'><strong>ι,</strong></span> <span class='ocrx_word' id='word_1_224' title='bbox 3108 1811 3164 1866; x_wconf 92' lang='lat' dir='ltr'><strong>p.</strong></span> <span class='ocrx_word' id='word_1_225' title='bbox 3197 1796 3233 1851; x_wconf 74' lang='grc'><strong>4</strong></span> <span class='ocrx_word' id='word_1_226' title='bbox 3260 1804 3314 1853; x_wconf 89' lang='lat' dir='ltr'><strong>et</strong></span> <span class='ocrx_word' id='word_1_227' title='bbox 3338 1798 3393 1861; x_wconf 85' lang='lat'><strong>5,</strong></span> <span class='ocrx_word' id='word_1_228' title='bbox 3422 1798 3571 1854; x_wconf 88' lang='lat' dir='ltr'><strong>banc</strong></span> <span class='ocrx_word' id='word_1_229' title='bbox 3598 1801 3762 1857; x_wconf 69' lang='lat' dir='ltr'><strong>edert</strong></span> <span class='ocrx_word' id='word_1_230' title='bbox 3786 1800 3917 1856; x_wconf 77' lang='lat' dir='ltr'><strong>Iar-</strong></span> 
     </span>
    </p>
   </div>
   <div class='ocr_carea' id='block_1_31' title="bbox 692 1843 2242 1966">
    <p class='ocr_par' dir='ltr' id='par_1_31' title="bbox 692 1843 2242 1940">
     <span class='ocr_line' id='line_1_31' title="bbox 692 1843 2242 1940; baseline 0.006 -25"><span class='ocrx_word' id='word_1_231' title='bbox 692 1862 929 1916; x_wconf 86' lang='lat' dir='ltr'><strong>bominis</strong></span> <span class='ocrx_word' id='word_1_232' title='bbox 969 1870 1023 1916; x_wconf 83' lang='lat' dir='ltr'><strong>et</strong></span> <span class='ocrx_word' id='word_1_233' title='bbox 1074 1864 1220 1918; x_wconf 85' lang='lat' dir='ltr'><strong>verbi</strong></span> <span class='ocrx_word' id='word_1_234' title='bbox 1266 1866 1349 1920; x_wconf 92' lang='lat' dir='ltr'><strong>sui</strong></span> <span class='ocrx_word' id='word_1_235' title='bbox 1383 1867 1494 1930; x_wconf 88' lang='lat' dir='ltr'><strong>uti;</strong></span> <span class='ocrx_word' id='word_1_236' title='bbox 1546 1876 1604 1921; x_wconf 92' lang='lat' dir='ltr'><strong>ut</strong></span> <span class='ocrx_word' id='word_1_237' title='bbox 1650 1843 1989 1940; x_wconf 42' lang='lat' dir='ltr'><strong>comprobet-</strong></span> <span class='ocrx_word' id='word_1_238' title='bbox 2015 1867 2242 1925; x_wconf 85' lang='lat' dir='ltr'><strong>Verbum</strong></span> 
     </span>
    </p>
   </div>
   <div class='ocr_carea' id='block_1_32' title="bbox 2344 1843 3919 1966">
    <p class='ocr_par' dir='ltr' id='par_1_32' title="bbox 2356 1843 3919 1966">
     <span class='ocr_line' id='line_1_32' title="bbox 2356 1843 3919 1966; baseline 0.01 -31"><span class='ocrx_word' id='word_1_239' title='bbox 2356 1843 2869 1937; x_wconf 43' lang='lat' dir='ltr'><strong>animum};</strong></span> <span class='ocrx_word' id='word_1_240' title='bbox 2894 1843 3071 1956; x_wconf 46' lang='lat' dir='ltr'><strong>X3};</strong></span> <span class='ocrx_word' id='word_1_241' title='bbox 3106 1843 3458 1961; x_wconf 40' lang='lat' dir='ltr'><strong>isses,</strong></span> <span class='ocrx_word' id='word_1_242' title='bbox 3486 1843 3919 1966; x_wconf 53' lang='grc' dir='ltr'><strong>διὼῦςνήνωμιέρ</strong></span> 
     </span>
    </p>
   </div>
   <div class='ocr_carea' id='block_1_33' title="bbox 696 1956 2254 2027">
    <p class='ocr_par' dir='ltr' id='par_1_33' title="bbox 696 1956 2254 2027">
     <span class='ocr_line' id='line_1_33' title="bbox 696 1956 2254 2027; baseline 0.008 -21"><span class='ocrx_word' id='word_1_243' title='bbox 696 1967 857 2007; x_wconf 88' lang='lat' dir='ltr'><strong>unam</strong></span> <span class='ocrx_word' id='word_1_244' title='bbox 898 1963 953 2010; x_wconf 92' lang='lat' dir='ltr'><strong>et</strong></span> <span class='ocrx_word' id='word_1_245' title='bbox 982 1956 1247 2019; x_wconf 83' lang='lat' dir='ltr'><strong>eamdem.</strong></span> <span class='ocrx_word' id='word_1_246' title='bbox 1280 1974 1441 2027; x_wconf 83' lang='lat' dir='ltr'><strong>quam</strong></span> <span class='ocrx_word' id='word_1_247' title='bbox 1476 1958 1633 2014; x_wconf 89' lang='lat' dir='ltr'><strong>Pater</strong></span> <span class='ocrx_word' id='word_1_248' title='bbox 1664 1960 1845 2023; x_wconf 81' lang='lat' dir='ltr'><strong>habet,</strong></span> <span class='ocrx_word' id='word_1_249' title='bbox 1889 1963 2254 2018; x_wconf 88' lang='lat' dir='ltr'><strong>substantiam</strong></span> 
     </span>
    </p>
   </div>
   <div class='ocr_carea' id='block_1_34' title="bbox 690 2040 2255 2114">
    <p class='ocr_par' dir='ltr' id='par_1_34' title="bbox 690 2040 2255 2114">
     <span class='ocr_line' id='line_1_34' title="bbox 690 2040 2255 2114; baseline 0.008 -19"><span class='ocrx_word' id='word_1_250' title='bbox 690 2040 894 2097; x_wconf 81' lang='lat' dir='ltr'><strong>habere</strong></span> <span class='ocrx_word' id='word_1_251' title='bbox 922 2062 933 2097; x_wconf 92' lang='lat'><strong>:</strong></span> <span class='ocrx_word' id='word_1_252' title='bbox 963 2060 1086 2098; x_wconf 87' lang='lat' dir='ltr'><strong>nam</strong></span> <span class='ocrx_word' id='word_1_253' title='bbox 1122 2047 1281 2114; x_wconf 84' lang='lat' dir='ltr'><strong>paulo</strong></span> <span class='ocrx_word' id='word_1_254' title='bbox 1318 2047 1543 2103; x_wconf 79' lang='lat' dir='ltr'><strong>inferius</strong></span> <span class='ocrx_word' id='word_1_255' title='bbox 1575 2051 1687 2104; x_wconf 57' lang='lat' dir='ltr'><strong>haec</strong></span> <span class='ocrx_word' id='word_1_256' title='bbox 1722 2050 1958 2106; x_wconf 75' lang='lat' dir='ltr'><strong>Marcelli</strong></span> <span class='ocrx_word' id='word_1_257' title='bbox 1985 2054 2147 2107; x_wconf 86' lang='lat' dir='ltr'><strong>verba</strong></span> <span class='ocrx_word' id='word_1_258' title='bbox 2178 2054 2255 2108; x_wconf 86' lang='lat' dir='ltr'><strong>le-</strong></span> 
     </span>
    </p>
   </div>
   <div class='ocr_carea' id='block_1_35' title="bbox 689 2136 2250 2217">
    <p class='ocr_par' dir='ltr' id='par_1_35' title="bbox 689 2136 2250 2217">
     <span class='ocr_line' id='line_1_35' title="bbox 689 2136 2250 2217; baseline 0.009 -32"><span class='ocrx_word' id='word_1_259' title='bbox 689 2143 933 2203; x_wconf 86' lang='lat' dir='ltr'><strong>guntur:</strong></span> <span class='ocrx_word' id='word_1_260' title='bbox 972 2136 1067 2198; x_wconf 82' lang='grc' dir='ltr'><strong>Τίς</strong></span> <span class='ocrx_word' id='word_1_261' title='bbox 1116 2138 1224 2207; x_wconf 83' lang='grc' dir='ltr'><strong>γὰρ</strong></span> <span class='ocrx_word' id='word_1_262' title='bbox 1248 2137 1421 2202; x_wconf 74' lang='grc' dir='ltr'>οὕτως</span> <span class='ocrx_word' id='word_1_263' title='bbox 1473 2140 1505 2211; x_wconf 73' lang='grc' dir='ltr'><strong>ἢ</strong></span> <span class='ocrx_word' id='word_1_264' title='bbox 1552 2139 1664 2195; x_wconf 78' lang='grc' dir='ltr'><strong>τῶν</strong></span> <span class='ocrx_word' id='word_1_265' title='bbox 1712 2143 1879 2199; x_wconf 79' lang='grc' dir='ltr'>ἁγίων</span> <span class='ocrx_word' id='word_1_266' title='bbox 1923 2146 2168 2211; x_wconf 80' lang='grc' dir='ltr'><strong>ἀγγέλων</strong></span> <span class='ocrx_word' id='word_1_267' title='bbox 2216 2146 2250 2217; x_wconf 77' lang='grc' dir='ltr'>ἢ</span> 
     </span>
    </p>
   </div>
   <div class='ocr_carea' id='block_1_36' title="bbox 688 2223 2251 2305">
    <p class='ocr_par' dir='ltr' id='par_1_36' title="bbox 688 2223 2251 2305">
     <span class='ocr_line' id='line_1_36' title="bbox 688 2223 2251 2305; baseline 0.01 -29"><span class='ocrx_word' id='word_1_268' title='bbox 688 2223 796 2276; x_wconf 76' lang='grc' dir='ltr'><strong>τῶν</strong></span> <span class='ocrx_word' id='word_1_269' title='bbox 828 2226 1037 2296; x_wconf 77' lang='grc' dir='ltr'><strong>ἀνδρῶν</strong></span> <span class='ocrx_word' id='word_1_270' title='bbox 1066 2228 1289 2282; x_wconf 70' lang='grc' dir='ltr'><strong>δικαίων</strong></span> <span class='ocrx_word' id='word_1_271' title='bbox 1318 2231 1629 2296; x_wconf 76' lang='grc' dir='ltr'><strong>ἀξιόπιστος</strong></span> <span class='ocrx_word' id='word_1_272' title='bbox 1654 2229 1741 2303; x_wconf 75' lang='grc' dir='ltr'><strong>ἦν,</strong></span> <span class='ocrx_word' id='word_1_273' title='bbox 1769 2236 1864 2305; x_wconf 79' lang='grc' dir='ltr'><strong>τὴν</strong></span> <span class='ocrx_word' id='word_1_274' title='bbox 1905 2239 1968 2289; x_wconf 78' lang='grc' dir='ltr'><strong>ἐκ</strong></span> <span class='ocrx_word' id='word_1_275' title='bbox 1998 2236 2088 2289; x_wconf 72' lang='grc' dir='ltr'><strong>ττιῦ</strong></span> <span class='ocrx_word' id='word_1_276' title='bbox 2116 2237 2251 2291; x_wconf 78' lang='grc' dir='ltr'>6εοῦ</span> 
     </span>
    </p>
   </div>
   <div class='ocr_carea' id='block_1_37' title="bbox 690 2313 2253 2396">
    <p class='ocr_par' dir='ltr' id='par_1_37' title="bbox 690 2313 2253 2396">
     <span class='ocr_line' id='line_1_37' title="bbox 690 2313 2253 2396; baseline 0.01 -32"><span class='ocrx_word' id='word_1_277' title='bbox 690 2313 979 2383; x_wconf 81' lang='grc' dir='ltr'><strong>προσώπου</strong></span> <span class='ocrx_word' id='word_1_278' title='bbox 1024 2317 1331 2383; x_wconf 73' lang='grc' dir='ltr'><strong>ὁρισθεῖσαν</strong></span> <span class='ocrx_word' id='word_1_279' title='bbox 1363 2319 1512 2390; x_wconf 68' lang='grc' dir='ltr'><strong>αὐτῷ</strong></span> <span class='ocrx_word' id='word_1_280' title='bbox 1544 2324 1812 2393; x_wconf 79' lang='grc' dir='ltr'><strong>τιμωρίαν</strong></span> <span class='ocrx_word' id='word_1_281' title='bbox 1841 2322 2029 2377; x_wconf 62' lang='grc' dir='ltr'><strong>λῦσαν</strong></span> <span class='ocrx_word' id='word_1_282' title='bbox 2076 2327 2123 2379; x_wconf 76' lang='grc' dir='ltr'><strong>εἰ</strong></span> <span class='ocrx_word' id='word_1_283' title='bbox 2178 2326 2253 2396; x_wconf 78' lang='grc' dir='ltr'><strong>μὴ</strong></span> 
     </span>
    </p>
   </div>
   <div class='ocr_carea' id='block_1_38' title="bbox 689 2403 2254 2490">
    <p class='ocr_par' dir='ltr' id='par_1_38' title="bbox 689 2403 2254 2490">
     <span class='ocr_line' id='line_1_38' title="bbox 689 2403 2254 2490; baseline 0.011 -34"><span class='ocrx_word' id='word_1_284' title='bbox 689 2403 853 2467; x_wconf 75' lang='grc' dir='ltr'><strong>αὐτὸς</strong></span> <span class='ocrx_word' id='word_1_285' title='bbox 884 2407 911 2457; x_wconf 88' lang='grc' dir='ltr'>ὁ</span> <span class='ocrx_word' id='word_1_286' title='bbox 952 2407 1119 2471; x_wconf 77' lang='grc' dir='ltr'><strong>Λόγος</strong></span> <span class='ocrx_word' id='word_1_287' title='bbox 1162 2410 1189 2460; x_wconf 82' lang='grc' dir='ltr'>ὁ</span> <span class='ocrx_word' id='word_1_288' title='bbox 1234 2410 1539 2481; x_wconf 74' lang='grc' dir='ltr'><strong>συμπαρὼν</strong></span> <span class='ocrx_word' id='word_1_289' title='bbox 1584 2416 1676 2467; x_wconf 79' lang='grc' dir='ltr'><strong>καὶ</strong></span> <span class='ocrx_word' id='word_1_290' title='bbox 1709 2418 2087 2487; x_wconf 77' lang='grc' dir='ltr'><strong>συμπλάττων.</strong></span> <span class='ocrx_word' id='word_1_291' title='bbox 2119 2422 2254 2490; x_wconf 80' lang='grc' dir='ltr'><strong>πρὸς</strong></span> 
     </span>
    </p>
   </div>
   <div class='ocr_carea' id='block_1_39' title="bbox 686 2493 2251 2576">
    <p class='ocr_par' dir='ltr' id='par_1_39' title="bbox 686 2493 2251 2576">
     <span class='ocr_line' id='line_1_39' title="bbox 686 2493 2251 2576; baseline 0.011 -32"><span class='ocrx_word' id='word_1_292' title='bbox 686 2493 745 2545; x_wconf 74' lang='grc' dir='ltr'><strong>ὃν</strong></span> <span class='ocrx_word' id='word_1_293' title='bbox 770 2496 799 2547; x_wconf 84' lang='grc' dir='ltr'>ὀ</span> <span class='ocrx_word' id='word_1_294' title='bbox 830 2496 1036 2565; x_wconf 73' lang='grc' dir='ltr'><strong>Πατὴρ.</strong></span> <span class='ocrx_word' id='word_1_295' title='bbox 1072 2497 1421 2567; x_wconf 76' lang='grc' dir='ltr'><strong>Ποιήσωμεν</strong></span> <span class='ocrx_word' id='word_1_296' title='bbox 1459 2501 1792 2570; x_wconf 66' lang='grc' dir='ltr'><strong>ἄνθρωπον,</strong></span> <span class='ocrx_word' id='word_1_297' title='bbox 1825 2505 1950 2576; x_wconf 74' lang='grc' dir='ltr'><strong>ἔφη.</strong></span> <span class='ocrx_word' id='word_1_298' title='bbox 1977 2509 2076 2560; x_wconf 79' lang='grc' dir='ltr'><strong>οὐκ</strong></span> <span class='ocrx_word' id='word_1_299' title='bbox 2103 2508 2251 2573; x_wconf 64' lang='lat' dir='ltr'><strong>bino;</strong></span> 
     </span>
    </p>
   </div>
   <div class='ocr_carea' id='block_1_40' title="bbox 687 2584 2250 2666">
    <p class='ocr_par' dir='ltr' id='par_1_40' title="bbox 687 2584 2250 2666">
     <span class='ocr_line' id='line_1_40' title="bbox 687 2584 2250 2666; baseline 0.01 -29"><span class='ocrx_word' id='word_1_300' title='bbox 687 2584 875 2654; x_wconf 65' lang='grc' dir='ltr'><strong>ἑτέρου</strong></span> <span class='ocrx_word' id='word_1_301' title='bbox 923 2586 1055 2637; x_wconf 73' lang='grc' dir='ltr'><strong>Θεοῦ</strong></span> <span class='ocrx_word' id='word_1_302' title='bbox 1089 2586 1179 2637; x_wconf 76' lang='grc' dir='ltr'><strong>τοῦ</strong></span> <span class='ocrx_word' id='word_1_303' title='bbox 1216 2590 1583 2658; x_wconf 80' lang='grc' dir='ltr'><strong>συμπλάττειν</strong></span> <span class='ocrx_word' id='word_1_304' title='bbox 1629 2594 1777 2662; x_wconf 75' lang='grc' dir='ltr'>αὐτῷ</span> <span class='ocrx_word' id='word_1_305' title='bbox 1820 2595 2151 2666; x_wconf 74' lang='grc' dir='ltr'><strong>δυναμένους</strong></span> <span class='ocrx_word' id='word_1_306' title='bbox 2196 2599 2250 2653; x_wconf 90' lang='lat' dir='ltr'><strong>Id</strong></span> 
     </span>
    </p>
   </div>
   <div class='ocr_carea' id='block_1_41' title="bbox 685 2673 2249 2749">
    <p class='ocr_par' dir='ltr' id='par_1_41' title="bbox 685 2673 2249 2749">
     <span class='ocr_line' id='line_1_41' title="bbox 685 2673 2249 2749; baseline 0.009 -23"><span class='ocrx_word' id='word_1_307' title='bbox 685 2685 769 2727; x_wconf 86' lang='lat' dir='ltr'><strong>est</strong></span> <span class='ocrx_word' id='word_1_308' title='bbox 803 2691 816 2727; x_wconf 94' lang='lat'><strong>:</strong></span> <span class='ocrx_word' id='word_1_309' title='bbox 854 2673 986 2739; x_wconf 79' lang='lat' dir='ltr'><strong>Quis</strong></span> <span class='ocrx_word' id='word_1_310' title='bbox 1032 2680 1167 2728; x_wconf 88' lang='lat' dir='ltr'><strong>enim</strong></span> <span class='ocrx_word' id='word_1_311' title='bbox 1216 2687 1364 2730; x_wconf 88' lang='lat' dir='ltr'><strong>tanta</strong></span> <span class='ocrx_word' id='word_1_312' title='bbox 1393 2680 1653 2749; x_wconf 81' lang='lat' dir='ltr'><strong>dignitate</strong></span> <span class='ocrx_word' id='word_1_313' title='bbox 1687 2685 1808 2749; x_wconf 75' lang='lat' dir='ltr'><strong>fuit,</strong></span> <span class='ocrx_word' id='word_1_314' title='bbox 1841 2684 1919 2737; x_wconf 77' lang='lat' dir='ltr'><strong>vel</strong></span> <span class='ocrx_word' id='word_1_315' title='bbox 1945 2696 2249 2740; x_wconf 86' lang='lat' dir='ltr'><strong>sanctorum</strong></span> 
     </span>
    </p>
   </div>
   <div class='ocr_carea' id='block_1_42' title="bbox 686 2766 2250 2843">
    <p class='ocr_par' dir='ltr' id='par_1_42' title="bbox 686 2766 2250 2843">
     <span class='ocr_line' id='line_1_42' title="bbox 686 2766 2250 2843; baseline 0.009 -27"><span class='ocrx_word' id='word_1_316' title='bbox 686 2766 1015 2834; x_wconf 70' lang='lat' dir='ltr'><strong>angelorum,</strong></span> <span class='ocrx_word' id='word_1_317' title='bbox 1047 2768 1122 2819; x_wconf 84' lang='lat' dir='ltr'><strong>vel</strong></span> <span class='ocrx_word' id='word_1_318' title='bbox 1146 2768 1415 2835; x_wconf 86' lang='lat' dir='ltr'><strong>justorum</strong></span> <span class='ocrx_word' id='word_1_319' title='bbox 1447 2771 1699 2833; x_wconf 82' lang='lat' dir='ltr'><strong>virorum,</strong></span> <span class='ocrx_word' id='word_1_320' title='bbox 1720 2776 1808 2843; x_wconf 85' lang='lat' dir='ltr'><strong>qui</strong></span> <span class='ocrx_word' id='word_1_321' title='bbox 1836 2776 2154 2829; x_wconf 83' lang='lat' dir='ltr'><strong>destinatum</strong></span> <span class='ocrx_word' id='word_1_322' title='bbox 2185 2792 2250 2831; x_wconf 81' lang='lat' dir='ltr'><strong>ea:</strong></span> 
     </span>
    </p>
   </div>
   <div class='ocr_carea' id='block_1_43' title="bbox 683 2855 2247 2927">
    <p class='ocr_par' dir='ltr' id='par_1_43' title="bbox 683 2855 2247 2927">
     <span class='ocr_line' id='line_1_43' title="bbox 683 2855 2247 2927; baseline 0.01 -21"><span class='ocrx_word' id='word_1_323' title='bbox 683 2868 907 2919; x_wconf 75' lang='lat' dir='ltr'><strong>persona</strong></span> <span class='ocrx_word' id='word_1_324' title='bbox 938 2855 1027 2909; x_wconf 89' lang='lat' dir='ltr'><strong>Dei</strong></span> <span class='ocrx_word' id='word_1_325' title='bbox 1055 2858 1248 2909; x_wconf 78' lang='lat' dir='ltr'><strong>homini</strong></span> <span class='ocrx_word' id='word_1_326' title='bbox 1276 2860 1587 2927; x_wconf 77' lang='lat' dir='ltr'><strong>supplicium</strong></span> <span class='ocrx_word' id='word_1_327' title='bbox 1614 2866 1853 2926; x_wconf 83' lang='lat' dir='ltr'><strong>solveret,</strong></span> <span class='ocrx_word' id='word_1_328' title='bbox 1888 2868 1989 2918; x_wconf 84' lang='lat' dir='ltr'><strong>nisi</strong></span> <span class='ocrx_word' id='word_1_329' title='bbox 2028 2865 2247 2922; x_wconf 73' lang='lat' dir='ltr'><strong>Verbum</strong></span> 
     </span>
    </p>
   </div>
   <div class='ocr_carea' id='block_1_44' title="bbox 685 2948 2247 3028">
    <p class='ocr_par' dir='ltr' id='par_1_44' title="bbox 685 2948 2247 3028">
     <span class='ocr_line' id='line_1_44' title="bbox 685 2948 2247 3028; baseline 0.01 -30"><span class='ocrx_word' id='word_1_330' title='bbox 685 2948 877 3008; x_wconf 85' lang='lat' dir='ltr'><strong>solum,</strong></span> <span class='ocrx_word' id='word_1_331' title='bbox 904 2948 1040 3015; x_wconf 85' lang='lat' dir='ltr'><strong>quod</strong></span> <span class='ocrx_word' id='word_1_332' title='bbox 1071 2964 1175 3000; x_wconf 81' lang='lat' dir='ltr'><strong>una</strong></span> <span class='ocrx_word' id='word_1_333' title='bbox 1208 2949 1312 3003; x_wconf 85' lang='lat' dir='ltr'><strong>Deo</strong></span> <span class='ocrx_word' id='word_1_334' title='bbox 1346 2952 1552 3015; x_wconf 85' lang='lat' dir='ltr'><strong>aderat,</strong></span> <span class='ocrx_word' id='word_1_335' title='bbox 1586 2964 1634 3006; x_wconf 76' lang='lat' dir='ltr'><strong>et</strong></span> <span class='ocrx_word' id='word_1_336' title='bbox 1665 2971 1768 3007; x_wconf 80' lang='lat' dir='ltr'><strong>una</strong></span> <span class='ocrx_word' id='word_1_337' title='bbox 1814 2974 1928 3009; x_wconf 81' lang='lat' dir='ltr'><strong>cum</strong></span> <span class='ocrx_word' id='word_1_338' title='bbox 1960 2959 2052 3012; x_wconf 85' lang='lat' dir='ltr'><strong>illo</strong></span> <span class='ocrx_word' id='word_1_339' title='bbox 2089 2961 2247 3028; x_wconf 63' lang='lat' dir='ltr'><strong>effor-</strong></span> 
     </span>
    </p>
   </div>
   <div class='ocr_carea' id='block_1_45' title="bbox 685 3037 2249 3111">
    <p class='ocr_par' dir='ltr' id='par_1_45' title="bbox 685 3037 2249 3111">
     <span class='ocr_line' id='line_1_45' title="bbox 685 3037 2249 3111; baseline 0.01 -23"><span class='ocrx_word' id='word_1_340' title='bbox 685 3037 862 3089; x_wconf 84' lang='lat' dir='ltr'><strong>mabat</strong></span> <span class='ocrx_word' id='word_1_341' title='bbox 892 3037 1150 3090; x_wconf 80' lang='lat' dir='ltr'><strong>hominem</strong></span> <span class='ocrx_word' id='word_1_342' title='bbox 1175 3056 1192 3089; x_wconf 88' lang='lat'><em>:</em></span> <span class='ocrx_word' id='word_1_343' title='bbox 1225 3040 1293 3091; x_wconf 89' lang='lat' dir='ltr'><strong>ad</strong></span> <span class='ocrx_word' id='word_1_344' title='bbox 1326 3059 1475 3111; x_wconf 84' lang='lat' dir='ltr'><strong>quem</strong></span> <span class='ocrx_word' id='word_1_345' title='bbox 1524 3043 1685 3096; x_wconf 82' lang='lat' dir='ltr'><strong>Pater</strong></span> <span class='ocrx_word' id='word_1_346' title='bbox 1717 3045 1959 3099; x_wconf 85' lang='lat' dir='ltr'><strong>dicebat:</strong></span> <span class='ocrx_word' id='word_1_347' title='bbox 1996 3066 2012 3097; x_wconf 75' lang='grc' dir='ltr'>ι</span> <span class='ocrx_word' id='word_1_348' title='bbox 2053 3047 2249 3103; x_wconf 81' lang='lat' dir='ltr'><strong>Facia-</strong></span> 
     </span>
    </p>
   </div>
   <div class='ocr_carea' id='block_1_46' title="bbox 2355 1968 3918 2055">
    <p class='ocr_par' dir='ltr' id='par_1_46' title="bbox 2355 1968 3918 2055">
     <span class='ocr_line' id='line_1_46' title="bbox 2355 1968 3918 2055; baseline 0.01 -33"><span class='ocrx_word' id='word_1_349' title='bbox 2355 1985 2447 2023; x_wconf 80' lang='lat' dir='ltr'><strong>vev</strong></span> <span class='ocrx_word' id='word_1_350' title='bbox 2474 1968 2551 2040; x_wconf 76' lang='grc' dir='ltr'><strong>τῷ</strong></span> <span class='ocrx_word' id='word_1_351' title='bbox 2576 1969 2696 2043; x_wconf 75' lang='grc' dir='ltr'>θιῷ</span> <span class='ocrx_word' id='word_1_352' title='bbox 2713 1990 2729 2002; x_wconf 86' lang='grc'><strong>·</strong></span> <span class='ocrx_word' id='word_1_353' title='bbox 2757 1974 2854 2029; x_wconf 73' lang='grc' dir='ltr'><strong>καὶ</strong></span> <span class='ocrx_word' id='word_1_354' title='bbox 2892 1975 3049 2031; x_wconf 74' lang='grc' dir='ltr'><strong>τοῦτο</strong></span> <span class='ocrx_word' id='word_1_355' title='bbox 3089 1973 3230 2033; x_wconf 70' lang='grc' dir='ltr'><strong>εἶναι</strong></span> <span class='ocrx_word' id='word_1_356' title='bbox 3271 1981 3438 2034; x_wconf 77' lang='grc' dir='ltr'><strong>ἀΐδιον</strong></span> <span class='ocrx_word' id='word_1_357' title='bbox 3481 1982 3579 2035; x_wconf 75' lang='grc' dir='ltr'><strong>καὶ</strong></span> <span class='ocrx_word' id='word_1_358' title='bbox 3606 1984 3918 2055; x_wconf 45' lang='lat' dir='ltr'><strong>hiems-1,</strong></span> 
     </span>
    </p>
   </div>
   <div class='ocr_carea' id='block_1_47' title="bbox 2354 2058 3918 2149">
    <p class='ocr_par' dir='ltr' id='par_1_47' title="bbox 2354 2058 3918 2149">
     <span class='ocr_line' id='line_1_47' title="bbox 2354 2058 3918 2149; baseline 0.013 -37"><span class='ocrx_word' id='word_1_359' title='bbox 2354 2060 2412 2113; x_wconf 73' lang='lat' dir='ltr'><strong>Iv</strong></span> <span class='ocrx_word' id='word_1_360' title='bbox 2434 2078 2495 2115; x_wconf 75' lang='grc' dir='ltr'><strong><em>τε</em></strong></span> <span class='ocrx_word' id='word_1_361' title='bbox 2522 2058 2662 2117; x_wconf 75' lang='grc' dir='ltr'><strong>εἶναι</strong></span> <span class='ocrx_word' id='word_1_362' title='bbox 2689 2065 2784 2120; x_wconf 75' lang='grc' dir='ltr'><strong>καὶ</strong></span> <span class='ocrx_word' id='word_1_363' title='bbox 2810 2067 2972 2121; x_wconf 63' lang='grc' dir='ltr'><strong>αὐτὸν</strong></span> <span class='ocrx_word' id='word_1_364' title='bbox 2996 2068 3076 2142; x_wconf 76' lang='grc' dir='ltr'><strong>τῷ</strong></span> <span class='ocrx_word' id='word_1_365' title='bbox 3101 2071 3243 2142; x_wconf 77' lang='grc' dir='ltr'><strong>Θεῷ,</strong></span> <span class='ocrx_word' id='word_1_366' title='bbox 3273 2074 3497 2145; x_wconf 78' lang='grc' dir='ltr'><strong>ὀνόμασι</strong></span> <span class='ocrx_word' id='word_1_367' title='bbox 3524 2075 3629 2145; x_wconf 85' lang='grc' dir='ltr'><strong>μὲν</strong></span> <span class='ocrx_word' id='word_1_368' title='bbox 3646 2076 3918 2149; x_wconf 60' lang='grc' dir='ltr'><strong>διαφόρως</strong></span> 
     </span>
    </p>
   </div>
   <div class='ocr_carea' id='block_1_48' title="bbox 2354 2155 3915 2239">
    <p class='ocr_par' dir='ltr' id='par_1_48' title="bbox 2354 2155 3915 2239">
     <span class='ocr_line' id='line_1_48' title="bbox 2354 2155 3915 2239; baseline 0.013 -32"><span class='ocrx_word' id='word_1_369' title='bbox 2354 2155 2567 2225; x_wconf 80' lang='grc' dir='ltr'><strong>Πατρὺς</strong></span> <span class='ocrx_word' id='word_1_370' title='bbox 2612 2158 2705 2211; x_wconf 71' lang='grc' dir='ltr'><strong>καὶ</strong></span> <span class='ocrx_word' id='word_1_371' title='bbox 2750 2158 2884 2213; x_wconf 77' lang='grc' dir='ltr'><strong>Υἱοῦ</strong></span> <span class='ocrx_word' id='word_1_372' title='bbox 2926 2162 3343 2234; x_wconf 74' lang='grc' dir='ltr'><strong>χρηματίζοντα,</strong></span> <span class='ocrx_word' id='word_1_373' title='bbox 3375 2167 3535 2239; x_wconf 73' lang='grc' dir='ltr'>οὐσίᾳ</span> <span class='ocrx_word' id='word_1_374' title='bbox 3574 2168 3634 2223; x_wconf 76' lang='grc' dir='ltr'><strong>δὲ</strong></span> <span class='ocrx_word' id='word_1_375' title='bbox 3672 2171 3773 2224; x_wconf 75' lang='grc' dir='ltr'><strong>καὶ</strong></span> <span class='ocrx_word' id='word_1_376' title='bbox 3808 2172 3915 2227; x_wconf 58' lang='lat'><strong>69</strong></span> 
     </span>
    </p>
   </div>
   <div class='ocr_carea' id='block_1_49' title="bbox 2356 2249 3918 2324">
    <p class='ocr_par' dir='ltr' id='par_1_49' title="bbox 2356 2249 3918 2324">
     <span class='ocr_line' id='line_1_49' title="bbox 2356 2249 3918 2324; baseline 0.013 -24"><span class='ocrx_word' id='word_1_377' title='bbox 2356 2249 2540 2302; x_wconf 79' lang='grc' dir='ltr'><strong>στάσει</strong></span> <span class='ocrx_word' id='word_1_378' title='bbox 2570 2250 2628 2302; x_wconf 74' lang='grc' dir='ltr'>ἓν</span> <span class='ocrx_word' id='word_1_379' title='bbox 2657 2250 2807 2306; x_wconf 71' lang='grc' dir='ltr'><strong>ὅντα.</strong></span> <span class='ocrx_word' id='word_1_380' title='bbox 2842 2250 2897 2308; x_wconf 91' lang='lat' dir='ltr'><strong>Id</strong></span> <span class='ocrx_word' id='word_1_381' title='bbox 2925 2261 3043 2311; x_wconf 82' lang='lat' dir='ltr'><strong>est:</strong></span> <span class='ocrx_word' id='word_1_382' title='bbox 3080 2254 3260 2324; x_wconf 75' lang='lat' dir='ltr'><strong>Ipsum</strong></span> <span class='ocrx_word' id='word_1_383' title='bbox 3289 2261 3659 2317; x_wconf 70' lang='lat' dir='ltr'><strong>tantummodo</strong></span> <span class='ocrx_word' id='word_1_384' title='bbox 3702 2261 3918 2318; x_wconf 67' lang='lat' dir='ltr'><strong>Verbum</strong></span> 
     </span>
    </p>
   </div>
   <div class='ocr_carea' id='block_1_50' title="bbox 2352 2341 3917 2420">
    <p class='ocr_par' dir='ltr' id='par_1_50' title="bbox 2352 2341 3917 2420">
     <span class='ocr_line' id='line_1_50' title="bbox 2352 2341 3917 2420; baseline 0.012 -28"><span class='ocrx_word' id='word_1_385' title='bbox 2352 2354 2466 2393; x_wconf 83' lang='lat' dir='ltr'><strong>esse</strong></span> <span class='ocrx_word' id='word_1_386' title='bbox 2493 2341 2797 2405; x_wconf 80' lang='lat' dir='ltr'><strong>concedens,</strong></span> <span class='ocrx_word' id='word_1_387' title='bbox 2826 2342 2932 2398; x_wconf 87' lang='lat' dir='ltr'><strong>Deo</strong></span> <span class='ocrx_word' id='word_1_388' title='bbox 2960 2348 3162 2400; x_wconf 75' lang='lat' dir='ltr'><strong>unitum</strong></span> <span class='ocrx_word' id='word_1_389' title='bbox 3185 2364 3207 2401; x_wconf 89' lang='lat'><strong><em>:</em></strong></span> <span class='ocrx_word' id='word_1_390' title='bbox 3225 2349 3495 2420; x_wconf 75' lang='lat' dir='ltr'><strong>ipsumque</strong></span> <span class='ocrx_word' id='word_1_391' title='bbox 3523 2363 3791 2407; x_wconf 65' lang='lat' dir='ltr'><strong>aeternam</strong></span> <span class='ocrx_word' id='word_1_392' title='bbox 3816 2372 3917 2410; x_wconf 74' lang='lat' dir='ltr'><strong>esse</strong></span> 
     </span>
    </p>
   </div>
   <div class='ocr_carea' id='block_1_51' title="bbox 2353 2431 3917 2507">
    <p class='ocr_par' dir='ltr' id='par_1_51' title="bbox 2353 2431 3917 2507">
     <span class='ocr_line' id='line_1_51' title="bbox 2353 2431 3917 2507; baseline 0.013 -26"><span class='ocrx_word' id='word_1_393' title='bbox 2353 2438 2402 2482; x_wconf 88' lang='lat' dir='ltr'><strong>et</strong></span> <span class='ocrx_word' id='word_1_394' title='bbox 2447 2431 2771 2501; x_wconf 69' lang='lat' dir='ltr'><strong>ingenitum;</strong></span> <span class='ocrx_word' id='word_1_395' title='bbox 2823 2450 3084 2507; x_wconf 68' lang='lat' dir='ltr'><strong>unumque</strong></span> <span class='ocrx_word' id='word_1_396' title='bbox 3131 2455 3243 2494; x_wconf 85' lang='lat' dir='ltr'><strong>esse</strong></span> <span class='ocrx_word' id='word_1_397' title='bbox 3265 2455 3381 2493; x_wconf 77' lang='lat' dir='ltr'><strong>cum</strong></span> <span class='ocrx_word' id='word_1_398' title='bbox 3434 2441 3571 2505; x_wconf 83' lang='lat' dir='ltr'><strong>Deo,</strong></span> <span class='ocrx_word' id='word_1_399' title='bbox 3620 2447 3917 2500; x_wconf 71' lang='lat' dir='ltr'><strong>nominibus</strong></span> 
     </span>
    </p>
   </div>
   <div class='ocr_carea' id='block_1_52' title="bbox 2350 2520 3917 2597">
    <p class='ocr_par' dir='ltr' id='par_1_52' title="bbox 2350 2520 3917 2597">
     <span class='ocr_line' id='line_1_52' title="bbox 2350 2520 3917 2597; baseline 0.011 -25"><span class='ocrx_word' id='word_1_400' title='bbox 2350 2520 2558 2589; x_wconf 69' lang='lat' dir='ltr'><strong>quidem</strong></span> <span class='ocrx_word' id='word_1_401' title='bbox 2589 2522 2812 2580; x_wconf 71' lang='lat' dir='ltr'><strong>diuersis</strong></span> <span class='ocrx_word' id='word_1_402' title='bbox 2864 2522 3047 2583; x_wconf 78' lang='lat' dir='ltr'><strong>Patris</strong></span> <span class='ocrx_word' id='word_1_403' title='bbox 3096 2538 3148 2583; x_wconf 87' lang='lat' dir='ltr'><strong>et</strong></span> <span class='ocrx_word' id='word_1_404' title='bbox 3199 2528 3330 2585; x_wconf 76' lang='lat' dir='ltr'><strong>Filii</strong></span> <span class='ocrx_word' id='word_1_405' title='bbox 3372 2544 3642 2597; x_wconf 67' lang='lat' dir='ltr'><strong>ecculm,</strong></span> <span class='ocrx_word' id='word_1_406' title='bbox 3692 2539 3917 2592; x_wconf 73' lang='lat' dir='ltr'><strong>essentia</strong></span> 
     </span>
    </p>
   </div>
   <div class='ocr_carea' id='block_1_53' title="bbox 2352 2614 3947 2699">
    <p class='ocr_par' dir='ltr' id='par_1_53' title="bbox 2352 2614 3947 2699">
     <span class='ocr_line' id='line_1_53' title="bbox 2352 2614 3947 2699; baseline 0.014 -35"><span class='ocrx_word' id='word_1_407' title='bbox 2352 2627 2471 2699; x_wconf 68' lang='lat' dir='ltr'><strong>sero</strong></span> <span class='ocrx_word' id='word_1_408' title='bbox 2510 2624 2559 2668; x_wconf 83' lang='lat' dir='ltr'><strong>et</strong></span> <span class='ocrx_word' id='word_1_409' title='bbox 2596 2614 2867 2685; x_wconf 69' lang='lat' dir='ltr'><strong>hypostesi</strong></span> <span class='ocrx_word' id='word_1_410' title='bbox 2916 2634 3099 2674; x_wconf 55' lang='lat' dir='ltr'><strong>unum</strong></span> <span class='ocrx_word' id='word_1_411' title='bbox 3141 2623 3201 2676; x_wconf 81' lang='lat' dir='ltr'><strong>In</strong></span> <span class='ocrx_word' id='word_1_412' title='bbox 3252 2622 3485 2680; x_wconf 79' lang='lat' dir='ltr'><strong>Iarcelli</strong></span> <span class='ocrx_word' id='word_1_413' title='bbox 3520 2631 3806 2699; x_wconf 78' lang='lat' dir='ltr'><strong>excerptis</strong></span> <span class='ocrx_word' id='word_1_414' title='bbox 3855 2630 3947 2685; x_wconf 81' lang='lat' dir='ltr'><strong>ab</strong></span> 
     </span>
    </p>
   </div>
   <div class='ocr_carea' id='block_1_54' title="bbox 2351 2698 3917 2778">
    <p class='ocr_par' dir='ltr' id='par_1_54' title="bbox 2351 2698 3917 2778">
     <span class='ocr_line' id='line_1_54' title="bbox 2351 2698 3917 2778; baseline 0.015 -25"><span class='ocrx_word' id='word_1_415' title='bbox 2351 2698 2589 2758; x_wconf 82' lang='lat' dir='ltr'><strong>Eusebio</strong></span> <span class='ocrx_word' id='word_1_416' title='bbox 2619 2703 2821 2769; x_wconf 85' lang='lat' dir='ltr'><strong>allatis,</strong></span> <span class='ocrx_word' id='word_1_417' title='bbox 2852 2721 3068 2778; x_wconf 73' lang='lat' dir='ltr'><strong>seraper</strong></span> <span class='ocrx_word' id='word_1_418' title='bbox 3092 2711 3183 2767; x_wconf 89' lang='lat' dir='ltr'><strong>ille</strong></span> <span class='ocrx_word' id='word_1_419' title='bbox 3221 2710 3395 2771; x_wconf 80' lang='lat' dir='ltr'><strong>Patris</strong></span> <span class='ocrx_word' id='word_1_420' title='bbox 3414 2723 3471 2772; x_wconf 89' lang='lat' dir='ltr'><strong>et</strong></span> <span class='ocrx_word' id='word_1_421' title='bbox 3496 2715 3666 2772; x_wconf 87' lang='lat' dir='ltr'><strong>Verbi</strong></span> <span class='ocrx_word' id='word_1_422' title='bbox 3698 2698 3917 2775; x_wconf 82' lang='lat' dir='ltr'><strong>nomine</strong></span> 
     </span>
    </p>
   </div>
   <div class='ocr_carea' id='block_1_55' title="bbox 2350 2790 3917 2879">
    <p class='ocr_par' dir='ltr' id='par_1_55' title="bbox 2350 2790 3917 2879">
     <span class='ocr_line' id='line_1_55' title="bbox 2350 2790 3917 2879; baseline 0.014 -35"><span class='ocrx_word' id='word_1_423' title='bbox 2350 2790 2524 2844; x_wconf 85' lang='lat' dir='ltr'><strong>utitur</strong></span> <span class='ocrx_word' id='word_1_424' title='bbox 2566 2810 2581 2846; x_wconf 88' lang='lat'><strong>:</strong></span> <span class='ocrx_word' id='word_1_425' title='bbox 2631 2792 2776 2850; x_wconf 84' lang='lat' dir='ltr'><strong>unde</strong></span> <span class='ocrx_word' id='word_1_426' title='bbox 2831 2795 3046 2854; x_wconf 71' lang='lat' dir='ltr'><strong>videtur</strong></span> <span class='ocrx_word' id='word_1_427' title='bbox 3103 2797 3370 2859; x_wconf 83' lang='lat' dir='ltr'><strong>Eusebius</strong></span> <span class='ocrx_word' id='word_1_428' title='bbox 3420 2819 3489 2860; x_wconf 86' lang='lat' dir='ltr'><strong>ex</strong></span> <span class='ocrx_word' id='word_1_429' title='bbox 3553 2812 3917 2879; x_wconf 82' lang='lat' dir='ltr'><strong>consequenti</strong></span> 
     </span>
    </p>
   </div>
   <div class='ocr_carea' id='block_1_56' title="bbox 2351 2884 3916 2955">
    <p class='ocr_par' dir='ltr' id='par_1_56' title="bbox 2351 2884 3916 2955">
     <span class='ocr_line' id='line_1_56' title="bbox 2351 2884 3916 2955; baseline 0.015 -22"><span class='ocrx_word' id='word_1_430' title='bbox 2351 2887 2560 2936; x_wconf 87' lang='lat' dir='ltr'><strong>tantum</strong></span> <span class='ocrx_word' id='word_1_431' title='bbox 2590 2884 2731 2938; x_wconf 89' lang='lat' dir='ltr'><strong>banc</strong></span> <span class='ocrx_word' id='word_1_432' title='bbox 2760 2884 2992 2943; x_wconf 68' lang='lat' dir='ltr'><strong>baresin</strong></span> <span class='ocrx_word' id='word_1_433' title='bbox 3016 2888 3270 2948; x_wconf 73' lang='lat' dir='ltr'><strong>lat-cella</strong></span> <span class='ocrx_word' id='word_1_434' title='bbox 3295 2890 3573 2953; x_wconf 71' lang='lat' dir='ltr'><strong>aﬂnxisse</strong></span> <span class='ocrx_word' id='word_1_435' title='bbox 3605 2917 3621 2952; x_wconf 91' lang='lat'><strong>:</strong></span> <span class='ocrx_word' id='word_1_436' title='bbox 3656 2900 3916 2955; x_wconf 69' lang='lat' dir='ltr'><strong>nimirum</strong></span> 
     </span>
    </p>
   </div>
   <div class='ocr_carea' id='block_1_57' title="bbox 2350 2973 3917 3063">
    <p class='ocr_par' dir='ltr' id='par_1_57' title="bbox 2350 2973 3917 3063">
     <span class='ocr_line' id='line_1_57' title="bbox 2350 2973 3917 3063; baseline 0.013 -36"><span class='ocrx_word' id='word_1_437' title='bbox 2350 2973 2431 3027; x_wconf 86' lang='lat' dir='ltr'><strong>sic</strong></span> <span class='ocrx_word' id='word_1_438' title='bbox 2462 2974 2551 3029; x_wconf 92' lang='lat' dir='ltr'><strong>ille</strong></span> <span class='ocrx_word' id='word_1_439' title='bbox 2584 2974 2902 3045; x_wconf 79' lang='lat' dir='ltr'><strong>frequenter</strong></span> <span class='ocrx_word' id='word_1_440' title='bbox 2927 2980 2984 3034; x_wconf 88' lang='lat' dir='ltr'><strong>in</strong></span> <span class='ocrx_word' id='word_1_441' title='bbox 3006 2981 3159 3038; x_wconf 84' lang='lat' dir='ltr'><strong>libris</strong></span> <span class='ocrx_word' id='word_1_442' title='bbox 3188 2997 3374 3041; x_wconf 76' lang='lat' dir='ltr'><strong>contra</strong></span> <span class='ocrx_word' id='word_1_443' title='bbox 3401 2986 3729 3043; x_wconf 67' lang='lat' dir='ltr'><strong>lucellum</strong></span> <span class='ocrx_word' id='word_1_444' title='bbox 3760 3006 3917 3063; x_wconf 79' lang='lat' dir='ltr'><strong>argu-</strong></span> 
     </span>
    </p>
   </div>
   <div class='ocr_carea' id='block_1_58' title="bbox 2350 3066 3917 3155">
    <p class='ocr_par' dir='ltr' id='par_1_58' title="bbox 2350 3066 3917 3155">
     <span class='ocr_line' id='line_1_58' title="bbox 2350 3066 3917 3155; baseline 0.014 -38"><span class='ocrx_word' id='word_1_445' title='bbox 2350 3072 2537 3120; x_wconf 91' lang='lat' dir='ltr'><strong>tatur:</strong></span> <span class='ocrx_word' id='word_1_446' title='bbox 2578 3066 2635 3121; x_wconf 88' lang='lat' dir='ltr'><strong>Si</strong></span> <span class='ocrx_word' id='word_1_447' title='bbox 2681 3066 2919 3125; x_wconf 79' lang='lat' dir='ltr'><strong>Verbum</strong></span> <span class='ocrx_word' id='word_1_448' title='bbox 2964 3082 3047 3129; x_wconf 86' lang='lat' dir='ltr'><strong>est</strong></span> <span class='ocrx_word' id='word_1_449' title='bbox 3082 3076 3269 3155; x_wconf 56' lang='lat' dir='ltr'><strong>stato».</strong></span> <span class='ocrx_word' id='word_1_450' title='bbox 3315 3080 3712 3151; x_wconf 74' lang='lat' dir='ltr'><strong>senipiternum</strong></span> <span class='ocrx_word' id='word_1_451' title='bbox 3733 3125 3750 3147; x_wconf 94' lang='lat'><strong>,</strong></span> <span class='ocrx_word' id='word_1_452' title='bbox 3798 3084 3917 3139; x_wconf 84' lang='lat' dir='ltr'><strong>inde</strong></span> 
     </span>
    </p>
   </div>
   <div class='ocr_carea' id='block_1_59' title="bbox 683 3128 3910 3241">
    <p class='ocr_par' dir='ltr' id='par_1_59' title="bbox 683 3128 3910 3241">
     <span class='ocr_line' id='line_1_59' title="bbox 683 3128 3910 3241; baseline 0.01 -63"><span class='ocrx_word' id='word_1_453' title='bbox 683 3142 799 3181; x_wconf 70' lang='lat' dir='ltr'><strong>notis</strong></span> <span class='ocrx_word' id='word_1_454' title='bbox 847 3128 1107 3182; x_wconf 81' lang='lat' dir='ltr'><strong>hominem</strong></span> <span class='ocrx_word' id='word_1_455' title='bbox 1162 3134 1230 3181; x_wconf 85' lang='lat' dir='ltr'><strong>ad</strong></span> <span class='ocrx_word' id='word_1_456' title='bbox 1278 3134 1558 3202; x_wconf 83' lang='lat' dir='ltr'><strong>imaginem</strong></span> <span class='ocrx_word' id='word_1_457' title='bbox 1606 3148 1653 3187; x_wconf 82' lang='lat' dir='ltr'><strong>et</strong></span> <span class='ocrx_word' id='word_1_458' title='bbox 1704 3137 2097 3191; x_wconf 80' lang='lat' dir='ltr'><strong>similitudinem</strong></span> <span class='ocrx_word' id='word_1_459' title='bbox 2148 3156 2247 3193; x_wconf 72' lang='grc' dir='ltr'><strong>πιο-</strong></span> <span class='ocrx_word' id='word_1_460' title='bbox 2275 3169 2322 3230; x_wconf 76' lang='lat' dir='ltr'>c</span> <span class='ocrx_word' id='word_1_461' title='bbox 2350 3156 2600 3225; x_wconf 54' lang='lat' dir='ltr'><strong>sequimi-</strong></span> <span class='ocrx_word' id='word_1_462' title='bbox 2638 3171 2747 3212; x_wconf 66' lang='grc' dir='ltr'><strong>που</strong></span> <span class='ocrx_word' id='word_1_463' title='bbox 2782 3157 2955 3215; x_wconf 62' lang='lat' dir='ltr'><strong>fuisse</strong></span> <span class='ocrx_word' id='word_1_464' title='bbox 2985 3128 3270 3233; x_wconf 64' lang='grc' dir='ltr'><strong>μυίὶωηξ</strong></span> 
     </span>
    </p>
   </div>
   <div class='ocr_carea' id='block_1_60' title="bbox 680 3223 2248 3297">
    <p class='ocr_par' dir='ltr' id='par_1_60' title="bbox 680 3223 2248 3297">
     <span class='ocr_line' id='line_1_60' title="bbox 680 3223 2248 3297; baseline 0.01 -28"><span class='ocrx_word' id='word_1_465' title='bbox 680 3226 847 3269; x_wconf 83' lang='lat' dir='ltr'><strong>stram</strong></span> <span class='ocrx_word' id='word_1_466' title='bbox 875 3232 891 3268; x_wconf 94' lang='lat'><em>:</em></span> <span class='ocrx_word' id='word_1_467' title='bbox 925 3235 943 3268; x_wconf 74' lang='grc' dir='ltr'><strong>ι</strong></span> <span class='ocrx_word' id='word_1_468' title='bbox 970 3233 1087 3271; x_wconf 82' lang='lat' dir='ltr'><strong>cum</strong></span> <span class='ocrx_word' id='word_1_469' title='bbox 1118 3237 1218 3273; x_wconf 87' lang='lat' dir='ltr'><strong>non</strong></span> <span class='ocrx_word' id='word_1_470' title='bbox 1250 3232 1380 3275; x_wconf 85' lang='lat' dir='ltr'><strong>esset</strong></span> <span class='ocrx_word' id='word_1_471' title='bbox 1414 3224 1551 3277; x_wconf 82' lang='lat' dir='ltr'><strong>alius</strong></span> <span class='ocrx_word' id='word_1_472' title='bbox 1579 3223 2248 3297; x_wconf 72' lang='lat' dir='ltr'><strong>Deus,quicumilloe/for—</strong></span> 
     </span>
    </p>
   </div>
   <div class='ocr_carea' id='block_1_61' title="bbox 681 3310 2247 3383">
    <p class='ocr_par' dir='ltr' id='par_1_61' title="bbox 681 3310 2247 3383">
     <span class='ocr_line' id='line_1_61' title="bbox 681 3310 2247 3383; baseline 0.01 -22"><span class='ocrx_word' id='word_1_473' title='bbox 681 3325 824 3363; x_wconf 85' lang='lat' dir='ltr'><strong>mare</strong></span> <span class='ocrx_word' id='word_1_474' title='bbox 853 3314 1068 3378; x_wconf 82' lang='lat' dir='ltr'><strong>posset?</strong></span> <span class='ocrx_word' id='word_1_475' title='bbox 1098 3310 1233 3367; x_wconf 83' lang='lat' dir='ltr'><strong>llinc</strong></span> <span class='ocrx_word' id='word_1_476' title='bbox 1254 3314 1384 3366; x_wconf 80' lang='lat' dir='ltr'><strong>mihi</strong></span> <span class='ocrx_word' id='word_1_477' title='bbox 1418 3316 1635 3383; x_wconf 87' lang='lat' dir='ltr'><strong>planum</strong></span> <span class='ocrx_word' id='word_1_478' title='bbox 1670 3318 1905 3382; x_wconf 88' lang='lat' dir='ltr'><strong>videtur,</strong></span> <span class='ocrx_word' id='word_1_479' title='bbox 1934 3318 2247 3377; x_wconf 74' lang='lat' dir='ltr'><strong>Marcellum</strong></span> 
     </span>
    </p>
   </div>
   <div class='ocr_carea' id='block_1_62' title="bbox 677 3403 2242 3479">
    <p class='ocr_par' dir='ltr' id='par_1_62' title="bbox 677 3403 2242 3479">
     <span class='ocr_line' id='line_1_62' title="bbox 677 3403 2242 3479; baseline 0.007 -23"><span class='ocrx_word' id='word_1_480' title='bbox 677 3403 1091 3463; x_wconf 82' lang='lat' dir='ltr'><strong>distinctionem</strong></span> <span class='ocrx_word' id='word_1_481' title='bbox 1144 3406 1282 3459; x_wconf 87' lang='lat' dir='ltr'><strong>inter</strong></span> <span class='ocrx_word' id='word_1_482' title='bbox 1310 3404 1525 3460; x_wconf 83' lang='lat' dir='ltr'><strong>Patrem</strong></span> <span class='ocrx_word' id='word_1_483' title='bbox 1570 3416 1624 3461; x_wconf 88' lang='lat' dir='ltr'><strong>et</strong></span> <span class='ocrx_word' id='word_1_484' title='bbox 1652 3406 1890 3464; x_wconf 78' lang='lat' dir='ltr'><strong>Verbum</strong></span> <span class='ocrx_word' id='word_1_485' title='bbox 1934 3411 2242 3479; x_wconf 85' lang='lat' dir='ltr'><strong>admisisse,</strong></span> 
     </span>
    </p>
   </div>
   <div class='ocr_carea' id='block_1_63' title="bbox 678 3496 2243 3571">
    <p class='ocr_par' dir='ltr' id='par_1_63' title="bbox 678 3496 2243 3571">
     <span class='ocr_line' id='line_1_63' title="bbox 678 3496 2243 3571; baseline 0.006 -23"><span class='ocrx_word' id='word_1_486' title='bbox 678 3501 843 3564; x_wconf 82' lang='lat' dir='ltr'><strong>atque</strong></span> <span class='ocrx_word' id='word_1_487' title='bbox 880 3496 1045 3548; x_wconf 88' lang='lat' dir='ltr'><strong>alium</strong></span> <span class='ocrx_word' id='word_1_488' title='bbox 1096 3503 1146 3548; x_wconf 89' lang='lat' dir='ltr'><strong>et</strong></span> <span class='ocrx_word' id='word_1_489' title='bbox 1185 3497 1349 3548; x_wconf 85' lang='lat' dir='ltr'><strong>alium</strong></span> <span class='ocrx_word' id='word_1_490' title='bbox 1402 3498 1745 3553; x_wconf 74' lang='lat' dir='ltr'><strong>exiszimasse</strong></span> <span class='ocrx_word' id='word_1_491' title='bbox 1777 3519 1791 3554; x_wconf 92' lang='lat'><strong>:</strong></span> <span class='ocrx_word' id='word_1_492' title='bbox 1826 3516 2103 3571; x_wconf 90' lang='lat' dir='ltr'><strong>unumque</strong></span> <span class='ocrx_word' id='word_1_493' title='bbox 2152 3518 2243 3557; x_wconf 85' lang='lat' dir='ltr'><strong>so-</strong></span> 
     </span>
    </p>
   </div>
   <div class='ocr_carea' id='block_1_64' title="bbox 678 3585 2245 3653">
    <p class='ocr_par' dir='ltr' id='par_1_64' title="bbox 678 3585 2245 3653">
     <span class='ocr_line' id='line_1_64' title="bbox 678 3585 2245 3653; baseline 0.009 -16"><span class='ocrx_word' id='word_1_494' title='bbox 678 3585 955 3639; x_wconf 86' lang='lat' dir='ltr'><strong>lummodo</strong></span> <span class='ocrx_word' id='word_1_495' title='bbox 989 3601 1254 3653; x_wconf 76' lang='lat' dir='ltr'><strong>negasse;</strong></span> <span class='ocrx_word' id='word_1_496' title='bbox 1285 3587 1532 3642; x_wconf 81' lang='lat' dir='ltr'><strong>videlicet</strong></span> <span class='ocrx_word' id='word_1_497' title='bbox 1556 3586 1793 3644; x_wconf 79' lang='lat' dir='ltr'><strong>Verbum</strong></span> <span class='ocrx_word' id='word_1_498' title='bbox 1823 3592 1990 3647; x_wconf 90' lang='lat' dir='ltr'><strong>alium</strong></span> <span class='ocrx_word' id='word_1_499' title='bbox 2015 3608 2046 3647; x_wconf 90' lang='lat' dir='ltr'><strong>a</strong></span> <span class='ocrx_word' id='word_1_500' title='bbox 2081 3592 2245 3651; x_wconf 87' lang='lat' dir='ltr'><strong>Patre</strong></span> 
     </span>
    </p>
   </div>
   <div class='ocr_carea' id='block_1_65' title="bbox 678 3673 2240 3746">
    <p class='ocr_par' dir='ltr' id='par_1_65' title="bbox 678 3673 2240 3746">
     <span class='ocr_line' id='line_1_65' title="bbox 678 3673 2240 3746; baseline 0.01 -20"><span class='ocrx_word' id='word_1_501' title='bbox 678 3673 844 3729; x_wconf 84' lang='lat' dir='ltr'><strong>Deum</strong></span> <span class='ocrx_word' id='word_1_502' title='bbox 871 3691 1011 3738; x_wconf 82' lang='lat' dir='ltr'><strong>esse,</strong></span> <span class='ocrx_word' id='word_1_503' title='bbox 1049 3678 1317 3746; x_wconf 70' lang='lat' dir='ltr'><strong>aliamque</strong></span> <span class='ocrx_word' id='word_1_504' title='bbox 1347 3678 1710 3733; x_wconf 79' lang='lat' dir='ltr'><strong>substantiam</strong></span> <span class='ocrx_word' id='word_1_505' title='bbox 1737 3680 2007 3739; x_wconf 84' lang='lat' dir='ltr'><strong>obtinere.</strong></span> <span class='ocrx_word' id='word_1_506' title='bbox 2042 3685 2240 3741; x_wconf 89' lang='lat' dir='ltr'><strong>Verum</strong></span> 
     </span>
    </p>
   </div>
   <div class='ocr_carea' id='block_1_66' title="bbox 677 3765 2241 3840">
    <p class='ocr_par' dir='ltr' id='par_1_66' title="bbox 677 3765 2241 3840">
     <span class='ocr_line' id='line_1_66' title="bbox 677 3765 2241 3840; baseline 0.01 -23"><span class='ocrx_word' id='word_1_507' title='bbox 677 3765 966 3831; x_wconf 77' lang='lat' dir='ltr'><strong>Eusebius,</strong></span> <span class='ocrx_word' id='word_1_508' title='bbox 1004 3770 1116 3836; x_wconf 87' lang='lat' dir='ltr'><strong>qui,</strong></span> <span class='ocrx_word' id='word_1_509' title='bbox 1153 3770 1231 3822; x_wconf 90' lang='lat' dir='ltr'><strong>uti</strong></span> <span class='ocrx_word' id='word_1_510' title='bbox 1267 3771 1403 3825; x_wconf 88' lang='lat' dir='ltr'><strong>alias</strong></span> <span class='ocrx_word' id='word_1_511' title='bbox 1431 3781 1915 3829; x_wconf 85' lang='lat' dir='ltr'><strong>communstratum</strong></span> <span class='ocrx_word' id='word_1_512' title='bbox 1942 3785 2046 3840; x_wconf 90' lang='lat' dir='ltr'><strong>est,</strong></span> <span class='ocrx_word' id='word_1_513' title='bbox 2077 3780 2241 3833; x_wconf 89' lang='lat' dir='ltr'><strong>aliam</strong></span> 
     </span>
    </p>
   </div>
   <div class='ocr_carea' id='block_1_67' title="bbox 675 3860 2242 3928">
    <p class='ocr_par' dir='ltr' id='par_1_67' title="bbox 675 3860 2242 3928">
     <span class='ocr_line' id='line_1_67' title="bbox 675 3860 2242 3928; baseline 0.01 -18"><span class='ocrx_word' id='word_1_514' title='bbox 675 3872 705 3910; x_wconf 87' lang='lat' dir='ltr'><strong>a</strong></span> <span class='ocrx_word' id='word_1_515' title='bbox 736 3866 959 3927; x_wconf 84' lang='lat' dir='ltr'><strong>paterna</strong></span> <span class='ocrx_word' id='word_1_516' title='bbox 991 3860 1265 3921; x_wconf 76' lang='lat' dir='ltr'><strong>deitatem,</strong></span> <span class='ocrx_word' id='word_1_517' title='bbox 1298 3861 1567 3928; x_wconf 85' lang='lat' dir='ltr'><strong>aliamque</strong></span> <span class='ocrx_word' id='word_1_518' title='bbox 1598 3862 1955 3920; x_wconf 82' lang='lat' dir='ltr'><strong>substantiam</strong></span> <span class='ocrx_word' id='word_1_519' title='bbox 1981 3869 2036 3922; x_wconf 90' lang='lat' dir='ltr'><strong>in</strong></span> <span class='ocrx_word' id='word_1_520' title='bbox 2058 3867 2242 3925; x_wconf 87' lang='lat' dir='ltr'><strong>Verbo</strong></span> 
     </span>
    </p>
   </div>
   <div class='ocr_carea' id='block_1_68' title="bbox 674 3950 2241 4019">
    <p class='ocr_par' dir='ltr' id='par_1_68' title="bbox 674 3950 2241 4019">
     <span class='ocr_line' id='line_1_68' title="bbox 674 3950 2241 4019; baseline 0.009 -17"><span class='ocrx_word' id='word_1_521' title='bbox 674 3950 981 4009; x_wconf 86' lang='lat' dir='ltr'><strong>constituit,</strong></span> <span class='ocrx_word' id='word_1_522' title='bbox 1028 3965 1091 4002; x_wconf 81' lang='lat' dir='ltr'><strong>ex</strong></span> <span class='ocrx_word' id='word_1_523' title='bbox 1137 3952 1493 4019; x_wconf 84' lang='lat' dir='ltr'><strong>consequenti</strong></span> <span class='ocrx_word' id='word_1_524' title='bbox 1536 3952 1849 4009; x_wconf 68' lang='lat' dir='ltr'><strong>Marcellum</strong></span> <span class='ocrx_word' id='word_1_525' title='bbox 1901 3958 2241 4016; x_wconf 80' lang='lat' dir='ltr'><strong>damnaverit</strong></span> 
     </span>
    </p>
   </div>
   <div class='ocr_carea' id='block_1_69' title="bbox 675 4041 2239 4120">
    <p class='ocr_par' dir='ltr' id='par_1_69' title="bbox 675 4041 2239 4120">
     <span class='ocr_line' id='line_1_69' title="bbox 675 4041 2239 4120; baseline 0.009 -29"><span class='ocrx_word' id='word_1_526' title='bbox 675 4054 900 4094; x_wconf 85' lang='lat' dir='ltr'><strong>necesse</strong></span> <span class='ocrx_word' id='word_1_527' title='bbox 926 4048 1029 4101; x_wconf 88' lang='lat' dir='ltr'><strong>est,</strong></span> <span class='ocrx_word' id='word_1_528' title='bbox 1062 4042 1152 4108; x_wconf 85' lang='lat' dir='ltr'><strong>qui</strong></span> <span class='ocrx_word' id='word_1_529' title='bbox 1186 4041 1474 4095; x_wconf 83' lang='lat' dir='ltr'><strong>adversam</strong></span> <span class='ocrx_word' id='word_1_530' title='bbox 1524 4043 1649 4097; x_wconf 86' lang='lat' dir='ltr'><strong>huic</strong></span> <span class='ocrx_word' id='word_1_531' title='bbox 1690 4047 1996 4115; x_wconf 84' lang='lat' dir='ltr'><strong>opinionem</strong></span> <span class='ocrx_word' id='word_1_532' title='bbox 2036 4066 2239 4120; x_wconf 83' lang='lat' dir='ltr'><strong>propn-</strong></span> 
     </span>
    </p>
   </div>
   <div class='ocr_carea' id='block_1_70' title="bbox 673 4129 2234 4205">
    <p class='ocr_par' dir='ltr' id='par_1_70' title="bbox 673 4129 2234 4205">
     <span class='ocr_line' id='line_1_70' title="bbox 673 4129 2234 4205; baseline 0.008 -23"><span class='ocrx_word' id='word_1_533' title='bbox 673 4139 803 4199; x_wconf 85' lang='lat' dir='ltr'><strong>gnat</strong></span> <span class='ocrx_word' id='word_1_534' title='bbox 835 4149 846 4181; x_wconf 92' lang='lat'>:</span> <span class='ocrx_word' id='word_1_535' title='bbox 880 4129 1025 4198; x_wconf 87' lang='lat' dir='ltr'><strong>quod</strong></span> <span class='ocrx_word' id='word_1_536' title='bbox 1061 4145 1185 4184; x_wconf 79' lang='lat' dir='ltr'><strong>vero</strong></span> <span class='ocrx_word' id='word_1_537' title='bbox 1219 4131 1405 4199; x_wconf 85' lang='lat' dir='ltr'><strong>adjicit</strong></span> <span class='ocrx_word' id='word_1_538' title='bbox 1431 4129 1743 4188; x_wconf 77' lang='lat' dir='ltr'><strong>Marcellum</strong></span> <span class='ocrx_word' id='word_1_539' title='bbox 1774 4146 1983 4205; x_wconf 86' lang='lat' dir='ltr'><strong>putare,</strong></span> <span class='ocrx_word' id='word_1_540' title='bbox 2020 4137 2234 4195; x_wconf 87' lang='lat' dir='ltr'><strong>Patrem</strong></span> 
     </span>
    </p>
   </div>
   <div class='ocr_carea' id='block_1_71' title="bbox 673 4220 2237 4298">
    <p class='ocr_par' dir='ltr' id='par_1_71' title="bbox 673 4220 2237 4298">
     <span class='ocr_line' id='line_1_71' title="bbox 673 4220 2237 4298; baseline 0.008 -22"><span class='ocrx_word' id='word_1_541' title='bbox 673 4230 727 4276; x_wconf 87' lang='lat' dir='ltr'><strong>et</strong></span> <span class='ocrx_word' id='word_1_542' title='bbox 757 4220 992 4280; x_wconf 80' lang='lat' dir='ltr'><strong>Verbum</strong></span> <span class='ocrx_word' id='word_1_543' title='bbox 1025 4240 1189 4276; x_wconf 91' lang='lat' dir='ltr'><strong>unum</strong></span> <span class='ocrx_word' id='word_1_544' title='bbox 1215 4231 1269 4277; x_wconf 88' lang='lat' dir='ltr'><strong>et</strong></span> <span class='ocrx_word' id='word_1_545' title='bbox 1299 4224 1437 4278; x_wconf 88' lang='lat' dir='ltr'><strong>idem</strong></span> <span class='ocrx_word' id='word_1_546' title='bbox 1474 4239 1617 4289; x_wconf 88' lang='lat' dir='ltr'><strong>esse,</strong></span> <span class='ocrx_word' id='word_1_547' title='bbox 1656 4227 1898 4298; x_wconf 83' lang='lat' dir='ltr'><strong>solisque</strong></span> <span class='ocrx_word' id='word_1_548' title='bbox 1928 4233 2237 4290; x_wconf 86' lang='lat' dir='ltr'><strong>nominibus</strong></span> 
     </span>
    </p>
   </div>
   <div class='ocr_carea' id='block_1_72' title="bbox 672 4314 2235 4387">
    <p class='ocr_par' dir='ltr' id='par_1_72' title="bbox 672 4314 2235 4387">
     <span class='ocr_line' id='line_1_72' title="bbox 672 4314 2235 4387; baseline 0.008 -20"><span class='ocrx_word' id='word_1_549' title='bbox 672 4315 967 4385; x_wconf 74' lang='lat' dir='ltr'><strong>distingui;</strong></span> <span class='ocrx_word' id='word_1_550' title='bbox 1004 4314 1053 4368; x_wconf 88' lang='lat' dir='ltr'><strong>id</strong></span> <span class='ocrx_word' id='word_1_551' title='bbox 1084 4314 1170 4367; x_wconf 80' lang='lat' dir='ltr'><strong>ille</strong></span> <span class='ocrx_word' id='word_1_552' title='bbox 1204 4329 1310 4367; x_wconf 90' lang='lat' dir='ltr'><strong>non</strong></span> <span class='ocrx_word' id='word_1_553' title='bbox 1352 4329 1415 4368; x_wconf 79' lang='lat' dir='ltr'><strong>ex</strong></span> <span class='ocrx_word' id='word_1_554' title='bbox 1448 4317 1755 4387; x_wconf 83' lang='lat' dir='ltr'><strong>perspicuis</strong></span> <span class='ocrx_word' id='word_1_555' title='bbox 1797 4320 2034 4376; x_wconf 74' lang='lat' dir='ltr'><strong>Marcelli</strong></span> <span class='ocrx_word' id='word_1_556' title='bbox 2069 4322 2235 4380; x_wconf 88' lang='lat' dir='ltr'><strong>dictis</strong></span> 
     </span>
    </p>
   </div>
   <div class='ocr_carea' id='block_1_73' title="bbox 670 4406 2231 4475">
    <p class='ocr_par' dir='ltr' id='par_1_73' title="bbox 670 4406 2231 4475">
     <span class='ocr_line' id='line_1_73' title="bbox 670 4406 2231 4475; baseline 0.007 -17"><span class='ocrx_word' id='word_1_557' title='bbox 670 4407 987 4475; x_wconf 85' lang='lat' dir='ltr'><strong>comprobat</strong></span> <span class='ocrx_word' id='word_1_558' title='bbox 1018 4424 1030 4459; x_wconf 92' lang='lat'><strong>:</strong></span> <span class='ocrx_word' id='word_1_559' title='bbox 1065 4406 1157 4459; x_wconf 87' lang='lat' dir='ltr'><strong>sed</strong></span> <span class='ocrx_word' id='word_1_560' title='bbox 1210 4408 1335 4475; x_wconf 87' lang='lat' dir='ltr'><strong>quia</strong></span> <span class='ocrx_word' id='word_1_561' title='bbox 1364 4409 1617 4470; x_wconf 72' lang='lat' dir='ltr'><strong>aestimat,</strong></span> <span class='ocrx_word' id='word_1_562' title='bbox 1660 4408 1875 4465; x_wconf 86' lang='lat' dir='ltr'><strong>Patrem</strong></span> <span class='ocrx_word' id='word_1_563' title='bbox 1906 4423 1960 4468; x_wconf 88' lang='lat' dir='ltr'><strong>et</strong></span> <span class='ocrx_word' id='word_1_564' title='bbox 1994 4412 2231 4469; x_wconf 84' lang='lat' dir='ltr'><strong>Verbum</strong></span> 
     </span>
    </p>
   </div>
   <div class='ocr_carea' id='block_1_74' title="bbox 2352 3245 3909 3328">
    <p class='ocr_par' dir='ltr' id='par_1_74' title="bbox 2352 3245 3909 3328">
     <span class='ocr_line' id='line_1_74' title="bbox 2352 3245 3909 3328; baseline 0.011 -30"><span class='ocrx_word' id='word_1_565' title='bbox 2352 3245 2621 3313; x_wconf 79' lang='lat' dir='ltr'><strong>posterius</strong></span> <span class='ocrx_word' id='word_1_566' title='bbox 2670 3255 2755 3302; x_wconf 87' lang='lat' dir='ltr'><strong>est</strong></span> <span class='ocrx_word' id='word_1_567' title='bbox 2799 3247 2892 3303; x_wconf 88' lang='lat' dir='ltr'><strong>illo</strong></span> <span class='ocrx_word' id='word_1_568' title='bbox 2938 3252 3034 3319; x_wconf 88' lang='lat' dir='ltr'><strong>qui</strong></span> <span class='ocrx_word' id='word_1_569' title='bbox 3061 3254 3253 3323; x_wconf 84' lang='lat' dir='ltr'><strong>gignit,</strong></span> <span class='ocrx_word' id='word_1_570' title='bbox 3299 3271 3528 3328; x_wconf 76' lang='lat' dir='ltr'><strong>vereque</strong></span> <span class='ocrx_word' id='word_1_571' title='bbox 3567 3260 3783 3315; x_wconf 88' lang='lat' dir='ltr'><strong>dicitur</strong></span> <span class='ocrx_word' id='word_1_572' title='bbox 3810 3275 3909 3314; x_wconf 81' lang='lat' dir='ltr'><strong>nos</strong></span> 
     </span>
    </p>
   </div>
   <div class='ocr_carea' id='block_1_75' title="bbox 2347 3333 3910 3416">
    <p class='ocr_par' dir='ltr' id='par_1_75' title="bbox 2347 3333 3910 3416">
     <span class='ocr_line' id='line_1_75' title="bbox 2347 3333 3910 3416; baseline 0.015 -28"><span class='ocrx_word' id='word_1_573' title='bbox 2347 3333 2519 3390; x_wconf 72' lang='lat' dir='ltr'><strong>fuisse</strong></span> <span class='ocrx_word' id='word_1_574' title='bbox 2542 3343 2834 3407; x_wconf 87' lang='lat' dir='ltr'><strong>antequam</strong></span> <span class='ocrx_word' id='word_1_575' title='bbox 2867 3342 3197 3411; x_wconf 86' lang='lat' dir='ltr'><strong>gigneretur,</strong></span> <span class='ocrx_word' id='word_1_576' title='bbox 3228 3355 3392 3416; x_wconf 87' lang='lat' dir='ltr'><strong>atque</strong></span> <span class='ocrx_word' id='word_1_577' title='bbox 3429 3348 3569 3404; x_wconf 86' lang='lat' dir='ltr'><strong>adeo</strong></span> <span class='ocrx_word' id='word_1_578' title='bbox 3599 3352 3776 3407; x_wconf 72' lang='grc' dir='ltr'><strong>ἀΐδιον</strong></span> <span class='ocrx_word' id='word_1_579' title='bbox 3802 3355 3910 3412; x_wconf 84' lang='lat' dir='ltr'><strong>sive</strong></span> 
     </span>
    </p>
   </div>
   <div class='ocr_carea' id='block_1_76' title="bbox 2347 3432 3909 3511">
    <p class='ocr_par' dir='ltr' id='par_1_76' title="bbox 2347 3432 3909 3511">
     <span class='ocr_line' id='line_1_76' title="bbox 2347 3432 3909 3511; baseline 0.012 -27"><span class='ocrx_word' id='word_1_580' title='bbox 2347 3432 2738 3499; x_wconf 86' lang='lat' dir='ltr'><strong>sempiternum</strong></span> <span class='ocrx_word' id='word_1_581' title='bbox 2764 3446 2887 3489; x_wconf 86' lang='lat' dir='ltr'><strong>esse</strong></span> <span class='ocrx_word' id='word_1_582' title='bbox 2909 3437 3114 3507; x_wconf 86' lang='lat' dir='ltr'><strong>nequit.</strong></span> <span class='ocrx_word' id='word_1_583' title='bbox 3139 3438 3275 3493; x_wconf 79' lang='lat' dir='ltr'><strong>Cum</strong></span> <span class='ocrx_word' id='word_1_584' title='bbox 3298 3455 3430 3511; x_wconf 86' lang='lat' dir='ltr'><strong>ergo</strong></span> <span class='ocrx_word' id='word_1_585' title='bbox 3450 3441 3751 3501; x_wconf 78' lang='lat' dir='ltr'><strong>larcellus</strong></span> <span class='ocrx_word' id='word_1_586' title='bbox 3771 3447 3909 3503; x_wconf 85' lang='lat' dir='ltr'><strong>dicat</strong></span> 
     </span>
    </p>
   </div>
   <div class='ocr_carea' id='block_1_77' title="bbox 2347 3517 3909 3608">
    <p class='ocr_par' dir='ltr' id='par_1_77' title="bbox 2347 3517 3909 3608">
     <span class='ocr_line' id='line_1_77' title="bbox 2347 3517 3909 3608; baseline 0.013 -35"><span class='ocrx_word' id='word_1_587' title='bbox 2347 3517 2583 3575; x_wconf 87' lang='lat' dir='ltr'><strong>Verbum</strong></span> <span class='ocrx_word' id='word_1_588' title='bbox 2631 3535 2756 3578; x_wconf 84' lang='lat' dir='ltr'><strong>esse</strong></span> <span class='ocrx_word' id='word_1_589' title='bbox 2803 3523 2976 3579; x_wconf 71' lang='lat' dir='ltr'><strong>stam</strong></span> <span class='ocrx_word' id='word_1_590' title='bbox 3030 3529 3147 3583; x_wconf 89' lang='lat' dir='ltr'><strong>sive</strong></span> <span class='ocrx_word' id='word_1_591' title='bbox 3197 3532 3610 3601; x_wconf 83' lang='lat' dir='ltr'><strong>sempiternum,</strong></span> <span class='ocrx_word' id='word_1_592' title='bbox 3657 3551 3773 3591; x_wconf 92' lang='lat' dir='ltr'><strong>non</strong></span> <span class='ocrx_word' id='word_1_593' title='bbox 3822 3553 3909 3608; x_wconf 83' lang='lat' dir='ltr'><strong>ge-</strong></span> 
     </span>
    </p>
   </div>
   <div class='ocr_carea' id='block_1_78' title="bbox 2345 3609 3905 3689">
    <p class='ocr_par' dir='ltr' id='par_1_78' title="bbox 2345 3609 3905 3689">
     <span class='ocr_line' id='line_1_78' title="bbox 2345 3609 3905 3689; baseline 0.014 -26"><span class='ocrx_word' id='word_1_594' title='bbox 2345 3609 2518 3665; x_wconf 87' lang='lat' dir='ltr'><strong>nitum</strong></span> <span class='ocrx_word' id='word_1_595' title='bbox 2551 3611 2721 3669; x_wconf 74' lang='lat' dir='ltr'><strong>fuisse</strong></span> <span class='ocrx_word' id='word_1_596' title='bbox 2752 3618 2941 3671; x_wconf 87' lang='lat' dir='ltr'><strong>credat</strong></span> <span class='ocrx_word' id='word_1_597' title='bbox 2985 3628 3218 3689; x_wconf 86' lang='lat' dir='ltr'><strong>oportet.</strong></span> <span class='ocrx_word' id='word_1_598' title='bbox 3262 3619 3353 3677; x_wconf 87' lang='lat' dir='ltr'><strong>Sic</strong></span> <span class='ocrx_word' id='word_1_599' title='bbox 3399 3623 3491 3679; x_wconf 89' lang='lat' dir='ltr'><strong>ille</strong></span> <span class='ocrx_word' id='word_1_600' title='bbox 3517 3641 3649 3680; x_wconf 88' lang='lat' dir='ltr'><strong>cum</strong></span> <span class='ocrx_word' id='word_1_601' title='bbox 3688 3628 3905 3685; x_wconf 79' lang='lat' dir='ltr'><strong>Arianis</strong></span> 
     </span>
    </p>
   </div>
   <div class='ocr_carea' id='block_1_79' title="bbox 2343 3700 3905 3791">
    <p class='ocr_par' dir='ltr' id='par_1_79' title="bbox 2343 3700 3905 3791">
     <span class='ocr_line' id='line_1_79' title="bbox 2343 3700 3905 3791; baseline 0.013 -37"><span class='ocrx_word' id='word_1_602' title='bbox 2343 3700 2606 3769; x_wconf 82' lang='lat' dir='ltr'><strong>loquitur,</strong></span> <span class='ocrx_word' id='word_1_603' title='bbox 2640 3718 2751 3760; x_wconf 87' lang='lat' dir='ltr'><strong>non</strong></span> <span class='ocrx_word' id='word_1_604' title='bbox 2781 3706 3215 3766; x_wconf 71' lang='lat' dir='ltr'><strong>animadvertetis</strong></span> <span class='ocrx_word' id='word_1_605' title='bbox 3249 3728 3356 3768; x_wconf 82' lang='lat' dir='ltr'><strong>non</strong></span> <span class='ocrx_word' id='word_1_606' title='bbox 3392 3717 3566 3786; x_wconf 88' lang='lat' dir='ltr'><strong>magis</strong></span> <span class='ocrx_word' id='word_1_607' title='bbox 3600 3733 3905 3791; x_wconf 82' lang='lat' dir='ltr'><strong>repugnare</strong></span> 
     </span>
    </p>
   </div>
   <div class='ocr_carea' id='block_1_80' title="bbox 2342 3791 3903 3874">
    <p class='ocr_par' dir='ltr' id='par_1_80' title="bbox 2342 3791 3903 3874">
     <span class='ocr_line' id='line_1_80' title="bbox 2342 3791 3903 3874; baseline 0.013 -29"><span class='ocrx_word' id='word_1_608' title='bbox 2342 3791 2562 3849; x_wconf 88' lang='lat' dir='ltr'><strong>Patrem</strong></span> <span class='ocrx_word' id='word_1_609' title='bbox 2596 3796 2665 3851; x_wconf 87' lang='lat' dir='ltr'><strong>ab</strong></span> <span class='ocrx_word' id='word_1_610' title='bbox 2691 3804 2894 3853; x_wconf 71' lang='lat' dir='ltr'><strong>eterna</strong></span> <span class='ocrx_word' id='word_1_611' title='bbox 2924 3800 3163 3871; x_wconf 87' lang='lat' dir='ltr'><strong>gignere,</strong></span> <span class='ocrx_word' id='word_1_612' title='bbox 3197 3819 3358 3874; x_wconf 88' lang='lat' dir='ltr'><strong>quam</strong></span> <span class='ocrx_word' id='word_1_613' title='bbox 3392 3807 3461 3861; x_wconf 84' lang='lat' dir='ltr'><strong>ab</strong></span> <span class='ocrx_word' id='word_1_614' title='bbox 3490 3818 3697 3864; x_wconf 81' lang='lat' dir='ltr'><strong>aeterno</strong></span> <span class='ocrx_word' id='word_1_615' title='bbox 3742 3827 3903 3867; x_wconf 86' lang='lat' dir='ltr'><strong>esse:</strong></span> 
     </span>
    </p>
   </div>
   <div class='ocr_carea' id='block_1_81' title="bbox 2343 3887 3905 3966">
    <p class='ocr_par' dir='ltr' id='par_1_81' title="bbox 2343 3887 3905 3966">
     <span class='ocr_line' id='line_1_81' title="bbox 2343 3887 3905 3966; baseline 0.012 -28"><span class='ocrx_word' id='word_1_616' title='bbox 2343 3898 2443 3939; x_wconf 89' lang='lat' dir='ltr'><strong>nec</strong></span> <span class='ocrx_word' id='word_1_617' title='bbox 2488 3887 2948 3955; x_wconf 87' lang='lat' dir='ltr'><strong>posterioritatem</strong></span> <span class='ocrx_word' id='word_1_618' title='bbox 3001 3893 3165 3947; x_wconf 89' lang='lat' dir='ltr'><strong>ullam</strong></span> <span class='ocrx_word' id='word_1_619' title='bbox 3196 3897 3455 3966; x_wconf 86' lang='lat' dir='ltr'><strong>temporis</strong></span> <span class='ocrx_word' id='word_1_620' title='bbox 3504 3899 3561 3952; x_wconf 91' lang='lat' dir='ltr'><strong>in</strong></span> <span class='ocrx_word' id='word_1_621' title='bbox 3614 3898 3754 3955; x_wconf 79' lang='lat' dir='ltr'><strong>Filio</strong></span> <span class='ocrx_word' id='word_1_622' title='bbox 3782 3902 3905 3956; x_wconf 82' lang='lat' dir='ltr'><strong>inde</strong></span> 
     </span>
    </p>
   </div>
   <div class='ocr_carea' id='block_1_82' title="bbox 2342 3974 3902 4060">
    <p class='ocr_par' dir='ltr' id='par_1_82' title="bbox 2342 3974 3902 4060">
     <span class='ocr_line' id='line_1_82' title="bbox 2342 3974 3902 4060; baseline 0.014 -33"><span class='ocrx_word' id='word_1_623' title='bbox 2342 3974 2550 4043; x_wconf 83' lang='lat' dir='ltr'><strong>inferri,</strong></span> <span class='ocrx_word' id='word_1_624' title='bbox 2586 3978 2733 4048; x_wconf 90' lang='lat' dir='ltr'><strong>quod</strong></span> <span class='ocrx_word' id='word_1_625' title='bbox 2760 3981 3013 4052; x_wconf 87' lang='lat' dir='ltr'><strong>gignatur</strong></span> <span class='ocrx_word' id='word_1_626' title='bbox 3038 4003 3052 4038; x_wconf 91' lang='lat'>:</span> <span class='ocrx_word' id='word_1_627' title='bbox 3083 3999 3210 4039; x_wconf 89' lang='lat' dir='ltr'><strong>nam</strong></span> <span class='ocrx_word' id='word_1_628' title='bbox 3229 4002 3350 4042; x_wconf 84' lang='lat' dir='ltr'><strong>esse</strong></span> <span class='ocrx_word' id='word_1_629' title='bbox 3376 3998 3427 4043; x_wconf 88' lang='lat' dir='ltr'><strong>et</strong></span> <span class='ocrx_word' id='word_1_630' title='bbox 3454 3991 3678 4060; x_wconf 86' lang='lat' dir='ltr'><strong>gignere</strong></span> <span class='ocrx_word' id='word_1_631' title='bbox 3708 3994 3766 4047; x_wconf 82' lang='lat' dir='ltr'><strong>in</strong></span> <span class='ocrx_word' id='word_1_632' title='bbox 3793 3992 3902 4048; x_wconf 75' lang='lat' dir='ltr'><strong>Deo</strong></span> 
     </span>
    </p>
   </div>
   <div class='ocr_carea' id='block_1_83' title="bbox 2340 4064 3905 4145">
    <p class='ocr_par' dir='ltr' id='par_1_83' title="bbox 2340 4064 3905 4145">
     <span class='ocr_line' id='line_1_83' title="bbox 2340 4064 3905 4145; baseline 0.015 -27"><span class='ocrx_word' id='word_1_633' title='bbox 2340 4064 2499 4122; x_wconf 89' lang='lat' dir='ltr'><strong>Patre</strong></span> <span class='ocrx_word' id='word_1_634' title='bbox 2518 4069 2681 4126; x_wconf 85' lang='lat' dir='ltr'><strong>simul</strong></span> <span class='ocrx_word' id='word_1_635' title='bbox 2709 4081 2835 4129; x_wconf 79' lang='lat' dir='ltr'><strong>sunt</strong></span> <span class='ocrx_word' id='word_1_636' title='bbox 2861 4083 2915 4129; x_wconf 90' lang='lat' dir='ltr'><strong>et</strong></span> <span class='ocrx_word' id='word_1_637' title='bbox 2936 4075 3325 4145; x_wconf 81' lang='lat' dir='ltr'><strong>intelliguntur,</strong></span> <span class='ocrx_word' id='word_1_638' title='bbox 3345 4093 3444 4133; x_wconf 81' lang='lat' dir='ltr'><strong>nec</strong></span> <span class='ocrx_word' id='word_1_639' title='bbox 3469 4081 3617 4135; x_wconf 87' lang='lat' dir='ltr'><strong>aliud</strong></span> <span class='ocrx_word' id='word_1_640' title='bbox 3647 4083 3773 4139; x_wconf 86' lang='lat' dir='ltr'><strong>sine</strong></span> <span class='ocrx_word' id='word_1_641' title='bbox 3794 4086 3905 4141; x_wconf 83' lang='lat' dir='ltr'><strong>alio</strong></span> 
     </span>
    </p>
   </div>
   <div class='ocr_carea' id='block_1_84' title="bbox 2338 4166 3903 4237">
    <p class='ocr_par' dir='ltr' id='par_1_84' title="bbox 2338 4166 3903 4237">
     <span class='ocr_line' id='line_1_84' title="bbox 2338 4166 3903 4237; baseline 0.013 -26"><span class='ocrx_word' id='word_1_642' title='bbox 2338 4171 2460 4213; x_wconf 88' lang='lat' dir='ltr'><strong>esse</strong></span> <span class='ocrx_word' id='word_1_643' title='bbox 2488 4175 2727 4230; x_wconf 86' lang='lat' dir='ltr'><strong>unquam</strong></span> <span class='ocrx_word' id='word_1_644' title='bbox 2769 4166 2979 4232; x_wconf 87' lang='lat' dir='ltr'><strong>potuit;</strong></span> <span class='ocrx_word' id='word_1_645' title='bbox 3018 4174 3180 4237; x_wconf 85' lang='lat' dir='ltr'><strong>atque</strong></span> <span class='ocrx_word' id='word_1_646' title='bbox 3217 4169 3352 4223; x_wconf 87' lang='lat' dir='ltr'><strong>adeo</strong></span> <span class='ocrx_word' id='word_1_647' title='bbox 3400 4168 3598 4224; x_wconf 78' lang='lat' dir='ltr'><strong>Filium</strong></span> <span class='ocrx_word' id='word_1_648' title='bbox 3629 4182 3903 4231; x_wconf 62' lang='lat' dir='ltr'><strong>internum</strong></span> 
     </span>
    </p>
   </div>
   <div class='ocr_carea' id='block_1_85' title="bbox 2339 4250 3903 4331">
    <p class='ocr_par' dir='ltr' id='par_1_85' title="bbox 2339 4250 3903 4331">
     <span class='ocr_line' id='line_1_85' title="bbox 2339 4250 3903 4331; baseline 0.013 -31"><span class='ocrx_word' id='word_1_649' title='bbox 2339 4250 2561 4317; x_wconf 85' lang='lat' dir='ltr'><strong>perinde</strong></span> <span class='ocrx_word' id='word_1_650' title='bbox 2606 4261 2766 4322; x_wconf 87' lang='lat' dir='ltr'><strong>atque</strong></span> <span class='ocrx_word' id='word_1_651' title='bbox 2805 4253 3019 4310; x_wconf 90' lang='lat' dir='ltr'><strong>Patrem</strong></span> <span class='ocrx_word' id='word_1_652' title='bbox 3062 4274 3204 4320; x_wconf 84' lang='lat' dir='ltr'><strong>esse.</strong></span> <span class='ocrx_word' id='word_1_653' title='bbox 3236 4270 3294 4313; x_wconf 91' lang='lat' dir='ltr'><strong>ut</strong></span> <span class='ocrx_word' id='word_1_654' title='bbox 3333 4275 3544 4331; x_wconf 88' lang='lat' dir='ltr'><strong>semper</strong></span> <span class='ocrx_word' id='word_1_655' title='bbox 3591 4263 3781 4319; x_wconf 88' lang='lat' dir='ltr'><strong>docuit</strong></span> <span class='ocrx_word' id='word_1_656' title='bbox 3810 4281 3903 4321; x_wconf 84' lang='lat' dir='ltr'><strong>ca-</strong></span> 
     </span>
    </p>
   </div>
   <div class='ocr_carea' id='block_1_86' title="bbox 2336 4338 3904 4425">
    <p class='ocr_par' dir='ltr' id='par_1_86' title="bbox 2336 4338 3904 4425">
     <span class='ocr_line' id='line_1_86' title="bbox 2336 4338 3904 4425; baseline 0.011 -32"><span class='ocrx_word' id='word_1_657' title='bbox 2336 4340 2535 4395; x_wconf 85' lang='lat' dir='ltr'><strong>tholica</strong></span> <span class='ocrx_word' id='word_1_658' title='bbox 2550 4338 2811 4400; x_wconf 78' lang='lat' dir='ltr'><strong>Ecclesia.</strong></span> <span class='ocrx_word' id='word_1_659' title='bbox 2838 4344 2993 4411; x_wconf 81' lang='lat' dir='ltr'><strong>Quod</strong></span> <span class='ocrx_word' id='word_1_660' title='bbox 3019 4356 3197 4403; x_wconf 89' lang='lat' dir='ltr'><strong>autem</strong></span> <span class='ocrx_word' id='word_1_661' title='bbox 3223 4358 3430 4421; x_wconf 80' lang='lat' dir='ltr'><strong>spectat</strong></span> <span class='ocrx_word' id='word_1_662' title='bbox 3446 4352 3512 4406; x_wconf 86' lang='lat' dir='ltr'><strong>ad</strong></span> <span class='ocrx_word' id='word_1_663' title='bbox 3531 4369 3725 4409; x_wconf 86' lang='lat' dir='ltr'><strong>vocem</strong></span> <span class='ocrx_word' id='word_1_664' title='bbox 3748 4358 3904 4425; x_wconf 64' lang='grc' dir='ltr'><strong>ὰγὲνι</strong></span> 
     </span>
    </p>
   </div>
   <div class='ocr_carea' id='block_1_87' title="bbox 2337 4436 3903 4507">
    <p class='ocr_par' dir='ltr' id='par_1_87' title="bbox 2337 4436 3903 4507">
     <span class='ocr_line' id='line_1_87' title="bbox 2337 4436 3903 4507; baseline 0.013 -27"><span class='ocrx_word' id='word_1_665' title='bbox 2337 4447 2513 4499; x_wconf 79' lang='grc' dir='ltr'><strong>νητον,</strong></span> <span class='ocrx_word' id='word_1_666' title='bbox 2550 4448 2653 4487; x_wconf 79' lang='lat' dir='ltr'><strong>non</strong></span> <span class='ocrx_word' id='word_1_667' title='bbox 2671 4436 2922 4504; x_wconf 74' lang='lat' dir='ltr'><strong>genitum,</strong></span> <span class='ocrx_word' id='word_1_668' title='bbox 2954 4453 3115 4507; x_wconf 89' lang='lat' dir='ltr'><strong>quam</strong></span> <span class='ocrx_word' id='word_1_669' title='bbox 3148 4437 3327 4495; x_wconf 87' lang='lat' dir='ltr'><strong>Verbo</strong></span> <span class='ocrx_word' id='word_1_670' title='bbox 3353 4442 3551 4498; x_wconf 87' lang='lat' dir='ltr'><strong>ascribi</strong></span> <span class='ocrx_word' id='word_1_671' title='bbox 3580 4459 3611 4498; x_wconf 88' lang='lat' dir='ltr'><strong>a</strong></span> <span class='ocrx_word' id='word_1_672' title='bbox 3640 4443 3903 4503; x_wconf 68' lang='lat' dir='ltr'><strong>Hal-cella</strong></span> 
     </span>
    </p>
   </div>
   <div class='ocr_carea' id='block_1_88' title="bbox 670 4491 3903 4599">
    <p class='ocr_par' dir='ltr' id='par_1_88' title="bbox 670 4491 3903 4599">
     <span class='ocr_line' id='line_1_88' title="bbox 670 4491 3903 4599; baseline 0.009 -48"><span class='ocrx_word' id='word_1_673' title='bbox 670 4499 714 4551; x_wconf 87' lang='lat' dir='ltr'><strong>si</strong></span> <span class='ocrx_word' id='word_1_674' title='bbox 747 4514 887 4552; x_wconf 81' lang='lat' dir='ltr'><strong>unus</strong></span> <span class='ocrx_word' id='word_1_675' title='bbox 918 4506 971 4552; x_wconf 88' lang='lat' dir='ltr'><strong>et</strong></span> <span class='ocrx_word' id='word_1_676' title='bbox 1001 4496 1138 4550; x_wconf 81' lang='lat' dir='ltr'><strong>idem</strong></span> <span class='ocrx_word' id='word_1_677' title='bbox 1164 4512 1389 4550; x_wconf 84' lang='lat' dir='ltr'><strong>numero</strong></span> <span class='ocrx_word' id='word_1_678' title='bbox 1424 4497 1564 4554; x_wconf 84' lang='lat' dir='ltr'><strong>Deus</strong></span> <span class='ocrx_word' id='word_1_679' title='bbox 1595 4501 1689 4565; x_wconf 85' lang='lat' dir='ltr'><strong>sit,</strong></span> <span class='ocrx_word' id='word_1_680' title='bbox 1714 4517 1880 4554; x_wconf 86' lang='lat' dir='ltr'><strong>unum</strong></span> <span class='ocrx_word' id='word_1_681' title='bbox 1914 4505 2077 4558; x_wconf 87' lang='lat' dir='ltr'><strong>etiam</strong></span> <span class='ocrx_word' id='word_1_682' title='bbox 2110 4521 2231 4561; x_wconf 84' lang='lat' dir='ltr'><strong>esse</strong></span> <span class='ocrx_word' id='word_1_683' title='bbox 2264 4491 2309 4547; x_wconf 70' lang='grc' dir='ltr'><strong>θ</strong></span> <span class='ocrx_word' id='word_1_684' title='bbox 2341 4491 2993 4591; x_wconf 46' lang='grc' dir='ltr'><strong>ιθξιὶηρθιυιιἘωεδῖυεζ</strong></span> <span class='ocrx_word' id='word_1_685' title='bbox 3039 4528 3149 4583; x_wconf 76' lang='lat' dir='ltr'><strong>duo</strong></span> <span class='ocrx_word' id='word_1_686' title='bbox 3178 4532 3519 4599; x_wconf 58' lang='lat' dir='ltr'><strong>potissimum</strong></span> <span class='ocrx_word' id='word_1_687' title='bbox 3557 4544 3689 4589; x_wconf 65' lang='lat' dir='ltr'><strong>sum</strong></span> <span class='ocrx_word' id='word_1_688' title='bbox 3720 4541 3903 4592; x_wconf 64' lang='grc' dir='ltr'><strong>ροηδε.</strong></span> 
     </span>
    </p>
   </div>
   <div class='ocr_carea' id='block_1_89' title="bbox 669 4586 2232 4651">
    <p class='ocr_par' dir='ltr' id='par_1_89' title="bbox 669 4586 2232 4651">
     <span class='ocr_line' id='line_1_89' title="bbox 669 4586 2232 4651; baseline 0.006 -11"><span class='ocrx_word' id='word_1_689' title='bbox 669 4586 968 4641; x_wconf 87' lang='lat' dir='ltr'><strong>secundum</strong></span> <span class='ocrx_word' id='word_1_690' title='bbox 1017 4586 1150 4638; x_wconf 83' lang='lat' dir='ltr'><strong>alias</strong></span> <span class='ocrx_word' id='word_1_691' title='bbox 1196 4602 1386 4641; x_wconf 85' lang='lat' dir='ltr'><strong>omnes</strong></span> <span class='ocrx_word' id='word_1_692' title='bbox 1416 4589 1677 4651; x_wconf 87' lang='lat' dir='ltr'><strong>rationes,</strong></span> <span class='ocrx_word' id='word_1_693' title='bbox 1728 4591 1799 4643; x_wconf 79' lang='lat' dir='ltr'><strong>ita</strong></span> <span class='ocrx_word' id='word_1_694' title='bbox 1837 4602 1893 4645; x_wconf 92' lang='lat' dir='ltr'><strong>ut</strong></span> <span class='ocrx_word' id='word_1_695' title='bbox 1935 4594 2084 4648; x_wconf 86' lang='lat' dir='ltr'><strong>nulla</strong></span> <span class='ocrx_word' id='word_1_696' title='bbox 2116 4596 2232 4649; x_wconf 86' lang='lat' dir='ltr'><strong>dis-</strong></span> 
     </span>
    </p>
   </div>
   <div class='ocr_carea' id='block_1_90' title="bbox 669 4678 2229 4755">
    <p class='ocr_par' dir='ltr' id='par_1_90' title="bbox 669 4678 2229 4755">
     <span class='ocr_line' id='line_1_90' title="bbox 669 4678 2229 4755; baseline 0.006 -24"><span class='ocrx_word' id='word_1_697' title='bbox 669 4679 863 4731; x_wconf 89' lang='lat' dir='ltr'><strong>tinctio</strong></span> <span class='ocrx_word' id='word_1_698' title='bbox 905 4678 1373 4745; x_wconf 78' lang='lat' dir='ltr'><strong>deprehendatur;</strong></span> <span class='ocrx_word' id='word_1_699' title='bbox 1428 4680 1548 4733; x_wconf 85' lang='lat' dir='ltr'><strong>ideo</strong></span> <span class='ocrx_word' id='word_1_700' title='bbox 1595 4679 1929 4745; x_wconf 77' lang='lat' dir='ltr'><strong>Marcellum,</strong></span> <span class='ocrx_word' id='word_1_701' title='bbox 1988 4688 2079 4755; x_wconf 89' lang='lat' dir='ltr'><strong>qui</strong></span> <span class='ocrx_word' id='word_1_702' title='bbox 2124 4686 2229 4741; x_wconf 86' lang='lat' dir='ltr'><strong>Pa-</strong></span> 
     </span>
    </p>
   </div>
   <div class='ocr_carea' id='block_1_91' title="bbox 666 4765 2226 4842">
    <p class='ocr_par' dir='ltr' id='par_1_91' title="bbox 666 4765 2226 4842">
     <span class='ocr_line' id='line_1_91' title="bbox 666 4765 2226 4842; baseline 0.009 -23"><span class='ocrx_word' id='word_1_703' title='bbox 666 4774 800 4821; x_wconf 89' lang='lat' dir='ltr'><strong>trem</strong></span> <span class='ocrx_word' id='word_1_704' title='bbox 828 4775 880 4821; x_wconf 89' lang='lat' dir='ltr'><strong>et</strong></span> <span class='ocrx_word' id='word_1_705' title='bbox 912 4765 1145 4821; x_wconf 79' lang='lat' dir='ltr'><strong>Verbum</strong></span> <span class='ocrx_word' id='word_1_706' title='bbox 1171 4784 1335 4821; x_wconf 86' lang='lat' dir='ltr'><strong>unum</strong></span> <span class='ocrx_word' id='word_1_707' title='bbox 1370 4766 1533 4823; x_wconf 75' lang='lat' dir='ltr'><strong>Deum</strong></span> <span class='ocrx_word' id='word_1_708' title='bbox 1564 4786 1835 4842; x_wconf 86' lang='lat' dir='ltr'><strong>unamque</strong></span> <span class='ocrx_word' id='word_1_709' title='bbox 1862 4776 2226 4833; x_wconf 83' lang='lat' dir='ltr'><strong>substantiam</strong></span> 
     </span>
    </p>
   </div>
   <div class='ocr_carea' id='block_1_92' title="bbox 664 4859 2229 4923">
    <p class='ocr_par' dir='ltr' id='par_1_92' title="bbox 664 4859 2229 4923">
     <span class='ocr_line' id='line_1_92' title="bbox 664 4859 2229 4923; baseline 0.006 -10"><span class='ocrx_word' id='word_1_710' title='bbox 664 4875 786 4914; x_wconf 84' lang='lat' dir='ltr'><strong>esse</strong></span> <span class='ocrx_word' id='word_1_711' title='bbox 818 4859 1079 4921; x_wconf 80' lang='lat' dir='ltr'><strong>defendit,</strong></span> <span class='ocrx_word' id='word_1_712' title='bbox 1129 4861 1333 4915; x_wconf 87' lang='lat' dir='ltr'><strong>nullam</strong></span> <span class='ocrx_word' id='word_1_713' title='bbox 1377 4864 1600 4917; x_wconf 82' lang='lat' dir='ltr'><strong>omnino</strong></span> <span class='ocrx_word' id='word_1_714' title='bbox 1633 4864 1737 4918; x_wconf 88' lang='lat' dir='ltr'><strong>nisi</strong></span> <span class='ocrx_word' id='word_1_715' title='bbox 1782 4868 2060 4922; x_wconf 88' lang='lat' dir='ltr'><strong>nominum</strong></span> <span class='ocrx_word' id='word_1_716' title='bbox 2115 4868 2229 4923; x_wconf 85' lang='lat' dir='ltr'><strong>dis-</strong></span> 
     </span>
    </p>
   </div>
   <div class='ocr_carea' id='block_1_93' title="bbox 663 4953 2221 5021">
    <p class='ocr_par' dir='ltr' id='par_1_93' title="bbox 663 4953 2221 5021">
     <span class='ocr_line' id='line_1_93' title="bbox 663 4953 2221 5021; baseline 0.01 -16"><span class='ocrx_word' id='word_1_717' title='bbox 663 4953 975 5007; x_wconf 86' lang='lat' dir='ltr'><strong>tinctionem</strong></span> <span class='ocrx_word' id='word_1_718' title='bbox 1012 4955 1295 5011; x_wconf 83' lang='lat' dir='ltr'><strong>admittere</strong></span> <span class='ocrx_word' id='word_1_719' title='bbox 1327 4960 1624 5013; x_wconf 88' lang='lat' dir='ltr'><strong>contendit.</strong></span> <span class='ocrx_word' id='word_1_720' title='bbox 1678 4958 1733 5012; x_wconf 91' lang='lat' dir='ltr'><strong>Si</strong></span> <span class='ocrx_word' id='word_1_721' title='bbox 1768 4976 1894 5015; x_wconf 79' lang='lat' dir='ltr'><strong>vero</strong></span> <span class='ocrx_word' id='word_1_722' title='bbox 1934 4962 2221 5021; x_wconf 70' lang='lat' dir='ltr'><strong>Marcellus</strong></span> 
     </span>
    </p>
   </div>
   <div class='ocr_carea' id='block_1_94' title="bbox 662 5044 2227 5113">
    <p class='ocr_par' dir='ltr' id='par_1_94' title="bbox 662 5044 2227 5113">
     <span class='ocr_line' id='line_1_94' title="bbox 662 5044 2227 5113; baseline 0.011 -17"><span class='ocrx_word' id='word_1_723' title='bbox 662 5059 787 5099; x_wconf 83' lang='lat' dir='ltr'><strong>vere</strong></span> <span class='ocrx_word' id='word_1_724' title='bbox 814 5044 1218 5102; x_wconf 86' lang='lat' dir='ltr'><strong>distinctionem</strong></span> <span class='ocrx_word' id='word_1_725' title='bbox 1250 5050 1390 5103; x_wconf 86' lang='lat' dir='ltr'><strong>inter</strong></span> <span class='ocrx_word' id='word_1_726' title='bbox 1418 5049 1631 5107; x_wconf 82' lang='lat' dir='ltr'><strong>Patrem</strong></span> <span class='ocrx_word' id='word_1_727' title='bbox 1678 5065 1733 5108; x_wconf 90' lang='lat' dir='ltr'><strong>et</strong></span> <span class='ocrx_word' id='word_1_728' title='bbox 1777 5054 2011 5111; x_wconf 86' lang='lat' dir='ltr'><strong>Verbum</strong></span> <span class='ocrx_word' id='word_1_729' title='bbox 2048 5058 2227 5113; x_wconf 79' lang='lat' dir='ltr'><strong>admi-</strong></span> 
     </span>
    </p>
   </div>
   <div class='ocr_carea' id='block_1_95' title="bbox 661 5136 2217 5209">
    <p class='ocr_par' dir='ltr' id='par_1_95' title="bbox 661 5136 2217 5209">
     <span class='ocr_line' id='line_1_95' title="bbox 661 5136 2217 5209; baseline 0.012 -20"><span class='ocrx_word' id='word_1_730' title='bbox 661 5136 812 5199; x_wconf 86' lang='lat' dir='ltr'><strong>serit,</strong></span> <span class='ocrx_word' id='word_1_731' title='bbox 840 5136 966 5191; x_wconf 86' lang='lat' dir='ltr'><strong>hinc</strong></span> <span class='ocrx_word' id='word_1_732' title='bbox 995 5141 1230 5209; x_wconf 80' lang='lat' dir='ltr'><strong>explices</strong></span> <span class='ocrx_word' id='word_1_733' title='bbox 1275 5144 1421 5197; x_wconf 86' lang='lat' dir='ltr'><strong>illam</strong></span> <span class='ocrx_word' id='word_1_734' title='bbox 1469 5142 1562 5200; x_wconf 88' lang='lat' dir='ltr'><strong>Dei</strong></span> <span class='ocrx_word' id='word_1_735' title='bbox 1621 5143 1799 5203; x_wconf 80' lang='lat' dir='ltr'><strong>Patris</strong></span> <span class='ocrx_word' id='word_1_736' title='bbox 1841 5148 2217 5209; x_wconf 86' lang='lat' dir='ltr'><strong>dilatationem</strong></span> 
     </span>
    </p>
   </div>
   <div class='ocr_carea' id='block_1_96' title="bbox 656 5230 2220 5303">
    <p class='ocr_par' dir='ltr' id='par_1_96' title="bbox 656 5230 2220 5303">
     <span class='ocr_line' id='line_1_96' title="bbox 656 5230 2220 5303; baseline 0.013 -22"><span class='ocrx_word' id='word_1_737' title='bbox 656 5236 713 5282; x_wconf 93' lang='lat' dir='ltr'><strong>et</strong></span> <span class='ocrx_word' id='word_1_738' title='bbox 755 5230 1151 5297; x_wconf 86' lang='lat' dir='ltr'><strong>extensionem,</strong></span> <span class='ocrx_word' id='word_1_739' title='bbox 1198 5249 1361 5303; x_wconf 89' lang='lat' dir='ltr'><strong>quam</strong></span> <span class='ocrx_word' id='word_1_740' title='bbox 1394 5234 1704 5293; x_wconf 72' lang='lat' dir='ltr'><strong>Marcellum</strong></span> <span class='ocrx_word' id='word_1_741' title='bbox 1732 5238 1988 5299; x_wconf 88' lang='lat' dir='ltr'><strong>docuisse</strong></span> <span class='ocrx_word' id='word_1_742' title='bbox 2023 5245 2220 5300; x_wconf 73' lang='lat' dir='ltr'><strong>testiﬁ-</strong></span> 
     </span>
    </p>
   </div>
   <div class='ocr_carea' id='block_1_97' title="bbox 656 5320 2219 5406">
    <p class='ocr_par' dir='ltr' id='par_1_97' title="bbox 656 5320 2219 5406">
     <span class='ocr_line' id='line_1_97' title="bbox 656 5320 2219 5406; baseline 0.014 -36"><span class='ocrx_word' id='word_1_743' title='bbox 656 5325 884 5383; x_wconf 87' lang='lat' dir='ltr'><strong>cantur;</strong></span> <span class='ocrx_word' id='word_1_744' title='bbox 908 5320 1167 5393; x_wconf 81' lang='lat' dir='ltr'><strong>dicasque</strong></span> <span class='ocrx_word' id='word_1_745' title='bbox 1187 5324 1233 5378; x_wconf 85' lang='lat' dir='ltr'><strong>si</strong></span> <span class='ocrx_word' id='word_1_746' title='bbox 1252 5340 1376 5381; x_wconf 82' lang='lat' dir='ltr'><strong>vere</strong></span> <span class='ocrx_word' id='word_1_747' title='bbox 1397 5325 1683 5385; x_wconf 76' lang='lat' dir='ltr'><strong>Marcellus</strong></span> <span class='ocrx_word' id='word_1_748' title='bbox 1704 5332 1778 5387; x_wconf 86' lang='lat' dir='ltr'><strong>ita</strong></span> <span class='ocrx_word' id='word_1_749' title='bbox 1801 5332 2019 5398; x_wconf 76' lang='lat' dir='ltr'><strong>dixerit.</strong></span> <span class='ocrx_word' id='word_1_750' title='bbox 2040 5335 2219 5406; x_wconf 86' lang='lat' dir='ltr'><strong>ipsum</strong></span> 
     </span>
    </p>
   </div>
   <div class='ocr_carea' id='block_1_98' title="bbox 656 5408 2219 5492">
    <p class='ocr_par' dir='ltr' id='par_1_98' title="bbox 656 5408 2219 5492">
     <span class='ocr_line' id='line_1_98' title="bbox 656 5408 2219 5492; baseline 0.013 -30"><span class='ocrx_word' id='word_1_751' title='bbox 656 5408 743 5463; x_wconf 85' lang='lat' dir='ltr'><strong>bis</strong></span> <span class='ocrx_word' id='word_1_752' title='bbox 766 5410 993 5465; x_wconf 89' lang='lat' dir='ltr'><strong>vocibus</strong></span> <span class='ocrx_word' id='word_1_753' title='bbox 1034 5413 1167 5467; x_wconf 87' lang='lat' dir='ltr'><strong>nihil</strong></span> <span class='ocrx_word' id='word_1_754' title='bbox 1198 5416 1344 5471; x_wconf 88' lang='lat' dir='ltr'><strong>aliud</strong></span> <span class='ocrx_word' id='word_1_755' title='bbox 1390 5417 1743 5481; x_wconf 79' lang='lat' dir='ltr'><strong>intellexisse.</strong></span> <span class='ocrx_word' id='word_1_756' title='bbox 1770 5438 1938 5492; x_wconf 85' lang='lat' dir='ltr'><strong>quam</strong></span> <span class='ocrx_word' id='word_1_757' title='bbox 1960 5427 2219 5484; x_wconf 83' lang='lat' dir='ltr'><strong>emissio-</strong></span> 
     </span>
    </p>
   </div>
   <div class='ocr_carea' id='block_1_99' title="bbox 656 5492 2217 5584">
    <p class='ocr_par' dir='ltr' id='par_1_99' title="bbox 656 5492 2217 5584">
     <span class='ocr_line' id='line_1_99' title="bbox 656 5492 2217 5584; baseline 0.015 -34"><span class='ocrx_word' id='word_1_758' title='bbox 656 5510 781 5584; x_wconf 76' lang='lat' dir='ltr'><strong>nem</strong></span> <span class='ocrx_word' id='word_1_759' title='bbox 822 5492 943 5553; x_wconf 76' lang='lat' dir='ltr'><strong>Filii</strong></span> <span class='ocrx_word' id='word_1_760' title='bbox 972 5499 1041 5553; x_wconf 89' lang='lat' dir='ltr'><strong>ad</strong></span> <span class='ocrx_word' id='word_1_761' title='bbox 1084 5505 1414 5559; x_wconf 84' lang='lat' dir='ltr'><strong>creationem</strong></span> <span class='ocrx_word' id='word_1_762' title='bbox 1458 5510 1815 5579; x_wconf 80' lang='lat' dir='ltr'><strong>peragendam</strong></span> <span class='ocrx_word' id='word_1_763' title='bbox 1849 5532 1865 5568; x_wconf 83' lang='lat'><strong>:</strong></span> <span class='ocrx_word' id='word_1_764' title='bbox 1899 5528 2065 5584; x_wconf 87' lang='lat' dir='ltr'><strong>quam</strong></span> <span class='ocrx_word' id='word_1_765' title='bbox 2111 5514 2217 5573; x_wconf 85' lang='lat' dir='ltr'><strong>SS.</strong></span> 
     </span>
    </p>
   </div>
   <div class='ocr_carea' id='block_1_100' title="bbox 657 5582 2209 5663">
    <p class='ocr_par' dir='ltr' id='par_1_100' title="bbox 657 5582 2209 5663">
     <span class='ocr_line' id='line_1_100' title="bbox 657 5582 2209 5663; baseline 0.017 -26"><span class='ocrx_word' id='word_1_766' title='bbox 657 5582 845 5641; x_wconf 85' lang='lat' dir='ltr'><strong>Patres</strong></span> <span class='ocrx_word' id='word_1_767' title='bbox 873 5589 1075 5657; x_wconf 87' lang='lat' dir='ltr'><strong>passim</strong></span> <span class='ocrx_word' id='word_1_768' title='bbox 1104 5593 1437 5660; x_wconf 89' lang='lat' dir='ltr'><strong>exprimunt.</strong></span> <span class='ocrx_word' id='word_1_769' title='bbox 1478 5594 1630 5656; x_wconf 79' lang='lat' dir='ltr'><strong>Hanc</strong></span> <span class='ocrx_word' id='word_1_770' title='bbox 1672 5613 1805 5656; x_wconf 85' lang='lat' dir='ltr'><strong>vero</strong></span> <span class='ocrx_word' id='word_1_771' title='bbox 1833 5582 2209 5663; x_wconf 67' lang='lat' dir='ltr'><strong>dilatationem</strong></span> 
     </span>
    </p>
   </div>
   <div class='ocr_carea' id='block_1_101' title="bbox 725 5741 1617 5817">
    <p class='ocr_par' dir='ltr' id='par_1_101' title="bbox 725 5741 1617 5817">
     <span class='ocr_line' id='line_1_101' title="bbox 725 5741 1617 5817; baseline 0.012 -22"><span class='ocrx_word' id='word_1_772' title='bbox 725 5742 744 5775; x_wconf 82' lang='grc'><strong>⁸</strong></span> <span class='ocrx_word' id='word_1_773' title='bbox 778 5741 947 5798; x_wconf 86' lang='lat' dir='ltr'><strong>Exod.</strong></span> <span class='ocrx_word' id='word_1_774' title='bbox 978 5762 1058 5808; x_wconf 87' lang='lat' dir='ltr'><strong>nt,</strong></span> <span class='ocrx_word' id='word_1_775' title='bbox 1089 5748 1172 5803; x_wconf 74' lang='grc' dir='ltr'><strong>Η.</strong></span> <span class='ocrx_word' id='word_1_776' title='bbox 1247 5751 1269 5785; x_wconf 77' lang='grc'><strong><em>⁸</em></strong></span> <span class='ocrx_word' id='word_1_777' title='bbox 1291 5750 1425 5807; x_wconf 82' lang='lat' dir='ltr'><strong>Gen.</strong></span> <span class='ocrx_word' id='word_1_778' title='bbox 1456 5767 1494 5817; x_wconf 80' lang='grc' dir='ltr'><strong>ι,</strong></span> <span class='ocrx_word' id='word_1_779' title='bbox 1523 5751 1617 5809; x_wconf 73' lang='lat'><strong>26.</strong></span> 
     </span>
    </p>
   </div>
   <div class='ocr_carea' id='block_1_102' title="bbox 2340 4613 3901 4689">
    <p class='ocr_par' dir='ltr' id='par_1_102' title="bbox 2340 4613 3901 4689">
     <span class='ocr_line' id='line_1_102' title="bbox 2340 4613 3901 4689; baseline 0.015 -24"><span class='ocrx_word' id='word_1_780' title='bbox 2340 4613 2579 4668; x_wconf 83' lang='lat' dir='ltr'><strong>deranda</strong></span> <span class='ocrx_word' id='word_1_781' title='bbox 2614 4634 2627 4669; x_wconf 93' lang='lat'>:</span> <span class='ocrx_word' id='word_1_782' title='bbox 2659 4618 2836 4686; x_wconf 88' lang='lat' dir='ltr'><strong>primo</strong></span> <span class='ocrx_word' id='word_1_783' title='bbox 2862 4620 3078 4689; x_wconf 91' lang='lat' dir='ltr'><strong>quidem</strong></span> <span class='ocrx_word' id='word_1_784' title='bbox 3126 4638 3232 4676; x_wconf 91' lang='lat' dir='ltr'><strong>non</strong></span> <span class='ocrx_word' id='word_1_785' title='bbox 3276 4624 3462 4680; x_wconf 84' lang='lat' dir='ltr'><strong>haberi</strong></span> <span class='ocrx_word' id='word_1_786' title='bbox 3504 4627 3650 4682; x_wconf 86' lang='lat' dir='ltr'><strong>illam</strong></span> <span class='ocrx_word' id='word_1_787' title='bbox 3696 4630 3755 4685; x_wconf 85' lang='lat' dir='ltr'><strong>in</strong></span> <span class='ocrx_word' id='word_1_788' title='bbox 3800 4647 3901 4687; x_wconf 84' lang='lat' dir='ltr'><strong>ex-</strong></span> 
     </span>
    </p>
   </div>
   <div class='ocr_carea' id='block_1_103' title="bbox 2338 4706 3903 4786">
    <p class='ocr_par' dir='ltr' id='par_1_103' title="bbox 2338 4706 3903 4786">
     <span class='ocr_line' id='line_1_103' title="bbox 2338 4706 3903 4786; baseline 0.012 -29"><span class='ocrx_word' id='word_1_789' title='bbox 2338 4706 2539 4774; x_wconf 84' lang='lat' dir='ltr'><strong>cerptis</strong></span> <span class='ocrx_word' id='word_1_790' title='bbox 2589 4706 2828 4764; x_wconf 76' lang='lat' dir='ltr'><strong>Ilarcelli</strong></span> <span class='ocrx_word' id='word_1_791' title='bbox 2862 4726 2982 4782; x_wconf 67' lang='lat' dir='ltr'><strong>qua:</strong></span> <span class='ocrx_word' id='word_1_792' title='bbox 3012 4712 3165 4767; x_wconf 69' lang='lat' dir='ltr'><strong>aliert</strong></span> <span class='ocrx_word' id='word_1_793' title='bbox 3208 4712 3509 4782; x_wconf 80' lang='lat' dir='ltr'><strong>Eusebius;</strong></span> <span class='ocrx_word' id='word_1_794' title='bbox 3555 4719 3793 4786; x_wconf 84' lang='lat' dir='ltr'><strong>proinde</strong></span> <span class='ocrx_word' id='word_1_795' title='bbox 3820 4725 3903 4775; x_wconf 80' lang='lat' dir='ltr'><strong>vi-</strong></span> 
     </span>
    </p>
   </div>
   <div class='ocr_carea' id='block_1_104' title="bbox 2336 4796 3901 4877">
    <p class='ocr_par' dir='ltr' id='par_1_104' title="bbox 2336 4796 3901 4877">
     <span class='ocr_line' id='line_1_104' title="bbox 2336 4796 3901 4877; baseline 0.013 -28"><span class='ocrx_word' id='word_1_796' title='bbox 2336 4796 2453 4850; x_wconf 84' lang='lat' dir='ltr'><strong>deri</strong></span> <span class='ocrx_word' id='word_1_797' title='bbox 2482 4814 2548 4852; x_wconf 86' lang='lat' dir='ltr'><strong>ex</strong></span> <span class='ocrx_word' id='word_1_798' title='bbox 2592 4801 2906 4871; x_wconf 82' lang='lat' dir='ltr'><strong>conjectura</strong></span> <span class='ocrx_word' id='word_1_799' title='bbox 2934 4812 2988 4858; x_wconf 89' lang='lat' dir='ltr'><strong>et</strong></span> <span class='ocrx_word' id='word_1_800' title='bbox 3014 4810 3396 4877; x_wconf 85' lang='lat' dir='ltr'><strong>consequentia</strong></span> <span class='ocrx_word' id='word_1_801' title='bbox 3431 4809 3685 4865; x_wconf 74' lang='lat' dir='ltr'><strong>Marcello</strong></span> <span class='ocrx_word' id='word_1_802' title='bbox 3722 4818 3901 4869; x_wconf 77' lang='lat' dir='ltr'><strong>ascri-</strong></span> 
     </span>
    </p>
   </div>
   <div class='ocr_carea' id='block_1_105' title="bbox 2334 4886 3901 4961">
    <p class='ocr_par' dir='ltr' id='par_1_105' title="bbox 2334 4886 3901 4961">
     <span class='ocr_line' id='line_1_105' title="bbox 2334 4886 3901 4961; baseline 0.013 -22"><span class='ocrx_word' id='word_1_803' title='bbox 2334 4895 2482 4955; x_wconf 88' lang='lat' dir='ltr'><strong>ptam</strong></span> <span class='ocrx_word' id='word_1_804' title='bbox 2532 4886 2725 4953; x_wconf 82' lang='lat' dir='ltr'><strong>fuisse.</strong></span> <span class='ocrx_word' id='word_1_805' title='bbox 2759 4892 2886 4960; x_wconf 84' lang='lat' dir='ltr'><strong>quia</strong></span> <span class='ocrx_word' id='word_1_806' title='bbox 2926 4894 3171 4951; x_wconf 82' lang='lat' dir='ltr'><strong>videlicet</strong></span> <span class='ocrx_word' id='word_1_807' title='bbox 3222 4913 3289 4952; x_wconf 89' lang='lat' dir='ltr'><strong>ex</strong></span> <span class='ocrx_word' id='word_1_808' title='bbox 3329 4898 3557 4954; x_wconf 78' lang='lat' dir='ltr'><strong>Eusebii</strong></span> <span class='ocrx_word' id='word_1_809' title='bbox 3600 4904 3901 4961; x_wconf 82' lang='lat' dir='ltr'><strong>ratiocinio</strong></span> 
     </span>
    </p>
   </div>
   <div class='ocr_carea' id='block_1_106' title="bbox 2334 4979 3898 5055">
    <p class='ocr_par' dir='ltr' id='par_1_106' title="bbox 2334 4979 3898 5055">
     <span class='ocr_line' id='line_1_106' title="bbox 2334 4979 3898 5055; baseline 0.012 -23"><span class='ocrx_word' id='word_1_810' title='bbox 2334 4979 2586 5049; x_wconf 85' lang='lat' dir='ltr'><strong>superius</strong></span> <span class='ocrx_word' id='word_1_811' title='bbox 2613 4981 2798 5047; x_wconf 87' lang='lat' dir='ltr'><strong>allato,</strong></span> <span class='ocrx_word' id='word_1_812' title='bbox 2830 4984 2973 5055; x_wconf 90' lang='lat' dir='ltr'><strong>quod</strong></span> <span class='ocrx_word' id='word_1_813' title='bbox 2999 4985 3167 5041; x_wconf 68' lang='grc' dir='ltr'><strong>ἁῖὃιον</strong></span> <span class='ocrx_word' id='word_1_814' title='bbox 3208 4990 3325 5044; x_wconf 82' lang='lat' dir='ltr'><strong>sive</strong></span> <span class='ocrx_word' id='word_1_815' title='bbox 3355 4997 3617 5045; x_wconf 66' lang='lat' dir='ltr'><strong>aeternum</strong></span> <span class='ocrx_word' id='word_1_816' title='bbox 3644 5002 3757 5055; x_wconf 85' lang='lat' dir='ltr'><strong>est,</strong></span> <span class='ocrx_word' id='word_1_817' title='bbox 3788 5011 3898 5050; x_wconf 85' lang='lat' dir='ltr'><strong>non</strong></span> 
     </span>
    </p>
   </div>
   <div class='ocr_carea' id='block_1_107' title="bbox 2333 5075 3899 5145">
    <p class='ocr_par' dir='ltr' id='par_1_107' title="bbox 2333 5075 3899 5145">
     <span class='ocr_line' id='line_1_107' title="bbox 2333 5075 3899 5145; baseline 0.01 -22"><span class='ocrx_word' id='word_1_818' title='bbox 2333 5079 2509 5139; x_wconf 87' lang='lat' dir='ltr'><strong>potest</strong></span> <span class='ocrx_word' id='word_1_819' title='bbox 2552 5087 2674 5128; x_wconf 87' lang='lat' dir='ltr'><strong>esse</strong></span> <span class='ocrx_word' id='word_1_820' title='bbox 2716 5075 2977 5145; x_wconf 87' lang='lat' dir='ltr'><strong>genitum.</strong></span> <span class='ocrx_word' id='word_1_821' title='bbox 3029 5075 3279 5134; x_wconf 82' lang='lat' dir='ltr'><strong>Secundo</strong></span> <span class='ocrx_word' id='word_1_822' title='bbox 3324 5088 3505 5135; x_wconf 88' lang='lat' dir='ltr'><strong>autem</strong></span> <span class='ocrx_word' id='word_1_823' title='bbox 3548 5095 3766 5138; x_wconf 84' lang='lat' dir='ltr'><strong>certum</strong></span> <span class='ocrx_word' id='word_1_824' title='bbox 3812 5095 3899 5141; x_wconf 81' lang='lat' dir='ltr'><strong>est</strong></span> 
     </span>
    </p>
   </div>
   <div class='ocr_carea' id='block_1_108' title="bbox 2330 5161 3897 5246">
    <p class='ocr_par' dir='ltr' id='par_1_108' title="bbox 2330 5161 3897 5246">
     <span class='ocr_line' id='line_1_108' title="bbox 2330 5161 3897 5246; baseline 0.011 -32"><span class='ocrx_word' id='word_1_825' title='bbox 2330 5161 2561 5219; x_wconf 79' lang='lat' dir='ltr'><strong>Arianos</strong></span> <span class='ocrx_word' id='word_1_826' title='bbox 2601 5164 2657 5219; x_wconf 85' lang='lat' dir='ltr'><strong>in</strong></span> <span class='ocrx_word' id='word_1_827' title='bbox 2686 5166 2915 5224; x_wconf 82' lang='lat' dir='ltr'><strong>vocibus</strong></span> <span class='ocrx_word' id='word_1_828' title='bbox 2952 5169 3235 5241; x_wconf 70' lang='grc' dir='ltr'><strong>ἀγένητον.</strong></span> <span class='ocrx_word' id='word_1_829' title='bbox 3269 5188 3373 5227; x_wconf 80' lang='lat' dir='ltr'><strong>non</strong></span> <span class='ocrx_word' id='word_1_830' title='bbox 3401 5173 3624 5241; x_wconf 77' lang='lat' dir='ltr'><strong>factum,</strong></span> <span class='ocrx_word' id='word_1_831' title='bbox 3648 5184 3704 5231; x_wconf 91' lang='lat' dir='ltr'><strong>et</strong></span> <span class='ocrx_word' id='word_1_832' title='bbox 3734 5180 3897 5246; x_wconf 72' lang='grc' dir='ltr'><strong>ἀγέν-</strong></span> 
     </span>
    </p>
   </div>
   <div class='ocr_carea' id='block_1_109' title="bbox 2329 5259 3897 5334">
    <p class='ocr_par' dir='ltr' id='par_1_109' title="bbox 2329 5259 3897 5334">
     <span class='ocr_line' id='line_1_109' title="bbox 2329 5259 3897 5334; baseline 0.013 -29"><span class='ocrx_word' id='word_1_833' title='bbox 2329 5268 2507 5324; x_wconf 80' lang='grc' dir='ltr'><strong>νητον,</strong></span> <span class='ocrx_word' id='word_1_834' title='bbox 2554 5259 2929 5329; x_wconf 57' lang='lat' dir='ltr'><strong>sospitum,</strong></span> <span class='ocrx_word' id='word_1_835' title='bbox 2977 5277 3194 5334; x_wconf 86' lang='lat' dir='ltr'><strong>semper</strong></span> <span class='ocrx_word' id='word_1_836' title='bbox 3219 5265 3437 5328; x_wconf 84' lang='lat' dir='ltr'><strong>lusisse,</strong></span> <span class='ocrx_word' id='word_1_837' title='bbox 3479 5276 3539 5319; x_wconf 90' lang='lat' dir='ltr'><strong>ut</strong></span> <span class='ocrx_word' id='word_1_838' title='bbox 3584 5270 3897 5327; x_wconf 77' lang='lat' dir='ltr'><strong>sexcenties</strong></span> 
     </span>
    </p>
   </div>
   <div class='ocr_carea' id='block_1_110' title="bbox 2328 5344 3897 5424">
    <p class='ocr_par' dir='ltr' id='par_1_110' title="bbox 2328 5344 3897 5424">
     <span class='ocr_line' id='line_1_110' title="bbox 2328 5344 3897 5424; baseline 0.011 -28"><span class='ocrx_word' id='word_1_839' title='bbox 2328 5344 2471 5412; x_wconf 87' lang='lat' dir='ltr'><strong>apud</strong></span> <span class='ocrx_word' id='word_1_840' title='bbox 2498 5344 2857 5403; x_wconf 76' lang='lat' dir='ltr'><strong>Athanasium</strong></span> <span class='ocrx_word' id='word_1_841' title='bbox 2886 5350 3163 5407; x_wconf 84' lang='lat' dir='ltr'><strong>observes.</strong></span> <span class='ocrx_word' id='word_1_842' title='bbox 3197 5349 3356 5419; x_wconf 77' lang='lat' dir='ltr'><strong>Nam,</strong></span> <span class='ocrx_word' id='word_1_843' title='bbox 3386 5355 3515 5424; x_wconf 87' lang='lat' dir='ltr'><strong>quia</strong></span> <span class='ocrx_word' id='word_1_844' title='bbox 3545 5354 3713 5412; x_wconf 89' lang='lat' dir='ltr'><strong>Pater</strong></span> <span class='ocrx_word' id='word_1_845' title='bbox 3741 5362 3897 5415; x_wconf 83' lang='lat' dir='ltr'><strong>solus</strong></span> 
     </span>
    </p>
   </div>
   <div class='ocr_carea' id='block_1_111' title="bbox 2264 5432 3895 5513">
    <p class='ocr_par' dir='ltr' id='par_1_111' title="bbox 2264 5432 3895 5513">
     <span class='ocr_line' id='line_1_111' title="bbox 2264 5432 3895 5513; baseline 0.009 -24"><span class='ocrx_word' id='word_1_846' title='bbox 2264 5484 2271 5489; x_wconf 84' lang='lat'><strong>.</strong></span> <span class='ocrx_word' id='word_1_847' title='bbox 2327 5432 2641 5506; x_wconf 65' lang='grc' dir='ltr'><strong>ἀγένητος,</strong></span> <span class='ocrx_word' id='word_1_848' title='bbox 2689 5439 2804 5494; x_wconf 88' lang='lat' dir='ltr'><strong>sive</strong></span> <span class='ocrx_word' id='word_1_849' title='bbox 2838 5456 2949 5495; x_wconf 72' lang='lat' dir='ltr'><strong>non</strong></span> <span class='ocrx_word' id='word_1_850' title='bbox 2974 5444 3200 5513; x_wconf 79' lang='lat' dir='ltr'><strong>genitus,</strong></span> <span class='ocrx_word' id='word_1_851' title='bbox 3231 5454 3338 5510; x_wconf 86' lang='lat' dir='ltr'><strong>est,</strong></span> <span class='ocrx_word' id='word_1_852' title='bbox 3388 5446 3682 5505; x_wconf 73' lang='lat' dir='ltr'><strong>fatentibus</strong></span> <span class='ocrx_word' id='word_1_853' title='bbox 3723 5453 3895 5505; x_wconf 83' lang='lat' dir='ltr'><strong>etiam</strong></span> 
     </span>
    </p>
   </div>
   <div class='ocr_carea' id='block_1_112' title="bbox 2325 5523 3899 5613">
    <p class='ocr_par' dir='ltr' id='par_1_112' title="bbox 2325 5523 3899 5613">
     <span class='ocr_line' id='line_1_112' title="bbox 2325 5523 3899 5613; baseline 0.011 -34"><span class='ocrx_word' id='word_1_854' title='bbox 2325 5523 2656 5595; x_wconf 80' lang='lat' dir='ltr'><strong>Catholicia;</strong></span> <span class='ocrx_word' id='word_1_855' title='bbox 2698 5529 2779 5585; x_wconf 82' lang='lat' dir='ltr'><strong>illi</strong></span> <span class='ocrx_word' id='word_1_856' title='bbox 2816 5546 2951 5590; x_wconf 84' lang='lat' dir='ltr'><strong>voce</strong></span> <span class='ocrx_word' id='word_1_857' title='bbox 2974 5536 3267 5610; x_wconf 63' lang='grc' dir='ltr'><strong>ἀγένητος</strong></span> <span class='ocrx_word' id='word_1_858' title='bbox 3301 5546 3358 5594; x_wconf 87' lang='lat' dir='ltr'><strong>et</strong></span> <span class='ocrx_word' id='word_1_859' title='bbox 3397 5539 3659 5613; x_wconf 76' lang='grc' dir='ltr'><strong>ἀγένητος</strong></span> <span class='ocrx_word' id='word_1_860' title='bbox 3688 5541 3899 5612; x_wconf 83' lang='lat' dir='ltr'><strong>promi-</strong></span> 
     </span>
    </p>
   </div>
   <div class='ocr_carea' id='block_1_113' title="bbox 2325 5627 2554 5676">
    <p class='ocr_par' dir='ltr' id='par_1_113' title="bbox 2325 5627 2554 5676">
     <span class='ocr_line' id='line_1_113' title="bbox 2325 5627 2554 5676; baseline 0.017 -4"><span class='ocrx_word' id='word_1_861' title='bbox 2325 5627 2554 5676; x_wconf 82' lang='lat' dir='ltr'><strong>scueet</strong></span> 
     </span>
    </p>
   </div>
  </div>
