4044 6324
163 397 310 455 1289

1425 401 1769 458 MARCELLI
1808 402 2179 460 ANCYRANI.

3266 416 3406 475 i290

161 530 265 569 τον
306 513 422 569 sive
453 531 559 570 non
589 515 816 584 factum,
850 522 1014 585 atque
1053 513 1192 571 adeo
1232 512 1433 571 factum
1465 529 1517 572 et
1547 517 1739 573 condi-
1766 522 1814 579 Α
1842 518 1931 574 ille
1962 535 1991 575 a
2016 519 2287 576 catholica
2312 519 2563 590 doctrina
2594 520 2932 591 deﬂectebat,
2968 530 3029 579 ut
3053 526 3407 595 conspicuum

164 610 287 661 tum
327 606 499 665 fuisse
543 606 819 662 dicebant.
866 605 1068 661 Eadem
1122 622 1251 662 vero
1299 610 1510 667 ratione
1560 612 1737 681 potuit

163 695 442 755 Eusebius
485 696 742 754 Marcello
772 697 843 752 de
891 695 1030 751 Filio
1058 692 1327 767 loquenti
1359 716 1544 757 vocem
1574 702 1737 771 ἀγέν-

160 806 351 861 νητον,
394 790 510 846 sive
557 790 922 860 non-genitum
960 787 1252 859 aﬂingere;
1304 792 1397 863 qui
1452 794 1736 866 ἀγένητον,

161 882 287 939 sive
318 882 651 953 non-factum
693 882 941 939 dixisset.
986 883 1051 939 Et
1081 899 1214 941 sane
1241 885 1337 955 qui
1365 900 1491 941 rere
1520 885 1735 941 Patrem

159 979 226 1028 et
265 972 461 1028 Filium
492 974 549 1027 in
577 971 848 1029 Trinitate
893 972 1154 1039 admittit,
1186 982 1247 1030 ut
1300 974 1609 1042 Marcellus,
1640 992 1736 1048 ge-

158 1066 505 1119 nerationem
534 1063 785 1120 admittat
810 1081 1033 1122 necesse
1072 1076 1186 1133 est;
1233 1082 1407 1139 neque
1441 1076 1617 1139 potest
1650 1067 1735 1121 di-

156 1169 293 1211 cere
318 1153 358 1207 Ρ
361 1155 512 1210 ilium
544 1168 667 1213 esse
694 1157 985 1231 ἀγέννητον
1018 1162 1131 1217 sive
1160 1162 1546 1231 non-genitum.

158 1262 249 1314 IV.
272 1264 370 1343 (Eur
405 1266 537 1343 dicat
565 1266 779 1343 Yet-bum
820 1275 930 1343 post
969 1273 1351 1343 incarnationem
1399 1250 1587 1343 teritum
1624 1285 1736 1323 esse

287 1327 550 1389 imaginem
575 1330 669 1379 Dei
693 1337 748 1379 et
777 1327 1154 1397 primogenitum
1177 1333 1337 1383 omnis
1356 1339 1612 1384 creaturae.

233 1427 437 1499 Adjicit
498 1430 769 1491 Eusebius
828 1436 1035 1493 dixisse
1086 1437 1433 1503 Marcellum,
1496 1437 1735 1495 Verbum

157 1527 299 1575 tunc
324 1523 499 1576 solum
536 1524 827 1596 imaginem
857 1526 951 1583 Dei
985 1529 1278 1587 invisibilis
1306 1541 1361 1587 et
1405 1532 1735 1603 primogeni-

155 1618 283 1668 tum
330 1615 507 1671 omnis
551 1630 819 1675 creatura:
854 1618 1061 1676 factum
1116 1622 1309 1688 fuisse,
1346 1639 1470 1679 cum
1515 1640 1734 1680 carnem

155 1707 482 1777 assumpsit.
499 1705 627 1763 Haec
656 1725 785 1765 vero
808 1710 1011 1765 diserte
1030 1710 1194 1767 habet
1215 1711 1501 1768 Marcellus
1518 1713 1594 1785 (p.
1610 1714 1732 1782 πως

156 1794 493 1868 Consequens
538 1815 651 1854 esse
698 1800 931 1855 arbitror
970 1804 1153 1872 paucis
1188 1806 1252 1856 de
1302 1804 1529 1874 imagine
1577 1807 1739 1859 disse-

154 1902 313 1951 rere;
350 1891 562 1958 scripsit
593 1894 733 1946 enim
781 1890 1071 1965 [Asterius]
1100 1894 1293 1949 :Alius
1340 1906 1517 1951 autem
1558 1906 1635 1951 est
1671 1913 1735 1951 ex

156 1980 281 2048 ipso
309 1984 535 2052 genitus,
565 1985 655 2053 qui
680 1992 761 2038 est
799 1986 969 2056 imago
1004 1985 1101 2040 Dei
1130 1986 1426 2041 invisibilis.
1454 1988 1583 2043 Ideo
1608 1990 1739 2043 ima-

156 2072 303 2140 ginis
349 2072 448 2127 Dei
495 2075 773 2130 invisibilis
818 2078 1053 2131 meminit
1101 2078 1377 2146 Asterius,
1426 2091 1484 2133 ut
1526 2082 1733 2145 doceat,

154 2160 334 2214 Deum
385 2178 418 2216 a
467 2162 637 2219 Verbo
694 2176 898 2220 tantum
947 2168 1199 2237 differre,
1255 2180 1512 2239 quantum
1556 2172 1735 2242 differt

155 2253 320 2307 homo
343 2254 407 2307 ab
430 2256 783 2327 imaginesua.
809 2258 875 2313 Et
896 2262 1175 2317 nonnullis
1198 2263 1504 2333 intcrjectis
1539 2266 1725 2322 addit:

153 2342 359 2398 Palam
385 2346 548 2416 igitur
572 2360 673 2414 est,
704 2349 949 2417 Verbum,
972 2363 1252 2423 antequam
1282 2372 1468 2426 corpus
1495 2368 1731 2413 nostrum

152 2436 552 2504 assumpsisset,
582 2452 673 2506 per
695 2456 750 2493 se
774 2456 876 2494 non
902 2444 1166 2498 exstitisse
1181 2446 1463 2515 imaginem
1494 2449 1733 2503 invisibi-

152 2526 233 2579 lis
260 2524 377 2580 Dei.
408 2526 545 2592 Quia
572 2528 738 2599 igitur
764 2532 952 2587 Ariani
990 2535 1095 2590 hoc
1122 2533 1423 2606 Scripturze
1453 2539 1595 2607 loco,
1629 2540 1729 2595 Est

146 2618 333 2688 imago
374 2616 473 2673 Dei
502 2620 812 2687 invisibilis,
858 2625 927 2679 ad
969 2640 1124 2681 suam
1171 2629 1455 2684 tutandam
1496 2631 1725 2687 haeresin

148 2708 551 2777 abutebantur;
598 2712 886 2772 Marcellus
912 2726 1066 2774 ratus
1088 2719 1378 2791 imaginem
1408 2722 1502 2777 Dei
1537 2724 1728 2780 invisi-

144 2797 305 2863 bilis,
354 2802 620 2859 visibilem
666 2821 809 2873 esse,
836 2824 941 2863 nec
970 2825 1084 2866 rem
1124 2810 1446 2868 invisibilem
1478 2814 1729 2886 imaginis

145 2890 425 2947 rationem
461 2895 727 2959 obtinere,
759 2899 907 2955 hunc
939 2900 1118 2955 locum
1162 2902 1230 2957 de
1282 2902 1501 2959 Christo
1544 2908 1727 2962 incar-

144 2989 291 3035 nato
336 2989 392 3038 et
424 2985 623 3039 visibili
674 2986 909 3057 proferri
952 3000 1177 3060 pugnat,
1211 2999 1272 3046 ut
1325 2992 1521 3049 Asterii
1565 3011 1729 3067 argu-

144 3081 345 3128 mento
376 3075 627 3132 obsistat.
657 3076 775 3133 Etsi
804 3093 934 3134 vero
965 3080 1056 3135 hic
1083 3079 1381 3153 Scriptura:
1411 3085 1564 3141 locus
1587 3103 1721 3143 con-

146 3168 447 3238 gruentius
490 3170 661 3240 possit
688 3171 758 3226 ad
803 3173 1196 3243 argutationem
1230 3174 1557 3231 Arianorum
1592 3194 1723 3233 con-

146 3258 437 3315 futandam
487 3262 781 3331 explicari,
836 3278 903 3319 eo
950 3273 1131 3319 tamen
1166 3268 1385 3323 nomine
1435 3268 1722 3329 Marcellus
1750 3258 1793 3284 ι’

146 3364 269 3405 non
297 3352 499 3408 erroris
525 3355 873 3410 accusandus
918 3363 1021 3418 est,
1052 3356 1180 3429 dum
1211 3375 1278 3414 ne
1308 3360 1723 3420 similitudinem
1777 3385 1789 3392 ·

146 3456 285 3496 cum
329 3440 500 3498 Patre
538 3446 851 3510 sustulerit;
895 3448 1038 3516 quod
1088 3464 1156 3503 ne
1204 3452 1501 3509 credideris
1553 3456 1727 3509 admi-

150 3532 301 3589 uisse
336 3552 349 3587 :
383 3550 540 3590 nemo
584 3537 729 3590 enim
780 3534 1019 3609 iniquam
1058 3538 1368 3597 Marcellum
1403 3546 1543 3599 inter
1574 3547 1723 3602 Ano-

148 3639 334 3681 mmos
366 3630 720 3697 computavit.
752 3628 885 3695 Qua:
914 3646 1043 3685 vero
1076 3632 1237 3689 fuerit
1268 3650 1332 3690 ea
1378 3636 1437 3691 in
1473 3652 1531 3692 re
1563 3639 1722 3708 plana

146 3726 212 3771 et
263 3719 547 3788 perspicua
602 3720 838 3776 Marcelli
886 3725 1190 3791 sententia,
1244 3743 1309 3781 ex
1364 3730 1556 3797 paucis
1604 3747 1724 3801 quae

147 3819 450 3879 supersunt
472 3814 767 3882 excerptis,
793 3816 1063 3885 expiscari
1095 3832 1204 3872 non
1242 3828 1536 3886 possumus
1563 3841 1574 3875 :
1598 3840 1723 3878 nam

149 3900 451 3957 verisimile
487 3913 573 3957 est
612 3901 907 3958 Eusebium
939 3907 1111 3960 multa
1148 3910 1399 3963 consulto
1430 3914 1670 3969 tacuisse
1706 3934 1719 3969 :

148 4000 369 4046 certum
409 3994 538 4049 item
581 3999 1081 4061 est,.narrantihus
1114 4002 1339 4071 synodis
1384 4001 1633 4059 Romana
1669 4014 1724 4063 ct

148 4082 493 4148 Sardicensi,
526 4086 645 4143 loca
680 4087 973 4144 Eusebium
1009 4092 1237 4147 subdole
1264 4092 1644 4162 detruncasse,
1672 4106 1727 4153 ct

148 4177 378 4231 mutilas
404 4181 704 4236 sententias
729 4182 942 4234 attulis:
1034 4193 1090 4235 ut
1127 4184 1338 4240 facilius
1377 4197 1562 4255 posset
1586 4188 1725 4243 Mar-

148 4267 299 4323 cello
331 4267 446 4323 haec
476 4280 530 4325 et
549 4270 637 4323 illa
669 4286 768 4341 pro
801 4271 1022 4327 libidine.
1062 4275 1193 4330 vitio
1222 4284 1454 4331 vertere.
1491 4277 1726 4334 Pariter-

148 4374 267 4431 que
314 4359 368 4413 in
418 4361 871 4431 interpretatione
918 4363 1049 4418 dicti
1097 4366 1283 4432 illius,
1333 4366 1724 4439 Primogenitus

146 4452 327 4506 cuiuis
358 4460 610 4506 creaturae
635 4453 676 4515 ³,
710 4454 1133 4510 ηἱιιίιιιωτεςεος,
1150 4456 1544 4526 deprehendas.
1580 4460 1727 4525 Quo-

1836 617 1940 664 εει.

1836 731 1895 782 ν.
1916 732 1972 782 in
1990 732 2116 785 libro
2139 735 2356 787 Marcelli
2380 738 2501 787 nihil
2526 744 2696 801 aperte
2721 751 2981 790 erroneum
3016 742 3167 793 fuisse
3190 742 3404 796 videtur.

1908 834 1986 891 Ex
2016 837 2104 893 his
2135 854 2301 908 porro
2323 840 2529 911 liqueat
2560 841 2614 895 in
2642 841 2876 897 Marcelli
2908 854 3101 899 contra
3129 847 3406 903 Asterium

1836 928 1978 984 libro
2003 931 2137 985 nihil
2172 934 2379 988 erroris
2435 944 2530 987 aut
2567 933 2836 988 haeretica:
2866 938 3169 1000 sententiae,
3218 948 3408 1009 aperte

1836 1020 2027 1075 saltem
2082 1022 2482 1092 deprehensum
2518 1023 2690 1079 fuisse
2722 1024 2735 1079 ἑ
2773 1040 2899 1080 nam
2960 1043 3083 1097 qua:
3134 1027 3405 1085 Eusebius

1837 1110 2014 1175 aﬂ‘ert,
2044 1112 2113 1167 ad
2155 1129 2342 1168 sanam
2378 1116 2683 1171 doctrinam
2731 1118 2917 1173 reduci
2956 1118 3112 1174 facile
3150 1128 3403 1190 possunt.

1834 1200 2041 1266 Quodsi
2092 1203 2224 1273 quid
2274 1206 2500 1262 ulterius
2560 1214 2753 1276 prater
2830 1215 3035 1263 rectam
3093 1212 3406 1281 opinionem

1835 1292 2064 1348 dixisset
2112 1294 2435 1362 Marcellus,
2487 1296 2543 1350 id
2592 1312 2725 1352 sane
2775 1315 2883 1353 non
2934 1305 3407 1372 praetermissurus

1836 1397 1953 1440 erat
1985 1386 2275 1454 Eusebius,
2310 1392 2403 1460 qui
2432 1392 2487 1445 in
2512 1390 2824 1447 Marcellum
2873 1405 3181 1455 commotus
3202 1406 3257 1455 et
3291 1402 3409 1455 nul-

1836 1477 1943 1531 lam
1973 1494 2084 1533 non
2117 1487 2358 1536 sectatus
2390 1482 2619 1537 laedendi
2653 1484 2816 1547 riam,
2842 1500 2952 1540 non
2988 1488 3165 1542 solum
3196 1504 3261 1544 ea
3285 1507 3408 1562 quae

1836 1582 1961 1621 cum
1994 1570 2180 1624 colore
2212 1571 2404 1626 saltem
2432 1572 2618 1642 aliquo
2657 1572 2805 1642 carpi
2833 1577 2888 1627 et
2915 1575 3238 1643 reprehendi
3273 1593 3404 1648 pos-

1838 1665 1986 1724 sunt,
2018 1658 2116 1713 sed
2160 1660 2323 1714 etiam
2358 1676 2421 1713 ea
2456 1676 2576 1731 quae
2626 1676 2758 1717 sana
2803 1669 2858 1717 et
2907 1667 3208 1721 orthodoxa
3250 1678 3403 1734 sunt,

1837 1751 2075 1821 exagitat
2106 1758 2161 1806 et
2194 1752 2488 1821 impietatis
2508 1762 2752 1809 accusat.
2781 1755 2916 1811 Cum
2944 1767 3125 1813 autem
3161 1761 3407 1831 synodus

1837 1842 2081 1897 Romana
2115 1844 2219 1899 sub
2256 1843 2400 1899 Julio
2440 1861 2586 1901 anno
2615 1846 2740 1912 542,
2783 1855 2839 1904 et
2874 1848 3219 1913 Sardicensis
3260 1868 3407 1909 anno

1838 1934 1962 2000 547,
2024 1935 2223 1989 librum
2277 1935 2549 2005 Marcelli,
2605 1939 2930 1997 examinatis
2990 1953 3044 1998 et
3088 1945 3407 2006 ponderatis

1836 2026 2147 2089 sententiis,
2173 2043 2358 2083 errore
2378 2044 2613 2085 vacuum
2643 2032 3063 2097 declaraverint,
3090 2052 3199 2090 non
3226 2044 3407 2107 potest

1836 2120 1894 2172 in
1928 2118 2169 2174 Marcelli
2220 2121 2418 2176 librum
2472 2126 2742 2179 sententia
2778 2128 2905 2181 dici.
2945 2127 3145 2183 Verum
3187 2130 3407 2185 aliunde

1835 2219 1985 2265 tanta
2008 2218 2092 2266 est
2115 2212 2359 2268 virorum
2384 2215 2703 2286 insignium,
2729 2218 2823 2287 qui
2848 2219 3135 2275 adversum
3160 2228 3406 2288 tuentur,

1835 2302 2155 2367 auctoritas,
2176 2311 2235 2356 ut
2255 2305 2347 2359 vix
2369 2320 2636 2361 excusare
2660 2307 2974 2365 Marcellum
3005 2312 3184 2366 liceat.
3210 2312 3410 2379 Quam-

1832 2391 2019 2451 obrem
2050 2394 2330 2461 existimo,
2364 2412 2475 2451 rem
2509 2399 2582 2452 ita
2615 2408 2949 2470 temperasse
2979 2402 3316 2467 Marcellum,
3347 2412 3407 2458 ut

1832 2481 1879 2535 si
1906 2481 2035 2550 quid
2075 2499 2257 2553 prava:
2288 2488 2563 2557 Opinionis
2593 2491 2647 2545 in
2688 2492 2827 2546 libro
2860 2509 2961 2549 suo
2995 2493 3313 2558 inseruerit,
3348 2496 3403 2552 id

1828 2573 2120 2627 verborum
2160 2577 2482 2648 ambagibus
2524 2588 2578 2633 et
2618 2582 3032 2639 circuitionibus
3070 2585 3401 2650 involutum,

1830 2662 1988 2719 facile
2036 2668 2277 2735 potuerit
2331 2670 2389 2722 in
2446 2671 2645 2725 bonam
2696 2685 2903 2743 partem
2962 2674 3213 2744 deﬂecti;
3276 2692 3403 2731 cum

1828 2762 2010 2809 autem
2061 2757 2153 2811 ille
2211 2758 2268 2811 in
2320 2758 2687 2817 familiaribus
2737 2765 3026 2833 colloquiis
3061 2766 3128 2820 ad
3180 2782 3403 2836 pravam

1830 2848 2163 2900 sententiam
2199 2847 2350 2902 dicta
2397 2865 2498 2906 sua
2532 2853 2816 2918 derivarit,
2851 2854 2981 2910 hinc
3010 2857 3068 2911 in
3106 2858 3401 2912 multorum

1827 2935 2187 2991 oﬂ‘ensionem
2213 2939 2543 3005 incurrisse,
2574 2953 2635 2997 ut
2664 2944 2805 2998 infra
2844 2945 3063 3004 dicitur.

2442 3052 2673 3108 CAPUT
2713 3055 2805 3110 ιν.

1826 3176 1935 3216 Νυιι
1974 3180 2289 3221 ΜΑκεειιυε
2327 3182 2578 3223 ERRUREH
2616 3186 2683 3223 DE
2726 3188 2897 3227 VERBO
2934 3191 3007 3229 ΕΤ
3044 3192 3187 3231 FILIO
3227 3193 3313 3231 DEI
3353 3194 3405 3232 IN

1916 3249 2157 3291 DECURSU
2191 3252 2333 3290 VH‘E
2374 3253 2509 3293 VOCE
2549 3255 2649 3292 νει
2691 3256 2914 3298 SCRIPTO
2953 3261 3303 3304 TRADIDERlT.

1828 3345 1866 3398 ι.
1906 3344 2235 3430 Marcellum-
2253 3346 2467 3430 Pltotini
2484 3349 2734 3430 discipuli
2759 3353 2971 3430 [Heresis
2990 3358 3043 3411 in
3058 3364 3404 3430 suspicionem

1897 3415 2253 3501 adduxit."|.l.
2294 3419 2370 3501 Δ1η
2429 3415 2706 3501 colloquiis
2752 3424 2860 3491 ipse
2896 3443 3098 3482 errores
3148 3415 3407 3501 ipsisin}

1894 3496 2133 3564 putatur.
2161 3487 2250 3564 Ill.
2274 3487 2599 3564 Athanasius
2630 3510 2745 3564 eum
2768 3487 2864 3560 pro
2888 3511 3147 3564 suspecto,
3169 3487 3406 3561 Basilidis

1894 3558 2275 3630 pro_l_ta'retico
2294 3560 2496 3615 habuit.
2530 3560 2617 3616 IV.
2639 3558 2925 3619 Marcellus
2962 3558 3014 3620 et
3064 3558 3406 3630 Marcelliani

1894 3628 1947 3679 in
1975 3626 2098 3694 [idei
2125 3631 2540 3697 professionibus
2586 3633 2839 3688 catltolice
2886 3639 3190 3706 loquuntur.

1824 3735 1865 3785 Ι.
1912 3736 2195 3785 Marcellum
2238 3738 2435 3788 Pbotini
2474 3741 2704 3853 difﬁipu‘l:
2742 3744 2945 3795 haeresis
2980 3749 3033 3795 in
3076 3754 3406 3812 suspicionem

2498 3817 2525 3850 a
2596 3818 2656 3852 ux
2706 3842 2719 3853 .

2498 3817 2719 3853 ειααυχιῑ.

1898 3900 2187 3957 Marcellus
2245 3904 2581 3974 synodorum
2643 3905 2903 3965 Romana:
2960 3923 3014 3967 et
3064 3914 3407 3977 Sardicensis

1823 3990 2035 4061 judicio
2061 3992 2368 4058 absolutus,
2402 4002 2465 4049 ut
2494 3995 2702 4052 dictum
2737 4007 2842 4064 est,
2868 3988 3405 4077 utcunque.sarcito,

1829 4084 1973 4152 quod
2010 4084 2065 4137 in
2107 4084 2253 4138 fama
2300 4086 2519 4151 tulerat,
2550 4087 2895 4157 detrimento,
2928 4093 3040 4163 jam
3094 4100 3406 4168 suspicione

1828 4173 1968 4227 liber
2006 4184 2059 4228 et
2109 4190 2318 4230 vacmls
2354 4177 2654 4233 videbatur.
2708 4178 2907 4237 Verum
2935 4200 3037 4239 nec
3061 4187 3153 4242 diu
3193 4198 3405 4259 postea,

1830 4266 1986 4319 novis
2008 4267 2168 4319 etiam
2196 4266 2606 4324 Catholicorum
2656 4275 3101 4333 accusationibus
3129 4280 3406 4352 impetitus

1830 4366 1934 4412 est.
1966 4357 2196 4413 Occasio
2229 4358 2333 4413 fuit
2376 4370 2567 4416 exorta
2611 4361 2832 4419 Pliotini
2875 4368 3100 4425 haeresis
3130 4390 3139 4423 :
3174 4373 3221 4427 is
3259 4375 3406 4430 enim

1834 4448 1937 4502 sub
1994 4449 2234 4505 Marcelli
2287 4452 2575 4521 disciplina
2628 4455 2952 4525 institutus,
3003 4476 3067 4514 ac
3108 4462 3303 4519 deinde
3350 4466 3407 4521 in

150 4544 325 4607 circa,
354 4542 567 4609 sicine,
606 4548 999 4600 sanctissimum
1048 4547 1191 4600 istud
1233 4547 1455 4602 Verbum
1496 4567 1599 4603 non
1639 4551 1725 4605 di-

1838 4540 2188 4599 Sirmienscm
2244 4546 2559 4615 episcopum
2616 4549 2883 4617 adiectus,
2934 4569 3093 4623 quem
3145 4558 3409 4627 magistro

147 4636 372 4691 cebatur
433 4646 553 4689 ante
620 4638 1072 4703 incarnationem,
1119 4640 1495 4709 primogenitus
1558 4644 1726 4697 omnis

148 4738 436 4783 enatura.
462 4726 880 4797 Numquomodo
904 4732 1021 4799 ﬁeri
1041 4740 1264 4799 poterat,
1299 4741 1351 4783 ut
1383 4732 1450 4794 is,
1479 4733 1568 4800 qui
1593 4750 1724 4786 sent-

148 4834 249 4886 ρετ
295 4830 441 4883 erat,
480 4818 881 4889 alicujusesset
925 4822 1302 4891 primogenitus
1332 4824 1357 4875 Ζ)
1393 4822 1481 4875 sed
1526 4826 1726 4891 primus

147 4910 251 4963 ille
275 4926 435 4963 novus
463 4909 637 4971 homo,
678 4910 727 4962 in
757 4926 911 4980 quem
936 4918 1114 4965 omnia
1141 4914 1344 4965 volebat
1367 4913 1504 4967 Deus
1531 4915 1730 4967 instau-

152 5016 302 5063 rare,
334 5018 499 5055 sacrae
532 5000 824 5069 Scriptura:
849 4992 1252 5071 primogenitum
1282 5006 1452 5058 (manis
1475 5015 1730 5059 creatura:

156 5093 445 5160 appellant.
485 5091 747 5145 Nimirum
784 5093 968 5146 Ariani
1007 5095 1108 5148 hoc
1156 5094 1382 5159 dictum,
1422 5098 1733 5187 priiiiogeizi-

158 5194 272 5237 tum
316 5184 482 5237 clunis
524 5194 800 5247 creaturis,
832 5184 898 5237 ad
941 5201 1098 5239 suum
1131 5187 1196 5241 de
1234 5186 1409 5241 Verbo
1448 5187 1541 5243 Dei
1574 5184 1735 5242 tuen-

152 5275 289 5329 dum
344 5290 584 5329 errorem
632 5276 965 5343 usurpabant
1003 5296 1016 5330 ε
1051 5293 1115 5331 eo
1163 5280 1306 5331 enim
1356 5288 1733 5347 processerant

156 5364 454 5433 impietatis
490 5376 549 5416 ut
580 5366 845 5425 dicerent,
880 5361 1123 5418 Verbum
1159 5363 1253 5418 Dei
1287 5366 1432 5420 inter
1464 5382 1549 5420 res
1578 5383 1730 5422 crea-

156 5464 243 5511 tas
290 5456 525 5527 primum
570 5471 711 5511 esse.
766 5454 948 5521 Quare
1007 5454 1298 5511 Marcellus
1350 5460 1403 5511 in
1457 5458 1730 5515 hominem

156 5549 440 5604 Christum
468 5548 601 5601 dicti
627 5550 792 5614 huius
822 5549 1327 5616 interpretationem
1362 5550 1643 5605 derivahat
1676 5564 1730 5606 ut

156 5639 356 5697 Asterii
404 5648 789 5710 argumentum
838 5640 1173 5709 depelleret:
1216 5657 1322 5711 qua
1382 5643 1436 5696 in
1488 5659 1545 5699 re
1597 5646 1730 5699 nihil

228 5797 250 5829 ³
288 5796 508 5851 εηίοςς.
537 5811 574 5855 ι,
612 5795 692 5845 l5.

480 5889 753 5947 Parant.
788 5887 903 5948 Gn.
942 5889 1166 5949 XVIII.

1836 4649 1937 4687 suo
2013 4637 2347 4705 ascripserat
2395 4637 2666 4694 Eusebius
2720 4658 2957 4698 errorem
2997 4646 3104 4700 late
3152 4662 3410 4719 spargere

1835 4727 2021 4795 coepit,
2048 4726 2324 4781 Christum
2357 4744 2465 4783 non
2510 4738 2635 4785 ante
2668 4741 2845 4787 ortum
2892 4752 2956 4790 ex
2990 4736 3158 4791 Maria
3188 4738 3410 4810 Virgine

1839 4816 2035 4870 Filium
2071 4816 2166 4872 Dei
2214 4818 2384 4873 fuisse
2422 4821 2723 4877 dictitans:
2759 4840 2929 4893 quare
2982 4827 3073 4882 ille
3120 4829 3309 4884 multis
3354 4847 3407 4884 ill

1840 4908 2063 4975 synodis
2086 4908 2377 4964 danmatus
2405 4910 2799 4984 abdicatusque
2826 4924 2910 4970 est
2937 4934 2949 4969 :
2988 4915 3056 4969 Et
3086 4917 3181 4973 hoc
3214 4936 3407 4989 ipsum,

1840 4999 2013 5067 inquit
2046 4998 2320 5069 Sulpicius
2350 5002 2605 5069 Severus,
2642 5004 2955 5061 Marcellum
2982 5011 3256 5080 gravabat,
3284 5016 3409 5083 quia

1842 5090 2098 5145 Photinus
2129 5092 2343 5146 auditor
2376 5095 2488 5162 eius
2514 5096 2681 5163 fuisse
2709 5099 2762 5151 in
2798 5096 3153 5155 adolescentia
3201 5103 3407 5157 videba-

1840 5193 1943 5235 tur.
1978 5181 2244 5238 llaustum
2278 5199 2308 5238 a
2341 5183 2575 5240 Photino
2604 5202 2669 5241 ex
2696 5186 2931 5243 Marcelli
2972 5192 3286 5261 magisterio
3308 5208 3411 5247 (δι-υ-

1840 5288 2017 5327 rorem
2063 5274 2434 5343 opinabantur
2482 5278 2683 5331 multi:
2724 5294 2846 5334 cum
2894 5283 3149 5344 maxime,
3185 5283 3309 5337 licet
3352 5283 3409 5336 in

1839 5380 1938 5419 suo
1971 5365 2233 5420 adversus
2268 5367 2544 5422 Asterium
2579 5369 2716 5423 libro
2746 5369 3013 5439 ejusmodi
3059 5373 3196 5427 nihil
3226 5381 3411 5441 aperti;

1838 5458 2217 5529 profiteretur;
2250 5459 2431 5528 aliqua
2475 5468 2656 5515 tamen
2701 5469 2907 5523 essent,
2936 5477 3058 5530 quze
3094 5464 3411 5518 viderentur

1839 5568 1959 5606 eam
2000 5555 2057 5605 in
2088 5560 2300 5623 partem
2338 5552 2695 5622 propendere.
2732 5550 3046 5621 lrnportune
3090 5556 3255 5624 igitur
3290 5568 3411 5606 ma-

1837 5646 2011 5717 gistro
2052 5644 2275 5709 accidit,
2327 5653 2384 5697 ut
2426 5659 2592 5712 quam
2642 5645 2729 5699 ille
2776 5644 3084 5699 doctrinam
3128 5646 3412 5701 tradidisse

3063 5892 3135 5953 Μ.
