4044 6324
697 361 821 416 1291

1927 369 2017 428 DE
2044 366 2208 426 VITA
2247 368 2334 426 ET
2376 371 2691 430 SCRIPTIS

3796 390 3916 445 {292

690 487 983 534 accusatus
1027 480 1227 544 fuerat,
1259 480 1503 535 eamdem
1535 479 1838 552 discipulus
1881 484 2059 553 palam
2090 484 2262 538 disse-
2295 489 2339 545 Α
2367 481 2483 538 Non
2522 486 2688 540 alium
2724 502 2854 544 sane
2898 489 3098 547 librum
3144 493 3363 550 videtur
3395 509 3623 566 carpere
3656 499 3911 557 Basilius:

690 571 942 624 minaret.
1012 570 1146 624 Iliuc
1195 571 1380 624 multis
1440 581 1729 640 suspectus
1795 573 2080 628 Marcellus
2141 590 2262 630 esse

689 661 880 729 coepit,
912 661 1054 730 quod
1088 669 1345 730 putarent
1375 659 1669 715 Photinum
1695 677 1881 718 eorum
1911 663 2260 734 interpretem

685 765 866 821 agere,
918 767 1038 821 qua:
1089 752 1377 807 Marcellus
1427 753 1619 807 doctor
1667 754 1893 808 obscure
1939 761 1990 807 et
2036 755 2261 812 subdole

683 845 1024 914 scripsisset.

919 956 980 1005 ll.
1007 955 1061 1005 ιιι
1083 957 1338 1018 colloquiis
1361 970 1556 1005 errores
1575 958 1809 1019 sparsisse
1829 963 2041 1019 putatur.

752 1059 870 1112 Alia
906 1059 1036 1114 item
1061 1061 1350 1116 intervenit
1370 1059 1684 1129 suspicandi
1702 1061 1948 1126 occasio;
1970 1060 2255 1116 Marcellus

683 1151 831 1206 enim
853 1169 984 1205 nova
1005 1152 1246 1221 quadarn
1271 1155 1506 1214 miscere,
1530 1165 1578 1207 et
1595 1153 1850 1222 ambiguis
1867 1154 2255 1220 pra-dicationi-

682 1242 799 1305 bus,
846 1241 958 1309 ejus
999 1243 1050 1294 in
1084 1259 1240 1312 quam
1288 1242 1546 1296 Photinus
1582 1246 1775 1311 erupit,
1805 1243 2060 1297 doctrinm
2114 1247 2250 1298 viam

687 1350 911 1404 jua’rere
939 1334 1286 1396 deprehensus
1331 1347 1406 1388 est
1437 1337 1534 1404 (ll.
1571 1334 1744 1390 Homo
1769 1338 1968 1406 quippe
2000 1337 2250 1406 garrulus

679 1433 734 1477 et
765 1407 1209 1494 loquacissimus,
1261 1432 1322 1478 ut
1379 1425 1539 1478 habet
1601 1425 1888 1489 Eusebius,
1926 1435 1979 1479 et
2029 1442 2092 1479 ex
2130 1425 2249 1495 ejus

675 1531 798 1585 qua:
828 1523 1124 1585 supersunt
1154 1514 1471 1584 fragmentis
1517 1514 1702 1569 videre
1730 1529 1834 1579 est,
1871 1515 1998 1568 dum
2031 1517 2083 1570 in
2121 1531 2250 1586 quo-

675 1607 897 1660 tidianis
955 1606 1385 1661 fabulationibus
1433 1615 1486 1660 et
1529 1608 1837 1675 colloquiis,
1863 1608 2151 1662 obscurius
2191 1609 2244 1660 in

673 1698 855 1752 libello
886 1699 1087 1751 tradita
1119 1699 1461 1767 explanarct,
1489 1700 1555 1752 ad
1581 1715 1699 1753 eam
1733 1716 1894 1769 quam
1942 1702 1992 1753 in
2027 1699 2244 1770 synodis

671 1789 916 1842 Romana
947 1799 1000 1842 et
1037 1787 1360 1844 Sardicensi
1383 1791 1786 1858 repudiaverat,
1817 1790 2126 1859 Opinionem
2158 1806 2245 1844 rc-

666 1880 851 1933 cidere
880 1879 1017 1933 forte
1033 1880 1490 1948 comperiebatur.
1527 1879 1664 1934 llinc
1697 1881 1822 1942 late,
1855 1896 1946 1951 per
1966 1879 2239 1935 Orientem

666 1972 923 2036 maxime,
969 1987 1196 2041 sparsus
1248 1987 1437 2025 rumor
1473 1971 1786 2025 Marcellum
1821 1974 1981 2041 impie
2013 1972 2078 2025 de
2106 1971 2241 2027 Filio

664 2063 757 2118 Dei
785 2066 1006 2125 sentire,
1035 2063 1333 2132 eademque
1368 2065 1483 2130 ipsa
1523 2063 1720 2116 docere
1757 2079 1878 2132 qua:
1917 2064 1971 2116 in
2013 2064 2240 2119 Ariano-

662 2169 785 2208 rum
839 2154 1286 2207 accusationibus
1339 2153 1676 2207 ferebantur.
1734 2151 1852 2206 Non
1906 2167 2013 2206 una
2059 2162 2238 2208 tamen

661 2248 765 2302 fuit
799 2249 1044 2301 omnium
1083 2245 1150 2300 de
1184 2243 1440 2298 Marcello
1476 2245 1780 2308 sententia;
1821 2261 1966 2309 nam,
2004 2245 2236 2316 Epipha-

659 2340 752 2393 nio
793 2347 953 2400 teste,
1004 2337 1159 2390 multi
1209 2353 1305 2406 pro
1359 2337 1614 2391 Marcello
1649 2337 1885 2402 stabant,
1935 2339 1989 2390 in
2035 2338 2237 2407 quibus

657 2432 924 2485 Paulinus
973 2430 1349 2483 Antiochenus
1407 2430 1700 2498 cpiscopus
1747 2449 1758 2481 :
1809 2429 1971 2497 idque
2019 2430 2234 2499 signum

657 2532 738 2578 est
775 2523 1151 2583 manifestum,
1200 2536 1309 2575 non
1355 2522 1531 2589 palam
1576 2529 1630 2573 et
1677 2527 1861 2587 aperte
1923 2519 2233 2574 Marcellum

656 2615 817 2683 impia
847 2613 1142 2684 protulisse
1167 2611 1417 2681 dogmata
1440 2630 1452 2676 ;
1473 2611 1565 2665 scd
1593 2610 1664 2662 ita
1695 2611 1947 2679 perplexe
1970 2611 2230 2679 locutum,

654 2716 715 2761 ut
742 2707 868 2758 hinc
901 2706 1219 2775 opinionum
1268 2702 1409 2756 facta
1442 2704 1552 2757 sint
1591 2701 1855 2768 divortia;
1885 2703 2004 2758 aliis
2053 2705 2235 2759 catho-

655 2801 775 2862 lice,
808 2811 1060 2867 perverse
1098 2804 1153 2850 et
1198 2796 1360 2865 impie
1407 2795 1529 2849 aliis
1573 2796 1778 2850 sentire
1818 2797 1994 2850 virum
2044 2805 2233 2866 putan-

652 2891 820 2944 tibus.

649 3021 732 3075 ιιι.
762 3025 1056 3073 Athanasius
1096 3037 1209 3074 eum
1249 3038 1337 3086 pro
1345 3031 1626 3134 ΙΙεέιῖξςρὶξειο,
1652 3025 1862 3076 Basilius
1888 3041 1975 3090 pro
1997 3028 2230 3077 hzerelico

1443 3101 1489 3134 ιιι
1519 3124 1529 3134 .

1443 3101 1529 3134 υὶῐ.

717 3167 912 3220 Gravis
953 3170 1078 3221 item
1107 3166 1360 3222 Marcello
1392 3169 1522 3224 hinc
1565 3179 1718 3239 parta
1743 3169 1945 3224 invidia
1985 3171 2219 3235 videtur,

647 3276 768 3312 t‘UlII
809 3260 916 3312 duo
962 3258 1215 3313 Ecclesia:
1268 3261 1471 3313 lumina
1523 3261 1856 3316 Athanasius
1892 3270 1945 3316 et
1986 3263 2220 3317 Basilius

644 3366 828 3403 errore
863 3350 1123 3404 infecwm
1157 3351 1428 3406 hominem
1463 3353 1728 3421 suspicati
1761 3361 1906 3408 sunt.
1957 3353 2028 3406 De
2059 3355 2220 3406 Atha-

647 3447 803 3496 nasio
838 3447 1036 3512 quippe
1066 3444 1179 3496 base
1218 3436 1538 3499 testific'atur
1581 3444 1914 3515 Epiphanius
1943 3447 2218 3516 εἭρόμην

643 3538 696 3587 δὲ
727 3538 884 3598 αὐτὸς
918 3537 1026 3601 ἐγὼ
1054 3538 1226 3606 χρόνῳ
1250 3538 1357 3590 τινὶ
1388 3539 1477 3590 τὸν
1505 3539 1814 3608 μακαρίτην
1840 3539 2024 3591 πάπαν
2062 3539 2215 3590 Ἀϐα-

644 3629 823 3679 νὰτιον
851 3631 976 3698 περὶ
998 3629 1187 3680 τούτου
1217 3629 1310 3681 τοῦ
1342 3630 1683 3700 Μαρκέλλου,
1711 3631 1825 3691 πῶς
1858 3630 1921 3682 ἂν
1950 3630 2058 3700 ἔχοι
2086 3630 2214 3700 περὶ

641 3717 825 3769 αὑτοῦ.
889 3719 946 3768 '0
989 3718 1043 3769 δὲ
1091 3718 1210 3770 οὔτε
1267 3719 1819 3789 ὑπεραπελογήσατο,
1878 3719 1998 3771 οὗτε
2053 3720 2213 3772 πάλιν

641 3808 776 3877 πρὸς
808 3808 967 3861 αὑτὸν
995 3809 1245 3876 ἀπεχθῶς
1274 3809 1476 3878 ἠνέχθη
1497 3827 1508 3838 ·
1537 3810 1694 3877 μόνον
1726 3810 1782 3862 δὲ
1806 3810 1892 3863 διὰ
1920 3810 2012 3861 τοῦ
2047 3827 2213 3879 προσ-

637 3901 783 3952 ώπου
836 3901 1116 3969 patritam;
1183 3901 1448 3970 ὑπέφηνε,
1515 3901 1815 3970 μοχθηρίας
1871 3902 1944 3972 μὴ
1999 3903 2212 3969 μακρὰν

638 3989 797 4040 αὑτὸν
846 3984 1003 4050 εἶναι,
1037 3990 1129 4041 καὶ
1164 3989 1238 4050 ὼς
1270 3989 1752 4059 ἀπολογησάμενον
1795 3987 1924 4059 εἶχε.
1982 3989 2033 4042 Id
2084 4000 2207 4044 est:

637 4079 769 4131 Cum
808 4079 1092 4147 aliquando
1138 4081 1344 4132 beatum
1374 4097 1565 4148 papam
1606 4083 1950 4134 Athanasium
1985 4084 2210 4134 interro-

632 4185 836 4240 garem,
867 4169 989 4237 quid
1019 4169 1081 4222 de
1113 4169 1364 4223 Marcello
1401 4173 1750 4234 existimaret,
1784 4173 1872 4226 ille
1899 4189 2054 4241 neque
2078 4189 2207 4240 pur-

634 4263 770 4328 gavit
808 4261 1088 4324 hominem,
1133 4279 1289 4330 neque
1324 4279 1439 4316 vero
1477 4266 1710 4332 asperius
1741 4267 1936 4318 notavit
1971 4281 1986 4316 :
2017 4269 2105 4317 sed
2135 4269 2207 4318 le-

635 4353 770 4405 niter
813 4353 1075 4416 arridens,
1127 4371 1227 4406 non
1276 4355 1498 4406 multum
1537 4356 1600 4406 ab
1642 4357 1972 4423 improbitate
2017 4359 2207 4409 (Ib/tur-

633 4447 804 4499 ruisse
847 4446 1164 4515 signiﬁcavit
1197 4463 1212 4498 :
1245 4456 1294 4499 et
1325 4448 1376 4499 in
1425 4463 1603 4501 eorum
1645 4449 1777 4513 loco,
1813 4451 1902 4519 qui
1940 4466 2049 4502 sese
2077 4466 2205 4517 pur-

631 4545 864 4606 gassent,
901 4536 1104 4590 habuit.
1153 4536 1335 4608 Longe
1369 4541 1550 4593 acriOr
1580 4538 1836 4603 Basilius,
1887 4541 2199 4595 Marcellum

632 4643 732 4698 pro
783 4630 1037 4683 haeretica
1091 4630 1272 4697 habet,
1331 4631 1450 4700 ejus
1494 4633 1824 4702 impietatem
1875 4635 2088 4688 Ariana:
2134 4650 2200 4688 ex

629 4719 899 4775 diametro
949 4722 1254 4790 oppositam
1300 4723 1556 4787 aestimat,
1606 4724 1976 4780 damnandum
2025 4726 2199 4779 homi-

630 4812 831 4864 minem
869 4819 1077 4874 censet,
1108 4814 1234 4880 quia
1264 4815 1586 4883 unigenitum
1621 4818 1829 4885 quidem
1858 4819 1964 4870 dici
1992 4819 2200 4870 verbum

631 4904 815 4965 tradit,
853 4916 1107 4972 quatenus
1141 4905 1211 4956 ad
1257 4922 1407 4958 usum
1457 4916 1506 4958 et
1555 4907 1623 4960 ad
1671 4917 1869 4976 tempus
1905 4910 2096 4976 prodit,
2141 4925 2200 4960 ac

626 5011 812 5047 rursus
845 4999 908 5046 u:t
941 5012 1056 5047 eum
1079 5011 1142 5048 ea:
1174 5013 1274 5064 quo
1308 4999 1500 5064 prodiit
1532 5002 1808 5052 revertitur
1833 5018 1850 5053 .’
1884 5018 2041 5070 neque
2082 5010 2201 5054 ante

625 5103 911 5155 egressum,
948 5104 1081 5152 esse,
1131 5105 1220 5140 nec
1249 5101 1363 5155 post
1416 5107 1729 5160 regressum,
1774 5093 2054 5146 subsistere
2101 5096 2196 5147 ait.

626 5178 792 5242 liuius
821 5180 893 5230 rei
923 5190 1288 5248 argumentum
1328 5192 1448 5234 sunt
1482 5185 1674 5254 iniqute
1705 5186 1850 5237 illius
1886 5187 2196 5254 syngrapha:

622 5271 772 5326 libri.
805 5274 1012 5325 (itinera
1057 5273 1314 5341 superius
1356 5276 1512 5327 allata
1564 5284 1710 5331 sunt.
1740 5275 1857 5329 Jam
1891 5294 2016 5332 vero
2051 5295 2199 5346 qtae-

627 5376 781 5417 ratur
815 5381 941 5418 num
980 5364 1165 5433 iniqua
1217 5367 1306 5417 illa
1359 5371 1668 5439 συγγραφή,
1719 5385 1881 5438 quam
1937 5380 2198 5424 memorat

630 5455 884 5517 Basilius,
922 5457 1063 5511 idem
1117 5461 1231 5527 ipse
1265 5461 1403 5515 liber
1439 5463 1528 5522 sit,
1580 5462 1677 5530 qui
1725 5464 1776 5514 in
1827 5463 2048 5532 synodis
2094 5463 2197 5516 llo-

627 5563 786 5602 mana
829 5561 881 5604 et
923 5551 1237 5607 Sardicensi
1280 5570 1466 5610 errore
1499 5570 1703 5610 vacuus
1735 5556 2044 5613 declaratus
2089 5567 2193 5614 cst.

695 5751 770 5810 t1)
811 5752 979 5806 Hilar.
1019 5755 1229 5823 Fl'ﬂf/llt.

2367 589 2473 626 non
2520 577 2716 642 legitur
2775 579 2921 632 enim
2973 581 3290 639 Marcellum
3346 586 3511 640 alium
3565 585 3809 642 edidisse
3857 592 3912 642 li-

2364 664 2543 728 brum,
2595 681 2757 734 quam
2805 669 2954 723 illum
2992 682 3185 728 contra
3231 677 3528 740 Asterium,
3571 678 3663 732 cui
3714 681 3911 742 titulus,

2361 754 2438 808 De
2459 757 2784 826 subjectione
2817 759 3052 827 Domini,
3087 775 3224 822 teste
3271 767 3494 824 Hilario.
3543 769 3751 826 Verum
3787 771 3912 827 dicet

2359 849 2654 918 quispiam,
2700 866 2769 905 an
2815 853 3050 910 Basilius
3084 857 3398 915 bereticum
3444 876 3507 916 ac
3551 863 3910 918 damnandum

2360 938 2558 990 librum
2600 949 2844 1003 censeat,
2877 945 2970 1011 qui
3011 944 3063 997 in
3107 948 3329 1016 synodis
3361 949 3605 1005 Romana
3641 962 3700 1008 et
3740 952 3912 1007 Sardi.

2358 1029 2507 1082 censi
2565 1038 2624 1081 ut
2687 1031 3023 1088 orthodoxus
3066 1037 3337 1094 admissus
3367 1040 3548 1098 fuerit.
3584 1043 3728 1097 lluie
3768 1060 3913 1115 argu-

2356 1128 2538 1173 mento
2581 1131 2639 1175 ut
2697 1137 3062 1191 occurratur,
3110 1134 3400 1199 repetenda
3443 1136 3534 1188 illa
3586 1152 3714 1206 quae
3764 1153 3910 1208 supra

2353 1209 2636 1278 diximus;
2657 1213 2968 1272 Marcellum
3019 1221 3275 1276 videlicet
3321 1225 3394 1278 ita
3455 1244 3569 1281 rem
3616 1241 3911 1300 temperare

2353 1301 2617 1367 potuisse,
2657 1313 2714 1355 ut
2738 1305 2882 1358 dicta
2920 1307 3041 1374 ejus
3070 1320 3293 1378 possent
3322 1312 3376 1365 in
3413 1314 3611 1369 bonam
3657 1322 3911 1373 malamve

2352 1401 2558 1458 partem
2596 1392 2825 1450 deﬂecti.
2861 1397 3000 1451 Cum
3025 1407 3206 1455 autem
3230 1401 3318 1456 ille
3348 1406 3692 1474 synodorum
3720 1409 3908 1476 judicio

2349 1496 2590 1549 praesens
2619 1500 2840 1542 causam
2878 1487 3215 1556 defenderet,
3248 1503 3303 1549 et
3340 1510 3528 1550 sanam
3567 1501 3904 1556 catholicam

2347 1588 2453 1642 que
2484 1573 2766 1630 dictorum
2786 1587 3020 1634 mentem
3049 1590 3331 1651 tueretur;
3379 1583 3480 1639 SS.
3518 1585 3746 1654 Patres,
3780 1593 3909 1661 quod

2349 1667 2551 1720 nullam
2587 1669 2724 1724 liber
2759 1671 3087 1741 impietatem
3116 1676 3292 1745 palam
3323 1685 3376 1732 et
3406 1693 3519 1747 pra:
3554 1695 3615 1734 se
3642 1681 3832 1748 ferret,
3864 1696 3911 1739 et

2346 1758 2506 1813 effata
2537 1759 2656 1828 ejus
2680 1762 2951 1817 catholice
2980 1775 3228 1834 possent,
3265 1775 3321 1821 ut
3366 1766 3666 1826 Marcellus
3692 1758 3907 1829 conten-

2342 1851 2526 1916 debat,
2553 1855 2746 1923 accipi,
2783 1863 2842 1908 ut
2871 1856 3142 1912 insontem
3173 1874 3297 1913 cum
3327 1860 3466 1914 libro
3500 1877 3607 1916 suo
3643 1864 3907 1921 hominem

2343 1943 2654 1998 absolutum
2706 1945 3052 2002 dimiserunt.
3101 1948 3238 2004 Nam
3291 1951 3418 2021 quid
3450 1970 3582 2010 vere
3630 1957 3691 2010 in
3740 1961 3907 2014 animo

2341 2036 2584 2092 volveret
2615 2038 2927 2104 Marcellus,
2973 2044 3104 2112 quid
3146 2045 3255 2097 imo
3298 2057 3518 2114 pectore
3560 2050 3823 2117 sentiret,
3859 2054 3909 2110 ii

2342 2127 2505 2182 unius
2537 2127 2633 2183 Dei
2655 2130 2866 2198 judicio
2895 2133 3332 2201 permittebatur.
3359 2134 3470 2191 Sub
3493 2140 3637 2203 hac,
3669 2149 3733 2195 ut
3769 2144 3904 2200 albi-

2340 2221 2624 2274 trabantur
2684 2222 2883 2288 multi,
2937 2237 3060 2278 cum
3119 2225 3172 2278 in
3208 2225 3568 2285 familiaribus
3622 2233 3907 2304 colloquiis

2341 2307 2628 2364 Marcellus
2659 2309 2805 2365 dicta
2846 2327 2944 2367 sua
2981 2313 3281 2369 secundum
3325 2315 3642 2372 haereticam
3678 2331 3905 2376 mentem

2339 2401 2624 2472 discipulis
2657 2405 2996 2474 explanaret,
3043 2406 3275 2478 ejusque
3317 2409 3395 2462 rei
3429 2409 3573 2464 fama
3609 2411 3726 2466 late
3762 2428 3905 2483 vaga-

2338 2502 2510 2558 retur,
2545 2503 2676 2549 tunc
2707 2495 2926 2550 demum
2962 2498 3186 2554 subdole
3215 2511 3397 2554 actum
3439 2500 3707 2558 Marcello
3740 2507 3907 2560 credi-

2336 2592 2448 2637 tum
2478 2592 2582 2646 est,
2619 2601 2844 2656 ipseque
2877 2589 2959 2640 sui
2987 2589 3258 2658 interpres
3290 2591 3489 2644 librum
3519 2607 3698 2662 prava
3737 2608 3907 2651 mente

2335 2675 2707 2744 LJnSCl'iplunl
2740 2678 3052 2734 declarasse
3082 2680 3318 2735 videtur.
3365 2680 3479 2737 Etsi
3508 2698 3686 2752 porro
3721 2701 3809 2742 res
3852 2688 3901 2740 in

2334 2765 2500 2820 dubio
2526 2780 2792 2831 versetur,
2819 2787 2947 2824 num
2981 2786 3104 2825 vere
3132 2771 3419 2828 Marcellus
3448 2775 3501 2829 in
3524 2790 3675 2841 eam,
3712 2777 3781 2832 de
3804 2795 3901 2849 qua

2333 2857 2652 2928 plerumque
2691 2874 2980 2916 accusatus
3032 2864 3155 2926 fuit,
3215 2867 3551 2936 impietatem
3595 2869 3898 2926 deciderit:

2333 2965 2458 3003 nam
2486 2967 2609 3005 cum
2644 2953 2980 3023 Epiphanius
3008 2955 3262 3011 Marcello
3292 2960 3540 3028 aequalis,
3579 2963 3768 3018 varias
3807 2965 3899 3018 hac

2332 3042 2398 3095 de
2438 3058 2495 3097 re
2525 3044 2954 3099 orthodoxorum
2989 3050 3290 3104 sententias
3335 3058 3468 3106 tunc
3497 3051 3677 3109 fuisse
3714 3056 3896 3110 testiﬁ-

2253 3154 2295 3210 ε
2331 3141 2506 3196 cetur,
2549 3151 2652 3189 nec
2679 3137 2876 3190 audeat
2907 3141 3021 3207 ipse
3050 3141 3368 3194 alterutram
3414 3143 3470 3196 in
3503 3155 3718 3213 partem
3777 3161 3898 3201 cou-

2330 3225 2540 3288 cedere,
2581 3227 2712 3295 quid
2740 3245 3032 3296 possumus
3065 3247 3166 3285 nos
3197 3241 3276 3285 tot
3304 3233 3373 3287 ab
3402 3234 3528 3289 inde
3557 3237 3770 3306 elapsis
3806 3254 3896 3293 sa

2326 3317 2466 3370 culis
2499 3321 2816 3372 aestimare?
2858 3336 3021 3390 grave
3053 3330 3232 3376 tamen
3285 3338 3673 3394 argumentum
3709 3340 3894 3385 contra

2327 3405 2636 3462 Marcellum
2668 3409 2795 3463 hinc
2826 3414 3058 3474 eruitur,
3107 3413 3252 3481 quod
3287 3417 3421 3468 tanti
3457 3416 3718 3477 doctores
3752 3421 3893 3478 Basi-

2325 3497 2431 3552 lius
2483 3507 2536 3553 et
2588 3501 2943 3567 Athanasius,
2981 3505 3184 3572 quibus
3216 3521 3323 3559 non
3371 3507 3532 3562 facile
3578 3520 3700 3564 crat
3735 3514 3893 3567 verba

2323 3589 2474 3653 dare,
2507 3606 2629 3644 cum
2686 3594 2769 3646 vel
2805 3608 3032 3663 prorsus
3083 3598 3421 3661 hmreticum,
3475 3601 3559 3654 vel
3602 3603 3890 3659 admodum

2323 3690 2636 3750 suspectum
2677 3686 2986 3739 habuerint.

2321 3812 2400 3860 ιν.
2428 3813 2688 3864 Marcellus
2719 3823 2772 3865 et
2804 3817 3100 3886 Marcelliani
3144 3824 3192 3869 in
3223 3823 3336 3871 fidei
3369 3824 3765 3886 professionibus
3806 3843 3882 3880 ca-

2862 3881 3042 3929 thofice
3069 3885 3353 3944 loquuntur.

2392 4002 2459 4056 Ut
2529 4014 2608 4083 utg
2649 4008 2721 4060 sit
2767 4010 2833 4062 de
2903 4010 3141 4066 Marcelli
3191 4015 3485 4080 opinione,
3543 4021 3882 4090 exploratum

2319 4110 2450 4149 sane
2492 4109 2575 4151 est
2621 4116 2746 4153 cum
2793 4103 2969 4165 illum,
3021 4114 3132 4158 tum
3181 4107 3481 4177 discipulos
3521 4112 3643 4179 ejus
3681 4115 3738 4167 in
3769 4115 3882 4169 fidei

2319 4185 2566 4243 formulis
2614 4206 2752 4259 quas
2795 4194 3063 4258 obtulere,
3106 4199 3197 4251 ubi
3243 4200 3347 4253 sibi
3385 4203 3688 4271 ascriptum
3735 4222 3882 4260 crro~

2315 4293 2428 4331 rem
2455 4281 2716 4337 damnant
2748 4293 2800 4338 et
2831 4287 3142 4356 repudiant,
3174 4307 3279 4345 non
3314 4295 3701 4362 pmnitcntium
3736 4309 3788 4353 et
3815 4317 3882 4352 rc-

2315 4370 2690 4437 sipiscentium
2734 4391 2885 4432 more
2951 4381 3002 4432 id
3052 4395 3243 4452 agere;
3302 4384 3395 4439 sed
3437 4386 3620 4442 addita
3666 4406 3879 4461 semper

2313 4469 2568 4521 cautione
2609 4472 3051 4530 adversariorum
3095 4480 3401 4536 calumnias
3448 4483 3752 4553 depellere,
3787 4505 3877 4542 nec

2309 4573 2366 4612 se
2391 4559 2462 4611 ita
2495 4564 2726 4618 sentissc
2783 4567 3051 4622 confiteri.
3074 4569 3127 4622 Id
3162 4571 3415 4627 observes
3451 4577 3595 4644 apud
3643 4576 3874 4649 Epipha-

2303 4646 2454 4700 nium
2505 4651 2556 4703 in
2609 4650 2860 4707 Formula
2896 4657 3015 4711 ﬁdei
3063 4658 3322 4728 Marcelli,
3350 4661 3497 4718 Julio
3537 4646 3766 4728 oblata,“
3794 4671 3874 4722 ubi

2305 4743 2350 4794 is
2383 4756 2440 4794 se
2467 4742 2539 4794 ita
2570 4746 2812 4801 sensisse
2849 4759 3009 4817 negat
3040 4757 3097 4802 nt
3119 4750 3307 4807 Ariani
3338 4753 3664 4810 dictitabant
3700 4779 3713 4813 :
3748 4771 3802 4813 et
3828 4779 3874 4813 ιιι

2304 4832 2580 4887 luculenta
2616 4835 2736 4900 fidei
2774 4838 3005 4893 formula
3049 4841 3103 4896 in
3131 4843 3400 4913 legatione
3433 4846 3685 4917 Eugenii,
3716 4867 3872 4920 quam

2304 4941 2451 4978 nunc.
2482 4929 2715 4996 primum
2749 4948 2777 4984 e
2813 4933 3050 4987 tenebris
3082 4937 3347 4998 eruimus,
3380 4940 3460 4992 sic
3495 4941 3734 5009 legitur:
3771 4943 3867 4995 Μ’-

2301 5033 2398 5084 que
2439 5021 2576 5070 enim
2627 5037 2892 5073 censemus
2933 5025 3098 5077 alium
3146 5043 3258 5081 esse
3287 5026 3508 5090 Filium,
3560 5033 3730 5085 alium
3770 5051 3871 5087 ess:

2317 5107 2560 5172 Verbum,
2600 5126 2652 5163 ιιι
2689 5112 2903 5190 quidam
2949 5131 3041 5168 nos
3086 5119 3277 5170 sentire
3312 5122 3515 5172 mentiti
3547 5103 3669 5175 sunt
3704 5140 3722 5174 :
3754 5126 3865 5179 item

2305 5202 2358 5253 in
2399 5201 2754 5271 Expositione
2798 5206 2918 5261 fidei
2972 5209 3037 5261 ad
3093 5209 3544 5270 Dinca‘sarienses
3586 5222 3866 5291 episcopos

2303 5295 2504 5357 oblata,
2546 5298 2697 5349 aiunt
2749 5298 3082 5356 Marcelliani
3134 5320 3193 5358 se
3239 5307 3467 5361 libenter
3494 5308 3752 5367 Patribus
3793 5330 3866 5365 re-

2302 5387 2574 5455 spondcre
2617 5391 3050 5457 scisritantibus,
3091 5405 3146 5446 nt
3183 5396 3320 5450 falso
3359 5400 3538 5454 oblata
3573 5403 3674 5455 sibi
3707 5414 3864 5458 teme-

2303 5487 2434 5533 rata:
2483 5483 2765 5552 religionis
2801 5484 3033 5537 crimina
3065 5490 3469 5556 propulsarent,
3513 5493 3605 5546 διὰ
3637 5496 3866 5563 pilas-1:

2300 5571 2423 5633 τοὺς
2449 5569 2805 5640 βουλομένους
2847 5577 3092 5644 ματαίως
3122 5575 3367 5648 (ip-4215?:
3404 5583 3529 5652 περὶ
3559 5585 3720 5654 ἡμῶν
3752 5601 3858 5638 τινα
