4044 6324
143 404 171 456 1
183 404 288 458 395

135 523 334 593 ψευδῆ.
366 524 499 578 Cum
531 531 708 578 autem
741 522 1032 578 Marcellus
1056 530 1110 578 et
1134 523 1386 592 discipuli
1412 525 1710 580 secundum
1742 531 1788 587 Α

137 617 506 670 orthodoxam
544 615 871 671 sententiam
899 614 1022 669 ﬁdei
1051 615 1316 671 formulas
1347 632 1475 672 suas
1501 632 1716 688 semper

138 707 554 769 concinnarint,
601 716 654 760 et
701 707 920 762 aliunde
955 724 984 761 a
1028 709 1218 764 multis
1254 718 1568 764 sanctorum
1613 709 1716 764 Pa-

138 812 294 856 trum
328 800 584 854 Marcello
633 799 922 869 mqualium
963 816 1060 870 pro
1091 801 1365 855 hazreticis
1395 802 1478 855 vel
1523 817 1716 870 suspe-

137 894 256 950 ctis
283 894 451 949 habiti
485 893 710 956 fuerint,
741 908 852 946 non
886 892 1084 946 mirum
1114 894 1160 949 si
1198 901 1351 947 tanta
1378 893 1541 946 fuerit
1567 893 1714 946 circa

138 983 389 1038 Marcelli
443 983 601 1036 fidem
660 984 1052 1037 sententiarum
1108 983 1388 1046 varietas,
1455 989 1713 1052 quantam

136 1076 366 1132 exhibet
397 1074 756 1145 Epiphanius.

756 1211 987 1268 CAPUT
1034 1211 1099 1266 V.

676 1341 994 1380 MARCELLI}!
1034 1342 1248 1388 UNQUAI
1303 1343 1336 1380 Α
1373 1341 1710 1381 COIICNIONE

697 1412 792 1450 SUA
833 1412 1162 1450 REIOVEBIT.

135 1341 255 1380 ’σοι
298 1340 626 1380 Ατιιλιυςιυε

135 1529 186 1584 1.
229 1529 551 1583 Athanasius
601 1528 914 1583 Marcellum
964 1547 995 1582 a
1043 1531 1404 1584 communione
1461 1549 1559 1584 sua
1611 1549 1712 1586 non

214 1599 524 1653 removerat'
553 1611 672 1652 ante
708 1617 913 1671 annum
969 1600 1092 1655 558.
1146 1601 1209 1654 ΙΙ.
1265 1599 1376 1653 Nec
1427 1603 1714 1671 instigante

209 1681 393 1737 postea
426 1671 631 1724 Basilio
663 1669 716 1721 id
748 1672 869 1740 egit.

134 1781 182 1832 Ι.
209 1783 503 1832 Athanasius
527 1782 804 1830 Marcellum
830 1796 854 1830 a
880 1783 1218 1830 communione
1247 1797 1331 1832 sua
1352 1797 1447 1831 nnn
1486 1797 1710 1832 remove-

391 1852 464 1893 rat
486 1851 600 1892 ante
623 1857 801 1892 annum
824 1844 930 1891 558.
962 1844 1153 1906 Fragm.
1184 1846 1230 1902 2,
1256 1859 1304 1906 p.
1335 1845 1463 1893 1500.

213 1963 569 2024 Athanasius,
614 1965 708 2032 qui
753 1962 941 2017 multis
988 1962 1147 2016 annis
1193 1961 1445 2018 Marcello
1477 1962 1713 2018 fortuna-

133 2071 267 2110 rum
293 2071 521 2110 consors
551 2065 603 2110 et
642 2055 850 2110 amicus
881 2054 1078 2119 fuerat,
1125 2055 1342 2111 demum
1376 2057 1583 2125 sparsis
1621 2071 1714 2109 ru-

133 2147 414 2209 moribus,
449 2155 504 2200 et
554 2148 828 2200 clarorum
862 2146 1145 2200 hominum
1184 2147 1516 2201 testimoniis
1547 2145 1715 2199 abdu-

134 2247 291 2299 ctus,
321 2251 481 2304 quem
517 2237 670 2304 prius
698 2251 798 2303 pro
829 2234 1091 2289 facultate
1135 2235 1476 2299 defenderat,
1523 2251 1715 2305 suspe-

134 2335 292 2381 ctum
327 2326 528 2380 habere
558 2327 742 2394 coepit.
767 2325 826 2379 Id
862 2325 1165 2396 Epiphanio
1200 2334 1338 2382 teste
1374 2327 1710 2381 ediscimus:

134 2417 257 2477 cui,
289 2426 476 2485 utpote
523 2416 592 2469 ab
656 2415 960 2470 Athanasio
1010 2417 1131 2484 ipso
1193 2417 1377 2469 audita
1441 2417 1710 2478 narranti,

134 2505 308 2560 ﬁdem
363 2507 628 2575 derogare
672 2523 780 2560 non
814 2508 958 2561 licet.
1011 2507 1212 2562 Verum
1251 2506 1522 2571 Hilarius,
1582 2509 1710 2562 item

132 2595 393 2664 aequalis,
447 2611 510 2649 eo
571 2605 792 2650 ventum
851 2612 974 2651 esse
1022 2597 1370 2661 testiﬁcatur,
1429 2609 1489 2651 ut
1546 2598 1709 2651 etiam

135 2685 402 2741 Marcello
445 2689 882 2743 communionem
933 2689 1262 2746 Athanasius
1318 2700 1560 2762 negaret.
1609 2692 1710 2745 Sed

136 2797 240 2833 cur
294 2781 566 2850 abnegata:
625 2783 1030 2843 communionis,
1093 2783 1172 2836 sic
1224 2783 1338 2844 ille,
1388 2785 1711 2836 Athanasius

136 2887 266 2924 reus
297 2887 408 2925 esse
445 2872 790 2926 rescribitur?
825 2871 1076 2941 Nunquid
1114 2881 1324 2941 propter
1368 2873 1489 2925 libri
1531 2873 1713 2925 vitium

139 2963 434 3017 Marcellus
464 2965 730 3016 abstentus
755 2967 874 3018 est?
903 2963 1078 3017 Testes
1105 2965 1203 3030 ipsi
1229 2972 1371 3026 sunt,
1401 2979 1466 3017 ea:
1497 2966 1715 3017 institu-

143 3059 216 3110 tis
239 3057 352 3125 ejus
375 3056 657 3108 Photinum
682 3057 1038 3123 perversitatis
1064 3057 1218 3110 istius
1234 3056 1386 3108 initia
1409 3057 1710 3124 sumpsisse.

143 3148 295 3202 Nam
356 3158 544 3217 negata
592 3147 695 3201 sibi
745 3147 807 3199 ab
863 3148 1155 3200 Athanasio
1201 3151 1581 3211 communione,
1633 3149 1713 3200 in-

141 3257 330 3310 gressu
375 3257 488 3293 sese
530 3239 763 3292 ecclesia:
808 3238 1092 3293 Marcellus
1139 3241 1408 3292 abstinuit.
1446 3237 1532 3292 Ita
1574 3256 1716 3298 com-

139 3332 330 3383 munia
363 3347 483 3382 cum
528 3346 588 3382 eo
627 3331 681 3380 in
734 3330 837 3380 ista
871 3330 973 3396 ﬁde
1011 3330 1073 3383 de
1103 3330 1421 3394 subiectione
1454 3341 1502 3383 et
1549 3331 1718 3384 tradi-

140 3423 287 3476 tione.
341 3423 484 3490 regni
546 3421 692 3473 docet
744 3437 758 3473 :
807 3431 992 3489 negata
1054 3438 1262 3473 rursum
1316 3425 1576 3488 pravitate
1625 3422 1720 3476 do-

141 3515 334 3568 ctrina:
379 3515 599 3567 alterius
651 3513 898 3567 ostendit.
951 3513 1028 3566 Ex
1080 3512 1310 3576 Hilario,
1369 3523 1428 3567 ut
1480 3516 1715 3577 videtur,

143 3614 427 3658 mutuatus
471 3604 747 3674 Sulpicius
800 3605 1056 3666 Severus,
1114 3606 1347 3674 idipsum
1402 3614 1589 3658 narrat
1637 3607 1718 3659 his

145 3696 367 3750 verbis:
400 3695 679 3763 laterjecto
723 3695 906 3748 deinde
957 3706 1202 3762 tempore,
1229 3697 1551 3750 Athanasius
1602 3715 1718 3750 cum

147 3785 462 3841 Harullcm
513 3804 700 3854 parum
739 3803 885 3840 same
933 3787 1056 3854 ﬁdei
1098 3803 1208 3840 esse
1267 3789 1634 3855 comperisset,
1689 3806 1720 3841 a

147 3881 510 3930 communione
541 3875 830 3944 suspendit.
863 3875 1164 3945 Ilabuitgue
1187 3877 1278 3930 ille
1306 3879 1441 3931 hanc
1478 3896 1720 3932 verecun-

146 3969 316 4029 diam,
342 3979 400 4020 ut
431 3971 568 4021 tanti
599 3968 917 4036 virijudicio
943 3977 1157 4022 notatus
1187 3979 1367 4035 sponte
1396 3971 1716 4026 concederet.

147 4057 415 4111 Ceterum
463 4068 620 4111 antea
660 4059 931 4121 innocens,
965 4067 1146 4125 postea
1177 4058 1519 4127 deprauatus,
1559 4062 1722 4115 videri

146 4159 358 4220 poterat
394 4152 512 4219 jam
555 4163 665 4203 tum
719 4168 904 4204 nocens
939 4150 1124 4218 fuisse,
1172 4168 1290 4204 cum
1345 4153 1408 4206 de
1456 4171 1514 4206 eo
1547 4153 1721 4220 fuerat

149 4242 468 4308 iudicatum.
507 4242 610 4297 Sed
644 4242 758 4297 haec
793 4242 1054 4304 Hilarius,
1089 4257 1250 4310 quem
1295 4241 1572 4313 Sulpicius
1617 4262 1715 4298 au.

151 4340 362 4387 olorem
390 4334 569 4394 habet,
603 4348 670 4386 ex
706 4333 898 4403 synodi
940 4332 1276 4396 Sirmiensis,
1311 4334 1365 4386 in
1398 4351 1505 4404 qua
1535 4334 1722 4390 Photi-

152 4440 262 4479 nus
295 4439 436 4479 anno
465 4425 569 4478 549
625 4425 916 4477 damnatus
955 4435 1056 4488 est,
1100 4425 1367 4494 rescripto
1415 4435 1717 4482 mutuatur.

151 4515 291 4571 Cum
319 4526 496 4570 autem
533 4517 673 4569 hanc
703 4515 969 4584 synodum
1001 4516 1188 4570 Ariani
1214 4517 1556 4573 solummodo
1584 4536 1723 4589 prm-
1749 4548 1801 4610 ι)

151 4607 303 4662 sules
353 4607 772 4670 celebraverint,
815 4608 965 4661 nulla
1004 4607 1070 4662 iis
1123 4607 1256 4664 ﬁdes
1312 4609 1581 4675 habenda,
1624 4613 1718 4681 qui

151 4708 412 4754 sexcenta
445 4699 643 4754 similia
683 4706 874 4754 contra
904 4699 1261 4755 Athanasium
1292 4708 1346 4756 et
1381 4701 1715 4768 Marcellum,

149 4802 268 4847 tum
303 4793 469 4846 verbo
505 4802 618 4846 tum
650 4795 874 4864 scripto,
909 4807 1164 4863 spargere
1195 4794 1464 4849 solebant.
1497 4795 1576 4848 Ad
1607 4798 1720 4851 lucc

150 4886 488 4940 Athanasius
533 4887 726 4941 saltem
775 4887 842 4940 ad
876 4901 1078 4939 annum
1131 4890 1303 4956 usque
1336 4888 1458 4948 558,
1497 4887 1722 4944 Marcel-

151 4978 266 5032 lum
302 4985 360 5030 ut
389 4979 658 5033 insontem
703 4987 758 5033 et
801 4979 1086 5035 fraudibus
1117 4980 1443 5033 Arianorum
1485 4981 1721 5035 circum-

151 5079 374 5124 ventum
407 5071 670 5134 defendit,
703 5081 763 5126 ut
793 5073 979 5127 videre
1028 5082 1114 5128 est
1144 5074 1197 5127 in
1232 5075 1489 5144 Apologia
1537 5086 1721 5128 contra

153 5165 409 5226 Arianos,
443 5165 498 5216 in
530 5163 793 5234 Apologia
837 5166 900 5219 de
930 5167 1076 5236 fuga.
1108 5176 1160 5221 ct
1193 5167 1242 5219 in
1277 5165 1515 5220 Historia
1558 5169 1720 5220 Aria-

155 5270 344 5308 norum
382 5255 449 5305 ad
480 5257 760 5310 monachos
787 5273 803 5308 :
830 5258 972 5310 unde
1001 5257 1277 5326 prOpalam
1314 5259 1383 5311 sit
1423 5273 1527 5312 non
1561 5259 1721 5312 modo

156 5345 562 5399 communionis
616 5347 929 5401 societatem
996 5363 1118 5400 cum
1183 5348 1274 5398 illo
1335 5349 1566 5412 fovisse;
1627 5349 1720 5402 sed

155 5436 322 5488 etiam
362 5436 605 5489 nondum
652 5438 704 5490 in
739 5439 884 5491 illam
931 5440 1147 5492 venisse
1180 5446 1367 5491 contra
1413 5439 1720 5493 Marcellum

157 5526 554 5595 suspicionem,
596 5544 758 5596 quam
802 5540 1065 5585 memorat
1099 5529 1454 5600 Epiphanius.
1493 5532 1555 5582 Et
1595 5545 1724 5584 sane

155 5633 393 5673 concors
437 5629 520 5672 est
556 5637 692 5688 pene
740 5623 984 5675 omnium
1021 5625 1314 5681 sententia,
1361 5623 1486 5676 huic
1532 5621 1718 5674 Iiilarii

158 5713 496 5772 testimonio,
535 5720 722 5780 utpote
751 5715 817 5767 ab
843 5714 1062 5768 Arianis
1096 5723 1340 5783 accepto,
1372 5715 1573 5768 nullam
1602 5729 1723 5768 esse.

155 5803 312 5858 tidem
349 5803 675 5858 habendam.

1441 405 1789 463 MARCELLI
1826 408 2200 467 ANCYRANI.

3242 413 3380 478 1294

2153 526 2215 577 II.
2244 525 2345 576 Nec
2364 527 2627 590 instigante
2651 529 2831 580 Basilio
2855 532 2904 580 id
2922 532 3040 594 egit.

1889 639 2006 696 Non
2059 640 2258 696 desunt
2302 644 2393 711 qui
2433 641 2744 699 Marcellum
2798 645 3018 716 quidem
3055 647 3107 700 in
3136 657 3380 718 tempore

1816 745 1911 799 per
1976 729 2240 786 Hilarium
2306 739 2596 794 annotato.
2665 733 2908 788 nondum
2966 735 3034 789 ab
3084 734 3380 790 Athanasio

1816 822 2135 876 damnatum
2169 823 2338 880 fuisse
2369 824 2686 879 existiment
2720 843 2736 891 ;
2777 826 2870 880 sed
2913 825 3108 880 deinde
3137 840 3380 881 commo-

1814 921 1976 967 vente
2011 912 2237 980 Basilio,
2277 915 2346 971 ab
2390 915 2688 970 Athanasio
2726 914 3039 970 Marcellum
3065 923 3119 969 et
3148 914 3380 970 Marcel-

1815 1005 1996 1059 Iianos
2037 1021 2067 1058 a
2113 1007 2498 1062 communione
2537 1016 2774 1063 remotos
2822 1006 2992 1062 fuisse
3022 1006 3376 1061 arbitrentur.

1815 1095 1881 1151 Et
1910 1096 2026 1151 haec
2058 1097 2186 1151 item
2224 1105 2306 1152 est
2335 1096 2664 1153 Tillemontii
2693 1099 2898 1168 opinio.
2927 1096 3124 1152 Verum
3155 1098 3378 1168 ignora-

1814 1186 1946 1240 bant
1975 1187 2051 1239 illi
2081 1187 2400 1241 Marcellum
2430 1197 2483 1243 et
2516 1191 2753 1245 asseclas
2785 1189 3012 1262 Eugenii
3045 1198 3100 1245 et
3141 1189 3376 1244 aliorum

1813 1279 2164 1348 deputatione
2200 1279 2481 1336 Athanasii
2526 1281 2795 1350 judicium
2842 1282 3201 1351 pravertisse.
3241 1280 3377 1335 Cum

1815 1371 1960 1422 enim
1997 1370 2224 1424 instaret
2249 1369 2501 1431 Basilius,
2537 1380 2792 1441 urgerent
2826 1371 2917 1424 alii
2956 1372 3197 1441 episcopi
3225 1371 3379 1426 dam-

1814 1459 2162 1529 nandumque
2229 1459 2536 1515 Marcellum
2578 1462 2872 1516 Athanasio
2926 1464 3262 1528 dictitarent,
3319 1477 3380 1518 re

1815 1560 2113 1620 comperta,
2153 1551 2480 1615 Marcellus;
2517 1563 2574 1607 ut
2627 1569 2816 1607 eorum
2854 1563 3083 1609 conatus
3125 1563 3179 1609 et
3220 1554 3380 1608 moli-

1815 1643 1964 1695 mina
2031 1644 2426 1713 interpellaret,
2488 1653 2733 1699 oratores
2798 1647 2890 1715 qui
2953 1661 3173 1700 causam
3235 1647 3378 1716 apud

1815 1735 2172 1788 Athanasium
2227 1754 2380 1791 suam
2434 1749 2674 1808 agerent,
2727 1755 2788 1793 ac
2837 1741 2920 1792 sui
2968 1741 3380 1809 Ancyranaeque

1743 1866 1785 1919 Β
1817 1824 2075 1881 Ecclesize
2131 1830 2353 1883 nomine
2410 1828 2532 1884 fidei
2590 1830 2985 1899 professionem
3038 1831 3376 1892 emitterent,

1815 1919 2096 1990 delegavit.
2133 1921 2378 1992 Cumque
2410 1924 2708 1993 legatorum
2743 1924 2974 1979 formula
2997 1938 3183 1980 sanam
3204 1919 3378 1993 'pror-

1816 2028 1911 2066 sus
1942 2021 1996 2066 et
2039 2015 2401 2070 orthodoxam
2434 2015 2596 2070 ﬁdem
2633 2016 2934 2087 praeferret,
2975 2018 3102 2071 huic
3138 2017 3382 2070 Athana-

1816 2108 1932 2162 sius
1973 2123 2096 2163 cum
2143 2110 2265 2165 aliis
2311 2111 2403 2181 qui
2453 2111 2676 2165 aderant
2715 2113 2987 2183 episcopis
3029 2111 3377 2180 aStipulatus.

1816 2202 2029 2256 litteras
2053 2202 2532 2257 commcndatitias
2559 2204 2874 2272 rogantibus
2904 2203 3196 2259 concessit.
3223 2201 3378 2268 Quod

1811 2293 1922 2362 jam
1963 2293 2233 2348 neminem
2272 2292 2484 2347 inficias
2515 2294 2715 2347 iturum
2754 2293 3008 2348 arbitror.

2436 2427 2663 2484 CAPUT
2703 2429 2785 2484 Vl.

1811 2549 1876 2586 DE
1927 2549 2190 2587 MARCELLI
2243 2551 2313 2588 ET
2362 2550 2634 2590 εεειεειιε
2691 2551 2975 2589 ΑΝΩὶΒΛΝέΕ
3028 2551 3094 2587 AD
3141 2549 3379 2590 ATHANA°

1917 2620 2042 2661 ειωι
2083 2620 2409 2670 ιεολτιοκε,
2442 2622 2585 2668 QUAI
2633 2621 2767 2660 NUNC
2812 2620 3012 2659 PRIIUI
3054 2620 3270 2659 EDIHUS.

1811 2716 1850 2769 Ι.
1887 2717 2062 2785 Hujus
2098 2719 2372 2787 legationis
2413 2719 2681 2784 exemplar
2721 2717 2856 2787 unde
2891 2716 3126 2787 prodeat.
3163 2716 3224 2768 ll.
3260 2715 3382 2782 Qua

1882 2783 2160 2840 occasione
2214 2797 2262 2840 et
2315 2804 2416 2854 quo
2453 2783 2595 2840 anno
2642 2787 2785 2854 facta
2835 2783 3023 2854 legatio
3067 2786 3246 2851 fuerit.
3293 2787 3378 2840 Ill.

1883 2856 1960 2908 De
1988 2855 2111 2924 ﬁdei
2136 2857 2458 2923 professione
2493 2856 2733 2908 Marcelli
2779 2858 2987 2908 nomine
3020 2857 3261 2908 recitata.
3287 2857 3379 2910 IV.

1886 2925 1962 2978 De
2020 2926 2490 2993 subscriptionibus
2535 2925 2903 2995 Egyptiorum
2955 2927 3260 2992 prwsulum.
3317 2927 3378 2980 ν.

1887 2996 1990 3060 Qui
2022 2996 2182 3063 fuerit
2213 2997 2405 3066 negotii
2433 2999 2620 3049 exitus.

1999 3107 2034 3156 Ι.
2062 3108 2218 3168 Hujus
2245 3109 2504 3170 legationis
2528 3109 2781 3168 exemplar
2805 3108 2935 3156 unde
2958 3107 3175 3170 prodeat.

1743 3214 1784 3272 (ζ
1887 3209 2095 3264 Prodiit
2144 3227 2203 3263 ex
2256 3211 2581 3265 bibliotheca
2623 3209 2954 3265 Scorialensi
2997 3211 3194 3281 legatio
3242 3208 3382 3262 Mar-

1821 3303 1944 3357 celli
1993 3311 2044 3357 et
2101 3303 2246 3356 Eccl.
2304 3303 2603 3372 Ancyrana:
2663 3302 2730 3356 ad
2775 3302 3154 3356 Athanasium.
3206 3298 3383 3369 Hujus

1821 3405 1999 3448 autem
2040 3396 2314 3463 exemplar
2343 3394 2626 3448 Mediolani
2659 3396 2712 3450 in
2737 3395 2986 3450 biblioth.
3021 3392 3384 3448 Ambrosiam

1822 3485 1966 3539 inter
2015 3487 2233 3540 codices
2261 3487 2478 3541 Graecos
2516 3487 2718 3542 recenti
2773 3502 2937 3540 manu
2983 3485 3246 3554 scriptum
3288 3483 3378 3538 de-

1820 3578 2234 3646 prehendimus.
2267 3578 2468 3648 Estque
2513 3594 2737 3634 aureum
2771 3579 2873 3631 hoc
2905 3576 3227 3646 opusculum
3264 3589 3381 3628 om-

1821 3670 1980 3724 nibus
2031 3671 2145 3724 suis
2195 3672 2434 3726 numeris
2472 3680 2525 3726 et
2567 3672 2811 3741 partibus
2856 3669 3160 3722 absolutum
3200 3685 3213 3720 :
3251 3667 3385 3721 sub-

1821 3761 2147 3829 scriptiones
2196 3771 2377 3815 tamen
2411 3762 2786 3832 Aigyptiorum
2843 3760 3134 3830 praesulum
3181 3760 3235 3813 in
3275 3760 3382 3814 ﬁne

1821 3851 2100 3914 subnexae,
2149 3861 2437 3915 truncata,
2500 3860 2558 3906 ut
2598 3853 2866 3922 liquidum
2920 3860 3024 3914 est,
3067 3865 3130 3906 ac
3178 3851 3384 3905 mutila

1822 3951 1986 4006 sunt;
2040 3943 2112 3994 ita
2158 3953 2215 3996 ut
2258 3943 2432 4012 ipsius
2481 3943 2764 3999 Athanasii
2810 3958 3030 4008 nomen,
3066 3940 3212 4011 quod
3259 3940 3384 3996 aliis

1823 4033 1964 4086 haud
1991 4033 2155 4088 dubie
2187 4036 2528 4103 praemissum
2558 4038 2695 4097 erat,
2736 4033 3022 4089 exciderit.
3064 4031 3191 4086 Haec
3218 4047 3383 4103 porro

1823 4125 2286 4194 subseriptionum
2327 4140 2448 4181 sors
2477 4123 2598 4189 fuit,
2633 4133 2692 4180 ut
2725 4126 3137 4180 amanuensium
3172 4123 3384 4178 incuria

1823 4217 2064 4283 perirent
2110 4234 2124 4270 :
2175 4217 2304 4286 quia
2361 4218 2441 4271 illi
2487 4231 2639 4272 mera
2691 4218 2911 4271 nomina
2970 4215 3037 4270 ad
3089 4233 3204 4273 rem
3248 4217 3384 4273 nihil

1824 4307 2095 4376 pertinere
2141 4307 2554 4363 arbitrabantur
2611 4329 2622 4362 :
2664 4309 2790 4364 inde
2846 4315 2950 4370 est,
3000 4308 3145 4377 quod
3205 4307 3388 4364 Sardi-

1823 4413 2016 4453 censes
2093 4399 2525 4470 subscriptiones
2586 4400 2791 4454 mutila:
2863 4399 3004 4460 sint,
3070 4399 3389 4470 pariterque

1826 4491 2208 4546 Alexandrinae
2239 4493 2366 4546 anni
2397 4491 2523 4545 32!.
2559 4493 2615 4546 In
2639 4491 3036 4546 contestatione
3069 4498 3252 4546 autem
3286 4507 3386 4563 po-

1828 4582 1940 4652 puli
1983 4582 2336 4637 Alexandrini
2381 4597 2522 4636 anno
2564 4581 2668 4636 356
2709 4583 2873 4646 facta,
2929 4581 3384 4651 subscriptiones,

1821 4687 1941 4741 quae
2016 4687 2214 4742 magno
2269 4682 2498 4728 numero
2551 4680 2743 4736 erant,
2801 4687 2832 4726 a
2882 4671 3120 4728 librariis
3170 4674 3387 4745 penitus

1821 4763 2036 4818 omissa:
2080 4772 2227 4817 sunt.
2285 4763 2372 4817 Nil
2413 4779 2543 4834 ergo
2581 4763 2778 4819 mirum
2827 4763 2916 4818 hic
2956 4762 3388 4835 subscriptiones

1823 4870 2047 4910 maneas
2069 4865 2121 4911 et
2151 4857 2371 4911 mutilas
2404 4856 2609 4910 haberi.

1935 4970 1992 5019 II.
2022 4971 2124 5029 Qua
2145 4970 2398 5018 occasione
2419 4975 2588 5030 etquo
2609 4981 2735 5017 anno
2755 4967 2879 5017 facta
2903 4967 3085 5032 legatio
3107 4968 3270 5018 fuerit.

1895 5075 2027 5141 Quae
2071 5088 2259 5138 causa,
2304 5089 2492 5144 quaave
2523 5075 2742 5129 occasio
2776 5074 2944 5142 hujus
2996 5073 3275 5128 mittendae
3311 5075 3382 5128 le-

1825 5168 2062 5239 gationis
2108 5165 2363 5219 Marcello
2415 5164 2599 5225 fuerit,
2649 5163 2792 5218 haud
2832 5163 3045 5218 dillicile
3092 5173 3176 5217 est
3213 5181 3382 5233 augu-

1826 5262 1956 5314 rari.
2003 5261 2141 5312 Cum
2191 5259 2334 5312 enim
2382 5274 2522 5312 anno
2575 5257 2793 5310 circiter
2821 5257 2915 5308 ’571
2950 5255 3184 5310 Basilius
3209 5265 3262 5309 et
3296 5256 3387 5308 alii

1826 5350 2066 5420 episcopi
2127 5348 2267 5417 apud
2309 5348 2664 5400 Athanasium
2696 5345 2747 5398 id
2787 5346 3126 5409 molirentur,
3158 5354 3216 5398 ut
3247 5345 3379 5399 Mar-

1827 5444 2022 5497 cellum
2045 5449 2303 5510 tanquam
2327 5453 2481 5494 nime
2501 5438 2770 5492 haereseos
2787 5436 3004 5489 Arianis
3031 5451 3095 5489 cx
3120 5435 3389 5488 diametro

1828 5533 2090 5601 oppositae
2157 5538 2472 5591 auctorem,
2542 5529 2610 5582 ab
2674 5527 2933 5581 Ecclesiae
3003 5527 3390 5582 communione.

1829 5626 2213 5679 submoverent
2273 5639 2283 5675 :
2326 5637 2431 5676 non
2475 5621 2695 5675 nescius
2755 5619 3041 5672 Marcellus
3081 5618 3132 5671 id
3181 5633 3275 5673 eos
3333 5619 3390 5671 in

1831 5714 2127 5784 perniciem
2172 5728 2326 5768 suam
2394 5713 2721 5772 machinari,
2768 5719 2827 5764 ut
2873 5711 3178 5780 proximum
3249 5712 3392 5779 peri-

1831 5821 2012 5860 cuum
2066 5804 2402 5872 declinaret,
2474 5804 2953 5861 commendatitias
3005 5803 3393 5872 episcoporum
