4044 6324
677 377 814 433 I195

1892 365 1978 421 DE
2019 364 2176 420 VITA
2209 363 2293 420 ΕΤ
2334 363 2642 422 SCRIPTIS

3753 359 3882 415 1K4

677 493 892 545 Achaia
953 497 1002 542 et
1058 484 1382 541 Macedoniae
1457 483 1525 537 ad
1593 483 1952 539 Athanasium
2019 481 2396 546 litterasAiis
2439 482 2846 539 communionis
2906 481 3164 551 expetiit,
3218 488 3271 535 et
3321 475 3671 548 impetravit,
3735 480 3880 548 queis

676 580 986 650 elliagitavit
1028 595 1040 630 :
1073 592 1196 630 nam
1234 592 1356 630 cum
1387 575 1473 629 his
1525 574 1759 631 maxime
1788 575 2086 628 Athanasio
2128 574 2231 626 do-

678 675 868 726 ctrinae
899 669 1234 723 consortium
1260 676 1313 723 et
1342 667 1653 737 epistolaris
1699 665 2040 721 familiaritas
2065 667 2232 719 inter-

674 763 897 816 cedebat
938 781 949 816 :
987 762 1094 814 Καὶ
1119 759 1307 812 τούτου
1367 759 1462 811 τοῦ
1518 759 1801 828 δόγματος,
1856 758 2031 826 inquit
2085 755 2234 810 Basi-

675 856 782 909 lius
827 853 905 923 (9.)
936 855 1002 908 de
1044 853 1361 913 Athanasio,
1392 852 1679 914 κοινωνούς
1713 869 1800 921 μοι
1834 850 2229 921 παρεχομένου,

672 945 795 1007 τούς
824 961 880 997 τε
904 946 1000 1015 τῆς
1025 941 1381 1006 Μακεδονίας,
1407 945 1500 995 καὶ
1530 943 1629 1011 τῆς
1663 941 1877 1010 ’Δχαῖας
1901 940 2230 1002 ἐπισκόπους

676 1037 941 1101 ἃπαντα-ς.
1006 1037 1100 1092 His
1158 1037 1464 1105 impetratis
1511 1035 1705 1089 litteris
1763 1032 2054 1088 hiat-celius
2114 1041 2229 1085 tum

674 1145 796 1191 suo,
842 1142 953 1183 tum
1000 1130 1169 1185 totius
1219 1129 1493 1199 Ancyrani
1532 1127 1666 1182 cieri
1715 1126 1953 1188 nomine,
1981 1132 2230 1178 oratores

675 1221 838 1274 mitnt
883 1222 948 1273 ad
999 1221 1400 1284 Athanasium;
1456 1219 1758 1289 Eugenium
1792 1217 2001 1273 scilicet
2041 1216 2231 1270 diaco-

674 1325 824 1374 num,
856 1313 1118 1381 aliosque,
1147 1312 1239 1381 qui
1267 1311 1446 1366 oblata
1486 1311 1590 1366 sibi
1616 1311 1844 1364 crimina
1876 1308 2226 1379 depellerent,

672 1411 727 1455 et
782 1404 903 1456 fidei
963 1404 1354 1473 professionem
1403 1417 1588 1458 coram
1627 1403 1926 1456 Athanasio
1965 1409 2019 1454 et
2065 1398 2229 1469 Egy-

672 1495 800 1561 ptiis
841 1495 1161 1562 praesulibus
1224 1498 1533 1550 recitarem.
1573 1492 1697 1548 Bac
1723 1508 1888 1564 porro
1929 1493 2126 1564 legatio
2169 1493 2225 1545 in

671 1600 873 1637 annum
923 1586 1026 1639 372
1080 1587 1361 1641 commode
1425 1584 1715 1647 referatur.
1764 1585 1926 1653 cujus
1981 1582 2224 1653 computi

673 1679 809 1730 ratio
852 1678 951 1731 hoc
1003 1680 1162 1732 modo
1211 1679 1490 1733 statuitur.
1551 1675 1785 1732 Basilius
1827 1690 1972 1730 anno
2013 1675 2118 1729 570
2165 1675 2222 1728 in

669 1766 1063 1822 Czesarienscm
1112 1771 1428 1840 episcopum
1483 1776 1770 1840 cooptatus
1808 1775 1892 1823 est
1934 1786 1948 1822 :
1984 1765 2076 1821 cui
2114 1765 2222 1820 fre-

669 1877 843 1930 quens-
871 1877 993 1916 cum
1021 1863 1316 1918 Athanasio
1346 1863 1698 1932 epistolarum
1725 1875 1857 1917 usus
1889 1859 2011 1925 fuit,
2051 1859 2104 1913 in
2130 1873 2225 1912 ea-

669 1966 786 2004 rum
825 1968 946 2022 quae
985 1962 1277 2022 supersunt
1316 1964 1586 2024 postrema
1621 1952 1688 2007 de
1725 1950 2035 2008 damnando
2080 1949 2222 2003 Mar-

667 2045 808 2097 ccllo
837 2047 1035 2114 agitur,
1081 2059 1308 2114 eamque
1333 2060 1435 2100 nos
1462 2046 1520 2100 in
1562 2058 1760 2099 annum
1799 2043 1896 2097 571
1933 2040 2222 2098 conferen-

668 2135 790 2187 dam
817 2145 1089 2204 putamus.
1135 2135 1307 2206 Hujus
1346 2145 1530 2191 sutesn
1575 2135 1864 2191 occasione
1907 2139 2222 2203 susceptam

669 2227 988 2294 legationem
1021 2236 1076 2282 et
1115 2228 1406 2283 adventum
1451 2227 1679 2298 Eugch
1719 2225 2106 2282 Alexandriam
2165 2224 2222 2277 in

667 2331 980 2388 sequentem
1046 2335 1248 2374 annum
1309 2320 1658 2390 conjiclmus,
1706 2321 1835 2391 quia
1899 2327 1979 2373 tot
2032 2317 2221 2373 missis

669 2411 808 2463 ultro
864 2412 1112 2480 citroque
1151 2409 1336 2465 Basilii
1394 2410 1462 2464 ad
1503 2411 1883 2474 Athanasium,
1936 2406 2218 2461 Athanasii

666 2503 733 2555 sd
774 2501 1032 2558 Basiliqu
1083 2503 1299 2566 litteris,
1341 2503 1470 2557 anni
1509 2502 1612 2556 370
1647 2501 1828 2565 linem,
1858 2507 1913 2555 et
1938 2499 2217 2570 sequentis

668 2594 957 2647 maximam
1007 2604 1212 2663 partem
1239 2596 1479 2663 elapsam
1522 2603 1795 2664 putamus.
1841 2591 1900 2646 Id
1934 2601 2114 2646 autem
2149 2606 2215 2646 ex

666 2687 977 2755 conjectura
1013 2697 1220 2741 tantum
1243 2687 1500 2749 dicimus,
1535 2688 1658 2755 quia
1685 2686 2023 2754 exploratum
2065 2682 2214 2737 vide-

667 2784 756 2828 tur
803 2775 855 2830 id
897 2778 1155 2832 extremis
1196 2777 1476 2831 Athanasii
1518 2777 1642 2830 vita:
1675 2778 1855 2838 annis,
1895 2786 1949 2830 et
1983 2774 2216 2830 fortasse

668 2867 942 2921 mensibus
979 2877 1157 2922 actum
1187 2884 1326 2924 esse.
1359 2869 1608 2924 Attamen
1629 2870 1847 2925 nonnisi
1872 2868 2213 2938 augurando,

667 2955 969 3010 litterarum
1013 2960 1154 3012 ultro
1203 2962 1447 3030 citroque
1485 2961 1773 3015 missarum
1831 2961 2003 3030 spatia
2061 2960 2214 3013 meti-

666 3061 805 3099 mur.
832 3045 1051 3101 Certum
1096 3049 1453 3104 nihilominus
1492 3050 1705 3105 videtur
1731 3049 1800 3104 ab
1831 3065 1975 3104 anno
2005 3049 2102 3101 '57!
2148 3048 2211 3102 ad

2336 571 2579 624 munitos
2633 571 2840 642 legatos
2908 585 3037 625 suos
3093 569 3162 623 ad
3199 568 3559 622 Athanasium
3603 564 3782 620 misit.
3829 565 3879 618 ln

2331 660 2436 716 hac
2482 668 2663 716 autem
2718 661 2983 732 legatione
3027 661 3210 714 omnia
3260 658 3486 713 miriﬁce
3540 655 3821 725 quadrans
3866 678 3877 709 :

2337 765 2464 804 nam
2516 758 2712 820 prater
2745 751 2866 804 illas
2904 764 2933 802 s
2968 748 3296 803 lacedonia
3325 756 3378 802 et
3416 746 3639 799 Achaiae
3678 744 3882 814 episco-

2330 842 2436 912 pis,
2487 857 2598 911 quo
2646 849 2891 911 tempore
2933 841 3011 894 illi
3076 855 3201 893 cum
3258 839 3555 893 Athanasio
3601 835 3676 890 de
3727 835 3881 890 rebus

2332 927 2458 982 fidei
2504 929 2812 997 conjunctis
2859 928 3060 982 animis
3118 928 3445 988 tractabant,
3490 927 3767 997 expetitas
3803 926 3882 978 lit-

2330 1027 2524 1085 teras;
2573 1020 2630 1073 in
2688 1018 2812 1072 tidei
2862 1017 3204 1087 professione
3267 1019 3522 1088 legationi
3563 1020 3878 1088 subjuncta,

2330 1114 2526 1159 contra
2569 1107 2868 1160 Anomceos
2911 1106 3169 1165 maxime.
3201 1108 3356 1174 quasi
3391 1117 3522 1162 tunc
3550 1109 3883 1162 tumultuan-

2330 1203 2416 1250 tes
2461 1199 2673 1267 agiter,
2723 1197 2871 1266 quod
2914 1197 3156 1266 apprime
3199 1197 3374 1252 eidem
3421 1202 3660 1272 tempori
3691 1216 3880 1257 conte

2328 1286 2482 1352 niat;
2535 1294 2592 1341 ct
2650 1300 2772 1357 post
2824 1286 2948 1343 fidei
3029 1285 3321 1342 formulam
3371 1305 3403 1342 a
3451 1292 3650 1362 legatis
3706 1307 3880 1347 coram

2327 1374 2626 1431 Athanasio
2697 1379 3017 1442 recitatam,
3096 1379 3576 1436 commendatitias
3650 1383 3760 1452 ipsi
3821 1385 3881 1437 ab

2324 1465 2628 1521 Athanasio
2661 1467 2873 1523 litteras
2909 1469 3210 1539 postulant,
3249 1485 3386 1540 quas
3427 1471 3774 1540 impetratae,
3804 1490 3880 1544 sy-

2325 1556 2469 1611 nodo
2507 1556 2923 1614 Diocesaricnsi
2960 1560 3326 1629 protulerunt,
3356 1569 3414 1613 ut
3444 1561 3591 1614 infra
3627 1561 3877 1617 dicimus.

2429 1667 2516 1718 111.
2539 1669 2615 1720 De
2638 1669 2751 1719 fidei
2771 1669 3074 1731 professione
3099 1669 3315 1721 [arcem
3333 1672 3531 1720 nomine
3548 1675 3775 1722 recitata.

2394 1774 2748 1840 Athanasius,
2786 1782 2845 1829 ut
2868 1776 2962 1847 qui
3001 1776 3296 1830 multorum
3336 1784 3389 1830 et
3430 1774 3620 1831 Basilii
3656 1778 3882 1831 maxime

2325 1873 2550 1919 narratu
2587 1866 2879 1931 abductus,
2913 1876 3224 1937 suspectam
3249 1865 3485 1922 Marcelli
3522 1867 3688 1921 fidem
3723 1867 3878 1922 habe-

2324 1960 2440 2019 ret,
2500 1965 2748 2012 oratores
2789 1955 2859 2011 de
2898 1955 3150 2011 doctrina
3194 1964 3570 2027 percontatur.
3628 1955 3718 2010 Illi
3769 1955 3880 2010 ﬁdei

2325 2043 2616 2101 formulam
2682 2046 2890 2112 edunt,
2965 2047 3249 2118 primoque
3316 2046 3552 2103 heresin
3627 2050 3879 2102 Ariansm

2322 2136 2584 2192 damnant
2619 2138 2997 2201 anathemate,
3029 2152 3094 2192 ac
3125 2138 3188 2191 τὸ
3220 2137 3499 2208 discutiam
3536 2140 3879 2209 proﬁtentur.

2323 2225 2462 2283 Hinc
2513 2227 2620 2284 sibi
2661 2230 2958 2299 ascriptam
2996 2227 3119 2284 Filii
3162 2239 3213 2285 et
3255 2229 3417 2286 Verbi
3471 2230 3880 2286 distinctionem

2319 2319 2642 2390 repudiarit,
2693 2320 3076 2390 affirmantque
3117 2321 3479 2391 sycophantas
3519 2337 3670 2385 esse,
3707 2323 3802 2392 qui
3834 2337 3884 2374 se

2317 2425 2382 2464 ea
2408 2410 2476 2466 de
2504 2427 2562 2466 re
2595 2412 2650 2465 in
2689 2413 2898 2466 crimen
2941 2419 3204 2466 vocarent
3241 2431 3253 2465 :
3297 2411 3601 2466 Sabellium
3646 2413 3884 2481 proscri-

2318 2503 2477 2563 bunt,
2511 2513 2735 2573 tresque
2763 2505 2818 2558 in
2851 2503 3118 2561 Trinitate
3142 2505 3501 2561 subsistentes
3532 2504 3879 2558 conﬁtentur.

2318 2592 2392 2644 Οὐ
2416 2591 2544 2662 γὰρ,
2575 2591 2850 2660 inquiunt,
2882 2593 3245 2646 ἀνυπόστατον
3270 2594 3368 2663 τὴν
3387 2591 3599 2663 Τριὰδα
3620 2592 3880 2661 λέγομεν·

2315 2683 2427 2734 ἀλλ’
2459 2685 2516 2736 ὲν
2553 2684 2845 2738 ὑποστάσει
2887 2685 3055 2753 αὐτὴν
3110 2685 3480 2754 γινώσκομεν
3531 2685 3588 2738 id
3615 2694 3725 2745 est,
3770 2683 3883 2737 Non

2313 2773 2454 2826 enim
2479 2771 2796 2827 Trinitatem
2824 2774 2939 2828 sine
2969 2773 3268 2828 substantia
3305 2773 3409 2827 sive
3451 2772 3733 2844 ἔθειραιαεὶ
3760 2773 3885 2826 dici-

2315 2882 2430 2920 mus
2470 2884 2582 2922 esse
2607 2909 2622 2934 ,
2657 2883 2833 2921 verum
2872 2868 2928 2920 in
2972 2867 3240 2937 hypostasi
3283 2868 3452 2934 ipsum
3494 2868 3880 2936 cognoscimus.

2315 2956 2417 3012 Ubi
2443 2959 2883 3013 animadvertere
2910 2965 2995 3013 est
3028 2957 3340 3012 Marcellum
3385 2972 3486 3027 pro
3529 2967 3760 3012 assueto
3788 2957 3883 3012 sibi

2315 3065 2467 3107 more
2488 3065 2653 3106 unam
2682 3058 2896 3105 tantum
2931 3050 3253 3121 hypostasin
3293 3050 3348 3104 in
3389 3048 3663 3105 Trinitate
3693 3049 3882 3103 admit-

662 3140 766 3193 373
802 3153 911 3208 quo
957 3141 1286 3198 Athanasius
1325 3157 1357 3197 e
1389 3142 1524 3198 vivis
1575 3143 1832 3206 excessit,
1887 3142 2281 3212 legationemc
2316 3147 2453 3204 tere,
2510 3141 2641 3211 quia
2693 3139 2990 3193 ὑπόστασιν
3039 3155 3138 3208 pro
3191 3138 3498 3195 substantia
3564 3139 3881 3210 accipiebat.

661 3247 783 3286 esse
819 3233 1034 3287 factam.

734 3321 799 3375 Ut
859 3333 1038 3377 autem
1099 3339 1220 3377 cum
1283 3325 1481 3393 negotii
1521 3325 1713 3387 series,
1756 3333 1871 3378 tum
1927 3323 2212 3392 legationis

661 3415 947 3483 γνησιότης
982 3419 1218 3484 apertior
1256 3417 1468 3477 evadat,
1503 3417 1763 3469 nonnulla
1799 3415 1887 3467 hic
1919 3416 2212 3469 observare

660 3519 840 3572 opera:
914 3509 1146 3573 pretium
1215 3507 1398 3560 fuerit.
1471 3506 1738 3561 Nimirum
1803 3521 1912 3575 quo
1969 3513 2213 3576 tempore

660 3597 995 3654 Athanasius
1045 3609 1098 3653 et
1129 3600 1382 3664 Basilius,
1420 3601 1602 3655 missis
1645 3602 1899 3669 utrinque
1941 3600 2209 3668 epistolis,

661 3689 727 3741 de
766 3690 927 3743 rebus
972 3691 1360 3745 ecclesiasticis
1415 3693 1666 3760 agebant,
1715 3692 1925 3744 scilicet
1959 3692 2028 3744 ab
2071 3705 2214 3743 anno

659 3776 763 3828 370
804 3777 869 3829 ad
905 3778 1009 3832 375
1057 3791 1298 3833 mutuam
1353 3782 1478 3833 item
1533 3781 1830 3836 Athanasio
1872 3781 2040 3836 fuisse
2090 3795 2212 3833 cum

664 3859 904 3930 Epicteto
955 3863 1201 3917 Corinthi
1249 3876 1301 3920 et
1359 3867 1480 3922 aliis
1527 3868 1740 3922 Achaia:
1781 3877 1833 3922 et
1887 3869 2216 3924 Macedonia:

655 3953 927 4024 episcopis
966 3955 1267 4010 litterarum
1317 3957 1385 4012 de
1432 3957 1596 4011 rebus
1635 3959 1791 4013 ﬁdem
1846 3962 2217 4029 spectantibus

661 4043 1127 4106 consuetudinem,
1177 4054 1234 4098 ut
1280 4047 1332 4099 in
1375 4048 1602 4116 epistola
1646 4049 1927 4104 Athanasii
1978 4051 2045 4105 ad
2091 4051 2215 4120 Epi—

659 4141 861 4187 ctetum
891 4134 1138 4189 Corinthi
1174 4152 1316 4191 anno
1352 4139 1448 4190 571
1503 4140 1668 4194 missa
1711 4139 1892 4193 videre
1920 4149 2024 4205 est,
2061 4142 2209 4196 item-

660 4241 765 4292 que
802 4242 863 4279 ex
891 4228 1054 4280 allato
1080 4244 1242 4298 supra
1282 4228 1466 4283 Basilii
1497 4232 1616 4286 loco
1643 4233 2048 4300 comprobatur.
2076 4232 2213 4287 Cum

661 4331 791 4388 ergo
820 4320 941 4371 novi
988 4320 1265 4388 quidpiam
1309 4320 1376 4374 de
1427 4322 1696 4377 catholica
1730 4322 1832 4377 fide
1868 4323 1921 4377 in
1957 4323 2215 4379 Ecclesiis

660 4409 875 4463 Achaia:
927 4422 977 4464 et
1027 4411 1352 4466 Macedonia:
1400 4415 1718 4482 agitaretur,
1777 4430 1865 4468 res
1924 4417 2104 4469 statim
2150 4418 2214 4470 ad

2315 3228 2433 3294 Qua
2460 3229 2527 3283 de
2560 3243 2621 3282 rc
2657 3234 2839 3281 actum
2875 3235 2959 3282 est
2992 3228 3045 3281 in
3092 3229 3301 3298 synodo
3327 3226 3703 3281 Alexandrina
3746 3242 3884 3281 anno

2315 3319 2440 3382 562,
2473 3320 2564 3373 ubi
2591 3318 2775 3372 allatis
2810 3317 2956 3371 ultro
2997 3318 3252 3386 citroque
3286 3316 3616 3382 rationibus,
3666 3327 3781 3370 tam
3821 3316 3883 3370 iis

2313 3413 2422 3478 qui-
2445 3425 2608 3464 unam
2643 3417 2876 3477 tantum,
2917 3425 2946 3464 e
2975 3425 3207 3480 quorum
3245 3424 3470 3465 numero
3503 3408 3880 3468 Marcelliani:

2314 3517 2476 3572 quam
2508 3503 2574 3559 iis
2603 3504 2694 3572 qui
2725 3511 2837 3558 tres
2857 3503 3180 3573 hypostascs
3213 3501 3633 3572 profitebantur,
3665 3507 3740 3555 ut
3760 3516 3882 3556 suas

2316 3593 2418 3647 sibi
2451 3593 2714 3649 formulas
2743 3594 3044 3649 retinerent
3076 3608 3400 3654 concessum
3430 3601 3550 3657 est;
3581 3592 3713 3647 dum
3736 3593 3774 3646 ii
3793 3593 3879 3662 qui

2318 3699 2504 3749 unam,
2537 3687 2702 3740 trium
2753 3686 3160 3740 distinctionem
3191 3704 3204 3750 ;
3247 3686 3283 3740 ii
3315 3700 3445 3740 vero
3493 3685 3588 3755 qui
3639 3692 3758 3739 tres
3793 3685 3872 3753 hy~

2316 3783 2561 3843 postases
2627 3773 2906 3836 dicebant,
2970 3774 3230 3827 unitatem
3279 3771 3596 3827 substantiae
3666 3772 3878 3841 profite-

2318 3875 2525 3920 rentur.
2565 3864 2678 3920 Sub
2723 3866 2837 3920 hmc
2883 3873 3062 3920 autem
3105 3872 3294 3919 contra
3337 3867 3636 3920 Anommos
3683 3864 3877 3934 agitur.

2316 3959 2409 4028 qui
2448 3956 2642 4012 Filium
2678 3958 2826 4010 Patri
2874 3955 3215 4020 dissimilem,
3262 3953 3531 4024 Spiritum
3593 3969 3731 4009 vero
3761 3969 3876 4009 san-

2319 4056 2465 4101 ctum
2494 4054 2799 4102 creaturam
2827 4061 2949 4101 esse
2975 4045 3249 4100 dicebant.
3291 4043 3430 4100 Hinc
3468 4045 3791 4114 proceditur
3817 4047 3878 4097 ad

2317 4151 2510 4191 eorum
2555 4136 2947 4207 repudiandam
2992 4137 3336 4201 sententiam,
3378 4135 3470 4204 qui
3510 4133 3763 4189 dicerent
3792 4133 3876 4188 Fi-

2321 4228 2452 4300 lium
2502 4223 2598 4282 Dei
2644 4227 2699 4281 in
2745 4234 2991 4281 sanctum
3037 4225 3308 4279 hominem
3361 4240 3424 4279 ex
3479 4223 3650 4278 Maria
3700 4235 3877 4278 natum

2325 4315 2552 4384 perinde
2588 4323 2751 4385 atque
2784 4316 2836 4369 in
2868 4315 3100 4385 aliquem
3138 4331 3205 4370 ex
3238 4315 3515 4385 prophetis
3544 4315 3832 4371 advenisse
3866 4336 3872 4343 ·

2321 4421 2482 4476 quam
2512 4405 2743 4460 hzeresin
2773 4421 2803 4459 a
2841 4405 3011 4460 Paulo
3056 4403 3431 4469 Samosateno,
3475 4413 3535 4459 ut
3567 4408 3875 4476 putabatur.

661 4502 1016 4556 Athanasium
1042 4503 1406 4570 deferebatur,
1438 4514 1496 4558 ut
1529 4508 1664 4560 tanti
1707 4507 1948 4563 doctoris
1973 4510 2217 4563 auctori-
2248 4486 2290 4539 υ
2321 4508 2528 4566 ortam,
2571 4512 2761 4570 postea
2801 4499 3189 4568 redintegravit
3234 4498 3537 4561 Nestorius.
3571 4515 3680 4570 qua
3725 4500 3794 4554 de
3828 4515 3875 4551 rt

661 4601 789 4656 tate,
813 4595 858 4649 si
888 4594 1017 4662 quid
1049 4597 1173 4650 novi
1205 4611 1236 4648 a
1259 4600 1568 4652 temerariis
1599 4599 1924 4663 hominibus,
1956 4600 2048 4669 qui
2082 4601 2217 4656 bene

661 4685 818 4739 multi
857 4687 948 4739 illa
997 4697 1314 4756 tempestate
1351 4698 1529 4753 erant,
1573 4691 1718 4744 circa
1753 4691 1958 4747 Christi
2011 4693 2218 4748 doctri-

662 4789 785 4828 nam
823 4775 1158 4846 proferretur
1199 4778 1252 4832 in
1290 4778 1526 4834 medium
1560 4797 1574 4846 ;
1630 4781 1812 4834 statim
1848 4781 1930 4835 vel
1976 4784 2216 4852 compri-

661 4875 921 4927 meretur,
976 4868 1055 4920 vel
1105 4867 1502 4932 confutaretur,
1555 4886 1623 4924 ne
1677 4872 1953 4941 vulgatum
2014 4875 2215 4926 malum

661 4954 824 5010 latius
856 4966 1118 5026 serperet.
1152 4958 1227 5014 Ne
1270 4963 1457 5023 multa,
1497 4963 1639 5016 inter
1685 4964 1967 5033 episc0pos
1998 4965 2216 5019 Achaiae

657 5052 709 5100 et
751 5047 1108 5104 Athanasium
1158 5054 1293 5103 mira
1344 5061 1465 5106 erat
1521 5054 1782 5108 doctrinae
1833 5065 1884 5108 et
1934 5057 2215 5126 religionis

658 5139 1035 5193 consonantia.
1060 5139 1195 5194 Cum
1225 5158 1353 5212 ergo
1382 5144 1668 5199 Marcellus
1707 5162 1764 5200 se
1797 5162 1825 5199 a
1865 5145 2086 5210 Basilio,
2121 5151 2213 5217 qui

659 5229 1033 5301 itemntagna
1090 5243 1207 5287 erat
1253 5236 1397 5304 apud
1454 5237 1811 5291 Athanasium
1866 5242 2209 5302 auctoritate,

657 5322 852 5376 acriter
904 5325 1206 5394 impetitum
1241 5336 1514 5390 cerneret,
1563 5343 1625 5383 ac
1675 5331 1970 5399 instigante
2009 5329 2210 5387 Basilio

656 5428 714 5466 se
748 5412 815 5467 ab
855 5415 1153 5472 Athanasio
1183 5418 1550 5474 damnandum
1584 5421 1698 5476 fore
1739 5425 2118 5491 prospiceret;
2154 5431 2212 5478 ut

658 5505 792 5553 tanti
842 5507 1069 5573 periculi
1112 5508 1329 5572 molem,
1364 5511 1742 5579 episcoporum
1773 5512 1989 5566 Achaia:
2017 5521 2072 5567 et
2105 5514 2214 5566 Ma-

656 5592 895 5647 cedoniae
949 5597 1441 5661 commendatione,
1499 5600 1825 5664 declinaret,
1878 5603 2090 5656 litteras
2147 5603 2218 5655 ab

2323 4590 2507 4659 gravia
2552 4591 2606 4642 in
2648 4589 2869 4644 Oriente
2907 4587 3134 4643 dissidia
3172 4589 3402 4642 excitata
3445 4598 3576 4644 sunt
3609 4608 3623 4642 :
3663 4590 3875 4643 demum

2323 4679 2577 4734 damnata
2634 4680 2784 4734 Pauli
2833 4678 3168 4734 Samosateni
3214 4686 3268 4733 et
3319 4678 3536 4734 Photini
3581 4680 3873 4750 impietate.

2321 4772 2593 4827 clauditur
2631 4771 2754 4826 fidei
2788 4769 3039 4834 formula,
3069 4786 3174 4841 qua
3211 4771 3413 4825 nullam
3454 4782 3653 4841 quarto
3683 4775 3875 4826 saeuis

2324 4861 2736 4915 luculentiorem
2758 4900 2773 4924 ,
2809 4860 3041 4930 fideique
3077 4860 3370 4917 Catholicae
3399 4864 3870 4933 congruentioretn

2322 4954 2582 5022 reperias.

2456 5042 2531 5092 IV.
2559 5045 2630 5094 De
2652 5042 3088 5105 subscriptionibus
3110 5043 3445 5106 .Egyptiorum
3467 5047 3754 5108 prconium.

2390 5144 2502 5200 Hac
2542 5145 2684 5202 edita
2720 5145 3097 5209 confessione,
3126 5155 3373 5202 oratores
3410 5146 3870 5201 commendatitias

2320 5237 2529 5290 litteras
2560 5237 2628 5290 ab
2655 5236 2957 5292 Athanasio
2980 5239 3255 5306 postulant
3283 5241 3703 5310 impetrantque.
3744 5241 3871 5293 Tum

2319 5329 2648 5385 Athanasius
2690 5330 3002 5398 ceterique,
3029 5330 3122 5399 qui
3161 5331 3447 5384 conventui
3492 5325 3864 5385 interfuerant.

2320 5420 2444 5476 ﬁdei
2491 5420 2886 5491 professionem
2936 5419 3209 5491 suﬂragiis
3238 5431 3292 5476 et
3330 5421 3735 5491 subscriptione
3781 5438 3868 5476 sus

2321 5513 2592 5566 muniunt.
2631 5509 2723 5565 Hae
2751 5526 2914 5581 porro
2957 5512 3382 5581 subscriptiones
3427 5511 3634 5566 mutila:
3669 5512 3739 5565 ad
3779 5526 3863 5563 nos

2322 5603 2691 5670 devenerunt;
2733 5606 2809 5658 ita
2849 5611 2907 5658 ut
2935 5605 3216 5659 Athanasii
3253 5618 3474 5669 nomen,
3501 5605 3649 5676 quod
3676 5603 3858 5658 suifra-

711 5747 788 5815 (Ξ)
822 5747 990 5818 Epist.
1029 5753 1112 5808 75.
1157 5753 1287 5809 Vide
1325 5755 1449 5809 item
1473 5757 1632 5823 epist.
1673 5757 1949 5810 Athanasii
1985 5757 2052 5811 ad
2083 5756 2386 5822 Epictetum
2419 5757 2683 5814 Corinthi.
