4044 6324
147 383 177 437 Ι
192 382 290 440 Ξ97

1387 389 1728 448 IIABCELLI
1760 389 2110 448 ANCYHANI

3232 397 3364 454 1298
3434 471 3440 478 η

143 500 262 570 εὶὶε
297 498 438 554 haud
463 500 626 556 dubie
645 504 983 573 praemissum
1018 504 1214 573 fuerat,
1239 523 1347 563 non
1380 519 1712 580 compareat,
1744 516 1790 570 A
1818 527 1919 566 non
1952 523 2130 567 tamen
2172 514 2385 570 licuisse
2431 519 2570 572 vobis
2613 519 2742 585 ipsis
2779 534 2885 572 rens
2935 519 3072 570 tanti
3120 528 3364 571 momenti

147 600 500 664 quatuorque
549 603 757 649 tantum
799 598 1093 664 praesulum
1151 601 1373 655 nomina
1410 604 1710 671 supersint.

148 681 372 739 Primus
419 691 505 740 est
545 684 858 741 Thcodulus
904 686 1224 760 Oxyrinchi,
1261 693 1421 761 cuius
1459 694 1714 765 nuspiam

154 779 427 832 memoria
486 780 746 832 occurrit.
806 780 956 836 Alter
998 791 1115 848 est,
1172 782 1366 843 Plenes
1423 787 1716 857 episcopus

151 866 476 934 Bermothi,
521 870 636 926 sive
669 870 967 938 licrmethi,
1008 875 1057 929 is
1092 875 1229 947 ipse,
1265 883 1328 932 ut
1359 879 1594 942 videtur,
1623 877 1716 948 qui

154 962 235 1017 ab
275 962 582 1018 Alexandro
624 965 930 1029 ordinatus.
967 967 1037 1021 ab
1063 967 1282 1024 Arianis
1314 970 1370 1026 in
1398 969 1718 1025 Ammonia-

153 1068 284 1110 cam
330 1055 601 1124 relegatus
653 1055 826 1111 fuerat
883 1073 1027 1115 anno
1065 1059 1190 1125 356,
1234 1063 1439 1134 quique
1487 1062 1602 1133 jam
1663 1063 1718 1116 in

153 1145 483 1215 episcopatu
547 1159 930 1205 consenuerat.
995 1148 1214 1208 Tertius
1285 1161 1374 1209 est
1438 1151 1721 1224 lsehyrion

153 1236 452 1305 episcopus
484 1232 713 1301 Leonto,
748 1239 860 1294 sive
884 1239 1233 1312 Leontopolis
1265 1261 1279 1297 :
1315 1242 1459 1298 idem
1490 1242 1722 1299 fortasse

156 1325 260 1394 qui
301 1324 355 1378 in
385 1325 596 1395 synodo
629 1326 788 1398 Tyria
835 1343 1058 1386 causam
1095 1332 1383 1388 Athanasii
1426 1348 1552 1388 cum
1600 1334 1722 1390 aliis

162 1414 437 1486 A-Igyptlis
473 1419 794 1486 praesulibus
823 1430 1044 1477 strenue
1069 1424 1260 1493 gessit.
1291 1423 1604 1480 Postremus
1640 1433 1722 1482 est

159 1504 320 1560 Isaac
359 1507 669 1578 episcopus.
708 1507 879 1571 Cujus
917 1512 1157 1568 nominis
1194 1513 1416 1583 quidam
1454 1516 1724 1584 reperitur

158 1599 312 1651 inter
337 1594 614 1667 ,λεπριὶοε
649 1603 938 1669 episcopos
981 1601 1038 1656 in
1078 1601 1572 1677 subscriptionibua
1596 1603 1725 1660 Sar-

158 1684 501 1742 dicensibus.
532 1688 636 1742 Alii
664 1689 1078 1746 interciderunt.

574 1840 632 1890 Υ.
657 1841 751 1901 Qui
768 1841 915 1893 fuerit
937 1847 1123 1909 negotii
1145 1847 1324 1900 exitus.

237 1980 355 2036 Jam
385 1997 514 2039 vero
545 1991 734 2048 restat.
765 1993 824 2040 ut
857 1987 953 2056 qui
981 1990 1118 2043 tanti
1162 1993 1366 2062 negotii
1402 1995 1581 2054 exitus
1608 1996 1726 2053 fue-

165 2077 237 2127 rit
273 2077 600 2145 aperiamus.
635 2078 966 2136 Athanasius
987 2095 1132 2137 anno
1162 2083 1267 2138 575
1286 2084 1576 2144 defunctus
1606 2100 1722 2144 est:

167 2166 460 2222 Marcellus
510 2183 638 2223 vero
687 2171 932 2240 sequenti
963 2171 1067 2226 574
1108 2180 1167 2227 ut
1197 2174 1402 2230 dictum
1452 2186 1555 2232 est.
1600 2177 1728 2234 Post

163 2254 300 2322 ejus
320 2255 549 2320 obitum,
598 2257 763 2326 paulo
810 2265 1099 2331 antequam
1129 2261 1197 2317 de
1240 2259 1492 2320 Marcello
1520 2267 1721 2322 scribe.

168 2354 253 2397 ret
284 2342 635 2415 Epiphanius,
674 2362 798 2402 nam
840 2365 956 2405 rem
1018 2352 1110 2406 ille
1137 2353 1426 2409 admodum
1462 2372 1727 2425 nuperam

167 2454 295 2492 esse
341 2438 684 2504 testiﬁcatur,
713 2441 935 2512 quidam
965 2442 1236 2515 Ancyrani
1269 2463 1333 2502 ex
1365 2447 1600 2504 Marcelli
1645 2452 1728 2507 di-

169 2529 415 2598 scipulis,
467 2528 657 2586 Patres
705 2531 1054 2590 Dioczsareze
1102 2552 1201 2608 pro
1259 2537 1362 2594 ﬁde
1420 2541 1728 2598 exsulantes

171 2621 462 2689 adierunt;
519 2623 772 2679 videlicet
824 2623 1120 2692 Photinus,
1181 2627 1535 2696 Eustathius,
1592 2633 1730 2688 alter

171 2713 470 2778 Photinus,
527 2713 790 2784 Sigerius,
843 2717 1181 2788 presbyteri;
1241 2719 1484 2791 Hyginus
1550 2723 1731 2779 diaco-

168 2821 311 2867 nus,
363 2805 673 2862 Heraclides
727 2807 1126 2873 subdiaconus,
1179 2810 1439 2881 Cyriacus
1497 2816 1729 2884 προστά-

167 2911 293 2966 της,
317 2897 368 2965 id
393 2905 495 2960 est,
528 2906 792 2968 patronus
822 2901 906 2955 vel
926 2899 1201 2964 defensor,
1231 2903 1564 2973 prolatisque
1589 2921 1731 2958 com-

171 2987 508 3042 mendatitiis
554 2998 610 3042 et
648 2991 1150 3045 eommunicatoriis
1204 2991 1485 3045 Athanasii
1537 2993 1731 3050 litteris

170 3091 314 3147 quas
358 3092 387 3130 a
423 3078 614 3148 legatis
648 3079 943 3148 postulatae
976 3080 1400 3150 impetratasque
1434 3098 1597 3151 supra
1627 3099 1734 3138 me-

1752 1835 1799 1896 B

1812 606 2143 670 permittere;
2187 607 2279 660 sed
2321 611 2612 674 oportuisse
2640 626 2818 662 eorum
2853 610 2941 678 qui
2978 619 3085 661 tant
3127 610 3181 661 in
3219 607 3343 662 Occi

1813 691 1985 756 dente,
2031 710 2188 763 quam
2222 698 2278 749 in
2319 696 2530 751 Oriente
2560 709 2740 752 vestrm
2778 698 3155 753 cunmunionis
3195 706 3346 750 erant
3388 720 3390 724 τ

1813 785 2046 841 calculos
2093 795 2146 841 et
2189 789 2501 842 sententiam
2549 791 2690 844 circa
2737 791 3113 844 restitutionem
3161 788 3355 841 illorun

1813 887 2134 944 exspectare.
2177 877 2301 933 Haec
2353 878 2628 946 Basilius;
2684 881 2767 935 vel
2817 880 3070 950 ignorans
3116 894 3202 942 ea,
3250 892 3367 947 quat

1815 965 2157 1020 Alexandria:
2205 965 2259 1020 in
2305 967 2535 1035 gratiam
2571 967 2805 1023 Marcelli
2847 977 2900 1024 et
2943 969 3270 1023 asseclarum
3305 966 3369 1020 ah

1816 1055 2114 1112 Athanasio
2146 1065 2296 1127 gesta
2337 1057 2585 1122 fuerant;
2617 1059 2720 1121 vel,
2756 1068 2815 1113 ut
2843 1073 2970 1114 vero
3000 1059 3249 1120 similius,
3292 1070 3349 1109 ra

1817 1156 1908 1202 tus
1941 1147 2254 1203 Marcellum
2304 1154 2358 1202 et
2411 1147 2787 1205 Marcellianos
2838 1151 2891 1203 in
2941 1148 3062 1204 ﬁdei
3103 1147 3370 1209 formulis,

1816 1252 1956 1307 quas
2003 1237 2303 1292 Athanasio
2354 1245 2408 1294 et
2465 1237 2979 1298 Dioczesaricnsibus
3030 1239 3371 1301 obtulerant,

1818 1328 2048 1383 subdole
2074 1336 2128 1384 et
2162 1328 2533 1386 fraudulenter
2561 1333 2755 1402 egisse.
2802 1331 2914 1387 Etsi
2943 1346 3070 1385 vero
3109 1329 3366 1385 Dioczesa-

1818 1416 2081 1470 riensium
2115 1415 2184 1470 ad
2213 1415 2470 1471 Basilium
2503 1433 2823 1487 responsum
2861 1433 3126 1488 nusquam
3159 1433 3362 1486 compa

1820 1515 1973 1574 rest,
2019 1523 2142 1563 cum
2184 1508 2348 1563 rebus
2380 1509 2532 1578 ipsis,
2577 1519 2689 1564 tum
2725 1510 3180 1580 subsequentibus
3211 1510 3374 1579 gestis

1819 1601 2203 1665 suadentibus,
2257 1603 2600 1672 exploratum
2661 1603 2888 1666 videtur,
2931 1601 3374 1657 Diocaesarienses

1825 1691 2034 1748 Basilio
2056 1693 2364 1764 reposuisse
2397 1713 2409 1747 :
2439 1709 2548 1749 non
2584 1694 2801 1750 licuisse
2831 1695 2931 1750 sibi
2967 1694 3051 1756 iis,
3079 1692 3171 1762 qui
3192 1705 3376 1744 omnes

1827 1782 2083 1839 Marcello
2120 1785 2412 1838 attributus
2437 1799 2656 1839 errores
2711 1784 3144 1854 proscripserant
3166 1780 3371 1834 anathe

1826 1889 2075 1945 maleque
2097 1876 2443 1939 damnarant,
2476 1877 2679 1946 quique
2715 1876 2944 1947 symboli
2979 1873 3181 1929 Nicazni
3221 1871 3377 1926 fidem

1822 1968 2076 2037 professi,
2124 1970 2346 2038 insuper
2377 1982 2407 2022 a
2445 1983 2638 2037 magno
2672 1968 2763 2021 illo
2803 1966 3101 2020 Athanasio
3134 1965 3365 2033 aliisque

1827 2053 2095 2128 ALgyptiis
2127 2058 2397 2128 episcopis
2445 2060 2645 2128 recepti
2693 2058 3022 2125 admissique
3061 2056 3290 2117 fuerant,
3322 2061 3379 2107 ut

1823 2146 2065 2218 ejusdem
2100 2147 2380 2203 Athanasii
2403 2148 2596 2203 littera:
2631 2147 2788 2202 fidem
2826 2147 3114 2208 faciebant.
3142 2161 3379 2202 commu-

1826 2239 2044 2293 nionem
2100 2239 2527 2295 ecclesiasticam
2574 2239 2860 2309 denegare.
2911 2237 3005 2294 flis
3045 2239 3282 2295 demum.
3321 2244 3382 2292 ut

1824 2329 2047 2385 credere
2096 2337 2202 2394 est,
2250 2330 2529 2401 mitigatus
2593 2329 2866 2394 Basilius,
2921 2330 3045 2385 licet
3094 2345 3265 2399 aegre,
3315 2329 3381 2383 ad

1827 2418 2202 2476 Marcellianos
2228 2421 2566 2490 recipiendos
2595 2423 2834 2476 animum
2865 2421 3090 2490 appulit,
3117 2436 3177 2474 ea
3202 2428 3379 2474 tamen

1825 2513 2078 2566 cautione
2101 2521 2238 2567 utne
2253 2512 2597 2568 videreturse
2622 2513 2688 2567 ad
2704 2512 3076 2566 Marcellianos
3089 2511 3382 2566 accessisse

1827 2602 1923 2656 sed
1954 2600 2334 2657 Marcellianos
2359 2601 2412 2656 in
2442 2601 2741 2657 Ecclesiam
2774 2601 2864 2655 Dei
2907 2602 3160 2655 reductos
3193 2599 3378 2655 fuisse.

1827 2690 1952 2746 Hec
1977 2692 2179 2762 quippe
2212 2692 2406 2748 scribit
2437 2692 2620 2762 (epist.
2645 2693 2770 2756 521)
2805 2693 2869 2746 ad
2904 2691 3116 2745 Petrum
3154 2690 3384 2744 Alexan-

1826 2781 2044 2837 drinum
2077 2785 2363 2854 praesulem
2385 2802 2398 2839 :
2423 2784 2687 2847 Πολλάκις
2712 2780 2801 2839 οὖν
2827 2782 3069 2851 ὀχληθεὶς
3105 2781 3252 2851 παρὰ
3280 2782 3387 2834 τῶν

1828 2873 2102 2937 Γαλατῶν,
2151 2875 2403 2927 οὐδέποτε
2446 2875 2716 2943 ἠδυνήθην
2763 2875 2944 2936 αὐτοῖς
2997 2873 3386 2941 ἀποκρίνασθαι

1829 2963 2112 3032 ἀναμένων
2166 2964 2266 3026 τὰς
2320 2965 2591 3036 ὑμετέρας
2647 2965 2944 3034 ἐπικρίσεις
3000 2960 3382 3035 ίάποκρίσειςῙ.

1832 3052 1942 3103 Καὶ
1971 3050 2083 3112 νῦν,
2109 3051 2202 3104 ἐὰν
2235 3053 2262 3104 6
2287 3053 2488 3122 Κύριος
2511 3053 2605 3121 δῷ,
2632 3054 2723 3106 καὶ
2751 3052 3042 3124 θελήσωσιν
3066 3069 3225 3123 ανασ)
3239 3051 3387 3107 έαθαι

175 3171 458 3235 minimus,
504 3170 628 3226 fidei
673 3169 1073 3227 confessionem
1124 3173 1289 3226 edunt
1325 3173 1423 3242 (ll,
1464 3140 1551 3227 cui
1586 3190 1730 3245 sym-

1836 3140 2010 3210 ἡμῶν,
2047 3140 2335 3212 ἐλπίζομεν
2365 3143 2454 3196 τὸν
2481 3145 2607 3197 λαὸν
2639 3145 2924 3215 προσάξειν
2952 3147 3015 3212 τῇ
3061 3144 3353 3213 Ἐκκλησία
3372 3162 3384 3174 ο

173 3262 359 3317 bolum
399 3261 672 3316 Nicmnum
720 3261 1070 3316 subnectunt.
1109 3261 1202 3315 Est
1250 3270 1430 3316 autem
1461 3262 1733 3317 confessio

175 3366 288 3404 non
322 3351 584 3406 absimilis
637 3351 686 3405 ei
725 3366 886 3420 quam
928 3351 1224 3407 Athanasio
1255 3353 1563 3406 obtulerant
1594 3372 1607 3406 :
1640 3369 1733 3407 ve-

175 3458 302 3496 rum
331 3443 387 3497 in
415 3443 516 3496 hac
542 3443 764 3508 diserte,
793 3445 918 3514 τρία
944 3443 1230 3514 πρόσωπα,
1273 3443 1389 3496 sive
1416 3451 1526 3496 tres
1557 3459 1737 3512 perso-

175 3549 281 3588 nas
327 3535 380 3587 in
434 3532 698 3588 Trinitate
739 3534 1083 3599 confitentur,
1125 3533 1266 3603 quod
1303 3548 1436 3587 sane
1493 3535 1735 3604 magistri

175 3623 266 3675 sui
307 3621 546 3676 Marcelli
585 3622 829 3690 opinioni
860 3622 1104 3690 apprime
1138 3627 1403 3675 consonat
1434 3639 1446 3672 :
1479 3635 1603 3672 nam
1648 3620 1738 3673 ille

176 3714 350 3769 Deum
397 3714 796 3784 τριπρόσωπον.
832 3713 947 3769 sive
981 3711 1389 3781 tripersonalem
1422 3726 1544 3766 esse
1584 3711 1734 3773 dicit,

175 3820 290 3876 qua
320 3805 386 3859 de
435 3820 493 3862 re
539 3811 826 3858 accusatus
873 3804 942 3858 ab
987 3802 1220 3858 Eusebio
1255 3803 1430 3857 fuerat
1467 3821 1478 3855 :
1521 3816 1737 3856 errores

177 3909 311 3950 vero
357 3893 714 3949 Marcellianis
746 3895 1013 3964 ascriptos
1047 3895 1392 3949 anathemate
1452 3894 1732 3948 damnant.

181 3985 282 4038 liis
306 3985 610 4055 conspectis
637 3983 1086 4040 Diocmsarienses
1115 3986 1474 4050 couicssores,
1504 3986 1596 4055 qui
1629 3987 1740 4054 ple-

179 4078 339 4145 rique
372 4092 560 4132 omnes
588 4077 882 4131 Athanasio
917 4076 1209 4132 familiares
1235 4078 1467 4140 fuerant,
1498 4079 1646 4146 ipsos
1671 4079 1737 4131 ad

177 4169 618 4222 communionem
667 4168 956 4235 recipiunt.
1005 4168 1074 4222 At
1125 4167 1357 4222 Basilius
1393 4169 1574 4240 (epist.
1614 4169 1737 4236 295)

178 4258 460 4313 ardentior
501 4256 882 4314 ecclesiastica:
910 4258 1030 4312 fidei
1077 4259 1416 4313 vindicandae
1463 4257 1736 4328 cupidine,

177 4351 311 4419 quia
344 4350 509 4404 semel
535 4359 854 4418 conceptam
899 4348 966 4402 de
1014 4348 1250 4402 Marcelli
1298 4350 1578 4419 impietate
1622 4350 1741 4418 opi-

181 4445 401 4496 nionem
441 4441 526 4494 vis
563 4441 781 4495 missam
828 4441 1007 4496 facere
1039 4448 1270 4511 poterat,
1304 4457 1426 4494 cum
1470 4439 1741 4494 Dioczesa-

179 4533 460 4587 riensibus
518 4533 763 4601 patribus
809 4549 916 4587 non
969 4532 1158 4587 leviter
1212 4532 1539 4599 expostulat,
1593 4531 1735 4599 quod

181 4623 561 4677 Marcellianos
617 4623 684 4676 ad
738 4625 1178 4679 communionem
1237 4623 1558 4676 inconsultis
1621 4622 1740 4676 aliis

184 4713 462 4782 episcopis
492 4712 806 4767 admiserint
839 4733 849 4766 :
886 4715 961 4767 ait
991 4729 1119 4768 vero
1146 4733 1156 4766 :
1190 4713 1337 4776 Τέως
1392 4712 1448 4764 δὲ
1483 4712 1576 4763 νῦν
1608 4728 1740 4764 κατ-

182 4803 450 4867 αξιώσατε
503 4807 632 4872 ἡμῖν
675 4805 987 4858 ἀποστεῖλαι
1020 4806 1118 4868 τὰς
1149 4805 1469 4872 προτάσεις,
1522 4803 1604 4870 ἐφ’
1657 4797 1742 4864 αἷς

182 4892 436 4957 ἐδέξασθε
478 4896 602 4955 τοὺς
652 4894 1004 4965 Μαρκέλλου⁹
1043 4897 1215 4948 ἐκεῖνο
1246 4895 1464 4957 εἰδότες,
1506 4895 1607 4957 ὅτι,
1641 4895 1743 4947 κᾶν

184 4984 330 5035 πάνυ
369 4982 430 5035 τὸ
462 4982 582 5034 καθ’
613 4984 836 5044 ἑαυτοὺς
880 4984 1270 5053 ἁσφαλίσησθε,
1310 4985 1489 5053 μόνοις
1534 4985 1744 5043 ἑαυτοῖς

183 5073 471 5142 ἐπιτρέψαι
503 5077 731 5151 πρᾶγμα
768 5074 1017 5128 τοσοῦτον
1049 5078 1149 5127 οὐκ
1178 5075 1444 5141 ὀφείλετε·
1483 5074 1614 5125 ἀλλὰ
1640 5076 1743 5144 χρὴ

186 5164 437 5226 καὶτοὺς
482 5165 540 5216 ἐν
574 5169 638 5234 τῇ
686 5166 852 5230 δύσει,
895 5169 986 5218 καὶ
1019 5167 1143 5228 τοὺς
1188 5167 1327 5220 κατὰ
1360 5165 1456 5235 τὴν
1487 5164 1746 5234 ἀνατολὴν

188 5255 537 5317 κοινωνικοὺς
591 5256 910 5327 συμψήφους
958 5258 1135 5310 αὐτῶν
1186 5261 1250 5327 τῇ
1309 5257 1745 5310 ὰποκαταστάσει

188 5345 472 5415 γενέσθαι·
529 5346 583 5399 id
632 5359 713 5402 est
746 5367 759 5401 :
795 5349 884 5401 l'el
928 5365 1063 5402 nunc
1109 5349 1294 5402 saltem
1345 5349 1494 5402 nobis
1545 5350 1748 5402 mittere

187 5437 474 5504 dignemini
505 5438 733 5491 rationes
768 5448 821 5490 et
848 5455 1058 5502 causas,
1088 5439 1274 5509 quibus
1315 5438 1385 5491 ad
1431 5437 1746 5508 recipiendos

194 5526 435 5580 Marcelli
471 5529 700 5596 gregales
743 5529 939 5582 inducti
967 5531 1089 5583 estis
1121 5546 1140 5583 :
1171 5547 1274 5585 non
1321 5531 1503 5592 nescii,
1538 5531 1748 5583 etiamsi

193 5637 276 5676 res
314 5627 509 5674 uestras
557 5629 668 5672 tuto
704 5630 753 5673 et
790 5620 1114 5676 considerate
1155 5623 1401 5675 statuisse
1446 5621 1744 5684 videamini,

266 5756 344 5817 (ll
383 5752 646 5814 Epiphan.
684 5768 736 5815 ο.
770 5752 889 5807 845.

1833 3232 1909 3294 ὼς
1931 3233 2002 3301 μὴ
2018 3234 2210 3296 αὐτοὺς
2237 3235 2382 3303 ἡμᾶς
2406 3235 2752 3298 ὀνειδίζεσθαι
2770 3237 3187 3306 Μαρκελλιανοῖς
3220 3253 3387 3307 προσ-

1836 3325 2225 3394 κεχωρηκέναι,
2259 3324 2371 3378 ἁλλ“
2416 3326 2654 3390 ἐκείνους
2691 3327 2822 3398 μέλη
2867 3327 3112 3393 γενέσθαι
3145 3328 3235 3380 τοῦ
3289 3328 3388 3381 σώ-

1840 3432 2006 3484 ματος
2040 3416 2140 3486 τῆς
2198 3415 2520 3486 Ἑκκλησίας
2552 3417 2644 3470 τοῦ
2677 3417 2940 3487 Χριστοῦ·
2991 3417 3129 3470 ὥστε
3167 3419 3255 3470 τὸν
3288 3435 3387 3470 πο-

1835 3509 1993 3578 νηρὸν
2028 3509 2192 3577 ψόγον
2230 3509 2321 3561 τὸν
2362 3510 2859 3564 κατασκεδασθέντα
2903 3511 2966 3564 ὲκ
3015 3512 3104 3581 τῆς
3135 3512 3390 3581 αἱρέσεως

1835 3599 2340 3670 ἑναφανισθῆναιτῇ
2373 3601 2612 3671 ἡμετέρᾳ
2639 3601 2954 3672 προσλήψειι
3001 3603 3093 3655 καὶ
3139 3603 3210 3673 μὴ
3244 3604 3389 3672 ἡμᾶς

1837 3693 2290 3762 καταισχυνθῆναι
2317 3693 2391 3754 ὡς
2431 3693 2849 3763 προσθεμένους.
2879 3693 3064 3748 Crzeca
3094 3693 3283 3747 aﬂ'erre
3311 3695 3390 3746 vi-

1837 3798 1954 3836 sum
1982 3794 2083 3846 est,
2128 3784 2253 3853 quia
2299 3783 2525 3853 insignis
2575 3784 2661 3835 hic
2701 3784 2852 3838 locus
2899 3798 2927 3836 a
2964 3782 3176 3836 Micraeo
3222 3785 3389 3837 inter-

1839 3880 1988 3940 prete
2011 3880 2335 3941 praepostere
2357 3889 2545 3928 versus
2570 3872 2744 3927 fuerat
2775 3892 2785 3927 :
2826 3875 2906 3927 sic
2944 3889 3044 3927 nos
3077 3874 3387 3928 reddimus:

1841 3961 2043 4015 Calatis
2077 3962 2369 4032 frequenter
2405 3972 2452 4016 et
2493 3963 2701 4018 moleste
2734 3964 3056 4031 urgentibus,
3095 3963 3263 4016 adhuc
3290 3979 3391 4016 non

1837 4054 1982 4119 potui
2008 4053 2291 4123 quidquam
2333 4053 2657 4121 respondere,
2701 4054 2837 4124 quod
2880 4064 3102 4108 vestram
3133 4064 3392 4119 exspecta.

1841 4162 1946 4199 rem
1975 4148 2380 4214 responsionem.
2416 4145 2570 4199 Nunc
2596 4155 2800 4218 autem,_
2822 4149 2865 4199 si
2903 4148 3087 4215 faverit
3119 4147 3391 4212 Dominus,

1840 4239 2087 4306 nobisque
2124 4239 2223 4304 ipsi
2257 4238 2497 4307 morigeri
2537 4253 2648 4291 esse
2683 4239 2856 4300 velint,
2886 4255 3153 4304 speramus
3183 4256 3271 4291 nos
3296 4253 3391 4304 po-

1840 4330 2019 4397 pulum
2053 4330 2106 4381 in
2143 4328 2432 4382 Ecclesiam
2477 4327 2781 4381 reducturos
2825 4345 2969 4390 esse;
3013 4339 3068 4380 ut
3106 4346 3167 4381 ne
3194 4330 3391 4396 possint

1843 4424 1974 4476 illud
2011 4425 2160 4477 nobis
2189 4422 2527 4490 exprobrare,
2559 4438 2651 4475 nos
2688 4421 2754 4474 ad
2790 4420 3252 4475 Marcellianornm
3279 4438 3395 4487 par-

1845 4522 1918 4565 tes
1952 4513 2264 4575 accessisse;
2285 4511 2371 4565 sed
2395 4527 2505 4564 vere
2526 4511 2734 4563 dicatur
2753 4512 2872 4563 illos
2900 4513 3129 4565 membra
3159 4527 3391 4576 corporis

1843 4602 2088 4656 Ecclesirc
2102 4601 2296 4656 Christi
2315 4602 2478 4669 [actos
2490 4619 2598 4656 esse
2612 4617 2627 4662 ,'
2648 4603 2720 4654 ita
2735 4611 2790 4653 ut
2806 4606 3198 4669 circumquaque
3215 4617 3396 4668 sparsa

1841 4697 2093 4747 Ita'reseos
2113 4693 2260 4746 illius
2276 4694 2517 4760 infamia,
2535 4709 2624 4759 per
2651 4709 2826 4745 eorum
2845 4694 2910 4745 ad
2929 4709 3020 4745 nos
3053 4695 3395 4746 accessionem

1843 4787 2310 4854 admissionemque
2326 4783 2387 4837 de
2408 4784 2572 4837 medio
2596 4785 2832 4845 tollatur,
2853 4800 3011 4852 neque
3030 4802 3120 4838 nos
3152 4795 3396 4852 tanquam

1845 4876 1911 4928 ad
1937 4887 2110 4944 partes
2140 4892 2315 4928 eorum
2345 4875 2663 4938 accedentes,
2695 4875 2891 4940 pudore
2917 4893 2976 4927 ac
3008 4875 3253 4928 dedecore
3285 4878 3395 4944 am.

1844 4968 2068 5018 ciamur.
2101 4964 2224 5019 Haec
2239 4965 2605 5028 conditio,hic
2637 4964 2828 5019 modus
2864 4979 2892 5018 a
2927 4965 3124 5018 Basilio
3152 4981 3248 5034 pro
3267 4965 3399 5022 Mar-

1845 5057 2091 5110 cellianis
2127 5054 2456 5124 recipiendis
2502 5055 2830 5124 propositus,
2879 5063 2933 5107 ct
2967 5054 3123 5108 Petro
3170 5054 3400 5107 Alexan—

1845 5143 2004 5198 drino
2051 5144 2331 5199 Athanasii
2364 5145 2688 5208 successori,
2749 5155 2804 5197 ut
2860 5145 3148 5198 verisimile
3193 5153 3293 5206 est,
3350 5154 3399 5199 et

1849 5233 2230 5298 Marcellianis,
2269 5234 2362 5302 qui
2413 5249 2600 5302 pacem
2643 5242 2693 5287 et
2741 5234 3173 5288 communionem
3221 5243 3399 5286 tanto.

1847 5337 1975 5391 pere
2020 5323 2354 5392 ﬂagitabant,
2392 5332 2677 5391 pergratus
2709 5338 2910 5393 perque
2950 5323 3224 5391 jucundus
3282 5324 3399 5377 fuit.

1848 5414 1983 5468 Nam
2015 5416 2116 5470 sub
2140 5417 2252 5470 haec
2283 5417 2429 5469 nulla
2451 5415 2517 5470 de
2547 5415 2798 5469 Marcello
2816 5418 2897 5469 vel
2929 5415 3146 5469 asseclis
3177 5417 3402 5483 quaestio

1851 5508 2107 5561 occurrit.
2143 5507 2294 5562 Hunc
2333 5506 2601 5571 ordinem,
2637 5515 2688 5561 et
2719 5509 2922 5561 exitum
2957 5507 3285 5561 Marcelliani
3318 5515 3402 5560 tu-

1851 5599 2059 5655 multus
2085 5598 2253 5654 fuisse
2283 5612 2490 5653 mecum
2529 5609 2687 5668 spero
2717 5597 3029 5653 fatebuntur
3056 5597 3270 5652 eruditi.
