4044 6324
197 330 334 388 1305

1190 332 1551 392 EXPOSITIO
1584 332 1766 389 FIDEI
1799 331 1890 387 AD
1919 333 2392 393 ATHANASIUM.

3263 345 3402 404 I306

266 450 324 505 ι.
352 451 465 505 Ἵνα
488 450 544 504 δὲ
569 453 643 523 μή
668 451 752 515 τίς
782 468 908 504 ποτε
933 452 1078 521 ἡμᾶς
1101 452 1191 504 καὶ
1219 453 1344 524 περὶ
1371 452 1466 522 τῆς
1496 452 1752 526 ὲνσᾶρκου

1926 451 1980 506 ι,
2018 451 2096 510 Ne
2127 455 2252 525 quis
2282 470 2409 510 vero
2442 455 2575 512 falsa
2609 454 2865 526 iactitans
2893 475 2994 518 nos
3027 461 3226 518 frustm
3249 463 3405 522 incu-

201 542 496 614 παρουσίας
524 542 617 596 τοῦ
646 543 891 612 Σωτῆρος
916 541 1068 612 ἡμῶν
1096 541 1320 613 διαϐάλῃ
1347 545 1714 613 ματαιολογῶν
1733 561 1749 577 ο

201 629 510 698 ἀναγκαίως
550 629 642 682 καὶ
676 632 801 700 περὶ
828 630 1011 682 τούτου
1041 630 1340 702 γράφομεν,
1369 634 1449 685 ὅτι
1482 636 1509 687 ὁ
1549 636 1753 706 Κύριος

201 717 297 770 καὶ
321 717 504 789 Σωτὴρ
525 718 677 790 ἡμῶν
696 719 723 771 ὁ
748 720 995 788 Χριστὸς,
1024 720 1120 791 οὐχ
1144 721 1329 791 ὥσπερ
1361 725 1440 785 εἰς
1467 725 1590 788 τοὺς
1616 744 1751 798 προ-

202 808 379 878 φήτας
410 811 657 880 ἐγίνετο.
681 809 851 873 οὕτως
880 811 970 864 καὶ
1000 813 1088 864 ἐπὶ
1112 814 1382 883 συντελείᾳ
1409 815 1515 868 τῶν
1544 818 1751 872 αἰώνων

201 894 361 967 ἦλθεν
382 902 460 963 εἰς
481 903 634 969 ᾶγιον
658 900 956 970 ἄνθρωπον.
984 903 1139 956 Ἀλλὰ
1156 904 1496 975 πιστεύομεν,
1515 908 1594 960 δτι
1611 910 1752 964 κατὰ

199 988 296 1040 τὸν
335 990 582 1059 Ἰωάννην
617 993 646 1042 ὁ
673 989 841 1058 Λόγος
870 992 1001 1063 σὰρξ
1045 993 1277 1061 ἐγένετο,
1323 996 1417 1048 καὶ
1471 1000 1610 1053 κατὰ
1660 1001 1753 1054 τὸν

214 1078 528 1132 ’Δπόστολον
576 1081 634 1133 ὲν
670 1084 844 1152 μορφῇ
882 1084 1014 1137 Θεοῦ
1067 1086 1323 1155 ὑπάρχων
1371 1087 1521 1142 ἔλαϐε
1572 1091 1753 1145 δούλου

202 1167 434 1239 μορφὴν,
464 1168 525 1221 τὸ
550 1169 690 1222 κατὰ
714 1171 886 1243 σάρκα
915 1174 1186 1244 γεννηθεὶς
1210 1178 1272 1227 ἐκ
1301 1177 1515 1246 Μαρίας
1544 1179 1752 1251 ἄνθρω⁴

200 1277 305 1323 πος
328 1260 394 1312 δι’
426 1262 599 1330 ἡμᾶς·
625 1262 728 1321 ἵνα,
749 1264 825 1326 ὡς
854 1261 1003 1320 εἶπεν
1025 1267 1204 1330 αὐτὸς,
1230 1268 1485 1341 τελειώσῃ
1509 1271 1568 1323 τὸ
1598 1273 1753 1341 ἔργον

196 1348 294 1401 τοῦ
320 1350 557 1420 Πατρός·
582 1353 671 1404 καὶ
706 1352 876 1417 οὕτως
907 1356 964 1408 τὸ
995 1355 1326 1428 ἀνθρώπινον
1348 1359 1498 1426 γένος
1531 1363 1587 1413 ὲν
1609 1362 1754 1434 αὐτῷ

196 1435 490 1500 τελειώσας
517 1441 608 1490 καὶ
638 1441 872 1510 συνάψας
893 1447 958 1513 τῇ
980 1443 1213 1514 θεότητι,
1246 1447 1511 1520 εἰσαγάγῃ
1546 1452 1623 1510 εἰς
1656 1451 1754 1519 τὴν

200 1526 477 1594 βασιλείαν
505 1528 609 1582 τῶν
628 1530 891 1602 οὐρανῶν.
917 1533 1022 1587 Καὶ
1055 1537 1102 1588 εί
1123 1536 1294 1590 ταῦτα
1329 1538 1484 1591 πάλιν
1509 1540 1754 1612 αὐτάρκη

196 1617 368 1683 δεῖξαι
392 1618 489 1689 τὴν
519 1621 650 1690 πρὸς
694 1621 783 1674 τὸν
830 1623 1029 1695 Κύριον
1073 1626 1228 1694 ἡμῶν
1282 1627 1483 1697 Ἰησοῦν
1522 1628 1753 1700 Χριστὸν

199 1706 412 1759 πίστιν⁹
440 1709 585 1779 ὅμως
605 1711 748 1780 ὑπὲρ
771 1712 1009 1775 πλείονος
1041 1716 1334 1782 ἀσφαλείας
1361 1718 1754 1789 ἀναλαμϐάνον-

194 1814 291 1861 τες
321 1799 486 1852 ταῦτα
510 1800 756 1872 λέγομεν,
796 1803 890 1856 καὶ
925 1805 1388 1879 ἁναθεματίζομεν
1419 1787 1545 1873 τοὺς
1570 1811 1753 1878 λέγον.
1783 1787 1823 1842 Β

195 1904 298 1950 τας
325 1890 416 1942 καὶ
443 1892 786 1960 φρονοῦντας,
811 1895 940 1962 ποτὲ
967 1897 1055 1948 τὸν
1074 1898 1289 1967 Πατέρα
1311 1895 1443 1952 εἶναι
1472 1903 1637 1971 χωρὶς
1657 1901 1749 1954 τοῦ

199 1978 350 2043 Υίοῦ,
401 1982 494 2034 καὶ
539 1983 665 2038 ποτὲ
695 1985 786 2037 τὸν
829 1986 1043 2058 Πατέρα
1068 1990 1158 2040 καὶ
1183 1988 1272 2042 τὸν
1319 1991 1445 2043 Υίὸν
1469 1993 1632 2063 χωρὶς
1656 1993 1751 2046 τοῦ

195 2068 352 2136 άγίου
385 2072 715 2143 Πνεύματος.
745 2075 968 2148 Πνεῦμα
995 2080 1100 2148 γὰρ
1122 2079 1256 2133 Θεοῦ
1290 2083 1425 2143 ἐστι,
1454 2085 1545 2136 καὶ
1575 2085 1752 2137 τελεία

196 2161 290 2214 καὶ
327 2162 495 2227 ἁῖδιός
534 2167 746 2237 ἐστινὴ
794 2169 979 2239 Τριάς.
1031 2171 1512 2243 Ἀναθεματίζομέν
1558 2191 1617 2228 τε
1661 2177 1754 2230 καὶ

194 2253 320 2317 τοὺς
351 2252 442 2307 νῦν
470 2255 800 2322 ἐξελθόντας,
819 2261 911 2322 κα)Ι
940 2260 1262 2332 λεγομένους
1296 2265 1605 2334 Ἀνομοίους
1623 2282 1637 2293 ·
1657 2270 1752 2322 καὶ

200 2344 298 2397 σὺν
323 2344 505 2410 αὐτοῖς
536 2346 632 2417 τὴν
657 2347 752 2400 τοῦ
788 2350 1140 2420 Σαμοσατέως
1166 2354 1254 2406 καὶ
1276 2356 1537 2410 Φωτείνου
1572 2375 1752 2429 παρα-

196 2434 486 2506 φροσύνην,
511 2437 604 2490 καὶ
631 2438 758 2502 τοὺς
788 2440 856 2491 τὰ
881 2441 1018 2495 αὐτὰ
1052 2444 1375 2512 φρονοῦντας
1405 2447 1602 2511 αὐτοῖς.
1632 2450 1751 2503 Ὅτι

198 2523 272 2593 μὴ
296 2523 510 2592 λέγουσι
534 2525 626 2579 τὸν
645 2527 739 2579 τοῦ
762 2527 896 2581 Θεοῦ
919 2531 1086 2597 Λόγον
1110 2531 1283 2594 ζῶντα
1306 2534 1474 2602 Λόγον
1498 2532 1633 2590 εἶναι
1660 2541 1752 2594 καλ⁸

195 2613 414 2685 ἑνεργῆ,
446 2613 512 2666 δι’
539 2610 600 2669 οὗ
625 2617 693 2671 τὰ
727 2620 902 2672 πάντα
932 2621 1161 2686 ἐγένετο,
1197 2623 1330 2676 ἀλλὰ
1353 2625 1428 2688 ὡς
1465 2627 1749 2697 ἀνθρώπου

195 2701 348 2770 λόγον
381 2707 712 2776 προφορικδν
764 2710 952 2779 μόνον·
984 2715 1078 2764 καὶ
1115 2714 1196 2766 ὅτι
1249 2715 1323 2785 μὴ
1373 2718 1623 2788 φρονοῦσι
1660 2721 1749 2776 τὸν

195 2792 324 2845 Υίδν
345 2793 438 2846 τοῦ
466 2795 599 2848 Θεοῦ
616 2797 776 2851 αὑτὸν
802 2794 939 2852 εἶναι
961 2801 1050 2856 τὸν
1071 2803 1238 2871 Λόγον
1255 2820 1267 2832 ·
1297 2806 1428 2858 ἀλλὰ
1454 2809 1748 2881 διαιροῦσιν

191 2882 420 2949 ἀλόγως,
459 2883 550 2937 καὶ
588 2886 760 2957 ἀρχὴν
787 2888 864 2957 τῷ
885 2889 996 2958 Υίῴ
1030 2890 1259 2943 διδοῦσιν
1290 2894 1396 2946 ἀπὸ
1422 2897 1516 2965 τῆς
1544 2898 1607 2948 ὲκ
1633 2900 1752 2951 Μα-

197 2969 314 3038 ρίας
341 2971 481 3024 κατὰ
506 2973 682 3041 σάρκα
702 2975 985 3042 γενέσεως,
1012 2979 1448 3050 βλασφημοῦντες
1467 3002 1479 3016 ο
1505 2985 1585 3037 ὅτι
1617 2987 1750 3058 μηδὲ

190 3067 326 3119 Θεὸν
350 3071 595 3141 ἀληθινὸν
626 3075 786 3129 αὑτὸν
823 3073 960 3132 εἶναι
989 3083 1347 3136 πιστεύουσιν.

1855 553 1937 598 set
1978 545 2123 599 circa
2164 547 2437 601 carnalem
2490 545 2791 605 Servatoris
2839 553 3146 618 adventum,
3181 571 3406 612 necesse

1854 651 2067 704 quoque
2102 635 2263 690 fuerit
2299 644 2358 690 ut
2393 652 2456 691 ea
2493 639 2560 693 de
2593 654 2651 692 re
2687 642 2931 709 quaedam
2980 644 3173 700 litteris
3219 648 3403 702 consi-

1854 741 2112 794 gnemus;
2144 729 2288 796 quod
2317 729 2534 783 scilicet
2569 729 2830 786 Dominus
2858 742 2910 787 et
2945 732 3192 789 Salvator
3219 744 3405 792 noster

1852 815 2124 880 Christus,
2159 833 2269 872 non
2299 819 2751 905 quemadmodum
2789 823 2854 876 ad
2901 826 3187 893 prophetas
3229 826 3403 896 facta:

1853 914 1950 968 est,
1983 905 2057 958 ita
2090 908 2144 960 in
2179 909 2647 966 consummatione
2678 913 2997 966 saeculorum
3046 916 3322 971 advenerit
3348 919 3402 973 in

1854 1003 2102 1048 sanctum
2141 998 2431 1054 hominem.
2470 998 2886 1067 Sedcredimus,
2909 1005 3075 1074 quod,
3105 1008 3404 1061 secundum

1851 1082 2112 1140 Joannem
2137 1090 2179 1153 ¹,
2199 1087 2432 1144 Verbum
2466 1106 2596 1147 caro
2629 1092 2828 1148 factum
2868 1097 2962 1159 sit,
3009 1104 3063 1150 et
3106 1097 3404 1151 secundum

1854 1178 2232 1245 Apostolum',
2260 1179 2404 1250 quod
2437 1196 2559 1236 cum
2590 1182 2645 1236 in
2672 1182 2844 1238 ferina
2876 1186 2966 1239 Dei
2993 1194 3157 1250 esset,
3188 1193 3405 1256 propter

1853 1284 1954 1323 nos
1982 1271 2252 1338 acceperit
2275 1272 2418 1324 servi
2451 1269 2702 1336 formam,
2732 1274 3030 1328 secundum
3066 1290 3285 1332 carnem
3310 1293 3407 1346 ge-

1852 1359 2002 1414 nitus
2033 1359 2191 1413 homo
2236 1375 2300 1414 ex
2334 1359 2501 1414 Maria
2544 1361 2798 1431 Virgine;
2838 1371 2919 1428 ut,
2952 1365 3402 1434 quemadmodum

1853 1451 1968 1521 ipse
2016 1450 2152 1514 ait‘,
2205 1452 2484 1519 perﬁceret
2531 1468 2670 1522 opus
2715 1453 2930 1519 Patris;
2977 1461 3139 1522 atque
3170 1456 3242 1509 ita
3279 1470 3405 1512 cum

1850 1561 2020 1615 genus
2078 1546 2372 1599 humanum
2430 1546 2485 1600 in
2545 1549 2726 1617 seipse
2779 1547 3101 1617 perfecerit,
3166 1563 3228 1603 ac
3279 1565 3404 1605 cum

1851 1635 2132 1689 divinitate
2181 1637 2546 1704 conjunxerit,
2599 1637 2777 1705 ipsum
2837 1637 3145 1692 introducat
3208 1640 3261 1691 in
3318 1653 3408 1693 re-

1853 1743 2017 1796 gnum
2065 1729 2351 1783 calorum.
2399 1731 2473 1784 Ac
2521 1730 2735 1784 etiamsi
2786 1730 2972 1785 isthmc
3011 1731 3144 1786 satis
3181 1731 3289 1785 sint
3335 1729 3404 1786 ad

1853 1817 2238 1872 declarandam
2286 1819 2444 1874 ﬁdem
2482 1821 2537 1874 in
2591 1819 2876 1875 Dominum
2926 1827 3173 1875 nostrum
3218 1819 3404 1876 Jesum

1851 1906 2128 1962 Christum
2158 1948 2172 1973 ,
2237 1915 2473 1964 attamen
2511 1910 2734 1978 majoris
2780 1909 3088 1964 securitatis
3121 1922 3248 1978 ergo
3291 1907 3406 1962 haec

1851 2000 2143 2069 repetimus
2165 2013 2227 2052 ac
2246 1999 2500 2065 dicimus,
2531 2007 2694 2070 atque
2715 2001 3053 2056 anathemate
3083 2000 3406 2054 damnamus

1851 2104 1946 2145 eos
1979 2091 2071 2160 qui
2105 2091 2294 2145 dicunt
2327 2099 2382 2146 et
2415 2090 2664 2156 credunt,
2707 2091 2922 2148 Patrem
2971 2093 3261 2162 aliquando
3289 2094 3406 2147 sine

1853 2181 1991 2236 Filio
2019 2183 2189 2238 fuisse
2213 2203 2227 2249 ;
2261 2183 2587 2254 Patremque
2611 2198 2674 2239 ac
2699 2182 2895 2238 Filium
2923 2184 3214 2254 aliquando
3241 2183 3407 2238 fuisse

1853 2279 1970 2333 sine
2007 2274 2210 2345 Spiritu
2243 2283 2455 2330 sancto.
2488 2274 2724 2346 Spiritus
2754 2275 2897 2331 enim
2928 2273 3017 2332 Dei
3057 2283 3158 2338 est,
3192 2289 3257 2328 ac
3284 2289 3408 2344 per-

1851 2369 1992 2424 fecta
2041 2381 2203 2438 atque
2247 2368 2574 2436 sempiterna
2621 2373 2706 2422 est
2745 2364 3003 2423 Trinitas.
3054 2366 3407 2421 Anathemate

1852 2477 2068 2530 quoque
2111 2462 2431 2516 damnamus
2469 2474 2563 2514 eos
2612 2457 2707 2528 qui
2753 2471 2924 2524 nuper
2962 2457 3135 2511 exorti
3174 2464 3321 2520 sunt,
3351 2461 3406 2509 et

1849 2552 2096 2605 Anommi
2156 2552 2428 2615 dicuntur,
2490 2566 2555 2606 ac
2605 2564 2729 2606 cum
2774 2549 2906 2619 ipsis
2966 2546 3300 2601 Samosateni
3351 2555 3406 2603 et

1850 2644 2064 2698 Photini
2094 2645 2356 2697 insaniam
2379 2682 2394 2706 ,
2437 2657 2649 2696 necnon
2683 2655 2777 2696 eos
2807 2641 2899 2710 qui
2941 2643 3091 2710 paria
3119 2653 3244 2694 cum
3268 2639 3403 2710 ipsis

1849 2734 2110 2787 sentiunt.
2159 2731 2295 2796 Quia
2340 2745 2449 2785 non
2496 2731 2702 2796 dicunt,
2751 2729 2985 2785 Verbum
3037 2729 3152 2794 Dei,
3179 2731 3403 2784 verbum

1848 2838 1970 2877 esse
1998 2824 2186 2876 vivens
2219 2829 2272 2876 et
2297 2821 2506 2883 eﬂicax,
2545 2837 2643 2891 per
2670 2821 2814 2890 quod
2845 2821 3028 2875 omnia
3056 2820 3198 2874 facta
3235 2828 3362 2874 sunt
3388 2838 3401 2874 :

1850 2913 1946 2967 sed
1971 2913 2126 2982 quasi
2162 2912 2398 2965 hominis
2423 2912 2647 2965 verbum
2681 2911 3012 2979 prolatitium
3039 2910 3322 2973 duntaxat,
3353 2916 3408 2964 et

1851 3003 1979 3072 quia
2015 3018 2122 3055 non
2160 3001 2496 3055 arbitrantur
2546 3000 2742 3054 Filium
2785 3000 2878 3055 Dei
2920 3001 3093 3070 ipsum
3137 3016 3258 3055 esse
3287 3015 3408 3054 ver-

1857 3094 2019 3152 bum;
2075 3107 2260 3145 verum
2305 3101 2506 3146 temere
2546 3099 2600 3146 et
2639 3093 2756 3146 sine
2789 3091 3000 3147 ratione
3040 3091 3304 3155 dividunt,
3355 3097 3408 3146 et

193 3177 519 3246 principium
550 3179 688 3236 Filio
721 3198 751 3235 a
813 3187 1092 3242 nativitate
1155 3193 1447 3247 secundum
1478 3209 1696 3252 carnem
1725 3214 1790 3254 ex
1833 3200 1997 3254 Maria
2029 3200 2343 3270 blaSpbemo
2380 3213 2474 3254 ore
2506 3199 2771 3262 tribuunt,
2817 3198 2942 3268 quia
2982 3200 3106 3252 item
3141 3215 3246 3253 non
3286 3214 3407 3252 cre-

190 3267 331 3322 dunt
353 3270 527 3339 ipsum
566 3289 748 3327 verum
783 3289 904 3332 esse
937 3278 1124 3333 Deum.

267 3360 320 3414 5.
355 3335 535 3416 'i‘aﬁra
584 3367 871 3436 τοιγαροῦν
925 3370 1264 3439 φρονοῦντες,
1320 3375 1413 3427 καὶ
1463 3378 1752 3448 ἐγγράφως

1927 3377 1975 3430 5.
2022 3374 2142 3429 Haec
2170 3374 2350 3442 itaque
2371 3373 2826 3454 cumsentiamus
2860 3380 3020 3443 atque
3055 3377 3258 3446 scripto
3284 3394 3408 3447 pro-

191 3450 599 3521 ὁμολογοῦντες,
623 3454 1085 3528 διαϐεϐαιούμενοι
1121 3479 1178 3514 τε
1207 3463 1377 3517 ταῦτα
1421 3471 1632 3537 φρονεῖν
1660 3471 1752 3522 καὶ

190 3541 322 3604 τοὺς
365 3541 779 3608 ἀποστείλαντας
821 3548 984 3617 ἡμᾶς,
1028 3550 1282 3620 ἀξιοῦμεν
1314 3552 1410 3623 τὴν
1446 3556 1542 3626 σὴν
1567 3555 1750 3609 θεοσέ-

195 3630 348 3684 ϐειαν
370 3633 562 3702 μηκέτι
582 3635 858 3689 πιστεύειν
877 3642 985 3700 τοῖς
1007 3639 1124 3692 καθ’
1144 3642 1297 3710 ἡμῶν
1320 3642 1563 3711 λέγουσιν
1582 3663 1594 3676 ·
1619 3648 1753 3701 ἀλλὰ

198 3721 399 3791 μᾶλλον
430 3727 537 3786 τοῖς
574 3726 949 3781 ἀποστείλασιν
978 3731 1121 3798 ἡμᾶς
1151 3731 1320 3784 ταῦτα
1345 3736 1625 3805 γνωρίσαι,
1661 3738 1754 3790 καὶ

195 3813 405 3883 γράψαι
448 3815 538 3867 καὶ
568 3811 649 3880 οἷς
680 3816 744 3870 ἂν
775 3817 1042 3890 γινώσκῃς
1077 3821 1370 3890 ὀρθοδόξοις
1407 3826 1750 3891 ἐπισκόποις·

195 3900 306 3964 ἴνα,
341 3904 387 3953 εἰ
415 3904 506 3956 καὶ
527 3904 662 3974 πρὸς
684 3905 876 3969 αὐτοὺς
900 3909 931 3977 ἡ
956 3907 1075 3961 καθ’
1099 3909 1254 3978 ἡμῶν
1279 3911 1494 3982 suam
1518 3915 1748 3982 ἐγένετο,

196 3991 458 4060 μαθόντες
501 3994 599 4064 τὴν
644 3995 926 4066 ὁμολογίαν
974 3995 1128 4068 ἡμῶν
1176 4000 1393 4071 ταύτην,
1443 4006 1750 4072 καταγνῶσι

192 4080 304 4132 τῶν
330 4082 665 4152 θελησάντων
690 4088 816 4155 ἡμῖν
840 4087 1022 4152 ἁπλῶς
1056 4089 1244 4157 φθόνον
1270 4092 1505 4162 κινῆσαι.
1533 4094 1752 4147 Θεόδου-

193 4171 287 4234 λος
314 4172 604 4237 ἐπίσκοπος
639 4175 983 4247 Ὀξυρύγχου,
1003 4179 1215 4251 Πλήνης
1239 4184 1531 4247 ἐπίσκοπος
1566 4185 1755 4254 Ἑρμο-

194 4263 302 4326 θιὲ,
350 4264 622 4335 ’ἰσχυρίων
645 4267 934 4332 ἐπίσκοπος
956 4272 1185 4338 Λεοντῶ,
1229 4273 1413 4327 Ἰσαὰκ
1435 4275 1749 4340 ἐπίσκοπος.

213 4351 269 4406 Ἀ
277 4356 401 4424 μήν.

273 4509 289 4538 ⁸
319 4505 475 4562 Joan.
514 4526 553 4571 ι,
581 4510 663 4565 14.
741 4514 760 4544 ³
799 4512 990 4584 Philip.
1027 4532 1082 4580 ιι,
1113 4515 1166 4580 6,
1205 4516 1253 4572 7.
1331 4517 1352 4547 ⁸
1382 4517 1537 4574 Joan.
1578 4535 1649 4586 ιν,
1681 4521 1770 4574 δι.

271 4660 348 4726 (ὅ)
496 4663 578 4737 his
611 4665 1099 4737 subscriptionibus
1140 4669 1258 4723 vide
1308 4669 1364 4722 in
1411 4671 1748 4728 Diatriba’de

199 4730 473 4807 biarcello.
526 4731 618 4786 Hm
662 4730 842 4805 porro'
873 4739 1295 4807 subscriptiones
1353 4743 1555 4794 mutila:
1603 4744 1746 4797 haud

200 4800 360 4877 dubie
394 4809 538 4877 sunt,
565 4800 706 4877 curn
732 4807 1010 4877 Athanasii
1042 4800 1235 4861 nomen
1271 4824 1380 4861 non
1416 4822 1745 4877 compareat,

198 4871 289 4943 qui
324 4884 455 4943 sane
485 4871 611 4943 huic
642 4873 760 4928 ﬁdei
803 4876 1127 4930 confessioni
1163 4878 1473 4943 aumagium
1512 4871 1658 4933 dedit
1685 4871 1749 4934 ac

201 4938 721 5014 subscripsitsalias
749 4960 895 5008 vero,
928 4945 1235 5014 refragante
1265 4939 1581 5008 Athanasio,
1624 4963 1745 5001 eam

202 5008 422 5063 minime
458 5011 797 5077 probassent,
844 5008 1128 5084 additoque
1167 5018 1382 5071 nomine
1427 5019 1750 5073 conﬁrmas-

1858 3461 2124 3522 iiteamur,
2150 3475 2566 3526 asseramusque
2595 3459 2826 3528 idipsum
2859 3463 3060 3517 sentire
3081 3479 3173 3518 eos
3198 3469 3286 3532 qui
3313 3484 3410 3521 nos

1857 3552 2034 3605 istbuc
2067 3552 2326 3606 miserunt
2355 3571 2365 3602 :
2406 3560 2549 3604 tuam
2582 3566 2832 3620 rogamus
2864 3541 3134 3619 pietatem,
3162 3571 3228 3609 nc
3253 3557 3405 3609 ﬁdem

1854 3644 1920 3696 iis
1951 3642 2151 3695 habeas
2187 3644 2275 3709 qui
2315 3657 2414 3695 nos
2451 3642 2800 3706 insimulant;
2837 3642 2998 3710 idque
3031 3645 3098 3698 iis
3138 3646 3408 3714 signiﬁces

1852 3733 1941 3802 qui
1978 3747 2078 3785 nos
2121 3732 2226 3785 huc
2278 3731 2624 3801 delegarunt;
2665 3731 2935 3788 rescribas
2985 3734 3110 3787 item
3165 3737 3231 3790 iis
3270 3753 3406 3806 quos

1851 3821 2178 3877 orthodoxos
2203 3823 2484 3890 episcopos
2513 3836 2634 3875 esse
2659 3823 2906 3888 noveris;
2941 3831 2996 3875 ut
3027 3824 3072 3878 si
3101 3824 3168 3878 ad
3201 3841 3292 3880 eos
3315 3841 3408 3881 ca-

1853 3915 2056 3968 lumnia
2083 3915 2368 3968 adversum
2392 3929 2492 3967 nos
2517 3912 2746 3966 conﬂata
2770 3917 3091 3982 pervenerit,
3117 3927 3406 3986 conspecta

1853 4004 1956 4057 hac
1982 4012 2170 4057 nostra
2197 4004 2318 4057 l'ldci
2345 4002 2706 4068 confessione,
2730 4006 2987 4060 malitiam
3008 4022 3192 4061 eorum
3224 4009 3405 4078 depreo

1854 4092 2113 4155 bendant,
2144 4093 2236 4160 qui
2280 4099 2479 4145 temere
2524 4092 2782 4146 invidiam
2825 4096 2980 4147 nobis
3030 4109 3244 4148 movere
3295 4105 3409 4149 stu-

1852 4182 2201 4252 duerunt(5).
2247 4181 2560 4236 Theodulus
2596 4183 2880 4253 episcopus
2934 4184 3406 4256 0xyrynchi,Ple-

1853 4289 1951 4328 nes
1973 4274 2261 4341 episcopus
2292 4272 2593 4339 Hermothi,
2623 4274 2898 4346 iscbyrion
2934 4276 3220 4344 episcopus
3242 4277 3410 4330 Leon-

1854 4376 1933 4432 ιο,
1974 4365 2122 4421 Isaac
2147 4368 2450 4436 episcopus.
2484 4367 2674 4420 Amen.

1847 4683 1969 4755 sent
2012 4676 2250 4755 episcopi
2305 4676 2401 4755 hic.
2441 4679 2742 4731 memorati.
2796 4677 3097 4755 Verisimile
3143 4677 3407 4755 item.est

1848 4747 1981 4799 alios
2011 4747 2290 4814 Aigyptios
2321 4747 2623 4815 episcopos,
2647 4763 2876 4815 quorum
2896 4748 3137 4802 cecidere
3163 4747 3403 4807 nomina,

1848 4815 2090 4885 eamdem
2128 4817 2246 4869 ﬁdei
2275 4814 2676 4869 confessionem
2704 4816 2959 4885 suﬂ'ragio
2987 4832 3087 4869 suo
3123 4817 3401 4868 muniisse.

1852 4883 2069 4937 Solebat
2102 4886 2247 4955 enim
2277 4885 2602 4955 Athanasius
2636 4886 2700 4937 ad
2740 4883 3163 4955 tanti'ponderis
3195 4885 3408 4954 negotia

1851 4969 1881 5007 e
1910 4954 2260 5009 vicinioribus
2291 4954 2492 5007 multos
2524 4969 2827 5010 accersere.
