4044 6324
201 371 339 430 1³00

1669 368 1735 424 IN
1774 367 2047 444 Issum

3303 387 3442 442 1510

195 503 394 546 εκτικα
431 489 572 564 μέρη
607 507 700 546 του
738 505 935 552 παντος
976 489 1198 559 κόσμου,
1247 490 1473 562 οὐρανὸν
1495 488 1653 542 αὑτὸν
1681 502 1765 542 τον

1881 488 1973 544 Dei
2025 506 2306 548 sermones
2339 503 2604 552 convocat
2646 499 2942 570 propheta,
2995 502 3194 559 omium
3229 503 3441 560 scilicet

193 583 298 647 τὰς
318 582 463 649 θείας
488 584 741 655 δυνάμεις
765 582 1120 652 ἀπειληφότα,
1144 582 1234 635 καὶ
1251 581 1351 652 γῆν
1361 581 1421 635 τὸ
1436 581 1544 635 τῶν
1559 581 1766 652 θνητῶν

196 675 533 747 οίκητήριονθ
577 677 672 729 καὶ
703 670 918 746 ούρανῷ
961 673 1057 743 μὲν
1103 673 1339 736 ἀκούειν,
1378 674 1448 742 γῇ
1490 672 1547 726 δὲ
1586 673 1771 725 ἐνωτί-

197 759 387 828 ζεσθαι
427 764 888 836 παρακελεύεται,
921 760 987 815 δι’
1013 761 1190 815 αὐτῶν
1219 760 1319 824 τάς
1357 763 1584 830 ἀφανεῖς
1612 760 1771 815 δυνά-

202 869 326 923 μιις
393 854 453 907 εν
510 853 694 916 αὐτοῖς
741 850 1192 919 ἀνακαλούμενος.
1248 851 1359 904 Καὶ
1427 852 1542 919 μετ’
1593 847 1765 916 ὀλίγα,

196 942 386 1014 ames
426 941 650 1016 κέντρον
697 942 916 1012 μνήμης
957 939 1329 1011 παρασχέσθαι
1374 941 1555 1002 αὐτοῖς
1607 938 1768 1009 ήϐού-

193 1035 320 1088 λιτο
336 1033 448 1088 τῶν
468 1031 772 1104 λεγομένων
792 1033 822 1084 ό
845 1033 1146 1102 προφήτης,
1169 1033 1463 1099 ἀναγκαῖον
1485 1029 1575 1083 τοῦ
1601 1033 1658 1083 οὐ
1669 1047 1766 1100 ρα-

194 1127 292 1182 νοῦ
314 1129 408 1182 καὶ
432 1127 534 1197 γῆς
559 1123 860 1197 μαρτυρίαν
886 1123 1318 1196 παραλαμϐάνει·
1346 1125 1452 1188 ἵνα,
1477 1125 1576 1177 κᾶν
1597 1124 1766 1194 λήθην

194 1219 526 1290 ποιήσωνται
557 1213 668 1267 τῶν
698 1212 992 1284 λεχθέντων
1025 1215 1172 1285 παρὰ
1210 1213 1306 1268 τοῦ
1345 1215 1643 1286 προφήτου,
1678 1213 1768 1264 ού-

198 1308 362 1379 ρανδς
381 1308 475 1360 καὶ
499 1308 572 1378 γῇ
605 1304 865 1378 ὁρώμενοι
895 1307 1349 1378 ύπομιμνήσκωσι
1373 1306 1481 1359 τῶν
1504 1305 1598 1358 τοῦ
1631 1303 1764 1357 Θεοῦ

194 1403 265 1472 er.
275 1400 460 1471 μάτων

266 1489 413 1544 Υίῶν
434 1489 652 1560 μνήμην
675 1489 984 1562 πεποίηται,
1009 1493 1102 1544 καὶ
1125 1491 1508 1560 γεγεννηκέναι
1543 1489 1762 1558 φάσκει,

188 1581 430 1645 δεικνὺς,
450 1580 526 1644 ὡς
551 1581 650 1634 οὐκ
674 1581 982 1653 ἀλλοτρίους
1003 1583 1402 1653 εἰσεποιήσατο,
1433 1581 1546 1635 ἀλλ’
1575 1583 1649 1643 ὼς
1672 1583 1765 1634 αὺ-

193 1674 291 1729 τοῦ
331 1674 490 1736 ὄντας
527 1676 827 1746 ποιήματα,
865 1673 1135 1744 πατρικῆς
1182 1673 1500 1744 κηδεμονίας
1542 1673 1760 1742 ἠξίωσευ

194 1768 290 1820 καὶ
329 1765 600 1835 ὑψωκὲναι
637 1766 692 1819 δὲ
731 1767 875 1834 λέγει
920 1767 1350 1836 ὑπομιμνήσκων
1388 1766 1486 1834 τῆς
1517 1766 1610 1817 ἀπ’
1650 1766 1760 1816 Ἀί-

1873 583 2086 640 divinas
2114 587 2352 643 virtutes
2380 591 2767 660 complectens,
2814 603 2869 651 et
2903 603 3102 649 terram
3131 611 3159 650 a
3190 597 3441 651 mortali-

1871 675 1975 731 bus
2002 687 2345 746 occupatam.
2381 679 2518 734 Dum
2548 691 2724 736 autem
2750 685 2949 740 cmlum
2973 684 3163 742 audire
3183 684 3361 754 jubet,
3383 693 3440 741 et

1870 775 2072 820 terram
2107 769 2332 824 auribus
2362 773 2660 842 percipere,
2695 774 2926 830 latentes
2955 776 3010 828 in
3031 776 3166 846 ipsis
3193 783 3437 846 potesta-

1871 864 1952 912 tes
1981 857 2320 916 adhortatur.
2355 860 2421 915 Et
2453 864 2614 933 paulo
2655 875 2777 934 post
2806 885 2818 919 :
2854 866 3268 920 lucitamentum
3289 882 3440 937 qua:-

1869 950 2009 1004 renti
2041 952 2318 1022 propheta:
2339 970 2447 1024 quo
2471 953 2688 1011 Iudaeos
2727 955 2795 1010 ad
2817 956 3086 1010 dictorum
3118 959 3438 1012 memoriam

1868 1043 2202 1108 concitaret,
2241 1044 2626 1114 proferendum
2660 1055 2777 1100 erat
2817 1047 2943 1100 coeli
2971 1055 3025 1102 et
3068 1054 3230 1102 terra:
3280 1046 3436 1103 testi-

1869 1135 2149 1201 monium,
2191 1144 2282 1201 ut,
2326 1137 2542 1193 etiamsi
2579 1137 2780 1193 fuerint
2811 1137 3111 1208 prophetici
3165 1138 3435 1196 sermonis

1867 1223 2043 1289 obliti,
2083 1228 2392 1295 conspectis
2437 1228 2578 1280 cmlo
2639 1235 2693 1282 et
2743 1236 2912 1292 terra,
2945 1226 3107 1282 verba
3127 1225 3226 1285 Dei
3271 1226 3438 1282 remi-

1868 1315 2227 1371 niseerentur.

1942 1489 2106 1545 Vens.
2165 1489 2218 1542 2.
2269 1488 2551 1560 [Filiorum
2611 1498 2939 1545 mentionem
2989 1489 3118 1544 facit
3170 1487 3435 1544 Dominus

1867 1591 1921 1638 et
1955 1598 2051 1638 eos
2080 1583 2335 1652 genuisse
2379 1583 2612 1646 fatetur,
2645 1583 2894 1638 indicans
2942 1599 3050 1637 non
3093 1582 3300 1636 alienos
3336 1581 3436 1637 ad-

1866 1672 2222 1740 optivosque,
2273 1671 2364 1726 sed
2415 1683 2696 1728 creaturas
2754 1689 2882 1728 suas
2918 1681 3140 1741 paterna
3181 1687 3314 1726 cura
3358 1670 3437 1727 fu.-

1867 1759 2032 1811 visse.
2087 1757 2423 1812 Exaltavisse
2463 1775 2559 1814 eos
2595 1759 2728 1812 dicit
2780 1775 3037 1828 quoque,
3088 1758 3319 1832 reditum
3365 1771 3431 1813 ex
3536 1826 3542 1832 _

436 1855 644 1922 ἐξόδου,
674 1831 896 1909 καὶτῶν
928 1856 984 1907 ὲν
1014 1831 1162 1925 μέσῳ
1187 1831 1507 1924 θαυμάτων,
1535 1857 1626 1907 καὶ
1652 1856 1756 1908 τῶν

1866 1841 2101 1914 Egypto
2131 1845 2390 1910 innuens,
2421 1854 2474 1900 et
2505 1848 2765 1900 miracula
2801 1856 2931 1900 tunc
2975 1831 3236 1915 temporis
3267 1846 3433 1908 edita,

191 1948 395 2018 ἑφεξῆς
415 1950 596 2011 αὐτοῖς
627 1947 886 2001 δοθέντων
910 1949 1039 2018 παρ’
1069 1947 1252 2000 αὐτοῦ·
1291 1945 1547 2016 ἀθέτησιν
1586 1947 1640 2000 δὲ
1672 1965 1765 2000 κυ-

196 2037 330 2111 ρίως
369 2039 523 2093 καλεί
551 2041 651 2109 τὴν
679 2039 858 2093 αὐτῶν
886 2040 1252 2104 ἀποστασίαν,
1289 2039 1380 2097 καὶ
1420 2040 1516 2112 τὴν
1545 2040 1670 2112 περὶ
1697 2040 1764 2096 τὰ

193 2131 385 2186 είδωλα
405 2132 686 2204 πλάνησιν.

264 2225 527 2297 Σημαίνει
552 2226 654 2298 τὴν
691 2224 926 2295 παντελῆ
973 2224 1153 2281 αὐτῶν
1188 2225 1481 2298 ἀκαρπίαν⁸
1523 2226 1626 2288 ἕως
1667 2227 1764 2296 μὲν

190 2317 301 2390 γάρ
357 2317 584 2389 καρπῶν
639 2317 856 2387 ἀγαθῶν
905 2317 1258 2390 πεπλήρωται
1307 2318 1565 2388 ἀμπελὼν
1593 2355 1606 2379 ,
1672 2319 1763 2372 τὸν

187 2410 527 2483 φρουροῦντα
551 2410 642 2464 καὶ
667 2410 998 2479 φυλάττοντα
1023 2410 1304 2482 κέκτηται,
1327 2411 1404 2475 ὃς,
1434 2410 1634 2480 σκηνὴν
1659 2428 1764 2481 πη-

187 2501 450 2572 ξάμενος,
490 2501 693 2556 ἀνωθεν
729 2501 820 2570 ἀφ’
850 2500 1055 2570 ὑψηλοῦ
1086 2502 1283 2570 ἀφορᾷ,
1321 2503 1412 2555 καὶ
1441 2506 1763 2573 περισκοπεῖ

188 2594 282 2647 καὶ
303 2592 557 2662 φυλάττει
571 2594 663 2647 τὸν
681 2593 994 2664 ἀμπελῶνα·
1027 2596 1073 2647 εί
1093 2593 1147 2648 δὲ
1167 2593 1353 2647 τούτου
1372 2595 1578 2664 καρπὸς
1600 2595 1762 2663 ἀφαι-

190 2683 396 2754 ρεθείη,
426 2685 726 2756 τηνικαῦτα
752 2688 780 2739 ὁ
807 2685 1011 2754 φύλαξ,
1037 2687 1112 2748 ὡς
1146 2687 1218 2756 μὴ
1253 2687 1329 2748 είς
1357 2686 1580 2756 μάταιον
1613 2687 1759 2755 κάμ-

187 2794 288 2840 νοι,
315 2779 412 2850 τὴν
442 2780 647 2850 σκηνὴν
675 2779 877 2851 ἔρημον
907 2778 1206 2843 ἀπολιπὼν,
1240 2781 1510 2849 ἀναχωρεῖ
1537 2780 1631 2848 τῆς
1661 2797 1760 2848 φυ-

187 2867 383 2936 λακῆς.

271 2960 488 3030 Ἐπειδὴ
520 2961 630 3032 γάρ
649 2961 679 3014 ὁ
708 2961 805 3032 μὲν
834 2961 1048 3032 Ἰσραὴλ
1082 2961 1241 3014 αὑτὸν
1271 2962 1371 3014 οὐκ
1404 2962 1542 3029 ἔγνω
1562 3001 1575 3023 ,
1611 2960 1702 3012 καὶ
1730 2962 1758 3012 ό

185 3053 315 3116 λαὸς
364 3050 527 3107 αὐτὸν
565 3052 625 3104 οὑ
677 3051 906 3120 συνῆκε,
943 3052 1004 3104 τὸ
1045 3051 1102 3104 δὲ
1147 3051 1206 3115 ἐξ
1251 3052 1429 3103 αὐτῶν
1471 3051 1689 3120 σπέρμα
1732 3049 1761 3099 ό

186 3147 542 3209 ἀποστολικδς
579 3147 736 3217 χορὸς
769 3146 968 3215 συνῆκέ
1000 3164 1058 3198 τε
1102 3147 1262 3199 αὐτὸν
1294 3149 1387 3199 καὶ
1421 3146 1651 3213 ἐπέγνων
1684 3147 1757 3197 εί·
1791 3164 1835 3223 c

188 3239 363 3301 κότως
391 3237 710 3308 ἀφορίζεται
745 3235 839 3288 τοῦ
868 3235 1123 3306 πλήθουςο
1162 3236 1359 3289 ἄτοπον
1392 3236 1500 3306 γὰρ
1527 3237 1585 3288 τὸ
1611 3237 1761 3305 νομί-

189 3329 301 3392 ζειν
336 3329 461 3390 τοὺς
495 3325 824 3388 ἀποστόλους
855 3326 963 3378 τῶν
992 3324 1202 3378 ἀσεϐῶν
1233 3327 1454 3397 σπέρμα
1478 3327 1760 3395 λέγεσθαι,

189 3420 318 3490 περὶ
359 3411 434 3472 ὧν
477 3418 732 3489 ἀνωτέρω
763 3417 933 3484 ἐλεγεο
971 3436 988 3468 ι
1020 3418 1092 3471 Τὸ
1131 3419 1348 3488 σπέρμα
1389 3420 1622 3490 πονηρὸν
1658 3420 1764 3470 υίοὶ

186 3514 398 3581 ἐνομοιε
433 3527 450 3560 ι
485 3510 686 3580 πρέπει
725 3508 781 3561 δὲ
815 3507 924 3561 τῶν
969 3509 1262 3580 προφητῶν
1311 3510 1532 3580 σπέρμα
1569 3511 1765 3569 αὐτοὺς

188 3600 329 3656 εἶναι
356 3601 626 3674 ήγεῖσθαι.

268 3698 345 3750 Οὐ
385 3697 631 3767 λουτροῖς
670 3699 779 3760 τοῖς
820 3694 1136 3764 καθαίρουσι
1174 3695 1269 3765 τὴν
1313 3694 1631 3762 ἐπιφάνειαν
1669 3692 1763 3745 τοῦ

195 3787 611 3858 σώματος’-οὑδὲ
635 3788 741 3858 γὰρ
767 3786 922 3842 τοῦτο
945 3785 1269 3838 ὲϐέϐλαπτοο
1305 3785 1439 3838 ἀλλά
1470 3801 1764 3854 πνευματι-

194 3883 310 3944 κοῖς
333 3880 647 3955 δυναμένρις
677 3879 931 3947 ἀφανίσαι
961 3880 1057 3949 μὲν
1089 3879 1282 3947 γνόφον
1314 3876 1726 3947 ἁμαρτημάτων
1748 3917 1763 3940 ,

194 3973 434 4044 καθᾶραι
459 3972 515 4024 δὲ
542 3972 716 4042 ψυχῆς
755 3971 922 4029 κακὸν
964 3970 1214 4033 συνειδόςο
1256 3972 1349 4023 καὶ
1381 3970 1552 4022 ταῦτα
1592 3975 1764 4033 ποιεῖν

193 4064 288 4132 ἀφ’
315 4063 542 4116 ἑαυτῶν.
1083 4053 1090 4058 ’

265 4153 667 4215 Καταλιπόντες
707 4153 814 4224 γάρ
845 4156 934 4206 τὸν
971 4154 1263 4223 εὐεργέτην
1298 4170 1358 4206 τε
1401 4155 1495 4206 καὶ
1527 4155 1762 4224 σωτῆρα,

192 4246 500 4317 έπήλπισαν
529 4250 640 4311 τοῖς
672 4246 896 4316 ἀψύχοις
930 4247 1024 4299 καὶ
1061 4246 1418 4315 ἀναισθήτοις·
1461 4247 1539 4298 διὸ
1570 4247 1766 4316 γυμνοὶ

193 4336 374 4405 πάσης
401 4335 609 4405 ἀγαθῆς
632 4335 788 4404 δόξης
814 4335 1104 4404 ἐτύγχανον
1125 4376 1138 4399 ,
1173 4335 1328 4404 δίκην
1369 4336 1620 4388 στυπείου
1670 4355 1767 4390 κα-

192 4429 685 4500 τακαυθησόμενοι,
729 4429 821 4482 καὶ
855 4430 954 4481 οὐκ
987 4430 1132 4481 ἔσται
1175 4431 1202 4479 ό
1244 4428 1483 4482 σϐέσων·
1526 4431 1610 4492 τίς
1655 4429 1764 4501 γὰρ

193 4522 469 4588 ἐξελέσθαι
491 4523 731 4586 δυνατὸς,
759 4522 849 4576 τοῦ
871 4521 1003 4576 Θεοῦ
1029 4522 1122 4592 τὴν
1146 4523 1264 4574 κατ’
1291 4521 1468 4573 αὐτῶν
1493 4522 1762 4589 ἀπόφασιν

191 4613 594 4685 ἐξενηνοχότος;
621 4615 730 4684 Τὴν
761 4615 818 4667 ἐν
839 4618 903 4685 τῇ
934 4613 1272 4683 αἰχμαλωσίᾳ
1301 4614 1475 4664 τοίνυν
1505 4595 1763 4682 αἰσχύνην

191 4707 484 4764 αἰνίττεται
521 4709 548 4758 ὁ
580 4706 755 4774 λόγος·
792 4707 1007 4763 πάντων
1045 4705 1280 4758 ἐκποδὼν
1313 4705 1622 4775 γενομένων
1655 4705 1764 4756 τῶν

190 4800 625 4871 ἑπιθυμημάτων
663 4799 859 4853 αὐτῶν·
904 4799 1299 4868 ματαιωθείσης
1331 4799 1385 4850 δὲ
1422 4801 1512 4850 καὶ
1543 4799 1642 4868 τῆς
1679 4797 1764 4850 et-

193 4893 340 4955 πίδος
378 4893 556 4946 αὐτῶν
582 4895 680 4964 τῆς
713 4895 804 4946 ἐπὶ
823 4898 934 4957 τοῖς
964 4893 1218 4960 εἰδώλοις.

261 4984 379 5036 Κᾶν
407 4983 582 5050 λόγος,
615 4983 718 5036 κᾶν
748 4984 932 5053 ὅρασις
961 4982 1219 5052 λέγηται,
1248 4982 1397 5034 οὐδὲν
1428 4982 1633 5038 διοίσει·
1672 4983 1762 5034 καὶ

192 5076 299 5147 γὰρ
333 5078 395 5128 ιν
428 5075 580 5144 δψεσί
607 5093 659 5130 τι
692 5061 938 5144 φαίνεται
961 5090 975 5103 °
1003 5074 1174 5136 οὕτως
1208 5074 1461 5143 ήγνῶσις
1501 5073 1763 5128 διαϐαίνει

193 5171 270 5232 είς
291 5167 495 5237 ψυχὴν,
528 5168 604 5220 ὅτ’
632 5166 699 5220 ἂν
742 5167 872 5230 Θεὸς
912 5166 1148 5238 δεικνύῃ,
1188 5166 1261 5229 ὡς
1300 5165 1594 5235 δεξαμένης
1625 5166 1764 5218 κατὰ

193 5261 433 5315 διάνοιαν
461 5262 584 5323 τοὺς
617 5260 818 5312 τούτων
852 5259 1062 5326 λόγους⁸
1105 5258 1206 5312 κᾶν
1244 5259 1331 5312 διὰ
1368 5259 1537 5326 λόγων
1571 5257 1761 5329 ἀκούῃ,

193 5351 362 5413 οὕτως
393 5348 702 5418 βεϐαιοῦται
723 5349 820 5420 τὴν
841 5350 1076 5402 διάνοιαν
1097 5389 1110 5411 ,
1138 5351 1213 5410 ὼς
1237 5350 1444 5420 ἀθρόως
1475 5350 1764 5418 δεχομένης

194 5443 289 5513 τήν
317 5441 538 5494 πάντων
570 5440 788 5507 γνῶσιν.
820 5473 885 5483 —
915 5440 1174 5494 Ἐνταῦθα
1191 5441 1252 5493 ού
1274 5440 1418 5508 λέγει
1443 5440 1599 5501 κατὰ,
1632 5439 1765 5490 αλλὰ

198 5536 340 5605 περὶ,
377 5533 615 5595 δεικνὺς,
661 5531 735 5595 ὼς
770 5534 884 5585 ἐκεῖ
920 5532 1017 5604 μὲν
1057 5532 1243 5600 ἐδήλου
1287 5531 1382 5604 τὴν
1425 5534 1542 5585 κατ’
1590 5531 1764 5583 αὐτῶν

197 5625 464 5696 ὲσομένην
493 5623 589 5678 κα)⁸
616 5624 725 5676 τῶν
751 5623 929 5684 τόπων
961 5625 1256 5695 ἐρήμωσιν.

1868 1933 1951 1986 vel
1983 1941 2170 2003 postea
2205 1933 2404 1989 Judzeis
2430 1949 2712 1991 concessa.
2757 1936 3137 2006 Contemptum
3181 1937 3307 2006 jure
3336 1951 3431 1991 ve-

1867 2023 2332 2079 eatdefectionem
2357 2026 2573 2080 illorum
2602 2036 2656 2082 et
2682 2028 2826 2082 circa
2855 2028 3146 2082 simulacra
3169 2042 3433 2084 errorem.

1939 2195 2103 2253 Vsus.
2159 2197 2211 2251 8.
2251 2196 2531 2266 Signiﬁcat
2572 2209 2836 2250 summam
2887 2197 3194 2252 Iudaeorum
3234 2199 3435 2255 sterili-

1865 2299 2053 2346 tatem.
2094 2290 2274 2346 Donec
2303 2292 2450 2346 enim
2482 2291 2641 2346 bonis
2675 2291 2943 2347 fructibus
2980 2293 3237 2346 exuberat
3262 2292 3390 2348 vitis
3413 2333 3431 2358 ,

1866 2396 1967 2435 nec
1997 2396 2026 2433 a
2058 2382 2404 2452 vigilantibus
2457 2383 2806 2447 destituitur,
2858 2400 2958 2438 nec
3001 2400 3029 2437 a
3072 2384 3432 2440 custodienti-

1865 2472 1989 2536 bus,
2012 2474 2128 2542 qui,
2169 2473 2521 2528 tabernaculo
2552 2474 2871 2537 constituto,
2894 2473 3126 2543 desuper
3149 2491 3179 2529 e
3210 2475 3432 2530 sublimi

1864 2564 2249 2632 speculantur,
2297 2574 2351 2618 et
2399 2565 2879 2634 circumspiciunt,
2932 2573 2984 2618 et
3031 2566 3195 2620 vitem
3253 2575 3435 2620 custo-

1864 2653 2054 2719 diunt;
2091 2654 2357 2709 fructibus
2408 2664 2585 2710 autem
2621 2656 2882 2717 sublatis,
2931 2673 2998 2711 ne
3033 2657 3088 2711 in
3123 2672 3322 2710 vanum
3353 2659 3433 2713 la-

1861 2746 2014 2800 boret
2045 2754 2249 2809 custos,
2285 2747 2558 2800 desertum
2590 2747 2877 2818 dereliquit
2910 2749 3346 2813 tabernaculum,
3378 2759 3434 2804 et

1861 2835 1926 2889 de
1954 2838 2187 2890 statione
2209 2837 2443 2892 decedit.

1935 2925 2100 2982 Vens.
2132 2929 2183 2983 9.
2220 2929 2354 2984 Cum
2384 2929 2549 2985 Israel
2580 2929 2751 2985 Deum
2772 2946 2882 2985 non
2898 2931 3233 3000 cognoverit,
3259 2946 3436 3000 neque

1862 3033 1986 3071 eum
2019 3020 2251 3088 populus
2289 3021 2635 3089 intellexerit,
2667 3023 2760 3077 sed
2798 3037 2865 3076 ex
2918 3023 3049 3092 ipsis
3074 3038 3280 3088 semen,
3305 3038 3437 3094 apo-

1867 3111 2094 3165 stolicus
2125 3113 2348 3178 chorus,
2388 3129 2509 3168 eum
2556 3123 2610 3169 et
2641 3122 2954 3188 cognoverit
2990 3127 3046 3174 et
3084 3120 3432 3186 intellexerit,

1870 3201 2066 3256 merito
2100 3219 2128 3255 a
2154 3204 2308 3273 plebe
2344 3204 2713 3276 distinguitur.
2768 3207 2952 3279 lnepte
2990 3213 3189 3282 quippe
3221 3213 3436 3270 diceres

1867 3294 2146 3362 apostolos
2177 3310 2360 3349 semen
2393 3295 2563 3351 fuisse
2601 3297 2916 3368 impiorum,
2945 3301 3012 3356 de
3037 3304 3238 3372 quibus
3270 3307 3436 3362 modo

1865 3382 2071 3436 dictum
2103 3381 2291 3453 (Vens.
2319 3385 2374 3454 4)
2405 3405 2417 3438 :
2453 3405 2471 3436 ι
2522 3385 2716 3442 Semen
2742 3405 2970 3460 nequam
2997 3393 3090 3445 lilii
3122 3395 3370 3451 scelesti-
3410 3416 3429 3448 ι

1869 3474 2047 3542 aptius
2073 3490 2169 3530 eos
2201 3490 2384 3530 semen
2420 3477 2806 3547 prophetarum
2850 3482 3148 3538 vocaveris.

1938 3649 2101 3707 Vens.
2141 3651 2228 3708 16.
2270 3652 2389 3708 Non
2445 3655 2513 3710 iis
2567 3656 2909 3727 (lavamini)
2955 3657 3269 3722 lotionibus,
3315 3674 3438 3728 quae

1865 3743 2109 3810 corporis
2145 3751 2322 3798 cutem
2357 3745 2673 3811 emundant,
2713 3762 2822 3799 non
2851 3747 2994 3801 enim
3027 3747 3153 3800 huic
3205 3749 3436 3803 munda-

1865 3838 2013 3891 tione
2037 3853 2205 3907 opus;
2230 3838 2322 3892 sed
2352 3840 2747 3908 spiritualibus,
2771 3857 2892 3910 qua:
2912 3853 3263 3911 peccatorum
3302 3843 3440 3898 cali-

1868 3929 2045 3998 ginem
2082 3930 2298 3984 aulerre
2329 3930 2563 3999 possint,
2589 3938 2644 3983 et
2674 3933 2868 3986 sordes
2900 3933 3068 3986 animi
3097 3934 3316 3989 abluere
3341 3951 3354 4001 ;
3377 3937 3440 3990 ει

1867 4021 2006 4073 mala
2035 4036 2265 4090 quaeque
2293 4021 2482 4089 procul
2512 4021 2797 4090 depellere.

1939 4111 2104 4166 Vens.
2153 4111 2242 4165 29.
2290 4111 2425 4165 Nam
2477 4113 2735 4168 derelicto
2774 4114 3120 4169 benefactore
3157 4124 3210 4169 et
3249 4115 3438 4169 Salva-

1867 4215 2004 4269 tore,
2039 4206 2198 4260 idolis
2231 4206 2422 4260 conﬁsi
2476 4213 2603 4258 sunt
2648 4207 2826 4259 anima
2871 4215 2926 4260 et
2973 4215 3151 4260 mente
3200 4207 3440 4261 carenti-

1868 4302 1968 4354 bus
1993 4320 2006 4366 ;
2051 4300 2253 4353 idcirco
2270 4301 2418 4352 omni
2445 4300 2582 4353 bona
2606 4298 2748 4352 fama
2778 4298 3042 4363 destituti,
3072 4300 3149 4353 vel
3168 4309 3225 4353 ut
3243 4308 3440 4370 stuppa

1868 4390 2486 4460 comburentur(Vens.
2527 4393 2588 4446 5t
2616 4392 2634 4461 )
2674 4411 2691 4442 ι
2729 4400 2783 4445 et
2834 4407 2939 4445 non
2974 4392 3075 4445 erit
3107 4391 3202 4461 qui
3231 4392 3440 4446 exstin-

1796 4497 1839 4551 ι)
1869 4493 2016 4554 gnat.
2065 4501 2083 4534 ι
2137 4480 2272 4547 Quis
2307 4483 2452 4536 enim
2485 4491 2667 4552 posset
2695 4498 2789 4535 eos
2823 4483 3064 4550 eripere.
3121 4481 3230 4535 Deo
3279 4482 3437 4536 incu-

1868 4575 2063 4629 sante?
2096 4573 2273 4627 lnnuit
2299 4574 2464 4643 igitur
2493 4588 2672 4628 sermo
2705 4572 3083 4627 confusionem
3119 4576 3172 4627 in
3204 4574 3436 4644 captivi-

1867 4673 1977 4718 tate
2037 4663 2313 4727 futuram,
2367 4678 2490 4716 cum
2552 4664 2691 4716 bono
2739 4679 2956 4733 quoque
3013 4662 3183 4718 Judaei
3238 4666 3437 4720 fuerint

1865 4757 2054 4818 exuti,
2101 4764 2154 4809 et
2199 4771 2294 4824 spe
2354 4755 2606 4825 depulsi,
2666 4772 2827 4825 quam
2882 4758 2935 4809 in
3001 4755 3159 4811 idolis
3200 4758 3438 4812 colloca-

1869 4857 2073 4904 verant.

1937 4943 2065 4998 CAP.
2097 4941 2161 5007 ll,
2191 4940 2357 4998 Vens.
2393 4942 2443 4995 l.
2487 4939 2592 4996 Seu
2620 4941 2876 5005 verbum,
2908 4956 3003 4995 seu
3033 4939 3170 4994 visio
3194 4940 3430 5004 dicatur,

1868 5037 2001 5090 nihil
2053 5039 2316 5099 interest;
2361 5050 2484 5088 nam
2534 5042 2586 5088 et
2626 5034 2926 5088 visionibus
2959 5034 3161 5102 aliquid
3197 5033 3430 5089 auditur.

1874 5127 2102 5194 Quando
2142 5125 2286 5181 Deus
2325 5124 2456 5195 quid
2503 5127 2678 5179 oculis
2708 5125 2959 5193 subjicit,
2999 5126 3312 5195 cognitione
3352 5126 3435 5180 in-

1875 5222 2104 5274 struitur
2138 5219 2374 5280 animus,
2411 5218 2551 5272 haud
2579 5233 2738 5272 secus
2781 5233 2843 5269 ac
2886 5218 2932 5271 si
2957 5226 3136 5271 mente
3161 5218 3434 5270 visionum

1871 5327 2176 5365 sermonem
2206 5313 2542 5381 perciperet;
2571 5323 2623 5364 et
2653 5310 2838 5362 auditu
2861 5310 3024 5363 verbo
3051 5349 3065 5370 ,
3117 5309 3189 5361 ita
3232 5308 3434 5360 illumi-

1871 5411 2032 5455 natur
2078 5417 2269 5467 mens,
2317 5403 2470 5470 quasi
2522 5416 2630 5452 uno
2674 5401 2869 5452 intuitu
2905 5413 3227 5451 cunetorum
3260 5397 3436 5450 scien-

1873 5498 2002 5550 tiam
2039 5495 2508 5564 eomplecterctur.
2543 5522 2609 5529 —
2640 5492 2737 5544 llic
2763 5493 2876 5559 jam
2907 5505 3012 5543 non
3045 5498 3233 5543 contra
3263 5490 3437 5555 loqui-

1872 5600 1978 5647 tur.
2015 5590 2106 5644 sed
2140 5590 2207 5642 de
2239 5587 2618 5656 (Jerusalem),
2673 5588 2918 5640 indicans
2949 5602 3005 5639 se
3039 5586 3190 5652 prius
3214 5583 3438 5638 calami-

1875 5689 2016 5734 tates
2041 5680 2449 5735 denuntiavisse
2484 5685 2676 5732 contra
2713 5693 2807 5733 cos
2842 5678 3049 5731 futuras
3102 5685 3156 5730 et
3191 5677 3440 5732 locorqu

1875 5772 2244 5827 \asta.tionctii.
