4044 6324
625 332 755 391 13η

1817 319 2165 381 τηεοοοιιι
2204 314 2721 375 BERACLEENSIS

3729 313 3868 373 1512

694 446 860 505 Vsss.
888 450 941 505 3.
969 448 1151 520 Ipsum
1188 442 1488 503 Salinatoris
1543 442 1717 497 nostri
1763 453 2069 498 sermonem
2115 437 2185 490 le.-

2365 430 2546 500 Νόμον
2574 430 2812 484 statam
2841 431 2938 485 καὶ
2967 429 3122 499 λόγον
3154 429 3251 483 τοῦ
3279 429 3532 497 ὶωτηρος
3554 424 3863 520 mimanta

622 556 742 612 gem
779 542 1032 596 vocavit:
1067 538 1266 608 quippe
1319 537 1413 605 qui
1468 534 1532 589 de
1579 533 1879 590 Jerusalem
1909 529 2191 601 profectus

620 643 870 689 errantes
897 640 1090 703 gentes
1140 631 1319 701 arguit
1344 674 1357 696 ,
1403 646 1511 684 non
1540 630 1796 699 judicans
1839 628 2068 694 dociles,
2094 630 2190 684 sed

619 738 848 779 munera
876 724 1115 793 largiens
1145 723 1572 791 agnoscentibus
1598 736 1739 776 eum.

691 812 860 869 Vna.
898 814 987 868 18.
1034 812 1297 867 Malorum
1347 826 1512 867 causa
1567 811 1859 878 (idolorum
1903 812 2187 883 eversio):

620 916 753 960 tunc
794 905 1100 976 intelligent
1156 919 1216 960 se
1267 903 1473 959 frustra
1530 900 1697 957 Deum
1737 901 2089 968 deseruisse,
2136 912 2193 959 et

619 997 916 1055 inservisse
963 998 1305 1062 simulacris;
1357 1012 1480 1051 nam
1512 1004 1811 1066 agnoscent
1855 997 2194 1066 vespertilio-

620 1101 719 1143 nea
771 1088 875 1143 sibi
917 1088 1098 1159 potius
1152 1089 1409 1145 colendas
1462 1088 1631 1143 fuisse
1672 1103 1837 1142 sensu
1892 1087 2188 1157 praeditas,

618 1192 783 1248 quam
816 1179 1083 1250 imagines
1107 1194 1293 1234 eorum
1313 1195 1477 1265 sepsu
1500 1188 1767 1235 carentes.
1794 1176 1966 1242 Tunc.
1992 1180 2189 1249 inquit,

620 1271 923 1328 imminenti
954 1273 1185 1343 judicio,
1226 1290 1336 1329 non
1363 1282 1576 1328 astante
1603 1274 1695 1343 qui
1730 1274 2023 1337 liberaret.
2076 1289 2193 1328 me-

618 1364 726 1417 rito
755 1380 815 1421 se
847 1366 899 1419 in
952 1376 1133 1435 petras
1165 1366 1527 1428 abscondent,
1560 1365 1627 1421 de
1661 1367 1884 1435 quibus,
1915 1368 2010 1430 ait,
2045 1367 2191 1421 idola

620 1454 725 1510 sibi
753 1453 1170 1511 fabricaveram.
1198 1455 1315 1511 Non
1342 1456 1594 1527 poteritis
1628 1460 1796 1515 enim.
1823 1456 2028 1524 adjicit,
2052 1457 2189 1510 iram

619 1544 713 1601 Dei
742 1546 797 1601 in
827 1562 925 1603 vos
955 1558 1283 1603 commotam
1307 1548 1556 1608 suﬂerre.
1591 1546 1687 1601 sed
1719 1546 2191 1602 demonstrabitur

618 1634 885 1710 fragilitas
917 1645 1119 1702 vestra,
1154 1638 1246 1695 Dei
1277 1654 1406 1695 vero
1431 1639 1687 1710 maiestas
1710 1638 2010 1709 apparebit.

684 1896 812 1953 Cn.
848 1888 937 1967 IV,
974 1898 1141 1958 Vens.
1172 1903 1223 1957 ι.
1264 1903 1475 1969 Quibus
1502 1904 1679 1959 verbis
1712 1905 1968 1961 salutaris
2001 1915 2188 1963 noster

618 1990 922 2060 baptismus
955 1992 1299 2061 signiﬁcatur
1318 2034 1333 2059 ,
1367 2010 1463 2065 per
1490 2012 1653 2067 quem
1680 1998 1979 2067 pratsertim
2007 1999 2187 2055 denuo

617 2082 803 2137 mundi
831 2086 1252 2153 conspiciemur.

681 2168 813 2227 Car.
846 2171 909 2237 ν,
956 2172 1122 2230 Vens.
1159 2177 1208 2230 Ι.
1253 2174 1426 2232 Voces
1462 2178 1578 2234 ista!
1616 2197 1635 2231 ι
1672 2182 1726 2235 in
1756 2196 1949 2245 cornu,
1976 2183 2028 2237 in
2068 2185 2188 2239 loco

616 2266 823 2336 pingui,
857 2284 875 2319 ι
903 2268 1163 2323 selectum
1204 2268 1372 2325 fuisse
1414 2272 1591 2326 locum
1645 2273 1960 2339 declarant,
1992 2274 2188 2332 distin-

614 2366 890 2428 ctumque.
935 2358 1111 2414 Vitem
1165 2363 1403 2430 sepsisse
1449 2362 1603 2425 dicit,
1641 2375 1695 2419 et
1758 2367 2075 2433 vallavisse,
2133 2377 2187 2423 et

616 2438 981 2516 plantavisse,
1038 2460 1093 2505 et
1132 2451 1488 2509 aediﬁcavisse
1539 2456 1771 2519 turrim,
1817 2465 1876 2510 ut
1924 2468 2189 2514 memoret

613 2541 800 2607 quanti
849 2538 1069 2597 Iudaeos
1121 2542 1343 2609 fecerit,
1380 2556 1585 2615 quanta
1639 2547 1961 2602 custodierit
2008 2565 2182 2613 cura,

611 2640 817 2699 quanto
844 2633 1027 2688 studio
1070 2650 1165 2705 per
1205 2636 1504 2705 prophetas
1535 2637 1806 2694 docuerit.
1846 2640 1921 2692 Ita
1951 2641 2187 2697 excultis

613 2736 720 2774 non
753 2722 923 2791 spina:
950 2723 1185 2778 ferenda:
1212 2735 1389 2790 erant,
1434 2726 1529 2780 sed
1563 2727 1866 2796 condignus
1898 2727 2110 2784 fructus
2130 2737 2185 2783 et

613 2812 892 2870 laboribus
918 2818 1267 2872 conveniens.
1305 2820 1491 2872 Talem
1522 2828 1703 2874 autem
1736 2820 1973 2874 fructum
2009 2822 2076 2875 ab
2103 2822 2182 2875 eis

615 2916 719 2957 non
754 2902 923 2960 fuisse
949 2908 1151 2959 editum
1184 2918 1414 2961 testatur
1459 2912 1629 2979 spina:
1666 2926 1868 2965 corona
1916 2911 2185 2967 Salvatori

614 2997 869 3066 Imposita
894 3036 908 3062 ,
947 2998 1115 3067 ﬁgura
1155 3002 1435 3069 spinarum
1474 3004 1529 3055 in
1577 3003 1775 3059 animis
1806 3004 2111 3059 latentium.

677 3194 805 3252 Car.
841 3196 1032 3262 XXIII,
1066 3199 1227 3256 Vsus.
1271 3202 1357 3256 i7.
1415 3202 1665 3273 (Tyrum)
1695 3205 1827 3257 dicit
1862 3219 1889 3257 a
1921 3204 2029 3260 Deo
2060 3214 2183 3275 post

612 3297 861 3359 acceptas
910 3306 1102 3360 poenas
1141 3293 1467 3347 visitandam
1503 3311 1626 3349 esse
1653 3337 1668 3361 ,
1719 3304 1773 3351 et
1806 3298 1859 3349 in
1902 3298 2180 3367 antiquam

612 3381 809 3435 famam
851 3385 1267 3449 restituendam,
1296 3396 1353 3439 ut
1387 3386 1496 3441 Deo
1526 3390 1722 3456 opibus
1777 3390 2059 3451 inserviat,
2086 3404 2182 3458 per

612 3478 1035 3545 negotiationem
1081 3480 1399 3548 requisitis:
1440 3496 1559 3550 qua:
1587 3480 1887 3536 Jerusalem
1934 3484 2182 3537 habitan-

611 3567 757 3621 tibus
804 3570 1086 3636 perutiiia,
1145 3578 1202 3622 ut
1236 3572 1288 3623 in
1327 3570 1626 3641 Scripturis
1662 3575 1836 3629 sacris
1863 3613 1877 3639 ,
1922 3587 2181 3646 regnante

611 3657 833 3722 Hiram,
873 3661 1169 3729 contigisse
1204 3673 1458 3716 narratur
1492 3666 1528 3716 ¹.

675 3750 806 3805 Car.
844 3749 1219 3815 XXVI,V£ns.
1257 3754 1309 3807 9.
1352 3755 1575 3811 Animas
1604 3757 1675 3811 ita
1705 3756 1999 3827 dispositas
2044 3760 2183 3815 dicit

609 3856 768 3897 mane
805 3859 1134 3916 consurgere
1172 3846 1237 3899 ad
1270 3848 1610 3903 exhibendas
1647 3850 1715 3905 de
1770 3855 2057 3921 prmteritis
2091 3870 2181 3909 re-

610 3932 711 3987 bus
756 3934 961 4003 gratias
992 3952 1004 3985 :
1042 3950 1217 4003 neque
1248 3937 1394 3989 enim
1426 3953 1554 4001 nox,
1590 3938 1794 3991 homini
1836 3941 1902 3993 ad
1928 3955 2181 3994 recrean-

608 4026 737 4079 dum
771 4042 971 4096 corpus
998 4028 1145 4090 data,
1180 4029 1516 4087 dormientes
1569 4034 1791 4087 reficere
1836 4044 2041 4102 posset,
2072 4035 2178 4089 nisi

609 4114 801 4171 fuisset
832 4118 932 4171 hoc
964 4131 993 4169 a
1024 4116 1133 4170 Deo
1160 4120 1549 4184 constitutum;
1575 4123 1775 4189 Optime
1806 4122 1967 4190 igitur
1991 4132 2044 4176 et
2066 4138 2181 4174 ma-

609 4205 845 4259 tutinum
907 4215 1121 4275 tempus
1182 4217 1411 4277 occupat
1465 4212 1587 4264 tatis
1646 4213 1855 4273 anima,
1902 4220 1956 4264 ut
2016 4220 2066 4265 et
2114 4212 2180 4265 de

610 4300 900 4367 preter-itis
944 4301 1109 4353 rebus
1158 4302 1361 4368 gratias
1413 4304 1655 4367 rei'erat,
1690 4314 1741 4357 et
1783 4304 1847 4356 ad
1886 4304 2026 4357 diem
2064 4305 2179 4374 jam

608 4392 945 4445 exorientem
998 4407 1154 4460 opem
1217 4393 1441 4463 ﬂagitet.
1484 4394 1775 4465 Prmeeptis
1821 4394 1909 4451 Dei
1946 4408 2176 4451 mentem

609 4484 822 4553 piorum
885 4486 1203 4547 illuminari,
1268 4485 1645 4552 manifestum;
1720 4503 1843 4540 nam
1912 4498 1969 4540 ut
2025 4492 2168 4543 omni
2205 4483 2249 4537 D

608 4576 776 4629 verbo
804 4574 895 4629 Dei
929 4578 1092 4630 alitur
1132 4579 1311 4631 anima
1336 4580 1378 4645 ⁸,
1408 4578 1479 4632 ita
1509 4590 1561 4634 et
1588 4580 1734 4633 omni
1761 4590 2027 4651 praecepto
2056 4582 2180 4637 illu-

609 4674 813 4720 stratur
842 4675 895 4721 et
928 4668 1289 4743 illuminatur.

676 4925 843 4983 Vens.
883 4930 967 4983 10.
1004 4930 1196 4985 Studio
1229 4934 1392 5003 igitur
1414 4936 1609 5005 cuique
1653 4940 1721 4993 sit
1748 4947 1801 4994 et
1827 4957 1991 5009 curm,
2015 4946 2175 5013 justi-

608 5021 739 5073 tiam
771 5020 1003 5077 discere.
1038 5024 1155 5076 Non
1185 5027 1329 5079 enim
1372 5028 1585 5095 justitia
1608 5070 1621 5094 ,
1671 5034 1824 5101 quasi
1861 5043 2047 5090 nostra
2080 5054 2176 5090 ua-

607 5121 728 5165 tura
756 5113 1061 5179 inhaereret,
1086 5117 1157 5174 ita
1178 5119 1337 5172 nobis
1357 5122 1514 5175 insita
1544 5132 1648 5189 est,
1674 5132 1729 5177 ut
1759 5142 1875 5181 eam
1909 5130 1989 5182 vel
2020 5130 2174 5185 incu-

678 5262 777 5318 'lll
808 5265 935 5337 Reg.
973 5285 1049 5335 ιι,
1088 5271 1145 5323 Η
1180 5288 1303 5342 sqq.
1379 5276 1611 5334 ’Matth.
1647 5294 1718 5341 tv,
1752 5280 1805 5336 4.

682 5421 759 5490 (2)
803 5425 1121 5494 Sequuntur
1158 5430 1405 5497 ingentes
1442 5434 1493 5485 in
1536 5433 1855 5490 Heracleota
1887 5448 2073 5493 nostro
2104 5442 2180 5494 la—

606 5508 761 5549 cuna
790 5503 901 5572 tu_m_
931 5498 987 5572 in
1012 5498 1111 5550 hoc
1145 5509 1255 5552 tum
1290 5504 1342 5553 in
1374 5504 1568 5564 altero,
1598 5522 1755 5571 quem
1790 5512 2064 5572 consului,
2088 5527 2179 5565 cav

608 5572 745 5649 longe
789 5564 853 5616 ad
888 5566 1089 5649 isaiaiu
1124 5576 1574 5649 msacxemplari.
1612 5564 1674 5628 Et
1719 5579 1937 5645 quidem
1972 5564 2069 5649 par
2095 5592 2177 5634 est

608 5638 895 5701 utriusque
920 5638 1125 5691 codicis
1157 5644 1316 5703 ratio,
1350 5638 1501 5695 ita—ut
1531 5648 1665 5700 alter
1688 5638 1751 5699 ei
1784 5651 1955 5701 altero
1974 5638 2179 5703 exscri-

608 5711 733 5766 ptus
764 5705 1027 5759 videatur.
1052 5706 1163 5761 Cur
1192 5721 1369 5765 autem
1400 5722 1545 5766 tanta
1574 5718 1801 5771 emissio
1828 5722 1837 5757 τ
1887 5718 2173 5775 Heracleo-

2294 533 2404 596 γαρ
2451 525 2561 578 ἀπὸ
2594 520 2951 594 Ἰερουσαλὴμ
2986 522 3190 591 φανεὶς,
3236 518 3429 591 ἤλεγξε
3478 518 3575 588 μὲν
3626 518 3695 571 τά
3738 518 3861 591 ἔθνη

2292 614 2651 686 πλανώμενα·
2707 615 2769 667 οὐ
2825 612 3170 684 κατακρίνων
3220 610 3695 681 ὁμολογήσαντας,
3754 608 3861 663 ἀλλ’

2291 708 2671 778 ἑπεγνωκὰτας
2688 704 3009 778 εὐεργετῶν.

2358 821 2443 876 Τὰ
2472 821 2582 875 τῶν
2624 819 2809 875 κακῶν
2843 820 3015 875 αίτιαο
3053 822 3134 884 είς
3169 816 3518 888 συναίσθησιν
3556 815 3857 887 ἐρχόμενοι,

2290 915 2367 967 ὅτι
2401 913 2490 982 δὴ,
2524 913 2698 983 μάτην
2736 911 3119 976 καταλιπόντες
3156 912 3244 965 τὸν
3290 909 3456 973 Θεὸν,
3487 909 3675 969 αὐτοῖς
3703 924 3861 978 προσ-

2291 1005 2535 1060 εκύνουν·
2568 1004 2976 1073 άναλογίσονται
3006 1002 3115 1075 γάρ
3135 1042 3151 1067 ,
3168 1004 3248 1056 δτι
3272 1001 3339 1073 δὴ
3359 998 3559 1072 μᾶλλον
3587 1000 3860 1070 νυκτερίσι

2293 1093 2660 1167 προσεκύνουν
2683 1096 2802 1157 ταῖς
2822 1096 2879 1147 εν
2902 1093 3109 1157 τούτοις
3139 1090 3584 1163 ὲμφωλευούσαις
3613 1087 3862 1159 αῐσθησιν

2293 1186 2654 1258 κεκτημέναις
2689 1184 2723 1255 ἢ
2754 1187 2868 1248 τοῖς
2895 1184 3099 1238 τούτων
3132 1183 3495 1253 καταγωγίοις
3520 1179 3864 1250 ἀναισθήτοις

2289 1273 2431 1332 οὖσι.
2467 1278 2578 1348 Τῆς
2605 1275 2792 1347 δίκης,
2822 1274 3006 1346 φησὶν,
3032 1275 3175 1346 ὑμᾶς
3213 1273 3652 1342 καταλαϐούσης,
3682 1272 3777 1325 καὶ
3798 1270 3863 1342 μὴ

2291 1370 2442 1433 ὄντος
2463 1368 2557 1422 τοῦ
2582 1366 2965 1439 βοηθήσαντος,
2990 1366 3277 1420 ἀκόλουθον
3304 1367 3383 1429 είς
3407 1365 3510 1430 τὰς
3533 1367 3748 1436 πέτρας
3778 1381 3864 1416 κα-

2290 1457 2717 1532 τακρύπτεσθαι”
2750 1457 2813 1523 ἐξ
2847 1451 3067 1529 ὧνπερ,
3094 1458 3246 1527 φησὶ,
3281 1458 3375 1510 καὶ
3402 1458 3471 1510 τὰ
3504 1456 3709 1511 εἴδωλα
3748 1456 3863 1508 ελα-

2293 1550 2537 1617 εεύσατε·
2563 1550 2683 1603 οὐδὲ
2709 1550 2817 1621 γὰρ
2843 1548 3062 1616 ἐνέγκαι
3092 1546 3406 1617 δυνήσεσθε,
3429 1546 3588 1614 φησὶ,
3620 1546 3725 1616 τὴν
3752 1544 3862 1599 καθ’

2292 1642 2443 1712 ὑμῶν
2474 1641 2783 1712 κινηθεῖσαν
2816 1639 2968 1710 παρὰ
2995 1637 3089 1692 τοῦ
3120 1636 3255 1691 Θεοῦ
3283 1638 3469 1707 ὀργήν⁸
3514 1635 3660 1689 ἀλλὰ
3685 1638 3749 1689 τὺ
3775 1634 3864 1706 μὲν

2294 1733 2554 1803 ὑμέτερον
2583 1730 2806 1794 ἀσθενὲς
2827 1728 3307 1801 δμολογηθήσεται·
3339 1728 3586 1795 φανεῖται
3624 1727 3744 1797 δὲή
3778 1743 3861 1797 με·

2286 1824 2564 1893 γαλεώτης
2594 1822 2686 1877 τοῦ
2715 1821 2849 1876 Θεοῦ

2360 1916 2433 1968 Τὸ
2462 1914 2583 1968 καθ’
2613 1916 2761 1985 ἡμᾶς
2793 1914 3060 1984 σωτήριον
3099 1912 3381 1983 βάπτισμα
3426 1912 3759 1981 σημαίνεται
3782 1910 3861 1963 διὰ

2284 2005 2518 2058 τούτων·
2544 2005 2611 2058 δι’
2641 1997 2702 2057 οὗ
2730 2003 2967 2075 μάλιστα
2998 2002 3228 2072 καθαροὶ
3258 2000 3316 2067 ἐξ
3353 2001 3613 2071 ὑπαρχῆς
3660 2001 3860 2055 ἀναδει-

2287 2095 2383 2149 κνύ
2392 2094 2534 2166 μεθα

2356 2210 2431 2263 Τὸ
2469 2208 2548 2276 δὲ,
2592 2228 2611 2260 ι
2634 2210 2693 2261 ὲν
2722 2209 2935 2281 κέρατι,
2966 2210 3022 2262 tv
3049 2208 3200 2278 τόπῳ
3238 2206 3404 2271 πίονι,
3445 2225 3466 2258 s
3500 2206 3564 2259 τὸ
3592 2204 3862 2275 ἐξαίρετον

2288 2298 2381 2351 καὶ
2427 2298 2829 2370 κεχωρισμένον
2875 2297 2969 2351 τοῦ
3013 2298 3179 2350 τόπου
3207 2296 3372 2368 δηλοῖ.
3398 2296 3666 2366 θραγμὺν
3690 2294 3750 2348 δὲ
3778 2295 3862 2349 καὶ

2290 2387 2537 2457 χάρακας
2563 2388 2657 2441 καὶ
2682 2386 2933 2457 φύτευμα
2954 2388 3045 2440 καὶ⁸
3060 2386 3347 2457 οίκοδομὴν
3373 2386 3525 2453 λέγει
3556 2386 3662 2455 τήν
3691 2402 3751 2437 τε
3774 2381 3861 2437 τοῦ

2287 2478 2474 2545 γένους
2526 2479 2876 2547 περιποίησιν
2906 2479 2999 2531 καὶ
3038 2478 3138 2547 τὴν
3183 2477 3350 2531 αὐτοῦ
3387 2478 3639 2548 φρουρὰν
3663 2476 3761 2530 καὶ
3784 2474 3860 2531 διὰ

2292 2568 2585 2637 προφητῶν
2620 2569 2957 2637 ἐπιμέλειαν,
2991 2569 3060 2621 δι’
3090 2562 3165 2622 ὧν
3204 2568 3421 2621 πάντων
3453 2567 3858 2638 γεωργούμενοι

2287 2658 2386 2709 οὐκ
2409 2657 2650 2723 ἀκάνθας
2687 2660 2872 2730 φέρειν
2908 2659 3186 2728 ⁴ἠδύναντο,
3233 2658 3368 2712 ἀλλὰ
3399 2661 3493 2713 τὸν
3520 2660 3748 2724 ἐπάξιον
3772 2660 3857 2713 καὶ

2292 2750 2642 2819 προσήκοντα
2677 2749 2788 2803 τῶν
2822 2751 2999 2804 πόνων
3042 2752 3270 2822 καρπόν.
3303 2752 3425 2805 Ὀτι
3453 2751 3511 2804 δὲ
3537 2752 3599 2803 ού
3622 2750 3857 2813 τοιοῦτος

2288 2841 2317 2891 ὁ
2342 2841 2623 2911 κομισθεὶς
2646 2843 2775 2915 παρ’
2810 2842 2991 2896 αὐτῶν
3018 2843 3253 2914 καρπὸς,
3279 2846 3553 2914 μαρτυρεῖ
3582 2844 3613 2896 ό
3638 2842 3720 2913 τῷ
3754 2842 3855 2895 Σω-

2288 2931 2415 3001 τῆρι
2452 2933 2610 3002 ἡμῶν
2653 2933 2930 2997 ἒπιτεθεὶς
2974 2934 3261 2997 άκάνθινος
3303 2933 3593 3002 στέφανος,
3625 2934 3851 3002 ἐγκαλύ-

2288 3037 2435 3075 πτων
2481 3023 2571 3075 τὸν
2597 3024 2777 3094 ἀφανῆ
2820 3028 2877 3078 ὲν
2925 3024 3125 3094 ψυχαῖς
3178 3024 3466 3094 άκανθὼδη
3507 3022 3694 3078 αὐτῶν
3736 3024 3853 3095 τρύ-

2210 3127 2252 3184 c
2289 3131 2387 3166 πον
2426 3114 2521 3185 (2).

2368 3226 2480 3295 Τὴν
2541 3228 2829 3297 ἐπίσκεψιν
2882 3228 2975 3283 τοῦ
3015 3230 3150 3284 Θεοῦ
3195 3232 3291 3303 τὴν
3348 3228 3488 3301 μετὰ
3517 3230 3616 3300 τὴν
3649 3230 3852 3301 πληγὴν

2291 3318 2588 3389 γενομένην
2615 3321 2783 3388 λέγει,
2814 3322 2890 3384 ὡς
2918 3323 2996 3385 είς
3017 3323 3114 3391 τὴν
3142 3323 3374 3393 ἀρχαίαν
3408 3321 3675 3391 ἐπανήξει
3705 3320 3851 3386 δόξαν

2287 3408 2671 3480 δωροφοροῦσα
2717 3410 2793 3481 τῷ
2826 3411 2946 3481 Θεῷ
2993 3412 3057 3464 ὲκ
3088 3412 3179 3465 τοῦ
3223 3412 3689 3482 ἐπισυναγομένου
3723 3414 3849 3483 αὐτῇ

2291 3499 2493 3568 σπόρου
2518 3501 2583 3553 ὲκ
2627 3501 2724 3571 τῆς
2762 3503 3054 3573 ἐμπορίας,
3078 3501 3112 3556 ἂ
3143 3502 3292 3555 ἔσται
3322 3506 3433 3566 τοῖς
3455 3504 3513 3555 ὲν
3546 3507 3615 3574 τῇ
3665 3504 3850 3575 Ἰερου-

2292 3591 2471 3661 σαλὴμ
2529 3592 2842 3645 κατοικοῦσι
2892 3594 3186 3664 πρόσοδος·
3228 3593 3419 3665 ῶσπερ
3459 3590 3554 3647 οὖν
3614 3596 3713 3649 καὶ
3769 3598 3851 3649 επὶ

2286 3680 2380 3734 τοῦ
2409 3682 2623 3753 Χειρὰμ
2647 3682 2925 3755 ἱστόρηται
2960 3683 3111 3754 παρὰ
3137 3684 3237 3754 τῆς
3267 3684 3416 3747 θείας
3458 3684 3704 3755 Γραφῆς.

2374 3772 2689 3826 Ἀκόλουθον
2716 3774 2813 3836 τὰς
2839 3771 2980 3826 οὕτω
3023 3774 3369 3845 διακειμένας
3393 3774 3575 3844 ψυχὰς
3608 3773 3851 3829 σπεύδειν

2287 3862 2344 3914 ὲν
2368 3864 2480 3924 τοῖς
2518 3862 2742 3934 ⁴δρθροις
2780 3863 3086 3917 ἀποδιδόναι
3128 3866 3225 3928 τὰς
3253 3866 3600 3935 εὐχαριστίας
3623 3866 3718 3917 ἐπὶ
3751 3864 3852 3918 τῶν

2290 3952 2768 4024 παρεληλυθότων·
2808 3956 2927 4009 οὐδὲ
2956 3956 3063 4028 γὰρ
3096 3956 3193 4021 νὺξ
3220 3959 3253 4027 ή
3290 3958 3369 4019 εἰς
3402 3956 3722 4011 ἀνάπαυλαν
3753 3957 3852 4012 τῶν

2289 4043 2565 4122 σωμάτων,
2595 4043 2808 4097 δοθεῖσα
2841 4044 3150 4100 ἀναπαῦσαι
3186 4045 3261 4097 δυ·
3283 4048 3469 4115 ήσεται
3499 4047 3592 4099 τὸν
3633 4046 3696 4099 ὲν
3723 4047 3851 4117 αὐτῇ

2288 4134 2654 4201 ὑπνώττοντα,
2713 4138 2761 4189 εί
2812 4140 2885 4209 μή
2938 4137 3037 4190 πού
3081 4154 3144 4205 γε
3197 4137 3406 4190 ἐκείνου
3450 4136 3706 4207 σύνθημα
3752 4138 3850 4208 εἴη.

2300 4226 2635 4296 Ἀναγκαίως
2684 4223 2778 4281 οὖν
2805 4231 2838 4299 ὴ
2879 4229 3098 4299 τοιαύτη
3158 4229 3302 4299 ψυχὴ
3334 4230 3574 4292 καὶτοὺς
3627 4228 3851 4301 ὄρθρους

2288 4317 2677 4387 προλαμϐάνει,
2706 4320 2788 4373 ἵνα
2807 4320 2899 4372 καὶ
2931 4319 3183 4391 περὶτῶν
3219 4319 3672 4391 παρεληλυθότων
3700 4321 3850 4391 τύχα-

2292 4410 2542 4482 ριστήσῃ,
2578 4412 2669 4463 καὶ
2701 4413 2827 4481 περὶ
2856 4412 2953 4482 τῆς
2989 4410 3287 4483 μελλούσης
3313 4412 3474 4465 αὑτὸν
3511 4411 3847 4476 διαδέξασθαι

2287 4502 2389 4569 me
2399 4518 2497 4570 ρας
2518 4503 2893 4573 παρακαλέσῃ.
2930 4503 3067 4555 ’Υπὺ
3096 4502 3153 4556 δὲ
3168 4502 3276 4555 τῶν
3293 4503 3737 4575 προσταγμάτων
3761 4500 3844 4557 τοῦ

2280 4590 2414 4643 Θεοῦ
2445 4590 2773 4660 φωτίζεσθαι
2806 4594 2905 4663 τὴν
2940 4592 3175 4648 διάνοιαν
3201 4594 3309 4648 τῶν
3340 4593 3581 4647 εὐσεϐῶν
3609 4592 3841 4666 είόδεηλσν⁹

2280 4680 2469 4751 ὥσπερ
2494 4682 2599 4754 γὰρ
2628 4683 2685 4735 ὲν
2726 4683 2889 4735 παντὶ
2929 4685 3131 4754 ῥήματι
3159 4683 3295 4737 Θεοῦ
3331 4666 3595 4753 τρέφεται
3619 4686 3653 4754 ἠ
3682 4683 3839 4753 ψυχὴ,

2279 4772 2452 4834 οὕτως
2478 4774 2570 4826 καὶ
2611 4774 2668 4825 ὲν
2717 4774 2878 4827 παντὶ
2906 4775 3284 4846 προστάγματι
3327 4774 3732 4840 καταυγάζεται
3759 4774 3840 4828 καὶ

2280 4863 2588 4929 φωτίζεται.

2354 4956 2563 5026 Σπουδὴ
2588 4957 2763 5010 τοίνυν
2793 4955 3039 5011 ἑκάστων
3067 4959 3181 5011 ἐστὶ
3210 4958 3303 5011 καὶ
3335 4956 3529 5028 μελέτη
3561 4958 3625 5011 τὸ
3653 4960 3818 5012 δικαιο

2284 5046 2448 5113 σύνην
2508 5046 2699 5117 μαθεῖν
2724 5064 2738 5078 ο
2790 5048 2910 5101 οὐδὲ
2968 5049 3075 5121 γὰρ
3108 5049 3184 5111 ὡς
3210 5047 3269 5099 εν
3290 5064 3343 5099 τι
3376 5045 3485 5099 τῶν
3510 5050 3572 5100 ὲν
3600 5051 3666 5117 τῇ
3694 5048 3833 5116 φύσει

2282 5136 2551 5204 κειμένων
2616 5137 2708 5191 καὶ
2746 5138 2901 5191 τοῦτο
2947 5139 3076 5209 ἡμῖν
3115 5139 3488 5207 συμπέφυκεν.
3529 5139 3620 5193 ἵνα
3661 5137 3837 5209 ἀμελε-

2291 5451 2400 5496 tam
2450 5443 2671 5514 quidem
2720 5443 2992 5514 integrum
3048 5444 3495 5514 commentarium
3547 5441 3827 5499 confecisse

2290 5529 2395 5589 non
2430 5512 2654 5577 dubito;
2678 5514 2779 5589 sed
2801 5512 3006 5568 catenae
3028 5512 3423 5589 auctor_codice
3442 5514 3627 5582 aliquo
3652 5525 3824 5589 maneo

2289 5583 2524 5637 fortasse
2582 5584 2871 5649 utebatur;
2926 5599 3099 5653 neque
3147 5584 3293 5638 enim
3346 5594 3426 5637 tot
3469 5583 3828 5639 commentarii

2288 5663 2472 5722 partes
2502 5660 2695 5723 sponte
2734 5655 3144 5723 praemisisse
3179 5653 3421 5709 videtur.
