4044 6324
154 398 295 456 1313

1623 400 1685 456 ΙΝ
1728 399 1982 459 ιδΑυιιι.

3249 400 3386 456 i316

146 513 331 584 τητως
385 511 516 565 αὐτὸ
549 511 780 584 ἔχωμεν,
821 513 1008 584 ῶσπερ
1052 509 1146 568 οὖν
1173 515 1233 568 τὸ
1265 514 1480 586 βλέπειν
1507 517 1539 587 ἢ
1571 517 1718 588 βαδί-

1825 515 1958 572 riosi
1989 530 2413 588 consequamur,
2437 514 2892 584 quemadmodum
2921 514 3095 569 oculis
3111 513 3387 569 intuemur

150 602 274 668 ζειν
292 619 305 633 ·
333 603 448 656 ἀλλ’
466 604 679 675 ἑκάστῳ
703 605 861 676 χρεία
889 604 1139 677 σπουδῆς,
1174 605 1310 678 πρὸς
1335 607 1398 660 τὸ
1417 609 1715 679 ἀποστῆσαι

151 695 257 764 μιν
277 693 372 767 τὴν
402 695 640 751 διάνοιαν
662 697 893 760 ἀδικίας,
916 698 1240 768 προσλαϐεῖν
1264 700 1321 754 δέ
1351 700 1714 772 δικαιοσύνην-

153 784 269 840 ίδοὺ
298 787 405 858 γὰρ
430 788 479 840 oi
506 789 563 842 ἐν
589 787 814 859 ἀσεϐείᾳ
841 788 1105 857 ζήσαντες
1142 790 1385 845 ἐκποδὼν
1409 794 1714 862 γεγόνασιν

148 877 275 930 οὐδὲ
293 879 402 950 γὰρ
438 875 548 934 οἷόν
574 880 635 933 τέ
673 881 820 933 ἐστιν
845 879 1100 950 ἀληθείας
1149 887 1386 956 ἐργάτην
1430 885 1718 955 εὑρεθῆναι

149 970 248 1023 τὸν
289 972 362 1042 μὴ
389 970 734 1040 δικαιοσύνην
758 969 1146 1043 μελετήσαντα.
1182 1007 1249 1017 —-
1287 975 1719 1046 Ἐκλαμσάνεται

148 1059 326 1113 ταῦτα
355 1061 448 1113 καὶ
469 1061 549 1124 είς
575 1060 666 1112 τὸν
695 1059 959 1125 διὰσολον,
1005 1064 1099 1117 καὶ
1129 1068 1209 1130 εις
1239 1067 1364 1130 τοὺς
1398 1067 1719 1138 ἀγνώμονας

161 1150 480 1216 Ἰουδαίους,
537 1151 633 1216 ὡς,
685 1153 894 1207 πολλῶν
946 1155 1271 1227 εὐεργεσιῶν
1311 1157 1584 1226 τυχόντες,
1638 1157 1718 1211 ἔτι

150 1240 416 1310 ἐπέμενον
457 1239 518 1292 τὸ
549 1240 702 1310 ὄμμα
730 1243 828 1313 τῆς
868 1244 1107 1309 διανοίας
1143 1247 1560 1317 κεκαμμυκότες
1584 1264 1598 1277 ο
1621 1248 1719 1300 τοῦ

149 1330 271 1402 γὰρ
309 1331 512 1402 Κυρίου
546 1333 701 1402 ἡμῶν
742 1335 914 1407 Ἰησοῦ
962 1337 1198 1407 Χριστοῦ
1258 1338 1715 1408 ἐπιδημήσαντος,

150 1420 252 1472 καὶ
305 1420 410 1473 τῶν
457 1418 624 1474 ἐθνῶν
657 1425 1080 1487 πιστευσάντων,
1123 1417 1268 1478 οὗτοι
1302 1425 1363 1477 οὐ
1397 1427 1554 1494 μόνον
1591 1427 1718 1498 περὶ

149 1508 244 1560 τὸν
273 1508 562 1579 εὐεργέτην
603 1509 912 1582 ἀγνώμονες
944 1513 1252 1581 γεγόνασιν,
1291 1512 1424 1566 ἀλλὰ
1459 1515 1554 1567 καὶ
1574 1513 1719 1585 ζήλῳ

150 1614 290 1668 πονη
301 1598 376 1668 ρῷ
388 1599 748 1671 ἐκκαιόμενοι,
769 1603 1118 1674 περίκαυστοι
1139 1603 1390 1673 γενέσθαι
1407 1604 1714 1675 ἠϐούλοντο,

151 1686 303 1756 ἥπερ
324 1689 454 1758 ὀρᾷν
483 1689 552 1742 τά
579 1689 702 1760 ἔθνη
728 1691 1028 1762 σωζόμενα.

238 1776 496 1832 Ἐνταῦθα
543 1779 643 1850 τὴν
695 1781 1046 1836 ἀνταπόδοσιν
1079 1782 1249 1850 λέγει,
1287 1783 1384 1855 τὴν
1402 1787 1525 1838 κατ’
1562 1785 1720 1852 ἀξίαν

149 1865 268 1918 τῶν
325 1869 733 1941 ἁμαρτημάτων
759 1873 1089 1944 ἐπαχθεῖσαν
1124 1874 1282 1945 δίκην
1303 1893 1316 1905 ο
1342 1853 1580 1932 ἐκείνων
1609 1876 1717 1950 γὰρ
1749 1853 1791 1908 Β

149 1958 392 2024 πάντων,
448 1965 628 2033 φησὶν,
683 1967 813 2036 ἡμῖν
866 1966 1090 2028 δικαίως
1124 1967 1591 2022 ἁνεαποδοθέντων
1625 1961 1718 2024 καλ

147 2046 345 2119 ὥσπερ
375 2050 532 2121 χρέος
563 2051 912 2117 ἐκτισὰντων,
943 2053 1138 2116 ἀπόδος
1164 2055 1298 2122 ἡμῖν
1330 2053 1421 2106 τὸν
1453 2055 1718 2125 μονογενῆ

149 2139 286 2194 Υίόν
339 2158 430 2194 σου
450 2158 462 2171 ’
497 2142 618 2196 οὐδὲ
645 2143 753 2217 γάρ
809 2143 966 2206 ἀλλος
988 2146 1070 2208 τίς
1095 2147 1242 2198 ἐστιν
1278 2143 1416 2216 [αμα
1447 2143 1661 2218 ήμῶνῆ
1690 2149 1720 2200 6

151 2234 448 2301 μονογενής
476 2248 568 2285 σου
592 2233 719 2296 Υἱὸς
744 2235 1186 2306 παραγενόμενος
1234 2236 1328 2288 ἐπὶ
1353 2237 1477 2307 γῆς.

222 2325 345 2376 Ὀτι
409 2325 570 2397 μὲνὴ
615 2326 831 2380 πάντων
865 2327 1149 2382 δεσποτεία
1189 2330 1432 2400 προσῆκε
1472 2330 1551 2403 τῷ
1578 2331 1714 2401 Θεῷ,

146 2413 318 2466 παντὶ
359 2412 535 2483 δῆλον,
590 2415 683 2468 καὶ
716 2416 816 2470 οὐκ
846 2417 910 2471 ἄν
940 2434 1024 2481 τις
1051 2418 1399 2489 ὑπονοήσειεν
1439 2421 1594 2484 ἐκτὸς
1622 2422 1718 2492 τῆς

146 2506 464 2570 δεσποτείας
489 2505 581 2560 τοῦ
598 2507 733 2561 Θεοῦ
759 2504 897 2562 εἶναι
917 2527 1058 2564 τινα.
1081 2510 1154 2564 Τὸ
1169 2506 1282 2576 οὖν,
1311 2511 1525 2581 κτῆσαι
1547 2513 1714 2583 ἡμᾶς,

147 2595 380 2648 ἐνταῦθα
431 2595 699 2663 λέλεκται,
733 2597 813 2651 ὅτι
849 2598 935 2652 διὰ
967 2599 1068 2670 τῆς
1095 2599 1190 2653 τοῦ
1237 2602 1555 2670 μονογενοῦς
1589 2601 1716 2655 Υίοῦ

149 2700 249 2738 σου
305 2688 604 2758 παρουσίας
647 2687 1064 2761 λυτρωσάμενος
1104 2693 1280 2762 ἡμᾶς,
1331 2693 1573 2763 ᾠκείωσε
1624 2696 1716 2748 καὶ

147 2779 504 2849 περιεποίησε
533 2778 905 2850 νεκρωθέντας
933 2785 1053 2844 ταῖς
1087 2784 1398 2854 ἁμαρτίαις.

221 2869 286 2920 Oi
332 2867 440 2939 γὰρ
475 2870 864 2941 νενεκρωμένοι
916 2875 1034 2936 ταῖς
1083 2873 1378 2944 ἁμαρτίαις
1407 2875 1468 2937 οὐ
1508 2875 1715 2944 μήποτε

149 2959 438 3015 θεάσονταί
486 2977 546 3015 σε
567 2977 581 2991 ·
608 2961 818 3032 νεκρῶν
854 2961 964 3034 γὰρ
1024 2962 1196 3017 ὄντων
1238 2963 1345 3015 τῶν
1378 2963 1518 3017 κατὰ
1556 2964 1718 3032 φύσιν

149 3052 462 3121 γενομένων
516 3050 748 3121 νεκρῶν,
803 3053 898 3104 καὶ
943 3050 1152 3122 νεκρῶν
1182 3051 1288 3104 τῶν
1333 3051 1718 3122 νεκρωσάντων

1820 619 1914 662 aut
1967 609 2196 679 pedibus
2247 608 2582 673 incedimus;
2630 605 2725 663 sed
2781 605 2965 660 studio
2996 605 3193 674 cuique
3247 620 3386 676 opus

1819 706 1906 752 est
1927 739 1943 763 ,
1985 707 2045 752 ut
2091 697 2374 766 iniustitia:
2414 709 2636 751 sensum
2667 693 2820 764 prius
2847 699 3028 757 exuat,
3062 703 3117 747 et
3145 692 3271 747 dein
3301 691 3386 746 in-

1819 786 1954 842 duat
1981 787 2274 857 justitiam.
2316 787 2454 844 Ecce
2488 796 2671 843 autem
2701 785 2868 840 ablati
2899 793 3029 842 sunt
3053 787 3240 856 impii;
3270 800 3384 841 non

1819 879 1966 933 enim
2019 887 2196 948 potest
2235 878 2372 946 ﬁeri,
2402 888 2461 934 ut
2518 879 2798 934 veritatem
2837 877 3002 931 iaciat
3025 915 3041 943 ,
3078 878 3173 948 qui
3219 878 3385 946 justi-

1820 970 1948 1022 tiam
1977 984 2085 1024 non
2109 968 2382 1024 didicerit.
2414 968 2746 1025 Referuntur
2786 969 2901 1024 haec
2933 983 3149 1039 quoque
3177 969 3234 1022 in
3263 967 3384 1021 dia-

1817 1057 2023 1122 bolum,
2056 1065 2112 1111 et
2142 1056 2197 1111 in
2235 1059 2480 1128 ingrat0s
2525 1056 2761 1123 Iudaeos,
2790 1059 2886 1129 qui
2919 1059 3046 1114 licet
3080 1057 3381 1113 innumeris

1820 1147 2024 1203 fuerint
2052 1148 2329 1204 beneﬂciis
2356 1150 2524 1214 aucti,
2553 1165 2776 1205 aversos
2807 1159 2988 1205 tamen
3018 1151 3220 1205 mentis
3244 1163 3372 1203 ocu-

1818 1239 1901 1294 los
1950 1239 2312 1307 reilexerunt;
2363 1256 2491 1294 nam
2546 1241 2868 1297 adveniente
2919 1241 3146 1296 Domino
3191 1247 3383 1296 nostro

1816 1329 1947 1386 Iesu
1974 1331 2214 1396 Christo,
2248 1333 2500 1402 gentibus
2529 1334 2597 1388 ad
2628 1334 2788 1389 ﬁdem
2817 1337 3118 1400 conversis,
3149 1335 3244 1390 isti
3272 1349 3381 1389 non

1817 1423 1980 1478 modo
2003 1426 2250 1494 ingratos
2279 1439 2337 1479 se
2367 1426 2712 1495 praebuerunt
2759 1426 2816 1480 in
2863 1424 3197 1480 Salvatorem
3221 1463 3238 1491 ,
3285 1425 3382 1479 sed

1818 1529 1985 1585 pravo
2008 1515 2123 1570 zelo
2145 1514 2435 1586 ﬂagrantes
2462 1517 2563 1585 ipsi
2599 1516 2848 1570 comburi
2880 1517 3190 1572 maluerunt
3217 1529 3382 1587 quam

1820 1614 2011 1676 gentes
2041 1607 2359 1676 conspicere
2389 1607 2564 1661 salute
2586 1607 2835 1663 donatas.

1893 1783 2059 1841 Vsus.
2115 1783 2202 1838 i2.
2261 1782 2359 1836 Hic
2420 1780 2590 1838 Deum
2644 1783 2948 1840 reddidisse
2992 1782 3152 1847 dicit,
3191 1794 3382 1852 pinnas

1821 1873 2032 1929 scilicet
2057 1874 2280 1928 meritas
2302 1887 2400 1943 pro
2428 1873 2666 1942 peccatis
2690 1892 2705 1939 ;
2736 1888 2859 1928 cum
2889 1872 3034 1928 enim
3066 1873 3248 1928 omnia
3269 1886 3382 1927 no—

1820 1968 1904 2023 bis
1930 2008 1944 2030 ,
1980 1967 2188 2036 inquit,
2240 1965 2364 2035 jure
2395 1965 2715 2030 reddidisti,
2763 1973 2817 2020 et
2845 1969 3001 2035 quasi
3026 1965 3267 2019 debitum
3295 1979 3384 2020 re-

1819 2054 2051 2120 misisti,
2110 2054 2179 2108 da
2228 2055 2390 2110 nobis
2420 2055 2761 2125 unigenitum
2791 2053 2988 2109 Filium
3044 2064 3232 2119 tuum;
3273 2068 3381 2107 non

1818 2148 1964 2202 enim
1989 2153 2076 2203 est
2103 2147 2243 2203 alius
2285 2146 2445 2202 nobis
2495 2147 2680 2216 saluti,
2710 2147 2818 2204 nisi
2848 2146 3164 2219 unigenitus
3209 2143 3382 2201 Filius

1821 2251 1948 2296 tuus
1973 2240 2030 2294 in
2062 2250 2262 2296 terram
2297 2237 2576 2308 delapsus.

1889 2333 2056 2388 Vnus.
2091 2334 2178 2388 i3.
2208 2330 2402 2387 Omnia
2457 2328 2512 2384 in
2561 2328 2814 2384 manibus
2849 2326 2943 2381 Dei
2974 2341 3130 2390 esse,
3186 2339 3384 2394 cuique

1817 2424 2206 2493 perspicuum,
2234 2436 2341 2478 nec
2376 2418 2747 2488 suspicaberis
2799 2431 3124 2487 quemquam
3172 2431 3237 2470 ex
3288 2414 3382 2468 Dei

1817 2514 2047 2584 imperio
2076 2528 2185 2566 non
2238 2510 2491 2581 pendere.
2544 2509 2642 2564 ilic
2686 2509 2852 2578 igitur
2886 2524 2946 2562 ea
2976 2508 3043 2563 de
3071 2521 3239 2562 causa
3282 2520 3383 2560 nos

1817 2603 2082 2673 possidere
2107 2602 2327 2665 dicitur,
2366 2597 2511 2669 quod
2541 2598 2803 2668 unigeniti
2852 2596 2973 2650 Filii
2999 2597 3118 2665 ejus
3145 2595 3380 2651 adventu

1817 2694 2152 2764 puriﬁcatos,
2178 2698 2234 2748 et
2268 2692 2336 2746 de
2365 2699 2542 2744 morte
2574 2696 2922 2758 peccatorum
2967 2687 3244 2773 liberatos,
3275 2686 3380 2743 sibi

1816 2785 2151 2855 comparavit
2180 2791 2236 2838 et
2263 2781 2524 2835 devinxit.

1886 2874 2050 2929 Vens.
2089 2874 2176 2928 14.
2216 2870 2506 2940 Nunquam
2555 2870 2697 2924 enim
2755 2867 3015 2924 videbunt
3062 2875 3117 2922 te
3158 2873 3384 2937 peccato

1817 2964 2054 3028 mortui;
2084 2975 2211 3018 nam
2237 2961 2441 3016 mortui
2473 2965 2624 3024 sunt,
2655 2957 2858 3028 quibus
2905 2971 3105 3025 corpus
3139 2955 3381 3021 interiit;

1817 3054 2020 3109 mortui
2046 3060 2173 3108 sunt
2199 3058 2253 3105 et
2286 3050 2378 3104 alii
2411 3051 2506 3120 qui
2537 3049 2776 3102 membra
2797 3063 2895 3102 sua
2920 3047 3115 3102 mediis
3142 3046 3197 3099 in
3225 3046 3380 3100 volu-

148 3141 221 3193 τὰ
249 3138 457 3192 έαυτῶν
490 3139 623 3210 μέλη
645 3141 701 3193 ἐν
726 3142 848 3203 ταῖς
880 3139 1119 3211 ἡδοναῖς,
1157 3142 1248 3193 καὶ
1278 3141 1349 3193 τὰ
1400 3140 1545 3195 κακὰ
1598 3142 1716 3195 δια-

1822 3145 2064 3217 ptatibss
2095 3149 2368 3205 coercent,
2405 3148 2458 3194 et
2485 3138 2711 3194 affectus
2743 3154 2939 3208 pravos
2973 3138 3139 3191 animi
3162 3137 3383 3207 impios-

149 3234 399 3301 νοήματα
443 3231 511 3285 τά
533 3232 675 3286 κατὰ
708 3231 838 3285 Θεὸν
868 3232 1279 3303 νεκρωσὰντων.
1322 3234 1587 3288 Ἐνταῦθα
1612 3234 1720 3288 τῶν

149 3327 413 3378 ἐναντίων
462 3325 752 3395 μέμνηται,
813 3325 921 3377 τῶν
961 3325 1369 3380 ἀποϐαλλόντων
1397 3327 1493 3398 μὲν
1544 3329 1721 3382 πᾶσαν

152 3419 392 3485 ζωτικῆς
433 3418 844 3487 δικαιοπραγίας
887 3417 1052 3490 ζωὴν,
1076 3421 1464 3490 νεκρωσὰντων
1495 3421 1550 3473 δὲ
1594 3422 1719 3474 ἐαυ-

151 3511 278 3572 tuo;
295 3509 372 3578 τῷ
395 3509 512 3578 Θεῷ
532 3510 635 3562 ὑπὸ
663 3508 756 3561 τοῦ
789 3509 1024 3579 πλήθους
1047 3511 1155 3563 τῶν
1189 3511 1472 3581 ἁμαρτιῶν
1506 3513 1599 3564 καὶ
1623 3530 1719 3564 κα-

152 3600 461 3672 κοπραγίας
486 3600 926 3670 ἀποῦεὸληκότας
947 3603 1044 3671 τὴν
1073 3601 1331 3666 ζωοποιὸν
1355 3605 1717 3673 δικαιοσύνην·

151 3692 237 3746 διὸ
275 3695 367 3744 καὶ
402 3692 729 3762 φειδόμενος,
763 3695 791 3745 6
825 3693 975 3757 Θεὸς,
1013 3696 1103 3749 καὶ
1132 3696 1426 3766 ἀγαθότητι
1467 3697 1721 3767 κινούμε-

154 3802 264 3848 νος,
287 3784 545 3852 ἐνέκοψας
570 3784 956 3855 ἁμαρτάνουσι.

227 3876 509 3945 Σημαίνει,
560 3877 642 3927 ὅτι
685 3876 994 3946 φειδόμενος
1034 3878 1062 3928 6
1087 3875 1218 3940 Θεὸς
1246 3877 1339 3930 τοῦ
1361 3877 1594 3947 Χριστοῦ
1624 3879 1721 3946 τῆς

154 3965 302 4036 ζωῆς
331 3966 508 4019 αὐτῶν
559 3965 880 4036 ὑπετέμετο,
933 3967 1018 4020 ἵνα
1067 3969 1141 4038 μὴ
1182 3969 1263 4031 είς
1296 3969 1484 4038 χρόνον
1516 3969 1722 4038 μακρὸν

153 4054 566 4124 παραμένοντες
600 4055 1170 4125 συμπαρεκτείνωνται
1199 4059 1265 4128 τῇ
1296 4057 1482 4128 κακίᾳ,
1514 4059 1607 4110 καὶ
1635 4057 1722 4110 αῦ-

156 4147 322 4210 ξωσιν
355 4146 533 4200 αὐτῶν
555 4147 654 4218 τὴν
681 4148 973 4218 πονηρίανο
999 4148 1086 4202 διὰ
1122 4148 1230 4221 γὰρ
1260 4149 1568 4218 ἀγαθότητα
1594 4151 1724 4215 Θεὸς

155 4242 249 4294 καὶ
291 4241 515 4310 χρόνους
559 4241 730 4312 ὁρίζει
774 4243 854 4303 είς
893 4236 1159 4313 τιμωρίαν
1189 4260 1202 4272 ’
1246 4243 1403 4298 τοῦτο
1451 4245 1548 4314 μέν
1585 4245 1724 4316 μετά

156 4328 354 4381 ἑκατὸν
379 4330 580 4381 εἴκοσιν
638 4330 753 4398 ἔτη,
809 4330 996 4401 ὥσπερ
1058 4327 1148 4384 οὖν
1190 4334 1281 4386 καὶ
1317 4334 1409 4386 ἐπὶ
1442 4335 1533 4387 τοῦ
1559 4353 1724 4390 κατα-

156 4419 426 4490 κλυσμοῦ,
478 4421 632 4475 τοῦτο
679 4421 735 4473 δὲ
772 4422 1051 4493 ἐξήκοντα.
1096 4425 1205 4476 Καὶ
1237 4424 1306 4477 δι’
1332 4426 1494 4479 αὑτοῦ
1535 4425 1720 4479 τούτου

1821 3253 1927 3308 que
1962 3242 2334 3306 compescunt.
2372 3233 2471 3288 Hic
2525 3243 2714 3288 contra
2762 3234 2828 3286 de
2869 3231 2978 3286 illis
3019 3230 3238 3300 agitur,
3291 3228 3384 3298 qui

1822 3344 2012 3386 omnes
2043 3334 2309 3382 exuerunt
2345 3325 2527 3379 vitalis
2581 3323 2811 3393 justitia!
2850 3336 3064 3383 mores,
3122 3319 3216 3388 qui
3279 3318 3386 3372 Deo

1822 3423 2021 3477 mortui
2049 3430 2195 3485 sunt,
2244 3424 2466 3490 propter
2511 3413 2910 3468 multitudinem
2956 3416 3301 3479 peccatorum
3330 3414 3385 3462 et

1821 3514 2219 3584 ncquitiarum,
2261 3511 2409 3563 vitali
2444 3506 2654 3576 justitia
2695 3502 2912 3573 spoliati
2950 3500 3192 3555 :idcirco
3222 3497 3384 3552 mise-

1821 3593 2056 3660 ricordia
2089 3602 2255 3666 Deus,
2285 3610 2338 3654 et
2363 3599 2695 3668 benignitate
2729 3598 2995 3652 movetur,
3019 3587 3236 3659 quando
3260 3598 3385 3655 pec-

1821 3694 2098 3750 catoribus
2127 3692 2325 3745 obstat.

1892 3874 2056 3928 Vsus.
2093 3873 2176 3926 14.
2218 3870 2426 3924 indicat
2448 3863 2655 3920 Christi
2689 3861 2835 3916 Deus
2860 3874 2918 3914 se
2952 3870 3048 3927 per
3077 3851 3382 3922 benignita-

1822 3975 1931 4022 tem
1964 3966 2126 4019 vitam
2163 3977 2348 4017 eorum
2394 3956 2714 4016 rescidisse,
2747 3966 2814 4005 ne
2846 3947 3049 4002 diutius
3092 3945 3382 4004 duranles.

1822 4058 2027 4112 malitia
2073 4070 2171 4108 sua
2220 4058 2443 4106 czeteros
2486 4045 2758 4103 iniiciant,
2835 4051 3096 4106 suamque
3151 4040 3383 4102 augeant

1823 4147 2146 4218 nequitiam;
2180 4157 2303 4196 nam
2329 4155 2422 4209 per
2455 4134 2842 4203 benignitatem
2880 4126 3023 4180 Deus
3051 4132 3106 4178 et
3135 4133 3383 4218 tempora

1824 4212 2012 4296 deiinit
2042 4238 2095 4290 in
2129 4246 2342 4305 poenam
2385 4249 2396 4282 :
2460 4239 2606 4281 nunc
2661 4231 2785 4292 post
2837 4227 3054 4273 centum
3087 4222 3140 4270 et
3192 4212 3387 4305 viginti

1825 4345 1996 4385 annos
2030 4337 2081 4380 ut
2116 4302 2448 4392 temporibus
2477 4314 2665 4370 diluvii
2691 4313 2750 4377 ';
2787 4323 2931 4363 nunc
2963 4311 3087 4376 post
3107 4302 3387 4372 sexaginta

1826 4425 1940 4493 (aut
1975 4418 2152 4489 potius
2170 4412 2507 4484 septuaginta
2525 4408 2547 4439 ⁵
2564 4407 2602 4476 ).
2622 4404 2707 4458 Fit
2728 4406 2910 4464 etiam,
2939 4397 3128 4453 eodem
3153 4399 3389 4448 testante

154 4512 251 4565 τοῦ
280 4514 554 4581 προφήτου
588 4514 680 4565 καὶ
712 4514 816 4583 πρὸ
840 4491 938 4582 τῆς
960 4515 1288 4584 προθεσμίας
1318 4517 1511 4585 ἐπάγει
1529 4518 1626 4587 τὴν
1655 4517 1721 4570 δί-

1831 4491 2087 4585 propheta
2119 4548 2135 4572 ,
2208 4515 2268 4559 ut
2329 4504 2412 4557 vel
2483 4506 2609 4554 ante
2665 4505 2878 4562 tempus
2943 4502 3137 4561 poenas
3181 4491 3391 4587 repetat

157 4619 285 4671 κην,
317 4601 594 4669 ὲγκόπτων
629 4602 807 4656 αὐτῶν
852 4607 963 4665 τοῖς
993 4603 1370 4674 ἁμαρτήμασι,
1408 4605 1502 4659 καὶ
1536 4607 1722 4658 παύων

155 4693 358 4754 αὐτοὺς
388 4693 484 4762 τῆς
514 4693 874 4765 παρανομίας,
921 4696 1262 4766 ἁμετανόητα
1298 4695 1614 4759 νοσοῦντας·
1644 4696 1723 4750 διό

157 4802 326 4856 φησιν
383 4788 411 4838 6
469 4786 830 4855 πεντηκοστὸς
856 4787 1115 4857 τέταρτος
1155 4787 1400 4858 ψαλμός·
1441 4806 1459 4838 ι
1500 4788 1722 4856 Ἀνδρες

156 4877 408 4947 αἱμάτων
432 4877 524 4928 καὶ
556 4876 859 4947 δολιὸτητος
900 4877 958 4928 οὐ
987 4878 1060 4946 μὴ
1092 4878 1425 4946 ἡμισεὺσωσι
1457 4879 1722 4949 camps—

159 4985 293 5038 ραςο
343 4986 360 5018 ι
406 4969 497 5020 καὶ
544 4968 735 5022 πάλιν
780 4987 797 5020 ι
831 4967 919 5036 Μὴ
962 4969 1242 5042 ἀναγάγῃς
1290 4988 1354 5040 με
1423 4972 1478 5022 ἐν
1540 4971 1724 5035 ἡμίσει

157 5057 464 5130 ίὴμεεήῦν.›

242 5147 512 5201 Ἐνταῦθα
577 5148 720 5201 κακὰ
750 5147 897 5215 λέγει
949 5148 1069 5217 οὐχὶ
1103 5148 1169 5201 τὰ
1211 5151 1266 5202 ἐν
1299 5150 1525 5220 πράξεσι
1562 5152 1723 5217 κακὰ,

157 5240 299 5294 ἁλλά
351 5239 421 5292 τὰ
474 5242 754 5295 κακωτικὰ
777 5258 789 5270 ο
830 5240 970 5293 οῦτω
1002 5241 1109 5310 γὰρ
1153 5243 1243 5293 καὶ
1270 5243 1344 5295 ὅτ’
1373 5242 1436 5295 ἂν
1469 5244 1721 5314 ἀκούσῃς,

165 5349 181 5378 ι
206 5329 269 5380 '0
284 5324 483 5388 κτίζων
510 5326 672 5389 κακὰ,
705 5346 721 5377 ι
751 5326 1079 5396 ἐκλὰμόανε.
1109 5329 1216 5397 Τὴν
1235 5330 1415 5381 τοίνυν
1444 5331 1726 5399 ὑπερηφα-

157 5418 280 5468 νίαν
337 5414 444 5466 τῶν
495 5413 800 5482 λεγομένων
860 5415 1081 5480 ἐνδόξων
1120 5410 1205 5468 διὰ
1261 5415 1364 5468 τῶν
1408 5419 1726 5470 κακωτικῶν

160 5505 652 5576 καθαιρεθήσεσθαι
703 5508 974 5576 σημαίνει.

235 5791 409 5847 'Gen.
445 5789 596 5849 v1.5.
677 5789 694 5818 ⁶
719 5789 858 5842 Psal.
904 5804 1120 5844 Luxu.
1159 5791 1218 5841 li)
1308 5792 1325 5820 ⁵
1357 5789 1494 5842 [δεδι.
1533 5805 1599 5840 (ἐ.
1634 5787 1721 5839 ἓξί.

1832 4573 1992 4666 Deus,
2026 4600 2240 4655 modum
2269 4594 2506 4664 peccatis
2529 4603 2719 4644 eorum
2758 4591 3023 4645 statuens,
3054 4591 3243 4634 eorum
3283 4573 3390 4629 ini-

1828 4695 2059 4764 quitates
2098 4687 2346 4742 inhibens
2379 4680 2590 4736 insania
2625 4675 3006 4730 laborantium.
3045 4669 3165 4764 Ideo
3197 4666 3391 4764 legitur

1829 4759 1882 4841 in
1923 4786 2130 4855 psalmo
2162 4797 2269 4845 ων,
2298 4778 2369 4830 24
2401 4795 2412 4828 :
2454 4793 2470 4825 ι
2516 4771 2629 4825 Viri
2664 4769 2991 4839 sanguinum
3040 4771 3092 4815 et
3129 4759 3390 4855 (ἰοὶοεὶια-

1829 4846 2051 4937 ιὶε,ἰιοῐι
2086 4870 2446 4926 dimidiabunt
2482 4866 2595 4919 dics
2637 4876 2802 4924 suos;
2845 4877 2862 4908 ι
2897 4865 2946 4910 et
2984 4855 3217 4907 iterum:
3259 4867 3278 4900 ι
3313 4846 3390 4901 Ne

1834 4982 2054 5023 revoces
2080 4980 2163 5017 me
2197 4963 2251 5014 in
2279 4959 2505 5014 dimidio
2534 4955 2740 5009 dierum
2766 4961 3007 5003 meorum
3045 4944 3143 4996 ⁸..»

1905 5143 2067 5196 Vens.
2101 5141 2186 5193 lii.
2246 5136 2344 5190 iiic
2386 5149 2480 5204 per
2521 5131 2661 5183 mala
2695 5143 2804 5180 non
2832 5136 3000 5193 opera
3031 5119 3173 5172 mala
3207 5118 3390 5170 intenv

1832 5235 1933 5297 dit,
1983 5233 2078 5286 sed
2124 5228 2425 5298 supplicia;
2478 5236 2600 5275 nam
2647 5228 2700 5271 et
2758 5217 2811 5269 in
2860 5215 3019 5268 istam
3068 5205 3390 5298 sententiam

1831 5293 2071 5380 eamdem
2093 5293 2274 5374 vocem
2303 5323 2551 5383 usurpat.
2571 5325 2690 5365 cum
2719 5308 2878 5361 dicit:
2903 5322 2921 5352 ι
2947 5293 3384 5354 Croansmala‘.»

1843 5416 2087 5467 ileciarat
2135 5411 2300 5480 igitur
2342 5422 2400 5462 se
2443 5421 2538 5476 per
2571 5401 2838 5470 supplicia
2868 5395 3171 5465 superbiam
3199 5399 3390 5444 eorum

1835 5508 1928 5575 qui
1962 5509 2050 5570 gio
2065 5502 2194 5556 riosi
2226 5501 2493 5554 habentur
2523 5497 2924 5565 deprcssurum.

1804 5786 1945 5838 'isa.
1985 5800 2099 5833 ιιγ.
2146 5784 2189 5830 ἵ.
