4044 6324
673 378 812 438 I315

1865 377 1953 434 τΙΙ
1962 377 2208 434 EODORI
2249 377 2771 434 IIERACLEENSIS

3779 379 3897 434 1310

747 496 909 552 Vns.
960 498 1042 550 I6.
1104 495 1302 551 Iratum
1342 497 1508 551 Deum
1549 498 1615 551 ad
1659 498 2052 552 convertendos
2113 499 2219 550 ani-

2406 498 2516 567 Τὴν
2548 498 2651 560 ἐως
2684 498 2913 566 ἀπειλῆς
2950 495 3117 566 ὀργὴν
3149 494 3298 565 παρά
3327 494 3421 547 τοῦ
3445 493 3580 547 Θεοῦ
3618 495 3894 564 ἐκφερομέυ

677 605 795 646 mos
840 599 1057 642 nostros
1102 591 1384 644 minaciter
1427 592 1611 660 loqui;
1663 606 1769 643 non
1821 605 1950 642 vero
1986 599 2232 642 acturum

673 686 1133 748 Operaturumque
1183 679 1420 745 iudicat;
1472 695 1596 733 nam
1646 687 1864 748 propter
1927 673 2275 748 bcuignita—'

678 777 782 820 tem
805 768 982 821 minas
1013 769 1265 834 intendit,
1285 779 1340 820 ut
1367 778 1683 838 peccatores
1713 769 2010 832 deterreat,
2044 779 2097 824 et
2128 784 2236 840 pa:-

675 858 959 910 nitentiam
994 870 1213 927 agentes
1253 861 1588 915 imminentia
1621 863 1761 913 mala
1796 869 2072 926 avertant;
2125 877 2233 914 non

670 950 814 1000 enim
867 959 1041 1003 morte
1101 959 1284 1004 nostra
1332 951 1549 1019 gaudet,
1611 967 1719 1005 non
1777 960 2060 1006 creaturas
2108 967 2235 1006 suas

672 1039 949 1100 abhorret,
981 1056 1084 1092 non
1117 1051 1261 1094 creat
1287 1052 1344 1093 ut
1370 1042 1562 1095 habeat
1603 1057 1741 1111 quos
1768 1044 1988 1111 puniat,
2037 1045 2235 1112 quippe

676 1130 790 1193 cui,
833 1132 876 1183 si
909 1133 1030 1184 talis
1062 1142 1228 1195 esset,
1261 1133 1441 1186 silenti
1486 1134 1817 1202 puniendum
1857 1143 1993 1188 erat.
2039 1133 2234 1189 Omnia

670 1235 800 1284 vero
835 1224 1184 1290 praenuntiat,
1223 1235 1274 1277 et
1300 1226 1459 1280 minis
1487 1227 1816 1280 omnimodis
1849 1228 2074 1282 allectus
2105 1245 2232 1282 suos

669 1312 926 1374 declarat,
966 1323 1024 1367 ut
1056 1314 1339 1368 audientes
1363 1332 1482 1384 qua:
1506 1316 1861 1371 reformidare
1888 1319 2148 1380 solemus,
2180 1326 2233 1371 et

670 1401 931 1470 supplicia
970 1412 1352 1471 pnevertcntes
1383 1407 1677 1459 salvemur.

744 1685 902 1742 Vens.
937 1689 1016 1742 I7.
1065 1688 1158 1741 llic
1218 1690 1474 1743 dilectum
1531 1698 1686 1743 vocat
1743 1688 2079 1742 Salvatorem
2133 1707 2231 1743 no-

670 1789 844 1830 strum
904 1779 977 1832 Ex
1015 1795 1122 1848 quo
1149 1782 1294 1832 enim
1327 1781 1482 1849 juxta
1513 1783 1830 1850 prophetam
1870 1779 2033 1849 Virgo
2065 1798 2228 1849 pepe-

673 1872 809 1924 risse
861 1872 1083 1932 dicitur,
1134 1873 1331 1940 ubique
1369 1885 1673 1941 opportune
1710 1873 1990 1941 parvulum
2023 1889 2226 1927 memo-

668 1971 792 2022 rat;
827 1963 1045 2029 quando
1077 1963 1244 2030 igitur
1270 1979 1330 2015 ea
1374 1964 1443 2017 sit
1492 1965 1768 2016 hominum
1805 1965 2064 2032 nequitia,
2109 1981 2230 2033 qure

668 2067 774 2104 non
811 2052 914 2105 nisi
950 2054 1293 2122 gravissimis
1327 2054 1503 2122 poenis
1545 2058 1749 2124 expiari
1792 2060 1982 2126 possit,
2033 2059 2229 2113 dilecto

663 2151 756 2195 tuo
799 2145 957 2195 nobis
984 2160 1119 2214 opus
1151 2155 1287 2209 erat,
1331 2147 1502 2217 gratia
1537 2163 1633 2203 sua
1669 2164 1767 2202 nos
1807 2151 1871 2203 de
1897 2152 2223 2204 calamitati-

664 2235 764 2289 bus
790 2236 1104 2290 liberatum.

733 2342 897 2398 Vens.
932 2346 1016 2399 l8.
1057 2347 1332 2410 Quantum
1360 2349 1520 2403 nobis
1564 2354 1774 2418 prosint
1821 2352 1999 2414 minae,
2043 2360 2226 2405 osten-

661 2431 776 2494 dit;
811 2447 933 2484 nam
966 2440 1226 2487 terrorem
1259 2445 1408 2488 tuum
1443 2437 1589 2491 velut
1634 2437 1834 2491 bonum
1867 2455 2051 2493 semen
2080 2443 2223 2494 acci—

658 2523 870 2591 pientes
923 2532 976 2576 et
1025 2525 1428 2592 parturientes,
1486 2535 1727 2596 tempore
1783 2530 1930 2592 dato,
1995 2532 2222 2584 salutem

657 2623 1088 2679 consequemur;
1155 2615 1396 2683 quandiu
1448 2618 1592 2670 enim
1643 2628 1840 2672 terram
1900 2623 2219 2685 incolimus,

660 2710 873 2770 tempds
906 2705 1241 2770 pmnitentia:
1269 2707 1504 2776 largiris,
1535 2723 1642 2762 non
1667 2712 1856 2761 merita
1889 2711 2221 2779 nosjustitia

658 2793 861 2852 aufers.
887 2797 979 2848 sed
1011 2798 1266 2852 concedis
1301 2807 1357 2851 ut
1393 2804 1638 2855 conversi
1660 2802 2220 2857 salvemur.—Vitale

660 2885 825 2954 igitur
857 2902 981 2939 cum
1010 2903 1191 2942 semen
1237 2896 1632 2960 acceperimus,
1689 2904 1893 2948 terrore
1940 2896 2218 2960 commoti,

659 2991 850 3045 pmnas
904 2995 1091 3033 omnes
1137 2981 1495 3051 eﬂugiemus;
1552 2999 1675 3038 nam
1713 2986 1803 3054 qui
1837 2985 1989 3054 prius
2021 2987 2218 3038 mortui

656 3069 932 3123 fueramus
960 3079 1181 3138 peccato
1233 3080 1286 3126 et
1323 3075 1742 3143 cupiditatibus,
1777 3093 1921 3129 nunc
1960 3079 2115 3144 quasi
2152 3077 2219 3130 de

653 3162 1059 3222 monumentis,
1132 3169 1184 3214 te
1241 3164 1691 3232 reprehendente,
1743 3165 2216 3235 expergiseemur;
2247 3193 2288 3249 ρ

652 3263 760 3318 qua
819 3251 1236 3316 reprehensione
1292 3255 1671 3320 immutamur,
1708 3271 1736 3308 a
1769 3257 1928 3311 malis
1961 3257 2216 3326 operibus

654 3340 1024 3407 abstinentes;
1071 3360 1282 3413 semper
1323 3349 1465 3399 enim
1501 3348 1931 3402 misericordiam
1958 3358 2014 3402 tu
2034 3365 2119 3403 am
2145 3351 2212 3403 ad

653 3445 774 3493 nos,
805 3434 959 3501 quasi
992 3450 1168 3488 rorem
1194 3438 1486 3491 salutarem
1512 3439 1770 3492 demittis.

721 3626 874 3681 CAP.
906 3628 1142 3693 XXVIII,
1191 3630 1355 3686 Vens.
1389 3635 1436 3687 I.
1478 3634 1656 3689 Casus
1685 3633 1939 3706 Ephraim
1972 3645 2026 3690 et
2055 3637 2214 3690 ruina

651 3719 907 3773 Omnibus
950 3722 1255 3789 apparebit,
1313 3725 1460 3778 velut
1517 3741 1680 3794 super
1727 3733 1964 3781 montem
2009 3727 2215 3780 altissi-

649 3824 843 3871 mum,
905 3813 1160 3868 omnibus
1217 3817 1428 3869 scilicet
1475 3825 1526 3870 et
1580 3818 1938 3888 undequaque
1991 3821 2212 3889 conspi-

648 3916 832 3954 cuum.

721 3989 882 4047 Vens.
942 3993 993 4045 ἓ.
1061 3994 1229 4049 Pinna
1283 4013 1378 4051 eos
1425 3998 1558 4052 dicit
1616 4001 1810 4053 merito
1874 4000 2207 4066 alliciendos,

645 4098 809 4150 quam
866 4087 966 4153 ipsi
1015 4086 1125 4153 jam
1189 4089 1414 4143 sufferre
1460 4106 1567 4143 non
1598 4100 1856 4159 possunt:
1905 4109 2014 4161 quo
2064 4095 2210 4148 enim

647 4174 808 4228 modo
833 4176 1050 4244 apricus
1075 4193 1226 4247 ager,
1258 4182 1407 4233 nullo
1435 4183 1673 4250 tegmine
1695 4181 1977 4247 defensus,
2006 4185 2210 4239 irruen-

646 4266 716 4319 tis
767 4269 1046 4336 grandinis
1089 4272 1312 4324 verbera
1347 4274 1518 4326 vitare
1559 4275 1766 4342 nequit,
1824 4277 1896 4327 ita
1943 4291 2043 4330 nec
2073 4278 2204 4346 ipsi;

645 4372 773 4411 nam
825 4360 934 4413 Deo
987 4375 1177 4429 ρωπος
1231 4371 1530 4432 repetente.
1586 4367 1732 4418 omni
1782 4381 1883 4436 cpe
1916 4367 2207 4424 destitutos

647 4465 807 4504 nemo
836 4461 920 4505 est
944 4468 1035 4521 qui
1061 4469 1162 4508 nos
1191 4460 1405 4526 eripere
1434 4461 1627 4526 possit.

709 4629 877 4685 Vens.
925 4633 979 4696 3,
1024 4634 1077 4687 4.
1122 4635 1330 4701 Quibus
1385 4653 1478 4692 eos
1521 4639 1757 4694 hostium
1808 4643 2037 4711 imperio
2079 4659 2202 4712 pre-

640 4724 867 4776 mendos
917 4726 1225 4792 denuntiat,
1271 4740 1324 4784 et
1374 4733 1593 4801 indigna
1638 4748 1865 4804 quaeque
1896 4738 1948 4789 in
1972 4737 2202 4803 captivi—

639 4815 747 4859 tate
806 4827 1096 4880 passuros;
1157 4832 1264 4869 non
1309 4829 1564 4886 poterunt
1590 4823 1732 4875 enim
1768 4824 1954 4886 latere,
1991 4826 2199 4894 inquit,

637 4901 720 4951 vel
750 4904 902 4968 pauci
929 4920 989 4957 ex
1019 4909 1336 4975 captivitate
1362 4913 1582 4981 reliqui,
1621 4916 1713 4969 sed
1747 4917 1819 4969 ita
1852 4918 1920 4971 ab
1943 4919 2198 4972 omnibus

636 4992 830 5045 vicinis
883 4997 1375 5066 deprchendemur,
1425 5006 1495 5057 ita
1543 5008 1870 5062 videbuntur
1913 5011 2196 5079 suppliciis

635 5082 836 5149 aﬂlieti,
905 5097 961 5140 ut
1016 5089 1230 5146 facilius
1282 5094 1470 5149 lateret
1535 5099 1590 5151 in
1641 5101 1950 5156 summitate
1995 5103 2196 5156 montis

638 5187 960 5241 praematura
1025 5182 1178 5246 ficus,
1240 5202 1359 5253 qua:
1402 5204 1507 5244 una
1564 5207 1628 5245 ex
1681 5193 1935 5248 omnibus
1983 5201 2195 5248 matura

636 5270 1033 5324 transeuntium
1059 5277 1246 5331 oculos
1281 5280 1335 5330 in
1365 5296 1424 5334 se
1453 5284 1737 5337 convertit.

702 5529 866 5584 Vens.
912 5533 964 5587 5.
1016 5533 1192 5589 Verba
1244 5537 1357 5592 haec
1409 5541 1474 5596 ad
1519 5556 1614 5597 eos
1665 5552 1932 5612 spectant,
1988 5546 2080 5615 qui
2128 5562 2192 5600 eo

633 5625 831 5677 mentis
855 5637 1110 5682 venerant
1146 5639 1204 5682 ut
1243 5640 1494 5700 putarent
1543 5651 1686 5689 nium
1719 5652 1888 5703 genus
1917 5639 2064 5692 omni
2091 5654 2190 5706 ope

634 5712 952 5769 destitutum
1009 5719 1272 5775 radicitus
1329 5737 1448 5778 esse
1510 5727 1854 5793 tollentium;
1916 5745 1981 5785 ne
2041 5728 2184 5784 enim

2340 604 2436 657 νην
2488 588 2622 656 πρὸς
2671 587 3005 656 ἐπιστροφὴν
3077 585 3186 637 τῶν
3228 586 3514 654 ἡμετέρων
3566 583 3778 652 ψυχῶν,
3831 585 3891 655 μὴ

2342 673 2524 742 μέντοι
2549 676 2626 735 είς
2659 673 2854 744 πρᾶξιν
2877 674 3007 744 μηδὲ
3027 675 3106 736 είς
3130 673 3290 744 ἔργον
3319 672 3604 745 χωροῦσαν
3624 672 3890 741 σημαίνει·

2339 765 2716 833 φιλάνθρωπος
2753 765 2858 835 γὰρ
2888 763 2963 816 ὣν
2994 766 3220 829 ἀπειλεῖ,
3251 766 3356 824 ἴνα,
3405 764 3483 834 τῷ
3514 763 3668 832 φόϐῳ
3693 763 3893 832 χαλινα-

2337 857 2614 924 γωγήσας,
2655 857 3014 925 μετανοήσασι
3053 858 3126 926 μὴ
3176 855 3440 923 ἐπαγάγοι
3473 855 3574 924 τὴν
3604 856 3889 925 τιμωρίαν·

2336 948 2454 1000 οὐδὲ
2499 947 2606 1018 γάρ
2632 946 2810 1017 χαίρει
2843 947 2936 999 ἐπὶ
2964 946 3042 1016 τῷ
3067 949 3315 1019 ἡμετέρῳ
3347 947 3585 1016 θανάτῳ,
3617 947 3744 999 οὐδὲ
3777 947 3893 999 ἁπο-

2334 1039 2592 1092 διάκειται
2646 1039 2781 1110 πρὸς
2804 1038 2870 1092 τά
2920 1038 3108 1090 ἑαυτοῦ
3154 1040 3452 1108 ποιήματα,
3485 1038 3608 1090 οὐδὲ
3650 1039 3796 1089 ποιεῖ
3821 1037 3892 1089 ἴνα

2335 1127 2429 1198 ἔχη
2483 1129 2606 1191 τοὺς
2655 1129 3114 1200 τιμωρουμένους.
3167 1129 3337 1198 Εἴπερ
3381 1130 3493 1201 γὰρ
3536 1127 3606 1200 ἦν
3647 1128 3890 1192 τοιοῦτος,

2335 1219 2461 1285 ἐνῆν
2485 1219 2646 1270 αὑτὸν
2665 1221 2842 1287 σιωπῇ
2873 1218 2968 1270 καὶ
2995 1217 3092 1286 τὴν
3114 1218 3383 1286 τιμωρίαν
3408 1221 3720 1286 ἐπαγαγεῖν
3740 1235 3753 1247 ⁸
3778 1218 3891 1271 ἀλλά

2337 1312 2511 1362 πάντα
2545 1310 2716 1378 λέγει,
2780 1311 2873 1362 καὶ
2915 1310 3022 1362 ἀπὸ
3056 1309 3271 1361 πάντων
3299 1311 3406 1362 τῶν
3441 1311 3696 1379 φοϐερῶν
3725 1310 3890 1363 ἑαυτὸν

2334 1399 2698 1468 γνωρίζεσθαι
2719 1399 2954 1458 σπεύδει,
2978 1398 3043 1449 ἵν’
3059 1400 3236 1468 ἡμεῖς,
3255 1399 3542 1460 ἀκούοντες
3563 1399 3600 1451 ἃ
3623 1399 3889 1467 εἰθίσμεθα

2335 1487 2631 1555 φοϐεῖσθαι,
2666 1490 2772 1558 πρὸ
2814 1491 2907 1559 τῆς
2936 1488 3086 1556 δίκης
3127 1487 3553 1559 ἐπιστρέψαντες
3595 1489 3760 1559 (Cod.
3787 1491 3889 1542 ἐπι-

2334 1580 2655 1649 γράψαντες)
2691 1580 2967 1649 σωθῶμεν.

2415 1691 2718 1759 ’Λγαπητὸν
2759 1691 2990 1744 ἐνταῦθα
3023 1690 3170 1759 λέγει
3194 1691 3283 1743 τὸν
3313 1691 3543 1761 Σωτῆρα
3593 1691 3785 1760 ἡμῶν·
3811 1692 3889 1743 καὶ

2333 1782 2440 1850 γὰρ
2466 1783 2555 1849 ἀφ’
2583 1777 2642 1835 οὗ
2661 1782 2798 1834 κατά
2828 1781 2924 1850 τὴν
2967 1783 3298 1852 προφητείαν
3326 1783 3357 1850 ἡ
3382 1781 3668 1851 Παρθένος
3699 1782 3887 1850 λέγεται

2332 1872 2644 1933 τετοκέναι,
2688 1870 3003 1940 ἁπανταχοῦ
3061 1871 3383 1940 εὺαφόρμως
3435 1871 3773 1938 μνημονεύει
3810 1874 3887 1924 τοῦ

2331 1961 2560 2013 παιδίου.
2611 1962 2824 2030 Ἐπειδὴ
2862 1961 3042 2014 τοίνυν
3077 1961 3144 2014 τά
3174 1962 3416 2030 ἡμέτερα
3454 1959 3712 2023 τοιαῦτα,
3751 1965 3885 2030 ςηώ,

2328 2052 2550 2118 γέγονεν
2599 2052 2675 2114 ὡς
2713 2051 2795 2104 διά
2839 2052 3086 2120 μεγάλων
3123 2051 3396 2122 τιμωριῶν
3438 2051 3499 2101 τὸ
3542 2051 3710 2120 χρέος
3735 2056 3890 2107 ἐκτεν-

2326 2144 2499 2207 νύναι,
2554 2143 2710 2212 χρεία
2765 2143 2823 2194 τὸ
2880 2143 3064 2194 λοιπον
3109 2142 3200 2195 τοῦ
3239 2139 3525 2210 ἀγαπητοῦ
3556 2157 3694 2208 σου,
3724 2145 3886 2215 χάριτι

2327 2237 2457 2303 ἡμῖν
2491 2234 2704 2297 λύοντος
2732 2233 2827 2295 τάς
2861 2224 3162 2304 συμφοράξ.

2394 2343 2503 2413 Τὴν
2542 2344 2604 2394 ἐκ
2653 2343 2750 2412 τῆς
2800 2344 3026 2412 ἀπειλῆς
3067 2344 3330 2411 ὠφέλειαν
3366 2349 3665 2416 ἐμφαίνει·
3717 2350 3887 2419 ὥσπερ

2323 2433 2432 2501 γάρ
2464 2433 2684 2503 σπέρμα
2715 2433 3004 2502 δεξάμενος
3050 2433 3250 2500 ἀγαθὸν
3305 2435 3395 2486 τὸν
3442 2437 3607 2504 φόεον
3656 2455 3770 2500 σου,
3807 2439 3889 2490 καὶ

2323 2523 2508 2574 τοῦτον
2538 2524 2993 2593 κυοφορήσαντες,
3022 2525 3078 2574 ἐν
3109 2524 3283 2595 καιρῷ
3317 2525 3390 2594 τῷ
3411 2527 3587 2578 δέοντι
3622 2529 3888 2597 σωτηρίαν

2323 2613 2782 2682 ἐκαρπωσάμεθα.
2824 2614 2942 2666 Ἔτι
2973 2614 3080 2683 γάρ
3119 2616 3285 2667 ὄντων
3319 2617 3473 2685 ἡμῶν
3500 2619 3594 2670 ἐπὶ
3620 2621 3745 2689 γῆς.
3783 2637 3887 2672 και-

2326 2703 2414 2772 ρὸν
2481 2704 2765 2774 μετανοίας
2814 2705 3075 2775 ἐχαρίσω,
3139 2706 3214 2775 μὴ
3275 2708 3593 2776 προανελὼν
3658 2714 3726 2780 τῇ
3776 2709 3886 2765 κατ’

2321 2794 2476 2858 ἀξίαν
2503 2794 2644 2864 δίκη,
2685 2794 2796 2846 ἀλλ’
2832 2795 3134 2860 ἐνδεδωκὼς
3165 2799 3604 2869 ἐπιστρέψαντας
3632 2802 3883 2870 σωθῆναι.

2323 2914 2389 2924 -—
2419 2884 2709 2953 Δεξάμενοι
2759 2885 2936 2936 τοίνυν
2968 2885 3036 2938 τὰ
3082 2887 3368 2956 σπέρματα
3401 2889 3470 2941 τά
3502 2891 3768 2954 generati,
3801 2893 3886 2944 καὶ

2319 2976 2409 3026 τὸν
2438 2975 2599 3042 φόϐον
2621 2977 2976 3045 κτησάμενοι,
2995 2977 3388 3048 διαφευξόμεθα
3408 2982 3588 3032 πᾶσαν
3600 2999 3650 3033 τι
3659 2984 3880 3052 μωρίαν·

2321 3068 2370 3118 οἱ
2433 3066 2541 3136 γάρ
2597 3084 2724 3119 ποτε
2776 3069 2959 3139 νεκροὶ
3007 3069 3155 3131 ὅντες
3211 3073 3316 3123 τοῖς
3353 3073 3764 3142 παραπτώματι
3799 3074 3882 3124 καὶ

2321 3160 2439 3219 ταῖς
2461 3157 2773 3225 ἐπιθυμίαις
2803 3156 2897 3209 νῦν
2924 3157 3327 3228 ἐγερθησόμεθα
3359 3160 3557 3220 (agens
3588 3162 3877 3230 μνημείων,

2319 3249 2416 3317 τῆς
2448 3249 2595 3317 παρὰ
2628 3245 2722 3298 σοῦ
2750 3247 3084 3316 ἀντιλήψεως
3123 3251 3369 3319 τυχόντες
3393 3268 3406 3280 ⁸
3435 3251 3523 3318 ὑφ’
3609 3253 3876 3322 ἀντιλήψει

2317 3336 2773 3408 ἀγαλλιασόμεθα,
2813 3339 3145 3408 ἠρεμοῦντες
3184 3342 3292 3393 ἀπὸ
3318 3341 3424 3392 τῶν
3461 3342 3652 3394 κακῶν
3677 3344 3872 3412 ἔργων·

2317 3426 2402 3478 ἀεὶ
2434 3427 2542 3498 γὰρ
2577 3428 2635 3479 τὸ
2667 3425 2814 3490 ἔλεός
2860 3443 2950 3480 σου
2977 3428 3148 3492 οὕτως
3184 3431 3487 3500 ἐκπέμπεις
3514 3434 3600 3498 ἐφ’
3637 3435 3778 3502 ἡμᾶς
3809 3436 3875 3494 ὡς

2315 3518 2500 3589 δρόσον
2538 3523 2803 3592 ἰατρικήν.

2385 3630 2489 3683 Τοῦ
2513 3632 2801 3703 πτώματος
2835 3635 2998 3687 αὐτοῦ
3015 3635 3106 3688 τοῦ
3144 3637 3399 3708 Ἐφραῒμ,
3426 3639 3518 3691 καὶ
3545 3639 3646 3708 τῆς
3671 3641 3873 3694 ἐκπτώ-

2317 3738 2452 3785 σεως
2477 3727 2711 3794 φανερᾶς
2732 3727 2864 3778 πᾶσι
2893 3727 3212 3796 γενομένης,
3240 3727 3425 3798 ὥσπερ
3454 3731 3546 3781 ἐπὶ
3574 3731 3734 3800 ὅρους
3757 3732 3878 3801 ﬁmo

2314 3810 2559 3875 λοτάτου,
2591 3813 2761 3866 ταῦτα
2790 3815 2893 3868 ὑπὸ
2939 3817 3137 3880 παντὸς
3160 3817 3253 3869 καὶ
3283 3821 3396 3880 τοῖς
3417 3821 3552 3872 πᾶσι
3582 3823 3875 3893 καταδήλσν

2314 3906 2606 3975 γενομένου
2619 3943 2634 3958 .

2385 3995 2494 4066 Τὴν
2521 3998 2866 4068 ἐπαγομένην
2893 3998 3114 4063 δικαίως
3160 4000 3342 4062 αὐτοῖς
3369 4004 3664 4072 τιμωρίαν,
3693 4005 3757 4074 ἦν
3785 4022 3877 4073 oux

2311 4082 2411 4140 οἷοί
2454 4106 2512 4141 τε
2549 4091 2804 4158 γεγόνασι
2848 4090 3142 4162 διαδρᾶναι,
3187 4091 3477 4161 σημαίνει·
3503 4093 3698 4164 ὥσπερ
3726 4096 3879 4167 γάρὸ

2311 4176 2518 4251 χαλάζῃ
2566 4178 2850 4231 ὑποπεσὼν
2904 4178 3168 4250 ὕπαιθρος
3219 4181 3277 4231 οὐ
3326 4180 3609 4249 διαφεύγει
3671 4185 3771 4246 τας
3815 4188 3874 4237 ἐκ

2309 4269 2509 4339 ταύτης
2540 4269 2717 4338 βολὰς,
2741 4271 2964 4341 μηδενὸς
2994 4271 3146 4333 ὄντος
3169 4269 3262 4323 τοῦ
3295 4273 3668 4338 σκεπάζοντος
3696 4277 3872 4330 αὐτόν’

2309 4360 2480 4422 οὕτως
2534 4361 2624 4413 καὶ
2670 4355 2844 4413 οὗτοι·
2893 4360 3027 4413 Θεοῦ
3082 4362 3374 4427 ἐπάγοντος
3434 4363 3532 4433 τὴν
3587 4366 3872 4435 τιμωρίαν,

2309 4450 2596 4520 ἁϐοήθητοί
2631 4454 2815 4521 ἐσμεν,
2845 4450 3067 4522 μηδενὸς
3084 4452 3241 4514 ὄντος
3273 4453 3365 4504 τοῦ
3391 4455 3696 4522 ἐπαμύνειν
3726 4458 3875 4512 δυνα-

2239 4545 2281 4598 1)
2313 4543 2493 4611 μένου.

2381 4636 2491 4706 Τὴν
2541 4638 2604 4688 ἐκ
2645 4635 2751 4688 τῶν
2799 4635 3069 4705 πολεμίων
3117 4637 3467 4707 ἐπικράτειαν
3510 4640 3750 4694 ἐνταῦθα
3778 4658 3866 4711 tn;-

2313 4727 2524 4795 μαίνει·
2561 4729 2652 4779 καὶ
2700 4729 2780 4778 ὃτι
2814 4727 2992 4796 πάσης
3024 4727 3243 4796 ἀτιμίας
3281 4727 3502 4797 ἔμπλεοι
3537 4731 3782 4797 γένοιντο
3808 4735 3866 4802 τῇ

2309 4815 2652 4884 αἰχμαλωσίᾳ
2715 4815 3098 4877 ὑποπεσόντες,
3151 4817 3316 4887 δηλοῖ.
3363 4820 3471 4871 Καὶ
3513 4821 3646 4891 γάρ,
3690 4823 3866 4892 φησιν,

2307 4906 2425 4958 οὐδὲ
2474 4908 2520 4958 oi
2573 4909 2636 4960 ὲκ
2672 4909 2768 4977 τῆς
2799 4908 3169 4978 αἰχμαλωσίας
3213 4911 3378 4978 ὀλίγοι
3409 4915 3865 4984 παραλειφθέντες

2307 4996 2485 5049 λαοεῐν
2546 4997 2878 5068 δυνήσονται,
2925 4999 3038 5051 ἀλλ’
3090 5000 3260 5064 οὕτως
3307 5004 3456 5073 παρὰ
3499 5007 3721 5059 πάντων
3769 5006 3865 5059 τῶν

2306 5088 2594 5158 περιοίκων
2619 5088 3050 5158 φωραθήσονται,
3074 5091 3165 5142 καὶ
3193 5093 3476 5163 κατάδηλοι
3504 5096 3719 5150 ἔσονται
3744 5100 3863 5149 ὑπο-

2303 5177 2618 5248 ϐαλλόμενοι
2666 5182 2731 5249 τῇ
2792 5183 3044 5252 τιμωρίᾳ,
3091 5183 3166 5245 ὼς
3211 5185 3309 5236 οὐκ
3351 5187 3524 5239 ἔνεστι
3561 5188 3744 5241 λαθεῖν
3779 5190 3860 5241 τὸν

2301 5269 2387 5321 ἐπ’
2419 5271 2586 5338 ἄκρου
2621 5270 2780 5342 ὅρους
2803 5271 2928 5324 ὄντα
2965 5272 2998 5342 ἢ
3028 5274 3326 5344 πρόδρομον
3357 5275 3542 5339 σύκου,
3575 5278 3604 5330 δ
3641 5280 3706 5330 ἐκ
3737 5281 3856 5331 πάν-

2301 5376 2407 5412 των
2436 5360 2544 5412 τῶν
2577 5361 2750 5414 ἄλλων
2789 5361 2948 5431 μόνον
2976 5362 3231 5436 πέπειρον
3263 5368 3562 5421 ἐπισπᾶται
3594 5369 3690 5432 τὰς
3718 5369 3855 5439 ﬁeret;

2300 5449 2407 5500 τῶν
2438 5450 2710 5519 ὁρώντων.

2369 5542 2509 5610 Πρὸς
2554 5545 2678 5606 τοὺς
2736 5543 2872 5597 κατὰ
2917 5543 3154 5599 διάνοιαν
3201 5546 3494 5618 λογισμοὺς
3545 5548 3846 5620 κινηθέντες

2297 5637 2499 5699 αὐτοῖς,
2531 5639 2611 5690 ὃτι
2659 5637 2722 5708 δὴ
2764 5640 2842 5701 είς
2883 5638 3154 5710 ἐξάλειψιν
3197 5640 3372 5694 αὐτῶν
3423 5643 3538 5695 ἔστι
3582 5644 3639 5695 τὸ
3684 5645 3842 5708 γένος,

2297 5728 2522 5797 μηδενὸς
2551 5730 2990 5801 ἀντιποιουμένου
3037 5733 3235 5800 αὐτῶν,
3270 5734 3362 5788 καὶ
3406 5734 3474 5788 τά
3515 5736 3751 5803 παρόντα
3775 5730 3840 5783 λέ·
