4044 6324
144 397 288 456 1317

1611 393 1680 451 IN
1716 393 1970 454 iSAlAII.

3237 407 3374 466 1518

140 512 364 568 λεκται·
401 513 488 568 ἵνα
516 513 624 584 γὰρ
655 514 730 585 μὴ
767 513 846 576 είς
881 511 1228 566 ἀνελπιστίαν
1280 510 1512 582 παντελῆ
1559 528 1695 565 κατα

1822 527 1970 581 spem
2021 529 2242 570 omnem
2295 516 2571 585 abjiciant,
2622 515 2966 574 liberatorem
3017 526 3371 592 praenuntiat,

149 604 375 669 πέσωσι,
396 604 751 677 προαγορεύει
779 604 870 655 τὸν
905 602 1162 672 μέλλοντα
1211 602 1302 654 ἐπὶ
1336 601 1577 672 σωτηρία
1616 599 1708 653 τοῦ

149 697 336 766 γένους
366 694 897 767 παραγενησόμενον,
930 693 1172 745 τουτέστι
1211 692 1299 744 τὸν
1328 691 1521 762 Κύριον
1555 691 1708 761 ἡμῶν

158 788 365 858 Ἰησοῦν
398 788 488 851 τὸν
517 785 748 856 Χριστὸν
797 784 884 835 τὸν
914 785 1177 854 ἡμέτερον
1223 784 1467 855 Σωτῆρα,
1502 783 1558 846 ὃς
1592 781 1710 835 στέ-

144 898 314 950 φανος
334 883 431 951 τῆς
464 877 621 950 δόξης
657 876 807 930 ἔσται
850 878 1004 941 πᾶσι,
1050 876 1237 945 φανεὶς
1275 877 1332 929 ἐν
1382 875 1570 946 κόσμῳ
1617 875 1709 928 καὶ

143 971 428 1027 ἀναλαϐὼν
458 971 556 1040 τὴν
589 970 863 1040 ἡμετέραν
903 969 1098 1040 σάρκα.

216 1063 329 1134 Τὴν
376 1061 470 1114 τοῦ
527 1060 661 1112 Θεοῦ
722 1061 1034 1123 ἐποπτείαν,
1084 1062 1175 1113 καὶ
1228 1061 1326 1132 τὴν
1360 1061 1572 1115 δικαίαν
1613 1063 1709 1114 αύ-

143 1152 240 1205 τοῦ
271 1152 449 1222 κρίσιν
480 1149 647 1220 δηλοῖ,
683 1149 759 1212 ὡς
804 1149 900 1202 οὐκ
944 1150 1181 1220 ἀκρίτως
1225 1151 1423 1213 πάντες
1451 1151 1499 1202 oi
1531 1168 1708 1220 παρα-

141 1243 390 1304 δοθέντες
425 1244 488 1312 τῇ
522 1238 862 1310 αἰχμαλωσίᾳ
900 1240 1311 1304 ἀποθανοῦνται,
1362 1239 1474 1292 ἀλλ’
1512 1242 1706 1295 ἐκεῖνοι

144 1329 688 1403 περιποιηθησονται,
713 1328 806 1392 οὓς
832 1329 909 1398 τῷ
937 1329 1053 1398 Θεῷ
1082 1329 1208 1400 δόξῃ
1239 1329 1524 1395 σώζεσθαι,
1553 1331 1706 1400 ἡμῶν

148 1422 228 1495 μὴ
255 1422 559 1490 δυναμένων
598 1420 892 1492 ἀνιχνεύειν
936 1420 1058 1483 τοὺς
1094 1421 1283 1488 λόγους
1318 1420 1383 1473 δι’
1412 1420 1505 1484 οὓς
1549 1439 1705 1491 περι-

144 1513 552 1584 ποιηθήσονται.

218 1604 414 1673 Φάσμα
443 1603 546 1674 γὰρ
585 1597 678 1656 καὶ
707 1600 965 1670 ἔκπληξις
992 1600 1137 1652 τοῦτ’
1165 1600 1230 1653 ἂν
1263 1600 1346 1670 είη
1389 1601 1611 1672 κυρίως,
1645 1602 1706 1654 τὸ

143 1695 388 1757 τούτους,
441 1695 608 1756 οὕτως
655 1692 1163 1761 παιδαγωγηθέντας
1221 1691 1368 1761 παρά
1413 1693 1505 1746 τοῦ
1548 1693 1701 1758 Θεοῦ,

145 1785 244 1836 καὶ
265 1783 526 1835 τοσούτων
557 1782 970 1844 ἀπολαύσαντας
1001 1779 1108 1833 τῶν
1137 1781 1376 1849 ἀγαθῶν,
1411 1784 1490 1844 είς
1521 1783 1706 1835 τοσαύ-

141 1891 249 1944 την
278 1874 616 1944 παρανομίαν
647 1872 914 1942 χωρῆσαι.

216 1965 404 2026 Θ).ίψιν
432 1963 661 2017 ἐνταῦθα
690 1963 835 2030 λέγει
883 1961 949 2015 τὰ
981 1964 1035 2014 ὲν
1059 1965 1122 2033 τῇ
1148 1962 1491 2034 αἰχμαλωσίᾳ
1529 1963 1704 2016 δεινά·

145 2056 460 2125 προσθήκην
492 2055 548 2107 δὲ
578 2053 810 2122 θλίψεως
851 2053 946 2121 τὴν
981 2052 1328 2121 συναίσθησιν
1358 2052 1464 2105 τῶν
1500 2052 1708 2114 αίτίων,

140 2147 210 2201 δι’
243 2146 305 2209 ἃς
333 2148 426 2199 καὶ.
483 2145 548 2198 τὰ
587 2145 731 2197 κακά
779 2145 960 2206 αὐτοῖς
1015 2145 1400 2213 ὲπενήνεκταν
1444 2145 1562 2214 ἥτις
1610 2145 1709 2196 ἐπ-

140 2232 366 2308 ωφελὴς
387 2238 478 2290 καὶ
503 2237 762 2306 ὀνήσιμος
795 2236 974 2296 αὐτοῖς
997 2235 1218 2301 ἐγίνετο.

215 2417 326 2488 Τὴν
375 2418 583 2470 δικαίαν
638 2417 787 2488 παρά
855 2435 947 2470 του
1021 2417 1153 2469 Θεοῦ
1210 2416 1559 2469 ἀνταπόδοσιν
1609 2419 1704 2469 ὲπο

139 2508 525 2576 ενεχθήσεσθαι
563 2509 745 2570 αὐτοῖς
771 2507 1038 2575 προλέγει·
1057 2506 1268 2577 γλώττῃ
1295 2507 1392 2576 μὲν
1413 2507 1702 2574 φαυλισάν-

139 2613 252 2650 των
277 2598 336 2650 τὸ
362 2598 535 2661 Θεῖον,
559 2600 615 2650 ὲν
648 2598 704 2651 δὲ
738 2602 801 2668 τῇ
833 2598 1043 2670 γλώττῃ
1079 2599 1378 2667 δεχομένων
1401 2597 1494 2667 τὴν
1528 2615 1699 2666 τιμω-

140 2690 268 2759 ρίαν
291 2704 304 2718 ·
340 2689 443 2742 ὑπὸ
475 2690 580 2758 γὰρ
619 2689 992 2758 αἰχμαλωσίαν
1030 2690 1386 2758 πράττοντες,
1427 2688 1609 2741 οὐκέτι
1637 2691 1699 2756 τῇ

143 2780 362 2849 συνήθει
389 2780 647 2849 διαλέκτῳ
690 2781 1004 2849 ἐκέχρηντο,
1035 2778 1168 2832 ἀλλὰ
1198 2781 1262 2848 τῇ
1301 2778 1407 2830 τῶν
1443 2777 1702 2849 κρατούν-

140 2883 250 2919 των
274 2870 421 2937 φωνῇ
455 2867 631 2920 λαλεῖν
655 2867 1039 2935 ἠναγκάζοντο,

213 2975 317 3027 Τὸν
353 2975 416 3026 ἐκ
444 2973 552 3025 τῶν
581 2973 756 3025 πόνων
801 2973 983 3033 αὐτοῖς
1032 2971 1422 3040 ὲπιγενηθέντα
1471 2971 1698 3043 καρπὸν,

138 3064 200 3118 ὃν
231 3064 516 3135 ἐριστικῶς
565 3065 745 3126 αὐτοῖς
779 3063 1134 3114 ἐπιδείκνυσιν
1166 3065 1193 3114 ὁ
1235 3063 1537 3132 προφήτης,
1573 3063 1702 3114 ἀνά-

1819 604 1885 656 ad
1927 605 2245 660 salvandum
2294 621 2464 676 genus
2486 615 2791 670 venturum,
2829 608 2931 664 hoc
2950 621 3052 676 est,
3081 609 3371 668 Dominum

1817 701 2062 748 nostrum
2083 694 2270 750 Jesum
2304 696 2580 751 Christum
2610 696 2945 753 Salvatorem
2972 709 3244 767 nostrum,
3275 703 3370 773 qui

1816 787 2068 840 omnibus
2113 802 2312 842 corona
2357 788 2470 858 spei
2510 789 2631 854 erit,
2668 790 2780 854 ubi,
2811 805 2974 846 carne
3013 800 3198 848 nostra
3242 809 3370 850 sus-

1815 888 1989 948 cepta,
2015 879 2155 934 inter
2176 879 2421 936 homines
2451 880 2783 950 apparuerit.

1885 1049 2046 1105 Vsus.
2089 1052 2142 1107 6.
2188 1053 2276 1108 Dei
2322 1055 2718 1125 providentiam
2748 1065 2802 1112 et
2830 1059 3038 1127 justum
3073 1059 3192 1129 ejus
3220 1059 3366 1129 judio

1815 1142 1956 1194 cium
2006 1142 2271 1210 declarat,
2325 1159 2449 1198 cum
2494 1161 2605 1199 non
2657 1162 2850 1201 omnes
2887 1149 2986 1212 illi,
3025 1151 3115 1218 qui
3152 1149 3368 1206 fuerant

1813 1231 1868 1285 in
1921 1234 2290 1300 captivitatem
2342 1234 2590 1299 redacti,
2642 1236 2953 1291 indistincte
3025 1239 3366 1304 moriantur;

1814 1324 2113 1378 liberentur
2157 1341 2287 1383 vero
2319 1341 2459 1396 quos
2505 1327 2613 1382 Deo
2660 1342 2877 1384 servare
2919 1330 3204 1399 placuerit,
3241 1332 3366 1386 licet

1813 1414 1913 1485 ipsi
1965 1431 2065 1469 nos
2125 1416 2431 1485 perspicere
2482 1432 2591 1472 non
2615 1419 2925 1488 possimus,
2960 1435 3065 1488 qua
3107 1419 3174 1474 de
3201 1434 3364 1476 causa

1812 1506 2127 1560 liberantur.

1880 1596 2047 1651 Vsus.
2086 1597 2139 1651 7.
2179 1596 2410 1652 Phasma
2465 1614 2596 1654 sane
2645 1609 2786 1654 esset
2841 1608 2894 1654 et
2941 1609 3269 1666 monstrum,
3316 1603 3365 1657 si

1811 1687 1886 1741 ita
1920 1703 1948 1741 a
1999 1687 2107 1742 Deo
2150 1688 2386 1753 educati,
2434 1691 2599 1745 tantis
2641 1693 2784 1746 aucti
2830 1692 3125 1756 beneﬁciis,
3159 1692 3215 1746 in
3239 1701 3364 1747 tan-

1811 1785 1918 1831 tam
1949 1777 2272 1847 impietatem
2305 1779 2702 1834 delaberentur.

1883 1953 2048 2010 Vens.
2115 1955 2201 2011 10.
2257 1956 2688 2012 'l‘ribulationem
2721 1958 2808 2012 hic
2837 1967 2995 2013 vocat
3026 1960 3364 2016 calamitates

1811 2046 2054 2114 captivos
2102 2047 2410 2112 invasuras,
2453 2049 2852 2105 tribulationem
2894 2065 3022 2104 vero
3051 2067 3213 2119 super
3259 2054 3362 2106 tri-

1809 2136 2173 2201 bulationem,
2230 2140 2618 2193 conscientiam
2661 2141 2971 2202 criminum,
3016 2142 3214 2211 quibus
3257 2142 3361 2196 sibi

1808 2227 1913 2281 ista
1965 2229 2107 2281 mala
2139 2239 2592 2298 promeruerunt;
2625 2247 2744 2300 quae
2773 2239 2825 2286 et
2857 2231 3005 2286 utilis
3037 2233 3146 2286 illis
3177 2231 3276 2286 fuit
3308 2239 3364 2287 et

1806 2321 2084 2375 salutaris.

1877 2410 2041 2466 Vsus.
2070 2413 2154 2466 ll.
2194 2412 2352 2468 Justa
2393 2429 2488 2470 eos
2534 2429 2564 2467 a
2604 2411 2712 2466 Deo
2757 2413 2994 2466 vindicta
3044 2411 3357 2482 plectendos

1806 2509 2182 2573 prmnuntiat:
2221 2505 2402 2574 lingua
2441 2506 2568 2574 quia
2616 2504 2780 2558 Deum
2823 2505 3135 2567 irriserunt,
3174 2505 3356 2573 lingua

1803 2609 1991 2664 poenas
2025 2595 2266 2660 dabunt;
2317 2596 2515 2649 etenim
2560 2596 2616 2648 in
2662 2596 3029 2665 captivitatem
3077 2595 3353 2657 abductis,

1798 2685 1908 2753 jam
1942 2701 2051 2739 non
2091 2687 2267 2755 patrio
2299 2701 2550 2741 sermone
2594 2686 2748 2739 licuit
2792 2688 2891 2749 uti,
2942 2685 3034 2740 sed
3079 2686 3198 2755 ipsa
3242 2685 3330 2739 edi

1801 2777 2000 2829 scenda
2037 2775 2138 2828 fuit
2163 2775 2559 2830 dominantium
2589 2774 2791 2844 lingua.

1885 2968 2053 3026 Vsus.
2098 2970 2185 3027 12.
2241 2969 2502 3025 Fructum
2556 2972 2688 3043 ipsis
2739 2988 2803 3027 ex
2849 2971 3126 3026 laboribus
3178 2979 3356 3026 ortum

1813 3063 2017 3118 indicat
2046 3063 2308 3132 propheta
2357 3064 2581 3129 ironice,
2617 3065 2742 3117 dum
2775 3064 3012 3132 requiem
3045 3078 3231 3133 poenas
3261 3079 3356 3132 ap-

142 3169 342 3206 παυσιν
364 3153 460 3224 τὴν
484 3152 749 3222 τιμωρίαν
768 3153 946 3204 καλῶν
967 3169 978 3182 ο
1007 3146 1107 3204 Ὧν
1130 3152 1255 3221 γὰρ,
1281 3155 1461 3222 φησὶν,
1488 3156 1695 3215 ἑαυτοῖς

1804 3152 1967 3220 pellat
2003 3153 2170 3218 :Qua:
2221 3154 2388 3216 enim,
2426 3155 2620 3222 inquit,
2665 3154 2821 3208 vobis
2864 3154 3353 3218 thesaurizavistis,

140 3243 570 3316 ἐθησαυρίσατε,
634 3244 836 3295 τούτων
901 3243 974 3305 ὡς
1036 3246 1092 3295 ἐν
1148 3244 1304 3312 ἡδονῇ
1367 3243 1697 3307 ἀπολαύετε,

141 3335 548 3405 συντριϐόμενω
574 3335 630 3385 ὲν
659 3337 777 3396 ταῖς
808 3337 1116 3404 τιμωρίαις.

211 3447 322 3517 Τὴν
370 3450 433 3499 ἐκ
483 3448 579 3516 τῆς
627 3447 871 3508 παιδείας
917 3447 1181 3514 ὠφέλειαν
1243 3448 1533 3518 γενομένην
1581 3451 1700 3509 ταῖς

137 3539 336 3608 ψυχαῖς
373 3538 548 3589 αὐτῶν
577 3537 747 3615 λέγει·
785 3537 1068 3608 λαϐόμενοι
1103 3538 1209 3608 γὰρ
1247 3538 1472 3602 ἑαυτῶν,
1507 3540 1588 3606 ἐφ’
1617 3536 1698 3602 οἷς

138 3629 514 3699 διεπράξαντο,
543 3629 640 3697 τὴν
670 3628 926 3698 ὲπικερδῆ
970 3631 1090 3691 ταῖς
1123 3629 1317 3698 ψυχαῖς
1360 3630 1543 3682 αὐτῶν
1575 3629 1696 3682 ὀδύ-

141 3736 239 3789 νην
269 3737 328 3772 τε
361 3720 452 3772 καὶ
499 3720 673 3788 θλίψιν
717 3719 890 3788 ἔσχον,
949 3719 1328 3790 συνεργοῦντος
1377 3722 1556 3784 αὐτοῖς
1603 3722 1694 3774 τοῦ

139 3808 275 3861 Θεοῦ
319 3811 409 3861 καὶ
445 3810 834 3871 ἀνακόπτοντος
876 3810 1051 3862 αὐτῶν
1093 3809 1188 3873 τὰς
1233 3810 1456 3877 ἀλόγους
1483 3812 1657 3880 ὁρμάς
1680 3827 1692 3839 ·

139 3897 230 3950 ἵνα
259 3900 325 3967 τῇ
362 3897 450 3968 βίᾳ
477 3899 573 3967 τῆς
601 3898 1043 3961 ἁντανακλάσεως
1078 3899 1561 3968 παιδαγωγηθῶσιν
1600 3901 1696 3968 ὀψέ

139 4005 293 4049 ποτε,
329 3989 407 4050 είς
445 3988 575 4055 ὕψος
616 3987 843 4056 ἄραντες
881 3989 1006 4049 τοὺς
1039 3987 1364 4057 ὀφθαλμοὺς,
1403 3989 1695 4057 ἐπιγνῶναι

137 4080 231 4132 τὸν
258 4077 464 4132 ἑαυτῶν
483 4078 805 4148 δημιουργόν
826 4094 883 4128 τε
917 4077 1009 4130 καὶ
1045 4079 1289 4148 ποιητήν.

208 4189 362 4243 Μετὰ
388 4189 486 4260 τὴν
516 4189 622 4244 τῶν
656 4190 898 4259 φοϐερῶν
941 4189 1164 4258 ἀπειλὴν
1197 4184 1269 4242 ὧν
1302 4190 1438 4254 ἄξιοι
1471 4190 1695 4261 ἐτύγχα-

136 4298 247 4344 νον,
289 4279 447 4332 πάλιν
509 4279 938 4349 ἀνακαλούμενος
983 4280 1176 4342 αὐτοὺς
1231 4282 1258 4332 ὁ
1300 4281 1429 4342 Θεὸς
1484 4282 1556 4351 μὴ
1617 4283 1694 4343 εἰς

136 4368 481 4422 ἀνελπιστίαν
530 4373 884 4432 καταπεσεῖνγ
918 4373 982 4439 τῇ
1022 4369 1076 4421 δὲ
1117 4369 1278 4421 αὑτοῦ
1319 4372 1694 4441 φιλανθρωπίᾳ

133 4459 520 4530 προσδραμεῖν,
561 4461 811 4528 προλέγει
850 4461 909 4511 τὸ
955 4460 1140 4530 μέλλον
1177 4462 1692 4531 οίκονομηθήσεσθαι

133 4554 216 4614 είς
257 4552 526 4620 σωτηρίαν
569 4550 778 4603 αὐτῶν·
851 4551 1139 4602 Αποστελῶ
1182 4551 1287 4621 γὰρ
1314 4597 1326 4613 ,
1386 4555 1548 4622 φησὶ,
1599 4555 1690 4606 τὸν

135 4644 400 4714 μονογενῆ
461 4644 574 4696 Υίόκ
649 4661 746 4714 μου
803 4647 859 4695 ἐν
917 4646 1077 4714 σαρκὶ
1128 4644 1493 4713 φανησόμενον
1523 4662 1535 4673 ’
1601 4647 1690 4696 οῦ-

129 4736 220 4787 δὲν
253 4734 434 4804 ἕτερον
466 4736 838 4803 ἀπαιτήσαντα
873 4735 1013 4803 ὑμᾶς
1047 4737 1078 4804 ῆ
1119 4736 1298 4786 πίστιν
1339 4735 1435 4804 τὴν
1474 4737 1551 4798 εἰς
1591 4738 1687 4788 αὑ-

127 4827 245 4886 τὸν,
285 4825 376 4876 καὶ⁵
402 4824 768 4894 ἀντιδέχεσθαι
807 4827 948 4894 ὑμᾶς
975 4826 1244 4894 σωτηρίαν
1267 4842 1278 4852 ³
1314 4827 1372 4877 τὸ
1410 4827 1515 4895 γὰρ
1545 4827 1686 4879 λίθον

131 4915 425 4983 πολυτελῆς
469 4916 740 4979 ἐκλεκτὸν,
795 4918 1200 4984 ἀκρογωνιαῖον,
1257 4916 1486 4985 ἔντιμον,
1537 4918 1685 4969 οὐδὲν

127 5005 314 5073 ἕτερόν
344 5005 487 5056 ἐστιν
525 5006 557 5075 ἦ
592 5006 807 5067 ἔπαινος
845 5007 993 5073 παρά
1039 5007 1247 5075 Ιιατρὺς
1291 5008 1366 5065 εἰς
1396 5007 1516 5057 Υἱὸν
1545 5009 1685 5073 γινό-

129 5112 320 5165 μενοςο
374 5097 477 5147 τίνι
527 5097 635 5166 γὰρ
684 5097 885 5165 ἔπρεπε
937 5101 1230 5168 μαρτυρεῖν
1284 5099 1357 5167 τῷ
1410 5104 1685 5167 μονογενεῖ

127 5186 316 5256 Υίῷἢ
368 5187 540 5256 Πατρὶ
597 5188 673 5257 τῷ
725 5190 920 5245 αὐτοῦς
961 5220 1026 5228 —-
1074 5190 1142 5240 Τὸ
1190 5191 1412 5259 ἀκριϐὲς
1456 5192 1551 5259 τῆς
1588 5191 1680 5243 τοῦ

123 5277 260 5330 Θεοῦ
292 5277 611 5346 κηδεμονίας
647 5277 878 5329 ἐνταῦθα
924 5280 1101 5348 δηλοῖ·
1152 5281 1230 5330 ὅτι
1275 5281 1338 5350 δὴ
1378 5281 1436 5331 οὐ
1483 5282 1679 5343 πάντες

121 5367 509 5437 ἁξιωθήσονται
535 5368 628 5418 τοῦ
654 5369 833 5431 ἐλέους
865 5370 956 5422 τοῧ
989 5371 1141 5434 θεοῧν
1173 5372 1295 5424 ἀλλ’
1324 5375 1369 5422 οἱ
1416 5377 1492 5435 εἷς
1519 5376 1677 5427 αὑτὸν

119 5463 178 5529 τῇ
216 5458 384 5510 ἑλπίδι
413 5459 767 5527 ἀνακείμενοι.

195 5572 412 5640 Ἐπειδὴ
434 5573 560 5641 γὰρ,
600 5573 780 5642 φησὶν,
811 5575 1017 5639 ἐδόξατε
1047 5577 1300 5645 δαίμονας
1344 5578 1671 5645 τεθεραπευ-

119 5665 266 5718 κέναι
300 5665 430 5736 πρὸς
458 5665 895 5732 ἀποτροπιασμὸν
929 5666 1035 5717 τῶν
1060 5667 1239 5718 κακῶν
1258 5667 1429 5734 ὑμῶν,
1457 5670 1548 5719 καὶ
1582 5671 1671 5719 επὶ

118 5761 175 5826 τῇ
215 5757 416 5810 ματαία
451 5755 630 5824 ταύτην
658 5755 829 5807 ἐλπίδι
863 5756 1216 5819 ὲπεποίθειτε,
1251 5756 1562 5822 γινώσκετε,
1592 5757 1663 5818 ὡς

1806 3244 1925 3298 istis
1958 3243 2215 3297 fruamini
2250 3252 2306 3297 ut
2343 3245 2395 3297 in
2434 3244 2653 3314 gaudio,
2680 3245 2964 3315 suppliciis
2994 3245 3196 3299 alliicti.

1884 3440 2050 3495 Vens.
2084 3443 2170 3494 15.
2225 3441 2342 3507 Qua
2376 3443 2587 3496 ratione
2626 3440 2912 3510 disciplina
2953 3440 3122 3509 prosit
3158 3440 3353 3494 animis

1799 3546 2008 3595 eorum,
2045 3533 2254 3599 innuit;
2303 3548 2426 3586 nam
2461 3531 2787 3601 cupiditates
2824 3529 3200 3596 refrenantes,
3233 3533 3353 3601 qui-

1799 3622 1901 3676 bus
1933 3623 2321 3688 inserviebam,
2354 3623 2645 3676 salutarem
2676 3622 2860 3675 animo
2889 3621 3133 3675 dolorem
3161 3623 3351 3676 conci-

1799 3713 1954 3781 piunt
1991 3721 2044 3766 et
2085 3713 2527 3778 tribulationem;
2561 3710 2672 3766 Deo
2704 3711 3019 3780 adiuvante,
3049 3723 3101 3766 et
3131 3713 3352 3767 insanos

1799 3811 1980 3856 motus
2020 3803 2373 3872 reprimente,
2405 3810 2464 3854 ut
2494 3809 2714 3870 pr0pter
2743 3802 2849 3854 vim
2884 3814 3154 3869 pressura:
3191 3800 3349 3869 quasi

1797 3891 2128 3958 repercussi,
2157 3889 2371 3944 discant
2395 3888 2612 3942 tandem
2641 3887 2829 3941 oculos
2861 3888 2927 3941 ad
2959 3888 3213 3942 sublimia
3238 3890 3343 3944 eri-

1796 3998 1941 4051 gere,
1971 3981 2258 4035 Dominum
2283 3995 2441 4035 suum
2465 3993 2766 4049 agnoscere
2793 3986 2845 4031 et
2871 3977 3208 4033 Creatorem.

1866 4179 2034 4236 Vsus.
2070 4178 2151 4233 16.
2210 4177 2555 4233 Denuntiatis
2606 4177 3013 4232 calamitatibus
3052 4193 3190 4248 quas
3246 4179 3348 4237 sibi

1795 4281 2229 4344 promeruerant,
2254 4272 2500 4335 hortam,
2532 4286 2627 4325 eos
2656 4269 2799 4325 Deus
2828 4285 2895 4324 ne
2927 4270 2979 4323 in
3011 4270 3347 4340 desperatio-

1795 4381 1917 4418 nem
1950 4361 2212 4424 l'erantur,
2248 4361 2423 4430 ipsius
2452 4374 2581 4414 vero
2607 4358 3031 4414 misericorditer
3051 4359 3344 4424 conﬁdant,

1794 4455 2026 4522 explicat
2063 4453 2190 4522 quid
2227 4451 2281 4504 in
2316 4465 2504 4505 eorum
2535 4451 2763 4504 salutem
2799 4451 3081 4506 statuerit:
3117 4451 3344 4519 Mittam,

1796 4547 1993 4614 inquit,
2019 4545 2352 4612 unigenitum
2397 4540 2591 4595 Filium
2634 4558 2809 4596 meum
2858 4541 2913 4594 in
2959 4557 3122 4596 carne
3152 4555 3336 4598 ventu-

1794 4652 1912 4688 rum
1939 4654 1953 4698 ;
2007 4635 2140 4689 nihil
2173 4633 2316 4686 aliud
2347 4648 2375 4685 a
2407 4633 2567 4686 vobis
2595 4631 2873 4701 deposcet,
2899 4633 3002 4688 nisi
3043 4641 3102 4686 ut
3134 4635 3186 4686 in
3215 4650 3338 4688 eum

1792 4723 2046 4788 credatis,
2084 4732 2137 4777 et
2187 4723 2418 4777 salutem
2473 4722 2546 4774 ita
2597 4723 2899 4789 excipiatis,
2942 4721 3096 4786 Quod
3130 4724 3176 4776 si
3217 4724 3341 4778 hinc

1795 4813 2030 4881 lapidem
2065 4811 2360 4882 pretiosum
2390 4817 2563 4870 vocet,
2594 4811 2847 4872 electum,
2870 4811 3219 4880 singularem,
3240 4811 3339 4865 bo-

1790 4904 2111 4963 norabilem,
2168 4903 2280 4955 lucc
2328 4902 2462 4954 nihil
2515 4901 2660 4954 aliud
2692 4909 2817 4954 sunt
2847 4909 3042 4969 prmter
3090 4900 3278 4954 laudes
3311 4916 3338 4953 a

1788 4994 1951 5048 Patre
2003 4993 2142 5046 Filio
2190 4995 2440 5046 tributus.
2475 4992 2642 5058 Quem
2678 4994 2820 5046 enim
2853 4992 3077 5046 decebat
3106 4992 3172 5045 de
3203 4990 3337 5045 Filio

1787 5087 2004 5148 testari,
2035 5085 2138 5138 nisi
2167 5085 2341 5153 ipsius
2375 5083 2624 5136 Putrem?
2651 5113 2720 5122 ——
2745 5085 2980 5152 Apparet
3006 5099 3222 5151 quoque
3250 5084 3338 5135 hic

1794 5192 1956 5244 quam
2015 5183 2328 5226 accuratum
2383 5174 2453 5226 sit
2499 5172 2589 5226 Dei
2627 5173 2930 5241 judicium;
2988 5188 3092 5225 non
3143 5187 3336 5227 omnes

1782 5267 1925 5319 enim
1959 5265 2390 5317 misericordiam
2430 5262 2521 5317 Dei
2552 5270 2975 5333 consequentur,
3009 5262 3104 5316 sed
3138 5261 3175 5316 ii
3205 5271 3328 5318 tan-

1783 5366 1916 5416 tum,
1950 5356 2040 5425 qui
2073 5372 2220 5424 spent
2247 5371 2399 5408 suam
2439 5353 2492 5406 in
2521 5370 2643 5407 eum
2680 5355 2976 5423 posuerint.

1847 5573 2011 5626 Vnus.
2051 5575 2134 5626 l7.
2190 5572 2418 5636 Quando
2465 5571 2631 5633 enim,
2681 5571 2873 5639 inquit,
2920 5570 3192 5623 dwntones
3239 5582 3332 5623 co-

1778 5665 1961 5719 luistis
1993 5664 2056 5716 ad
2086 5663 2432 5730 depellendus
2477 5663 2811 5715 calamitates
2838 5668 3069 5722 vestras,
3100 5667 3150 5712 et
3171 5673 3333 5715 vana:

1784 5760 1909 5814 huic
1960 5758 2071 5828 spei
2122 5756 2443 5819 coniidistis,
2481 5757 2670 5812 sciatis
2695 5772 2790 5811 vos
2824 5755 2957 5810 nihil
2993 5767 3178 5808 eorum
3208 5766 3328 5821 qua
