4044 6324
1597 393 1664 450 IN
1701 391 1960 448 ISAIAM.

3276 397 3417 451 ιω

223 514 407 586 Θλίψιν
432 517 665 573 ἐνταῦθα
691 517 841 587 λέγει
883 517 982 588 τὴν
1024 515 1212 586 ἔφοδον
1240 515 1352 570 τῶν
1408 516 1727 588 ’Δσσυρίων,

1907 512 2037 568 Car.
2069 512 2237 575 XXX,
2272 511 2436 568 Vens.
2469 513 2523 568 6.
2554 513 2656 568 Per
2687 512 3094 568 tribulationem
3125 510 3215 566 hic
3242 511 3414 584 Assy-

157 607 218 662 ιν
303 607 650 682 συνεχόμενοι
698 610 799 674 τὰς
838 608 1174 679 ἀνηκέστους
1211 607 1484 679 ὑπέμενον
1525 621 1737 678 συμφο-

159 701 287 771 ράς’
319 699 546 765 τούτους
570 700 754 755 τοίνυν
792 698 881 753 διὰ
901 699 1000 769 τὴν
1034 701 1326 754 κακόνοιαν
1369 698 1479 752 τῶν
1518 699 1738 770 τρόπων

157 790 251 842 καὶ
291 789 509 855 λέοντας
547 790 642 845 καὶ
690 788 964 858 σκύμνους
1010 788 1238 843 λεόντων
1277 788 1468 844 ἐκάλει
1512 788 1608 842 καὶ
1648 786 1738 840 Ex-

155 892 287 948 γονα
331 880 592 936 ἀσπίδων.
637 882 850 951 Ὠσπερ
894 877 991 934 οὖν
1041 880 1137 934 καὶ
1161 881 1190 934 ό
1224 879 1495 952 μακάριος
1554 878 1739 932 Ἰωάν-

153 989 271 1042 νης,
301 972 333 1025 ό
369 971 675 1044 πρόδρομος
704 970 799 1024 τοῦ
830 970 1103 1042 ἡμετέρου
1137 970 1411 1042 Σωτῆρος,
1441 969 1599 1039 θφεις
1639 968 1735 1023 καὶ

151 1065 468 1134 γεννήματα
491 1062 718 1133 ἔχιδνῶν
751 1054 936 1132 ἱλεγεν
955 1079 969 1092 '
1004 1063 1066 1116 οὐ
1113 1063 1221 1134 μὴν
1262 1062 1398 1118 ἀλλὰ
1447 1062 1541 1116 καὶ
1578 1061 1734 1113 ἵπποι

151 1151 481 1223 θηλυμανεῐς
533 1150 895 1223 ἐγενήθησαν,
944 1151 1039 1204 καὶ
1092 1153 1206 1213 τοῖς
1248 1150 1427 1216 ἄλλοις
1475 1148 1734 1218 ὀνόμασιν

149 1246 358 1310 ὶκάλει,
397 1244 613 1308 δεικνὺς
640 1245 739 1315 τὴν
762 1243 987 1298 ἐκείνων
1031 1244 1232 1298 κακίαν
1255 1261 1269 1274 ο
1315 1241 1462 1296 οὕτω
1505 1240 1601 1295 καὶ
1637 1238 1733 1294 νῦν

149 1331 566 1407 χαρακτηρίζων
608 1332 787 1386 αὐτῶν
828 1336 957 1388 τοὺς
997 1333 1258 1406 τρόπους,
1303 1332 1472 1404 θηρία
1512 1332 1728 1401 ιλεγεν·

147 1424 360 1488 οττινες
416 1421 522 1478 ὑπο
567 1423 676 1476 τῶν
726 1423 918 1478 δεινῶν
969 1424 1338 1494 συνεχόμενοι,
1371 1421 1472 1475 οὐκ
1513 1423 1606 1474 ἐπὶ
1641 1421 1731 1474 τὸν

147 1513 282 1568 Θεὸν
304 1512 639 1583 κατέφευγον
664 1511 756 1565 τὸν
779 1512 888 1565 τῶν
915 1511 1096 1566 καλῶν
1126 1512 1316 1575 αἴτιον,
1346 1510 1446 1582 τὴν
1472 1510 1582 1564 τῶν
1605 1511 1732 1580 ἀγα-

147 1602 258 1657 θῶν
286 1603 498 1674 πηγήν·
535 1603 649 1656 ἁλλ’
686 1603 964 1667 ἐπιθέντες
1007 1603 1099 1656 ἐπὶ
1129 1603 1282 1663 ὅνους
1321 1603 1415 1658 καὶ
1451 1601 1730 1673 καμήλους

139 1695 240 1749 τδν
285 1693 493 1748 ἑαυτῶν
557 1695 816 1760 πλοῦτον,
865 1693 1158 1766 πρεσϐείαν
1216 1694 1353 1765 πρὸς
1400 1688 1728 1763 Δίγυπτίους

145 1786 591 1842 ἀποστέλλουσιν.

218 1921 412 1976 eam
445 1919 577 1983 Θεὸς
601 1917 697 1972 καὶ
725 1916 832 1987 πρὸ
859 1915 959 1986 τῆς
993 1913 1103 1968 τῶν
1143 1930 1485 1985 πραγματων
1530 1916 1726 1988 πείρας

146 2012 612 2085 διαμαρτύρεσθαι
639 2011 731 2065 τὸν
769 2009 1078 2081 προφήτην,
1125 2008 1200 2072 ὼς
1226 1999 1377 2062 οὐδὲν
1420 2009 1604 2080 ὀνήσει
1632 2010 1730 2063 αύ-

147 2107 273 2169 τοὺς
309 2106 343 2175 ή
382 2103 697 2157 ὲλπισθείσα
736 2100 866 2171 παρ’
918 2099 1098 2153 αὐτῶν
1135 2097 1451 2170 ἀνθρωπίνη
1487 2098 1727 2170 βοήθεια,

145 2197 222 2250 ὅτ’
257 2197 322 2251 ἂν
372 2195 582 2267 ἀπείπῃ
628 2195 664 2264 ή
709 2190 804 2245 τοῦ
848 2189 981 2244 Θεοῦ
1035 2191 1196 2262 ῥοπή.
1237 2222 1306 2230 —
1339 2190 1448 2245 Καὶ
1497 2189 1729 2245 ἐνταῦθα

147 2286 318 2359 πολλὴ
348 2291 381 2358 ἡ
408 2285 502 2340 τοῦ
533 2285 669 2339 Θεοῦ
695 2283 965 2353 ἁγαθότης
1001 2281 1263 2353 μηνύεται
1285 2299 1298 2312 °
1357 2282 1576 2353 Ἐπειδὴ
1599 2281 1728 2353 γὰρ,

147 2380 301 2451 φησὶ,
339 2379 496 2447 λόγος
531 2378 591 2430 οὐ
630 2375 883 2430 τοσοῦτον
917 2375 1253 2428 καθικνεῖται
1295 2373 1403 2426 τῶν
1447 2374 1730 2427 νουθετου-

148 2473 327 2542 μένων
372 2471 449 2536 ὡς
494 2469 771 2541 ἔγγραφος
824 2467 994 2538 φωνὴ,
1043 2468 1334 2538 ἐγγράφως
1379 2467 1575 2530 αὐτοὺς
1616 2467 1732 2521 δια-

150 2564 486 2634 μαρτύρεται
520 2562 747 2634 γράφων
790 2561 858 2613 τὰ
895 2559 1154 2629 μέλλοντα
1195 2559 1389 2622 αὐτοὺς
1431 2557 1733 2630 καταλήψε-

148 2652 272 2708 σθαι
296 2656 375 2717 είς
401 2652 590 2719 πυξίον
624 2651 717 2704 καὶ
748 2651 828 2712 είς
859 2647 1081 2719 βιϐλίον.

233 2785 452 2856 Ἐπειδὴ
481 2785 590 2857 γὰρ
633 2785 731 2839 καὶ
780 2782 918 2854 μετὰ
944 2783 1042 2854 τὴν
1083 2784 1288 2836 τούτων
1332 2782 1726 2854 προαγόρευσιν

147 2881 262 2943 τοῖς
316 2881 498 2943 αὐτοῖς
555 2881 902 2950 ἐπεμείνατε,
956 2879 1092 2949 μήτε
1143 2878 1235 2946 ἀφ’
1293 2876 1500 2930 ἑαυτῶν
1557 2894 1726 2932 κατα-

149 2971 441 3040 νοήσαντες
467 2971 534 3023 τὰ
578 2970 948 3041 συμφέροντα.
990 2970 1126 3038 μήτε
1173 2968 1326 3039 παρὰ
1363 2967 1474 3022 τῶν
1509 2984 1721 3039 προφη-

145 3058 260 3110 τῶν
316 3058 638 3129 θελήσαντες
697 3057 1094 3129 ὀμματωθῆναι
1143 3060 1222 3121 εἰς
1267 3057 1521 3128 θεωρίαν,
1591 3075 1722 3110 κατ-

149 3149 410 3218 εδράμετε
447 3150 504 3202 δὲ
541 3152 619 3212 είς
651 3149 924 3216 Αίγυπτον
955 3149 1030 3211 ὡς
1062 3149 1141 3210 είς
1186 3149 1409 3217 ἰσχυρὰν
1449 3147 1722 3218 βοήθειαν·

148 3241 238 3294 διὰ
267 3240 424 3294 τοῦτο
455 3242 548 3295 καὶ
602 3241 670 3294 τὰ
721 3243 839 3294 κατ’
889 3241 1162 3307 Αίγυπτον
1196 3239 1504 3292 ἀκούσατερ
1543 3241 1576 3310 ὴ
1615 3238 1724 3308 γὰρ

149 3333 463 3386 ὲλπισθεῖσα
510 3335 640 3404 παρ’
668 3333 822 3404 ὑμῶν
864 3333 1046 3404 ἄμυνά
1091 3348 1150 3385 τε
1201 3333 1294 3385 καὶ
1323 3330 1541 3402 βοήθεια
1567 3334 1726 3402 γενή-

153 3423 340 3478 σεσθαι
401 3426 528 3494 ὑμῖν
588 3412 760 3488 οὕτως
802 3423 952 3476 ἔσται
1003 3423 1256 3492 ἀσθενὴς,
1316 3423 1504 3494 ῶσπερ
1530 3423 1726 3491 τεῖχος

150 3515 380 3579 πόλεως
407 3516 628 3567 πῖπτον
653 3514 1031 3584 παραχρῆμα.

223 3650 333 3719 Οὐχ
362 3649 390 3701 ὁ
429 3649 742 3712 ἐπιπόλαιος
773 3649 1073 3719 στεναγμὸς
1108 3649 1202 3702 καὶ
1236 3652 1269 3720 ή
1305 3649 1397 3703 τοῦ
1431 3647 1722 3721 προσώπου

153 3739 466 3808 ἀποστροφὴ
513 3737 772 3808 ὀνίνησιν,
811 3738 925 3790 ἀλλ’
970 3741 1003 3809 ή
1044 3739 1152 3790 τῶν
1194 3739 1412 3809 τρόπων
1456 3738 1723 3809 μεταϐολὴ

154 3828 247 3880 καὶ
306 3831 332 3899 Ι]
388 3829 495 3882 τῶν
551 3829 965 3898 ἁμαρτημάτων
1037 3827 1382 3899 ἀναχώρησις
1452 3828 1723 3900 σωτηρίαν

153 3921 619 3991 πραγματεύεται.
663 3951 709 3958 -
744 3919 855 3990 Τὴν
903 3919 1040 3991 μετὰ
1086 3920 1185 3989 τὴν
1230 3920 1577 3991 ἀναχώρησιν
1615 3918 1723 3971 τῶν

155 4012 563 4082 ἁμαρτημάτων
626 4011 872 4082 καθαρὰν
917 4011 1266 4081 συναίσθησιν
1317 4011 1546 4079 φάσκει·
1603 4010 1723 4063 τότε

150 4102 260 4172 γάρ
308 4120 392 4166 τις
435 4102 765 4173 ἐπιγνώμων
814 4102 1004 4156 ἑαυτοῦ
1061 4103 1293 4173 ἀκριϐὴς
1320 4102 1491 4164 ἔσται,
1530 4103 1607 4154 ὅτ’
1635 4100 1721 4166 ἂν,

151 4191 341 4262 ῶσπερ
369 4192 522 4246 νόσου
551 4193 696 4255 τινὸς
726 4192 825 4261 τῆς
859 4192 1051 4262 ἡδονῆς
1075 4209 1136 4244 τε
1165 4193 1259 4246 καὶ
1281 4192 1722 4263 εἰδωλολατρείας

151 4283 506 4351 ἀπαλλαγεὶς,
560 4282 938 4355 καθαρώτερον
973 4283 1040 4336 τὰ
1073 4284 1178 4354 πρὸ
1220 4284 1408 4338 τούτου
1441 4285 1592 4354 αὑτῷ
1631 4301 1725 4337 πε-

150 4372 588 4443 πλημμελημὲνα
607 4373 700 4427 καὶ
725 4373 1040 4444 ἠσεϐημένα
1069 4372 1289 4426 κατίδοι.

219 4485 332 4555 Τὴν
360 4487 439 4549 είς
481 4486 631 4564 οὐδὲν
683 4487 873 4557 ὄφελος
909 4487 1090 4549 αὐτοῖς
1140 4486 1428 4556 κληθεῖσαν
1473 4487 1722 4558 βοήθειαν

1838 605 2046 659 riorum
2084 605 2344 661 incursus
2379 604 2644 671 intendit,
2685 605 2889 675 quibus
2915 604 3166 675 oppressi
3191 603 3413 674 gravis-

1839 695 2008 751 simas
2034 695 2376 750 calamitates
2395 696 2764 766 pertulerunt.
2795 697 2948 766 Ipsos
2972 694 3161 766 igitur,
3193 703 3416 766 propter

1837 802 2050 842 morum
2097 787 2455 857 pravitatem,
2513 795 2567 843 et
2615 787 2805 845 leones
2851 798 3042 852 vocat,
3090 794 3146 843 et
3190 788 3406 843 catulos

1835 878 2054 933 leonum
2076 918 2092 942 ,
2129 885 2185 933 et
2216 878 2492 949 genimina
2521 879 2795 951 aspldum.
2829 881 2905 936 Ita
2936 889 2989 936 et
3018 882 3212 938 beatus
3243 880 3413 938 Joan-

1835 985 1956 1035 nes,
1988 967 2291 1026 Salvatoris
2322 972 2500 1027 nostri
2527 987 2856 1043 ρωποι-εον,
2888 972 3107 1029 Iudaeos
3131 985 3412 1045 serpentes

1833 1047 1988 1127 dicit,
2018 1070 2075 1116 et
2105 1060 2378 1132 genimina
2408 1061 2716 1132 viperarum
2736 1063 2779 1116 ⁸.
2812 1060 2950 1135 (Ubi
2974 1063 3127 1118 verba
3161 1063 3273 1118 hac
3307 1079 3412 1119 non

1833 1173 1866 1209 a
1908 1155 2119 1210 Joanne
2151 1154 2241 1210 sed
2296 1155 2361 1210 ab
2413 1156 2528 1225 ipso
2579 1155 2798 1212 Christo
2849 1157 3221 1227 usurpentur.)
3263 1155 3413 1212 Pra-

1832 1247 2022 1302 serlim
2049 1262 2182 1302 vero
2221 1246 2498 1304 libidinosi
2541 1249 2668 1319 equi
2701 1247 3054 1314 exstiterant,
3088 1257 3143 1304 et
3178 1249 3285 1304 alia
3309 1262 3412 1304 no-

1833 1339 1980 1406 mina
2008 1340 2441 1410 usurpabantur,
2483 1340 2686 1412 quibus
2729 1339 3040 1396 declaretur
3070 1355 3259 1397 eorum
3291 1353 3411 1394 ma-

1831 1430 1972 1485 litia.
2017 1427 2116 1484 Sic
2166 1437 2220 1484 et
2254 1445 2403 1484 nunc
2451 1444 2635 1485 mores
2681 1444 2871 1486 eorum
2919 1428 3221 1494 definiens,
3261 1427 3410 1486 feras

1828 1535 1924 1576 eos
1945 1529 2110 1576 vocat
2136 1521 2231 1591 qui
2262 1519 2672 1575 calamitatibus
2703 1515 2973 1593 oppressi,
3008 1531 3120 1574 non
3142 1517 3214 1574 ad
3235 1517 3406 1573 Deum

1829 1611 2221 1683 confugerunt,
2246 1613 2377 1667 doni
2404 1612 2673 1683 cujusque
2702 1618 3005 1677 auctorem,
3027 1610 3409 1682 bonorumque

1832 1699 2072 1769 fontem;
2121 1703 2215 1759 sed
2266 1703 2323 1758 in
2376 1702 2564 1758 asinos
2612 1710 2668 1758 et
2719 1702 2962 1758 camelos
3008 1700 3230 1758 divitias
3277 1715 3408 1757 suas

1832 1797 2190 1868 imponeutes,
2210 1797 2535 1868 legationem
2561 1796 2632 1852 ad
2663 1795 2949 1872 Egyptios
2979 1799 3262 1854 miserunt.

1903 1907 2068 1964 Vens.
2099 1909 2152 1965 8.
2181 1906 2488 1966 Confestim
2514 1919 2568 1967 et
2596 1920 2888 1982 antequam
2917 1927 3008 1968 res
3037 1920 3232 1968 eventu
3255 1926 3408 1969 com-

1831 2002 2113 2096 probetur,
2144 2003 2296 2072 jubet
2342 2003 2503 2068 Deus,
2550 2011 2788 2060 testante
2828 2005 3126 2074 propheta,
3147 2005 3295 2096 pibil
3322 2004 3406 2061 eis

1831 2095 2202 2165 profecturum
2231 2097 2514 2162 auxilium,
2533 2097 2675 2167 quod
2707 2097 2778 2152 ab
2805 2096 3118 2152 hominibus
3147 2096 3250 2156 sibi
3277 2111 3406 2167 ope-

1833 2194 2111 2252 raverunt,
2139 2187 2231 2242 ubi
2259 2187 2401 2242 Deus
2429 2203 2587 2257 opem
2622 2189 2992 2259 denegaverit.
3022 2218 3095 2228 —
3113 2188 3402 2244 Commem-

1831 2277 1995 2334 datur
2041 2293 2260 2350 quoque
2300 2279 2391 2334 hic
2443 2293 2639 2351 magna
2680 2278 2778 2335 Dei
2829 2278 3244 2348 misericordia;
3277 2295 3403 2336 cum

1830 2371 2013 2437 enim,
2051 2371 2264 2442 inquit,
2300 2388 2406 2426 vox
2443 2388 2555 2427 non
2596 2379 2810 2428 tantum
2847 2374 3025 2427 valeat
3063 2373 3132 2428 ad
3155 2387 3403 2430 commo-

1829 2461 2040 2518 vendos
2072 2463 2288 2518 animos
2308 2503 2325 2527 ,
2370 2472 2638 2534 quantum
2670 2464 3018 2534 conscriptus
3051 2477 3264 2532 sermo,
3306 2479 3403 2534 per

1831 2551 2035 2624 scripta
2076 2567 2174 2607 eos
2215 2561 2527 2608 commonet
2557 2562 2612 2607 et
2643 2553 2990 2609 imminentes
3019 2551 3155 2624 ipsis
3182 2554 3404 2609 calami-

1830 2652 1972 2700 tates
2003 2659 2171 2716 super
2201 2645 2407 2700 buxum
2433 2653 2487 2702 et
2519 2646 2576 2700 in
2600 2645 2742 2701 libro
2767 2645 3050 2701 describit.

1899 2776 2068 2836 Vsus.
2103 2781 2190 2836 i2.
2221 2778 2474 2848 Quando,
2507 2782 2592 2836 his
2622 2782 2918 2852 praedictis,
2951 2782 3314 2838 nihilominus
3345 2781 3401 2836 in

1825 2870 2021 2927 iisdem
2051 2873 2445 2943 perseverastis
2465 2915 2479 2939 ,
2509 2889 2612 2930 nec
2647 2882 2844 2944 sponte
2877 2874 3034 2928 utilia
3068 2877 3399 2938 sentientes,

1826 2979 1928 3019 nec
1961 2966 2110 3035 passi
2159 2981 2258 3021 vos
2297 2982 2395 3036 per
2440 2967 2829 3036 prophetarum
2869 2965 3108 3020 visiones
3149 2965 3398 3029 edoceri;

1828 3056 1896 3110 ad
1943 3055 2230 3127 Egyptios
2284 3072 2412 3111 vero
2464 3056 2829 3127 confugistis,
2874 3058 3022 3111 velut
3068 3057 3134 3111 ad
3187 3057 3401 3112 ﬁrmum

1830 3147 2127 3215 auxilium;
2161 3148 2367 3203 idcirco
2392 3155 2445 3203 et
2469 3145 2849 3220 Egyptioi-um
2888 3150 2996 3203 fata
3028 3151 3231 3206 audite.
3261 3150 3402 3208 Ecce

1831 3239 2118 3308 imperium
2162 3239 2296 3293 illud
2327 3255 2358 3293 a
2384 3256 2492 3310 quo
2523 3241 2848 3296 muniendos
2883 3257 2980 3296 vos
3019 3241 3402 3314 juvandosque

1831 3330 2151 3399 speravistis
2176 3370 2189 3396 ,
2226 3340 2336 3385 tam
2371 3331 2534 3386 inane
2557 3333 2700 3397 erit,
2735 3347 2898 3401 quam
2949 3349 3130 3386 murus
3157 3332 3400 3388 decidens

1829 3423 2005 3476 subito
2038 3423 2267 3478 civitatis
2304 3421 2495 3493 (Vens.
2527 3425 2637 3481 15).

1899 3641 2068 3698 Vens.
2106 3643 2193 3698 15.
2241 3643 2361 3699 Non
2394 3645 2662 3700 clamores
2679 3646 2778 3700 tibi
2813 3645 3133 3716 proderunt,
3167 3662 3268 3704 nec
3303 3663 3399 3720 ge-

1827 3737 2017 3800 mitus,
2048 3751 2149 3792 nec
2179 3740 2292 3790 oris
2322 3736 2631 3792 immutatio
2654 3780 2668 3804 ,
2699 3739 2793 3793 sed
2825 3740 3108 3794 conversis
3131 3741 3395 3808 moribus,

1827 3829 2084 3883 derelicta
2120 3836 2468 3898 peccatorum
2502 3831 2585 3883 via
2607 3871 2622 3896 ,
2655 3831 2889 3885 salutem
2933 3835 3305 3902 consequeris.
3331 3865 3398 3879 —-

1827 3921 2149 3991 Repudiatis
2175 3923 2437 3991 peccalis,
2465 3932 2608 3977 recte
2634 3922 2766 3977 dicit
2787 3932 3027 3977 mentem
3060 3925 3357 3980 illuminari
3382 3946 3396 3995 ;

1828 4030 1950 4068 nam
1997 4022 2127 4069 tunc
2157 4022 2448 4070 accuratus
2478 4015 2588 4070 eris
2625 4015 2703 4068 tui
2739 4018 2912 4085 ipsius
2951 4017 3152 4085 judex,
3204 4034 3328 4072 cum
3369 4036 3398 4072 a

1827 4107 2190 4176 cupiditatum
2242 4106 2472 4176 imperio
2504 4114 2567 4160 et
2614 4107 2883 4160 idolorum
2941 4109 3122 4172 cultu,
3171 4111 3317 4165 velut
3369 4128 3398 4164 a

1824 4198 2016 4252 morbo
2068 4198 2363 4261 liberatus,
2420 4198 2615 4252 melius
2644 4212 2706 4252 ea
2734 4197 3029 4268 perspicies
3073 4213 3193 4269 quae
3248 4203 3398 4271 prius

1826 4290 1942 4360 ipse
1975 4289 2278 4360 neglexeris
2309 4298 2363 4344 et
2391 4290 2707 4360 deliqueris.

1899 4490 2064 4546 Vens.
2099 4489 2186 4545 l6.
2238 4489 2492 4544 Prasdicit
2540 4490 2677 4544 nihil
2710 4491 2790 4547 eis
2838 4492 3203 4562 profecturam
3235 4512 3396 4566 quam

147 4577 545 4649 προαγορεύειο
582 4577 695 4631 ἀλλ’
742 4580 805 4631 ὲκ
851 4579 943 4631 τοῦ
991 4579 1229 4631 ἐναντίου
1280 4579 1489 4646 ἐφόδιον
1541 4580 1722 4643 αὐτοῖς

1830 4583 2189 4653 implorabant
2227 4596 2384 4650 opem
2430 4600 2444 4635 :
2497 4582 2745 4650 quinimo
2778 4585 3046 4638 malorum
3079 4586 3282 4640 fontem
3317 4587 3399 4642 fu-

149 4668 338 4723 κακῶν
369 4671 685 4741 γενομένην,
728 4670 915 4742 ῶσπερ
950 4671 1036 4723 ἐπ’
1069 4672 1278 4723 ἐκείνου
1312 4671 1724 4743 καταφευξόμε-

147 4781 248 4823 νοι,
285 4764 396 4825 τοῖς
447 4779 505 4816 τε
559 4763 748 4826 ἵπποις
790 4764 996 4817 ἑαυτῶν
1038 4765 1361 4835 χρησόμενοι
1395 4767 1473 4826 εἰς
1524 4764 1725 4833 φυγὴν,

149 4852 342 4923 ἔμενον
385 4853 651 4907 ἀνένδοτοι
705 4855 796 4907 καὶ
852 4856 1072 4927 ἀνήκοοι
1121 4858 1256 4927 πρὸς
1302 4856 1372 4909 τὰ
1422 4857 1574 4925 παρὰ
1617 4857 1726 4911 τῶν

149 4943 445 5016 προφητῶν
473 4945 765 5015 λεγόμενα’
806 4946 928 4999 ὅθεν
960 4946 1254 5016 γνώσεσθε,
1293 4948 1367 5010 ὡς
1399 4949 1596 5000 ἐκεῖνοι
1625 4950 1723 5003 αὐ-

147 5035 230 5088 τοὶ
252 5036 303 5085 ol
351 5035 434 5102 ἐφ’
469 5036 611 5104 ὑμᾶς
667 5033 900 5100 ἐξιόντες
944 5036 1229 5107 ταχύτεροι
1274 5038 1366 5089 καὶ
1409 5039 1724 5109 κουφότεροι

150 5128 383 5188 ἔσονται,
418 5125 666 5198 σύνθημα
705 5131 1104 5200 συγχωρήσεως
1142 5130 1291 5200 παρὰ
1322 5129 1414 5182 τοῦ
1451 5129 1558 5182 τῶν
1590 5131 1724 5183 ὅλων

149 5219 280 5272 Θεοῦ
320 5217 632 5288 δεξᾱμενοι·
678 5221 837 5290 ὑμεῖς
886 5221 942 5274 δὲ
992 5221 1163 5291 δειλίᾳ
1216 5221 1719 5291 κατασχεθήσεσθε·

145 5309 320 5378 τόλμα
352 5310 459 5378 γὰρ
487 5311 578 5362 καὶ
606 5311 778 5364 δειλία
801 5316 931 5384 παρ’
970 5313 1135 5366 αὑτοῦ
1161 5313 1614 5384 χορηγηθήσεται.

216 5421 374 5477 Μετὰ
399 5423 595 5485 τοίνυν,
625 5425 778 5493 φησὶ,
804 5425 872 5477 τὰ
894 5426 1260 5495 ἀπειλούμενα
1286 5425 1558 5490 ἐκδέξεται
1582 5427 1724 5496 ὑμᾶς

149 5516 176 5570 ὁ
208 5515 361 5577 Θεὸς,
396 5515 490 5567 καὶ
535 5517 795 5586 ἀναμενεί
832 5519 909 5580 είς
932 5515 1134 5577 οἶκτον.
1167 5519 1260 5572 ὲάν
1303 5536 1409 5590 περ
1463 5521 1723 5590 μετανοή-

149 5622 276 5678 σητε
301 5623 314 5636 ο
344 5606 393 5657 εί
420 5605 475 5658 δὲ
519 5607 826 5675 ὲπιμενεῖτε
862 5612 928 5679 τῇ
974 5608 1182 5662 ἑαυτῶν
1210 5610 1396 5681 κακίᾳ,
1443 5611 1721 5679 ἀσυγγνώ-

220 5763 454 5820 'Matth.
499 5782 584 5829 ιιι,
621 5766 818 5831 7;xtt,
849 5768 934 5832 35;
968 5737 1127 5832 xxttt,
1165 5770 1251 5824 53.

429 5862 700 5920 ΡΑτιιοι..
733 5863 851 5923 (in.
879 5861 1108 5925 XVIII.

1823 4685 2003 4732 turam
2028 4716 2041 4740 ,
2082 4673 2226 4743 quod
2261 4674 2316 4726 in
2347 4689 2464 4728 eam
2501 4673 2693 4726 confisi
2729 4681 2783 4729 et
2807 4678 2966 4744 quasi
2997 4679 3153 4747 equis
3181 4681 3297 4734 suis
3331 4681 3398 4733 ad

1825 4769 2009 4840 fugam
2034 4769 2221 4828 usuri,
2261 4766 2495 4820 indocile
2524 4775 2576 4820 et
2607 4767 2916 4820 contumaci
2952 4769 3133 4822 animo
3163 4770 3400 4839 prophe-

1825 4870 2006 4916 tarum
2055 4861 2219 4915 verba
2266 4858 2634 4912 fastidierunt.
2689 4857 2816 4913 Ideo
2865 4861 3211 4929 cognoscetis
3257 4862 3398 4917 celeo

1827 4955 2002 5008 riores
2050 4951 2262 5005 futuros
2298 4959 2350 5004 et
2394 4951 2657 5013 leviores,
2702 4951 2796 5019 qui
2827 4968 2925 5006 vos
2961 4964 3399 5023 persequentur;

1827 5043 1946 5113 ipse
1991 5043 2138 5097 enim
2181 5056 2276 5095 eos
2321 5042 2529 5109 juvabit
2578 5057 2866 5110 supremus
2918 5059 3098 5097 rerum
3156 5047 3399 5100 omnium

1829 5134 2128 5196 Dominus,
2180 5148 2277 5186 vos
2321 5142 2500 5186 autem
2538 5133 2755 5187 invadet
2803 5143 3015 5199 metus;
3085 5151 3209 5192 nam
3259 5136 3399 5193 Deus

1829 5226 2060 5287 animos,
2087 5231 2244 5293 prout
2278 5223 2513 5286 libuerit,
2542 5223 2712 5293 eriget
2742 5233 2834 5276 aut
2867 5225 3151 5294 deprimet.

1901 5426 2069 5483 Vens.
2105 5429 2190 5482 18.
2243 5428 2531 5483 lntentatis
2577 5431 2740 5500 igitur
2773 5431 2976 5495 minis,
3022 5435 3254 5505 excipiet
3301 5449 3396 5487 vos

1831 5519 1976 5575 Deus
2000 5559 2013 5582 ,
2055 5522 2265 5591 inquit,
2300 5530 2353 5576 et
2387 5524 2765 5578 misericordia
2813 5524 3018 5581 fovebit
3062 5527 3192 5581 dum
3223 5529 3372 5597 pomi

1833 5614 2056 5688 tentiam
2091 5613 2348 5685 egeritis;
2384 5615 2529 5684 quod
2577 5615 2621 5671 si
2669 5626 2846 5672 autem
2884 5619 2937 5671 in
2969 5620 3174 5674 malitia
3215 5633 3389 5688 pereo

3085 5866 3160 5926 1ιὲ
