4044 6324
674 413 808 468 1525

1865 402 2216 463 τηεοοοιι]
2256 401 2774 462 HEBACLEENSIS

3772 410 3898 466 1524

670 526 984 584 veraveriiis
1034 510 1243 588 vestra,
1301 520 1804 575 unmisericorditer
1868 521 2077 578 meritis
2135 537 2230 576 vos

2340 538 2471 582 πως
2507 521 2563 570 ὲν
2587 521 2650 587 τῇ
2685 516 2986 587 κρίσειτῶν
3009 518 3136 589 ὑμῖν
3167 517 3596 588 ἐτοιμασῦέντων
3627 522 3898 593 ἐκδέξηά

670 621 846 691 βαιὴ
878 618 1070 672 adiciet
1100 637 1110 669 :
1142 615 1311 669 ludes
1340 614 1483 666 enim
1514 612 1756 668 omnium
1791 611 1952 665 Deus.

746 800 910 854 Vens.
946 800 1033 854 l9.
1087 797 1319 850 Sanctos
1352 801 1512 846 vocat
1555 791 1678 845 illos
1717 790 1808 860 qui
1843 803 1939 856 per
1971 787 2239 856 paeniten-

674 897 806 946 tiam
858 891 1202 947 sanctitatem
1252 886 1354 940 sibi
1393 888 1871 951 comparaverunt.
1932 876 2238 930 Plorantem

671 984 972 1040 Jerusalem
1000 981 1151 1049 tingit
1177 978 1460 1048 propheta,
1494 973 1637 1046 quod
1665 985 1783 1027 eam
1816 970 1994 1039 reipsa
2026 969 2239 1037 plorare

674 1075 987 1130 misericors
1021 1072 1235 1126 animus
1267 1074 1500 1125 ootaret.

744 1188 908 1241 Vens.
939 1187 1027 1240 20.
1062 1185 1386 1240 Jerusalem.
1418 1177 1500 1232 vel
1531 1174 1596 1230 ad
1629 1183 1841 1244 tempus
1868 1171 2034 1226 breve
2059 1168 2238 1222 tribu-

2341 610 2408 662 τὰ
2458 608 2748 677 ἀμοιϐαῖα·
2790 608 2979 678 κριτὴς
3024 607 3133 678 γὰρ
3167 608 3274 660 τῶν
3322 609 3540 661 πάντων
3592 610 3901 666 καθιεῖτε,ιὸ

2341 699 2564 769 Κύριος.

2423 790 2635 855 ’Δγίους
2659 789 2816 842 καλεῖ
2829 789 2955 851 τοὺς
2978 789 3066 842 διὰ
3093 790 3194 859 τῆς
3223 790 3509 860 μετανοίας
3535 790 3628 842 τόν
3646 791 3898 858 ἀγιασμξνν

2341 879 2835 946 ἐφελκυσαμένους·
2864 878 3156 930 κδίουσαν
3191 879 3247 932 δὲ
3279 882 3378 951 τὴν
3417 879 3775 949 Ἰερουσαλὴμ
3813 880 3900 932 τίσ-

2341 969 2463 1035 άγει
2494 969 2521 1018 ό
2552 970 2852 1037 προφήτης,
2888 968 3279 1037 προανατυπῶν
3308 967 3476 1039 αὐτὴν
3498 967 3758 1037 τοιαύτην
3778 975 3900 1021 κατα

2341 1057 2465 1111 νοῦν
2493 1056 2687 1110 ἐαυτοῦ
2722 1060 2830 1120 τοῖς
2855 1058 2954 1126 τῆς
2990 1055 3328 1127 συμπαθείας
3352 1060 3705 1129 σπλάγχνοις.

2413 1171 2550 1234 Ἵνα,
2583 1170 2684 1223 κᾶν
2708 1169 2838 1237 γοῦν
2884 1171 3020 1240 πρὸς
3053 1171 3229 1238 ὀλίγον
3271 1172 3536 1236 θλιϐεἶσα,
3569 1173 3756 1244 εὕροις
3793 1174 3900 1226 ἑαν-

674 1281 970 1336 lstiombus
1013 1275 1241 1334 amicta,
1288 1279 1342 1324 te
1374 1268 1662 1336 {intelligas
1704 1263 1812 1318 Deo
1861 1264 2092 1316 alienam
2120 1273 2236 1313 esse

2341 1261 2437 1332 τὴν
2472 1261 2752 1331 ἀλλοτρίαν
2807 1259 2942 1313 Θεοῦ
2989 1266 3379 1330 πεποιηκυῖαν·
3417 1264 3502 1331 ἐφ’
3540 1259 3625 1326 οἷς
3657 1279 3902 1333 μεταπη-

676 1373 908 1433 l'actam;
945 1366 1010 1420 de
1041 1380 1150 1434 quo
1177 1363 1269 1416 ubi
1305 1360 1482 1429 egeris
1513 1355 1892 1427 paenitentiam
1922 1391 1936 1415 ,
1968 1351 2036 1404 ab
2064 1349 2240 1403 homi-

674 1464 835 1516 nibus
869 1457 1191 1513 liberaberis
1226 1452 1318 1525 qui
1353 1460 1407 1507 te
1433 1449 1731 1518 decipiunt.

744 1575 908 1628 Vens.
942 1573 1032 1626 21.
1086 1570 1359 1623 llluminat
1401 1563 1699 1620 Jerusalem
1749 1558 1815 1612 ad
1865 1551 2240 1628 agnoseendos

671 1680 922 1728 errores;
972 1659 1245 1716 vaticiniis
1304 1657 1451 1710 enim
1514 1652 1712 1707 fidebat
1766 1663 1863 1719 per
1923 1648 2240 1714 deceptores

674 1756 923 1827 prolatis.
957 1753 1092 1807 Cum
1128 1752 1211 1805 via
1255 1747 1320 1802 ad
1346 1748 1622 1802 dexteram
1657 1742 1753 1796 tibi
1793 1747 1974 1801 esset,
2005 1738 2072 1792 ad
2103 1736 2239 1791 sini-

2344 1354 2514 1422 σάσης
2543 1368 2657 1417 σου,
2681 1351 3038 1422 ἀπαλλαγήσῃ
3063 1351 3170 1404 τῶν
3200 1352 3522 1407 πλανώντων
3551 1371 3632 1408 σε.

2426 1550 2690 1619 Ὀμματοῖ
2722 1547 2818 1618 τὴν
2867 1548 3220 1619 Ἰερουσαλὴμ
3259 1550 3394 1620 πρὸς
3442 1554 3780 1622 κατανόησιν
3817 1554 3901 1624 τῆς

2347 1640 2480 1702 ιδίας
2511 1640 2683 1708 αὐτῆς
2733 1639 2937 1710 πλάνης
2962 1657 2974 1671 ·
3010 1643 3197 1712 ὑπεῖχε
3231 1641 3337 1711 γὰρ
3382 1641 3578 1713 ἑαυτὴν
3629 1647 3743 1707 τοῖς
3781 1646 3893 1716 μάψ

2342 1748 2466 1784 τισι
2498 1733 2824 1785 πιστεύουσα
2862 1735 2974 1798 τοῖς
3003 1736 3130 1805 παρ’
3171 1734 3393 1787 ἐκείνων
3441 1735 3762 1806 λεγομένοις
3781 1755 3794 1769 ο
3825 1739 3904 1789 καὶ

674 1823 843 1901 stram
903 1844 1209 1906 deﬂexisti,
1260 1842 1327 1894 ab
1388 1839 1508 1893 istis
1563 1835 1816 1896 seducta,
1868 1831 2001 1886 mihi
2061 1838 2236 1882 autem

2341 1823 2461 1875 ὁδοῦ
2491 1840 2570 1876 σοι
2611 1826 2974 1896 προκειμένης
2996 1826 3089 1876 ἐπὶ
3121 1823 3188 1878 τὰ
3219 1824 3387 1890 δεξιὰ,
3416 1826 3800 1896 ἀνεκάμπτετε
3823 1831 3906 1882 ἐπὶ

675 1951 951 2021 nunquam
1009 1929 1329 1994 credidisti,
1380 1939 1659 1997 nunquam
1706 1938 1789 1978 me
1842 1923 1896 1975 in
1947 1919 2236 1974 consilium

674 2029 771 2080 tibi
801 2025 1113 2080 adhibuisti.

749 2205 1014 2261 Vnss.22.
1045 2199 1400 2256 Illustrandos
1428 2197 1630 2252 indicat
1667 2208 1755 2248 res
1790 2190 1987 2245 animis
2010 2199 2237 2240 conver-

675 2299 778 2362 sis;
802 2299 912 2367 iam
945 2312 1078 2358 non,
1104 2295 1300 2362 inquit,
1322 2291 1560 2343 vanitate
1585 2287 1852 2340 idolorum
1869 2276 2234 2349 decipiemini,

674 2386 767 2442 sed
800 2383 1066 2454 dejicietis
1105 2399 1191 2446 ea,
1230 2389 1283 2435 et
1307 2377 1702 2432 conculcabitis
1733 2389 1796 2427 ea
1819 2411 1833 2434 ,
1883 2380 1935 2425 et
1963 2367 2239 2438 apparebit

671 2492 858 2530 eorum
905 2475 1264 2537 imbecillitas,
1293 2483 1347 2524 et
1375 2477 1618 2521 stercore
1649 2465 1838 2518 viliora
1871 2460 2234 2515 habebuntur.

744 2589 904 2644 Vens.
940 2589 1028 2641 23.
1063 2588 1342 2642 Conversa
1374 2583 1574 2652 populo
1603 2587 1657 2634 et
1696 2577 1966 2647 justitiam
2008 2580 2234 2643 agente,

673 2683 951 2736 solventur
1013 2692 1353 2747 quacunque
1432 2682 1749 2743 peccantem
1830 2664 2234 2736 Opprimebaut.

671 2773 920 2839 Quandiu
961 2773 1104 2825 enim
1135 2779 1358 2838 peccato
1390 2773 1442 2819 et
1476 2765 1634 2818 idolis
1677 2759 2018 2822 indulsistis,
2067 2755 2238 2808 fames

672 2879 768 2918 vos
809 2874 862 2918 et
908 2862 1344 2916 necessariorum
1397 2857 1578 2926 inopia
1610 2854 1922 2923 premebat;
1971 2851 2045 2904 ita
2093 2861 2237 2901 nunc

671 2969 794 3008 cum
826 2953 966 3007 idola
1029 2950 1268 3018 fregistis
1290 2990 1303 3011 .
1340 2955 1394 3002 et
1427 2948 1481 3000 in
1515 2946 1664 2999 nullo
1699 2943 1874 3012 pretio
1932 2937 2236 2998 habuistis.

672 3043 1035 3100 servientibus
1067 3041 1170 3093 sibi
1203 3038 1353 3091 dabit
1384 3035 1526 3089 Deus
1569 3033 1722 3086 vobis
1765 3029 2001 3100 pluviam
2039 3027 2236 3080 bonam

669 3146 724 3190 et
757 3135 940 3204 fruges
968 3147 1160 3186 omnes
1185 3140 1342 3184 teme
1368 3127 1420 3180 in
1450 3140 1608 3180 usum
1638 3131 1909 3184 vestrum;
1944 3133 2065 3188 qua
2084 3115 2240 3171 vobis

2338 1914 2408 1966 τά
2437 1915 2720 1984 ἀριστερὰ,
2760 1916 2984 1968 ἐκείνων
3032 1915 3508 1986 συμϐουλευόντων
3549 1934 3671 1970 σοι·
3709 1920 3906 1989 ἐμοὶδέ

2344 2004 2545 2074 σαυτὴν
2589 2003 2842 2057 οὐδέποτε
2886 2004 3099 2067 ἀνέθου,
3138 2005 3255 2058 οὐδὲ
3285 2005 3582 2076 σύμϐουλον
3615 2005 3726 2058 τῶν
3779 2021 3903 2078 ερας

2341 2096 2510 2148 κτέων
2533 2094 2741 2156 ἔλαϐες.

2409 2184 2520 2254 Τὴν
2565 2185 2703 2254 μετά
2750 2184 2848 2256 τήν
2876 2185 3172 2253 ἐπίγνωσιν
3215 2185 3562 2255 συναίσθησιν
3620 2187 3900 2258 σημαίνει⁸

2338 2277 2433 2339 ὡς,
2455 2276 2670 2340 Οὐκέτι,
2695 2277 2876 2346 φησὶν,
2909 2276 3161 2341 ἀνέξεσθε
3193 2277 3290 2346 τῆς
3321 2278 3682 2349 ματαίοτητος
3709 2279 3819 2332 τῶν
3840 2282 3904 2333 tl-

2338 2369 2538 2420 δὼλων·
2575 2369 2709 2422 ἀλλά
2737 2369 3094 2429 καταλαϐετε⁶
3124 2371 3216 2422 καὶ
3234 2371 3573 2441 συντρίψετε,
3600 2371 3668 2424 τὸ
3693 2370 3904 2435 ἀσθενὴς

2340 2459 2515 2512 αὐτῶν
2537 2460 2859 2524 δεικνύντες,
2886 2463 2976 2515 καὶ
2999 2463 3238 2533 κοπρίων
3265 2461 3564 2532 ἀτιμότερα
3592 2464 3901 2534 ἡγούμενοι.

2408 2570 2490 2622 Τὰ
2522 2571 2589 2624 δι’
2623 2573 2894 2642 ἁμαρτίαν
2926 2573 3238 2643 ἐπαγόμενα
3271 2573 3338 2626 δι’
3365 2574 3709 2646 ἐπιστροφῆς
3735 2591 3795 2627 τε
3822 2574 3905 2627 καὶ

2339 2664 2679 2734 δικαιοσύνης
2705 2665 2905 2719 λύεται.
2935 2667 3144 2737 Ὥσπερ
3164 2667 3291 2737 γὰρ,
3315 2668 3742 2739 ἁμαρτανόντων
3764 2666 3906 2737 ὑμῶν

2339 2756 2433 2806 καὶ
2459 2758 2568 2817 τοῖς
2593 2755 2826 2817 εἰδώλοις
2859 2756 3236 2821 δουλευόντων,
3277 2757 3430 2826 λιμὸς
3457 2758 3553 2810 καὶ
3584 2757 3782 2821 σπάνις
3807 2755 3906 2808 τῶν

2339 2844 2648 2911 ἀναγκαίων
2677 2845 2987 2914 ἐπεκράτειο
3015 2845 3206 2908 οὕτως,
3236 2848 3582 2915 ἐκκοψάντων
3605 2847 3680 2899 τά
3703 2846 3903 2910 εἴδωλα,

2340 2934 2433 2986 καὶ
2466 2935 2614 2986 οὐδὲν
2645 2937 2823 2987 ἐκεῖνα
2863 2937 3224 3005 ἡγησαμένων
3262 2933 3422 2999 εἶναι,
3457 2937 3595 2989 ἀλλά
3637 2937 3906 2989 δουλευόν-

2338 3041 2445 3076 των
2472 3025 2546 3095 τῷ
2592 3026 2730 3096 Θεῷ,
2765 3026 2922 3078 δώσει
2950 3027 3076 3097 ὑμῖν
3116 3029 3206 3080 καὶ
3247 3028 3399 3081 ὑετὸν
3441 3029 3668 3096 ἀγαθὸν,
3707 3031 3800 3082 καὶ
3848 3030 3905 3080 τὰ

2340 3115 2404 3166 ἐκ
2449 3115 2551 3184 γῆς
2587 3116 2761 3167 πάντα
2815 3117 2948 3187 πρὸς
2985 3116 3277 3169 ἀπόλαυσιν
3333 3118 3622 3188 ὑμετέραν.
3681 3119 3906 3188 Παρέξει

670 3181 1047 3294 copiosissime
1080 3221 1357 3289 largietur.
1397 3215 1626 3284 Propter
1670 3227 1766 3266 vos
1806 3225 1930 3264 cum
1965 3210 2076 3263 sint
2125 3205 2236 3259 haec

2343 3205 2449 3275 γὰρ
2483 3181 2608 3274 ὑμῖν
2643 3208 2722 3268 είς
2749 3181 2907 3277 κόρον
2929 3224 2941 3237 ·
2971 3209 3034 3260 οὐ
3066 3209 3222 3278 μόνον
3250 3209 3306 3260 δὲ
3338 3181 3485 3277 ὑμῖν,
3505 3181 3654 3262 ’ἀλλά
3688 3181 3784 3262 καί
3803 3181 3906 3271 τοῖς

670 3316 888 3377 omnia,
949 3314 1230 3367 vobiscum
1297 3324 1514 3378 quoque
1573 3307 1756 3374 vigent
1809 3311 1901 3353 aut
1957 3298 2237 3352 deﬁciunt.

669 3409 905 3477 Apparet
941 3408 1104 3460 etiam
1152 3419 1216 3458 ex
1267 3403 1351 3455 his
1385 3399 1553 3453 Deum
1596 3413 1716 3451 esse
1766 3408 1948 3448 rerum
1994 3391 2237 3444 omnium

669 3497 1019 3558 Creatorem,
1050 3511 1157 3548 non
1207 3492 1487 3544 hominum
1539 3489 1731 3550 modo,
1766 3485 1860 3539 sed
1905 3479 2239 3536 omnimodo-

671 3603 793 3642 rum
822 3590 987 3642 etiam
1019 3585 1360 3638 animalium.

753 3761 906 3815 Vens.
940 3759 1028 3814 26.
1084 3761 1203 3813 Non
1251 3759 1456 3811 indicat
1505 3756 1594 3809 hic
1640 3755 1815 3807 lucem
1845 3756 2236 3806 eementorum

672 3853 974 3921 augendam
1004 3868 1147 3914 esse,
1176 3850 1269 3905 sed
1300 3851 1566 3910 lmtitiam,
1595 3862 1713 3916 qum.
1735 3845 1927 3898 diebus
1958 3844 2064 3897 illis
2091 3844 2239 3912 ipsos

670 3944 875 4000 efferet.
922 3947 997 3996 Ita
1027 3945 1172 3997 enim
1215 3942 1566 3995 exsultabunt
1611 3938 1774 3992 animi
1808 3953 2030 4000 eorum;
2065 3945 2123 3988 ut
2157 3935 2239 3985 lu-

671 4051 796 4090 men
849 4035 955 4088 diei
1003 4043 1226 4086 auctum
1260 4031 1527 4096 credant,
1580 4038 1637 4081 ut
1683 4029 1967 4087 illustrior,
2000 4025 2240 4096 splendi-

671 4129 900 4196 diorque
947 4127 1065 4180 dies
1114 4126 1295 4178 lucere
1354 4123 1639 4184 videatur;
1703 4118 2046 4174 sanabuntur
2093 4115 2238 4169 enim

671 4220 837 4275 animi
865 4234 1052 4273 eorum
1077 4258 1091 4280 ,
1137 4215 1513 4286 spiritualibus
1541 4211 1814 4266 emendati
1861 4208 2239 4278 reprehensio-

674 4311 854 4372 nibus,
889 4326 917 4362 a
949 4306 1152 4361 doloris
1181 4306 1531 4358 tribulatione
1558 4301 1796 4356 liberati.

2343 3297 2595 3364 κτήνεσιν
2633 3298 2816 3366 ὑμῶν·
2853 3298 2918 3349 τὰ
2955 3297 3062 3370 γὰρ
3091 3297 3155 3350 δι’
3193 3299 3334 3368 ὑμᾶς
3363 3301 3630 3369 γενόμενα
3665 3302 3758 3352 καὶ
3795 3317 3908 3351 συν-

2338 3393 2657 3460 τιμωρεῖται
2689 3391 2783 3443 καὶ
2822 3389 3174 3442 συναπολαύει
3211 3390 3316 3442 τῶν
3353 3391 3592 3458 ἀγαθῶν.
3626 3391 3908 3444 Δείκνυται

2337 3483 2392 3536 δὲ
2426 3484 2520 3536 καὶ
2569 3481 2657 3534 διὰ
2693 3481 2903 3545 τούτου,
2934 3482 3008 3544 ὡς
3038 3483 3066 3532 ὀ
3113 3481 3243 3542 Θεὸς
3286 3481 3393 3532 τῶν
3437 3482 3653 3532 πάντων
3689 3480 3909 3549 ποιητὴς

2339 3574 2696 3644 καθέστηκεν,
2726 3574 2785 3625 οὺ
2816 3574 2974 3642 μόνον
2998 3571 3295 3642 ἀνθρώπων
3319 3571 3453 3624 ἀλλά
3476 3572 3570 3624 καὶ
3596 3571 3752 3634 ζώων
3785 3587 3910 3623 παν-

2339 3666 2601 3720 τοδαπῶν.

2421 3757 2681 3811 Ἐνταῦθα
2702 3757 2762 3809 οὗ
2800 3757 3112 3828 προσθήκην
3145 3755 3235 3808 τοῦ
3271 3756 3449 3823 φωτὸς
3481 3759 3590 3804 τῶν
3633 3752 3911 3821 στοιχείων

2338 3850 2504 3919 δηλοῖ,
2535 3850 2666 3902 ἀλλά
2698 3850 2795 3918 τῆς
2841 3849 3288 3918 καταληψομένης
3340 3846 3535 3906 αὐτοὺς
3575 3847 3631 3896 ἐν
3679 3843 3911 3904 ἐκείναις

2338 3944 2457 4001 ταῖς
2493 3939 2727 4009 ἡμέραις
2758 3939 3093 4008 εὐφροσύνης
3115 3954 3126 3964 ·
3158 3937 3298 3988 οὕτω
3340 3936 3449 4004 γὰρ
3484 3937 3563 3997 εἰς
3594 3935 3910 4002 ἀγαλλίασιν

2339 4030 2691 4083 ἐπιδώσουσιν
2714 4029 2890 4080 αὐτῶν
2911 4029 2965 4080 al
2998 4028 3187 4096 ψυχαὶ,
3213 4027 3286 4088 ὡς
3308 4027 3401 4078 καὶ
3425 4024 3749 4095 προσθήκην
3772 4025 3911 4089 ἕξειν

2340 4121 2530 4182 αὐτοὺς
2548 4119 2794 4188 ἡγεῖσθαι
2820 4118 2887 4170 τὰ
2902 4118 3054 4187 φῶτα
3087 4117 3180 4187 τῆς
3211 4117 3441 4186 ἡμέρας,
3460 4119 3555 4168 καὶ
3588 4115 3910 4188 λευκοτέρας

2341 4212 2520 4273 αὐτοῖς
2539 4212 2630 4262 καὶ
2650 4210 3004 4280 φαιδροτέρας
3018 4207 3350 4281 ὀφθήσεσθαι
3372 4207 3466 4268 τὰς
3493 4209 3713 4278 ἡμέρας
3733 4225 3747 4238 °
3770 4209 3909 4261 ιἔρισιν

2339 4303 2443 4372 γὰρ
2461 4301 2789 4364 ἐπιδέξονται
2813 4299 2950 4352 κατὰ
2964 4299 3159 4369 ψυχὴν,
3173 4299 3594 4369 θεραπευόμενοι
3612 4300 3745 4363 τοὺς
3757 4301 3910 4369 ψυχι-

2341 4392 2467 4450 κοὺς
2485 4389 2725 4461 μώμους,
2744 4389 2837 4442 καὶ
2850 4389 3311 4458 ἀπαλλαττόμενοι
3325 4387 3419 4456 τῆς
3434 4387 3691 4450 θλιϐερᾶς
3702 4390 3904 4456 ὀδύνης.

743 4515 907 4570 Vens.
937 4515 1026 4570 28.
1081 4514 1272 4567 Divina
1321 4511 1662 4581 providentia
1705 4515 1904 4560 cuncta
1945 4506 2053 4573 regi
2104 4518 2232 4556 con-

2410 4505 2520 4576 Τὴν
2549 4506 2686 4556 κατά
2716 4505 2930 4557 πάντων
2985 4503 3235 4555 θεοπτὶαν
3265 4503 3364 4554 κάν
3406 4503 3582 4572 τούτῳ
3614 4503 3904 4562 δείκνυσιν.

674 4604 891 4658 ﬁrmant
931 4606 1034 4658 ista
1061 4644 1074 4666 ,
1112 4617 1234 4655 cum
1271 4602 1352 4653 ira
1397 4599 1488 4652 Dei
1526 4613 1634 4650 non
1677 4595 1742 4650 ad
1774 4593 1991 4647 Judzeos
2024 4600 2233 4644 tantum

675 4704 882 4766 spectet
906 4736 919 4758 ,
963 4695 1055 4749 sed
1086 4703 1138 4748 et
1186 4692 1468 4761 suppliciis
1501 4690 1648 4758 ipsas
1683 4696 1870 4754 gentes
1918 4683 2133 4736 alliciat.
2172 4680 2236 4732 Ni

672 4790 811 4847 alios
845 4787 988 4840 enim
1038 4784 1510 4853 reprehendisset,
1550 4781 1793 4832 licuisset
1840 4775 2104 4831 lsraelitis
2149 4774 2233 4826 di-

669 4893 800 4937 cere
824 4880 968 4933 solos
998 4887 1215 4947 propter
1244 4886 1460 4944 peccata
1491 4889 1520 4926 a
1546 4873 1655 4926 Deo
1690 4871 1895 4940 puniri.
1930 4868 2044 4921 Hoc
2077 4867 2238 4935 igitur

670 4979 734 5029 ut
761 4980 1077 5041 pra-caveat,
1104 4975 1286 5023 monet
1309 4984 1364 5020 se
1391 4975 1578 5036 gentes
1604 4980 1819 5034 quoque
1843 4963 2237 5030 judicaturum.

673 5071 727 5116 et
761 5063 826 5115 ab
872 5064 950 5116 eis
1005 5075 1192 5130 poenas
1241 5060 1596 5127 repetiturum
1645 5071 1738 5124 per
1785 5068 2024 5109 errorem
2073 5052 2236 5114 meri-

674 5160 757 5208 835
765 5194 776 5207 .

743 5329 904 5384 Vens.
937 5329 1028 5382 29.
1062 5327 1156 5380 His
1183 5325 1447 5380 discimus
1483 5325 1640 5379 nobis
1671 5339 1781 5377 non
1812 5324 1960 5377 omni
1995 5330 2237 5391 tempore

672 5419 869 5470 laetitim
921 5417 1309 5485 indulgendum
1359 5431 1515 5479 esse;
1583 5417 1693 5468 noli
1745 5415 1889 5467 enim
1940 5420 2132 5481 putare
2186 5420 2237 5461 te

673 5509 954 5577 splendida
1005 5510 1144 5562 festa
1205 5508 1565 5571 celebrando,
1619 5515 1672 5561 et
1730 5508 1970 5559 animum
2021 5505 2234 5574 gaudiis:

679 5600 1041 5661 dimindendo,
1059 5601 1359 5653 mercedem
1383 5601 1477 5652 tibi
1502 5601 1945 5666 promeriturum.
1962 5596 2078 5649 Non
2103 5611 2230 5664 pec-

675 5708 794 5746 care
824 5695 1042 5761 quidem
1072 5694 1285 5746 videtur
1305 5693 1395 5761 qui
1425 5691 1575 5746 festis
1595 5693 1934 5750 convivatur,
1967 5697 2020 5742 at
2041 5687 2236 5742 exinde

675 5783 973 5840 mercedem
1027 5784 1182 5838 nobis
1233 5784 1470 5837 futuram
1531 5799 1598 5839 ne
1645 5797 1944 5852 speremus.
1980 5781 2235 5847 Quinimo

2340 4598 2541 4666 ὃτιοὺχ
2583 4597 2683 4659 ἕως
2725 4596 2928 4647 τούτων
2971 4598 3224 4663 στήσεται
3256 4597 3319 4646 τὰ
3369 4593 3470 4661 τῆς
3500 4594 3698 4664 ὀργῆς,
3731 4595 3908 4661 διαϐή-

2344 4705 2493 4741 σεται
2521 4689 2574 4741 δὲ
2610 4689 2703 4740 καὶ
2731 4690 2808 4750 είς
2840 4687 2906 4739 τὰ
2933 4687 3054 4755 ἔθνη
3091 4689 3123 4753 ἡ
3151 4687 3415 4756 τιμωρία·
3446 4687 3532 4737 ἶνα
3563 4685 3676 4756 γὰρ
3709 4689 3782 4756 μὴ
3821 4686 3904 4754 ἐξῇ

2340 4784 2451 4842 τοῖς
2490 4779 2850 4848 Ἰσραηλίταις
2895 4777 3071 4846 μόνοις
3099 4779 3200 4829 ὑπὸ
3236 4777 3327 4828 τοῦ
3361 4776 3496 4828 Θεοῦ
3536 4777 3907 4847 ἐλεγχομένοις

2341 4873 2517 4940 λέγειν
2550 4873 2745 4933 αὐτοὺς
2791 4872 2946 4940 μόνον
2989 4871 3078 4922 τὸν
3106 4871 3236 4921 Θεὸν
3265 4870 3355 4921 ἐπὶ
3400 4873 3510 4931 τοῖς
3551 4872 3903 4940 ἁμαρτήμασι

2341 4965 2717 5036 τιμωρεῖσθαι,
2747 4964 2869 5032 οὐχὶ
2896 4963 2951 5015 δὲ
2978 4963 3070 5015 καὶ
3098 4963 3162 5014 τὰ
3192 4963 3338 5032 ἔθνη,
3362 4962 3678 5027 ἀναγκαίως
3703 4965 3795 5014 καὶ
3817 4962 3902 5030 τὴν

2338 5058 2432 5108 ἐπὶ
2459 5058 2527 5109 τὰ
2556 5055 2681 5123 ἔθνη
2708 5054 3055 5123 διαϐήσεσθαι
3088 5054 3326 5106 ἐκδικίαν
3367 5054 3587 5121 φάσκει,
3625 5056 3720 5106 καὶ
3749 5072 3900 5108 κατα·

2341 5147 2606 5217 λήψεσθαι
2636 5146 2829 5206 αὐτοὺς
2855 5144 2952 5214 τὴν
2979 5146 3042 5196 ἐκ
3080 5147 3180 5212 τῆς
3228 5144 3544 5212 πλανήσεως
3580 5143 3738 5213 δίκην
3780 5161 3898 5212 πρε-

2341 5238 2611 5309 ἀγορεύει.

2411 5327 2509 5380 Διὰ
2532 5325 2731 5378 τούτων
2768 5324 3148 5394 διδασκόμεθα,
3192 5325 3265 5384 ὡς
3294 5323 3354 5375 οὐ
3388 5323 3491 5394 χρὴ
3530 5326 3761 5377 πάντοτε
3789 5326 3895 5385 ταῖς

2340 5422 2554 5474 ἀνέσεσι
2581 5420 2786 5488 χαίρειν
2806 5436 2818 5446 ·
2848 5419 2965 5471 οὐδὲ
2996 5418 3103 5486 γὰρ
3131 5420 3186 5468 ἐν
3208 5419 3324 5477 ταῖς
3351 5418 3564 5486 ἑορταῖς
3592 5417 3895 5487 ἀμείϐοντες

2340 5512 2557 5580 ἐσθῆτα,
2595 5510 2686 5561 καὶ
2736 5504 3068 5577 διαχεόμενοι
3119 5505 3214 5576 τὴν
3259 5505 3434 5574 ψυχὴν
3485 5507 3542 5557 ἐν
3577 5507 3890 5575 εὐφροσύνῃ.

2339 5601 2411 5662 ὡς
2445 5599 2630 5669 μισθὸν
2665 5601 2792 5667 ἡμῖν
2825 5596 3111 5667 προξενοῦν
3142 5595 3568 5665 μεταδιώξομεν·
3602 5584 3717 5647 ἀλλ’
3739 5599 3784 5647 εξ
3813 5595 3892 5647 καὶ

2340 5689 2715 5760 ἀναμάρτητον
2744 5689 2888 5739 δοκεῖ
2917 5684 3052 5740 εἶναι
3088 5688 3147 5739 τὸ
3180 5689 3236 5738 ἐν
3269 5690 3385 5751 ταῖς
3418 5690 3629 5758 ἑορταῖς
3685 5687 3892 5753 εὐωχεῐο

2343 5780 2482 5842 σθαι,
2518 5777 2630 5830 ἀλλ’
2665 5776 2780 5829 οὐδέ
2807 5793 2906 5829 που
2935 5777 3008 5840 ὡς
3041 5777 3227 5845 μισθὸν
3260 5776 3422 5830 αὑτοῦ
3449 5780 3636 5830 τούτου
3659 5775 3892 5847 ληψόμε-
