4044 6324
167 411 312 468 ηαδ

1618 404 1682 461 IN
1720 403 1974 460 ISAIAII.

3260 408 3396 465 ίδὶδ

163 540 253 576 νοι
278 523 599 594 ἐκδεξόμεθα
622 542 635 555 ·
663 524 822 577 ὁπότε
855 521 962 575 οἶδε
998 519 1381 608 πολλάκις-καὶ
1413 519 1571 591 ἑορτὴ
1602 521 1727 590 ἀμέ-

1839 519 2036 586 saepius
2073 519 2238 573 etiam
2289 533 2575 587 peccamus
2615 533 2741 576 cum
2787 523 2952 576 nimia
2999 522 3070 577 ibi
3120 524 3396 596 voluptate

160 630 315 684 τρως
333 617 411 678 εἰς
435 614 629 685 ἡδονὴν
654 613 942 684 ἐκχυθεῖσα
969 612 1064 664 καὶ
1088 611 1359 682 ἁμαρτίαν
1381 609 1726 680 προξενῆσαι.

161 705 262 757 Δεῖ
291 702 380 759 οὖν
428 706 680 776 ἁσμένως
728 704 926 775 μᾶλλον
953 703 1052 767 τὰς
1094 702 1299 771 θλίψεις
1329 701 1601 769 δέξασθαι,
1657 701 1732 763 ὡς

158 794 466 867 ἐμμίσθους
497 796 776 866 ἐσομένας.

239 890 314 942 Τὸ
364 889 686 953 ἐξάκουστον
713 887 811 955 τῆς
838 884 1138 958 μελλούσης
1181 885 1375 947 αὐτοὺς
1420 882 1732 954 καταλήψε-

160 980 295 1035 σθαι
320 980 692 1051 δίκης-δηλοῖό
731 978 885 1045 λόγος
909 996 920 1008 ·
951 977 1070 1030 οὐδὲ
1114 977 1222 1048 γὰρ
1283 977 1357 1038 ὡς
1401 976 1599 1038 ἀδίκως
1644 978 1734 1027 ἐπ-

157 1073 534 1143 αχθησόμενον
570 1069 746 1139 κρυφῆ
791 1067 882 1120 καλ¹
916 1068 973 1121 ἐν
996 1067 1166 1136 γωνίᾳ.
1193 1065 1585 1136 πραχθήσεται,
1616 1063 1731 1118 ἀλλ’

159 1162 391 1233 ἔκδηλος
441 1160 589 1212 ἔσται
634 1161 743 1220 τοῖς
795 1159 987 1227 πᾶσιή
1030 1156 1171 1227 μετὰ
1221 1155 1426 1210 δικαίου
1470 1154 1733 1225 κρίματος

156 1252 304 1325 ὀργὴ
332 1250 660 1319 ἐπαγομένη.

236 1343 426 1408 Τοῦτο,
458 1341 598 1395 κατὰ
643 1341 750 1395 τῶν
792 1340 1087 1410 Ἀσσυρίων
1132 1339 1352 1410 ὀλέθρου
1399 1353 1734 1408 προαγορευ-

158 1435 370 1500 θέντος,
395 1434 490 1488 καὶ
518 1435 615 1502 τῆς
641 1435 760 1485 κατ’
789 1431 950 1497 αὑτοῦ
983 1433 1137 1501 δίκης
1161 1429 1511 1499 δηλωθείσης,
1540 1427 1733 1480 δικαιό-

154 1541 302 1579 τατα
333 1526 381 1576 oi
427 1522 749 1593 Ἰσραηλῖται
780 1519 1184 1583 ταλανίζονται·
1221 1519 1355 1589 πρὸς
1406 1518 1504 1587 μὲν
1544 1516 1730 1570 τοῦτον

157 1614 514 1685 ἐπτοημένοι,
554 1613 700 1685 παρὰ
751 1613 806 1665 δὲ
837 1611 1146 1678 Αἰγυπτίων
1175 1607 1530 1680 βοηθήσεσθαι
1576 1625 1736 1678 προσ-

153 1705 447 1768 δοκῶντες,
490 1706 583 1757 καὶ
635 1705 708 1774 μὴ
755 1702 1184 1771 καταφεύγοντες
1215 1700 1306 1752 ἐπὶ
1344 1699 1433 1753 τὸν
1461 1699 1567 1751 τῶν
1599 1699 1732 1751 ὅλων

153 1797 298 1852 Θεόν
331 1816 390 1850 τε
427 1797 517 1849 καὶ
548 1797 795 1866 Σωτῆρα,
825 1796 883 1848 ὃν
927 1795 1024 1863 ούχ
1051 1792 1282 1861 ἡγοῦντο
1316 1791 1452 1863 πρὸς
1482 1791 1579 1860 τὴν
1608 1790 1732 1860 βοή·

155 1889 315 1944 θειαν
357 1888 534 1942 αὐτῶν
583 1888 956 1957 ἀνταρκέσειν,
993 1884 1128 1937 ἀλλὰ
1163 1887 1228 1954 τῇ
1278 1884 1386 1937 τῶν
1426 1884 1606 1936 ῖππων
1637 1882 1732 1935 καὶ

153 1982 426 2052 ἁρμάτων
453 1979 651 2050 πληθύῖ
693 1976 1010 2039 πεποιθότες
1052 1976 1181 2045 παρ’
1220 1975 1442 2027 ἐκείνων
1493 1971 1730 2042 σωθήσε-

157 2073 290 2125 σθαι
324 2073 680 2144 προσεδόκων.

234 2165 344 2235 Τὴν
372 2164 547 2232 σοφῶς
577 2161 724 2232 παρὰ
757 2160 849 2214 τοῦ
890 2158 1024 2213 Θεοῦ
1062 2158 1407 2230 ἁρμόζουσαν
1440 2153 1731 2226 θεραπείαν

150 2253 282 2313 ταῖς
325 2250 522 2319 ψυχαῖς
566 2250 745 2304 αὐτῶν
797 2247 1267 2320 προσαχθήσεσθαι
1312 2247 1604 2316 σημαίνει·
1651 2245 1729 2297 ὅτι

153 2342 260 2397 καὶ
305 2342 445 2395 αὐτὰ
492 2341 662 2394 ταῦτα
712 2341 1015 2404 κακωτικὰ,
1069 2341 1257 2410 ὥσπερ
1295 2337 1499 2407 ἀγαθοῦ
1545 2336 1730 2407 ίατροῦ

152 2434 522 2496 ἐκκόπτοντος
545 2433 696 2485 νόσον
726 2433 819 2485 καὶ
867 2433 1096 2502 ίωμένου
1136 2431 1532 2502 ἁμαρτήματα,
1564 2445 1731 2500 προσ-

155 2525 286 2595 άγει
308 2543 320 2554 ·
359 2521 542 2593 σοφῶς
564 2525 657 2577 τοῦ
689 2523 821 2577 Θεοῦ
849 2524 938 2577 διὰ
960 2524 1066 2577 τῶν
1085 2522 1382 2577 δοκούντων
1398 2518 1532 2574 εῖναι
1561 2521 1729 2589 λυπη·

155 2616 277 2687 ρῶν
322 2617 741 2684 σωφρονίζοντος
792 2618 914 2679 τοὺς
946 2615 1373 2686 ἁμαρτάνοντας,
1417 2614 1510 2668 καὶ
1543 2614 1728 2684 καιρὸν

155 2707 450 2778 μετανοίας
473 2704 851 2776 χαριζομένου.

247 2797 402 2850 ’Δλλὰ
450 2798 542 2850 καὶ
599 2795 997 2866 μετανοούντων
1044 2796 1372 2865 ὑπερασπιεῖ
1420 2797 1452 2866 ἡ
1464 2795 1598 2865 μῶν,
1634 2794 1727 2846 καὶ

153 2887 635 2959 ἀντιποιηθήσεται
685 2886 785 2956 τῆς
830 2885 1199 2958 Ἰερουσαλὴμ,
1245 2886 1334 2938 ῐσα
1365 2887 1477 2950 τοῖς
1522 2886 1726 2957 ὀρνέοις

151 2982 272 3041 τοῖς
303 2976 553 3049 βοηθοῦσι
577 2981 686 3041 τοῖς
712 2977 918 3031 ἑαυτῶν
948 2980 1180 3039 νεοττοῖς
1200 2995 1213 3007 ”
1244 2978 1337 3029 καὶ
1371 2976 1478 3046 γὰρ
1501 2977 1727 3028 κάκεῖνα

155 3070 291 3138 παρ’
315 3067 477 3120 αὑτοῦ
510 3067 750 3121 δέδεκται
779 3067 952 3122 ταῦτα
978 3068 1043 3120 τὰ
1074 3067 1275 3136 φυσικὰ
1304 3066 1636 3135 συνθήματα.

231 3161 367 3222 Τοὺς
392 3162 448 3211 ἐν
473 3161 584 3219 τοῖς
609 3163 795 3222 κακοῖς
824 3159 1226 3229 ἐμϐαθύνοντας
1252 3157 1346 3210 καὶ
1377 3159 1432 3210 ἐν
1452 3159 1564 3218 τοῖς
1590 3156 1726 3210 κατὰ

152 3248 292 3301 Θεὸν
337 3248 682 3310 ἐπιπολαίους
711 3249 1050 3317 ἐπιστρέφων
1075 3249 1103 3299 ὁ
1130 3247 1307 3315 λόγος,
1346 3247 1412 3299 τὰ
1444 3248 1562 3301 καθ’
1603 3247 1727 3299 ἐαυ-

151 3340 285 3404 robo;
315 3343 545 3412 συνορᾷν
589 3340 961 3410 συμϐουλεύει,
1009 3339 1246 3404 κακίζων
1297 3337 1473 3391 αὐτῶν
1507 3339 1597 3392 καὶ
1628 3340 1724 3410 τὴν

101 3481 106 3484 .
155 3432 502 3502 πεποίθησιν,
531 3432 595 3501 ἢν
628 3434 712 3484 ἐπ’
745 3432 1072 3499 Αἰγυπτίους
1107 3432 1418 3501 ἐκέκτηντο.

244 3523 402 3575 Ἀλλά
426 3521 595 3576 ταῦτα
642 3523 759 3594 ph,
790 3525 911 3575 ὅσον
939 3519 1069 3594 ἧκεν
1105 3525 1183 3586 είς
1224 3523 1320 3594 τὴν
1359 3523 1616 3594 ἱστορίαν,
1649 3524 1725 3584 εἰς

154 3613 251 3666 τὸν
286 3615 530 3678 Ἐζεκίαν
574 3615 924 3686 λεχθήσονται
946 3633 957 3644 ·
987 3615 1190 3684 κυρίως
1213 3615 1268 3667 δὲ
1307 3615 1624 3686 νοηθήσεται
1649 3618 1725 3678 εἰς

152 3704 322 3757 αὑτὸν
345 3705 436 3757 τὸν
464 3706 691 3775 Σωτῆρα
712 3722 725 3736 ⁸
755 3705 819 3758 ἵν’
862 3705 1077 3774 ἔχοιμεν
1107 3707 1265 3766 νοεῖν,
1294 3705 1376 3756 ὅτι
1413 3703 1474 3756 τὸ
1513 3703 1727 3773 ἀληθῶς

155 3793 429 3864 μακάριον
461 3793 610 3846 ἔσται
636 3797 748 3856 τοῖς
779 3794 1140 3864 προκεκοπόσι
1175 3795 1315 3847 κατὰ
1355 3793 1486 3845 Θεὸν
1515 3795 1607 3846 καὶ
1629 3793 1725 3863 τὴν

152 3886 273 3940 ἄνω
315 3883 450 3938 Σιὼν
478 3886 703 3949 οἰκοῦσι,
740 3886 830 3938 καὶ
870 3885 1090 3954 βασιλέα
1138 3887 1598 3957 ἐπιγραφομένοις
1638 3887 1725 3940 τὸν

152 3973 363 4046 Κύριον
385 3975 539 4045 ἡμῶν
574 3974 779 4046 Ἰησοῦν
811 3976 1063 4046 Χριστὸν,
1102 3977 1180 4038 είς
1207 3975 1264 4027 ὃν
1296 3974 1436 4027 κατὰ
1460 3975 1562 4045 γῆν
1592 3977 1726 4045 ημεο

153 4065 321 4135 τέραν
345 4066 434 4117 καὶ
468 4068 500 4134 ἡ
530 4066 672 4134 ἄκρα
698 4065 1006 4135 δικαιοσύνη
1038 4065 1374 4135 νοηθήσεται.

230 4155 330 4208 Τὸν
355 4155 457 4217 τὰς
477 4156 694 4219 ἐντολὰς
723 4155 812 4208 τοῦ
837 4156 970 4208 Θεοῦ
994 4158 1315 4226 τηρήσοντα,
1346 4155 1437 4207 καὶ
1462 4154 1646 4224 ὥσπερ
1669 4156 1724 4207 ἐν

152 4246 335 4317 ἐαυτῷ
359 4247 485 4309 τοὺς
528 4247 716 4316 λόγους
742 4246 834 4299 τοῦ
882 4246 1015 4300 Θεοῦ
1060 4247 1481 4316 κατακρύψαντα
1527 4247 1616 4298 ἐπὶ
1644 4246 1722 4297 δι-

153 4338 436 4411 καιοσύνη,
465 4338 652 4393 τοῦτον
691 4341 784 4393 καὶ
810 4340 915 4396 ἀπὸ
945 4339 1113 4410 ὀργῆς
1152 4339 1494 4410 ἐπειγομένης
1525 4355 1724 4390 σκεπα-

154 4431 453 4500 σθήσεσθαι
473 4430 639 4499 δηλοῖ.

228 4524 367 4585 Τοὺς
411 4523 724 4593 Ἀσσυρίους
773 4523 1149 4593 ἐπικειμένους
1178 4524 1256 4584 είς
1296 4521 1547 4590 πόλεμον,
1595 4520 1724 4573 ἁκό-
1755 4540 1798 4593 D

148 4613 342 4666 λουθον
367 4609 432 4683 ἦν
459 4614 584 4674 τοὺς
617 4612 751 4682 πρὸς
778 4612 866 4664 τὸν
899 4613 1029 4664 Θεὸν
1058 4612 1326 4673 τείνοντας
1354 4610 1413 4662 τὸ
1441 4610 1592 4680 ὄμμα
1620 4625 1719 4662 κα-

146 4708 440 4776 ταφρονεῖν
468 4705 562 4774 μὲν
584 4703 681 4772 τῆς
708 4703 1051 4773 ἀνθρωπίνης
1082 4702 1348 4772 βοηθείας,
1377 4701 1516 4768 λέγω
1540 4701 1601 4770 δὴ
1621 4700 1719 4769 τῆς

146 4796 263 4848 τῶν
287 4795 600 4864 Αἰγυπτίων
621 4810 635 4822 ·
665 4794 747 4846 ἐπ’
772 4794 929 4846 αὑτὸν
945 4794 1000 4846 δὲ
1026 4794 1122 4856 τὰς
1156 4793 1376 4853 ἐλπίδας
1401 4790 1715 4860 κεκτῆσθαι,

148 4889 249 4941 καὶ
272 4887 420 4958 αὑτῷ
448 4886 730 4956 προσέχειν
764 4885 853 4936 τὸν
882 4886 1007 4937 νοῦν
1033 4903 1045 4915 ’
1075 4885 1199 4947 τοὺς
1223 4883 1330 4954 γὰρ
1357 4884 1618 4954 πρότερον
1646 4882 1716 4951 μὴ

145 4977 476 5047 δυναμένους
502 4977 591 5027 τὸν
614 4976 710 5044 τῆς
733 4974 1036 5037 θεοσεϐείας
1063 4974 1390 5044 διαρθρῶσαι
1421 4972 1573 5040 λόγον
1600 4973 1717 5024 τότε

145 5071 279 5141 ἐνῆν
317 5070 441 5123 ίδεῖν
472 5067 726 5120 δύνασθαι
772 5070 941 5138 τρανῇ
972 5070 1036 5136 τῇ
1064 5067 1274 5136 γλώττῃ
1323 5066 1598 5134 ὁμολογεῖν
1629 5066 1719 5118 τὸν

143 5163 249 5232 τῆς
277 5163 497 5232 εἰρήνης
537 5160 857 5231 βραϐευτὴν,
886 5159 978 5211 καὶ
1001 5159 1180 5210 οὐκέτι
1215 5159 1485 5228 αἱρεῖσθαι
1519 5157 1607 5209 τὸν
1630 5159 1720 5208 Λί-

145 5251 379 5320 γύπτιον
421 5250 597 5303 αὐτῶν
637 5250 840 5319 ἄρχειν,
889 5249 944 5300 ὃν
984 5248 1164 5316 μωρὸν
1212 5245 1432 5309 δικαίως
1467 5249 1497 5315 ἡ
1531 5247 1718 5316 Γραφὴ

145 5342 257 5395 ὼνό
265 5358 452 5410 μασεν.

221 5431 328 5484 Τοῦ
362 5432 634 5502 τάγματος
679 5433 787 5484 τῶν
846 5431 1050 5501 ἀνδρῶν
1110 5432 1371 5496 ἀνηκοΐαν
1417 5429 1716 5490 νοσοῦντος,

149 5521 377 5591 μετάγει
411 5524 501 5574 τὸν
530 5523 686 5589 λόγον
710 5525 737 5574 ὁ
770 5525 1049 5594 προφήτης
1078 5524 1171 5574 ἐπὶ
1199 5524 1294 5583 τὰς
1318 5525 1601 5589 γυναῖκας,
1626 5519 1719 5571 καὶ

146 5610 458 5682 νομοθετεῖν
509 5611 649 5675 ἀξιοῖ
691 5612 927 5674 ταύτας·
983 5613 1074 5664 καὶ
1123 5611 1353 5679 μάλιστα
1401 5610 1498 5671 τὰς
1534 5606 1718 5677 κομώ-

148 5720 251 5766 σας
319 5702 551 5772 πλούτῳ,
584 5703 640 5754 αἳ
692 5702 784 5754 τοῦ
847 5703 940 5771 μὲν
1002 5702 1207 5753 ἑαυτῶν
1269 5701 1472 5769 κόσμου
1522 5699 1719 5768 πολλὴν

146 5794 465 5865 ἐπιμέλειαν
530 5795 884 5863 ἐποιήσαντο,
950 5792 1130 5856 καθὼς
1195 5792 1287 5844 καὶ
1347 5793 1402 5843 ἐν
1454 5793 1564 5852 τοῖς
1621 5791 1719 5859 έμ-

1839 608 2194 662 detineamur.
2231 607 2632 666 Tribulationes
2683 613 2845 684 igitur
2880 613 3061 683 potius
3101 615 3393 686 suscipias,

1841 705 2022 766 utpote
2052 698 2238 768 plenas
2269 701 2534 756 mercede.

1907 871 2069 927 Vens.
2102 872 2192 927 '50.
2222 872 2473 928 Auditam
2505 875 2713 931 scilicet
2742 876 2905 934 faciat
2929 878 3068 936 Deus
3098 880 3392 936 vindictam

1836 978 2024 1024 suam;
2059 967 2257 1036 quippe
2287 982 2407 1037 quae
2435 983 2546 1022 non
2595 981 2804 1024 secreto
2845 980 2900 1025 et
2945 973 2998 1026 in
3042 975 3238 1043 angulo
3268 973 3390 1038 ﬁet,

1833 1056 1990 1124 quasi
2028 1066 2174 1112 esset
2207 1073 2344 1126 opus
2378 1061 2627 1129 iniquum
2649 1100 2664 1124 ,
2695 1061 2789 1116 sed
2819 1064 3072 1118 omnibus
3108 1067 3393 1136 perspicua

1833 1147 1936 1199 erit
1969 1146 2050 1200 ira
2083 1163 2206 1202 cum
2229 1150 2381 1218 justo
2409 1149 2618 1219 judicio
2643 1160 2889 1207 ventura.

1904 1323 2033 1378 CAP.
2069 1325 2270 1391 XXXI,
2307 1328 2470 1382 Vens.
2509 1330 2558 1383 l.
2593 1330 2729 1385 Cum
2759 1331 3107 1404 Assyriorum
3137 1336 3394 1394 incursus

1834 1417 2168 1485 praedixerit,
2200 1431 2252 1472 et
2284 1419 2578 1473 vindictam
2610 1423 2679 1475 ab
2710 1423 2830 1493 ipso
2864 1425 3252 1494 exercendam,
3278 1443 3393 1484 tne-

1831 1509 1936 1560 rito
1980 1507 2122 1563 Deus
2154 1508 2425 1563 lsraelitas
2473 1510 2637 1565 dolet.
2683 1511 2818 1566 Nam
2861 1521 3083 1584 stupore
3112 1526 3391 1581 amentes.

1832 1606 1882 1651 et
1902 1599 2163 1653 auxilium
2182 1601 2248 1654 ab
2270 1599 2539 1670 Egyptiis
2574 1610 2976 1671 exspectantes,
2997 1604 3066 1657 ad
3095 1602 3261 1660 Deum
3280 1623 3392 1663 non

1831 1689 2193 1760 confugerunt
2260 1694 2500 1745 omnium
2562 1690 2847 1748 Dominum
2910 1704 2964 1749 et
3020 1695 3390 1762 Salutarem,

1833 1783 1988 1850 quasi
2021 1781 2215 1836 fuisset
2256 1783 2417 1838 inane
2448 1785 2568 1853 ejus
2607 1786 2952 1854 praesidium;
2996 1788 3090 1842 sed
3129 1804 3394 1858 equorum

1764 1863 1804 1922 Β
1832 1880 1886 1927 et
1916 1888 2177 1926 curruum
2208 1875 2556 1932 multitudine
2584 1877 2795 1944 conﬁsi,
2819 1894 2877 1934 se
2899 1881 2968 1934 ab
2993 1881 3072 1934 eis
3101 1880 3394 1938 salvandos

1833 1975 1953 2015 esse
1985 1973 2355 2031 speraverunt.

1899 2136 2066 2194 Vens.
2097 2139 2154 2194 4.
2190 2141 2418 2197 Animos
2463 2158 2650 2198 eorum
2686 2144 2984 2214 prudenter
3018 2161 3049 2200 a
3078 2145 3190 2202 Deo
3221 2147 3394 2202 infor-

1833 2233 2060 2288 mandos
2108 2249 2230 2290 esse
2287 2235 2560 2303 declarat;
2615 2253 2741 2292 nam
2811 2239 3051 2293 vindicta
3095 2239 3191 2294 Dei
3247 2242 3394 2294 velut

1831 2325 2026 2379 medici
2062 2329 2346 2396 prudentia
2380 2330 2629 2384 morbum
2665 2330 2996 2396 recidentis,
3040 2341 3094 2388 et
3147 2333 3395 2388 sanantit

1829 2415 2084 2484 vulnera;
2135 2418 2408 2487 sapienter
2442 2427 2757 2488 peccatores
2805 2420 2871 2474 ad
2923 2422 3139 2477 saniora
3175 2434 3394 2480 revocat

1829 2503 1973 2560 Deus
1997 2546 2012 2570 ,
2046 2515 2100 2562 et
2130 2517 2344 2581 tempus
2372 2512 2704 2581 paenitentia!
2729 2522 3015 2583 praeparat,
3041 2515 3170 2568 dum
3201 2515 3392 2571 laedere

1829 2596 2062 2652 videtur.

1903 2771 2068 2828 Vens.
2119 2773 2171 2827 5.
2216 2771 2599 2829 Paenitentiam
2656 2786 2875 2847 agentes
2925 2785 3170 2847 proteget
3220 2776 3386 2838 Deus.

1827 2873 1880 2920 et
1915 2865 2212 2920 Jerusalem
2251 2866 2524 2930 defendet,
2571 2868 2751 2922 avium
2807 2869 2873 2922 ad
2924 2883 3170 2922 normam
3215 2869 3392 2937 pullos

1828 2970 1957 3009 suos
2008 2955 2304 3010 foventium
2348 2975 2360 3023 ;
2420 2959 2595 3026 ipsam
2644 2959 2787 3012 enim
2832 2967 2985 3014 tanto
3043 2957 3222 3014 studio
3270 2974 3392 3028 pro-

1829 3047 2094 3113 sequitur.

1902 3133 2068 3188 Vens.
2113 3135 2166 3188 6.
2202 3135 2356 3191 Malis
2395 3137 2678 3193 demersos
2715 3146 2769 3192 et
2817 3139 3078 3208 impietati
3117 3144 3170 3196 in
3221 3144 3387 3200 Deum

1754 3200 1794 3256 ε
1828 3223 2040 3280 deditos
2091 3228 2382 3288 allocutus,
2416 3237 2475 3282 ut
2527 3230 2630 3283 sibi
2681 3233 2969 3286 consulant
3020 3235 3208 3287 suadet
3259 3251 3385 3303 pro-

1829 3318 2007 3385 pheta,
2035 3326 2088 3372 et
2124 3317 2374 3373 ﬁduciam
2405 3323 2696 3393 exprobrat
2725 3338 2828 3393 qua
2867 3323 2921 3376 in
2953 3323 3222 3395 Egyptiis
3249 3342 3384 3380 con-

1828 3407 2081 3463 ﬁdebant.

1897 3502 2028 3554 CAP.
2065 3501 2276 3565 XXXII,
2326 3503 2486 3558 Vens.
2542 3506 2592 3557 1.
2639 3503 2911 3559 llislorico
2959 3507 3174 3574 quidem
3219 3524 3381 3562 sensu

1827 3594 1939 3646 hazc
1981 3592 2048 3646 ad
2089 3592 2373 3648 Ezechiam
2406 3605 2676 3666 spectant,
2709 3607 2853 3652 recte
2887 3607 3064 3653 tamen
3093 3600 3160 3653 ad
3205 3602 3380 3670 ipsum

1827 3684 2160 3739 Salvatorem
2203 3688 2526 3741 referentur.
2564 3689 2776 3746 Sentias
2813 3691 2978 3760 igitur
3026 3708 3149 3746 vere
3200 3693 3385 3749 beatos

1825 3795 1946 3834 esse
1972 3780 2062 3850 qui
2094 3780 2392 3834 secundum
2420 3782 2588 3835 Deum
2620 3785 2986 3852 profecerunt,
3014 3797 3066 3840 et
3089 3804 3385 3856 supernam

1829 3869 1957 3925 Sion
2013 3881 2303 3940 occupant,
2350 3882 2402 3926 et
2455 3888 2637 3943 regem
2691 3875 2891 3928 habent
2943 3876 3229 3930 Dominum
3287 3893 3386 3933 no—

1826 3975 1998 4018 strum
2073 3963 2259 4018 Jesum
2345 3964 2623 4018 Christum
2683 3967 2772 4019 cui
2843 3968 3004 4021 etiam
3099 3969 3153 4022 in
3227 3970 3384 4026 terris

1826 4067 2036 4108 Summa
2060 4053 2271 4122 justitia
2303 4055 2578 4123 competit.

1895 4142 2057 4198 Vens.
2090 4144 2144 4196 2.
2179 4142 2436 4198 Homines
2475 4145 2565 4213 qui
2602 4156 2819 4199 servant
2858 4146 2952 4200 Dei
2996 4159 3285 4218 prmcepta,
3329 4162 3384 4206 et

1824 4234 1916 4289 Dei
1959 4249 2237 4288 sermones
2275 4249 2385 4304 prae
2419 4236 2631 4304 justitia
2662 4237 2716 4290 in
2754 4232 3057 4309 semetipsis
3084 4244 3380 4308 occultant,

1826 4328 1894 4379 ah
1927 4327 2004 4380 ira
2031 4333 2254 4381 ventura
2282 4328 2651 4383 defendendos
2674 4328 2928 4384 declarat.

1903 4504 2058 4560 Vens.
2092 4505 2145 4569 4,
2175 4504 2225 4557 5.
2262 4503 2581 4558 lmminente
2605 4505 2948 4574 Assyriorum
2981 4505 3141 4570 bello,
3170 4522 3383 4578 aequum

1822 4603 1940 4648 erat
2008 4602 2068 4646 ut
2111 4593 2284 4646 oculis
2321 4594 2374 4646 in
2410 4591 2577 4644 Deum
2625 4593 2837 4656 intenti,
2889 4593 3181 4646 humanam
3225 4609 3382 4664 opem

1825 4697 2195 4752 spernerent;
2244 4700 2397 4754 opem
2455 4685 2576 4737 dico
2630 4683 3047 4753 Egyptiornm;
3099 4685 3153 4737 in
3207 4685 3384 4753 ipsum

1826 4793 1951 4830 vero
1986 4776 2345 4839 conﬁderent,
2388 4790 2554 4828 unum
2600 4791 2720 4829 eum
2766 4777 3127 4829 intuerentur.
3173 4776 3384 4845 Quippe

1823 4874 1913 4937 qui
1979 4871 2130 4938 prius
2173 4869 2267 4923 Dei
2320 4884 2514 4922 nomen
2578 4869 2666 4920 vix
2713 4868 2980 4921 haesitanti
3026 4869 3209 4937 lingua
3269 4869 3382 4922 bal—

1823 4963 2000 5016 butire
2043 4969 2352 5029 potuerant,
2396 4977 2541 5014 nunc
2589 4961 2806 5013 eosdem
2841 4959 3043 5013 videris
3085 4961 3380 5028 principem

1823 5057 1972 5125 pacis
2028 5055 2287 5109 distincta
2342 5069 2474 5107 voce
2529 5053 2842 5113 confessos,
2897 5063 2948 5105 et
3001 5051 3380 5122 Egyptiurum

1823 5148 2109 5216 imperium
2141 5147 2252 5216 jam
2288 5146 2642 5199 abhorrentes
2687 5160 2824 5212 quos
2860 5145 3050 5197 merito
3099 5145 3383 5214 Scriptura

1825 5239 2020 5292 stultos
2063 5245 2236 5289 vocat.

1889 5418 2053 5471 Vens.
2083 5417 2137 5470 9.
2185 5416 2318 5469 Cum
2364 5416 2604 5469 viroer
2649 5415 2782 5467 ordo
2831 5412 3196 5467 inobedienlia
3227 5412 3381 5466 labo-

1824 5521 1925 5575 ret,
1964 5510 2218 5564 mulieres
2252 5507 2446 5560 aﬁatur
2489 5507 2772 5576 propheta,
2819 5506 3045 5573 illasque
3085 5504 3383 5558 informan-

1823 5602 1921 5656 das
1955 5602 2182 5669 suscipit
2220 5618 2232 5664 ;
2272 5602 2570 5664 praesertim
2606 5613 2735 5652 vero
2781 5597 2985 5650 divitiis
3019 5595 3380 5657 abundantes,

1822 5709 1941 5762 quae
1986 5707 2185 5761 corpus
2225 5706 2384 5743 suum
2428 5703 2640 5744 summo
2674 5688 2856 5741 studio
2897 5689 3268 5748 exornabant,
3304 5689 3384 5738 uti

1822 5797 1876 5841 et
1907 5801 2068 5856 supra
2110 5783 2366 5855 propheta
2406 5781 2744 5838 conﬁrmavit
2774 5797 2785 5810 -
2821 5793 3005 5834 verum
3042 5783 3218 5832 autem
3262 5775 3384 5832 culv
