4044 6324
667 371 802 424 4⁸327

1871 363 2216 423 THEODORI
2255 363 2777 422 HERACLFINSIS

659 501 798 554 tum.
856 491 1193 560 spiritualem
1249 489 1479 554 scilicet,
1542 488 1908 559 negligebant,
1948 502 2058 557 quo
2115 489 2218 540 sibi

2323 493 2556 554 προσυεν
2589 484 2874 550 κατέλεξεν
2901 488 2931 537 ό
2967 486 3254 555 προφήτης
3273 502 3287 514 ·
3323 483 3421 538 τοῦ
3449 483 3506 538 δι
3538 483 3779 554 ἀληθοῦς
3801 484 3894 554 ψυ-

656 584 888 640 salutem
929 582 1159 637 fuissent
1198 587 1524 636 consecuta.
1566 579 1716 645 Quas
1748 579 1912 650 igitur
1947 579 2094 633 velut
2136 593 2223 631 ea-

657 673 1059 747 pergefaciens,
1109 679 1163 727 et
1208 672 1458 727 excitans
1495 685 1748 727 sermone
1785 689 1798 724 :
1841 688 1860 720 ι
1891 668 2110 733 Audite,
2138 669 2220 722 in-

657 770 797 835 quit,
835 765 1090 818 mulieres
1122 763 1368 827 divites;
1417 781 1435 813 ι
1481 777 1590 817 non
1629 760 1778 830 ipsas
1826 775 1956 815 sane
2004 759 2222 814 divitias

660 861 995 923 insectatur,
1039 864 1227 926 utpote
1264 870 1386 926 qua:
1422 855 1560 925 ipsis
1601 853 1818 908 fuerant
1872 866 1902 906 a
1942 851 2054 907 Deo
2099 866 2223 907 cre-

658 950 803 1012 dita,
842 948 934 1002 sed
969 962 1149 1001 mores
1179 947 1320 1000 male
1348 946 1547 1016 opibus
1573 943 1693 1000 suis
1717 940 2010 996 utentium.

728 1125 894 1182 Vns.
942 1127 1026 1180 15.
1048 1124 1257 1180 lndicat
1286 1124 1377 1179 bic
1407 1123 1563 1178 locos
1591 1135 1714 1179 esse
1747 1117 2044 1177 vastandos
2063 1132 2220 1185 ;nam

657 1216 902 1271 Chermel
934 1231 1090 1270 mons
1119 1221 1204 1269 est
1237 1207 1517 1268 Samaria.

721 1329 849 1383 Cn.
889 1325 1126 1389 XXXIII,
1182 1324 1349 1381 Vsus.
1391 1324 1445 1379 9.
1506 1324 1642 1380 Cum
1690 1324 1746 1380 in
1787 1323 1905 1378 dies
1945 1322 2118 1392 magis
2158 1335 2221 1375 ac

656 1420 826 1488 magis
873 1424 1203 1488 augerentur
1249 1415 1432 1486 populi
1486 1422 1731 1485 peccata,
1781 1427 1882 1468 nec
1938 1413 2102 1465 minis
2152 1409 2220 1464 ad

657 1511 1028 1580 paenitentiam
1073 1509 1339 1570 deterriti,
1372 1522 1469 1562 nec
1516 1522 1613 1578 spe
1654 1506 1921 1561 bonorum
1983 1504 2050 1558 ad
2093 1503 2221 1574 pie-

657 1610 817 1656 tatem
882 1602 1130 1663 excitati,
1176 1598 1552 1655 misericordia
1602 1607 1882 1668 permotus
1925 1598 2040 1666 ipse
2101 1610 2222 1664 pro-

658 1695 841 1765 pheta,
876 1693 1019 1748 haud
1061 1707 1221 1747 secus
1250 1706 1314 1746 ac
1345 1691 1390 1746 si
1424 1690 1536 1760 jam
1575 1703 1700 1743 eum
1735 1695 1983 1742 cerneret
2011 1687 2220 1741 meritis

2324 573 2480 644 χικοῦ
2503 575 2798 644 κόσμου,δς
2821 577 3094 646 σωτηρίαν
3109 579 3299 640 αὐταίς
3322 575 3621 645 repositam,
3638 575 3894 646 ὴμὲλοιπ.

2325 663 2538 734 Ὠσπερ
2559 659 2654 717 οὖν
2682 663 2997 733 ὰφυπνίζων
3014 666 3183 729 αὑτὰς
3202 667 3294 721 καὶ
3317 664 3602 718 διανιστῶν
3628 664 3714 734 τῷ
3738 665 3892 735 λόγῳ,

2327 772 2348 806 ι
2397 755 2708 818 ⁹Δκούσατε,
2753 754 2980 824 εφασκε,
3014 759 3270 824 γυναῖκες
3307 755 3588 810 πλούσιαι·
3631 774 3653 807 ι
3689 756 3795 808 οὐκ
3823 760 3890 818 εις

2322 844 2550 898 πλοῦτον
2577 844 2746 908 αὐτὰς
2797 846 3193 910 ἀποσκώπτων,
3226 847 3284 911 ὃς
3308 849 3402 901 καὶ
3429 847 3592 911 αὐτὸς
3619 848 3782 918 scapi
3804 849 3888 900 τοῦ

2320 935 2456 989 Θεοῦ
2483 935 2707 1002 ιδέδοτο,
2729 935 2842 988 ἀλλ’
2875 937 2956 998 είς
2979 937 3176 1006 τρόπον
3207 938 3314 991 τῶν
3347 939 3531 1004 κακῶς
3567 937 3646 1009 τῷ

2321 1026 2638 1098 χρωμένην-

2389 1115 2500 1186 Τὴν
2529 1115 2975 1187 καταληψομένην
3006 1119 3133 1181 τοὺς
3160 1121 3357 1184 τότωυς
3387 1121 3625 1194 ἐρημίαν
3660 1119 3887 1175 ενταῦθα

2321 1208 2610 1278 σημαίνει·
2642 1206 2862 1278 Χερμὶλ
2893 1213 3002 1280 7&9
3025 1208 3150 1280 δρος
3169 1212 3286 1263 εστὶ
3325 1212 3425 1282 τῆς
3449 1213 3793 1284 Σαμαρείας.

2390 1319 2485 1381 Et;
2509 1318 2789 1390 ἀπέραντα
2838 1321 3277 1392 παρανομοῦντος
3313 1324 3407 1377 τοῦ
3445 1324 3601 1386 λαοῦ,
3636 1326 3736 1378 καὶ
3764 1326 3886 1394 μήτε

2317 1413 2384 1481 τῇ
2411 1409 2520 1463 τῶν
2581 1410 2921 1482 σκυθρωπῶν
2960 1411 3261 1483 ἐπαγγελία
3301 1415 3712 1484 καμπτομένων
3763 1415 3888 1484 πρὸς

2321 1501 2631 1572 μετάνοιαν,
2665 1504 2804 1573 μήτε
2833 1505 2900 1575 τῇ
2937 1501 3047 1555 τῶν
3080 1503 3329 1574 χρηστῶν
3359 1503 3534 1558 ἐλπίδι
3559 1504 3889 1573 διεγειρομέ-

2319 1605 2424 1642 νων
2457 1588 2592 1660 πρὸς
2624 1588 2948 1656 θεοσέϐειαν,
2978 1593 3058 1653 είς
3101 1590 3442 1660 συμπάθειαν
3487 1591 3835 1662 κατενεχθεὶς
3862 1594 3888 1644 ό

2319 1681 2623 1752 προφήτης,
2645 1681 2721 1744 ὡς
2737 1680 2975 1752 ’μηδενὸς
3006 1683 3194 1754 ἑτέρου
3216 1681 3534 1752 λειπομένου
3559 1685 3592 1754 ἢ
3625 1685 3888 1755 τιμωρίαις

659 1785 935 1856 suppliciis
961 1782 1285 1846 contritum,
1321 1780 1550 1835 salutem
1581 1778 1782 1832 civium
1816 1791 1846 1829 a
1881 1774 1989 1830 Deo
2026 1773 2214 1843 depre-

2322 1773 2418 1841 τῆς
2449 1771 2854 1842 ὲτεαχθήσεσθαι
2892 1775 3074 1836 αὐτοῖς
3107 1773 3404 1842 μελλούσης
3436 1775 3556 1829 κατ’
3593 1773 3777 1841 ἀξίαν,
3804 1777 3888 1827 εὐ-

657 1883 826 1929 catur.
861 1872 976 1939 Qua
1028 1871 1238 1926 ratione
1273 1869 1514 1924 declarat
1571 1869 1722 1940 ipsos
1767 1865 1842 1920 nil
1892 1867 2216 1920 intentatum

2322 1861 2418 1933 χὴν
2447 1863 2586 1933 ὑπὲρ
2607 1863 2785 1916 αὐτῶν
2813 1865 3128 1936 ἀναπέμπει
3157 1865 3292 1937 πρὸς
3313 1865 3405 1918 τὸν
3424 1865 3533 1917 τῶν
3561 1866 3702 1918 ὅλων
3730 1866 3886 1919 Osdr-

653 1962 1142 2030 intemeratumque
1195 1958 1517 2028 reliquisse.
1568 1972 1669 2011 nec
1715 1953 1862 2010 aliud
1925 1954 2030 2009 sibi
2087 1967 2218 2022 pro-

2322 1954 2476 2008 τοῦτο
2501 1953 2699 2026 δηλῶν,
2737 1955 2821 2008 δτι
2848 1954 2920 2008 τὰ
2949 1957 3047 2026 μὲν
3087 1960 3215 2026 παρ’
3245 1957 3410 2012 αὑτοῦ
3448 1956 3556 2010 τῶν
3587 1959 3666 2020 είς
3696 1958 3888 2010 κακίαν

653 2055 936 2115 meruisse,
972 2052 1075 2106 nisi
1109 2066 1318 2122 poenas.
1347 2049 1587 2121 Equum
1614 2057 1698 2102 est
1739 2055 1797 2102 ut
1833 2046 1993 2102 nobis
2023 2058 2218 2116 parcas

2322 2045 2809 2115 συμπεπλήρωται,
2853 2047 2949 2099 καὶ
2994 2046 3146 2100 οὐδὲν
3191 2049 3376 2119 ἕτερον
3421 2048 3887 2118 κεχρεωστήσεται

653 2154 703 2199 et
743 2144 1095 2200 miserearis-
1130 2143 1188 2196 in
1225 2149 1278 2196 te
1310 2145 1454 2196 enim
1485 2139 1830 2195 conﬁdimus.

2322 2137 2496 2198 αὐτοῖς
2543 2135 2576 2205 ἢ
2606 2135 2730 2205 δίκη
2750 2151 2764 2164 ·
2807 2137 2963 2208 χρεία
2989 2137 3046 2191 δὲ
3073 2138 3182 2191 τῶν
3204 2138 3312 2192 σῶν
3346 2137 3644 2209 οίκτιρμῶν
3675 2139 3773 2191 καὶ
3801 2136 3886 2191 τοῦ

2319 2225 2413 2279 σοῦ
2442 2224 2616 2288 ἐλέου,
2650 2226 2725 2289 ὼς
2751 2228 2844 2280 ἐπὶ
2867 2228 2950 2280 σοὶ
2977 2227 3309 2282 πεποιθότων

729 2317 889 2372 Vns.
936 2318 990 2373 3.
1037 2315 1163 2372 Haec
1191 2316 1322 2370 dicit
1356 2316 1641 2388 propheta,
1673 2329 1782 2370 non
1829 2323 1888 2369 ut
1927 2311 2217 2382 .ndignan-

2387 2317 2572 2372 Ταῦτα
2593 2319 2650 2372 δὲ
2671 2321 2700 2372 6
2725 2323 3007 2391 προφήτης
3027 2320 3237 2390 ἔλεγεν,
3263 2323 3360 2392 οὐχ
3384 2322 3459 2384 ὡς
3480 2319 3889 2389 ἀγανακτοῦντα

653 2417 759 2463 tem
793 2407 958 2461 Deum
985 2408 1181 2478 placet,
1215 2407 1309 2462 sed
1337 2416 1392 2460 ut
1418 2408 1676 2477 papulum
1709 2406 1923 2471 doceat,
1953 2403 2085 2474 quid
2115 2403 2219 2473 ipsi

2322 2410 2408 2464 τὸν
2420 2411 2552 2465 Θεὸν
2565 2411 2854 2477 διδάσκων,
2883 2412 2997 2466 ἀλλ’
3023 2411 3096 2477 ὡς
3110 2413 3309 2485 τῷλαῷ
3326 2415 3626 2484 προφάσεις
3640 2412 3888 2482 παρέξων

653 2499 720 2552 ad
753 2498 1194 2568 consequendam
1223 2498 1454 2552 salutem
1485 2497 1754 2569 agendum
1789 2498 1881 2552 sit.
1911 2495 2043 2563 Qua
2070 2495 2217 2549 enim

2322 2502 2432 2556 τῶν
2449 2501 2763 2573 ἀρκούντων
2789 2505 2972 2568 αὑτοίς
2991 2507 3070 2568 είς
3100 2508 3389 2576 σωτηρίαν.
3415 2506 3484 2556 ’Δ
3494 2504 3605 2574 7&9
3623 2503 3889 2573 ὲχρῆντὸν

654 2591 738 2645 sui
787 2591 1010 2644 conscio
1053 2590 1252 2659 papulo
1295 2588 1361 2642 ad
1409 2588 1576 2643 Deum
1617 2587 1890 2642 fundenda
1932 2593 2113 2650 erant,
2150 2597 2216 2640 ea

655 2687 777 2736 vota
827 2679 958 2734 facit
1009 2680 1272 2751 propheta
1321 2679 1466 2750 apud
1511 2694 1700 2735 eorum
1750 2677 2089 2744 Dominum;
2143 2675 2218 2729 ita

655 2775 856 2828 docens
905 2789 1000 2829 eos
1055 2773 1184 2842 quid
1230 2773 1334 2829 sibi
1383 2773 1468 2842 pia
1515 2782 1694 2827 mente
1743 2770 2008 2842 ﬂagitent,
2057 2777 2116 2823 ut
2164 2773 2220 2824 et

655 2867 756 2936 ipsi
803 2866 884 2920 vel
944 2865 1263 2935 pr0pbetam
1311 2863 1542 2926 imitati,
1585 2877 1807 2917 causam
1859 2875 2014 2917 suam
2073 2857 2218 2930 apud

656 2954 821 3008 Deum
861 2962 1044 3024 agant.

723 3063 887 3120 Vsas.
930 3065 982 3120 5.
1035 3064 1394 3134 Progressum
1437 3066 1660 3130 mentis,
1706 3072 1762 3121 et
1799 3063 1999 3119 bonam
2049 3055 2219 3115 animi

2319 2591 2443 2646 λαὸν
2471 2593 2609 2665 ὑπὲρ
2627 2595 2822 2649 ἑαυτοῦ
2838 2598 2920 2658 είς
2953 2595 3300 2664 συναίσθησιν
3325 2595 3618 2666 ἐρχόμενον
3643 2595 3782 2664 πρὸς
3804 2595 3888 2647 τον

2318 2683 2452 2738 Θεὸν
2496 2683 2694 2754 λέγειν,
2724 2685 2876 2739 ταῦθ’
2901 2689 2930 2741 ό
2969 2688 3253 2758 προφήτης
3295 2689 3374 2749 είς
3420 2687 3660 2756 ἐπήκοον
3712 2685 3889 2739 αὐτῶν

2319 2775 2610 2846 εὐχόμενος
2645 2775 2924 2830 ἐδίδασκεν
2954 2778 3152 2840 αὐτοὺς
3188 2777 3527 2848 ἐρανίζεσθαι
3559 2776 3657 2830 τὸν
3692 2776 3888 2844 sicut“;

2320 2865 2443 2920 νοῦν
2463 2883 2476 2896 ·
2502 2867 2589 2920 ἵνα
2615 2867 2713 2922 καὶ
2739 2868 2914 2934 αὐτοὶ,
2941 2867 3043 2922 κᾶν
3072 2868 3202 2936 γοῦν
3236 2868 3608 2938 μιμησάμενοι
3633 2867 3727 2920 τὸν
3765 2882 3890 2932 προ-

2320 2962 2516 3032 φήτην,
2545 2962 2686 3033 ὑπὲρ
2717 2962 2922 3016 ἑαυτῶν
2959 2961 3095 3034 πρὸς
3125 2963 3214 3014 τὸν
3246 2962 3376 3015 Θεὸν
3405 2961 3768 3030 φθέγξωνται.

2390 3073 2678 3146 Προκοπὴν
2710 3075 2948 3138 διανοίας
2970 3115 2985 3138 ,
3030 3075 3124 3128 καὶ
3167 3073 3400 3144 δίδαγμα
3448 3073 3629 3143 ψυχῆς
3687 3073 3892 3142 ἀγαθὸν

656 3157 954 3212 doctrinam
1011 3157 1212 3210 indicat
1283 3171 1524 3227 presens
1577 3155 1694 3211 haec
1758 3157 2021 3226 precatio.
2080 3151 2214 3206 Nam

2322 3167 2465 3238 δηλοῖ
2515 3168 2550 3238 ή
2608 3169 2941 3239 προκειμένη
3003 3167 3290 3239 προσευχὴ.
3345 3167 3455 3235 Οὐχ
3506 3167 3580 3229 ὡς
3632 3166 3744 3236 γὰρ
3802 3168 3889 3222 τοῦ

655 3250 795 3304 Deus
819 3263 926 3302 non
961 3262 1025 3303 eo
1061 3250 1204 3318 quod
1250 3247 1508 3318 procedat
1552 3249 1606 3301 in
1655 3247 1966 3309 sanctitate,
1992 3254 2216 3300 sanctus

656 3348 898 3402 vocatur,
953 3344 1045 3393 sed
1083 3340 1199 3408 ipse
1232 3339 1324 3408 qui
1371 3344 1626 3409 precatur
1655 3335 1869 3408 proficit
1912 3335 1968 3390 in
2013 3336 2218 3390 sancti-

653 3439 799 3496 tate,
854 3439 907 3486 et
947 3431 1287 3500 majestatem
1332 3430 1830 3498 sublimitatemque
1871 3426 1966 3482 Dei
2014 3425 2217 3481 intelli-

654 3525 836 3593 gentia
879 3525 1253 3591 consequitur.
1291 3520 1442 3576 Tunc
1470 3521 1617 3575 enim
1661 3520 1962 3589 praesertim
1991 3524 2216 3573 sanctus

653 3629 779 3668 vere
830 3622 883 3666 et
933 3613 1183 3668 sublimis
1230 3627 1352 3666 esse
1403 3611 1544 3665 Deus
1597 3619 1942 3682 agnoscetur,
2001 3607 2219 3678 quando

653 3705 944 3776 perfectior
975 3706 1188 3759 animus
1227 3703 1515 3774 perspiciet
1539 3701 1686 3772 justa
1715 3716 1837 3757 esse
1870 3708 2068 3755 cuncta
2107 3698 2220 3754 veri

655 3797 749 3850 Dei
779 3795 1005 3865 judicia.
1035 3795 1164 3860 Quae
1198 3795 1415 3865 quidem
1448 3811 1592 3850 nunc
1618 3794 1684 3848 ad
1713 3792 2038 3858 Jerusalem,
2074 3805 2221 3846 nunc

656 3887 721 3940 ad
764 3901 978 3939 omnem
1017 3894 1324 3937 creaturam
1356 3893 1621 3954 spectant.
1652 3882 1850 3938 Pmnas
1879 3883 2024 3938 enim
2058 3881 2222 3935 dabat

657 3977 807 4040 urbs,
837 3991 946 4029 non
987 3984 1045 4029 ut
1087 3974 1331 4030 funditus
1363 3986 1669 4039 erueretur,
1703 3975 1797 4030 sed
1838 3983 1897 4029 ut
1935 3973 2221 4029 erudiren-

659 4071 769 4127 tur,
811 4072 1368 4135 converterenturque
1401 4066 1588 4120 incola:
1617 4065 1756 4134 ejus.

728 4173 893 4231 Vsus.
926 4177 978 4230 9.
1011 4175 1184 4233 Locos
1215 4191 1311 4246 pro
1346 4178 1589 4232 locorum
1625 4176 1929 4233 cultoribus
1963 4185 2223 4248 usurpat;

658 4281 825 4322 sensu
857 4268 1100 4321 carentia
1145 4269 1199 4322 in
1232 4269 1468 4324 medium
1512 4267 1744 4340 profert,
1774 4277 1831 4325 ut
1883 4285 2049 4325 sensu
2089 4285 2226 4339 prae-

658 4358 806 4412 ditos
873 4358 1083 4426 pudore
1144 4357 1386 4424 alliciat;
1432 4374 1552 4430 quae
1606 4360 1753 4415 enim
1795 4359 1862 4415 de
1910 4359 2226 4416 hominibus

2317 3258 2452 3311 Θεοῦ
2482 3260 2561 3320 είς
2604 3258 2874 3328 ἁγιασμδν
2908 3259 3333 3329 προκόπτοντος,
3356 3257 3416 3309 τὸ
3455 3252 3627 3326 ἅγιος
3649 3257 3888 3326 ἐλέγετο,

2317 3347 2429 3399 ἀλλ’
2477 3345 2643 3400 αὑτοῦ
2679 3345 2774 3399 τοῦ
2805 3346 3238 3417 προσευχομένου
3281 3347 3360 3409 είς
3388 3347 3662 3415 ἁγιασμὸν
3689 3364 3891 3418 προκε-

2317 3439 2546 3502 κοπότος
2572 3479 2585 3501 ,
2645 3440 2738 3492 καὶ
2803 3439 2863 3492 τὸ
2911 3439 3194 3508 μεγαλεῖον
3228 3438 3323 3492 τοῦ
3359 3439 3493 3492 Θεοῦ
3541 3441 3638 3493 καὶ
3683 3441 3887 3512 ὑψηλὸν

2319 3528 2734 3598 κατειληφότος·
2766 3529 2887 3582 τότε
2934 3529 3042 3600 γὰρ
3083 3530 3315 3600 μάλιστα
3349 3529 3566 3600 ἀληθῶς
3601 3533 3761 3600 ἅγιος
3800 3537 3892 3587 καί

2320 3620 2520 3690 ὑψηλὸς
2545 3619 2762 3692 νοηθείη
2814 3615 2950 3673 εἶναι
2991 3620 3141 3683 Θεὸς,
3169 3622 3244 3674 ὅτ’
3282 3620 3349 3675 ἂν
3392 3621 3716 3690 προκόιῖιασα
3747 3623 3890 3694 ψυχὴ

2320 3709 2480 3762 ὲνίδοι
2517 3709 2610 3762 τὸν
2655 3709 2824 3774 ὅντως
2874 3711 3004 3764 δντα
3049 3710 3181 3764 Θεὸν
3233 3710 3456 3774 δικαίως
3504 3713 3764 3782 μετιόντα
3797 3717 3892 3776 τὰς

2321 3801 2556 3872 κρίσεις·
2616 3801 2774 3854 τοῦτο
2820 3802 2918 3871 μὲν
2967 3801 3053 3853 ἐπ’
3103 3801 3273 3871 αὐτῆς
3317 3802 3416 3872 τῆς
3493 3803 3890 3875 Ἰερουσαλὴμ,

2319 3891 2477 3944 τοῦτο
2503 3893 2558 3945 δὲ
2607 3893 2698 3946 ἐπὶ
2731 3892 2837 3945 τῶν
2879 3893 3135 3946 καθόλου·
3169 3893 3482 3947 ἐπαιδεύετο
3510 3895 3619 3964 7&9
3667 3900 3700 3965 ἠ
3739 3897 3890 3959 πόλις

2321 3984 2420 4035 οὐκ
2463 3987 2542 4046 είς
2590 3983 2826 4054 παντελῆ
2871 3984 3241 4054 ιξολόθρευσιν
3269 4024 3286 4048 ,
3337 3984 3450 4037 ἀλλ’
3482 3989 3564 4049 είς
3595 3987 3890 4058 θεραπείαν

2323 4073 2418 4126 καὶ
2447 4072 2780 4144 ἐπιστροφὴν
2823 4072 2931 4126 τῶν
2961 4074 3311 4127 ἐνοικούντων
3342 4076 3532 4147 αὑτήν.

2392 4181 2530 4244 Τοὺς
2562 4181 2759 4244 τόπους
2794 4182 2914 4235 ἀντὶ
2963 4181 3070 4234 τῶν
3102 4184 3398 4254 οἰκητόρων
3438 4187 3888 4257 παραλαμϐάνει,

2325 4275 2419 4326 καὶ
2469 4274 2535 4326 τὰ
2568 4272 2867 4343 ἀναίσθητα
2915 4274 3175 4344 αἰσχύνην
3200 4273 3308 4327 τῶν
3335 4275 3641 4347 αἰσθητῶν·
3679 4280 3746 4332 τὰ
3786 4281 3888 4349 γὰρ

2324 4363 2628 4434 ἁρμόζοντα
2668 4366 2758 4417 ἐπ’
2795 4363 3096 4436 ἀνθρώπων
3145 4367 3246 4437 τὴν
3287 4367 3492 4423 έαυτῶν
3523 4369 3742 4442 πληγὴν
3768 4389 3887 4426 πεν-

658 4449 911 4503 valebant
963 4458 1164 4504 sortem
1233 4465 1388 4504 suam
1438 4450 1788 4515 deﬂentibus,
1835 4466 1899 4508 ea
1953 4451 2021 4506 ad
2072 4453 2220 4507 locos

2326 4453 2559 4506 θούντων
2578 4494 2594 4519 ,
2626 4455 2798 4510 ταῦτα
2834 4457 3140 4526 μετήγαγεν
3168 4458 3196 4507 ὁ
3227 4459 3380 4526 λόγος
3422 4462 3511 4513 ἐπ’
3539 4461 3742 4527 αὐτοὺς
3771 4467 3886 4527 τοὺς

657 4539 809 4608 ipsos
859 4541 1024 4594 refert
1075 4542 1515 4611 ingemiscentes,
1557 4543 1968 4615 propemodum,
2008 4551 2062 4600 et
2097 4558 2223 4614 par-

659 4629 947 4694 turientes,
979 4638 1036 4684 ut
1064 4635 1137 4685 ait
1178 4632 1513 4703 Apostolus'
1542 4651 1557 4701 ;
1607 4647 1840 4704 quorum
1863 4634 2026 4690 simul
2059 4633 2222 4689 deso-

661 4718 917 4775 lationem
965 4733 1228 4777 memorat
1275 4723 1529 4780 omnibus
1578 4725 1927 4798 perspicuam
1993 4726 2220 4779 manife-

661 4819 907 4880 stamque
939 4812 1194 4866 futuram.

731 4921 897 4979 Vens.
945 4925 1028 4979 f5.
1078 4923 1342 4992 Populum
1385 4929 1723 4998 opprimente
1770 4928 1878 4984 Deo
1925 4945 2024 5000 per
2057 4931 2224 5000 Assy-

661 5016 798 5079 rios,
835 5032 943 5071 non
981 5016 1177 5071 vicinia
1225 5026 1435 5073 tantum
1473 5023 1788 5091 stupebunt,
1821 5023 1915 5077 sed
1952 5031 2005 5078 et
2031 5025 2124 5093 qui
2157 5025 2224 5078 de

663 5106 818 5175 longe
871 5106 1131 5173 audient;
1204 5110 1610 5166 confundentur
1671 5113 1822 5182 impii
1893 5115 1949 5168 in
2005 5112 2225 5170 Jerusa-

661 5195 785 5250 lem.

732 5375 860 5432 Car.
892 5375 1132 5442 XXXIV,
1161 5377 1326 5434 Vens.
1363 5381 1450 5448 12,
1481 5382 1564 5438 l3.
1592 5381 1904 5456 Rbapsaces
1929 5386 2132 5442 dicitur
2157 5404 2220 5442 ex

664 5466 976 5537 captivitate
1018 5469 1186 5525 fuisse
1242 5472 1428 5528 decem
1482 5473 1748 5540 tribuum,
1795 5485 1851 5532 et
1894 5476 1998 5533 hoc
2046 5495 2110 5534 ex
2161 5497 2227 5536 eo

663 5559 1064 5627 comprobatur,
1105 5564 1248 5630 quod
1286 5564 1520 5632 potuerit
1547 5563 1769 5624 Judaice
1795 5569 1962 5640 loqui.

735 5715 931 5773 'Rom.
969 5735 1084 5781 rm,
1126 5720 1215 5772 2‘2.

2325 4547 2520 4610 τόπους
2543 4548 2822 4618 μονονουχὶ
2845 4549 3195 4612 οτενάξοντας
3217 4552 3309 4603 καὶ
3339 4552 3733 4619 συνωδίνοντας
3757 4556 3886 4609 κατὰ

2324 4639 2414 4691 τὸν
2454 4638 2777 4691 ’Δποστόλου
2805 4639 2961 4706 λόγον
2977 4655 2992 4668 ·
3015 4632 3090 4692 ὧν
3112 4639 3208 4710 τὴν
3228 4642 3324 4712 ὲρή
3332 4659 3504 4712 μωσιν
3534 4647 3777 4714 φανερὰν
3800 4647 3885 4701 καὶ

2326 4727 2547 4798 [κδηλον
2579 4731 2692 4791 τοῖς
2724 4730 2857 4782 πᾶσι
2895 4727 3108 4799 μηνύει.

2408 4930 2530 4982 Ἐπὶ
2579 4932 2644 5000 τῇ
2697 4929 2964 5000 μελλούσῃ
3000 4930 3148 5000 παρὰ
3201 4929 3296 4984 τοῦ
3350 4932 3485 4985 Θεοῦ
3516 4935 3702 5008 πληγῇ
3748 4938 3884 5009 apt

2328 5021 2436 5074 τῶν
2491 5022 2790 5092 Ἀσσυρίων
2845 5021 3244 5093 ὲπαχθήσεσθαι
3281 5034 3294 5045 '
3321 5025 3381 5078 ού
3443 5025 3604 5095 μόνον
3655 5032 3704 5081 οἱ
3763 5031 3885 5100 πλη.

2332 5113 2444 5167 σίον
2496 5113 2664 5184 χῶροι
2712 5113 3177 5187 ἐκπλαγήσονται,
3227 5118 3363 5172 ἀλλὰ
3390 5120 3483 5172 καὶ
3515 5122 3565 5172 οἱ
3615 5122 3884 5194 πόρρωθεν

2331 5202 2698 5265 ἀκούσαντες·
2754 5203 2806 5255 οί
2832 5203 2932 5274 τῆς
2971 5206 3323 5277 Ἰερουσαλὴμ
3354 5208 3570 5272 ἁσεδεῐς
3603 5212 3880 5283 αἰσχυνθῇ.

2334 5311 2531 5348 σονται.

2415 5386 2472 5438 '0
2516 5385 2793 5455 Ῥαψάκης
2839 5385 3053 5455 λέγεται
3111 5391 3175 5442 ὲκ
3204 5390 3300 5460 τῆς
3343 5391 3718 5462 αἰχμαλωσίας
3758 5389 3880 5449 εἶναι

2332 5475 2442 5529 τῶν
2468 5475 2598 5528 δέκα
2647 5475 2849 5546 φυλῶν,
2902 5481 2998 5531 καὶ
3039 5477 3198 5533 τοῦτο
3240 5483 3533 5554 τεκμήριον
3565 5479 3704 5540 εἶναι
3731 5489 3789 5542 τὸ
3815 5491 3881 5542 εί·

2333 5572 2480 5625 δὲναι
2517 5567 2679 5623 αὑτὸν
2723 5569 3021 5624 ’1ουδαῖστί.
