4044 6324
138 377 287 434 I329

1604 390 1671 448 IN
1708 391 1960 449 ISAIAII.

3239 391 3371 444 I330

210 492 573 563 Σημειωτεον.
606 498 680 561 ὡς
709 500 767 552 ἐν
801 502 865 570 τῇ
920 502 1253 575 προκειμένῃ
1299 505 1507 576 ίστορίᾳ
1560 506 1621 559 ἐν
1646 510 1696 576 τῇ

1883 505 2012 560 CAP.
2048 502 2334 569 XXXVIII,
2369 502 2535 559 Vens.
2571 505 2623 568 I,
2660 504 2714 559 2.
2768 503 3068 558 Notandum
3103 512 3185 559 est
3228 514 3279 557 ut
3318 507 3374 559 in

138 582 311 654 βίϐλῳ
353 585 463 638 τῶν
527 589 1013 659 Παραλειπομένων
1062 593 1351 665 δεδήλωται
1384 634 1398 649 .
1431 637 1443 650 .
1473 635 1485 649 .
1515 598 1707 668 ἀρθέν-

133 690 230 738 τος
261 675 354 729 καὶ
383 677 777 750 ὑψηλαυχενίαν
824 685 1145 753 νοσήσαντος
1173 701 1186 714 '
1237 687 1542 759 γέγραπται
1565 692 1702 763 γάρ’

139 781 185 851 ιν
217 764 583 838 Ἐταπεινώθη
624 769 869 835 Ἐζεκίας
930 774 1039 827 ἀπὸ
1094 776 1189 828 τοῦ
1219 776 1383 845 ὕψους
1423 780 1522 851 τῆς
1572 797 1708 850 καρ-

131 848 262 915 δίας
283 853 517 908 αὐτοῦ...
542 875 560 908 ι
583 857 706 911 νοῦν
720 858 991 925 λαϐόντος
1023 864 1105 917 ὅτι
1130 864 1193 935 δὴ
1216 867 1417 932 ἐκεῖνός
1446 848 1582 922 ἐστι·
1614 848 1707 924 καὶ

132 944 218 1005 είς
262 945 451 998 ἐαυτὸν
501 945 571 999 τά
603 988 653 1002 ..
680 988 693 1001 .
751 951 1009 1018 ἀγγελίας
1047 958 1431 1027 περιστήσεται
1477 959 1576 1023 τὰς
1626 961 1706 1022 εις

129 1035 228 1088 τὸν
259 1036 480 1107 ἢνιῆρα
506 1038 664 1109 ἡμῶν
709 1042 906 1111 προλεχ
948 1042 1179 1117 [θείσας]
1202 1063 1216 1077 ο
1264 1048 1357 1100 τοῦ
1388 1047 1499 1118 γὰρ
1532 1050 1706 1118 Ἀχαζ

131 1122 344 1193 πατρὸς
367 1123 530 1177 αὐτοῦ
555 1125 929 1198 διαδεξαμένου
950 1131 1045 1203 τὴν
1068 1136 1419 1205 προφητείαν,
1433 1138 1513 1201 τὸ,
1533 1158 1552 1189 ι
1576 1139 1704 1193 Ἰδοὺ

130 1216 165 1284 ἡ
194 1213 466 1283 παρθένος
496 1218 553 1268 ἐν
581 1221 776 1289 γαστρὶ
800 1220 1058 1290 λήψεται,
1113 1226 1206 1278 καὶ⁵
1250 1226 1463 1290 τέξεται
1492 1228 1606 1281 υἱόν
1625 1246 1638 1260 ·
1680 1248 1699 1282 ι

128 1302 415 1373 τεχθέντος
454 1304 509 1357 δὲ
542 1307 728 1361 τούτου
768 1312 904 1380 μετά
957 1314 1057 1384 τήν
1116 1317 1448 1385 προφητείαν
1473 1356 1486 1380 ,
1545 1318 1704 1389 ἔμενε

128 1391 281 1445 τοῦτ’
310 1392 446 1463 ῑχων
472 1397 609 1449 κατὰ
633 1398 867 1454 διάνοιαν
905 1405 989 1471 ἐφ’
1019 1404 1209 1457 ἑαυτοῦ
1238 1445 1252 1467 ,
1313 1408 1449 1477 μήτε
1507 1410 1705 1481 γάμοις

130 1481 341 1551 ὁμιλῶν
389 1485 483 1537 καὶ
532 1488 827 1558 παρθενίαν
877 1492 1060 1545 ἀσκῶν
1087 1512 1098 1523 ·
1158 1495 1233 1558 ώς
1270 1496 1333 1567 δὴ
1373 1499 1466 1550 καὶ
1513 1499 1572 1553 τὺ
1602 1517 1700 1571 ση-

134 1574 292 1639 μεῖον
318 1572 417 1643 τῆς
455 1575 713 1640 πτώσεως
740 1579 847 1633 τῶν
878 1587 991 1649 ρπε¹
1026 1582 1277 1651 χιλιάδων
1304 1587 1564 1654 ἐγεγόνει,
1605 1590 1703 1661 τὴν

130 1661 332 1716 ἑαυτοῦ
362 1665 687 1735 κηδεμονίαν
727 1671 1170 1743 ἐπιδεικνυμένου
1199 1676 1294 1729 τοῦ
1337 1678 1471 1731 Θεοῦ
1494 1678 1701 1750 ,Ἐμενέ

128 1764 191 1800 τε
229 1750 591 1823 ἀπολέμητος,
635 1758 1003 1827 τροπουμένου
1055 1762 1148 1815 τοῦ
1203 1764 1336 1818 Θεοῦ
1368 1768 1496 1831 τοὺς
1543 1772 1701 1823 ἐναν-

1808 594 1907 650 hac
1950 598 2176 651 historia
2227 610 2348 665 qua;
2396 593 2537 649 libro
2581 593 3028 664 Paralipomenon
3077 596 3121 625 ¹⁶
3175 611 3375 649 narra-

1808 694 1898 741 tur
1939 689 2084 759 (5)...
2124 686 2475 758 superbiente
2517 692 2571 740 et
2614 684 2939 741 insolentius
2986 701 3045 740 se
3091 682 3367 741 eﬂ‘érente.

1810 776 2083 848 Scriptum
2130 786 2216 832 est
2257 778 2444 832 enim:
2478 793 2497 826 ι
2535 773 2865 829 Humiliatus
2910 782 2995 830 est
3045 773 3269 830 Ezecias
3304 776 3374 829 ab

1807 870 2092 924 altitudine
2134 864 2315 924 cordis
2359 868 2446 922 sui
2501 868 2610 922 “...
2659 886 2678 919 ι
2727 867 3002 938 cogitante
3056 885 3070 919 :
3113 882 3173 921 se
3214 867 3370 921 Chri-

1807 971 1950 1016 stum
1984 975 2125 1024 esse,
2167 959 2236 1015 ad
2274 961 2454 1029 ipsum
2490 965 2737 1028 spectare
2778 957 3037 1012 vaticinia
3068 956 3137 1011 de
3180 957 3371 1011 Salva-

1806 1059 1929 1106 tore
1958 1052 2186 1119 prolata.
2224 1049 2362 1105 Cum
2401 1050 2547 1105 enim
2580 1058 2733 1118 pater
2759 1049 2879 1118 ejus
2921 1046 3105 1103 Acha:
3138 1048 3369 1118 prophe-

1803 1139 1935 1193 tiam
1958 1141 2107 1194 illam
2138 1139 2403 1194 audiisset
2436 1158 2449 1194 :
2488 1155 2509 1191 ι
2554 1136 2696 1193 Ecce
2722 1138 2875 1208 virgo
2916 1139 2972 1193 in
3002 1146 3158 1193 utero
3186 1138 3370 1192 conci-

1805 1231 1918 1301 piet
1959 1239 2013 1286 et
2044 1230 2218 1299 pariet
2248 1229 2415 1284 filium
2435 1228 2499 1296 ",
2539 1232 2563 1282 ι
2607 1236 2769 1284 natus
2806 1228 3028 1283 Ezecias
3078 1236 3201 1297 post
3246 1242 3366 1283 cam

1803 1323 2145 1393 prophetiam
2191 1322 2456 1391 innuptus
2499 1320 2762 1376 remansit
2792 1328 2846 1375 et
2874 1320 3171 1391 virginitati
3217 1319 3371 1375 dedi-

1804 1426 1915 1482 tus,
1948 1416 2093 1487 quod
2126 1417 2283 1470 istam
2314 1415 2383 1471 de
2431 1416 2726 1485 semetipso
2751 1414 3107 1485 profitebatur
3150 1423 3370 1473 senten-

1803 1510 1955 1563 tiam.
1995 1505 2098 1562 Ubi
2149 1518 2330 1562 autem
2371 1507 2589 1577 signum
2629 1507 2861 1576 accepit,
2903 1506 3110 1559 cladem
3147 1514 3367 1559 centum

1803 1599 2079 1667 octoginta
2125 1598 2368 1669 quinque
2417 1598 2647 1652 millium
2675 1598 2741 1663 ¹³,
2796 1596 2905 1651 Deo
2951 1598 3125 1666 ipsius
3178 1605 3365 1650 curam

1802 1694 2041 1757 gerente,
2068 1696 2123 1740 et
2152 1687 2343 1742 bellica
2376 1688 2619 1758 pericula
2653 1688 2909 1743 facillime
2938 1688 3147 1757 eﬂugit,
3181 1688 3365 1741 hostes

1806 1778 2027 1849 fugante
2082 1777 2214 1842 Deo,
2256 1778 2630 1833 confirmatior
2670 1779 2832 1834 etiam
2888 1781 2943 1833 in
2991 1793 3053 1833 ea
3099 1778 3364 1832 sententia

128 1840 304 1939 ⁸τίους,
346 1845 544 1914 μᾶλλον
570 1848 639 1901 τά
665 1847 767 1917 τῆς
799 1850 1052 1916 ὑπονοίας
1089 1856 1285 1928 ἐκύρου
1329 1860 1459 1931 παρ’
1486 1861 1663 1932 ἑαυτῷ
1682 1904 1696 1926 ,

1802 1867 1981 1923 factus
2034 1877 2139 1932 est,
2196 1884 2256 1924 se
2308 1878 2683 1939 exspectatum
2754 1870 2905 1923 illum
2968 1886 3090 1925 esse
3170 1869 3357 1925 Deum.

127 1932 210 2019 ώς
242 1932 307 1986 ἀν
341 1936 548 2001 ἐκεῖνος
575 1936 652 1991 ὣν
683 1941 711 1992 ό
743 1942 1187 2015 προσδοκώμενος
1211 1948 1343 2012 Θεός
1365 1966 1377 1979 ·
1425 1951 1603 2005 τοίνυν
1641 1954 1701 2019 ἐξ

127 2014 205 2075 ὧν
232 2023 339 2077 ἔδει
372 2027 623 2096 μάλιστα,
672 2014 1216 2104 ἐπανήγαγεναιπὸν
1264 2042 1345 2103 είς
1370 2042 1550 2112 νῆψιν,
1607 2014 1699 2100 καί

130 2116 246 2177 τοῖς
271 2115 370 2185 τῆς
392 2118 607 2186 φύσεως
636 2124 1035 2195 συμπτώμασιν
1074 2130 1340 2201 ἐκέχρητο
1372 2136 1489 2188 κατ’
1534 2137 1697 2191 αὑτοῦ

131 2207 215 2268 εἰς
250 2212 655 2281 σωφρονισμόν
689 2215 1090 2287 μαλακισθῆναι
1117 2220 1223 2292 γάρ
1253 2224 1413 2277 αὑτὸν
1468 2227 1699 2297 συνεχώ-

132 2314 242 2365 ρει,
272 2302 364 2354 καὶ
409 2302 501 2356 τὸν
541 2304 673 2357 πόδα
702 2306 990 2376 ὑπομένειν
1031 2310 1199 2381 σῆψιν
1244 2314 1337 2367 καὶ
1372 2314 1550 2388 λώϐην
1600 2320 1697 2370 αὑ-

126 2391 222 2444 τὸν
259 2393 595 2465 ἐκδέχεσθαι.
637 2398 693 2450 ’0
725 2400 900 2453 τοίνυν
952 2405 1240 2474 μακάριος,
1276 2410 1355 2469 είς
1401 2410 1556 2463 νόσον
1598 2412 1696 2482 τὴν

128 2484 519 2555 προλεχθείσαν
548 2492 929 2561 καταστρέψας
948 2533 962 2557 ,
999 2494 1213 2565 ἐδέχετο
1233 2497 1321 2549 διὰ
1345 2498 1436 2552 τοῦ
1482 2505 1695 2573 προφή-

128 2588 224 2624 του
272 2574 493 2626 Ἡσαΐου
524 2577 825 2648 πρόρῤησιν
878 2582 1003 2651 περ)⁵
1030 2582 1125 2634 τοῦ
1158 2584 1564 2653 καταλήψεσθαι
1594 2590 1695 2641 αὑ-

129 2664 221 2718 τὸν
266 2664 553 2734 μέλλοντος
577 2666 809 2722 Θανάτου
834 2686 851 2702 ο
879 2673 971 2724 καὶ
1000 2676 1081 2737 είς
1118 2676 1463 2746 συναίσθησιν
1502 2679 1693 2744 ἐλθὼν,

128 2754 226 2805 καὶ
264 2752 353 2806 διά
385 2754 491 2807 τῶν
528 2755 715 2809 παθῶν
747 2759 827 2821 είς
870 2761 1195 2829 κατανόησιν
1236 2762 1336 2831 τῆς
1364 2764 1556 2816 ἐαυτοῦ
1594 2765 1694 2833 φύ-

130 2860 269 2908 σεως
323 2846 585 2916 ἐναχθεὶς,
622 2866 640 2899 ι
681 2849 936 2913 Διάταξαι
988 2853 1115 2921 περὶ
1167 2852 1259 2904 τοῦ
1293 2852 1444 2906 οίκου
1506 2872 1597 2907 σου
1623 2896 1638 2919 ,
1671 2875 1689 2906 ι

127 2936 380 3003 ἧκουσεν,
416 2938 491 3000 ώς
534 2939 607 3008 μὴ
630 2938 843 3007 ἔχοντος
882 2940 973 2993 τὸν
1008 2940 1378 3011 διαδεξόμενον
1412 2944 1510 3015 τὴν
1542 2944 1696 3014 βασι-

128 3025 313 3091 λείαν,
352 3028 442 3080 ἐπὶ
475 3028 533 3080 τὸ
580 3030 868 3100 φάρμακον
926 3033 1026 3103 τῆς
1087 3036 1373 3102 μετανοίας
1415 3038 1691 3107 ἐτρέπετο.

126 3118 481 3188 Περιστείλας
524 3121 632 3190 γάρ
664 3122 763 3184 τὰς
790 3122 983 3175 ἐαυτοῦ
1037 3125 1319 3196 αἰσθήσεις
1358 3127 1465 3181 τῶν
1510 3145 1695 3199 περιτ-

127 3207 237 3259 τῶν
271 3211 600 3278 φαντασιῶν,
653 3214 748 3265 καὶ
774 3214 963 3285 ὥσπερ
997 3218 1331 3287 είσοικισμὸν
1372 3219 1566 3271 ἑαυτοῦ
1605 3237 1695 3273 κα-

127 3302 436 3366 τακλείσας,
472 3305 706 3375 στρέψας
729 3324 785 3359 τε
822 3308 883 3359 τὸ
929 3310 1215 3379 πρόσωπον
1248 3312 1340 3363 ἐπὶ
1375 3312 1464 3365 τὸν
1496 3316 1691 3383 τοῖχον,

128 3393 316 3463 καιρὸν
347 3394 515 3447 ἐδίδου
548 3398 611 3465 τῇ
648 3396 839 3449 ἐαυτοῦ
869 3398 1011 3469 ψυχῇ
1056 3402 1442 3473 ἐπανατρέχειν
1477 3405 1568 3457 ἐπὶ
1602 3404 1695 3456 τὸν

128 3482 325 3553 ἑαυτῆς
368 3486 675 3556 Δεσπότην,
729 3488 824 3540 καὶ
878 3488 965 3541 διὰ
1005 3492 1313 3561 προσευχῆς
1356 3493 1695 3562 καρποῦσθαι

126 3573 226 3643 τὴν
278 3573 371 3628 τοῦ
413 3575 665 3647 σώματος
694 3579 836 3631 ἴασιν
870 3595 883 3610 ο
933 3579 1088 3636 τοῦτο
1131 3582 1250 3635 ἀντὶ
1296 3583 1694 3655 δυσωπήματος

126 3665 440 3734 προσάγων,
474 3667 555 3721 ὄτι
599 3667 687 3721 Ἑν
716 3669 945 3742 ἀφελείᾳ
969 3671 1144 3743 ψυχῆς
1176 3674 1270 3725 καὶ
1309 3672 1534 3746 ἀληθινῇ
1562 3692 1695 3747 καρ-

126 3750 217 3823 δίᾳ
262 3756 606 3827 πεπόρευμαι
647 3756 876 3811 ἐνώπιόν
932 3776 1047 3813 σου.
1080 3761 1309 3829 Λέγεται
1358 3765 1450 3818 καὶ
1496 3767 1554 3819 ἐν
1582 3769 1693 3829 τοῖς

127 3843 311 3909 τόποις
333 3849 426 3900 καὶ
461 3848 649 3923 ἔτερόν
671 3868 743 3910 τι,
771 3852 851 3904 ὅτι
877 3892 893 3917 ,
932 3852 1025 3906 τοῦ
1060 3854 1399 3925 Σολομῶντος
1434 3856 1694 3926 βασιλέως

128 3933 187 3986 tv
241 3936 408 4009 στήλῃ
452 3939 820 4010 ἐγγράψαντος
871 3942 939 3997 τά
988 3945 1192 4012 φυσικά
1249 3945 1359 3998 τῶν
1395 3945 1693 4018 θεραπειῶν

128 4022 220 4078 τοῦ
248 4026 517 4097 σώματος,
570 4032 665 4085 καὶ
717 4033 919 4106 ταύτην
956 4036 1374 4108 ἀναστήσαντος,
1433 4041 1462 4091 ό
1517 4042 1693 4110 μακά-

132 4127 243 4180 ριος
281 4112 545 4182 Ἑζεκίας,
595 4119 871 4184 καθελὼν,
918 4123 1004 4175 ἵνα
1065 4124 1139 4195 μὴ
1185 4125 1214 4178 ὁ
1259 4126 1385 4191 λαὸς
1437 4129 1691 4198 ἀσχολίαν

128 4199 226 4274 Im
273 4202 367 4257 τοῦ
403 4206 735 4274 ἀφίστασθαι
783 4209 876 4263 τοῦ
912 4210 1045 4263 Θεοῦ
1070 4252 1085 4274 ,
1122 4214 1181 4265 ἐν
1225 4214 1303 4284 τῷ
1338 4216 1530 4269 ἐαυτοῦ
1560 4218 1692 4288 οίκῳ

126 4294 206 4355 είς
264 4295 355 4348 τὸν
393 4300 568 4368 τοίχον
608 4301 884 4373 ἐντίθησιν
942 4304 1156 4372 λέγεται
1189 4302 1302 4373 οὖν,
1349 4310 1408 4361 ἐν
1450 4309 1527 4379 τῷ
1557 4312 1690 4364 ἀπο-

129 4385 354 4455 στρέψαι
383 4389 545 4442 αὐτὸν
591 4392 726 4463 πρὸς
766 4394 857 4447 τὸν
882 4398 1079 4464 τοῖχον,
1129 4398 1247 4449 ἀντὶ
1294 4397 1689 4471 δυσωπήματος

1800 1957 2100 2028 Aptissima
2150 1958 2315 2028 igitur
2352 1958 2566 2012 ratione
2620 1973 2886 2013 revocans
2932 1974 3054 2012 eum
3099 1957 3241 2014 Deus
3293 1956 3361 2010 ad

1798 2047 2035 2110 saniora,
2070 2048 2290 2102 morbo
2329 2064 2463 2103 usus
2526 2055 2629 2109 est,
2704 2064 2813 2117 quo
2866 2064 2990 2102 eum
3040 2048 3360 2117 sapientiam

1798 2136 2017 2190 doceret
2061 2145 2366 2207 :aagrotare
2416 2153 2537 2191 eum
2576 2154 2771 2207 passus
2806 2147 2909 2201 est,
2940 2146 2992 2192 et
3044 2139 3205 2207 pedes
3264 2155 3363 2207 pu-

1797 2228 2006 2285 tredine
2031 2230 2234 2294 vitiari,
2271 2238 2325 2283 et
2350 2231 2578 2285 summis
2607 2230 2753 2283 affici
2782 2232 3136 2284 cruciatibus.
3166 2229 3359 2284 Beatus

1794 2316 1960 2386 igitur
2004 2316 2223 2373 Ezecias
2265 2334 2388 2373 cum
2429 2319 2687 2387 praedicto
2734 2320 2924 2373 morbo
2970 2320 3273 2380 laboraret,
3328 2333 3355 2369 a

1797 2408 2058 2478 propheta
2091 2408 2227 2465 Isaia
2270 2409 2526 2465 monitus'
2553 2419 2636 2463 est
2667 2408 2733 2463 de
2777 2410 3073 2463 imminenti
3111 2410 3219 2477 jam
3253 2410 3355 2463 sibi

1794 2507 2007 2565 morte;
2050 2507 2180 2554 tunc
2204 2501 2289 2554 sui
2321 2501 2575 2555 conscius
2606 2501 2807 2563 factus,
2843 2507 2897 2555 et
2926 2516 3024 2569 per
3055 2501 3269 2554 dolores
3291 2500 3357 2553 de

1794 2600 1987 2645 natura
2019 2605 2116 2646 sua
2160 2591 2407 2657 edoctus,
2457 2590 2642 2645 domui
2685 2606 2797 2647 suae
2839 2593 3125 2646 consulere
3160 2594 3357 2659 jussus

1793 2685 1898 2737 est.
1930 2686 1983 2732 et
2014 2679 2297 2734 deﬁciente
2333 2680 2426 2749 qui
2454 2695 2681 2749 regnum
2726 2682 3048 2749 susciperet.
3077 2680 3141 2733 ad
3184 2695 3359 2735 reme-

1793 2766 1943 2821 dium
1977 2770 2306 2837 paenitentia:
2332 2770 2598 2839 confugit.
2620 2769 2753 2821 Nam
2778 2771 3074 2837 repudiatis
3107 2771 3358 2826 sensibus

1793 2858 1860 2911 de
1887 2859 2261 2926 praestantiore
2280 2868 2475 2914 natura
2502 2870 2553 2915 et
2577 2860 2720 2914 velut
2739 2861 2885 2913 aditu
2909 2861 2974 2914 ad
2996 2876 3053 2915 se
3073 2862 3353 2925 obstricto,

1793 2966 2055 3007 conversa
2098 2952 2236 3007 facie
2285 2952 2353 3007 ad
2404 2954 2696 3023 parietem,
2734 2953 2908 3008 locum
2974 2953 3120 3007 dedit
3176 2956 3358 3007 animo

1799 3041 2083 3098 Dominum
2153 3059 2310 3099 suum
2354 3044 2630 3116 rogandi,
2681 3052 2735 3100 et
2783 3046 3061 3100 obtinendi
3113 3047 3356 3114 corporis

1796 3134 2103 3195 sanitatem.

1871 3222 2036 3278 γωδ.
2064 3226 2118 3279 5.
2144 3223 2229 3278 Nil
2268 3225 2413 3279 aliud
2447 3225 2512 3279 ad
2553 3224 2875 3295 placandum
2912 3225 3075 3279 Deum
3107 3226 3356 3296 protulit,

1798 3314 1903 3368 nisi
1936 3330 1949 3365 :
1978 3312 2037 3367 In
2066 3314 2412 3384 simplicitate
2440 3316 2607 3369 animi
2638 3326 2692 3369 et
2723 3316 2776 3368 in
2810 3315 2973 3369 corde
3008 3330 3137 3369 vero
3160 3316 3358 3369 ambu-

1796 3403 1901 3457 lavi
1935 3418 2120 3458 coram
2153 3411 2229 3459 te.
2268 3401 2489 3474 Legitur
2515 3406 2678 3459 etiam
2717 3413 2772 3459 et
2800 3402 2966 3466 aliud,
3009 3403 3357 3472 inscripsisse

1794 3495 2003 3551 scilicet
2067 3493 2413 3551 Salomonem
2466 3511 2647 3566 regem
2693 3496 2748 3550 in
2804 3496 3061 3549 columna
3115 3495 3356 3550 remedia

1794 3588 1992 3657 quibus
2035 3586 2240 3642 sanitas
2278 3590 2522 3657 corporis
2569 3588 2971 3649 restitueretur,
3010 3596 3061 3641 et
3092 3602 3212 3641 eam
3255 3602 3352 3639 ex-

1795 3680 2098 3745 struxisse;
2139 3677 2385 3733 eamdem
2445 3692 2574 3732 vero
2634 3683 2822 3746 postea
2866 3691 2897 3730 a
2949 3676 3107 3731 beato
3160 3674 3353 3729 Ezecia

1798 3768 1963 3823 fuisse
2009 3767 2266 3832 ablatam,
2313 3783 2380 3823 ne
2425 3769 2657 3839 populus
2698 3768 2893 3822 exinde
2942 3781 3163 3821 causam
3221 3764 3353 3819 defi—

1794 3857 1970 3913 ciendi
1998 3873 2028 3912 a
2054 3856 2165 3913 Deo
2189 3867 2428 3928 caperet,
2462 3866 2517 3913 et
2547 3859 2602 3911 in
2634 3858 2806 3927 ipsius
2824 3858 2985 3913 domo
3013 3858 3066 3910 in
3091 3856 3352 3926 parietem

1794 3951 2191 4016 constitutam;
2240 3964 2365 4004 cum
2406 3950 2573 4020 igitur
2601 3949 2793 4004 faciem
2832 3949 2899 4003 ad
2928 3949 3188 4019 parietem
3219 3962 3353 4001 con-

1791 4048 2049 4106 verteret,
2072 4039 2139 4094 ad
2165 4038 2488 4108 placandum
2517 4037 2683 4094 Deum
2715 4041 2982 4093 columnae
3034 4038 3351 4092 memoriam

1792 4146 2049 4187 revocare
2094 4131 2248 4187 visus
2288 4140 2394 4188 est.
2434 4130 2586 4186 Hanc
2632 4145 2847 4187 summo
2874 4146 2997 4185 cum
3037 4130 3218 4185 studio
3249 4144 3350 4183 au-

1794 4219 2071 4274 ferendam
2101 4219 2289 4275 curavi
2316 4235 2386 4276 ne
2412 4230 2619 4290 pateret
2646 4221 2846 4293 populo
2884 4222 2971 4274 via
3002 4222 3068 4275 ad
3104 4221 3352 4290 impieta-

1791 4321 1919 4365 tem.
1981 4307 2289 4366 Notandum
2346 4326 2563 4383 quoque
2610 4314 2698 4369 hic
2751 4328 2857 4367 una
2902 4327 3036 4367 voce
3082 4310 3350 4367 Hebraica

1794 4402 2055 4470 parietem
2103 4407 2159 4455 et
2210 4402 2521 4457 columnam
2580 4404 2710 4458 dici.
2764 4403 2973 4459 Idcirco
3020 4403 3223 4471 optime
3274 4402 3349 4455 ita

126 4474 339 4564 ἐκείνην
368 4478 762 4548 προϐάλλεσθαι
782 4482 880 4554 τὴν
922 4484 1122 4555 στήλην
1142 4502 1155 4515 ·
1191 4487 1310 4539 Ὀτι
1343 4487 1408 4557 δὴ
1459 4489 1693 4560 σπουδὴν

1797 4507 1991 4548 sonare
2025 4498 2205 4563 potest
2249 4497 2536 4551 conversio
2567 4494 2774 4550 Ezecize
2812 4495 2881 4549 ad
2923 4495 3205 4564 parietem.
3237 4490 3349 4547 Nec

127 4562 326 4636 ἓθεμην
373 4568 577 4641 ταύτην
609 4573 925 4638 ἀνελέσθαι,
976 4577 1215 4647 πρὸςντὺ
1254 4578 1328 4649 μὴ
1387 4575 1523 4634 εἶναι
1592 4584 1691 4651 ὲμ-

125 4656 307 4711 πόδιον
349 4659 428 4729 τῷ
484 4661 594 4732 λαῷ
632 4664 729 4718 τοῦ
759 4668 840 4731 είς
872 4667 970 4738 τὴν
1014 4669 1320 4722 θεοσέϐειαν
1355 4671 1527 4723 τόνου.
1581 4673 1692 4727 Καὶ

1797 4583 1938 4639 facta
1962 4592 2046 4639 est
2082 4586 2200 4642 sine
2228 4586 2486 4658 lacrymis
2514 4586 2825 4657 deprecatio
2859 4586 3003 4656 ejus,
3027 4585 3120 4641 sed
3154 4596 3349 4653 magna

1795 4679 2095 4745 ploratione
2123 4678 2373 4747 ploravit.

122 4746 282 4841 τοῦτο
340 4748 397 4802 δέ
426 4752 716 4822 ἀναγκαῖον
774 4760 1129 4828 μνημονεύειν
1156 4800 1170 4825 ,
1208 4760 1283 4823 ὡς
1322 4762 1498 4830 τοῖχος
1543 4765 1636 4817 καὶ
1674 4766 1838 4839 στήλη
1872 4771 1937 4837 τῇ
1991 4746 2139 4839 αὐτῇ
2163 4772 2313 4841 φωνῇ
2360 4770 2459 4839 τῆς
2497 4768 2770 4841 Ἐσρατδος
2805 4762 3051 4819 λέλεκται
3080 4782 3093 4794 .
3159 4764 3347 4831 διόπερ

126 4840 360 4934 ξάλισῗα
388 4845 483 4897 καὶ
514 4848 594 4910 εις
653 4846 813 4900 τοῦτο
862 4848 1165 4934 ἐξεξήφθη,
1205 4852 1238 4920 ἢ
1301 4853 1381 4914 εἰς
1439 4852 1531 4906 τὸν
1564 4856 1739 4923 τοῖχον
1786 4856 1949 4910 αὐτοῦ
1989 4840 2343 4930 ἀποστροφή)
2381 4861 2481 4929 τὴν
2522 4840 2602 4910 δὲγ
2628 4857 2931 4927 προσευχὴν
2980 4855 3212 4907 ἐποιεῖτο
3245 4852 3343 4904 οὐκ

123 4929 251 4984 ἀνευ
306 4933 574 5006 δακρύων,
621 4938 756 4992 ἀλλά
795 4941 891 4992 καὶ
920 4929 1128 4994 πολλῶν
1155 4941 1375 4995 τούτων.

192 5021 367 5091 ’Υψος
398 5027 617 5097 ἡμερῶν
668 5030 815 5098 λέγει
861 5031 958 5101 τὴν
987 5033 1344 5104 ἐγγενομένην
1387 5037 1455 5105 τῇ
1482 5035 1687 5106 διανοίᾳ.

123 5112 290 5166 αὐτοῦ
322 5114 734 5189 ὑψηλαυχενίαν,
793 5124 881 5191 ὑφ’
932 5120 999 5194 ἦς
1047 5126 1426 5195 συνεχόμενος,
1462 5127 1686 5197 ἔμελλον

121 5200 214 5273 τὴν
237 5204 475 5273 ἐμαυτοῦ
501 5208 643 5280 ζωὴν
665 5212 1078 5284 ὐταπέμνεσθαι·
1107 5216 1274 5270 ταῦτα
1294 5217 1684 5288 διανοούμενος,

121 5293 239 5347 οὐδὲ
270 5294 380 5366 γάρ
416 5298 474 5351 ἐν
521 5302 591 5371 γῇ
630 5300 848 5364 ζώντων
896 5306 1119 5377 ἧλπιζον
1164 5308 1385 5378 ὄψεσθαι
1416 5309 1477 5361 τὸ
1509 5312 1685 5379 σωτή-

126 5399 234 5449 ριον
282 5384 377 5438 τοῦ
422 5387 557 5442 Θεοῦ
583 5428 598 5452 ,
648 5391 919 5463 ἐλεγχθεὶς
961 5397 1052 5449 ἐπὶ
1086 5401 1148 5467 τῇ
1201 5399 1574 5469 καταλαϐούσῃ
1603 5402 1683 5467 ’με

1862 5033 2028 5089 Vens.
2062 5035 2251 5091 {0-12.
2296 5035 2582 5090 Excelsum
2608 5034 2818 5088 dierum
2858 5041 3015 5087 vocat
3036 5033 3346 5103 superbiam

1790 5143 1896 5199 qua
1948 5143 2104 5183 mens
2148 5129 2273 5198 ejus
2321 5126 2665 5193 eﬁ'erebatur,
2706 5142 2815 5196 qua
2854 5124 3073 5179 inflatus
3116 5134 3344 5179 mortem

1789 5220 1894 5275 sibi
1938 5228 2330 5289 promeruerat.
2356 5218 2483 5275 Bac
2510 5234 2695 5275 secum
2720 5219 2991 5288 reputavit
3028 5238 3040 5269 :
3074 5217 3185 5287 jam
3232 5232 3345 5269 non

1789 5312 1922 5365 mihi
1959 5326 2085 5381 spes
2109 5312 2346 5367 salutare
2380 5310 2473 5366 Dei
2530 5311 2586 5365 in
2612 5318 2755 5365 terra
2781 5308 3074 5364 viventium
3102 5306 3339 5367 videndi,

1788 5404 2023 5458 amentia
2080 5413 2239 5474 capto
2306 5412 2358 5459 et
2407 5405 2695 5459 convict0'
2756 5403 2850 5460 sed
2902 5410 2955 5458 ct
3000 5403 3163 5456 vitam
3208 5398 3342 5452 mihi

188 5544 230 5573 ¹⁸
256 5541 300 5595 ll
329 5542 565 5614 Paralip.
594 5562 766 5615 xxxii,
797 5546 867 5604 26
896 5566 1019 5622 sqq.
1099 5554 1138 5585 "
1162 5555 1291 5611 ibid.
1317 5556 1406 5612 26.
1488 5559 1529 5589 ’⁸
1553 5557 1651 5613 Isa.
1686 5574 1696 5597 ε

1820 5515 1924 5613 IL.
1985 5558 2114 5611 "IV
2146 5560 2276 5631 Reg.
2307 5577 2418 5626 xu,
2456 5561 2541 5615 35.

186 5696 263 5761 (5)
320 5696 555 5754 Lacuna:
588 5698 782 5757 breves
803 5702 859 5758 in
881 5704 1083 5765 codice.
