4044 6324
697 370 824 426 ικι

1907 360 2252 420 τιιεουοιυ
2290 363 2806 424 "mammas

3786 374 3912 430 £53!

692 503 932 554 auleres,
971 487 1137 542 exitio
1165 490 1224 540 et
1244 485 1406 537 morti
1431 482 1668 544 addicto.
1697 480 1834 535 fabri
1872 479 1939 534 ad
1971 481 2231 549 exempla:

2350 482 2705 553 κακοδουλίᾳο
2761 485 2898 539 ἀλλά
2949 487 3041 540 καὶ
3088 488 3290 560 ταύτης
3331 488 3435 558 τῆς
3471 487 3616 558 ζωῆς
3652 493 3910 562 στερηθή-

689 579 1102 635 tabernaculum
1155 574 1385 646 figentia,
1446 581 1500 628 et
1557 587 1684 628 mox
1758 572 2062 636 solventia;
2121 585 2248 626 nam

689 671 768 724 ita
800 668 996 724 defecit
1042 665 1268 735 spiritus
1317 678 1470 719 meus
1495 663 1696 727 vitalis,
1740 661 1881 718 sicut
1919 661 2024 714 tela
2061 673 2093 712 a
2128 674 2248 712 mu—

687 762 820 815 liere
847 759 959 828 jam
993 757 1344 813 succidenda.

754 848 918 904 Vsas.
969 848 1054 902 η.
1101 846 1314 901 Idcirco
1355 847 1468 914 jam
1509 859 1616 899 non
1657 843 1848 908 silebo,
1890 839 2246 910 benignitatis

685 950 792 996 tua
825 955 1004 1010 praeco
1033 939 1230 1002 factus,
1263 939 1426 1007 quasi
1459 935 1693 991 hirundo
1713 934 1939 1004 etquasi
1961 933 2240 996 columba,

684 1033 948 1087 continuo
981 1031 1409 1100 magniﬁcentiae
1447 1037 1569 1083 tuas
1599 1026 1926 1092 celebrabo;
1954 1032 2012 1078 tu
2035 1023 2182 1078 enim
2210 1037 2242 1077 a

684 1138 772 1178 me
802 1124 1052 1192 corporis
1077 1122 1296 1177 dolores
1323 1120 1621 1187 abstulisti,
1656 1127 1710 1174 et
1751 1118 1988 1172 animam
2020 1114 2242 1171 sanitati

685 1213 998 1279 restituisti,
1030 1220 1376 1282 peccatorum
1407 1213 1989 1268 meorum‘immemor.

2355 574 2538 625 σεσθαι
2593 576 2672 637 εἰς
2722 575 2994 630 ἀπώλειαν
3045 581 3140 632 καὶ
3169 581 3444 652 ἀναίρεσίν
3476 598 3577 652 μου
3620 586 3913 655 καταστρώ-

2350 663 2555 730 ψαντα,
2609 666 2750 718 κατά
2779 667 2871 719 τὸν
2922 668 3230 739 πηξάμενον
3264 672 3363 742 μὲν
3403 672 3605 743 σκηνὴν
3636 712 3653 737 ,
3707 676 3912 726 otio-ul-

2353 756 2519 809 λαντα
2554 757 2611 809 δὲ
2644 758 2813 824 αὐτὴν
2860 759 3102 828 ταχέως”
3138 762 3200 814 τὺ
3245 762 3354 834 γάρ
3407 761 3635 826 ζωτικὸν
3697 763 3907 833 πνεῦμα

2349 845 2520 908 οὕτως
2574 846 2833 917 ἀφῃρεῖτο
2876 846 2974 910 τὰς
3003 848 3280 918 δυνάμεις,
3331 851 3406 914 ὡς
3460 851 3606 914 me;
3661 853 3905 919 γυναικὸς

2349 935 2703 1006 ἐκτέμνεσθαι
2756 937 2980 1006 μέλλων.
3038 938 3198 992 Ὅθεν
3249 943 3308 994 οὐ
3362 943 3639 1013 παύσομαι
3697 944 3760 997 ἐν
3806 944 3905 1005 τοίς

2350 1027 2487 1096 μετά
2539 1025 2709 1078 ταῦτα
2753 1026 2929 1096 κῆρυξ
2971 1027 3068 1098 τῆς
3113 1029 3215 1098 σῆς
3253 1031 3582 1102 ἀγαθότητος
3623 1033 3905 1102 ἐσόμενος,

2347 1119 2488 1173 κατά
2533 1119 2655 1180 τοὺς
2675 1117 2895 1188 ὄρνιθας
2921 1120 3019 1188 τήν
3062 1135 3120 1171 τε
3159 1119 3398 1188 χελιδόνα
3430 1123 3523 1174 καὶ
3563 1120 3904 1192 περιστερὰν,

2347 1207 2638 1268 ἀπαύστως
2669 1207 2738 1259 τά
2762 1206 2828 1260 σά
2843 1207 3107 1278 μεγαλεῖα
3133 1208 3491 1279 ἐξηγούμενος
3509 1227 3524 1240 ·
3553 1211 3619 1264 σὺ
3655 1210 3766 1282 γὰρ
3796 1206 3845 1262 εῐ
3881 1214 3908 1263 ὁ

682 1307 775 1360 καὶ
799 1304 876 1374 τῷ
910 1306 1116 1375 σώματι
1143 1307 1238 1368 τάς
1265 1306 1452 1367 ὀδύνας
1479 1306 1680 1360 παῦσαι
1709 1307 1958 1375 ποιήσας,
1983 1303 2079 1358 καὶ
2107 1305 2171 1373 τῇ
2199 1303 2342 1372 ψυχῇ
2383 1302 2523 1353 ίασιν
2549 1302 2934 1371 χαρισάμενος,
2961 1301 3345 1373 ὑπερδεδηκὼς
3380 1305 3448 1356 τά
3474 1304 3909 1376 πλημμελήμαύ

683 1420 918 1549 “omne.
956 1495 1042 1550 18.
1075 1494 1284 1560 Quibus
1313 1496 1479 1551 dictis
1499 1507 1651 1564 spem
1682 1491 2105 1548 resurrectionis
2146 1503 2242 1542 ne-

678 1598 956 1654 quaquam
980 1585 1178 1652 aufert,
1205 1585 1446 1640 declarat
1476 1599 1603 1639 vero
1627 1585 1681 1638 in
1703 1581 1901 1636 inferni
1919 1587 2093 1635 morte
2121 1582 2243 1648 per;

679 1674 915 1729 dendum
952 1690 1095 1739 esse,
1140 1690 1300 1745 quem
1353 1685 1411 1728 tu
1447 1689 1556 1728 non
1607 1671 1953 1733 excitaveris,
2002 1670 2090 1723 cui
2130 1683 2238 1722 non

679 1768 861 1820 omnia
891 1765 1290 1820 condonaveris
1318 1773 1560 1834 peccata.

749 1854 916 1910 Vsas.
953 1855 1036 1908 l9.
1071 1854 1413 1924 Quapropter
1459 1854 1575 1923 ipse
1614 1863 1736 1921 ego,
1795 1847 2078 1919 repudiata
2125 1845 2238 1915 jam

678 1950 841 2019 impia
879 1948 970 2001 illa
996 1956 1174 2002 mente
1197 1949 1250 2000 in
1271 1947 1488 2016 nuptias
1513 1945 1757 2006 ardesco,
1775 1953 1827 1996 et
1854 1941 1993 1995 ﬁlios
2019 1939 2235 2001 faciam,

679 2050 736 2094 ut
761 2040 1026 2110 sanguine
1065 2053 1184 2092 meo
1216 2046 1488 2100 crescant,
1512 2035 1606 2106 qui
1630 2035 1950 2092 annuntient
1967 2030 2238 2100 justitiam

679 2140 843 2183 tuam.

743 2220 872 2276 Car.
906 2221 1016 2284 XL,
1050 2219 1210 2274 Vens.
1237 2220 1289 2274 ι.
1322 2218 1394 2274 De
1423 2218 1653 2272 vallibus
1687 2217 1922 2285 loquitur
1944 2228 2051 2266 non
2081 2211 2236 2280 quasi

676 2311 881 2364 fuerint
927 2326 957 2362 a
1010 2309 1236 2362 Domino
1281 2308 1630 2378 occupandae.
1669 2305 1763 2362 sed
1803 2307 2010 2358 animas
2044 2302 2236 2356 affatur

675 2399 841 2454 altius
869 2396 1128 2459 effossas,
1163 2405 1218 2451 et
1250 2395 1504 2452 deorsum
1547 2397 1603 2449 in
1638 2395 1851 2449 inferno
1893 2394 2160 2463 jacentes,
2182 2399 2235 2446 et

675 2491 915 2560 peccatis
941 2489 1503 2557 bumiliatas;quippe
1529 2502 1649 2557 quae
1672 2488 1901 2541 funestis
1917 2495 1970 2541 et
1997 2484 2232 2539 exitiali-

675 2581 780 2634 bus
805 2579 1225 2650 cogitationibus
1244 2578 1500 2642 liberatae,
1521 2592 1684 2644 super
1701 2586 1912 2630 montes
1933 2574 2233 2630 exaltanda:

747 2760 891 2815 Vens
921 2760 973 2814 8.
1009 2759 1317 2816 Conﬁtetur
1350 2761 1437 2814 bic
1492 2774 1609 2829 ipse
1649 2758 1931 2828 propheta.
1959 2756 2043 2810 vel
2083 2755 2232 2809 verbi

673 2853 942 2918 minister,
999 2867 1163 2908 carne
1208 2869 1267 2909 se
1297 2853 1625 2907 obcaecatum
1683 2852 1943 2904 rationem
1977 2847 2234 2901 accedere

674 2959 784 2997 non
804 2945 1069 3012 potuisse.
1096 2941 1217 2998 Io:
1235 2950 1544 3006 evanescet,
1561 2942 1776 3009 adjecit,
1800 2940 1978 2992 omnis
1996 2939 2232 2992 humana

672 3034 897 3102 opinio;
931 3033 1156 3087 verbum
1205 3041 1384 3086 autem
1427 3031 1521 3086 Dei
1567 3031 1727 3086 finem
1768 3045 2044 3100 nunquam
2090 3029 2234 3082 acci-

2417 1481 2587 1534 Τοῦτο
2635 1481 2820 1551 ἔλεγεν
2862 1485 2961 1537 οὐκ
2995 1485 3274 1538 ἐκκόπτων
3315 1485 3412 1554 τῆς
3434 1487 3788 1553 ἀναστάσεως
3817 1490 3904 1552 τὰς

2343 1572 2582 1637 ἐλπίδας,
2619 1575 2754 1629 ἀλλά
2815 1573 2989 1646 δηλῶν
3015 1615 3030 1638 ,
3074 1575 3149 1639 ὡς
3194 1577 3274 1639 είς
3314 1577 3443 1646 ᾅδην
3480 1578 3758 1643 ἀπωλείας
3809 1582 3904 1633 ἀπ-

2340 1663 2594 1731 ελήλυθε,
2639 1665 2713 1735 μὴ
2745 1665 2895 1736 παρά
2928 1666 3020 1719 σοῦ
3062 1665 3384 1737 ἀνακληθεὶς
3441 1669 3536 1720 καὶ
3565 1672 3902 1741 συγχώρησιν

2271 1793 2314 1847 Β
2344 1761 2630 1830 ἁμαρτιῶν
2657 1762 2967 1833 δεξάμενος.

2414 1849 2593 1917 Ὅθεν,
2626 1853 2735 1920 ἐγὼ
2780 1854 2941 1917 αὐτὸς
2992 1854 3217 1925 ίώμενος
3253 1856 3352 1927 τὴν
3384 1855 3662 1926 σφαλερὰν
3702 1857 3902 1925 ἐκείνην

2339 1939 2568 2006 ἔννοιαν,
2601 1945 2819 1998 σπεύσω
2847 1948 2941 1998 καὶ
2963 1947 3158 2016 γάμοις
3185 1947 3436 2018 ὁμιλῆσαι
3469 1949 3564 2000 καὶ
3593 1948 3901 2017 παιδοποιή-

2340 2032 2555 2096 σασθαι,
2587 2033 2722 2104 πρὸς
2753 2035 2814 2087 τὸ
2841 2037 2933 2091 καὶ
2965 2037 3090 2099 τοὺς
3123 2037 3183 2101 ἐξ
3219 2038 3350 2108 ἐμοῦ
3379 2041 3709 2109 γενομένους
3739 2041 3900 2110 κῆρε-

2338 2143 2438 2188 κας
2460 2126 2754 2196 ἀναστῆναι
2793 2128 2892 2196 τῆς
2919 2129 3279 2201 δικαιοσύνης.

2405 2218 2669 2285 Φάραγγα
2708 2219 3003 2290 ἐκληπτέον
3026 2263 3041 2286 ,
3085 2225 3182 2294 οὐχ
3215 2223 3289 2286 ὡς
3326 2223 3611 2293 μέλλοντος
3648 2224 3741 2277 τοῦ
3777 2223 3902 2277 Θεοῦ

2335 2307 2632 2361 ἐπιϐαίνειν
2673 2311 2884 2374 αὐταῖς,
2933 2313 3069 2366 ἀλλά
3113 2315 3248 2386 πρὸς
3275 2315 3377 2378 τὰς
3409 2315 3902 2386 κατορωρυγμένας

2335 2396 2512 2465 ψυχὰς
2531 2437 2547 2463 ,
2599 2399 2693 2450 καὶ
2730 2401 2880 2453 κάτω
2915 2418 3018 2455 που
3054 2405 3134 2466 είς
3159 2405 3247 2457 τὸν
3279 2405 3412 2477 ᾅδην
3439 2406 3720 2476 κειμένας,
3750 2423 3901 2458 τετα-

2333 2487 2668 2557 πεινωμένας
2700 2508 2758 2544 τε
2789 2495 2908 2556 ταῖς
2949 2496 3269 2565 ἁμαρτίαις,
3308 2497 3489 2566 λέγει·
3546 2498 3750 2561 ταύτας
3803 2500 3901 2569 γὰρ

2330 2589 2730 2658 ἀπαλλαγείσας
2770 2588 2878 2642 τῶν
2914 2589 3168 2660 ὀλεθρίων
3208 2589 3407 2643 τούτων
3437 2592 3532 2643 καὶ
3562 2592 3903 2646 ἐπικινδύνων

2331 2674 2599 2744 λογισμῶν
2631 2675 2768 2745 ὑπὲρ
2795 2675 2862 2728 τά
2888 2675 2989 2745 ὅρη
3013 2674 3392 2728 ταπεινοῦσθαι
3424 2675 3499 2744 (6)
3531 2677 3742 2746 καιρός.

2399 2767 2642 2831 Δεικνὺς,
2673 2767 2747 2829 ὡς
2803 2767 2899 2820 καὶ
2930 2767 3090 2830 αὐτὸς
3121 2769 3149 2819 ὀ
3190 2767 3471 2835 προφήτης
3519 2769 3548 2818 ὁ
3603 2767 3903 2837 ὐπηρετσύο

2333 2871 2490 2923 μενος
2543 2854 2622 2924 τῷ
2691 2855 2860 2925 λόγῳ,
2908 2855 3013 2908 ὑπὸ
3063 2855 3163 2925 τῆς
3206 2856 3407 2925 σαρκὸς
3459 2858 3902 2927 ἐπισκιαζόμενος

2330 2946 2420 2997 τὸν
2474 2947 2619 3008 νοῦν,
2683 2949 2930 3017 χωρῆσαι
3004 2948 3064 3000 οὐ
3116 2947 3434 3016 δεδύνηταιο
3501 2951 3596 3000 καὶ
3657 2949 3766 3017 γὰρ
3817 2951 3902 3001 καὶ

2333 3039 2480 3090 πᾶσα
2533 3037 2798 3106 ὑπόληψις
2847 3037 3161 3109 ἀνθρωπίνη
3233 3039 3438 3109 ταχέως
3479 3039 3750 3092 παύσεται
3772 3079 3787 3101 ,
3845 3057 3900 3090 οιι

672 3126 806 3195 piet,
851 3124 945 3179 sed
974 3132 1152 3178 manet
1185 3123 1240 3177 in
1291 3134 1554 3178 aiternum
1603 3137 1730 3178 vera
1775 3138 1944 3191 usque
1974 3136 2222 3185 praenun-

2335 3129 2436 3198 μὴν
2457 3130 2518 3182 τὸ
2549 3129 2727 3196 λόγιον
2763 3129 2853 3182 τοῦ
2884 3129 3017 3182 Θεοῦ
3059 3130 3268 3183 παύλαν
3312 3131 3444 3184 ποτέ
3475 3131 3705 3200 λήψεται
3729 3148 3744 3162 ·
3773 3131 3903 3184 ἀλλα

672 3215 836 3271 tians.

751 3401 915 3458 Vsns.
956 3403 1040 3457 12.
1073 3401 1225 3458 Multi
1253 3402 1471 3472 quidem
1501 3407 1650 3464 sunt,
1679 3400 1773 3471 qui
1804 3398 1870 3454 de
1894 3397 2118 3469 judiciis
2140 3397 2232 3451 Dei

671 3493 949 3559 dubitant,
983 3503 1036 3547 et
1067 3495 1134 3549 de
1163 3491 1510 3548 Providentia
1541 3501 1654 3545 tum
1685 3506 1902 3546 omnem
1933 3506 2113 3546 rerum
2138 3505 2234 3543 na-

673 3596 850 3640 turam
886 3595 996 3639 tum
1031 3587 1243 3657 singula
1284 3601 1509 3656 quaeque
1566 3596 1800 3654 regente,
1846 3584 1995 3638 etde
2023 3599 2233 3638 summa

672 3679 904 3733 scientia
945 3693 1106 3747 quam
1136 3679 1212 3731 nil
1246 3678 1411 3733 latere
1436 3684 1633 3747 potest,
1670 3691 1790 3745 quae
1829 3690 2021 3730 omnes
2055 3683 2235 3728 mente

668 3769 1063 3837 complectitur.
1104 3767 1312 3833 Quibus
1344 3767 1690 3822 confutandis
1716 3767 1977 3836 propheta
2018 3767 2233 3835 singula

671 3856 783 3912 Deo
807 3857 1182 3927 investiganda
1204 3871 1326 3910 esse
1351 3855 1588 3910 declarat
1613 3871 1626 3920 ;
1658 3871 1725 3909 ex
1761 3856 2065 3910 visibilibus
2096 3863 2151 3909 et
2178 3857 2233 3909 in

671 3951 988 4004 universum
1020 3964 1050 4002 a
1091 3948 1278 4002 mundi
1312 3947 1594 4002 elementis
1639 3947 1790 4002 disce
1830 3945 1922 4002 Dei
1950 3947 2226 4002 virtutem.

736 4127 902 4183 Vns.
943 4129 1030 4191 l6,
1068 4129 1154 4182 l7.
1201 4125 1413 4183 Rursus
1455 4128 1696 4183 occurrit
1740 4127 1998 4198 propheta
2049 4136 2230 4183 mente

667 4219 1121 4288 disceptantibus.
1147 4218 1322 4273 Nolite
1339 4229 1528 4289 putare
1552 4235 1649 4277 vos
1674 4231 2030 4275 memoratum
2059 4221 2228 4276 Deum

668 4326 765 4381 per
807 4311 1071 4366 sacrificia
1107 4312 1434 4381 placaturos.
1462 4312 1620 4381 quasi
1667 4311 1787 4367 istis
1819 4315 1868 4367 ei
1897 4328 2036 4382 opus
2059 4322 2224 4379 esset,

666 4403 826 4471 cujus
848 4403 1014 4457 verbo
1046 4403 1228 4456 omnia
1272 4401 1414 4456 facta
1441 4413 1584 4458 sunt.
1628 4401 1767 4458 Num
1803 4424 1822 4456 ι
1866 4405 2094 4462 sufﬁciet
2137 4405 2226 4459 Li—

666 4493 843 4548 banus
884 4511 902 4542 ι
957 4500 1009 4548 et
1057 4493 1195 4546 silva
1238 4508 1346 4563 qua
1399 4493 1700 4558 obsidetur,
1749 4503 1843 4548 aut
1894 4513 1912 4546 ι
1957 4496 2226 4550 sufficient

665 4584 849 4638 omnia
895 4583 1268 4654 quadrupedia
1301 4583 1367 4638 ad
1407 4585 1803 4650 holocaustum,
1841 4604 1859 4636 ι
1904 4589 1994 4640 cui
2019 4597 2226 4641 cunctae

663 4682 875 4745 gentes,
902 4677 1055 4744 juxta
1078 4675 1249 4745 ipsius
1279 4674 1526 4740 effatum,
1553 4694 1573 4728 ι
1601 4677 1756 4747 quasi
1782 4677 2013 4731 nihilum
2026 4684 2152 4732 sunt
2199 4696 2218 4730 ›

663 4767 720 4821 in
749 4766 975 4820 nihilum
1009 4774 1326 4820 reoutantur

731 4947 860 5002 Cn.
897 4944 1030 5013 XLI,
1058 4944 1221 5001 Vens.
1250 4947 1298 5001 l.
1325 4948 1546 5002 Animos
1575 4949 1867 5019 alloquitur
1899 4950 2218 5019 languentes

660 5048 714 5092 et
747 5037 1027 5092 doloribus
1061 5039 1308 5092 afﬂictos.
1343 5037 1491 5094 Licet
1527 5039 1673 5093 enim
1723 5040 1898 5108 vobis,
1942 5042 2033 5110 qui
2066 5043 2220 5110 cupi~

659 5130 923 5185 ditatibus
953 5131 1274 5185 insenuistis
1300 5139 1353 5185 et
1377 5132 1766 5201 voluptatibus,
1786 5131 2075 5201 depressas
2098 5132 2219 5188 istis

659 5221 973 5290 spirituales
1005 5222 1149 5275 vires
1195 5221 1453 5284 relevare,
1481 5229 1537 5276 et
1581 5222 1729 5275 velut
1769 5229 2125 5286 senectutem,
2156 5237 2219 5275 ea

657 5311 948 5380 deponere,
984 5326 1319 5380 quaecunque
1367 5311 1570 5366 fuerint
1601 5312 1920 5367 libidinibus
1964 5313 2136 5365 fracta
2165 5320 2220 5365 et

655 5416 824 5471 prope
861 5401 1128 5455 confecta.
1167 5403 1312 5467 Quos
1353 5403 1560 5458 insulas
1613 5404 1812 5473 optime
1845 5410 2038 5467 vocat;
2091 5418 2216 5456 nam

656 5493 798 5546 sicut
820 5492 1030 5556 insulae,
1066 5494 1240 5548 medio
1272 5495 1326 5548 in
1376 5509 1522 5549 mare
1551 5492 1804 5550 ﬂuctibus
1840 5495 2215 5550 circumluun-

723 5647 797 5766 (ξ)
829 5647 1015 5767 genus
1047 5649 1298 5714 23';o~3361'
1324 5661 1408 5704 aut
1443 5650 1791 5720 πληροῦσθαι.

723 5725 733 5767 f
784 5737 793 5767 l
871 5729 1007 5767 nllus
1040 5722 1149 5767 τὰς.

722 5722 793 5773 Π)
829 5722 1007 5770 Pomm
1040 5722 1149 5778 τὰς.

2341 3219 2484 3290 πέρα
2537 3219 2716 3283 τελεῖ,
2769 3219 3097 3291 ἀληθεύοντα
3150 3222 3246 3291 τῆς
3292 3221 3369 3290 (Ἰ)
3424 3220 3756 3288 ἐπαγγελίας
3827 3223 3900 3282 είς

2341 3328 2533 3362 αιωνα.

2407 3402 2549 3472 Πρὸς
2580 3401 2678 3463 τὰς
2711 3401 2772 3452 ἐν
2805 3399 3014 3472 διανοίᾳ
3042 3400 3202 3454 πάλιν
3236 3401 3424 3469 φύσεις
3461 3401 3901 3472 ἀμφισσητήςεις

2337 3496 2463 3565 περὶ
2488 3494 2595 3546 τῶν
2643 3495 2924 3564 χριμάτων
2966 3493 3183 3562 καὶτῆς
3228 3492 3481 3565 προνοίας
3513 3495 3611 3564 τῆς
3643 3495 3738 3547 τοῦ
3769 3495 3901 3548 Θεοῦ

2333 3585 2421 3638 διὰ
2457 3586 2668 3638 πάντων
2709 3583 3033 3655 διηκούσης,
3092 3585 3182 3636 καὶ
3216 3585 3334 3636 καθ’
3374 3585 3469 3638 ἐνα
3497 3584 3750 3649 ἕκαστον,
3812 3588 3900 3637 καὶ

2333 3677 2407 3739 ὡς
2435 3675 2534 3728 ούκ
2585 3674 2698 3727 ἐστι
2757 3675 2863 3726 τῶν
2905 3673 3266 3727 λανθανόντων
3329 3675 3421 3727 τὸν
3450 3674 3602 3738 Θεὸν,
3642 3675 3782 3727 ἀλλὰ
3815 3675 3899 3727 διὰ

2334 3768 2549 3820 πάντων
2581 3766 2928 3819 διαϐαίνουσα
2960 3768 2993 3834 ἡ
3025 3765 3117 3816 τοῦ
3150 3765 3282 3817 Θεοῦ
3312 3766 3510 3832 γνῶσις
3531 3782 3543 3795 ·
3576 3765 3646 3817 τὰ
3670 3767 3899 3818 ἑκάστου

2333 3857 2630 3927 ἀνιχνεύειν
2671 3856 3026 3928 προῦπαντῶν
3063 3859 3090 3908 ὁ
3143 3856 3299 3922 λόγος
3335 3857 3642 3910 ἐκδιδάσκει
3668 3898 3683 3920 ,
3726 3859 3808 3910 ὃτι
3840 3861 3900 3910 ἐκ

2333 3947 2438 3999 τῶν
2464 3945 2771 4017 ὁρωμένων,
2807 3945 2901 3998 καὶ
2939 3947 3002 3998 ἐκ
3031 3946 3136 3997 τῶν
3166 3946 3258 3997 τοῦ
3288 3945 3421 3997 Θεοῦ
3466 3947 3898 4018 καθολικώτερον

2335 4039 2608 4107 στοιχείων
2635 4037 2948 4091 ἐκδιδάσκου
2976 4037 3069 4088 τοῦ
3103 4036 3238 4088 Θεοῦ
3268 4035 3514 4107 δύναμιν.

2401 4128 2566 4181 Πάλιν
2609 4129 2743 4198 πρὸς
2789 4127 2914 4188 τοὺς
2975 4129 3029 4178 ἐν
3065 4126 3322 4189 διανοίαις
3364 4126 3662 4197 λογισμοὺς
3732 4144 3894 4199 προσε

2329 4221 2540 4289 υπαντᾷ
2574 4222 2602 4272 ὁ
2641 4220 2796 4285 λόγος
2817 4234 2833 4250 ο
2883 4219 2963 4271 ὅτι
2991 4217 3170 4268 τοῦτον
3204 4217 3290 4269 τὸν
3319 4217 3447 4270 Θεὸν
3477 4220 3569 4271 τὸν
3613 4235 3895 4290 προμηνύ-

2329 4309 2488 4361 θέντα
2520 4307 2607 4360 διὰ
2631 4307 2740 4360 τῶν
2773 4305 3075 4377 εἰρημένων
3103 4306 3229 4369 ἴσως
3263 4305 3524 4372 λογιεῖσθε
3550 4307 3762 4372 θυσίαις
3813 4309 3892 4372 ἐξ-

2334 4398 2618 4464 ιλεοῦσθαι,
2663 4400 2736 4470 μὴ
2784 4400 3154 4469 σκοπήσαντες
3173 4438 3185 4462 ,
3215 4399 3287 4461 ὡς
3309 4399 3405 4451 οὐκ
3427 4400 3484 4450 ἐν
3503 4400 3667 4471 χρεία
3694 4401 3890 4454 τούτων

2329 4492 2658 4561 καθέστηκεν
2693 4531 2708 4553 ,
2770 4485 2829 4544 οὗ
2886 4489 2963 4560 τῷ
3009 4489 3152 4560 λόγῳ
3215 4491 3282 4543 τὰ
3332 4491 3506 4543 πάντα
3576 4494 3889 4562 γεγένηταιο

2333 4584 2667 4655 «ἐπαρκέσει
2723 4578 2819 4637 οὖν
2870 4582 3100 4648 Λίϐανος
3140 4601 3158 4633 s
3197 4584 3289 4636 καὶ
3348 4584 3471 4652 ἠὲν
3526 4585 3706 4655 τούτῳ
3759 4587 3886 4650 ὕλης

2331 4695 2350 4727 ι
2386 4677 2604 4746 ἀρκέσει
2633 4676 2688 4729 δὲ
2720 4679 2799 4740 είς
2826 4676 3200 4746 ὀλοκάρταυσιν
3235 4676 3406 4729 πάντα
3435 4677 3503 4729 τὰ
3534 4678 3884 4747 supernae,»

2323 4761 2367 4834 ᾧ
2405 4770 2579 4821 πάντα
2622 4770 2691 4822 τὰ
2743 4769 2866 4837 ἔθνη
2918 4765 3062 4822 κατὰ
3119 4767 3180 4820 τὸ
3231 4767 3529 4839 animos;
3590 4769 3887 4839 ὑπόδειγμα

2328 4878 2346 4909 ι
2377 4860 2434 4922 ὃς
2466 4860 2538 4931 (8)
2572 4854 2705 4931 ἦκεν
2727 4862 2805 4923 είς
2833 4860 3052 4928 γνῶσιν,
3081 4879 3114 4910 ,ι
3139 4861 3286 4912 οὐδὲν
3314 4860 3566 4930 ἐλογίσθη

2398 4951 2539 5021 Πρὸς
2591 4952 2688 5015 τὰς
2733 4951 2806 5021 μὴ
2866 4952 3152 5021 ἰσχυούσας
3197 4951 3404 5014 ὀδύναις
3457 4970 3516 5003 τε
3552 4952 3884 5021 πραττούσας

2325 5042 2500 5111 ψυχὰς
2544 5043 2839 5112 συμϐουλία
2903 5045 3266 5113 προσάγεται·
3321 5045 3403 5096 ὅτι
3453 5044 3624 5115 ταύτῃ
3669 5043 3883 5096 δυνατὸν

2323 5135 2464 5203 ὑμᾶς
2503 5134 2598 5196 τὰς
2630 5135 3018 5203 ἐγχρονισάσας
3066 5135 3124 5188 ἐν
3153 5137 3262 5197 τοῖς
3301 5133 3497 5188 πάθεσι
3521 5135 3614 5186 καὶ
3648 5136 3878 5187 παλαιω-

2323 5223 2508 5285 θείσας
2539 5225 2594 5274 ἐν
2637 5225 2755 5284 ταῖς
2790 5222 3022 5290 ἡδοναῖς,
3065 5223 3121 5276 ἐν
3156 5241 3213 5277 τε
3242 5223 3449 5286 τούτοις
3493 5225 3878 5294 κατασυρείσιις

2321 5314 2607 5366 ἀναλαϐεῖν
2639 5313 2735 5374 τὰς
2764 5314 2970 5365 ἑαυτῶν
3023 5314 3257 5384 ψυχικὰς
3309 5314 3603 5383 δυνάμεις·
3655 5316 3748 5366 καὶ
3788 5313 3878 5365 ὥς.

2322 5421 2426 5474 περ
2461 5405 2635 5474 γῆρας
2682 5402 2975 5456 ἀποθέσθαι
3023 5405 3122 5467 τὰς
3154 5405 3210 5456 ἐν
3264 5405 3375 5467 τοῖς
3417 5386 3614 5458 πάθεσι
3645 5405 3876 5458 παλαιω-

2319 5495 2499 5558 θείςας
2562 5495 2652 5547 καὶ
2713 5495 2898 5565 ὥσπερ
2953 5496 3347 5567 νεκρωθείτας·
3383 5495 3449 5559 ἃς
3485 5498 3577 5551 καὶ
3637 5493 3872 5567 νήσοκι⁵

2396 5651 2470 5719 (8)
2504 5648 2661 5706 Forte
2697 5650 2810 5720 οὐχ.
