4044 6324
647 355 785 412 ιεςδ
1733 359 2084 418 Tum!
2122 357 2644 418 HERACLEENSIS
3771 365 3901 419 £336

644 469 790 539 cipis
834 482 1146 529 venturam.
1199 484 1253 530 et
1321 478 1397 531 ita
1461 492 1656 535 omnes
1707 479 1835 536 dein
1898 483 2181 539 invasam

2284 511 2295 541 ι
2322 479 2533 543 τούτοις
2579 477 2951 585 προαγορξύει
2983 477 3084 549 τὴν
3115 477 3208 583 τοῦ

642 569 852 630 gentes.
2325 570 2456 639 μίαν
2483 568 2693 624 ἐκεῖθεν
2736 568 3088 639 ἀρξαμένην,
3124 569 3219 623 καὶ
3258 567 3433 633 οὕτως
3465 567 3554 622 ἐπὶ
3612 570 3795 625 πάντα
3832 576 3902 626 τὰ

2319 660 2449 731 ιθνη
2476 661 2575 732 τῆς
2602 660 2796 715 ἐαυτοῦ
2831 662 3053 729 χάριτος
3079 659 3364 733 διαϐἀσης.

715 759 842 816 Cn.
881 761 1050 827 ωι.
1086 763 1251 820 Vns.
1299 767 1384 821 l0.
1421 768 1542 834 Quo
1588 769 1734 824 enim
1782 771 1944 828 modo
1980 781 2035 828 et
2068 790 2179 830 nun

2389 773 2600 844 Ὥσπερ
2641 768 2737 827 οὖν
2795 773 2886 826 καὶ
2931 772 3027 824 νῦν
3082 774 3365 845 προφήτης
3428 773 3758 831 καταλαϐὼν
3799 796 3900 851 τις»

641 850 905 920 propheta
931 891 946 916 ,
1001 852 1093 908 ubi
1137 855 1204 909 de
1243 853 1529 914 Salvatore
1585 870 1780 914 nostro
1821 863 2093 932 audierit,
2145 866 2214 920 ad

640 938 896 996 ditandos
917 959 1018 999 nos
1051 955 1104 1000 et
1132 945 1198 1000 ad
1239 947 1534 1004 salvandas
1566 952 1780 1009 animas
1835 969 2053 1012 nostras
2085 973 2212 1012 ven-

639 1035 787 1093 turo,
824 1036 972 1084 tanta
1005 1030 1097 1088 Dei
1136 1035 1510 1091 misericordia
1539 1041 1723 1096 animo
1750 1047 2054 1111 exsultans,
2092 1048 2211 1103 lau-

637 1115 736 1172 des
785 1117 876 1175 Dei
915 1131 970 1175 et
1015 1123 1245 1192 gloriam
1302 1127 1683 1188 celebraturus
1728 1138 2016 1208 exsurgit;
2049 1138 2122 1192 ita
2156 1147 2211 1195 et

635 1208 775 1265 alios
807 1220 1087 1268 cantatum
1118 1226 1397 1286 provocat.
1421 1219 1541 1275 Non
1568 1223 1807 1292 primum
1841 1242 1990 1284 nunc
2019 1241 2211 1301 regnat

631 1311 949 1372 perspectus
979 1307 1138 1362 nobis
1170 1316 1223 1362 et
1253 1310 1468 1380 agnitus
1497 1310 1658 1379 Deus,
1681 1316 1774 1372 sed
1796 1318 2030 1388 primum
2063 1336 2209 1376 nunc

2320 863 2636 938 σωτηριὼδη
2671 863 2976 935 παρουσίαν
3003 862 3098 916 τοῦ
3123 863 3377 937 Σωτῆρος
3397 865 3552 936 ήμῶν
3583 869 3677 922 ἐπὶ
3713 868 3892 940 κέρδει

2316 956 2567 1027 ἡμετέρῳ
2603 954 2994 1027 γενησομένην,
3039 954 3132 1006 καὶ
3176 955 3271 1008 επὶ
3323 956 3565 1028 σωτηρίᾳ
3593 956 3702 1012 τῶν
3753 960 3887 1031 ﬁtn-

2313 1048 2489 1118 τὲρων
2516 1045 2706 1118 ψυχῶν
2727 1088 2744 1113 ,
2800 1043 3186 1114 ἀγαλλιασθεὶς
3221 1045 3319 1116 τὴν
3346 1046 3524 1119 ψυχὴν
3557 1049 3654 1103 ἐπὶ
3693 1051 3770 1121 τῇ
3815 1067 3889 1103 τι»

2315 1139 2488 1210 σαύτη
2521 1137 2615 1191 τοῦ
2648 1135 2782 1191 Θεοῦ
2811 1135 3215 1207 φιλανθρωπίᾳ,
3238 1137 3543 1209 ἀπάρχεται
3564 1139 3672 1193 τῶν
3705 1137 3890 1212 byw-Iv

2313 1230 2527 1300 καὶτῆς
2551 1228 2885 1298 δοξολογίαςυ
2915 1228 2977 1281 τὸ
3004 1227 3049 1281 δ’
3069 1227 3201 1280 αὐτὸ
3227 1229 3323 1280 καὶ
3349 1228 3541 1293 ἀλλους
3563 1232 3743 1284 ποιεῐν
3768 1247 3890 1303 προ-

2308 1320 2602 1390 τρέπεται·
2634 1319 2755 1372 οὐδὲ
2796 1318 2906 1391 γὰρ
2931 1321 2961 1371 ὁ
3007 1317 3379 1389 φανησόμενος
3427 1321 3524 1372 καὶ
3561 1319 3890 1392 γνωρισθεὶς

631 1391 944 1449 extenditur
999 1398 1054 1450 in
1094 1405 1366 1456 extremas
1415 1405 1662 1460 omnium
1716 1418 1988 1465 terrarum
2021 1423 2181 1483 parte

633 1483 854 1517 Iuliana
896 1487 1013 1517 Δί..-
1044 1499 1284 1517 ...ειη-ο..-
1353 1494 1668 1517 -..ι--.ει.---
1712 1515 1762 1517 _,
1880 1513 1890 1517 -
2014 1513 2024 1517 -

2306 1413 2440 1482 ημῖν
2473 1411 2626 1477 Θεὸς,
2663 1409 2759 1463 νῦν
2808 1409 2904 1463 τοῦ
2943 1409 3131 1480 ἄρχειν
3157 1406 3569 1517 ἧρξατρ,.ἀλλά
3614 1413 3889 1517 προιούσης

632 1483 856 1553 antiqua
895 1487 1014 1556 ejus
1044 1499 1286 1559 potestas
1307 1532 1322 1557 ,
1350 1494 1671 1554 cmlestibus
1706 1513 1952 1572 accepta,
1975 1513 2029 1560 et
2061 1521 2181 1576 τρυε

2306 1502 2472 1557 αὑτοῦ
2521 1503 2619 1572 τῆς
2666 1503 3007 1573 κυριότητος,
3058 1501 3154 1554 καὶ
3181 1502 3240 1554 ἐν
3546 1502 3884 1604 κρατούσηςί

631 1572 779 1642 ipsos
847 1578 1008 1632 etiam
1084 1582 1234 1650 prius
1307 1584 1419 1652 jam
1459 1589 1752 1647 celebrata.
1817 1572 2181 1664 Apostoloruu

631 1666 873 1701 ιιι-δίεμαι.
898 1669 1184 1701 Ann".---
1218 1674 1465 1701 suumn.--
1507 1679 1581 1701 2n:
1646 1684 1718 1701 ,μ
1771 1700 1776 1701 ,
1933 1688 1944 1700 .
2021 1695 2032 1701 -

2306 1597 2398 1649 καὶ
2449 1597 2576 1667 παρ’
2608 1572 2840 1658 ἐκείνοις
2881 1593 3282 1665 δοξαζομινης,
3312 1593 3410 1697 ἐἰς
3453 1593 3524 1645 τά

628 1666 874 1722 ordinem
897 1669 1188 1742 designant
1218 1674 1468 1733 homines
1507 1679 1608 1747 illi,
1637 1684 1788 1740 circa
1824 1688 2181 1759 navigatorun

2304 1687 2408 1756 γῆς
2457 1666 2672 1758 πέρατα
2729 1687 3174 1758 φανερωθήσεται
3528 1685 3748 1789 sua-mc-
3792 1687 3886 1756 τῆς

629 1773 829 1815 munus
861 1775 1143 1822 versantes
1192 1783 1221 1820 a
1266 1771 1468 1840 quibus
1502 1774 1738 1843 primum
1792 1775 1906 1832 haec
1951 1778 2181 1836 doctrin:

2305 1779 2557 1845 γνώσεως
2590 1776 2991 1847 ἀπαρχομένων
3024 1776 3130 1830 τῶν
3168 1774 3407 1829 παλαιῶν
3455 1775 3681 1830 ἐκείνων
3720 1777 3884 1846 ἔργον

626 1853 942 1908 conﬁtenda
970 1867 1108 1913 erat.

696 2052 857 2109 Vns.
885 2057 969 2111 li.
1002 2056 1105 2114 Put'
1135 2061 1283 2116 locos
1313 2063 1654 2123 habitatores
1673 2070 1915 2124 locorum
1939 2072 2193 2138 intendit,

621 2146 712 2212 qui
743 2147 907 2214 primi
941 2147 1280 2208 Salvatorem
1319 2166 1568 2211 nostrum
1605 2158 1898 2216 Dominum
1942 2173 2193 2218 nostrum

618 2233 803 2290 Jesum
842 2238 1124 2296 Christum
1156 2250 1438 2316 excepturi
1473 2261 1630 2305 erant
1655 2261 1708 2306 et
1751 2254 1899 2307 cultu
1935 2270 2194 2324 prosecu-

619 2328 746 2381 turi.
807 2328 942 2385 Dum
976 2334 1043 2387 de
1069 2335 1284 2391 deserto
1318 2339 1577 2410 loquitur,
1626 2345 1692 2398 ad
1734 2347 1944 2401 animas
1977 2347 2189 2415 alludit,

619 2417 857 2474 miseriis
903 2431 950 2475 ο·
1010 2427 1252 2494 periuriis
1311 2443 1642 2498 oppressas,
1689 2449 1816 2488 vera
1867 2434 1957 2490 Dei
2015 2439 2192 2493 scien-

616 2506 691 2559 tia
743 2507 1054 2566 destitutas.
1102 2513 1293 2572 Merito
1341 2522 1504 2574 etiam
1550 2521 1725 2577 Cedar
1769 2537 2053 2593 memorat,
2086 2529 2189 2585 hoc

616 2611 719 2652 nos
758 2598 960 2657 docens
1003 2604 1250 2670 animas,
1292 2623 1412 2677 quae
1443 2612 1594 2680 prius
1649 2624 1837 2668 contra
1883 2619 2186 2675 venientem

615 2687 954 2747 Salvatorem
999 2697 1276 2753 reluctaue
1335 2700 1570 2763 fuerint.
1619 2716 1804 2774 postea
1852 2707 1918 2760 ad
1965 2711 2184 2767 saniora

611 2791 928 2847 revocatas.
959 2801 1080 2840 cum
1135 2792 1483 2847 veneratione
1511 2810 1635 2848 eum
1671 2806 1996 2867 excepturas
2030 2817 2175 2857 esse.

610 2869 744 2926 Nam
798 2879 1078 2944 spectabat
1120 2880 1294 2934 Cedar
1344 2884 1410 2936 ad
1461 2900 1634 2954 genus
1666 2885 1843 2952 Esau,
1880 2888 2184 2948 Jerusalem

619 2964 836 3029 hostile,
872 2969 1152 3040 ipsiusque
1177 2973 1385 3042 legibus
1417 2993 1588 3046 usque
1622 2979 1914 3036 infensum.

2230 1843 2275 1898 Β
2304 1843 2536 1940 ἐχόντων
2553 1869 2652 1936 τὴν
2683 1843 2954 1921 θάλατταν
2980 1867 3185 1935 πλέειν,
3208 1865 3459 1937 ἐδηλοῦτο
3479 1867 3538 1918 τὸ
3555 1843 3883 1936 τάγμα-τῶν

2305 1961 2638 2018 ἀποστόλων.

2385 2077 2478 2129 Ἐκ
2507 2075 2616 2128 τῶν
2644 2075 2826 2126 τόπων
2857 2076 2984 2136 τοὺς
3013 2075 3302 2144 οἰκήτορας
3335 2070 3564 2126 ἐνταῦθα
3596 2071 3878 2142 σημαίνει,

2300 2169 2348 2220 οἳ
2403 2168 2498 2220 καὶ
2536 2167 2745 2238 πρῶτοι
2773 2163 3006 2237 ημελλον
3053 2161 3434 2232 ἐπιγινώσκειν
3479 2161 3568 2215 τὸν
3608 2161 3877 2234 ἡμέτερον

2301 2259 2528 2328 Σωτῆρα
2589 2258 2681 2311 τὸν
2730 2256 2933 2328 Κύριον
2986 2254 3141 2324 ἡμῶν
3189 2252 3393 2324 Ἰησοῦν
3449 2253 3541 2307 τὸν
3599 2254 3876 2323 Χριστὸν,

2298 2350 2391 2404 καὶ
2420 2348 2858 2420 προσκυνοῦντας
2900 2347 3160 2413 δοξάζειν.
3188 2347 3431 2416 Ἐρημον
3458 2344 3516 2397 δὲ
3566 2344 3666 2398 νῦν
3704 2345 3875 2412 λέγει,

2295 2441 2586 2512 ἀναφέρων
2612 2440 2704 2494 τὸν
2744 2439 2901 2507 λόγον
2937 2439 3015 2501 εἰς
3044 2437 3141 2500 τὰς
3169 2437 3365 2507 ψυχὰς,
3392 2437 3595 2498 αἵτινες
3637 2437 3877 2507 ἐρημίαν

2293 2530 2701 2600 ἐταλαιπώρουν
2728 2527 3058 2596 θεογνωσίας
3096 2526 3479 2596 ἐστερημέναι.
3533 2525 3872 2592 ’Δναγκαίως

2290 2624 2344 2675 δὲ
2377 2625 2470 2676 καὶ
2511 2622 2610 2692 τῆς
2658 2620 2848 2690 Κηδάρ
2877 2616 3203 2689 μνημονεύει
3223 2633 3237 2647 ο
3279 2616 3365 2670 διά
3391 2615 3580 2669 τούτου
3604 2617 3873 2670 διδάσκων

2293 2714 2460 2781 ἡμᾶς’
2490 2711 2574 2763 δτι
2606 2711 2664 2761 at
2694 2705 3115 2777 ἀπομαχόμεναι
3144 2705 3275 2776 πρὸς
3302 2705 3400 2776 τὴν
3443 2705 3750 2776 παρουσίαν
3779 2705 3871 2758 τοῦ

2291 2802 2540 2872 Σιών-ἦρος
2561 2800 2751 2870 ψυχαὶ,
2775 2798 3003 2870 ὕστερον
3050 2799 3435 2866 ἐπεγνωκυῖαι,
3472 2796 3869 2898 ὁμολογήσουσι

2287 2891 2351 2945 τὸ
2386 2890 2580 2955 σέϐας·
2628 2892 2723 2945 καὶ
2783 2891 2891 2962 γὰρ
2939 2891 3033 2944 καὶ
3083 2892 3116 2959 ἡ
3161 2888 3352 2960 Κηδὰρ
3403 2888 3599 2958 χωρίον
3654 2883 3723 2958 ἦν
3779 2887 3868 2942 τοῦ

2289 2985 2478 3055 γένους
2537 2983 2630 3037 τοῦ
2688 2983 2896 3045 Ἡσαῦ,
2954 2983 2984 3033 δ
3048 2981 3270 3034 διετέλει
3310 2980 3745 3050 ’ἀπομαχόμενον
3805 2982 3866 3048 τῇ

2298 3074 2668 3146 Ἰερουσαλὴμ,
2692 3075 2786 3128 καὶ
2805 3072 3213 3143 ἐναντιούμενον
3241 3075 3352 3134 τοῖς
3369 3071 3572 3141 ταύτης
3592 3071 3863 3142 νομίμοις.

684 3157 846 3217 Vsus.
901 3164 987 3217 l5.
1033 3166 1338 3223 Adventum
1380 3172 1683 3230 Salvatoris
1715 3184 1769 3227 et
1811 3178 1900 3232 hic
1943 3181 2178 3237 manife-

2356 3185 2468 3255 Τὴν
2505 3184 2600 3236 τοῦ
2641 3184 2892 3254 Σωτῆρος
2925 3182 3220 3252 ἐπιδημίαν
3253 3181 3344 3234 καὶ
3378 3180 3612 3234 ἐνταῦθα
3653 3179 3866 3251 epam};

605 3250 745 3305 stius
779 3252 1006 3320 indicat,
1038 3258 1132 3326 qui
1175 3275 1363 3328 pacem
1399 3264 1560 3320 nobis
1597 3266 1806 3333 aﬂ‘eret,
1842 3278 1917 3334 et,
1956 3271 2024 3324 ad
2057 3274 2178 3327 vin-

605 3342 808 3397 dictam
859 3349 1148 3419 semetipse
1205 3367 1590 3420 commovens,
1649 3359 1856 3416 inimici
1933 3363 2076 3419 vires
2123 3373 2178 3420 et

605 3435 920 3501 superbiam
960 3449 1228 3497 conteret.
1262 3442 1398 3498 Nam
1442 3445 1652 3503 hostem
1684 3462 1738 3505 et
1768 3451 2049 3508 inimicum
2082 3472 2179 3510 no-

603 3535 774 3578 strum
808 3543 917 3582 non
961 3534 1296 3603 aggreditur,
1329 3540 1488 3607 quasi
1533 3540 1728 3596 fuisset
1762 3545 1881 3598 zelo
1910 3545 2172 3614 affectus;

600 3631 806 3672 vacuus
837 3621 984 3675 enim
1009 3625 1079 3679 ab
1101 3629 1248 3679 omni
1283 3628 1525 3682 humano
1555 3631 1772 3697 aﬂ‘ectu,
1800 3643 1987 3709 utpote
2008 3637 2173 3706 Deus,

606 3707 901 3776 semetipse
959 3711 1025 3764 ad
1074 3713 1373 3770 vindictam
1448 3707 1873 3792 commovebitf
1921 3729 2068 3797 quod
2121 3740 2177 3784 et

597 3808 765 3849 carne
801 3812 1083 3871 suscepta,
1129 3803 1281 3860 fecit.
1318 3807 1453 3862 Nam
1486 3826 1610 3865 eum
1669 3815 2022 3874 intremuisse
2064 3821 2174 3890 spi-

597 3886 706 3940 ritu
733 3890 777 3920 "
806 3902 1036 3948 narrant
1062 3901 1429 3967 evangelium,
1475 3902 1705 3959 liberum
1735 3908 1856 3977 ejus
1885 3911 2172 3967 arbitrium

595 3978 979 4050 declarantes;
1014 4001 1139 4040 nam
1176 3989 1446 4062 lacrymas
1473 3992 1682 4060 effudit,
1716 4007 1770 4054 et
1808 4015 2008 4072 corpus
2047 4005 2174 4058 fati-

594 4079 779 4138 gatum
808 4075 848 4104 "
884 4080 1075 4144 sensit,
1101 4081 1328 4139 aﬂectus
1366 4085 1503 4141 istos
1528 4087 1672 4142 haud
1717 4089 1921 4147 invitus
1950 4108 2172 4165 perpes-

595 4177 715 4227 sus,
751 4165 850 4220 sed
885 4169 1062 4224 libens
1090 4171 1155 4227 iis
1192 4189 1396 4245 corpus
1428 4193 1587 4233 suum
1619 4181 1877 4252 subjecit.
1909 4183 2169 4243 Homines

593 4255 813 4325 quidem
865 4275 966 4315 nos
1023 4262 1294 4333 lacrymas
1348 4267 1752 4338 profundimus,
1800 4289 1912 4329 non
1951 4280 2169 4347 quando

593 4347 966 4416 voluerimus;
1017 4353 1114 4407 sed
1146 4355 1275 4424 quia
1306 4357 1412 4411 illa:
1445 4363 1693 4430 corporei
1729 4365 1959 4423 affectus
2013 4379 2163 4435 sunt,

593 4437 704 4492 illis
735 4441 815 4493 vel
846 4441 1002 4498 inviti
1030 4459 1349 4515 movemur;
1382 4449 1448 4504 de
1475 4451 1586 4508 Deo
1617 4461 1798 4510 autem
1831 4473 1942 4513 non
1972 4462 2161 4517 eadem

2287 3276 2636 3346 ὑπαγορεύει,
2679 3275 2738 3339 ὃς
2765 3277 2895 3346 ήμῖν
2926 3275 3025 3344 μὲν
3070 3274 3291 3344 εἰρήνην
3323 3270 3574 3342 βραϐεύει
3599 3312 3613 3335 ,
3649 3273 3868 3326 καθελεῖ

2279 3367 2337 3420 δέ
2374 3351 2553 3419 πᾶσαν
2599 3366 2830 3437 δύναμίν
2868 3382 2930 3418 τε
2989 3364 3082 3416 καὶ
3115 3362 3433 3427 ἀλαζονείαν
3479 3363 3573 3416 τοῦ
3624 3364 3863 3434 ἐχθροῦ,

2281 3458 2469 3511 ἐαυτὸν
2510 3459 2738 3530 κινήσας
2773 3458 2908 3528 πρὸς
2954 3455 3226 3510 ἐκδικίαν·
3264 3455 3386 3508 οὑδὲ
3432 3457 3543 3524 γὰρ
3579 3456 3656 3518 ὥς
3687 3456 3865 3521 πάθη

2281 3551 2567 3622 ὑπομένων
2621 3549 2983 3619 ζηλοτυπίας,
3039 3548 3278 3618 χωρήσει
3332 3548 3472 3600 κιτά
3516 3547 3711 3620 ἐχθροῦ
3769 3548 3864 3601 καὶ

2280 3643 2539 3713 πολεμίου
2583 3644 2746 3712 ἡμῖν’
2782 3640 2898 3694 ἀλλ’
2946 3639 3230 3709 ἐλεύθερος
3289 3638 3364 3691 ὢν
3411 3640 3609 3702 παντὸς
3655 3639 3862 3702 πάθους

2277 3732 2617 3803 ἀνθρωπίνου
2658 3732 2752 3785 ἅτε
2783 3731 2915 3794 Θεὸς
2955 3732 3147 3783 ἐαυτὸν
3179 3732 3390 3800 κινήσει
3445 3729 3580 3799 πρὸς
3612 3730 3856 3799 ἄμυναν·

2279 3818 2462 3882 καθὼς
2487 3819 2583 3871 καὶ
2628 3821 2686 3872 ἐν
2720 3819 2881 3889 σαρκὶ
2915 3819 3102 3886 φανεὶς
3128 3818 3397 3887 πεποίηκε
3419 3833 3432 3846 °
3470 3818 3550 3888 τῷ
3594 3818 3722 3887 γὰρ,
3761 3819 3859 3871 ἐν·

2276 3911 2632 3981 εὸριμήσατο
2649 3909 2729 3976 τῷ
2745 3911 3057 3981 πνεύματι,
3095 3909 3446 3980 σημειοῦνται
3483 3911 3533 3963 oi
3576 3910 3858 3977 εὐαγγελιη

2278 4004 2435 4070 σταὶ,
2460 4002 2746 4074 δηλοῦντες
2777 4003 2838 4055 τὸ
2883 4002 3130 4057 ἑκούσιον
3176 4005 3272 4071 τῆς
3319 4002 3579 4073 γνώμης·
3617 4002 3854 4074 δάκρυον

2276 4095 2383 4166 γὰρ
2429 4093 2633 4165 ἐξέχεε,
2686 4096 2778 4147 καὶ
2809 4094 3052 4164 κάματον
3101 4093 3338 4164 ὑπέμενε
3397 4093 3738 4164 σωματικὸν,
3783 4095 3856 4146 τά

2275 4183 2422 4254 πάθη
2451 4185 2550 4236 οὑκ
2589 4183 2861 4246 ἀκουσίως
2894 4183 3202 4254 ὑπομένων,
3230 4183 3343 4236 ἀλλ’
3375 4185 3464 4236 ἐπ’
3492 4183 3738 4248 ἐξουσίας
3773 4183 3855 4254 τῷ

2275 4276 2485 4347 σώματι
2504 4277 2827 4330 ἐπιτάττων.
2867 4275 2991 4328 Ἐπὶ
3047 4275 3157 4344 γὰρ
3187 4275 3344 4344 ήμῶν
3391 4274 3502 4327 τῶν
3547 4274 3853 4346 ἀνθρώπων

2272 4367 2480 4439 δάκρυα
2513 4368 2612 4438 μὲν
2649 4369 2912 4438 ἐκχεῖται,
2948 4367 3046 4435 οὐχ
3079 4366 3155 4418 ὅτ’
3192 4366 3258 4418 ἂν
3300 4365 3566 4436 θέλωμεν,
3604 4367 3852 4435 σώματος

2270 4457 2326 4508 δὲ
2369 4457 2499 4510 ὄντα
2527 4458 2730 4526 φυσικά
2771 4456 2940 4526 πάθη,
2977 4457 3072 4510 καὶ
3119 4455 3386 4518 ἀκουσίως
3418 4454 3593 4508 ταῦτα
3639 4456 3845 4525 ὑπομέ-

590 4528 806 4594 valent,
863 4532 959 4586 sed
995 4535 1111 4605 ipse
1163 4539 1229 4591 ad
1284 4549 1478 4595 nutum
1528 4555 1730 4599 cuncta
1767 4549 1945 4617 gerit,
1999 4558 2053 4607 et
2107 4555 2162 4607 in

2284 4561 2435 4613 ωομεν
2452 4561 2464 4572 ·
2497 4545 2526 4595 ὁ
2553 4543 2610 4596 δὲ
2640 4545 2774 4607 Θεὸς
2792 4544 2890 4612 οὑχ
2916 4543 3109 4606 οὕτως.
3135 4542 3249 4595 ἀλλ’
3285 4544 3370 4594 ἐπ’
3398 4543 3645 4608 ἐξουσίας
3674 4546 3844 4597 πάντα

590 4617 779 4675 hostes
812 4622 1002 4678 eadem
1044 4636 1317 4696 potestate
1350 4630 1572 4701 gaudet.

657 4823 822 4882 Vens.
864 4831 950 4883 l7.
1001 4831 1339 4890 Confusione
1397 4837 1530 4892 dicit
1586 4855 1681 4895 eos
1735 4843 2152 4900 confundendos

592 4931 693 4988 pro
724 4920 966 4988 peccatis
1000 4924 1214 4990 merito,
1244 4933 1298 4980 et
1323 4929 1460 4984 tales
1491 4930 1728 4999 futuros,
1759 4934 1941 5002 qualia
1985 4936 2158 4990 simu-

607 5024 736 5062 acra
790 5025 1004 5076 eorum,
1073 5015 1152 5068 uti
1225 5018 1488 5088 scriptum
1535 5031 1650 5077 est:
1694 5043 1712 5074 ι
1770 5023 1988 5081 Similes
2051 5027 2158 5082 illis

585 5097 718 5152 flant
752 5101 845 5175 qui
883 5101 1091 5157 faciunt
1120 5120 1183 5160 ea
1218 5107 1283 5160 ¹⁸.
1321 5127 1339 5159 ι
1373 5108 1528 5175 Quod
1566 5113 1611 5168 si
1645 5115 2032 5169 contumeliam
2059 5115 2161 5170 du-

584 5189 710 5243 citis
734 5172 944 5248 similes
971 5192 1087 5248 ﬁeri
1121 5196 1282 5253 idolis
1305 5172 1529 5266 ves-tris,
1552 5202 1920 5259 recordemini
1951 5204 2156 5272 potius,

581 5291 787 5345 quanto
827 5286 1143 5357 vosmetipsi
1178 5287 1482 5358 deprimitis
1541 5307 1640 5361 pro
1695 5291 1932 5347 dominis
1972 5307 2068 5347 eos
2102 5303 2157 5348 et

581 5371 690 5429 diis
722 5373 1012 5431 habentes.

657 5550 821 5607 Vsus.
858 5556 942 5610 l8.
988 5556 1194 5615 Sensus
1228 5576 1348 5615 cum
1387 5561 1657 5630 habeatis,
1700 5566 1999 5636 recogitate
2037 5582 2157 5638 qua:

2273 4635 2462 4700 ποιῶν,
2502 4636 2598 4688 καὶ
2629 4635 2770 4688 κατὰ
2795 4634 2902 4687 τῶν
2931 4631 3143 4704 ἐχθρῶν
3163 4635 3241 4710 τῇ
3273 4635 3411 4705 αὐτῇ
3447 4635 3672 4706 δυνάμει
3708 4637 3840 4704 χρήο

2272 4743 2440 4780 σεται.

2339 4835 2451 4907 Τῆς
2473 4838 2592 4890 κατ’
2626 4834 2784 4900 ἀξίαν
2806 4836 2914 4888 τῶν
2947 4835 3356 4907 ἁμαρτημάτων
3380 4835 3640 4906 αἰσχύνης
3661 4833 3838 4897 ἀξίους

2269 4922 2405 4980 εἶναι
2430 4924 2628 4992 αὑτοὺς
2652 4928 2850 4997 φάσκει
2871 4944 2885 4958 ’
2914 4929 3008 4981 καὶ
3037 4927 3309 4991 τοιούτους
3340 4926 3580 4991 ἔσεσθαι,
3611 4921 3698 4979 οἷά
3733 4943 3837 4995 περ

2268 5020 2361 5073 καὶ
2415 5019 2484 5073 τά
2521 5020 2842 5090 σεϐάσματα
2883 5018 3094 5082 αὐτῶν,
3129 5021 3271 5072 κατά
3315 5021 3377 5071 τὸ
3421 5018 3835 5090 γεγραμμένον·

2272 5130 2290 5161 ι
2323 5112 2539 5180 Ὅμοιοι
2567 5112 2750 5173 αὑτοῖς
2775 5112 3017 5180 γένοιντο
3044 5111 3092 5162 oi
3126 5109 3404 5172 ποιοῦντες
3447 5110 3618 5163 αὑτὰ’
3648 5129 3666 5160 ι
3700 5111 3749 5160 εί
3780 5109 3833 5161 ἃ

2267 5200 2424 5272 ὓϐριν
2452 5202 2672 5272 ἡγεῖσθε
2709 5202 2772 5254 τὺ
2801 5198 3179 5271 ἐξομοιοῦσθαι
3207 5203 3318 5264 τοίς
3348 5198 3680 5271 σεὸἀσμασιν
3703 5201 3830 5251 ἐαυ-

2265 5294 2394 5358 τῶν,
2423 5295 2558 5348 πολὺ
2588 5295 2851 5366 πρότερον
2894 5295 3037 5347 κατά
3085 5293 3208 5347 νοῦν
3251 5293 3466 5357 λάὁετε,
3494 5293 3570 5356 ὡς
3613 5294 3831 5355 ἑαυτοὺς

2263 5385 2596 5456 ἀτιμάζετε,
2646 5384 2910 5447 δεσπότας
2958 5386 3155 5448 αὐτοὺς
3204 5389 3297 5439 καὶ
3337 5385 3493 5447 θεοὺς
3535 5385 3830 5455 ἐπιγραφκά

2266 5493 2438 5544 μενοι.

2331 5568 2522 5620 Τοίνυν
2555 5567 2624 5619 τὰ
2657 5567 2988 5640 αίσθητήρια
3022 5567 3362 5640 κεκτημένοι,
3389 5566 3479 5619 τὸν
3515 5567 3708 5620 σκοπὸν
3735 5562 3829 5619 τοῦ

653 5702 869 5763 “Joan.
900 5727 975 5775 xi.
1013 5714 1098 5768 35.
1183 5717 1222 5748 "
1248 5717 1377 5774 ibid.
1406 5721 1502 5787 δίῃ
1532 5733 1661 5776 huc.
1698 5736 1817 5787 nr,
1846 5719 1933 5788 il;
1969 5720 2126 5780 Joan.
2158 5721 2300 5790 tv,6.
2384 5721 2583 5779 "Psa-l.
2615 5737 2764 5788 cxiii,
2800 5723 2854 5778 8.
