4044 6324
172 347 314 402 1557

1556 351 1623 407 IN
1661 352 1918 410 ΙδΔΙΔἊ.

3291 348 3432 404 I358

163 462 464 528 δηλοῦντος
510 463 656 535 ὑμᾶς
694 464 1021 536 ἑννοήσατν
1050 462 1126 528 ὡς
1177 467 1255 528 είς
1296 463 1545 536 οὐράνιον
1599 467 1736 520 πολι·

1855 465 1928 521 sit
1957 479 2109 520 mens
2146 465 2418 520 vocantis.
2463 463 2544 518 Ad
2594 462 2878 518 cmlestem
2922 460 3202 518 civitatem
3247 463 3431 516 vocati

161 551 322 608 τιίαν
347 553 638 624 κέκλησθε,
667 555 764 608 καὶ
800 556 876 617 είς
911 555 1176 623 ἀγγέλους
1201 555 1375 608 τελεῖν
1407 557 1749 626 παρεσκεύα-

162 639 298 694 σθε·
340 642 494 695 οὐδὲν
538 643 728 713 tum
771 643 904 712 παρ’
955 642 1107 712 ὑμῶν
1145 642 1428 707 ἁπαιτῶν,
1464 642 1497 708 ἢ
1537 642 1634 713 τὴν
1688 642 1751 705 ἐξ

166 732 388 796 εὐνοίας
439 735 670 787 αῖνεσιν·
715 732 896 803 ῆνπερ
951 732 1376 805 παραλιπόντες,
1415 732 1748 786 ὲκδεδώκατε

163 822 399 885 ἑαυτοὺς
449 822 526 890 τῷ
568 821 811 894 πονηρῷ,
865 823 960 876 καὶ
1003 824 1263 894 γεγόνατε
1309 824 1515 878 ἐκείνου
1547 825 1749 895 αἰχμά·

163 912 361 981 λωτοι,
393 914 778 984 παγιδεύοντες
809 914 1004 978 αὐτοὺς
1028 915 1089 966 ιν
1118 913 1445 985 συνειδήσει,
1471 917 1565 969 καὶ
1595 916 1748 969 εἰδω-

163 1003 516 1068 λοτωιοῦντες
565 1006 624 1058 ιν
665 1007 777 1072 τοῖς
807 1005 974 1071 οἴκοις
1018 1005 1202 1077 ὑμῶν·
1255 1005 1364 1058 ἀπὸ
1409 1005 1521 1077 γὰρ
1562 1005 1748 1060 κακῶν

162 1095 398 1150 ιννοιῶν
427 1096 507 1158 τις
550 1095 709 1176 ἔργον
739 1095 1161 1168 προκεχώρηκεν
1188 1095 1317 1166 ὑμῖν
1351 1095 1421 1150 τὰ
1462 1095 1745 1166 ἐπιτηδεύ-

165 1203 322 1258 ματα
338 1206 352 1217 ·
375 1187 582 1257 διόπερ,
605 1187 950 1258 αίχμαλωσίᾳ
975 1190 1042 1258 τῇ
1068 1203 1127 1239 τε
1150 1186 1292 1239 κατὰ
1315 1186 1469 1257 σῶμα
1487 1188 1582 1240 καὶ⁹
1600 1187 1744 1257 ψυχῇ

163 1276 586 1348 omnem“,
603 1278 699 1347 οὐχ
727 1277 877 1342 ἕξετε
895 1276 986 1330 τόν
1011 1274 1536 1347 ἀντιλαμϐανόμενον
1555 1275 1708 1346 ὑμῶν
1729 1293 1740 1306 ·

160 1367 278 1420 τῶν
307 1367 418 1437 γὰρ
450 1368 721 1438 πολεμίων
752 1368 1107 1430 ἐπελθόντων,
1141 1368 1191 1420 οί
1237 1368 1579 1438 νομισθέντες
1616 1369 1744 1439 παρ’

165 1459 299 1529 ὑμῖν
329 1455 469 1512 εἶναι
497 1458 607 1512 θεοὶ
629 1461 689 1512 οὐ
721 1459 793 1532 μὴ
815 1459 1103 1526 ἐξέλωνται
1137 1459 1300 1530 ὑμᾶς,
1335 1460 1454 1513 οὐδὲ
1495 1461 1563 1513 τὰ
1596 1461 1745 1530 παρὰ

161 1546 276 1598 τῶν
306 1545 580 1619 πολεμίων
616 1547 990 1618 διαρπαγέντα
1029 1547 1569 1618 ἀποκαταστήσουσιν
1595 1549 1742 1617 ὑμῖν.

236 1637 357 1708 Γῆς
395 1640 455 1703 ἐξ
485 1638 758 1706 Αἰγύπτου
809 1637 1121 1710 ἐλευθερίας
1159 1639 1601 1709 ὑπομιμνήσκει⁹
1633 1639 1745 1691 δει-

163 1729 326 1792 κνὺς,
359 1729 454 1794 ὡς,
489 1727 622 1781 Ὀλα
649 1727 776 1799 ἔθνη
802 1728 1280 1799 τιμωρησάμενος,
1305 1727 1456 1798 ὑμῶν
1492 1729 1744 1780 ἀντικατ-

1851 555 2006 618 estis.
2041 564 2094 611 et
2131 555 2186 610 in
2232 555 2548 626 angelorum
2584 554 2922 608 consortium
2958 549 3258 616 destinati;
3294 549 3432 604 nihil

1853 662 1883 701 a
1915 649 2072 704 vobis
2105 648 2356 718 deposcit
2401 645 2545 700 Deus
2567 687 2582 711 ,
2620 655 2814 716 prarter
2845 645 2982 716 grati
3013 643 3180 697 animi
3219 641 3428 697 laudes.

1851 737 1998 804 Quas
2052 747 2231 793 autem
2265 739 2614 807 denegantes,
2655 736 2802 792 malo
2847 749 2944 790 vos
2987 735 3136 803 ipsos
3174 732 3426 797 dedistis,

1851 829 1999 884 illius
2051 829 2248 900 captivi
2299 827 2428 882 facti
2497 829 2632 882 estis
2664 867 2679 891 ,
2751 825 3146 882 conscientiam
3191 825 3428 878 obdure-

1851 927 2086 984 scentes,
2142 927 2197 975 et
2247 919 2388 975 idola
2443 918 2496 972 in
2551 917 2806 971 domibus
2847 916 3045 971 vestris
3088 917 3428 972 constituen-

1849 1019 1977 1078 tes;
2013 1018 2138 1065 actu
2165 1011 2308 1064 enim
2343 1007 2673 1080 perfecistis,
2721 1021 2843 1076 qua:
2889 1006 3046 1076 prius
3088 1013 3270 1060 mente
3303 1013 3422 1061 stu-

1848 1098 2110 1153 dueratis.
2160 1097 2502 1166 Quapmpter
2548 1105 2600 1151 et
2623 1109 2853 1165 corpore
2881 1094 3147 1150 etanimo
3201 1095 3258 1148 in
3320 1109 3417 1148 ca-

1848 1188 2145 1259 ptivitatem
2186 1187 2414 1249 redacti,
2451 1202 2557 1239 non
2609 1186 2878 1240 habebitis
2915 1185 3008 1254 qui
3051 1201 3149 1239 vos
3199 1185 3420 1241 liberet.

1846 1277 1982 1332 Nam
2013 1277 2262 1332 hostibus
2291 1291 2390 1330 vos
2427 1275 2828 1338 invadentibus,
2862 1290 2968 1328 non
2999 1283 3283 1346 protegent
3328 1290 3426 1331 vos

1853 1370 1956 1434 illi,
1983 1370 2079 1438 qui
2108 1367 2184 1421 dii
2214 1383 2338 1424 esse
2370 1376 2715 1438 reputantur,
2750 1383 2852 1421 nec
2879 1374 3035 1436 rapta
3064 1367 3134 1421 ab
3175 1367 3424 1423 hostibus

1845 1461 2001 1515 vobis
2029 1461 2340 1515 restituent.

1917 1635 2051 1690 CAP.
2110 1632 2296 1700 XLIII,
2332 1633 2498 1688 Vsns.
2543 1633 2595 1688 3.
2639 1630 3040 1687 Liberationem
3083 1647 3148 1685 ex
3187 1629 3427 1701 Egypto

1845 1732 2258 1781 commemorat.
2286 1723 2490 1778 Gentes
2515 1730 2744 1777 cunctas
2767 1720 2946 1791 poenis
2967 1718 3252 1773 alliciendo
3271 1734 3424 1772 com-

159 1818 519 1891 ηλλαξάμην,
573 1820 812 1882 ἐκείνους
876 1819 977 1889 μὲν
1023 1818 1280 1879 κακώσας
1345 1819 1441 1874 καὶ
1494 1818 1736 1910 ἀπωλείᾳ

1845 1815 2209 1871 mutationem
2243 1822 2482 1868 vestram
2510 1813 2634 1876 feci,
2669 1811 2865 1880 inquit,
2891 1809 3012 1863 illos
3027 1810 3244 1878 quidem
3275 1811 3423 1862 cala-

165 1912 468 1982 παραδοὺς,
500 1912 628 1982 ὑμῖν
655 1912 711 1964 δὲ
735 1910 986 1981 βοήθειαν
1011 1910 1224 1980 νείμας.

235 2101 409 2154 Πάλιν
443 2098 677 2153 ἐνταῦθα
709 2099 1134 2171 ὑπομιμνήσκει,
1167 2100 1249 2154 ὅτι
1295 2101 1392 2171 οὐχ
1423 2103 1498 2164 ὡς
1523 2103 1740 2163 οἰκείοις

163 2192 352 2252 πόνοις
377 2190 536 2257 δόξαν
567 2192 778 2252 ἑαυτοῖς
807 2191 1280 2261 περιεποιήσαντο,
1309 2193 1428 2244 οὐδὲ
1453 2193 1557 2264 ἰδίᾳ
1583 2194 1739 2248 δυνά-

165 2298 257 2352 μει
303 2279 414 2333 τῶν
442 2279 610 2332 ὲθνῶν
654 2279 1054 2351 περιεγένοντο,
1098 2280 1231 2334 ἀλλὰ
1263 2281 1356 2334 τοῦ
1385 2283 1520 2336 Θεοῦ
1569 2285 1738 2336 ἁπαν-

159 2371 331 2442 ταχοῦ
359 2371 453 2425 καὶ
481 2370 685 2423 τούτων
717 2371 1064 2442 ὲρημούντων
1093 2373 1436 2443 ἐνεργοῦντος
1461 2374 1600 2427 κατὰ
1629 2375 1738 2426 τῶν

161 2462 459 2516 ἐναντίων·
505 2461 761 2533 ἑλομένου
806 2461 913 2532 γάρ
949 2479 1050 2531 μου
1087 2464 1353 2517 συντελεῖν
1397 2481 1456 2518 σε
1499 2467 1578 2528 εἰς
1611 2466 1736 2519 λαὸν

161 2551 318 2622 ἐμὸν,
350 2549 684 2620 ἀπρονόητος
708 2551 768 2601 οὐ
803 2550 1140 2619 μεμένηκας.

233 2662 427 2732 Ὅτιή
479 2660 684 2731 ἔρημος
742 2659 960 2713 νοτίδων
1009 2659 1167 2714 θείων
1215 2659 1556 2730 τυγχάνουσα
1590 2662 1734 2734 ψυχὴ

165 2752 306 2824 μετὰ
329 2753 430 2824 τὴν
476 2751 776 2824 παρουσίαν
817 2749 911 2802 τοῦ
957 2750 1203 2820 Σωτῆρος
1231 2750 1549 2821 πλημμυρεῖ
1577 2752 1735 2805 θείων

162 2844 508 2914 διδαγμάτων
529 2884 544 2911 ,
578 2845 636 2907 ὃς
679 2843 776 2914 τὴν
824 2841 947 2898 καθ’
978 2841 1206 2894 ἕκαστον
1235 2841 1402 2912 ἄνδρα
1437 2844 1529 2896 καὶ
1583 2848 1734 2915 κοινῇ

159 2937 260 3007 τὴν
297 2935 622 3005 Ἐκκλησίαν
658 2935 748 2987 ῐσα
782 2936 1046 3002 ποταμοῖς
1075 2932 1404 3002 ἐπαρδεύετο
1433 2938 1544 2997 τοῖς
1573 2935 1736 2998 θείοις

160 3027 520 3096 διδάγμασινο
556 3026 755 3096 ὁμοίως
787 3025 844 3077 δὲ
879 3026 1091 3094 νοήσεις
1142 3024 1236 3074 καὶ
1280 3023 1347 3077 τὰ
1385 3025 1530 3093 ἑξῆς,
1566 3027 1737 3097 ἀρμόο

1842 1903 2128 1959 mitatibus
2156 1915 2212 1958 et
2236 1905 2407 1958 exitio
2431 1902 2698 1974 amigens,
2729 1916 2830 1956 vos
2853 1908 3034 1955 autem
3072 1901 3274 1954 auxilio
3299 1915 3422 1955 meo

1839 1994 2053 2049 fovens.

1918 2105 2078 2162 v’sns.
2111 2108 2164 2160 4.
2221 2106 2423 2160 lterum
2461 2106 2550 2160 hic
2583 2105 2850 2171 declarat,
2883 2106 3029 2176 ipsos
3067 2119 3174 2159 non
3217 2104 3420 2159 labori-

1839 2200 1944 2254 bus
1969 2201 2087 2254 suis
2115 2199 2344 2270 gloriam
2391 2199 2620 2266 adeptos
2650 2212 2796 2260 esse,
2842 2212 2944 2250 nec
2970 2211 3067 2249 sua
3103 2197 3304 2250 virtute
3334 2195 3418 2249 fu-

1845 2293 2060 2360 gavisse
2094 2291 2304 2354 hostes,
2339 2289 2434 2343 sed
2468 2287 2635 2342 Deum
2666 2287 2889 2356 ubique,
2926 2293 2981 2340 et
3013 2301 3110 2356 per
3139 2301 3197 2340 se
3223 2285 3418 2339 adver-

1842 2382 2019 2435 sarios
2048 2395 2299 2450 quosque
2333 2380 2617 2448 repulisse.
2653 2378 2766 2450 Ego
2796 2378 2940 2432 enim
2985 2384 3037 2431 te
3077 2377 3327 2447 eligerem
3355 2388 3417 2429 ut

1837 2480 1890 2526 te
1945 2471 2204 2541 populum
2233 2484 2409 2525 meum
2460 2469 2715 2532 facerem,
2756 2468 3076 2539 imprudens
3134 2480 3265 2521 vero
3304 2481 3416 2520 non

1837 2559 2224 2629 perseverasti.

1907 2669 2073 2724 Vens.
2107 2668 2196 2722 l9.
2246 2667 2469 2723 Deserta
2515 2667 2656 2720 facta
2704 2665 2943 2720 hominis
2977 2664 3198 2727 anima,
3234 2670 3288 2717 et
3322 2661 3412 2716 di-

1837 2761 1978 2816 vinis
2004 2759 2430 2829 cogitationibus
2460 2772 2628 2810 vacua
2651 2794 2666 2819 ,
2712 2765 2836 2825 post
2869 2754 3165 2808 Salvatoris
3196 2754 3405 2806 adven-

1835 2861 1952 2905 tum
1988 2850 2187 2904 divinis
2235 2849 2502 2902 doctrinis
2554 2846 2870 2916 replebitur,
2910 2845 3004 2914 qui
3039 2844 3282 2912 singulos
3315 2843 3414 2897 bo-

1837 2943 2012 2995 mines
2064 2947 2118 2994 et
2173 2939 2484 3015 universam
2533 2937 2832 2991 Ecclesiam
2878 2936 3035 3005 quasi
3089 2933 3415 2990 ﬂuminibus

1838 3031 2154 3087 caelestibus
2201 3031 2466 3085 doctrinis
2505 3030 2786 3098 irrigavit;
2824 3029 3078 3084 similiter
3117 3035 3170 3082 et
3216 3035 3412 3082 caetera

161 3117 272 3182 ζων
304 3117 534 3171 ἕκαστον
564 3116 676 3169 τῶν
704 3115 1001 3186 λεχθέντων
1039 3115 1118 3177 είς
1161 3112 1260 3166 τὴν
1294 3114 1352 3169 εν
1378 3115 1574 3186 ψυχαῖς
1604 3118 1736 3171 θεω-

1843 3122 2307 3191 interpretaberis,
2328 3121 2490 3174 verba
2508 3119 2721 3189 singula
2739 3120 2806 3173 ad
2825 3119 3129 3172 animarum
3160 3131 3411 3172 naturam

165 3209 313 3278 ρίαν.

231 3320 348 3389 Τὴν
398 3319 602 3371 ἄνωθεν
634 3319 728 3373 καὶ
771 3323 835 3373 ὲκ
882 3322 1124 3376 παλαιῶν
1177 3325 1381 3395 χρόνων
1435 3327 1734 3398 γενομένην

163 3411 343 3464 αὐτῶν
382 3412 635 3482 πρόνοιαν
693 3411 846 3482 παρὰ
886 3412 980 3464 τοῦ
1018 3413 1152 3466 Θεοῦ
1212 3415 1617 3468 ὑποδείκνυσινο
1671 3418 1732 3471 οὐ

161 3499 271 3572 γὰρ
320 3499 414 3552 νῦν
457 3498 711 3569 ἠρξάμην
744 3503 991 3570 προνοεῖν
1035 3502 1214 3572 ὑμῶν·
1263 3502 1380 3554 οὐδὲ
1427 3503 1587 3573 ἡνίκα
1635 3503 1733 3574 τὴν

161 3591 258 3643 ἀπ’
294 3588 570 3657 Δίγύπτου
615 3590 790 3655 ἔξοδον
837 3591 1138 3657 ἐποιεῖσθε,
1201 3592 1391 3655 θυσίας
1445 3595 1588 3663 ὑμᾶς
1629 3595 1734 3646 ἀπ-

158 3679 357 3751 ῄτησαο
380 3681 499 3733 οὐδὲ
523 3681 660 3751 μετὰ
688 3680 947 3751 καμάτων
966 3682 1096 3746 τοὺς
1123 3683 1396 3746 ἐναντίους
1420 3683 1730 3754 χειροῦσθαι

165 3771 518 3843 συνεχώρησα
534 3790 550 3805 ο
568 3773 706 3826 ἀλλὰ
727 3773 820 3826 καὶ
842 3772 1011 3826 ταῦτα
1040 3776 1368 3845 προσφέρειν
1404 3776 1541 3845 μετὰ
1561 3775 1731 3830 ταῦτα

162 3863 428 3928 ἐνέδωκα,
459 3866 765 3936 ἀποστῆσαι
801 3865 1118 3935 βουλόμενος
1161 3866 1393 3920 είδώλων
1413 3907 1428 3930 ,
1461 3869 1555 3920 καὶ
1603 3870 1730 3939 ὑμῖν

164 3955 460 4026 προφάσεις
486 3955 823 4027 ὅωρημάτων
851 3957 1227 4028 παρασχέσθαι
1247 3976 1258 3987 ·
1277 3959 1336 4012 οὐ
1360 3958 1468 4029 γὰρ
1488 3961 1547 4012 ὲν
1574 3961 1731 4032 χρεία

160 4046 367 4100 τούτων
399 4046 734 4119 καθέστηκα.

241 4137 696 4208 ’Υπομιμνήσκει,
718 4139 794 4204 ὡς
831 4142 925 4194 καὶ
957 4143 1108 4211 κοινῆ
1137 4139 1232 4194 τοῦ
1262 4140 1450 4208 γένους
1483 4140 1577 4193 καὶ
1622 4141 1727 4212 ίδία

160 4228 392 4282 ἑκάστου
433 4232 665 4302 ποιητὴς
698 4232 1032 4302 καθέστηκεν
1053 4250 1064 4264 ·
1099 4233 1234 4286 ἀλλὰ
1262 4233 1356 4285 καὶ
1399 4231 1488 4285 διὰ
1521 4233 1728 4296 κοιλίας

162 4319 433 4390 μέμνηται
479 4320 769 4390 διήκουσαν
811 4322 1096 4393 πρόνοιαν,
1130 4321 1600 4386 ζωοπλαστοῦντος
1636 4323 1728 4374 αῦ-

156 4409 249 4461 τοῦ
280 4411 488 4473 πάντας
519 4413 670 4481 ἡμᾶς
715 4414 772 4466 ἐν
826 4415 892 4483 τῇ
931 4412 1083 4484 νηδύϊ
1129 4411 1229 4484 τῆς
1260 4412 1496 4484 μητρὸς,
1543 4413 1726 4470 καὶτὸ

158 4495 294 4552 εἶναι
324 4503 457 4570 ἡμῖν
481 4500 732 4566 διδόντος.

225 4610 488 4663 Ἐνταῦθα
499 4611 560 4664 τὸ
585 4630 603 4663 ι
630 4613 729 4666 οὐκ
751 4607 892 4684 ἦσαν
917 4613 993 4684 (9)
1016 4616 1063 4668 οί
1091 4614 1434 4680 πλάττοντες,
1466 4634 1484 4666 ι
1500 4616 1561 4668 οὐ
1579 4615 1728 4685 παρὰ

157 4700 216 4753 τὸ
243 4700 318 4772 μή
351 4697 492 4754 εἶναι
521 4704 648 4767 τοὺς
678 4704 851 4758 ταῦτα
876 4705 1295 4777 ἐργαζομένους,
1327 4706 1460 4759 ἀλλὰ
1490 4707 1639 4777 παρὰ
1670 4708 1730 4760 τὸ

159 4793 233 4862 μὴ
260 4792 521 4847 δύνασθαι
550 4793 764 4866 βοηθεῖν
791 4799 902 4858 τοῖς
931 4794 1321 4866 θεραπεύουσιν
1346 4797 1505 4862 αὐτὰ,
1544 4797 1620 4860 ὡς
1653 4797 1727 4870 μὴ

154 4880 333 4944 ὄντες·
367 4883 462 4937 καὶ
491 4884 602 4954 γὰρ
634 4886 728 4938 καὶ
767 4885 930 4956 ἡνίκα
968 4887 1002 4956 ή
1033 4886 1187 4958 χώρα
1217 4891 1327 4950 τοῖς
1368 4887 1728 4958 Ἰσραηλίταις

157 4971 588 5044 ἑκληροδοτεῖτο,
650 4976 860 5029 πολλῶν
907 4977 1075 5030 όντων
1127 4980 1514 5049 σεϐασμάτων,
1557 4980 1729 5044 οὕτως

157 5061 452 5134 ἀνῃροῦντο
486 5066 578 5117 καὶ
617 5065 943 5129 ὲξεωθοῦντο
993 5068 1101 5122 τῶν
1132 5070 1312 5123 τόπων
1346 5071 1413 5122 τὰ
1457 5070 1615 5141 ἔθνη,
1651 5072 1728 5133 ώς

155 5153 250 5222 τὴν
290 5153 390 5223 μὲν
435 5154 656 5207 ἐκείνων
707 5157 1010 5229 ἀδυναμίαν
1061 5160 1155 5213 καὶ
1191 5161 1468 5214 οὑθένειαν
1515 5162 1723 5215 δείκνυ-

159 5241 297 5307 σθαι,
327 5243 689 5316 φανεροῦσθαι
720 5249 778 5300 δὲ
805 5250 904 5319 τὴν
933 5249 1028 5303 τοῦ
1055 5251 1189 5304 Θεοῦ
1222 5253 1560 5308 δεσποτείαν.

225 5417 492 5470 Ἀὅυσσον
527 5420 778 5491 εἰρήκασι
818 5424 918 5493 τὴν
953 5425 1217 5496 Ἐρυθρὰν
1255 5425 1548 5493 θάλασσαν,
1588 5429 1718 5498 ἐρη-

157 5507 424 5575 μωθεῖσαν
459 5511 762 5563 παοιόντων
795 5513 904 5566 τῶν
937 5515 1283 5586 Ἰσραηλιτῶν
1303 5530 1316 5544 ⁸
1347 5519 1622 5586 ποταμοὺς
1662 5517 1718 5572 δὲ

1840 3215 2106 3270 referens.

1911 3324 2081 3379 Vens.
2117 3322 2208 3376 22.
2247 3322 2291 3375 Α
2323 3321 2594 3392 principio
2628 3327 2680 3375 et
2713 3321 2780 3375 ab
2810 3320 3052 3390 antiquis
3078 3319 3412 3389 temporibus

1842 3433 1900 3472 se
1930 3415 2189 3487 peculiari
2221 3429 2316 3469 eos
2339 3413 2685 3484 providentia
2717 3412 2936 3476 fovisse,
2962 3413 3205 3466 declarat
3229 3413 3370 3466 Deus
3393 3431 3407 3442 υ

1839 3508 1957 3563 Non
2012 3523 2158 3561 nunc
2200 3507 2436 3573 primum
2466 3506 2635 3559 vestri
2667 3519 2856 3558 curam
2895 3505 3066 3574 gessi,
3114 3519 3214 3558 nec
3248 3504 3409 3558 deceo

1838 3600 2096 3655 dentibus
2119 3599 2272 3653 vobis
2305 3614 2370 3652 ex
2413 3595 2671 3667 Egyplo,
2706 3596 2957 3651 victimas
2995 3613 3025 3650 a
3054 3597 3204 3650 vobis
3228 3597 3405 3664 exegi,

1840 3707 1944 3746 nec
1973 3692 2160 3745 hostes
2192 3688 2348 3743 vobis
2387 3702 2511 3740 cum
2554 3688 2837 3741 laboribus
2866 3687 3160 3741 vincendos
3185 3688 3404 3742 tradidi.

1840 3781 1945 3837 Sed
1972 3789 2160 3851 postea
2191 3780 2448 3834 victimas
2477 3778 2599 3831 ideo
2627 3779 2841 3847 excepi,
2872 3786 2932 3830 ut
2952 3778 3020 3830 ab
3052 3779 3208 3832 idolis
3238 3780 3407 3833 absti-

1838 3874 2044 3937 neatis,
2072 3880 2126 3926 et
2157 3870 2425 3925 beneticia
2450 3869 2717 3937 largiendi
2741 3870 3061 3924 occasiones
3098 3870 3230 3923 mihi
3267 3885 3405 3939 prae-

1836 3965 2011 4019 beatis
2041 3982 2052 4016 :
2091 3963 2212 4016 istis
2244 3961 2386 4014 enim
2422 3973 2532 4012 non
2567 3958 2801 4027 indigeo.

1907 4138 2036 4192 CAP.
2084 4135 2268 4201 XLIV,
2317 4133 2484 4188 Vens.
2528 4133 2584 4187 2.
2639 4131 2901 4186 Memorat
2951 4129 3094 4187 Deus
3138 4145 3198 4188 se
3231 4133 3406 4189 totius

1835 4232 2032 4301 gentis,
2059 4237 2110 4282 et
2142 4229 2484 4296 singulorum
2517 4226 2800 4279 hominum
2825 4233 3125 4278 creatorem
3153 4234 3398 4290 exstare;

1831 4329 1886 4376 et
1909 4335 2178 4390 quemque
2208 4331 2458 4375 nostrum
2489 4317 2572 4370 vel
2593 4322 2647 4370 in
2681 4325 2837 4370 utero
2867 4317 3057 4371 matris
3075 4317 3185 4385 jam
3219 4319 3402 4387 provi-

1831 4410 2012 4464 dentia
2044 4409 2313 4471 coluisse,
2346 4424 2468 4460 cum
2511 4422 2701 4463 omnes
2728 4422 2830 4462 nos
2860 4407 2916 4460 in
2945 4415 3130 4461 ventre
3165 4408 3402 4476 plasma-

1754 4485 1800 4543 ί)
1829 4501 1985 4564 verit,
2019 4506 2072 4553 et
2106 4501 2214 4552 vita
2247 4497 2547 4553 donaverit.

1916 4610 2076 4664 Vsns.
2117 4610 2170 4664 9.
2213 4608 2312 4662 Hic
2351 4609 2513 4663 verba
2558 4610 2660 4662 ista
2697 4626 2709 4661 :
2753 4626 2772 4657 ‹
2800 4607 2918 4661 Νοη
2956 4618 3110 4662 erant
3147 4608 3239 4677 qui
3292 4607 3400 4662 for-

1831 4704 2075 4765 mabant,
2102 4721 2120 4753 ι
2157 4717 2265 4755 non
2291 4701 2572 4754 declarant
2604 4714 2697 4754 eos
2730 4714 2924 4768 reapse
2951 4715 3062 4752 non
3096 4699 3398 4762 exstitisse,

1833 4792 1924 4861 qui
1960 4791 2103 4845 idola
2127 4789 2470 4858 sculpebant,
2507 4788 2602 4842 sed
2633 4803 2726 4841 eos
2756 4787 2903 4841 idola
2932 4788 3241 4842 colentibus
3271 4803 3399 4857 pro-

1831 4883 1988 4937 desse
2022 4898 2132 4935 non
2167 4880 2430 4949 potuisse,
2468 4879 2627 4948 quasi
2671 4895 2780 4933 non
2825 4877 3072 4932 fuissent.
3117 4876 3252 4930 Nam
3288 4885 3399 4931 ter-

1831 4985 1948 5024 ram
1994 4969 2254 5025 lsraelitis
2298 4969 2712 5038 usurpantibus,
2765 4983 2874 5021 non
2922 4966 3216 5020 defuerunt
3265 4981 3398 5020 sane

1830 5061 1993 5125 idola,
2027 5061 2374 5130 possessione
2395 5069 2579 5114 tamen
2604 5075 2702 5114 sua
2745 5068 2934 5129 gentes
2971 5060 3221 5127 spoliata:
3269 5067 3401 5112 sunt

1827 5161 1882 5207 et
1908 5153 2183 5222 expulsae:
2217 5152 2416 5220 quibus
2448 5152 2610 5206 simul
2643 5160 2696 5205 et
2740 5150 3010 5203 idolorum
3051 5149 3397 5203 imbecillitas

1825 5244 2234 5298 demonstratur
2269 5251 2322 5297 et
2349 5242 2696 5311 impotentia,
2733 5240 2829 5295 Dei
2871 5255 2999 5295 vero
3032 5247 3254 5310 apparet
3293 5239 3394 5292 im-

1827 5335 2057 5404 perium.

1903 5424 2065 5478 Vens.
2098 5425 2186 5478 27.
2219 5423 2464 5494 Abyssus
2497 5437 2646 5477 mare
2692 5421 3060 5492 Erytbrzeum
3106 5419 3387 5489 designat,

1827 5517 2239 5573 transeuntibus
2296 5516 2558 5572 lsraelitis
2604 5515 2942 5582 desolatum;
2999 5512 3218 5566 ﬂumina
3265 5523 3392 5565 vero

221 5664 295 5729 (9)
325 5645 892 5734 Communiusﬂlegunt
919 5683 928 5719 :
965 5669 1076 5722 Οὐκ
1099 5670 1358 5736 ἥκουσαν·
1390 5670 1484 5726 sed
1514 5671 1665 5726 Alex.
1697 5673 1734 5724 Α

1841 5671 1897 5727 C.
1933 5667 2086 5738 ἦσαν.
