4044 6324
181 347 308 408 l5“

1601 353 1668 408 IN
1701 352 1956 414 lSAlAM.

3274 347 3411 402 1542

178 463 372 526 τύπους
411 463 520 517 τῶν
550 464 756 535 νήσων·
788 464 950 534 νῆσος
986 463 1043 518 δέ
1077 466 1168 518 καὶ
1199 467 1230 536 ή
1277 465 1629 539 Ἰερουσαλὴμ
1658 468 1744 520 λέ-

1851 467 2172 528 Jerusalem,
2222 472 2410 537 utpote
2453 478 2573 534 qua
2602 463 2852 534 gentibus
2898 461 3138 531 undique
3173 460 3405 514 circum-

175 570 364 623 γεται,
414 557 748 627 συνεχομένη
793 557 888 627 μὲν
935 557 1266 626 πανταχόθεν
1305 559 1408 610 ὑπὸ
1454 558 1560 610 τῶν
1590 576 1745 628 περι-

175 645 514 701 ιωκλούντων
565 647 734 719 αὐτὴν
780 647 948 700 ἐθνῶν
987 688 1000 711 ,
1059 649 1488 718 περικλυζομένη
1537 650 1594 702 δὲ
1651 650 1744 701 καὶ

177 736 284 792 ῦτώ
309 738 414 792 τῶν
443 737 535 792 τοῦ
566 738 696 792 λαοῦ
740 739 1020 808 ἁμαρτιῶν
1061 731 1133 790 ὧν
1179 740 1491 809 ἡμάρτανον
1513 779 1528 800 ,
1563 740 1642 800 είς
1680 739 1746 791 τὰ

175 826 275 898 ιθη
307 829 413 880 τῶν
433 828 600 880 ἐθνῶν
633 830 984 891 ἐκπίπτοντες
1008 870 1022 891 ,
1067 829 1160 881 καὶ
1198 831 1276 891 είς
1304 828 1745 897 είδωλολατρείαν

174 919 588 982 ὀλισθαίνοντες.
643 919 1108 983 Ἀνακαινίζεσθαι
1130 920 1309 976 τοίνυν
1334 920 1699 991 προτρέπεται
1725 936 1740 950 ο

175 1010 414 1081 μάλιστα
457 1010 556 1080 μὲν
604 1011 969 1080 πρωτοτύπως
1009 1013 1178 1084 αὐτὴν
1216 1013 1315 1085 τὴν
1367 1011 1738 1081 Ἰερουσαλὴμ,

171 1100 240 1152 οὐ
268 1099 373 1172 μὴν
409 1100 545 1154 ἀλλὰ
593 1101 686 1154 καὶ
732 1104 908 1157 πάντα
938 1105 1099 1156 τόπον
1128 1105 1237 1157 τῶν
1284 1104 1451 1157 ἐθνῶν
1487 1105 1578 1157 καὶ
1611 1105 1740 1156 ἀνα-

1849 562 2146 617 ﬂuentibus
2168 557 2581 623 circumdatur;
2615 557 3004 610 circumluetur
3027 553 3189 607 etiam
3224 549 3406 620 pepuli

1848 655 2088 723 peccatis
2117 652 2317 722 quibus
2351 666 2382 704 a
2430 650 2540 704 Deo
2572 649 2907 710 defecerunt,
2951 646 3019 699 ad
3057 657 3237 697 mores
3274 656 3405 710 gen-

1846 746 1989 822 tium
2034 745 2266 813 delapsi,
2318 751 2370 796 et
2409 740 2476 793 ad
2521 741 2699 808 ipsum
2752 739 3019 792 idolorum
3066 735 3292 788 cultum.
3343 726 3409 783 ϋι

1847 817 2178 888 innoventur
2209 832 2330 886 ideo
2373 837 2559 882 monet
2594 843 2728 893 eos;
2763 826 3060 896 praesertim
3102 836 3231 874 vero
3255 817 3412 872 Jeru-

1850 926 2020 979 salem
2053 933 2107 978 et
2135 927 2430 994 quamlibet
2457 927 2696 995 gentium
2742 921 3018 988 regionem
3051 915 3317 973 hortatur,
3353 915 3413 960 ut

1849 1017 2123 1086 excipiant
2159 1033 2341 1072 veram
2377 1018 2442 1072 de
2485 1016 2595 1070 Deo
2629 1013 2957 1072 doctrinam,
2987 1014 3040 1062 et
3070 1004 3180 1058 Deo
3206 999 3412 1072 gratias

1849 1107 2187 1172 exhibentes,
2223 1110 2454 1163 salutem
2481 1108 2586 1162 sibi
2617 1111 2930 1174 Operentur.

171 1191 472 1264 λαμϐάνειν
545 1194 764 1257 ἐαυτοὺς
819 1197 898 1260 είς
955 1196 1284 1266 θεογνωσίαν
1314 1238 1329 1262 ,
1386 1198 1478 1250 καὶ
1543 1197 2028 1268 πραγματεύεσθαι
2097 1202 2306 1262 ἑαυτοῖς
2355 1197 2626 1270 σωτηρίαν
2665 1192 2913 1256 αἰώνιον,
2983 1186 3414 1259 προστρέχοντας

173 1284 242 1356 τῇ
275 1285 368 1339 τοῦ
395 1285 530 1338 Θεοῦ
560 1286 758 1356 χάριτι.

247 1381 392 1450 Πρὸς
418 1381 516 1451 τὴν
539 1381 677 1434 οὕτω
711 1383 954 1456 μεγάλην
977 1384 1330 1452 ἐπαγγελίαν,
1354 1387 1447 1438 καὶ
1476 1387 1569 1456 τὴν
1599 1387 1740 1453 ἐγει⁸

174 1474 412 1546 ρομὲνην
436 1477 546 1538 τοῖς
578 1477 863 1530 ἁκούουσιν
905 1478 1313 1547 ἀμφισϐήτησιν
1334 1517 1348 1540 ,
1389 1477 1496 1530 ἀπὸ
1538 1477 1747 1542 ἀξιοπί-

173 1581 320 1619 στων
349 1564 457 1618 τῶν
484 1566 574 1618 τοῦ
598 1567 732 1620 Θεοῦ
766 1568 941 1639 ἐργων
969 1567 1237 1620 νουθετεῖν
1282 1567 1456 1620 [atst
1497 1571 1524 1621 6
1551 1568 1702 1635 λόγος
1733 1584 1746 1598 °

171 1649 346 1719 Οὗτος
394 1657 538 1726 γὰρ,
591 1657 794 1727 φησὶν,
841 1660 871 1711 6
925 1657 1075 1712 ταῦτ’
1115 1658 1578 1728 ἐπαγγελλόμενος
1615 1658 1746 1721 Θεός

1924 1380 2095 1436 Vens.
2147 1381 2234 1435 18.
2273 1380 2354 1434 Ad
2423 1373 2848 1434 conﬁrmandam
2905 1376 3177 1423 tantarum
3229 1381 3413 1420 rerum

1850 1473 2319 1544 praedicationem,
2363 1479 2416 1525 et
2446 1469 2719 1526 tollendas
2752 1463 3083 1518 audientium
3119 1458 3415 1512 dubitatio—
3514 1456 3523 1463 ’

1853 1580 1975 1629 nes,
2025 1563 2477 1633 praestantissima
2521 1560 2614 1614 Dei
2662 1569 2827 1626 opera
2867 1557 3252 1607 commemorat
3288 1562 3415 1618 pro-

1848 1658 2032 1726 pheta.
2065 1655 2168 1721 Qui
2201 1656 2304 1710 ista
2345 1654 2629 1708 denuntiat
2660 1649 2800 1704 idem
2843 1653 2947 1707 est,
2982 1642 3178 1710 inquit,
3227 1655 3290 1692 ac
3324 1639 3416 1692 ille

171 1748 358 1810 ἐστιν,
385 1749 413 1799 6
446 1750 538 1800 καὶ
560 1749 786 1819 οὐρανὸν
814 1751 1044 1820 ποιήσας
1065 1789 1080 1812 ,
1117 1749 1207 1801 καὶ
1235 1752 1338 1818 γῆν
1371 1748 1549 1814 δείξας
1585 1749 1744 1817 ἔργον

1851 1750 1943 1818 qui
1993 1749 2193 1804 calum
2242 1747 2389 1809 fecit,
2438 1755 2491 1799 et
2537 1753 2738 1798 terram
2785 1739 3129 1795 extrinsecus
3175 1731 3414 1786 ostendit

2133 1841 2144 1848 .
2278 1839 2311 1848 ..
2358 1841 2367 1848 .
2651 1839 2682 1848 ._
2733 1846 2739 1848 _
2952 1842 2962 1848 _
3069 1843 3113 1848 μ
3161 1828 3221 1848 ,ι
3259 1827 3410 1848 ηυξ,

170 1838 469 1907 γενομένην
493 1840 590 1910 τῆς
618 1839 810 1892 ἐαυτοῦ
834 1834 1210 1911 προλαϐούσης
1232 1840 1435 1902 ἐννοίας
1455 1856 1470 1871 ο
1499 1839 1592 1891 καὶ
1610 1838 1741 1892 ταύ-

167 1944 277 1998 την
304 1929 540 1998 χωρίσας
571 1930 677 1982 ἀπὸ
710 1929 819 1983 τῶν
855 1931 1062 1984 ὑδάτων
1101 1930 1472 2000 συναχθέντων
1509 1931 1588 1992 είς
1615 1947 1742 1982 συν-

169 2018 416 2086 αγιινγάς.
478 2019 538 2072 '0
589 2021 766 2073 τοίνυν
815 2020 922 2072 τῶν
978 2020 1192 2090 φύσεων
1264 2021 1470 2073 τούτων
1518 2021 1745 2090 ποιητὴς

167 2107 368 2161 οῦποτε
394 2108 660 2164 παύσεται
690 2110 1265 2180 φιλανθρωπευόμενος
1291 2127 1304 2139 ·
1346 2111 1466 2162 οὐδὲ
1501 2109 1609 2182 γὰρ
1648 2111 1743 2162 ἁν-

168 2198 428 2275 θρώπους
449 2202 530 2264 είς
555 2201 616 2254 τὸ
648 2196 785 2254 εἶναι
815 2203 1135 2272 παρήγαγεν
1161 2239 1177 2263 ,
1210 2199 1275 2253 ἵν’
1310 2200 1407 2272 ἔχῃ
1445 2199 1536 2262 οὒς
1574 2217 1747 2269 τιμω-

172 2294 442 2364 ρήσηται,
468 2292 563 2347 καὶ
594 2289 798 2362 ἔρημον
827 2291 1029 2345 τούτων
1054 2290 1151 2361 τὴν
1183 2292 1284 2362 γῆν
1315 2293 1600 2363 ἀποφήνῃ,
1629 2290 1744 2344 ἀλλ’

169 2382 263 2435 In
289 2380 570 2444 οἰκοῦντας
585 2383 844 2452 εὐεργετῇ
867 2422 881 2444 ,
911 2382 1001 2437 καὶ
1028 2381 1422 2452 μετανοοῦντας
1448 2382 1631 2453 σώζῃ,
1653 2381 1746 2446 καὶ

167 2473 638 2540 ἐπιγινώσκοντας
671 2473 832 2525 αὑτὸν
859 2472 1063 2542 διδάξῃ.

247 2565 308 2617 Οί
335 2563 514 2614 τοίνυν
543 2564 607 2615 ἐκ
632 2562 738 2615 τῶν
773 2562 940 2614 ἐθνῶν
967 2563 1098 2616 Θεὸν
1122 2563 1495 2629 ἐπεγνωκότες
1518 2562 1611 2615 καὶ
1643 2579 1745 2616 σω-

166 2652 366 2722 τηρίας
393 2651 532 2717 ἄξιοι
569 2650 1010 2721 ἀναδειχθέντες,
1052 2635 1450 2722 συστρέψαντες
1499 2655 1742 2717 ἐαυτοὺς,

169 2741 272 2795 καὶ
298 2742 440 2794 κατὰ
466 2741 589 2794 νοῦν
621 2741 1096 2812 συσκοπησάμενοι
1117 2784 1130 2806 ,
1165 2743 1227 2794 τὸ
1259 2743 1457 2796 ἄτοπον
1485 2743 1742 2807 συνίδετε,

169 2833 259 2884 ὅτι
303 2834 352 2884 οἱ
405 2834 491 2883 ἐπ’
523 2830 688 2902 ὤμων
727 2832 983 2903 φέροντες
1028 2833 1094 2885 τὰ
1144 2834 1350 2888 ἐαυτῶν
1407 2833 1744 2902 σεϐάσματα,

172 2924 273 2976 καὶ
329 2923 579 2992 βοήθειαν
631 2922 844 2984 τούτοις
891 2923 1178 2992 νέμοντες,
1234 2924 1294 2974 οὑ
1356 2926 1471 2991 μετ’
1507 2925 1567 2974 οὐ
1614 2923 1746 2975 πολὺ

172 3013 331 3066 πλεῖν
359 3012 661 3083 μέλλοντες,
700 3013 794 3066 καὶ
826 3011 1042 3083 μακρὰν
1075 3011 1191 3065 ὁδὸν
1228 3013 1587 3081 στελλόμενοι,
1619 3014 1748 3082 παρ’

172 3104 403 3160 ἐκείνων
448 3101 702 3158 ἐπάνοδον
756 3101 1110 3173 ἐπιζητοῦσι,
1145 3103 1236 3156 καὶ
1269 3104 1536 3172 σωτηρίαν
1570 3105 1748 3167 αὐτοῖς
1775 3133 1814 3188 C

171 3192 530 3266 χορηγεῖσθαι
565 3193 856 3262 ηλπίκασι·
904 3190 1019 3245 δέον
1051 3191 1111 3244 τὸ
1141 3191 1337 3244 ἄτοπον
1376 3191 1598 3244 συνιδεῖν
1619 3233 1632 3256 ,
1667 3195 1746 3245 ὅτι

173 3283 470 3355 ὁὲμψυχος
507 3285 599 3336 καὶ
636 3282 813 3352 ἐαυτῷ
863 3283 1166 3352 ἐπαμύνειν
1221 3281 1548 3352 δυνάμενος,
1601 3286 1750 3354 παρὰ

173 3373 274 3426 τοῦ
308 3372 540 3443 ἀϐοήθου
584 3373 676 3425 καὶ
714 3372 1038 3443 ἀναισθήτου
1072 3372 1222 3425 οὐδὲν
1252 3371 1363 3424 τῶν
1426 3372 1605 3424 καλῶν
1651 3375 1753 3427 ἁπ-

174 3461 417 3515 ὡνατθαι
445 3461 664 3514 δύναται
691 3461 825 3531 (10).

251 3551 326 3604 Τδ
362 3551 722 3622 ἀκοινώνητον
760 3552 862 3622 τῆς
891 3551 987 3605 τοῦ
1019 3551 1154 3606 Θεοῦ
1197 3551 1412 3619 φύσεως
1451 3551 1543 3605 κα)⁸
1585 3552 1753 3620 ἀσύγ-

177 3659 367 3718 κριτον
396 3644 498 3696 κάν
528 3641 702 3712 τούτῳ
738 3645 1088 3712 σημαίνεται·
1141 3642 1363 3712 μηδενὸς
1409 3642 1567 3696 ἄλλου
1611 3643 1752 3694 οὕτω

174 3735 244 3789 τὸ
273 3731 411 3789 εἶναι
441 3731 773 3802 κεκτημένου
798 3772 811 3794 ,
847 3732 1006 3800 μόνου
1048 3732 1105 3784 δὲ
1145 3732 1296 3794 ὄντος
1334 3734 1625 3803 ἀγενήτου,
1660 3735 1752 3786 καὶ

176 3825 471 3880 τὸδίκαιον
505 3823 718 3892 ἑκάστῳ
761 3824 1033 3892 νέμοντος.
1063 3852 1133 3864 --
1169 3823 1374 3892 Ἰησοῦς
1405 3825 1460 3877 δέ
1500 3828 1614 3878 ἐστι
1650 3843 1754 3878 σω-

175 3917 346 3990 τηρία
370 3915 504 3968 Θεοῦ
523 3955 539 3979 ,
576 3915 694 3967 κατ’
724 3913 854 3966 αὐτὸ
884 3914 944 3965 τὸ
977 3914 1146 3982 ὄνομα
1167 3929 1182 3945 ο
1210 3915 1302 3966 καί
1331 3916 1358 3966 6
1397 3897 1587 3985 Σωτὴρ
1619 3916 1753 3978 Θεὸς

178 4012 240 4064 δν
275 4007 423 4078 αὐτῷ
444 4049 459 4072 ,
496 4007 589 4061 καὶ
634 4006 793 4068 αὐτὸς
821 4008 878 4057 ἐν
902 4005 1020 4076 Θεῷ
1049 4023 1061 4035 ·
1109 4007 1167 4058 οῦ
1203 4005 1266 4076 δὴ
1297 4007 1387 4059 τὸν
1419 4006 1593 4076 ἑαυτῴ
1623 4007 1752 4069 Θεὸς

177 4098 430 4170 ἀφορίζει
469 4096 660 4151 ἑαυτοῦ
689 4098 780 4150 καὶ
807 4095 900 4148 τοῦ
935 4090 1068 4154 εἶναι
1093 4137 1104 4156 ,
1137 4095 1273 4149 ἀλλὰ
1303 4096 1394 4148 τὸν
1423 4097 1527 4162 ἔξω
1565 4097 1656 4148 καὶ
1694 4099 1754 4149 ἐν

177 4192 348 4262 ἑτέρᾳ
394 4191 615 4260 δυνάμει
660 4186 1002 4257 δικαιοσύνης
1038 4187 1129 4241 καὶ
1187 4188 1458 4258 σωτηρίας
1489 4204 1502 4217 ο
1538 4189 1597 4241 οὐ
1647 4191 1753 4257 γάρ

179 4285 334 4335 ἐστιν
367 4281 516 4334 οὐδὲν
547 4277 786 4333 τοιοῦτον
815 4278 1090 4346 ἀλλότριον
1124 4277 1217 4334 τοῦ
1251 4278 1566 4347 μονογενοῦς
1596 4278 1750 4341 Θεοῦ,

178 4373 283 4443 τῆς
336 4373 501 4443 μόνης
541 4371 722 4440 πηγῆς
763 4369 877 4422 τῶν
906 4368 1134 4435 ,ἀγαθῶν
1161 4385 1172 4397 ν
1229 4369 1287 4420 ἓν
1313 4371 1420 4438 γὰρ
1450 4370 1510 4421 τὸ
1554 4369 1754 4436 ἀγαθὸν

1848 1848 2026 1893 mente
2066 1841 2217 1909 prius
2261 1839 2444 1893 divina
2478 1839 2837 1906 excogitatam
2865 1875 2879 1898 ,
2916 1842 2967 1887 et
2999 1843 3118 1890 eam
3160 1828 3228 1878 ab
3257 1827 3414 1896 aquis

1846 1932 2165 1985 distinxitin
2195 1929 2648 2000 congregationes
2674 1943 2804 1981 suas
2834 1927 3039 1981 coactis
3090 1927 3286 1978 Rerum
3316 1935 3413 1972 au-

1846 2030 1954 2075 tem
1987 2022 2216 2075 istarum
2252 2021 2527 2080 conditor,
2562 2032 2734 2087 usque
2769 2017 3138 2086 perseverabit
3165 2013 3413 2067 homines

1848 2111 2030 2167 studio
2066 2127 2166 2165 suo
2199 2119 2622 2179 persecuturus;
2657 2122 2763 2162 non
2792 2110 2937 2162 enim
2969 2109 3076 2160 vita
3116 2121 3211 2159 eos
3244 2103 3414 2156 dona-

1848 2201 1922 2254 vit
1955 2213 2012 2255 ut
2043 2202 2269 2254 haberet
2314 2216 2452 2269 quos
2493 2199 2732 2267 puniret,
2761 2206 2854 2249 aut
2895 2203 3096 2250 terram
3147 2193 3413 2262 praeberet

1847 2295 2068 2348 abistis
2114 2307 2362 2356 vacuam,
2417 2291 2513 2345 sed
2559 2299 2615 2342 ut
2663 2295 2846 2358 posset
2892 2294 3159 2340 terrarum
3206 2283 3414 2338 insulas

1848 2385 2055 2448 fovere,
2108 2391 2161 2436 et
2193 2380 2572 2450 paenitentiam
2615 2388 2834 2448 agentes
2870 2392 3111 2441 servare,
3141 2381 3193 2428 et
3243 2387 3413 2443 agno-

1847 2485 2064 2531 scentes
2095 2489 2216 2527 eum
2249 2473 2467 2526 docere.

1917 2564 2083 2617 Vens.
2128 2563 2217 2616 20.
2264 2560 2432 2631 Igitur
2489 2576 2556 2615 ex
2599 2561 2852 2630 gentibus
2891 2560 2981 2628 qui
3042 2558 3209 2611 Deum
3255 2555 3414 2610 novi-

1846 2657 1970 2720 stis,
2007 2665 2061 2710 et
2113 2656 2290 2708 salute
2333 2653 2484 2722 digni
2530 2653 2792 2707 declarati
2843 2653 2999 2712 estis,
3052 2648 3307 2702 conversi
3357 2654 3414 2701 et

1847 2747 2030 2801 animo
2058 2746 2338 2799 vobiscum
2365 2751 2677 2812 reputantes
2702 2742 3093 2794 absurditatem
3118 2739 3265 2791 illam
3285 2753 3417 2807 per-

1848 2839 2066 2907 pendite
2098 2855 2110 2889 :
2147 2836 2291 2904 quod
2325 2836 2358 2888 ii
2389 2835 2482 2902 qui
2514 2834 2808 2887 simulacra
2847 2833 2914 2886 ab
2943 2848 3001 2886 se
3044 2831 3190 2884 culta
3220 2832 3416 2885 hume-

1850 2929 1927 2980 ris
1976 2934 2193 2995 gestant
2231 2926 2475 2995 ipsisque
2530 2941 2686 2995 opem
2735 2925 2931 2982 ferunt,
2971 2923 3114 2976 haud
3154 2921 3247 2975 diu
3290 2931 3415 2991 post

1851 3017 2184 3084 navigaturi,
2230 3024 2282 3070 et
2314 3016 2673 3085 longum‘iter
2713 3014 3023 3077 emensuri;
3061 3015 3128 3065 ab
3175 3014 3240 3066 iis
3277 3014 3415 3068 salu-

1850 3117 1956 3161 tem
2005 3108 2108 3161 sibi
2149 3115 2199 3162 et
2237 3107 2468 3161 reditum
2499 3122 2824 3160 concessum
2871 3106 2937 3158 iri
2985 3113 3243 3175 sperent;
3289 3120 3414 3157 cum

1850 3206 2127 3265 oporteret
2165 3199 2243 3253 rei
2269 3199 2665 3252 absurditatem
2699 3184 3022 3262 intelligere,
3052 3195 3271 3265 quando
3295 3197 3417 3265 qui-

1849 3288 1970 3341 dem
2009 3289 2100 3355 qui
2133 3289 2403 3342 auimatus
2431 3297 2513 3343 est
2552 3296 2602 3340 et
2639 3303 2794 3358 Opem
2828 3288 2932 3340 sibi
2974 3286 3112 3340 ferre
3141 3287 3305 3348 valet,
3348 3287 3417 3340 ab

1849 3393 1914 3430 eo
1945 3378 2035 3446 qui
2069 3378 2204 3429 nihil
2234 3377 2427 3445 juvare
2459 3385 2637 3446 potest
2665 3385 2717 3432 et
2749 3391 2915 3430 sensu
2941 3386 3092 3429 caret
3122 3376 3257 3428 nihil
3285 3376 3415 3429 boni

1853 3469 2134 3538 percipere
2168 3470 2329 3521 valet.

1922 3557 2089 3619 Vens,
2138 3559 2227 3612 2i.
2271 3558 2363 3612 Dei
2415 3568 2663 3611 naturam
2723 3573 2846 3612 cum
2904 3558 3008 3609 alia
3056 3555 3312 3610 contendi
3359 3565 3416 3610 et

1850 3651 2155 3717 comparari
2184 3662 2290 3700 non
2323 3663 2483 3716 posse
2505 3649 2816 3701 declaratur
2840 3647 2950 3708 hic,
2983 3660 3108 3699 cum
3143 3660 3252 3698 non
3277 3644 3416 3698 alius

1851 3737 2037 3791 eodem
2085 3737 2244 3790 modo
2274 3738 2336 3788 τὸ
2369 3753 2490 3792 esse
2524 3738 2820 3806 possideat,
2867 3752 2990 3790 cum
3037 3752 3179 3790 unus
3211 3735 3416 3804 ingeni-

1852 3837 1940 3881 tus
2004 3829 2097 3887 sit,
2138 3839 2191 3881 et
2231 3843 2388 3881 suum
2429 3828 2624 3896 cuique
2681 3829 2958 3896 largiatur.
3008 3827 3166 3881 Jesus
3234 3833 3412 3878 autem

1851 3925 1934 3972 est
1997 3919 2145 3972 salus
2200 3918 2330 3981 Dei,
2376 3917 2519 3986 quod
2583 3932 2776 3969 nomen
2836 3917 3010 3984 ipsum
3052 3921 3416 3977 testaturret

1854 4010 2105 4062 Salvator
2137 4008 2280 4063 Deus
2318 4009 2373 4061 in
2405 4010 2546 4076 ipso,
2585 4017 2636 4060 ct
2669 4008 2784 4076 ipse
2826 4008 2880 4059 in
2913 4007 3042 4067 Deo,
3075 4022 3234 4074 quem
3267 4003 3415 4057 enim

1853 4103 1908 4155 in
1940 4117 1997 4154 se
2031 4117 2137 4153 non
2172 4113 2200 4152 a
2241 4115 2298 4152 se
2320 4107 2374 4153 et
2402 4101 2468 4152 ah
2499 4115 2622 4154 esse
2653 4099 2919 4160 excludit,
2957 4098 3051 4151 sed
3092 4097 3328 4148 alienum
3363 4103 3419 4147 et

1853 4194 1906 4246 in
1933 4194 2038 4246 alio
2066 4193 2292 4261 justitize
2323 4203 2375 4246 et
2411 4193 2604 4247 salutis
2648 4192 2838 4245 ordine
2877 4191 3271 4253 constitutum;
3309 4201 3418 4240 non

1851 4295 1934 4338 est
1981 4285 2124 4336 enim
2175 4285 2358 4348 justus
2409 4291 2460 4337 et.
2518 4283 2768 4335 Salvator
2829 4286 3020 4349 prater
3081 4281 3419 4346 unigenitum

1855 4374 2045 4436 Deum,
2101 4390 2268 4428 unum
2324 4375 2449 4427 boni
2507 4375 2773 4442 cujusque
2829 4372 3066 4434 fontem;
3118 4385 3285 4422 unum
3336 4383 3420 4424 es;

179 4464 279 4520 καὶ
309 4465 370 4516 τὸ
409 4464 469 4529 ἐξ
506 4462 667 4516 αὑτοῦ
716 4461 914 4526 ταὺτὸ,
961 4462 1036 4525 ὡς
1086 4458 1245 4514 είκὼν
1295 4459 1520 4530 ἀληθινή
1564 4479 1621 4518 τε
1664 4463 1749 4514 καὶ

1858 4470 2002 4522 enim
2034 4468 2260 4528 bonum,
2295 4474 2348 4519 et
2378 4467 2522 4534 quod
2558 4483 2620 4519 ex
2654 4480 2718 4519 eo
2750 4464 2958 4527 itidem,
2990 4472 3048 4516 ut
3078 4478 3204 4517 vera
3236 4471 3291 4517 et
3322 4476 3420 4516 na-

225 4571 409 4608 υσικη.

225 4571 352 4608 υσικ
397 4596 409 4608 .

182 4573 224 4624 φ
267 4647 326 4698 '0
355 4555 634 4716 :mqpia;
668 4645 897 4714 χορηγὸς
951 4645 1044 4701 καὶ
1085 4644 1229 4712 ζωῆς
1263 4642 1439 4704 αἴτιος
1487 4642 1732 4706 σώζεσθα

179 4737 392 4798 πάντας
421 4736 822 4807 προτρέπεται,
851 4736 945 4788 καὶ
974 4737 1030 4789 ἐν
1063 4736 1262 4807 βεϐαίῳ
1293 4735 1534 4804 δεδέχθαι
1560 4735 1626 4788 τὰ
1659 4737 1750 4803 τῆς

179 4829 265 4888 είς
308 4827 502 4888 αὐτοὺς
545 4825 838 4894 γενομένης
885 4825 1230 4890 ἐπαγγελίας.
1295 4826 1506 4895 Ἐπειδὴ
1559 4828 1669 4894 γὰρ
1721 4827 1752 4894 ή

180 4917 377 4986 κλῆσις
416 4917 511 4969 καὶΙ
569 4916 838 4979 Ἰουδαίοις
890 4920 1159 4988 σωτηρίαν
1211 4917 1608 4988 ἐμνηστεύετο,
1661 4918 1751 4969 καὶ

182 5009 315 5075 Εθνη
362 5008 462 5075 τῆς
512 5007 679 5076 αὐτῆς
727 5007 934 5078 δωρεᾶς
979 5008 1129 5077 ἠξίου
1163 5009 1252 5059 καὶ
1288 5009 1490 5068 πάντας
1521 5009 1754 5059 ἁπαντα-

180 5099 346 5170 χόθεν
394 5101 458 5167 τῇ
504 5098 596 5150 τοῦ
642 5098 774 5150 Θεοῦ
799 5100 1232 5168 προστρέχοντας
1268 5099 1444 5168 δωρεᾷ
1489 5097 1752 5161 σώζεσθαι

180 5188 603 5262 εὐηγγελίζετο·
652 5191 700 5241 εί
747 5192 854 5260 γὰρ
887 5193 915 5243 6
975 5191 1186 5260 Ἰσραὴλ
1239 5191 1374 5258 μετὰ
1420 5189 1478 5241 τὸ
1521 5189 1754 5241 τοσαῦτα

180 5282 504 5356 ἁμαρ-ἧσαι
534 5280 754 5351 χάριτος
788 5283 980 5354 ἐδεήθη
1006 5321 1020 5347 ,
1055 5282 1232 5350 πολλῷ
1279 5282 1476 5351 μᾶλλον
1524 5282 1661 5350 μέγα
1695 5280 1752 5331 ὃν

180 5378 245 5430 τδ
269 5377 560 5445 λεγόμενον
583 5375 880 5439 ὴπιστεῖτο,
909 5377 983 5438 ὼς
1012 5376 1167 5444 μόνον
1191 5376 1294 5436 ἕως
1319 5375 1573 5443 ῥημάτων
1601 5373 1754 5424 τοῦτο

183 5468 611 5536 δεχθησόμενον,
646 5463 766 5530 οὐχὶ
814 5464 867 5514 δὲ
902 5465 995 5516 καὶ
1039 5466 1114 5525 είς
1164 5463 1320 5530 ἔργον
1370 5461 1750 5529 προχωρῆσαν.

183 5558 374 5612 Πᾶσαν
415 5555 590 5608 τοίνυν
651 5555 1051 5624 ἀμφισϐήτητιν
1103 5557 1212 5614 τοῖς
1264 5553 1613 5619 καλουμένοις
1666 5550 1757 5602 ἐπὶ

258 5669 368 5737 (10)
403 5667 789 5740 [fragmentum
835 5666 934 5720 hoc
968 5665 1291 5721 Heracleota:
1325 5665 1528 5721 editum
1575 5663 1769 5731 legitur

185 5756 302 5806 pag.
347 5739 466 5793 317.

1857 4562 2049 4614 turalis
2085 4561 2280 4627 imago.

1927 4651 2092 4705 Vens.
2147 4651 2234 4704 2'2.
2295 4649 2500 4702 Salutis
2547 4650 2800 4717 princeps
2846 4655 2899 4702 et
2946 4649 3068 4700 vitae
3120 4652 3312 4698 auctor
3360 4651 3421 4698 ut

1857 4759 2045 4797 omnes
2092 4743 2223 4796 salvi
2277 4743 2407 4793 fiant
2440 4741 2710 4800 hortatur,
2748 4750 2801 4794 et
2847 4754 3151 4793 sermonem
3202 4736 3318 4804 ejus
3354 4737 3420 4789 ad

1852 4834 2002 4900 ipsos
2049 4832 2285 4885 delatum
2327 4830 2507 4883 studio
2563 4831 2888 4898 suscipiant.
2933 4829 3228 4880 Yet-alioue
3274 4827 3419 4879 enim

1858 4924 2085 4974 salutem
2119 4920 2321 4973 Judaeis
2350 4920 2739 4988 despondebat,
2775 4930 2828 4973 et
2853 4928 3042 4989 gentes
3079 4921 3267 4971 eodem
3300 4931 3421 4969 mu-

1860 5030 1989 5067 nere
2012 5013 2202 5081 dignas
2229 5012 2559 5073 declarabat,
2606 5022 2659 5064 et
2697 5027 2884 5065 omnes
2913 5011 3269 5064 denuntiabat
3311 5008 3422 5061 sal-

1859 5103 2087 5166 vandos,
2130 5112 2312 5171 utpote
2355 5103 2444 5169 qui
2480 5119 2542 5155 ex
2581 5104 2831 5155 omnibus
2863 5111 3131 5155 terrarum
3174 5100 3418 5169 partibus

1864 5194 1954 5246 Dei
1986 5194 2156 5261 gratia
2211 5195 2600 5246 excitarentur.
2646 5194 2798 5258 Quod
2851 5201 3028 5245 autem
3061 5191 3262 5245 Judaeis
3297 5200 3418 5258 post

1862 5295 1936 5336 tot
1981 5299 2043 5336 ac
2088 5291 2237 5336 tanta
2285 5293 2504 5351 peccata
2539 5285 2693 5337 venia
2750 5301 2884 5354 opus
2933 5295 3068 5344 erat,
3122 5298 3185 5337 eo
3246 5282 3419 5348 magis

1862 5377 2030 5428 lautis
2082 5377 2368 5444 promissis
2419 5376 2748 5436 dillidebant,
2784 5375 2938 5443 quasi
2985 5376 3162 5428 verbis
3208 5380 3418 5423 tantum

1865 5463 2163 5531 proﬁtenda
2213 5473 2417 5524 essent,
2472 5480 2526 5515 re
2572 5479 2699 5516 vero
2749 5477 3023 5529 utinquam
3068 5453 3414 5528 perﬁcienda.

1865 5556 1976 5616 Qua
2005 5554 2069 5604 de
2104 5567 2289 5612 causa,
2330 5561 2386 5605 ut
2422 5554 2786 5605 dubitationes
2819 5568 3060 5619 quasque
3088 5549 3322 5618 gentium
3355 5543 3418 5596 ad

1814 5668 1971 5718 etiam
2029 5665 2165 5733 apud
2210 5664 2669 5720 Montiuuconium
2716 5665 2766 5717 in
2814 5664 2992 5717 Gm‘cu
3033 5662 3419 5730 pala'ugmpltm
