4044 6324
609 326 747 380 1563

1751 319 2096 376 τιιεουοιιι
2135 318 2650 376 ιιειιΑειειεΝδιε

3707 323 3842 378 1314

607 443 839 497 salutem
867 447 1179 494 vocatarum
1216 439 1432 492 tolleret
1459 403 1639 498 "Deus.
1667 439 2040 506 juramentum
2072 439 2161 491 ad-

2272 439 2503 507 σωτηρίᾳ
2531 437 2672 489 λύων
2694 476 2708 500 ,
2739 438 2900 506 ὅρκον
2930 436 3164 504 ἐπάγει,
3201 437 3297 488 καὶ
3324 435 3498 506 τούτῳ
3531 437 3842 507 συγκέχρη-

607 534 805 595 hlbutt,
833 542 885 586 et
920 547 983 585 eo
1009 532 1228 600 quidem
1273 532 1443 582 utitur
1478 546 1602 583 cum
1633 530 1948 584 hominibus
1985 529 2166 584 disce-

608 633 789 691 ptant,
824 637 931 690 quo
960 635 1122 689 qnam
1172 621 1539 674 ﬁrmissimam
1587 619 1691 672 sibi
1736 618 1878 689 apud
1913 619 2163 673 homines

609 713 765 766 ﬁdem
802 711 1022 764 faceret.

679 801 844 855 Vens.
888 801 978 854 25.
1019 800 1340 868 Quicunque
1385 799 1437 853 in
1494 800 1597 854 bac
1647 803 1756 852 vita
1811 800 1878 854 de
1925 799 2165 870 peccatis

610 897 725 948 suis
757 893 1133 962 paenitentiam
1164 906 1269 942 non
1306 897 1485 957 agent,
1511 899 1585 952 et,
1618 891 1831 959 ingrato
1858 891 2042 944 animo
2071 893 2167 945 de-

607 983 774 1051 cepti,
831 981 1108 1035 Christum
1173 980 1418 1034 confiteri
1475 980 1745 1034 noluerint
1801 980 2163 1049 (confunden~

611 1075 739 1139 tur).

681 1163 844 1216 Vens.
877 1161 964 1215 26.
1007 1160 1458 1214 Justiﬁcabuntur
1482 1177 1610 1214 vero
1643 1169 1697 1216 et
1718 1159 2166 1232 gloriﬁcahuntur

610 1270 705 1324 per
741 1270 956 1307 omnem
990 1256 1147 1306 vitam
1183 1270 1336 1307 suam
1387 1254 1476 1322 qui
1522 1253 1798 1306 Christum
1844 1267 2162 1322 agnoscere,

606 1345 870 1414 justitiam
909 1344 1120 1413 Operari
1163 1356 1216 1397 et
1242 1360 1424 1397 verum
1459 1359 1641 1398 semen
1677 1343 1838 1399 Israel
1873 1343 2007 1398 efﬁci
2044 1355 2162 1400 stu-

608 1435 849 1488 duerint.

679 1526 808 1580 Cn.
846 1525 1026 1588 XLVI,
1064 1523 1222 1579 Vens.
1255 1526 1302 1579 l.
1347 1524 1444 1578 ilic
1491 1533 1754 1578 memorat
1801 1524 1941 1579 Deus
1983 1525 2163 1578 omnia

610 1628 760 1670 certo
804 1618 1010 1686 perﬁci,
1060 1632 1397 1685 quacunque
1455 1618 1521 1668 ab
1572 1632 1635 1669 eo
1677 1617 1893 1669 fuerunt
1919 1615 2162 1681 decreta;

611 1706 677 1759 de
709 1707 866 1759 idolis
897 1722 1021 1759 vero
1055 1723 1159 1758 non
1194 1707 1334 1758 idem
1363 1707 1560 1769 valere,
1594 1705 1685 1760 sed
1710 1722 1771 1759 ea
1802 1708 2042 1760 omnium
2073 1722 2165 1760 co-

2265 545 2396 591 ται,
2451 529 2526 590 ὡς
2581 526 2888 598 ἀνθρώποις
2949 528 3356 597 διαλεγόμενος,
3412 521 3456 593 ᾧ
3495 527 3740 597 μάλιστα
3783 530 3845 580 τὸ

2268 619 2634 688 συμπέρασμα
2670 619 2849 688 πάσης
2881 619 3338 690 ἀμφισϐητήσεως
3363 619 3536 673 αἴτιον
3557 619 3840 674 ἐπιλύεται

2263 712 2374 770 τοῖς
2399 708 2725 778 ἀνθρώποις.

2335 801 2397 852 Ol
2430 800 2504 870 μὴ
2541 801 2600 852 ἐν
2650 799 2728 870 τῷ
2776 799 2876 871 βίῳ
2920 817 3094 870 τουτῳ
3142 803 3574 871 μετανοήσαντες
3609 815 3716 870 μιν
3759 801 3842 866 ἐφ’

2264 886 2344 953 οἷς
2372 890 2652 960 ἥμαρτον,
2696 889 3137 959 ἀγνωμονοῦντες
3183 891 3269 956 δέ,
3317 892 3410 944 καὶ
3450 891 3586 961 πρὸς
3616 889 3723 960 τὴν
3749 889 3836 941 ac:

2266 980 2501 1054 Χριστοῦ
2529 980 2842 1050 ὁμολογίαν.

2334 1157 2500 1226 Δόξης
2529 1157 2584 1210 δὲ
2617 1158 2712 1210 καὶ
2737 1157 3112 1226 εὐθυμοσύνης
3146 1157 3595 1228 πληρωθήσονται
3620 1158 3838 1211 ἅπαντα

2264 1246 2354 1299 τὸν
2383 1245 2586 1298 ἑαυτῶν
2621 1246 2761 1314 βίον·
2798 1233 3167 1312 ἐπεγνωκότες
3208 1246 3305 1313 μὲν
3336 1247 3426 1298 τὸν
3460 1245 3696 1315 Χριστὸν
3717 1285 3734 1307 ,
3768 1244 3838 1296 δι-

2265 1335 2556 1405 καιοσύνης
2603 1335 2660 1387 δὲ
2716 1336 2941 1406 ἐργάται
2995 1335 3394 1400 καταστάντες,
3439 1337 3535 1388 καὶ
3586 1333 3837 1404 ἀληθινὸν

2267 1427 2487 1496 σπέρμα
2517 1425 2611 1477 τοῦ
2658 1424 2872 1494 Ἰσραὴλ
2898 1424 3350 1495 χρηματίσαντες.

2346 1515 2607 1568 ’ὓθταῦθα
2658 1517 3064 1585 ὑπομιμνήσκει
3110 1515 3305 1576 αὐτοὺς
3353 1515 3382 1565 ό
3428 1513 3602 1576 Θεὸς,
3649 1514 3729 1577 ὼς
3774 1515 3840 1566 τά

2267 1603 2362 1671 μὲν
2408 1603 2571 1656 αὐτοῦ
2607 1604 2782 1656 πάντα
2823 1605 3179 1666 ἀδιαλείπτως
3212 1603 3508 1673 τελούμενα
3552 1607 3706 1674 μένει
3728 1622 3744 1635 ·
3776 1622 3837 1658 τα

2264 1694 2318 1744 δέ
2348 1693 2456 1745 τῶν
2503 1694 2734 1746 εἰδώλων
2774 1695 2870 1764 οὐχ
2917 1695 3115 1761 οὕτως,
3147 1695 3282 1748 ἀλλά
3316 1695 3646 1748 πεπτωκότα
3679 1694 3842 1764 ὀφθή-

613 1811 726 1848 ram
775 1797 947 1848 oculis
978 1796 1298 1863 prostranda
1329 1811 1467 1848 esse.
1504 1797 1773 1864 Agnoscat
1802 1798 2032 1865 quisque
2071 1811 2163 1849 ve-

2272 1799 2441 1836 σεται.
2472 1784 2580 1836 Καὶ
2612 1785 2734 1853 ἐμοὶ
2774 1785 3001 1848 ἕκαστος
3034 1787 3368 1839 συσκοπείτω
3391 1826 3404 1849 ,
3441 1785 3516 1847 ὡς
3541 1786 3606 1837 οὺ
3630 1785 3839 1854 κόμης

611 1897 782 1942 strum
819 1887 980 1940 verba
1011 1901 1126 1939 mea
1162 1902 1268 1938 non
1307 1899 1497 1938 vanam
1525 1901 1644 1938 esse
1667 1887 2042 1953 jactationem,
2068 1886 2163 1941 sed

608 1985 814 2030 certam
861 1991 1041 2028 rerum
1094 1991 1216 2027 mox
1263 1985 1644 2028 eventurarum
1687 1974 2090 2043 prtedictionem
2135 1990 2165 2028 a

611 2066 719 2118 Deo
751 2066 983 2129 factam;
1042 2080 1163 2116 nam
1211 2079 1331 2116 cum
1373 2065 1651 2117 nuntiaret
1701 2063 1842 2119 Deus
1889 2064 2164 2117 Abraham

611 2172 794 2210 semen
821 2173 883 2211 ει
918 2173 983 2210 ΘΟ
1011 2170 1386 2225 egressurum,
1418 2164 1470 2207 ει
1502 2165 1705 2207 terram
1746 2164 2164 2223 occupaturum,

608 2248 820 2302 dicente
867 2248 971 2300 isto
1019 2264 1031 2300 :
1101 2263 1118 2294 ι
1173 2241 1479 2296 Secundum
1527 2246 1652 2312 quid
1703 2244 1910 2298 sciam?
1939 2263 1957 2294 ι
2015 2253 2167 2298 ratus

609 2338 999 2408 patriarcham,
1050 2337 1252 2391 auditis
1299 2336 1704 2389 calamitatibus
1747 2336 1812 2387 ad
1845 2335 2165 2404 sapientiam

612 2429 992 2483 instruendum
1020 2443 1162 2489 esse,
1204 2427 1452 2495 prtedixit
1492 2427 1706 2495 generis
1738 2427 2074 2492 servitutem,
2116 2433 2170 2481 et

611 2528 732 2586 post
762 2517 1119 2584 quadraginta
1161 2519 1215 2568 et
1245 2516 1638 2584 quinquaginta
1689 2528 1864 2567 annos
1901 2514 2171 2568 liberatio-

612 2622 733 2661 nem
758 2609 800 2637 "
831 2626 842 2660 :
873 2623 992 2677 qua:
1038 2606 1219 2658 omnia
1275 2616 1470 2659 eventu
1503 2604 1820 2657 conﬁrmata
1856 2612 2002 2666 sunt,
2041 2604 2167 2658 licet

612 2713 718 2752 non
751 2697 910 2752 fuerit
954 2699 1455 2768 quigprtedictorum
1491 2696 1891 2750 exsecutionem
1927 2704 2162 2765 urgeret.

682 2873 844 2928 Vens.
877 2874 930 2926 2.
971 2873 1160 2927 Vestra
1206 2875 1385 2927 omnia
1430 2875 1482 2925 in
1536 2874 1906 2941 captivitatem
1944 2873 2166 2937 tradita,

609 2979 748 3017 onus
779 2971 937 3015 erunt
969 2964 1336 3031 elepliantiuni
1363 2970 1414 3015 et
1441 2962 1810 3028 junientorum
1845 2960 2046 3029 quibus
2070 2961 2170 3013 ab-

609 3055 857 3108 ducenda
891 3055 1256 3121 imponentur.
1293 3052 1404 3104 lmo
1431 3051 1800 3118 fatigahuntur
1823 3059 1876 3103 et
1903 3051 2000 3102 viri
2023 3049 2168 3102 scul-

612 3147 761 3213 ptilia
806 3153 1106 3214 portantes.
1167 3143 1241 3196 Eo
1291 3129 1503 3211 quoque
1554 3142 1782 3195 istorum
1830 3140 2169 3194 imbecillita-

613 3247 720 3291 tem
768 3237 1192 3300 conﬁteliunttir,
1254 3250 1377 3288 cum
1423 3249 1484 3286 ea
1534 3242 1810 3302 portantes
1848 3232 2167 3301 fatigantur,

611 3337 665 3381 et
711 3328 841 3381 deos
889 3327 1122 3381 ferentes
1176 3327 1464 3386 deﬁciunt,
1523 3341 1551 3376 a
1607 3326 1809 3393 quibus
1859 3325 2042 3391 potius
2085 3339 2172 3376 re-

612 3418 830 3473 creandi
854 3425 1032 3481 erant,
1065 3419 1110 3471 si
1137 3417 1228 3486 qui
1259 3415 1333 3469 dii
1363 3415 1613 3468 fuissent.

688 3590 848 3645 Vens.
907 3593 958 3645 5.
1018 3590 1245 3644 Deducit
1311 3604 1407 3645 eos
1467 3591 1533 3643 ad
1601 3591 1947 3659 intelligenda
2001 3593 2174 3659 lpsms

610 3683 796 3745 verba,
835 3683 1229 3734 commendatis
1260 3683 1567 3750 patriarcha
1596 3692 1652 3735 et
1687 3681 1855 3751 gloria
1885 3681 2042 3748 ejus;
2075 3695 2173 3733 cu-

610 3774 702 3840 jus
731 3789 901 3841 genus
924 3788 1044 3825 esse
1074 3772 1396 3840 gloriantur,
1435 3773 1712 3825 imitentur
1734 3780 1787 3824 et
1811 3786 1990 3825 mores
2016 3785 2175 3839 opor-

614 3874 710 3918 tet.
750 3866 884 3918 Ctim
932 3866 1175 3932 reliquiae
1215 3862 1381 3917 Israel
1428 3864 1566 3929 silis,
1603 3864 1819 3918 .relicta:
1851 3863 2028 3916 tribus
2058 3872 2176 3915 tan-

614 3966 728 4009 tum
757 3957 896 4019 duae,
934 3956 1146 4008 caneris
1171 3954 1361 4007 decem
1409 3953 1464 4005 in
1493 3953 1863 4021 captivitatem
1899 3951 2172 4015 abductis,

618 4058 725 4096 non
750 4058 846 4096 vos
878 4044 1147 4107 deseram,
1178 4044 1223 4095 si
1252 4042 1629 4110 pmnitentiain
1663 4042 1908 4110 egeritis.

694 4217 854 4270 Vens.
909 4217 960 4270 5.
1016 4216 1149 4280 Quis
1201 4218 1270 4268 sit
1318 4217 1405 4269 ille
1453 4231 1604 4269 error
1657 4215 1861 4270 indicat
1913 4217 2176 4271 orationis

618 4316 926 4364 Contextus.
978 4307 1110 4358 Nam
1161 4309 1382 4359 insitam
1439 4308 1593 4361 vobis
1645 4307 1926 4370 habentes,
1976 4309 2172 4376 inquit,

618 4399 906 4463 imaginem
953 4411 1147 4457 meum,
1209 4397 1273 4448 ad
1321 4396 1566 4449 facienda
1603 4396 1745 4448 idola
1788 4396 2172 4461 descendistis,

619 4489 772 4554 quasi
803 4502 896 4553 per
929 4501 991 4538 ea
1029 4501 1110 4539 me
1139 4487 1471 4546 veneraturi,
1509 4495 1566 4537 ut
1605 4487 1801 4540 animis
1834 4488 2029 4540 vestris
2074 4488 2174 4538 im-

620 4592 859 4643 pressam
896 4576 1126 4642 speciem
1157 4575 1266 4643 jam
1311 4592 1405 4645 per
1431 4575 1656 4642 eﬁigiem
1701 4591 2012 4644 expressain
2046 4590 2176 4630 ocu-

620 4667 687 4719 lis
721 4666 912 4718 intueri
948 4666 1187 4733 possitis.

686 4753 848 4808 Vens.
885 4755 936 4809 6.
979 4754 1044 4807 Ut
1099 4771 1204 4809 aere
1234 4756 1363 4809 dato
1401 4756 1562 4810 deum
1610 4757 1764 4810 vobis
1799 4756 2030 4822 faciant;
2073 4772 2175 4826 ego

620 4861 746 4899 vero
795 4847 1101 4899 mercedem
1155 4863 1184 4899 a
1247 4847 1397 4902 vobis
1443 4848 1646 4900 nullam
1691 4848 1946 4915 deposco,
2000 4851 2175 4917 gratia

619 4945 808 4988 contra
853 4945 907 4989 et
963 4938 1337 4990 misericordia
1387 4938 1540 4992 vobis
1583 4954 1810 5006 quaeque
1853 4939 2075 5008 largior,
2122 4947 2177 4994 et

619 5039 739 5092 qua:
763 5040 869 5077 non
899 5035 1054 5078 erant
1077 5029 1183 5077 vita
1213 5025 1376 5079 dono.

698 5113 857 5168 Vens.
902 5118 952 5170 8.
995 5117 1333 5172 Otnnimodis
1375 5118 1677 5172 rationibus
1721 5127 1937 5172 revocat
1976 5135 2070 5173 eos
2110 5119 2177 5174 ad

626 5209 943 5275 sapientiam
985 5219 1036 5262 et
1084 5210 1149 5262 ad
1200 5211 1625 5264 recordationem
1671 5217 1784 5262 tum
1833 5219 2179 5278 peccatorum

626 5314 745 5360 qua:
775 5298 877 5364 ipsi
907 5299 1243 5362 admiserint,
1277 5310 1390 5353 tum
1419 5300 1821 5354 benefactorum
1849 5302 2047 5368 quibus
2087 5315 2182 5354 eos

629 5387 772 5441 Deus
802 5389 1064 5442 continuo
1109 5393 1412 5456 exornavit,
1450 5400 1505 5443 nt
1534 5392 1599 5444 de
1639 5390 1853 5447 deliCtis
1901 5392 2018 5446 suis
2051 5405 2182 5444 con-

633 5478 731 5531 scii
760 5478 908 5542 facti,
942 5488 994 5533 et
1029 5482 1258 5550 seipsos,
1294 5490 1548 5552 tanquam
1589 5482 1702 5538 suis
1738 5481 1996 5552 operibus
2030 5497 2180 5537 mor-

720 5633 915 5688 "Cen.
952 5653 1036 5698 xv,
1073 5637 1125 5698 8,
1166 5638 1246 5689 l3.

2265 1874 2333 1926 τά
2360 1876 2616 1944 ῥήματα,
2667 1874 2804 1928 ἀλλά
2858 1876 3276 1946 προαγορεύσεις
3311 1876 3634 1944 γιγνόμεναι
3689 1878 3837 1945 παρὰ

2265 1963 2400 2015 Θεοῦ
2427 1964 2854 2016 ἀκολουθούντων
2886 1967 3250 2035 πραγμάτων·
3287 1966 3378 2018 καὶ
3413 1965 3522 2036 γάρ
3567 1964 3663 2017 τοῦ
3697 1966 3832 2019 Θεοῦ

2267 2050 2733 2119 ἐπαγγελλομένου
2766 2051 2844 2121 τῷ
2884 2052 3130 2122 Ἀϐραὰμ
3167 2054 3349 2123 ζήσειν
3381 2052 3543 2106 αὑτοῦ
3572 2053 3636 2104 τὸ
3667 2055 3838 2123 σπέρ-

2271 2156 2346 2208 μα
2371 2180 2384 2203 ,
2413 2142 2503 2191 καὶ
2536 2139 2962 2210 κληρονομήσειν
3002 2141 3097 2211 τὴν
3133 2142 3264 2210 γῆν,
3307 2143 3556 2194 κάκείνου
3590 2142 3842 2192 ἐπειπόν-

2266 2229 2574 2290 τος,ιΚατά
2602 2232 2655 2282 τί
2682 2229 3018 2301 γνὼσομαι,.ι
3045 2233 3124 2286 ὅτι
3155 2232 3323 2285 ταῦτα
3356 2231 3505 2296 lari;
3538 2233 3842 2298 ἐγνωκότος

2266 2320 2332 2386 τῇ
2361 2319 2494 2388 ἀκοῇ
2527 2321 2635 2371 τῶν
2674 2320 2931 2390 λυπηρῶν
2966 2323 3323 2391 σωφρονίσθαι
3356 2324 3446 2376 τὸν
3487 2325 3834 2394 προπάτορα.

2269 2410 2490 2476 προεῖπε
2522 2409 2615 2460 καὶ
2643 2411 2740 2480 τὴν
2779 2411 2870 2464 τοῦ
2917 2413 3109 2480 γένους
3136 2414 3379 2467 δουλείαν
3413 2417 3506 2468 καὶ
3545 2417 3651 2487 τὴν
3701 2418 3839 2485 μετὰ

2265 2498 2584 2567 τετρακόσια
2613 2502 2944 2571 πεντήκοντα
2976 2504 3068 2573 ἐτη
3099 2505 3369 2575 ἐσομένην
3396 2507 3712 2578 ἐλευθερίαν
3739 2510 3838 2561 αύ-

2266 2586 2372 2640 τῶν
2393 2603 2407 2618 ·
2447 2588 2591 2658 ἀπερ
2616 2591 2823 2654 πάντα,
2859 2593 3082 2662 μηδενὸς
3117 2595 3270 2658 ὄντος
3300 2596 3392 2648 τοῦ
3432 2598 3498 2650 ἐκ
3527 2601 3628 2668 τῆς
3667 2603 3839 2671 προρ-

2269 2678 2478 2746 ρήσεως
2515 2680 2870 2745 ἀπαιτοῦντος
2929 2683 3026 2754 τήν
3077 2684 3300 2738 ἔκϐασιν
3347 2687 3452 2740 τῶν
3480 2690 3836 2760 πραγμάτων,

2269 2769 2588 2838 ἐπληροῦτο.

2340 2858 2516 2911 ’Δπαν
2574 2860 2728 2929 ὑμῶν
2791 2862 3133 2934 αἰχμαλωσίᾳ
3203 2866 3639 2935 παραδεδομένον
3688 2869 3838 2922 ἔσται

2271 2948 2464 3017 φορτία
2489 2950 2792 3014 ἐλεφάντων
2824 2954 2916 3004 καὶ
2949 2953 3257 3021 ὑποζυγίων
3281 2993 3296 3017 ,
3336 2957 3393 3007 ἐν
3423 2957 3502 3012 τῶ
3527 2959 3817 3015 ἀπάγεσθαι

2271 3044 2450 3104 αὐτοῖς
2488 3044 2832 3115 ἐπιτιθέμενα
2854 3062 2866 3073 ’
2902 3047 2961 3098 ού
2993 3047 3096 3117 μὴν
3122 3049 3257 3101 ἀλλά
3279 3051 3371 3102 καὶ
3399 3051 3551 3103 αὐτοὶ
3575 3069 3625 3104 οι
3650 3054 3840 3124 ἀνδρες

2270 3135 2317 3186 oi
2352 3134 2520 3186 ταῦτα
2553 3135 2866 3204 κομίζοντες
2909 3137 3314 3206 κοπωθήσονται
3337 3154 3352 3168 ο
3389 3140 3493 3192 κᾶν
3536 3142 3708 3211 τούτῳ
3740 3145 3839 3214 τὴν

2272 3225 2550 3279 ἀσθένειαν
2597 3227 2797 3279 τούτων
2832 3227 3248 3297 ὁμολογοῦντες,
3295 3231 3377 3282 ὅτι
3408 3229 3581 3282 ταῦτα
3637 3232 3839 3299 βαστά-

2272 3317 2451 3379 ζοντες
2498 3317 2824 3379 κοποῦνται,
2877 3319 2969 3370 καὶ
3018 3317 3147 3370 Θεὸν
3203 3321 3456 3388 φέροντες
3498 3322 3838 3383 ἀσθενοῦσιν,

2271 3404 2404 3456 ὅπου
2435 3422 2497 3471 γε
2528 3407 2632 3458 ἔδει
2673 3405 3118 3475 ἐπικουφίζεσθαι
3151 3408 3257 3460 τῶν
3292 3409 3498 3475 πόνων,
3537 3413 3590 3466 ιι
3624 3429 3687 3480 γε
3723 3414 3839 3466 θεοί

2272 3509 2412 3554 τινες
2439 3492 2701 3562 ὑπῆρχον.

2356 3583 2644 3650 Ἐπανάγει
2691 3583 2887 3645 αὐτοὺς
2927 3582 3064 3654 πρὸς
3111 3585 3458 3656 συναίσθησιν
3488 3588 3596 3639 τῶν
3627 3589 3839 3658 λεχθέν-

2272 3687 2414 3733 των,
2445 3672 2538 3724 τοῦ
2583 3673 2924 3744 προπάτορος
2964 3676 3316 3744 μνημονεύων
3353 3680 3450 3730 καὶ
3484 3680 3583 3749 τῆς
3628 3683 3838 3735 ἐκείνου

2273 3762 2428 3831 δόξης
2447 3779 2460 3791 ·
2495 3762 2588 3814 καὶ
2619 3763 2700 3814 ὅτι
2722 3802 2736 3826 ,
2777 3762 2984 3815 ἐκείνου
3014 3764 3305 3833 αὐχοῦντες
3339 3759 3476 3820 εἶναι
3530 3769 3687 3835 γένος
3706 3810 3720 3832 ,
3748 3773 3840 3824 τὸν

2277 3852 2482 3904 ἐκείνου
2537 3846 2731 3921 ζηλοῦν
2765 3854 2963 3924 τρόπον
2998 3853 3322 3922 ὀφείλουσιν.
3387 3859 3450 3909 El
3483 3858 3593 3929 γὰρ
3634 3859 3839 3932 λεῖμμα

2277 3942 2370 3994 τοῦ
2426 3942 2638 4012 Ἰσραὴλ
2668 3945 2996 4013 τυγχάνετε,
3039 3941 3133 3996 δύο
3182 3944 3608 4015 περιλειφθεῖσαι
3654 3950 3834 4017 φυλαὶ,

2276 4033 2383 4084 τῶν
2413 4033 2582 4086 ἀλλων
2610 4033 2740 4086 δέκα
2770 4036 2849 4096 είς
2875 4034 3249 4103 αίχμαλωσίαν
3273 4036 3640 4107 ἀπαχθεισῶν,
3669 4042 3728 4092 ού
3762 4042 3834 4110 μή

2279 4124 2602 4194 περιόψομαι
2636 4125 2779 4192 ὑμᾶς
2811 4125 3267 4193 μετανοήσαντας.

2349 4216 2456 4285 Τὴν
2500 4214 2918 4286 πεπλανημένην
2958 4215 3137 4268 αὐτῶν
3170 4217 3326 4282 δόξαν
3359 4220 3424 4289 τῇ
3460 4219 3712 4290 διατριϐῇ
3747 4221 3834 4274 τοῦ

2279 4303 2433 4371 λόγου
2467 4303 2824 4356 ἐπιδείκνυσιν
2848 4319 2861 4333 ’
2902 4302 2989 4364 Ὠς
3015 4301 3228 4371 ἔχοντες
3283 4305 3412 4376 γάρ,
3457 4307 3621 4377 φησὶν
3650 4345 3666 4370 ,
3707 4309 3834 4377 ἐμὴν

2281 4395 2724 4463 ὑποϐεϐλημένην
2762 4395 2890 4464 ὑμῖν
2933 4395 3154 4457 εἰκόνα,
3197 4395 3290 4447 ἐπὶ
3320 4396 3381 4449 τὺ
3433 4402 3607 4452 ποιεῖν
3651 4400 3834 4454 ετδωλα

2278 4487 2464 4556 ἤλθετε
2488 4527 2502 4550 ,
2537 4487 2613 4549 ὡς
2661 4486 2748 4540 διὰ
2795 4486 2998 4540 τούτων
3031 4486 3486 4557 Θεραπεύσοντεςο
3535 4490 3621 4542 ῐνα
3653 4493 3746 4560 τὴν
3779 4493 3834 4545 ἐν

2275 4581 2529 4643 διανοίαις
2580 4583 2944 4653 ἐγγενομένην
2984 4582 3114 4650 ὑμῖν
3159 4585 3458 4649 φαντασίαν
3510 4587 3569 4638 ἐν
3631 4583 3834 4655 ὸρωμὲο

2278 4691 2387 4735 νοις
2416 4674 2575 4742 ἔχητε
2601 4677 2789 4743 τιμᾷν.

2346 4761 2463 4812 Ἶνα
2492 4761 2623 4812 Θεὸν
2656 4762 2781 4828 ὑμῖν
2814 4757 3097 4832 ἀναπλάσῃ
3139 4760 3232 4812 ἐπὶ
3278 4761 3488 4829 μισθοῖς
3518 4762 3828 4831 γενόμενον

2275 4851 2408 4920 ἐμοῦ
2442 4851 2514 4920 μὴ
2546 4849 2769 4919 μισθοὺς
2799 4849 3169 4913 ἀπαιτοῦντος,
3207 4852 3388 4921 χάριτι
3410 4852 3466 4904 δέ
3495 4854 3671 4904 πάντα
3699 4867 3830 4922 παρ-

2281 4942 2491 5010 έχοντος
2522 4942 2614 4992 καὶ
2645 4939 2956 5010 ἀγαθότητι,
2999 4940 3092 4992 καὶ
3129 4943 3194 4993 ἐκ
3237 4941 3330 4993 τοῦ
3367 4941 3439 5010 μὴ
3480 4941 3629 5004 ὄντος
3675 4945 3748 5006 εις
3777 4939 3834 4994 τὺ

2281 5029 2420 5084 εἶναι
2449 5032 2628 5084 πάντα
2658 5031 3018 5101 δωρουμένου.

2364 5119 2760 5188 Ἀπανταχόθεν
2800 5121 3088 5189 συγκροτεῖ
3125 5121 3320 5180 αὐτοὺς
3353 5120 3432 5180 είς
3464 5118 3622 5188 νῆψιν
3648 5120 3736 5172 καὶ
3761 5119 3832 5180 εις

2283 5211 2605 5280 κατανόησιν
2635 5204 2781 5263 ὧντε
2799 5211 2953 5262 αὐτοὶ
2973 5211 3258 5280 μετῄεσαν,
3293 5210 3386 5262 καὶ
3408 5203 3483 5262 ὧν
3509 5211 3639 5272 Θεὸς
3672 5209 3830 5262 ἀπαύ-

2291 5319 2426 5364 στως
2459 5302 2653 5364 αὐτοὺς
2699 5301 3005 5370 εὐεργετεῖ·
3039 5302 3142 5362 ἵνα,
3202 5303 3261 5353 ἐν
3306 5300 3648 5371 συναισθήσει
3697 5300 3830 5367 γινό-

2293 5409 2441 5461 μενοι
2481 5392 2571 5444 ἐπὶ
2620 5394 2729 5456 τοῖς
2784 5390 3337 5463 πεπλημμελημένοις
3391 5391 3588 5454 αὐτοῖς,
3635 5393 3722 5445 καὶ
3761 5390 3832 5451 ὡς

2289 5484 2380 5535 ἐπὶ
2414 5483 2589 5554 νεκρῷ
2617 5485 2724 5546 τοῖς
2769 5481 2916 5545 ἰδίοις
2957 5483 3138 5552 ἔργοις
3185 5480 3506 5549 κατάγοντες
3531 5481 3750 5555 δάκρυα,
3772 5481 3828 5535 οὐ
