4044 6324
193 403 332 458 i345

1581 401 1646 456 IN
1678 397 1935 454 ISMAM.

3297 413 3436 470 1546

186 519 461 590 τιμωρίας
501 519 879 581 ἀπολαύσωσι,
935 517 1386 583 στενάξαντεςιδέ
1419 518 1596 588 μόνον,
1625 518 1760 571 ἴασιν

1872 522 1996 569 tuos
2015 555 2029 579 ,
2053 517 2317 586 lugentes,
2349 534 2455 572 non
2496 534 2687 588 poenas
2711 522 2863 589 dent,
2894 525 2988 581 sed
3009 525 3116 596 piis
3142 526 3434 596 gemitibus

187 608 468 677 δέξωνται,
491 612 640 665 οὐδὲν
672 609 1016 673 ἐπαιτοῦντας
1053 609 1148 663 τοῦ
1181 609 1315 662 Θεοῦ
1345 610 1380 679 ἢ
1416 607 1763 679 συναίσθησιν

194 700 375 771 μόνον.

262 815 328 868 Τί
359 814 470 886 γάρ
518 815 651 886 ἐμοῦ
695 814 981 877 καλοῦντος
1024 815 1083 866 οὐ
1128 813 1375 886 πάρεστι,
1428 814 1644 868 πάντων
1690 821 1762 883 τῷ

191 903 312 975 ἐμῷ
335 903 562 973 νεύματι
595 902 1020 974 ἠνιοχουμένωνς
1062 904 1155 956 καὶ
1203 903 1311 974 γὰρ
1340 905 1432 957 ml.
1462 905 1636 974 πτηνὰ
1666 903 1762 955 ἀπ’

189 995 424 1065 ἐσχάτου
453 993 554 1064 τῆς
580 995 682 1064 γῆς
714 991 1019 1063 καλούμενα
1055 993 1315 1066 πάρεστι’
1349 995 1443 1048 καὶ
1474 994 1656 1064 Κῦρον
1705 993 1760 1045 δέ

187 1086 284 1138 τὸν
335 1085 560 1154 βασιλέα
600 1087 633 1155 ή
683 1083 790 1154 ἐμὴ
833 1085 1047 1150 ἐξουσία
1094 1086 1235 1154 ἀγει,
1266 1085 1343 1156 τῷ
1376 1085 1494 1157 ἐμῷ
1533 1086 1756 1154 νεύματι

187 1173 440 1227 ιῐκοντα·
476 1174 537 1226 οὐ
565 1172 672 1244 μὴν
703 1171 838 1226 ἀλλά
888 1173 980 1226 καὶ
1013 1175 1185 1228 πάντα
1218 1175 1499 1246 ἄνθρωπον
1542 1174 1609 1226 τὰ
1652 1173 1757 1244 ἐμὰ

187 1263 508 1336 φρονοῦντα,
545 1264 644 1332 ἐμὲ
669 1264 780 1328 ἕξει
813 1264 907 1318 καὶ
951 1263 1239 1320 εὐθύνοντα
1267 1267 1412 1337 αὐτῷ
1444 1267 1541 1329 τάς
1572 1266 1754 1327 ὁδούς⁸

185 1358 238 1410 εί
269 1356 326 1410 δέ
356 1355 450 1409 καὶ
491 1355 788 1421 ἀνθρώπων
815 1356 1001 1426 μηδεὶς
1030 1359 1275 1429 εὑρεθείη
1302 1358 1362 1411 τὸ
1389 1358 1520 1427 ἐμὸν
1549 1357 1754 1426 θέλημα

187 1445 411 1515 μετιὼν,
435 1444 495 1497 τὺ
518 1445 814 1515 τηνικαῦτα
843 1447 934 1499 τὸν
962 1448 1093 1518 ἐμὸν
1129 1449 1253 1500 Υίὺν
1278 1449 1578 1514 ἀποστελῶ,
1603 1465 1754 1500 τουτ-

182 1538 305 1589 ἐστι
349 1536 438 1589 τὺν
483 1535 734 1607 Χριστὸν,
785 1539 966 1591 πᾶσαν
1002 1539 1102 1610 τὴν
1144 1539 1412 1610 πατρικὴν
1451 1538 1756 1610 πληροῦντα

179 1627 415 1690 ιννοιαν,
446 1629 540 1680 καὶ
587 1629 645 1680 ἐν
684 1630 749 1700 τῇ
787 1628 893 1699 ἰδίᾳ
924 1629 1090 1684 αὑτοῦ
1143 1630 1437 1701 αὐτουργίᾳ⁵
1477 1628 1753 1683 δεικνύντα

177 1719 327 1789 ἀμάς
361 1718 588 1782 ἐννοίας.

255 1809 503 1860 Δίτιᾶται
535 1808 733 1873 αὐτοῖς,
778 1810 876 1879 οὐχ
919 1809 994 1873 ὡς
1037 1808 1097 1861 τὸ
1142 1808 1325 1880 μόριον
1367 1807 1461 1862 τοῦ
1508 1807 1756 1878 σώματος

178 1897 582 1969 ἀποόεσληκόσι
749 1864 993 1970 καρδίαν,
1026 1864 1153 1952 ἀλλ’·
1183 1864 1257 1963 ιῦς
1299 1899 1361 1953 τὸ
1403 1864 1644 1970 κριτικόν
1671 1864 1757 1952 at;
1788 1864 1830 1918 Β

178 1988 477 2062 σθητήριον
505 1991 684 2044 ἐκοντὶ
718 1989 1180 2060 ἐπικρυψαμένοις
1200 2007 1212 2018 ·
1248 1990 1276 2042 ὃ
1305 1990 1398 2043 καὶ,
1430 1991 1600 2043 αἴτιον
1632 1991 1760 2060 ὑμῖν

177 2080 375 2148 γέγονε
430 2080 758 2152 ἀπῳκίσθαι.
808 2081 970 2134 Ὅθεν
1031 2081 1216 2147 ἐπάξω
1273 2081 1370 2152 τὴν
1441 2081 1594 2152 δίκην
1642 2082 1759 2152 μετ’

178 2170 462 2241 ἀληθείας,
517 2171 785 2243 σωτηρίαν
833 2173 961 2242 ὑμῖν
1013 2173 1482 2243 μνηστευομένην·
1515 2174 1610 2226 καὶ
1650 2174 1759 2243 γὰρ

178 2263 336 2317 πᾶσα
373 2263 594 2325 κόλασις
638 2263 780 2317 κατά
802 2262 892 2316 τὸν
925 2261 1020 2316 τοῦ
1051 2261 1365 2326 κολάζοντος
1405 2263 1603 2316 σκοπὴν
1635 2264 1757 2334 ὄνη-

180 2367 273 2404 σιν
309 2352 462 2423 φέρει
507 2356 621 2415 τοῖς
668 2352 1048 2424 κολαζομένοις
1073 2395 1088 2420 ,
1141 2353 1295 2425 δίκην
1353 2353 1538 2422 ἰατροῦ
1589 2370 1759 2424 προσ-

176 2445 406 2511 ἁγοντος
441 2444 692 2516 βοήθημα
724 2445 1021 2512 κάμνοντι·
1067 2444 1169 2498 κάν
1219 2447 1412 2516 πικρὸν
1527 2444 1589 2499 τὸ
1630 2445 1763 2499 διδό-

1871 617 2151 662 sanentur.
2177 607 2310 661 Nam
2345 609 2420 663 nil
2451 610 2598 665 aliud
2634 620 2839 682 repetet
2887 629 2918 669 a
2966 615 3122 671 vobis
3154 614 3297 672 Deus
3325 616 3432 672 nisi

1870 699 2035 750 animi
2067 700 2502 757 conversionem.

1949 809 2116 865 Vens.
2149 811 2236 865 ll.
2275 811 2415 878 Quid
2462 813 2607 867 enim
2659 829 2770 868 non
2805 814 2998 880 aderit,
3047 823 3280 870 vocante
3321 829 3429 879 me,

1869 919 1992 959 cum
2043 905 2225 958 omnia
2258 905 2412 958 nutui
2457 920 2578 960 meo
2621 906 2959 960 inserviant?
2989 905 3144 972 Quod
3189 907 3234 962 si
3275 921 3429 962 avem

1869 998 1937 1050 ab
1970 997 2235 1050 extremis
2260 997 2424 1052 terris
2464 1013 2753 1063 vocavero,
2796 1001 2988 1054 aderit.
3011 999 3188 1069 Cyrus
3215 1012 3432 1068 quoque

1867 1104 1963 1144 rex
2004 1089 2231 1157 imperio
2274 1103 2395 1142 meo
2441 1089 2664 1160 regitur,
2712 1101 2866 1160 paret
2898 1090 3070 1160 jussis
3115 1090 3272 1144 meis.
3319 1086 3433 1142 lmo

1865 1181 2046 1235 omnis
2085 1179 2249 1234 homo
2279 1181 2373 1250 qui
2419 1196 2536 1234 mea
2588 1182 2776 1246 sentit,
2826 1196 2913 1234 me
2959 1180 3180 1234 habebit
3217 1179 3432 1233 viarum

1865 1270 2078 1325 ducem.
2117 1270 2347 1336 Quando
2379 1287 2506 1325 vero
2530 1271 2643 1340 jam
2671 1287 2776 1325 non
2805 1271 2968 1324 homo
3002 1271 3303 1340 reperietur
3335 1268 3431 1338 qui

1864 1359 2031 1414 faciat
2059 1362 2394 1415 voluntatem
2449 1377 2644 1426 meam,
2682 1373 2809 1416 tunc
2846 1361 3041 1416 Filium
3082 1376 3261 1415 meum
3299 1360 3429 1414 mit-

1864 1459 1997 1514 tam,
2047 1452 2151 1506 hoc
2193 1460 2276 1506 est
2323 1453 2600 1507 Christum
2641 1453 2735 1523 qui
2781 1460 3016 1507 mentem
3049 1454 3280 1521 patriam
3327 1463 3425 1520 per

1862 1545 2044 1597 omnia
2076 1544 2341 1614 perﬁciat,
2381 1551 2435 1599 et
2483 1545 2742 1616 operibus
2775 1544 2915 1612 suis,
2944 1544 3076 1613 quid
3116 1544 3236 1613 ipse
3277 1542 3429 1598 desi-

1862 1634 2046 1688 derem
2078 1635 2399 1690 declarabit.

1933 1807 2103 1864 Vens.
2139 1808 2226 1863 12.
2274 1807 2466 1880 Arguit
2499 1824 2596 1866 eos
2637 1823 2747 1865 non
2779 1810 2926 1882 quod
2969 1825 3066 1865 cor
3094 1809 3429 1881 perdiderint

1865 1914 2187 1970 corporeum
2213 1940 2228 1963 ,
2263 1901 2358 1955 sed
2391 1901 2537 1971 quod
2572 1910 2765 1972 sponte
2792 1903 2961 1956 animi
3006 1903 3188 1958 lumen
3216 1905 3431 1960 exstin-

1866 1993 2078 2059 xerint;
2121 2008 2248 2046 nam
2279 2001 2566 2063 propterea
2602 2009 2635 2048 a
2673 2009 2760 2049 me
2781 1992 3078 2050 defecistis.
3101 1993 3428 2063 ldeojustas

1865 2098 1896 2136 a
1929 2082 2083 2138 vobis
2111 2097 2300 2153 pmnas
2330 2093 2589 2155 repetam,
2626 2085 2790 2141 saluti
2832 2085 2985 2140 vobis
3015 2084 3268 2152 futuras;
3298 2099 3426 2139 nam

1864 2177 2012 2231 omni
2054 2190 2214 2245 pmna
2246 2176 2392 2233 Deus
2425 2177 2652 2232 utilitati
2696 2189 2896 2232 nostra:
2925 2177 3199 2242 consulit,
3227 2177 3425 2232 medici

1865 2258 1934 2312 ad
1968 2260 2246 2329 exemplar
2291 2263 2540 2316 morbum
2583 2263 2847 2318 curantis.
2897 2260 3049 2317 Licet
3092 2276 3278 2316 amara
3317 2263 3427 2317 sint

1865 2363 1986 2419 quae
2005 2365 2033 2402 a
2054 2352 2264 2405 medico
2296 2351 2626 2420 praebentur,
2647 2366 2821 2422 aegros
2843 2361 3021 2406 tamen
3052 2351 3105 2405 in
3138 2355 3424 2406 sanitatem

1861 2440 2160 2497 restituunt
2196 2459 2211 2496 :
2242 2440 2430 2497 eadem
2464 2443 2675 2497 ratione
2711 2443 2997 2512 regebatur
3023 2441 3212 2511 legalis
3235 2455 3424 2496 eorum

181 2551 349 2603 μενον
393 2536 545 2606 παρά
596 2535 690 2589 τοῦ
729 2534 934 2609 ίατροῦ,
986 2536 1102 2590 ἀλλ’
1160 2537 1309 2607 ὅμως
1357 2538 1544 2606 ὑγείας
1595 2540 1760 2592 αἴτιον

1863 2531 2085 2598 civitas,
2115 2540 2168 2588 et
2195 2533 2449 2587 instituta
2472 2531 2567 2587 Dei
2604 2533 2833 2603 gloriam
2867 2534 3202 2603 praestabant
3231 2532 3424 2586 obser-

178 2623 338 2678 ἔσται
382 2625 462 2697 τῷ
499 2627 770 2699 δεχομένῳ
802 2627 933 2681 αὐτό
952 2643 966 2656 ·
999 2627 1174 2697 τούτῳ
1214 2627 1323 2698 γὰρ
1351 2627 1426 2698 τῷ
1458 2627 1643 2698 σκοπῷ
1671 2630 1760 2682 καὶ

1863 2626 2115 2680 vantibus
2144 2640 2231 2681 ea.

178 2716 216 2785 ὴ
253 2717 448 2789 νομικὴ
480 2718 660 2782 αὐτοῖς
685 2717 836 2780 πόλις
867 2718 1187 2789 ἀφωρίζετο,
1223 2719 1318 2772 καὶ
1349 2719 1417 2773 τὰ
1442 2719 1594 2790 παρά
1621 2718 1714 2773 τοῦ
1740 2719 1874 2774 Θεοῦ
1905 2720 2113 2790 νόμιμα
2143 2718 2299 2782 δόξαν
2328 2721 2582 2790 παρεῖχεν
2612 2717 2792 2781 αὐτοῖς
2823 2716 3079 2789 τηροῦσιν
3105 2717 3265 2771 αύτά.

254 2827 424 2881 Πάλιν
457 2829 592 2900 πρὸς
617 2829 742 2892 τοὺς
764 2828 1060 2893 Χαλδαίους
1089 2828 1311 2900 μετάγει
1335 2830 1427 2884 τὸν
1454 2830 1630 2898 λόγον,
1661 2831 1755 2885 καὶ

177 2935 279 2973 την
309 2919 758 2991 καταληψομένην
791 2922 986 2984 αὐτοὺς
1014 2921 1169 2992 δίκην
1206 2921 1583 2993 προαγορεύει.

255 3124 401 3194 Πρὸς
433 3124 522 3177 τὸν
571 3125 787 3195 Ἰσραὴλ
820 3127 1049 3177 ποιεῖται
1080 3124 1206 3187 τοὺς
1258 3123 1482 3191 λόγουςο
1529 3125 1610 3177 ὅτι
1654 3123 1756 3177 Το-

183 3214 378 3268 σοῦτον
408 3213 626 3282 ἀφέξεις
656 3213 747 3268 τοῦ
777 3214 867 3267 τὸν
901 3213 1182 3284 Ἀσσύριον
1214 3213 1607 3286 φοϐηθήσεσθαι
1637 3217 1758 3286 ἐμοὶ

182 3305 523 3376 πειθόμενος,
553 3305 627 3368 ὡς
658 3307 794 3378 μήτε
831 3304 1036 3368 τούτοις
1073 3309 1211 3377 μήτε
1240 3305 1418 3370 ἄλλοις
1447 3307 1557 3361 τισὶ
1584 3326 1761 3380 παρα-

180 3395 369 3449 δοῦναι
412 3396 573 3465 ὑμᾶς.

266 3486 608 3556 Ἀπανταχοῦ
667 3486 735 3540 τά
785 3487 882 3557 τῆς
933 3488 1124 3540 ἐαυτου
1176 3488 1539 3559 χρηστότητος
1596 3489 1754 3542 ἐνδει-

185 3579 454 3649 κνύμενος
485 3579 513 3631 ὁ
549 3578 701 3644 Θεὸς,
736 3578 810 3649 μὴ
840 3578 1231 3650 σεσιωπηκέναι
1259 3580 1474 3648 φάσκει,
1505 3579 1635 3650 μηδὲ
1667 3580 1759 3632 ἐπὶ

184 3677 297 3736 τοῖς
323 3672 523 3725 τούτων
553 3677 740 3733 κακοῖς
769 3669 1206 3741 ἀδιηφορηκέναι,
1247 3670 1358 3723 ἀλλ’
1390 3670 1476 3724 ἀεὶ
1515 3671 1760 3742 ἁμαρτά-

1931 2830 2062 2885 Cn.
2134 2828 2354 2894 XLVII,
2399 2829 2565 2884 Vens.
2627 2831 2678 2884 1.
2743 2827 2952 2883 Rursus
3011 2828 3078 2882 ad
3133 2827 3420 2882 Chaldeos

1856 2923 2022 2979 verba
2056 2922 2218 2988 facit,
2263 2931 2318 2978 et
2361 2922 2732 2978 imminentem
2777 2921 2913 2989 ipsis
2941 2920 3238 2975 vindictam
3283 2932 3421 2988 pra:-

1858 3013 2094 3067 nuntiat.

1933 3124 2103 3178 Vsns.
2125 3123 2178 3178 3.
2198 3121 2365 3178 Israel
2385 3122 2680 3192 alloquitur
2705 3138 2718 3175 :
2742 3120 2896 3187 Quod
2924 3121 2967 3177 si
2989 3119 3123 3175 mihi
3145 3118 3420 3176 confidea-

1862 3217 1974 3282 ris,
2020 3218 2133 3287 jam
2169 3232 2278 3270 non
2318 3215 2423 3271 erit
2468 3229 2566 3269 cur
2611 3213 2863 3284 Assyrios
2907 3212 3258 3280 reformides,
3293 3227 3419 3267 nam

1861 3323 1962 3378 ego
1996 3316 2046 3361 te
2082 3307 2224 3361 ultra
2261 3320 2360 3359 nec
2391 3303 2521 3368 illis,
2547 3318 2647 3358 nec
2681 3303 2804 3358 aliis
2834 3301 3065 3357 tradam.

1929 3486 2060 3542 CAP.
2109 3481 2324 3538 XLVIII
2345 3522 2358 3545 ,
2386 3480 2554 3536 Vnns.
2586 3481 2635 3535 Ι.
2662 3479 2986 3535 Omnimoda
3019 3480 3278 3536 bonitatis
3306 3496 3420 3537 sua

1859 3580 2184 3634 documenta
2235 3576 2481 3646 praebens
2535 3574 2708 3631 Dens.
2762 3590 2820 3628 se
2861 3588 3137 3642 nunquam
3181 3575 3420 3629 tacuisse

1859 3669 2165 3741 proﬁtetur,
2202 3685 2304 3722 nec
2329 3666 2523 3720 delicta
2580 3680 2767 3719 eorum
2808 3678 2964 3733 aequo
2995 3664 3175 3717 animo
3204 3664 3416 3722 tulisse.

185 3781 377 3825 νοντας
401 3763 655 3832 ἐλέγχων,
681 3763 774 3816 καὶ
797 3761 863 3814 τὰ
883 3761 1204 3831 ὀφειλόμενα
1230 3763 1349 3825 ταῖς
1370 3760 1549 3814 αὐτῶν
1580 3763 1757 3832 ἀμαρ-

1863 3761 1956 3817 sed
1987 3775 2158 3828 usque
2214 3765 2505 3828 peccantes
2563 3756 2829 3824 arguisse,
2883 3762 2938 3809 et
2969 3754 3180 3809 debitas
3225 3769 3418 3823 pecca~

184 3856 332 3917 τίαις
378 3855 623 3924 ἐπιτίμια
661 3853 957 3925 προλέγων,
999 3854 1094 3922 οὐχ
1141 3853 1227 3905 ἵνα
1280 3855 1653 3924 τιμωρήσηται
1700 3853 1754 3923 (ἢ

1863 3853 1932 3906 tis
1952 3864 2140 3904 eorum
2171 3848 2524 3903 denuntiasse
2571 3859 2791 3915 poenas,
2826 3859 2934 3898 non
2966 3851 3027 3898 ut
3067 3858 3161 3899 eos
3199 3844 3419 3913 puniret

186 3943 300 4014 γάρ
353 3945 418 3997 ἂν
445 3945 538 3998 καὶ
584 3945 798 3998 σιωπῶν
833 3945 1001 4014 ἐπῆγε
1033 3945 1131 4014 τὴν
1159 3945 1372 4016 ὀργὴν),
1405 3943 1516 3997 ἀλλ’
1543 3946 1629 3999 ἵνα
1662 3963 1757 4015 φο-

1863 3942 2133 4012 (alioquin
2185 3940 2386 3993 tacitus
2441 3953 2535 3992 eos
2598 3939 2678 3990 ira
2727 3935 3156 4007 Oppressisset).
3211 3935 3306 3991 sed
3358 3943 3418 3990 ut

187 4035 364 4103 δήσας
394 4035 486 4087 καὶ
515 4033 850 4103 σωφρονίσας
880 4036 944 4105 τῇ
978 4033 1194 4103 ἀπειλῇ,
1229 4032 1338 4097 ἕξει
1370 4031 1757 4102 μετανοοῦντας

1863 4031 2022 4086 minis
2056 4044 2148 4085 eos
2175 4028 2455 4083 deterrens
2485 4035 2538 4082 et
2567 4026 2633 4080 ad
2667 4027 2886 4080 saniora
2913 4039 3174 4080 revocans
3195 4065 3208 4089 ,
3242 4040 3415 4095 popu-

186 4128 286 4180 καὶ
321 4124 669 4193 πειθομένους
706 4123 870 4194 αὐτῷ.
906 4151 976 4163 --
1009 4121 1177 4176 Πάλιν
1222 4122 1580 4193 προπατόρων
1624 4124 1760 4195 μνή-

1863 4123 1968 4178 lum
1997 4122 2220 4177 haberet
2248 4120 2411 4174 corde
2439 4122 2731 4173 contritum
2761 4126 2813 4172 et
2841 4116 3073 4172 ﬁdelem.
3099 4117 3310 4172 Rursus
3330 4133 3421 4188 pa-

189 4233 269 4285 μη
317 4215 412 4268 καὶ
456 4215 710 4285 ὀνόματος
755 4212 1034 4284 προκοπῆς
1081 4213 1217 4266 κατά
1257 4212 1453 4283 ψυχὴν,
1489 4214 1624 4284 ὅπερ
1661 4230 1760 4285 ση-

1863 4216 2129 4270 triarcbas
2151 4212 2493 4270 commendat
2513 4218 2568 4265 et
2591 4213 2843 4265 virtutem
2867 4209 3227 4278 spiritualem,
3252 4225 3416 4280 quam

191 4307 370 4377 μαίνει
403 4309 430 4358 ὁ
473 4306 716 4376 Ἰσραήλ·
760 4306 828 4360 ἶν’
869 4306 918 4359 οἱ
958 4303 1246 4374 αὐχοῦντες
1290 4305 1466 4372 γένος,
1505 4306 1599 4358 καὶ
1634 4305 1758 4377 τρόα

1863 4307 2105 4377 designat
2135 4320 2331 4358 nomen
2363 4303 2530 4358 Israel
2549 4343 2562 4366 ,
2596 4309 2656 4355 ut
2674 4317 2845 4371 genus
2873 4300 3144 4368 jactantes
3170 4299 3415 4364 Patrum,

185 4415 293 4450 πον
332 4399 538 4460 ἑαυτοῖς
591 4396 932 4462 οίκειώσωσι,
987 4396 1078 4449 καὶ
1127 4394 1337 4448 εῦνοιαν
1391 4395 1490 4464 τὴν
1537 4396 1757 4449 ἐκείνων

1863 4415 2038 4454 mores
2085 4411 2305 4468 quoque
2349 4396 2634 4450 imitentur
2678 4409 2900 4456 eorum,
2933 4400 2984 4446 et
3014 4393 3203 4448 eodem
3234 4393 3419 4448 studio

191 4486 585 4556 μιμησάμενοι,
626 4485 874 4539 ἐθίσωσιν
924 4485 1146 4548 ἑαυτοὺς
1187 4485 1266 4547 είς
1306 4483 1367 4537 τὸ
1404 4484 1619 4537 ἀκούειν
1663 4485 1754 4538 τοῦ

1863 4491 2178 4558 ﬂagrantes,
2214 4486 2310 4543 Dei
2341 4487 2397 4542 in
2440 4487 2664 4542 servitio
2699 4485 2803 4554 ipsi
2828 4499 3043 4554 quoque
3075 4491 3414 4539 assuescant.

187 4575 350 4630 Θεοῦ.

264 4665 511 4729 Τοιοῦτος
566 4666 857 4737 ἐτύγχανες
905 4668 998 4721 καὶ
1051 4666 1275 4728 ἀνωθεν,
1331 4655 1622 4734 ἀπολείψας
1659 4665 1755 4734 μὲν

190 4758 316 4820 τοὺς
349 4759 406 4809 ἐν
425 4761 492 4828 τῇ
518 4757 674 4826 φύσει
701 4774 780 4811 σοι
811 4756 1245 4828 καταὸληθέντας
1267 4755 1480 4824 νόμους,
1511 4757 1568 4808 ἐν
1596 4755 1758 4820 πλαξὶ⁹

189 4849 250 4900 δὲ
291 4846 515 4910 λιθίναις
557 4847 872 4916 ἀναγκάσας
899 4849 1102 4919 γράψαι
1135 4846 1326 4910 ταῦτα,
1349 4848 1431 4910 ὼς
1472 4846 1564 4900 καὶ
1594 4847 1758 4899 Μωῦ-

198 4940 296 5010 σῆς
327 4940 452 5009 ὑμῖν
474 4938 733 5003 ὠνείδιζε,
756 4942 850 4992 καὶ
896 4940 956 4993 τὸ
995 4939 1207 5000 ἀναιδὲς
1235 4938 1386 5009 ὑμῶν
1412 4938 1755 5007 ἀπέσκωψεν.

266 5143 436 5196 Πάλιν
457 5142 554 5213 τὴν
580 5144 941 5215 προσποίητον
970 5145 1147 5196 αὑτων
1187 5143 1419 5213 ἐλέγχων
1451 5144 1756 5214 ὁμολογιαν,

193 5232 639 5304 ἐπαναλαμϐάνει
683 5234 752 5287 τά
800 5234 927 5305 παρ’
978 5233 1200 5288 ἐκείνων
1249 5233 1511 5305 λεγόμενα
1546 5233 1719 5301 λέγων
1742 5251 1754 5263 ·

196 5343 219 5375 ι
259 5322 350 5393 Μὴ
387 5323 704 5396 εῐπῃςοΝαὶ,
735 5323 983 5391 γινώσκω
1020 5325 1184 5377 αὐτά·
1226 5341 1244 5374 ›
1279 5323 1380 5377 κᾶν
1427 5324 1533 5394 γὰρ
1579 5323 1654 5386 ὠς
1684 5325 1760 5375 είς-

1926 4667 2094 4722 Vsns.
2144 4667 2198 4720 3.
2246 4663 2432 4719 Talem
2489 4672 2542 4719 te
2596 4663 2873 4732 praebuisti
2912 4663 2995 4717 vel
3046 4676 3074 4714 a
3109 4662 3416 4731 principio;

1859 4757 2138 4813 derelictis
2168 4757 2400 4826 legibus,
2430 4769 2550 4823 qua!
2575 4761 2770 4807 natura
2798 4752 2953 4806 vobis
2977 4751 3194 4806 fuerant
3218 4752 3416 4817 insitae,

1863 4850 2007 4915 leges
2044 4861 2075 4900 a
2126 4861 2210 4898 me
2241 4846 2550 4900 extorsistis
2581 4843 2813 4913 lapideis
2846 4843 3048 4898 tabulis
3084 4844 3415 4913 inscriptas;

1858 4939 2004 5007 quod
2032 4939 2144 5007 jam
2172 4937 2384 5007 Moyses
2411 4937 2565 4990 vobis
2593 4935 2964 4998 exprobravit,
2996 4942 3050 4989 et
3078 4936 3420 4991 contumeliae

1862 5031 2019 5084 vertit

1943 5143 2100 5198 Vnns.
2123 5143 2174 5196 ’1.
2195 5144 2405 5196 Rursus
2421 5142 2598 5195 ﬁctam
2615 5156 2801 5195 eorum
2823 5139 2979 5195 ﬁdem
2997 5140 3418 5209 reprehendens.

1865 5235 2015 5290 dicta
2069 5250 2261 5290 eorum
2325 5234 2493 5289 refert
2531 5250 2544 5285 :
2581 5231 2665 5285 Ne
2712 5233 2889 5294 dicas,
2947 5231 3127 5300 inquit
3173 5251 3187 5288 ε
3243 5231 3421 5286 Etiam

1860 5328 1980 5380 ιουί
2009 5343 2090 5380 ea.
2150 5325 2299 5379 Licet
2332 5340 2392 5378 ea
2442 5325 2660 5379 novisse
2702 5322 3068 5384 contendatis,
3105 5323 3222 5392 ipsa
3261 5337 3423 5392 Opera

192 5414 347 5477 δότες
377 5414 775 5484 προσποιεῖσθε,
809 5413 942 5468 ἀλλά
973 5414 1100 5482 γοῦν
1131 5416 1216 5466 ἐπ’
1249 5413 1427 5468 αὐτῶν
1464 5414 1570 5466 τῶν
1603 5414 1756 5485 πρά-

1863 5425 2045 5473 Vestra
2102 5433 2201 5472 vos
2254 5431 2318 5471 ea
2381 5416 2720 5485 ignoravisse
2767 5415 3195 5476 conﬁrmabunt,
3262 5417 3422 5468 sicuti

193 5503 332 5569 ξεων
387 5504 796 5575 φωραθήσεσθε,
858 5507 991 5577 μήτε
1040 5505 1407 5575 ἐπιστάμενοι,
1457 5505 1759 5567 ἀκολούθως

1863 5509 2129 5579 scriptum
2164 5514 2248 5562 est
2303 5508 2358 5560 in
2417 5504 2712 5576 Evangelia
2747 5524 2759 5558 :
2816 5502 2937 5558 Non
2969 5507 3135 5558 omnis
3165 5504 3255 5573 qui
3296 5505 3422 5556 dicit

193 5594 275 5665 τῷ
297 5595 664 5668 γεγραμμένῳ
706 5598 762 5648 ἐν
805 5596 881 5665 τῷ
928 5596 1260 5665 Εὑαγγελίῳ,
1291 5597 1371 5658 τὸ,
1411 5615 1427 5646 ι
1469 5597 1541 5649 Οὐ
1589 5597 1690 5658 πᾶς
1731 5597 1759 5647 ό

1865 5601 2015 5665 mihi,
2053 5599 2310 5660 Domine,
2349 5599 2598 5661 Domine,
2651 5596 2870 5651 intrabit
2900 5597 2953 5650 in
3007 5612 3222 5666 regnum
3269 5594 3424 5648 creto—

198 5687 372 5756 λὲγων
408 5704 515 5758 μοι,
545 5688 745 5760 Κύριε,
769 5688 960 5759 Κύριε,
993 5687 1351 5742 εἰσελεύσεται
1385 5689 1463 5751 είς
1485 5689 1580 5756 τὴν
1606 5687 1759 5757 βασι-

1867 5709 1983 5746 rum
2014 5693 2092 5758 “;
2131 5705 2224 5748 ore
2252 5689 2467 5758 quidem
2499 5696 2553 5743 et
2593 5688 2774 5760 lingua
2807 5703 2893 5744 me
2926 5685 3282 5754 confitemini,
3316 5699 3422 5740 non

273 5829 317 5863 "
345 5827 525 5884 Matth.
561 5847 658 5898 vn,
689 5831 777 5886 21.
