4044 6324
621 422 757 481 13⁸7

614 543 799 591 autem
865 532 978 584 hoc
1042 527 1236 582 atl'ectu
1299 530 1354 577 et
1408 518 1575 575 animi
1645 519 1829 573 studio
1869 516 2104 572 sentitis.

1805 403 2157 459 τιιευυυιιι
2187 398 2712 453 ιιιιιλυιιιιιωιδιδ

2206 509 2870 585 Αλείαντῶνοὺρανῶν·
2905 528 2923 563 ι
2960 508 3101 563 κατὰ
3146 506 3427 581 προφορὰν
3461 505 3559 577 μιν
3602 506 3684 562 τῶ
3720 506 3855 580 λόγῳ

3726 393 3855 450 Iw

613 621 1035 696 δμολογοῠντων,
1069 616 1145 689 μὴ
1177 616 1282 687 μὴν
1306 612 1541 667 διαθέσει
1571 610 1666 663 καὶ
1697 609 1883 679 ἀγάπῃ
1914 606 2092 676 ψυχῆς
2116 601 2286 655 ταῦτα
2313 602 2673 674 φρονούντων.

690 757 854 814 Vm.
889 754 976 809 ιο.
1009 749 1128 804 Noli
1152 750 1333 803 dicere
1356 757 1410 800 te
1434 750 1659 816 prapter
1689 748 1971 811 argentum
1995 744 2052 791 et
2082 750 2187 789 aere

618 848 752 905 dato
781 863 811 902 a
850 860 936 900 me
967 844 1136 899 fuisse
1166 839 1479 903 venditum;
1521 830 1647 889 nam
1681 833 1863 904 potius
1892 838 1951 883 tu
1994 834 2183 882 temet-

620 942 737 1013 ipse
765 934 1081 998 vendidisti,
1112 947 1220 988 non
1244 938 1465 1001 propter
1498 927 1784 997 pecuniam
1813 921 2056 1013 quidem,
2090 917 2186 975 sed

619 1012 843 1106 propter
869 1028 1111 1083 admissa
1139 1032 1231 1077 tua
1262 1029 1505 1093 peccata.
1536 1017 1642 1074 Nec
1670 1012 2080 1106 imbecillitatis—
2100 1026 2187 1066 me

616 1102 840 1179 incuses
868 1116 1241 1191 prodigiorum
1272 1126 1504 1175 memor,
1544 1122 1665 1180 qua
1694 1106 1918 1161 fuerunt
1939 1104 1995 1159 in
2019 1102 2186 1174 Egy-

616 1221 713 1284 pto
738 1212 905 1273 edita,
933 1218 989 1265 et
1014 1206 1296 1264 servitutis
1319 1210 1514 1260 vestra:
1535 1199 1677 1271 apud
1703 1196 2009 1271 Egyptios.
2030 1194 2189 1248 Nunc

617 1312 801 1357 tamen
852 1315 1039 1356 eruam
1098 1307 1152 1353 te
1210 1313 1276 1352 ex
1345 1294 1659 1365 captivitate
1711 1297 1936 1363 propter
1985 1302 2187 1343 nomen

617 1408 835 1456 meum,
878 1407 945 1445 ne
975 1389 1173 1444 tradito
1201 1397 1254 1443 te
1294 1393 1644 1457 peccatorum
1684 1395 1886 1443 causa,
1929 1386 1984 1434 et
2036 1380 2187 1433 omni

618 1497 718 1552 spe
747 1482 1043 1544 destituto,
1082 1478 1226 1533 idola
1261 1476 1492 1547 gloriam
1526 1487 1702 1528 meam
1738 1478 2039 1539 usurpent,
2076 1468 2184 1521 im-

618 1573 879 1647 potenti:
908 1587 994 1626 me
1022 1570 1327 1640 arguentia,
1356 1564 1516 1637 quasi
1556 1564 1711 1620 vobis
1738 1562 2046 1617 libertatem
2082 1560 2189 1614 lar—

618 1665 726 1737 giri
752 1679 861 1719 non
890 1677 1127 1732 possem.

692 1773 859 1829 Vens.
908 1773 994 1828 12.
1037 1772 1166 1839 Quae
1209 1772 1429 1842 quidem
1473 1767 1541 1825 ad
1588 1766 1851 1839 populum
1883 1763 2184 1828 dicuntur;

2358 734 2757 808 Παραδεδόσθαι
2808 734 2865 788 δὲ
2914 736 2975 788 οὐ
3027 735 3221 807 φήσεις
3269 733 3347 796 ὡς
3392 732 3518 803 ἐμοὶ
3569 732 3857 789 ἑκτιννύων
3902 772 3909 787 μ

2290 827 2468 898 χρέος,
2499 826 2609 880 066‘
2650 826 2729 887 ὡς
2760 824 3021 897 ἀργύριον
3056 827 3158 897 μοῦ
3207 824 3592 895 κομιζομένου·
3634 825 3857 898 ἐπιγράι

2288 917 2408 987 ψιις
2435 916 2493 970 δὲ
2522 915 2700 987 ἑαυτῷ
2730 916 2923 969 σαυτὸν
2948 914 3270 987 πεπρακὼς,
3311 915 3431 969 ἀντὶ
3474 916 3743 987 ἀργυρίου
3770 917 3857 981 τὰς

2292 1000 2487 1061 σαυτοῦ
2518 1006 2789 1077 ἁμαρτιας
2821 1006 3120 1076 προέμενος
3143 1022 3157 1034 ·
3192 1007 3253 1059 οὐ
3279 1004 3386 1076 γὰρ
3415 1006 3555 1076 ὲμῆς
3585 1007 3859 1070 ἀσθενείας

2295 1100 2660 1171 καταδραμεϊς
2697 1096 2811 1151 τῶν
2848 1100 2908 1151 ιν
2948 1098 3209 1170 Δίγύπτῳ
3243 1097 3622 1171 μνημονεύσας
3654 1097 3861 1168 καὶτῆς

2294 1189 2670 1260 Αἰγυπτιακῆς
2704 1190 2945 1253 δουλείας
2994 1190 3290 1260 μνησθείς·
3343 1190 3478 1247 ἀλλὰ
3523 1191 3621 1245 καὶ
3662 1190 3758 1244 νῦν
3802 1190 3861 1243 δι’

2293 1282 2526 1351 ιμαυτὺν
2554 1280 2653 1351 τὴν
2685 1281 2943 1337 ιπάνοδόν
2987 1298 3069 1335 σοι
3114 1282 3213 1353 τὴν
3256 1284 3323 1336 ὲκ
3356 1285 3451 1354 τῆς
3493 1282 3862 1355 αἰχμαλωσίας

2294 1373 2607 1444 χαριοῦμαι,
2636 1373 2723 1426 ἴνα
2754 1374 2850 1444 μὴ,
2879 1372 3308 1445 παραδεδομένου
3331 1391 3425 1428 σου
3449 1376 3539 1431 διά
3565 1377 3670 1438 τὰς
3702 1376 3860 1445 ἁμαρ-

2292 1462 2433 1527 τίας,
2490 1463 2911 1535 σφετερίσωνται
2964 1463 3064 1536 τὴν
3115 1466 3258 1534 ιμήν
3309 1464 3465 1530 δόξαν
3525 1465 3596 1519 τά
3656 1463 3859 1527 εῐδωλα,

2291 1552 2595 1624 ἀδυναμίας
2658 1562 2761 1624 μοσ
2817 1553 3233 1627 καταδραμάπα
3256 1594 3271 1621 ,
3315 1554 3392 1619 ὥς
3447 1556 3524 1627 μὴ
3573 1554 3861 1627 δυνηθέντα

2291 1644 2419 1715 ὑμῖν
2452 1644 2763 1718 ἐλευθερίαν
2787 1645 3135 1717 χαρίσασθαι.
3436 1628 3449 1635 ’

2362 1754 2442 1808 Τά
2477 1756 2575 1827 μὲν
2610 1756 2875 1826 λεγόμενα
2902 1756 3037 1828 πρὸς
3065 1758 3153 1811 τὸν
3181 1756 3327 1820 λαὸν,
3362 1724 3657 1827 μετάγεται
3682 1754 3745 1812 δι
3776 1757 3861 1813 καὶ

620 1865 717 1921 sed
768 1866 836 1920 ad
898 1866 1173 1921 hominem
1228 1863 1526 1935 quemlibet
1577 1869 1726 1916 recte
1782 1871 1847 1914 ea
1909 1855 2184 1913 retuleris.

2290 1846 2368 1909 είς
2422 1846 2597 1901 πάντα
2649 1846 2951 1919 ἄνθρωπον.
2988 1849 3046 1901 '0
3085 1849 3264 1901 τοίνυν
3313 1847 3445 1911 Θεὸς
3488 1851 3750 1920 παραινεῖ
3789 1850 3862 1912 είς

621 1955 882 2013 Hortatur
922 1958 1087 2029 igitur
1133 1956 1276 2013 Deus
1328 1956 1647 2017 audientes,
1674 1958 1735 2005 ut
1784 1950 1934 2005 dict.)
1977 1947 2185 2002 intelli-

621 2059 782 2119 gant,
826 2058 882 2105 et
903 2051 1204 2121 condignas
1233 2048 1429 2103 exinde
1458 2049 1735 2115 excipiant
1769 2042 2003 2097 fructus.
2039 2038 2187 2093 Idem

618 2141 766 2195 enim
799 2156 918 2195 sum
940 2141 1186 2195 moribus
1204 2139 1297 2210 qui
1326 2146 1551 2203 natura;
1577 2143 1638 2189 ut
1671 2133 1949 2189 immutari
1979 2140 2189 2186 natura:

620 2246 755 2286 mea
789 2246 897 2286 non
929 2242 1032 2298 est,
1060 2232 1131 2286 ita
1162 2245 1261 2285 nec
1288 2230 1488 2285 mentis
1521 2243 1622 2283 nec
1652 2240 1897 2292 morum;
1922 2225 2018 2281 sed
2046 2226 2189 2280 idem

620 2336 880 2378 remaneo
892 2332 945 2378 et
969 2324 1227 2377 immotus
1245 2322 1300 2376 in
1312 2322 1705 2389 sempiternum
1719 2318 1964 2372 bonitate
1976 2331 2093 2371 mea
2112 2316 2191 2369 in-

620 2416 877 2485 signitus.
892 2430 997 2483 qua
1012 2422 1067 2468 et
1083 2429 1111 2466 ο
1129 2412 1399 2483 principio
1428 2417 1628 2466 cuncta
1652 2410 1842 2473 edens,
1871 2424 1969 2479 per
1990 2408 2188 2461 Filium

621 2516 689 2557 ea
719 2504 775 2557 in
817 2505 991 2557 lucem
1037 2503 1275 2573 protuli,
1304 2510 1358 2556 et
1389 2516 1486 2572 per
1526 2501 1707 2570 ipsum
1752 2514 2041 2555 conservo.
2074 2498 2190 2552 lla-

620 2608 728 2650 nus
782 2595 927 2648 enim
984 2600 1040 2646 et
1095 2593 1318 2647 dextera
1358 2592 1559 2648 dicitur
1614 2591 1928 2663 unigenitus
1977 2589 2186 2653 Filius,

623 2685 813 2756 patriae
873 2685 1071 2739 mentis
1123 2684 1405 2751 minister;
1434 2683 1580 2738 unde
1623 2698 1754 2737 vere
1784 2683 2051 2753 sapientia
2094 2680 2189 2735 Dei

620 2786 798 2832 exstat
836 2778 1146 2845 unigenitus
1184 2775 1357 2831 Filius
1386 2784 1442 2831 et
1465 2776 1699 2847 patriam
1740 2782 1975 2831 mentem
2008 2776 2191 2846 operi-

622 2866 723 2922 hus
747 2867 862 2921 suis
894 2867 1153 2921 declarat.

693 3062 859 3119 Vitas.
894 3064 976 3118 ιι.
1014 3063 1226 3119 Rursus
1263 3065 1513 3121 homines
1539 3067 1806 3136 superbos
1839 3066 2029 3135 jubet,
2058 3082 2190 3120 con-

2293 1938 2641 2008 συναίσθησιν
2681 1939 2790 1992 τῶν
2832 1940 3137 2010 λεγομένων
3182 1939 3432 2011 ἔρχεσθαι
3481 1943 3609 2004 τοὺς
3650 1940 3863 1995 ἀκούοι»

2287 2046 2407 2093 τας,
2454 2030 2547 2083 καὶ
2597 2031 2696 2101 τὴν
2742 2031 2801 2098 ἐξ
2837 2031 3018 2084 αὐτῶν
3057 2032 3324 2101 ὠφέλειαν
3376 2030 3754 2104 καρποῦσθαι·
3810 2031 3863 2084 '0

2288 2121 2448 2185 αὐτὸς
2481 2121 2589 2195 γάρ
2616 2124 2729 2192 είμι
2760 2122 2821 2175 τὸ
2861 2117 3012 2193 ἦθος,
3059 2122 3247 2194 ὥσπερ
3282 2118 3376 2177 οὖν
3414 2124 3512 2177 καὶ
3551 2123 3653 2193 τὴν
3677 2121 3860 2190 φύσιν·

2289 2213 2383 2265 καὶ
2406 2211 2482 2275 ὼς
2507 2212 2608 2265 οὐκ
2632 2212 2836 2267 [vso-rw
2865 2215 2922 2267 tv
2948 2216 3014 2284 τῇ
3047 2213 3205 2282 φύσει
3233 2213 3328 2285 τὴν
3353 2212 3559 2284 τροπὴν
3591 2212 3862 2277 δέξασθαι,

2289 2303 2462 2366 οὕτως
2492 2304 2612 2357 οὐδὲ
2654 2306 2711 2357 ἐν
2742 2306 2808 2375 τῇ
2839 2303 3031 2377 γνώμῃ
3054 2321 3114 2357 τε
3154 2305 3249 2359 καὶ
3286 2304 3363 2374 τῷ
3391 2304 3533 2374 ήθει,
3566 2302 3684 2358 ἀλλ’
3716 2304 3746 2356 ὀ
3780 2305 3865 2359 αύ-

2289 2396 2379 2459 τδς
2417 2397 2496 2458 εις
2537 2394 2624 2447 ἀεὶ
2663 2393 2760 2459 ὢν.
2792 2395 2900 2449 ἀπὸ
2929 2395 3265 2466 ἀγαθότητος
3296 2395 3660 2467 γνωρίζομαι,
3684 2391 3866 2467 ἀφ’ἧς

2290 2489 2384 2540 καὶ
2413 2486 2511 2557 τὴν
2534 2487 2703 2557 ἀρχὴν
2726 2485 2795 2540 τὰ
2826 2486 3002 2542 πάντα
3034 2488 3435 2560 δτεκτηνάμην,
3474 2490 3533 2541 ὲν
3559 2486 3679 2558 Υίῷ
3701 2486 3864 2541 ταῦτα

2288 2578 2487 2645 δείξας,
2517 2580 2611 2633 καὶ
2648 2579 2715 2632 δι’
2754 2579 2916 2633 αὐτοῦ
2951 2580 3415 2652 ὑποστησάμενος.
3448 2579 3590 2652 Χεὶρ
3633 2580 3743 2651 γὰρ
3775 2579 3865 2633 καὶ

2289 2670 2484 2735 δεξιάό
2852 2670 2978 2735 Υἱὸς
3019 2670 3288 2735 λέλεκται,
3330 2672 3624 2743 πληρωτὴς
3653 2668 3728 2725 ὣν
3758 2668 3865 2723 τῶν

2291 2761 2569 2833 πατρικῶν
2605 2762 2842 2824 ἐννοιῶν,
2875 2761 2951 2827 ὡς
2978 2756 3117 2816 εἶναι
3149 2762 3351 2836 κυρίως
3382 2762 3575 2832 σοφίαν
3607 2764 3705 2818 τοῦ
3728 2761 3863 2817 Θεοῦ

2288 2854 2380 2906 τὸν
2416 2854 2674 2923 μονογενῆ
2715 2852 2863 2917 Υίδν,
2899 2852 3301 2924 σαφηνίζουσαν
3336 2854 3435 2917 τὰς
3468 2853 3745 2926 πατρικάς
3780 2852 3864 2909 ἒν-

2289 2943 2436 3006 νοίας
2467 2945 2525 2996 ἑν
2551 2946 2665 3007 τοῖς
2693 2941 2785 2996 ὑπ’
2811 2940 2975 2997 αὑτοῦ
3001 2943 3306 3015 γινομένοις
3329 2944 3534 3015 ιργοις.

2361 3077 2531 3130 Πάλιν
2560 3077 2687 3141 τοὺς
2723 3077 2862 3149 μέγα
2900 3074 3229 3149 φρονοῦντας
3249 3079 3307 3132 εν
3336 3076 3535 3146 γνώσει
3567 3076 3679 3131 τῶν
3699 3076 3866 3132 eam

621 3155 856 3225 gregatis
884 3156 1135 3223 gentibus
1167 3158 1427 3210 accedere
1452 3195 1468 3220 ,
1498 3165 1553 3210 et
1587 3158 1859 3212 recordari
1890 3174 1948 3213 se
1986 3159 2055 3213 ab
2080 3161 2189 3213 alio

2294 3172 2546 3239 παρεῖναι
2592 3169 2974 3239 προτρέπεται,
3010 3168 3102 3221 καὶ
3139 3169 3279 3222 κατὰ
3327 3168 3450 3220 νοῦν
3481 3168 3862 3239 ἐκλαμϐάνειν,

620 3264 730 3305 non
764 3249 1041 3319 accepisse
1072 3250 1209 3304 istas
1241 3250 1658 3319 pradictiones,
1704 3266 1802 3305 nec
1828 3252 1995 3304 alium
2046 3268 2185 3320 pra:-

619 3342 961 3397 nuntiavisse
989 3357 1109 3410 qua:
1149 3342 1367 3411 longum
1399 3350 1522 3411 post
1550 3343 1811 3410 temporis
1841 3343 2187 3397 intervallum

618 3434 905 3497 evenient,
961 3434 1064 3487 nisi
1118 3434 1294 3503 ipsum
1348 3435 1512 3489 totius
1556 3434 1797 3489 universi
1843 3434 2048 3501 Deum,
2095 3438 2188 3507 qui

623 3528 971 3581 imminentes
1018 3527 1125 3581 illis
1158 3528 1496 3581 calamitates
1527 3528 1843 3595 denuntiat,
1880 3539 1935 3585 et
1983 3531 2049 3585 ad
2097 3546 2189 3587 sa-

624 3618 779 3671 niora
812 3632 1107 3672 comersos
1142 3617 1321 3671 denuo
1351 3619 1581 3672 solatur.

692 3748 1214 3804 Vens.l5.Memorat
1236 3751 1320 3805 hic
1346 3751 1487 3805 Deus
1506 3752 1775 3807 lsraelitas
1791 3763 2039 3809 votorum
2062 3771 2190 3811 suo-

621 3853 741 3893 rum
776 3839 949 3895 factos
987 3858 1109 3896 esse
1154 3852 1452 3912 compotes.
1486 3845 1695 3915 Quippe
1733 3847 1825 3916 qui
1858 3862 1888 3899 a
1919 3848 2187 3903 Chaldaeis

621 3930 783 3985 toties
821 3932 1069 3999 oppressi
1111 3939 1162 3985 et
1203 3935 1389 4001 prazlio
1446 3934 1549 3988 fusi
1600 3952 1759 4004 quam
1801 3938 2189 3994 ardentissime

619 4023 828 4075 cladem
863 4038 1051 4076 eorum
1084 4024 1195 4076 tleri
1226 4024 1631 4079 desiderabant.
1663 4028 1761 4080 Cui
1794 4029 2073 4083 desiderio
2100 4047 2188 4084 re-

622 4110 897 4179 spondens
954 4113 1183 4181 benigne
1237 4112 1413 4177 Deus,
1472 4114 1711 4168 declarat
1767 4133 1824 4170 se
1875 4133 1981 4171 non
2038 4120 2188 4188 justa

622 4215 841 4275 agentes
887 4205 1217 4266 defendisse,
1247 4205 1339 4258 sed
1381 4215 1600 4274 propter
1625 4223 1798 4276 genus
1830 4217 2040 4265 amatos
2073 4206 2190 4266 Ser-

620 4299 835 4350 vavisse
864 4304 1053 4349 contra
1082 4296 1453 4351 Chaldaeorum
1484 4298 1761 4353 incursus.

2216 3211 2257 3268 C

2288 3261 2364 3323 ὡς
2390 3262 2449 3312 οὐ
2483 3261 2609 3330 παρ’
2639 3260 2825 3330 ἑτέρου
2845 3258 3047 3324 ταύτας
3076 3258 3172 3324 τὰς
3200 3258 3624 3331 προαγορεύσεις
3663 3257 3866 3330 egeat-

2290 3366 2481 3420 φεσαν,
2522 3350 2642 3403 οὐδέ
2683 3367 2767 3414 τις
2811 3350 2879 3404 τά
2927 3350 3065 3420 μετὰ
3115 3350 3342 3414 πολλοὺς
3388 3351 3616 3421 χρόνους
3644 3351 3867 3423 γενησό-

2293 3459 2427 3512 μενα
2460 3442 2775 3513 προύλεγεν,
2800 3442 2913 3495 ἀλλ’
2957 3440 3119 3504 αὐτὸς
3146 3436 3215 3512 ἦν
3243 3443 3271 3494 ὸ
3297 3440 3405 3495 τῶν
3430 3441 3569 3495 ὅλων
3608 3442 3740 3509 Θεὸς
3775 3445 3869 3517 καὶ

2290 3534 2569 3603 προλέγων
2622 3533 2690 3586 τὰ
2738 3531 3157 3602 καταληψόμενα
3216 3531 3412 3596 αὐτοὺς
3456 3533 3689 3605 δυσχερῆ
3714 3574 3729 3599 ,
3776 3534 3870 3590 καὶ

2292 3626 2452 3679 πάλιν
2488 3624 2920 3696 μετατιθεμένων
2945 3621 3399 3693 ἀνακαλούμενος.

2377 3757 2809 3825 Ὑπομιμνήσκει
2841 3750 3037 3816 αὐτοὺς
3068 3752 3299 3807 ἐνταῦθα
3324 3755 3422 3825 τῆς
3448 3755 3658 3819 οἰκείας
3690 3754 3869 3809 αὐτῶν

2295 3850 2586 3917 ἐπιθυμίας
2623 3848 2702 3909 είς
2750 3846 2909 3916 ἔργον
2948 3847 3400 3919 προχωρησάσης.
3432 3847 3553 3900 Τῶν
3581 3847 3690 3918 γὰρ
3712 3847 3872 3901 Χαλ-

2294 3940 2457 3992 δαίων
2508 3937 2793 3992 θλιϐόντων
2829 3937 2914 3989 ἀεὶ
2957 3937 3047 3991 τὸν
3084 3937 3297 4009 Ἰσραὴλ
3341 3938 3436 3990 καὶ
3478 3938 3871 4009 ἐπιτιθεμένων

2294 4032 2473 4092 αὐτοῖς
2501 4031 2557 4081 ὲν
2586 4028 2969 4097 παρατάξεσιν,
2999 4028 3263 4099 ἐπιθυμία
3289 4024 3356 4099 ἦν
3380 4027 3476 4081 τοῦ
3511 4030 3725 4101 Ἰσραὴλ
3752 4030 3871 4082 τού-

2295 4139 2421 4184 τους
2452 4121 2600 4191 παρὰ
2624 4120 2715 4174 τοῦ
2745 4120 2879 4173 θεοῦ
2910 4120 3295 4193 διαφθαρῆναι·
3318 4124 3346 4175 ὁ
3369 4122 3551 4175 τοίνυν
3578 4122 3731 4186 Θεδς,
3761 4122 3872 4176 ἀπὸ

2296 4216 2626 4284 ἀγαθὸτητος
2650 4215 2745 4267 καὶ
2767 4212 2922 4265 τοῦτο
2944 4215 3023 4276 είς
3046 4213 3204 4284 ἔργον
3233 4213 3456 4282 ἐκϐῆναι
3484 4214 3868 4286 συγχωρήσας.

2258 4370 2261 4371 ν
2298 4308 2702 4375 ὑπομιμνήσκει
2747 4305 2962 4367 αὐτοὺς,
2999 4303 3073 4368 ὡς
3114 4306 3176 4357 οὐ
3217 4304 3747 4375 δικαιοπραγούντων
3772 4304 3872 4358 αὐ-

620 4385 727 4437 τῶν
762 4385 1097 4449 ἀντελάὸετο,
1128 4386 1239 4439 ἀλλ’
1267 4389 1453 4455 ἀγάπῃ
1484 4392 1548 4459 τῇ
1590 4408 1651 4441 πε
1662 4393 1713 4459 pi
1744 4392 1799 4443 τὸ
1827 4394 1996 4459 γένος,
2032 4398 2157 4461 τοὺς
2179 4398 2475 4461 Χαλδαίους
2504 4396 2595 4449 τοῦ
2628 4385 2879 4467 πολεμεῖν
2909 4394 3195 4449 ἐκώλυσεν.

698 4518 855 4573 Vens.
898 4518 983 4575 i6.
1017 4519 1115 4572 llic
1155 4520 1417 4573 describit
1453 4523 1727 4591 pr0plieta:
1761 4541 1940 4582 sermo
1975 4527 2189 4584 Domini
2223 4565 2270 4621 υ

2378 4536 2637 4588 Ἐνταῦθα
2666 4535 2757 4588 τοῦ
2805 4535 3080 4606 προφήτου
3126 4535 3175 4587 οἱ
3223 4533 3364 4602 λόγοι
3396 4534 3727 4587 Δεσποτικὸν
3750 4532 3871 4597 ἔθος

621 4610 869 4666 ισεοίιιε.
919 4610 1050 4675 Quae
1099 4615 1242 4663 enim
1297 4612 1363 4663 ad
1411 4614 1671 4681 populum
1727 4631 1835 4669 non
1886 4617 1937 4671 in
1977 4622 2189 4688 angulis

2299 4629 2651 4698 μιμούμενοι·
2710 4627 2953 4696 λελέχθαι
3012 4627 3120 4697 γὰρ
3168 4626 3337 4679 ταῦτα
3395 4625 3545 4695 λέγει
3592 4625 3732 4697 πριις
3777 4625 3871 4678 τὸν

621 4703 768 4757 dicta
809 4711 935 4756 sunt
974 4710 1066 4754 aut
1107 4704 1158 4754 in
1190 4703 1529 4765 abscondito,
1579 4706 1671 4758 sed
1709 4721 1892 4759 coram
1938 4711 2193 4767 omnibus

620 4802 677 4847 et
733 4795 910 4862 palam
967 4795 1175 4861 prolata
1225 4794 1468 4847 fuerunt.
1529 4794 1661 4847 Nam
1727 4806 1929 4851 certam
1986 4800 2191 4855 habens

624 4878 743 4956 ipse
774 4886 967 4939 horum
1012 4887 1258 4938 notitiam
1292 4886 1359 4938 ad
1413 4904 1508 4939 vos
1557 4888 1773 4942 locutus
1806 4904 1927 4943 sum
1960 4900 2013 4944 et
2044 4907 2191 4946 nunc

624 4993 733 5033 non
764 4993 920 5031 cesso
956 4978 1094 5031 idem
1153 4979 1362 5033 faciens
1403 4994 1502 5046 pro
1539 4990 1717 5033 vestra
1753 4982 1961 5045 salute;
1999 4982 2189 5037 Domi-

624 5085 729 5126 nus
757 5071 903 5124 enim
927 5070 1074 5124 misit
1096 5086 1181 5123 me
1201 5111 1213 5134 ,
1244 5079 1297 5125 et
1328 5071 1467 5123 amat
1498 5070 1734 5140 Spiritus
1768 5083 2012 5129 sanctus.

691 5264 855 5321 Vens.
890 5266 976 5320 Π.
1006 5266 1249 5336 Ingratos
1289 5266 1504 5320 illorum
1534 5270 1747 5323 animos
1782 5285 1978 5325 rursus
2003 5270 2187 5325 incre-

622 5374 760 5429 pans
792 5359 1069 5412 servitutis
1100 5360 1474 5427 depulsionem
1500 5369 1787 5414 memorat.
1812 5362 1921 5431 Age
1942 5403 1954 5425 ,
1985 5363 2187 5432 inquit,

622 5450 972 5505 Conditorem
1016 5459 1167 5505 tuum
1207 5468 1314 5505 non
1345 5454 1649 5522 agnovisti,
1692 5455 1947 5524 dirigenti
1974 5463 2029 5511 et
2073 5456 2190 5525 pla-

625 5542 823 5597 smanti
853 5548 907 5595 te
933 5556 1039 5595 non
1074 5535 1251 5596 mente
1274 5545 1571 5608 inservisti,
1594 5560 1721 5597 num
1745 5556 1799 5600 et
1827 5560 2105 5602 eruentem
2137 5558 2189 5603 te

623 5648 689 5687 ex
729 5630 964 5703 Egyplo
1010 5633 1291 5689 fastidies?
1335 5636 1443 5705 Ego
1470 5654 1595 5693 vero
1648 5640 1741 5707 qui
1800 5639 1945 5692 istud
2000 5639 2185 5703 eﬂ‘eci,

626 5722 767 5776 idem
807 5723 983 5777 adhuc
1020 5739 1138 5777 sum
1182 5745 1193 5778 :
1228 5728 1432 5781 nullam
1476 5728 1797 5796 praetermisi
1838 5730 2186 5784 occasionem

626 5811 723 5864 tibi
759 5825 821 5865 ea
871 5813 1284 5869 commendandi
1320 5832 1435 5880 qure
1485 5818 1646 5873 saluti
1700 5831 1823 5873 esse
1866 5818 2179 5884 potuerint,

2293 4720 2418 4774 λαὸν
2443 4722 2504 4773 οὺ
2533 4721 2671 4773 κατὰ
2709 4720 2911 4788 γωνίας
2940 4719 3061 4771 οὐδὲ
3095 4720 3153 4771 ἑν
3184 4717 3537 4788 παραϐύστῳ,
3574 4717 3713 4770 ἀλλὰ
3734 4716 3871 4788 πρὸς

2293 4818 2497 4875 πάντας
2526 4814 2619 4865 καὶ
2656 4814 2712 4864 ἐν
2746 4810 2821 4881 τῷ
2848 4808 3085 4881 φανερῷ.
3116 4810 3225 4863 Καὶ
3255 4809 3363 4879 γάρ
3386 4810 3552 4872 αὐτὸς
3575 4808 3708 4877 ἐγὼ,
3735 4807 3868 4877 dli;-

2294 4920 2453 4973 ρητον
2478 4903 2613 4971 ἔχων
2640 4901 2735 4970 τὴν
2761 4900 2966 4953 τούτων
2994 4900 3213 4968 γνῶσιν,
3240 4899 3538 4969 ἐποιούμην
3567 4901 3693 4962 τοὺς
3734 4898 3868 4968 πρὸς

2293 4996 2434 5063 ὑμᾶς
2458 4994 2675 5060 λόγους·
2711 4992 2772 5043 τὸ
2800 4992 2843 5043 δ’
2873 4992 3003 5044 αὐτὸ
3042 4991 3134 5043 καὶ
3185 4990 3279 5043 νῦν
3320 4989 3487 5041 ποιῶν
3528 4990 3591 5042 οὑ
3625 4988 3867 5060 παύομαι

2293 5085 2426 5154 πρὸς
2460 5082 2731 5152 ὑμετέραν
2761 5080 3056 5148 ὠφέλειαν·
3097 5079 3230 5143 Θεὸς
3270 5080 3377 5148 γάρ
3425 5079 3577 5130 ἐστιν
3632 5082 3661 5133 ό
3713 5078 3867 5149 πέμ-

2292 5194 2427 5240 πων,
2457 5171 2794 5243 ὑπηχοῦντος
2831 5170 2924 5224 τοῦ
2965 5170 3277 5241 Πνεῦματος
3304 5168 3396 5221 τοῦ
3422 5169 3606 5236 ἁγίου.

2362 5265 2530 5319 Πάλιν
2566 5264 2841 5334 ἐντρέπων
2869 5264 3063 5325 αὐτοὺς
3095 5263 3183 5315 διὰ
3216 5260 3312 5332 τὴν
3343 5259 3652 5330 προσοῦσαν
3691 5261 3868 5321 αὐτοις

2291 5357 2701 5427 ἀγνωμοσύνην,
2715 5355 3031 5427 λυτρὼσεως
3047 5355 3113 5425 μέ
3121 5353 3526 5424 μνηται.Ἐο-τω
3539 5353 3610 5420 γὰ
3618 5370 3670 5423 ρ,
3686 5359 3865 5425 φησιν,

2289 5445 2335 5503 ὦ
2378 5448 2609 5519 Ἰσραὴλ,
2650 5446 2903 5500 ποιοῦντα
2945 5446 3044 5499 οὐκ
3086 5445 3414 5513 ἐγίνωσκες,
3453 5444 3866 5515 δημιουργοῦντι

2292 5546 2385 5595 καὶ
2425 5540 2708 5593 πλάττοντι
2754 5556 2813 5591 σε
2851 5539 2911 5590 ού
2943 5534 3366 5608 παρηκολούθεις
3398 5538 3464 5605 τῇ
3496 5535 3715 5603 γνώσει,
3734 5532 3866 5607 μηδι

2290 5632 2651 5704 λυτρουμένου
2687 5648 2779 5683 σου
2819 5630 2878 5696 ἐξ
2912 5630 3187 5696 Αἰγύπτου
3218 5628 3316 5680 οὐκ
3356 5626 3626 5696 ᾐσθάνους
3668 5626 3727 5679 ’0
3756 5624 3864 5679 τοί-

2290 5744 2381 5778 νυν
2429 5725 2487 5777 τδ
2538 5724 2741 5777 τέλειον
2791 5724 3153 5792 εὐεργετήσας
3193 5721 3309 5790 είμὶ
3360 5720 3387 5772 ὁ
3425 5720 3621 5783 αὐτὸς·
3667 5717 3860 5790 μηδένι

2289 5815 2478 5884 καιρὸν
2530 5813 2939 5886 παραλελοιπὼς
2984 5811 3263 5876 νουθεσίας
3313 5810 3421 5866 τῶν
3477 5809 3861 5868 συντελούντων
