4044 6324
183 399 327 457 1549

1585 408 1654 465 IN
1690 408 1945 466 ιδΑιΑΜ.

3307 416 3446 474 1550

174 529 265 566 σοι
316 514 452 580 πρὸς
488 517 776 585 σωτηρίαν,
826 517 940 570 ἀλλ’
971 515 1316 580 αὑτεξούσιόν
1357 533 1414 569 σε
1455 517 1760 588 πεποιηκὼς

1875 517 1972 573 sed
2003 517 2235 573 liberum
2277 525 2333 571 te
2361 518 2660 581 constitui,
2697 533 2783 573 me
2821 534 2990 584 ouce,
3023 535 3109 576 me
3145 537 3316 592 usque
3348 527 3441 583 do-

174 602 567 674 ὗφηγησάμην,
612 609 702 658 καὶ
747 608 811 659 τὰ
863 606 1105 674 πρακτέα
1152 605 1246 656 καὶ
1297 604 1366 657 τὰ
1412 607 1760 676 συμφέροντά

175 709 263 745 σοι
298 693 551 756 ὑπέδειξα
575 711 587 722 ·
623 696 716 746 καὶ
762 695 966 763 ταύτην
993 695 1290 748 ὁδεύσαντά
1321 713 1379 747 σε
1421 695 1518 767 τὴν
1551 697 1756 768 τρίϐον,

172 783 429 846 ἐκκλίνας
463 786 570 837 ἀπὸ
592 786 692 854 τῆς
716 785 963 847 ἐναντίας
995 786 1360 857 προξενούσης
1393 804 1474 839 σοι
1509 786 1756 842 θάνατον.

249 876 360 926 Καὶ
401 876 564 928 τόπον
611 877 702 928 καὶ
741 875 941 944 τρόπον
995 876 1244 943 ἀμείϐειν
1288 880 1482 940 αὐτοὺς
1527 880 1761 947 συμϐουο

172 961 346 1026 λεύει,
370 963 530 1016 τοῦτο
561 966 658 1033 μὲν
697 965 1191 1033 μετανισταμένους
1218 970 1282 1020 ὲκ
1325 969 1420 1038 τῆς
1444 968 1761 1031 Βασυλῶνος

174 1057 276 1107 καὶ
326 1056 838 1126 καταλαμβάνοντας
894 1057 993 1125 τὴν
1055 1057 1447 1130 Ἰερουσαλὴμ,
1498 1060 1658 1113 τοῦτο
1705 1060 1760 1112 δὲ

177 1146 352 1216 μηδὲν
415 1147 714 1214 ἐπάγεσθαι
774 1147 970 1210 αὐτοὺς
1033 1148 1242 1201 τοιοῦτο
1291 1150 1410 1214 ἔθος
1465 1151 1761 1205 Χαλδαῖκδν

177 1237 586 1306 συμϐουλεύων,
627 1237 1057 1307 προσανέχοντας
1095 1240 1501 1311 είδωλολατρείᾳ
1544 1243 1635 1294 καὶ
1671 1244 1764 1294 ol-

173 1330 437 1397 ωνισμοῐς
481 1327 577 1379 καὶ
616 1331 735 1389 ταῖς
766 1328 952 1390 ἄλλαις
996 1329 1329 1392 Χαλὼῖκαίς
1370 1330 1617 1393 πλάναις.
1653 1332 1762 1384 Καὶ

169 1423 308 1489 μετ’
353 1420 546 1488 ὀλίγα·
591 1422 656 1472 Ὃ
704 1419 766 1490 δὴ
822 1421 1051 1491 ἁρμόσει
1103 1423 1196 1476 καὶ
1246 1423 1336 1475 ἐπὶ
1393 1423 1610 1475 πάντων
1659 1424 1764 1475 τῶν

177 1511 355 1564 [MV
389 1510 497 1563 τῶν
531 1511 840 1580 ἅπανταχοῦ
879 1513 982 1582 γῆς
1030 1511 1218 1574 ὄντων,
1261 1513 1354 1564 καὶ⁵
1383 1515 1451 1564 τὰ
1488 1514 1633 1584 ἄκρα
1665 1514 1766 1580 τῆς

173 1606 288 1673 τῆς
323 1602 742 1672 κατειληφότων,
786 1589 1274 1673 εὐαγγελιζομένου
1310 1604 1490 1666 αὐτοῖς
1527 1603 1620 1655 τοῦ
1663 1622 1766 1655 σω-

174 1695 370 1765 τηρίου
410 1693 565 1760 λόγου
618 1696 710 1747 καὶ
761 1695 856 1763 τῆς
899 1693 1139 1763 ψυχικῆς
1187 1692 1494 1765 ἐλευθερίας
1536 1694 1636 1763 τὴν
1676 1693 1767 1745 λύ-

175 1801 384 1856 τρωσιν
419 1786 485 1854 ἠν
522 1783 862 1854 ὲλυτρώσατο
905 1785 1101 1848 αὐτοὺς
1124 1787 1152 1836 ὁ
1183 1784 1479 1856 μονογενὴς
1513 1784 1640 1847 Υἱὸς
1671 1786 1764 1837 τοῦ

175 1873 318 1926 Θεοῦ
350 1876 406 1926 ὲν
439 1875 778 1944 αἰχμαλωσίᾳ
806 1874 1163 1945 πράττοντας,
1196 1875 1290 1926 καὶ
1322 1874 1427 1927 ὑπὸ
1453 1873 1552 1946 τὴν
1575 1892 1768 1946 τυραν⁸

176 1962 304 2017 νίδα
327 1963 420 2015 τοῦ
450 1964 695 2016 διαϐόλου
721 1965 900 2027 ὄντας.

254 2077 416 2144 Λέγει
438 2078 514 2137 δὲ,
547 2079 647 2140 ὅτι,
681 2079 740 2129 Εί
772 2079 864 2130 καὶ
895 2073 1039 2132 οὗτοι
1065 2079 1322 2148 οὐδεμίαν
1347 2079 1612 2147 ὠφέλειαν
1642 2079 1767 2132 ὲδέ-

179 2167 365 2232 ξαντο,
399 2167 514 2219 ἀλλ’
556 2164 647 2220 οὖν
694 2169 804 2236 ἐγὼ
843 2169 904 2220 τὸ
955 2172 1153 2223 οἰκεῖον
1200 2169 1356 2240 ἔργον
1399 2170 1760 2241 πεπλήρωκα·

178 2261 280 2311 καὶ
304 2257 459 2316 τοῦτο
489 2257 643 2311 δῆλόν
666 2261 781 2311 ἐστι
805 2260 884 2311 τῶ
914 2259 1054 2314 Θεῶ.

261 2442 402 2512 Πρὸς
432 2444 494 2495 τὸ
519 2443 667 2514 παρά
708 2445 808 2514 τῆς
841 2444 1194 2513 Ἰερουσαλὴμ
1242 2445 1428 2507 κακῶς
1457 2443 1765 2514 γυμνασθὲν

179 2531 327 2584 κατά
373 2532 470 2584 τοῦ
509 2532 642 2584 Θεοῦ
687 2534 763 2596 ὼς
811 2533 1202 2603 ὲπιλαθομένου
1252 2533 1351 2603 τῆς
1413 2533 1766 2603 Ἰερουσαλὴμ

177 2623 281 2676 καὶ
316 2622 472 2675 τοῦτο
515 2623 759 2693 ἁρμόζει,
804 2623 1211 2695 διδασκομένης,
1254 2624 1332 2687 ὡς
1363 2625 1422 2675 οὐ
1462 2623 1600 2694 λήθη
1645 2624 1766 2676 δου-

179 2712 332 2766 λεύει
362 2714 423 2766 τὸ
466 2714 640 2777 Θείον,
665 2714 784 2767 οὐδὲ
825 2716 1065 2786 ῥᾳθυμίᾳ
1100 2716 1431 2785 προσανέχον
1458 2715 1767 2784 ἀπρονόητα

179 2804 586 2873 καταλιμπάνει
627 2805 697 2856 τὰ
720 2805 910 2856 ἑαυτοῦ
940 2808 1217 2876 ποιήματα
1237 2823 1250 2834 ο
1285 2807 1332 2856 εί
1361 2804 1470 2874 γὰρ
1499 2805 1765 2857 παύσεται

178 2893 316 2957 Θεὸς
349 2895 720 2964 διανοούμενος
761 2896 887 2966 περὶ
917 2896 1093 2965 ἡμῶν,
1137 2897 1228 2948 καὶ
1265 2895 1633 2963 ἀποπέσοιμεν
1665 2894 1764 2962 τῆς

179 2984 350 3038 αὐτοῦ
380 2986 616 3055 μνήμης,
657 2986 921 3038 παύσεται
943 2989 974 3056 ἡ
986 2986 1102 3055 μῶν
1128 2987 1220 3038 καὶ
1255 2985 1316 3036 τὸ
1343 2980 1509 3037 εἶναι⁴
1538 2984 1634 3050 τῆς
1658 2984 1764 3052 γὰρ

178 3078 393 3139 ἑννοίας
425 3081 521 3147 τῆς
557 3080 641 3145 ἐφ’
667 3081 798 3147 ἡμῖν
827 3079 1203 3148 παυσαμένης,
1229 3079 1320 3145 ἀφ’
1352 3075 1419 3148 ἦς
1462 3079 1556 3129 καὶ
1593 3092 1762 3145 προσ-

1861 611 2107 664 clarante
2153 609 2284 678 quid
2332 609 2432 664 tibi
2488 610 2796 680 agendum,
2848 612 2978 681 quid
3026 614 3123 667 tibi
3165 615 3440 683 profectu-

1861 715 2013 766 rum;
2055 710 2108 755 et
2146 701 2275 754 dum
2317 701 2417 753 bac
2461 702 2516 754 in
2560 701 2648 756 via
2684 703 2984 759 ambularis
3007 743 3021 768 ,
3053 705 3122 759 ab
3150 706 3322 760 altera
3352 722 3441 762 re-

1861 791 2076 844 cessisti
2106 806 2211 860 qua
2241 801 2469 844 mortem
2501 805 2934 862 consequuntur.

1938 881 2099 936 Vns.
2141 883 2231 937 20.
2286 881 2356 936 Ut
2409 884 2588 938 locum
2637 886 2799 939 simul
2838 894 2892 940 et
2931 901 3109 942 mores
3147 889 3439 944 ilnmutent

1863 975 2293 1038 consulit;alios
2316 975 2542 1045 quidem
2587 976 2715 1030 dum
2773 979 2960 1033 relicta
3010 977 3314 1049 Babylone,
3349 981 3441 1036 Je-

1863 1066 2104 1118 rusalem
2151 1073 2431 1134 repetant;
2465 1067 2606 1122 alios
2640 1082 2804 1131 vero,
2837 1068 2964 1121 dum
2995 1068 3249 1124 devitatis
3277 1071 3439 1125 Chal-

1863 1149 2102 1202 daeorum
2134 1150 2378 1202 moribus
2398 1187 2414 1212 ,
2439 1151 2510 1204 ab
2533 1150 2696 1204 idolis
2722 1151 3054 1216 abstineant,
3086 1161 3140 1205 et
3167 1155 3236 1206 ab
3263 1167 3440 1222 augu-

1865 1241 1962 1293 riis
1985 1250 2039 1292 et
2064 1241 2277 1294 caeteris
2301 1240 2528 1309 hujusce
2554 1243 2769 1310 generis
2792 1243 3058 1298 moribus.
3081 1242 3254 1297 Paulo
3278 1253 3396 1312 post
3416 1256 3439 1295 :

1865 1329 1998 1394 Quae
2023 1332 2188 1385 etiam
2217 1338 2339 1399 apte
2366 1332 2432 1384 ad
2464 1345 2654 1386 omnes
2680 1340 2870 1400 gentes
2899 1333 3208 1388 referentur
3237 1335 3441 1403 ubique

1866 1432 2136 1476 terrarum
2158 1419 2439 1492 degentes,
2463 1423 2548 1476 vel
2569 1431 2840 1477 extremas
2870 1435 3048 1480 terras
3076 1436 3437 1496 occupantes,

1865 1525 1991 1564 cum
2038 1511 2178 1580 ipsis
2219 1513 2448 1567 verbum
2511 1513 2706 1566 salutis
2763 1516 3112 1583 praedicatur,
3169 1525 3224 1571 et
3276 1519 3440 1586 spiri-

1868 1600 2032 1652 tualis
2069 1598 2323 1661 libertas,
2369 1600 2619 1654 liberatio
2665 1602 3006 1673 scilicetqua
3052 1620 3152 1658 nos
3183 1605 3442 1661 liberavit

1867 1691 2184 1758 unigenitus
2214 1690 2310 1745 Dei
2326 1690 2501 1746 Filius
2531 1693 2586 1746 in
2609 1694 2926 1763 captivitate
2955 1704 3010 1748 et
3034 1695 3138 1750 sub
3169 1703 3440 1765 potestate

1868 1782 2072 1836 diaboli
2098 1795 2406 1852 oppressos.

1935 2075 2068 2130 Cu.
2095 2074 2292 2142 XLIX,
2325 2075 2487 2130 Vens.
2510 2077 2565 2133 4.
2625 2075 2852 2133 Etiamsi
2895 2078 3032 2132 nihil
3063 2082 3312 2138 utilitatis
3368 2096 3438 2140 ex

1865 2168 2050 2221 verbis
2083 2170 2224 2221 meis
2273 2167 2672 2237 perceperitis,
2719 2170 2899 2239 inquit
2948 2173 3248 2241 pr0plieta,
3300 2187 3439 2244 opus

1866 2271 2046 2310 meum
2099 2272 2387 2328 peregero;
2444 2258 2601 2312 labor
2661 2274 2817 2314 meus
2874 2275 3063 2315 coram
3117 2261 3228 2317 Deo
3277 2265 3437 2318 inno-

1865 2353 2059 2402 tescet.

1939 2435 2107 2491 Vens.
2141 2438 2227 2493 15.
2269 2437 2576 2494 Jerusalem
2612 2440 2883 2496 immerito
2926 2441 3094 2497 Deum
3143 2451 3435 2512 arguente,

1866 2529 2024 2597 quasi
2078 2529 2274 2584 fuisset
2310 2528 2431 2598 ejus
2479 2531 2717 2592 oblitus,
2769 2533 3054 2601 aptissime
3112 2533 3433 2602 respondet,

1866 2620 2111 2673 divinum
2143 2637 2342 2674 numen
2374 2638 2482 2675 non
2509 2637 2631 2676 esse
2664 2622 2928 2676 oblivioni
2957 2623 3256 2677 obnoxium
3284 2663 3300 2688 ,
3333 2639 3436 2679 nec

1867 2711 2101 2779 segnitie
2148 2713 2352 2764 victum
2409 2720 2694 2767 creaturas
2751 2729 2882 2768 suas
2937 2716 3279 2784 providentia
3334 2731 3436 2772 sua

1865 2800 2179 2856 destituere.
2199 2802 2352 2867 Quod
2378 2803 2424 2857 si
2456 2805 2600 2856 enim
2626 2805 2785 2858 nobis
2828 2805 2923 2859 Dei
2960 2806 3304 2875 providentia
3333 2808 3435 2863 de-

1870 2892 1976 2946 seri
2017 2892 2310 2954 accideret,
2342 2901 2394 2947 et
2432 2893 2502 2947 de
2541 2895 2799 2948 memoria
2829 2897 2948 2963 ejus
2983 2897 3234 2951 excidere
3257 2935 3274 2959 ,
3303 2911 3437 2951 cono

1866 2985 2022 3038 tinuo
2059 2991 2411 3037 evanesceret
2456 2983 2565 3037 vita
2609 2993 2819 3039 nostra.
2855 2985 2989 3039 Nam
3020 2987 3309 3042 recedente
3344 2987 3434 3042 illa

1866 3082 2044 3128 mente
2072 3089 2178 3142 qua
2212 3073 2268 3125 in
2299 3074 2476 3126 lucem
2514 3074 2645 3127 editi
2678 3089 2890 3138 sumus,
2921 3082 2977 3130 et
3009 3077 3169 3131 nobis
3206 3092 3437 3146 pereun-

177 3169 542 3238 εληλύθαμεν,
591 3169 875 3221 ἀκολουθεῖ
922 3168 1326 3220 ωνανελεῖσθαι
1375 3166 1534 3235 ἡμῶν
1571 3167 1664 3218 καὶ
1704 3167 1764 3217 τὸ
1792 3176 1837 3236 c
1866 3165 1995 3218 dum
2027 3171 2193 3217 esset.

178 3253 349 3311 εἶναι.

266 3367 605 3437 Ἀπανταχοῦ
640 3368 880 3421 ἀναίτιον
919 3367 1110 3421 ἑαυτὸν
1151 3367 1252 3434 τῆς
1282 3365 1484 3417 τούτων
1516 3366 1768 3417 ἀποστα-

181 3455 305 3517 σίας
335 3456 606 3508 δείκνυσιν
633 3458 663 3508 ό
688 3457 838 3519 Θεὸς,
862 3456 1120 3507 ἑλκόντων
1152 3456 1247 3524 μὲν
1274 3456 1368 3506 καὶ
1397 3454 1766 3506 ἀποσπώντων

181 3545 410 3608 ἑαυτοὺς
450 3547 545 3598 καὶ
587 3547 819 3610 ἀναξίων
869 3547 1190 3599 δεικνύντων
1232 3546 1328 3615 τῆς
1369 3545 1535 3596 αὑτοῦ
1591 3545 1766 3613 κηδε-

185 3636 384 3704 μονίας
404 3653 418 3665 ·
446 3639 510 3688 ἐκ
534 3637 589 3687 δὲ
626 3637 718 3688 τοῦ
755 3637 997 3690 ἐναντίου
1023 3636 1110 3688 τὸν
1143 3636 1274 3688 Θεὸν
1295 3636 1471 3702 ἀγαθά
1501 3637 1586 3687 ἐπ’
1618 3638 1767 3701 ἁγα-

181 3727 320 3789 θοτς,
350 3729 443 3779 καὶ
469 3728 674 3798 δωρεὰς
711 3731 802 3781 ἐπὶ
827 3730 1055 3800 δωρεαῖς
1083 3728 1478 3799 προστιθέντος.

265 3841 430 3911 Ἐμοῦ
463 3844 557 3912 μὲν
580 3843 646 3895 δι’
673 3843 907 3912 ἐλέγχων
930 3860 988 3893 τε
1020 3843 1112 3894 καὶ
1141 3843 1532 3911 ἐπιτιμήσεων,
1562 3843 1622 3892 οὺ
1659 3842 1764 3910 μὴν

178 3931 318 3983 ἀλλὰ
361 3933 452 3984 καὶ
497 3933 890 4002 παρακλήσεων
948 3934 1311 3999 ὲπανάγοντος
1358 3933 1494 4001 πρὸς
1551 3931 1760 3990 ἑαυτὸν,

179 4022 339 4090 ὑμῶν
375 4023 508 4092 μηδὲ
548 4025 622 4086 ὡς
665 4025 830 4093 ἀκοῆς
875 4025 1369 4094 ὲπιστρεφομένωνο
1414 4026 1474 4076 οὐ
1518 4026 1666 4093 παρὰ
1707 4026 1765 4075 τὸ

181 4113 260 4182 μὴ
282 4114 580 4182 κεκτῆσθαι
605 4115 773 4178 ἀκοὰς
794 4155 808 4178 ,
841 4115 973 4167 ἀλλὰ
1007 4116 1152 4184 παρὰ
1184 4116 1244 4166 τὸ
1280 4114 1644 4182 ἐθελοκωφίαν
1674 4132 1760 4166 νο-

179 4208 322 4259 σεῖν.

266 4317 404 4370 Ἀλλ’
433 4317 732 4388 ἀδυναμίας
753 4335 852 4388 μου
875 4316 1306 4384 καταγνωσεσθε,
1342 4317 1507 4384 φησὶν
1530 4356 1542 4377 ,
1581 4316 1655 4376 ὡς
1686 4317 1760 4383 μὴ

176 4408 547 4478 ἐπαρκοῦντας
577 4411 656 4470 εἰς
674 4411 774 4478 τὴν
801 4409 953 4478 ὑμῶν
988 4407 1233 4477 βοήθειαν
1251 4447 1264 4467 ,
1305 4406 1435 4477 μηδὲ
1460 4407 1758 4474 δυναμένου

1935 3359 2063 3413 CAP.
2094 3358 2158 3421 L,
2191 3357 2357 3414 Vens.
2386 3361 2436 3411 1.
2471 3358 2721 3414 Declarat
2767 3359 2908 3417 Deus
2963 3379 3022 3417 se
3053 3365 3200 3417 nulla
3229 3365 3440 3421 ratione

1867 3449 2231 3504 defectionem
2264 3451 2481 3504 illorum
2521 3451 2756 3515 fovisse,
2786 3468 2911 3507 cum
2947 3454 3050 3523 ipsi
3100 3471 3155 3508 se
3193 3457 3437 3510 tradideo

1867 3543 2010 3603 rint,
2041 3550 2094 3594 et
2128 3543 2494 3610 perdiderint,
2528 3551 2581 3594 et
2628 3559 2759 3596 cura
2784 3544 2905 3612 ejus
2940 3545 3190 3612 indignos
3227 3547 3440 3615 prassti-

1867 3635 2064 3696 terint,
2107 3633 2217 3687 Deo
2240 3635 2382 3687 bona
2436 3649 2604 3702 super
2635 3635 2780 3688 bona
2827 3635 3150 3704 adjiciente,
3197 3645 3250 3690 et
3292 3637 3435 3690 dona

1867 3741 2031 3794 super
2062 3724 2224 3778 dona.
2789 3721 2792 3724 ’

1936 3836 2099 3890 Vens.
2134 3837 2188 3890 2.
2250 3836 2361 3906 Ego
2416 3852 2546 3891 vero
2585 3837 3100 3908 reprehensionibus
3133 3846 3184 3892 et
3219 3839 3394 3906 poenis
3417 3879 3433 3902 ,

1865 3931 2164 3999 prazsertim
2197 3945 2323 3983 vero
2354 3929 2827 3984 exhortationibus
2854 3930 2920 3982 ad
2954 3947 3038 3984 me
3068 3932 3393 3984 revocabam
3413 3969 3429 3994 ,

1864 4035 1960 4073 vos
1995 4034 2123 4073 vero
2160 4035 2270 4071 non
2317 4020 2584 4085 audistis;
2641 4034 2748 4072 non
2788 4021 2931 4088 quod
2968 4020 3241 4075 defuerint
3276 4021 3434 4078 vobis

1864 4126 2022 4164 aures
2044 4153 2057 4177 ,
2088 4111 2182 4165 sed
2223 4110 2367 4180 quod
2401 4121 2594 4180 sponte
2620 4126 2712 4165 eas
2737 4110 3114 4166 obstruxistis.

1932 4306 2321 4361 lmbecillitatis
2354 4322 2439 4360 me
2479 4306 2745 4376 arguitis,
2783 4306 2980 4374 inquit,
3022 4307 3177 4376 quasi
3217 4323 3313 4363 vos
3347 4308 3434 4378 ju-

1863 4416 2027 4462 vare,
2093 4406 2186 4452 aut
2247 4400 2318 4454 ab
2371 4399 2616 4455 hostium
2673 4400 2961 4468 tyrannide
3026 4400 3258 4455 liberare
3320 4418 3430 4456 non

172 4496 457 4565 ὲξελέσθαι
487 4498 628 4565 ὑμᾶς
652 4497 752 4565 τῆς
772 4496 878 4548 τῶν
907 4495 1389 4565 ἐπικρατησάντων
1420 4495 1756 4563 τυραννίδοςο

1863 4486 2125 4548 valerem;
2156 4485 2325 4537 nolite
2352 4485 2423 4538 ita
2473 4483 2657 4554 loqui,
2695 4485 2857 4538 toties
2891 4499 3066 4538 meam
3108 4493 3430 4555 potestatem

170 4587 296 4643 ἀλλ’
319 4589 418 4639 οὐκ
448 4586 510 4639 ἂν
541 4587 744 4639 εἴποιτε
773 4586 952 4648 τοῦτο,
977 4589 1165 4654 πεῖραν
1189 4585 1342 4636 αὐτοὶ
1371 4586 1468 4654 τῆς
1505 4586 1642 4654 ἐμῆς
1665 4584 1758 4635 δυς

179 4678 395 4749 σάμιεως
429 4678 739 4747 ἐσχηκότεςο
778 4675 936 4728 τοῦτο
975 4677 1070 4745 μὲν
1100 4675 1444 4744 ξηραίνοντος
1484 4675 1756 4726 θάλασσαν

170 4771 274 4824 λαὶ
297 4769 424 4837 ὑμῖν
447 4768 613 4837 βατὴν
643 4768 814 4836 αὐτὴν
836 4767 1343 4838 παρασκευάζοντος
1361 4765 1635 4834 γενέσθαι,
1667 4767 1759 4817 καὶ

168 4857 248 4910 τὰ
283 4856 640 4925 παραπλήσια
665 4857 876 4910 τούτου.

239 4947 286 4999 Τ
288 4945 425 4999 αὕτα
457 4948 511 5000 δὲ
532 4948 626 4998 καὶ
651 4947 822 5010 ἔσται,
855 4948 949 5000 ἐάν
979 4965 1084 5019 περ
1119 4945 1412 5016 βούλωμαι·
1444 4946 1540 4998 καὶ
1570 4947 1757 5010 σκότος

167 5043 358 5094 ὲκείνο
399 5038 459 5091 τὸ
497 5040 735 5107 ἀφεγγὲς
778 5041 1020 5092 ἐπιϐαλῶ
1062 5039 1292 5111 οὐρανῷ,
1340 5040 1435 5108 τὴν
1471 5038 1579 5090 τῶν
1620 5039 1758 5092 ὅλων

173 5129 401 5202 μηνύων
441 5131 769 5193 συντέλειαν,
802 5134 858 5184 ὲν
957 5133 1050 5184 καὶ
1077 5132 1136 5183 τὸ
1170 5133 1277 5183 πᾶν
1307 5130 1754 5199 ἀφανισθήσεται,

170 5222 275 5276 καὶ
299 5221 350 5273 οἱ
375 5220 478 5289 βίοι
502 5221 945 5290 εὐθυνθήσονται,
969 5223 1062 5276 καὶ
1090 5222 1150 5273 τὸ
1176 5212 1310 5291 πρὸς
1339 5220 1497 5285 ἀξίαν
1526 5220 1758 5282 ἕκαστος

167 5310 649 5381 ἁποληφθήσεται.

253 5402 402 5471 Σῆτα
430 5401 662 5456 ἐνταῦθα
693 5402 790 5466 τὰς
823 5402 1098 5473 ἁμαρτίας
1121 5404 1266 5470 λέγει
1296 5402 1393 5464 τὰς
1425 5402 1552 5471 παρ’
1580 5399 1760 5451 αὐτῶν

169 5490 497 5559 γινομένας·
531 5490 732 5551 αἵτινες
752 5530 766 5551 ,
802 5491 934 5560 παρ’
968 5492 1150 5542 αὐτῶν
1180 5491 1461 5560 ὲσχηκυῖαι
1493 5488 1552 5539 τὸ
1581 5481 1751 5548 εἶναι,

172 5582 277 5652 οὐχ
317 5581 534 5650 ἑτέρους
567 5582 912 5652 ἀδικήσουσιν
933 5621 946 5644 ,
982 5578 1094 5632 ἀλλ’
1130 5582 1325 5642 αὐτοὺς
1359 5578 1597 5640 ἐκείνους
1629 5579 1753 5638 τοὺς

174 5674 349 5729 ταῦτα
372 5672 796 5742 ἐργασαμένους·
817 5671 1004 5743 ὥσπερ
1032 5671 1142 5741 γὰρ
1168 5671 1228 5722 τὸ
1259 5670 1470 5740 ίμάτιον
1503 5668 1633 5720 αὐτὸ
1663 5667 1752 5718 τὸν

176 5763 436 5835 σκώληκα
468 5763 651 5833 γεννᾷ,
682 5761 776 5814 καὶ
811 5761 967 5814 πάλιν
1000 5762 1172 5832 τροφὴ
1204 5759 1367 5814 αὐτοῦ
1402 5760 1630 5828 γίνεται,
1660 5756 1751 5809 οὓ-

1861 4577 2090 4644 experti.
2119 4575 2312 4630 Nonne
2339 4592 2488 4630 mare
2522 4578 2796 4632 desertum
2828 4576 2931 4630 feci
2975 4585 3027 4631 et
3069 4578 3208 4631 inter
3234 4577 3431 4632 ﬂuctus

1862 4669 2018 4721 vobis
2067 4669 2171 4721 iter
2225 4667 2443 4736 paravi,
2493 4674 2546 4719 et
2594 4667 2880 4720 innumera
2933 4668 3037 4719 alia
3091 4667 3235 4720 edidi
3273 4668 3431 4721 mira-

1861 4760 2023 4814 cuia?

1931 4932 2101 4990 Vens.
2130 4935 2183 4988 5.
2222 4934 2354 5001 Quae
2392 4934 2590 4990 faciam
2625 4935 2672 4990 si
2721 4935 2966 4988 libuerit.
3001 4931 3266 4986 Obscuris
3312 4947 3422 4987 ca:-

1861 5029 1971 5082 lum
2002 5028 2225 5082 induam
2252 5029 2631 5089 tenebris,hoc
2657 5036 2739 5081 est
2761 5042 2942 5080 rerum
2967 5028 3207 5079 omnium
3236 5035 3425 5080 modos

1861 5120 2151 5183 definiam,
2194 5127 2246 5175 et
2287 5128 2413 5172 tunc
2444 5119 2626 5172 omnia
2678 5127 3030 5181 evanescent,
3065 5127 3117 5171 et
3174 5117 3279 5170 vita
3331 5131 3420 5167 cu-

1854 5214 2058 5281 jusque
2084 5214 2424 5283 pensabitur,
2447 5223 2500 5264 et
2531 5213 2762 5280 quisque
2791 5212 3017 5278 accipiet
3054 5224 3151 5277 pro
3189 5207 3419 5260 meritis.

1937 5387 2096 5442 Vnus.
2127 5387 2180 5441 9.
2216 5385 2440 5441 Tincam
2478 5394 2634 5439 vocat
2665 5386 2750 5438 hic
2797 5392 3017 5453 peccata
3044 5383 3112 5436 ab
3157 5383 3290 5450 ipsis
3319 5381 3421 5436 ad-

1857 5481 2044 5534 missa.
2081 5479 2291 5547 Quippe
2331 5494 2450 5547 qua:
2483 5478 2553 5531 ab
2588 5478 2654 5530 iis
2689 5487 2840 5545 parta
2879 5491 2983 5528 non
3025 5474 3159 5527 alios
3189 5473 3416 5534 laedent,

1858 5570 1964 5622 nisi
1996 5571 2145 5637 ipsos
2185 5576 2437 5636 parentes
2480 5583 2629 5622 suos.
2686 5566 2754 5619 Ut
2802 5566 3183 5619 vestimentum
3217 5563 3416 5615 tineam

1858 5660 2027 5729 gignit
2054 5659 2198 5713 etab
2240 5674 2304 5712 eo
2347 5658 2541 5712 deinde
2590 5657 2929 5718 corrodetur,
2962 5656 3033 5707 ita
3089 5664 3136 5705 et
3196 5658 3419 5722 peccata

1858 5751 2017 5807 nobis
2049 5750 2312 5814 ofﬁciunt,
2343 5764 2407 5804 ex
2442 5750 2602 5805 nobis
2630 5757 2768 5804 orta.
2809 5747 2939 5813 Quae
2973 5753 3149 5799 autem
3198 5741 3416 5813 patiun-
