4044 6324
634 367 766 422 CM!

1751 373 2098 432 τιιεουοιιι
2139 369 2658 432 ιιειΑοιεεΝειιδ

3761 385 3899 438 £35!

635 499 745 551 tur.
779 491 959 562 quise
1012 491 1273 547 indociles
1303 491 1358 544 in
1422 489 1592 546 Deum
1660 502 1714 547 et
1786 493 2031 564 ingratos
2070 505 2209 562 prie-

2319 506 2416 554 εως
2451 493 2546 546 καὶ
2577 496 2632 549 αί
2670 495 2961 567 ἁμαρτίαι,
3007 496 3136 568 παρ’
3171 495 3331 566 ημῶν
3377 496 3664 567 γενόμεναι
3689 538 3705 561 ,
3751 498 3901 569 male

637 583 788 640 bent.

703 759 832 818 Car.
866 759 964 824 ιι,
1009 758 1171 814 Vna.
1225 758 1280 815 ί.
1326 757 1542 816 litiore
1611 775 1754 816 nunc
1805 773 2057 814 sermone
2115 773 2212 813 eos

637 851 881 918 increpat
903 892 919 915 ,
950 856 1005 905 et
1040 851 1188 906 velut
1217 851 1406 922 procul
1437 867 1465 904 a
1511 851 1726 921 iustitia
1757 859 2031 911 remotos.
2071 850 2209 904 allo-

635 945 846 1013 quitur,
895 954 950 998 et
989 957 1019 996 a
1057 942 1284 998 Domine
1326 944 1682 1006 abalienatos,
1738 950 1797 996 ut
1824 957 1921 997 eos
1947 941 2015 996 ad
2047 940 2209 996 ildem

634 1034 891 1090 deducat.
939 1034 1007 1090 ει
1037 1036 1196 1104 pulo
1230 1047 1347 1104 post
1382 1035 1530 1102 :Qui
1565 1035 1730 1105 igitur
1762 1049 1934 1103 genus
1968 1040 2212 1090 vestrum

634 1127 738 1182 ista
767 1126 927 1183 docui
957 1129 1052 1198 qui
1086 1145 1151 1184 ex
1181 1143 1348 1198 parvo
1380 1135 1591 1183 tantum
1619 1125 1800 1189 elleci.
1827 1135 1882 1180 et
1917 1125 2206 1181 tantisvos

635 1217 899 1272 exornavi
931 1217 1114 1281 donis,
1140 1233 1249 1287 qua
1293 1218 1505 1272 ratione
1555 1231 1703 1272 nunc
1758 1232 1868 1270 non
1921 1217 2215 1271 clementer

636 1309 907 1378 excipiam
954 1308 1331 1378 ponitentiam
1362 1315 1588 1380 agentes
1614 1315 1671 1364 et
1703 1323 1787 1363 me
1813 1306 2213 1379 agnoscentes?

706 1489 873 1547 Vna.
904 1492 960 1547 3.
995 1490 1116 1548 Non
1159 1492 1421 1549 dicuntur
1461 1493 1577 1550 hac
1619 1495 1982 1566 exaggerandi
2015 1496 2212 1567 gratia.

635 1579 741 1648 Qui
783 1583 929 1636 enim
979 1597 1092 1640 non
1143 1581 1331 1637 latitia
1377 1590 1435 1637 et
1478 1584 1845 1638 exsultatione
1904 1583 2215 1639 omnimoda

641 1676 981 1743 replerentur
1016 1674 1182 1729 animi
1224 1670 1321 1741 illi,
1374 1676 1470 1745 qul
1513 1675 1704 1730 intima
1747 1690 1878 1746 pace
1919 1675 2213 1738 fruuntur,

638 1779 736 1833 spe
768 1766 1076 1820 celestium
1103 1764 1298 1826 ﬂorent
1320 1804 1338 1830 ,
1373 1774 1428 1821 et
1466 1780 1591 1820 cum
1625 1763 1734 1820 Deo
1766 1765 2216 1836 conjunguntur?

713 1943 878 2000 Vitas.
906 1945 962 1999 ι.
998 1945 1168 2017 Opem
1200 1961 1347 2001 nunc
1373 1946 1628 2001 omnibus
1669 1945 1845 2010 all’ert,
1875 1945 2215 2016 principibus

638 2051 791 2106 aque
821 2052 886 2091 ac
925 2039 1146 2108 populo.
1198 2036 1317 2093 Non
1349 2037 1495 2092 enim
1532 2039 1812 2108 anteponit
1846 2051 1942 2092 eos
1968 2037 2060 2106 qui
2112 2037 2215 2090 im-

641 2130 795 2199 perio
836 2137 1111 2199 pmunt,
1147 2145 1248 2185 nec
1280 2131 1512 2201 denegat
1561 2131 1823 2184 auxilium
1855 2129 2000 2184 inter
2027 2145 2216 2199 grega-

643 2221 755 2274 rios
805 2221 1165 2276 militantibus
1190 2262 1205 2285 ,
1247 2220 1341 2276 sed
1373 2235 1565 2276 omnes
1595 2221 1808 2276 animas
1864 2221 2054 2274 eadem
2087 2235 2212 2289 pen-

641 2325 772 2365 aans
806 2313 1032 2376 trutina,
1061 2313 1372 2366 communia
1428 2311 1556 2366 facit
1602 2311 1922 2366 obedientiz
1972 2310 2212 2380 przemia.

639 2400 844 2454 Omnes
873 2399 998 2455 ideo
1022 2413 1176 2470 aque
1198 2399 1454 2454 hortatur
1490 2406 1549 2452 ut
1576 2399 1804 2453 auribus
1844 2398 2150 2456 attendant.

712 2580 881 2637 Vna.
912 2581 964 2636 5.
1000 2581 1337 2637 llluminabit
1379 2589 1612 2638 cunctas
1643 2589 1866 2651 gentes,
1896 2595 2090 2634 omnes
2117 2595 2216 2648 po-

641 2674 801 2746 pulos
833 2673 926 2728 Dei
958 2675 1152 2729 notitia
1198 2674 1518 2738 illustrabit,
1551 2673 1690 2728 utin
1714 2687 1838 2727 eum
1872 2679 2095 2741 sperent
2124 2672 2218 2739 qui

641 2773 726 2820 cst
758 2765 1040 2819 brachium
1063 2779 1265 2820 meum.
1296 2763 1508 2819 Insulas
1537 2764 1627 2818 hic
1656 2769 1814 2818 vocat
1849 2763 1996 2833 ipsos
2043 2762 2217 2831 locos,

642 2860 944 2927 prcsertim
974 2873 1104 2913 vero
1131 2856 1435 2924 Eeclesias;
1467 2874 1567 2913 nec
1598 2857 1871 2911 immerito
1904 2871 1966 2910 ea
2000 2853 2067 2909 ad
2102 2856 2220 2910 ani-

645 2967 764 3006 mos
793 2951 1050 3005 retuleria
1081 2950 1449 3021 voluptatibus
1480 2953 1625 3006 velut
1669 2952 1780 3005 sale
1819 2949 2178 3005 circumlutos
2200 2989 2218 3016 ,

642 3050 698 3096 et
724 3042 879 3096 vanis
911 3042 966 3094 in
998 3041 1099 3095 hac
1131 3042 1239 3095 vita
1268 3042 1621 3111 opinionibus
1651 3043 1908 3112 agitatas.

717 3221 879 3276 ans.
902 3220 953 3275 6.
977 3220 1107 3275 Fide
1126 3219 1291 3292 digna
1320 3221 1649 3275 documenta
1675 3221 1901 3289 praebet,
1928 3220 2128 3290 quibus
2155 3221 2221 3277 de

645 3319 914 3383 potestate
956 3313 1140 3366 divina
1188 3311 1491 3368 diliidentes
1532 3315 1862 3378 convincat,
1920 3313 2117 3370 caelum
2167 3319 2221 3367 et

643 3412 868 3458 terram.
925 3401 993 3456 Et
1042 3404 1202 3471 paulo
1240 3414 1356 3471 post
1387 3419 1405 3455 :
1440 3402 1696 3457 Adhibita
1741 3417 1888 3457 nunc
1939 3403 2220 3473 praestanti

645 3496 954 3547 animorum
983 3495 1069 3560 vi,
1106 3502 1342 3565 pennata
1370 3501 1572 3558 mente,
1593 3493 1660 3548 ad
1694 3496 1893 3548 cmlum
1916 3495 2140 3550 evoletis
2169 3506 2222 3550 et

645 3584 869 3640 discatis
912 3601 1074 3654 quam
1109 3587 1337 3640 ﬁrmiter
1367 3587 1438 3639 sit
1483 3587 1843 3640 constitutum
1868 3627 1884 3652 ,
1920 3587 2047 3641 licet
2079 3587 2222 3642 sicut

648 3677 831 3733 fumus
889 3695 1012 3733 esse
1071 3677 1338 3732 videatur.
1389 3677 1452 3730 Et
1522 3686 1723 3731 terram
1779 3691 1941 3747 quam
1993 3678 2220 3733 solidam

646 3771 972 3824 existimatis
1013 3769 1315 3840 perditione
1377 3770 1596 3839 perdam
1625 3810 1639 3833 ,
1697 3777 1751 3826 et
1797 3771 1980 3824 omnia
2013 3777 2224 3824 vetera-

648 3871 801 3915 scent
837 3879 851 3913 :
888 3862 1225 3930 permanebit
1285 3869 1465 3914 autem
1506 3861 1744 3916 salutare
1787 3877 1968 3916 meum
1996 3865 2222 3916 verbum

647 3950 702 4002 in
763 3951 1192 4019 sempiternum,
1261 3957 1316 4004 et
1387 3949 1422 4002 ii
1476 3958 1684 4003 tantum
1733 3951 1932 4020 quibus
1983 3965 2107 4005 cum
2158 3965 2224 4005 eo

647 4055 968 4110 permanere
995 4049 1047 4095 et
1073 4040 1125 4093 in
1151 4041 1349 4094 saecula
1384 4041 1462 4093 ire
1501 4039 1742 4095 libuerit.

728 4219 887 4274 Vens.
921 4220 971 4272 7.
1027 4219 1237 4275 Timete
1279 4222 1461 4290 petius
1492 4223 1844 4292 opprobrium
1894 4231 1947 4278 et
1977 4234 2225 4280 contem-

650 4315 802 4378 ptum
836 4308 944 4361 Dei.
979 4310 1110 4373 Quae
1139 4309 1282 4361 enim
1307 4324 1374 4362 ex
1411 4312 1726 4366 hominibus
1755 4321 1904 4376 sunt,
1934 4314 2055 4369 istis
2093 4330 2223 4384 quo-

652 4402 782 4455 tidie
810 4402 1181 4470 pereuntibus.
1208 4403 1324 4471 ipsa
1351 4404 1513 4456 simul
1549 4405 1837 4473 peribunt;
1883 4408 1998 4461 solii
2036 4417 2221 4463 manet

2315 580 2660 649 βλάπτουσιν·
2699 586 2832 640 ἀλλά
2868 586 3038 639 ταῦτα
3070 587 3353 657 πάσχομεν
3388 586 3456 640 δι’
3490 586 3765 657 ἀνηκοῖαν
3806 588 3901 641 καὶ

2311 674 2665 729 ἀνευλάϐειαν
2690 678 2790 748 τὴν
2821 679 2956 748 πρὸς
2987 678 3078 732 τὸν
3107 679 3262 732 Θεόν.

2396 765 2756 837 Ἦθιιιώτερον
2814 767 2911 820 νῦν
2966 769 3064 839 τὴν
3124 769 3439 839 ἐπιτίμησιν
3498 769 3633 840 πρὸς
3696 768 3902 832 αὐτοὺς

2312 857 2567 919 ποιεῖται,
2600 854 2696 908 καὶ
2722 855 2796 917 ὣς
2831 859 3050 927 μακρὰν
3073 856 3168 910 τοῦ
3190 857 3400 910 δικαίου
3433 857 3779 926 ἀφεστηκόσι
3809 860 3902 909 καὶ

2309 944 2405 998 τοῦ
2446 945 2650 1017 Κυρίου
2684 945 3148 1017 ἀλλοτριωθεῖσιν,
3187 951 3472 1017 ὑφηγεῖται
3504 950 3629 1012 τοὺς
3673 948 3900 1015 λόγους.

2312 1036 2518 1102 ενάγων
2552 1036 2748 1098 αὐτοὺς
2780 1037 2916 1106 πρὸς
2943 1035 3143 1090 πίστιν.
3175 1040 3284 1092 Καὶ
3312 1039 3439 1108 μετ’
3469 1040 3640 1108 ὀλίγα
3662 1038 3769 1091 ’Ὅ
3795 1038 3903 1090 τοι·

2311 1142 2406 1178 νυν
2440 1124 2521 1196 τῷ
2560 1125 2708 1195 γένει
2742 1126 2821 1197 τῷ
2859 1127 3110 1197 ὑμετέρῳ
3147 1127 3318 1183 ταῦτα
3362 1127 3763 1199 ενδειξάμενος,
3808 1129 3904 1181 καὶ

2312 1218 2378 1270 lat
2413 1219 2614 1288 μικρᾶς
2645 1219 2968 1289 προφάσεως
3009 1211 3274 1289 αὐξήσας,
3319 1221 3413 1274 καὶ
3449 1220 3702 1289 εὐλογίαν
3755 1218 3900 1288 πλήν

2315 1307 2515 1379 ρώσας,
2545 1309 2661 1372 πῶς
2685 1309 2803 1379 οὐχὶ
2836 1308 2932 1363 νῦν
2965 1309 3193 1381 εΰπορος
3223 1311 3414 1381 ἔσομαι
3441 1311 3518 1383 τῷ
3541 1309 3899 1381 μετανοοῦντι

2313 1401 2408 1454 καὶ
2437 1399 2850 1468 ἐπιγινώσκοντί
2883 1418 2951 1472 με
2973 1419 2988 1466 ;

2384 1491 2496 1561 Οὑχ
2536 1487 2911 1562 ὑπερϐολικῶς
2947 1489 3117 1544 ταῦτα
3152 1489 3456 1563 [αρηταιΓ
3490 1491 3608 1554 πῶς
3639 1490 3761 1561 γὰρ
3799 1491 3898 1544 οὐκ

2315 1581 2651 1655 εὐφροσύνης
2677 1583 2771 1635 καὶ
2798 1582 2977 1653 πάσης
3004 1584 3176 1654 χαρᾶς
3209 1583 3651 1653 πληρωθήσονται
3682 1585 3897 1635 ἐκεῖναι

2313 1675 2371 1725 αί
2393 1672 2583 1747 diem},
2607 1675 2665 1727 αί
2691 1673 2766 1744 μὴ
2789 1674 3172 1739 στασιάζουσαι
3204 1673 3338 1744 πρὸς
3364 1674 3580 1736 ἑαυτὰς,
3608 1675 3733 1727 ἀλλ’
3760 1675 3822 1727 αι
3844 1676 3899 1726 ιν

2315 1766 2436 1828 ταῖς
2468 1764 2648 1818 ιλπίσι
2674 1764 2768 1817 τοῦ
2794 1764 2932 1818 Θεοῦ
2962 1763 3350 1835 εὑθηνούμεναι
3372 1765 3465 1817 καὶ
3492 1765 3639 1833 αὐτῷ
3670 1765 3899 1819 ἀνακεί-

2322 1871 2483 1926 μεναι

2388 1947 2497 1999 Καὶ
2520 1945 2616 1999 νῦν
2647 1948 2756 2010 τοῖς
2784 1949 2921 2001 πᾶσι
2947 1947 3045 2018 τὴν
3073 1945 3394 2016 ἐπικουρίαν
3419 1946 3654 2015 κομίζει,
3694 1947 3777 2016 μὴ
3808 1963 3901 2015 φυ-

2315 2037 2578 2109 λοκρινῶν
2599 2038 2864 2109 ἄρχοντας
2889 2037 2998 2090 τῶν
3026 2037 3359 2107 ἀρχομένων·
3387 2036 3508 2090 οὑδὲ
3527 2037 3635 2106 γὰρ
3661 2038 3900 2108 προκρί-

2317 2144 2396 2180 νει
2415 2126 2522 2180 τῶν
2537 2127 2594 2178 ιν
2611 2128 2866 2198 ὑπηκόοις
2886 2127 3251 2197 τεταγμένων,
3268 2126 3390 2180 οὐδὲ
3406 2127 3899 2198 ἀποκλεισθήσεται

2315 2216 2414 2285 τῆς
2441 2215 2706 2284 ὠφελείας
2731 2219 2759 2269 ὀ
2779 2219 2835 2269 ὲν
2870 2217 3164 2287 ὑπηρέταις
3183 2216 3370 2281 τελῶν,
3396 2216 3578 2280 κοινάς
3606 2218 3662 2271 δὲ
3692 2234 3901 2287 κεκτη-

2320 2307 2479 2377 μένος
2506 2307 2616 2365 τῶν
2638 2307 2824 2377 ψυχῶν
2855 2309 2954 2371 τὰς
2977 2307 3252 2377 δυνάμεις,
3285 2308 3460 2361 κοινὸν
3492 2309 3548 2362 δὲ
3576 2310 3666 2361 τὸν
3701 2309 3902 2380 ἔρανον

2317 2401 2414 2471 τῆς
2460 2401 2706 2470 ὑπακοῆς
2756 2400 2982 2470 νομίζειο
3032 2401 3090 2468 ἐξ
3143 2401 3258 2454 ῐσου
3305 2401 3632 2471 παρακαλῶν
3684 2401 3904 2463 πάντας

2319 2495 2608 2564 προσέχειν
2630 2493 2721 2546 τὸν
2749 2493 2893 2548 νοῦν.

2389 2587 2585 2639 οωτιεῖ
2626 2587 2724 2657 μὲν
2771 2586 2945 2640 πάντα
2984 2587 3064 2639 ’τά
3112 2585 3280 2657 ἔθνη,
3330 2585 3659 2653 καταυγασει
3714 2585 3778 2638 δὲ
3825 2588 3902 2648 εἰς

2318 2675 2648 2744 θεογνωσίαν
2687 2677 2895 2740 πάντας
2935 2677 3127 2738 λαοὺς,
3168 2675 3245 2736 ὡς
3286 2676 3365 2738 είς
3396 2675 3556 2727 αὐτὸν
3597 2672 3903 2744 κεκτῆσθαι

2317 2769 2418 2832 τάς
2459 2765 2685 2830 ἐλπίδας
2711 2768 2837 2820 ὄντα
2870 2767 3128 2838 βραχίονα
3163 2784 3289 2835 μου.
3331 2766 3546 2837 Νήσους
3575 2765 3632 2818 δὲ
3661 2765 3902 2818 ἐνταῦθα

2319 2860 2476 2914 καλεῖ
2498 2861 2591 2913 καὶ
2621 2861 2817 2922 αὐτοὺς
2845 2859 3201 2922 τοὺς-τόπους
3222 2900 3237 2923 ,
3271 2859 3329 2913 οὑ
3370 2859 3477 2928 μὴν
3503 2857 3636 2909 ἀλλά
3666 2857 3771 2911 καὶ
3806 2857 3903 2919 τὰς

2331 2951 2672 3021 Ἐκκλησίαςο
2717 2950 2965 3012 meson;
3000 2950 3056 3003 δὲ
3091 2951 3184 3003 καὶ
3225 2952 3304 3013 είς
3343 2950 3441 3012 τὰς
3484 2950 3694 3019 ψυχὰς,
3744 2950 3902 3020 δίκην

2321 3038 2564 3108 ἁλμυροῦ
2596 3037 2862 3108 ῥεύματος
2895 3036 3362 3108 περικλυζομὲνας
3392 3038 3495 3090 ὑπὸ
3537 3039 3646 3090 τῶν
3697 3039 3905 3108 ἡδονῶν

2245 3157 2292 3217 c
2323 3129 2416 3182 καὶ
2444 3129 2549 3180 τῶν
2570 3129 2627 3180 ὲν
2656 3127 2732 3197 τῷ
2756 3127 2854 3198 βίῳ
2873 3126 3048 3198 τούτῳ
3071 3127 3284 3197 ψευδῶν
3311 3127 3478 3193 δοξῶν
3505 3129 3900 3197 κυμαινούσας.

2407 3218 2716 3283 Ἀξιόπιστα
2740 3219 3112 3289 δυσωπήματα
3133 3219 3487 3291 προϐάλλεται
3521 3222 3600 3283 είς
3631 3221 3903 3273 πίστωσιν

2324 3312 2424 3380 τῆς
2463 3309 2627 3364 αὑτοῦ
2670 3311 2949 3380 δυνάμεως
2989 3314 3100 3373 τοῖς
3141 3298 3483 3374 ἀπιστοῦσιν,
3528 3312 3762 3382 οὐρανὸν
3814 3314 3906 3364 καὶ

2322 3401 2444 3469 γῆν.
2487 3399 2597 3454 Καὶ
2631 3398 2757 3467 μετ’
2789 3399 2963 3465 ὀλίγα
2989 3416 3001 3426 ·
3027 3398 3142 3452 Νῦν
3179 3399 3309 3468 γοῦν
3344 3417 3474 3452 ποτε
3515 3403 3632 3463 ταῖς
3669 3403 3906 3462 etuias;

2321 3491 2429 3544 τῶν
2473 3489 2661 3562 ψυχῶν
2700 3491 3003 3560 ἐνεργείαις
3041 3489 3405 3561 χρησάμενοι,
3443 3489 3765 3559 πτερώθητε
3809 3495 3906 3559 τὴν

2321 3583 2592 3648 διάνοιαν,
2620 3584 2714 3637 καὶ
2744 3581 2956 3654 οὐρανῷ
2987 3582 3478 3653 προσεγγίσαντες,
3512 3581 3670 3634 αὑτὸν
3692 3583 3904 3634 ἐκεῖνον

2324 3675 2796 3744 καταμανθάνετε,
2830 3674 2905 3735 ὡς
2946 3675 3010 3725 ὲκ
3045 3673 3252 3726 καπνοῦ
3289 3674 3410 3725 ὅσον
3452 3667 3584 3742 ἧκεν
3629 3675 3710 3735 εἰς
3760 3673 3904 3741 ὄψιν,

2323 3766 2530 3834 ἀκμητὶ
2576 3763 3018 3833 συνεστησάμην·
3062 3764 3156 3815 καὶ
3190 3762 3293 3832 γῆν
3327 3761 3528 3831 ταύτην
3562 3761 3661 3830 τὴν
3701 3762 3905 3828 πάγιον

2325 3856 2451 3924 ὑμῖν
2493 3850 2632 3908 εῖναι
2675 3853 2936 3907 δοκοῦσαν
2988 3851 3162 3922 φθορᾷ
3210 3851 3534 3924 παραδώσω,
3579 3852 3675 3904 καὶ
3725 3851 3797 3903 τὰ
3845 3852 3905 3903 ἐν

2324 3948 2514 4018 κόσμῳ
2554 3946 2840 4018 παρελθεῖν
2873 3947 3097 4015 ποιήσω’
3139 3945 3282 4014 μόνῳ
3318 3944 3531 4012 ἑκάστῳ
3567 3942 3744 3995 ἀϊδίου
3784 3943 3900 3995 διας

2327 4040 2575 4108 μένοντος
2593 4036 2686 4090 τοῦ
2711 4037 2973 4109 σωτηρίου
2999 4037 3391 4104 θεσπίσματος·
3416 4029 3460 4102 ᾦ
3486 4036 3578 4088 καὶ
3606 4050 3901 4105 συμπαρα-

2328 4133 2507 4203 μένειν
2540 4133 2632 4186 καὶ
2655 4132 3072 4196 συνδιαιωνίζειν
3102 4131 3300 4186 ἔοικεν.

2392 4222 2666 4294 Φοϐήθητε
2715 4222 2771 4275 δὲ
2827 4221 3025 4293 μᾶλλον
3077 4221 3376 4292 φαυλισμὺν
3434 4221 3529 4275 καὶ
3587 4220 3899 4292 ὀνειδισμὸν

2325 4313 2475 4385 παρά
2519 4314 2655 4368 Θεοῦ
2701 4315 2826 4386 ὑμῖν
2856 4317 3158 4386 γινόμενον·
3192 4314 3221 4366 ὁ
3249 4314 3357 4385 γάρ
3400 4313 3552 4384 παρὰ
3594 4313 3900 4383 ἀνθρώπων

2326 4402 2607 4473 γινόμενος
2650 4404 2876 4466 ἐκείνοις
2923 4402 3300 4457 συναπολεῖται
3318 4443 3333 4467 ,
3363 4403 3540 4456 αὐτῶν
3567 4405 3659 4473 ὑφ’
3689 4403 3900 4457 ἑαυτῶν

650 4506 778 4562 spes
805 4494 861 4546 in
893 4491 1193 4559 Christum,
1224 4492 1530 4562 perdurans
1577 4511 1701 4550 cum
1746 4497 1827 4552 eis
1859 4499 1951 4568 qui
1983 4500 2218 4555 salutare

2328 4493 2712 4565 φθειρομένων
2749 4495 2879 4565 μόνη
2907 4494 2963 4546 δὲ
2999 4494 3147 4564 μένει
3169 4494 3205 4564 ἡ
3237 4495 3316 4557 είς
3343 4494 3434 4546 τὸν
3464 4494 3698 4563 Χριστὸν
3721 4493 3898 4556 ἐλπὶς,

651 4592 782 4637 sunt
813 4585 1118 4639 consecuti.

734 4756 892 4814 Vens.
925 4759 980 4814 9.
1019 4757 1318 4816 Jerusalem
1377 4767 1435 4814 ut
1489 4761 1714 4830 recipiat
1744 4761 1935 4816 suadet
1967 4778 2225 4832 quaecun-

649 4868 760 4925 que
807 4853 1134 4924 negligentia
1192 4850 1518 4922 perdiderit;
1575 4859 1659 4906 est
1717 4853 1860 4906 enim
1918 4855 2012 4908 tibi
2070 4855 2225 4909 forti-

654 4945 807 5009 tudo,
855 4961 961 5015 qua
1014 4944 1235 4998 indutus
1304 4943 1480 4997 valida
1533 4944 1703 5000 videri
1755 4947 1990 5014 poteris;
2039 4962 2224 5002 recor-

653 5037 786 5091 dare
810 5044 864 5090 te
891 5052 1001 5090 non
1032 5036 1194 5088 aliam
1226 5050 1350 5089 esse
1379 5036 1447 5090 ab
1485 5036 1576 5088 illa
1612 5033 1938 5104 Jerusalem,
1969 5039 2126 5108 cujus
2154 5041 2222 5096 ad

653 5137 843 5183 nutum
875 5127 1220 5182 dehiscentes
1263 5127 1410 5181 inter
1454 5126 1653 5182 ﬂuctus
1705 5129 1809 5182 iter
1842 5145 1990 5185 mare
2022 5132 2226 5203 permi-

651 5219 744 5280 sit,
779 5225 838 5270 ut
869 5232 934 5271 ex
962 5215 1195 5286 Egypto
1236 5216 1449 5272 liberati
1481 5218 1772 5272 transitum
1804 5219 2096 5287 haberent;
2134 5221 2225 5279 cui

653 5308 1019 5364 inservierunt
1050 5309 1348 5375 elementa;
1404 5323 1524 5378 quae
1577 5309 1660 5363 vel
1703 5310 1758 5363 in
1789 5309 2006 5366 deserto
2039 5327 2218 5369 rerum

651 5399 897 5454 omnium
948 5399 1103 5468 copia
1152 5400 1469 5454 abundavit.
1528 5399 1648 5455 Noli
1704 5402 1870 5473 igitur
1919 5405 2065 5459 vires
2099 5415 2222 5460 tuas

651 5489 899 5557 prodere,
925 5503 1028 5543 nec
1059 5490 1222 5544 animi
1247 5492 1434 5545 virtuti
1470 5501 1743 5562 torporem
1785 5492 2044 5551 inducere
2064 5536 2080 5560 ,
2124 5496 2221 5550 sed

649 5595 883 5649 exsurge
911 5580 978 5636 ad
1017 5582 1268 5638 cmlestes
1301 5599 1447 5654 spes.
1468 5594 1542 5650 et,
1562 5598 1778 5657 recepta
1811 5587 2028 5655 liducia,
2061 5589 2220 5645 bonis

653 5678 707 5726 te
742 5673 996 5742 operibus
1023 5687 1275 5732 exornes.

2334 4583 2808 4646 συνδιαιωνίζουσα
2847 4586 2960 4648 τοῖς
2994 4583 3056 4636 τὸ
3097 4585 3361 4654 σωτήριον
3399 4584 3558 4638 τοῦτο
3595 4583 3898 4648 παραδεξα-

2336 4676 2538 4746 μένοις.

2413 4764 2832 4834 Ἀναλαμϐἀνειν
2864 4764 2962 4833 τὴν
3000 4763 3349 4834 Ἰερουσαλὴμ
3375 4763 3836 4834 παρακελεύεται,
3863 4765 3898 4817 ἃ

2330 4855 2562 4927 ἀμελείᾳ.
2600 4855 2901 4925 προῦδωκε·
2943 4855 3202 4926 πρόσεστι
3220 4855 3328 4926 γάρ
3354 4871 3436 4908 σοι
3472 4854 3646 4924 ἰσχὺς,
3683 4855 3804 4908 καθ’
3832 4857 3898 4922 ἢν

2329 4944 2553 5016 δυνήσῃ,
2593 4943 2824 5014 σεαυτὴν
2858 4944 3267 5012 συναγαγοῦσα,
3303 4945 3499 5015 ίσχυρά
3529 4962 3614 5008 τις
3641 4944 3891 5015 ὀφθῆναι-

2329 5034 2487 5088 τοῦτο
2531 5034 2892 5106 λογισαμένη,
2932 5034 3016 5087 ὅτι
3058 5035 3159 5088 οὑκ
3202 5035 3334 5104 ἄλλη
3379 5052 3460 5098 τις
3507 5037 3639 5106 παρ’
3683 5036 3897 5101 εκείνην

2329 5126 2616 5196 τυγχάνεις
2651 5126 2751 5196 τὴν
2783 5126 3166 5200 Ἰερουσαλὴμ,
3203 5121 3237 5201 ᾖ
3272 5127 3454 5191 ὑπεῖξε
3499 5124 3744 5180 θάλασσα
3785 5128 3896 5182 ὀδόν

2332 5234 2413 5270 σοι
2444 5217 2840 5286 ἀνατέμνουσα,
2870 5217 2936 5270 ἵν’
2960 5219 3010 5270 ei
3037 5219 3133 5272 ἀπ’
3150 5217 3421 5286 Αίγύπτω
3441 5215 3895 5285 ἐλευθερωθέντες

2328 5308 2623 5362 διαϐαίνειν
2655 5307 2865 5378 ἔχωσιν·
2899 5303 2934 5382 ᾗ
2969 5309 3278 5381 ιδορυφόρει
3315 5307 3386 5360 τά
3420 5310 3676 5377 στοιχεῖα,
3712 5308 3806 5360 καὶ
3827 5305 3892 5373 ἢν

2327 5399 2591 5470 διεδέχετο
2616 5400 2650 5469 ἡ
2688 5400 2747 5453 ὲν
2778 5401 2968 5472 ἐρήμῳ
3006 5400 3256 5474 ἀνενδεὴς
3297 5398 3546 5470 χορηγία.
3583 5398 3674 5469 Μὴ
3711 5399 3892 5452 τοίνυν

2326 5490 2424 5552 τὰς
2448 5489 2646 5560 ἑαυτῆς
2668 5489 2923 5562 δυνάμεις
2951 5494 3159 5566 προδῷς
3179 5532 3193 5555 ,
3222 5491 3356 5562 μηδὲ
3385 5490 3638 5561 κοιμίσης
3665 5488 3892 5558 adglu-

2327 5582 2485 5653 χικάς
2505 5584 2800 5654 ἐνεργείας·
2829 5585 2943 5638 ἀλλ’
2971 5581 3292 5653 ὲξανάστηθι
3331 5581 3464 5652 πρὸς
3495 5581 3780 5651 οὐρανίους
3809 5578 3892 5632 ιλ-

2329 5676 2506 5738 πίδας’
2541 5676 2634 5730 καὶ
2665 5675 3005 5732 ἀναλαϐοῦσα
3030 5677 3090 5730 τὸ
3121 5675 3360 5747 θαρρεῖν,
3381 5672 3609 5741 ἀγαθαῖς
3633 5669 3889 5746 πράξεσιν

2327 5760 2529 5829 ῑαυτὴν
2558 5764 2989 5830 κατακόσμησον.
