4044 6324
153 366 284 448 4353

1503 388 1565 434 ΙΝ
1607 388 1859 435 ιδΑιΛω.

3240 397 3377 448 1555

214 509 273 561 Ei
292 506 399 579 γὰρ
414 508 509 561 καὶ
529 506 708 577 πατὴρ
724 502 815 559 καὶ
836 503 1015 573 μήτηρ
1049 501 1316 572 ὑπηρέται
1335 499 1432 569 τῆς
1451 499 1695 568 γενέσεωι

1892 497 2053 555 Vens.
2089 501 2174 555 15.
2210 501 2385 572 Opera
2414 503 2631 573 quidem
2678 514 2734 563 et
2766 509 2939 578 patris
2966 518 3020 566 et
3062 512 3252 569 matris
3286 530 3381 585 ge-

149 600 452 670 γεγόνασιν,
484 598 561 661 ὡς
589 596 766 667 φιλίας
807 609 887 647 σοι
926 594 1020 648 καὶ
1055 591 1370 661 συγγενείας
1406 589 1708 662 προφάσεις

149 691 493 763 παρέχοντες,
513 688 624 742 ἀλλ’
645 689 792 757 ὅμως
813 686 912 738 οῦκ
930 685 1116 755 ἀτονία
1134 684 1231 754 τῆς
1252 683 1531 753 δυνάμεως
1549 682 1707 734 τοῦτο

148 782 514 854 συνεχώρησω
537 778 658 834 οὔτε
689 777 797 849 γὰρ
826 776 920 846 τὴν
946 776 1119 847 ἀρχὴν
1147 775 1393 829 πλάττων
1418 774 1509 827 τὸν
1536 772 1704 842 Ἀδὰμ

144 875 345 928 τούτων
379 872 635 943 ἐδεήθην,
668 868 803 923 ἀλλά
828 868 1041 939 θελήσει
1072 864 1463 937 ὑπεστησάμην
1487 864 1582 917 καὶ
1615 862 1706 916 δυ-

142 968 300 1038 νάμει
328 970 394 1037 τῇ
421 967 548 1036 ἐμῇ.

210 1058 322 1113 Καὶ
352 1056 459 1110 τῶν
493 1053 896 1126 προγεγονότων
940 1052 1021 1115 είς
1060 1050 1279 1122 μνήμην
1318 1047 1515 1111 αὐτοὺς
1557 1046 1700 1115 ἄγει,

138 1150 232 1202 καὶ
266 1150 347 1211 είς
385 1147 446 1200 τὸ
475 1143 627 1209 αὖθις
660 1144 877 1215 θαρρεῖν
908 1143 1106 1206 αὐτοὺς
1146 1140 1527 1211 προτρέπεταυ
1566 1136 1701 1189 Οὔτε

138 1240 266 1311 γὰρ,
310 1238 493 1307 φησὶν,
535 1237 583 1288 oi
620 1233 985 1300 ἀπειλοῦντες,
1022 1233 1118 1287 καὶ
1152 1231 1294 1285 κατὰ
1325 1229 1417 1283 σοῦ
1460 1226 1702 1298 μαιμάσσ-

140 1348 343 1394 σοντες,
361 1328 695 1399 ἠδυνήθησαν
712 1324 1024 1396 ἀντιστῆναί
1042 1342 1145 1388 σοι,
1163 1323 1293 1393 ἐμοῦ
1312 1319 1697 1390 ἐπαμύνοντος

134 1423 403 1491 οὐδέτεροι
433 1420 768 1490 ἰσχύσουσιν,
795 1418 928 1490 ἐμοῦ
956 1416 1154 1488 ῥᾳδίως
1182 1414 1401 1476 τούτους
1421 1412 1499 1474 είς
1526 1410 1701 1481 φυγὴν

135 1516 445 1584 τρέποντος.

206 1599 581 1670 Διδασκόμεθα
607 1600 663 1653 δὲ
690 1600 753 1652 ἐκ
777 1596 998 1664 τούτου,
1026 1594 1102 1659 ὡς
1126 1594 1219 1647 καὶ
1240 1596 1288 1647 οἱ
1318 1595 1575 1665 τάραχοι,
1608 1594 1702 1648 καὶ

134 1695 188 1747 αἱ
235 1692 629 1752 ἐπαναστάσεις
667 1688 774 1741 τῶν
827 1686 1016 1749 ἐθνῶν,
1056 1685 1150 1737 καὶ
1198 1682 1267 1736 τὰ
1314 1682 1549 1754 δυσχερῆ
1594 1682 1702 1734 τῶν

135 1782 495 1854 πραγμάτων,
531 1780 623 1832 καὶ
642 1780 690 1831 οι
720 1778 1012 1851 πειρασμοὶ
1031 1815 1046 1839 ,
1073 1774 1215 1832 κατά
1240 1772 1583 1843 συγχώρησιν
1604 1771 1697 1824 τοῦ

133 1874 264 1926 Θεοῦ
292 1873 547 1941 γίνονται’
574 1862 648 1923 ὧν
681 1867 1062 1940 ἐνεργούντων,
1089 1866 1193 1937 χρὴ
1233 1866 1321 1918 τὸν
1349 1866 1583 1936 νήφοντα
1606 1864 1699 1917 ἐπὶ

130 1965 226 2034 τὴν
257 1962 351 2016 τοῦ
375 1960 508 2014 Θεοῦ
539 1958 900 2026 καταφεύγειν
930 1957 1174 2028 βοήθειαν
1194 1996 1208 2021 ,
1248 1956 1343 2008 καὶ
1385 1955 1513 2024 παρ’
1556 1954 1699 2007 ἐκεί-

132 2074 221 2109 νου
257 2054 525 2109 αἰτεῖσθαι
550 2052 648 2122 τὴν
668 2050 872 2103 τούτων
899 2050 1238 2119 ἀπαλλαγήν,

202 2145 372 2199 Πάλιν
398 2133 493 2197 διὰ
532 2144 629 2213 τῆς
673 2142 1067 2212 παρακλήσεως
1113 2140 1210 2211 τὴν
1248 2139 1489 2191 ἑκούσιον
1532 2138 1699 2208 αὐτῆς

132 2237 339 2289 πτῶσιν
369 2236 640 2305 σημαίνει·
664 2236 762 2287 οὐκ
782 2234 847 2287 ἂν
869 2233 975 2304 γὰρ
1004 2232 1125 2285 οὐδὲ
1152 2232 1499 2300 διαναστῆναι
1531 2230 1698 2301 αὐτὴν

130 2326 496 2406 προετρέπετο
529 2326 620 2377 ὑπ’
654 2323 813 2378 ἄλλου
848 2321 1214 2393 κατεχομένην
1238 2361 1251 2385 ,
1288 2321 1423 2373 ἀλλά
1458 2320 1535 2391 τῷ
1569 2337 1699 2373 κατ-

130 2418 305 2486 ἐχοντι
326 2416 577 2485 ἐπετίμα·
612 2416 723 2468 ἀλλ’
748 2414 932 2484 ἐπειδὴ
966 2413 1210 2465 ἑκούσιον
1250 2411 1455 2465 πτῶσιν
1494 2412 1697 2480 ὑπομε-

133 2508 375 2576 μενήκει,
397 2505 742 2575 διαναστῆναι
773 2506 938 2575 αὐτὴν
968 2504 1411 2573 παρακελεύεται.

224 2686 410 2754 Ωσπερ
434 2683 552 2737 τινὰ
591 2684 717 2754 χοῦν
746 2685 803 2737 ὃν
834 2683 1077 2746 συνέλεξο
1121 2683 1227 2736 ἀπὸ
1257 2684 1349 2735 τοῦ
1386 2681 1691 2750 πτώματος,

126 2778 362 2832 ἔκτεινον
388 2780 482 2831 καὶ
511 2780 831 2850 ἀπόρριψον·
860 2778 952 2830 καὶ
979 2779 1104 2840 τοὺς
1134 2776 1364 2846 δεσμοὺς
1383 2816 1397 2838 ,
1430 2771 1509 2837 οἷς
1540 2790 1694 2827 σεαυ-

125 2871 221 2941 τὴν
253 2856 721 2939 κατεδέσμευσας,
758 2868 916 2921 λῦσον
960 2868 1324 2921 ἀποσπάσασα
1365 2866 1562 2935 ἑαυτὴν
1600 2862 1695 2915 τοῦ

126 2960 289 3027 ζυγοῦ
323 2961 426 3028 τῆς
460 2960 701 3022 ἀδικίας,
735 2954 778 3026 ᾧ
819 2958 1017 3012 ἑκοῦσα
1055 2958 1146 3011 τὸν
1187 2958 1387 3025 σαυτῆς
1428 2954 1697 3025 τράχηλον

123 3050 410 3112 ὑπέϐαλεςσ
447 3052 540 3102 καὶ
572 3052 726 3117 ἀξίαν
752 3052 947 3120 ἑαυτὴν
985 3049 1269 3119 ἀπέφηνας
1300 3048 1692 3117 αἰχμαλωσίας,

122 3146 215 3213 ἀφ’
237 3140 304 3215 ἧς
326 3135 568 3214 ρυσθήσῃ
595 3141 946 3212 μετανοοῦσα·
970 3142 1089 3194 οὐδὲ
1110 3142 1216 3212 γὰρ
1241 3142 1337 3210 τὴν
1358 3141 1529 3211 ἀρχὴν
1555 3156 1694 3210 παρ-
1717 3162 1763 3223 c

124 3236 308 3307 εδὸθης
346 3234 605 3303 ὑπ’ἐμοῦ
649 3233 723 3296 ὡς
758 3232 1018 3304 ἀργύριον
1055 3233 1362 3301 εἰληφότος,
1398 3232 1533 3283 ἀλλά
1572 3234 1690 3293 ταῖς

122 3328 346 3388 οἰκείαις
364 3327 560 3394 ἑαυτῆς
584 3326 875 3395 ἁμαρτίαις
895 3323 1158 3394 ἐπράθης·
1184 3323 1323 3393 άπερ
1356 3322 1691 3391 συγχωρήσω

124 3434 201 3469 σοι
232 3415 586 3486 μετανοούσῃ,
622 3416 716 3467 καὶ
738 3414 1140 3481 ἀνακαλέσομαι
1170 3412 1265 3482 τῆς
1298 3412 1685 3481 αἰχμαλωσίας.

194 3506 266 3561 Τὸ
296 3507 353 3558 δὲ
377 3508 456 3569 είς
483 3505 796 3576 Ἀσσυρίους
820 3506 1048 3567 ἄκοντας
1077 3504 1386 3573 ἀπαχθῆναι
1415 3503 1550 3573 ἐμὴν
1578 3504 1689 3572 ἔχει

124 3600 485 3671 συγχώρησιν,
525 3600 703 3651 αἰτίαν
748 3599 802 3651 δὲ
848 3599 1135 3669 ὑμετέρανο
1182 3600 1279 3649 οὐκ
1322 3598 1385 3651 ἂν
1424 3598 1531 3667 γὰρ
1571 3596 1688 3648 οὐδὲ

120 3693 328 3755 τούτοις
358 3692 665 3763 παρέδωκα,
700 3690 772 3760 μὴ
801 3691 907 3742 τῶν
942 3691 1350 3760 ἁμαρτημάτων
1375 3690 1523 3758 ὑμῶν
1558 3706 1690 3760 προ-

120 3784 426 3837 δεδωκότων
449 3784 611 3851 ύμᾶς·
648 3784 728 3835 ὅτι
754 3783 809 3834 δὲ
834 3782 987 3851 ῥᾳδία
1015 3781 1164 3833 ἔσται
1191 3782 1280 3833 καὶ
1302 3783 1332 3837 ἡ
1358 3780 1465 3833 ἀπὸ
1488 3781 1688 3833 τούτων

120 3874 430 3943 ἀπαλλαγὴ,
460 3873 729 3941 γνώσεσθε
760 3873 1232 3942 μετανενοηκότες.

195 4048 263 4099 ’Ἡ
288 4047 399 4116 γὰρ
434 4048 550 4115 οὐχὶ
576 4050 668 4099 καὶ
696 4049 971 4115 Ῥαψάκης
1005 4048 1333 4116 ἀτονώτερόν
1366 4066 1430 4118 με
1464 4048 1571 4100 τῶν
1604 4046 1690 4101 λε-

121 4137 367 4207 γομένων
394 4138 520 4206 παρ’
548 4138 728 4196 αὐτοῖς
758 4137 892 4190 θεῶν
929 4133 1066 4189 εἶναι
1100 4137 1346 4205 νενόμικε
1380 4137 1569 4203 λέγων’
1597 4137 1686 4208 Μὴ

122 4229 262 4296 ὑμᾶς
294 4228 556 4281 ἀπατάτω
584 4227 848 4289 Ἐζεκίας·
892 4245 910 4277 ι
944 4226 1033 4295 Μὴ
1067 4230 1094 4279 ὁ
1126 4227 1256 4287 Θεὸς
1280 4227 1431 4295 ὑμῶν
1468 4228 1685 4297 ῥύσεται

122 4320 296 4388 ὑμᾶςς
336 4316 409 4388 μὴ
441 4316 736 4388 ἐρρύσαντο
764 4320 812 4369 οἱ
843 4318 953 4369 θεοὶ
985 4317 1091 4368 τῶν
1127 4317 1296 4369 ἐθνῶν
1334 4319 1560 4379 ἕκαστος
1592 4320 1686 4387 τὴν

122 4410 313 4465 ἑαυτοῦ
369 4409 587 4481 χώρανς
638 4430 655 4461 ι
700 4411 913 4479 Ταύτης
961 4410 1138 4462 τοίνυν
1188 4410 1287 4478 τῆς
1344 4410 1688 4481 βλασφημίας

1810 590 1957 644 nitus
1988 586 2083 658 es,
2120 600 2180 645 ut
2203 593 2441 647 amicitia
2478 602 2657 649 tecum
2688 606 2743 651 et
2775 600 3097 667 cognatione
3142 604 3376 673 conjun-

1807 689 2063 749 gerentur
2084 724 2099 747 ,
2140 698 2247 737 non
2293 686 2452 754 quasi
2498 686 2770 742 deficienti
2800 704 2936 744 meae
2961 693 3215 759 potestati
3246 710 3379 764 sup-

1807 772 2038 839 plerent.
2094 773 2213 828 Non
2258 776 2402 829 enim
2452 777 2585 830 mihi
2639 778 2747 835 illis
2795 781 2852 833 in
2910 783 3182 853 principio
3236 800 3375 855 opus

1804 860 1923 924 fuit,
1957 879 2082 917 cum
2108 865 2478 935 plasmabatur
2522 867 2714 938 Adam,
2740 871 2835 926 sed
2860 873 3144 929 voluntate
3172 890 3236 928 ac
3266 875 3375 930 vir-

1805 960 1919 1007 tute
1942 970 2059 1009 mea
2092 955 2208 1025 ipse
2244 971 2367 1011 eum
2396 957 2547 1013 effeci

1874 1043 2039 1101 Vens.
2071 1048 2156 1101 N.
2178 1046 2284 1103 Res
2304 1050 2606 1118 praeteritas
2640 1051 2695 1106 in
2724 1049 3041 1109 memoriam
3065 1070 3253 1111 eorum
3281 1071 3372 1112 re-

1802 1142 1979 1198 vocat,
2014 1147 2069 1191 et
2100 1138 2172 1191 ita
2212 1138 2416 1194 fractos
2449 1142 2662 1195 animos
2706 1142 2924 1211 reﬁcit;
2972 1160 3100 1199 nam
3149 1161 3367 1202 causam

1803 1232 1949 1279 tuam
1981 1235 2174 1296 agente
2219 1245 2304 1283 me
2327 1271 2341 1295 ,
2377 1246 2487 1283 non
2516 1232 2845 1297 valuerunt,
2872 1234 3070 1304 inquit,
3105 1234 3199 1289 tibi
3234 1238 3371 1290 resi-

1803 1321 1969 1381 stere,
1998 1318 2091 1385 qui
2138 1320 2300 1373 minis
2328 1327 2379 1373 te
2412 1327 2465 1373 et
2498 1320 2680 1377 furore
2714 1325 3012 1393 urgebant;
3071 1342 3248 1397 neque
3275 1329 3366 1383 alii

1802 1407 1974 1477 magis
2004 1408 2309 1477 proﬁcient,
2338 1410 2497 1466 facile
2514 1426 2608 1467 eos
2634 1413 2689 1467 in
2719 1413 2900 1485 fugam
2933 1426 3161 1470 vertam.

1874 1586 2043 1642 Vrns.
2072 1589 2158 1645 I5.
2191 1587 2355 1644 Docet
2372 1591 2460 1645 bic
2476 1607 2576 1647 nos
2596 1593 3366 1659 turbamenta,etrebelliones

1801 1680 2066 1747 gentium,
2094 1687 2147 1733 et
2169 1686 2363 1734 rerum
2396 1684 2696 1751 angustias,
2745 1692 2800 1739 et
2846 1684 3260 1741 sollicitationes
3297 1686 3364 1740 ad

1802 1770 2026 1831 malum,
2053 1786 2161 1824 non
2193 1772 2312 1826 sine
2342 1771 2435 1826 Dei
2470 1772 2693 1828 numine
2732 1774 2880 1841 fieri;
2920 1776 3118 1845 quibus
3162 1777 3367 1834 instan-

1727 1844 1772 1900 Β
1800 1862 1965 1925 tibus,
2022 1865 2315 1931 prudenter
2372 1872 2427 1919 te
2472 1864 2539 1918 ad
2582 1865 2673 1921 Dei
2725 1844 2983 1920 auxilium
3008 1868 3275 1939 recipies,
3305 1879 3368 1923 ut

1800 1954 2173 2009 liberationem
2205 1956 2273 2010 ab
2301 1956 2379 2012 eis
2403 1957 2731 2027 depreceris.

1875 2111 2005 2180 Cir.
2038 2127 2146 2191 LII,
2184 2127 2348 2183 Vens.
2370 2130 2419 2183 I.
2448 2129 2659 2187 Rursus
2684 2133 2947 2199 declarat,
2984 2134 3112 2189 dum
3150 2151 3249 2191 eos
3281 2151 3351 2192 ex

1799 2215 2069 2280 hortatur,
2098 2218 2328 2273 libenter
2353 2219 2504 2289 ipsos
2522 2220 2575 2273 in
2593 2222 2927 2278 calamitates
2947 2239 3066 2280 esse
3084 2224 3359 2295 delapsos.

1798 2306 1952 2370 Quod
1982 2308 2028 2361 si
2061 2308 2203 2361 enim
2228 2308 2296 2362 ab
2317 2310 2424 2363 alio
2438 2311 2631 2379 quovis
2656 2314 3109 2381 opprimerentur,
3129 2332 3236 2371 non
3266 2333 3362 2373 eos

1797 2412 2089 2468 exsurgere
2158 2398 2411 2466 juberet,
2470 2400 2566 2454 sed
2624 2411 2874 2471 argueret
2927 2407 3358 2477 opprimentem;

1798 2504 1943 2543 nunc
1969 2505 2097 2543 vero
2132 2506 2255 2544 eum
2290 2492 2570 2548 voluntate
2597 2510 2693 2549 sua
2721 2494 2773 2548 in
2811 2496 2968 2551 malis
2996 2498 3358 2569 detineantur,

1797 2589 1855 2635 ut
1896 2594 2191 2652 exsurgant
2226 2595 2350 2654 apte
2382 2587 2590 2641 suadet.
3207 2602 3213 2607 '

1868 2673 2036 2731 Vens.
2067 2676 2122 2730 2.
2162 2675 2443 2730 Pulverem
2476 2690 2691 2745 excute,
2718 2690 2772 2735 et
2806 2682 2981 2750 abjice
3002 2722 3018 2747 ,
3065 2700 3224 2754 quem
3272 2702 3365 2741 ca-

1796 2763 1930 2819 dens
1978 2766 2277 2835 collegisti;
2326 2777 2379 2821 et
2431 2768 2630 2837 quibus
2703 2772 2984 2841 temetipse
3026 2774 3316 2834 devinxisti
3344 2819 3359 2843 ,

1798 2856 1945 2909 solve
1974 2857 2223 2922 vincula,
2264 2867 2427 2912 exuto
2470 2861 2604 2931 jugo
2631 2862 2718 2915 cui
2766 2864 2969 2918 collum
2999 2873 3152 2920 tuum
3188 2870 3362 2924 liben~

1797 2954 1880 3000 ter
1905 2947 2255 3015 subjeceras;
2285 2950 2356 3002 ita
2386 2964 2544 3020 quam
2574 2953 2671 3005 tibi
2718 2969 3099 3023 promerueras
3134 2961 3362 3029 captivi-

1798 3047 1962 3093 tatem
1988 3057 2081 3109 per
2114 3043 2480 3111 pmnitentiam
2513 3045 2711 3100 solves.
2746 3046 2864 3101 Non
2890 3050 3030 3103 enim
3067 3052 3218 3114 olim,
3256 3069 3365 3108 aere

1798 3140 2044 3202 accepto,
2075 3148 2107 3186 a
2136 3149 2223 3187 me
2267 3135 2564 3188 venundati
2606 3138 2739 3191 estis
2765 3180 2779 3203 ,
2822 3140 2918 3193 sed
2956 3150 3176 3210 propter
3217 3145 3363 3212 ipso-

1798 3236 1917 3274 rum
1948 3233 2125 3277 vestra
2156 3234 2413 3292 peccata;
2446 3240 2565 3294 quae
2592 3234 2767 3281 tamen
2805 3230 3180 3297 pmnitentiam
3210 3248 3365 3304 agen-

1798 3313 1943 3367 tibus
1971 3314 2270 3383 ignoscam,
2296 3325 2347 3369 et
2376 3332 2473 3371 vos
2505 3317 2572 3372 de
2602 3320 2915 3389 captivitate
2945 3324 3230 3378 revocabo.

1864 3493 2031 3551 Vens.
2091 3497 2142 3549 4.
2198 3496 2306 3551 Vos
2360 3499 2625 3561 violenter
2677 3503 2730 3555 in
2790 3502 3045 3572 Assyrios
3096 3506 3361 3561 abductos

1798 3586 1968 3640 fuisse
2001 3604 2120 3641 meo
2165 3590 2382 3657 quidem
2423 3594 2710 3660 permisso,
2741 3602 2916 3648 vestra
2970 3605 3150 3651 autem
3203 3600 3363 3669 culpa

1796 3679 1997 3733 factum
2028 3690 2145 3745 est;
2179 3698 2287 3735 non
2315 3685 2457 3736 enim
2484 3700 2579 3739 vos
2605 3686 2712 3739 illis
2748 3688 3117 3754 tradidissem,
3137 3692 3241 3746 nisi
3266 3709 3361 3749 vos

1794 3773 1944 3841 prius
1998 3782 2221 3841 peccata
2268 3782 2447 3828 vestra
2506 3778 2910 3845 prodidissent;
2964 3797 3125 3851 quam
3184 3784 3360 3840 facilis

1793 3876 1968 3917 autem
1999 3866 2069 3917 sit
2097 3865 2163 3918 ab
2197 3865 2315 3919 istis
2356 3866 2605 3922 liberatio
2628 3910 2643 3932 ,
2682 3872 2964 3926 conversis
3012 3875 3228 3941 animis,
3257 3892 3353 3931 ex-

1793 3956 2093 4023 pericmini.

1868 4047 2034 4101 Vizns.
2068 4049 2118 4101 5.
2161 4048 2352 4102 Nonne
2382 4064 2467 4103 me
2497 4048 2809 4119 Rliapsaces
2834 4053 3147 4109 debiliorem
3170 4060 3330 4113 existi
3350 4089 3362 4100 -

1794 4140 1959 4192 mavit
1993 4140 2187 4201 idolis,
2220 4156 2340 4208 quae
2390 4142 2533 4209 apud
2582 4152 2769 4211 gentes
2819 4146 2894 4198 dii
2942 4146 3247 4229 babentug?
3285 4152 3360 4207 Ne

1793 4245 1889 4283 vos
1934 4230 2170 4299 decipiat
2216 4231 2457 4297 Ezecias,
2504 4234 2713 4287 aiebat:
2752 4254 2768 4285 ‹
2801 4236 3053 4307 Nunquid
3086 4257 3181 4295 vos
3220 4242 3361 4298 Deus

1794 4329 1971 4375 vester
2028 4322 2289 4376 erueret?
2352 4321 2607 4391 Nunquid
2658 4337 2919 4380 eruerunt
2967 4330 3041 4382 dii
3094 4336 3355 4401 gentium,

1794 4415 2171 4484 unusquisque
2207 4432 2358 4469 suam
2405 4419 2680 4485 regionem
2717 4421 2803 4471 "‘3
2842 4439 2857 4469 ι
2892 4418 3118 4490 Propter
3150 4440 3247 4479 vos
3284 4426 3358 4479 ita

120 4506 275 4572 ὑμεῖς
300 4503 464 4556 αἴτιοι
492 4502 785 4570 γεγένησθε
806 4543 819 4566 ,
857 4502 1147 4572 μοχθηροῖς
1172 4502 1323 4569 ἤθεσι
1351 4502 1687 4564 κωλύσαντες

1795 4506 2067 4561 deridetur
2101 4514 2154 4559 et
2184 4526 2201 4555 ι
2252 4506 2653 4574 blasphematur
2704 4523 2905 4563 nomen
2934 4526 3113 4566 meum
3140 4554 3155 4576 ,
3214 4533 3231 4564 ι
3264 4519 3357 4585 qui

122 4613 186 4661 με
226 4592 584 4663 εὐεργετῆσαι
616 4592 779 4659 ὑμᾶς.

191 4685 302 4753 Τὴν
339 4686 396 4735 ἐν
418 4686 529 4742 τοῖς
571 4681 707 4750 μετὰ
742 4681 909 4734 ταῦτα
944 4679 1230 4748 ἐπίσκεψιν
1261 4679 1352 4733 τοῦ
1385 4680 1511 4733 λαοῦ
1548 4681 1693 4748 δηλοῖ

117 4774 202 4825 διὰ
222 4773 333 4825 τῶν
362 4771 685 4841 λεγομένων·
710 4771 830 4839 ⁴ἣτις
854 4771 945 4823 καὶ
976 4770 1245 4839 παρουσία
1267 4770 1489 4831 δικαίως
1514 4770 1576 4821 ἂν
1606 4771 1691 4821 λέ-

117 4882 282 4931 γοιτο·
315 4864 379 4915 οῦ
404 4865 497 4931 τῆς
523 4862 708 4924 οὐσίας
732 4861 894 4913 αὑτοῦ
918 4862 1082 4914 τόπον
1102 4864 1165 4914 ἐκ
1186 4864 1350 4913 τόπου
1378 4862 1687 4931 μετιούσης,

118 4956 251 5007 ἀλλὰ
279 4956 383 5024 τῆς
416 4953 691 5023 ἐνεργείας
728 4952 1027 5021 καταδήλου
1067 4953 1377 5020 γινομένης⁸
1420 4952 1538 5002 τότε
1584 4953 1689 5021 γὰρ

118 5050 213 5099 καὶ
255 5050 508 5117 παρεῖναι
559 5048 688 5115 ἡμῖν
732 5044 944 5111 λέγεται
989 5046 1016 5095 ὁ
1062 5044 1210 5105 Θεὸς,
1255 5044 1329 5095 ὅτ’
1365 5043 1430 5093 ἂν
1469 5043 1688 5106 ἑαυτοὺς

120 5138 252 5207 πρὸς
294 5138 359 5189 τὸ
393 5135 743 5199 ὑποδέξασθαι
776 5133 935 5187 αὑτὸν
965 5132 1147 5196 ἀξίους
1182 5133 1543 5203 ἀποφήνωμεν
1582 5136 1689 5195 τοῖς

120 5229 301 5292 καλοῖς
340 5229 543 5298 ῆθεσιν·
579 5227 761 5298 ὥσπερ
801 5223 891 5280 οὖν
926 5228 1163 5290 ἀπεῖναι,
1209 5224 1687 5295 μεταϐαλλομένων

120 5324 195 5381 εἰς
239 5320 331 5387 τὸ]
349 5319 621 5381 ἐναντίον,
670 5319 743 5389 μὴ
786 5316 1197 5387 εὐδοκιμοῦντος
1241 5314 1686 5369 ἐπαναπαύεσθαι

121 5411 245 5477 ὑμῖν
280 5409 369 5462 διὰ
388 5409 457 5461 τὰ
484 5409 731 5479 μοχθηρὰ
766 5410 918 5478 ὑμῶν
948 5410 1075 5479 ἤθη.

194 5500 279 5561 Ὠς
305 5500 416 5569 γάρ
452 5500 749 5569 κατάδηλον
774 5502 883 5561 τοῖς
921 5501 1085 5551 πᾶσιν
1120 5500 1149 5567 ἡ
1184 5498 1300 5568 ὥρα
1327 5497 1424 5565 τῆς
1452 5498 1681 5567 ἡμέρας,

118 5591 235 5643 καθ’
260 5592 326 5657 ἣν
349 5590 627 5659 ἐκλάμψας
656 5594 682 5640 ὁ
714 5591 859 5659 ῆλιος
888 5591 1228 5660 καταλάμψει
1261 5590 1435 5642 πάντα
1468 5590 1535 5642 τὰ
1560 5590 1679 5655 ὄρς’

180 5772 310 5826 "IV
349 5771 477 5839 Reg.
512 5785 627 5831 χιχ,
664 5769 751 5829 52,
793 5769 877 5821 33.

515 5868 783 5923 Ρλτιιοι..
818 5861 931 5922 Gn.
968 5861 1186 5921 XVIII.

1792 4599 1975 4667 pravis
2005 4599 2250 4653 moribus
2280 4598 2538 4652 beneficia
2574 4614 2690 4651 mea
2718 4615 2746 4653 a
2776 4602 2927 4655 vobis
2969 4603 3258 4672 depcllitis.

1862 4691 2027 4745 Vens.
2065 4692 2115 4745 ϐ.
2149 4692 2357 4756 Quibus
2408 4694 2587 4746 verbis
2628 4692 2829 4747 indicat
2883 4695 3022 4752 Deus
3062 4715 3119 4752 se
3172 4702 3356 4771 populi

1792 4798 1977 4835 curam
2014 4790 2199 4851 postea
2231 4798 2551 4851 gessurum;
2598 4786 2740 4853 quod
2787 4786 2948 4839 etiam
2986 4789 3175 4845 adesse
3212 4794 3355 4860 opti—

1792 4889 1876 4927 me
1908 4874 2124 4936 dicitur,
2150 4890 2257 4927 non
2284 4882 2599 4929 transeunte
2620 4891 2749 4930 sane
2781 4888 2973 4931 natura
2998 4880 3066 4931 ab
3097 4897 3206 4935 uno
3236 4884 3354 4935 loco

1792 4964 1845 5017 in
1885 4965 2048 5017 alium
2086 4966 2283 5026 locum,
2327 4966 2421 5019 sed
2457 4970 2561 5021 vim
2612 4982 2763 5020 suam
2796 4970 3138 5026 manifestius
3183 4975 3355 5027 decla-

1790 5066 1962 5109 rante.
1997 5056 2127 5109 Nam
2179 5066 2307 5109 tunc
2350 5073 2565 5125 quoque
2609 5060 2765 5111 nobis
2813 5062 3002 5115 adesse
3039 5062 3178 5116 Deus
3218 5065 3354 5117 dici-

1793 5153 1900 5207 tur,
1939 5147 2157 5213 quando
2197 5148 2354 5200 bonis
2410 5148 2651 5201 moribus
2714 5165 2812 5202 nos
2848 5150 3193 5219 suscipiendo
3248 5152 3354 5205 Deo

1789 5238 1982 5305 dignos
2009 5238 2352 5305 praebemus;
2394 5238 2465 5291 ita
2505 5246 2557 5291 et
2608 5238 2829 5299 abesse.
2872 5243 3090 5309 quando
3138 5260 3165 5294 a
3208 5256 3351 5297 recta

1788 5330 1873 5382 via
1897 5328 2305 5383 deflectentibus
2338 5330 2517 5392 nobis,
2549 5339 2765 5399 propter
2787 5334 3112 5401 depravatos
3148 5350 3346 5399 mores,

1787 5421 2133 5487 acquiescere
2162 5436 2267 5471 non
2307 5419 2578 5487 dignatur.

1861 5507 2025 5563 Vens.
2057 5510 2105 5563 7.
2134 5510 2595 5575 Quemadmodum
2650 5510 2738 5565 lux
2795 5513 2900 5567 diei
2933 5516 3182 5568 omnibus
3217 5530 3312 5568 eor
3340 5544 3347 5555 ι

1787 5600 2034 5666 spicitur,
2055 5614 2159 5667 qua
2191 5598 2269 5654 sol
2302 5598 2561 5667 eiiulgens
2596 5610 2805 5655 montes
2832 5611 3059 5656 cunctos
3086 5605 3343 5669 illustrat,

2960 5860 3033 5917 53
