4044 6324
184 372 314 431 ιω

1613 365 1680 422 IN
1720 364 1977 423 lSAIAI.

3283 365 3419 432 1888

178 505 264 543 σαι
294 487 436 560 ὑπὲρ
470 488 646 559 ἡμῶν.
683 506 705 539 ι
753 484 964 541 Ἕκοντὶ
990 483 1170 539 τοίνυν
1198 483 1493 554 ὑπομείνας
1524 480 1594 534 τὰ
1641 484 1744 535 πά-

1850 482 2143 539 Cruciatus
2176 491 2357 539 autem
2410 492 2602 555 sponte
2641 492 2892 555 acceptos
2935 491 3116 543 metus
3158 490 3420 559 pertulit,

175 577 267 651 οη,
324 580 534 650 σιωπὴν
584 579 759 650 φέρει,
815 575 978 646 νόμον
1032 577 1163 646 ἡμῖν
1221 574 1497 644 ὑπομονῆς
1553 571 1743 625 ἑαυτὸν

1852 584 1908 629 ιιι
1940 592 1998 631 se
2028 576 2185 631 nobis
2224 577 2369 630 velut
2400 578 2568 646 legem
2612 578 2888 647 patientia:
2917 579 3203 649 praeberet.

171 671 570 742 παρεχόμενος.

248 763 320 817 Τὸ
350 762 595 816 ἑκούσιον
624 758 718 813 τοῦ
760 759 1011 829 Σωτῆρος
1054 758 1111 810 ὲν
1155 759 1223 828 τῇ
1268 757 1433 827 πείρᾳ
1462 756 1569 806 τῶν
1604 754 1747 805 οἰκο-

170 852 523 925 νομουμένων
555 850 902 921 σημαίνεται’
938 850 1013 912 ὼς
1046 849 1152 919 γὰρ
1183 847 1452 920 πρόϐατον
1483 845 1746 914 ἀγόμενον

170 947 259 1008 είς
292 942 501 1007 θυσίαν,
549 940 583 1010 ἢ
630 941 799 1011 ἀμνὸς
832 939 1072 994 ἐναντίον
1102 938 1195 993 τοῦ
1243 938 1516 1007 κείροντος
1564 935 1745 1000 αὐτὸν,

169 1035 389 1103 ἀνάγκῃ
442 1048 502 1085 τε
550 1030 903 1100 δαμαζόμενα
972 1030 1089 1083 οὐδὲ
1145 1030 1441 1101 βληχᾶσθαι
1491 1028 1551 1080 τὸ
1603 1027 1747 1080 ἐνδό-

169 1140 333 1194 σιμον
386 1122 500 1191 ἔχει
534 1136 548 1151 ·
608 1120 779 1185 οὕτως
836 1121 996 1184 αὐτὸς
1070 1120 1209 1174 ἑκὼν
1267 1123 1329 1175 ὲν
1381 1117 1460 1189 τῷ
1518 1118 1746 1189 πάσχειν

167 1209 486 1265 ἀπεσιώπα.

245 1301 355 1371 Τὴν
387 1299 698 1370 παράνομον
735 1298 830 1353 καὶ
859 1300 1041 1355 ἄδικον
1074 1299 1251 1370 κρίσιν
1280 1298 1451 1369 δηλοῖ,
1482 1297 1581 1367 τῆς
1611 1297 1746 1367 ἀλη-

167 1392 325 1455 θείας
349 1390 666 1463 κρυϐείσης.
694 1392 805 1462 Τὴν
834 1392 972 1461 μετά
998 1392 1095 1463 τὴν
1123 1391 1415 1444 ἀνάστασιν
1445 1390 1741 1463 γενομένην

167 1407 325 1455 υειας
349 1407 666 1463 κρυοεισης.
697 1407 727 1443 ἰ
740 1407 805 1462 ην
834 1407 972 1461 μετα
998 1407 1095 1463 την
1123 1407 1415 1444 αναστασιν
1445 1407 1741 1536 γενιηιενην

165 1481 350 1549 δόξαν,
382 1482 476 1535 καὶ
508 1482 605 1553 τὴν
631 1484 826 1553 ἐγγενῆ
852 1483 1015 1536 αὐτοῦ
1042 1482 1218 1547 ἀξίαν,
1248 1484 1315 1553 ἢν
1342 1486 1374 1555 ἡ
1404 1483 1510 1535 τῶν
1544 1490 1571 1536 ο
1598 1502 1747 1538 κονο-

171 1574 458 1647 μηθέντων
508 1575 751 1639 ὑπέδειξε
804 1578 990 1646 πεῖρα,
1038 1576 1121 1638 τίς
1171 1576 1322 1629 ἔσται
1374 1576 1559 1639 ἱκανὸς
1602 1575 1748 1647 λόγῳ

166 1668 409 1740 φράσαις
438 1666 599 1719 αὑτοῦ
634 1667 732 1736 μὲν
766 1666 979 1735 θανάτῳ
1019 1667 1487 1736 ὑποϐαλλομένου,
1530 1666 1745 1720 πάντων

163 1757 230 1811 δὲ
270 1759 350 1821 είς
398 1758 703 1828 ἀψθαρσίαν
732 1757 913 1830 χάριτι
960 1756 1123 1811 αὑτοῦ
1154 1758 1622 1827 ζωοποιουμένων,
1652 1757 1745 1811 καὶ

166 1851 358 1905 πίστει
392 1850 793 1922 λυτρουμένων.
828 1848 1028 1913 Διττῶς
1056 1850 1287 1901 νοεῖται·
1325 1846 1481 1902 τοῦτο
1516 1848 1632 1918 μὲν,
1661 1848 1742 1901 ὅτι
1773 1828 1818 1888 Β

165 1942 395 2013 ιδιησεν
424 1941 737 2011 ἀναγκαίως
760 1940 1014 2009 γενέσθαι
1045 1940 1143 2010 τὴν
1168 1939 1470 2010 παρουσίαν
1498 1938 1592 1992 τοῦ
1627 1941 1741 1991 Σω-

164 2036 337 2108 τῆρος
374 2036 460 2089 διά
494 2035 562 2087 τὰ
597 2034 838 2105 ἡμέτερα
881 2033 1316 2103 παρανομήματα
1338 2047 1349 2059 ·
1382 2033 1482 2084 οὐκ
1524 2030 1590 2085 ἂν
1635 2030 1744 2101 γάρ

168 2122 358 2195 χώραν
395 2124 551 2194 ἔσχεν
582 2124 616 2193 ἠ
648 2121 743 2175 τοῦ
784 2121 1030 2191 Σωτῆρος
1070 2120 1320 2191 ὲνδημία,
1355 2120 1513 2191 ἡμῶν
1568 2120 1641 2189 μὴ
1686 2121 1743 2172 ἐν

166 2214 537 2287 παρανομίαις
564 2211 955 2277 ὲξετασθέντων
981 2227 994 2241 ·
1034 2210 1192 2264 τοῦτο
1222 2212 1299 2275 δὲ,
1334 2212 1416 2264 ὅτι
1442 2211 1533 2262 ὑπ’
1566 2208 1744 2264 αὐτῶν

166 2304 283 2357 τῶν
310 2305 549 2374 ἀνομιῶν
580 2305 657 2366 είς
687 2303 777 2355 τὸν
813 2302 1038 2355 θάνατον
1066 2301 1227 2372 ῆχθη.

271 2397 408 2447 Οσον
433 2394 531 2465 μὲν
552 2388 687 2465 ἧκεν
718 2396 796 2456 είς
837 2392 1033 2463 ἑαυτὴν
1060 2393 1156 2462 τὴν
1177 2392 1357 2464 φωνὴν
1376 2392 1743 2459 ἀνεξετάστως

162 2484 608 2555 λαμϐανομένην,
637 2484 877 2554 κατάρας
910 2484 1003 2535 καὶ
1035 2484 1131 2534 οὐκ
1156 2481 1401 2551 εὐλογίας
1434 2479 1571 2535 εἶναι
1600 2483 1743 2537 δοκεῖ

163 2575 438 2646 ἔμφασιςο
492 2576 561 2646 ἢν
619 2575 677 2627 δέ
739 2591 822 2637 τις
868 2574 957 2625 τὸν
1005 2576 1424 2643 ὲναποκείμενον
1476 2572 1601 2626 νοῦν
1648 2576 1742 2627 άν-

167 2668 403 2739 ιχνεῦειν
456 2666 706 2737 ἐθελήσῃ.
753 2668 974 2736 εὑρήσει
1044 2666 1281 2732 πέλαγος
1334 2664 1741 2735 φιλανθρωπίας

164 2760 619 2830 ὲναποκείμενον·
656 2760 782 2822 τοὺς
832 2762 939 2830 γὰρ
988 2761 1255 2831 πονηροὺς
1306 2761 1399 2813 καὶ
1433 2761 1489 2811 ἐν
1528 2760 1739 2827 πλούτῳ

165 2851 468 2922 αὐχοῦντας
488 2853 580 2905 καὶ
601 2851 1150 2921 καταδεδικασμένους
1179 2850 1411 2921 Θανάτῳ,
1437 2852 1559 2903 ὅσον
1582 2845 1738 2921 ἧκεν,

167 2946 237 2997 ἐκ
288 2943 394 2995 τῶν
442 2944 624 3005 αὐτοῖς
672 2942 1045 3013 εἰργασμένων
1100 2944 1344 3013 ῥύσεται,
1394 2941 1737 3004 πιστεύοντας

166 3034 265 3086 καὶ⁵
309 3034 779 3103 παραδεχομένους
830 3034 920 3085 τὸν
950 3032 1175 3087 θάνατον
1224 3031 1317 3085 τοῦ
1368 3032 1636 3103 Σωτῆρος,
1683 3031 1741 3095 ὃς

167 3121 324 3176 ῐσται
375 3124 557 3184 αὐτοῖς
624 3121 1104 3193 ἀντικατάλλαγμα
1170 3121 1572 3193 καρπουμένοις
1622 3122 1741 3174 ἀντὶ

164 3214 349 3285 ταφῆς
372 3214 464 3267 καὶ
497 3212 725 3266 θανάτου
762 3212 904 3283 ζωὴν
928 3212 1141 3266 αἰώνιον
1170 3213 1263 3266 καὶ
1296 3210 1569 3283 ἄφθαρτον
1610 3211 1744 3265 ἀθα-

167 3306 381 3361 νασίαν.

245 3395 318 3448 Τὸ
374 3394 555 3448 ἄδικον
616 3392 969 3465 ὲμπαροινίαν
1018 3388 1115 3446 τοῦ
1163 3392 1406 3447 διαϐόλου
1454 3393 1622 3464 δηλοῖ,
1676 3392 1743 3463 ἢν

170 3486 268 3538 ἐπὶ
314 3485 406 3538 τοῦ
459 3486 713 3557 Σωτῆρος
750 3484 905 3555 ἡμῶν
944 3483 1282 3547 ἐπεδείξατοο
1320 3484 1587 3554 μηδεμιᾶς
1636 3481 1744 3554 γάρ

171 3578 445 3649 ἁμαρτίας
474 3559 787 3648 εὑρεθείσης
817 3580 874 3630 ὲν
906 3579 971 3647 τῇ
1006 3576 1144 3629 κατά
1180 3576 1354 3647 σάρκα
1387 3574 1551 3627 αὑτοῦ
1591 3574 1742 3626 πολι-

169 3670 313 3739 τείᾳ,
346 3668 457 3721 ἀλλ’
492 3669 869 3739 ἀναμαρτήτου
902 3668 1160 3738 μεινάσης
1188 3670 1286 3737 τῆς
1321 3667 1539 3737 σαρκὸς,
1574 3664 1745 3728 οὕτως

169 3760 249 3829 ὡς
284 3760 421 3814 κατὰ
454 3760 639 3829 ὲνόχου
668 3760 937 3831 ἁμαρτίας
966 3760 1261 3830 γενομένης
1295 3760 1469 3828 ἐπῆγε
1510 3758 1602 3812 τὸν
1651 3757 1745 3810 θά-

173 3868 355 3917 νατον,
386 3852 598 3914 δεικνὺς
644 3852 742 3922 τὴν
776 3849 969 3903 ἑαυτοῦ
1016 3850 1320 3919 ἀρχέκακον
1361 3849 1557 3901 κακίαν
1578 3865 1591 3878 ·
1626 3849 1741 3901 ἀνθ’

171 3936 250 3996 ὧν
308 3942 524 4012 εὔλογος
575 3944 839 4013 λύτρωσις
893 3942 1100 4009 γίνεται
1150 3944 1260 4004 τοῖς
1313 3941 1417 3993 ὑπὸ
1468 3941 1742 4011 ἁμαρτίαν

171 4034 486 4087 πίπτουσιν.

247 4128 455 4197 Ὠσπερ
499 4125 567 4179 τά
618 4128 748 4197 ἡμῖν
793 4124 1205 4198 χρεωστούμενα
1243 4124 1541 4194 παθήματα
1582 4124 1743 4188 αὐτὸς

170 4216 567 4288 ἀναδεξάμενος
610 4217 942 4289 ᾠκειώσατο,
977 4216 1117 4269 οὕτω
1160 4218 1253 4269 καὶ
1284 4216 1381 4286 τὴν
1412 4217 1477 4269 ὲκ
1510 4216 1743 4279 πίστεως

171 4309 464 4379 γινομένην
494 4311 624 4379 ἡμῖν
662 4308 929 4380 κάθαρσιν
962 4308 1121 4362 αὐτὸν
1150 4308 1391 4378 δεδέχθαι
1418 4308 1637 4376 φάσκει.
1674 4338 1745 4347 -

184 4396 449 4452 Ἐνταῦθα
475 4398 617 4451 δόσιν
642 4401 722 4475 ⁸οὐ
763 4401 861 4470 τὴν
894 4401 951 4451 ὲν
980 4399 1191 4461 θυσίαις
1234 4398 1449 4467 φάσκει,
1481 4396 1617 4450 ἀλλά
1645 4399 1743 4470 τὴν

1768 3174 1812 3234 C

1919 750 2085 805 Vens.
2118 752 2171 805 7.
2204 751 2414 818 Quanta
2438 754 2715 808 voluntate
2744 752 2993 811 Salvator
3024 758 3415 828 redemptionis

1847 857 1985 911 opus
2026 841 2349 912 perfecerit,
2407 842 2632 898 indicat.
2698 843 3161 910 Quemadmodum
3193 849 3312 903 ovis
3344 848 3414 902 ad

1848 933 2121 987 victimam
2152 934 2350 990 ductus
2371 974 2386 999 ,
2422 944 2515 989 aut
2552 951 2725 1006 agnus
2747 951 2933 991 coram
2964 939 3224 995 tondente
3243 941 3289 973 ”
3319 957 3388 996 ne

1847 1026 2106 1081 cessitate
2136 1027 2296 1091 victi,
2357 1028 2575 1083 balandi
2620 1030 2963 1086 occasionem
3011 1045 3121 1085 non
3172 1031 3411 1097 habent,

1848 1117 1921 1171 ita
1946 1118 2062 1188 ipse
2091 1117 2289 1173 mediis
2316 1118 2369 1172 in
2393 1120 2725 1175 cruciatibus
2759 1130 2951 1192 sponte
2984 1124 3127 1179 silet.

1922 1293 2089 1350 Vens.
2122 1295 2175 1351 8.
2209 1294 2456 1367 Iniquum
2488 1304 2542 1352 et
2587 1298 2851 1367 iujustum
2881 1301 2996 1356 fore
3018 1302 3285 1371 judicium
3317 1303 3413 1358 de-

1846 1386 2052 1451 clarat,
2099 1387 2329 1443 veritate
2374 1404 2655 1458 oppressa.
2697 1390 2937 1445 Gloriam
2989 1400 3111 1461 post
3159 1408 3412 1449 resurre-

1854 1478 2092 1533 ctionem
2120 1494 2151 1531 ιι
2177 1478 2395 1535 Christo
2415 1482 2663 1550 adeptam
2682 1520 2699 1546 ,
2731 1490 2785 1536 et
2818 1483 3055 1537 nativam
3085 1483 3204 1553 ejus
3232 1485 3412 1555 digni-

1845 1577 2049 1636 tatem,
2094 1588 2215 1641 quae
2242 1574 2296 1626 in
2342 1573 2725 1629 [incarnatione
2762 1573 2995 1637 eﬂ'ulsit,
3042 1576 3166 1645 quis
3212 1580 3413 1647 poterit

1846 1675 2097 1715 sermone
2128 1664 2453 1733 complecti?
2489 1663 2701 1736 Quippe
2731 1668 2824 1735 qui
2844 1706 2858 1730 ,
2888 1676 3064 1723 morte
3088 1684 3407 1739 oppressus,

1846 1753 2100 1809 omnibus
2128 1755 2302 1825 gratia
2341 1770 2438 1809 sua
2469 1756 2639 1812 vitam
2683 1760 3041 1814 immortalem
3087 1760 3319 1829 largitur
3357 1778 3408 1816 e.

1846 1844 2095 1901 salutem.
2141 1844 2352 1917 Duplici
2382 1848 2450 1901 de
2491 1863 2657 1905 causa
2689 1848 2799 1903 haec
2830 1850 3087 1905 dicuntur
3120 1871 3132 1905 :
3166 1850 3409 1908 Primum

1847 1936 2067 2005 quidem
2098 1938 2226 2008 quia
2252 1947 2475 2008 propter
2498 1950 2717 2010 peccata
2747 1949 2935 1996 nostra
2966 1941 3248 1999 Salvatore
3276 1944 3413 1999 indi-

1850 2044 2038 2098 gemus
2063 2069 2078 2093 ,
2114 2043 2215 2085 nec
2247 2028 2442 2085 luisset
2474 2047 2573 2086 cur
2596 2033 2804 2087 veniret
2831 2033 3103 2100 Salvator,
3136 2034 3244 2091 nisi
3276 2050 3411 2106 pec-

1848 2121 1984 2175 catis
2010 2120 2307 2177 fuissemus
2327 2123 2538 2188 obruti;
2568 2124 2763 2180 deinde
2789 2125 2918 2196 quia
2952 2126 3022 2181 ab
3044 2126 3180 2199 ipsis
3206 2128 3411 2199 iniqui-

1848 2211 2053 2267 tatibus
2083 2213 2151 2267 ad
2177 2222 2403 2269 mortem
2434 2214 2636 2271 ductus
2659 2225 2785 2286 est.,

1920 2388 2086 2445 Vsus.
2116 2391 2169 2445 9.
2224 2390 2354 2458 Quae
2401 2392 2468 2447 ad
2518 2396 2743 2451 verbum
2809 2399 3218 2457 inconsiderate
3265 2404 3413 2459 acci-

1846 2483 2014 2551 pienti
2070 2485 2485 2542 maledictiones
2530 2502 2654 2543 esse
2700 2488 3047 2556 videbuntur,
3098 2508 3207 2548 non
3247 2494 3413 2550 benea

1844 2575 2128 2632 dictiones.
2154 2576 2312 2644 Quod
2335 2578 2382 2632 si
2403 2594 2531 2634 vero
2552 2582 2807 2636 latentem
2830 2592 3065 2639 mentem
3087 2587 3413 2658 investigare

1845 2670 2119 2735 volueris,
2176 2673 2418 2742 reperies
2468 2672 2522 2725 in
2574 2673 2677 2727 hoc
2719 2687 2973 2731 sermone
3020 2678 3413 2735 misericordia!

1844 2776 2130 2815 oceanum.
2171 2762 2305 2816 Nam
2344 2754 2612 2835 pessimos
2650 2774 2704 2820 et
2744 2765 2949 2822 divitiis
2982 2762 3313 2839 gloriantes,
3344 2787 3412 2827 ac

1845 2860 2018 2907 morte
2048 2853 2333 2909 damnatos
2358 2896 2372 2920 ,
2407 2866 2669 2926 quantum
2706 2857 2760 2911 in
2790 2872 2853 2912 eo
2887 2859 3025 2922 erit,
3056 2861 3123 2915 ab
3150 2864 3411 2931 Operibus

1846 2960 2038 3000 eorum
2096 2948 2384 3011 liberabit,
2416 2951 2711 3005 dummodo
2758 2953 2811 3004 in
2853 2952 3031 3021 ipsum
3064 2955 3411 3020 credant,-et

1849 3037 2149 3093 Salvatoris
2174 3046 2401 3094 mortem
2424 3040 2719 3111 excipiant,
2749 3059 2870 3113 quae
2896 3046 3005 3101 illis
3028 3049 3248 3115 praemio
3270 3050 3373 3104 erit
3394 3068 3407 3115 ;

1847 3147 1946 3201 pro
1979 3133 2258 3203 sepultura
2296 3148 2360 3188 ac
2406 3143 2583 3189 morte
2616 3138 2786 3191 vitam
2836 3147 3097 3195 atternam
3128 3149 3182 3196 et
3226 3143 3408 3197 incoc-

1845 3225 2157 3294 ruptibilem
2189 3226 2655 3283 immortalitatem
2688 3229 2970 3300 largietur.

1913 3400 2121 3459 Iudicat
2184 3403 2274 3458 hic
2344 3418 2505 3473 quam
2577 3407 2967 3465 contumeliose
3045 3410 3291 3469 diabolus
3353 3433 3408 3469 in

1846 3492 2176 3550 Salvatorem
2232 3496 2596 3554 debacchatus
2656 3499 2746 3553 sit.
2803 3498 2971 3563 Nam,
3029 3501 3157 3557 licet
3199 3508 3406 3562 nullum

1844 3596 2117 3656 repertum
2151 3588 2223 3644 sit
2253 3592 2306 3643 in
2330 3593 2537 3645 carnali
2564 3593 2683 3659 ejus
2717 3595 2824 3646 vita
2853 3605 3157 3663 peccatum,
3189 3607 3244 3653 et
3271 3616 3406 3669 pura

1843 3682 2199 3735 remansisset
2226 3682 2347 3751 ejus
2392 3698 2519 3736 caro
2556 3694 2717 3753 atque
2766 3687 3010 3755 integra,
3046 3688 3292 3745 diabolus
3321 3702 3408 3744 ta-

1843 3788 1965 3827 men
2002 3789 2124 3827 eum
2147 3814 2161 3837 ,
2200 3776 2347 3828 velut
2380 3784 2719 3845 peccatorem
2746 3820 2759 3842 ,
2794 3788 2968 3833 morte
3006 3779 3218 3846 aﬂ‘ecit,
3253 3799 3406 3837 sum-

1843 3882 1985 3919 mam
2037 3882 2190 3920 suam
2221 3870 2514 3935 nequitiam
2564 3870 2869 3923 declarans.
2909 3870 3025 3936 Qua
3069 3874 3277 3929 ratione
3320 3875 3409 3942 ju-

1843 3972 1966 4028 gum
1996 3958 2226 4014 feliciter
2255 3962 2490 4014 solutum
2522 3970 2605 4016 cst
2637 3974 2859 4031 peccato
2894 3965 3339 4021 inservientibus.

1914 4138 2079 4193 Vens.
2116 4139 2203 4192 10.
2246 4139 2315 4193 Ut
2342 4140 2562 4195 meritas
2592 4141 2751 4195 nobis
2790 4157 2983 4211 ptenas
3014 4142 3118 4197 iste
3154 4143 3407 4201 Christus

1844 4233 2151 4303 suscipiens
2178 4248 2275 4304 pro
2306 4234 2465 4288 nobis
2499 4235 2741 4304 pertulit,
2775 4236 2847 4288 ita
2882 4235 3082 4290 dicitur
3106 4246 3159 4291 et
3190 4240 3407 4292 mundi-

1843 4326 1973 4378 tiam
1996 4364 2009 4388 ,
2046 4322 2206 4380 nobis
2236 4340 2332 4394 per
2363 4324 2520 4379 ﬁdem
2560 4326 2803 4394 adeptam
2826 4366 2839 4388 ,
2879 4326 2985 4381 Deo
3020 4329 3404 4397 acceptabilem

1846 4415 1979 4469 fore.
2010 4445 2081 4456 —
2110 4414 2209 4471 Hic
2237 4416 2353 4470 dari
2386 4416 2489 4470 sibi
2520 4414 2675 4485 jubet
2712 4432 2817 4471 non
2845 4418 3092 4471 victimas
3114 4458 3127 4480 ,
3166 4419 3261 4473 sed
3288 4421 3406 4473 cul-

174 4491 278 4541 σὺν
319 4488 566 4560 αἰσθήσει
616 4492 707 4542 καὶ
748 4491 1003 4561 μετανοίᾳ
1028 4509 1040 4520 ·
1075 4491 1142 4559 ἣν
1172 4494 1229 4543 ὲν
1278 4492 1398 4551 ταῖς
1446 4490 1739 4559 ἁμαρτίαις

1848 4517 1959 4559 tum
1988 4508 2156 4560 animi
2183 4509 2387 4562 conscii
2429 4516 2483 4561 et
2527 4508 2785 4571 contriti,
2817 4519 2924 4577 quo
2958 4520 3275 4579 peccatores
3297 4528 3405 4565 non

171 4580 506 4650 ποιούμενοι,
561 4580 702 4633 ίασιν
746 4582 989 4653 ἐδέχοντο
1032 4581 1284 4651 ψυχικὴν,
1339 4582 1398 4633 οὐ
1450 4582 1606 4650 μόνον
1643 4581 1739 4651 τὴν

1845 4613 2162 4667 corpoream
2192 4608 2399 4652 tantum
2426 4598 2611 4662 vitam,
2640 4600 2732 4653 sed
2754 4608 2807 4653 et
2832 4600 3170 4669 spiritualem
3202 4604 3408 4657 sanita—

170 4671 407 4726 ἰνταῦθα
437 4670 579 4741 ζωὴν
609 4673 818 4735 ἑαυτοῖς
848 4672 1374 4743 πραγματευόμενοι.

258 4761 472 4832 Ἐπειδὴ
502 4762 581 4814 ἔτι
610 4762 799 4832 κέρδος
844 4766 1044 4817 οἰκεῖον
1088 4767 1116 4816 ό
1160 4762 1453 4833 μονογενὴς
1494 4762 1620 4823 Υἱὸς
1647 4762 1739 4814 τοῦ

169 4851 310 4907 Θεοῦ
361 4852 567 4905 τίθεται
611 4851 711 4922 τὴν
759 4852 1033 4923 ἡμετέραν
1085 4854 1379 4923 σωτηρίαν,
1425 4851 1611 4921 διόπερ
1651 4854 1742 4903 καὶ

173 4944 336 5013 σῶμα
367 4942 616 5007 ἀνέλαϐε,
671 4944 765 4995 καὶ
816 4943 885 4995 τὰ
923 4943 1065 5015 ὑπὲρ
1127 4944 1281 5014 ήμῶν
1305 4943 1508 5013 ὑπέστη
1546 4942 1689 5004 πάθη
1725 4958 1737 4971 ο

173 5033 486 5100 ἀναγκαίως
525 5033 618 5085 καὶ
670 5034 827 5086 πόνον
865 5034 1028 5087 αὐτοῦ
1082 5032 1425 5103 ἀφαιρεῖσθαι
1473 5032 1667 5100 φάικει
1715 5034 1743 5084 ὁ

174 5124 338 5179 αὑτοῦ
369 5122 555 5191 Πατὴρ
598 5122 695 5192 τὴν
729 5123 1003 5193 ἡμετέραν
1036 5123 1179 5175 ἴασίν
1225 5140 1282 5174 τε
1318 5123 1408 5175 καὶ
1444 5122 1703 5193 κάθαρσιν
1724 5136 1737 5150 ·

175 5214 272 5267 καὶ
307 5213 418 5281 φῶς
462 5212 609 5281 αὺτῷ
641 5212 809 5276 δείξαι
855 5213 945 5264 τὸν
986 5214 1249 5283 ἡμέτερον
1294 5212 1591 5280 φωτισμέιν,
1622 5210 1741 5263 καθ’

172 5306 234 5357 ὃν
283 5305 735 5375 κατηυγαζόμεθα
766 5306 898 5374 πρὸς
928 5304 1255 5373 θεογνωσίαν
1303 5305 1395 5356 καὶ
1428 5303 1740 5371 ἐπίγνωσιν,

171 5396 549 5468 ἀμειϐομένων
596 5396 701 5450 τῶν
748 5395 892 5467 ἠθῶν
940 5398 1031 5449 ἐπὶ
1071 5396 1131 5449 τὸ
1171 5396 1395 5465 βέλτιον,
1447 5397 1539 5449 καὶ
1586 5412 1742 5465 μετα-

173 5490 557 5558 πλαττομένων
601 5490 664 5557 τῇ
715 5488 806 5540 τοῦ
836 5486 971 5542 Θεοῦ
1013 5487 1241 5541 συνέσει.
1280 5486 1386 5539 Τοῦ
1426 5485 1743 5556 μονογενοῦς

173 5578 309 5635 Υίοῦ
326 5579 418 5631 τοῦ
447 5577 578 5630 Θεοῦ
604 5578 720 5631 κατ’
747 5578 963 5647 ἐντολὴν
992 5578 1259 5649 πατρικὴν
1285 5580 1459 5633 πάντα
1486 5578 1743 5649 πράττον-

248 5780 293 5813 ¹⁸
320 5776 421 5834 lsa.
457 5792 573 5835 ιιιι.
608 5778 659 5830 7.

1844 4697 1951 4743 tem
1980 4698 2456 4756 consequerentur.

1915 4779 2078 4834 Vens.
2113 4782 2195 4835 ll.
2227 4780 2360 4835 Cum
2390 4781 2619 4834 salutem
2649 4790 2888 4835 nostram
2926 4798 3065 4837 onus
3098 4800 3219 4839 esse
3243 4800 3405 4838 suum

1843 4872 2174 4940 reputaverit
2205 4870 2518 4940 unigenitus
2568 4869 2662 4925 Dei
2713 4868 2884 4925 Filius
2905 4912 2918 4933 ,
2952 4879 3006 4924 et
3036 4871 3157 4924 ideo
3184 4887 3405 4926 carnem

1844 4962 2149 5029 susceperit
2196 4976 2258 5013 ac
2307 4976 2404 5030 pro
2455 4960 2612 5014 nobis
2667 4961 2739 5014 sit
2790 4977 3024 5029 passus.
3073 4970 3219 5017 recte
3271 4963 3408 5016 dicit

1842 5053 2003 5108 Pater
2027 5069 2085 5108 se
2113 5054 2225 5106 nati
2255 5053 2469 5107 dolores
2500 5051 2733 5116 auferre,
2766 5068 2869 5107 nos
2888 5054 3130 5107 sanando
3162 5063 3215 5108 et
3249 5069 3408 5106 mun-

1843 5145 2056 5210 dando;
2094 5144 2278 5213 adjicit
2310 5160 2366 5197 se
2396 5143 2683 5196 ostendere
2715 5146 2762 5195 ei
2792 5145 2989 5205 lucem,
3018 5144 3163 5195 illam
3197 5144 3405 5197 scilicet

1843 5253 1947 5305 qua
1984 5238 2272 5290 illuminati
2322 5236 2386 5288 ad
2439 5237 2719 5289 scientiam
2762 5245 2813 5288 et
2861 5235 3267 5303 intelligentiam
3312 5233 3401 5287 Dei

1845 5329 2203 5389 illustramur,
2251 5330 2491 5380 moribus
2524 5328 2577 5379 in
2627 5328 2819 5380 tuclius
2853 5340 3128 5379 conversis
3168 5334 3219 5377 ct
3248 5324 3398 5391 juxta

1842 5416 1938 5473 Dei
1968 5430 2236 5488 praecepta
2271 5419 2597 5473 informatis.
2647 5417 2935 5487 Unigenito
2966 5417 3053 5469 Dei
3086 5414 3245 5477 Filio,
3278 5430 3403 5470 cum

1844 5506 2019 5560 Patris
2054 5507 2307 5561 mandata
2356 5507 2679 5577 perﬁcienda
2724 5514 2940 5569 essent,
2984 5514 3037 5560 et
3064 5507 3244 5559 omnis
3284 5506 3404 5569 ejus

1846 5613 1996 5652 mens
2033 5598 2258 5652 ﬁdeliter
2292 5598 2559 5667 implenda
2582 5639 2595 5662 ,
2629 5614 2848 5653 necesse
2891 5607 3003 5653 erat
3052 5606 3105 5649 ut
3157 5597 3405 5649 Salvam-
