4044 6324
1778 369 2123 451 rnsooont
2160 367 2680 429 amamus

621 495 835 551 mantili
862 510 921 552 ae
948 496 1224 564 cingeret,
1266 498 1323 547 et
1364 504 1561 562 aquat-
1592 487 1905 545 infundent
1934 489 1992 543 in
2022 485 2191 541 label-

2302 502 2403 549 ιος,
2453 485 2550 546 καὶ
2604 489 2673 557 τῇ
2712 487 2928 557 ὑπακοῇ
2984 484 3318 557 πληροῦντας
3384 487 3567 542 πᾶσαν
3636 486 3877 545 ἔννοιαν,

625 588 776 652 lum,
818 595 1122 657 cunctaque
1172 598 1455 640 servorum
1508 597 1739 639 munera
1786 581 2012 637 subiret.
2059 580 2193 645 Qua

622 678 809 734 omnia
855 676 1026 733 Filius
1065 675 1249 733 studio
1298 676 1590 747 praestitit,
1639 675 1824 730 cibum
1864 688 2026 729 suum
2072 686 2195 728 esse

624 786 899 829 asserens.
936 779 995 823 ut
1025 769 1188 824 faciat
1216 768 1549 823 voluntatem
1575 765 1755 822 Patria
1776 766 1843 823 ⁸⁸.

699 1036 864 1094 Vna.
898 1038 984 1093 12.
1027 1037 1314 1093 Possessio
1348 1035 1469 1091 Filii
1495 1044 1762 1091 vocantur
1797 1034 2112 1107 quicunque
2138 1034 2194 1089 in

625 1146 749 1188 eum
778 1131 1039 1198 credunt,
1087 1146 1187 1185 nec
1222 1130 1492 1184 immerito
1534 1128 1754 1185 eosdem
1803 1135 1961 1183 antea
1996 1128 2193 1182 diaboli

627 1226 802 1294 spolia
846 1224 1019 1279 fuisse
1068 1223 1297 1277 dixeris.
1341 1222 1476 1276 Cum
1526 1222 1843 1292 unigenitus
1892 1219 1985 1275 Dei
2022 1219 2196 1292 Filius

626 1316 862 1371 mirabili
896 1316 1273 1371 incarnatione
1304 1330 1403 1369 sua
1432 1330 1628 1370 omnes
1661 1312 1727 1367 ad
1774 1312 1952 1367 Patria
1991 1320 2045 1368 et
2072 1311 2193 1366 Filii

628 1411 955 1480 agnitionem
1020 1408 1345 1472 deduxerit,
1398 1408 1465 1461 ab
1515 1408 1800 1463 erroribus
1855 1415 1909 1461 et
1966 1406 2197 1477 imperio

626 1499 825 1554 diaboli
852 1501 1112 1555 liberatos
1135 1539 1150 1564 ,
1181 1515 1343 1566 quem
1379 1498 1570 1553 fortem
1602 1514 1725 1554 esse
1762 1506 2015 1553 errantes
2044 1498 2197 1569 prius

629 1592 1057 1653 existimabant.
1104 1600 1253 1646 recte
1281 1607 1383 1646 nos
1434 1593 1504 1646 ab
1535 1606 1601 1646 eo
1648 1591 1920 1660 possideri
1962 1590 2199 1644 dicimur

629 1686 923 1755 participes
960 1686 1081 1754 ejus
1108 1685 1283 1739 eﬂecti
1308 1725 1323 1749 ,
1358 1686 1591 1754 spoliato
1622 1683 1860 1751 diabolo,
1901 1685 1990 1737 cui
2023 1684 2199 1738 inser.

630 1780 743 1834 vire
771 1778 1110 1834 videbamur.

700 1935 830 1991 Car.
866 1934 1002 1998 LIV,
1037 1933 1199 1990 Vens.
1240 1936 1289 1990 l.
1341 1935 1471 2001 Qua:
1498 1952 1594 2006 per
1626 1951 1944 2008 anagogtam
1972 1936 2041 1992 de
2083 1937 2198 1991 sin-

630 2028 769 2097 gulis
792 2029 989 2082 animis
1036 2030 1217 2083 valent
1258 2030 1342 2083 sui
1375 2029 1706 2094 incuriosis;
1737 2029 2041 2099 presertim
2070 2044 2198 2084 vero

630 2120 698 2173 de
731 2122 1010 2175 vocatione
1036 2122 1274 2190 gentium
1319 2137 1439 2192 qua:
1462 2162 1477 2185 ,
1530 2120 1812 2176 Sairatore
1841 2120 2161 2176 adveniente
2181 2162 2197 2187 ,

632 2213 889 2279 augenda:
917 2221 968 2267 et
1001 2214 1430 2283 inultiplicandae
1460 2223 1643 2271 erant.

703 2303 866 2359 Vsus.
896 2306 951 2359 2.
990 2303 1117 2369 Qua:
1148 2305 1365 2373 quidem
1400 2306 1467 2359 ad
1504 2307 1676 2374 ipsam
1719 2303 2019 2360 Jerusalem
2060 2304 2198 2359 refe-

631 2394 835 2459 renda,
883 2404 1004 2465 post
1048 2396 1413 2463 captivitatem
1466 2397 1803 2467 augendam;
1841 2398 2041 2454 rectius
2070 2413 2199 2454 vero

632 2487 699 2541 ad
751 2487 898 2557 ipsas
948 2488 1211 2542 ecclesias
1265 2489 1513 2557 quotidie
1556 2480 1827 2545 dilatatas'
1856 2497 1911 2544 et
1969 2489 2172 2561 ampliti

630 2587 804 2641 catas.
850 2580 1235 2635 accedentibus
1259 2595 1615 2652 quoscunque
1644 2582 1817 2651 gratia
1848 2580 1943 2637 Dei
1987 2597 2185 2652 pet-mo

628 2672 804 2733 verit;
858 2672 1123 2741 intelliges
1167 2672 1333 2726 etiam
1392 2688 1455 2727 ea
1518 2672 1587 2727 de
1643 2687 1970 2745 quacunque
2019 2674 2198 2729 anima

632 2763 845 2832 egregie
873 2762 1125 2816 mandata
1154 2762 1243 2817 Dei
1276 2763 1607 2834 perﬁciente.

704 2943 871 3001 Vsns.
904 2947 957 3003 '5.
1002 2946 1267 3017 Loquitur
1302 2948 1392 3003 bic
1423 2962 1588 3005 sensu
1632 2949 1933 3021 anagogico
1972 2948 2043 3005 de
2074 2964 2202 3020 gen-

634 3039 811 3103 tibus,
857 3040 925 3094 ab
958 3040 1126 3095 Israel
1168 3055 1279 3095 non
1310 3048 1368 3095 ut
1400 3050 1625 3112 pereant
1662 3042 1882 3113 quidem
1914 3042 2203 3112 possiden-

2294 575 2585 631 ἀκόλουθον
2622 578 2718 630 καὶ
2759 576 2821 630 τὺ
2857 578 3217 649 περιεζῶσθαι
3246 578 3453 633 λέντιον
3482 579 3573 633 τδν
3606 579 3879 651 Σωτῆρα.

2294 668 2387 721 καὶ
2437 666 2580 736 ὕδωρ
2628 667 2810 738 βαλεῖν
2864 671 2944 733 εἰς
2986 670 3080 723 τὸν
3130 671 3404 742 νιπτῆρα,
3448 670 3543 724 καὶ
3587 671 3685 743 τὴν
3730 671 3883 743 πρὸς

2296 758 2472 811 πάντα
2504 757 2748 813 δουλείαν
2781 758 3174 824 ἀναδέξασθαι·
3200 755 3281 827 οἷς
3308 762 3443 817 πᾶσι
3466 761 3785 833 γενομένοις
3812 764 3882 816 ἑκ

2296 849 2603 920 προθυμίας
2650 850 2861 916 παιδος,
2910 849 3114 923 βρῶσιν
3166 851 3222 906 δι
3267 852 3611 924 λογιζομένου
3659 854 3881 925 ὑπηρε-

2293 941 2504 996 τεῖσθαι
2528 945 2642 1007 τοῖς
2671 941 2765 997 τοῦ
2790 942 3005 1014 Πατρδς
3034 942 3323 1014 θελήμασι.

2363 1036 2711 1110 κληρονομία
2749 1035 2880 1089 Υἰοῦ
2915 1035 3162 1105 λέγονται
3196 1036 3395 1102 πάντες
3422 1040 3473 1092 οἰ
3512 1039 3879 1103 πιστεύοντες

2294 1130 2375 1191 εἰς
2409 1128 2589 1191 αὐτὸν,
2619 1128 2809 1199 ῶσπερ
2835 1127 2929 1181 καί⁸
2953 1126 3386 1198 προγεγενῆσθαι
3416 1129 3587 1184 σκῦλα
3618 1128 3875 1194 δικαίως.

2295 1214 2359 1268 ἄν
2391 1232 2476 1279 τις
2504 1216 2646 1269 εἴποι
2671 1215 2766 1269 τοῦ
2803 1215 3080 1269 διαϐόλου.
3131 1215 3345 1287 Ἐπειδὴ
3378 1218 3553 1272 τοίνυν
3578 1222 3611 1276 ό
3642 1237 3879 1291 μονογε-

2296 1307 2391 1378 νὴς
2424 1306 2552 1369 Υἱὸς
2589 1306 2683 1359 τοῦ
2720 1306 2854 1359 Θεοῦ
2890 1309 2954 1377 τῇ
3004 1306 3291 1378 θαυμαστῇ
3337 1311 3618 1383 οἰκονομία
3659 1315 3883 1376 πάντας

2294 1397 2607 1468 ᾠκειώσατο
2639 1400 2720 1462 εἰς
2744 1399 2845 1471 τὴν
2872 1398 3086 1471 Πατρδς
3108 1402 3203 1453 καὶ
3227 1399 3355 1454 Υἰοῦ
3376 1402 3595 1470 γνῶσιν,
3627 1405 3884 1458 ἀποσπά-

2299 1508 2397 1554 σας
2426 1490 2524 1560 τῆς
2555 1490 2762 1562 πλάνης
2787 1492 2879 1543 καὶ
2906 1492 3005 1562 τῆς
3029 1492 3339 1562 τυραννίδος
3368 1493 3462 1545 τοῦ
3490 1494 3745 1550 διαϐόλου
3772 1538 3790 1559 ,
3820 1495 3883 1548 δν

2301 1582 2519 1653 ἰσχυρὸν
2546 1582 2777 1652 ἡγοῦντο
2805 1577 2943 1634 εἶναι
2975 1584 3025 1634 οἰ
3050 1581 3111 1635 τὸ
3140 1582 3270 1652 πρὶν
3295 1582 3634 1655 πλανώμενοι
3652 1603 3667 1617 ’
3703 1587 3885 1655 ἀναγ-

2298 1673 2467 1736 καίως
2500 1674 2723 1736 τούτους
2754 1673 3258 1745 κεκληρονομῆσθαι
3290 1674 3487 1742 φάσκει
3532 1677 3729 1747 μερίδα
3779 1680 3884 1733 αὐ-

2299 1764 2391 1817 τοῦ
2425 1765 2774 1834 γεγενῆσθαι,
2823 1764 3207 1829 σκυλευθέντος
3237 1765 3329 1819 τοῦ
3356 1766 3642 1831 δοκοῦντος
3674 1769 3885 1833 αὐτοὺς

2301 1858 2521 1925 κρατεῖν
2547 1854 2814 1909 διαϐόλου.

2368 1944 2554 1998 Ταῦτα
2601 1946 2743 1999 κατὰ
2795 1948 3085 2018 ἀναγωγην
3137 1948 3231 2001 καὶ
3280 1951 3362 2013 εἰς
3412 1950 3653 2021 ἑκάστην
3691 1951 3883 2023 ψυχὴν

2298 2035 2616 2107 ὲκληπτέον,
2646 2036 2999 2108 ἀμελήσασαν
3027 2040 3258 2111 ἑαυτῆς·
3284 2041 3345 2093 οὐ
3371 2039 3478 2111 μὴν
3506 2040 3642 2095 ἀλλά
3672 2042 3774 2095 καὶ
3799 2045 3881 2105 εἰς

2298 2126 2395 2196 τὴν
2424 2127 2613 2197 κλῆσιν
2640 2127 2749 2181 τῶν
2778 2128 2947 2182 ἐθνῶν
2974 2128 3317 2200 αὐξηθέντων
3345 2134 3442 2185 καὶ
3472 2132 3880 2204 πληρωθέντων

2298 2222 2405 2275 ἀπὸ
2436 2223 2533 2293 τῆς
2558 2222 2651 2275 τοῦ
2681 2223 2929 2294 Σωτῆρος
2957 2226 3259 2295 παρουσίας

2370 2313 2478 2367 Καὶ
2505 2312 2677 2368 ταῦτα
2705 2315 2792 2366 ἐπ’
2828 2315 2997 2386 αὐτῆς
3023 2316 3121 2385 τῆς
3160 2316 3511 2389 Ἰερουσαλὴμ
3536 2318 3843 2390 ἔκληπτόον
3860 2359 3880 2385 ,

2300 2403 2602 2475 αὐξομένης
2652 2405 2799 2476 μετά
2848 2407 2949 2477 τὴν
2990 2408 3394 2476 αἰχμαλωσίανο
3443 2408 3786 2481 κυριώτερον
3820 2410 3879 2464 δὶ

2300 2494 2383 2548 ἐπ’
2411 2495 2588 2552 αὐτῶν
2614 2496 2723 2550 τῶν
2760 2496 3094 2567 Ἑκκλησιῶν
3131 2500 3404 2570 ὁσημέραι
3452 2500 3880 2572 πλατυνομὲνων

2299 2588 2392 2641 καὶ
2417 2586 2657 2641 ἐπίδοσιν
2696 2589 3089 2660 λαμϐανουσῶν
3142 2590 3231 2644 διὰ
3282 2591 3391 2643 τῶν
3430 2591 3879 2663 προστιθεμένων

2298 2680 2364 2748 τῇ
2408 2678 2589 2749 χάριτι
2660 2677 2755 2731 τοῦ
2824 2678 2991 2731 Θεοῦ·
3068 2682 3265 2732 νοεῖται
3325 2679 3383 2731 δὲ
3451 2680 3547 2733 καὶ
3614 2680 3691 2743 εἰς
3745 2681 3879 2733 ἑκά-

2301 2782 2433 2838 στην
2475 2769 2651 2839 ψυχὴν
2691 2770 3050 2824 συντελοῦσαν
3098 2772 3178 2834 είς
3221 2789 3271 2824 τι
3316 2770 3426 2825 τῶν
3470 2771 3571 2842 τῆς
3612 2772 3877 2843 ἀληθείας

2300 2860 2500 2915 καλῶν.

2370 2954 2533 3022 Λέγει
2560 2953 2618 3007 δὲ
2645 2954 2739 3007 καὶ
2768 2952 2908 3007 κατά
2945 2953 3234 3025 ἀναγωγὴν
3264 2955 3390 3026 τερί
3413 2954 3522 3008 τῶν
3558 2954 3733 3008 ἐθνῶν
3765 2952 3878 3008 τῶν

2307 3043 2609 3115 μελλόντων
2651 3042 2726 3113 μὴ
2765 3044 2844 3107 εἰς
2893 3042 3123 3097 θάνατον
3154 3043 3604 3121 κληρονομεῖσθαι
3648 3044 3745 3098 ὑπ’
3784 3044 3877 3098 αὑ-

634 3132 743 3197 dis,
778 3132 872 3186 sed
907 3140 964 3185 ut
995 3148 1100 3186 una
1135 3131 1237 3188 fide
1267 3133 1556 3190 credentes
1584 3148 1708 3188 cum
1744 3133 1867 3204 ipso
1897 3133 2199 3191 salventur.

2304 3136 2434 3203 τῶν,
2480 3136 2597 3190 ἀλλ’
2661 3137 2741 3199 εἰς
2810 3136 3158 3208 περιποίησιν
3215 3136 3310 3190 καὶ
3382 3124 3658 3207 σωτηρίαν
3716 3138 3873 3207 κοινῇ

713 3310 875 3366 Vens.
910 3312 959 3364 7.
997 3313 1207 3365 Cuncta
1270 3327 1330 3367 se
1375 3313 1517 3367 mala
1558 3314 1820 3369 oblivioni
1868 3314 2198 3369 traditurum

637 3406 859 3461 indicat.
899 3406 989 3460 Sic
1026 3406 1172 3460 enim
1222 3406 1399 3476 inquit
1436 3425 1448 3460 :
1486 3405 1818 3462 (londouabo
1845 3408 2202 3478 negiigentias

638 3506 781 3556 tuas.
806 3506 865 3550 ut
890 3502 998 3566 jam
1022 3512 1129 3549 non
1150 3497 1383 3566 amplius
1414 3496 1511 3549 tibi
1543 3511 1727 3550 earum
1759 3498 2077 3553 memoriam
2106 3513 2169 3552 ex

639 3590 912 3656 probrem,
968 3586 1111 3656 quod
1170 3586 1347 3641 facere
1383 3587 1558 3642 solent
1586 3588 1678 3657 qui
1720 3588 1903 3657 lapsas
1946 3588 2203 3645 mulieres

639 3677 703 3728 ad
734 3684 945 3747 tempus
980 3677 1253 3744 rejiciunt.

712 3766 873 3822 Vsus.
899 3769 983 3821 tl.
1016 3767 1417 3821 Inclementiam
1446 3768 1533 3822 hic
1554 3768 2201 3825 declaratChaldaaorum.

638 3859 848 3928 Quippe
886 3860 1000 3928 qui,
1027 3874 1224 3913 munus
1254 3874 1377 3911 cum
1415 3860 1754 3927 accepissent
1787 3874 1817 3911 a
1853 3858 1961 3912 Deo
1988 3860 2205 3914 lsraeli-

638 3957 720 4003 tas
756 3960 972 4018 propter
1023 3954 1244 4017 peccata
1300 3948 1592 4015 puniente,
1642 3962 1737 4001 sua
1772 3948 1933 4001 etiam
1982 3948 2205 4005 ιιυίᾱὶηο

638 4043 912 4108 graviores
966 4043 1021 4095 in
1074 4056 1168 4094 eos
1217 4054 1407 4109 pmnas
1444 4040 1887 4109 excogitaverunt
1939 4048 1993 4095 et
2030 4042 2206 4095 inten-

638 4135 855 4188 derunt.

716 4224 874 4278 Vens.
908 4225 989 4277 l7.
1022 4223 1105 4276 Nil
1126 4223 1467 4293 profecturos
1497 4223 1736 4279 hostium
1769 4224 2023 4278 incursus
2048 4222 2202 4288 dicit,

638 4316 757 4385 ipso
796 4314 1088 4367 Jerusalem
1120 4324 1465 4383 protegente;
1497 4329 1605 4367 non
1643 4313 1789 4368 enim
1813 4314 2013 4369 valebit
2044 4328 2205 4367 omne

638 4421 735 4459 vas
768 4407 963 4458 hostile
994 4406 1045 4458 in
1081 4421 1211 4470 vos;
1248 4405 1559 4474 vosmetipsi
1594 4404 1943 4475 superabitis.

712 4583 838 4636 CAP.
874 4580 983 4645 LV,
1021 4582 1186 4636 Vens.
1220 4584 1273 4636 2.
1322 4582 1551 4638 Paratus
1586 4594 1670 4639 est
1701 4585 1965 4643 Dominus
1995 4588 2065 4643 ad
2104 4588 2205 4644 du-

644 4676 846 4729 cendos
875 4676 1143 4737 homines,
1182 4676 1247 4729 ad
1282 4692 1374 4731 eos
1398 4677 1552 4732 bonis
1582 4677 1864 4736 donandos
1895 4684 2206 4737 misericors

646 4768 820 4833 Deus;
868 4784 967 4821 nec
1007 4768 1148 4820 dona
1206 4772 1535 4839 temporaria
1588 4772 1747 4827 modo
1800 4774 1888 4828 hic
1937 4790 1996 4829 se
2048 4777 2207 4829 nobis

644 4859 963 4926 largiturum
1022 4860 1343 4923 annuntiat,
1402 4861 1493 4916 scd
1548 4872 1601 4917 et
1656 4873 1855 4919 aeterna
1914 4866 1971 4919 in
2021 4869 2202 4933 caelo;

646 4951 776 5003 niliii
804 4950 949 5004 aliud
980 4967 1009 5005 a
1054 4952 1210 5006 nobis
1251 4954 1544 5021 deposcet,
1590 4957 1695 5009 nisi
1727 4958 1969 5011 animum
1996 4966 2209 5028 gratum

643 5050 693 5094 et
724 5042 953 5096 docilem
979 5083 993 5107 ,
1026 5044 1241 5098 docenti
1269 5048 1699 5102 consentientem
1718 5088 1732 5113 ,
1758 5055 1812 5103 et
1840 5050 2058 5104 vocanti
2087 5066 2208 5104 cum

647 5135 828 5189 stuﬂo
862 5141 1302 5205 respondentem.

721 5223 879 5280 Vens.
916 5228 967 5281 5.
1004 5228 1239 5283 Auribus
1270 5231 1547 5286 attendere
1572 5231 1698 5286 dum
1725 5232 1912 5301 jubet,
1950 5248 2057 5287 non
2092 5250 2215 5289 sen-

649 5333 740 5371 sus
772 5321 1015 5387 corporis
1052 5322 1330 5376 intendere
1369 5324 1607 5379 videtur.
1644 5323 1777 5378 Nam
1813 5328 1991 5382 oculis
2039 5336 2215 5385 atten-

650 5409 872 5475 dentes,
906 5412 1096 5465 iisdem
1141 5416 1328 5467 audire
1369 5434 1471 5469 non
1522 5420 1806 5483 valemus;
1848 5436 1947 5475 nec
1988 5423 2213 5477 auribus

653 5503 988 5567 attendenti,
1028 5507 1213 5559 iisdem
1260 5510 1443 5563 videre
1498 5512 1639 5565 licet.
1713 5513 1867 5578 Quod
1928 5514 2091 5569 etiam
2150 5516 2215 5570 de

653 5598 860 5649 caeteris
919 5602 1163 5667 corporis
1197 5604 1445 5658 sensibus
1492 5606 1651 5658 valet.
1688 5605 1806 5670 Quo
1844 5618 2063 5663 constat
2091 5625 2213 5664 eum

728 5760 770 5790 “
790 5758 943 5811 Joan.
993 5776 1061 5823 IV,
1090 5762 1173 5812 Si.

2306 3229 2710 3282 πιστευσάντων
2740 3222 2850 3279 τῶν
2878 3226 3066 3280 ἐθνῶν.

2372 3318 2447 3372 Τὸ
2478 3316 2853 3387 ἀμνησίκακον
2878 3313 2970 3368 τοῦ
2999 3314 3133 3367 Θεοῦ
3164 3316 3256 3368 καὶ
3287 3314 3343 3367 ἑν
3376 3314 3549 3385 τούτῳ
3574 3314 3835 3387 δηλοῦται
3858 3332 3870 3345 ·

2302 3409 2444 3464 οὕτω
2480 3409 2589 3481 γάρ
2618 3424 2772 3479 φησν
2808 3407 3154 3478 Συγχωρήοω
3180 3405 3249 3460 τὰ
3283 3406 3737 3477 πλημμελήματά
3767 3423 3871 3474 σοι.

2302 3502 2377 3564 ὡς
2411 3500 2545 3571 μηδὲ
2587 3501 2667 3563 εἰς
2711 3498 3014 3570 ὑπόμνησιν
3046 3498 3226 3552 αὐτῶν
3256 3514 3387 3552 ποτε
3425 3498 3645 3553 ἐλθόντα
3677 3499 3875 3552 ὀνειδί-

2306 3609 2395 3645 σαι
2415 3606 2431 3621 ·
2461 3591 2714 3662 καθάπερ
2742 3588 2987 3643 ποιοῦσιν
3013 3592 3060 3643 οἰ
3094 3592 3356 3659 γυναῖκας
3387 3589 3743 3660 ἀμαρτούσας
3767 3588 3875 3642 ἁλίρ-

2306 3702 2399 3753 γον
2438 3682 2861 3755 ἀπορρίψαντες.

2376 3776 2486 3844 Τῆς
2517 3774 2905 3844 ἀπανθρωπίας
2930 3772 3160 3828 ἐνταῦθα
3185 3777 3563 3846 κατηγορεῖται
3587 3775 3696 3829 τῶν
3729 3775 3875 3830 Χαλ-

2304 3868 2488 3932 δαίων,
2517 3865 2788 3919 λαϐόντων
2829 3864 2929 3935 μὲν
2974 3864 3128 3935 παρά
3174 3865 3266 3919 τοῦ
3308 3865 3441 3919 Θεοῦ
3489 3866 3551 3920 τὸ
3589 3866 3873 3938 ινδόσιμσν

2304 3961 2398 4015 τοῦ
2423 3958 2838 4031 τιμωρήσασθαι
2876 3958 3002 4023 τοὺς
3043 3958 3378 4031 Ἰσραηλίτας
3404 3958 3492 4013 διὰ
3519 3959 3587 4013 τὰ
3619 3960 3875 4031 πλημμε-

2305 4052 2533 4122 ληθέντα
2561 4052 2759 4115 αὐτοῖς,
2794 4049 2935 4121 ἰσχύϊ
2970 4050 3027 4103 δὲ
3069 4049 3173 4121 ἰδίᾳ
3214 4049 3582 4121 λογισαμένων
3625 4054 3719 4104 ut
3761 4054 3879 4107 ἐπιο

2306 4143 2587 4197 τεινόντων
2616 4142 2798 4206 αὐτοῖς
2830 4139 2900 4195 τά
2930 4141 3097 4197 δεινά.

2374 4235 2417 4287 Τ
2420 4236 2487 4307 ὴν
2511 4235 2660 4307 παρά
2684 4233 2792 4288 τῶν
2818 4234 3093 4305 πολεμίων
3129 4234 3315 4303 ἔφοδον
3352 4234 3451 4304 τῆς
3482 4235 3647 4288 αὐτοῦ
3693 4235 3871 4306 ῥοπῆς

2308 4324 2585 4397 παρούσης
2615 4326 2798 4387 αὐτοῖς
2839 4324 3187 4394 ἀδυνατήσειν
3234 4322 3417 4391 λέγει·
3450 4323 3569 4375 οὐδὲ
3606 4323 3715 4394 γάρ
3764 4326 3871 4377 πᾶν

2310 4418 2500 4481 σκεῦος
2524 4417 2817 4487 πολεμικὸν
2850 4414 3057 4487 ἰσχύσει
3098 4414 3218 4467 καθ’
3246 4413 3401 4485 ὑμῶν
3419 4431 3434 4444 ·
3462 4415 3622 4485 ὑμεῖς
3652 4431 3871 4487 περιγρ-

2238 4484 2283 4540 ῐ)
2311 4508 2537 4561 νήσεσθε
2566 4484 2741 4577 ὑμῶν.

2376 4600 2632 4671 Ἔτοιμος
2668 4599 2744 4651 ῶν
2796 4598 2932 4670 πρὸς
2974 4595 3073 4659 τάς
3109 4594 3370 4667 χορηγίας
3391 4596 3421 4648 ὸ
3451 4595 3749 4664 Δεσπότης,
3781 4596 3870 4650 καὶ

2306 4692 2483 4763 βρύων
2517 4694 2628 4754 τοίς
2666 4689 2889 4759 ἀγαθοῖς
2938 4690 2967 4741 ό
3015 4686 3387 4757 φιλάνθρωπος
3426 4686 3587 4751 Θεός·
3619 4688 3680 4740 οὐ
3712 4686 3869 4756 μόνον

2306 4785 2415 4856 γὰρ
2451 4784 2519 4837 τά
2551 4780 2784 4835 ἐνταῦθα
2828 4778 3009 4848 ἀγαθά
3044 4777 3441 4846 ἐπαγγέλλεται
3478 4776 3691 4841 δώσειν,
3740 4776 3871 4831 ἀλλὰ

2305 4878 2398 4929 καὶ
2438 4875 2547 4927 τῶν
2574 4871 2867 4944 μετέπειτα
2898 4869 3129 4924 αἰωνίων
3153 4869 3372 4940 δωρεῶν
3399 4870 3498 4939 τὴν
3535 4870 3834 4924 ἀπόλαυσιν
3854 4887 3865 4898 ’

2308 4967 2457 5021 οὐδὲν
2483 4966 2668 5037 ἕτερον
2694 4964 2914 5017 ἀπαιτεῖ
2944 4962 2977 5033 ἥ
3013 4961 3329 5032 εὐγνώμονα
3354 4960 3653 5033 ἀκροατὴν,
3677 4961 3872 5014 συνιέν-

2308 5076 2377 5113 τα
2413 5058 2508 5129 μὲν
2552 5056 2622 5110 τά
2662 5055 2950 5125 λεγόμενα,
2984 5054 3387 5124 προστρέχοντα
3425 5053 3483 5107 δὲ
3518 5052 3596 5124 τῷ
3626 5052 3871 5107 καλοῦντι

2314 5148 2430 5219 μετ’
2458 5146 2688 5209 εὐνοίας.

2381 5241 2454 5292 Τὸ
2489 5239 2777 5309 προσέχειν
2804 5234 2939 5289 ὠσὶν
2966 5237 3040 5300 ὼς
3068 5229 3200 5307 ἧκεν
3228 5237 3306 5297 εἰς
3354 5232 3453 5297 τὰς
3485 5233 3579 5287 τοῦ
3625 5233 3869 5300 σώματος

2314 5332 2601 5403 αἰσθήσεις
2640 5327 2993 5383 ἀνακόλουθον
3026 5323 3163 5381 εἶναι
3208 5326 3382 5379 δοκεῖ·
3430 5325 3725 5394 ὀφθαλμοῖς
3769 5324 3868 5391 γὰρ

2313 5424 2689 5496 προσέχοντες,
2734 5421 2845 5484 τοίς
2884 5421 3068 5483 αὐτοῖς
3102 5421 3196 5472 καὶ
3237 5417 3452 5472 ἀκούειν
3480 5418 3540 5469 οὐ
3568 5414 3865 5486 δυνάμεθα

2313 5516 2406 5567 καὶ
2455 5514 2588 5566 ὠσὶν
2636 5509 2944 5576 ἀκούοντες,
2987 5508 3193 5571 τούτοις
3249 5505 3466 5575 βλέπειν
3524 5504 3621 5575 οὐχ
3680 5499 3781 5557 οἷοί
3814 5502 3866 5554 τί

2314 5609 2478 5677 ἐσμεν
2502 5623 2516 5638 ’
2548 5602 2748 5674 ὁμοίως
2778 5602 2834 5656 δὲ
2878 5600 2972 5655 καὶ
3017 5600 3110 5652 ἐπὶ
3149 5596 3255 5651 τῶν
3286 5594 3460 5650 ἄλλων
3487 5592 3596 5646 τῶν
3632 5591 3774 5648 κατὰ
3814 5590 3869 5644 νδ
