4044 6324
179 377 314 436 ιδσι

1605 395 1670 450 ιιι
1710 397 1962 455 ISAIAM.

3293 413 3428 472 i361

181 495 367 597 σῶμα.
397 497 736 570 αίσθήσεων·
785 502 862 567 ὡς
913 505 977 558 ἐκ
1036 507 1223 559 τούτου
1269 509 1574 566 δείκνυσθαι
1629 531 1755 585 συμρ

1861 519 2018 573 nobis
2048 519 2369 585 consulere,
2402 529 2461 574 ut
2496 522 2671 575 oculis
2704 523 2868 575 animi
2899 531 3274 592 attendamus,
3307 530 3428 597 qui-

178 586 454 658 βουλεύειν
500 591 682 657 αὐτοῖς
724 594 1012 665 προσέχειν
1040 597 1180 650 κατά
1209 600 1335 663 τοὺς
1379 602 1478 671 τῆς
1518 603 1754 668 διανοίας

177 679 514 751 ὀφθαλμοὺς,
547 683 668 736 καθ’
699 683 793 747 οὓς
823 686 915 737 καλ⁸
942 687 1162 740 ἀκούειν
1185 689 1406 744 δυνατόν
1426 709 1439 722 °
1469 693 1614 764 ἁπλῆ
1641 695 1754 766 γάρ

175 786 266 833 τις
287 766 418 824 οὖσα
449 774 483 843 ἡ
520 773 665 844 ψυχὴ
696 776 788 828 καὶ
823 779 1094 848 μονοειδὴς
1121 779 1218 850 τὴν
1251 781 1430 850 φύσιν,
1467 787 1565 854 μιᾷ
1598 785 1754 840 δυνά·

180 878 276 930 μει
307 863 367 915 τό
391 880 449 916 τε
475 865 691 918 ἀκούειν
726 867 817 918 καὶ
852 869 982 939 ὁρᾷν
1014 872 1292 943 κέκτηται.

176 1233 449 1295 φανεῖται,
486 1231 533 1282 εί
564 1230 655 1282 τὸν
699 1233 861 1284 αὑτοῦ
904 1233 1048 1288 ἔλεον
1090 1238 1296 1305 ἄφατον
1345 1241 1472 1292 ὄντα
1520 1239 1752 1311 ἐνθυμη-

175 1321 330 1392 θῆτε.
357 1322 436 1373 Οὐ
469 1321 570 1391 γὰρ
595 1323 828 1377 τοσαῦτα
865 1325 1018 1378 ἕσται
1045 1328 1197 1397 ὑμῶν
1227 1331 1290 1382 τά
1318 1330 1482 1393 κακὰ,
1510 1331 1584 1394 ὠς
1610 1333 1754 1402 νικῆ-

177 1431 274 1468 cat
301 1413 393 1467 καὶ
419 1415 742 1484 ὑπερϐαλεῖν
766 1417 860 1488 τὴν
893 1419 1058 1471 αὐτοῦ
1094 1420 1500 1491 φιλανθρωπίαν
1525 1439 1538 1452 ο
1587 1425 1752 1486 πολὺς

175 1507 288 1576 γὰρ
328 1505 402 1559 ὣν
438 1509 495 1560 ἐν
537 1511 857 1579 οἰκτιρμοῖς,
892 1511 1088 1580 πολλὴν
1132 1513 1225 1564 καὶ
1265 1513 1362 1583 τὴν
1411 1515 1602 1584 ἄφεσιν
1645 1516 1751 1568 τῶν

174 1599 464 1668 ἁμαρτιῶν
489 1601 639 1669 ὑμῶν
666 1602 980 1672 ποιήσεται·
1007 1604 1097 1655 καὶ
1120 1604 1292 1668 οὓτως
1317 1607 1458 1675 ὑμᾶς
1483 1607 1752 1678 καθαροὺς

176 1688 470 1754 ἀποδείξει,
519 1691 594 1752 ὡς
643 1690 772 1761 μηδὲ
823 1689 968 1760 ίχνος
1014 1691 1281 1756 σώζεσθαι
1323 1695 1432 1746 τῶν
1476 1698 1751 1766 προτέρων

176 1779 336 1849 ὑμῶν
362 1782 787 1853 ἁμαρτημάτων.

175 1136 273 1190 τὸν
314 1139 673 1210 ἠσεϐηκέναι·
708 1141 822 1195 ἀλλ’
871 1144 991 1197 οὐδέ
1029 1165 1128 1199 που
1173 1149 1312 1218 μέγα
1361 1149 1589 1220 κώλυμα
1626 1154 1752 1222 ὑμῖν

253 1872 360 1942 Τὴν
387 1875 475 1925 ἐπὶ
499 1877 617 1936 ταῖς
654 1876 893 1938 ἐντολαῖς
925 1876 1018 1928 τοῦ
1053 1877 1218 1946 νόμου
1250 1878 1455 1932 εὐοδίαν
1492 1879 1748 1950 παρέξειν
1785 1858 1824 1913 Β

173 1963 362 2027 αὐτοῖς
392 1966 781 2033 ἐπαγγέλλεται
805 1967 956 2031 Θεὸς,
999 1968 1158 2038 μόνον
1185 1970 1230 2020 εἰ
1265 1970 1487 2032 ἑαυτοὺς
1520 1973 1753 2042 ἐργάτας

174 2052 361 2108 αὐτῶν
397 2055 566 2118 δεῖξαι
604 2055 971 2125 ἐθελήσουσιν,
1004 2057 1166 2110 αὑτοῦ
1194 2060 1553 2129 χορηγοῦντος
1603 2063 1752 2129 ίσχῦν

177 2147 317 2213 πρὸς
343 2147 401 2196 τὰ
430 2146 736 2201 ἐπιτελέσαι
777 2146 996 2210 ταύτας.
1029 2151 1102 2201 Οὐ
1144 2150 1250 2218 μὴν
1283 2150 1417 2201 ἀλλά
1454 2152 1544 2202 καὶ
1573 2151 1667 2220 τὴν
1692 2153 1755 2204 ἐκ

175 2239 280 2307 τῆς
325 2239 698 2308 αἰχμαλωσίας
744 2239 928 2292 ἄνοδον
968 2240 1138 2304 οὕτως
1175 2241 1352 2304 ἔδοξεν
1389 2243 1582 2303 αὐτοὺς
1631 2245 1754 2305 τοὺς

175 2328 440 2395 ἀφιέντας
473 2331 741 2397 τοσαύτην
775 2330 1062 2383 ἀναλαϐεῖν
1091 2331 1397 2401 προθυμίαν
1427 2333 1522 2402 τῆς
1554 2333 1755 2385 τούτων

175 2420 489 2488 ἐκπομπῆς,
521 2420 595 2481 ὡς
629 2420 766 2488 μετά
798 2421 1121 2491 δορυφορίας
1153 2422 1243 2473 καὶ
1268 2422 1552 2493 ὁδηγήσειν
1577 2439 1588 2449 '
1619 2424 1754 2493 ὅπερ

174 2509 275 2560 ἐπὶ
301 2509 479 2579 Κύρου
506 2510 596 2561 τοῦ
646 2510 906 2578 βασιλέως
929 2511 1152 2582 Περσῶν
1183 2513 1503 2583 ἐπληροῦτο,
1539 2531 1756 2583 τρανου-

181 2598 354 2667 μένης
383 2600 480 2668 τῆς
509 2599 602 2650 τοῦ
636 2599 769 2650 Θεοῦ
788 2603 956 2668 ῥοπῆς
976 2618 988 2628 ·
1014 2602 1104 2653 καὶ
1129 2594 1212 2652 ἐπ’
1242 2602 1418 2654 αὐτῶν
1452 2602 1557 2654 τῶν
1584 2604 1753 2672 ὀρέων

175 2691 239 2741 ἐν
295 2692 358 2758 τῇ
412 2691 616 2741 τούτων
665 2692 872 2759 κινήσει
912 2691 1007 2760 τὴν
1061 2692 1378 2758 ἀγαλλίασιν
1410 2694 1750 2755 δεικνύντων,

175 2781 262 2832 ἐτι
307 2781 411 2850 μὴν
481 2781 573 2832 καὶ
646 2782 817 2833 ἀλλων
867 2783 1105 2851 σημείων
1166 2784 1748 2852 παρακολουθούντων·

175 2871 368 2942 ὥσπερ
429 2871 536 2939 γὰρ
586 2873 676 2922 ἐπὶ
726 2872 822 2940 τὴν
867 2872 1068 2942 ἔρημον
1122 2873 1359 2926 διιόντων
1416 2871 1750 2943 ὑπεχώρειὴ

192 2962 427 3032 Ἐρυθρά
447 2962 709 3024 Θάλασσα,
758 2963 948 3024 οὕτως,
1000 2963 1245 3026 ἐξιόντων
1277 2964 1382 3016 ἀπὸ
1416 2965 1509 3032 τῆς
1554 2966 1753 3032 αίχμα-

177 3054 400 3116 λωσίας,
445 3057 731 3124 ἱστορεῖται
771 3055 858 3107 τὸν
894 3057 1083 3125 Τίγριν
1120 3056 1360 3125 ποταμὸν
1401 3057 1518 3109 ποδὶ
1557 3059 1752 3118 αὐτοὺς

175 3143 581 3211 διαὸεὸηκέναι,
633 3145 773 3196 καθά
831 3147 920 3195 καὶ
963 3149 990 3197 ὁ
1031 3145 1318 3215 Ἰορδάνης*
1358 3147 1449 3196 καὶ
1485 3147 1750 3213 τοσαύτην

182 3233 484 3305 μεταϐολὴν
539 3234 609 3286 τά
654 3235 754 3304 ὄρη
798 3235 999 3297 λαϐεῖν,
1043 3236 1163 3287 ἀντὶ
1204 3237 1301 3302 τῆς
1341 3236 1751 3303 καταλαϐούσης

181 3327 250 3380 ἐκ
301 3325 408 3379 τῶν
452 3326 722 3396 πολεμίων
783 3327 1035 3396 ἐρημίας,
1079 3326 1152 3388 ὡς
1206 3329 1298 3378 καὶ
1317 3326 1548 3398 δένδρων
1587 3327 1750 3390 ξένων

179 3418 336 3488 παρά
385 3418 452 3469 τὰ
479 3419 606 3470 ὄντα
640 3418 881 3470 ἐκδοῦναι
925 3418 1156 3486 βλάστην
1178 3434 1190 3446 ·
1225 3419 1314 3468 καὶ
1347 3418 1443 3488 τὴν
1476 3417 1566 3470 τοῦ
1615 3419 1748 3470 Θεοῦ

1854 609 1958 663 bus
1981 616 2034 664 et
2056 609 2246 664 audire
2274 609 2358 664 fas
2386 618 2465 664 est
2496 631 2510 674 ;
2544 612 2771 682 simplex
2802 613 2948 667 enim
2978 630 3099 667 cum
3129 617 3198 671 sit
3231 627 3425 687 natura

1855 701 2072 755 animus
2109 710 2162 754 et
2208 701 2607 772 incompositus
2633 745 2646 769 ,
2679 718 2783 756 una
2826 705 3126 775 eademque
3171 707 3426 767 facultate

1855 793 2008 846 audit
2039 808 2101 846 ac
2134 793 2299 848 videt.

1925 961 2091 1017 Vens.
2117 963 2170 1018 7.
2206 960 2512 1033 Impediunt
2541 971 2594 1016 te
2629 963 2861 1018 fortasse
2888 975 3108 1032 peccata
3139 975 3230 1019 tua
3261 975 3424 1036 atque

1854 1053 1909 1105 in
1931 1051 2097 1106 Deum
2122 1052 2396 1122 impietas,
2429 1061 2482 1108 et
2510 1061 2696 1107 vetant
2722 1070 2790 1107 ne
2815 1056 2881 1107 ad
2908 1055 3083 1123 ipsum
3113 1055 3420 1126 confugias.

1853 1144 2007 1209 Quod
2063 1146 2108 1198 si
2169 1153 2349 1198 autem
2407 1144 2835 1199 misericordiam
2882 1146 3001 1213 ejus
3049 1147 3421 1216 perpenderis,

1851 1237 1959 1305 jam
1991 1236 2124 1287 nihil
2160 1244 2211 1289 te
2254 1233 2519 1303 impedire
2555 1235 2794 1301 valebit;
2834 1251 2942 1288 non
2989 1236 3130 1289 enim
3165 1251 3228 1290 ea
3263 1247 3423 1291 erunt

1855 1335 2075 1396 peccata
2111 1337 2224 1390 tua,
2252 1342 2371 1394 qua:
2413 1325 2802 1395 benignitatem
2829 1327 2947 1395 ejus
2980 1329 3200 1383 vincere
3229 1337 3280 1382 et
3331 1346 3422 1383 su-

1854 1433 2043 1486 perare
2072 1418 2283 1486 possint
2310 1435 2323 1481 ;
2371 1418 2572 1470 multus
2601 1419 2718 1485 ipse
2753 1419 2804 1469 in
2857 1419 3252 1483 misericordia,
3285 1422 3423 1473 mul-

1853 1520 1905 1560 ta
1960 1525 2178 1579 quoque
2225 1517 2444 1578 peccata
2492 1509 2766 1572 dimittet,
2814 1519 2865 1563 et
2918 1511 2989 1564 ita
3044 1527 3136 1565 vos
3186 1513 3421 1568 mundos

1853 1602 2042 1656 eiliciet
2075 1643 2088 1664 ,
2124 1611 2183 1654 ut
2215 1617 2282 1654 ne
2312 1601 2599 1670 vestigium
2646 1601 2859 1669 quidem
2911 1603 3152 1670 priorum
3189 1603 3418 1657 delicto-

1854 1709 1975 1746 rum
2007 1699 2307 1746 remaneat.

1926 1869 2090 1922 Vens.
2130 1871 2219 1923 ll.
2256 1870 2552 1934 Prosperas
2578 1871 2689 1926 vias
2716 1871 3134 1926 observantibus
3165 1872 3336 1943 legem
3363 1885 3422 1931 se

1853 1963 2106 2015 daturum
2159 1962 2443 2015 denuntiat
2467 2003 2479 2024 ,
2513 1965 2658 2016 vires
2704 1965 2767 2015 ad
2803 1962 3131 2031 perﬁcienda
3169 1957 3421 2018 mandata

1851 2061 2119 2122 pmstans
2144 2095 2156 2117 ,
2190 2053 2487 2108 dununodo
2523 2055 2657 2122 legis
2690 2054 2924 2116 lactibus
2968 2070 3023 2108 se
3057 2056 3294 2122 praebere
3325 2071 3416 2109 ve-

1853 2147 1972 2198 lint.
2004 2143 2315 2198 Praesertim
2350 2161 2478 2198 vero
2506 2145 2606 2198 hoc
2639 2143 2749 2198 Deo
2777 2146 2981 2213 piacuit
3023 2154 3078 2198 ut
3112 2147 3202 2214 qui
3241 2147 3416 2214 capti-
3471 2205 3493 2214 __

1852 2239 2068 2291 vitalem
2121 2253 2187 2290 ex
2219 2235 2451 2306 Egypto
2485 2238 2719 2290 soluturi
2758 2245 2914 2290 erant
2943 2277 2955 2299 ,
2996 2252 3209 2292 summo
3239 2237 3442 2296 studio

1852 2344 1988 2396 opus
2019 2344 2174 2382 suum
2202 2329 2555 2396 perlicerent,
2610 2328 2709 2395 ipsi
2754 2327 3120 2382 lsraelitarum
3155 2330 3256 2382 iter
3286 2330 3418 2382 diri-

1853 2428 2040 2488 gerent
2093 2428 2146 2472 et
2182 2417 2437 2486 prmsidio
2471 2428 2770 2471 tuerentur.
2819 2419 2972 2483 Quod
3017 2421 3232 2489 quidem
3259 2461 3273 2483 ,
3310 2419 3418 2474 Deo

1846 2509 2102 2576 jubente,
2133 2506 2259 2578 Cyri
2288 2507 2578 2561 Persarum
2609 2508 2752 2575 regis
2781 2523 2879 2576 ope
2914 2508 3116 2561 factum
3138 2520 3251 2574 est;
3281 2511 3415 2578 ipsis

1851 2600 2129 2654 montibus
2160 2601 2226 2652 de
2251 2600 2352 2652 hac
2378 2600 2701 2668 migratione
2727 2601 3160 2664 exsultantibus,
3193 2611 3244 2654 et
3295 2602 3416 2655 aliis

1851 2702 2067 2758 quoque
2103 2688 2495 2758 apparentibus
2539 2689 2731 2756 signis.
2781 2687 2918 2741 Nam
2953 2691 3095 2742 sicut
3139 2689 3412 2743 desertum

1851 2783 2233 2834 accedentibus
2268 2795 2415 2832 mare
2449 2778 2782 2848 Erythraaum
2814 2781 3052 2834 transire
3083 2782 3256 2842 licuit,
3285 2783 3356 2834 ita
3389 2799 3418 2835 e

1851 2873 2164 2941 captivitate
2202 2871 2404 2940 egressi
2452 2869 2617 2925 siccis
2679 2871 2908 2937 pedibus
2961 2873 3159 2927 ﬂumen
3211 2874 3414 2952 Tigrim

1852 2965 2133 3031 traiecisse
2178 2973 2502 3026 narrantur,
2555 2973 2613 3017 ut
2657 2965 2786 3016 olim
2828 2960 3153 3028 Iordanem,
3189 2966 3420 3021 refenur

1852 3069 2068 3123 quoque
2107 3063 2348 3115 montes,
2384 3056 2448 3107 ab
2481 3057 2730 3110 hostibus
2767 3065 2923 3109 antea
2971 3045 3212 3112 vastatos
3244 3098 3257 3120 ,
3291 3066 3387 3111 tun

1807 3193 1820 3210 ,
1857 3160 1885 3196 a
1910 3143 2017 3197 Deo
2046 3143 2215 3198 fuisse
2251 3145 2324 3196 ita
2378 3146 2694 3199 immutatos
2717 3187 2730 3207 ,
2766 3155 2824 3198 ut
2878 3161 2987 3200 non
3036 3149 3150 3202 suis
3181 3149 3416 3209 tantum,

1806 3231 1820 3246 ⁴
1857 3235 1949 3289 sed
1985 3243 2037 3288 et
2068 3235 2296 3289 exoticis
2329 3236 2620 3292 arboribus
2665 3237 2941 3292 ﬂorerent.
2999 3241 3114 3303 Qua
3150 3241 3416 3293 montium

1857 3326 2232 3379 immutatione
2291 3326 2520 3395 benigne
2586 3326 2961 3396 comprobavit
3021 3329 3162 3382 Deus
3223 3339 3421 3382 cuncta

1857 3418 2025 3484 ipsius
2062 3419 2116 3470 in
2151 3418 2401 3471 manibus
2432 3419 2726 3484 contineri,
2763 3428 2818 3472 et
2858 3427 3038 3472 mente
3071 3419 3251 3488 dirigi.

177 3509 465 3577 εὐμένειαν
504 3511 567 3561 ὲκ
610 3511 707 3578 τῆς
749 3512 855 3562 τῶν
889 3511 1056 3579 ὀρέων
1102 3511 1401 3580 μεταϐολῆς
1432 3512 1737 3580 δειχθῇναι·
1780 3511 1852 3572 ὡς
1887 3512 2060 3563 πάντα
2088 3511 2326 3563 συντελεῖ
2354 3513 2430 3574 είς
2450 3515 2546 3580 τὴν
2577 3513 2665 3564 τοῦ
2689 3511 2824 3564 Θεοῦ
2866 3512 3115 3582 δύναμιν,
3177 3515 3268 3566 καὶ
3327 3514 3424 3583 τὴν

180 3602 392 3654 ἐκείνου
429 3604 676 3672 μήνυσιν.

257 3694 331 3746 Οὐ
362 3695 539 3746 τοίνυν
583 3695 764 3762 ὠνητὰ
805 3696 873 3747 τά
903 3695 1050 3764 παρά
1086 3696 1242 3760 Θεοῦ,
1287 3696 1420 3748 ἀλλά
1457 3696 1657 3766 προῖκά
1695 3713 1752 3747 τε

181 3785 281 3840 καὶ
312 3786 478 3857 χωρὶς
509 3787 771 3856 ἀργυρίου
803 3787 974 3838 ταῦτα
1021 3786 1253 3856 λήψεσθε
1274 3805 1285 3816 ο
1319 3787 1437 3838 οὐδὲ
1472 3788 1579 3856 γὰρ
1613 3787 1752 3837 οἴνου

182 3877 345 3946 χρεία
402 3879 480 3938 είς
535 3877 782 3946 σπονδὴν,
829 3878 922 3929 καὶ
967 3879 1180 3940 στέατος
1229 3882 1306 3940 είς
1342 3879 1560 3933 θυσίαν·
1600 3879 1634 3932 ἃ.
1664 3881 1755 3931 καὶ

181 3966 360 4020 ταῦτα
396 3968 658 4038 ἀργυρίου
705 3965 1018 4036 ὠνούμενοι,
1054 3969 1202 4019 οὐδὲν
1229 3969 1388 4021 πλέον
1412 3969 1751 4039 ἀποφέρεσθε

179 4061 266 4120 ιίς
293 4057 474 4127 ὄνησιν
498 4058 730 4128 ἢκόπον,
751 4059 782 4128 ἢ
815 4059 1029 4128 μόχθον,
1052 4059 1124 4127 μὴ
1155 4059 1321 4112 ὄντων
1355 4059 1550 4111 ἱκανῶν
1574 4059 1753 4110 δυσω-

185 4149 476 4219 πημάτων.

271 4235 478 4308 Ὑμεῖς,
523 4240 706 4310 φησὶν,
740 4241 787 4292 οἱ
837 4240 1156 4308 ἀλλογενεῖς,
1193 4240 1240 4290 οἱ
1280 4238 1358 4309 τῷ
1389 4239 1506 4308 Θεῷ
1539 4241 1756 4292 ἀνακεί-

191 4341 366 4396 μενοι,
421 4327 516 4379 καὶ
569 4328 709 4380 κατὰ
763 4329 860 4391 τὰς
908 4328 1124 4392 ἐντολὰς
1169 4329 1332 4381 αὑτοῦ
1383 4328 1640 4396 βιοῦντες,
1681 4329 1753 4399 μὴ

186 4415 476 4484 λογίσησθε
527 4418 746 4480 ἑαυτοὺς
801 4421 1196 4489 μακαριότητος
1238 4420 1610 4485 ἐπιτεύξεσθαι
1662 4421 1755 4472 καὶ

1925 3691 2090 3746 Vens.
2136 3691 2219 3744 15.
2261 3689 2375 3744 Non
2427 3692 2594 3760 igitur
2639 3707 2747 3746 aere
2784 3693 3096 3755 dato,‘sed
3153 3695 3322 3761 gratis
3369 3703 3424 3746 et

1853 3786 1970 3839 sine
2024 3785 2254 3853 pecunia
2309 3782 2448 3838 dona
2507 3782 2600 3836 Dei
2643 3785 3101 3853 consequemini;
3164 3800 3271 3838 non
3313 3786 3421 3838 vini

1853 3876 2202 3929 libaminibus
2229 3915 2240 3938 ,
2269 3883 2362 3928 aut
2394 3875 2739 3928 victimarum
2763 3874 2921 3942 adipe
2952 3874 3208 3943 indigetis
3238 3893 3250 3938 ;
3298 3877 3422 3943 qui-

1852 3969 1952 4020 bus
1983 3966 2126 4019 enim
2151 4004 2166 4028 ,
2222 3977 2275 4019 et
2303 3966 2424 4017 aliis
2459 3964 2634 4033 pretio
2667 3965 2901 4032 emptis,
2943 3979 3051 4017 non
3093 3966 3214 4033 plus
3262 3965 3426 4035 proﬂ-

1855 4059 2010 4111 cietis
2035 4096 2049 4120 ,
2078 4073 2238 4125 quam
2277 4057 2557 4110 laboribus
2591 4064 2644 4108 et
2675 4055 3064 4125 defatigatione
3091 4073 3103 4119 ;
3138 4057 3250 4109 haec
3279 4056 3423 4110 enim

1855 4165 1962 4203 non
1995 4147 2270 4202 sufﬁciunt
2315 4146 2380 4200 ad
2416 4145 2741 4199 ﬂectendum
2778 4144 2945 4199 Deum

1929 4239 2053 4292 CAP.
2087 4238 2220 4298 LVI,
2261 4237 2425 4290 Vitas.
2459 4237 2510 4290 '5.
2546 4233 2676 4298 Vos,
2715 4236 2913 4305 inquit,
2943 4236 3257 4304 alienigena:
3286 4275 3300 4299 ,
3332 4238 3423 4304 qui

1860 4329 1966 4382 [)eo
2029 4329 2259 4397 appositi
2314 4328 2490 4390 estis,
2545 4335 2598 4380 et
2649 4325 2713 4378 ad
2767 4332 3036 4396 praecepta
3095 4327 3214 4394 ejus
3260 4327 3424 4378 vitam

1856 4423 2148 4484 instruitis,
2180 4437 2245 4474 ne
2264 4420 2466 4489 putetis
2499 4435 2592 4473 vos
2623 4418 3009 4472 beatitudinem
3036 4429 3426 4472 consecuturos

185 4505 286 4557 τοῦ
321 4505 519 4576 κλήρου
558 4506 664 4558 τῶν
713 4508 910 4574 ἀγίων·
941 4508 1053 4560 ἀλλ’
1077 4509 1446 4578 ἐπιστάμενοι,
1469 4510 1541 4572 ὡς
1564 4510 1755 4579 τρόπος

1859 4523 1912 4566 et
1973 4511 2343 4566 hereditatem
2399 4519 2760 4574 sanctorum;
2813 4509 2908 4563 sed
2966 4510 3065 4562 hoc
3133 4509 3424 4572 recordati,

191 4595 340 4664 ὑμᾶς
390 4596 643 4648 συνάπτει
694 4597 770 4666 τῷ
818 4598 1081 4670 ’Δεραὰμ,
1128 4601 1220 4652 καὶ
1253 4601 1312 4652 οὐ
1363 4601 1552 4667 γένους
1597 4601 1756 4668 ἀγχι-

189 4685 368 4745 στεία,
405 4685 549 4754 ἠθῶν
588 4687 898 4757 ἐπιμέλειαν
929 4690 1190 4752 ποιεῖσθε,
1222 4692 1314 4743 καλ¹
1339 4689 1456 4760 Θεῷ
1490 4690 1759 4743 δουλεύειν

190 4777 472 4841 σπεύδετε,
524 4777 617 4831 καὶ
646 4779 705 4830 οὐ
767 4780 1289 4852 φυλοκρινηθήσεσθε
1319 4782 1410 4834 τοῦ
1445 4781 1632 4849 γένους
1652 4782 1759 4834 τῶν

187 4866 435 4919 δικαίων.

280 4958 503 5025 Ἐπάγει
549 4959 745 5021 αὐτοὺς
796 4962 874 5023 εἰς
925 4964 1248 5031 κατανόησιν
1305 4962 1391 5014 διὰ
1424 4963 1626 5014 τούτων
1651 4963 1759 5015 τῶν

189 5047 308 5106 τοῖς
333 5045 558 5109 δικαίοις
589 5048 951 5118 ὀφειλομένων
972 5051 1234 5121 ἀμοιὸὦν.

269 5137 436 5190 Πάλιν
466 5140 528 5190 ἐκ
571 5141 934 5210 προσαγωγῆς
965 5143 1044 5204 είς
1067 5143 1410 5213 συναίσθησιν
1435 5143 1628 5206 αὐτοὺς
1651 5144 1760 5194 τῶν

199 5231 345 5284 ἰδίων
374 5230 852 5301 πλημμελημάτων
895 5233 1120 5300 ἀγαγεῖν
1169 5234 1433 5304 βούλεται,
1458 5235 1761 5305 φθεγγομέ-

192 5341 322 5385 νους
353 5323 449 5394 μὲν
477 5324 644 5386 ἀδεῶς
666 5324 802 5376 κατά
827 5322 915 5376 τοῦ
949 5325 1174 5387 δικαίου,
1208 5327 1552 5395 ἀπρονοήτως
1585 5325 1639 5378 δὲ
1667 5325 1760 5378 τοῦ

198 5414 319 5482 βίου
362 5414 550 5467 τούτου
601 5413 912 5483 νομίζοντας
953 5415 1417 5468 ἀπαλλάττεσθαι·
1447 5417 1762 5478 ὑποδεικνὺς

197 5504 383 5566 αὐτοῖς
435 5504 508 5568 ὡς
567 5506 877 5576 ἠρνήθησαν
909 5505 1006 5574 μὲν
1030 5507 1089 5558 τὸ
1128 5508 1436 5574 σωματικὸν
1471 5503 1607 5570 εἶδος
1654 5509 1762 5560 τῶν

199 5595 373 5662 ἁγίων
395 5612 408 5625 °
443 5600 508 5666 τῇ
551 5597 606 5648 δὲ
643 5597 750 5650 τῶν
779 5597 992 5668 τρόπων
1036 5597 1304 5668 μοχθηρία
1330 5599 1612 5668 ᾠκείωσαν
1639 5602 1762 5652 ἐαυ-

196 5687 327 5748 τοὺς
362 5690 566 5756 μοιχοῖς
591 5703 648 5738 τε
677 5687 768 5739 καὶ
796 5688 1008 5758 πόρνοις
1031 5705 1042 5718 ·
1079 5688 1152 5757 μὴ
1176 5688 1638 5758 ἀναλογισάμενοι,
1664 5691 1758 5753 ὡς,

195 5778 355 5832 αὐτοὶ
412 5779 561 5844 ὄντες
610 5781 880 5846 ἀπωλείας
909 5783 1069 5850 ἄξιοι,
1114 5782 1355 5846 κακίζειν
1395 5783 1760 5854 ἐπειράθησαν

1856 4604 2002 4673 quod
2033 4603 2278 4657 moribus
2329 4618 2453 4656 cum
2506 4603 2774 4655 Abraham
2831 4601 3222 4669 conjungimini
3253 4641 3268 4664 ,
3319 4617 3423 4656 non

1855 4694 2070 4765 generis
2109 4693 2469 4764 cognatione,
2525 4709 2737 4745 morum
2789 4707 2976 4745 curam
3020 4694 3219 4762 geratis
3247 4731 3261 4755 ,
3310 4703 3430 4747 stu-

1857 4788 2008 4842 diose
2044 4785 2154 4840 Deo
2190 4786 2533 4848 inserviatis,
2562 4794 2616 4838 et
2657 4801 2766 4838 non
2801 4786 3130 4853 separemini
3163 4801 3192 4837 a
3234 4801 3428 4855 genere

1856 4875 2152 4945 justorum.

1928 4966 2054 5019 CAP.
2088 4965 2245 5030 LV'll,
2279 4965 2444 5020 Vens.
2483 4966 2531 5017 l.
2575 4964 2802 5019 Deducit
2832 4981 2926 5020 eos
2961 4965 3026 5018 ad
3057 4967 3427 5036 pmnitentiam

1859 5061 2124 5112 memoria
2161 5060 2428 5112 bonorum
2459 5058 2625 5126 justis
2665 5058 3088 5112 destinatorum.

1932 5149 2097 5204 Vens.
2149 5151 2200 5204 3.
2261 5149 2501 5204 Ulterius
2553 5165 2881 5220 progressus
2943 5152 3140 5204 iterum
3203 5165 3298 5204 eos
3363 5151 3428 5204 ad

1858 5241 2201 5310 agnoscenda
2265 5252 2485 5312 peccata
2555 5243 2824 5297 alduzere
2906 5241 3087 5296 studet
3128 5282 3142 5302 ,
3222 5243 3429 5309 justum

1861 5332 2166 5400 procaciter
2191 5332 2569 5402 increpantes.
2601 5343 2654 5386 et
2682 5349 2804 5386 eum
2860 5334 3170 5387 inconsulte
3221 5334 3286 5387 de
3321 5334 3430 5385 vita

1862 5420 2101 5471 ablatum
2194 5421 2589 5474 existimantes.
2683 5421 2889 5475 lndicat
2954 5437 3048 5477 eos
3114 5437 3430 5491 corpoream

1865 5513 2100 5579 speciem
2136 5521 2450 5566 sanctorum
2487 5516 2789 5583 negavisse,
2831 5524 2884 5569 et
2915 5531 3125 5569 morum
3165 5517 3432 5584 pravitate

1864 5620 1923 5656 se
1955 5604 2103 5670 ipsos
2154 5605 2559 5657 consociavisse
2605 5621 2728 5657 cum
2779 5605 3039 5659 adulteris
3085 5620 3136 5658 et
3192 5605 3433 5657 meretri-

1865 5695 2038 5747 cibus.
2095 5694 2406 5750 Perditionc
2445 5695 2591 5764 digni
2625 5711 2746 5749 cum
2788 5706 3010 5760 essent,
3045 5705 3246 5748 temere
3289 5697 3430 5750 viros

1865 5788 2134 5842 lacessere
2191 5787 2369 5843 conati
2412 5798 2538 5842 sunt
2583 5787 2674 5857 qui
2723 5788 2786 5842 dc
2822 5798 2969 5844 recto
2999 5803 3191 5843 curare
3230 5795 3281 5843 ct
3329 5787 3432 5840 Dea
