4044 6324
662 407 799 467 1363
1812 408 2160 468 τηεοοοιυ
2181 410 2703 470 Βευοιιεκειε
3624 421 3631 426 ·
3782 405 3909 464 ιτα

656 521 940 581 Intendere
986 522 1297 579 studebant.
1355 521 1627 579 Idolorum
1678 526 1961 592 fautores.
2018 529 2211 600 quibu

2327 530 2452 592 τοὺς
2490 526 2583 581 τοῦ
2631 528 2841 581 δικαίου
2905 524 3337 597 ἐπιμελομένους
3364 524 3460 577 καὶ
3512 522 3631 593 Θεῷ
3667 536 3914 594 προσαν-

654 626 857 686 pueroa
895 628 1058 685 super
1111 625 1321 670 montes
1349 626 1404 671 et
1450 626 1632 686 petras
1669 618 1984 674 deferebant
2024 620 2211 674 immo-

2329 618 2582 686 ἔχοντας·
2627 613 2863 679 είδὼλοις
2913 616 3023 686 γὰρ
3050 611 3494 685 προσκυνοῦντες,
3551 612 3646 665 καὶ
3685 609 3909 668 πόα

656 703 872 771 landos.
906 705 999 761 Dei
1035 706 1325 760 vindictam
1357 711 1625 764 vitaturus
1656 713 1953 780 sperabant

728 973 889 1030 Vsns.
926 975 1011 1027 15.
1046 961 1255 1039 Quibus
1285 973 1599 1027 nominibus
1628 974 1855 1045 benigne
1882 973 2023 1030 Dens
2052 975 2221 1047 signi-

652 1068 780 1122 ﬁcat
815 1080 873 1121 se
901 1080 1022 1120 esse
1056 1064 1381 1124 Excelsum:
1417 1064 1517 1133 ipsi
1545 1065 1689 1119 enim
1734 1074 1997 1135 quantum
2042 1067 2098 1120 in
2140 1067 2221 1123 eis

650 1164 772 1213 erat
792 1196 808 1218 .
845 1156 1009 1210 Deum
1042 1155 1299 1208 humilem
1331 1153 1654 1218 effecerant,
1687 1155 1846 1210 idolis
1874 1156 2222 1211 consentien-

652 1248 743 1303 do.
778 1245 1083 1301 Prrscrtim
1110 1261 1237 1299 vero
1263 1255 1507 1299 sanctum
1534 1262 1590 1299 se
1615 1262 1736 1300 esse
1758 1246 2069 1311 contendit,
2094 1262 2219 1301 cum

650 1339 727 1393 illi
758 1353 956 1393 nomen
983 1339 1101 1406 ejus
1134 1338 1315 1405 pravis
1356 1337 1777 1405 cogitationibus
1818 1346 1871 1390 et
1918 1336 2221 1393 inhonestis

648 1429 911 1498 operibus
967 1427 1336 1496 profanarent.
1384 1426 1493 1496 Ego
1533 1442 1663 1481 vero
1706 1436 1929 1481 sanctus
1972 1443 2125 1492 sum,
2168 1436 2221 1483 et

650 1522 856 1576 sanctis
886 1518 1223 1589 congaudco.
1250 1530 1305 1573 et
1338 1528 1556 1573 sanctos
1585 1520 1829 1573 homines
1854 1518 2047 1583 cilicio,
2077 1520 2221 1575 vires

648 1626 837 1666 eorum
865 1611 1112 1680 augendo
1132 1651 1146 1674 ,
1174 1620 1228 1665 et
1254 1620 1464 1664 mentes
1492 1610 1748 1679 erigendo
1780 1609 1844 1663 ad
1872 1611 2217 1674 sublimiora,

648 1704 944 1758 dummodo
975 1719 1033 1758 se
1064 1719 1164 1772 ope
1193 1718 1311 1755 mea
1341 1701 1533 1771 dignos
1566 1702 1825 1770 praebere,
1852 1711 1903 1756 et
1930 1701 2219 1755 contritam

647 1793 1097 1864 bumiliatamque
1124 1794 1450 1846 voluntatem
1471 1801 1727 1861 prmstare
1747 1792 2064 1857 videantur;
2092 1807 2216 1845 nam

644 1887 847 1940 talibus
874 1902 973 1955 ego
1005 1886 1167 1939 vitam
1198 1893 1453 1938 aeternam
1485 1884 1703 1954 largior.

724 2064 882 2119 Vens.
930 2066 1015 2119 l6.
1060 2066 1263 2120 Ulcisci
1306 2079 1372 2118 co
1418 2079 1584 2117 sensu
1626 2060 1769 2117 Deus
1807 2059 2030 2125 dicitur,
2072 2059 2217 2129 ψιοὰ

647 2166 967 2226 peccatores
998 2158 1119 2211 ideo
1147 2158 1308 2212 malis
1336 2154 1567 2218 alliciat,
1595 2163 1656 2208 ut
1689 2170 1746 2209 se
1772 2154 2002 2224 quisque
2024 2152 2092 2206 ad
2121 2152 2218 2207 bo-

644 2265 772 2303 nam
811 2248 1018 2319 frugem
1055 2250 1318 2319 recipiat;
1360 2248 1503 2318 quod
1547 2247 1675 2301 facit
1700 2246 1876 2309 Deus,
1907 2245 2217 2301 misericor-

642 2341 730 2393 dia
766 2342 923 2394 nobis
955 2356 1205 2409 parcens.

716 2429 879 2485 Vens.
926 2432 1009 2484 l7.
1055 2432 1110 2485 ln
1141 2434 1273 2500 ipsis
1299 2433 1460 2487 etiam
1487 2433 1663 2501 pomis
1685 2430 1989 2501 repetendis
2010 2429 2215 2484 miseri-

642 2524 883 2576 cordiam
914 2538 1066 2577 suam
1096 2524 1339 2578 declarat
1372 2522 1542 2590 Deus,
1577 2522 1704 2576 dum
1730 2523 1896 2576 multa
1926 2529 2213 2591 peccantes

639 2617 831 2685 paucis
864 2616 1068 2685 affligit.

711 2706 837 2761 CAP.
874 2706 1069 2772 LVIII,
1104 2705 1269 2761 Vens.
1299 2708 1348 2761 1.
1380 2705 1509 2761 Rem
1540 2707 1727 2761 leviter
1754 2704 2211 2777 perpendentibus

639 2799 812 2855 latari
857 2800 1111 2854 videntur
1150 2801 1299 2869 impii
1342 2801 1397 2853 in
1442 2799 1813 2869 voluptatibus
1855 2800 2009 2863 suis;
2056 2808 2109 2852 at
2156 2800 2209 2852 in

639 2893 758 2949 dies
802 2892 867 2945 ad
903 2892 1195 2961 perniciem
1232 2892 1454 2961 propius
1480 2890 1832 2953 accedentes,
1866 2906 1992 2943 vera
2024 2890 2209 2943 laetitia

638 2990 867 3047 carent;
899 2997 1006 3034 non
1042 2982 1184 3034 enim
1219 2990 1302 3035 est
1333 2982 1437 3033 alia
1468 2981 1649 3033 laetitia
1689 2988 1881 3048 praeter
1908 2995 2027 3034 eam
2048 3021 2062 3043 ,
2090 2996 2210 3049 qua:

638 3088 738 3143 per
770 3073 983 3126 labores
1021 3083 1075 3125 et
1112 3072 1488 3126 tribulationes
1514 3072 1679 3124 vitam
1710 3079 1966 3125 atcrnam
2017 3085 2209 3139 opera-

635 3173 749 3220 tur.
784 3164 924 3220 Justi
956 3174 1132 3218 autem
1164 3180 1289 3218 vera
1318 3166 1498 3218 laetitia
1530 3165 1844 3233 rcplentur;
1882 3164 2080 3233 quippe
2114 3164 2206 3232 qui
2235 3198 2279 3259 ς

636 3273 801 3328 opere
844 3272 907 3311 ea
950 3258 1236 3325 perticiunt
1262 3272 1380 3325 qua:
1409 3256 1727 3313 intendunt.
1760 3263 1814 3309 et
1844 3254 1965 3310 ideo
1994 3255 2205 3325 placida

638 3357 819 3402 mente
851 3346 1107 3400 fruuntur
1137 3360 1200 3399 ac
1228 3346 1539 3415 tranquilla.

712 3523 873 3578 Vens.
907 3523 961 3577 9.
993 3524 1122 3589 Quae
1145 3524 1360 3592 quidem
1392 3523 1701 3576 hominibus
1728 3522 2031 3591 peragenda
2055 3528 2201 3586 sunt,

638 3617 806 3670 vitam
837 3632 991 3670 suam
1023 3624 1077 3669 et
1110 3630 1287 3668 mores
1321 3630 1450 3669 suos
1481 3624 1625 3668 recte
1656 3614 2069 3669 instruentibus.

706 3706 835 3761 CAP.
876 3705 1023 3771 LIX,
1068 3705 1229 3760 Vens.
1264 3708 1313 3760 5.
1356 3705 1625 3775 Pleraque
1660 3705 2043 3768 consiliorum,
2084 3720 2205 3775 qua

636 3799 818 3853 verbis
856 3799 1024 3852 locuti
1077 3808 1237 3863 sunt,
1291 3807 1351 3853 ut
1395 3814 1496 3853 ova
1539 3798 1787 3867 aspidum
1816 3798 2057 3853 nondum
2087 3813 2203 3851 ma-

634 3894 757 3943 tura
781 3931 795 3946 .
830 3898 924 3942 aut
954 3890 1057 3943 tela
1089 3904 1297 3943 araneae
1328 3906 1447 3959 qua:
1490 3890 1694 3943 nullius
1738 3906 1873 3945 usus
1918 3900 2038 3953 est,
2082 3890 2203 3959 plus

634 3977 816 4033 damni
843 3978 1073 4033 afferunt
1098 3995 1259 4048 quam
1290 3981 1558 4034 utilitatis.
1589 3980 1745 4045 Quod
1777 3982 1822 4035 si
1853 3989 2035 4035 autem
2065 3980 2205 4035 forte

633 4085 697 4123 ea
718 4110 731 4134 ,
766 4069 913 4123 velut
946 4071 1056 4124 fota
1078 4110 1092 4132 ,
1126 4085 1293 4139 opere
1318 4070 1635 4139 perficient,
1673 4087 1852 4125 nonne
1880 4073 2077 4126 merito
2109 4087 2203 4128 eos

634 4174 759 4213 cum
791 4159 1104 4213 hominibus
1133 4158 1413 4213 conferres
1433 4200 1447 4221 ,
1478 4176 1639 4213 ovum
1668 4161 1873 4229 aspidis
1903 4160 2205 4229 frangenti-

634 4252 736 4303 bus
756 4290 769 4311 ,
798 4264 852 4304 et
880 4250 933 4303 in
962 4266 1027 4305 eo
1059 4250 1305 4317 regulum
1354 4250 1749 4318 reperientihus
1774 4252 1796 4302 ’ἔ
1842 4248 1945 4315 Qui
1993 4252 2205 4306 scilicet

633 4335 829 4404 anguis
860 4345 943 4390 est
972 4345 1272 4390 venenatus
1302 4345 1354 4391 et
1385 4337 1716 4393 mortiferus.

2328 701 2695 770 προσάγοντες
2751 700 2820 754 τὰ
2870 702 3077 753 ἑαυτῶν
3118 701 3286 754 τέκνα
3328 701 3409 760 είς
3463 699 3671 768 σφαγὴν
3702 697 3813 752 ἐπί
3848 712 3907 753 τι

2322 793 2431 845 τῶν
2452 793 2625 863 ὀρέων
2652 794 2745 844 καὶ
2776 792 2884 845 τῶν
2916 793 3150 864 πετρῶν,
3189 793 3290 862 τὴν
3312 792 3407 847 τοῦ
3439 789 3570 844 Θεοῦ
3593 790 3761 859 δίκην
3786 789 3907 843 διαρ

2325 881 2547 949 φεύγειν
2581 881 2978 951 ὑπελάμϐανον.

2393 971 2492 1025 Διά
2514 971 2719 1025 τούτων
2751 972 2887 1033 ὅλων
2918 971 3026 1024 τῶν
3053 974 3331 1042 ὀνομάτων
3363 974 3398 1043 ἡ
3430 971 3522 1025 τοῦ
3551 970 3683 1025 Θεοῦ
3721 971 3900 1041 εὐμει-

2322 1081 2439 1117 νεια
2463 1064 2734 1133 δηλοῦται,
2766 1066 2847 1119 ὅτι
2877 1082 2936 1118 τε
2971 1064 3193 1133 ὕψιστός
3217 1068 3361 1119 ἐστιν
3384 1082 3400 1097 ο
3424 1067 3473 1118 εί
3490 1065 3599 1129 καὶ,
3620 1065 3755 1119 ὅσον
3791 1059 3899 1135 ἦα

2320 1153 2381 1205 τὸ
2425 1152 2604 1206 αὐτῶν
2632 1153 2815 1223 μέρος,
2862 1154 3113 1206 ταπεινὸν
3128 1157 3478 1225 πεποιήκασι,
3509 1154 3898 1224 συγκρίνοντες

2322 1244 2559 1308 εἰδώλοις
2602 1262 2662 1297 τε
2712 1244 2804 1297 καὶ
2861 1243 3141 1313 δαίμοσιν
3176 1244 3237 1295 ού
3279 1244 3385 1313 μὴν
3422 1243 3556 1298 ἀλλά
3586 1243 3678 1296 καὶ
3700 1243 3890 1311 ἅγιος.

2320 1335 2526 1390 τούτων
2560 1334 2926 1406 βεϐηλούντων
2962 1334 3023 1386 τὸ
3054 1333 3217 1387 αὑτοῦ
3248 1334 3418 1405 ὄνομα
3437 1338 3629 1398 κακαῖς
3646 1334 3897 1405 ἐνθυμή-

2324 1445 2441 1480 σεσι
2469 1428 2564 1481 καὶ
2593 1427 2852 1499 πράξεσιν
2873 1428 2933 1479 ού
2969 1427 3189 1490 καλαῖς·
3217 1426 3330 1479 ἀλλ’
3355 1428 3504 1497 ὅμως
3538 1428 3697 1491 αὐτὸς
3731 1428 3895 1495 ἅγιος

2321 1516 2398 1570 ὢν
2422 1520 2516 1571 καὶ
2537 1519 2713 1586 ἁγίοις
2742 1519 2967 1589 χαίρων,
3000 1518 3284 1581 κάκείνους
3322 1516 3581 1585 ἁγιάζων,
3610 1520 3892 1590 ἐπιρρων-

2322 1608 2417 1670 νὺς
2445 1608 2624 1661 αὐτῶν
2645 1608 2743 1679 τὴν
2768 1607 2995 1679 δύναμιν
3020 1648 3035 1672 ,
3070 1609 3165 1661 καὶ
3199 1609 3426 1679 ἐγείρων
3454 1610 3632 1663 αὐτῶν
3658 1610 3731 1663 τὰ
3760 1628 3894 1683 φρο-

2322 1698 2560 1767 νήματα,
2613 1698 2770 1771 μόνον
2829 1700 2875 1751 εί
2926 1699 3222 1768 φανείησαν
3278 1698 3503 1760 ἑαυτοὺς
3553 1700 3891 1771 παρέχοντας

2322 1756 2522 1855 ἀξίους,
2544 1756 2637 1845 καὶ
2660 1756 2759 1862 τίν
2791 1756 2997 1845 ἑαυτύιν
3024 1756 3238 1861 θέλησιν
3249 1756 3550 1853 δεικνύντες

2247 1873 2291 1927 Β
2322 1884 2488 1953 μένην
2512 1884 2606 1935 καὶ
2649 1884 3124 1953 τεταπεινωμένην
3144 1900 3158 1914 ·
3197 1883 3290 1936 καὶ
3325 1881 3434 1951 γάρ
3465 1883 3565 1934 καὶ
3587 1879 3735 1952 ζωὴν
3757 1883 3892 1938 CB3-

2318 1985 2429 2022 νιον
2448 1972 2561 2033 τοῖς
2582 1969 2842 2033 τοιούτοις
2868 1974 3179 2041 χορηγήσω.

2405 2062 2648 2116 Ἐκδικία
2679 2062 2736 2115 δὲ
2758 2063 2850 2117 καὶ
2875 2066 2994 2115 κατ’
3027 2062 3183 2117 ἄλλον
3213 2064 3412 2135 τρόπον
3436 2062 3676 2130 λέγεται,
3698 2062 3769 2115 τὸ
3796 2077 3889 2117 τον

2315 2157 2693 2227 ἁμαρτάνοντα
2718 2154 3085 2226 παραδοθῆναι
3114 2153 3451 2223 σκυθρωποῖς
3477 2154 3615 2225 προς
3636 2152 3698 2205 τδ
3720 2153 3889 2207 αὐτόν

2313 2262 2433 2299 τινα
2480 2244 2611 2315 παρ’
2659 2242 2851 2296 ἑαυτοῦ
2909 2241 3291 2313 παιδευθῆναι·
3331 2242 3505 2296 ταῦτα
3543 2244 3687 2295 me!
3729 2241 3886 2307 Θεος,

2316 2334 2688 2407 φιλανθρωπία
2718 2334 3030 2403 φειδόμενος
3058 2328 3150 2387 τοῦ
3185 2334 3449 2405 ἡμετέρου
3482 2334 3689 2402 γένους.
3842 2324 3849 2325 ί

2382 2424 2492 2495 Τὴν
2554 2425 2963 2497 φιλανθρωπίαν
2995 2424 3189 2478 ἑαυτοῦ
3226 2427 3254 2477 ὁ
3287 2425 3424 2488 Θεὸς
3446 2426 3540 2479 καὶ
3564 2427 3625 2479 ἐν
3650 2427 3781 2489 ταῖς
3807 2441 3887 2477 τι-

2317 2518 2547 2586 μωρίαις
2576 2517 2926 2578 ἐνδείκνυται,
2945 2518 2977 2585 ή
2987 2515 3102 2585 μῶν
3125 2517 3222 2585 μὲν
3237 2515 3405 2568 πολλά
3433 2516 3883 2586 ἁμαρτανόντων,

2311 2608 2475 2660 αὑτοῦ
2495 2608 2550 2659 δὲ
2580 2608 2735 2675 ὀλίγα
2764 2608 3125 2669 παιδεύοντος.

2376 2699 2495 2751 Κᾶν
2542 2697 2651 2769 γὰρ
2701 2701 2749 2751 οἱ
2795 2698 3011 2760 ἀσεϐεῖς
3043 2699 3121 2768 τῷ
3152 2697 3324 2750 δοκεῖν
3354 2698 3552 2751 δοκῶσι
3582 2698 3799 2768 χαίρειν
3824 2700 3886 2753 ἒν

2308 2794 2430 2854 ταῖς
2480 2791 2687 2843 ἑαυτῶν
2742 2791 2954 2861 ἡδοναῖς
3003 2790 3344 2861 τρεφόμενοι,
3393 2790 3529 2844 ἀλλά
3591 2788 3745 2859 γὀὗν
3804 2793 3886 2856 εἰς

2310 2881 2580 2944 ἀπωλείας
2636 2882 2788 2945 τέλος
2832 2883 3310 2952 καταστρέφοντες,
3368 2882 3429 2933 ού
3472 2881 3571 2952 τὴν
3622 2880 3886 2954 ἀληθινὴν

2308 2971 2480 3041 χαρὰν
2541 2972 2822 3042 χαίρουσι·
2858 2972 2990 3041 μόνη
3046 2972 3153 3043 γὰρ
3208 2971 3413 3041 κυρίως
3441 2971 3509 3023 ἂν
3548 2971 3633 3039 εἵη
3672 2970 3882 3042 χαράή

2309 3064 2371 3114 ὲκ
2405 3064 2662 3131 καμάτων
2714 3080 2771 3114 τε
2824 3064 2917 3114 καὶ
2958 3063 3189 3130 θλίψεων
3212 3061 3355 3132 ζωὴν
3380 3059 3597 3114 αἰώνιον
3620 3078 3885 3131 πραγμα-

2308 3154 2591 3223 τευομένη.
2629 3153 2788 3205 Ἀλλά
2823 3155 2917 3206 καὶ
2942 3155 3115 3224 χαρᾶς
3141 3153 3240 3222 τῆς
3262 3151 3519 3223 ἀληθινῆς
3540 3150 3883 3222 πληροῦνται

2308 3244 2357 3294 οί
2397 3241 2930 3312 δικαιοπραγοῦντες,
2959 3244 3035 3305 εἰς
3066 3243 3223 3310 ἔργον
3261 3244 3443 3305 αὐτοῖς
3468 3240 3883 3312 προχωροῦντος

2306 3333 2397 3386 τοῦ
2426 3335 2650 3397 σκοποῦ,
2688 3335 2781 3387 καὶ
2810 3336 3084 3406 ἀταράχου
3125 3336 3390 3406 μενούσης
3430 3336 3529 3404 τῆς
3553 3335 3759 3405 ψυχῆς,
3788 3336 3883 3388 καὶ

2304 3424 2730 3497 γαληνιαζούσης
2761 3428 2818 3478 ἐν
2848 3428 3035 3496 ἑαυτῇ.
3804 3464 3817 3471 -

2374 3516 2483 3568 Καὶ
2507 3516 2679 3569 ταῦτα
2734 3516 3102 3587 ῥυθμιζόντων
3126 3516 3322 3580 αὐτοὺς
3370 3518 3453 3579 εἰς
3484 3516 3597 3587 βίον
3644 3517 3744 3568 τὸν
3798 3519 3881 3571 ἑν-

2305 3606 2517 3676 ἀρετον,
2546 3610 2639 3661 καὶ
2666 3609 2884 3678 τρόπων
2912 3608 3179 3679 εὐθύτητα
3208 3610 3513 3677 ὑφηγεῖται.

2375 3699 2456 3750 Τὰ
2480 3699 2586 3769 γάρ
2619 3698 2844 3753 πλεῖστα
2870 3700 2976 3752 τῶν
2995 3701 3423 3770 ὲπιθυμημάτων
3442 3699 3622 3754 αὐτῶν
3646 3692 3728 3755 ὧν
3754 3715 3879 3753 συν-

2305 3788 2553 3854 ελέξαντο
2599 3789 2785 3859 ὥσπερ
2834 3790 2916 3841 ea:
2957 3792 3196 3844 ἀσπίδων
3218 3791 3641 3860 ἀτελεσφὸρητα,
3673 3790 3775 3843 καὶ
3803 3790 3879 3852 ὡς

2309 3879 2453 3939 ἱστὸς
2476 3878 2719 3949 ἀράχνης
2757 3882 2836 3941 είς
2872 3879 3022 3933 οὐδὲν
3048 3881 3311 3933 συντελῶν
3338 3881 3509 3949 μένει,
3542 3879 3749 3951 βλάϐην
3776 3882 3875 3934 αύ-

2303 3970 2415 4029 τοῖς
2444 3967 2640 4037 μᾶλλον
2668 3970 2810 4039 ἥπερ
2836 3969 3105 4037 ὠφέλειαν
3136 3971 3370 4040 φέροντα
3399 3988 3412 4001 ·
3445 3971 3493 4023 εί
3521 3969 3580 4021 δὲ
3613 3970 3709 4022 καὶ
3740 3987 3876 4039 συμ-

2306 4058 2432 4127 ϐαίη
2460 4059 2663 4121 ταύτας
2686 4059 2783 4122 τὰς
2830 4060 3038 4128 ἐννοίας
3079 4060 3261 4133 ὥσπερ
3282 4060 3773 4131 διαθερμανθείσας
3795 4063 3874 4124 εις

2306 4152 2530 4220 πράξεις
2554 4151 2841 4221 προκόψαι,
2874 4152 2973 4204 οὐκ
3006 4152 3180 4205 ἔοικεν
3212 4154 3439 4215 ἐκείνοις
3476 4156 3590 4215 τοῖς
3626 4152 3861 4206 κλάσασι

2307 4242 2406 4310 μὲν
2454 4243 2557 4295 ὠὸν
2615 4242 2856 4306 ἀσπίδος,
2892 4242 3205 4313 βασιλίσκον
3252 4244 3308 4296 δὲ
3333 4245 3392 4299 ὲν
3421 4244 3601 4307 αὐτοῖς
3630 4244 3752 4314 (12)
3781 4245 3869 4298 e23-

2266 4346 2269 4349 ‘
2306 4331 2486 4401 ροῦσι;
2520 4332 2610 4384 καὶ
2662 4332 2792 4384 αὑτό
2838 4334 2954 4385 ἐστι
3008 4332 3208 4385 ίοῦόλον
3240 4334 3333 4385 καὶ
3368 4334 3741 4405 θανατηφόρον
3780 4336 3869 4405 ἑρ-

2305 4424 2484 4475 πετόν.

706 4511 870 4569 Vsns.
914 4515 998 4569 10.
1041 4512 1171 4577 Qua:
1202 4515 1303 4569 hoc
1338 4530 1503 4569 sensu
1539 4515 1811 4585 accipies:
1848 4518 2199 4586 quemadmo-

2382 4514 2490 4565 Καὶ
2534 4512 2692 4573 τοῦτο
2739 4513 2795 4565 δὲ
2844 4515 3163 4583 σκοπητέον,
3194 4516 3295 4578 ὅτι,
3346 4515 3533 4584 ὥσπερ
3574 4515 3867 4586 ὀφθαλμῶν

632 4601 761 4656 dum
791 4604 926 4657 nihil
953 4619 1139 4657 eorum
1173 4620 1292 4673 qua:
1321 4607 1684 4659 obversantur
1713 4622 1934 4661 cernere
1964 4610 2195 4676 poterit,

633 4693 724 4760 qui
758 4693 931 4747 oculis
960 4694 1084 4747 licet
1118 4695 1374 4761 praeditus
1409 4695 1527 4748 luce
1558 4705 1739 4759 caret,
1777 4707 1869 4750 aut
1899 4700 1989 4766 qui
2025 4700 2200 4753 lucem

635 4784 893 4853 adeptus,
924 4784 1098 4838 oculis
1130 4785 1465 4850 destituitur,
1516 4788 1588 4838 ita
1636 4802 1857 4841 necesse
1902 4799 1984 4842 est
2015 4799 2073 4843 ut
2107 4791 2198 4859 qui

633 4884 814 4927 tuente
844 4873 1045 4942 aliquid
1072 4876 1357 4943 complecti
1390 4878 1657 4941 voluerit,
1691 4879 1936 4933 doctrina
1961 4881 2200 4937 illustre-

632 4972 720 5021 tur
751 4978 819 5017 ex
844 4961 1044 5016 divinis
1076 4962 1373 5033 Scripturis
1401 4964 1705 5033 desumpta.

705 5050 869 5106 Vens.
916 5053 1002 5108 11.
1044 5052 1251 5107 Tantus
1293 5056 1395 5109 erit
1435 5057 1514 5110 eis
1548 5059 1779 5127 gemitus
1829 5068 1882 5113 et
1929 5060 2195 5124 ululatus.

632 5154 870 5215 quantus
904 5159 1033 5199 urso
1062 5146 1271 5199 catulos
1319 5148 1549 5202 amissos
1599 5149 1842 5217 lugenti;
1894 5158 1987 5203 aut
2034 5152 2197 5205 etiam

631 5245 869 5307 quantus
900 5238 1166 5293 columbae
1193 5255 1314 5307 quae
1342 5247 1533 5294 natura
1564 5242 1823 5295 continuo
1852 5242 2054 5296 fremit.

705 5410 867 5466 Vens.
908 5415 990 5465 I7.
1028 5414 1265 5467 Salutem
1289 5456 1301 5477 ,
1332 5429 1492 5484 quam
1521 5431 1710 5485 ptenas
1738 5420 1929 5471 dantes
1958 5432 2054 5486 per
2081 5433 2195 5485 pce-

632 5504 911 5562 nitentiam
956 5514 1008 5557 ct
1050 5508 1385 5561 docilitatem
1434 5510 1678 5564 homines
1724 5512 1825 5564 sibi
1879 5519 2192 5578 operantur,

632 5594 908 5662 suscipere
933 5594 1063 5648 dicit
1087 5594 1251 5649 Deum
1276 5636 1289 5659 ,
1314 5607 1366 5652 et
1389 5600 1532 5653 velut
1562 5600 1937 5655 indumentum
1960 5642 1975 5669 ,
2009 5616 2194 5655 eorum

700 5765 811 5841 (I20
840 5766 1019 5826 Potius
1052 5771 1217 5841 αὐτῷ.

2301 4604 2489 4668 ὄντων,
2546 4608 2594 4657 εί
2647 4606 2721 4677 μὴ
2746 4609 2945 4679 παρείη
2978 4606 3113 4676 φῶς,
3146 4608 3239 4659 κα)⁵
3280 4607 3459 4675 φωτὸς
3503 4608 3672 4671 ὖντος,
3711 4610 3763 4663 εί
3793 4608 3865 4679 μὴ

2300 4691 2429 4749 ὦσιν
2451 4698 2714 4768 ὀφθαλμοὶ
2750 4699 3056 4767 βλέποντες,
3104 4699 3363 4753 ἀδύνατόν
3393 4701 3509 4752 ἑστι
3540 4698 3611 4752 τὰ
3644 4701 3865 4753 ὑποκεί-

2304 4805 2438 4856 μενα
2465 4789 2701 4859 καθορᾷν
2723 4806 2737 4821 ο
2777 4788 2950 4853 οὕτως
2979 4789 3191 4860 ἀνάγκη
3230 4790 3321 4842 καὶ
3349 4788 3439 4843 τδν
3466 4788 3789 4859 βουλόμενόν
3809 4806 3862 4841 τι

2299 4880 2622 4934 διανοεῖσθαι
2654 4881 2798 4945 νοῦν,
2830 4882 2905 4952 μὴ
2922 4883 2986 4935 ὲκ
3010 4882 3117 4935 τῶν
3134 4881 3291 4935 θείων
3312 4881 3543 4953 Γραφῶ
3565 4882 3861 4952 ἀρυόμενον

2302 4971 2510 5040 σοφίαν,
2541 4974 2877 5043 διαμαρτεῖν.

2372 5062 2631 5126 Τοσοῦτος
2678 5063 2734 5115 δὲ
2774 5063 2923 5115 ἔσται
2955 5066 2983 5116 ό
3012 5064 3307 5135 στεναγμὸς
3337 5064 3431 5118 καὶ
3464 5065 3497 5135 ἡ
3533 5063 3661 5133 παρ’
3684 5061 3859 5116 αὐτῶν

2299 5153 2533 5223 οἰμωγὴ,
2567 5154 2699 5224 ὅσην
2734 5154 2935 5224 ἄρκτος
2958 5156 3265 5210 ἀπολέσασα
3286 5157 3353 5209 τά
3376 5157 3573 5224 ἑαυτῆς
3595 5156 3762 5207 τέκνα
3784 5155 3855 5206 ol-

2303 5245 2497 5313 μώξει·
2530 5245 2588 5298 οὐ
2626 5246 2732 5315 μὴν
2776 5245 2913 5299 ἁλλά
2938 5247 3031 5298 καὶ
3062 5248 3353 5320 περιστερὰ
3382 5246 3740 5307 ἀδιαλείπτως
3762 5260 3857 5313 φυ-

2300 5338 2467 5400 σικῶς
2494 5337 2786 5407 βρύχουσα.

2369 5430 2477 5500 Τὴν
2506 5433 2568 5482 ὲκ
2603 5430 2703 5500 τῆς
2746 5431 3028 5499 μετανοίας
3064 5433 3159 5484 καὶ
3186 5432 3450 5495 συνέσεως
3479 5448 3856 5502 πραγματευο-

2302 5518 2468 5588 μένην
2504 5519 2774 5588 σωτηρίαν
2808 5521 2919 5582 τοῖς
2960 5520 3401 5590 τιμωρουμένοις.
3416 5520 3746 5575 οἰκειοῦσθαι
3774 5522 3857 5576 ὢν

2297 5606 2427 5660 Θεὸν
2486 5608 2703 5676 φάσκει,
2766 5606 2858 5660 καὶ
2887 5607 3163 5662 ἐνδύεσθαι
3210 5609 3398 5679 ὥσπερ
3436 5625 3490 5662 τι
3525 5608 3728 5679 ἔνδυμα
3765 5608 3855 5681 τὴν
