4044 6324
168 402 311 458 1365

1598 408 1661 462 ΙΝ
1697 407 1945 465 ΙΞΔΙΔΙ.

3264 411 3400 467 1560

167 516 744 588 τούτωνβικαιοσύνην
769 532 782 545 ·
818 516 877 568 οὐ
910 516 1014 587 μὴν
1032 517 1165 570 ἀλλά
1199 518 1288 569 καὶ
1312 516 1498 587 ὥσπερ
1521 535 1572 569 τι
1606 519 1737 589 κρά-

1864 520 2098 574 ustitiam
2131 522 2375 576 induere.
2401 520 2513 575 lmo
2542 523 2699 591 quasi
2722 525 2886 577 lorica
2911 535 2964 580 et
2982 539 3131 594 ganea
3152 565 3167 588 ,
3190 528 3364 596 inquit
3382 566 3399 594 ,

172 623 267 670 νος
297 608 392 660 καὶ
451 605 674 676 θώρακα
715 607 1084 679 περιτίθεσθαι
1112 609 1309 677 φάσκει
1338 609 1428 663 τὸν
1446 609 1598 672 Θεὸν,
1634 609 1733 673 τὰς

171 697 289 752 τῶν
311 698 611 768 ἀνθρώπων
650 700 1205 770 δικαιοπραγματείας
1232 718 1243 730 ”
1285 701 1352 753 τὰ
1395 702 1451 753 δέ
1487 702 1579 754 ἐπὶ
1598 700 1733 753 Θεοῦ

172 789 430 861 ιῑληπται
477 790 826 861 παραμυθίαν
862 789 1091 861 φέροντα
1128 794 1241 855 τοῖς
1273 794 1565 861 ἀκροαταῖς
1588 808 1604 823 ⁸
1640 791 1736 845 καὶ

171 880 455 950 ἐπεγείρει
519 880 695 934 αὐτῶν
754 880 824 933 τὰ
873 882 1230 951 φρονήματα,
1291 882 1366 945 ὡς
1425 882 1737 951 δυναμένων

174 971 361 1025 αὐτῶν
410 972 504 1024 καὶ
533 970 730 1041 ἔνδυμα
774 970 909 1026 Θεοῦ
934 972 1204 1041 γενέσθαι,
1238 971 1582 1042 δικαιοσύνην
1610 990 1734 1042 μετ-

177 1064 394 1115 ιόντων.

259 1152 567 1223 Προειδέναι
600 1152 707 1223 χρὴ
737 1153 797 1205 τὸ
830 1148 959 1223 ἦθος
991 1155 1048 1207 rb
1091 1154 1430 1219 δεσποτικὸν,
1460 1156 1540 1209 ὅτι
1563 1155 1742 1209 πάντα

174 1243 249 1295 δι’
275 1243 582 1311 ἀγαθότητα
624 1243 911 1311 προλέγειν
958 1247 1053 1309 ὼς,
1087 1247 1213 1298 ὅταν
1250 1246 1444 1315 ἀπειλῇ
1480 1246 1597 1315 μὲν,
1632 1245 1739 1307 ἴνα,

178 1334 513 1403 φοϐηθέντες
551 1333 620 1386 τὰ
652 1334 966 1405 σκυθρωπὰ,
1001 1336 1424 1406 ἐπιστρέψαντες
1450 1336 1541 1389 καὶ
1577 1353 1743 1405 μετα-

177 1424 476 1492 νοήσαντες
531 1423 883 1493 ἀπαλλαγῶσι
929 1428 1028 1496 τῆς
1064 1429 1257 1497 πείρας
1314 1428 1423 1479 τῶν
1450 1428 1666 1480 δεινῶν
1708 1428 1741 1497 ἢ

179 1513 349 1565 πάλιν
380 1514 767 1580 ἐπαγγέλλεται
796 1516 865 1569 τὰ
897 1517 1097 1584 ἀγαθὰ,
1122 1518 1207 1571 ἵνα
1234 1520 1353 1581 ταῖς
1394 1517 1743 1585 ἐπαγγελίαις

180 1601 473 1673 δπιῤῥὼσῃ
492 1604 597 1657 τῶν
619 1604 1148 1676 δικαιοπραγούντων
1168 1606 1264 1667 τάς
1299 1606 1494 1676 ψυχὰς,
1529 1606 1661 1676 πρὸς
1687 1606 1747 1658 τὸ

183 1693 397 1764 μᾶλλον
459 1695 673 1766 ἔχεσθαι
725 1697 822 1767 τῆς
866 1698 1001 1768 πρὸς
1034 1698 1124 1751 τὸν
1162 1697 1297 1750 Θεὸν
1325 1699 1555 1761 ἐλπίδος.
1609 1696 1744 1749 Ἀλλ’

180 1786 310 1840 οὐδέ
343 1802 441 1839 που
498 1788 590 1839 καὶ
643 1788 886 1857 ἀνάγκην
909 1788 1020 1857 ἔχει
1057 1788 1186 1852 Θεὸς
1218 1788 1457 1861 πληροῦν
1477 1790 1648 1842 ταῦτα
1667 1807 1679 1817 ·
1712 1789 1744 1859 ἢ

181 1874 300 1947 γὰρ
331 1878 773 1946 μετανοησάντων
810 1879 978 1948 ἀνῆκε
1012 1879 1101 1932 τὸν
1129 1879 1319 1949 θυμὸν,
1359 1880 1416 1949 ἠ,
1460 1878 1534 1951 μὴ
1561 1881 1753 1950 ἐμμει-
1783 1861 1829 1918 Β

182 1967 399 2025 νάντων
441 1971 552 2031 τοῖς
598 1970 803 2033 καλοῖς,
839 1970 897 2022 ού
947 1969 1217 2022 τελειώσει
1250 1971 1318 2023 τά
1352 1969 1752 2037 ἐπαγγελθέντα

181 2055 353 2119 καλὰ,
378 2056 534 2126 ήμῶν
553 2059 894 2127 παρεχόντων
926 2060 1023 2122 τὰς
1047 2059 1225 2121 αἰτίας
1252 2057 1329 2127 τῷ
1355 2057 1474 2127 Θεῴ
1496 2056 1589 2109 τοῦ
1620 2055 1754 2126 πλη-

187 2143 324 2214 ροῦν
350 2144 419 2195 τὰ
445 2145 851 2214 ἐπαγγελθέντα
879 2146 1043 2199 κακά.

266 2236 374 2288 Καὶ
397 2235 565 2288 ταῦτα
585 2237 641 2287 δὲ
656 2236 775 2288 καθ’
807 2236 1046 2306 ἱστορίαν
1069 2235 1315 2305 ζητοῦντι
1332 2235 1536 2287 ἔνεστιν
1553 2236 1748 2305 εὑρεῖψ

186 2323 353 2377 τοῦτο
380 2326 477 2394 μέν
512 2321 691 2396 Κύρου
730 2325 1202 2396 ἁνοικοδομοῦντος
1236 2326 1334 2395 τὴν
1382 2324 1751 2394 Ἰερουσαλὴμ,

188 2414 291 2467 καὶ
332 2418 448 2485 μετ’
474 2416 634 2469 αὑτὸν
670 2417 902 2487 Δαρείου
928 2435 943 2450 ο
979 2419 1040 2469 ού
1080 2419 1185 2487 μὴν
1213 2418 1345 2470 ἀλλὰ
1380 2418 1473 2470 καὶ
1511 2417 1755 2481 Ἀλεξάν-

186 2504 320 2575 δρου
347 2505 437 2558 τὸν
477 2508 745 2578 ἱερατικὸν
776 2508 954 2559 στόλον
980 2507 1338 2576 θεασαμένου,
1371 2506 1464 2559 καὶ
1491 2505 1757 2576 μεταϐαλ-

190 2594 421 2663 λομένου
445 2594 535 2647 τὸν
565 2594 734 2665 θυμὸν
759 2598 838 2658 είς
861 2595 1249 2665 προσκύνησιν.

268 2685 444 2756 Ὅπερ
470 2681 557 2755 ἦν,
583 2686 675 2738 καὶ
697 2687 789 2737 ἐπὶ
812 2686 910 2755 τῆς
938 2686 1054 2739 νυνὶ
1080 2684 1464 2746 καταστάσεως
1488 2683 1593 2735 τῶν
1638 2683 1758 2735 Ἐκ-

193 2775 435 2846 κλησιῶν
462 2774 743 2844 δηλοῦται·
771 2776 967 2838 πάντες
998 2775 1110 2845 γὰρ
1146 2773 1512 2843 ἁπανταχόθεν
1537 2772 1758 2834 ταύταις

192 2865 546 2935 προσοίσουσι
573 2866 671 2927 τὰς
697 2866 970 2936 ἀπαρχάς.

279 2955 639 3016 Ἐπισκόπους
688 2955 831 3023 λέγει
862 2956 987 3018 τοὺς
1020 2953 1446 3015 ἐπιστατοῦντας
1474 2953 1566 3006 τοῦ
1609 2953 1756 3015 λαοῦ,

195 3043 293 3107 οὓς
317 3047 410 3097 καὶ
444 3044 783 3116 δικαιοσύνης
820 3045 1053 3115 ἐραστὰς
1088 3045 1300 3116 μέλλειν
1342 3043 1556 3096 ἔσεσθαι
1592 3044 1759 3115 7:906-

195 3132 377 3202 λεγεν.

272 3225 433 3289 Ἔθος
460 3230 571 3290 τοϊς
600 3228 923 3299 προφήταις,
962 3226 1431 3298 προαναθεωροῦσι
1459 3227 1519 3279 τὸ
1551 3226 1756 3295 μέλλον,

197 3316 296 3370 ἐπὶ
327 3318 422 3386 μὲν
446 3317 552 3369 τῶν
604 3317 941 3386 σκυθρωπῶν
994 3317 1245 3370 ἀνιᾶσθαι
1282 3318 1373 3369 καὶ
1411 3315 1642 3379 πενθεῖν,
1672 3315 1761 3367 ἐπὶ

196 3408 258 3462 δὲ
304 3412 370 3478 τῇ
421 3410 527 3461 τῶν
588 3409 806 3477 ἀγαθῶν
863 3409 1063 3479 θεωρία
1095 3412 1161 3478 ἣν
1206 3408 1640 3476 εὐαγγελίζονται
1686 3406 1761 3476 τῷ

198 3499 337 3570 λαῷ,
377 3500 476 3554 κᾶν
489 3502 882 3570 ἀναισθητῶσιν
896 3504 941 3553 οἱ
971 3501 1256 3561 ἀκούοντες
1293 3500 1507 3562 αὐτοὺς,
1532 3515 1762 3568 προεορ-

199 3594 390 3658 τάξειν
457 3594 549 3647 καὶ¹
583 3593 968 3663 προεστιᾶσθαι
1027 3592 1167 3645 κατά
1210 3591 1405 3661 ψυχὴν,
1436 3594 1641 3659 πεῖσμα
1675 3590 1762 3658 βέ-

202 3684 359 3737 ϐαιον
390 3685 758 3753 κεκτημένους
786 3685 884 3753 τῆς
934 3683 1039 3735 τῶν
1066 3683 1379 3752 δειχθέντων
1423 3682 1673 3752 θεωρίας.
1697 3711 1765 3723 --

202 3775 429 3830 Βλέπων
475 3776 654 3827 τοίνυν
715 3778 743 3828 ὁ
800 3776 1079 3845 προφήτης
1130 3774 1263 3844 πρὸς
1292 3772 1379 3825 τὸν
1412 3773 1663 3843 Χριστὸν,
1691 3772 1764 3834 ὡς

204 3866 418 3937 ινδυμα
444 3866 608 3919 αὐτοῦ
635 3868 891 3933 ἐγεγόνει·
924 3867 1029 3927 πᾶς
1063 3865 1170 3934 γὰρ
1200 3868 1227 3916 ὁ
1254 3864 1603 3933 ἐνδυσάμενος
1630 3865 1765 3935 Χρι-

208 3956 357 4022 στὸν,
397 3957 608 4027 ίμάτιον
676 3956 945 4026 σωτηρίας
991 3955 1293 4019 ἐνεδύσατο,
1332 3955 1452 4007 καθ’
1483 3954 1511 4005 ὃ
1555 3956 1646 4008 καὶ
1670 3954 1767 4025 τὴν

205 4049 373 4117 ἁγίαν
415 4045 578 4102 αὑτοῦ
620 4048 946 4118 Ἐκκλησίαν
988 4047 1342 4115 κατακοσμεῖ.
1373 4046 1647 4115 Κάκείνην
1670 4044 1768 4116 τὴν

205 4139 451 4193 διάθεσιν
501 4140 743 4209 πληρῶν,
798 4141 863 4208 ῆν
917 4139 980 4190 ἂν
1024 4138 1284 4209 πληρώση
1304 4136 1584 4200 νεανίσκος
1637 4138 1769 4206 πρὸς

210 4230 503 4301 παρθένον,
544 4231 727 4301 ἔχαιρε
779 4230 870 4281 καὶ
899 4230 1150 4298 εὐωχεῖτο
1188 4230 1323 4280 κατά
1354 4228 1550 4297 ψυχὴν,
1592 4227 1665 4290 ὡς
1694 4227 1771 4295 τῷ

208 4318 436 4391 Χριστῷ
492 4319 684 4382 συνὼν,
735 4321 983 4371 κάκεῖνον
1053 4318 1415 4387 ἐνδεδυμένος,
1459 4318 1549 4369 καὶ
1574 4318 1771 4386 χιτῶνα

210 4411 377 4465 αὐτὸν
402 4410 536 4480 ἔχων
562 4409 915 4479 εὐφροσύνης.

1841 610 2272 663 circumdabitur
2295 609 2439 665 Deus
2463 612 2622 666 bonis
2646 613 2927 668 hominum
2957 606 3233 683 operibus.
3269 615 3401 682 Qua

1841 698 2055 766 quidem
2083 698 2151 753 de
2182 697 2293 753 Deo
2321 698 2654 769 referuntur,
2678 711 2736 757 ut
2761 705 3043 760 audientes
3063 706 3324 771 excitent,
3348 716 3400 762 et

1839 799 2047 845 mentes
2076 805 2265 845 eorum
2296 792 2539 861 erigant,
2590 794 2993 851 recordantium
3032 810 3093 853 se
3132 795 3400 854 iustitiam

1840 881 2068 935 colendo
2095 881 2190 936 Dei
2222 883 2594 939 indumentum
2623 901 2783 955 posse
2815 886 2948 941 ﬁeri.

1982 1157 2110 1211 Car.
2152 1157 2280 1224 LX,
2328 1157 2486 1215 Vens.
2530 1159 2582 1214 8.
2622 1159 2741 1214 Prae
2782 1162 2955 1216 oculis
2999 1162 3277 1218 habendus
3322 1173 3399 1219 est

1846 1246 1941 1299 Dei
1975 1260 2092 1301 mos
2122 1256 2342 1316 pr0pter
2371 1248 2761 1318 benignitatem
2787 1259 3012 1304 ventura
3041 1250 3400 1319 pradicentis.

1845 1335 1999 1389 Nunc
2038 1338 2215 1391 minas
2248 1337 2511 1403 intendit,
2566 1349 2626 1393 ut
2653 1339 2788 1393 diris
2818 1342 3125 1408 perterriti,
3161 1355 3258 1411 per
3290 1356 3402 1412 pa:-

1849 1430 2134 1481 nitentiam
2167 1438 2220 1483 et
2264 1430 2570 1483 animorum
2613 1432 3024 1485 conversionem
3070 1432 3403 1486 imminentia

1850 1519 1951 1572 sibi
1986 1519 2125 1571 mala
2152 1528 2438 1586 avertant;
2471 1536 2616 1574 nunc
2638 1529 2818 1575 autem
2846 1522 2985 1575 bona
3016 1523 3314 1591 promittit,
3346 1528 3401 1574 ut

1844 1609 2117 1676 justorum
2151 1612 2363 1665 animos
2404 1612 2685 1680 promissis
2729 1612 3044 1676 conﬁrmet,
3090 1620 3143 1666 et
3179 1611 3406 1682 ﬂagran-

1850 1697 1974 1751 tiori
2005 1698 2057 1751 in
2090 1698 2257 1752 Deum
2304 1700 2484 1754 studio
2538 1701 2810 1755 incendat.
2842 1702 2923 1753 ‘At
2970 1703 3116 1755 nulla
3172 1717 3406 1772 unquam

1852 1790 1967 1859 lege
1996 1790 2060 1845 ad
2087 1791 2204 1845 haec
2228 1791 2554 1860 perﬁcienda
2584 1794 2813 1862 cogitur.
2846 1791 2980 1845 Nam
3008 1795 3113 1847 illis
3142 1796 3410 1864 pteniten-

1855 1880 1983 1932 tiam
2013 1881 2299 1949 agentibus
2320 1921 2334 1945 ,
2370 1882 2507 1935 iram
2550 1882 2703 1949 ponit
2731 1898 2745 1945 ;
2774 1888 2829 1935 et
2861 1881 2945 1933 his
2968 1894 2997 1933 a
3028 1891 3175 1935 recta
3203 1883 3289 1935 via
3316 1880 3410 1935 deo

1852 1967 2227 2035 ﬂectentibus,
2261 1969 2518 2038 praedicta
2545 1970 2685 2024 bona
2714 1965 2821 2023 non
2856 1969 3085 2039 largitur
3113 1991 3125 2024 :
3163 1970 3265 2039 ipsi
3310 1985 3410 2025 nos

1852 2066 2104 2113 auctores
2132 2075 2332 2121 ,sumus
2360 2058 2469 2113 Deo
2503 2060 2861 2129 praenuntiata
2892 2060 3031 2114 mala
3065 2061 3408 2115 immittendi.

1922 2233 2084 2290 Vens.
2110 2236 2195 2290 10.
2219 2236 2351 2301 Quae
2372 2252 2441 2291 an
2464 2252 2653 2307 reapse
2674 2239 2910 2305 perfecta
2932 2238 3041 2291 sint
3061 2245 3410 2306 quarrenlem,

1853 2326 2081 2381 historia
2111 2329 2452 2397 apertissime
2497 2329 2756 2383 docebit:
2800 2329 3034 2399 primum
3076 2343 3198 2382 cum
3238 2326 3413 2397 Cyrus

1852 2428 1904 2471 et
1932 2428 2057 2487 post
2088 2420 2231 2473 hunc
2262 2419 2454 2474 Darius
2494 2418 2797 2476 Jerusalem
2844 2419 3138 2474 aediﬁcaret
3165 2437 3178 2483 ;
3221 2417 3417 2471 deinde

1853 2509 2014 2562 etiam
2048 2525 2171 2563 cum
2215 2510 2542 2575 Alexander,
2586 2526 2796 2565 sacram
2848 2524 3100 2579 pompam
3146 2509 3413 2576 miratus,

1856 2611 1953 2664 pro
1983 2597 2123 2649 irato
2154 2598 2545 2651 amicissimum
2576 2613 2634 2651 se
2663 2598 2944 2667 praeberet.

1926 2684 2094 2743 Vens.
2135 2688 2221 2741 15.
2263 2687 2416 2753 Quod
2446 2689 2572 2741 olim
2601 2689 2813 2751 evenit,
2848 2694 2901 2741 ct
2928 2700 3075 2740 nunc
3104 2700 3321 2756 quoque
3352 2683 3421 2739 do

1859 2777 2115 2833 Ecclesiis
2156 2780 2552 2835 constituendis
2595 2780 2780 2845 valet;
2809 2779 3010 2849 quibus
3054 2779 3199 2833 enim
3244 2776 3417 2832 unde-

1858 2888 2070 2942 quaque
2098 2883 2283 2942 gentes
2314 2876 2581 2944 primitias
2604 2874 2856 2929 all'erunt.

1929 2964 2091 3017 Vens.
2128 2962 2210 3016 l7.
2249 2962 2548 3033 Episcopos
2570 2971 2729 3016 vocat
2752 2960 3033 3032 principes
3054 2956 3259 3028 populi,
3285 2970 3423 3026 quos

1858 3060 1912 3105 et
1933 3052 2155 3122 justitia:
2185 3052 2543 3106 inservituros
2572 3050 2922 3120 praedicebat.

1931 3227 2058 3281 CAP.
2100 3225 2249 3291 LXI,
2293 3226 2457 3281 Vens.
2508 3227 2591 3280 10.
2635 3225 2748 3279 Mos
2777 3232 2860 3279 est
2892 3222 3168 3292 prophetis
3198 3228 3421 3274 ventura

1863 3318 2316 3388 prospicientibus
2337 3358 2351 3381 ,
2382 3318 2447 3372 de
2484 3317 2720 3371 miseriis
2754 3315 2969 3386 quidem
3000 3314 3183 3384 lugere
3209 3322 3264 3365 et
3295 3325 3416 3364 con-

1861 3410 2099 3473 tristari,
2131 3408 2198 3463 de
2232 3410 2497 3462 bonorum
2545 3416 2724 3461 autem
2769 3404 3257 3473 contemplatione,
3307 3417 3428 3471 quae

1864 3503 2060 3572 populo
2094 3502 2377 3564 nuntiant,
2421 3499 2636 3553 etiamsi
2683 3498 2965 3551 audientes
2997 3495 3157 3548 (idem
3192 3494 3426 3561 denega-

1864 3595 2059 3656 verint,
2096 3593 2265 3646 lzetari
2295 3600 2347 3643 et
2379 3590 2571 3661 spiritu
2598 3590 2871 3644 exsultare
2890 3628 2904 3652 ,
2937 3595 3141 3641 certam
3168 3585 3429 3637 habentes

1866 3687 1967 3754 ipsi
1994 3700 2174 3738 rerum
2198 3685 2621 3753 signiticatarum
2646 3681 2917 3735 ﬁduciam.
2936 3676 3428 3746 —Prospectatum

1867 3778 2029 3848 igitur
2052 3776 2325 3831 Christum
2356 3774 2616 3843 propheta
2638 3813 2652 3836 ,
2684 3781 2742 3825 ut
2764 3771 3149 3826 vestimentum
3171 3808 3184 3827 ,
3214 3767 3390 3820 induit
3414 3782 3427 3828 ;

1867 3870 2175 3939 quicunque
2223 3870 2365 3922 enim
2417 3868 2695 3921 Christum
2764 3862 3049 3924 induerit,
3102 3859 3430 3912 vestimento

1868 3958 2056 4012 salutis
2082 3956 2311 4010 vestitus
2338 3962 2453 4019 est,
2483 3968 2590 4023 quo
2627 3954 2789 4006 etiam
2836 3957 3081 4005 sanctam
3131 3961 3284 4003 suam
3330 3944 3432 3998 Ec-

1869 4049 2091 4102 clesiam
2139 4054 2390 4101 exornat.
2450 4046 2527 4098 Ac
2573 4043 2767 4097 iisdem
2821 4040 3107 4096 aﬂectibus
3152 4044 3432 4107 permotus

1870 4138 2067 4207 quibus
2107 4152 2344 4206 sponsus
2393 4136 2449 4189 in
2497 4149 2754 4202 sponsam
2806 4141 3074 4191 movetur,
3113 4127 3306 4195 spiritu
3344 4126 3433 4179 la:-

1872 4238 2015 4283 tatur
2042 4236 2099 4282 et
2146 4228 2414 4290 exsultat,
2467 4223 2609 4277 haud
2648 4237 2807 4276 secus
2849 4235 2912 4274 ac
2952 4220 2999 4273 si
3049 4234 3173 4271 eum
3214 4217 3435 4269 Christo

1873 4319 2309 4388 coniungeretur,
2333 4312 2897 4383 Christum-induisset
2916 4350 2933 4374 ,
2961 4317 3015 4362 et
3042 4308 3281 4360 tunicam
3312 4318 3434 4359 eum

1874 4410 2150 4463 habuisset
2179 4407 2395 4459 lmtitize.

292 4502 427 4565 Τοὺς
457 4502 863 4571 σπερματικοὺς
905 4500 1091 4567 λόγους
1129 4500 1400 4570 σημαίνει,
1431 4517 1556 4561 τους
1591 4501 1763 4567 ὥσπερ

1950 4500 2117 4555 Vens.
2158 4501 2245 4552 il.
2291 4494 2594 4551 Seminales
2636 4504 2916 4547 sermones
2962 4485 3197 4540 intendit
3240 4482 3437 4537 animis

210 4600 282 4650 ὲν
301 4598 369 4664 γῇ
403 4599 466 4665 τῇ
484 4594 629 4663 ψυχῇ
656 4593 1129 4660 ἐναποκειμένους,
1149 4594 1237 4644 καὶ
1254 4592 1328 4653 ὡς
1352 4592 1525 4660 κῆπον
1552 4592 1778 4655 αὔξοντα

208 4690 290 4741 τὰ
314 4689 370 4739 ἐν
398 4684 544 4754 αὐτῷ
576 4683 883 4754 σπέρματα,
911 4685 1004 4736 καὶ
1032 4686 1129 4735 οὐκ
1168 4683 1363 4747 ἔξωθεν
1399 4683 1518 4734 οὐδὲ
1550 4682 1777 4751 ἀλλαχό-

212 4782 315 4836 θεν
348 4778 737 4847 ἐπεισφέροντα
762 4777 1069 4846 σπέρματα,
1102 4775 1214 4827 ἀλλ’
1250 4775 1385 4826 ὥστε
1424 4774 1526 4842 γῆν
1556 4774 1778 4840 ἔχουσαν

210 4873 379 4939 λόγον
409 4870 502 4922 καὶ
514 4868 857 4922 ὁδοποιοῦσαν
883 4871 959 4930 εἰς
986 4868 1213 4937 Χριστόν
1234 4881 1245 4893 ⁸
1270 4866 1415 4917 ὥσπε
1425 4882 1453 4933 ρ
1478 4868 1533 4914 ἐν
1569 4863 1778 4931 σώματι

213 4963 487 5032 ὀφθαλμοὶ
527 4960 839 5029 συγγένειαν
878 4959 1055 5029 ἔχουσι
1091 4958 1223 5029 πρὸς
1267 4958 1326 5008 τὸ
1366 4957 1497 5021 φῶς,
1532 4955 1624 5006 καὶ
1651 4956 1779 5005 ἁνα-

216 5054 495 5116 τείλαντος
550 5052 701 5122 ἡλίου
732 5048 928 5110 εὐθέως
962 5050 1022 5101 τὸ
1069 5048 1322 5115 συγγενὲς
1346 5046 1580 5116 ὁρῶμεν,
1618 5043 1778 5109 οὕτω,

219 5146 320 5200 τοῦ
345 5146 591 5215 Σωτῆρος
622 5143 776 5211 ἡμῶν
809 5140 1230 5208 ἐπιλάμψαντος,
1265 5139 1360 5208 την
1398 5136 1784 5206 κεκρυμμένην

222 5241 285 5295 ἐν
305 5241 435 5308 ἡμῖν
460 5238 865 5307 ἐπιτηδειότητα
888 5234 1017 5303 πρὸς
1033 5234 1373 5301 δικαιοσύνην
1399 5230 1781 5299 ἐκλάμιξνωμεν,

222 5330 292 5384 τὸ
325 5330 593 5383 σκοτεινὸν
641 5326 965 5394 ἀποθέμενοι
1036 5325 1133 5392 τῆς
1174 5325 1346 5391 ψυχῆς
1395 5318 1541 5391 ἦθος.
1603 5320 1786 5387 Ἀγαλ-

222 5418 403 5472 λίασιν
440 5420 497 5470 δὲ
537 5418 683 5485 λέγει
722 5415 944 5468 ἐνώπιον
1003 5413 1110 5465 τῶν
1158 5413 1323 5465 ἐθνῶν
1368 5411 1781 5477 ἐξαπλούμενος.

302 5509 406 5563 Τοῦ
438 5511 713 5579 προφήτου
745 5507 882 5559 κατά
911 5505 1084 5574 ψυχὴν
1128 5503 1461 5562 ἐστιαθέντος
1503 5500 1586 5551 διὰ
1620 5500 1685 5551 τὰ
1710 5501 1787 5566 τῷ

224 5602 343 5671 λαῷ
384 5600 812 5668 ἐπαγγελθὲντα·
870 5600 930 5649 οὐ
982 5597 1085 5666 μὴν
1120 5595 1253 5648 ἀλλὰ
1298 5594 1386 5645 καὶ
1424 5595 1621 5646 τούτων
1656 5593 1789 5659 ἁμε-

226 5694 462 5754 λούντων
504 5692 599 5762 τὴν
629 5692 705 5754 είς
732 5691 798 5743 τὰ
826 5688 949 5756 ἔθνη
1003 5689 1302 5755 φθάνουσαι)
1346 5686 1501 5755 χάριν
1558 5702 1790 5753 προαναα

233 5788 599 5860 φωνήσαντος,
638 5780 938 5842 ἀκολούθως
974 5781 1087 5833 οὐδὲ
1126 5779 1219 5846 τῆς
1251 5777 1384 5830 Σιὼν
1421 5775 1787 5846 ἐπιμελεῖσθαῖ

1881 4589 2025 4643 velut
2054 4596 2213 4641 terra:
2242 4583 2564 4637 commissos
2592 4598 2606 4644 ;
2636 4590 2689 4632 et
2726 4594 2849 4631 cum
2895 4576 3055 4628 horto
3096 4573 3323 4626 collatos
3355 4585 3439 4625 se-

1879 4680 2021 4733 mina
2051 4692 2149 4733 sua
2182 4676 2474 4737 eil‘erente,
2509 4688 2618 4726 non
2667 4669 2879 4725 exotica
2922 4674 3016 4718 aut
3059 4664 3231 4716 aliena
3280 4660 3437 4715 indu-

1879 4780 2036 4827 cente
2061 4788 2074 4835 ;
2110 4784 2231 4822 cum
2260 4775 2405 4821 terra
2434 4764 2646 4817 ratione
2672 4761 2895 4831 praedita
2925 4765 2978 4812 et
3015 4757 3155 4809 viam
3185 4754 3249 4807 ad
3281 4753 3437 4805 Chri-

1880 4874 2023 4918 stum
2072 4858 2446 4929 patefaciente.
2496 4854 2613 4919 Quo
2662 4852 2802 4904 enim
2854 4846 3012 4900 modo
3058 4846 3203 4899 oculi
3252 4844 3438 4897 intima

1883 4952 2203 5022 cognatione
2246 4964 2368 5000 cum
2414 4948 2531 4999 luce
2574 4942 3000 5009 coniunguntur,
3033 4943 3089 4989 et
3142 4943 3263 4987 orto
3292 4932 3436 4995 sole,

1882 5044 2064 5099 statim
2108 5041 2221 5093 haec
2253 5037 2505 5105 cognatio
2552 5038 2804 5103 apparet,
2850 5031 2922 5083 ita
2963 5028 3299 5081 illuminante
3338 5038 3439 5075 nos

1886 5137 2197 5197 Salvatore,
2251 5128 2555 5183 tenebrosis
2597 5125 2790 5178 anima:
2826 5122 3068 5175 moribus
3119 5117 3439 5179 illustratis,

1887 5224 2189 5296 splendebit
2236 5221 2290 5274 in
2331 5217 2490 5273 nobis
2520 5217 2693 5269 latens
2737 5212 2803 5265 ad
2852 5210 3135 5296 justitiam,
3170 5206 3437 5296 habilitas.

1888 5291 2314 5369 Exsultationem
2342 5306 2474 5360 dicit
2503 5320 2560 5359 se
2594 5304 2645 5355 in
2676 5307 2968 5367 conspectu
2998 5294 3234 5364 gentium
3268 5291 3443 5344 multi.

1889 5410 2227 5477 plicalut'um.

1956 5502 2083 5553 Car.
2137 5490 2271 5546 LXII
2303 5530 2316 5553 ,
2345 5489 2507 5543 Vens.
2548 5485 2598 5537 l.
2643 5482 2844 5551 Spiritu
2892 5477 3131 5532 exsultat
3182 5472 3443 5542 propheta

1888 5597 2105 5661 propter
2138 5587 2278 5638 bona
2310 5578 2507 5649 populo
2560 5572 2879 5628 denuntiata
2908 5586 2933 5661 ;~
2960 5566 3204 5661 praedicit
3258 5562 3443 5661 prole-

1892 5652 2079 5737 clo-vel
2110 5678 2295 5731 invitis
2314 5669 2571 5725 lsraelitis
2598 5666 2823 5734 gratiam
2855 5677 2881 5714 ιι
2912 5659 3017 5713 Deo
3039 5657 3091 5709 in
3117 5662 3304 5725 gentes
3341 5652 3445 5705 dif-

1897 5770 2248 5831 lundendam.
2283 5779 2387 5818 non
2417 5760 2537 5815 ideo
2564 5750 2739 5812 tamen
2766 5753 2896 5809 Sion
2923 5746 3318 5819 negligentiam,
3353 5749 3450 5795 aut
