4044 6324
644 357 667 411 1
678 355 781 412 δοὶΊ

1804 355 2152 414 τηεοῡοιιι
2191 355 2708 414 HEBACLEENSIS

642 467 1129 536 derelinquendam
1193 465 1546 535 Jerusalem;
1613 485 1727 524 nec
1780 481 1962 526 autem
2013 471 2197 526 illumi-

2318 489 2501 543 φησιν,
2532 474 2654 527 οὐδὲ
2701 473 2799 544 τὴν
2859 469 3210 545 Ἰερουσαλὴμ
3259 473 3479 527 ianva.
3530 471 3702 541 λέγιι,
3749 471 3875 526 ἀλλὰ

641 560 822 615 nanda
870 569 988 614 erat
1020 560 1087 614 ab
1117 574 1183 615 eo
1207 560 1445 629 [propter
1468 560 1653 614 divina
1695 561 1763 617 de
1815 563 1931 634 ipsa
1960 564 2214 630 consilia,

638 660 694 708 et
739 653 881 707 dona
929 653 1032 724 ipsi
1087 652 1301 722 largita.
1345 650 1557 706 Etenim
1610 657 2032 724 properantibus
2072 672 2212 726 apo-

640 740 797 796 stolis
844 739 1203 811 Evangelium
1244 744 1502 812 gentibus
1545 744 1844 814 praedicare
1887 747 2056 815 jussit
2090 749 2214 805 Sal-

638 841 815 894 vator,
835 841 893 885 ut
923 832 989 886 ad
1018 848 1150 888 oves
1186 836 1341 906 prius
1375 836 1537 901 irent,
1563 852 1685 900 quae
1716 837 1996 906 perierunt
2017 839 2214 898 domus

639 920 807 977 Israel
838 924 904 977 ".

709 1098 874 1156 Vens.
904 1100 957 1155 2.
1015 1100 1220 1156 Nomen
1254 1118 1453 1156 novum
1485 1103 1687 1159 dicitur
1719 1122 1913 1160 nomen
1945 1107 2213 1166 Christia-

638 1209 885 1259 norum;
933 1197 1133 1263 smpins
1183 1195 1323 1248 idem
1387 1197 1585 1252 innuit.
1643 1195 1852 1252 Etenim
1906 1200 2212 1269 baptizatus

637 1287 911 1355 baptismo
943 1287 1161 1348 salutis,
1209 1296 1468 1340 renovata
1521 1296 1631 1342 tota
1673 1290 1847 1358 ipsius
1874 1292 2208 1361 conditione,

637 1393 781 1430 novo
830 1394 1047 1446 quoque
1086 1381 1307 1433 nomine
1344 1389 1570 1434 vocatur
1609 1382 1803 1435 ﬁdelis.
1859 1383 2082 1439 Iudaeus
2113 1401 2212 1440 noo

638 1488 761 1525 vum
810 1471 943 1524 illud
993 1491 1190 1527 nomen
1247 1474 1550 1544 impugnat.
1613 1474 1765 1528 Dicat
1816 1479 2020 1546 igitur,
2054 1479 2210 1547 juxta

636 1564 786 1617 Isaia:
815 1566 1153 1633 propin-tiam
1180 1606 1195 1628 ,
1249 1584 1450 1621 novum
1488 1585 1683 1622 nomen
1716 1573 1876 1639 quale
1911 1572 2013 1624 sibi
2046 1572 2211 1627 fuerit

636 1654 972 1722 impositum.
1009 1657 1078 1708 At
1107 1673 1214 1709 non
1262 1657 1422 1712 habet
1457 1661 1601 1729 quod
1633 1660 1856 1715 indicet.
1893 1661 2082 1716 Restat
2111 1663 2211 1732 igi-

634 1751 723 1797 tur
766 1753 823 1799 ut
880 1761 1077 1800 nomen
1139 1749 1271 1801 illud
1320 1750 1757 1806 Christianorum
1797 1769 1993 1807 nomen
2048 1757 2138 1818 sit,
2177 1771 2206 1808 a

2318 564 2411 618 καὶ
2441 564 2644 633 ταύτην
2671 562 3218 632 καταυγασθήσεσθαι
3257 563 3346 614 ὑπ’
3379 560 3544 614 αὑτοῦ
3571 560 3661 614 διά
3699 577 3760 614 τε
3784 562 3874 630 τὴν

2316 648 2452 721 πρὸς
2483 648 2650 719 αὐτὴν
2688 648 2892 703 ἀνωθεν
2924 648 3105 717 σχέσιν
3130 647 3226 701 καὶ
3262 647 3345 700 διὰ
3386 646 3454 698 τὰ
3483 644 3707 698 δοθέντα
3746 644 3871 716 αὐτῇ

2317 737 2521 808 σεμνά·
2554 738 2648 790 καὶ
2693 735 2802 808 γὰρ
2833 735 2942 788 τῶν
2971 736 3280 791 ἀποστόλων
3320 734 3655 788 σπενδόντων
3689 735 3769 797 είς
3810 733 3871 786 τά

2313 829 2440 900 ἔθνη
2474 829 2535 882 τὸ
2568 830 2828 899 κήρυγμα
2859 828 3166 895 ἐξαγαγεῖν,
3195 831 3223 883 6
3270 829 3458 898 Σωτὴρ
3495 829 3760 898 πρότερον
3783 827 3870 879 αι’..

2311 923 2436 984 τοὺς
2482 921 2752 972 ποιεῖσθαι
2793 920 2853 972 τὸ
2896 922 3158 991 κήρυγμα
3199 919 3590 992 παρεκελεύετο
3631 919 3767 990 πρὸς
3808 919 3868 972 τά

2313 1012 2559 1083 πρόϐατα
2593 1013 2660 1064 τὰ
2691 1011 3000 1066 ἀπολωλότα
3028 1013 3172 1064 οἴκου
3218 1013 3450 1085 Ἰσραήλ.

2385 1106 2592 1174 Ὀνομα
2627 1105 2806 1157 καινὸν
2849 1104 3065 1171 λέγεται
3100 1105 3159 1156 τὸ
3185 1104 3339 1173 ἡμῶν
3368 1105 3475 1157 τῶν
3502 1102 3861 1175 Χριστιανῶν·

2313 1196 2594 1266 πολλαχῶς
2638 1196 2694 1248 δὲ
2724 1195 2880 1248 τοῦτο
2927 1199 3156 1248 νοεῖται·
3208 1196 3302 1247 καὶ
3342 1195 3450 1265 γὰρ
3491 1198 3522 1248 6
3561 1195 3866 1265 βαπτισθεὶς

2312 1271 2594 1360 βάπτισμα
2641 1291 2902 1359 σωτήριον
2944 1289 3111 1358 ὄνομα
3175 1288 3358 1357 ἕτερον
3408 1287 3772 1358 ὀνομάζεται,
3841 1291 3863 1341 ὁ

2312 1386 2520 1447 πιστὸς,
2554 1383 2891 1438 ἀνακαίνισιν
2919 1382 3204 1451 δεχόμενος
3233 1381 3328 1449 τῆς
3354 1381 3480 1450 ὅλης
3509 1380 3678 1433 αὐτοῦ
3711 1398 3861 1434 κατα-

2312 1479 2573 1539 στάσεως.
2623 1476 2761 1527 Ἀλλ’
2790 1475 2818 1526 6
2860 1472 3108 1534 Ἰουδαῖος
3147 1472 3374 1542 μάχεται
3425 1473 3562 1543 πρὸς
3593 1473 3655 1524 τὸ
3693 1473 3860 1526 καινὸν

2309 1571 2466 1624 τοῦτο
2503 1572 2672 1641 ὄνομα
2695 1589 2707 1600 ·
2759 1573 2965 1625 εἰπάτω
3000 1572 3199 1632 τοίνυν,
3245 1568 3384 1621 κατὰ
3413 1568 3633 1620 Ἡσαΐου
3662 1585 3860 1638 ﬁgo-sq-

2308 1665 2478 1727 τείαν,
2523 1665 2694 1733 ὄνομα
2727 1663 2910 1716 καινὸν
2944 1661 3190 1714 ὲπιτεθὲν
3222 1660 3368 1729 αὐτῷ
3457 1658 3570 1712 ἀλλ’
3620 1659 3720 1712 ούκ
3761 1659 3858 1727 ἔχει

2309 1755 2507 1817 δεῖξαι·
2551 1754 2658 1824 ἀρα
2698 1755 2875 1806 τοίνυν
2921 1753 2981 1805 τὸ
3026 1751 3363 1824 Χριστιανῶν
3403 1753 3583 1812 ἐστιν,
3627 1749 3736 1803 ἀπὸ
3778 1749 3858 1803 τοῦ

632 1836 853 1890 tJhristo
887 1838 1261 1907 desumptum,
1291 1842 1433 1910 quod
1464 1844 1577 1911 ipse
1612 1844 1768 1896 nobis
1805 1842 2066 1899 Dominus
2101 1846 2197 1900 im-

2311 1846 2543 1916 Χριστοῦ
2575 1819 2994 1916 γνωριζόμενον,
3046 1819 3089 1897 ὃ-
3125 1847 3152 1898 6
3195 1844 3397 1913 Κύριος
3439 1845 3571 1912 ἡμῖν
3612 1842 3859 1905 τέθεικεν,

633 1929 844 1995 posuit,
888 1939 1075 1996 gentes
1110 1935 1329 1985 nomine
1365 1950 1465 1987 suo
1496 1937 1812 1990 nobilitans.

711 2016 866 2074 Vsus.
901 2021 952 2074 5.
992 2021 1065 2075 Ex
1100 2025 1266 2078 variis
1299 2025 1524 2080 ﬁoribus
1582 2039 1724 2082 serta
1759 2045 1961 2084 Corona
1990 2039 2043 2085 et
2085 2032 2203 2086 dia-

629 2109 783 2162 dema
821 2113 970 2180 ri-gni
1045 2123 1245 2167 crs-tum
1299 2119 1668 2185 apostolorum
1735 2122 2058 2192 designant,
2106 2125 2200 2194 qui

629 2199 995 2256 Ecclesiarum
1046 2205 1322 2275 principes
1366 2208 1588 2262 luerunt
1617 2221 1668 2264 et
1700 2213 1861 2265 simul
1892 2229 2092 2278 genere
2122 2214 2199 2268 Is-

631 2294 1099 2364 raelitir;quibus
1151 2315 1351 2354 novum
1388 2318 1584 2356 nomen
1643 2314 1766 2373 apte
1813 2309 2196 2372 conveniebat,

629 2400 752 2436 cum
808 2402 1097 2443 commune
1129 2406 1301 2459 genus
1343 2409 1466 2446 eum
1497 2396 1564 2449 iis
1598 2397 1881 2452 haberent.

700 2475 864 2532 Vsus.
898 2480 949 2532 4.
991 2479 1254 2537 Voluntas
1286 2498 1551 2540 vocantur
1606 2491 1696 2557 qui
1733 2489 1826 2543 Dei
1863 2493 2196 2546 voluntatem

629 2566 870 2635 faciunt;
910 2588 1004 2625 vos
1062 2582 1115 2627 et
1161 2576 1387 2646 diligere
1445 2579 1685 2644 dicitur,
1743 2582 1886 2634 sicut
1943 2583 2198 2638 habitans

623 2661 840 2728 juvenis
873 2678 995 2714 cum
1052 2665 1281 2736 virgine.
1333 2667 1444 2722 IIoc
1484 2687 1610 2723 vero
1667 2689 1772 2726 non
1819 2685 2152 2730 marcentem
2181 2716 2195 2738 ,

627 2754 720 2806 sed
772 2752 1053 2808 florentem
1082 2759 1452 2813 conditionem
1502 2763 1824 2831 designans;
1860 2783 1983 2819 nam
2038 2785 2198 2838 spon-

626 2860 721 2897 sus
747 2861 1001 2913 sponsam
1035 2849 1446 2905 cohabitatione
1481 2858 1735 2922 protegit.

697 2935 861 2991 Vens.
899 2937 948 2990 ϐ.
984 2936 1311 2994 IIodiernam
1353 2942 1717 2999 Ecclesiarum
1750 2951 2194 3007 constitutionem

625 3027 1054 3098 indicat;populo
1077 3038 1188 3084 tota
1207 3031 1292 3086 die
1314 3041 1366 3088 et
1390 3045 1498 3088 tota
1519 3048 1678 3092 nocte
1711 3042 1961 3096 mandata
1995 3044 2084 3099 Dei
2102 3061 2166 3100 cu
2182 3075 2198 3088 -

626 3122 924 3187 stodiente;
960 3129 1073 3178 tota
1102 3134 1259 3180 nocte
1293 3126 1612 3184 docentibus
1644 3131 1974 3201 presbyteris
2013 3153 2195 3192 veram
2226 3165 2268 3220 ο

622 3212 691 3265 de
723 3212 832 3267 Deo
854 3214 1158 3272 doctrinam
1177 3257 1192 3283 ,
1225 3233 1287 3273 ac
1313 3217 1404 3273 Dei
1433 3222 1620 3277 laudes
1643 3234 1694 3277 et
1722 3229 2037 3282 memoriam
2060 3233 2201 3286 cele-

625 3305 936 3358 brantibus.

693 3397 822 3449 (ἶΑιι.
848 3395 1029 3460 LXIII,
1054 3397 1222 3453 Vens.
1264 3401 1312 3454 I.
1347 3399 1512 3452 Edom
1538 3410 1696 3455 vocat
1738 3403 1875 3458 ﬁlios
1903 3405 2064 3474 Esau;
2097 3407 2200 3464 Bo-

625 3501 719 3538 snz
743 3486 825 3538 vel
860 3484 1027 3540 Bosra
1063 3489 1261 3541 dicitur
1294 3505 1422 3542 caro
1447 3492 1579 3560 (l5).
1607 3491 1702 3546 Vir
1738 3495 1903 3561 igitur
1933 3497 2035 3551 iste
2073 3513 2194 3553 cum

625 3576 942 3631 fortitudine
995 3589 1048 3633 et
1115 3580 1373 3634 violentia
1448 3584 1734 3638 vobiscum
1780 3587 1933 3654 justo
1987 3591 2196 3644 calcqu

624 3668 876 3737 Iitigabit,
930 3685 1121 3738 pmnas
1176 3686 1204 3723 a
1268 3674 1421 3727 vobis
1483 3686 1754 3743 repetens.
1800 3675 2000 3746 Litigat
2053 3679 2197 3737 Deus

623 3757 767 3811 enim
798 3772 920 3810 cum
969 3758 1306 3822 hominibus,
1363 3764 1584 3830 quando
1617 3775 1777 3818 vocat
1818 3782 1913 3820 eos
1943 3768 1996 3821 in
2043 3768 2194 3837 judi-

624 3847 790 3907 cium.
828 3856 886 3901 ut
935 3847 1127 3904 doceat
1161 3867 1218 3904 se
1259 3852 1498 3922 legitima
1547 3857 1786 3910 vindicta
1819 3859 1919 3922 uti,
1966 3875 2068 3914 nos
2098 3876 2194 3914 au-

621 3946 728 3991 tem
765 3939 866 4007 ipsi
917 3949 1173 3995 auctores
1206 3959 1330 3996 esse
1378 3945 1647 4014 supplicia
1678 3947 1732 4000 in
1773 3963 1872 4002 nos
1905 3949 2190 4006 inferendi.

621 4026 795 4092 Nam,
833 4030 914 4084 vel
965 4031 1261 4086 vindictam
1299 4035 1524 4104 exigens
1556 4077 1570 4100 ,
1630 4039 1812 4091 omnia
1863 4042 1927 4094 ad
1963 4043 2192 4098 salutem

620 4122 782 4174 nobis
817 4124 1215 4191 procurandam
1265 4127 1434 4190 facit,
1471 4137 1582 4182 uta
1617 4133 1858 4199 peccatis
1892 4149 2190 4200 cessemus,

621 4219 681 4265 at
717 4214 1092 4280 pmnitentiam
1125 4226 1349 4284 agentes
1396 4219 1694 4282 salvemur,
1732 4231 1828 4276 aut
1863 4225 2193 4279 mundemur

617 4319 904 4374 poenarum
935 4307 1162 4376 judicio.
1195 4309 1262 4361 Et
1287 4312 1444 4375 paulo
1475 4324 1592 4379 post
1613 4330 1631 4365 :
1664 4315 1802 4371 Vere
1832 4317 2192 4374 admiratione

619 4398 916 4463 stupebunt
941 4399 1257 4468 spirituales
1281 4404 1512 4458 virtutes
1537 4445 1550 4468 ,
1575 4420 1697 4458 cum
1728 4408 1989 4464 videbunt
2019 4411 2188 4466 Deum

2308 1938 2414 1989 ἀπὸ
2442 1936 2535 1988 τοῦ
2563 1938 2762 1988 οἰκείου
2796 1937 3058 2005 ὀνόματος
3084 1938 3360 2006 σεμνύνων
3383 1937 3453 1987 τὰ
3479 1935 3627 2004 ἔθνη.

2389 2031 2482 2081 Ἐκ
2529 2031 2799 2099 διαφόρων
2833 2028 3008 2082 ἀνθῶν
3058 2028 3302 2093 πλακεὶς,
3334 2027 3425 2080 καὶ
3451 2026 3687 2096 διάδημα
3724 2024 3856 2094 βασι-

2308 2122 2452 2184 λείας
2481 2122 2541 2174 τὸ
2563 2123 2746 2190 τάγμα
2779 2121 2885 2173 τῶν
2914 2121 3224 2174 ἀποστόλων
3256 2120 3531 2189 τυγχάνει,
3563 2119 3611 2171 οἳ
3641 2118 3734 2170 καὶ
3764 2117 3861 2170 τῶν

2320 2215 2649 2285 Ἐκκλησιῶν
2678 2213 3050 2286 προήχθησαν,
3082 2214 3233 2277 ὄντες
3259 2212 3578 2288 κατάγένος
3613 2210 3862 2282 Ἰσραηᾙ-

2306 2323 2416 2371 ται,
2449 2301 2528 2368 οἷς
2576 2306 2668 2357 καὶ
2698 2306 2905 2374 ἥρμοσε
2951 2305 3014 2358 τὸ
3040 2303 3211 2374 ὄνομα
3255 2303 3315 2355 τὸ
3352 2301 3560 2364 καινὸν,
3591 2300 3860 2354 κοινωνίαν

2306 2397 2486 2466 ἔχουσι
2519 2397 2653 2466 πρὸς
2686 2396 2746 2447 τὸ
2780 2396 2954 2463 γένος.

2373 2486 2595 2556 Θέλημα
2624 2485 2803 2537 τοίνυν
2837 2483 3123 2538 καλοῦνται
3155 2485 3203 2536 οἱ
3238 2484 3296 2535 τὸ
3327 2483 3539 2552 θέλημα
3581 2480 3750 2533 αὑτοῦ
3777 2496 3863 2532 πε-

2307 2581 2610 2648 ποιηκότες,
2640 2578 2731 2640 οὖς
2772 2580 2862 2631 καὶ
2893 2580 3108 2647 ἀγαπᾷν
3137 2576 3303 2644 λέγει,
3344 2575 3718 2639 ὡς’συνοικῶν
3751 2590 3863 2625 vsa-

2306 2687 2484 2731 ν.σκος
2511 2670 2778 2739 παρθένῳ.
2811 2669 2981 2722 Τοῦτο
3007 2668 3061 2721 δὲ
3091 2670 3152 2722 ού
3201 2668 3404 2738 φθορὰν
3442 2669 3715 2738 σημαίνει,
3757 2667 3860 2719 ἀλλ’

2304 2761 2651 2830 ἀκμάζουσαν
2679 2762 2861 2831 σχέσιν
2881 2779 2893 2791 ·
2927 2762 3020 2814 καὶ
3053 2762 3160 2833 γάρ
3179 2763 3422 2833 τηρεῖὲν
3446 2761 3525 2830 τῷ
3559 2760 3862 2830 συνοικεσίῳ

2301 2853 2397 2923 τὴν
2430 2853 2714 2923 παρθένον.

2371 2945 2481 3013 Τὴν
2508 2946 2623 2995 νυνὶ
2667 2946 2998 2998 κατάστασιν
3045 2944 3152 2995 τῶν
3198 2943 3533 3013 Ἑκκλησιῶν
3584 2941 3858 3010 ἐμφαίνει·

2306 3034 2420 3102 μεθ’
2453 3034 2665 3103 ἡμέραν
2691 3051 2745 3084 τε
2772 3037 2864 3086 καὶ
2888 3033 3103 3104 νύκτωρ
3131 3032 3458 3102 μελετῶντος
3486 3029 3579 3082 τοῦ
3609 3028 3736 3082 λαοῦ
3769 3029 3860 3091 τὰς

2304 3125 2518 3186 ἐντολάς
2551 3125 2642 3176 τοῦ
2670 3124 2802 3176 Θεοῦ
2825 3141 2838 3154 ·
2872 3123 3292 3177 ὲκδιδασκόντων
3325 3139 3381 3174 τε
3420 3122 3609 3187 ίερέων
3642 3119 3711 3173 τά
3739 3135 3860 3188 περι

2301 3216 2432 3268 Θεοῦ
2465 3218 2528 3269 δι’
2562 3199 2688 3286 ὅλης
2727 3217 2939 3281 νυκτὸς,
2972 3215 3262 3270 αἰνούντων
3291 3215 3380 3268 τὸν
3416 3215 3619 3286 Κύριον
3647 3216 3739 3267 καὶ
3770 3214 3861 3268 αύ-

2300 3309 2393 3360 τοῦ
2427 3308 2886 3378 μνημονευόντων.

2382 3399 2558 3469 Ἐδὼμ
2586 3399 2732 3466 λέγει
2764 3400 2890 3462 τοὺς
2915 3400 3065 3461 υἱοὺς
3108 3399 3298 3451 Ἠσαῦ.
3338 3397 3505 3468 Βοσὸρ
3527 3397 3580 3450 δὲ
3626 3399 3741 3467 ἦτοι
3769 3396 3862 3467 τὴν

2300 3494 2536 3564 Βόστραν
2576 3494 2722 3560 λέγει
2758 3493 2877 3545 καθ’
2926 3494 3203 3569 Ἐϐραίους
3247 3493 3443 3564 σάρκα.
3477 3487 3645 3557 Οὗτος
3685 3495 3859 3546 τοίνυν

2298 3586 2326 3637 ὀ
2362 3587 2533 3654 μέγας
2579 3588 2634 3637 ἐν
2685 3586 2828 3656 ἰσχύῖ
2859 3587 2951 3638 καὶ
2992 3587 3319 3655 ἀσύγκριτος
3367 3585 3684 3656 κριθήσεται
3727 3585 3859 3657 πρὸς

2297 3675 2491 3738 αὐτοὺς
2533 3674 2716 3744 δικαία
2759 3675 2943 3745 ψήφῳ,
2978 3675 3076 3745 τὴν
3111 3677 3229 3728 κατ’
3262 3676 3458 3737 αὐτοὺς
3498 3673 3858 3744 ποιησάμενςθ

2298 3765 2564 3817 ἐκδικίαν·
2619 3766 2711 3819 καὶ
2746 3768 2854 3837 γὰρ
2898 3766 3031 3828 Θεὸς
3074 3765 3206 3836 πρὸς
3253 3764 3570 3835 ἀνθρώπους
3622 3757 3855 3834 κρίνεται

2298 3857 2474 3908 καλῶν
2502 3859 2649 3926 ἡμᾶς
2681 3860 2759 3919 είς
2805 3857 3004 3929 κρίσιν,
3057 3858 3142 3910 ἵνα
3193 3857 3398 3927 διδάξῃ,
3448 3858 3529 3909 ὅτι
3563 3855 3720 3908 αὐτοῦ
3763 3857 3856 3927 μὲν

2294 3947 2477 4001 δικαία
2507 3951 2538 4018 ἡ
2570 3949 2771 4018 ἄμυνα,
2811 3951 2970 4017 ἡμεῖς
2998 3947 3055 4000 δὲ
3083 3948 3262 4000 αὐτῶν
3300 3948 3459 4001 αἴτιοι
3501 3947 3621 4000 καθ’
3654 3947 3855 4000 ἑαυτιὶν

2295 4039 2658 4108 ἐπισπώμενοι
2686 4041 2783 4111 τὴν
2825 4041 2982 4109 δίκην
3006 4057 3018 4068 ·
3077 4039 3237 4100 αὐτὸς
3293 4038 3401 4109 γὰρ
3435 4040 3525 4092 καὶ
3557 4039 3710 4109 δίκην
3761 4041 3854 4091 6?.-

2292 4136 2460 4202 ἀγων,
2495 4136 2633 4205 ὑπὲρ
2676 4135 2944 4207 σωτηρίας
2974 4135 3130 4206 ἡμῶν
3162 4133 3337 4187 πάντα
3377 4137 3537 4196 ποιεῖ,
3581 4135 3717 4206 ὑπὲρ
3761 4133 3853 4188 τοῦ

2293 4229 2384 4279 καὶ
2419 4227 2627 4280 παῦλαν
2665 4230 2809 4298 ἡμᾶς
2836 4227 3019 4280 λαϐεῖν
3048 4226 3140 4280 τοῦ
3193 4227 3550 4297 ἁμαρτάνειν,
3599 4228 3630 4298 ἢ
3687 4245 3850 4298 μετα-

2291 4320 2585 4386 νοήσαντας
2613 4317 2870 4388 σωθῆναι,
2907 4319 2940 4390 ἢ
2970 4317 3322 4388 κουφισθῆναι
3369 4320 3427 4370 ὲν
3457 4323 3518 4388 τῇ
3556 4320 3726 4390 κρίσει
3756 4322 3851 4389 τῆς

2291 4408 2577 4479 τιμωρίας.
2617 4408 2726 4461 Καὶ
2760 4411 2887 4478 μετ’
2924 4409 3117 4478 ὀλίγα·
3169 4407 3406 4477 Ἀληθῶς
3437 4408 3545 4480 γὰρ
3581 4409 3851 4479 θαύματος

617 4504 800 4550 suum,
837 4504 960 4543 cum
993 4505 1226 4560 corpore
1263 4493 1317 4546 in
1351 4494 1523 4548 ccelos
1553 4497 1974 4564 ascendentem,
2015 4512 2068 4557 et
2094 4520 2186 4557 ru-

2300 4499 2676 4572 ἐπεπλήρωντο
2718 4501 2812 4554 καὶ
2859 4502 2912 4555 αί
2958 4499 3146 4570 νοηταὶ
3185 4500 3475 4570 δυνάμεις,
3520 4502 3719 4572 ὁρῶσαι
3764 4503 3850 4554 τὸν

614 4579 831 4633 bentem
863 4582 1146 4651 sanguine,
1171 4591 1223 4635 et
1253 4587 1434 4639 crucis
1474 4587 1816 4656 stigmatibus
1843 4592 2184 4661 transﬁxum;

615 4677 670 4724 ct
703 4669 992 4724 victoriam
1034 4673 1100 4726 de
1136 4681 1308 4728 morte
1339 4677 1605 4743 relatam;
1641 4686 1695 4732 et
1737 4683 1965 4749 gratiam
2009 4685 2186 4740 homi-

615 4763 777 4816 nibus
809 4763 1094 4833 Iargitam;
1127 4773 1183 4818 et
1218 4777 1562 4835 peccatorum
1609 4773 2006 4828 remissionem.
2048 4775 2181 4830 Nam

612 4856 926 4910 hominibus
990 4867 1210 4928 pr0pter
1243 4871 1464 4929 peccata
1521 4879 1618 4917 sua
1664 4875 1839 4920 morte
1871 4868 2179 4932 damnatis,

615 4945 866 5000 Salvator
895 4959 1083 5003 noster
1113 4950 1229 5017 ipse
1277 4967 1375 5020 pro
1409 4953 1565 5009 nobis
1610 4965 1836 5009 mortem
1879 4959 2088 5020 subiit,
2118 4967 2178 5013 ut

611 5037 772 5092 nobis
829 5038 1291 5095 immortalitatem
1355 5053 1693 5111 operaretur.
1733 5044 1800 5096 Et
1835 5046 1994 5113 paulo
2024 5059 2178 5114 post:

611 5125 764 5191 Quod
799 5128 847 5183 si
888 5130 1108 5200 angelos
1146 5133 1507 5187 exsultavisse
1558 5134 1796 5190 audieris
1822 5177 1836 5198 ,
1889 5137 1997 5190 noli
2055 5137 2177 5192 illos

611 5217 934 5285 ignorantia
967 5235 1221 5290 arguere;
1260 5235 1523 5276 noverant
1555 5225 1696 5278 enim
1727 5224 2023 5281 Salvatoris
2045 5241 2178 5281 con-

611 5306 734 5360 silia
757 5323 822 5362 ex
853 5324 963 5378 quo
992 5312 1045 5364 in
1088 5320 1287 5366 terram
1331 5313 1588 5383 delapsus
1635 5329 1853 5369 carnem
1889 5317 2128 5386 suscepit
2158 5335 2172 5383 ;

651 5463 695 5493 "
716 5462 904 5518 Matth.
938 5482 969 5518 ι
1023 5471 1070 5520 6.

2292 4591 2498 4643 ἑαυτῶν
2539 4591 2669 4644 Θεὸν
2705 4594 2760 4644 ὲν
2801 4592 3010 4662 σώματι
3058 4593 3138 4654 είς
3182 4593 3441 4664 οὐρανοὺς
3492 4594 3707 4647 ἀνιόντα
3760 4595 3850 4648 καὶ

2290 4681 2524 4750 φέροντα
2567 4682 2628 4734 τὸ
2677 4681 2927 4752 ἐρύθημα
2975 4681 3068 4735 τοῦ
3123 4681 3349 4749 αἵματος
3379 4683 3473 4735 καὶ
3501 4681 3567 4735 τά
3613 4682 3848 4752 σύμϐολα

2287 4771 2380 4823 τοῦ
2412 4772 2664 4844 σταυροῦ,
2699 4777 2799 4844 τήν
2845 4791 2903 4826 τε
2951 4773 3089 4826 κατά
3128 4773 3219 4826 τοῦ
3261 4773 3491 4828 θανάτου
3539 4774 3712 4846 νίκην,
3761 4792 3849 4828 και

2285 4863 2383 4934 τὴν
2422 4864 2729 4935 ἀνθρώποις
2758 4864 3110 4935 χαρισθείσαν
3139 4865 3295 4936 χάριν
3332 4868 3426 4918 καὶ
3455 4865 3648 4934 ἄφεσιν
3675 4867 3848 4934 ἀμαρ-

2283 4957 2434 5010 τιῶν.
2469 4959 2590 5011 Τῶν
2617 4958 2724 5030 γὰρ
2761 4957 3062 5030 ἀνθρώπων
3106 4958 3245 5028 ὑπὲρ
3283 4959 3390 5011 τῶν
3420 4959 3635 5011 οἰκείων
3669 4959 3844 5029 ἀμαρ-

2285 5049 2544 5117 τημάτων
2594 5049 2823 5102 θάνατον
2871 5048 3320 5120 χρεωστούντων,
3371 5053 3400 5104 6
3451 5050 3642 5120 Σωτὴρ
3694 5050 3846 5119 ἡμῶν

2285 5139 2520 5209 ὑπῆλθεν
2570 5141 2729 5204 αὐτὸς
2776 5142 2867 5194 τὸν
2921 5140 3144 5194 θάνατον
3192 5141 3331 5211 ὑπὲρ
3378 5140 3561 5209 ἡμῶν,
3596 5139 3665 5191 ἶν’
3714 5142 3844 5208 ἡμῖν

2283 5230 2579 5284 ἀθανασίαν
2615 5232 3122 5304 πραγματεύσηται.
3159 5233 3267 5285 Καὶ
3297 5233 3424 5300 μετ’
3455 5233 3630 5300 ὀλίγα
3655 5246 3668 5262 '
3700 5232 3763 5285 ΕΞ
3787 5233 3842 5285 δὲ

2282 5320 2373 5372 ἐπὶ
2417 5320 2663 5389 ἀγγέλων
2707 5322 2925 5386 ἀκούοις
2987 5322 3061 5384 ὡς
3105 5322 3547 5392 ὲπαπορούντων,
3599 5321 3674 5394 μὴ
3701 5320 3841 5374 ὲκεί-

684 5620 977 5704 (Ξῖδλξῐοηο
1015 5641 1199 5681 vocem
1239 5642 1346 5682 non
1375 5643 1580 5681 carnem
1601 5627 1925 5697 signiﬁcare,
1962 5629 2054 5684 sed
2074 5629 2282 5699 ﬁrmam
2317 5640 2477 5702 atque
2516 5635 2793 5699 munitam,
2829 5632 2952 5689 luce
2980 5632 3173 5704 probat
3192 5633 3398 5689 clarius
3428 5629 3487 5688 S.
3515 5631 3659 5690 Hier.
3689 5644 3833 5688 om.

613 5689 666 5742 iu
693 5688 768 5744 Is.
799 5691 890 5747 litt.
929 5709 1038 5748 xvn
