4044 6324
208 360 356 420 εδει
1646 357 1711 413 IN
1750 356 1790 412 l!

1894 357 2013 411 AI.
3336 356 3475 414 1370

208 497 330 545 νοις
359 480 892 554 ἀγνοιαν’προσάγῃς
912 494 927 508 ·
977 477 1196 550 ᾔδεισαν
1226 478 1336 549 γάρ
1368 479 1435 535 τά
1473 480 1789 551 οίκονομοὺ-

1893 481 1987 535 sed
2016 488 2069 534 te
2100 476 2386 534 erudiendi
2426 479 2602 550 gratia
2636 491 2700 531 ac
2736 474 2969 532 docendi
3014 476 3131 533 hac
3155 476 3297 531 dicta
3320 486 3471 542 sunt,

214 588 359 644 μενα
409 571 515 626 ὑπὸ
544 570 638 624 τοῦ
672 571 945 641 Σωτῆρος,
980 568 1073 637 ἀφ’
1109 564 1171 623 οῦ
1222 570 1302 634 είς
1348 568 1553 640 κόσμον
1602 570 1790 642 επιδη-

1892 580 1951 626 ιιι
1977 571 2163 626 discas
2194 568 2419 639 angelos
2444 582 2664 638 quoque
2688 567 2755 622 de
2787 567 2968 623 salute
2996 577 3185 623 nostra
3214 569 3473 638 gaudere.

212 663 399 734 μήσας
430 662 608 733 σάρκα
640 661 956 731 ἀνειλήφει·
999 658 1137 713 ἀλλά
1164 660 1262 732 τὴν
1288 658 1426 714 εἶναι
1465 660 1790 732 ὀμμάτωσιν

1892 677 1951 717 ac
1984 660 2217 717 Domino
2257 661 2652 731 congratulari,
2678 667 2732 715 et
2759 661 2948 714 mirari
2983 660 3131 730 quod
3164 659 3307 716 Deus
3352 676 3476 731 ρω-

210 754 310 805 καὶ
337 752 682 807 διδασκαλίαν
716 751 776 804 τὸ
804 750 1054 822 πρᾶγμα,
1088 750 1173 805 ῐνα
1221 750 1419 822 μάθῃς,
1446 751 1527 805 ὃτι
1560 752 1654 804 καὶ
1684 753 1785 819 ἀγ-

207 844 364 913 γελοι
414 844 665 917 χαίρουσι
719 842 813 896 ἐπὶ
872 842 1147 914 σωτηρίᾳ,
1196 844 1291 896 καὶ
1340 843 1659 916 γεραίρουσι
1700 842 1794 895 τὸν

1888 769 1993 810 nas
2030 752 2273 824 peccatis
2302 752 2512 807 nostris
2542 752 2760 807 debitas
2781 789 2797 817 ,
2830 752 2896 805 ad
2931 752 3105 806 salute
3132 766 3236 807 nos
3284 760 3337 806 et
3372 753 3477 805 im-

1885 846 2219 900 mortaiitate
2295 844 2601 908 donandos,
2664 858 2766 912 pro
2796 845 2955 906 nobis
2978 844 3164 900 subire
3192 844 3444 899 voluerit.

206 936 516 1007 Δεσπότην,
559 934 654 989 κα)⁵
692 932 1080 1004 θαυμάζουσιν,
1125 934 1207 987 ὃτι
1232 936 1259 987 6
1287 933 1418 996 Θεὸς
1449 934 1707 1005 ἠνέσχετο
1740 932 1803 986 τὸ
1838 936 2280 1006 χρεωστοὺμενον
2330 934 2641 1006 ἀνθρώποις
2695 937 2782 990 διὰ
2854 936 2951 1000 τάς
3004 936 3183 991 αὑτῶν
3232 951 3473 1007 παρανο-

213 1025 350 1095 μίας
382 1024 632 1078 ὑπελθεῖν
664 1023 802 1095 ὑπὲρ
832 1023 1032 1088 αὑτῶν,
1064 1026 1114 1078 ϊν
1164 1024 1350 1086 αὐτοῖς
1380 1024 1659 1095 σωτηρίαν
1705 1025 2018 1097 χαρίσηται,
2054 1027 2356 1081 ἀθανασίαν
2385 1028 2567 1091 αὑτοῖς
2595 1028 2982 1099 χαρισάμενος.

284 1120 455 1172 Πάλιν
499 1115 733 1169 ἐνταῦθα
773 1116 835 1169 τὸ
882 1118 1087 1186 ἄφατον
1133 1117 1229 1187 τῆς
1280 1116 1373 1169 τοῦ
1420 1116 1555 1169 Θεοῦ
1603 1116 1791 1185 φιλαν-

209 1208 462 1281 θρωπίας
511 1208 862 1278 σημαίνεται·
900 1208 1022 1263 καθ’
1074 1208 1102 1262 δ
1146 1208 1417 1262 δείκνυται
1451 1209 1611 1272 αὑτὸς
1660 1210 1790 1280 ἡμῖν

211 1300 582 1371 παρεσχηκὼς
636 1301 727 1354 καὶ
782 1301 844 1354 τὸ
883 1296 1020 1354 εἶναι
1069 1300 1137 1353 δι’
1185 1300 1531 1370 ἀγαθότητα,
1587 1299 1681 1352 καὶ
1728 1299 1790 1352 τὸ

211 1392 483 1444 ἐλεεῖσθαι
533 1391 622 1444 διά
670 1390 1097 1464 φιλανθρωπίας,
1148 1392 1225 1454 ὡς
1280 1392 1425 1445 ίδίων
1470 1393 1789 1461 ποιημάτων

213 1478 693 1549 ἀντιποιούμενος·
750 1481 845 1533 καὶ
898 1481 1018 1549 οὑχ¹ι
1066 1482 1195 1551 παρ’
1229 1480 1386 1534 ἀλλον
1440 1482 1587 1552 ἡμᾶς
1631 1480 1787 1545 δεξά-

217 1589 379 1642 μενος
407 1572 608 1638 ἔλεγεν,
640 1592 658 1622 ι
691 1574 800 1642 Οὑχ
849 1574 877 1626 6
916 1572 1045 1635 λαός
1090 1571 1191 1643 μού
1241 1574 1354 1626 ἐστι
1389 1572 1557 1626 τέκνα
1590 1590 1727 1642 μου,
1775 1592 1794 1625 ι

211 1662 507 1728 τουτέστιν,
527 1665 579 1715 Ἐ
588 1664 662 1733 μά
676 1664 929 1730 δντες,είς
944 1663 1107 1718 τέκνα
1125 1680 1224 1733 μου
1238 1662 1619 1734 λογισθήσεσθε
1640 1680 1653 1691 ·
1668 1665 1692 1714 ὲ
1700 1662 1799 1734 μοῦ

211 1752 314 1824 τὴν
336 1753 570 1807 διάθεσιν
592 1755 690 1824 τὴν
720 1755 795 1816 ὡς
822 1754 1032 1818 τέκνοις
1053 1755 1405 1824 ὀφειλομένην
1436 1756 1510 1825 μὴ
1542 1753 1802 1809 ἀθετοῦν-

215 1861 330 1907 τος,
357 1848 403 1897 εἰ
430 1846 520 1898 καὶ
552 1846 705 1915 ὑμεῖς
734 1844 1048 1915 ἀγνώμονες
1077 1846 1205 1915 περὶ
1235 1845 1324 1897 τὸν
1357 1845 1565 1899 ἑαυτῶν
1591 1845 1801 1916 πατέρα

214 1938 529 2007 γεγένησθε.
550 1938 733 1991 Ταῦτα
756 1939 811 1989 δὲ
824 1937 1028 2009 ἥρμοζε
1047 1939 1172 2007 παρ’
1202 1938 1375 1991 αὐτῶν
1391 1938 1642 2007 λέγεσθαι
1664 1938 1801 2009 πρὸς

211 2029 307 2081 τὸν
322 2029 473 2092 Θεὸν,
492 2028 874 2082 οἱκειωθέντων
902 2032 980 2091 είς
1007 2028 1097 2081 τὸν
1118 2028 1226 2081 τῶν
1246 2029 1447 2081 τέκνων
1480 2027 1799 2096 κατάλογον.

1964 1120 2131 1176 Vsus.
2152 1121 2203 1175 8.
2228 1120 2442 1177 Rursus
2457 1120 2547 1174 hic
2566 1120 2986 1188 declaratquam
3010 1117 3390 1173 inenarrabilis
3401 1117 3474 1171 sit

1894 1213 1987 1269 Dei
2003 1213 2334 1283 benignitas.
2359 1212 2621 1267 Memorat
2636 1211 2782 1266 enim
2801 1226 2859 1265 se
2879 1211 3009 1264 olim
3030 1210 3197 1264 vitam
3212 1210 3371 1264 nobis
3386 1209 3474 1265 be-

1891 1302 2055 1369 nigne
2083 1310 2137 1355 et
2160 1300 2285 1355 dein
2321 1300 2549 1354 veniam.
2575 1299 3010 1355 misericorditer
3043 1300 3331 1362 tribuisse,
3370 1314 3472 1355 nos

1892 1392 2046 1462 quasi
2071 1398 2356 1446 creaturas
2385 1405 2513 1444 suas
2548 1390 2651 1444 sibi
2672 1390 2979 1445 vindicans.
3020 1388 3131 1445 Nec
3152 1390 3219 1443 ab
3248 1391 3355 1443 alio
3372 1403 3472 1443 nos

1898 1482 2180 1551 accepisse
2212 1480 2576 1535 contendebat
2613 1498 2624 1533 :
2651 1499 2668 1531 ι
2693 1479 2886 1537 Nonne
2921 1482 3156 1550 populus
3188 1497 3339 1536 meus
3376 1480 3470 1534 ﬁlii

1898 1573 2059 1627 mei?»
2094 1571 2207 1626 Hoc
2227 1571 2440 1637 est,Mei
2463 1587 2588 1627 cum
2609 1572 2857 1642 sitis,pro
2877 1572 3002 1627 filiis
3019 1572 3374 1637 babebimini;
3398 1570 3476 1625 ιί·

1898 1664 2043 1719 fectu
2071 1680 2169 1720 vos
2199 1666 2549 1733 complectar,
2574 1681 2683 1735 quo
2717 1666 2810 1719 lilii
2844 1666 3100 1736 diligendi
3130 1676 3277 1729 sunt,
3309 1667 3468 1721 dum-

1897 1758 2059 1813 modo
2076 1774 2172 1812 vos
2200 1758 2251 1811 in
2278 1765 2486 1827 patrem
2516 1766 2757 1813 vestrum
2782 1758 3306 1829 gratosexhibeatis.
3341 1759 3472 1824 Qua

1899 1856 2080 1903 autem
2105 1850 2172 1903 ab
2190 1850 2270 1904 eis
2289 1848 2397 1904 Deo
2417 1846 3082 1913 dicendacrant,liliorum
3108 1852 3161 1903 in
3183 1865 3470 1905 numerum

1903 1944 2159 2011 receptis.

288 2141 502 2193 Πάλινὸ
539 2142 822 2210 προφήτης
849 2140 945 2209 τῆς
974 2140 1205 2209 σχέσεως
1254 2140 1351 2210 τῆς
1386 2141 1522 2211 πρὸς
1553 2141 1645 2197 τὸν
1667 2141 1790 2193 λαὸν

1969 2120 2135 2177 Vsus.
2170 2122 2257 2176 ll.
2293 2122 2508 2177 Rursus
2546 2120 2896 2176 commendat
2947 2119 3215 2190 prepheta
3243 2118 3470 2175 affectus

213 2228 311 2283 τοῦ
350 2230 484 2283 Θεοῦ
513 2231 807 2301 γενομένης
838 2232 1262 2303 ὑπομιμνήσκει,
1298 2233 1651 2302 μνημονεύων
1678 2232 1787 2285 τῶν

215 2320 278 2386 ἐξ
310 2321 504 2392 ἀρχῆς,
550 2322 642 2374 καί.
680 2320 867 2392 ῶσπερ
900 2320 1096 2391 ῦποψιν
1142 2322 1322 2387 αὑτοῖς
1352 2324 1476 2390 ἀγει
1516 2321 1595 2393 τῷ
1624 2322 1787 2392 λόγῳ,

215 2412 286 2465 τὰ
318 2414 398 2475 είς
429 2414 554 2475 τοὺς
581 2412 920 2482 πατριάρχας
951 2412 1239 2481 γενόμενα.

300 2525 618 2577 Ἐνταῦθαό
668 2526 950 2597 προφήτης
989 2526 1068 2587 είς
1114 2524 1213 2595 τὴν
1260 2524 1424 2596 εὐχὴν
1470 2524 1787 2599 μετατίθησι

213 2616 308 2669 τὸν
348 2616 524 2683 λόγον,
555 2616 647 2667 καὶ
696 2616 792 2667 ἀπ’
828 2613 1055 2686 οὐρανοῦ
1101 2616 1385 2687 γνωρίζειν
1420 2615 1553 2667 Θεὸν
1603 2614 1783 2678 ἀξιοῖ·

214 2712 314 2779 οὑχ
343 2710 418 2772 ὡς
448 2709 542 2762 τοῦ
571 2709 703 2762 Θεοῦ
732 2712 787 2762 ὲν
818 2710 1067 2779 οὐρανοῖς
1087 2710 1523 2778 ἀποκλειομένου,
1562 2707 1656 2758 καὶ
1683 2707 1787 2769 ἓως

213 2804 321 2869 γῆς
355 2800 552 2869 φθάσαι
585 2800 659 2871 μὴ
697 2800 1019 2870 δυναμένου,
1050 2800 1162 2852 ἀλλ’
1193 2799 1267 2860 ὡς
1312 2799 1614 2869 ἐγείροντος
1655 2814 1787 2866 φρο-

214 2892 435 2961 νήματα
470 2890 955 2954 καταπεπτωκότα,
985 2890 1078 2943 καὶ
1105 2891 1184 2952 είς
1230 2889 1332 2958 γῆν
1370 2890 1609 2956 ἓρποντα
1634 2928 1647 2950 ,
1698 2889 1783 2941 ἀν-

214 2984 440 3051 άγοντος
457 2985 533 3045 είς
550 2983 827 3051 οὐρανοὺς,
848 2982 941 3035 καὶ⁵
967 2980 1367 3041 ὲκδιδάσκοντος
1392 2979 1555 3048 μηδὲν
1578 2982 1785 3048 γήϊνον,

217 3071 387 3143 μηδὲν
420 3071 672 3122 ταπεινὸν
708 3072 845 3122 νοεῖν
880 3068 1006 3137 περὶ
1045 3066 1179 3119 Θεοῦ
1200 3084 1211 3095 ·
1246 3066 1359 3118 ἀλλ’
1388 3066 1604 3128 ειδέναι,
1639 3064 1714 3128 ὡς
1761 3067 1790 3117 6

218 3164 394 3233 μέγας
447 3162 594 3224 νοῦς,
642 3162 670 3212 6
716 3161 785 3213 τά
840 3160 1015 3213 πάντα
1062 3158 1297 3228 συνέχων
1345 3158 1437 3211 καὶ
1486 3156 1788 3228 κυϐερνῶν,

211 3254 385 3309 τᾶλλα
410 3254 623 3316 οίκείως
656 3252 977 3323 γνωρίζεται
1009 3251 1101 3303 ἀπ’
1134 3248 1384 3320 οὐρανοῦ.

293 3345 427 3397 Οὑδὲ
460 3344 568 3413 γὰρ
612 3342 703 3393 τὸν
762 3341 1007 3412 Ἀϐραάμ
1046 3342 1252 3409 εἴποιμι
1305 3339 1373 3392 τά
1419 3337 1513 3393 νῦν
1555 3339 1786 3409 πατέρα,

1890 2213 2109 2269 Domini
2148 2215 2202 2268 in
2239 2215 2495 2284 populum
2529 2216 2814 2285 probatos,
2858 2228 2945 2267 res
2979 2212 3287 2282 prazteritas
3350 2226 3470 2265 me-

1892 2322 2144 2371 morans,
2169 2316 2222 2360 et
2250 2306 2408 2361 fidem
2457 2314 2515 2360 ut
2550 2307 2656 2361 sibi
2713 2306 2922 2373 faciat,
2979 2304 3136 2375 signa
3169 2302 3337 2357 refert
3372 2317 3471 2373 pa-

1890 2398 2263 2451 triarcharum
2300 2398 2476 2468 gratia
2504 2397 2671 2453 edita.

1958 2508 2118 2565 Vens.
2136 2511 2217 2563 15.
2252 2510 2349 2563 ilic
2379 2510 2637 2579 propheta
2657 2510 2723 2564 ad
2750 2524 2937 2579 preces
2955 2506 3277 2577 confugit,et
3298 2504 3466 2558 Deum

1887 2609 2081 2655 oratut
2110 2600 2175 2654 de
2206 2602 2345 2654 coelo
2376 2601 2692 2669 prospiciat.
2717 2600 2833 2654 Non
2864 2598 3111 2669 profecto
3141 2598 3295 2667 quasi
3327 2596 3470 2651 Deus

1888 2694 1945 2747 in
2010 2692 2165 2747 caelis
2227 2692 2625 2755 includeretur,
2664 2699 2718 2747 et
2777 2700 2978 2746 terram
3044 2704 3315 2757 occupare
3351 2702 3467 2742 non

1887 2791 2093 2851 posset,
2128 2780 2222 2835 sed
2260 2792 2321 2834 ut
2354 2781 2629 2836 demissas
2684 2789 2895 2837 mentes
2949 2782 3240 2844 relevaret,
3298 2788 3351 2833 et
3400 2779 3469 2831 ad

1888 2880 2094 2926 terram
2122 2873 2410 2942 depressas
2439 2873 2506 2926 ad
2560 2874 2808 2929 crniestia
2842 2873 3095 2941 erigeret,
3130 2886 3193 2924 ac
3249 2870 3471 2926 doceret

1890 2978 1985 3015 eos
2014 2964 2088 3015 nil
2121 2962 2347 3024 humile,
2392 2964 2468 3015 nil
2501 2964 2781 3033 indignum
2812 2964 2878 3017 de
2916 2962 3025 3018 Dec
3068 2978 3192 3018 esse
3228 2963 3471 3017 sentien-

1889 3051 2042 3115 dum,
2078 3051 2390 3106 habendum
2425 3068 2554 3106 vero
2586 3069 2696 3123 prae
2748 3054 2925 3107 oculis
2949 3094 2962 3116 ,
3017 3054 3161 3123 quod
3201 3060 3469 3123 praestans

1889 3140 1980 3195 illa
2006 3156 2158 3195 mens
2181 3158 2299 3211 quae
2324 3150 2521 3195 cuncta
2558 3142 2799 3197 continet
2834 3151 2885 3195 et
2930 3144 3089 3212 regit,
3123 3142 3303 3195 omnia
3332 3154 3470 3211 quo-

1890 3249 1996 3304 que
2027 3250 2133 3287 uno
2167 3236 2363 3288 intuitu
2391 3236 2457 3289 de
2489 3236 2628 3290 caelo
2654 3236 2967 3305 perspiciat.

1959 3324 2123 3380 Vsus.
2158 3326 2243 3381 16.
2299 3328 2577 3381 Abraham
2629 3336 2841 3397 patrem
2884 3342 3034 3383 nunc
3088 3343 3197 3381 non
3235 3327 3464 3381 vocabo.

214 3438 317 3491 οὑκ
339 3436 665 3506 ἀρνούμενος
691 3435 781 3487 τὸν
810 3434 1173 3504 πατριάρχην,
1210 3432 1321 3484 ἀλλ’
1372 3431 1445 3495 ὡς
1480 3432 1677 3501 μᾶλλον
1711 3430 1787 3502 τῷ

1892 3434 2003 3473 non
2048 3418 2194 3488 quod
2232 3420 2601 3488 patriarcbam
2662 3436 2876 3490 negem,
2921 3421 3013 3476 sed
3056 3419 3205 3489 quod
3270 3434 3466 3489 nomen

213 3527 336 3597 Θεῷ
362 3525 455 3578 τοῦ
491 3524 691 3595 πατρὸς
715 3524 879 3593 δνομα
900 3522 1249 3594 ἁρμόζοντος.

300 3641 357 3691 .0
403 3639 686 3709 προφήτης
732 3638 905 3691 πάντα
950 3636 1041 3688 ἐπὶ
1073 3636 1164 3687 τὸν
1204 3634 1333 3687 Θεὸν
1362 3635 1642 3706 ἀναφέρει,
1686 3635 1784 3705 οὑχ

213 3732 294 3794 ὡς
317 3729 407 3783 τοῦ
444 3728 576 3782 Θεοῦ
610 3729 784 3782 αίτίου
814 3730 942 3797 ἡμῖν
968 3726 1249 3795 γινομένου
1300 3725 1391 3779 τοῦ
1426 3726 1783 3797 ἁμαρτάνειν,

214 3820 336 3876 ἀλλ’
367 3820 653 3882 ἐνδιδόντος
694 3818 789 3871 καὶ
830 3816 1245 3887 συγχωροῦντος
1268 3818 1450 3870 ἐκεῖνα
1498 3816 1783 3887 πράττειν,

213 3912 252 3965 ἃ
282 3912 347 3966 ἄν
377 3928 463 3973 τις
484 3909 743 3980 αἱρῆται·
782 3908 857 3971 ὼς
884 3909 981 3977 τὴν
1034 3908 1131 3977 μὲν
1165 3909 1341 3960 αίτίαν
1369 3908 1513 3977 ἔχειν
1548 3908 1607 3972 ἐξ
1631 3908 1785 3978 ἡμῶν

217 4001 315 4054 καὶ
350 4003 477 4072 παρ’
522 4000 698 4071 ἡμῶν,
734 4000 832 4071 τὴν
876 4000 933 4051 δὲ
978 4001 1251 4070 ἀναφορὰν
1281 4000 1373 4051 ἐπὶ
1401 4000 1491 4053 τὸν
1532 4000 1683 4053 Θεόν.
1717 4030 1788 4039 ——

227 4092 320 4154 Ὠς
364 4090 894 4159 ἐγκαταλειφθέντων
924 4091 1125 4154 αὑτῶν,
1161 4091 1250 4143 καὶ
1284 4091 1356 4160 μὴ
1389 4091 1787 4161 ἀναστελλομέ-

214 4199 327 4235 νων
359 4180 448 4233 διὰ
477 4180 697 4248 πληγῶν
729 4178 834 4231 τῶν
865 4178 1187 4233 κωλυουσῶν
1221 4180 1292 4250 μὴ
1323 4180 1675 4250 ἁμαρτάνειν.

290 4378 411 4431 Τῶν
454 4377 560 4450 γάρ
605 4379 903 4449 Ἀσσυρίων
946 4376 1291 4446 ἀφελομένων
1329 4376 1427 4439 τάς
1462 4377 1645 4440 πόλεις
1691 4376 1789 4431 αὑ-

212 4470 329 4524 τῶν
362 4470 457 4521 καὶ
503 4469 913 4540 περικοψάντων
948 4469 1043 4532 τὰς
1074 4469 1329 4531 πλείστας
1370 4467 1575 4531 πόλεις,
1611 4470 1794 4522 ἀντοι-

215 4562 506 4631 κησάντων
534 4562 590 4614 δὲ
618 4562 742 4625 τοὺς
765 4561 1072 4625 Γοτθαίους,
1096 4561 1145 4613 οἳ
1173 4561 1264 4613 καὶ
1297 4561 1633 4631 Σαμαρεῖται
1665 4563 1796 4614 ἐκα-

214 4654 430 4715 λοῦντο,
464 4654 527 4704 ὲκ
574 4652 667 4704 τοῦ
711 4653 874 4706 τόπου
901 4653 999 4723 τὴν
1033 4651 1413 4724 προσωνυμίαν
1456 4652 1791 4721 εἰληφότων·

1888 3509 2067 3565 Patris
2098 3514 2303 3565 rectius
2327 3512 2434 3565 Deo
2462 3513 2745 3568 convenit.

1953 3623 2120 3680 Vens.
2151 3626 2238 3680 17.
2287 3625 2500 3679 Cuncta
2541 3626 2606 3679 ad
2663 3625 2951 3679 Dominum
3000 3623 3271 3679 referente
3330 3640 3468 3694 pro-

1884 3714 2068 3784 pheta,
2106 3730 2173 3769 ne
2212 3723 2369 3784 putes
2398 3716 2563 3769 Deum
2588 3716 2750 3770 nobis
2792 3724 3075 3769 auctorem
3118 3727 3467 3783 peccatorum

1886 3822 2051 3873 esse;
2103 3805 2421 3860 facultatem
2453 3814 2665 3859 tantum
2706 3806 2972 3876 permittit
3011 3818 3064 3861 et
3099 3809 3349 3861 concedit
3381 3807 3459 3860 fa-

1886 3896 2088 3961 ciendi,
2124 3912 2245 3966 quae
2289 3898 2486 3966 cuique
2527 3898 2791 3951 libuerint
2826 3914 2839 3949 :
2874 3913 3041 3951 causa
3114 3898 3283 3968 igitur
3341 3914 3466 3969 pec-

1888 3988 1994 4042 cati
2024 3989 2080 4042 in
2114 3990 2273 4043 nobis
2304 3996 2356 4042 et
2388 4003 2416 4041 a
2446 3990 2625 4051 nobis,
2658 3988 2728 4043 ad
2760 3978 2929 4043 Deum
2961 3998 3141 4043 autem
3174 3989 3458 4043 referenda

1890 4081 2147 4149 peccandi
2234 4079 2485 4136 facultas.
2521 4109 2591 4120 --
2644 4079 2811 4145 Quasi
2875 4080 3461 4149 comprehenderentur

1888 4172 2015 4241 ipsi,
2048 4180 2102 4225 et
2130 4171 2537 4226 calamitatibus
2568 4173 3032 4241 opprimerentur,
3070 4186 3140 4225 ne
3172 4180 3461 4240 peccarcnt

1892 4260 2343 4330 impedientibus.

1962 4369 2127 4425 Vsus.
2178 4372 2261 4427 l9.
2324 4373 2567 4443 Assyriis
2610 4372 2825 4428 scilicet
2852 4372 3015 4428 urbes
3056 4380 3275 4427 nostras
3327 4372 3452 4427 diri-

1895 4461 2168 4529 pientibus
2198 4504 2212 4527 ,
2260 4469 2313 4516 et
2359 4463 2653 4533 plerasque
2695 4478 2883 4518 earum
2917 4464 3289 4517 evertentibus
3314 4503 3327 4525 ,
3366 4479 3464 4517 au-

1895 4548 2304 4620 ferentibusque
2340 4552 2407 4607 de
2437 4552 2612 4621 patria
2651 4552 2928 4616 Gothaeos,
2978 4554 3070 4622 qui
3104 4562 3159 4608 et
3218 4552 3465 4608 Samari-

1894 4641 2009 4694 tani
2058 4650 2344 4705 vocantur,
2389 4644 2495 4698 loci
2555 4645 2775 4699 nomine
2805 4645 3102 4715 appellati;
3135 4660 3199 4699 ac
3250 4646 3467 4701 duabus

220 4745 387 4815 μόνον
430 4743 486 4795 δὲ
539 4741 631 4795 δύο
682 4743 853 4811 ἥμισυ
910 4742 1091 4811 φυλῶν
1138 4742 1587 4815 περιλειφθεισῶν
1631 4742 1790 4812 μέρος

1899 4740 2109 4785 tantum
2162 4733 2411 4789 tribubus
2466 4734 2521 4787 in
2555 4736 2754 4805 angulo
2804 4737 3232 4800 remanentibus,
3289 4740 3455 4792 sentit

216 4807 556 4902 κατεχόντων
610 4807 821 4904 μικρὸν,
871 4807 1233 4904 ό-προφήτης
1280 4807 1451 4903 ἠξίου,
1508 4807 1648 4885 ὥστε
1700 4807 1790 4887 καὶ

1900 4823 2162 4892 propheta
2198 4839 2419 4893 parvam
2454 4825 2612 4879 istam
2672 4834 2923 4894 partem,
2986 4840 3149 4895 quam
3185 4827 3468 4895 possidere

216 4925 376 4979 τοῦτο
402 4924 431 4976 ὃ
458 4924 672 4977 ἐδόκουν
706 4924 956 4993 κατέχειν
986 4924 1395 4995 περιλειφθῆναι
1434 4924 1617 4985 αὑτοῖς
1661 4925 1797 4995 πρὸς

221 5016 446 5087 μνήμην
477 5016 572 5083 τῆς
599 5015 659 5078 ἐξ
684 5016 855 5085 ἀρχῆς
888 5031 979 5067 σου
1010 5017 1088 5076 είς
1114 5015 1175 5066 τὸ
1199 5016 1351 5082 γένος
1382 5015 1679 5084 γενομένης
1708 5015 1797 5066 εὑ-

222 5105 477 5176 μενείας·
518 5106 590 5175 μή
635 5122 708 5174 πη
746 5105 838 5156 καὶ
874 5106 1062 5157 τούτου
1110 5106 1365 5176 ἀρθέντος
1398 5105 1688 5176 γενοίμεθα
1719 5106 1795 5168 ὼς

222 5197 301 5269 μὴ
334 5196 459 5259 λαός
491 5213 606 5261 σου,
643 5197 775 5267 μηδὲ
804 5198 1236 5269 χρηματίσαντες
1271 5198 1427 5268 μερίς
1468 5214 1581 5251 σου.

299 5394 462 5448 Πάλιν
492 5395 767 5463 ἐμφαίνων
807 5396 834 5447 6
867 5398 1168 5467 προφήτης,
1201 5397 1276 5459 ὡς
1316 5398 1375 5449 οὑ
1416 5398 1483 5450 δι’
1515 5382 1793 5451 ἀσθᾶῖειαν

221 5485 319 5538 τοῦ
349 5486 483 5540 Θεοῦ
521 5480 663 5539 οὗτοι
693 5488 1185 5557 ἐγκατελείφθησαν
1214 5488 1435 5541 τοιαῦτα
1464 5489 1790 5558 ὑποστῆναι,

224 5577 378 5648 παρὰ
409 5578 507 5648 τὴν
544 5578 723 5631 αὑτῶν
772 5579 1073 5650 μοχθηρίαν
1104 5580 1453 5651 ἁμαρτόντων
1484 5580 1579 5633 καὶ
1612 5598 1789 5651 παρα-

221 5668 537 5739 ὗεδηκότων
570 5670 669 5732 τὰς
697 5672 934 5733 ὲντολάς,
967 5670 1239 5741 ἐξηγεῖται
1268 5673 1365 5741 τὴν
1401 5672 1793 5742 μεγαλειότητα

223 5760 311 5814 τοῦ
375 5761 543 5828 Θεοῦ,
594 5760 670 5825 ὼς
725 5762 815 5814 καὶ
877 5761 1199 5832 βουλομένου
1248 5762 1409 5816 αὑτοῦ
1467 5765 1513 5816 οἱ
1574 5764 1790 5836 οὐρανοὶ

1892 4915 2247 4979 videbantur,
2288 4916 2355 4971 iis
2388 4932 2495 4971 non
2536 4917 2645 4971 nisi
2692 4934 2755 4972 ea
2786 4917 2854 4971 de
2912 4932 3079 4973 causa
3128 4918 3298 4973 fuisse
3330 4920 3464 4973 reli-

1892 5014 2057 5070 ctam,
2100 5017 2157 5061 ut
2198 5009 2519 5062 memoriam
2557 5009 2913 5080 benignitatis
2950 5019 3234 5065 servarent
3260 5051 3274 5074 ,
3326 5012 3456 5065 olim

1893 5112 1923 5149 a
1962 5097 2069 5151 Deo
2107 5101 2355 5168 patrihus
2385 5100 2788 5168 comprobatae;
2847 5117 2916 5156 ne
2948 5102 2993 5155 si
3025 5102 3131 5155 ista
3163 5103 3325 5157 etiam
3366 5117 3464 5156 au-

1894 5185 2127 5241 ferretur
2154 5205 2184 5242 a
2217 5190 2395 5253 nobis,
2427 5191 2585 5257 quasi
2617 5178 2849 5261 populus
2880 5193 2978 5246 tibi
3007 5192 3239 5260 alienus,
3261 5201 3313 5247 et
3343 5209 3463 5247 mu-

1901 5294 2093 5331 nerum
2145 5286 2361 5334 tuorum
2392 5295 2589 5348 expers
2626 5282 2897 5335 ﬁeremus.

1970 5390 2096 5446 CAP.
2141 5391 2324 5456 LXIV,
2358 5391 2523 5447 Vens.
2553 5394 2601 5445 1.
2636 5393 2847 5447 Rursus
2882 5393 3167 5447 declarans
3203 5394 3462 5463 propheta

1901 5498 2006 5536 non
2059 5494 2284 5554 prOpter
2336 5484 2762 5539 imbecillitatem
2802 5484 2890 5537 Dei
2946 5485 3093 5553 ipsos
3155 5485 3325 5539 fuisse
3366 5502 3463 5553 op.

1901 5591 2141 5644 pressos,
2184 5576 2279 5631 sed
2318 5585 2539 5646 propter
2574 5578 2874 5645 nequitiam
2922 5578 3261 5643 peccantium
3298 5585 3350 5630 et
3382 5577 3459 5629 lc-

1899 5684 1992 5738 ges
2023 5668 2237 5723 divinas
2286 5669 2624 5730 violantium,
2678 5668 2836 5721 ell'err
2880 5667 3264 5721 sublimitatem
3315 5665 3405 5720 Dei
3445 5686 3457 5731 ;

1901 5763 2100 5833 quippe
2127 5761 2216 5833 qui
2250 5768 2435 5817 tantus
2468 5769 2571 5828 est,
2608 5768 2684 5825 ut,
2722 5762 2839 5830 ipso
2876 5759 3110 5825 iubente,
3136 5761 3317 5813 calum
3348 5775 3459 5813 a90-
