4044 6324
609 383 743 442 1371

1804 384 2152 444 THEODORI
2187 386 2706 445 HERACLEENSIS

3721 388 3874 443 1372

609 502 786 556 tiatur
818 510 870 555 et
899 510 1095 554 cuncta
1130 508 1186 551 ut
1213 515 1332 552 cera
1368 499 1681 567 liquescant.
1716 499 2011 556 Hic.l)eum
2050 518 2174 556 eum

2287 502 2739 572 ἀνεῳχθήσονται,
2777 504 2870 555 καὶ
2906 502 2975 555 τὰ
3005 503 3335 573 ὑποκείμενα
3374 503 3534 573 δίκην
3562 502 3738 574 κηροῦ
3772 520 3873 556 τα-

609 592 736 647 aliis
764 589 1071 653 conferens,
1119 589 1213 658 qui
1242 588 1319 642 dii
1360 597 1645 655 vocantur,
1671 606 1795 644 eum
1820 592 1997 645 oculis
2022 594 2174 646 cerni

610 692 793 755 negat,
841 694 934 738 aut
967 683 1191 738 auribus
1218 683 1393 737 audiri
1420 702 1436 748 ;
1465 684 1560 738 sed
1594 685 1688 754 qui
1715 686 1769 738 in
1797 686 1978 739 omnia
2008 686 2175 754 impe-

610 775 752 828 rium
785 784 1033 829 exerceat
1060 814 1076 838 ,
1111 775 1259 830 solus
1286 783 1369 829 est
1405 790 1505 829 nec
1529 784 1614 830 est
1637 776 1775 831 alius
1800 777 1893 847 qui
1931 792 2055 832 eum
2085 793 2176 832 su-

611 878 803 936 perare
836 867 1031 920 valeat.

687 1035 852 1093 Vatis.
881 1038 933 1093 5.
987 1038 1118 1104 Qum
1148 1040 1318 1095 hocce
1354 1040 1517 1094 modo
1554 1041 1902 1111 intelligenda
1951 1058 1963 1093 :
2001 1042 2178 1097 bonus

609 1131 874 1201 Magister
924 1146 1047 1183 cum
1088 1146 1311 1199 pravum
1352 1131 1603 1185 habuerit
1632 1131 1987 1201 discipulum,
2017 1148 2177 1202 quem

609 1238 643 1277 ι
677 1221 920 1289 nequitia
966 1235 1227 1275 revocare
1282 1221 1559 1283 voluerit,
1608 1222 1915 1275 hortabitur
1966 1236 2089 1276 eum
2127 1232 2180 1275 ut

612 1315 805 1369 melior
856 1313 982 1377 ﬁat;
1028 1314 1172 1382 quod
1229 1315 1273 1367 si
1326 1323 1506 1369 autem
1554 1314 1644 1369 hic
1673 1314 1912 1368 deterior
1960 1317 2018 1368 in
2065 1313 2181 1370 dies

610 1404 843 1465 evadat,
899 1404 1095 1458 nedum
1145 1418 1175 1455 a
1236 1405 1379 1457 malo
1426 1405 1735 1469 abstineat,
1787 1413 1915 1458 tunc
1953 1404 2182 1473 depellet

612 1510 736 1550 eum
769 1494 1024 1563 Magister
1048 1505 1100 1549 et
1128 1495 1447 1549 derelictum
1479 1496 1727 1565 pluribus
1753 1498 1914 1550 etiam
1944 1497 2180 1567 peccatis

615 1587 812 1641 tradet.
848 1587 923 1639 Ita
950 1586 1015 1640 de
1050 1588 1205 1641 nobis
1247 1586 1448 1641 factum
1481 1597 1585 1642 est.
1610 1587 1744 1641 Cum
1777 1604 1806 1641 a
1851 1590 2032 1657 pravis
2065 1605 2181 1643 mo-

616 1676 772 1731 ribus
816 1677 983 1729 averti
1023 1677 1395 1739 noluerimus.
1435 1686 1492 1729 tu
1545 1677 1717 1730 iratus
1746 1693 1828 1739 es,
1856 1686 1910 1730 et
1939 1693 2040 1731 nos
2079 1693 2179 1746 ope

618 1784 707 1824 tua
782 1772 1027 1825 destituti
1056 1810 1070 1833 ,
1104 1772 1348 1824 omnium
1376 1771 1630 1825 vitiorum
1660 1771 1781 1825 labe
1818 1772 2105 1824 trahimur.

2282 594 2558 662 κήσονται.
2597 594 2715 647 Κάν
2744 593 2918 663 τούτῳ
2949 593 3120 661 δηλῶν
3162 596 3193 646 ὁ
3222 595 3526 665 προφήτης,
3567 592 3691 646 οὔτε
3737 594 3873 660 ὄψει

2284 684 2654 738 ὑποδάλλεσθα
2676 685 2838 738 αὑτὸν
2868 685 3083 752 φάσκει,
3119 684 3241 739 οὔτε
3268 687 3403 739 ὠσὶν
3434 687 3684 750 ἀκοῦσαι,
3730 686 3875 754 σύγ·-

2282 792 2461 845 κρισιν
2472 776 2635 829 αὑτοῦ
2657 777 2792 847 πρὸς
2810 776 2998 837 ἄλλους
3022 777 3341 847 λεγομένους
3358 777 3516 840 θεοὺς
3537 777 3836 845 γεγονέναι
3854 795 3869 807 ·

2282 867 2417 919 ἀλλά
2432 865 2572 920 κατὰ
2824 865 2961 935 ἔχων
2978 865 3042 917 τὸ
3060 867 3246 938 κῦρος,
3280 868 3441 938 μόνος
3460 868 3573 919 ἐστὶ
3588 867 3871 931 τοιοῦτος,

2283 958 2443 1011 ἄλλου
2476 958 2611 1026 πρὸς
2654 956 2815 1009 αὐτὸν
2852 955 3293 1027 παραὸάλλεσθαι
3328 958 3403 1027 μὴ
3439 955 3773 1025 δυναμένου.

2354 1046 2604 1100 Τοιοῦτόν
2634 1062 2752 1098 τινα
2784 1046 2909 1100 νοῦν
2937 1045 3087 1115 ἔχει’
3126 1046 3235 1107 Ὦς,
3268 1047 3345 1099 ὅτ’
3384 1045 3450 1099 ἂν
3480 1045 3811 1106 διδάσκαλος
3842 1048 3874 1097 6

2284 1139 2485 1207 ἀγαθὸς
2530 1139 2641 1206 ἔχοι
2689 1138 2923 1209 πονηρὸν
2978 1136 3258 1208 μαθητὴν,
3309 1139 3391 1200 εί,
3453 1136 3872 1207 μεταϐαλέσθαι

2285 1230 2447 1281 αὑτὸν
2480 1228 2799 1298 βουλόμενος
2824 1228 2932 1281 ἀπὸ
2964 1227 3065 1296 τῆς
3093 1227 3358 1296 πονηρίας
3392 1228 3575 1289 αὐτοῦ,
3611 1226 3875 1281 νουθετεῖ

2288 1321 2449 1373 αὑτὸν
2493 1321 2774 1391 κρείττονα
2808 1319 3002 1373 ἑαυτοῦ
3049 1318 3338 1385 γενέσθαι·
3395 1322 3423 1371 ό
3468 1320 3523 1371 δὲ
3560 1320 3635 1389 μὴ
3692 1320 3872 1388 μάνην

2288 1411 2676 1464 ἀπαλλάττοιτο
2715 1410 2825 1466 τῶν
2873 1409 3079 1472 κακῶν,
3122 1410 3260 1462 ἀλλὰ
3290 1410 3385 1463 καὶ
3428 1410 3755 1480 προσθήκην
3806 1410 3870 1461 ἐν

2287 1505 2521 1573 πονηρίᾳ.
2573 1503 2816 1565 δέξαιτο·
2877 1502 3165 1555 ἀκόλουθον
3218 1501 3630 1571 ἀποστραφῆναι
3688 1499 3871 1553 αὐτὸν

2283 1593 2373 1644 τὸν
2406 1592 2743 1653 διδάσκαλον,
2766 1593 3013 1644 κάκεῖνον
3049 1590 3536 1661 ὲγκαταλειφθέντα
3554 1593 3637 1652 εἰς
3667 1590 3869 1642 πλείο-

2282 1701 2376 1745 νας
2425 1682 2652 1746 ἀταξίας
2701 1683 2892 1734 ἑαυτὸν
2933 1682 3209 1737 ἐκδοῦναν
3249 1682 3393 1735 οὕτω
3436 1683 3568 1750 φησὶ
3616 1683 3717 1734 καὶ
3776 1682 3869 1748 ἐφ’

2209 1771 2251 1824 Β
2278 1775 2457 1843 ἡμῶν,
2495 1776 2569 1844 μὴ
2609 1773 2950 1843 ἀνεχομένων
2984 1776 3138 1845 ἡμῶν
3181 1771 3505 1845 μεταθέσθαι
3545 1772 3644 1825 τοῦ
3679 1788 3869 1841 ποντί-

620 1862 713 1929 ροῦ
760 1863 915 1931 ἡμῶν
950 1862 1168 1931 τρόπον,
1206 1862 1367 1923 αὐτὸς
1413 1860 1709 1931 ὠργίσθης,
1760 1862 1852 1915 καὶ
1884 1864 2042 1933 ἡμεῖς
2089 1880 2181 1915 σου
2219 1864 2318 1933 τῆς
2358 1867 2654 1927 ἐποπτείας
2723 1866 3105 1935 ἀποτυχόντες,
3173 1866 3314 1921 κατά
3354 1866 3480 1919 όοῦν
3516 1864 3627 1917 τῶν
3669 1865 3872 1931 ἀμαθ-

613 1958 869 2025 τημάτων
908 1956 997 2023 ὴνέ
1006 1954 1103 2023 χθη
1116 1972 1231 2023 μεν.

686 2046 850 2099 Vens.
886 2046 938 2099 6.
990 2047 1062 2098 Ea
1088 2048 1302 2115 quidem
1338 2046 1547 2101 ratione
1584 2047 1837 2101 mandata
1869 2048 2183 2103 observabi-

615 2154 760 2201 mus,
793 2138 883 2191 ubi
921 2138 1134 2205 iustitia
1160 2139 1272 2205 jam
1305 2153 1412 2191 non
1464 2138 1757 2191 amicitiam
1791 2148 2032 2192 nostram
2057 2154 2181 2192 cum

618 2229 727 2284 Deo
756 2228 1023 2283 defendet.
1062 2227 1214 2281 Tunc
1240 2228 1385 2282 enim
1428 2228 1497 2281 ab
1532 2243 1597 2281 eo
1630 2227 1947 2283 deficiemus
1968 2269 1981 2289 ,
2026 2230 2183 2299 quasi

616 2318 747 2371 folia
804 2317 873 2370 ab
927 2318 1213 2370 arboribus
1265 2326 1319 2370 et
1371 2332 1401 2369 a
1460 2319 1630 2387 stirpe
1673 2333 1771 2373 sua
1828 2317 2182 2389 decidentiag;

616 2408 761 2479 quod
792 2408 1087 2462 maximum
1120 2408 1328 2461 crimen
1369 2409 1423 2462 in
1455 2423 1555 2465 nos
1584 2409 1766 2465 habet.

689 2582 853 2639 Vens.
888 2584 937 2637 7.
984 2582 1431 2652 Quotiescunque
1474 2582 1638 2649 Deus,
1682 2584 1769 2637 vel
1796 2584 1963 2637 multa
2002 2584 2185 2638 horta-

619 2683 727 2737 tua,
768 2690 874 2728 non
925 2675 1125 2743 poterit
1173 2673 1358 2727 ﬁdeles
1401 2688 1531 2728 suos
1567 2688 1598 2728 a
1630 2674 1868 2743 peccatis
1901 2688 2177 2736 revocare,

617 2774 747 2819 tunc
776 2766 891 2834 ipse
921 2764 1136 2819 tandem
1168 2767 1454 2830 irascetur,
1490 2772 1543 2819 et
1570 2765 1741 2836 ipsius
1770 2778 1899 2819 cura
1932 2765 2179 2819 desertos

616 2858 971 2912 derelinquet.

687 3030 816 3083 Cn.
874 3026 1033 3091 LXV,
1092 3026 1256 3083 Vens.
1302 3029 1351 3082 1.
1412 3028 1492 3083 Ad
1544 3028 1882 3082 Salvatorem
1934 3008 2251 3098 spectantc

615 3119 781 3172 etiam
815 3117 947 3171 haec.
992 3116 1200 3187 Quippe
1230 3120 1319 3186 qui
1354 3119 1529 3187 patria
1579 3118 1913 3185 benignitate
1958 3118 2178 3179 missus.

615 3214 669 3261 et
704 3221 802 3260 sua
864 3208 1238 3260 misericordia
1298 3218 1497 3272 motus,
1560 3208 1812 3261 omnibus
1870 3206 2182 3260 hominibus

619 3294 941 3349 manifestus
976 3296 1153 3349 factus
1183 3305 1287 3358 est,
1324 3296 1637 3351 hominibus
1695 3310 1817 3350 eum
1853 3311 1953 3348 nec
1980 3310 2179 3349 vocan-

617 3389 784 3450 tibus,
820 3403 920 3441 nec
950 3390 1377 3441 arcessentibus.

688 3477 853 3532 Vens.
887 3479 938 3533 5.
978 3479 1151 3533 Ultrix
1188 3480 1397 3531 scilicet
1426 3478 1525 3531 vis.

687 3569 850 3624 Vsus.
886 3572 936 3623 6.
976 3572 1203 3636 Quando
1232 3570 1383 3633 dicit,
1427 3571 1693 3638 scriptum
1741 3578 1826 3622 est
1852 3608 1865 3631 ,
1922 3568 2182 3637 ignoran-

617 3663 748 3715 tiam
783 3671 1025 3714 nostram
1057 3663 1125 3714 ab
1146 3677 1211 3715 eo
1238 3661 1423 3714 doceri
1454 3659 1667 3713 credas.
1696 3658 1831 3712 Cum
1871 3660 2013 3712 enim
2045 3660 2184 3712 seri-

616 3760 708 3821 pta
730 3752 885 3805 nobis
916 3752 1313 3820 praeteritarum
1331 3766 1511 3806 rerum
1544 3750 1860 3804 memoriam
1890 3748 2179 3809 retineant,

616 3852 670 3895 et
692 3843 759 3896 ad
802 3844 1263 3896 reminisceutiam
1309 3860 1410 3896 nos
1434 3842 1741 3904 deducant,
1773 3851 1827 3893 et
1866 3840 2027 3909 quasi
2058 3847 2183 3893 ante

616 3935 807 3990 oculos
854 3950 942 3988 res
984 3942 1165 4002 gestas
1197 3942 1502 4003 exponant,
1539 3934 1726 3985 eodem
1760 3932 1923 3985 modo
1949 3948 2048 3985 nos
2088 3932 2185 3984 do-

617 4034 702 4081 cet
733 4026 893 4081 Deus.
948 4026 1160 4079 Cuncta
1192 4033 1373 4079 autem
1408 4023 1517 4078 Deo
1558 4032 1707 4089 nota,
1769 4031 1823 4077 et
1889 4030 2179 4091 antequam

619 4119 829 4182 tierent,
857 4119 969 4187 jam
995 4119 1141 4170 novit
1167 4133 1251 4170 ea.

689 4207 854 4261 Vens.
908 4209 961 4260 8.
991 4208 1202 4261 Rursus
1232 4208 1319 4262 hic
1345 4206 1565 4261 divitias
1610 4206 1896 4261 charitatis
1926 4221 2037 4259 sum
2072 4220 2182 4256 ma-

617 4298 975 4352 nifestissime
1007 4298 1246 4350 declarat
1283 4297 1931 4365 singularidoeumeuto;
1962 4312 2084 4347 nam
2123 4304 2180 4346 ut
2208 4331 2258 4390 Ι)

617 4408 742 4445 cum
796 4392 1077 4445 inventum
1140 4399 1224 4443 est
1279 4391 1492 4442 acinum
1548 4391 1603 4443 in
1648 4391 1808 4444 botro
1881 4399 2176 4453 maturum,

619 4490 840 4553 propter
885 4483 1105 4535 unicum
1150 4483 1280 4534 illud
1314 4497 1415 4535 uva
1466 4482 1577 4549 ipsa
1632 4491 1899 4545 servatur,
1940 4493 1991 4536 et
2032 4485 2178 4535 aesti-

618 4586 797 4627 matur
830 4574 1033 4642 magni,
1064 4582 1115 4627 et
1140 4590 1169 4625 a
1206 4573 1421 4627 nemine
1447 4574 1716 4643 carpitur,
1740 4574 1811 4625 ita
1843 4587 1941 4641 ego
1967 4588 2181 4640 quoque

618 4666 663 4718 si
691 4679 858 4714 unum
891 4663 1167 4729 reperiero
1200 4663 1531 4715 servientem
1555 4662 1710 4722 milii,
1766 4662 2020 4713 omnibus
2057 4678 2180 4729 par-

617 4769 762 4815 cam,
785 4753 941 4822 juxta
974 4770 1034 4807 ea
1058 4770 1176 4821 quae
1205 4753 1478 4807 Abraham
1511 4752 1732 4807 fuerunt
1761 4752 1927 4813 dicta,
1963 4754 2181 4822 quando

623 4860 816 4912 poenas
850 4859 877 4895 a
913 4844 1150 4896 Sodoma
1183 4846 1519 4912 repetebam,
1561 4854 1613 4897 et
1637 4844 1720 4896 vel
1753 4844 2043 4912 quinquies
2083 4845 2183 4896 mi-

622 4934 981 4986 sericordiam
1014 4950 1187 4987 meam
1226 4936 1576 5004 comprobavi
1604 4953 1618 5002 ;
1652 4936 1794 4989 idem
1837 4945 1890 4989 et
1923 4951 2068 4989 nunc
2097 4952 2182 4990 re-

619 5028 723 5079 fert
762 5025 827 5077 ad
858 5026 1198 5078 indicandam
1230 5028 1615 5095 benignitatem
1648 5044 1821 5081 suam.

694 5117 856 5171 Vens.
892 5118 976 5171 10.
1038 5117 1168 5183 Qua:
1195 5120 1360 5186 igitur
1386 5119 1518 5188 ipsis
1555 5120 1757 5189 largior
1788 5128 2011 5190 propter
2048 5136 2182 5189 pau-

618 5222 710 5259 cos
741 5206 1101 5260 inservientcs
1131 5208 1262 5261 mihi
1283 5226 1297 5267 ;
1319 5223 1416 5261 vos
1445 5223 1599 5275 vero,
1624 5210 1715 5278 qui
1742 5210 1871 5261 mihi
1910 5210 2183 5263 contradi-

618 5302 743 5353 citis
790 5303 913 5353 vitze
946 5304 1100 5356 vobis
1137 5303 1373 5365 auctori,
1410 5302 1502 5372 qui
1555 5302 1891 5357 dzemonibus
1940 5304 2181 5371 indulge-

618 5396 711 5456 tis,
742 5402 796 5447 et
821 5404 1001 5447 mente
1038 5396 1357 5449 carentibus
1395 5411 1637 5448 mensam
1670 5396 1875 5464 paratis
1916 5410 1977 5447 ac
2001 5396 2181 5462 potio-

618 5502 737 5551 nes,
772 5499 951 5541 rmorte
974 5488 1295 5540 moriemini.
1323 5484 1453 5541 Jure
1482 5498 1662 5540 autem
1700 5504 1793 5541 eos
1823 5496 1997 5541 morte
2036 5488 2183 5540 dam-

619 5588 743 5642 nat;
804 5581 1004 5647 quippe
1048 5579 1139 5647 qui
1192 5588 1315 5646 post
1365 5580 1698 5646 impietatem
1750 5593 1803 5634 et
1861 5589 2083 5647 peccata
2126 5581 2177 5632 in

630 5668 817 5731 Deum,
846 5679 1126 5722 vocantem
1178 5686 1282 5721 non
1330 5671 1635 5734 audierunt,
1681 5676 1733 5724 et
1784 5672 1957 5724 locum
2006 5670 2179 5738 paeni—

620 5756 803 5812 tentia:
861 5760 1141 5826 prastanti
1194 5775 1301 5813 non
1339 5768 1663 5827 paruerunt,
1719 5759 1812 5816 sed
1863 5761 2178 5832 iniquitates

2356 2042 2594 2094 Τοιαῦτα
2641 2041 2793 2112 ἡμῶν
2832 2042 2983 2094 ἔσται
3018 2041 3087 2093 τὰ
3130 2040 3233 2109 τῆς
3262 2041 3699 2110 παρατηρήσεως
3757 2046 3876 2100 τῶν

2285 2132 2533 2196 ἐντολῶν,
2568 2132 2803 2185 διάθεσιν
2856 2132 2990 2201 πρὸς
3019 2131 3152 2183 Θεὸν
3200 2131 3274 2199 μὴ
3322 2129 3599 2199 σωζούσης
3640 2134 3755 2203 τῆς
3788 2134 3874 2189 δι-

2285 2225 2605 2293 καιοσύνης·
2661 2225 2695 2292 ἦ
2741 2224 2832 2275 καὶ
2883 2223 3131 2293 ἐκρευσιν
3172 2225 3303 2292 ἡμῖν
3350 2221 3742 2293 προεξένησεν,
3791 2228 3875 2290 ὡς

2286 2311 2504 2378 φύλλοις
2562 2312 2849 2366 πίπτουσιν
2891 2313 2999 2364 ἀπὸ
3026 2312 3133 2364 τῶν
3183 2310 3413 2379 δένδρων
3458 2313 3549 2363 καὶ
3598 2314 3713 2366 ἀπὸ
3770 2317 3877 2387 τῆς

2286 2404 2491 2455 ἑαυτῶν
2523 2403 2674 2472 ῥίζης
2695 2419 2708 2433 ’
2748 2403 2885 2472 ὅπερ
2912 2402 3010 2472 τὴν
3039 2403 3273 2473 ἐσχάτην
3305 2402 3483 2455 αὐτῶν
3515 2408 3875 2477 κατηγορίαν

2287 2494 2418 2561 ἔχει.

2360 2584 2473 2635 Ὃτ’
2530 2583 2594 2636 ἂν
2635 2584 2743 2655 γὰρ
2792 2580 2924 2645 Θεὲῖς
2977 2585 3069 2635 ἐπὶ
3126 2583 3254 2637 πολὺ
3291 2584 3555 2637 νουθετῶν
3596 2586 3671 2657 μὴ
3706 2589 3873 2660 σχοξη

2287 2675 2411 2735 τοὺς
2466 2675 2815 2743 πειθομένους
2844 2674 2989 2743 αὑτῷ
3025 2673 3348 2743 μεταθέσθαι
3390 2675 3499 2726 τῶν
3534 2693 3877 2748 παρανομη-

2290 2766 2472 2833 μάτων
2498 2765 2693 2827 αὐτῶν,
2721 2764 2838 2816 τότε
2872 2766 2964 2816 καὶ
2992 2764 3153 2826 αὐτὸς
3182 2764 3361 2817 τέλεον
3387 2766 3670 2835 ὀργισθεὶς
3694 2768 3873 2833 ἐγκα-

2283 2855 2610 2923 ταλιμπάνει
2655 2856 2849 2917 αὐτοὺς
2897 2856 2969 2917 ὡς
3008 2856 3243 2925 ἐρήμους
3287 2858 3485 2918 αὐτοὺς
3530 2858 3873 2927 γενομένους

2284 2948 2380 3015 τῆς
2424 2946 2587 2998 αὑτοῦ
2632 2946 2971 3014 κηδεμονίας.

2367 3036 2692 3104 Ἐκληπτέον
2712 3035 2768 3087 δὲ
2796 3036 2887 3087 καὶ
2912 3038 2989 3097 εἰς
3012 3035 3241 3106 Σωτῆρα
3271 3036 3463 3099 ταῦτα,
3494 3037 3575 3102 ὃς,
3609 3044 3865 3111 πατρικῇ

2282 3126 2579 3197 ἀγαθότητι
2606 3126 2923 3187 ἀποσταλεὶς
2952 3126 3045 3177 καὶ
3062 3126 3235 3195 οἰκείᾳ
3260 3126 3641 3200 φιλανθρωπίᾳ
3657 3130 3865 3197 ἐλθὼν,

2283 3216 2530 3287 ἐμφανὴς
2556 3220 2715 3269 πᾶσιν
2740 3215 3044 3287 ἀνθρώποις
3080 3216 3301 3283 γέγονεν
3333 3218 3362 3267 ὁ
3395 3218 3607 3288 Σωτὴρ,
3647 3220 3865 3290 ἀνθρώ-

2282 3324 2401 3362 πων
2434 3310 2569 3378 μήτε
2600 3308 3093 3379 πρεσδευσαμένων
3123 3308 3257 3378 πρὸς
3287 3308 3469 3372 αὐτὸν,
3505 3310 3643 3378 μήτε
3681 3329 3866 3383 παραυ

2281 3397 2647 3452 καλεσάντων.

2366 3486 2426 3538 Ὴ
2467 3486 2813 3555 τιμωρητικὴ
2844 3486 3043 3556 δηλαδὴ
3065 3486 3308 3555 δύναμις.

2350 3576 2427 3629 Τό
2463 3577 2539 3635 δὲ,
2578 3576 2907 3645 γέγραπται,
2938 3576 3170 3641 ἀκούων,
3202 3579 3307 3629 νόει
3335 3577 3409 3639 ὡς
3430 3579 3709 3648 ἡμετέραν
3752 3597 3862 3633 πα-

2286 3668 2610 3738 ραμυθεῖται
2637 3667 2877 3733 ἄγνοιαν.
2923 3668 3139 3737 Ἐπειδὴ
3167 3667 3273 3737 γὰρ
3308 3671 3441 3737 ἡμῖν
3470 3670 3526 3733 ἐξ
3559 3671 3860 3738 ἐγγράφων

2284 3761 2316 3828 ἡ
2348 3761 2453 3828 μνῄ
2464 3777 2535 3828 μη
2568 3762 2940 3827 συγκροτεῖται
2974 3758 3082 3810 τῶν
3107 3758 3476 3830 παρελθόντων
3503 3762 3857 3830 πραγμάτων

2284 3852 2362 3912 είς
2400 3850 2706 3919 ὑπόμνησιν
2758 3851 2899 3918 ἡμᾶς
2951 3849 3178 3915 ἄγουσα,
3229 3852 3322 3902 καὶ
3370 3850 3556 3921 ὥσπερ
3608 3853 3857 3921 ὑπ’-(νέην

2282 3942 2500 4008 ἄγειτὰ
2549 3940 2884 4010 παρελθόντα
2930 3941 3249 4011 πράγματα,
3288 3940 3459 4003 οὕτως
3508 3941 3855 3995 ἐκδιδασκεν

2282 4029 2467 4081 Πὰντα
2514 4029 2756 4097 ἐγνώσθη
2808 4028 2886 4098 τῷ
2936 4027 3073 4098 Θεῷ,
3126 4030 3222 4082 καὶ
3262 4030 3391 4098 πρὶν
3433 4029 3465 4097 ἦ
3514 4030 3740 4101 γένηται
3790 4033 3858 4086 τά

2283 4120 2550 4189 γενόμενα
2584 4120 2888 4174 ἐπίσταται.

2365 4208 2625 4262 Ἐνταῦθα
2674 4209 2832 4261 πάλιν
2871 4209 2899 4259 ὁ
2946 4206 3173 4269 πλοῦτος
3221 4210 3320 4275 τῆς
3366 4207 3700 4279 ἀγαθότ-ητος
3760 4211 3854 4263 τοῦ

2284 4300 2417 4353 Θεοῦ
2486 4298 2841 4370 φανερώτατα
2894 4296 3147 4368 δηλοῦται
3194 4296 3377 4365 οἰκείῳ
3456 4298 3853 4367 ὑποδείγματι·

2289 4393 2500 4462 Ὥσπερ
2540 4391 2668 4461 γὰρ,
2706 4392 2780 4443 ὅτ’
2824 4389 2890 4443 ἂν
2930 4389 3126 4461 εὑρεθῇ
3192 4388 3247 4439 ὲν
3286 4387 3365 4456 τῷ
3410 4388 3594 4457 eam
3658 4392 3687 4440 ὁ
3744 4389 3854 4459 ρὡ

2289 4485 2568 4552 πέπειρος,
2613 4482 2679 4533 δι’
2720 4484 2925 4534 ἐκεῖνον
2993 4482 3085 4533 τὺν
3130 4482 3226 4532 ἕνα
3271 4480 3378 4541 πᾶς
3428 4480 3694 4543 σώζεται,
3760 4482 3852 4533 καὶ

2287 4575 2415 4642 περὶ
2468 4571 2663 4624 πολλοῦ
2710 4575 2975 4635 ποιεῖται,
3033 4570 3257 4640 μηδενὸς
3299 4570 3461 4621 αὐτοῦ
3504 4572 3848 4639 ἁπτομένου·

2288 4668 2450 4731 οὕτω,
2474 4664 2626 4734 φησὶ,
2655 4662 2830 4731 κάγὼ,
2868 4663 2984 4725 ἑνὸς
3023 4661 3333 4732 εὑρεθέντος
3364 4659 3701 4722 δουλεύοντος
3741 4680 3849 4731 μοι,

2289 4755 2496 4817 πάντας
2544 4754 2989 4823 περιποιήσομαι,
3020 4749 3163 4802 κατά
3202 4748 3262 4800 τὸ
3292 4748 3370 4817 τῷ
3420 4748 3666 4819 Ἀϐρααμ
3706 4750 3851 4803 leg.

2287 4846 2513 4913 γμένον,
2545 4818 2706 4913 ἡνίκα
2749 4818 2956 4911 ἦκάτά
3001 4839 3249 4907 Σοδόμων
3289 4837 3409 4907 δίκη
3444 4839 3845 4909 κατεπέμπετο.

2287 4938 2390 4999 ἓως
2418 4937 2577 4989 πέντε
2604 4936 2699 5004 τὴν
2740 4932 3145 5003 φιλανθρωπίαν
3185 4930 3580 5000 ἑνδειξαμένου.
3610 4934 3683 4985 Τὸ
3722 4936 3853 4995 αὐτὸ

2287 5029 2466 5080 τοίνυν
2495 5028 2587 5079 καὶ
2612 5024 2704 5079 νῦν
2732 5026 2926 5092 φάσκει
2957 5023 3077 5076 κατ’
3104 5021 3353 5074 ἐπίτασιν
3387 5022 3745 5091 ἀγαθὰτητος.

2358 5118 2541 5170 Ταῦτα
2568 5118 2744 5170 τοίνυν
2768 5116 2989 5185 παρέχω
3015 5115 3199 5174 αὐτοῖς
3227 5112 3292 5164 δι’
3322 5112 3533 5181 ὀλίγους
3560 5116 3687 5176 τοὺς
3734 5116 3841 5167 an:

2288 5210 2539 5273 λεύοντὰς
2567 5226 2673 5279 μοι.
2707 5210 2895 5276 Ὑμεῖς
2913 5208 2991 5267 δὲ,
3013 5208 3061 5258 οἱ
3076 5203 3531 5273 ἀπαλλαξὰμενοι
3561 5206 3682 5257 ἀντὶ
3717 5206 3845 5273 ἐμοῦ

2287 5300 2378 5353 τοῦ
2421 5300 2480 5353 τὸ
2524 5296 2660 5352 εἶναι
2694 5299 2822 5367 ὑμῖν
2862 5294 3296 5366 παρεσχηκότος,
3338 5297 3429 5347 καὶ
3470 5295 3844 5352 δουλεύσαντες

2287 5392 2603 5462 δαιμονίοις,
2632 5391 2723 5441 καὶ
2752 5389 2980 5458 ἀψύχοις
3021 5384 3404 5455 παρατιθέντες
3435 5384 3712 5454 τράπεζαν
3756 5389 3843 5437 καὶ

2289 5486 2626 5553 κεράσματα,
2659 5479 2872 5545 θανάτῳ
2904 5475 3281 5531 ὑποπεσεῖσθε.
3310 5476 3546 5529 Θάνατον
3571 5476 3628 5529 δὲ
3668 5476 3841 5531 αὐτῶν

2287 5574 2505 5637 δικαίως
2530 5572 2963 5641 καταψηφίζεται
2986 5587 3000 5599 ·
3032 5571 3111 5622 ὅτι
3147 5570 3240 5621 καὶ
3271 5568 3408 5638 μετὰ
3442 5569 3537 5638 τὴν
3570 5567 3838 5627 ἀσέϐειαν,

2290 5665 2383 5718 καὶ
2428 5665 2487 5716 τὸ
2528 5664 2850 5733 ἐξαμαρτεῖν
2889 5660 3084 5723 αὐτοὺς
3119 5662 3200 5722 είς
3250 5660 3342 5711 τὸν
3390 5659 3521 5711 Θεὸν
3549 5700 3561 5723 ,
3599 5659 3837 5711 mito-3W.

2287 5760 2382 5827 οὐχ
2421 5757 2757 5827 ὑπήκουεανξ
2782 5755 2874 5808 καὶ
2908 5756 3070 5806 τόπον
3104 5750 3391 5821 μετανοίας
3426 5752 3604 5815 αὐτσίς
3632 5751 3837 5812 διδόντι.
