4044 6324
195 393 340 449 13⁸17

1635 395 1700 450 IN
1731 397 1987 455 ISAIAM.

3303 402 3438 458 1578

192 527 300 581 μου
332 506 472 565 εἶδον
515 511 564 565 et
598 509 864 584 ὀφθαλμοί
898 526 1012 564 σου.
1036 528 1056 562 ι
1082 507 1416 579 ’Δναγκαίως
1447 510 1648 574 τοίνυν,
1672 515 1766 566 ἐκ·

1868 513 2015 568 oculi
2067 513 2147 568 tui
2175 513 2242 566 ".
2287 529 2306 563 ι
2341 511 2534 568 Merito
2598 511 2768 583 igitur
2815 509 3138 568 rescindens
3177 517 3440 584 peccandi

188 599 412 657 κόπτων
450 601 542 654 τὸν
588 600 746 668 λόγον
795 596 889 653 τοῦ
931 598 1304 670 ἁμαρτάνειν,
1353 599 1771 671 παραλαμϐάνει

189 691 308 763 πῦρ
332 693 426 746 καὶ
459 693 770 760 καταιγίδα,
799 691 830 744 ὃ
876 689 1040 754 αὐτὸς
1091 692 1322 746 ἀνάπτει
1350 693 1410 746 ἐν
1437 693 1557 757 ταῖς
1601 709 1772 747 συναιν-

187 784 416 856 δήσεσιν
443 783 623 854 ἡμῶν.

266 876 344 926 Δι’
381 869 448 945 ἧς
471 873 725 944 ἐμφαίνει
755 870 991 941 ψυχικὴν
1019 871 1261 937 κόλασιν,
1299 874 1393 928 καὶ
1430 875 1770 948 τραυματίας

186 963 414 1018 ἔσεσθαι
459 963 684 1025 πολλοὺς
723 962 904 1029 λέγει’
938 961 1042 1028 ἵνα,
1080 961 1168 1016 διά
1198 962 1297 1034 τῆς
1325 965 1498 1036 ἀκοῆς
1541 965 1651 1019 τῶν
1681 965 1769 1019 δο-

189 1055 436 1109 κούντων
460 1049 609 1124 αύτῷ
638 1053 884 1124 φοϐερῶν
907 1048 1046 1107 εἶναι
1077 1055 1371 1121 παιδεύσας
1394 1057 1616 1125 αὐτοὺς,
1639 1057 1771 1112 άνα-

188 1150 416 1218 χαιτίσῃ
439 1143 547 1201 τῶν
569 1145 1004 1215 ἁμαρτημάτων.

266 1235 449 1289 Ταῦτα
489 1235 546 1288 δὲ
593 1235 942 1308 προστίθησιν
989 1239 1048 1291 ἐν
1107 1237 1294 1309 μέσῳ,
1324 1239 1386 1292 οὐ
1437 1240 1770 1312 κατηγορίαν

189 1326 378 1380 αὐτῶν
409 1326 568 1396 μόνον
609 1328 972 1399 ἐνιστάμενος,
997 1329 1130 1383 ἀλλὰ
1157 1331 1250 1384 καὶ
1282 1331 1555 1401 σωτηρίαν
1587 1333 1770 1395 αὐτοῖς

190 1415 471 1487 προξενῶν
501 1416 587 1469 διὰ
616 1417 708 1470 τοῦ
739 1419 982 1490 ἐλέγχου,
1005 1419 1098 1474 ἐὰν
1125 1421 1458 1492 ἐπιστήσωσι
1487 1423 1578 1475 τὸν
1609 1422 1732 1476 νοῦν
1751 1437 1766 1450 ·

189 1508 291 1562 καὶ
329 1507 438 1578 γὰρ
486 1507 578 1560 τὸν
631 1508 732 1578 μῦν
781 1509 1078 1581 παρέλαϐε,
1122 1511 1230 1575 ινα,
1266 1510 1372 1565 κᾶν
1411 1511 1541 1579 γοῦν
1597 1511 1769 1576 οὕτως

189 1596 531 1661 αἰδεσθέντες
579 1599 639 1651 τὸ
692 1602 934 1672 μυσαρὸν
979 1602 1088 1654 τῶν
1144 1602 1426 1673 πράξεων,
1477 1603 1765 1674 άνακωχὴν

189 1687 408 1743 δὼσωσι
440 1693 550 1754 τοῖς
575 1694 784 1754 κακοῖς.

267 1780 345 1832 Οὐ
381 1781 537 1850 μόνον
565 1780 620 1834 δὲ
645 1781 753 1834 τῶν
785 1783 1032 1852 φανερῶν
1066 1782 1318 1854 πράξεων
1350 1783 1529 1839 αὐτῶν
1548 1784 1766 1855 ἔλεγχον

190 1871 450 1936 immite,
473 1872 608 1928 ἀλλὰ
637 1873 728 1929 καὶ
761 1874 939 1928 αὑτῶν
967 1874 1075 1927 τῶν
1111 1877 1291 1940 αὐτοῖς
1322 1876 1765 1948 κινηθησομένων

191 1961 382 2014 κακῶν
412 1963 685 2034 λογισμῶν
707 1982 720 1994 ·
754 1967 890 2037 ὅπερ
911 1967 1218 2035 ἀναγκαίως
1249 1970 1342 2020 καὶ
1363 1969 1645 2041 χρησίμως
1677 1968 1766 2020 ἐπὶ

188 2051 292 2119 τῆς
327 2050 505 2103 αὐτῶν
536 2051 869 2115 λυσιτελείας
897 2054 1090 2108 ἐποίει.
1110 2057 1390 2109 -Οὐκέτι
1433 2056 1530 2128 τὴν
1561 2056 1650 2110 διὰ
1680 2055 1766 2109 λό-

189 2155 307 2207 γων
333 2139 558 2210 ἀπειλὴν
594 2141 933 2212 ποιούμενος,
958 2142 1093 2198 ἀλλὰ
1115 2144 1208 2198 καὶ
1232 2145 1529 2216 παρουσίαν
1561 2144 1766 2199 οίκείαν

189 2228 659 2300 ἐπαγγελλόμενος
675 2246 688 2258 ο
713 2232 1045 2303 πανταχόθεν
1070 2234 1177 2306 γάρ
1197 2234 1274 2305 τῷ
1299 2237 1543 2306 Δεσπότῃ
1565 2236 1766 2300 σκοπὸς

193 2319 369 2372 σῶσαι
403 2320 495 2374 τὸν
518 2320 666 2382 λαὸν,
696 2323 790 2375 καὶ
825 2324 1016 2393 στῆσαι
1042 2325 1133 2378 τὸν
1166 2325 1322 2394 λόγον
1352 2326 1439 2380 τὸν
1465 2327 1600 2400 πρὸς
1639 2330 1764 2392 τοὺς

192 2411 440 2482 πατέρας
470 2413 833 2484 γεγενημένον
854 2432 866 2446 ο
900 2415 1021 2469 ὅθεν
1049 2417 1144 2470 καὶ
1175 2416 1261 2469 διά
1299 2417 1638 2490 σκυθρωπῶν
1670 2421 1765 2473 καὶ

189 2503 446 2573 χρηστῶν
465 2504 638 2573 ὄψεων
668 2507 938 2577 σωτηρίαν
959 2507 1139 2571 αὐτοῖς
1164 2508 1630 2578 πραγματεύεται.
1653 2511 1766 2564 Καὶ

184 2596 319 2664 μετ’
357 2596 532 2665 ὀλίγα
560 2613 572 2624 ·
604 2597 704 2650 Τὸν
737 2599 898 2652 αὑτὸν
927 2598 1124 2668 τρόπον
1155 2599 1247 2652 καὶ
1290 2598 1520 2653 ἐνταῦθα
1558 2601 1656 2670 τὴν
1685 2603 1764 2667 είς

189 2688 389 2753 αὐτοὺς
421 2690 707 2760 ἐπίσκεψιν
737 2691 900 2744 αὐτοῦ
935 2692 1068 2746 ἰδίαν
1106 2694 1407 2765 παρουσίαν
1447 2694 1611 2748 αὐτοῦ
1638 2713 1767 2750 κατ-

187 2777 480 2846 αγγέλλει,
527 2779 735 2850 δηλῶν,
760 2781 835 2843 ώς
864 2780 1171 2846 ἐπισυνάξει
1213 2782 1411 2845 αὐτοὺς
1436 2783 1504 2835 ἐκ
1553 2783 1767 2836 πάντων

188 2868 302 2923 τῶν
335 2869 500 2922 ἐθνῶν
517 2873 574 2923 ὲν
599 2865 679 2933 οἷς
703 2871 1140 2943 ἀνεστράφησαν,
1164 2873 1284 2925 ἐκεῖ
1305 2871 1637 2944 ἐκμαθόντες
1671 2875 1767 2927 καὶ

189 2960 294 3022 τὰς
317 2960 566 3029 γλώσσας
591 2961 789 3016 αὐτῶν.

276 3052 516 3105 Ἐκεῖθεν
547 3053 602 3106 δὲ
650 3055 740 3106 καὶ
778 3054 903 3116 τοὺς
937 3053 1237 3126 μακαρίους
1270 3056 1599 3122 ἀποστόλους
1633 3057 1770 3112 άπέ-

194 3143 371 3197 στειλε
423 3146 665 3215 κήρυκας
712 3145 832 3198 καθ’
865 3147 993 3217 ὅλης
1020 3149 1342 3220 οἰκουμένης
1375 3150 1769 3222 γενησομένους
1795 3181 1836 3239 C

191 3236 291 3289 ἀπ’
321 3237 501 3309 ἄκρων
526 3236 629 3300 ἓως
657 3237 730 3292 tu
736 3255 866 3309 ρων.

266 3327 479 3381 Ἵππων
508 3328 600 3380 καὶ
623 3330 857 3399 ἡμιόνων
900 3331 991 3383 καὶ
1021 3331 1304 3401 λαμπίνων
1341 3332 1642 3403 μέμνηται,
1671 3332 1770 3403 δη·-

193 3419 305 3471 λῶν
343 3419 440 3490 τὴν
484 3420 593 3472 τῶν
643 3420 809 3473 ἐθνῶν
859 3422 1143 3493 εὐθυμίαν,
1174 3423 1298 3492 ἥτις
1327 3423 1557 3496 πρώτως
1605 3424 1771 3495 ἐπλη-

198 3510 359 3582 ροῦτο
383 3513 594 3567 ἐπὶοτοῢ
613 3513 865 3584 εὐνούχου
895 3515 994 3586 τῆς
1032 3516 1317 3589 Κανδάκης
1345 3515 1683 3590 βασιλίσσης,
1711 3518 1769 3584 ὃς

192 3602 289 3657 τὸν
317 3603 576 3657 Φίλιππον
601 3604 792 3675 ἔφερεν
823 3607 915 3658 ἐπὶ
945 3606 1037 3659 τοῦ
1074 3609 1318 3679 ἅρματος
1351 3609 1542 3663 αὑτοῦ.

268 3695 464 3749 οὐκέτι
506 3695 612 3768 γάρ
656 3699 734 3760 είς
793 3697 982 3752 τοῦτον
1028 3700 1492 3773 άπατηθήσονται,
1527 3703 1647 3756 οὐδὲ
1691 3702 1769 3774 τῷ

196 3786 389 3858 κόσμῳ
425 3786 596 3858 τούτῳ
640 3789 1102 3860 δελεασθήσονται,
1137 3794 1228 3845 καὶ
1266 3794 1340 3856 ώς
1368 3793 1484 3863 Θεῷ
1537 3811 1770 3866 προσκυ-

195 3883 478 3954 νήσουσιν·
522 3883 656 3935 ἀλλὰ
691 3884 1256 3956 προσκολληθήσονται
1302 3887 1490 3957 Κυρίῳ
1521 3888 1598 3957 τῷ
1628 3888 1764 3958 Θεῷ,

193 3975 298 4038 τάς
327 3974 616 4044 ινδελεχεῖς
641 3974 828 4036 θυσίας
853 3976 1234 4045 προσάγοντες,
1261 3977 1446 4031 οὐκέτι
1475 3980 1652 4051 τρίτον
1672 3981 1765 4034 τοῦ

193 4062 443 4117 ἐνιαυτοῦ
473 4064 650 4132 μόνον,
683 4063 817 4116 ἀλλὰ
853 4063 973 4115 καθ’
1013 4063 1279 4134 ἑϐδομάδα
1326 4069 1419 4121 καὶ
1459 4071 1602 4139 μῆνα
1639 4088 1766 4126 συν-

193 4153 571 4226 αθροιζόμενοι
604 4155 694 4206 ἐπὶ
725 4153 831 4207 τῶν
863 4155 1032 4222 ἁγίων
1069 4156 1402 4228 ἐκκλησιῶν
1434 4161 1492 4214 οὐ
1527 4161 1684 4232 μόνον
1711 4162 1766 4215 δέ

192 4247 304 4311 hoc
333 4248 519 4302 τούτου
553 4250 860 4319 στήσονται,
891 4249 1024 4302 ἀλλὰ
1052 4250 1266 4323 νύκτωρ
1290 4255 1383 4308 καὶ
1412 4255 1527 4326 μεθ’
1556 4257 1765 4327 ἡμέραν

190 4339 256 4392 οὐ
280 4339 573 4393 παύσονται
594 4338 692 4409 τὴν
717 4339 1081 4411 προσκύνησιν
1108 4342 1418 4414 ποιούμενοι
1439 4349 1516 4410 είς
1530 4348 1621 4402 τὸν
1644 4348 1769 4419 άλη-

193 4431 344 4484 θινὸν
376 4431 526 4486 Θεόν.

269 4523 392 4575 Τῶν
417 4522 883 4593 ἐπισυναχθέντων
909 4524 1077 4580 ἐθνῶν
1101 4528 1193 4581 ἐπὶ
1235 4529 1473 4594 Ἐζεκίου
1500 4531 1763 4601 βασιλέως
1796 4529 1838 4582 Ῑ)

193 4615 318 4684 ἅμα
347 4612 424 4682 τῷ
471 4614 832 4685 Σεναχηρείμ.
866 4646 937 4658 --
964 4617 1148 4672 Ταῦτα
1184 4619 1242 4672 δὲ
1273 4620 1449 4675 πάντα
1489 4624 1766 4695 τρανωθή-

192 4718 352 4756 σεται
381 4704 438 4755 ὲν
462 4707 527 4774 τῇ
559 4705 830 4776 παρουσία
854 4706 947 4759 τοῦ
978 4708 1181 4779 Κυρίου
1209 4713 1272 4779 τῇ
1309 4712 1512 4782 φοϐερᾷ
1552 4715 1644 4766 καὶ
1684 4715 1768 4766 ἐν-

189 4791 334 4862 δόξῳ
352 4810 364 4823 ·
399 4795 486 4847 ὅτε
511 4793 571 4847 τὸ
593 4797 966 4865 οίκουμενικὸν
991 4797 1215 4870 θέατρον
1246 4806 1618 4874 συγκροτεῖται
1639 4819 1651 4831 ·
1679 4805 1765 4859 ὅτε

192 4886 399 4948 πάντες
427 4887 760 4956 πανταχόθεν
801 4889 1251 4961 συναχθήσονται·
1283 4894 1369 4946 ὅτε
1416 4895 1640 4958 ἕκαστος
1676 4914 1765 4949 κο.

194 4976 404 5046 μιείται
433 4975 565 5045 πρὸς
593 4977 629 5031 ά
656 4977 888 5048 ἐπραξεν
909 4997 921 5008 ’
952 4981 1040 5032 ὅτε
1071 4984 1097 5034 ό
1127 4983 1356 5036 ἑκάστου
1388 4984 1582 5054 κλῆρος
1606 5003 1767 5053 φανιο

192 5066 387 5138 ροῦται
407 5084 418 5096 ·
456 5068 541 5120 ὅτε
581 5068 799 5138 δψονται
829 5070 1043 5140 άληθῶς
1068 5073 1174 5126 τῶν
1199 5076 1659 5146 παραϐεϐηκότων
1688 5081 1765 5151 τῷ

191 5157 320 5226 Θιῷ
373 5158 463 5210 τὸν
507 5158 763 5231 σκώληκα
797 5163 976 5218 αὐτῶν
1015 5165 1388 5234 ἀτελεύτητον,
1426 5170 1518 5220 καὶ
1565 5171 1624 5222 τὸ
1655 5171 1765 5241 πῦρ

188 5246 378 5304 αὐτῶν
412 5249 701 5303 ἄσϐεστονο
727 5254 973 5307 τουτέστι
1018 5255 1080 5309 τὸ
1117 5260 1396 5330 κριτήριον
1424 5263 1522 5331 τῆς
1562 5263 1766 5330 οἰκείας

190 5337 381 5395 αὐτῶν
427 5339 798 5411 συνειδήσεως,
834 5344 861 5396 ὃ
890 5344 1044 5416 δίκην
1088 5347 1366 5418 σκώληκος
1415 5351 1763 5424 ἀτελευτήτου

191 5431 255 5483 ιν
293 5427 472 5491 αὐτοῖς
527 5429 807 5486 ἐνειλεῖται
832 5451 843 5463 ·
888 5437 982 5490 καὶ
1037 5439 1361 5508 καταφλέξαι
1410 5443 1602 5507 αὐτοὺς
1653 5443 1766 5516 πῦρ

192 5519 446 5589 πηγάξον
473 5522 529 5573 ἐν
549 5523 727 5585 αὐτοῖς
743 5541 756 5552 ⁸
789 5525 882 5578 καὶ
907 5526 1116 5582 ἔσονται
1148 5532 1370 5602 φαναροί
1388 5535 1517 5586 πᾶσι
1539 5537 1649 5599 τοῖς
1667 5537 1765 5591 ἐπ-

194 5613 464 5682 εγνωκόσι
491 5614 582 5667 τὸν
612 5615 820 5671 ἑαυτῶν
846 5618 1109 5692 δεσπότην
1140 5640 1199 5676 τε
1229 5625 1319 5678 καὶ
1339 5629 1583 5699 ποιητήν.

272 5763 483 5821 "Psal.
516 5781 778 5837 cxxxvm,
813 5772 897 5826 16.

1869 604 2159 668 rationem,
2201 604 2494 674 procellam
2537 611 2591 658 et
2629 605 2808 674 ignem
2842 603 3094 676 suscipit,
3126 619 3290 676 quem
3325 607 3445 678 ipse

1868 695 1925 751 in
1950 695 2301 753 conscientiis
2329 694 2536 750 nostris
2567 694 2846 750 accendet.

1936 875 2102 933 Vnus.
2141 877 2224 931 l6.
2260 876 2365 933 Per
2411 877 2648 947 gladium
2683 878 2954 950 signiﬁcat
2989 882 3268 952 spirituale
3292 880 3438 952 judi-

1867 968 2015 1023 cium
2047 978 2098 1023 et
2128 970 2332 1024 multos
2361 968 2496 1023 dicit
2544 985 2670 1025 esse
2695 972 3086 1038 vulnerandos,
3139 981 3200 1028 ut
3239 974 3441 1044 gravis-

1867 1059 2021 1115 simis
2049 1059 2213 1117 minis
2242 1061 2512 1128 deterriti,
2546 1077 2576 1114 a
2603 1063 2845 1131 peccatis
2874 1064 3156 1120 recedant.

1943 1233 2104 1289 Vens.
2133 1234 2217 1286 l7.
2253 1231 2385 1299 Qua
2413 1233 2467 1288 in
2500 1233 2736 1289 medium
2772 1234 2950 1303 aﬂert,
3005 1252 3113 1293 non
3142 1244 3353 1292 tantum
3381 1245 3444 1294 ut

1868 1338 1964 1380 eos
2026 1324 2430 1388 incriminetur,
2484 1325 2580 1380 sed
2631 1327 2794 1380 etiam
2852 1334 2908 1381 ut
2947 1327 3029 1382 eis
3087 1329 3318 1384 salutem
3354 1343 3442 1384 re-

1868 1415 2329 1485 prehensionibus
2352 1423 2640 1485 prreparet,
2674 1417 2719 1471 si
2747 1417 2889 1473 forte
2915 1426 3152 1475 mentem
3185 1419 3438 1476 intende-

1871 1515 2012 1560 rent.
2035 1504 2110 1559 De
2141 1521 2296 1560 mure
2331 1505 2418 1558 hic
2447 1505 2711 1574 loquitur,
2749 1513 2809 1558 ut
2838 1506 2922 1560 vel
2961 1506 3033 1559 ita
3061 1506 3131 1560 de
3161 1507 3439 1561 detestan-

1868 1593 1954 1650 dis
1973 1596 2233 1666 0peribus
2265 1596 2382 1651 suis
2412 1596 2828 1662 erubescentes,
2859 1611 2888 1648 a
2910 1596 3066 1651 malis
3091 1604 3434 1652 revocentur.

1940 1750 2106 1808 Vens.
2148 1751 2236 1805 18.
2282 1749 2400 1804 Νοη
2436 1764 2599 1819 opera
2656 1749 2818 1804 modo
2860 1749 3040 1816 arguit
3089 1749 3436 1805 extrinsecus

1797 1851 1841 1911 Β
1870 1845 2211 1915 apparentia,
2250 1842 2346 1900 sed
2382 1843 2529 1912 ipsas
2571 1857 2786 1913 quoque
2825 1856 3024 1910 pravas
3054 1840 3252 1895 mentis
3282 1840 3434 1911 cogi-

1867 1939 2100 1993 tationes
2133 1955 2145 1992 :
2179 1935 2323 2007 quod
2373 1936 2566 1990 me.ito
2611 1944 2665 1991 et
2706 1937 3001 1991 salubriter
3039 1936 3105 1990 ad
3144 1936 3434 1992 utilitatem

1868 2035 2111 2083 nostram
2148 2031 2389 2097 praestat.
2420 2054 2491 2066 —
2517 2021 2636 2078 1am
2681 2040 2791 2079 non
2823 2025 3004 2081 verbis
3047 2026 3222 2080 minas
3255 2027 3436 2080 inten-

1867 2119 1965 2184 dit,
2010 2133 2163 2173 suam
2192 2131 2406 2187 quoque
2449 2118 2794 2186 praesentiam
2831 2116 3141 2171 annuntiat.
3182 2116 3285 2171 Per
3316 2132 3436 2173 om-

1866 2209 1956 2263 nia
2014 2207 2161 2263 enim
2203 2205 2384 2261 studet
2425 2204 2688 2262 Dominus
2746 2213 2806 2260 ut
2853 2207 3025 2261 salvet
3071 2207 3326 2276 populum
3380 2216 3435 2262 et

1867 2312 2173 2353 sermonem
2244 2296 2489 2367 perﬁciat
2537 2296 2606 2350 ad
2659 2304 2842 2367 patres
2905 2297 3172 2366 prolatum
3229 2313 3244 2351 :
3302 2297 3428 2352 ideo

1867 2397 1978 2442 tum
2012 2388 2176 2442 minis
2208 2403 2331 2442 cum
2366 2386 2653 2456 promissis
2698 2387 2927 2441 salutem
2968 2388 3102 2457 ipsis
3151 2397 3428 2459 operatur.

1866 2477 1935 2533 Et
1963 2479 2123 2548 paulo
2148 2487 2308 2548 post:
2341 2477 2542 2532 Eadem
2583 2477 2793 2532 ratione
2810 2477 2898 2531 hic
2932 2492 3149 2546 quoque
3178 2494 3332 2532 suam
3375 2479 3431 2533 in

1865 2585 1960 2625 eos
1991 2570 2408 2641 inspectionem,
2452 2569 2744 2622 adventum
2775 2582 2936 2620 suum
2979 2569 3294 2636 denuntiat;
3337 2569 3436 2624 de-

1865 2658 2084 2715 clarans
2128 2673 2189 2714 se
2231 2672 2326 2712 eos
2366 2656 2433 2711 de
2465 2655 2720 2710 omnibus
2762 2657 3016 2727 gentibus
3071 2663 3436 2729 congregatu-

1866 2762 2012 2812 rum.
2057 2747 2198 2802 inter
2223 2761 2362 2819 quas
2415 2745 2699 2818 degebant,
2731 2762 2962 2818 quarum
3008 2748 3173 2804 etiam
3219 2750 3434 2824 linguas

1867 2839 2160 2902 edisceban
2172 2875 2187 2895 .

1941 3032 2110 3093 Vens.
2135 3035 2220 3092 ιθ.
2253 3049 2408 3093 nunc
2436 3044 2601 3094 etiam
2633 3043 2823 3092 988108
2854 3040 3127 3108 apostolos
3169 3051 3430 3100 emrstt‘tn

1870 3139 2047 3186 totum
2111 3136 2382 3184 terrarum
2431 3128 2618 3182 orbem
2687 3131 3036 3199 perlustrati,
3083 3130 3433 3205 Evangelium

1869 3221 1953 3277 vel
1985 3221 2040 3274 in
2069 3218 2328 3274 extremis
2356 3218 2675 3290 regionibus
2707 3221 3084 3289 praedicarent.

1939 3309 2106 3366 Vens.
2157 3310 2247 3364 20.
2306 3309 2405 3364 llic
2458 3325 2630 3380 equos
2681 3313 2998 3382 mulosque,
3048 3321 3102 3369 et
3156 3316 3434 3386 lampenas

1867 3411 2152 3466 memorat,
2189 3402 2440 3458 indicans
2493 3404 2948 3471 praestantissimo
2997 3407 3178 3461 animo
3223 3407 3434 3466 futuras

1868 3502 2092 3565 gentes,
2142 3510 2301 3563 quem
2357 3495 2566 3563 primus
2607 3493 2852 3549 exhibuit
2903 3499 3192 3554 eunuchus
3236 3501 3434 3568 regina

1865 3586 2164 3648 Candaces.
2197 3585 2288 3654 qui
2319 3583 2624 3655 Philippum
2657 3602 2824 3641 curru
2853 3603 2953 3642 suo
2981 3589 3149 3644 vexit.

1935 3675 2102 3733 Vens.
2133 3677 2225 3731 25.
2249 3678 2367 3731 1am
2394 3692 2500 3731 non
2520 3678 2752 3746 amplius
2785 3681 3044 3736 errabunt
3073 3682 3219 3737 circa
3240 3683 3430 3741 Deum.

1865 3783 1966 3823 nec
1995 3768 2181 3823 mundi
2213 3768 2483 3824 illecebris
2527 3768 2694 3821 illecti
2762 3771 2864 3837 ipsi
2903 3781 3162 3840 tanquam
3199 3760 3325 3828 Βεό
3349 3775 3433 3829 in-

1867 3859 2137 3924 servient;
2189 3858 2281 3914 sed
2327 3874 2448 3912 cum
2482 3856 2713 3913 Domino
2747 3858 2857 3914 Deo
2888 3863 3269 3932 conglutinati,
3301 3881 3432 3922 con-

1868 3953 2022 4006 tinuo
2049 3951 2098 4004 ei
2135 3949 2402 4006 sacrificia
2439 3950 2702 4016 onerent;
2739 3951 2851 4020 jam
2895 3969 3004 4008 non
3058 3963 3141 4010 ter
3181 3959 3342 4013 modo
3375 3960 3428 4014 in

1867 4056 2097 4106 annum,
2139 4040 2232 4094 sed
2269 4041 2324 4094 in
2372 4039 2614 4110 singulos
2655 4056 2912 4110 menses,
2972 4046 3138 4114 inque
3187 4049 3430 4120 singulas

1866 4129 2229 4186 bebdomades
2260 4130 2738 4201 congregabuntur
2773 4133 2828 4186 in
2874 4143 3095 4192 sanctas
3139 4139 3426 4196 ecclesias.

1866 4219 2019 4287 Quin
2072 4219 2202 4283 imo,
2237 4219 2469 4274 ulterius
2512 4220 2674 4274 etiam
2719 4225 3018 4293 progressi,
3072 4242 3173 4284 nec
3206 4228 3294 4285 die
3329 4247 3429 4287 nec

1865 4321 2028 4365 nocte
2061 4325 2090 4363 a
2125 4311 2274 4365 cultu
2305 4311 2418 4366 veri
2443 4309 2537 4367 Dei
2568 4315 2883 4368 cessabunt.

1935 4478 2104 4537 V’sns.
2158 4481 2248 4535 24.
2314 4481 2592 4538 Cadavera
2667 4485 2926 4542 videbunt
2996 4492 3236 4560 gentium
3302 4511 3425 4554 cum

1870 4570 2242 4628 Sennacberib
2288 4572 2548 4630 adversus
2598 4592 2778 4646 regem
2817 4578 3100 4636 Ezechiam
3133 4599 3430 4658 congrega-

1870 4668 2068 4715 tarum.
2111 4693 2180 4702 —
2223 4663 2353 4727 Quae
2403 4670 2582 4719 autem
2627 4669 2805 4720 omnia
2839 4670 3333 4731 manifestabuntur
3373 4681 3426 4734 in

1867 4752 2141 4806 horrendo
2176 4759 2230 4806 et
2288 4745 2493 4808 illustri.
2527 4754 2618 4809 Dei
2654 4757 2909 4824 adventu,
2951 4777 3092 4826 cum,
3128 4778 3428 4823 convocato

1867 4847 2238 4895 creaturarum
2284 4841 2528 4897 omnium
2573 4852 2739 4908 castu,
2780 4850 3032 4904 omnibus
3069 4853 3426 4927 undeqnaque

1865 4933 2132 4990 collectis.
2171 4933 2404 5004 quisque
2447 4949 2546 5003 pm
2606 4937 2817 4990 meritis
2883 4941 2996 4993 suis
3073 4945 3321 5014 accipiet,
3361 4964 3424 5002 ac

1867 5037 1987 5076 sors
2021 5020 2285 5090 cujusque
2323 5024 2623 5092 apparebit.
2651 5035 2702 5081 et
2738 5027 2994 5082 videbunt
3027 5047 3150 5086 vere
3187 5048 3422 5091 vermem

1866 5121 2212 5187 peccatorum
2233 5115 2612 5179 immortalem,
2638 5116 2920 5188 ignemque
2952 5136 3136 5175 eorum
3163 5124 3425 5181 inexstin-

1864 5203 2156 5273 guibilem;
2223 5203 2326 5257 hoc
2377 5210 2481 5265 est,
2538 5205 2800 5274 judicium
2860 5211 3246 5279 conscientiae,
3304 5231 3426 5286 qua

1864 5290 2010 5343 velut
2039 5290 2238 5344 vermis
2272 5291 2594 5346 immortalis
2628 5294 2682 5349 in
2705 5310 2894 5350 eorum
2929 5300 3111 5354 animo
3144 5311 3422 5372 vertetur;

1863 5386 1918 5434 et
1933 5381 2160 5435 torrebit
2189 5382 2351 5435 etiam
2379 5398 2473 5440 eos
2501 5385 2639 5456 ignis
2659 5402 2724 5441 ex
2747 5387 2880 5456 ipsis
2896 5391 3130 5456 clicitus,
3162 5403 3218 5447 et
3249 5398 3424 5451 omnl—

1867 5471 1967 5528 bus
2021 5473 2427 5544 conspiciuntur
2491 5477 2581 5547 qui
2642 5477 2928 5536 Dominum
2978 5487 3422 5559 conditoremque

1863 5575 2022 5621 suum
2056 5575 2378 5637 agnoscunt.
