4140 6488
2676 330 2747 343 -ν

2184 327 2673 341 _~——————-———
2676 331 2707 338 -
2710 330 2747 343 ν
2752 331 3559 346 m-

1640 504 1813 549 ANNO
1860 505 2089 548 DOMINI
2124 505 2348 548 CCCX“.

1035 709 1241 922 S.
1398 712 2951 927 METHODIUS

1293 1077 1939 1170 EPISCOPUS
2010 1079 2160 1166 ET
2230 1079 2723 1169 MARTYR

796 1470 1397 1587 NOTlTIA
1475 1465 3194 1585 HISTORICO-LITTERARIA

1299 1694 1571 1759 (Gsusnn,
1595 1694 1704 1743 γει.
1730 1693 1873 1741 Patr.
1902 1686 2151 1748 Biblioth.,
2174 1688 2263 1748 111,
2286 1689 2511 1752 Proleg.,
2534 1704 2582 1752 p.
2611 1689 2699 1752 ιι.)

440 1995 487 2053 1.
518 1986 837 2060 Methodius,
861 1995 1033 2051 dictus
1058 2006 1107 2051 et
1136 1995 1439 2059 Eubulius;
1474 1976 1878 2066 Olympisimul
1913 1972 1974 2066 et
1995 1993 2399 2066 Patarorumin
2436 1993 2619 2066 Lycia,
2650 2004 2830 2066 postea
2862 1995 2990 2066 Tyri
3027 1962 3079 2049 in
3104 1994 3379 2049 Phwnieia
3410 1997 3617 2065 episeo-

371 2082 489 2132 pus,
517 2070 660 2122 circa
681 2066 879 2122 Christi
913 2084 1109 2120 annum
1151 2067 1255 2120 512
1293 2063 1560 2137 martyrio
1588 2065 1853 2119 sublatus.
1904 2063 2075 2119 Locus
2103 2065 2366 2134 passionis
2412 2064 2526 2133 ejus
2559 2065 2869 2134 inquiritur.

371 2139 544 2206 ipsum
571 2139 668 2192 sub
696 2138 858 2191 Decio
882 2148 930 2191 et
964 2137 1250 2191 Valeriano
1267 2153 1485 2205 passum
1522 2138 1709 2190 tradit.

2946 2067 3174 2120 ententia
3208 2067 3465 2136 reﬁcitur,
3503 2085 3620 2138 qua:

441 2231 504 2287 11.
544 2234 788 2299 Quantus
822 2234 899 2287 vir
933 2232 1234 2287 Met/radius
1255 2249 1320 2287 ex
1342 2242 1568 2287 veterum
1606 2232 1942 2286 testimoniis.
1982 2229 2128 2284 Unus
2166 2227 2424 2284 Eusebius
2458 2229 2613 2283 illum
2639 2230 2924 2298 pravteriit;
2955 2229 3090 2299 quod
3120 2231 3370 2285 nimirum
3404 2240 3619 2286 sanctus

378 2301 538 2357 Pater
562 2304 756 2374 stylum
785 2306 1034 2358 adversus
1061 2304 1338 2374 Origenem
1363 2305 1659 2358 strinxerit.

440 2395 528 2450 111.
563 2397 849 2468 Complura
884 2399 1182 2452 litterarum
1208 2400 1558 2458 monumentis
1581 2400 1931 2468 consignavit.
1966 2396 2116 2468 Inter
2146 2412 2207 2448 ea
2232 2395 2463 2468 primum
2498 2393 2674 2468 lo_cum_
2713 2393 2909 2468 obtinet
2938 2394 3263 2468 Conviviuni
3287 2394 3478 2468 decem
3508 2396 3620 2468 vir-

369 2467 579 2539 ginum.
626 2463 811 2536 Operis
842 2470 1158 2538 prazstantia
1192 2477 1348 2539 atque
1379 2470 1607 2522 utilitas.
1637 2463 1785 2523 Inter
1812 2469 1968 2538 hujus
1998 2463 2253 2521 editiones
2297 2465 2487 2519 eminet
2525 2463 2935 2534 Combe/isiana,
2960 2481 3075 2536 qua:
3102 2465 3216 2519 ideo
3244 2464 3327 2518 hic
3366 2467 3623 2519 recensita

367 2546 418 2590 et
443 2536 726 2592 adornata.

438 2624 529 2689 1V.
557 2629 701 2686 Cura
723 2631 771 2686 et
798 2632 1031 2688 studium
1060 2635 1112 2687 in
1141 2633 1339 2688 edendo
1373 2634 1506 2688 libro
1532 2633 1607 2689 De
1637 2635 1808 2689 libero
1830 2634 2075 2689 arbitrio.
2110 2630 2257 2686 Unde
2293 2631 2589 2702 fragmenta
2613 2631 2726 2700 ejus
2755 2630 3048 2701 desumpta.

437 2719 505 2795 ν,
543 2722 844 2794 Sequuntur
866 2736 1109 2795 excerpta
1139 2725 1211 2781 De
1234 2727 1636 2781 resurrectione
1669 2725 1915 2781 adversus
1952 2726 2247 2795 Origenem.
2270 2722 2430 2795 Opus
2477 2723 2751 2795 laudatum
2787 2738 2897 2791 pra:
2928 2724 3153 2795 caeteris,
3180 2721 3473 2795 Eustathio
3501 2724 3617 2777 An—

374 2791 632 2868 tiocheno.
668 2795 749 2868 Ad
783 2791 1249 2868 formam-dialogi,
1280 2808 1337 2850 ut
1363 2807 1412 2850 et
1444 2797 1762 2868 pra’cedens,
1798 2791 2119 2850 contextum.
2148 2794 2229 2847 Ea:
2260 2793 2554 2868 Epiphanio
2583 2794 2636 2847 in
2648 2795 2927 2868 primisqet
2949 2793 3138 2868 Photio
3162 2794 3456 2864 fragmenta
3485 2796 3621 2849 satis

372 2865 551 2936 ampla
579 2865 828 2932 deducta,
859 2876 909 2920 et
948 2884 1066 2921 cum
1116 2865 1244 2923 mss.
1270 2869 1488 2922 collata.
1520 2867 1684 2921 Aliud
1708 2868 1878 2922 nobile
1910 2879 2208 2936 excerptum
2242 2865 2590 2933 prapusitum.

369 2932 553 3001 flatur.

2675 2865 2944 2934 mprovida
2978 2864 3133 2918 Cavei
3175 2881 3397 2920 censura
3436 2868 3622 2934 exsuf-

439 3025 528 3098 Vl_.
559 3025 777 3098 Reliqua
796 3027 1139 3083 Methodiana
1160 3031 1387 3085 strictim
1415 3031 1673 3098 exposita.
1696 3029 1970 3083 Nimirum
2006 3028 2267 3081 Photiana
2293 3034 2535 3095 excerpta
2562 3026 2884 3098 Deicreatis;
2909 3025 3117 3081 lacinia:
3143 3028 3396 3082 librorum
3430 3031 3622 3087 adver-

370 3111 467 3172 sus
501 3096 895 3172 Porphyrium;
935 3101 1287 3172 fragmentum
1326 3118 1391 3156 ex
1424 3096 1662 3155 sermone
1692 3102 1765 3172 De
1800 3100 2169 3172 martyribus:
2206 3099 2446 3172 humilia:
2477 3097 2711 3172 tres,_l)e
2752 3097 3020 3172 Symeone
3056 3107 3108 3172 et
3143 3100 3320 3172 Anna,
3347 3100 3403 3154 In
3437 3116 3621 3160 ramos

367 3164 701 3235 Palmarum;
741 3180 796 3225 et
826 3164 901 3225 ne
933 3164 1096 3226 cru'ce
1130 3170 1341 3226 Domini
1372 3191 1385 3226 :
1432 3172 1621 3244 quibus
1653 3171 1777 3226 alia:
1805 3164 2098 3240 complures
2144 3184 2357 3238 operum
2389 3164 2852 3223 Methodianoru'm
2892 3170 3124 3240 reliquid:
3151 3171 3417 3239 subjecta'.

441 3313 773 3383 Methodius,
797 3316 891 3385 qui
912 3325 969 3371 et
1000 3314 1268 3371 Eubulius
1294 3316 1475 3371 dictus
1506 3314 1810 3386 Epiphanio
1841 3314 1939 3386 (a),
1970 3321 2017 3377 Α
2044 3313 2097 3368 id
2122 3319 2209 3368 est
2236 3313 2383 3367 circa
2423 3324 2626 3365 annum
2673 3310 2878 3366 Christi
2911 3309 3038 3375 512,
3081 3312 3259 3381 ipsum
3283 3313 3338 3366 in
3366 3312 3624 3373 Chalcide

368 3404 607 3474 primum
637 3404 850 3478 Olympi
879 3407 1042 3461 simul
1091 3417 1144 3463 et
1188 3407 1507 3464 Patarorum
1558 3409 1612 3462 in
1643 3408 1807 3479 Lycia
1832 3408 1942 3477 epi-

371 3505 656 3567 scopatum
686 3501 888 3569 gessit;
916 3498 1113 3567 priscis
1142 3500 1287 3554 enim
1310 3500 1419 3554 illis
1441 3500 1778 3569 temporibus
1808 3499 1946 3553 civi-

367 3590 510 3640 tates
534 3588 672 3644 duas
694 3597 789 3643 aut
815 3589 978 3644 etiam
1004 3591 1205 3659 plures,
1243 3605 1306 3644 ac
1338 3592 1555 3646 cci-tein
1588 3590 1774 3661 Lycia,
1800 3607 1946 3646 unus

370 3676 601 3732 antistes
630 3679 1068 3743 administrabat,
1132 3691 1191 3736 ut
1218 3683 1566 3737 observatum
1611 3685 1825 3740 erudito
1850 3684 1949 3740 Le-

368 3769 591 3839 quienio
612 3770 707 3843 (b).
738 3770 803 3826 Et
831 3772 1153 3829 Patarorum
1179 3777 1399 3846 quidem
1435 3778 1752 3847 episcopum
1777 3778 1947 3835 fuisse

368 3859 719 3925 Methodium,
753 3864 962 3934 antiqui
996 3868 1198 3934 passim
1225 3867 1441 3922 codices
1472 3874 1526 3922 et
1557 3868 1651 3936 qui
1681 3869 1802 3937 ejus
1832 3884 1948 3924 me~

368 3953 577 4009 minere
605 3955 903 4025 scriptores
952 3956 1149 4023 Graeci,
1185 3967 1500 4015 testantur:
1536 3958 1750 4032 Olympi
1792 3976 1943 4028 vero,

369 4056 565 4116 praeter
594 4047 981 4120 Hieronymum
1013 4051 1104 4122 (c),
1136 4052 1299 4106 etiam
1342 4052 1611 4108 Maximus
1668 4053 1947 4109 memoria:

368 4138 609 4208 prodidit
650 4141 728 4210 (d)
763 4160 776 4195 :
810 4140 969 4211 cujus
1019 4143 1220 4208 locum,
1254 4159 1386 4199 sane
1424 4155 1763 4215 corruptum,
1804 4147 1948 4200 inter

368 4234 613 4283 veterum
645 4230 960 4285 testimonia
994 4232 1153 4287 nobis
1219 4233 1360 4287 inira
1392 4235 1646 4299 relatum,
1691 4236 1766 4289 ita
1792 4235 1948 4290 resti-

368 4320 632 4392 tuendum
678 4323 894 4378 censuit
948 4323 1144 4380 doctus
1191 4324 1441 4381 Valesius
1465 4326 1534 4396 (e)
1572 4346 1585 4380 :
1653 4320 1948 4396 ’Ᾱνάγνωθι

368 4411 632 4467 Μεθοδιου
658 4414 751 4468 τοῦ
780 4415 936 4484 ἁγίου
970 4415 1264 4487 μάρτυρος,
1294 4418 1389 4471 καὶ
1438 4418 1714 4488 Ὀλύμπου
1745 4418 1950 4489 Ἀδρια-

375 4503 676 4568 νουπόλεως
719 4507 1019 4560 ἐπισκόπου
1076 4509 1174 4578 τῆς
1225 4509 1454 4574 Λυκίας,
1506 4509 1575 4562 τὰ
1624 4509 1743 4563 κατ’
1782 4507 1947 4562 αὑτοῦ

377 4587 733 4668 (Ὠριγὲωους)
779 4600 907 4670 περὶ
951 4601 1296 4666 ἀναστάσεως
1339 4601 1639 4672 γραφέντα.
1678 4598 1735 4654 Id
1805 4611 1890 4657 est
1929 4621 1942 4656 :

2048 3403 2270 3460 Grmciae
2324 3403 2649 3472 martyrium
2706 3402 2949 3456 subiisse
3002 3402 3189 3455 tradit.
3252 3394 3379 3458 Haec
3435 3417 3619 3460 autem

2048 3493 2363 3550 summatim
2414 3509 2707 3548 recensens
2768 3482 3052 3547 Fabricius
3108 3492 3215 3564 (Γ),
3262 3494 3515 3550 rescribit
3563 3497 3623 3551 in

2049 3586 2297 3643 Chalcide
2330 3583 2502 3656 Syria:
2533 3602 2551 3638 :
2583 3586 2727 3640 unde
2757 3602 2886 3642 vero
2921 3586 2974 3641 id
2998 3587 3264 3651 hauserit,
3297 3603 3407 3641 non
3429 3587 3621 3645 refert.

2046 3680 2227 3751 Atque
2257 3681 2334 3734 ita
2358 3679 2595 3734 fortasse
2618 3677 2907 3748 legendum
2956 3680 3010 3733 in
3043 3687 3192 3734 textu
3236 3679 3624 3753 Hieronymian

2048 3788 2141 3835 no,
2173 3771 2334 3841 cujus
2363 3770 2581 3841 vulgata
2619 3770 2784 3825 lectio
2817 3769 3166 3827 Tillemoutio
3192 3788 3409 3844 quoque
3439 3775 3622 3831 minus

2048 3864 2313 3933 probatur
2349 3862 2423 3933 (g)
2459 3880 2472 3915 :
2508 3868 2567 3915 ut
2617 3861 2847 3931 proinde
2885 3877 3018 3916 vero
3075 3862 3302 3933 propius
3346 3865 3619 3930 videatur,

2050 3962 2302 4009 sanctum
2326 3946 2619 4024 Tyriorum
2653 3955 2708 4007 in
2737 3952 3019 4008 thnicia
3074 3955 3391 4026 episcopum
3416 3966 3621 4029 marty-

2049 4048 2133 4101 rio
2157 4046 2332 4102 l'uisse
2369 4047 2646 4101 sublatum
2682 4048 2737 4102 in
2793 4048 3014 4118 regione
3059 4052 3624 4124 contermina;atque

2049 4138 2319 4207 ejusmodi
2344 4146 2460 4192 erat
2485 4137 2813 4194 Chalcidene
2841 4140 2896 4193 in
2918 4139 3234 4211 Cwlesyria,
3260 4143 3419 4212 cujus
3459 4154 3623 4214 caput

2050 4229 2289 4286 Chalcis.
2343 4228 2529 4299 Neque
2581 4229 2739 4283 aliter
2796 4245 2928 4284 sane
2979 4232 3254 4301 accepisse
3308 4230 3624 4306 Hieronymi

2048 4325 2212 4380 verba
2238 4323 2582 4393 Sephronius
2612 4322 2735 4391 ejus
2771 4322 3039 4393 interpres
3064 4323 3404 4395 dignoscitur
3448 4345 3461 4381 :
3495 4342 3622 4383 ver-

2049 4415 2117 4469 tit
2177 4416 2345 4479 enim,
2394 4416 2451 4468 ὲν
2483 4413 2707 4467 Χαλκίδι
2765 4415 2863 4486 τῆς
2904 4415 3216 4486 Ἀνατολῆς,
3272 4417 3328 4471 in
3372 4416 3625 4473 Chalcide

2049 4496 2177 4561 urbe
2207 4507 2454 4563 Orientis.
2494 4507 2696 4562 Eadem
2760 4507 2924 4563 habet
2984 4506 3182 4564 Suidas
3224 4509 3323 4581 (h),
3380 4510 3625 4581 Sophro-

2051 4600 2202 4654 nium
2234 4601 2580 4656 exscribcns.
2616 4601 2884 4655 Caeterum
2915 4599 3166 4655 audiendi
3197 4616 3306 4655 non
3341 4611 3492 4666 sunt,
3527 4604 3620 4673 qui

382 4695 402 4728 ι
443 4676 583 4747 Lege
640 4695 761 4749 qua
808 4689 1068 4745 adversus
1116 4688 1400 4761 Origeuem
1444 4691 1510 4745 de
1549 4692 1948 4746 resurrectione
1980 4680 2023 4733 Β
2053 4687 2384 4743 Methodium
2425 4689 2528 4743 sub
2577 4687 2736 4744 Decio
2778 4698 2829 4743 et
2879 4684 3165 4745 Valeriano
3189 4705 3410 4761 passum
3453 4692 3626 4748 fuisse

380 4769 603 4839 scripsit
645 4770 974 4837 Methodius,
1002 4783 1386 4837 sanctissimus
1418 4789 1625 4853 martyr
1648 4792 1701 4837 et
1733 4784 1946 4852 episco-
2051 4781 2274 4834 tradunt
2314 4800 2327 4834 :
2360 4780 2559 4850 quippe
2584 4781 2677 4850 qui
2728 4781 2899 4834 multa
2927 4782 3233 4851 scripserit,
3277 4799 3384 4838 non
3409 4791 3622 4839 tantum

375 4875 480 4930 pus
501 4859 736 4931 Olympi,
778 4862 929 4918 urbis
959 4864 1155 4937 Lyciae,
1186 4888 1308 4940 qua)
1352 4873 1515 4927 etiam
1562 4871 1947 4942 Adrianopolis
2047 4879 2239 4926 contra
2259 4869 2566 4940 Origenem,
2602 4870 2692 4924 diu
2719 4878 2840 4941 post
2866 4870 3178 4924 Adamantii
3216 4884 3443 4927 mortem
3472 4892 3487 4940 ;
3525 4874 3621 4928 sed

374 4950 518 5004 dicta
545 4962 649 5007 est.
688 4972 706 5005 ι
738 4951 877 5006 Tum
913 4954 1040 5026 Tyri
1081 4958 1135 5012 in
1183 4959 1463 5018 thnicia
1518 4963 1815 5018 Ecclesiam
1860 4980 1948 5017 rc-
2044 4975 2099 5023 et
2132 4975 2322 5021 contra
2352 4961 2874 5036 Porphyrium,dum
2902 4965 3099 5037 Tyrius
3127 4968 3216 5022 ille
3239 4968 3621 5038 philosophus,

375 5042 605 5111 gendam
639 5047 884 5116 suscepit
917 5057 1142 5103 sanctus
1190 5051 1374 5120 Pater,
1400 5056 1590 5111 eodem
1612 5055 1945 5127 Hieronymo
2046 5059 2349 5128 imperante
2398 5056 2759 5121 Diocletiano,
2795 5056 2850 5109 in
2900 5058 3041 5113 vivis
3099 5060 3312 5129 agebat.
3364 5056 3430 5111 Et
3482 5059 3624 5113 hanc

374 5142 540 5201 teste;
571 5137 662 5206 qui
689 5145 743 5192 et
763 5138 831 5192 ad
861 5145 1162 5195 extremum
1189 5147 1501 5203 novissume
1520 5148 1941 5218 persecutionis,
2051 5151 2271 5223 quidem
2305 5150 2653 5214 sententiam,
2689 5156 2812 5220 post
2832 5148 3091 5208 Ecclesiae
3113 5152 3388 5206 annalium
3425 5167 3624 5221 paren-

448 5311 523 5453 (a;
547 5310 740 5392 Epiph.
780 5312 931 5369 Hier.
964 5328 1110 5379 LXIV,
1138 5315 1166 5387 §
1203 5318 1291 5373 65.
2124 5328 2187 5395 (1⁸)
2214 5327 2379 5384 Fabr.
2412 5326 2551 5382 Bibl.
2581 5327 2673 5383 Cr.
2704 5336 2834 5382 tom.
2866 5327 2936 5394 ν,
2974 5345 3095 5399 pag.
3132 5329 3240 5384 255
3267 5328 3372 5402 (ed.
3403 5329 3619 5388 Harios.

448 5381 498 5453 (b
549 5383 805 5453 Lequien.
840 5384 936 5439 0r.
969 5383 1094 5440 Chr.
1128 5398 1259 5444 tom.
1286 5390 1325 5453 1,
1350 5407 1401 5453 ι).
1436 5392 1542 5448 976
1561 5410 1675 5453 seu.
2051 5407 2096 5453 t.
2121 5398 2233 5453 V’ll.
2269 5416 2321 5453 ι).
2343 5397 2492 5453 2601.

447 5381 466 5591 ἓ

470 5383 520 5472 b)
549 5383 1100 5472 ξτιιξίιυὶςξῐι.ΐςὶι·.,ειυςἱ
1128 5383 1259 5472 tom.
1286 5390 1325 5456 1,
1350 5407 1401 5461 p.
1561 5410 1675 5466 seq.

2051 5407 2096 5455 t.
2121 5383 2325 5472 i’iin.
2343 5397 2492 5472 260).

471 5452 520 5542 ε(
550 5452 771 5542 illum.
804 5454 1262 5542 pet-ir._illustr:,
1300 5452 1417 5530 (":a'p.
1451 5465 1540 5542 s5.
1640 5452 1656 5466 ‘
1743 5539 1751 5542 _
1915 5540 1923 5542 _
2059 5452 2102 5542 ξί
2122 5472 2195 5542 (θ)
2225 5452 2635 5542 Tinam/Mem.
2671 5478 2804 5525 tom.
2829 5466 2896 5534 ν,
2930 5484 2984 5539 p.
3032 5467 3152 5534 767,
3199 5478 3322 5526 not.
3359 5472 3393 5526 3
3425 5487 3517 5525 sur
3561 5471 3619 5528 s.

420 5523 523 5601 .(d)
559 5523 775 5606 Maxim.
806 5527 857 5579 in
884 5527 1057 5582 schol.
1083 5531 1148 5583 ad
1197 5523 1422 5602 Diony's.
1452 5534 1652 5606 Areop.
1710 5539 1786 5592 De
1815 5540 1942 5593 eccl.
2051 5523 2286 5597 Μὲῖιὶοά.

375 5590 536 5658 hiem,
568 5608 689 5663 cap.
721 5593 769 5648 7.
1340 5590 1359 5602 '
1597 5590 1645 5606 ⁸⁷
1712 5590 1717 5591 ί
1764 5590 1777 5592 “

452 5664 513 5683 ΙΑὶ
552 5662 706 5683 ‘7_l-_
764 5664 821 5683 ,j
857 5664 894 5683 Π
946 5682 951 5683 ,
978 5667 1019 5683 ,L
1094 5667 1157 5683 Ilo
1195 5679 1207 5683 Α
1349 5672 1361 5683 ι
1408 5674 1462 5683 ..ι
1782 5680 1799 5683 -
1830 5682 1835 5683 ,

2445 5610 2501 5665 in
2542 5608 2674 5665 Lex.
2728 5627 2775 5664 γ.
2829 5610 3148 5679 Μεθόδιος,
3192 5619 3323 5667 tom.
3368 5610 3447 5676 ll,
3495 5628 3619 5683 pag.

447 5664 516 5721 te)
552 5662 730 5720 Vales.
757 5664 825 5720 ad
854 5664 1049 5723 Euseb.
1086 5667 1227 5725 Hist.
1251 5672 1378 5726 eccl.
1408 5674 1500 5731 lib.
1539 5692 1609 5744 Vl,
1640 5680 1866 5751 capas.
2049 5662 2170 5739 sali.

692 5762 957 5825 PATBOL.
1009 5764 1127 5826 Gn.
1161 5765 1395 5828 XVIII.

3245 5785 3276 5843 1
