4140 6440
429 433 497 489 15
1890 426 2185 493 ΝΟΤΙΤΙᾹέ
3568 440 3636 486 Νι

501 543 567 600 Et
615 545 760 601 hanc
808 545 1026 617 quidem
1086 545 1546 602 Combelisiana‘m
1576 528 1787 604 ἔκδοσιν
1837 552 1982 621 typis
2011 549 2191 621 Alogi
2243 546 2548 621 composuit
2604 551 2825 610 sanctus
2880 530 3063 619 Pater,
3118 534 3525 624 inscripsitque,
3576 561 3637 606 ut

428 636 796 693 excutiendam
820 637 1147 693 curavimus.
1178 636 1363 708 Neque
1413 638 1555 693 enim
1586 647 1771 694 actum
1800 642 1978 711 egisse

428 729 645 785 videtur
665 730 751 785 vir
772 728 987 795 doctus,
1011 727 1105 799 qui
1147 730 1315 785 semel
1362 729 1666 801 iterumque
1704 731 1978 803 vulgatum

428 822 693 887 libellum,
724 837 866 877 novo
895 823 1045 878 cultu
1068 822 1361 893 expolitum
1391 824 1820 895 repraesentavit.
1848 822 1980 893 Ejus

396 890 404 918 ’
429 921 611 971 autem
638 913 1039 979 adnotationes,
1070 930 1191 984 qua:
1211 914 1278 968 ad
1311 917 1490 985 operis
1538 917 1740 972 calcem
1772 916 1981 972 incom-

429 1007 585 1062 mode
617 1006 951 1077 legebantur,
986 1008 1153 1062 textui
1184 1007 1516 1076 subjecimus
1558 1024 1663 1063 una
1697 1024 1819 1063 cum
1842 1010 1980 1065 sele-

428 1101 690 1157 ctioribus
737 1100 1045 1158 Valesianis
1087 1120 1102 1157 :
1156 1103 1222 1158 ad
1276 1106 1435 1159 linem
1489 1118 1617 1159 vero
1650 1103 1980 1159 attexuimus

426 1208 560 1264 quas
583 1193 867 1249 adornavit
889 1195 1137 1258 Allatius,
1168 1210 1261 1252 eas
1291 1195 1346 1249 in
1379 1201 1657 1261 contextu,
1693 1196 1941 1266 apposito
1961 1198 1980 1217 ‘

424 1283 745 1341 Indicautes.
798 1284 1043 1356 Denique
1096 1300 1205 1357 quo
1254 1285 1466 1341 facilior
1494 1287 1677 1357 operis
1723 1287 1882 1342 lectio
1926 1295 1980 1342 et

423 1390 557 1431 usus
585 1375 859 1441 evaderet,
893 1393 1335 1450 unamquamque
1355 1380 1657 1435 orationem
1690 1378 1982 1435 Methodia-

422 1482 545 1522 nam
582 1483 770 1525 sumus
794 1470 849 1524 in
880 1471 1057 1525 varias
1080 1472 1352 1528 sectiones
1378 1471 1586 1542 partiti,
1618 1487 1849 1542 quarum
1897 1473 1980 1526 in-

421 1565 632 1630 tegrum
693 1571 1046 1633 conspectum
1108 1578 1211 1635 pro
1252 1579 1405 1620 more
1465 1572 1656 1620 nostro
1719 1563 1971 1619 subdidi-

421 1665 562 1706 mus.

491 1742 580 1799 iV.
604 1743 723 1800 Jam
748 1763 880 1803 vero
914 1748 1125 1819 reliqua
1165 1746 1509 1804 Methodiana
1543 1763 1831 1805 recensere
1862 1763 1981 1819 pro—

418 1850 732 1906 sequamur,
758 1855 823 1894 ex
867 1840 1013 1895 edito
1066 1840 1464 1897 Combelisianu
1512 1840 1742 1897 Parisiis
1776 1843 1830 1897 in
1860 1842 1978 1897 vul-

417 1943 518 1999 gus
563 1931 764 1987 emisso
806 1947 948 1987 anno
974 1932 1112 1988 1644
1163 1934 1411 2004 repetita.
1463 1933 1768 1988 Conoivium
1796 1934 1978 2004 itaque

416 2020 593 2077 decem
620 2025 880 2095 virginum
908 2027 1108 2098 exeipit
1128 2026 1267 2083 liber
1291 2026 1369 2080 De
1426 2026 1587 2081 libero
1624 2025 1851 2081 arbitrio
1876 2026 1975 2082 ad-

416 2129 608 2170 versus
663 2114 1076 2175 Y—aientinianos
1132 2118 1190 2173 in
1250 2118 1440 2188 primis
1464 2124 1519 2173 et
1558 2116 1879 2187 Origenem;
1910 2116 1978 2171 ad

416 2217 577 2280 quém
602 2209 797 2265 doctus
827 2208 1001 2265 editor
1031 2208 1133 2264 ista
1164 2209 1423 2279 prmfatur
1457 2206 1532 2280 (υ)
1564 2226 1621 2262 :¢
1649 2207 1872 2272 Damus,
1892 2209 1977 2262 in-

416 2303 554 2373 quit,
585 2301 690 2358 hoc
719 2317 856 2371 opus
885 2317 1021 2372 pene
1058 2303 1350 2372 integrum,
1386 2300 1565 2355 tribus
1596 2314 1692 2355 seu
1727 2298 1976 2369 partibus

414 2411 514 2452 seu
542 2397 816 2466 excerptis
835 2404 1175 2467 congestum.
1210 2394 1504 2450 Exordium
1550 2394 1978 2463 nonnullamque

412 2495 622 2559 partem
653 2490 898 2559 corporis
929 2488 1172 2545 ediderat
1194 2487 1432 2543 Joannes
1457 2486 1724 2542 Meursius
1746 2486 1848 2557 (ω),
1874 2500 1974 2541 ceu

413 2580 613 2636 librum
646 2582 937 2652 integrum,
970 2596 1039 2636 ne
1069 2581 1261 2636 leviter
1315 2580 1533 2650 quidem
1573 2578 1852 2634 insinuato
1879 2576 1974 2632 de-

411 2671 579 2738 fectu,
611 2689 772 2745 quem
796 2674 989 2728 titulus
1017 2674 1152 2729 satis
1177 2673 1461 2743 arguebat.
1514 2669 1650 2725 Nam
1679 2670 1818 2724 nihil
1855 2676 1974 2726 erat

410 2770 525 2821 tota
564 2769 813 2823 oratione
851 2767 917 2822 de
948 2765 1121 2820 libero
1167 2764 1417 2829 arbitrio,
1448 2763 1606 2834 cujus
1640 2763 1732 2818 ille
1772 2771 1975 2820 tracta-

410 2858 618 2914 tionem
639 2859 935 2914 indicabat.
964 2854 1194 2927 Reliqua
1230 2855 1460 2911 mutuati
1495 2869 1685 2912 sumus
1725 2870 1791 2911 ex
1829 2854 1973 2909 Pho-

369 2966 375 2972 ο
410 2948 574 3003 tianis
605 2948 702 3020 (ῃ),
734 2954 964 3017 excepto
992 2946 1209 3017 egregio
1228 2945 1341 3010 illo,
1373 2944 1442 3000 ad
1468 2944 1650 3009 tinem,
1689 2952 1968 3016 excerpto,

415 3037 482 3092 de
503 3037 624 3109 ipso
659 3052 852 3093 revera
902 3037 1074 3093 libero
1096 3036 1342 3103 arbitrio,
1373 3036 1516 3108 quod
1545 3035 1612 3090 Β.
1641 3035 1705 3090 Ρ.
1734 3033 1975 3092 Jacobus

409 3126 734 3187 Sirmondus
768 3132 826 3185 S.
859 3129 906 3185 ι.
941 3129 1336 3186 humanissime
1382 3128 1643 3185 utendum
1673 3128 1843 3195 dedit,
1874 3143 1971 3185 eu-

407 3220 497 3292 jus
540 3222 704 3277 etiam
753 3218 982 3277 PhOtius
1035 3221 1268 3293 paucula
1313 3221 1698 3290 exscripserat,
1758 3230 1814 3275 et
1860 3234 1970 3289 quo
1996 3255 2038 3312 ε

406 3306 620 3365 videtur
671 3307 975 3366 Methodius
1026 3311 1292 3366 clausisse
1344 3310 1544 3365 librum
1599 3309 1803 3378 istum;
1858 3311 1968 3366 nisi

405 3399 544 3456 forte
597 3401 871 3472 aliquibus
897 3403 1096 3458 additis
1147 3404 1212 3457 ad
1248 3414 1524 3466 ornatum,
1566 3417 1689 3473 quae
1716 3401 1966 3467 Photius,

404 3493 508 3546 soli
540 3492 805 3549 doctrinae
848 3495 1094 3559 studens,
1145 3512 1256 3550 non
1305 3495 1650 3552 delibaverit.
1698 3493 1969 3550 Nonnulla

404 3583 749 3641 offenderunt
778 3586 835 3641 in
869 3587 1165 3657 interprete
1215 3586 1430 3656 Photii;
1476 3596 1537 3642 ut
1581 3589 1784 3642 fuerint
1804 3588 1968 3643 etiam

403 3676 526 3748 ejus
578 3677 647 3733 de
701 3678 914 3750 integro
965 3679 1273 3747 reddenda;
1324 3688 1380 3736 et
1429 3696 1541 3751 quo
1591 3681 1754 3736 etiam
1777 3681 1968 3736 eodem

400 3769 544 3842 ston
574 3770 888 3841 interpretis
915 3771 1232 3827 decurreret
1253 3781 1364 3826 tota
1392 3773 1588 3828 oratio.
1631 3792 1652 3826 ι
1692 3771 1968 3829 Hactenus

402 3863 516 3919 ille.
548 3862 646 3919 Est
668 3873 849 3921 autem
875 3864 1015 3920 liber
1043 3865 1358 3936 hujusmodi
1383 3866 1452 3921 ad
1508 3865 1739 3921 formam
1766 3866 1966 3936 dialogi

401 3957 750 4029 conscriptus
796 3958 942 4013 inter
988 3956 1430 4015 Valentinianum
1459 3966 1517 4015 et
1568 3957 1962 4025 Orthodoxum,

397 4064 564 4124 super
590 4052 941 4109 vexatissima
971 4055 1273 4124 quaestione
1302 4056 1367 4108 de
1391 4054 1590 4124 origine
1611 4054 1770 4108 mali:
1801 4053 1965 4108 adeo-

399 4160 530 4218 que,
557 4154 669 4217 quo
707 4146 914 4202 clarius
956 4146 1223 4203 orationis
1282 4153 1572 4203 contextus
1605 4145 1879 4217 procedat,
1908 4146 1964 4200 in

396 4239 641 4295 editione
662 4246 851 4296 nostra
871 4254 1136 4311 personas
1164 4239 1538 4309 colloquentes
1557 4239 1913 4295 distinximus
1945 4256 1960 4292 :

395 4328 708 4388 C'ombelisii
727 4332 1159 4398 observationes,
1176 4347 1296 4402 quae
1318 4332 1555 4402 primum
1584 4332 1742 4403 longe
1756 4345 1788 4384 a
1810 4337 1965 4385 textu

395 4414 696 4482 distabant,
728 4420 848 4474 suis
902 4434 1152 4491 quasque
1196 4420 1335 4476 locis
1358 4421 1725 4486 restituimus,
1755 4420 1965 4475 notulis

393 4509 676 4564 nonnullis
699 4510 903 4566 alicubi
929 4511 1220 4582 inspersis.
1256 4512 1412 4578 Quod
1456 4513 1674 4584 quidem
1706 4520 1762 4569 et
1790 4513 1847 4567 in
1875 4527 1955 4568 re.

2078 641 2311 708 videtur,
2342 641 2640 715 Theophila
2673 645 2911 711 cuidam,
2941 661 3103 716 quem
3133 645 3419 716 κράτιστον
3447 645 3633 716 appel-

2079 733 2155 787 lat
2217 734 2294 806 (τι)
2373 733 2429 788 In
2479 752 2544 791 eo
2592 748 2768 792 autem
2837 737 3171 792 inducuntur
3222 735 3528 793 Methodius
3579 746 3637 793 et

2079 824 2381 880 Auxentius
2413 841 2535 881 cum
2574 826 2895 898 Origenistis
2936 827 3131 885 Proclo
3171 836 3225 884 et
3261 828 3637 900 Aglaophonte

2080 917 2446 987 colloquentes
2478 934 2572 974 seu
2603 919 2960 990 disputantes.
2987 919 3104 975 1am
3129 920 3221 976 diu
3242 935 3490 992 magnam
3509 935 3639 990 par-

2081 1016 2188 1061 tem
2219 1009 2533 1079 deperditus
2552 1010 2798 1081 dialogus
2822 1012 2944 1068 iste.
2972 1012 3103 1082 Ejus
3131 1020 3310 1068 tamen
3331 1012 3641 1083 fragmenta

2081 1101 2218 1156 satis
2251 1103 2427 1173 ampla
2451 1111 2667 1158 exstant
2694 1114 2805 1157 tum
2836 1104 2979 1175 apud
2996 1103 3355 1174 Epiplranium
3386 1104 3484 1177 (ιι),
3522 1113 3639 1159 tum

2080 1193 2219 1263 apud
2248 1192 2500 1249 Photium
2536 1195 2630 1267 (c),
2667 1196 2761 1265 qui
2793 1204 2847 1251 et
2891 1212 2957 1251 ex
2992 1197 3181 1251 eodem
3213 1211 3378 1267 opere
3402 1212 3645 1267 compen—‘

2080 1287 2285 1341 diosam
2314 1288 2690 1355 expositionem
2718 1290 2981 1344 dictorum
3011 1292 3357 1362 quorumdam
3380 1290 3637 1361 apostoli-

2080 1395 2280 1443 corum,
2344 1378 2617 1436 Methodio
2673 1397 2799 1437 vere
2864 1382 3104 1453 dignam,
3174 1384 3334 1439 nobis
3379 1385 3636 1440 servavit.

2078 1469 2347 1525 Nonnulla
2381 1472 2509 1526 item
2548 1473 2689 1543 apud
2718 1471 2982 1529 Joannem
3015 1473 3407 1531 Damascenum
3441 1473 3519 1549 (Δ)
3542 1491 3638 1532 oc-

2079 1569 2326 1617 currunt.
2355 1560 2520 1617 Plura
2546 1564 2612 1620 de
2634 1565 2736 1620 hoc
2767 1581 2929 1636 opere
2965 1567 3175 1623 erudite
3207 1567 3460 1623 observat
3491 1568 3640 1622 Alla-

2080 1655 2188 1711 tius
2221 1652 2311 1726 (e).

2148 1747 2369 1803 Interim
2422 1763 2555 1803 vero
2604 1764 2765 1820 quem
2820 1749 3100 1821 sequimur
3151 1752 3414 1809 editorem
3451 1754 3639 1810 audia-

2080 1854 2202 1894 mus
2242 1839 2330 1910 (Γ).
2370 1858 2389 1892 c
2431 1840 2775 1912 Quanquam,
2817 1843 3015 1913 inquit,
3064 1843 3335 1900 insidebat
3398 1845 3637 1910 animus,

2008 1916 2049 1970 Β
2080 1938 2139 1985 ut
2171 1930 2513 1988 Methodiana
2542 1935 2724 1990 omnia
2756 1935 3065 2006 Epiphanii,
3094 1953 3220 1992 cum
3258 1938 3381 1994 aliis
3409 1954 3531 2009 qua:
3553 1952 3643 1995 oc-‘

2080 2025 2385 2081 currissent
2404 2027 2647 2095 ejusdem
2691 2026 2969 2094 Methodii,
3010 2030 3064 2084 in
3103 2045 3273 2085 unum
3332 2040 3643 2103 comperta;

2078 2130 2215 2182 rem,
2243 2118 2673 2189 nonnullamque
2702 2120 2756 2173 in
2785 2122 2871 2176 eis
2900 2123 3239 2192 corrigendis
3271 2139 3391 2195 quae
3445 2125 3639 2196 depra-

2077 2213 2203 2259 vata
2233 2206 2522 2261 admodum
2582 2206 2847 2272 viderem,
2879 2222 3099 2279 operam
3154 2224 3435 2280 ponerem,
3471 2211 3643 2267 inire-3

2077 2298 2155 2367 git
2183 2305 2362 2354 tamen
2386 2309 2636 2354 conatum
2659 2298 2841 2369 inopia
2859 2300 3143 2356 meliorum
3170 2300 3442 2366 codicum,
3473 2318 3640 2375 quam

2077 2390 2281 2459 quibus
2319 2398 2465 2446 esset
2496 2406 2630 2447 usus
2659 2391 3017 2461 politissimus
3059 2393 3330 2464 interpres
3352 2394 3644 2467 Epiphanii

2075 2481 2332 2541 Petavius
2351 2482 2408 2539 S.
2433 2482 2508 2549 1.,
2543 2500 2717 2554 eoque
2739 2484 2875 2541 satis
2900 2501 2931 2541 e
2953 2500 3013 2541 re
3038 2485 3307 2542 facturum
3351 2487 3503 2554 duxi,
3527 2504 3639 2546 mo-

2076 2573 2148 2630 do
2179 2589 2241 2630 ea
2276 2582 2487 2629 tantum
2517 2590 2584 2629 ex
2625 2574 2765 2629 libro
2792 2574 2884 2630 illo
2935 2573 3013 2629 De
3049 2576 3449 2643 resurrectione,
3474 2588 3639 2648 quem

2074 2668 2296 2723 circiter
2318 2667 2555 2722 medium
2594 2666 2956 2738 exscripsisse
2975 2682 3035 2724 se
3072 2668 3191 2739 ipse
3220 2668 3490 2740 signiﬁcat
3509 2668 3640 2742 Epi-

2073 2761 2311 2832 phanius
2365 2759 2432 2814 ad
2482 2759 2665 2825 ﬁnem,
2703 2760 2769 2815 de
2802 2774 2944 2815 novo
2996 2759 3233 2826 ederem,
3266 2776 3389 2832 qua
3442 2762 3641 2819 veles-

2074 2860 2197 2907 sent
2226 2866 2368 2907 nova
2403 2859 2457 2906 et
2504 2851 2787 2915 ἀνέκδοτα,
2815 2851 2901 2906 vel
2959 2858 3020 2906 ut
3058 2867 3222 2916 nova,
3258 2852 3649 2908 emendatione

2074 2950 2256 2998 textus
2284 2957 2388 3013 ope
2419 2942 2671 2997 codicum
2721 2941 3031 3007 meliorum,
3084 2954 3332 3011 novaque
3372 2942 3645 3013 quodama

2074 3033 2257 3097 modo,
2308 3032 2758 3102 interpretatione
2778 3040 2991 3095 nostra,
3025 3029 3201 3086 videri
3240 3037 3486 3101 possent.
3524 3029 3640 3086 Du-

2071 3126 2199 3198 plici
2229 3124 2298 3181 ad
2327 3126 2432 3182 hoc
2457 3125 2645 3181 codice
2660 3125 2746 3181 usi
2775 3136 2988 3191 sumus,
3017 3124 3189 3180 altero
3219 3125 3642 3182 eminentissimi

2073 3217 2370 3274 cardinalis
2422 3217 2813 3287 Rupil‘ucaldii,
2852 3232 2964 3288 quo
3019 3217 3211 3289 grandi
3243 3217 3520 3274 volumine
3570 3232 3645 3274 ac

2072 3311 2395 3381 perantiquo
2424 3310 2694 3365 habentur
2743 3308 3019 3364 Elementa
3072 3308 3430 3376 Damasceni;
3464 3310 3643 3365 altero

2072 3402 2138 3458 Β.
2171 3400 2235 3457 Ρ.
2272 3400 2551 3457 Sirmond‘i
2601 3400 2659 3456 S.
2684 3399 2734 3454 Ι.
2768 3409 2822 3455 et
2867 3401 2987 3470 ipso
3035 3401 3279 3470 antiquo,
3344 3402 3643 3458 collectore

2072 3508 2344 3565 anonymo
2396 3494 2659 3548 adversus
2707 3490 3099 3562 Eutychianos,
3151 3507 3251 3547 sua
3298 3493 3419 3562 ipso
3469 3508 3638 3549 manu

2068 3586 2414 3642 exscribeute
2439 3584 2844 3654 humaniusque
2874 3591 3216 3655 suggerente,
3246 3599 3346 3659 pro
3375 3597 3476 3639 sua
3519 3585 3637 3654 illa,

2069 3678 2218 3735 omni
2254 3678 2417 3733 modo
2442 3676 2781 3732 illustrandae
2811 3676 3153 3747 antiquitatis
3204 3692 3306 3732 suo
3346 3677 3636 3748 alienoque

2067 3771 2278 3828 calamo
2306 3810 2326 3839 ,
2370 3781 2561 3841 vegeta
2619 3771 2676 3824 in
2732 3769 2887 3826 senili
2920 3783 3149 3841 corpore
3184 3772 3570 3841 propensione.
3609 3790 3635 3827 ι

2065 3861 2236 3919 Porro
2282 3863 2427 3918 idem
2455 3861 2653 3926 editor,
2684 3861 2750 3916 ad
2781 3869 3039 3932 excerpta
3077 3860 3342 3917 Photiana
3367 3863 3514 3935 quod
3553 3872 3638 3919 at-

2064 3956 2224 4025 tinet,
2288 3956 2405 4010 haec
2456 3954 2641 4010 subdit
2670 3952 2783 4025 (g):
2837 3973 2858 4006 ι
2912 3952 3207 4010 Videamur
3259 3954 3401 4011 forte
3450 3963 3637 4012 actum

2065 4060 2246 4117 agere,
2270 4046 2362 4115 qui
2388 4043 2735 4099 Methodiana
2767 4043 2881 4098 haec
2911 4043 3024 4113 jam
3080 4043 3227 4109 data,
3256 4044 3388 4100 dare
3432 4047 3637 4101 iterum

2062 4150 2443 4209 procuramus.
2502 4135 2690 4193 Fuerit
2747 4140 3138 4206 nihilominus,
3189 4147 3253 4196 ut
3301 4142 3635 4200 accuratiori

2064 4244 2248 4301 Opera,
2303 4229 2487 4301 qualis
2516 4230 2630 4287 fere
2667 4239 2752 4287 est
2812 4233 3061 4303 angustis
3117 4233 3363 4290 terminis
3383 4234 3631 4303 deﬁnita,

2062 4323 2189 4379 novi
2210 4323 2414 4394 aliquid
2445 4324 2770 4380 illustrando
2819 4324 3092 4382 Metltodio
3122 4334 3337 4393 nostro,
3399 4328 3524 4384 aliis
3546 4329 3631 4384 vel

2061 4416 2306 4485 neglecta
2356 4417 2443 4472 vel
2488 4418 2673 4472 minus
2720 4426 3026 4489 perspecta,
3081 4418 3189 4474 alio
3243 4418 3632 4476 festinantibus

2063 4506 2438 4577 grandiusque
2467 4507 2824 4564 molientibus
2848 4522 3008 4580 opus.
3042 4509 3409 4565 inveniamus.
3442 4511 3635 4582 Itaque

395 4592 561 4665 liquis
578 4615 678 4657 nos
702 4601 1047 4671 praestitisse,
1083 4604 1175 4659 hic
1201 4605 1371 4660 semel
1395 4603 1672 4660 indicasse
1707 4603 1956 4659 sumciat.
1991 4614 2034 4669 ι)
2063 4613 2258 4653 novam
2312 4600 2623 4655 versionem
2674 4597 2828 4671 (num
2854 4614 2976 4654 eam
3008 4600 3280 4669 inutilem,
3331 4601 3426 4656 alii
3455 4617 3515 4657 re
3541 4602 3631 4656 in-

466 4684 533 4741 V.
559 4685 877 4757 Sequuntur
903 4705 1161 4765 excerpta
1185 4711 1253 4751 ex
1290 4695 1434 4752 libro
1468 4695 1545 4751 De
1575 4696 1957 4751 resurrectione

391 4786 584 4834 contra
617 4778 924 4852 Origenem,
960 4802 1121 4858 quem
1161 4796 1390 4844 sanctus
1431 4788 1793 4861 Hieronymus
1827 4801 1954 4856 opus

390 4872 656 4941 earegium
687 4874 942 4945 appellat.
971 4876 1250 4934 Laudatur
1273 4880 1412 4937 etab
1437 4878 1724 4935 Eustathio
1771 4879 1955 4935 Antio-

389 4964 565 5021 cheno
608 4965 697 5021 his
744 4967 923 5022 verbis
948 4967 1021 5039 (ι)
1053 4988 1069 5025 :
1118 4971 1378 5037 Μεθόδιος
1409 4973 1438 5024 ὁ
1464 4974 1564 5043 τῆς
1609 4971 1768 5040 ἁγίας
1807 4970 1953 5035 ἅξιος

391 5059 630 5130 μνήμης,
658 5057 896 5130 ἔγραψεν
916 5058 1281 5131 ἀποχρώντως
1304 5066 1385 5128 εἰς
1408 5064 1527 5117 τόδε
1563 5063 1625 5117 τὸ
1649 5061 1909 5135 θεώρημα
1933 5103 1948 5128 ,

386 5166 444 5206 κ.
468 5169 519 5205 τ.
547 5150 598 5204 λ.
631 5150 688 5205 ld
710 5160 816 5216 est,
856 5151 1052 5208 Allatio
1071 5154 1361 5224 interprete
1398 5175 1416 5207 ς
1446 5175 1459 5210 :
1491 5154 1794 5211 Methodius
1820 5170 1949 5210 san-

386 5246 488 5295 ctae
525 5241 799 5296 memoriae
835 5240 891 5296 in
923 5241 1056 5297 illud
1077 5244 1365 5313 quaesitum
1397 5246 1532 5303 satis
1562 5246 1779 5302 abunde
1807 5246 1947 5301 scri-

385 5331 516 5402 psit,
552 5351 574 5385 )
609 5341 717 5388 etc.
750 5332 816 5387 Et
845 5334 993 5390 hunc
1007 5351 1228 5407 quooue
1262 5337 1460 5393 librum
1486 5338 1555 5394 ad
1582 5337 1813 5396 formam
1839 5338 1955 5394 dia-r

479 5466 527 5544 υ)
549 5467 870 5544 Q9mbel'._in
886 5478 1015 5544 _not.
1042 5472 1107 5526 ad
1129 5471 1389 5537 Method.,
1414 5490 1471 5544 ι).
1498 5474 1629 5529 462.»

477 5538 534 5606 ai)
568 5538 765 5595 Meurs.
793 5541 846 5593 in
886 5539 1095 5598 Varior.
1126 5545 1285 5600 divin.
1318 5538 1476 5600 libro.

474 5608 508 5679 ν
560 5608 884 5735 gholt.glibs
911 5613 1033 5668 cod.
1066 5628 1317 5671 ccxxxvt.

476 5608 530 5821 εξ
552 5694 1196 5821 uati-natent:
1213 5687 1413 5821 ait:

453 5681 530 5823 ξιξ
560 5681 807 5737 Eustath.
833 5681 913 5735 De
940 5694 1194 5806 erigitur”
1225 5701 1279 5756 p.
1309 5687 1433 5743 39.5,

383 5767 507 5877 ⁸9οῗ
552 5749 786 5808 Mcthod.
816 5755 957 5823 apud
1022 5758 1340 5830 ptph.,0pp.
1366 5766 1498 5815 tom.
1524 5757 1564 5827 Ι,
1592 5758 1790 5832 p.540,
1813 5759 1940 5825 56?,

451 5889 526 5979 (ρ)
554 5889 745 5959 Epiph.
773 5892 920 5949 Ha'r.
950 5910 1094 5953 utr.

2063 4696 2249 4759 specta
2303 4690 2625 4763 collatisque
2667 4692 2923 4748 omnibus
2954 4692 3295 4766 censuerint)
3321 4693 3388 4749 ad
3437 4693 3626 4750 Graeca

2060 4796 2473 4855 componemus,
2532 4783 2872 4856 subindeque
2922 4786 3254 4852 notabimus,
3280 4787 3328 4842 si
3383 4786 3514 4857 quid
3559 4801 3626 4844 ex

2059 4875 2204 4939 aliis,
2231 4876 2538 4947 praesertim
2563 4876 3103 4945 Methodianis,lucis
3128 4878 3334 4950 aliquid
3359 4894 3427 4935 ex
3456 4878 3626 4934 colla-

2057 4966 2208 5023 tione
2240 4966 2432 5024 afferre
2452 4969 2644 5039 possit.
2678 4968 2950 5027 Habemus
2976 4978 3174 5042 praeter
3190 4972 3454 5042 impressa
3483 4969 3627 5026 Pho-

2056 5059 2143 5124 tii,
2194 5061 2359 5115 etiam
2416 5063 2693 5134 exscripta
2728 5063 2869 5119 “olim
2896 5062 3017 5121 aR.
3047 5062 3111 5120 P.
3154 5062 3467 5128 Sirmondo,
3504 5079 3627 5135 quae

2056 5152 2270 5222 possint
2301 5153 2426 5207 usui
2454 5168 2603 5212 esse.
2633 5172 2655 5207 ι

2130 5243 2245 5300 Huc
2271 5261 2443 5316 usque
2468 5245 2834 5304 Combelisius
2858 5267 2872 5303 :
2904 5249 2998 5320 qui
3030 5248 3287 5319 deinceps
3317 5249 3501 5305 nobile
3528 5265 3626 5305 ex—

2053 5344 2300 5407 cerptum
2330 5353 2396 5392 ex
2420 5337 2615 5393 eodem
2645 5339 2787 5395 libro
2814 5339 2892 5394 De
2924 5341 3321 5403 resurrectione,
3363 5339 3624 5412 deprom~

2151 5476 2200 5538 ε)
2233 5473 2391 5530 Phot.
2436 5474 2574 5529 Bibl.
2617 5476 2738 5532 cod.
2774 5492 3023 5533 ccxxxrv.

2151 5480 2200 5538 ε)
2236 5480 2391 5530 Phot.
2436 5480 2574 5529 Bibl.
2617 5480 2738 5532 cod.
2774 5492 3023 5533 ccxxxrv.

2125 5480 2384 5670 @éloan.
2417 5545 2667 5604 Damasc.
2714 5560 2856 5603 orat.
2885 5549 2919 5602 .‘5
2950 5547 3028 5602 De
3051 5548 3293 5619 imagin.,
3322 5565 3448 5621 opp.
3481 5560 3522 5607 t.
3547 5547 3622 5614 v.-

2050 5617 2379 5757 ν’(ΞδδἏιιει.
2427 5685 2601 5742 Diatr.
2645 5689 2710 5743 de
2765 5688 2999 5746 Met/rod.
3068 5691 3251 5760 script.
3290 5708 3414 5765 pag.
3472 5690 3622 5757 554,

2047 5772 2460 5903 θεῗῧᾯρῃῴεῐ.
2498 5829 2694 5903 ἰηληρι.
2732 5832 2799 5887 ad
2822 5831 3057 5889 Methud.
3086 5848 3139 5903 p.
3171 5832 3298 5888 449.

2120 5902 2193 5971 (g)
2228 5898 2364 5954 ibid.
2399 5915 2520 5974 pag.
2550 5899 2675 5957 ωε.
