4140 6460
556 415 621 471 n
1496 389 1566 399 ”
1740 389 2543 472 νΕτΕΒυΜὛΕδΤιΜοΝιΑ.
2620 386 2645 392 ”
2819 385 2835 394 ’
3006 385 3011 389 ’
3696 422 3763 475 is

558 519 579 591 ἆ
618 540 913 604 rissimum,
940 538 1033 610 qui
1078 538 1179 594 sub
1221 536 1557 609 Diocletiano
1591 541 1835 611 martyrii
1867 541 2097 610 palmam

2201 541 2301 610 ρᾶς
2315 537 2481 613 ,ἕξεως
2506 539 2924 623 sntctfusﬁacuqi,
2950 538 3010 593 τὸ
3034 539 3371 623 σταυροειδὲς
3390 508 3765 623 ⁷παροὶὶζοξῒιξβαξ

556 646 577 683 c
612 631 838 701 adeptus
865 639 967 695 est,
988 647 1108 686 cum
1132 630 1229 686 iste
1246 639 1430 688 noster
1456 624 1760 686 meminerit
1786 633 2099 687 vexillorum

557 742 578 776 ι
616 738 647 778 a
675 723 996 779 Christianis
1018 724 1499 794 imperatoribusin
1519 724 1932 780 formamcrucis
1955 740 2103 780 com-

558 832 577 864 ι
620 822 945 867 mutatorum
974 833 987 868 :
1015 813 1081 869 de
1108 830 1213 883 qua
1245 815 1541 870 mutatione
1560 806 1665 870 sub
1681 814 2005 871 Diocletiano
2035 832 2103 871 ne

558 921 578 955 ι
617 905 837 973 cogitari
861 905 1329 976 quidemeoeptum
1359 913 1495 972 erat,
1530 907 1781 963 omnibus
1808 909 1985 963 adhuc
2011 924 2106 979 pu-

558 1012 577 1046 r
618 995 770 1050 blieis
806 997 937 1052 locis
959 998 1026 1052 ab
1050 998 1352 1075 idoiolatria
1380 999 1677 1069 occupatis.
1717 1019 1736 1052 ι

621 1085 828 1152 Quibus
849 1086 1078 1145 Allatius
1111 1090 1324 1160 reponit
1358 1109 1370 1143 :
1412 1108 1431 1140 ι
1467 1089 1532 1143 Et
1570 1090 1924 1145 nihilominus
1962 1089 2102 1145 idem

549 1175 832 1235 Gretserus
865 1181 1202 1249 apertissime
1232 1182 1364 1236 dicit
1388 1181 1483 1261 (y),
1511 1192 1637 1261 ante
1662 1183 2102 1246 Constantinum,

549 1280 792 1339 tempore
815 1271 1034 1337 Justini,
1063 1272 1383 1330 Tertulliani
1405 1258 1475 1330 et.
1508 1258 1730 1329 Minucii
1770 1274 1988 1340 Felicis,
2023 1290 2108 1330 ve-

549 1362 679 1417 xilla
702 1350 959 1417 militaria
983 1364 1094 1433 jam
1122 1366 1303 1422 crucis
1358 1369 1593 1436 speciem
1644 1366 1936 1422 retulisse:
1970 1366 2104 1421 adeo

553 1460 612 1509 ut
642 1455 731 1510 isti
761 1462 871 1511 tres
895 1446 1189 1527 scriptores
1233 1458 1491 1513 audacter
1520 1457 1753 1513 ethnicis
1782 1457 2101 1526 objecerint,
2152 1496 2177 1504 ..

551 1548 701 1618 ipsos
755 1549 945 1610 eodem
1002 1550 1229 1606 crimine
1287 1551 1461 1606 teneri
1493 1566 1616 1605 cum
1677 1550 2026 1612 Christianis,
2060 1549 2106 1604 si

547 1654 770 1695 crucem
826 1642 1005 1697 colere
1037 1642 1246 1697 crimen
1298 1650 1463 1723 esset,
1494 1651 1699 1709 cumet
1754 1642 1858 1712 ipsi
1885 1657 2106 1696 crucem

548 1732 730 1815 colant
751 1740 804 1788 et
837 1734 1084 1798 adorent,
1112 1734 1339 1790 colendo
1382 1741 1436 1789 et
1462 1734 1737 1815 adorando
1792 1734 1945 1803 signa
1973 1732 2109 1786 mili-

548 1808 729 1877 taria:
763 1814 828 1877 Et
876 1824 1031 1895 longe
1077 1835 1201 1880 ante
1253 1808 1598 1881 Constantini
1653 1831 1864 1879 aetatem
1891 1832 2105 1880 exstare

2202 612 2383 686 νεσθοιι
2403 612 2931 702 αἰσθόμεκᾶὸίσχῆμα,
2956 629 3022 683 τὰ
3058 621 3360 702 καλούμενα.
3378 635 3442 702 τῇ
3487 612 3766 702 Ῥωροἱῖκῆ

2202 702 2460 793 διαλέκτῳ
2512 712 2732 794 βήξιλλά
2780 712 3212 795 ὲμηχάνὴσαντο,
3258 739 3313 775 κ.
3336 739 3385 775 τ.
3408 722 3459 775 λ.
3491 714 3614 777 Hoc
3631 728 3717 778 est
3732 712 3759 778 ἐ

2209 813 2347 867 Hinc
2366 816 2702 884 imperatores
2750 816 2840 885 qui
2892 815 3030 868 hisce
3058 815 3115 867 in
3147 812 3275 867 locis
3310 814 3586 881 imperant,
3648 814 3764 869 sive

2205 906 2369 959 etiam
2396 906 2570 971 si'vis,
2597 908 2764 962 nostri
2808 904 3025 976 (nempe
3054 906 3147 976 qui
3196 905 3353 961 nobis
3374 905 3759 972 dominantur;

2205 994 2349 1063 quod
2378 1003 2554 1064 potest
2574 995 2799 1066 intelligi
2824 996 2985 1050 etiam
3032 995 3098 1050 de
3129 994 3364 1050 ethnicis
3401 1013 3414 1049 :
3461 992 3762 1048 Christiani

2204 1086 2347 1139 enim
2403 1068 2526 1142 ante
2581 1067 2999 1143 Constantinum
3049 1086 3467 1158 imperatoribus
3531 1084 3762 1140 ethnicis

2205 1176 2567 1233 subdebantur
2592 1179 2804 1249 illisque
2828 1178 3195 1256 obediebant),
3223 1195 3340 1234 cum
3371 1178 3599 1232 uiderent
3628 1178 3763 1247 ﬁgu-

2150 1262 2175 1293 ⁵
2206 1292 2323 1330 ram
2373 1275 2542 1326 crucis
2588 1264 2799 1327 'assumi
2849 1271 2917 1326 ad
2963 1272 3205 1326 universa
3257 1271 3402 1325 mala
3427 1269 3759 1339 dissipanda,

2156 1381 2163 1409 ἐ
2206 1384 2320 1441 quae
2358 1365 2593 1420 Romano
2631 1380 2867 1418 sermone
2894 1363 3090 1419 vexilla
3138 1371 3526 1432 nuncupantur,
3556 1363 3763 1430 excogi-

2209 1466 2407 1524 tarunt,
2437 1467 2540 1512 etc.
2571 1455 2879 1525 Licetergo
2902 1454 3085 1510 omnia
3139 1455 3261 1509 leca
3294 1455 3396 1511 sub
3427 1454 3759 1510 Diocletiano

2208 1549 2511 1625 idololatria
2539 1555 2851 1618 occuparet,
2869 1532 3089 1625 ethnici
3116 1561 3183 1600 ex
3204 1561 3353 1602 more
3373 1561 3495 1613 suo,
3516 1546 3764 1621 nescien-

2210 1624 2446 1716 tes'rquid
2476 1639 2732 1703 facerent,
2764 1624 2967 1694 vexilla
2988 1636 3266 1692 eﬁ'ormata
3302 1638 3359 1692 in
3380 1638 3606 1692 formam
3636 1651 3762 1691 cru-

2209 1734 2289 1789 cis
2320 1733 2709 1798 conﬁciebant;
2743 1747 2971 1801 quorum
3024 1746 3146 1800 ope,
3184 1729 3340 1800 signo
3393 1744 3584 1798 nempe
3615 1743 3679 1783 ac
3701 1728 3763 1783 ﬁ-

2209 1842 2340 1896 gura
2361 1808 2567 1889 crucis,
2597 1831 2657 1877 ut
2678 1822 2981 1878 Christiani
3010 1822 3201 1877 Patres
3247 1820 3759 1890 interpretabantur,

547 1928 803 1968 nummos
859 1904 1111 1981 excuses,
1142 1914 1233 1984 qui
1276 1914 1472 1971 vexilla
1503 1896 1757 1968 militaria
1822 1914 1876 1966 in
1923 1913 2103 1968 crucis
2134 1894 2176 1948 Β
2205 1916 2366 1971 noxia
2402 1901 2779 1981 amolirentur,
2815 1923 3113 1985 Ietcuncta
3159 1929 3419 1985 prospera
3465 1929 3765 1984 conseque-

549 2003 785 2072 speciem
806 2004 1082 2060 eﬁormata
1111 2014 1471 2060 continerent.
1509 2005 1647 2059 Hinc
1673 2013 1900 2059 conatur
1952 2014 2103 2073 post-

547 2091 766 2146 modum
790 2094 1141 2163 respondere,
1172 2094 1443 2164 quomodo
1473 2090 1865 2148 Constantinus
1894 2093 2106 2145 dicatur

546 2180 817 2239 Labarum
840 2185 895 2239 in
930 2201 1146 2241 erucem
1182 2193 1567 2265 commutasse,
1597 2185 1643 2240 si
1667 2185 1819 2257 signa
1849 2184 2106 2239 militaria

497 2264 501 2269 ’
545 2271 699 2342 prius
726 2271 949 2328 formam
970 2276 1148 2329 crucis
1180 2291 1287 2344 prae
1313 2289 1372 2329 se
1396 2274 1657 2329 ferebant.

615 2361 770 2429 Quod
801 2365 846 2418 si
878 2366 1049 2419 multo
1079 2373 1205 2421 ante
1236 2365 1579 2421 Constantini
1600 2372 1814 2420 aetatem
1850 2364 2106 2419 militaria

543 2456 739 2510 vexilla
766 2457 1107 2512 ethnicorum
1133 2456 1354 2527 ﬁguram
1386 2434 1568 2513 crucis
1596 2446 1712 2527 pra:
1742 2473 1800 2513 se
1839 2457 2102 2521 ferebant,

543 2544 717 2614 potuit
746 2545 1029 2599 commode
1063 2543 1374 2602 Patarensis
1421 2539 1725 2602 Methodius
1777 2562 1962 2601 eorum
1991 2563 2106 2603 me-

542 2636 794 2702 minisse;
854 2652 1028 2707 neque
1076 2639 1145 2694 ob
1192 2639 1333 2693 hanc
1390 2654 1613 2695 causam
1660 2632 1776 2694 illa.
1805 2639 2105 2711 fragmenta

544 2725 818 2784 Methodio
867 2729 1184 2800 deneganda
1241 2738 1391 2797 sunt,
1431 2747 1554 2785 cum
1596 2747 1664 2786 ex
1720 2732 1892 2801 ipsius
1924 2733 2103 2788 verbis

544 2818 693 2873 nullo
725 2818 884 2874 modo
909 2821 1157 2875 eliciatur
1185 2836 1308 2876 eum
1333 2822 1400 2877 de
1454 2821 1785 2877 Christianis
1811 2823 2105 2893 imperato-

542 2912 696 2979 ribus
737 2915 898 2969 verba
959 2913 1152 2971 facere.
1202 2915 1374 2971 Locus
1417 2915 1795 2972 Methodianus
1836 2918 2100 2988 ejusmodi

542 3012 626 3063 est
657 2994 777 3078 (1).:
838 3006 1114 3063 Ἐντεῦθεν
1155 3010 1203 3061 οἱ
1246 3009 1371 3080 τῇδε
1414 3008 1683 3079 βασιλεῖς,
1717 3010 1898 3081 πάσης
1935 3025 2102 3079 πονη-

553 3170 563 3272 ζ
612 3180 690 3304 Si!)
721 3180 900 3239 Grelso
928 3191 1058 3238 ιοηι.
1093 3183 1115 3236 ῐ
1177 3184 1248 3239 De
1282 3202 1449 3252 cruce,
1481 3187 1576 3241 lib.
1603 3201 1663 3251 ιι,
1697 3156 1813 3256 cap.
1841 3187 1927 3241 59,

637 3252 684 3304 zl
719 3252 953 3304 Method.
978 3254 1118 3304 hom.
1145 3255 1209 3304 de
1236 3272 1406 3304 cruce-

637 3252 684 3311 ι)
719 3252 953 3315 Method.
978 3254 1118 3309 hom.
1145 3255 1209 3307 de
1236 3272 1406 3317 cruce.

633 3321 687 3389 a)
721 3320 929 3379 Tillem.
967 3322 1128 3379 lem.
1167 3334 1296 3382 tom.
1326 3325 1392 3393 V,
1422 3342 1477 3397 p.
1509 3326 1613 3380 472
1647 3342 1760 3397 seq.

2203 2015 2410 2062 rentur.
2442 2006 2533 2061 Sic
2559 1994 2752 2061 horum
2771 1996 3191 2078 fragmentorum
3224 1994 3333 2060 non
3359 2012 3443 2062 est
3474 2020 3571 2060 cur
3596 2005 3763 2059 alium

2154 2096 2537 2151 “:Methodium
2594 2111 2625 2149 a
2684 2094 2965 2150 Patarensi
3024 2110 3332 2166 quaeramus
3380 2102 3676 2149 auctorem.
3738 2112 3757 2144 ι

2205 2181 2482 2264 Hactenus
2528 2182 2779 2239 Allatius.
2823 2184 3022 2238 Allatio
3055 2183 3322 2237 accedunt
3380 2182 3762 2239 Tillemontius

2208 2273 2307 2347 (a),
2349 2282 2400 2329 et
2428 2273 2637 2329 Caveus
2668 2273 2763 2345 (b).
2798 2274 2867 2327 At
2897 2273 3180 2331 Fabricius
3209 2275 3350 2329 hanc
3375 2275 3650 2329 homiliam
3688 2274 3765 2330 De

2167 2439 2189 2449 η
2205 2382 2357 2419 cruce
2382 2350 2777 2448 Meth'odioCP.
2797 2364 3173 2449 attribuit.(c);
3208 2366 3413 2419 nullum
3437 2374 3616 2421 tamen
3642 2366 3765 2422 atl‘e-

2205 2474 2333 2513 rens
2361 2442 2760 2530 argumentum,
2788 2472 2896 2528 quo
2920 2472 3072 2513 suam
3098 2442 3425 2513 “sententiam
3457 2459 3759 2515 conﬁrmet.

2274 2549 2448 2620 Atque
2470 2550 2584 2604 haec
2610 2549 2679 2606 de
2713 2565 2909 2621 magno
2931 2548 3208 2606 Methodio
3241 2540 3494 2622 episcopo
3523 2558 3577 2607 et
3624 2566 3763 2606 mar-

2204 2650 2324 2714 tyre
2382 2643 2537 2698 satis.
2591 2642 2672 2697 Ad
2719 2642 2928 2713 reliqua
2975 2641 3118 2697 enim
3164 2642 3408 2713 subjecta
3462 2641 3761 2713 fragmenta

2205 2734 2350 2804 quod
2397 2734 2608 2797 attinet,
2662 2733 2796 2788 nihil
2843 2740 3003 2805 estin
3038 2743 3291 2804 promptu
3338 2734 3483 2804 quod
3513 2733 3761 2804 profera-

2206 2843 2346 2891 mus,
2387 2835 2579 2899 praeter
2607 2835 2889 2882 auctorum
2926 2826 3419 2883 ecclesiasticorum
3461 2827 3580 2883 loca
3618 2826 3762 2883 unde

2206 2921 2297 2975 illa
2318 2920 2728 3001 descripsimus,
2761 2936 2882 2991 quae
2916 2921 3208 2991 unicuique
3250 2917 3570 2990 prmﬁgenda
3603 2935 3762 2974 cura-

2207 3031 2311 3070 Vllll
2320 3032 2402 3071 ιιε.

2278 3191 2352 3262 (ὁ)
2390 3193 2520 3247 Cav.
2558 3193 2697 3249 Hist.
2734 3193 2846 3262 littL
2872 3192 2937 3247 ad
2963 3190 3244 3262 δοκι-290,
3281 3189 3483 3262 p.155.

2222 3284 2225 3287 ·
2258 3258 2346 3336 ,(σ)
2378 3263 2591 3319 Fabric.
2633 3263 2773 3318 Bibl.
2806 3260 2899 3318 Gr.
2926 3271 3056 3317 tom.
3085 3258 3154 3328 Ἴ,
3187 3277 3241 3331 p.
3275 3258 3401 3314 260.

1394 3580 1401 3588 '
1456 3544 2032 3689 VETEBUM
2105 3537 2913 3667 TESTIMONIAV

1373 3776 1462 3831 DE
1522 3774 1579 3832 s.
1647 3773 1999 3859 METHODIO
2059 3773 2392 3831 EPISCOPO
2448 3774 2535 3829 ET
2601 3774 2953 3857 MARTYRE.

1130 4118 1189 4174 S.
1218 4118 1567 4175 HIEBONYIIIJS
1602 4116 1679 4174 De
1705 4121 1807 4176 vir.
1829 4119 2027 4176 illustr.
2049 4133 2162 4174 σαν.
2188 4118 2277 4184 85,
2305 4133 2423 4172 cum
2461 4126 2625 4171 vetere
2652 4116 2930 4186 interprete
2954 4113 3158 4173 Graeco.

592 4220 863 4297 ¹Μεθόδιος
911 4231 986 4305 (α)
1026 4233 1296 4305 Ὀλύμπου
1346 4235 1570 4301 Λυκίας,
1619 4236 1712 4290 καὶ
1762 4236 1897 4307 μετὰ
1927 4235 2125 4289 ταῦται

2212 4248 2219 4257 '
2270 4230 2597 4295 Methodius,
2627 4229 2840 4302 Olympi
2869 4229 3047 4302 Lycia:
3069 4236 3124 4285 et
3164 4236 3348 4300 postea
3375 4229 3504 4303 Tyri
3543 4234 3757 4305 episco-

537 4324 712 4395 Τύρου
735 4324 1073 4390 -ὲπισκοπος,
1105 4324 1355 4398 λαμπροῦ
1398 4327 1493 4382 καὶ
1542 4328 1895 4400 συγκειμένου
1942 4327 2097 4396 λόγου

2201 4341 2324 4398 pus,
2348 4324 2504 4379 nitidi
2544 4323 2938 4393 compositique
2970 4323 3239 4380 sermonis
3259 4361 3274 4387 ,
3315 4324 3589 4379 adversum
3622 4318 3761 4373 Por-

536 4415 686 4469 κατὰ
723 4416 1058 4484 Πορφυρίου
1098 4417 1351 4482 συνέταξε
1390 4418 1553 4490 τεύχη
1575 4435 1589 4449 ο
1625 4420 1717 4473 καὶ
1754 4420 2101 4488 Συμπόσιον

2200 4417 2446 4488 phgrium
2477 4413 2710 4470 coniecit
2741 4414 2911 4469 libros
2937 4422 3025 4481 ;et
3058 4412 3391 4484 Symposium
3439 4413 3613 4468 decem
3650 4415 3758 4468 vir-

536 4502 679 4558 δέκα
717 4496 1024 4573 παρθένων
1040 4521 1055 4537 ο
1102 4507 1242 4576 Περὶ
1284 4504 1670 4575 ἀναστάσεως
1694 4509 1846 4578 λόγον
1880 4509 2099 4583 ἄριστον

2197 4511 2375 4581 ginum
2392 4498 2418 4573 ;’
2439 4507 2516 4562 De
2560 4507 2939 4561 resurrectione
2958 4520 3094 4576 opus
3116 4506 3392 4577 egregium
3423 4513 3612 4560 contra
3641 4503 3760 4563 Ori-

539 4596 676 4648 κοιτὰ
714 4596 1018 4667 Ὠριγένους
1040 4614 1053 4629 ο
1106 4598 1246 4652 κατὰ
1284 4598 1376 4652 τοῦ
1422 4600 1585 4653 αὐτοῦ
1622 4602 1763 4670 Περὶ
1790 4604 2098 4657 Ilvam-[0'-

537 4694 673 4747 σης,
700 4684 791 4735 καὶ
815 4686 951 4752 Περὶ
983 4686 1375 4752 αὐτεξουσίου
1395 4707 1408 4720 ·
1439 4692 1526 4756 εἰς
1571 4689 1684 4759 τὴν
1724 4694 1980 4747 Γένεσίν
2014 4711 2094 4759 τε,

537 4770 631 4823 καὶ
656 4773 741 4837 εὶς
783 4772 856 4826 τὰ
883 4777 1141 4845 ’ᾼσματα
1182 4778 1299 4831 τῶν
1344 4779 1629 4849 ᾀσμάτων
1664 4780 2091 4851 Ύπομνήματα,

608 4903 683 4973 (a)
729 4903 1065 4987 Eademhfere
1118 4925 1181 4964 ac
1204 4911 1395 4967 iisdem
1420 4913 1599 4971 verbis
1624 4913 1861 4987 _Suidas,
1889 4918 2095 4987 exscri-

536 4974 670 5031 bens
693 4983 746 5056 (ξι
767 4978 883 5056 ipse
900 4975 1314 5056 Hieronymum;
1341 4991 1549 5056 tantum
1571 4984 1769 5056 adjecit
1791 4974 1858 5039 ad
1886 4986 2095 5056 Ὀλύμ-

536 5056 655 5124 {Iov
682 5046 908 5124 Λυκίας
946 5048 1036 5112 τὸ,
1076 5046 1208 5124 ἥξοι
1258 5052 1562 5121 Πατάρων.
1595 5046 1921 5124 Signiﬁcans
1941 5046 2093 5112 eam-

538 5115 657 5195 dem
721 5122 952 5196 utroque
1009 5115 1222 5196 nomine
1269 5115 1445 5196 notari
1500 5115 1792 5188 civitatem,
1842 5128 2000 5196 cujus
2024 5128 2091 5190 is,

537 5187 851 5266 priusquam
877 5187 1263 5266 transferretur
1275 5193 1501 5266 Tyrum,
1522 5187 1890 5265 episcopatum
1907 5187 2094 5266 ξοδεοὲ

537 5258 609 5337 rit
634 5273 647 5308 :
672 5268 915 5337 necesse
947 5258 1112 5337 alium
1164 5258 1493 5337 Methodium
1528 5258 2093 5337 quem-Hieronymus

533 5322 984 5411 digeritOlymp‘i,
1003 5336 1076 5411 e_t_
1089 5345 1247 5396 quem
1272 5331 1442 5411 Graeci
1471 5322 1759 5411 celebrant
1772 5322 2092 5411 Patararuni

533 5397 870 5477 episcopum:
904 5397 1281 5477 Equidemne
1292 5404 1584 5477 vestigium
1612 5407 1761 5473 potui
1789 5407 2094 5474 deprehen-

535 5463 663 5548 dere
685 5465 825 5548 novi
856 5463 1019 5548 huius
1070 5469 1328 5548 M_e_tbodii
1355 5463 1662 5548 Patarensis
1705 5463 1905 5548 diversi
1934 5493 1963 5548 a
1988 5477 2095 5548 Ty-

536 5536 648 5599 rio;
685 5536 1045 5609 tribuentibus
1072 5540 1271 5609 ubique
1299 5543 1581 5597 codicibus
1610 5543 1885 5601 Methodio
1934 5536 2093 5606 Pata-

536 5616 702 5683 r‘ensl,
731 5621 864 5683 quae
894 5605 1255 5683 Hieronynius
1278 5682 1283 5683 ί
1309 5613 1498 5683 tribuit
1536 5629 1635 5668 suo
1688 5617 1762 5668 illi
1819 5616 2091 5673 Methodio

533 5669 783 5757 Olympi}
815 5689 881 5728 ac
925 5669 1116 5757 postea
1161 5679 1447 5757 Tyr_io.lta
1495 5695 1689 5752 printer
1714 5689 1850 5743 alios
1881 5669 2089 5757 passim

532 5739 898 5824 Daunia—scentis
925 5739 983 5801 in
1012 5739 1298 5824 Elementis
1338 5739 2091 5824 eminentissimicardinal—is

533 5808 930 5889 Ituoifuealdii:
964 5820 1268 5885 mirumque
1300 5822 1566 5889 videatur,

2200 4590 2421 4670 senem:
2448 4605 2503 4653 et
2523 4597 2784 4652 adversus
2812 4595 3060 4651 eumdem
3086 4596 3149 4649 de
3182 4595 3518 4667 Pytltont'ssa,
3546 4605 3598 4651 et
3620 4597 3761 4665 Περὶ

2200 4686 2620 4752 αὐτεξουσίου.
2669 4685 2735 4739 In
2778 4684 3017 4740 Genesim
3075 4701 3292 4755 quoque
3337 4693 3392 4741 et
3432 4687 3486 4739 in
3534 4684 3760 4741 Cantica

2203 4780 2527 4834 canticorum
2567 4779 3003 4842 commentarios;
3027 4785 3083 4833 et
3113 4780 3283 4832 multa
3308 4779 3414 4832 alia
3451 4793 3572 4848 quae
3596 4778 3759 4850 vulgo

2200 4915 2512 4971 Patarensis
2555 4915 2890 4971 obscurioris
2941 4916 3259 4969 memoriam
3311 4915 3609 4970 solemnem
3660 4916 3761 4969 ha-

2200 4987 2382 5058 beant,
2414 5002 2679 5058 nusquam
2706 5000 2840 5058 vero
2862 4984 3004 5055 apud
3024 4991 3316 5058 eosAexstet
3342 4987 3601 5058 memoria
3654 4986 3762 5058 Ty-

2200 5057 2288 5120 rii,
2322 5059 2367 5111 si
2396 5057 2611 5126 quidem
2647 5057 2735 5109 ille
2796 5056 2936 5110 alius
2964 5063 3067 5126 est.
3103 5055 3538 5126 Quare_a:stimo
3587 5055 3759 5114 levius

2200 5122 2585 5195 pronuntiasse
2611 5126 2904 5197 Baronium
2954 5124 3210 5197 ad'nOtas
3238 5122 3541 5197 VMartyrot.
3577 5129 3645 5197 ad
3678 5128 3761 5181 al-

2201 5204 2373 5251 terum
2422 5197 2751 5251 Methodium
2781 5195 3462 5265 Constantinopolitanum,
3507 5196 3575 5249 M
3606 5195 3757 5264 Jun.,

2160 5293 2165 5298 -
2200 5267 2327 5321 dum
2364 5284 2428 5322 ex
2482 5268 2628 5323 brevi
2665 5267 2755 5319 illa
2790 5267 3045 5321 citatione
3071 5265 3409 5329 Damasceni,
3442 5277 3579 5319 orat.
3619 5267 3653 5322 5
3686 5267 3763 5322 De

2198 5339 2359 5406 imag.
2391 5337 2641 5408 Methodii
2671 5336 2984 5408 Patarensis
3012 5342 3066 5391 et
3103 5338 3380 5408 martyris,
3420 5353 3619 5392 novum
3654 5339 3761 5408 sibi

2198 5404 2456 5476 contingit
2478 5407 2828 5462 Methodium.
2856 5406 3152 5477 Hesychius
3183 5404 3409 5464 Pataras
3438 5408 3624 5462 urbem
3649 5407 3763 5462 Pa-

2200 5480 2340 5531 tarin
2365 5487 2540 5541 vocat,
2573 5492 2681 5547 quo
2707 5477 2869 5530 etiam
2913 5476 3129 5547 nomine
3183 5486 3418 5532 montem
3484 5477 3757 5545 nominat;

2197 5564 2297 5617 ego
2317 5550 2571 5619 eumdem
2589 5545 2908 5619 putoatque
2933 5545 3239 5617 Olympum,
3293 5548 3464 5619 Lycia:
3495 5557 3757 5619 montem.

2198 5616 2357 5686 cujus
2381 5619 2496 5687 ipse
2528 5616 2831 5672 Méthodius
2884 5625 2942 5670 ut
2994 5616 3279 5674 familiaris
3311 5616 3364 5671 iii
3398 5622 3536 5673 libro
3566 5618 3642 5671 De
3676 5635 3732 5671 re

2197 5698 2419 5762 surrect.
2478 5688 2742 5762 meminit,
2785 5703 2815 5739 a
2858 5704 2967 5758 quo
2996 5690 3285 5762 ietcivitas
3333 5687 3592 5762 Olympus
3615 5689 3767 5762 dicta.

2198 5759 2303 5823 sit;
2333 5774 2430 5813 nec
2456 5757 2601 5810 aliud
2624 5771 2684 5811 ea
2709 5758 2775 5811 de
2801 5773 2858 5812 re
2876 5757 3199 5816 certioribus
3234 5757 3598 5815 monumentis
3631 5760 3759 5813 hac-

2200 5836 2357 5885 tenus
2380 5828 2638 5884 occurrit.
2665 5830 2940 5886 tonans.
