4140 6424
347 486 411 543 21
1519 487 1858 547 VETERUM-
1888 491 2324 552 TESTIMONIA.

1918 630 2008 686 1V.

1145 744 1395 801 Annuus
1422 743 1787 802 CESARIENSIS
1816 748 1868 802 in
1893 750 2115 820 Apocal.
2144 767 2297 806 serm.
2328 753 2413 814 ll,
2448 769 2565 824 cap.
2601 755 2688 809 53.

418 859 476 913 '0
518 857 575 913 δὲ
621 858 790 930 μέγας
832 859 1088 925 Μεθόδιος
1133 864 1212 926 εἰς
1253 863 1352 934 τὴν
1385 863 1544 930 ἁγίαν
1583 865 1906 936 Ἐκκλησίαν

340 949 608 1018 ἐξέλαϐεν,
652 952 960 1023 ἀνάρμοστα
987 957 1050 1024 τῇ
1083 955 1371 1026 δεσποτικῇ
1406 958 1654 1026 γεννήσει
1681 958 1747 1010 τὰ
1778 959 1904 1029 περὶ

341 1043 508 1112 αὐτῆς
535 1044 894 1114 ἡγησάμενος,
923 1045 1009 1098 διὰ
1037 1047 1095 1098 τὸ
1137 1047 1236 1119 ἤδη
1277 1048 1380 1119 πρὸ
1420 1048 1612 1101 πολλοῦ
1656 1049 1904 1120 τετέχθαι

339 1133 428 1187 τὸν
454 1133 653 1206 Κύριον
680 1135 853 1206 ἡμῶν.
883 1136 1060 1189 Καλὸν
1092 1137 1147 1190 δὲ
1183 1140 1274 1191 καὶ
1300 1139 1477 1192 αὐτῶν
1507 1140 1613 1193 τῶν
1648 1143 1904 1212 ῥημάτων

337 1224 428 1280 τοῦ
463 1227 736 1297 μακαρίου
778 1226 1037 1281 Μεθοδίου
1083 1230 1404 1300 μεμνῆσθαι,
1432 1232 1489 1294 ὃς
1517 1249 1678 1300 φησιν
1723 1236 1778 1286 ὲν
1827 1233 1903 1304 τῷ

336 1317 606 1390 λεγομένῳ
655 1321 976 1388 Συμποσίῳ
1020 1323 1083 1375 ὲκ
1123 1323 1410 1394 προσώπου
1451 1324 1698 1396 Πρόκλης
1755 1325 1904 1396 ξζρεο

337 1409 648 1480 Ιῐροκίλλης)
681 1411 879 1476 οὕτως·
930 1413 989 1470 Ἠ
1012 1413 1186 1482 γυνὴ,
1215 1415 1308 1468 καὶ
1335 1415 1400 1467 τὰ
1427 1415 1570 1486 ἑξῆς.

2079 869 2139 921 At
2175 883 2402 939 magnus
2441 869 2747 928 Methodius
2793 873 2860 929 ad
2905 873 3204 931 Ecelesiam
3250 877 3474 943 retulit,
3524 877 3581 933 in

2010 958 2303 1015 Dominicaa
2329 963 2628 1020 nativitatis
2644 966 2960 1037 mysterium
2982 982 3173 1038 parum
3191 983 3252 1024 ea
3284 970 3582 1025 convenire

2012 1056 2165 1104 ratus
2189 1066 2308 1120 quae
2329 1051 2432 1106 hoc
2471 1053 2591 1108 loco
2616 1054 2682 1108 de
2712 1055 2805 1110 illo
2837 1065 3134 1111 narrantur
3166 1077 3179 1113 :
3215 1060 3450 1115 maxime
3483 1077 3576 1115 ve-

2011 1158 2072 1196 ro
2093 1143 2238 1212 quod
2268 1141 2527 1200 Dominus
2553 1157 2738 1201 noster
2771 1147 2974 1202 dudum
2999 1158 3123 1204 ante
3156 1149 3486 1220 patefactam
3510 1152 3580 1205 li.-

2008 1233 2089 1286 bri
2120 1233 2283 1303 hujus
2326 1236 2666 1306 prOphetiam
2699 1247 2858 1294 natus
2897 1238 3078 1296 fuerit.
3111 1240 3181 1295 At
3206 1243 3438 1314 ipsamet
3466 1241 3579 1297 Me-

2005 1323 2175 1378 thodii
2202 1326 2362 1381 verba
2391 1327 2447 1381 in
2497 1329 2739 1384 medium
2785 1330 2975 1386 all'erre
3028 1333 3194 1389 Iubet.
3230 1333 3332 1389 llic
3357 1350 3490 1406 ergo
3521 1336 3578 1392 in

2002 1422 2235 1470 tractatu
2261 1431 2423 1485 quem
2440 1416 2752 1490 ngposion
2777 1418 3075 1494 inscripsit,
3087 1437 3154 1479 ex
3170 1436 3411 1493 persona
3441 1423 3576 1484 Pro-

2000 1505 2139 1560 cilla:
2169 1505 2392 1578 virginis
2426 1509 2499 1561 ita
2533 1509 2724 1565 scribit
2759 1529 2771 1564 :
2801 1510 3019 1575 Mulier,
3040 1517 3146 1568 etc.

1288 1736 1543 1790 Αιιετιιιις
1579 1737 1633 1790 in
1668 1737 1890 1808 Apocal.
1923 1755 2036 1804 cap.
2071 1741 2160 1806 55,
2191 1759 2311 1814 pag.
2349 1743 2469 1800 752.

403 1853 618 1925 Ἐτεροι
646 1852 703 1906 δὲ
732 1855 826 1906 καὶ
849 1853 1009 1907 πάλιν
1036 1852 1236 1924 ταύτην
1264 1854 1362 1925 τὴν
1385 1853 1618 1922 γυναῖκα
1638 1857 1736 1924 τὴν
1775 1852 1896 1906 Ἐκ-

331 1944 554 2016 κλησίαν
586 1945 791 2016 ἔφασαν
813 1942 968 2012 εἶναι,
998 1947 1120 2016 ἥτις
1146 1947 1237 1998 τὸν
1266 1947 1363 2016 τῆς
1387 1946 1730 2015 δικαιοσύνης
1748 1946 1896 2016 ἦλιον

332 2037 560 2108 Χριστὸν
589 2038 994 2110 περιϐέϐληται,
1030 2039 1122 2090 καὶ
1146 2038 1244 2108 τὴν
1270 2037 1496 2108 σελήνην
1525 2039 1622 2108 τὴν
1644 2039 1894 2106 Συναγω-

339 2129 430 2200 γὴν
464 2131 719 2185 ὑποκάτω
746 2131 855 2184 τῶν
888 2129 1063 2184 ποδῶν
1102 2131 1176 2194 ὡς
1206 2131 1306 2201 ἤδη
1345 2130 1741 2184 παλαιωθεῖσαν
1774 2131 1897 2202 ἔθη-

331 2239 410 2278 κε.
442 2221 553 2276 Καὶ
585 2224 653 2276 τὰ
699 2223 825 2294 ἑξῆς
856 2223 1032 2277 πάντα
1062 2223 1350 2295 ἁρμοδίως,
1401 2225 1475 2287 ὠς
1518 2224 1768 2295 Ἀνδρέας
1801 2223 1894 2278 καὶ

331 2313 608 2379 ιίεθόδιος.

2072 1857 2309 1912 Rursum
2361 1874 2488 1914 vero
2539 1860 2628 1914 alii
2658 1859 2799 1914 hanc
2842 1859 3122 1915 mulierem
3165 1858 3425 1914 dixerunt
3453 1875 3576 1918 esse

2000 1948 2320 2014 Ecclesiam,
2369 1967 2491 2022 quae
2524 1953 2638 2008 sole
2664 1953 2892 2022 justitia:
2921 1952 3145 2008 Christo
3201 1952 3401 2022 Stipata
3452 1963 3575 2019 est,

1998 2046 2051 2093 et
2079 2039 2281 2104 lunam,
2311 2039 2366 2093 id
2387 2050 2470 2095 est
2501 2041 2861 2113 Synagogam,
2886 2041 2988 2096 sub
3016 2041 3245 2112 pedibus
3273 2041 3416 2111 ejus,
3449 2051 3575 2096 tan-

1997 2143 2160 2200 quam
2185 2131 2299 2200 jam
2333 2133 2688 2187 vetustiorem
2719 2131 2966 2188 ellectam
2998 2133 3203 2204 posuit.
3236 2131 3302 2185 Et
3325 2149 3447 2202 quae
3477 2149 3572 2188 se-

1999 2230 2240 2294 quuntur
2271 2224 2453 2278 omnia
2496 2240 2739 2297 congruo
2768 2225 2928 2280 modo
2978 2227 3327 2296 adaptarunt,
3359 2232 3420 2279 ut
3449 2224 3567 2279 An-

1999 2315 2160 2370 dreas
2189 2323 2242 2369 et
2270 2315 2598 2372 Methodius.

1898 2423 1986 2480 VI.

1198 2543 1469 2601 Leomws
1493 2527 1824 2609 Brzannus,
1852 2543 1944 2599 lib.
1989 2543 2060 2599 De
2084 2546 2269 2612 sectis,
2297 2553 2403 2598 act.
2435 2560 2520 2598 ιιι.

404 2659 679 2729 Ἐγένοντο
719 2659 777 2713 δὲ
823 2661 881 2713 ἐν
911 2662 1022 2723 τοῖς
1049 2659 1261 2732 χρόνοις
1305 2662 1415 2722 τοῖς
1443 2660 1550 2712 ἀπὸ
1580 2660 1678 2730 τῆς
1708 2659 1898 2729 γεννή-

327 2769 460 2816 σεως
483 2751 577 2805 τοῦ
611 2750 844 2824 Χριστοῦ
876 2753 1035 2824 μέχρι
1067 2754 1165 2824 τῆς
1190 2751 1459 2823 βασιλείας
1487 2751 1893 2805 Κωνσταντίνου

326 2843 628 2900 διδάσκαλοι
679 2845 770 2910 καὶ
822 2845 1064 2918 Πατέρες
1111 2845 1514 2914 οἵδε,Ἰγνάτιος
1549 2846 1577 2898 6
1617 2843 1890 2913 θεοφόρος,

326 2935 628 3006 Είρηναῖος,
647 2935 926 2999 Ἰουστῖνος
957 2937 1244 3006 φιλόσοφος
1268 2937 1361 2990 καὶ
1382 2937 1615 3009 μάρτυρ,
1637 2935 1888 3007 Κλήμης,

326 3027 416 3080 καὶ
456 3027 763 3092 Ἱππόλυτος
787 3029 1076 3093 ἐπίσκοπος
1123 3029 1360 3100 Ῥώμης,
1395 3027 1666 3092 Διονύσιος
1712 3031 1891 3104 Ἀρεο-

326 3120 575 3190 παγίτης,
629 3120 886 3185 Μεθόδιος
943 3123 1236 3185 ἐπίσκοπος
1273 3123 1559 3194 Πατάρων,
1595 3124 1890 3196 Γρηγόριος

323 3212 349 3264 3
375 3211 813 3284 Θαυματουργὸς,
846 3215 1047 3285 Πέτρος
1085 3216 1113 3268 6
1158 3213 1558 3287 Ἀλεξανδρείας
1595 3218 1889 3282 ἐπίσκοπος

324 3303 414 3356 καὶ
447 3303 673 3374 μάρτυς.

2069 2663 2095 2712 r
2112 2666 2309 2715 uerunt
2351 2669 2531 2714 autem
2565 2659 2618 2714 in
2649 2659 2984 2730 temporibus
3003 2673 3034 2712 a
3051 2657 3254 2714 Christi
3278 2658 3562 2716 nativitate

1995 2768 2168 2823 usque
2182 2752 2248 2806 ad
2267 2752 2550 2823 imperium
2566 2752 2913 2807 Constantini
2928 2751 3180 2808 doctores
3196 2752 3250 2806 hi
3266 2758 3319 2807 et
3334 2750 3555 2808 Patres:

1994 2843 2231 2916 lgnatius
2244 2845 2618 2914 Theophorus,
2642 2842 2899 2909 Irenaeus,
2915 2843 3184 2908 Justinus,
3202 2844 3559 2915 philosophus

1993 2945 2046 2991 et
2078 2944 2304 3008 martyr,
2356 2936 2629 3001 Clemens,
2668 2945 2721 2992 et
2753 2935 3074 3008 Hippolytus
3127 2935 3313 2992 Romae
3343 2923 3559 3008 episcol

1994 3044 2120 3099 pus,
2178 3029 2468 3100 Dionysius
2510 3029 2855 3100 Areopagita,
2895 3029 3197 3085 Methodius
3243 3027 3556 3084 Patarensis

1993 3122 2302 3192 episcopus,
2321 3123 2613 3194 Gregorius
2626 3119 3085 3192 Thaumaturgus,
3105 3120 3299 3177 Petrus
3323 3119 3557 3175 Alexan-

1993 3214 2123 3268 dria:
2142 3215 2430 3285 episcopus
2461 3225 2514 3270 et
2541 3222 2767 3287 martyr.

1895 3426 2008 3481 VII.

909 3543 966 3598 S.
999 3542 1251 3600 Munius
1281 3545 1335 3598 in
1366 3544 1530 3598 schol.
1563 3545 1632 3598 ad
1657 3544 1902 3616 Dionysii
1924 3544 2178 3614 Areopag.
2203 3560 2318 3613 cap.
2353 3545 2386 3598 5
2443 3542 2518 3596 De
2547 3540 2744 3596 cccles.
2775 3537 3045 3593 hierarch.

387 3655 464 3729 (α)
507 3657 800 3727 Ἀνάγνωθι
829 3659 1087 3713 Μεθοδίω
1127 3661 1219 3714 τοῦ
1269 3661 1421 3730 ἁγίου
1464 3661 1753 3733 μάρτυρος,
1790 3665 1884 3715 καὶ

219 3737 225 3746 ’
329 3749 620 3822 Ὀλυμπίου
663 3751 1142 3822 Ἀδριανουπόλεως
1193 3753 1487 3806 ἐπισκόπου
1538 3755 1637 3826 τῆς
1685 3755 1886 3819 Λυκίας

317 3838 385 3893 τὰ
409 3841 528 3894 κατ’
552 3839 716 3893 αὐτοῦ
747 3840 1050 3912 Ὠριγένους
1081 3841 1167 3894 ὑπ’
1194 3841 1370 3896 αὑτῶν
1389 3860 1456 3895 πε
1466 3844 1516 3912 ρὶ
1541 3843 1887 3905 ἀναστάσεως

319 3934 613 4006 γραφέντα,
651 3935 744 3988 καὶ
789 3935 1140 4007 Ἀντιπάτρου
1165 3934 1258 3987 τοῦ
1289 3935 1539 4006 Βόστρων
1562 3935 1884 4002 ἐπισκόπου,

317 4025 410 4078 καὶ
456 4025 670 4096 μαθήσῃ
703 4024 800 4097 τὴν
833 4024 1050 4095 μυθώδη
1079 4023 1240 4078 αὑτοῦ
1267 4026 1358 4079 καὶ
1389 4025 1672 4079 ἀλλόκοτον
1702 4026 1877 4098 ληρῳ-

316 4115 432 4170 δίαν

2061 3660 2199 3732 Lege
2235 3661 2292 3716 S.
2327 3658 2584 3715 Methodii
2618 3656 2893 3728 martyris,
2930 3663 2983 3710 et
3014 3651 3250 3723 Olympii
3280 3648 3550 3703 Adriano-

1991 3754 2219 3824 politani
2247 3753 2487 3824 episcopi
2519 3751 2716 3823 Lyciae,
2759 3764 2859 3805 nec
2889 3763 2998 3802 non
3027 3743 3300 3815 Antipatri
3327 3741 3549 3796 Bostro-

1991 3863 2112 3902 rum
2140 3847 2379 3917 episc0pi
2413 3846 2580 3900 libros
2607 3857 2745 3914 quos
2780 3841 2836 3895 in
2863 3853 2989 3895 eum
3035 3835 3321 3907 Origenem
3365 3832 3432 3886 de
3465 3847 3550 3885 re-

1991 3937 2330 3993 surrectione
2387 3934 2866 4004 conscripserunt;
2917 3938 2971 3985 et
3003 3928 3182 3982 disces
3239 3923 3547 3979 fabulosum

1981 4030 2100 4100 ejus
2127 4044 2190 4084 ac
2215 4037 2622 4084 monstruosum
2652 4025 3088 4080 deliramentum.

1889 4228 2027 4284 VIII.

315 4351 544 4409 Ioannes
572 4353 1106 4419 Tnnssanomcnnsrs,
1139 4355 1278 4426 apud
1299 4354 1362 4410 L.
1393 4354 1654 4408 Allatium
1683 4355 1736 4407 in
1761 4353 1925 4410 diatr.
1956 4352 2030 4409 De
2058 4349 2454 4407 Methodiorum
2479 4347 2716 4419 scriptis,
2748 4361 2868 4416 pag.
2901 4344 3024 4408 555,
3049 4340 3174 4396 edit.
3197 4337 3349 4394 Rom.
3383 4335 3540 4392 1656.

383 4471 495 4527 Καὶ
526 4472 682 4528 τοῦτο
711 4474 934 4538 πολλοὺς
958 4474 1066 4528 τῶν
1092 4475 1261 4546 ἁγίων
1282 4475 1437 4546 ἡμῶν
1459 4475 1718 4548 Πατέρων
1747 4492 1872 4546 φρο-

315 4565 577 4636 νήσαντας
626 4567 973 4638 εὑρίσκομενο
1018 4562 1094 4622 ὧν
1143 4571 1257 4621 ἐστι
1300 4567 1573 4630 Βασίλειος
1604 4569 1632 4620 ὁ
1663 4567 1869 4635 Μέγας,

315 4659 411 4711 καὶ
451 4659 480 4709 ό
521 4659 579 4710 ὲν
621 4659 792 4726 ἁγίοις
828 4661 1167 4728 Ἀθανάσιος,
1210 4661 1303 4715 καὶ
1330 4661 1359 4715 6
1389 4659 1559 4733 μέγας
1590 4658 1869 4724 Μεθόδιος,

315 4749 409 4803 καὶ
439 4750 486 4803 οί
519 4749 653 4820 ἀμφ’
680 4751 895 4815 αὐτούς.

1881 4863 1971 4918 IX.

2048 4473 2114 4527 Et
2158 4474 2260 4529 hoc
2293 4471 2491 4526 multos
2525 4477 2838 4525 sanctorum
2870 4465 3088 4519 Patrum
3125 4461 3363 4517 sensisse
3394 4459 3544 4513 inve-

1979 4567 2192 4632 nimus;
2222 4578 2454 4634 quorum
2477 4569 2562 4618 est
2591 4559 2828 4617 Basilius
2861 4558 2952 4612 ille
2980 4555 3224 4627 Magnus,
3256 4560 3311 4609 et
3345 4557 3545 4609 sanctae

1979 4657 2257 4712 memoria:
2283 4654 2635 4722 Athanasius,
2665 4662 2826 4722 atque
2869 4664 3099 4721 magnus
3128 4645 3454 4710 Methodius,
3489 4650 3545 4698 et

1977 4749 2072 4820 qui
2093 4764 2188 4805 eos
2217 4754 2536 4820 sequuntur.

1267 4987 1506 5045 Pno'rws
1527 4987 1666 5043 Bibl.
1699 4987 1818 5044 cod.
1842 5001 2117 5053 ccxxxvn,
2147 5001 2302 5056 pagg.
2335 4983 2587 5040 950—965.

395 5102 726 5174 Ἀνεγνώσθη
775 5102 867 5157 τοῦ
909 5104 1064 5174 ἁγίου
1109 5107 1378 5183 μάρτυρος
1408 5112 1514 5167 ’καὶ
1573 5110 1866 5165 ἐπισκόπου

309 5197 568 5254 Μεθοδίου
615 5199 679 5250 ὲκ
722 5196 813 5250 τοῦ
866 5199 1006 5268 Περὶ
1057 5200 1296 5270 ἁγνείας
1321 5204 1395 5268 ὡς
1441 5207 1498 5258 ὲν
1541 5203 1709 5275 ὁμοίῳ
1752 5219 1868 5255 συνο

309 5291 480 5362 όιῖιεως
512 5289 586 5362 (b)
629 5289 843 5362 ἐξεδόθη
885 5290 1108 5362 τύπῳ...
1137 5293 1468 5365 Σημειωτέον
1497 5295 1587 5367 (c),
1611 5296 1686 5359 ὡς
1719 5311 1872 5357 ουτος

405 5425 456 5492 a)
487 5423 740 5495 Putarem
788 5423 1094 5493 legendum,
1150 5427 1444 5495 Ἀνάγνωθι
1482 5426 1740 5481 Μεθοδίου
1773 5427 1864 5479 τοῦ

381 5425 456 5547 Sa)
487 5425 740 5478 Putarem
788 5425 1094 5517 legendum,
1150 5427 1444 5514 Ἀνάγνωθι
1482 5426 1740 5507 Μξθοδίου
1773 5427 1862 5479 τοῦ

309 5494 1862 5618 ῗζαῖυεαίῗιίτυίέῗιιοὲὲυεἴγῗὲἒιηῗζίῗῖιίῗιῖὲίτ’ῗυὲξᾈκὲῗῗὶ

309 5563 632 5646 Lege-sancti
690 5563 943 5646 Mel/rodit:
984 5563 1250 5646 martyris
1284 5568 1498 5646 Olympi
1553 5563 1728 5646 Lycia:
1752 5569 1867 5636 epi-

2047 5108 2246 5164 Lectus
2278 5113 2362 5162 est
2391 5105 2569 5161 sancti
2600 5103 2856 5176 martyris
2895 5111 2950 5160 et
2995 5102 3237 5174 episcopi
3283 5100 3541 5158 Methodii

1977 5200 2111 5256 liber
2146 5199 2218 5254 De
2251 5200 2493 5254 castitate
2535 5196 2601 5251 ad
2637 5195 2864 5250 formam
2899 5193 3134 5250 Convivii
3178 5194 3540 5265 compositus.

1977 5321 2045 5334 —-
2074 5289 2484 5346 Observandum
2533 5295 2619 5344 est
2670 5287 2816 5342 hunc
2867 5285 3172 5356 Dialogum,
3204 5285 3294 5340 cui
3349 5285 3541 5340 titulus

2044 5425 2114 5498 (c)
2146 5423 2226 5498 Ad
2259 5422 2464 5498 Photii_
2486 5435 2775 5498 censuram
2821 5419 2965 5498 quod
3012 5418 3226 5498 attinet,
3255 5417 3540 5498 videbatur

1937 5498 1946 5509 '
1973 5489 2062 5551 illa
2091 5489 2222 5549 mihi
2253 5496 2412 5562 paulo
2434 5492 2655 5557 durior;
2690 5491 2836 5560 quod
2858 5490 3283 5562 praecipitenon
3315 5489 3540 5562 videan-

1971 5577 2059 5621 tur
2086 5559 2271 5619 Ariani
2301 5565 2587 5618 admodum
2613 5559 2831 5616 usi’hac
2855 5559 3109 5615 Methodii
3141 5559 3538 5620 lucubratione,

308 5629 473 5704 scopi.
526 5633 658 5700 Quis
699 5635 841 5689 enim
893 5637 979 5691 hic
1019 5636 1080 5691 Ol
1123 5629 1298 5708 Inpius
1345 5629 1861 5706 Adrianopolitanus
1971 5643 2064 5690 aut
2091 5635 2270 5690 exiLIa
2294 5639 2613 5704 argumenta
2658 5632 2959 5700 sumpsisse
2993 5649 3004 5684 :
3040 5629 3133 5683 ubi
3165 5637 3348 5702 tamen
3376 5629 3540 5697 paulo

308 5707 596 5761 cniscenus
631 5704 846 5761 Lyciae?
875 5706 1004 5761 Ome
1019 5653 1398 5761 Arﬂ'ianonolis
1428 5709 1480 5761 in
1525 5705 1726 5761 Lycia?
1758 5711 1866 5761 Αι.-
1975 5706 2368 5761 diligentiorem
2403 5704 2452 5757 ei
2484 5703 2708 5757 adhibui
2755 5716 2998 5761 operam,
3038 5699 3261 5761 ipseque
3292 5699 3424 5752 mihi
3453 5713 3538 5752 re-

308 5707 596 5790 cpisce'pus
631 5704 1480 5790 1.χοίξῖ-ῼυῳΑιΙιςίθίηοροιίεᾸιι
1525 5704 1726 5778 Lycia?
1758 5711 1866 5761 AI.-

311 5775 445 5862 ιλιχ⁸⁸
472 5775 644 5862 ζέσιν.
678 5775 741 5828 de
773 5775 1236 5862 lict/rod..scrip£.,
1259 5775 1323 5850 p.
1352 5779 1478 5834 5‘28.
1573 5775 1596 5862 ’⁸
1709 5847 1748 5862 η

311 5913 351 5976 L
376 5846 450 5917 (b)
482 5847 639 5913 Ὡς...
655 5848 989 5916 συνόιίοεως.
1010 5846 1149 5920 Lege
1168 5846 1301 5917 ὃς.ἶ.
1325 5851 1688 5921 συμποσίου.
1709 5847 1864 5902 Εοιτ.

355 5931 508 5971 UPAB.

1975 5699 2383 5775 diligentiorenf
2403 5704 2452 5757 ei
2484 5703 2708 5775 adhibui
2755 5699 2998 5775 operam,
3038 5699 3424 5775 ipsequemihi
3453 5713 3538 5752 re-

1977 5769 2188 5839 censui,
2219 5775 2438 5845 gravius
2493 5773 2741 5845 laborare
2786 5769 3539 5845 deprehendi,“subindeque

1978 5847 2159 5920 notavi
2187 5839 2307 5914 quae
2345 5845 2427 5898 vel
2459 5843 2656 5896 molliri
2685 5839 2930 5920 possent,
2969 5839 3537 5920 velnullam_excnsa-

1978 5912 2338 5982 tionemﬂneo
2357 5930 2488 5969 sane
2520 5928 2705 5980 sensu,
2726 5912 3071 5968 admitterent
3097 5929 3110 5966 :
3144 5925 3262 5976 quae
3289 5912 3405 5974 ipsa
3433 5923 3538 5963 non
