4140 6418
516 470 587 531 ετξ
1435 465 1493 525 S.
1536 466 1934 523 METIIODIUS
1974 465 2352 522 EPISCOPUS
2390 465 2476 521 ET
2518 462 2823 519 MARTYR.
3663 456 3736 512 ει

520 589 872 661 Symposium,
926 587 1041 642 sive
1100 586 1177 639 De
1218 588 1522 668 .castitatc,
1574 605 1821 659 magnam
1878 598 2078 659 partem

519 682 882 735 adulteratum
935 694 1059 733 esse
1089 698 1100 731 :
1134 677 1375 732 oﬁendes
1420 680 1565 733 enim
1613 681 1666 733 in
1702 681 1793 733 illo
1841 682 2082 751 adjectus

517 774 682 828 etiam
702 771 989 824 Arianicas
1005 785 1281 839 vanusque
1308 771 1652 840 opinationes
1677 772 1918 842 aliasque
1944 772 2082 825 male

517 863 871 921 sentientium
909 862 1138 919 fabulas.

2181 590 2210 641 ὁ
2265 587 2529 654 διάλογος,
2567 577 2610 652 ᾧ
2663 585 2697 654 ἡ
2746 581 3041 652 ἐπιγραφὴ,
3095 580 3456 648 Συμπόσιον,
3494 576 3550 648 ἢ,
3598 574 3735 641 Περὶ

2182 677 2460 745 ἁγνείας,
2511 671 2795 745 παραπολὺ
2840 668 3216 739 νενοθευμένος
3265 666 3440 718 ἐστίν’
3487 665 3739 735 εὑρήσεις

2181 768 2290 838 γὰρ
2324 768 2380 818 ἐν
2408 763 2554 834 αυτῷ
2580 761 3065 834 παραϐεϐλημένας
3106 760 3197 811 καὶ¹
3235 755 3570 827 ’Λρειανικὰς
3596 754 3740 821 δοξο-

2182 859 2396 921 κοπίας,
2432 857 2523 909 καὶ
2556 856 2754 925 ἐτέρων
2790 852 2951 905 τινῶν
2989 847 3415 915 κακοδοξούντων
3449 845 3741 916 μυθολογή-

2185 965 2348 1019 ματα.

1649 1066 1793 1120 Idem
1822 1065 1972 1130 ibid.,
1996 1065 2110 1122 cod.
2146 1083 2279 1127 uti,
2305 1084 2422 1137 pag.
2456 1066 2577 1120 547.

590 1182 889 1238 Conﬁrmat
955 1185 1150 1239 deinde
1214 1183 1503 1256 (Eusebius
1554 1184 2079 1254 Thessalonicensis)

518 1274 685 1330 hasce
712 1292 841 1331 suas
874 1278 1324 1348 reprehensiones
1358 1294 1387 1332 e
1408 1278 1562 1333 libris
1594 1293 1763 1333 sacrae
1787 1277 2080 1347 Scriptura:

519 1367 721 1422 veteris
771 1368 927 1436 juxta
976 1384 1036 1423 ac
1084 1369 1206 1423 novi
1251 1367 1601 1423 lnstrumenti
1632 1388 1643 1423 :
1672 1367 1895 1423 Patrum
1949 1371 2077 1423 item

521 1457 940 1513 lectissimorum
974 1460 1278 1523 sententiis,
1306 1459 1609 1522 Athanasii,
1653 1469 1706 1514 et
1750 1460 1911 1513 trium
1944 1458 2078 1513 Gre-

520 1549 819 1617 goriorum,
855 1550 1294 1604 admirandorum
1327 1552 1548 1621 inquam
1592 1551 1737 1605 illius
1767 1550 2082 1620 patratoris,

523 1638 805 1712 Theologi,
829 1654 882 1696 et
912 1643 1082 1697 divini
1124 1642 1379 1713 Nysscni,
1416 1642 1599 1696 Basilii
1634 1642 1884 1697 similiter
1905 1642 2087 1695 (laesa-

523 1747 628 1787 rea:
693 1734 971 1798 antistitis,
1032 1744 1085 1788 et
1145 1733 1371 1789 Joannis
1439 1732 1835 1804 Chrysostomi,
1898 1732 2086 1803 Cyrilli

524 1823 897 1893 Alexandrini,
939 1832 993 1880 et
1021 1823 1239 1879 Proculi
1295 1823 1545 1894 prmsulis
1594 1821 2091 1890 Constantinopoli-

522 1917 631 1969 tani
663 1932 674 1966 :
712 1918 885 1972 sancti
915 1917 1099 1971 adha-c
1136 1916 1393 1986 martyris
1412 1912 1692 1976 Methodii,
1714 1921 1769 1966 et
1803 1911 2083 1978 Quadrati.

522 2004 891 2072 Quorumdam
936 2009 1081 2063 enim
1133 2023 1198 2062 ex
1233 2008 1320 2063 his
1358 2006 1505 2061 dicta
1557 2004 1803 2074 quaedam
1842 2004 2087 2059 Andreas

523 2097 815 2172 (Inclusus)
847 2100 1141 2165 avulserat,
1167 2107 1220 2154 et
1255 2104 1588 2168 perverterat
1614 2114 1626 2149 :
1658 2095 1927 2165 simulque
1969 2109 2087 2149 ma-

524 2191 702 2259 litiose
730 2201 824 2245 aut
852 2191 1099 2262 imperite
1125 2187 1552 2259 interpretando,
1583 2202 1820 2242 errorem
1848 2202 2007 2243 suum
2021 2202 2086 2242 ex

518 2281 656 2348 Illis,
691 2289 752 2337 ut
789 2281 895 2337 sibi
931 2282 1150 2352 quidem
1195 2281 1484 2351 persuasit,
1512 2277 1877 2334 conﬁrmarat.

2099 2396 2166 2457 Χ.

2259 1186 2596 1258 Παρατίοησι
2626 1184 2681 1236 δὲ
2715 1182 2810 1247 τὰς
2841 1181 2978 1235 κατὰ
3010 1196 3132 1241 τους
3174 1176 3422 1245 ἐλέγχους
3447 1171 3744 1238 ἀποδείξεις

2187 1279 2249 1332 ἐκ
2276 1280 2467 1353 Eri];
2494 1280 2733 1350 Γραφῆς,
2770 1274 2999 1337 παλαιᾶς
3030 1289 3088 1323 τε
3122 1270 3215 1323 καὶ
3243 1267 3391 1330 νέας,
3416 1264 3509 1318 καὶ
3552 1265 3615 1316 ἐκ
3637 1263 3745 1316 τῶν

2187 1297 2249 1332 εκ
2369 1297 2467 1353 της
2495 1297 2513 1330 ι
2537 1297 2733 1350 ραφης,
2770 1297 2998 1337 παλαιας
3030 1297 3088 1323 τε
3123 1297 3215 1323 και
3246 1297 3391 1330 vctu"
3418 1297 3509 1318 MM
3552 1297 3615 1316 ενοι
3648 1297 3744 1316 νων

2186 1297 2421 1437 NJwa
2445 1370 2720 1441 Πατέρων,
2737 1365 3066 1425 Ἀθανασίου,
3097 1361 3190 1414 καὶ
3216 1359 3322 1411 τῶν
3350 1355 3508 1428 τριῶν
3540 1355 3746 1425 Γρηγο-

2190 1463 2337 1532 ρίων,
2364 1461 2456 1513 τοῦ
2482 1478 2542 1513 τε
2570 1454 2993 1528 Θαυματουργοῦ
3021 1453 3182 1520 λέγω,
3215 1452 3308 1503 καὶ
3338 1448 3430 1501 τοῦ
3463 1445 3743 1511 Θεολὸγου,

2191 1553 2283 1605 καὶ
2321 1552 2412 1605 τοῦ
2446 1552 2732 1604 θεσπεσίου
2765 1550 3001 1617 Νύσσης,
3036 1544 3311 1597 Βασιλείου
3336 1559 3395 1593 τε
3420 1539 3512 1592 τοῦ
3542 1541 3747 1591 Καισα-

2197 1644 2363 1715 ρείας,
2394 1640 2486 1696 καὶ
2523 1644 2763 1696 Ἰωάννου
2799 1640 2891 1693 τοῦ
2921 1636 3319 1708 Χρυσοστόμου,
3351 1631 3614 1701 Κυρίλλου
3652 1627 3745 1681 τοῦ

2206 1735 2634 1805 Ἀλεξανδρείας,
2687 1735 2780 1786 καί
2812 1732 2917 1785 ’τοῦ
2964 1724 3567 1785 Κωνσταντινουπόλεως
3611 1720 3742 1792 Πρό-

2194 1828 2320 1879 κλου
2343 1842 2356 1856 ·
2390 1826 2523 1879 ἀλλὰ
2569 1826 2631 1897 δὴ
2671 1827 2763 1878 καὶ
2798 1823 3055 1878 Μεθοδίου
3086 1820 3177 1873 τοῦ
3214 1818 3620 1889 ἱερομὰρτυρος,
3656 1812 3750 1866 καὶ
3848 1840 3856 1848 -

2194 1913 2593 1989 Κοδρᾶτου.Ὦν
2622 1920 2775 1970 ἐνίων
2804 1915 2897 1968 καὶ
2928 1916 3109 1985 ῥήσεις
3129 1912 3278 1976 τινας
3303 1913 3331 1963 ὁ
3357 1907 3605 1978 Ἀνδρέας
3625 1906 3750 1957 ἁπο-

2197 2010 2475 2082 σπαρὰξας
2503 2011 2596 2063 καί
2623 2007 3135 2079 παραπλασὰμενος,
3165 2004 3200 2058 ἃ
3226 2004 3281 2056 δὲ
3307 2002 3401 2055 καὶ
3432 1998 3750 2069 κακούργως

2196 2102 2230 2178 ἢ
2266 2104 2357 2157 καὶ
2386 2104 2625 2173 ἀνοήτως
2654 2100 2968 2171 ἐξειληφὼς,
2998 2098 3222 2163 ἐκεῖθεν,
3255 2097 3329 2159 ὡς
3354 2093 3509 2164 ᾤετο,
3540 2092 3641 2163 τὴν
3674 2090 3752 2143 οι-

2195 2196 2349 2252 κείαν
2373 2195 2577 2267 πλάνην
2605 2195 2912 2266 ἐκράτυνεν.

1155 2516 1339 2572 ϐιιιερι
1369 2516 1604 2573 Ολκοειε
1632 2517 1687 2571 ἰη
1718 2515 1994 2588 Sympos.,
2018 2515 2094 2570 odi

2200 2532 2227 2582 ι,
2254 2514 2392 2585 apud
2422 2508 2676 2569 Allatitim
2697 2514 2734 2569 ι.
2758 2529 2830 2577 c.,
2853 2527 2973 2582 pag.
3001 2510 3125 2564 315.

598 2637 935 2710 Virginitatis
954 2637 1143 2701 decus,
1178 2646 1233 2691 et
1266 2635 1606 2690 castimonia:
1626 2634 2086 2704 pulchritudinem

523 2746 647 2786 cum
697 2728 1071 2799 experimento
1105 2727 1417 2791 didicisses,
1447 2742 1481 2781 o
1536 2726 1791 2797 gloriose,
1842 2724 2093 2780 doctrina

524 2828 618 2878 tua
644 2828 699 2875 et
731 2835 1043 2875 sermonum
1087 2826 1371 2873 venustate
1398 2818 1711 2874 universam
1747 2831 1935 2872 eorum
1972 2817 2095 2887 pulo

523 2915 912 2976 chritudinem,
948 2913 1131 2967 divina
1184 2919 1365 2967 mente
1408 2911 1660 2981 praedite,
1710 2917 1763 2965 et
1815 2922 2092 2978 nunquam

527 3008 802 3065 ﬁnientem
864 3005 1193 3060 hilaritatem
1251 3011 1774 3059 commoustras.....
1839 2998 2095 3054 Firmiori

525 3099 648 3152 cibo
676 3096 1043 3166 spiritualium
1091 3096 1467 3150 conviviorum
1498 3103 1717 3149 tuorum
1749 3092 1960 3163 repleti,
2009 3105 2100 3146 sa-

528 3178 889 3257 pientissime,
919 3191 1062 3242 veris
1112 3188 1234 3241 inde
1290 3187 1492 3241 laetitiis
1523 3188 1765 3252 aluntur,
1798 3200 1917 3255 quae.
1959 3200 2099 3238 nun-

527 3293 692 3348 quam
737 3277 1015 3342 deﬁciunt,
1068 3278 1163 3332 sed
1208 3293 1421 3349 semper
1450 3280 1608 3334 novis
1653 3277 1894 3333 ﬁuxibus
1938 3274 2101 3331 simul

530 3382 653 3423 cum
682 3368 1131 3447 participantibus
1159 3375 1496 3424 enascuntur
1523 3376 1576 3424 et
1599 3377 1887 3440 augentur.

2269 2636 2379 2706 Τῆς
2412 2632 2708 2705 παρθενίας
2732 2632 2791 2684 τὸ
2828 2627 3018 2699 σεμνὸν
3042 2627 3136 2680 καὶ
3165 2622 3263 2693 τῆς
3290 2621 3506 2691 ἁγνείας
3538 2621 3596 2673 τὺ
3627 2618 3756 2673 κάλ-

2198 2723 2287 2786 λος
2315 2723 2401 2774 διὰ
2448 2722 2663 2791 πείρας,
2698 2717 2892 2782 ἐνδοξε,
2926 2714 3131 2787 μαθὼν,
3163 2713 3321 2783 σοφίᾳ
3349 2714 3413 2781 τῇ
3445 2713 3506 2779 σῇ
3539 2710 3631 2763 καὶ
3670 2710 3754 2763 λό-

2198 2829 2308 2881 γων
2335 2811 2535 2882 χάριτι,
2556 2812 2734 2861 πᾶσαν
2748 2807 2844 2878 τὴν
2871 2805 3070 2859 τούτων
3091 2802 3344 2871 καλλονὴν
3369 2797 3753 2860 ὑποδεικνύεις,

2202 2903 2446 2974 θεόφρον,
2474 2901 2567 2954 καὶ
2591 2900 2689 2971 τὴν
2718 2896 3068 2974 αίωνίξουσαν
3096 2893 3487 2965 φαιδρότητα...
3522 2891 3757 2959 Στερεω-

2197 2995 2359 3066 τέρας
2394 2992 2591 3061 ἐδωδῆς
2608 2979 2983 3061 πνευματικῶν
3001 2985 3308 3058 συμποσίων
3336 2981 3755 3053 ἐμπλησθέντες,

2201 3089 2460 3154 navasse,
2491 3085 2599 3137 τῶν
2642 3084 2767 3142 σῶν.
2804 3082 2898 3153 τὴν
2940 3082 3104 3144 ὅντως
3146 3079 3351 3151 τρυφὴν
3400 3076 3605 3130 ἐκεῖθεν
3631 3072 3757 3143 τρέ-

2203 3196 2390 3248 φονται
2432 3178 2530 3249 τὴν
2563 3176 2935 3247 διαμένουσαν,
2966 3173 3051 3226 ἀεὶ
3099 3171 3514 3242 συμφυουμένην
3564 3165 3760 3238 aptaa-

2206 3291 2343 3337 στως
2369 3273 2462 3326 καὶ
2488 3269 2916 3340 συναυξουμένην
2941 3269 3050 3329 τοῖς
3079 3266 3410 3336 μετέχουσιν.

2100 3478 2193 3533 XI.

1447 3599 1916 3659 ΜΑιι-ιιιιοιοειωι
1947 3597 2211 3654 Ιῖοιιιιιςωι
2240 3609 2328 3648 xw
2377 3590 2505 3646 Kal.
2537 3588 2798 3645 Octobris.

601 3707 810 3764 Natalis
841 3711 1017 3764 sancti
1048 3709 1329 3776 Methodii,
1361 3708 1573 3782 Olympi
1604 3710 1778 3782 Lyciae
1804 3727 1865 3766 ac
1894 3720 2079 3782 postea
2113 3708 2243 3779 Tyri
2263 3704 2528 3776 episcopi,
2562 3701 2832 3757 sermonis
2857 3697 3036 3753 nitore
3080 3711 3145 3751 ac
3180 3695 3430 3751 doctrina
3468 3693 3764 3758 clarisimi;

531 3805 627 3874 qui
655 3806 721 3860 ad
746 3814 1044 3862 extremum
1074 3807 1386 3863 novissima:
1435 3809 1850 3876 persecutionis,
1877 3816 1935 3861 ut
1967 3805 2154 3863 scribit
2198 3811 2418 3858 sanctus
2460 3798 2838 3870 Hieronymus,
2870 3795 2927 3848 in
2955 3790 3214 3847 Chalcide
3251 3788 3471 3843 Graeciae
3501 3787 3764 3859 martyrio

534 3906 827 3963 corcnatus
853 3907 955 3955 est.

2106 3991 2221 4046 XII.

535 4109 893 4179 licuoaocmu
927 4109 1430 4182 Guicououuasu
1455 4112 1648 4165 Basilii
1680 4113 2008 4180 imperatoris
2028 4110 2218 4235 gari?
2246 4108 2462 4232 iqiﬁtgm,
2497 4101 2565 4157 ad
2594 4100 2727 4154 diem
2756 4097 2827 4152 ‘20
2850 4095 3021 4160 Junii,
3048 4103 3187 4165 part.
3220 4110 3304 4159 ιιι,
3335 4108 3456 4163 pag.
3485 4090 3606 4154 I38,
3634 4089 3768 4144 edit.

609 4302 916 4367 Methodius
965 4302 1169 4359 Christi
1211 4311 1601 4373 sacromartyr,
1633 4302 1700 4357 ab
1725 4300 1950 4356 infantia
1991 4299 2099 4355 Deo

536 4395 856 4450 honorabile
880 4409 976 4449 vas
1019 4396 1258 4464 seipsum
1293 4395 1648 4457 consecravit,
1668 4394 1837 4448 divini
1863 4392 2099 4463 Spiritus

534 4485 942 4565 receptaculum
972 4485 1167 4542 factus.
1192 4486 1371 4552 Quare
1390 4485 1479 4541 Dei
1510 4486 1762 4557 suﬁ'ragio
1786 4488 2099 4556 pontiﬁcatu

537 4577 735 4648 dignus
763 4577 985 4632 eﬁ‘ectus
1010 4586 1127 4635 est:
1159 4586 1479 4649 creatusque
1507 4578 1817 4648 Patarensis
1846 4577 2102 4631 Ecclesiae

538 4666 850 4739 episcopus,
886 4685 1100 4742 gregem
1135 4688 1293 4727 suum
1331 4674 1534 4743 optime
1568 4672 1738 4742 pavit.
1770 4669 2102 4725 Gliscentem

537 4768 719 4813 autem
760 4761 1010 4832 Origenis
1040 4763 1285 4818 haaresim
1320 4779 1569 4826 cernens,
1608 4771 1667 4818 ut
1713 4763 1953 4833 optimus
1999 4775 2098 4828 pa-

539 4851 861 4909 stordivino
884 4853 1222 4922 eloquiorum
1274 4870 1496 4909 suorum
1545 4855 1667 4924 igne
1700 4853 1959 4908 incendit.
1997 4850 2102 4906 Sed

540 4956 665 4994 cum
701 4942 954 4999 inimicus
979 4945 1229 5001 diabolus
1260 4946 1379 5015 ejus
1413 4947 1716 5001 libertatem
1746 4953 1798 4997 et
1843 4950 2104 5003 constan-

539 5033 669 5105 tiam
692 5032 832 5088 ferre
862 5049 971 5089 non
998 5044 1203 5108 posset,
1236 5039 1496 5093 satellites
1521 5051 1653 5091 suos
1683 5036 1739 5089 in
1766 5035 1886 5101 ejus
1916 5046 2103 5089 necem

538 5124 788 5195 armavit.
825 5124 918 5204 Ille
951 5140 1080 5179 vero
1142 5136 1434 5197 antequam
1479 5128 1740 5197 martyrio
1770 5126 2103 5197 fungeretur,

538 5230 661 5268 cum
687 5218 1159 5272 mortiﬁcationem
1180 5219 1448 5272 viviﬁcam
1473 5218 1760 5283 induisset,
1788 5227 1841 5272 et
1863 5218 2105 5287 quotidie

538 5318 812 5364 mortuum
844 5327 901 5367 se
946 5319 1227 5382 reputaret
1272 5311 1572 5367 secundum
1606 5310 1848 5365 divinum
1887 5319 2106 5380 aposto-

539 5466 758 5520 aiiuude
813 5481 1055 5536 aspersa,
1089 5465 1181 5521 sed
1211 5464 1280 5536 ab
1331 5463 1451 5536 ipso
1494 5462 1698 5536 Dialogi
1752 5472 1977 5518 auctore
2024 5463 2107 5517 in-

537 5547 682 5601 serta
709 5533 1017 5602 videantur,
1046 5553 1141 5605 pro
1172 5535 1293 5603 ejus
1322 5535 1420 5587 azvi
1468 5533 1837 5605 simplicitate,
1872 5547 1924 5589 et
1947 5542 2104 5589 ante-

536 5623 699 5675 quam
732 5609 815 5661 vel
854 5604 1103 5673 Θεολογία
1134 5605 1218 5658 vel
1240 5604 1519 5675 οἰκονομία
1547 5604 1853 5673 (Trinitatis
1896 5606 2107 5659 scilicet

536 5674 591 5730 et
616 5677 1016 5731 incarnationis
1064 5675 1336 5739 doctrina)
1366 5674 1722 5729 caneiliorum
1769 5674 2101 5744 generalium

536 5747 679 5809 lure,
710 5747 924 5801 erudita
963 5745 1185 5798 Patrum
1208 5755 1383 5810 atate,
1421 5747 1710 5801 occasione
1731 5748 2103 5799 enascentium

536 5832 785 5869 errorum
817 5830 881 5870 ac
909 5816 1206 5883 haereseon,
1242 5818 1661 5874 satisillustrata
1689 5825 1853 5871 esset.
1886 5815 1941 5869 Si
1965 5814 2095 5884 quid

540 5900 667 5947 vero
723 5887 885 5947 altius
940 5890 1112 5959 pressi
1170 5891 1389 5957 stylum,
1449 5889 1721 5957 indulgeat
1770 5888 1962 5950 lector,
1997 5901 2096 5940 nec

2280 4292 2541 4356 Μεθόδιος
2588 4290 2617 4341 ὁ
2664 4288 2756 4342 τοῦ
2804 4286 3036 4360 Χριστοῦ
3091 4283 3414 4357 ἱερομάρτυς
3444 4285 3507 4335 ἐκ
3542 4280 3771 4352 βρέφους

2208 4386 2396 4442 ἑαυτὸν
2422 4382 2498 4453 τῷ
2518 4379 2637 4451 Θεῷ
2659 4378 2894 4445 ἀναθεὶς,
2930 4377 3116 4440 σκεῦος
3141 4377 3316 4446 τίμιον
3337 4374 3430 4427 καὶ
3452 4372 3653 4442 δοχεῖον
3678 4369 3770 4423 τοῦ

2208 4482 2351 4536 θείου
2377 4477 2693 4547 Πνεύματος
2726 4470 3135 4541 γέγονεν.’⁸υοεν
3178 4467 3269 4521 καὶ
3313 4466 3477 4537 ψήφῳ
3509 4462 3643 4516 Θεοῦ
3676 4461 3772 4532 τῆς

2208 4568 2613 4643 ἀρχιερωσύνης
2646 4563 2915 4629 ἀξιωθεὶς,
2937 4561 3027 4614 καὶ
3056 4560 3151 4629 τῆς
3176 4561 3231 4612 ἐν
3264 4558 3534 4627 Πατάροις
3547 4553 3774 4623 Ἐκκλη·

2209 4666 2327 4726 σίας
2355 4660 2645 4722 ἐπίσκοπος
2670 4656 2925 4726 γεγονὼς,
2959 4652 3134 4715 καλῶς
3167 4651 3423 4719 ἐποίμανε
3445 4649 3504 4701 τὸ
3528 4647 3774 4715 ποίμνιον

2210 4755 2423 4811 ἐαυτοῦ.
2458 4754 2548 4806 Διὸ
2589 4751 2684 4806 καὶ
2715 4752 2815 4820 τὴν
2861 4747 3166 4819 Ὠριγένους
3210 4745 3416 4815 αἵρεσιν
3454 4739 3774 4803 πλεονάζου-

2212 4866 2311 4903 σαν
2341 4846 2481 4912 ίδὼν,
2511 4847 2586 4908 ὼς
2616 4843 2833 4915 ἀριστος
2861 4837 3058 4910 ποιμὴν
3090 4837 3167 4908 τῷ
3196 4836 3322 4907 Θείῳ
3362 4833 3496 4905 πυρὶ
3525 4832 3631 4884 τῶν
3674 4830 3774 4883 αύ-

2207 4940 2300 4994 τοῦ
2331 4938 2504 5007 λόγων
2533 4933 2849 5004 κατέφλεξε.
2886 4932 2995 4985 Καὶ
3022 4931 3094 5002 μὴ
3128 4929 3305 5000 φέρων
3330 4928 3359 4981 ὁ
3389 4924 3579 4995 ἐχθρὸς
3605 4922 3776 4976 διάὁσ-

2209 5031 2298 5094 λος
2322 5031 2418 5101 τὴν
2441 5028 2603 5083 αὐτοῦ
2632 5025 2938 5099 παῤῥησίαν
2967 5024 3059 5077 καὶ
3079 5022 3347 5082 ἔνστασιν,
3374 5016 3635 5097 ἐξώπλισε
3652 5015 3777 5077 τοὺς

2211 5121 2373 5175 αὑτοῦ
2396 5121 2696 5189 ὑπουργοὺς
2723 5118 2854 5189 πρδς
2878 5117 2973 5187 τὴν
2994 5114 3184 5167 τούτου
3211 5110 3507 5181 αναίρεσιν.
3525 5108 3581 5160 '0
3606 5107 3662 5160 δὲ
3684 5104 3780 5159 καὶ

2212 5216 2317 5286 πρὸ
2344 5213 2433 5267 τοῦ
2461 5213 2687 5266 θανάτου
2720 5210 2819 5280 τῆς
2848 5206 3009 5262 αὑτοῦ
3036 5203 3337 5276 μαρτυρίας
3358 5199 3621 5271 νέκρωσιν
3646 5199 3779 5268 Corq-

2213 5306 2373 5375 φόρον
2406 5303 2779 5372 ἐνδυσάμενος,
2815 5300 2908 5353 καὶ
2937 5297 3055 5351 καθ’
3085 5294 3321 5363 ἑκάστην
3355 5292 3563 5362 ἡμέραν
3585 5288 3777 5361 νεκρὸν

2210 5464 2339 5517 mihi
2394 5464 2591 5523 solum,
2644 5461 2739 5515 sed
2766 5470 2819 5515 et
2872 5458 2981 5514 illis
3006 5455 3238 5527 gratiam
3279 5451 3473 5527 habeat
3519 5448 3609 5527 qui
3642 5445 3778 5527 mihi

2209 5516 2360 5603 operi
2394 5516 2740 5603 praeit-erunt,
2798 5516 3079 5603 bonasque
3125 5526 3288 5580 horas
3320 5516 3777 5603 adornandophl‘e-

2209 5589 2408 5658 tliodii'
2435 5605 2537 5657 hoc
2590 5589 2838 5657 Convivia
2887 5599 3226 5652 collocarunt
3253 5608 3316 5647 ac
3362 5591 3569 5644 utiliter
3592 5589 3780 5668 edide-

2208 5683 2337 5728 runt
2372 5694 2383 5727 :
2412 5690 2511 5729 nec.
2533 5673 2674 5728 desit
2701 5674 2860 5732 forte,
2895 5670 2987 5722 ubi
3015 5684 3100 5722 ine
3147 5679 3362 5736 quoque
3393 5677 3498 5715 non
3520 5667 3657 5736 satis
3687 5673 3779 5709 ast

2209 5751 2454 5798 secutum
2486 5742 2745 5797 Methodii
2776 5748 3013 5794 mentem
3061 5732 3182 5806 ipse
3227 5732 3631 5806 deprehendas;
3656 5741 3777 5795 qua:

2208 5830 2327 5868 mea
2375 5826 2558 5869 errata
2612 5814 2849 5867 candore
2904 5818 2997 5863 tuo
3052 5799 3214 5863 'v'clim
3258 5799 3530 5858 emendes.
3565 5799 3776 5859 Cous;-

2204 5900 2305 5938 FIS.
