4140 6482
452 467 517 517 :5
1677 460 1999 536 verrinum
2044 484 2477 544 TESTIMONIA.
3568 482 3575 490 '
3602 493 3671 548 κθ

450 582 641 683 educo:
682 583 1024 655 λογιζόμενος
1053 590 1190 641 κατά
1237 590 1327 645 τὸν
1369 592 1509 648 θεῖον
1552 596 1847 653 ἀπόστολον
1879 602 2002 656 Παῦ·

2116 606 2227 661 lum
2278 607 2528 675 Paulum,
2568 609 2712 665 ferro
2741 617 2991 665 sanctum
3021 624 3085 664 ac
3110 609 3326 664 beatum
3355 619 3516 682 caput
3534 612 3671 683 pia:-

450 675 557 739 λον,
591 675 733 746 ξίφει
776 679 872 750 τὴν
933 680 1081 752 ἱερὰν
1121 682 1212 735 καὶ
1264 687 1538 756 μακαρίαν
1581 689 1743 743 αὐτοῦ
1771 692 2008 765 κεφαλὴν

449 766 802 837 ἀποτμηθεὶς,
851 766 987 839 πρὸς
1038 770 1239 844 Κύριον
1299 774 1597 850 ἐξεδήμησέ
1664 780 1865 853 χαίρων
1917 786 2010 838 καὶ

450 855 830 931 ἀγαλλόμενος.

2114 697 2402 756 cidendum
2426 701 2641 769 obtulit,
2672 709 2726 758 et
2752 702 2908 789 laetus
2935 700 3285 773 gaudensque
3302 700 3370 757 ad
3386 702 3671 760 Dominum

2115 790 2401 863 migravit..

1996 986 2135 1043 Xlll.

1456 1104 1666 1166 Auctor:
1686 1106 2061 1170 Susanna
2090 1110 2310 1179 Menam,
2330 1112 2415 1168 die
2437 1113 2506 1168 to
2527 1111 2682 1168 Julii.

522 1219 631 1273 Τοῦ
663 1220 832 1289 ἁγίου
855 1224 1269 1353 ίερομὰρῆυρὲς
1302 1233 1588 1290 Μεθοδίου
1609 1237 1941 1292 ἐπισκόπου

1131 1319 1203 1353 ατ
1244 1320 1380 1353 οων.

1131 1319 1380 1369 αταρων.

517 1378 682 1451 Οὗτος
714 1389 743 1441 ὁ
775 1390 1062 1463 μακάριος,
1096 1394 1159 1445 ὲκ
1187 1393 1390 1448 παίδων
1426 1396 1615 1450 ἑαυτὸν
1636 1397 1714 1468 τῷ
1741 1398 1860 1469 Θεῷ
1887 1401 2011 1454 ἁναρ

446 1479 580 1547 θεὶς,
632 1480 823 1546 σκεῦος
857 1482 995 1537 θεῖον
1035 1486 1128 1539 καὶ
1152 1485 1355 1557 δοχεῖον
1390 1487 1533 1541 θείου
1580 1488 1894 1561 Πνεύματος
1924 1491 2009 1560 γέ-

445 1571 789 1638 γονεν.”Οθεν
831 1574 923 1626 καὶ
966 1575 1069 1628 ὑπὸ
1106 1576 1204 1648 τῆς
1229 1577 1378 1642 θείας
1404 1578 1622 1650 χάριτος
1648 1580 1746 1651 τὴν
1783 1581 2005 1653 ἱερωσύ-

444 1681 540 1735 νην
568 1664 732 1737 ψήφῳ
765 1667 897 1721 Θεοῦ
919 1668 1116 1735 λαϐὼν,
1144 1671 1324 1735 καλῶς
1349 1674 1441 1727 καὶ
1466 1673 1722 1742 θεοφιλῶς
1749 1675 2008 1747 ὲποίμανε

444 1756 503 1810 τὸ
529 1758 885 1829 ἐμπιστευθὲν
923 1761 1070 1831 αὐτῷ
1094 1761 1358 1833 ποίμνιον,
1390 1764 1566 1832 λόγοις
1593 1766 1884 1837 προσηνέσι
1918 1785 2011 1821 κα-

443 1851 748 1919 ταφωτίσας
774 1852 834 1906 τὸ
864 1853 962 1924 τῆς
1006 1854 1327 1924 Ἐκκλησίας
1353 1856 1641 1928 πλήρωμα.
1678 1858 1767 1910 Διὸ
1795 1859 1889 1911 καὶ
1908 1859 2007 1928 τὴν

456 1941 758 2013 Ὠριγένους
800 1945 1003 2016 πλάνην
1046 1947 1471 2012 ἐπιπολάζουσαν
1515 1948 1655 2016 ἰδὼν,
1691 1948 1767 2013 ὡς
1792 1950 2009 2020 ἀριστος

2222 1239 2408 1293 Sancti
2437 1238 2685 1309 martyris
2708 1234 2960 1290 Methodii
2980 1232 3206 1305 episcopi
3232 1229 3566 1287 Pataremis.

2178 1399 2279 1457 Hic
2306 1401 2497 1456 beatus
2518 1399 2623 1465 vir,
2654 1412 2778 1454 cum
2803 1411 2834 1452 a
2855 1411 3024 1468 puero
3048 1412 3108 1452 se
3135 1394 3247 1451 Deo
3269 1402 3666 1461 consecrasset,

2112 1493 2205 1550 Dei
2228 1478 2505 1548 vasculum
2536 1505 2599 1545 ac
2631 1488 2867 1560 Spiritus
2904 1487 3080 1544 sancti
3109 1483 3669 1563 conceptaculumrj'a-

2110 1593 2231 1640 ctus
2250 1589 2353 1639 est.
2404 1580 2560 1637 Unde
2593 1591 2646 1636 et
2692 1579 2875 1635 divina
2929 1576 3104 1649 gratia
3154 1574 3368 1659 Deique
3387 1571 3665 1645 sutl‘ragio,

2108 1676 2417 1733 sacerdotio
2448 1682 2722 1745 suscepto,
2752 1671 3019 1727 creditum
3057 1667 3159 1725 sibi
3191 1654 3406 1739 gregem
3438 1668 3576 1722 bene
3602 1681 3670 1722 ac

2109 1781 2345 1838 congrua
2390 1766 2607 1836 pietate,
2656 1761 2915 1817 Ecclesiae
2964 1766 3168 1814 coetum
3223 1757 3485 1814 suavibus
3543 1755 3670 1810 illu-

2111 1865 2297 1913 strans
2319 1855 2571 1924 eloquiis,
2600 1853 2766 1923 pavit.
2800 1850 2976 1917 Quare
2999 1850 3184 1915 etiam,
3223 1862 3348 1902 cum
3386 1845 3670 1916 Origenia-

2109 1962 2239 2001 num
2255 1960 2496 2001 errorem
2520 1959 2742 2021 novum].
2757 1949 3121 2012 emergentem
3150 1938 3377 2003 videret,
3407 1944 3669 2007 tanquam

442 2031 644 2103 ποιμὴν
686 2034 818 2105 πυρὶ
867 2035 995 2106 θείῳ
1048 2036 1249 2106 ταύτην
1297 2039 1619 2108 κατέφλεξε,
1674 2042 1852 2094 πᾶσαν
1908 2039 2002 2109 τὴν

2107 2039 2281 2094 bonus
2302 2044 2507 2108 pastor,
2525 2034 2711 2101 divino
2729 2033 3030 2088 combussit
3044 2030 3176 2102 igni,
3201 2029 3412 2100 dejecta
3438 2043 3668 2099 prorsus

441 2120 608 2190 ἀχλὺν
648 2124 744 2175 καὶ
777 2124 1135 2193 σκοτόμαιναν
1168 2124 1476 2195 ὲκμειώσας
1522 2128 1683 2199 σοφίᾳ
1712 2127 1881 2197 λόγων
1912 2130 2005 2182 καὶ

445 2209 562 2281 θείᾳ
601 2213 802 2283 χάριτι.
821 2214 884 2266 Ἦ
926 2215 983 2268 δὲ
1014 2214 1121 2268 τῶν
1150 2216 1321 2284 λόγων
1346 2218 1508 2272 αὐτοῦ
1540 2220 1815 2291 ἀστραπὴ,
1845 2221 1939 2273 καὶ
1967 2222 2000 2291 ἡ

443 2302 537 2372 τῆς
564 2302 814 2370 γνώσεως
845 2306 1095 2375 σάλπιγξ.
1113 2310 1198 2374 εὶς
1221 2307 1425 2363 πᾶσαν
1446 2309 1558 2378 τὴν
1581 2310 1697 2382 γῆν
1722 2310 2006 2377 ἐξελήλυ-

440 2398 744 2451 θεν.³Ὀθεν
772 2399 847 2470 μὴ
871 2400 1051 2471 φέρων
1079 2402 1107 2453 ό
1140 2402 1330 2473 ἐχθρὸς
1350 2402 1446 2474 τὴν
1468 2404 1779 2474 παρρησίαν
1810 2404 1902 2457 καὶ¹
1929 2404 2004 2457 ἐν·

440 2500 626 2539 στασιν
652 2486 744 2541 τοῦ
796 2490 1050 2559 μεγάλου,
1089 2491 1296 2556 ὁπλίζει
1329 2493 1453 2555 τοὺς
1478 2493 1668 2546 ἑαυτοῦ
1701 2495 2003 2565 ὑπουργοὺς

439 2576 575 2647 πρὸς
607 2578 706 2649 τὴν
751 2578 940 2633 τούτου
977 2581 1274 2653 ἀναίρεσιν.
1304 2582 1361 2634 '0
1403 2582 1460 2635 δὲ
1497 2583 1601 2655 πρὸ
1646 2585 1744 2654 τῆς
1794 2602 2000 2655 μαρτυ-

442 2667 560 2737 ρίας
586 2668 849 2740 νέκρωσιν
879 2662 1156 2742 ζωηφόρον
1189 2673 1563 2743 ἐνδυσάμενος,
1598 2673 1739 2743 ξίφει
1766 2674 1863 2746 τὴν
1907 2693 2000 2729 κε-

440 2759 612 2831 φαλὴν
640 2761 887 2831 τμηθεὶς,
918 2763 1051 2834 πρὸς
1087 2763 1183 2834 τὴν
1216 2765 1497 2835 κρείττονα
1526 2764 1667 2836 ζωὴν
1699 2766 1955 2837 μετετέθη
1984 2784 1997 2797 ο

440 2850 649 2922 πρῶτον
700 2853 795 2922 μὲν
847 2854 1141 2925 ίερουργῶν
1169 2855 1261 2908 τὸν
1299 2857 1493 2927 Ἀμνὸν
1535 2856 1627 2909 τοῦ
1661 2856 1816 2919 Θεοῦ,
1845 2856 2001 2911 ῦστε-

440 2961 532 3016 ρον
559 2945 614 2999 δὲ
649 2945 927 3017 θυόμενος,
958 2950 1235 3022 προσήχθη
1258 2949 1336 3021 τῷ
1369 2950 1588 3023 Χριστῷ
1628 2951 1783 3004 θυσία
1829 2952 1996 3016 ζῶσα.

441 3035 600 3090 Ὅθεν
628 3038 720 3090 καὶ
747 3039 952 3102 διπλοῖς
980 3040 1259 3109 στεφάνοις
1298 3042 1698 3113 κατεκοσμήθη.
1718 3043 1774 3095 '0
1795 3042 1851 3096 δὲ
1878 3060 2000 3111 γεν-
2058 3112 2063 3115 η

437 3129 582 3190 ναῖος
613 3127 892 3199 πρόμαχος
917 3130 1016 3201 τῆς
1037 3130 1311 3201 ἀληθείας,
1342 3132 1536 3202 αἵμασι
1568 3135 1920 3203 μαρτυρικοῖς
1938 3133 1998 3188 τὸ

436 3218 587 3283 τέλος
632 3219 1091 3292 ἀπενεγκάμενος,
1124 3222 1463 3276 ἀνεπαύσατο
1488 3223 1735 3288 αίωνίως.
1771 3224 1941 3289 Αὐτὸς
1969 3227 1999 3281 ό

442 3309 583 3374 θεῖος
607 3309 690 3378 τῷ
715 3310 826 3365 ὄντι
852 3312 944 3365 τοῦ
986 3312 1119 3366 Θεοῦ
1150 3313 1324 3385 ἱερεύς
1359 3331 1419 3367 τε
1450 3315 1543 3367 καὶ
1579 3315 1784 3385 μάρτυς
1805 3356 1820 3379 ,
1867 3333 1999 3369 κατ-

438 3401 625 3455 έλιπεν
648 3405 779 3473 ἡμῖν
802 3405 1206 3476 συγγράμματα
1228 3407 1326 3476 τῆς
1344 3406 1507 3460 αὑτοῦ
1528 3406 1857 3475 φιλοπονίας,
1888 3406 1995 3461 πά⁴

439 3509 539 3562 σης
591 3492 841 3562 γνώσεως
884 3496 976 3549 καὶ
1016 3496 1279 3565 ὠφελείας
1316 3498 1668 3568 τυγχάνοντα.
1702 3497 1860 3551 Ἀλλά
1905 3498 1998 3553 καὶ

444 3583 571 3654 περὶ
618 3583 727 3636 τῶν
770 3586 1031 3655 μενόντων
1082 3588 1390 3655 σαφέστατα
1454 3570 1814 3661 προεθέσπισε
1837 3629 1853 3655 ,
1905 3591 1999 3645 καὶ

438 3675 840 3747 προηγόρευσεν
881 3677 1299 3749 εὐκρινέσταταο
1332 3680 1459 3753 περί
1494 3698 1554 3733 τε
1595 3680 1691 3745 τάς
1735 3680 1997 3752 βασιλέων

435 3766 735 3836 ἐναλλαγάς
789 3768 882 3820 καὶ
937 3769 1234 3839 μεταϐολὰς
1288 3771 1381 3825 καὶ
1435 3773 1814 3843 μεταποιήσεις
1832 3811 1847 3836 ,
1901 3774 1996 3826 καὶ

435 3856 604 3911 ὲθνῶν
633 3857 923 3929 ἐκδρομὰς,
960 3860 1053 3912 καὶ
1079 3861 1271 3931 χωρῶν
1326 3863 1419 3915 καὶ
1464 3863 1645 3915 τόπων
1691 3862 1997 3934 ὲρημὼσεις

435 3950 529 4004 καὶ
573 3950 946 4021 ἀφανισμούς·
984 3951 1110 4022 περί
1137 3969 1197 4005 τε
1233 3952 1526 4024 ὀρθοδόξων
1567 3955 1664 4008 καὶ
1705 3955 1995 4026 αἰρετικῶν

437 4041 696 4112 βασιλέων
714 4059 728 4073 ο
763 4043 858 4095 καὶ
886 4044 1013 4115 περὶ
1043 4044 1142 4114 τῆς
1176 4046 1477 4110 συντελείας
1506 4048 1599 4101 τοῦ
1629 4048 1833 4118 κόσμου
1859 4065 1872 4078 ·
1904 4048 1997 4101 καὶ

430 4133 564 4204 περὶ
595 4131 689 4186 τοῦ
731 4134 1097 4205 Ἀντιχρίστου
1141 4136 1358 4207 καὶτῆς
1384 4138 1546 4191 αὐτοῦ
1581 4137 1873 4209 βασιλείας,
1904 4139 1997 4192 καὶ

429 4222 527 4276 τοῦ
577 4225 881 4296 ἀφανισμοῦ
925 4227 1018 4280 καὶ
1061 4228 1415 4305 ⁴τὶοινολεθρίας
1467 4232 1642 4301 πάσης
1675 4231 1873 4302 σαρκὸς
1901 4231 1995 4285 ἀν-

434 4313 724 4387 θρωπίνης.
754 4318 938 4372 Ταῦτα
982 4319 1156 4377 πάντα
1204 4322 1511 4391 σαφέστατα
1569 4324 1598 4376 ό
1645 4323 1785 4387 θεῖος
1842 4316 1996 4388 οὗτος

436 4403 812 4473 προεθέσπισε.

501 4557 581 4634 (ο)
610 4560 835 4634 Exstant
862 4564 1107 4634 quaedam
1138 4566 1400 4622 Methodii
1432 4568 1604 4622 nostri
1634 4568 1700 4624 de
1718 4569 1995 4625 Antichri-

346 4656 353 4673 ι
434 4635 520 4707 sto
549 4632 736 4709 Latine
764 4632 903 4709 edita
938 4635 993 4709 in
1026 4636 1181 4709 Bibl:
1196 4636 1420 4690 Patrum
1452 4638 1636 4693 Colon.
1681 4653 1745 4692 ac
1794 4655 1993 4709 nuper-

2107 2128 2334 2198 caligine
2362 2134 2416 2182 et
2459 2125 2693 2181 obscura
2725 2129 2905 2189 nocte,
2946 2134 3258 2177 sermonum
3284 2118 3573 2200 sapientia
3602 2132 3668 2171 ac

2106 2218 2279 2289 gratia
2307 2217 2508 2272 divina.
2532 2214 2723 2281 Porro,
2762 2227 3074 2270 sermonum
3100 2211 3218 2281 ejus
3241 2211 3413 2265 instar
3434 2208 3668 2279 fulguris

2104 2310 2315 2365 micans
2339 2308 2613 2378 splendor,
2650 2324 2715 2363 ac
2765 2308 3008 2364 scientiae
3034 2307 3181 2370 tuba,
3237 2307 3292 2359 in
3326 2320 3527 2358 onmem
3558 2314 3665 2358 ter-

2104 2418 2219 2455 ram
2245 2401 2421 2475 exivit.
2473 2399 2659 2470 quue
2700 2414 2809 2454 non
2846 2398 3025 2453 ferens
3071 2396 3244 2452 hostis
3271 2395 3515 2466 praeclari
3561 2394 3668 2449 viri

2103 2491 2407 2547 libertatem
2438 2505 2847 2561 pugnacemque
2874 2478 3135 2543 adversus
3167 2487 3348 2557 ipsum
3371 2486 3668 2541 contentio-

2102 2598 2246 2650 nem,
2277 2597 2406 2639 suos
2424 2584 2478 2637 in
2500 2584 2619 2653 ejus
2639 2598 2825 2638 necem
2855 2588 3026 2636 armat
3050 2579 3352 2635 ministros.
3404 2577 3455 2632 ls
3482 2586 3667 2633 autem

2048 2676 2055 2685 ‘
2102 2675 2193 2745 qui
2223 2682 2349 2730 ante
2395 2675 2723 2747 martyrium
2757 2673 3023 2729 viviﬁcam
3070 2668 3544 2726 mortiﬁcationem
3587 2669 3668 2724 in-

2101 2766 2329 2832 duisset,
2362 2772 2646 2836 amputato
2675 2764 2872 2835 capite,
2907 2762 2974 2817 ad
2994 2762 3271 2817 meliorem
3298 2759 3463 2814 vitam
3495 2768 3667 2816 trans-

2101 2858 2243 2914 latus
2263 2863 2347 2913 est
2370 2875 2385 2925 ;
2410 2873 2642 2928 cumque
2674 2856 2909 2926 primum
2976 2853 3070 2910 Dei
3097 2854 3305 2925 Agnum
3333 2853 3663 2919 immolaret,

2100 2949 2215 3019 ipse
2244 2949 2588 3019 postmodum
2619 2948 2946 3010 immolatus,
2965 2946 3184 3002 oblatus
3206 2953 3291 3002 est
3317 2944 3537 3000 Christo
3569 2943 3667 2999 bo-

2100 3041 2204 3095 stia
2228 3039 2435 3095 vivens.
2474 3036 2628 3094 Unde
2659 3037 2823 3094 etiam
2876 3036 3145 3106 duplicem
3178 3051 3433 3090 coronam
3464 3049 3664 3091 conse-

2097 3138 2259 3189 cutus
2287 3139 2392 3188 est.
2419 3116 2884 3201 Strenuusjtaque
2912 3129 3151 3185 veritatis
3181 3129 3349 3199 pugil,
3376 3144 3498 3183 cum
3525 3143 3666 3182 mar-

2098 3223 2224 3296 tyrii
2249 3223 2512 3293 sanguine
2550 3223 2838 3294 gloriosam
2871 3228 3202 3293 reportasset
3233 3222 3413 3287 tinem,
3455 3218 3664 3289 sempi-

2100 3322 2314 3371 ternum
2343 3315 2629 3385 requievit.
2663 3313 2762 3369 Hic
2789 3315 2952 3382 plane
2984 3296 3328 3369 admirabilis
3350 3311 3447 3366 Dei
3480 3324 3664 3365 sacer-

2098 3407 2199 3463 dos
2227 3414 2281 3462 et
2307 3412 2513 3476 martyr
2527 3406 2696 3460 libros
2717 3405 2875 3459 nobis
2900 3405 2996 3459 abs
3019 3388 3078 3459 se
3097 3403 3402 3458 elaboratos
3420 3400 3660 3471 reliquit,

2099 3497 2325 3552 scientia
2350 3496 2498 3552 omni
2533 3496 2722 3565 plenos
2750 3509 2814 3549 ac
2842 3493 3184 3548 utilissimos.
3216 3491 3356 3563 Quin
3393 3500 3446 3545 et
3488 3488 3665 3544 defu-

2097 3591 2236 3647 turis
2258 3589 2561 3646 clarissime
2582 3585 2911 3641 vaticinatus
2938 3593 3043 3648 est,
3068 3598 3131 3639 ac
3160 3595 3421 3652 perquam
3451 3579 3663 3650 perspi-

2097 3700 2197 3741 cue
2226 3682 2504 3755 praedixit;
2538 3695 2761 3750 nempe,
2803 3678 2947 3750 quod
2995 3684 3204 3749 spectat
3249 3676 3317 3732 ad
3372 3689 3663 3748 regnorum

2096 3777 2350 3847 utrinque
2371 3774 2717 3834 mutationes,
2740 3771 2977 3843 gentium
3005 3769 3376 3835 excursiones,
3395 3769 3662 3824 locorum-

2096 3883 2201 3939 que
2229 3883 2292 3922 ac
2323 3867 2600 3937 regionum
2631 3864 2983 3919 vastationes.
3014 3861 3147 3917 Item
3186 3861 3331 3931 quod
3374 3861 3441 3915 ad
3470 3860 3660 3916 ortho-

2096 3959 2266 4016 doxos
2286 3976 2438 4032 reges
2467 3968 2522 4015 et
2547 3958 2861 4023 haereticos,
2896 3972 2997 4014 nec
3029 3971 3139 4011 non
3183 3956 3329 4028 quod
3367 3955 3435 4011 ad
3472 3954 3662 4010 mundi

2096 4052 2647 4117 consummationem,
2707 4057 2871 4120 atque
2919 4047 2995 4120 (α)
3043 4048 3111 4104 ad
3162 4040 3558 4103 Antichristum
3606 4052 3662 4102 et

2094 4146 2214 4217 ejus
2260 4161 2508 4217 regnum,
2540 4143 2842 4214 mundique
2893 4128 3353 4220 destructionem,
3385 4155 3449 4194 ac
3481 4138 3660 4194 omnis

2094 4238 2346 4293 humanm
2372 4237 2557 4293 carnis
2588 4237 2888 4292 interitum.
2915 4235 3063 4300 Haec,
3096 4236 3337 4306 inquam,
3368 4231 3549 4289 omnia
3576 4230 3660 4286 vir

2094 4327 2326 4384 eximius
2354 4327 2657 4384 clarissime
2688 4326 3010 4382 vaticinatus
3042 4332 3145 4380 est.

2090 4568 2327 4640 jicienda
2356 4568 2564 4640 putavi,
2607 4566 2890 4622 deﬁciente
2921 4563 3108 4640 Graeco
3151 4562 3357 4640 codice,
3386 4561 3451 4614 ad
3497 4573 3658 4630 quem

2094 4631 2422 4700 conferrem,
2451 4648 2505 4692 et
2533 4631 2678 4709 opus
2695 4645 2876 4709 totum‘
2886 4634 3266 4709 expenderent.
3294 4631 3437 4709 Sane
3467 4640 3522 4709 ut
3548 4645 3657 4683 non

349 4719 352 4722 ‘
596 4697 1194 4792 gefisﬂuipsaiortenad'
1213 4724 1335 4789 quae
1354 4709 1574 4792 respicit
1608 4715 1797 4792 auctor
1826 4697 1994 4792 Syna-
2023 4706 2069 4766 Ι)
2095 4711 2273 4792 placet
2306 4697 2473 4762 nimia
2504 4697 3657 4792 in‘hujusmodiupmpbetispropnetiisqhue

428 4769 578 4841 ararit“
620 4769 705 4840 (‘),
737 4769 1041 4841 quanquam
1086 4769 1415 4832 Bellarmino
1444 4769 1757 4833 'videantur
1808 4769 1991 4835 minus
2095 4769 2246 4835 extra
2274 4793 2537 4833 canonem
2576 4769 2891 4840 credulitas,
2909 4769 2984 4828 it'a
3010 4769 3113 4828 nec
3145 4769 3317 4827 levius
3336 4769 3652 4841 spreverim,

431 4837 549 4890 viro
567 4837 965 4916 sanctoldigna.
998 4843 1140 4898 Nihil
1168 4863 1267 4916 ego
1296 4849 1781 4916 pronuntiaverim,
1806 4865 1866 4903 re
1888 4852 1993 4903 mi-

428 4920 537 4980 nus
568 4909 701 4963 mihi
729 4908 1010 4981 discussa;
1049 4929 1113 4969 ac
1135 4908 1236 4971 nec
1266 4908 1624 4973 Hethodianis
1661 4908 1864 4975 nostris
1895 4920 1991 4974 ad-

2094 4850 2139 4903 si
2193 4864 2301 4919 qua
2334 4849 2659 4919 praesertim
2694 4848 2842 4904 velut
2878 4838 3198 4902 sanctorum
3218 4838 3462 4911 antiqua
3515 4838 3656 4893 obti-

2095 4918 2278 4975 neant.
2317 4918 2602 4975 COIBEFIS.

577 5061 691 5137 ῌιεο
714 5064 843 5113 haud
860 5065 1266 5137 dubie-methodii
1282 5072 1493 5137 junioris
1512 5078 1646 5137 sunt.
1672 5074 2197 5137 Constantinopolitani
2218 5074 2524 5137 patriarchas,
2548 5085 2676 5125 anno
2698 5070 2793 5123 8&6
2813 5068 3064 5136 defuncti.
3088 5066 3209 5119 Vide
3228 5063 3434 5116 Fabricii
3450 5060 3655 5128 :Biblio-

426 5117 611 5175 Micam
631 5125 870 5188 amcam,
889 5127 968 5177 ed.
989 5117 2006 5198 narres,“caritates713353;;:
