4140 6422
254 405 323 461 29
1332 400 1712 458 CONVIVIUM
1754 401 1980 457 DECEM
2017 401 2378 458 VIRGINUM.
3389 411 3465 466 50

252 523 474 594 ἁγνείας
523 523 728 592 λόγων,
762 522 904 586 τίνες
944 519 1100 593 ἦσαν.
1141 523 1276 576 Φασὶ
1320 521 1426 596 γὰρ
1467 522 1670 594 σφόδρα
1713 540 1804 593 με-

1909 521 1977 576 de
2009 521 2326 578 castimonia
2377 537 2658 579 sermones
2714 521 3077 578 contulerunt.
3124 522 3291 578 Aiunt
3315 527 3460 580 enim

252 612 608 685 γαλοπρεπῶς
648 611 818 675 οὕτως
859 611 1025 675 αὐτὰς
1070 611 1161 664 καὶ
1207 609 1438 683 ἰσχυρῶς
1477 609 1806 680 ἠγωνίσθαι,

253 706 328 769 ὡς
354 705 577 776 μηδενὸς
609 701 745 757 εἶναι
771 703 878 756 τῶν
909 706 987 768 είς
1009 704 1068 757 τὺ
1099 704 1474 775 περικείμενον
1505 703 1810 772 ἀναγκαίων

252 797 500 860 ἐπιδεεῖς.
539 798 602 850 Et
635 791 727 850 οὖν
773 797 956 866 ἐτέρου
1005 796 1147 857 τινὸς
1201 796 1360 849 ἓνεκα
1411 791 1602 867 ἦλθες,
1652 795 1811 849 τοῦτο

254 888 495 952 εἰσαῦθις
527 888 960 960 ἀναϐαλλομένη,
1007 887 1079 959 μὴ
1130 889 1363 960 ὀκνήσῃς
1407 887 1531 952 νῦν,
1571 888 1697 960 περὶ
1735 882 1810 943 ὧν

259 981 637 1053 πυνθανόμεθά
694 999 822 1048 σου,
868 981 1171 1046 ἀκολούθως
1227 983 1356 1053 ἡμῖν
1410 981 1621 1036 ἅπαντα
1674 982 1812 1036 διελ-

259 1071 392 1128 θεῖν.

321 1277 604 1331 ΓΡΗΓΟΡ.
649 1277 980 1349 Ἥμϐροτον,
1020 1279 1094 1343 ὡς
1122 1279 1284 1342 ἔοικε,
1312 1281 1410 1352 τῆς
1436 1280 1664 1346 ἐλπίδος,
1691 1281 1809 1335 ἐτέ-

252 1385 346 1439 ρου
393 1370 914 1440 προαναγγείλαντος
959 1371 1058 1442 ἤδη
1115 1373 1240 1443 περὶ
1278 1366 1351 1426 ὧν
1403 1375 1631 1444 ἐρωτᾷς.
1672 1373 1810 1442 Ἐγὼ

249 1461 356 1531 γὰρ
383 1461 606 1534 μηδέπω
631 1462 793 1534 μηδὲν
812 1463 1100 1533 ἀκηκοέναι
1130 1464 1396 1535 νομίσασά
1429 1481 1488 1518 σε
1520 1464 1627 1518 τῶν
1653 1482 1810 1534 γεγο-

246 1551 432 1613 νότων,
462 1552 664 1622 σφόδρα
693 1552 834 1623 μέγα
866 1554 1120 1624 ἐφρόνουν
1150 1556 1242 1608 ἐπὶ
1280 1554 1454 1626 τούτῳ
1473 1596 1486 1620 ,
1521 1555 1614 1609 καὶ
1646 1555 1809 1610 ἐκαλι

245 1640 560 1713 λωπιζόμην
602 1643 676 1708 ὡς
705 1643 894 1716 πρώτη
930 1663 1010 1698 σοι
1043 1645 1309 1716 μέλλουσα
1341 1647 1698 1716 ἐξαγγέλλειν.
1721 1648 1812 1702 Διὸ

245 1731 308 1804 δὴ
355 1733 448 1787 καὶ
489 1733 817 1800 ἐσπούδαζον
859 1737 1044 1807 τάχιον
1076 1738 1234 1812 δεῦρο
1265 1738 1437 1792 ἐλθεῖν
1473 1742 1609 1812 πρὸς
1643 1741 1807 1812 ὑμᾶς,

1909 625 2003 666 eas
2035 611 2316 681 magniﬁce
2356 612 2490 668 adeo
2515 627 2578 667 ac
2608 612 2852 683 gnaviter
2875 628 2973 683 pro
3006 629 3066 669 se
3094 629 3365 684 quamque
3403 614 3463 670 in

1909 710 1971 758 ea
2000 703 2347 759 contentione
2394 719 2517 760 esse
2573 714 2840 768 versatas,
2881 711 2940 758 ut
2981 705 3118 758 nihil
3170 703 3460 761 admodum

1909 795 2210 859 omiserint,
2239 796 2383 866 quod
2414 795 2479 851 ad
2512 797 2668 851 istius
2694 796 2994 866 argumenti
3030 797 3240 866 plenam
3263 805 3461 850 tracta-

1908 886 2111 942 tionem
2137 886 2308 943 videri
2348 888 2716 943 necessarium
2763 888 2952 958 possit.
2996 885 3053 942 Si
3099 903 3226 958 ergo
3268 889 3463 944 venisti

1909 979 2222 1038 reialterius
2239 991 2429 1047 causa,
2444 995 2564 1036 eam
2579 993 2760 1049 quaeso
2783 979 2836 1032 in
2865 987 3076 1050 tempus
3105 979 3250 1034 aliud
3272 979 3460 1044 dilata,

1908 1087 1979 1126 ne
2011 1071 2266 1126 continue
2309 1071 2550 1142 graveris
2581 1070 2897 1142 rogantibus
2935 1071 3093 1126 nobis
3136 1078 3334 1126 cuncta
3372 1085 3465 1127 or-

1909 1162 2035 1219 dine
2071 1162 2292 1218 referre.

1977 1275 2182 1334 GREG.
2221 1275 2347 1345 Spe,
2373 1290 2516 1340 reor,
2563 1273 2822 1330 frustrata
2860 1289 2980 1328 sum
3024 1293 3038 1330 :
3080 1273 3463 1344 praeripuitque

1908 1371 2041 1424 mihi
2080 1369 2276 1439 aliquis
2327 1368 2553 1439 gratiam
2612 1366 2771 1437 primi
2807 1365 3018 1432 nuntii,
3058 1381 3246 1420 earum
3278 1381 3464 1420 rerum

1909 1461 1978 1518 de
2015 1461 2214 1531 quibus
2255 1459 2576 1515 sciscitaris.
2619 1457 2732 1529 Ego
2770 1473 2900 1512 vero
2949 1457 3085 1512 nihil
3117 1458 3312 1512 horum
3342 1464 3396 1512 te
3432 1471 3464 1511 a

1907 1568 2180 1626 quoquam
2216 1551 2490 1606 audivisse
2523 1550 2839 1605 existimans
2863 1589 2877 1616 ,
2909 1549 3199 1619 gestiebam
3235 1548 3464 1613 scilicet,

1910 1647 2299 1718 placebamque
2337 1651 2445 1698 no‘n
2487 1657 2675 1713 parum
2706 1641 2860 1705 mihi,
2889 1656 2953 1696 eo
2981 1639 3126 1710 quod
3157 1641 3254 1694 tibi
3289 1639 3465 1710 prima

1910 1740 2158 1794 nuntium
2181 1737 2408 1792 allatura
2425 1751 2594 1791 eram.
2613 1734 2792 1802 Quare
2812 1733 3134 1789 festinabam
3155 1733 3338 1788 venire
3361 1733 3466 1788 huc

245 1825 378 1879 αὐτὸ
435 1827 498 1898 δὴ
551 1827 708 1881 τοῦτο
761 1828 1149 1902 εὐλαϐηθεῖσα,
1197 1831 1258 1884 τὸ
1311 1831 1384 1904 μὴ
1435 1831 1804 1904 προληφθῆναι

1910 1832 1978 1887 ad
2003 1848 2123 1896 vos.
2161 1834 2216 1888 id
2246 1833 2421 1904 ipsum
2455 1831 2628 1886 verita
2660 1827 2806 1899 quod
2843 1827 3072 1893 accidit,
3112 1841 3181 1882 ne
3217 1827 3341 1897 quis
3378 1825 3467 1881 ad-

247 1919 338 1972 ὑπ’
371 1919 550 1975 ἄλλου.

316 2035 608 2090 ΕΥΒΟΥΛ.
647 2037 878 2109 Θάρσει·
906 2039 998 2092 καὶ
1030 2038 1136 2109 γὰρ
1161 2039 1311 2092 οὐδὲν
1335 2038 1594 2112 ἀκριϐῶς,
1627 2033 1671 2093 ὦ
1701 2056 1808 2110 μα-

245 2129 447 2199 καρία,
499 2130 825 2200 πεπύσμεθα
869 2131 978 2184 τῶν
1014 2132 1333 2200 γεγονότων.
1379 2134 1450 2186 Οὐ
1505 2133 1612 2205 γὰρ
1653 2132 1812 2204 ἔσχεν

245 2221 274 2274 ὁ
313 2220 572 2292 ἀγγείλας
616 2222 1002 2293 ἀφηγήσασθαι
1041 2223 1204 2276 πλέον
1254 2223 1287 2296 ἢ
1343 2225 1424 2277 ὅτι
1453 2223 1686 2293 διάλογοι
1717 2243 1810 2294 γε-

243 2312 504 2383 γένηντοο
564 2313 708 2378 τίνες
762 2315 851 2378 δὲ,
910 2315 1003 2366 καὶ
1067 2315 1252 2379 ὅπως,
1318 2314 1808 2388 ὲπανερωτώμενος

241 2400 448 2469 ἠγνόει.

312 2512 598 2569 ΓΡΗΓΟΡ.
639 2513 850 2568 Οὐκοῦν
891 2514 1178 2586 βούλεσθε,
1219 2516 1406 2588 ἐπειδὴ
1452 2517 1520 2571 δι’
1555 2517 1686 2572 αὐτὸ
1723 2521 1808 2572 έν-

241 2603 415 2658 ταῦθα
458 2607 832 2679 παρεγενόμην
858 2649 872 2672 ,
909 2607 1161 2662 ἁπάντων
1201 2607 1260 2674 ἐξ
1293 2609 1467 2681 ἀρχῆς
1505 2609 1806 2664 ἐπακοῦσαι

241 2697 351 2750 τῶν
379 2699 713 2770 είρημένων;
746 2699 778 2771 ἦ
822 2700 888 2754 τὰ
931 2702 1028 2772 μὲν
1063 2702 1408 2773 παραλείψω,
1441 2701 1548 2756 τῶν
1589 2703 1644 2756 δὲ
1683 2704 1805 2757 ἐπι-

246 2788 491 2859 μνησθῶ,
525 2789 560 2842 ἃ
597 2789 1064 2862 ἀξιομνημόνευτα
1104 2793 1339 2864 ἡγοῦμαι
1367 2793 1734 2864 τυγχάνοντας

317 2903 606 2957 ΕΥΒΟΥΛ.
649 2902 814 2958 Οὔπω
843 2906 1060 2970 πάντως
1085 2905 1158 2977 (2)
1179 2923 1192 2936 ·
1225 2907 1336 2960 ἀλλ’
1364 2907 1423 2972 ἐξ
1451 2908 1624 2980 ἀρχῆς
1654 2909 1804 2980 ἡμῖν,

241 2989 288 3049 ὧ
320 2995 638 3068 Γρηγόριον,
663 2997 876 3069 πρῶτον
907 2999 1216 3070 είσήγησαι,
1245 2999 1344 3071 τήν
1375 3016 1434 3052 τε
1475 2999 1804 3064 συνέλευσιν,

242 3086 370 3142 ἔνθα
394 3088 646 3160 ἐγενήθη,
683 3089 776 3142 καὶ
817 3089 924 3142 τῶν
966 3090 1276 3162 ἐδεσμάτων
1301 3090 1400 3155 τὰς
1421 3091 1769 3164 παρασκευάς
1788 3108 1802 3123 °

243 3181 473 3252 σεαυτήν
504 3199 563 3234 τε
591 3181 708 3246 πῶς
735 3181 1067 3253 ᾠνοχόησας.

351 3329 364 3344 .
387 3328 401 3343 .
425 3328 437 3341 .
461 3329 476 3343 .
495 3327 510 3342 .
544 3291 616 3344 Αἱ
647 3288 714 3342 δὲ
744 3289 1027 3358 χρυσέοις
1056 3289 1387 3345 δεπάεσσιν

310 3358 603 3428 Δειδέχατ⁹
627 3359 921 3425 ἀλλήλας,
936 3361 1126 3431 μέγα-ν
1152 3362 1411 3430 οὐρανὸν
1434 3365 1800 3433 είσορόωσαι.

313 3472 598 3525 ΓΡΗΓΟΡ.
651 3473 761 3525 Ἀεὶ
786 3473 955 3536 δεινὸς
997 3474 1054 3527 ἐν
1091 3477 1210 3538 ταῖς
1249 3475 1486 3546 ὁμιλίαις
1531 3481 1624 3533 καὶ
1657 3481 1805 3549 φιλο⁴

243 3609 334 3663 hic
362 3607 648 3663 manifeste
676 3607 979 3662 Methodius
1013 3607 1296 3663 aemulatus
1337 3616 1437 3662 est.
1474 3607 1643 3665 Porro
1673 3609 1808 3667 Gre-

245 3681 482 3752 gorium,
506 3679 630 3733 licet
661 3678 877 3740 mulier,
903 3679 1039 3752 citra
1071 3679 1233 3752 ullam
1265 3679 1568 3750 ἀπρέπειαν
1590 3682 1808 3752 fingitur

241 3747 298 3804 in
319 3749 638 3803 familiarem
666 3763 882 3802 reversa
913 3747 1152 3818 domum,
1185 3749 1296 3802 haec
1329 3747 1448 3818 quae
1479 3747 1691 3818 partim'
1728 3753 1806 3806 vi-

241 3820 417 3882 derat,
462 3819 671 3888 partim
711 3818 987 3879 rescierat,
1024 3817 1089 3870 ad
1121 3817 1361 3872 virorum
1418 3817 1619 3875 emtum
1665 3823 1807 3877 reci-

241 3898 410 3944 tasse.
441 3887 594 3944 Alios
625 3888 768 3942 enim
811 3904 934 3943 cum
983 3888 1212 3942 Eubulio
1244 3889 1431 3950 fuisse,
1479 3907 1586 3944 non
1636 3893 1806 3947 semel

244 3960 570 4031 iudicaturi:
607 3965 668 4031 ut
720 3959 1037 4031 illisgverbis
1062 3959 1294 4031 _Euhulii
1347 3959 1588 4031 ejusdem
1647 3963 1806 4031 paulo

314 4038 384 4100 st,
413 4031 503 4100 Μὴ
529 4029 763 4100 ὀκνήσῃς
790 4027 1034 4100 νῦνπερὶ
1054 4023 1127 4081 ὧν
1146 4023 1524 4100 πυνθανόμεθα
1547 4023 1662 4084 σουῖ
1682 4033 1808 4085 ἀκο-

275 4099 445 4163 ούθως
469 4098 600 4170 ἡμῖν
647 4098 862 4171 ἅπαντα
886 4098 1109 4171 διελθεῖν
1135 4117 1148 4152 :
1181 4107 1236 4171 et
1269 4099 1374 4152 illis
1400 4101 1570 4171 ipsius
1599 4100 1802 4171 Grego-

241 4171 466 4242 τίἰᾷῐιιοχᾲ
484 4169 858 4242 respondentis
886 4189 898 4242 ς
941 4169 1030 4242 A53;
1053 4169 1237 4242 Silam).
1267 4169 1590 4242 ἐσπούδαζον
1623 4169 1806 4242 τάχιον

228 4240 398 4310 ’δεῦρο
428 4239 600 4311 ἐλθεῖν
625 4239 761 4311 πρὸς
783 4240 946 4311 ὑμᾶς.
980 4239 1057 4294 Ex
1088 4239 1170 4311 his
1204 4238 1576 4308 coniectamur
1608 4238 1803 4296 nomen

242 4309 427 4364 verum
449 4310 635 4380 primae
657 4309 1083 4380 hujus'persona’
1106 4309 1160 4363 iu
1181 4318 1330 4380 recto
1348 4325 1469 4366 esse
1499 4311 1802 4379 Εὐϐούλιος,

245 4379 692 4451 sicque;_ubique
741 4379 1148 4451 rescripsimus.
1202 4379 1582 4451 Nequeieuim
1624 4397 1807 4436 exem-

243 4449 577 4571 plumullum
607 4457 821 4506 exstare
853 4449 1106 4519 putamus
1141 4451 1242 4504 viri
1274 4452 1364 4520 qui
1387 4450 1572 4506 Grmce
1605 4451 1807 4504 Εὐϐού-

281 4535 356 4570 ιον
407 4527 647 4571 vocetur.
702 4521 886 4571 Itaque
937 4537 1043 4571 non
1089 4521 1400 4571 dubitamus
1449 4521 1734 4571 Εὐϐούλιοε
1765 4539 1795 4571 a

281 4535 366 4590 ιον
407 4527 655 4590 vocetur.
702 4521 886 4590 Itaque
937 4537 1043 4577 non
1089 4521 1400 4577 dubitamus
1449 4521 1734 4585 Εὐϐούλιος
1765 4539 1796 4577 a

1907 1931 2125 1980 ventum
2151 1939 2329 1980 meum
2359 1929 2669 1993 occuparet.

1978 2037 2228 2093 EUBUL.
2259 2037 2408 2092 Bono
2441 2037 2625 2090 animo
2667 2045 2781 2091 esto
2812 2049 2828 2088 :
2864 2033 2998 2088 nihil
3037 2033 3204 2098 enim,
3226 2048 3260 2086 ο
3290 2033 3466 2101 bona,

1907 2138 2095 2184 exacte
2144 2129 2528 2199 comperimus.
2599 2125 2708 2180 Nec
2762 2125 2852 2196 qui
2909 2123 3172 2178 nuntiavit
3225 2123 3466 2178 indicare

1908 2221 2053 2276 aliud
2091 2221 2299 2290 potuit,
2361 2234 2522 2290 quam
2563 2232 2878 2272 communes
2916 2229 3194 2270 sermones
3253 2213 3469 2270 habitos

1909 2328 2071 2368 esse:
2115 2312 2339 2382 quinam
2377 2325 2505 2366 vero
2543 2315 2637 2364 aut
2664 2307 2854 2364 auales
2895 2305 3125 2370 fuerint,
3166 2306 3469 2375 interroga-

1907 2413 1995 2460 tus
2031 2405 2282 2460 nescivit.

1977 2515 2183 2572 GREG.
2207 2514 2385 2571 Vultis
2405 2515 2589 2586 igitur,
2619 2512 2875 2584 quoniam
2907 2513 3013 2566 huc
3043 2525 3106 2565 ea
3134 2525 3298 2565 causa
3318 2509 3466 2574 veni,

1907 2623 1937 2661 a
1967 2607 2235 2678 principio
2274 2605 2464 2661 audire
2498 2612 2694 2661 cuncta
2733 2620 2853 2672 qua:
2889 2603 3034 2659 dicta
3064 2613 3222 2670 sunt;
3261 2617 3330 2656 an
3369 2616 3470 2672 po-

1907 2699 2014 2755 tius
2035 2699 2156 2754 aliis
2195 2697 2434 2762 omissis,
2476 2713 2663 2753 eorum
2703 2695 2966 2751 duntaxat
3003 2695 3316 2753 meminisse
3350 2707 3470 2766 qua

1905 2797 2211 2846 memoratu
2246 2791 2408 2860 digna
2448 2788 2742 2860 putavero?

1978 2903 2227 2960 EUBUL.
2271 2903 2421 2960 Haud
2461 2920 2592 2960 sane
2634 2923 2647 2958 :
2690 2903 2784 2959 sed
2823 2903 2980 2960 nobis
3019 2918 3050 2957 a
3087 2902 3393 2974 principio,
3434 2917 3470 2958 ο

1907 2995 2262 3069 Gregorium,
2302 2997 2536 3066 primum
2577 2997 2831 3059 insinua,
2885 3002 2940 3049 et
2993 3009 3322 3065 congressus
3375 2994 3470 3048 ubi

1907 3089 2106 3154 fuerit,
2147 3089 2287 3143 etde
2319 3095 2581 3160 apparatu
2610 3088 2889 3157 ciborum;
2927 3087 2993 3143 de
3029 3095 3080 3144 te
3119 3103 3377 3160 quoque,
3412 3093 3471 3142 ut

1905 3183 2031 3239 vina
2055 3183 2162 3238 illis
2196 3181 2422 3240 fuderis.

2050 3293 2170 3349 Ιίιίε
2192 3303 2366 3348 autem
2392 3295 2586 3363 pateris
2612 3294 2887 3364 genialiter
2911 3295 3087 3348 aureis
3105 3331 3122 3357 ,

2053 3365 2121 3419 Ut
2153 3382 2207 3419 se
2228 3365 2500 3419 invitarint
2524 3363 2690 3419 oculis
2715 3363 2782 3418 ad
2800 3363 2976 3418 sidera
3006 3365 3187 3418 versis.

1977 3479 2180 3536 GREG.
2213 3479 2285 3536 Ut
2301 3493 2516 3550 semper
2533 3479 2587 3534 in
2618 3478 2905 3549 colloquiis
2928 3478 3080 3533 valde
3106 3477 3250 3532 acris
3275 3493 3466 3548 aggre-

1906 3618 2213 3686 loquentem
2269 3618 2497 3683 inducit,
2555 3632 2675 3687 qua:
2728 3614 3023 3688 φιλομαθίᾳ
3071 3612 3244 3684 magis
3287 3613 3462 3688 virum

1908 3684 2184 3758 praeferret
2238 3704 2300 3742 ac
2339 3684 2614 3741 alumnum
2670 3684 3122 3758 sapientiamque
3144 3684 3464 3758 sensuum-

1906 3753 2212 3830 κοριστικόν
2240 3759 2441 3827 aliquid
2481 3774 2543 3830 ea
2575 3773 2715 3830 voce
2735 3753 3056 3830 'denotetur’.
3089 3753 3193 3830 Sed
3245 3755 3464 3830 ha:c__le-

1907 3823 2079 3890 viora,
2111 3843 2272 3897 quam
2308 3823 2364 3882 u’t
2395 3830 2448 3882 in
2480 3829 2558 3882 eis
2583 3826 2787 3882 diutius
2813 3825 3206 3897 immorandum
3231 3825 3323 3897 sit.
3346 3823 3459 3879 Hoc

1906 3905 2085 3953 tamen
2113 3893 2416 3953 existimem
2442 3897 2788 3957 Methodium,
2809 3897 2984 3950 virum
3013 3893 3461 3957 ecclesiasticum,

1907 3970 2080 4038 magis
2111 3984 2360 4024 versasse
2390 3969 2570 4022 animo
2599 3967 2934 4038 evangelicas
2971 3981 3130 4038 voces
3159 3973 3212 4038 et
3243 3973 3464 4038 aposto-

1907 4035 2059 4102 licas,
2089 4053 2154 4092 ex
2183 4040 2379 4108 quibus
2405 4046 2458 4093 et
2487 4035 2764 4092 denarium
2796 4037 3064 4108 virginum
3108 4035 3374 4108 habuerit.
3403 4042 3459 4089 et

1905 4123 2012 4162 non
2038 4123 2158 4164 esse
2187 4104 2240 4161 in
2269 4109 2349 4163 eis
2397 4109 2696 4162 masculum
2739 4115 2792 4162 et
2823 4104 3094 4168 feminam,
3138 4104 3231 4158 sed
3264 4120 3460 4159 novam

1906 4179 1960 4232 in
1982 4177 2200 4232 Christo
2221 4187 2551 4244 creaturam,
2579 4193 2736 4247 quam
2784 4177 3089 4232 convivium
3117 4173 3458 4247 Socraticum

1907 4249 2046 4318 apud
2075 4247 2350 4302 Platonem
2379 4266 2393 4314 ;
2424 4245 2657 4316 hincque
2689 4247 2945 4301 feminino
2983 4245 3227 4318 proclive
3246 4259 3463 4318 mascu-

1906 4314 2074 4372 linum
2100 4318 2346 4386 junxisse
2368 4321 2420 4372 in
2452 4314 2757 4379 Εὐϐὸύλιον,
2789 4327 2841 4370 et
2871 4314 3168 4386 qua’hujus
3197 4314 3461 4386 dramatis

1905 4391 2078 4458 prima
2101 4383 2506 4457 'iuterloquente
2523 4401 2773 4457 persona.
2801 4383 3011 4439 Eubulii
3028 4401 3227 4458 nomen
3255 4383 3460 4458 Metho-

1907 4455 1997 4513 dio
2047 4459 2270 4517 haesisse
2308 4455 2487 4526 potius
2514 4455 2780 4516 videatur,
2833 4472 2994 4526 quam
3028 4456 3321 4526 binomium
3346 4455 3458 4526 jam

1907 4475 1997 4513 010
2047 4475 2270 4517 11351856
2343 4475 2487 4514 011118
2514 4475 2780 4516 νιαεειιιιγ,
2833 4475 2994 4526 quam
3029 4475 3458 4521 DlﬂOllllllllljalll

1905 4528 2059 4584 initio
2090 4529 2271 4584 fuisse.
2299 4475 2522 4598 Bupara»
2549 4529 2732 4583 titulus
2764 4529 2877 4596 ipse
2905 4526 3232 4598 diminutus:
3259 4524 3462 4595 placuit

245 4587 841 4668 methodio_scriptun'i,
877 4601 1132 4668 caeterum
1185 4607 1251 4645 ex
1298 4593 1649 4668 similitudine
1696 4608 1795 4668 ηο-
1827 4591 1870 4646 D
1897 4600 2218 4663 Allatianus,
2249 4587 2394 4668 apud
2405 4615 2561 4668 quem
2588 4600 2721 4652 aiios
2750 4587 2886 4652 vide.
2908 4597 3156 4668 _COMBl£l-‘.

246 4658 452 4739 minis,
517 4658 832 4739 Ῑξρηγόριον,
879 4661 1098 4739 errandi
1157 4664 1498 4739 occasionem
1560 4663 1796 4739 librariis

243 4729 499 4785 oblatam.
529 4728 708 4794 Cujus
747 4731 1016 4798 opinionis
1048 4733 1102 4784 in
1137 4733 1598 4787 confirmationem
1621 4734 1795 4786 trahi-

242 4816 364 4855 mus
390 4800 530 4868 quod
577 4799 646 4852 ab
679 4799 973 4868 Epiphanio
1010 4801 1154 4857 Hcer.
1183 4819 1328 4868 inv,
1372 4801 1628 4857 Eubulius
1665 4805 1799 4857 alte-

243 4885 365 4925 rum
398 4885 592 4924 nomen
628 4868 901 4923 Methodio
928 4872 1216 4927 tribuitur:
1255 4874 1366 4929 sive
1395 4873 1446 4926 id
1469 4873 1709 4928 evenerit
1729 4888 1796 4928 ex

245 4940 564 5012 librihu‘jus
597 4941 768 5010 ipsius
800 4940 1131 5012 celebritate,
1166 4958 1194 4996 a
1228 4945 1422 5012 primo,
1456 4950 1514 4997 ut
1545 4959 1686 5012 saepe
1717 4943 1792 5007 ﬁt,

241 5011 504 5066 vocabulo
533 5009 1026 5064 deuouiiuationem
1071 5009 1245 5077 nacti;
1281 5020 1336 5069 et
1367 5029 1562 5068 nomen
1592 5009 1795 5068 adven-

240 5082 439 5136 titium.
465 5083 683 5150 proprio
709 5081 911 5142 notius,
948 5082 1150 5136 auctori
1183 5083 1557 5147 conciliantis,
1590 5091 1648 5138 ut
1675 5083 1797 5138 Cle-

242 5167 396 5224 mens
418 5151 790 5224 21904141525;
815 5193 835 5224 ,_
881 5159 936 5206 et
965 5150 1257 5222 Gregorius
1303 5153 1555 5223 Dialogus
1602 5169 1800 5224 cogno-

243 5222 428 5274 minati
464 5221 634 5276 suut’:
667 5224 781 5276 sive
818 5221 930 5290 jam
959 5221 1116 5276 antea
1163 5221 1476 5280 binominis
1492 5221 1796 5280 Methodius

244 5307 365 5363 sese
409 5291 496 5346 hic
549 5292 728 5346 minus
771 5293 998 5363 usitator
1020 5294 1253 5363 signavit
1304 5295 1539 5350 nomine.
1589 5294 1797 5348 Ennon

243 5359 444 5432 Lunai.
469 5391 538 5401 —
571 5363 920 5417 Εὑϐούλιον.
967 5359 1303 5418 Sic—habent
1331 5378 1518 5421 omnes
1550 5366 1796 5432 codices;

243 5431 469 5500 proinde
495 5447 601 5486 nou
637 5432 793 5486 facile
818 5433 1071 5501 nudaque
1111 5433 1424 5502 conjectura
1449 5450 1572 5488 cum
1615 5433 1799 5490 Possi-

245 5503 358 5574 ρᾶς),
387 5503 501 5574 sive
533 5503 740 5574 eo_qui_
783 5504 901 5571 ejus
934 5505 1156 5558 editioni
1207 5504 1442 5574 prtefuit,
1481 5506 1796 5559 mutandum

248 5571 550 5645 Εὐϐούλιος.
591 5571 743 5645 Quod
793 5581 970 5645 tamen
1018 5571 1795 5645 passiui_maseulinojungit,

243 5644 418 5715 virum
443 5643 564 5715 quis
595 5644 855 5715 suspicari
880 5645 1069 5715 possit,
1105 5647 1193 5699 cui
1227 5643 1543 5715 Gregorium
1566 5646 1681 5714 ipsa
1708 5643 1798 5701 fe-

245 5713 412 5784 mina,
449 5714 647 5784 referat
691 5713 834 5766 dicta
864 5714 1131 5784 virginum
1156 5733 1170 5778 ;
1193 5731 1315 5770 cum
1344 5713 1446 5768 illa
1487 5713 1797 5770 terminatio

248 5779 497 5860 [colinam
561 5783 768 5860 innuat,
817 5791 877 5837 ut
903 5779 973 5860 in
998 5783 1277 5854 Gregorio.
1336 5786 1416 5860 sic
1459 5785 1510 5839 in
1545 5784 1793 5860 Eub'ulio.

247 5849 379 5906 Nam
433 5853 681 5910 servandi
737 5854 947 5909 decoris
999 5849 1185 5922 causa,
1246 5857 1522 5912 mulierem
1581 5858 1792 5912 mulieri

1967 4669 2041 4740 (‘2)
2078 4664 2521 4740 Οὕτωᾼάἁντὼς.
2559 4670 2649 4722 Sic
2703 4666 3108 4740 exconjectura
3151 4664 3457 4740 restitutum

1895 4733 2000 4802 est,
2023 4733 2162 4794 'loeo
2201 4738 2352 4792 οὔπω
2411 4733 2624 4802 πάντως
2657 4739 2860 4791 codicis
2906 4733 3050 4796 'Vat..
3074 4735 3217 4804 quod
3245 4733 3456 4788 difficile

1899 4810 2129 4878 quadrat
2153 4809 2206 4863 in
2237 4811 2380 4864 hunc
2428 4811 2625 4864 locum.
2661 4807 3070 4878 Hemistichium
3105 4805 3367 4878 deﬂexum
3390 4819 3457 4858 ex

1896 4875 2238 5005 liomego
2251 4883 2310 4944 A,
2338 4896 2480 4937 vers.
2509 4879 2562 4946 ‘5,
2584 4879 2638 4943 4,
2673 4879 2752 4934 sic
2772 4876 3025 4932 mendose
3055 4875 3460 4946 concipiebatur

1897 4967 1950 5005 in
1984 4966 2047 5005 co
2091 4992 2104 5004 .
2184 4967 2214 5004 a
2245 4971 2300 5005 .:

1897 4951 1950 5005 in
1984 4951 2104 5006 cod.
2137 4951 2258 5004 Vat.
2285 4971 2300 5005 :

2107 5082 2120 5094 .
2165 5084 2180 5098 .
2225 5083 2238 5096 .
2283 5085 2295 5096 .
2340 5079 2355 5092 .
2395 5045 2462 5095 Αἱ
2489 5041 2557 5094 δὲ
2575 5039 2856 5110 χρυσέοις
2892 5039 3252 5110 δεπάεσσιν.

1969 5114 2258 5183 Δειδέχατ“
2275 5113 2571 5179 ἀλλήλας,
2587 5111 2779 5181 μέγαν
2804 5113 2890 5177 εἰς
2905 5109 3162 5178 οὐρανὸν
3183 5109 3453 5176 ὁρόωσαι·

1897 5242 2016 5296 quae
2038 5240 2194 5297 nemo
2223 5223 2525 5297 non__vid_et,
2556 5237 2718 5293 quam
2748 5223 3055 5297 necessario
3093 5219 3160 5272 ad
3197 5229 3456 5297 numeros

1895 5285 2291 5352 reduxeritnus.
2322 5294 2416 5349 Et).
2441 5285 2642 5348 Lepti-tt.
2673 5323 2742 5334 —
2771 5292 2942 5345 Οὔπω
2964 5291 3214 5353 πάντως.
3243 5285 3460 5349 Primus

1896 5367 2118 5437 Luparae
2139 5367 2312 5437 editor
2333 5365 2602 5437 emendat,
2631 5372 2790 5437 atque
2821 5359 3202 5437 οὔτω-τεροηίι
3222 5399 3237 5423 ,
3270 5364 3461 5437 contra

1897 5425 2183 5507 sui'ipsius
2217 5425 2608 5507 codic‘is‘ftdem
2641 5425 2986 5507 et'Methodii
3021 5425 3269 5507 mentem.
3295 5425 3460 5481 Plane

1896 5499 2048 5563 enim.
2072 5513 2330 5577 neganter
2363 5503 2725 5577 inferendum,
2752 5516 2858 5555 non
2875 5499 3156 5577 afﬁrmate,
3187 5511 3293 5551 non
3335 5511 3461 5577 esse

1896 5567 2169 5649 praecipua
2214 5576 2386 5630 solum
2429 5573 2736 5649 delibanda,
2795 5571 2888 5649 sed
2943 5569 3154 5639 singula
3198 5577 3258 5649 ut
3315 5567 3460 5649 dicta

1898 5637 2156 5718 gestaque
2186 5653 2312 5702 sunt
2331 5643 2767 5718 _prosequ_en_da__:
2798 5641 3004 5718 sicque_
3039 5637 3138 5693 nec
3185 5639 3342 5718 aliter
3375 5637 3458 5690 di-

1897 5707 2021 5772 cere
2046 5707 2200 5788 j'ubct
2224 5707 2382 5786 paulo
2420 5707 2868 5788 posiEuhuliuﬂm,
2893 5707 2960 5764 ne
2993 5709 3111 5764 loco
3145 5707 3362 5778 quidem
3391 5719 3457 5761 ac

1897 5781 2125 5843 convivii
2150 5781 2377 5856 dapibus
2407 5781 2733 5854 suppressis.
2767 5781 3007 5838 Cous”;
