4140 6428
586 246 657 302 ss
1432 204 1437 207 1
1527 237 1583 295 s.
1627 233 1955 293 nemon“
1995 233 2299 291 EPISCOPI
2342 233 2428 289 ET
2472 231 2825 288 nanrvms
3744 232 3813 287 to

575 370 635 425 in
685 373 915 424 cestrum
970 364 1249 434 abreptus,
1310 362 1565 418 adulterii
1621 375 1837 433 quoque
1890 359 2140 415 sordibus

2245 356 2414 422 ώζεσε
2445 355 2705 427 μοιχείαν.
2727 345 2923 426 ’Ταύτῃ
2957 353 3062 406 πᾶν
3092 351 3264 423 δῶρον
3304 353 3362 406 ὲν
3407 351 3485 423 τῷ
3520 351 3806 422 Λευῖτικῷ,

576 464 1002 531 computruerat.
1058 455 1196 510 Hinc
1227 454 1406 510 omnis
1453 455 1658 510 oblatio
1706 455 1763 508 in
1817 452 2058 508 Levitico
2102 452 2145 518 ⁸,

576 553 685 608 nisi
719 552 871 622 prius
894 550 1006 605 sale
1036 547 1257 603 condita
1287 546 1476 613 fuerit,
1532 548 1587 601 in
1627 547 2006 601 holocaustum
2058 559 2137 597 ce-

579 646 708 700 dere
739 643 1058 715 prohibetur
1086 640 1314 697 Domino
1358 638 1488 697 Deo.
1537 640 1627 694 Sal
1651 653 1781 694 vero
1808 638 1966 692 nobis
2002 635 2149 706 quod

577 736 824 791 mordeat
857 743 911 789 et
934 733 1013 787 'ad
1044 733 1335 787 utilitatem
1370 733 1658 801 astringat,
1683 730 1947 801 spiritalis
1970 727 2148 781 omnis

579 827 988 899 Scripturarum
1022 828 1148 884 data
1173 824 1455 881 meditatio
1479 832 1563 879 est
1587 842 1599 877 :
1637 822 1755 877 sine
1777 835 1883 891 qua
1934 818 2148 874 animus

578 936 675 991 per
718 921 984 976 rationem
1045 920 1291 974 omnium
1341 915 1551 971 auctori
1599 914 1708 968 Deo
1762 919 1912 983 grata
1970 910 2147 964 hostia

578 1011 762 1067 oll‘erri
802 1028 913 1067 non
964 1018 1142 1083 potest
1190 1029 1204 1064 :
1255 1008 1358 1063 Vos
1405 1007 1549 1062 enim
1589 1006 1716 1060 estis
1742 1004 1825 1059 sal
1856 1012 2026 1067 terra,
2072 1000 2148 1054 ait

579 1104 893 1175 Dominus;3
916 1104 1198 1175 apostolis.
1231 1146 1238 1152 .

651 1196 875 1267 Oportet
917 1180 1081 1266 igitur
1128 1177 1392 1264 virginem
1426 1191 1776 1246 honestarum
1824 1202 2036 1257 semper
2064 1200 2148 1240 re-

582 1305 705 1344 rum
736 1289 917 1344 studio
949 1289 1203 1358 ﬂagrare,
1244 1293 1298 1340 et
1341 1286 1483 1338 inter
1531 1284 1827 1337 eminentes
1869 1279 2147 1350 sapientia:

580 1382 741 1439 laude
788 1382 1111 1436 honoratum
1145 1380 1324 1433 locum
1360 1387 1541 1431 tenere
1582 1395 1594 1429 :
1645 1374 1778 1427 nihil
1813 1374 2020 1444 pigrum
2054 1378 2147 1426 aut

580 1474 744 1531 molle
775 1473 977 1526 habere
997 1510 1011 1535 ,
1043 1468 1135 1524 sed
1166 1467 1431 1523 excellere
1450 1506 1464 1531 ,
1487 1473 1539 1519 et
1569 1465 1790 1519 heroico
1821 1463 2146 1533 virginitatis

579 1562 858 1637 proposito
877 1562 1067 1636 dignos
1093 1576 1287 1636 sensus
1305 1558 1469 1623 alere,
1489 1560 1609 1628 quze
1633 1571 1834 1626 semper
1865 1555 2148 1611 deﬂuentis

2255 450 2350 502 ἐὰν
2374 448 2447 520 μὴ
2473 448 2627 502 ἀλατι
2662 446 2874 516 ἁλισθῇ,
2910 443 3312 515 ἀπαγορεύεται
3345 445 3426 507 είς
3446 442 3817 515 όλοκάρταιιμα

2254 538 2655 611 προσφέρεσθαι
2688 536 2877 608 Κυρίῳ
2917 535 2995 605 τῷ
3026 534 3163 605 Θεῷ.
3203 535 3371 597 Ἀλας
3389 534 3446 587 δὲ
3473 536 3600 605 ἡμῖν
3635 534 3698 588 τὸ
3722 534 3818 606 δη-

2254 632 2439 686 κτικὸν
2473 630 2608 703 πρὸς
2633 628 2898 698 ὠφέλειαν
2926 626 3236 695 ἀποστύφον
3262 628 3296 697 ἡ
3342 627 3686 698 πνευματικὴ
3721 627 3821 680 πᾶ·-

2256 741 2323 777 σα
2351 722 2458 775 τῶν
2498 720 2728 791 Γραφῶν
2774 719 2927 791 ἐδόθη
2961 718 3157 789 μελέτη
3184 734 3197 748 θ
3221 714 3289 789 ἧς
3323 716 3390 783 δὴ
3424 717 3592 788 χωρὶς
3621 716 3817 771 ἀδύνα-

2251 832 2343 869 τον
2367 813 2445 884 τῷ
2466 811 2871 882 Παντοκράτορι
2918 810 3006 864 διὰ
3050 808 3144 862 τοῦ
3180 808 3339 877 λόγου
3387 808 3816 879 προσενεχθῆναι

2251 906 2456 977 ψυχήνο
2506 904 2686 974 Ὑμεῖς
2709 904 2816 975 γάρ
2842 904 2982 957 ἐστε
3010 901 3075 955 τὸ
3106 901 3258 966 ἅλας
3282 898 3390 968 τῆς
3407 900 3540 970 γῆς,
3567 902 3595 954 ό
3615 901 3818 974 Κύριος

2252 997 2354 1068 ἔφη
2381 1000 2491 1061 τοῖς
2520 996 2852 1059 ἀποστόλοις.

2320 1179 2441 1252 Χρὴ
2469 1174 2562 1233 οὖν
2606 1177 2704 1247 τὴν
2746 1174 3011 1247 παρθένον
3052 1173 3140 1227 ἀεὶ
3185 1173 3292 1227 τῶν
3325 1172 3504 1227 καλῶν
3535 1176 3685 1246 ὲρᾷν,
3718 1178 3814 1230 καὶ

2250 1275 2362 1336 τοῖς
2389 1272 2759 1344 πρωτεύουσιν
2815 1274 2895 1335 είς
2925 1274 3116 1342 σοφίαν
3162 1272 3485 1343 ὲμπρέπειν,
3521 1273 3616 1326 καὶ
3649 1272 3815 1343 μηδὲν

2253 1365 2494 1437 ῥᾴθυμον
2528 1365 2660 1437 μηδὲ
2697 1364 2970 1435 μαλθακὸν
3007 1365 3147 1435 ἔχειν
3168 1381 3180 1395 ’
3213 1364 3327 1418 ἀλλ’
3361 1362 3688 1435 ἀριστεύειν,
3712 1363 3811 1418 καὶ

2251 1458 2374 1524 ἀξια
2393 1459 2489 1529 τῆς
2516 1457 2811 1530 παρθενίας
2857 1461 3091 1529 φρονεῖν,
3119 1459 3545 1528 ἀποσμήχουσαν
3565 1456 3641 1526 τῷ
3670 1456 3813 1527 λόγῳ

2250 1551 2376 1612 τοὺς
2423 1550 2622 1622 ἰχῶρας
2679 1551 2766 1604 ἀεὶ
2811 1551 2908 1621 τῆς
2941 1549 3291 1620 ἡδυπαθείας,
3341 1550 3534 1620 μήπως
3574 1547 3811 1601 λαθοῦσα

578 1655 869 1726 voluptatis
889 1640 1116 1709 'saniem
1159 1652 1421 1707 doctrinae
1468 1648 1821 1703 meditatione
1868 1646 2140 1717 detergat;

2254 1639 2478 1712 βραχεῖα
2536 1640 2783 1712 σηπεδὼν
2825 1644 3057 1714 γεννήσῃ
3092 1642 3181 1693 τὸν
3222 1639 3476 1709 σκώληκα
3501 1638 3601 1709 τῆς
3618 1638 3816 1692 ἀκολα-

579 1749 773 1805 necubi
835 1747 975 1803 forte
1023 1748 1200 1803 latens
1245 1744 1329 1799 vel
1359 1741 1583 1797 minima
1620 1738 1883 1812 putredo,
1918 1737 2140 1792 inconti-

2254 1731 2395 1795 σίας⁶
2440 1733 2510 1787 Ἠ
2536 1733 2645 1800 γὰρ
2669 1732 2892 1801 ἄγαμος
2916 1730 3165 1802 μεριμνᾷ
3201 1731 3273 1784 τὰ
3292 1730 3396 1783 τοῦ
3416 1730 3654 1798 Kvplov,
3688 1728 3813 1795 πῶς

577 1840 779 1896 ιιοιιιίω
826 1853 1067 1894 vermem
1118 1836 1446 1908 progignat:
1500 1831 1730 1901 Innupta
1773 1830 1911 1884 enim
1957 1830 2151 1900 cogitat

2267 1824 2440 1894 ξρέσῃ
2471 1825 2553 1886 τῷ
2568 1824 2781 1892 Κυρίῳ,
2807 1826 2906 1878 ἵνα
2923 1819 2963 1896 ᾖ
2989 1826 3127 1893 ἁγία
3156 1825 3249 1876 καί
3270 1822 3490 1891 σώματι
3504 1821 3612 1897 ,καί
3635 1822 3814 1874 πνεύ-

574 1949 693 2005 ῳιω
721 1932 935 1987 Domini
966 1940 1120 1997 sunt,
1163 1927 1421 2000 quomodo
1464 1926 1673 1995 placeat
1711 1920 1956 1987 Domino,
1985 1932 2043 1975 ut
2079 1923 2140 1976 sit

2244 1934 2405 1987 ματι,
2454 1917 2616 1987 φησιν
2662 1919 2690 1969 ό
2724 1918 2989 1989 μακάριος
3038 1916 3267 1979 Παῦλος.
3300 1915 3497 1968 Πολλαὶ
3524 1914 3580 1967 δὲ
3609 1915 3814 1985 πάρερ-

575 2032 782 2077 εαηεια·
822 2034 1060 2094 corpore.
1095 2029 1140 2073 et
1181 2020 1405 2093 spiritu,
1453 2014 1631 2085 inquit
1654 2006 1847 2067 beatus
1884 2010 2144 2066 Paulus’.

575 2114 757 2168 Multa:
778 2128 908 2167 vero
934 2112 1264 2166 auditionem
1299 2125 1361 2164 ac
1387 2107 1632 2162 discendi
1666 2118 1875 2169 curam,
1911 2120 2007 2159 ceu
2029 2120 2143 2160 rem

575 2207 634 2261 in
654 2205 910 2262 secundis
930 2202 1233 2258 habendam
1259 2200 1653 2264 existimantes,
1673 2197 1902 2251 multum
1927 2197 2031 2251 sibi
2054 2197 2146 2251 de-

576 2300 696 2355 beri
727 2305 950 2371 putant,
1002 2296 1049 2352 si
1077 2295 1159 2351 vel
1193 2293 1464 2349 modicum
1496 2299 1710 2361 tempus
1741 2288 2003 2343 doctrina;
2050 2302 2138 2341 au-

577 2380 1018 2445 res'adhibeant:
1057 2384 1193 2456 quas
1217 2380 1253 2437 ιι
1268 2380 1442 2438 sacris
1475 2376 1940 2449 disputationibus
1961 2377 2147 2431 exclu-

576 2482 705 2538 dere
737 2466 942 2536 deceat.
990 2468 1416 2548 Ahgu’stae'enim
1451 2481 1615 2543 atque
1649 2460 1879 2526 morosa:
1920 2470 2148 2524 humili-

576 2588 685 2644 que
709 2574 937 2635 animaa,
993 2585 1095 2624 nec
1131 2584 1244 2623 non
1291 2565 1573 2637 sapientiae
1601 2564 1815 2617 inanem
1855 2553 2146 2632 quamdam

578 2665 808 2738 gactanti
838 2663 1099 2733 speciem,
1124 2659 1267 2716 haud
1293 2656 1664 2729 impartiendae
1694 2664 1821 2710 sunt
1845 2655 2042 2709 divina:
2066 2654 2149 2708 di-

579 2757 843 2827 sciplinae.
878 2754 984 2820 Qui
1011 2753 1156 2807 enim
1203 2766 1315 2805 non
1347 2747 1635 2803 ridiculum
1671 2745 1813 2816 apud
1852 2759 1946 2800 eas
1979 2744 2150 2814 pluria

579 2850 681 2902 hus
704 2842 1079 2904 commentari,
1110 2856 1231 2911 quae
1261 2838 1314 2893 in
1342 2831 1399 2893 re
1429 2837 1647 2908 quidem
1679 2837 1860 2905 exigui
1891 2833 2150 2890 momenti

2248 2027 2344 2079 γον
2376 2010 2673 2080 ἡγούμεναι
2717 2010 2814 2081 τὴν
2842 2010 3137 2081 ἀκρόασιν,
3180 2009 3456 2077 νομίζουσι
3494 2004 3813 2078 χαρίζεσθαι

2251 2098 2480 2171 μεγάλα,
2541 2099 2636 2153 ὲάν
2691 2099 2795 2153 κᾶν
2822 2099 2883 2151 τὸ
2913 2098 3084 2169 βραχὺ
3129 2099 3451 2170 παράσχωσι
3482 2098 3578 2160 τὰς
3607 2096 3809 2159 ἀκοάς’

2250 2194 2314 2257 ἀς
2341 2195 2617 2267 ὲκκριτέον
2641 2210 2655 2224 ·
2691 2192 2995 2264 μικρολόγῳ
3026 2191 3131 2261 γάρ
3155 2191 3312 2260 φύσει
3344 2191 3438 2243 καί
3459 2192 3685 2260 ταπεινῇ
3717 2188 3813 2244 καὶ

2249 2287 2732 2359 ὲπιμορφαζομένῃ
2781 2285 2941 2355 σοφίᾳ
3003 2285 3061 2337 ού
3109 2285 3212 2355 χρὴ
3273 2284 3606 2353 μαθημάτων
3655 2282 3814 2337 θείων

2249 2378 2540 2429 κοινωνεῖν.
2594 2372 2668 2427 Ἦ
2701 2375 2808 2445 γὰρ
2855 2374 2917 2426 οὐ
2958 2373 3164 2441 γελοῖον
3205 2373 3440 2435 ἐκείναις
3479 2373 3807 2443 ἀδολεσχεῖν.

2248 2468 2448 2530 αἵτινες
2481 2467 2574 2519 ἐπὶ
2601 2466 2699 2536 μὲν
2731 2467 2843 2527 τοῖς
2875 2464 3070 2535 μικροῦ
3100 2463 3266 2528 ἀξίοις
3290 2463 3465 2515 πάντα
3490 2465 3660 2515 ποιεῖν
3695 2477 3814 2516 συνο

2247 2560 2528 2625 στείνονται,
2551 2562 2697 2622 ὅπως
2729 2560 3093 2630 ἀκριϐέστατα
3114 2558 3291 2623 ἕξουσι
3328 2558 3393 2610 τά
3419 2556 3816 2630 τελεσιουργού-
3882 2619 3889 2625 ,

2253 2668 2388 2722 μενα
2407 2668 2420 2681 ο
2449 2650 2541 2702 ἐπὶ
2587 2650 2642 2702 δὲ
2694 2648 2799 2703 τῶν
2832 2648 3165 2717 ἀναγκαίων,
3194 2648 3258 2701 δι’
3300 2642 3372 2700 ὧν
3400 2646 3597 2719 μᾶλλον
3625 2645 3815 2709 αὐταῖς

2253 2742 2283 2793 ὁ
2312 2740 2411 2811 τῆς
2447 2738 2799 2810 σωφροσύνης
2836 2738 2974 2811 ἔρως
3004 2738 3243 2805 αὕξεται,
3275 2738 3350 2810 μὴ
3388 2738 3647 2809 μεγίστας
3667 2739 3813 2810 ἠγεῖ-

2257 2831 2379 2885 σθαι
2411 2831 2520 2901 (18)
2553 2830 2646 2893 τάς
2681 2830 2997 2901 ἀκριϐείας;

579 2934 787 3007 ingenii
827 2922 972 2989 vires
1016 2948 1207 2988 omnes
1254 2912 1728 2991 contendantaut
1772 2926 2175 2998 perfectissime
2212 2932 2395 2995 optata
2439 2931 2846 2993 assequamur:
2898 2924 2954 2977 in
3003 2924 3326 2978 necessariis
3362 2938 3494 2977 vero
3554 2939 3650 2994 per
3694 2939 3815 2994 qute

576 3022 919 3091 potissumum
953 3021 1219 3077 castitatis
1252 3032 1405 3073 amor
1434 3017 1488 3070 in
1517 3015 1596 3071 eis
1619 3023 1901 3086 augeatur,
1930 3015 2071 3069 haud
2105 3030 2236 3069 sane
2269 3017 2597 3085 diligentiam
2631 3018 2849 3070 maximi
2881 3018 3099 3071 facere?

572 3138 698 3195 CAP.
728 3132 793 3193 11.
836 3137 1121 3210 Virginitas
1154 3156 1181 3194 e
1209 3139 1351 3195 caelis
1368 3140 1576 3209 planta,
1606 3158 1723 3196 sero
1782 3140 1992 3226 tandem
2050 3144 2252 3226 agnita.
2283 3143 2529 3198 Hominis
2584 3142 2652 3197 ad
2693 3145 3060 3214 perfectionem
3100 3157 3381 3216 prorcctto,
3430 3152 3685 3219 quomodo
3730 3151 3810 3204 in-

1862 3222 1868 3227 ’
2107 3222 2313 3268 stituta.

638 3353 834 3424 Magno
871 3352 1016 3408 enim
1059 3368 1250 3409 revera
1304 3368 1536 3411 excessu
1565 3370 1596 3408 a
1623 3358 1853 3410 summis
1877 3356 2138 3412 cmlorum

2311 3356 2538 3427 Μεγάλῃ
2577 3356 2687 3435 γάρ
2731 3356 2944 3428 ἀληθῶς
2996 3357 3265 3428 ὑπερϐολῇ
3299 3357 3478 3428 τὸτῆς
3511 3359 3807 3430 παρθενίας

566 3443 807 3502 demissa
830 3442 976 3497 venit
998 3442 1327 3514 virginitatis
1358 3446 1574 3515 planta:
1601 3446 1955 3515 quamobrem
1980 3446 2139 3500 etiam

566 3534 763 3607 primis
793 3532 1098 3595 ,hominum
1127 3535 1379 3592 aetatibus
1419 3536 1564 3590 haud
1599 3536 1703 3591 fuit
1732 3537 1963 3594 detecta.
1993 3536 2142 3593 Non-

564 3627 697 3681 dum
721 3626 922 3696 quippe
951 3641 1303 3682 numerosum
1332 3636 1449 3682 erat
1478 3644 1649 3698 genus
1672 3628 1971 3684 humanum
1997 3669 2013 3695 ,
2045 3629 2142 3684 de-

566 3702 835 3787 cebatque
856 3717 1035 3787 ipsum
1062 3718 1213 3788 prius
1239 3717 1593 3775 multitudine
1619 3722 1807 3792 augeri
1829 3728 1990 3791 atque
2014 3735 2142 3790 per-

568 3807 675 3861 lici.
705 3807 886 3873 Quare
915 3824 984 3862 ne
1017 3811 1268 3879 proprias
1295 3810 1515 3880 quidem
1542 3826 1764 3868 sorores
1785 3828 1907 3866 cum
1932 3812 2139 3882 antiqui

566 3913 767 3953 uxores
801 3901 1134 3970 acciperent,
1170 3908 1327 3971 turpe
1364 3902 1571 3973 aliquid
1604 3918 1670 3958 ac
1699 3903 1957 3959 indecens
1983 3912 2135 3974 erat;

564 3994 740 4048 donec
769 3994 855 4049 lex
874 3996 1098 4051 veniens
1123 3993 1491 4060 denuntiavit,
1522 3998 1686 4067 idque
1710 3997 1965 4063 vetando,
1990 3998 2136 4068 quod

563 4084 743 4165 primo
797 4085 1263 4145 honestumesse
1302 4087 1607 4154 videbatur,
1659 4098 1938 4159 peccatum
2014 4106 2136 4147 esse

563 4177 783 4242 sanxit,
839 4178 1195 4235 maledictum.
1226 4196 1344 4233 eum
1379 4183 1716 4251 vocans'qui
1763 4183 2135 4250 turpitudinem

562 4271 762 4325 sororis
789 4288 900 4325 sua:
936 4273 1258 4337 revelaverit,
1300 4274 1409 4329 Deo
1453 4274 1708 4328 nimirum
1755 4276 1919 4330 certis
1949 4277 2137 4346 paula-

561 4361 658 4415 tim
682 4369 988 4435 temporum
1013 4366 1326 4432 momentis,
1362 4365 1506 4435 quod
1528 4366 1765 4422 humano
1794 4370 1975 4437 generi
2002 4384 2134 4424 con-

560 4468 758 4525 gruum
791 4463 971 4520 esset,
1006 4471 1277 4526 pr0pensc
1312 4456 1632 4512 admovente
1660 4459 1951 4527 auxilium;
1988 4469 2048 4513 ut
2080 4470 2134 4515 et

564 4552 814 4615 parentes
840 4562 970 4619 erga
995 4548 1196 4603 liberos
1220 4563 1357 4617 pene
1395 4548 1617 4603 faciunt.
1646 4548 1764 4604 Non
1781 4552 1925 4605 enim
1956 4551 2025 4605 ab
2052 4552 2134 4621 ip-

561 4639 640 4694 sis
668 4640 850 4693 statim
877 4636 1165 4696 cunabulis
1194 4638 1512 4711 paedagogos
1536 4640 1642 4696 illis
1671 4642 2009 4711 praeﬁciunt;
2033 4641 2133 4697 sed

2243 3447 2547 3519 ἀνθρώποις
2572 3448 2666 3499 ἀπ’
2700 3447 2942 3518 οὐρανῶν
2972 3448 3329 3517 κατεπέμφθη
3366 3447 3560 3515 φυτόν·
3594 3449 3686 3501 καὶ
3722 3448 3810 3504 διὰ

2240 3539 2397 3593 τοῦτο
2434 3541 2554 3602 ταῖς
2603 3538 2844 3613 πρώταις
2876 3540 2975 3591 οὐκ
3021 3539 3375 3610 ἀπεκαλύφθη
3412 3542 3644 3607 γενεαῖς.
3689 3541 3809 3595 Ἔτι

2240 3631 2347 3703 γὰρ
2402 3631 2685 3703 ἄνθρωπος
2731 3631 3004 3699 ὀλιγοστὸς
3045 3627 3135 3701 ἦν,
3184 3632 3277 3685 καὶ
3328 3633 3492 3702 ἐχρῆν
3538 3631 3696 3685 αὐτὸν
3730 3634 3808 3695 είς

2241 3724 2444 3794 πλῆθος
2484 3725 2791 3795 αὐξήσαντα
2827 3723 3193 3793 τελειωθῆναι.
3221 3722 3312 3775 Διὸ
3347 3723 3403 3775 δὲ
3428 3723 3521 3776 καὶ
3551 3724 3649 3787 τὰς
3681 3740 3809 3792 σφε-

2239 3816 2400 3887 τέρας
2431 3814 2663 3884 ἀδελφὰς
2694 3817 2743 3868 οί
2770 3815 2988 3869 παλαιοὶ
3008 3814 3376 3883 λαμϐάνοντες
3407 3817 3692 3882 γυναῖκας,
3719 3814 3807 3868 οὒ-

2238 3907 2326 3961 δὲν
2352 3904 2419 3978 ἦν
2452 3907 2696 3977 ἀπρεπὲς
2723 3906 2858 3977 (19),
2895 3905 3053 3977 μέχρι
3076 3905 3237 3976 νόμος
3265 3903 3436 3958 ἐλθὼν
3461 3904 3807 3975 διεστείλατο,

2238 4000 2331 4055 καὶ
2352 4001 2411 4053 τὸ
2435 4000 2645 4070 πρῶτον
2661 3999 2847 4053 δοκοῦν
2877 3994 3012 4051 εἶναι
3030 3997 3189 4052 καλὸν
3205 3998 3606 4069 ἀπαγορεύσας,
3631 4001 3807 4070 ἀμαρο

2234 4092 2356 4146 τίαν
2399 4092 2711 4163 ἀπεφὴνατο
2738 4131 2753 4155 ,
2803 4090 3233 4158 ἐπικατὰρατον
3278 4089 3455 4143 καλῶν
3512 4089 3619 4142 τὸν
3662 4090 3806 4144 ἀπο-

2236 4183 2622 4237 καλύπτοντα
2653 4180 2767 4249 τὴν
2803 4180 3241 4249 ἀσχημοσύνην
3269 4178 3379 4247 τῆς
3410 4177 3679 4249 ἀδελφῆς
3708 4183 3806 4234 αὐ·

2234 4276 2341 4330 τοῦ
2367 4316 2382 4339 ,
2429 4273 2523 4329 τοῦ
2570 4275 2704 4327 Θεοῦ
2748 4274 2888 4327 κατά
2918 4272 3106 4343 καιρὸν
3133 4274 3231 4344 τὴν
3279 4272 3622 4344 ἁρμόζουσαν
3648 4272 3805 4343 ή-μιῖιν

2233 4364 2311 4436 τῷ
2334 4366 2482 4433 γένει
2526 4365 2827 4428 σπουδαίως
2882 4363 3277 4435 προσφέροντος
3309 4364 3579 4437 βοήθειαν,
3618 4363 3804 4434 ὥσπερ

2233 4459 2297 4530 δὴ
2336 4459 2429 4513 καὶ
2457 4459 2502 4511 oi
2532 4457 2764 4528 πατέρες
2793 4459 2904 4519 τοῖς
2942 4458 3094 4518 υἱοῖς.
3130 4457 3204 4509 Οὐ
3237 4456 3343 4527 γὰρ
3377 4457 3577 4519 εὐθέως
3602 4456 3803 4510 ἀνωθεν

2235 4551 2583 4605 ὲπιστατοῦσι
2628 4552 2753 4613 τοὺς
2793 4549 3172 4635 παιδαγωγούί
3195 4566 3207 4578 ·
3248 4549 3383 4602 ἀλλά
3425 4546 3519 4619 τῆν
3550 4548 3803 4619 παιδικὴν

2235 4641 2448 4712 ἠλικίαν
2488 4640 2744 4703 ὲάσαντες
2784 4639 3080 4712 ἀθύρεσθαι
3116 4639 3421 4710 μοσχαρίων
3454 4640 3625 4711 δίκην,
3655 4639 3801 4711 πρῶ-

560 4746 826 4787 concesso
851 4733 997 4786 :etati
1024 4733 1274 4803 primulze
1300 4722 1499 4803 “spatio
1520 4735 1752 4803 quodam
1786 4734 2014 4805 puerilia
2045 4734 2128 4788 lu-

2243 4749 2322 4787 τον
2353 4733 2432 4795 είς
2469 4730 2801 4784 διδασκάλων
2855 4730 3319 4802 συμψελλιζόντων
3363 4730 3798 4796 ἀποστέλλουσιν,

560 4823 748 4889 dendi,
807 4839 872 4879 ac
917 4826 1071 4895 quasi
1105 4825 1397 4881 vitulorum
1438 4841 1590 4882 more
1639 4827 1905 4896 tantisper
1956 4826 2120 4883 lasci-

630 4984 653 5016 ⁸
682 4983 847 5039 Leuit.
885 5000 945 5049 ιι,
979 4987 1065 5041 15.
1141 4987 1162 5018 ⁸
1192 4986 1469 5050 Matth.'v,
1502 4987 1591 5042 15.
1665 4987 1686 5019 ⁷
1721 4987 1741 5042 l
1775 4986 1901 5042 Cor.
1951 5002 2047 5052 vn,
2081 4988 2168 5042 54.

2225 4823 2333 4877 ἐστ’
2362 4822 2428 4877 ἂν
2454 4822 2819 4887 ἀποϐαλόντες
2841 4822 2939 4895 τὴν
2975 4824 3306 4896 μειρακιώδη
3343 4824 3505 4894 τρίχα
3527 4822 3621 4875 τοῦ
3651 4822 3789 4885 νοὸς,

2247 4984 2458 5041 ἰευὶι.
2491 4988 2625 5039 xvm‘
2666 4984 2733 5051 9;
2777 4999 2869 5048 xx,
2912 4984 2998 5038 17.

562 5148 734 5219 magis
759 5147 928 5219 probo
954 5156 1149 5218 quarto
1170 5156 1292 5219 post
1314 5165 1473 5203 versu
1514 5146 1937 5219 προσφέρεσθαι,
1977 5147 2125 5217 quod
2230 5149 2510 5212 cessariis,’
2549 5158 2610 5203 ut
2641 5158 2929 5218 utrumque
2957 5147 3105 5202 dicat
3150 5145 3462 5219 ridiculum.
3523 5144 3795 5219 Sicunihil

564 5217 700 5290 Mai.
722 5217 852 5290 _c_ud.
882 5217 1039 5273 habet
1080 5217 1186 5290 pro,
1217 5219 1476 5290 φέρεσθαι
1496 5217 1708 5290 κυρίῳ,
1730 5217 1891 5287 quod
1923 5229 2041 5273 erat
2071 5222 2124 5272 in
2227 5221 2344 5274 vitii
2370 5221 2421 5273 in
2441 5221 2531 5273 illa
2555 5235 2706 5284 voce,
2730 5217 2888 5287 cujus
2909 5218 3283 5290 emendation_
3311 5217 3797 5290 exspectandi-sint

563 5287 685 5341 Vat.
722 5287 840 5343 Mox
894 5299 1037 5344 recte
1081 5287 1354 5343 omittitur
1377 5292 1429 5360 in
1467 5287 1598 5360 cod.
1634 5287 1768 5342 Maz.
1803 5305 1905 5342 vox
1959 5290 2126 5360 αὐτῆς

562 5367 684 5430 post
705 5360 1136 5430 prmpositionem
1167 5359 1352 5430 χωρίς.
1390 5357 1721 5430 Ειιλῐιυριιι.

632 5427 742 5499 (18)
788 5429 1094 5498 Ἡγεῖσθαι.
1138 5427 1426 5497 componit
1460 5427 1760 5501 Methodius
1807 5429 1883 5501 τῷ
1941 5430 2125 5484 ἀδολε-

563 5502 730 5569 σχεῖν,
758 5516 991 5569 operam,
1018 5502 1182 5553 otium
1204 5502 1412 5570 perdere
1435 5500 1667 5569 seriaque
1699 5500 1909 5570 nugari,
1934 5503 1988 5556 in
2012 5503 2120 5555 illis

2232 5290 2322 5344 alii
2352 5290 2599 5355 codices;
2632 5297 2691 5342 ut
2722 5290 2895 5344 visum
2926 5298 3011 5343 est
3038 5288 3234 5340 editori
3264 5286 3460 5356 Lupar.
3498 5286 3643 5341 Satis
3672 5298 3755 5342 εει
3775 5328 3792 5352 ,

2232 5369 2291 5415 ιιι
2321 5362 2412 5430 qui
2458 5367 2674 5414 exstant
2696 5374 2906 5413 summo
2933 5372 3206 5430 consensu
3248 5358 3382 5430 nihil
3409 5356 3681 5430 Methodio
3713 5361 3792 5411 vi-

2233 5427 2403 5500 roque
2421 5431 2682 5500 prudenti
2682 5444 2900 5484 sensum
2932 5428 3218 5500 adversum
3231 5427 3478 5500 reddant.
3497 5429 3790 5500 Qouszrts.

2301 5490 2477 5568 (’19)Ὀ
2487 5500 2627 5553 easy
2646 5495 2722 5569 ἦν
2742 5496 3024 5566 ἀπρεπές.
3070 5498 3251 5552 Codex
3276 5490 3600 5569 Vat.,_o'56sv
3621 5500 3795 5569 ἠσχη-

480 5626 485 5631 ,
559 5565 923 5651 qiiae_aiigt_isti
972 5570 1138 5622 animi
1171 5565 1326 5650 sunt,
1356 5568 1435 5651 τὸ,
1478 5570 1551 5640 μὴ
1580 5565 1837 5651 μεγίστας
1871 5573 2119 5651 ἡγεῖσθαι

2243 5565 2439 5651 iam.
2470 5569 2632 5651 Mam,
2664 5565 2855 5624 audaci
2879 5569 3220 5634 diversitate,
3251 5569 3403 5651 οῦδὲν
3426 5565 3497 5651 ᾖν
3527 5565 3789 5639 ἀπρεπὲς,

557 5639 656 5702 τὰς
684 5639 997 5706 ἀκριϐείας,
1025 5655 1126 5692 ηοη
1148 5640 1367 5693 maximi
1403 5639 1928 5708 [accrediliqentiam‘
1950 5644 2005 5697 in
2032 5660 2122 5698 ne-

2223 5638 2548 5707 glossemate
2579 5643 2632 5696 in
2662 5648 2977 5697 contextum
3020 5649 3256 5704 recepto.
3293 5640 3388 5693 Eu.
3426 5638 3625 5694 Lemn.
