4140 6410
315 378 381 437 ει
1407 372 1794 430 αοΝνινιυΜ
1834 372 2064 429 DECEM
2104 370 2467 429 VIRGINUM.
3500 369 3571 426 ἃ

317 499 399 561 εἰς
417 496 515 569 τὴν
547 496 655 550 τῶν
705 494 964 569 μειζόνων
1005 497 1235 565 ἄσκησιν
1283 494 1757 567 παραπεμφθῶοι·
1792 496 1894 550 κά-

2003 491 2200 557 viendi,
2231 492 2301 547 ad
2330 492 2624 563 magistros
2649 503 2757 543 una
2781 502 2904 544 cum
2932 488 3013 543 eis
3042 485 3426 548 balbutientes,
3459 487 3578 559 pri-

318 589 497 644 κεῖθεν
538 586 694 653 αὖθις
738 591 816 653 εἰς
856 590 956 660 τὴν
999 588 1105 643 τῶν
1132 589 1209 642 ἔτι
1256 588 1532 660 μειζόνων.
1569 587 1751 659 Ταύτῃ
1785 588 1894 660 γὰρ

318 682 412 739 καὶ
440 682 530 736 τὸν
562 680 693 734 Θεὸν
726 681 818 734 καὶ
850 681 1069 752 Πατέρα
1116 681 1223 733 τῶν
1262 680 1397 734 ὅλων
1427 680 1658 751 ἡγητέον
1685 698 1894 751 προση-

317 771 503 841 νέχθαι
527 774 639 836 τοῖς
670 771 777 843 πρὸ
802 773 833 841 ἠ
844 770 979 842 μῶν.
1008 770 1298 843 Ἔτιγάρὸ
1330 770 1558 842 κόσμος,
1592 769 1894 843 ἀνθρώπων

318 862 640 932 ἀπλήρωτος
679 860 774 923 ὣν,
824 860 901 924 ὡς
952 862 1144 933 νήπιος
1186 857 1253 933 ἦν
1287 862 1380 914 καὶ
1428 862 1595 933 ἐχρῆν
1626 861 1786 915 αὑτὸν
1815 863 1896 925 εἰς

318 951 519 1023 πλῆθος
535 952 812 1024 πρότερον,
830 955 893 1005 ὲκ
910 952 1111 1007 τούτων
1126 952 1486 1024 ἀνδρωθέντα,
1501 953 1892 1026 πληθυνθῆναι.

330 1042 463 1097 Ἀλλ’
493 1042 581 1096 ὅτε
615 1043 798 1097 λοιπὸν
833 1044 942 1098 ἀπὸ
975 1044 1225 1117 περάτων
1276 1047 1368 1099 ἐπὶ
1401 1046 1612 1117 πέρατα
1663 1046 1897 1117 κατῳκί-

318 1134 443 1205 σθη,
477 1136 575 1205 τῆς
604 1133 1027 1209 ἀνθρωπότητος
1068 1141 1148 1202 εἰς
1175 1137 1401 1211 ἄπειρον
1444 1140 1772 1211 κεχυμένης,
1795 1142 1896 1193 ούκ

318 1226 397 1278 ἔτι
429 1228 542 1288 τοῖς
572 1227 758 1291 αὐτοῖς
798 1228 1079 1298 ἐπιμένειν
1108 1228 1198 1283 τὸν
1221 1228 1505 1296 ἄνθρωπον
1538 1230 1839 1302 ἐπέτρεπεν
1868 1233 1897 1283 ὁ

317 1315 467 1380 Θεὸς,
510 1318 730 1371 σκοπῶν
769 1318 937 1384 ὅπως,
987 1320 1154 1374 τῶνδε
1185 1323 1263 1385 εἰς
1295 1320 1423 1374 τάδε
1458 1321 1894 1392 μεταϐαίνοντες,

316 1406 702 1481 πλησιαίτερον
752 1412 1131 1483 προκόπτωσιν
1168 1412 1422 1484 ἔρχεσθαι
1460 1413 1568 1467 τῶν
1606 1414 1854 1487 οὐρανῶν
1878 1454 1894 1480 ,

318 1500 512 1570 μέχρις
543 1501 629 1565 ἂν,
675 1503 755 1566 είς
790 1503 922 1557 αὐτὸ
952 1503 1013 1557 τὸ
1048 1504 1303 1583 μέγιστον
1339 1504 1566 1577 μάθημα
1600 1508 1692 1560 καὶ
1736 1524 1898 1578 κορυ-

317 1588 609 1655 φαιότατον
647 1590 745 1663 τὴν
785 1592 1083 1662 παρθενίαν
1135 1594 1463 1662 φθάσαντες.
1500 1595 1892 1650 τελειωθῶσιν·

315 1680 425 1734 ἀπὸ
463 1683 561 1752 τῆς
614 1683 1001 1755 ἁδελφομιξίας
1041 1685 1362 1750 ὁδεύσαντες
1420 1688 1635 1760 πρῶτον
1691 1691 1772 1752 εἰς
1837 1689 1898 1742 τὸ

317 1772 526 1837 ὀθνείας
549 1775 1119 1849 έπάγεσθαιγαμετάς
1136 1795 1150 1808 ο
1176 1779 1432 1835 κάκεῖθεν
1482 1781 1561 1845 εἰς
1587 1779 1647 1834 τὸ
1700 1780 1898 1851 μηκέτι

1995 601 2192 655 ntaque
2229 584 2539 640 rudimenta
2590 599 2654 638 ac
2692 583 2956 637 elementa
2992 581 3284 642 docentes,
3316 595 3411 635 eos
3442 581 3572 633 mit-

1994 682 2139 741 tunt,
2172 676 2348 731 donec
2380 673 2614 729 infantili
2644 674 2792 727 velut
2816 672 3052 741 quadam
3089 669 3285 725 mentis
3315 669 3576 740 lanugine

1996 766 2172 836 posita
2199 807 2215 828 ,
2263 765 2331 820 ad
2386 766 2655 834 majorum
2687 763 3106 834 disciplinarum
3146 762 3575 817 exercitamenta

1996 861 2397 923 transmittant,
2445 867 2609 928 atque
2656 857 2783 910 hinc
2829 855 2898 910 ad
2930 857 3035 909 alia
3094 854 3180 909 bis
3228 853 3572 910 sublimiora.

1998 948 2177 1005 Simili
2228 966 2449 1021 quoque
2494 950 2711 1005 ratione
2747 948 3174 1004 existimandum
3226 962 3285 1001 se
3336 947 3578 1016 gessisse

1995 1057 2125 1113 erga
2154 1043 2387 1109 majores
2410 1051 2631 1097 nostros
2652 1040 2824 1101 Deum
2851 1041 3234 1096 universorum
3254 1056 3317 1093 ac
3334 1039 3575 1098 Patrem.

1997 1137 2135 1192 Tum
2160 1136 2427 1207 siquidem
2453 1136 2714 1202 mundus,
2736 1135 2969 1191 necdum
2991 1134 3273 1189 hominum
3297 1134 3580 1190 confertus

1996 1230 2325 1303 frequentia,
2380 1231 2526 1285 velut
2581 1229 2764 1284 infans
2801 1236 2955 1292 erat,
3004 1228 3341 1296 decebatque
3391 1229 3579 1298 augeri

1997 1323 2151 1393 prius
2180 1322 2234 1376 in
2264 1321 2691 1385 multitudinem,
2726 1336 2793 1374 ex
2823 1335 2930 1390 qua
2962 1319 3016 1373 in
3041 1319 3219 1373 virum
3248 1319 3408 1388 quasi
3443 1320 3580 1374 ado-

1998 1415 2250 1471 lesceret.
2295 1415 2367 1468 At
2399 1414 2492 1469 ubi
2527 1414 2641 1484 jam
2674 1413 2742 1468 ab
2770 1412 3031 1468 extremis
3058 1412 3124 1466 ad
3149 1420 3396 1467 extrema
3429 1413 3583 1467 colo-

1998 1509 2108 1563 niis
2169 1508 2544 1578 frequentatus
2595 1514 2711 1570 est,
2757 1505 2998 1559 humana
3031 1505 3218 1559 sobole
3264 1505 3318 1558 in
3349 1505 3584 1560 immen-

2000 1614 2123 1655 sum
2141 1612 2534 1669 usquequaque
2554 1596 2697 1661 fusa,
2716 1612 2824 1651 non
2848 1595 3085 1665 amplius
3118 1595 3311 1650 iisdem
3336 1610 3400 1650 ac
3427 1598 3586 1665 prius

1998 1689 2143 1745 Deus
2158 1687 2433 1743 hominem
2457 1686 2709 1754 permisit
2727 1684 2982 1740 insistere
2998 1685 3276 1744 moribus;
3307 1684 3360 1739 id
3388 1698 3587 1755 nempe

2000 1776 2322 1850 providens,
2368 1785 2430 1831 ut
2482 1776 2690 1833 sensim
2733 1791 2801 1830 ex
2857 1773 2980 1830 aliis
3010 1773 3077 1828 ad
3112 1774 3217 1827 alia
3246 1773 3475 1845 gradum
3511 1775 3588 1828 fa-

320 1865 541 1930 πολλαῖς
597 1869 901 1923 ἐπιϐαίνειν
950 1871 1299 1942 τετραπόδων
1326 1873 1496 1944 νόμῳ,
1528 1873 1778 1944 καθάπερ
1815 1873 1896 1936 είς

2003 1871 2204 1926 cientes
2227 1909 2241 1933 ,
2292 1870 2503 1939 majore
2537 1868 2783 1940 profectu
2814 1868 3178 1939 propinquius
3207 1868 3364 1922 cmlis
3393 1883 3585 1922 assur-

315 1956 498 2026 όχείαν
527 1961 853 2027 γεγονότας’
890 1961 1183 2015 κάντεῦθεν
1222 1966 1303 2027 εἰς
1344 1966 1406 2016 τὸ
1453 1964 1526 2035 μὴ
1556 1966 1778 2034 μοιχοὺς
1805 1980 1897 2032 γε-

2003 1967 2183 2033 gerent
2212 1979 2225 2015 :
2254 1962 2434 2032 quoad
2465 1962 2521 2015 in
2552 1961 2852 2015 maximum
2888 1961 3071 2031 ipsum
3119 1975 3183 2015 ac
3213 1961 3584 2016 celsissimum

312 2049 529 2118 γονέναι
550 2067 564 2080 ·
594 2052 685 2105 καὶ
710 2048 776 2107 αὖ
809 2053 967 2106 πάλιν
1006 2056 1086 2117 εἰς
1120 2054 1497 2126 σωφροσύνην,
1527 2056 1622 2108 καὶ
1653 2052 1762 2107 ἀπὸ
1797 2071 1897 2106 σω-

2003 2050 2294 2106 evadentes
2318 2051 2651 2121 virginitatis
2676 2050 3088 2114 documentum,
3107 2051 3255 2121 quod
3285 2052 3587 2121 perfectum

314 2140 592 2211 φροσύνης
646 2145 727 2208 εἰς
779 2145 1109 2216 παρθενίανο
1157 2146 1285 2200 ἔνθα
1346 2145 1742 2216 μελετήσαντες
1798 2145 1899 2216 τῆς

316 2232 520 2301 σαρκὸς
567 2234 953 2306 ὑπερφρονεῖν,
997 2238 1078 2300 εἰς
1117 2236 1208 2290 τὸν
1241 2236 1341 2307 τῆς
1380 2236 1691 2307 ἀφθαρσίας
1722 2234 1896 2290 εῠδιον

314 2320 534 2388 ἀφόϐως
553 2322 926 2394 ἐνορμίζονται
955 2324 1151 2396 χῶρον.

2001 2151 2090 2198 est
2121 2142 2580 2213 adipiscerentur,
2633 2157 2664 2196 a
2716 2143 2947 2197 fratrum
2995 2158 3358 2213 sororumque
3410 2143 3591 2198 mistis

2001 2235 2275 2305 conjugiis
2303 2236 2539 2305 primum
2584 2234 2995 2305 progredientes
3033 2242 3095 2289 ut
3128 2244 3385 2290 externas
3421 2236 3591 2290 duce-

2002 2335 2123 2381 rent
2140 2343 2341 2382 uxores
2366 2346 2379 2382 :
2412 2326 2629 2392 deinde,
2654 2336 2713 2380 ut
2730 2343 2798 2381 ne
2813 2327 3002 2381 multis
3019 2327 3433 2398 quadrupedum
3457 2327 3588 2392 ritu,

312 2412 462 2466 velut
495 2413 549 2465 in
577 2428 740 2466 unam
774 2414 915 2469 hanc
948 2431 1060 2470 rem
1093 2416 1232 2481 nati,
1296 2416 1767 2483 congrederentur
1799 2438 1812 2473 :
1841 2417 1968 2473 inde
2016 2431 2078 2475 ut
2107 2420 2343 2475 adulteri
2373 2435 2487 2475 non
2506 2426 2717 2483 essent,
2777 2428 2943 2490 atque
2978 2420 3107 2474 hinc
3164 2436 3360 2476 rursus
3399 2429 3458 2475 ut
3495 2436 3589 2474 (-a-

312 2507 586 2570 stitatem,
642 2521 816 2577 eaque
860 2508 1168 2578 perfuncti,
1205 2509 1577 2580 virginitatem
1613 2513 1895 2566 colerent:
1935 2513 2026 2568 ubi
2062 2528 2122 2569 se
2151 2514 2205 2566 in
2242 2515 2427 2568 carnis
2461 2522 2783 2583 contemptu
2826 2524 3169 2581 exercentes,
3215 2515 3272 2570 in
3320 2516 3594 2586 tranquil-

312 2601 426 2656 lum
479 2603 917 2674 incorruptionis
972 2604 1188 2670 locum,
1223 2606 1374 2661 velut
1410 2607 1685 2663 tutissimo
1713 2618 1909 2679 portu,
1945 2617 2092 2665 metu
2124 2609 2293 2664 soluti
2313 2610 2672 2679 appellarent.

312 2722 443 2781 CAP.
480 2724 566 2779 Ill.
593 2725 886 2781 Abrahami
908 2728 1308 2785 circumcisione
1345 2731 1560 2785 sublata
1597 2748 1845 2786 sororum
1868 2733 2137 2803 conjugia.
2170 2732 2213 2786 A
2253 2731 2570 2803 propheticis
2597 2731 2919 2801 temporibus
2945 2730 3226 2801 repudiata
3258 2730 3590 2800 polygamia.

1344 2804 1583 2857 Castitas
1611 2803 1930 2875 conjugalis,
1971 2806 2088 2874 ipsa
2116 2803 2288 2859 modis
2310 2805 2556 2858 coercita.

386 2913 450 2968 Εἰ
476 2913 531 2966 δέ
558 2933 643 2979 τις
694 2915 770 2978 ὡς
808 2916 1125 2989 ἀμάρτυρον
1154 2917 1262 2972 τῶν
1290 2918 1523 2991 Γραφῶν
1545 2920 1895 2975 αἰτιάσασθαι

312 3005 572 3078 τολμήσαι
605 3007 695 3059 τὸν
725 3006 902 3074 λόγον,
922 3008 1054 3080 φέρε
1077 3009 1164 3080 δὴ,
1198 3010 1537 3081 παραθέντες
1570 3011 1664 3064 καὶ
1692 3010 1760 3064 τὰ
1786 3009 1896 3064 τῶν

313 3097 643 3169 προφητῶν,
691 3097 1033 3171 ἀληθέστερα
1104 3099 1303 3170 μᾶλλον
1380 3102 1753 3173 ἀποδείξωμεν
1828 3099 1899 3154 τά

313 3192 706 3263 προειρημένα.
753 3191 810 3245 Ὀ
838 3191 970 3260 γοῦν
1018 3191 1291 3265 Ἀϐραὰμ,
1326 3193 1542 3267 πρῶτος
1574 3197 1632 3248 ὲν
1663 3194 1898 3266 διαθήκῃ

2073 2921 2153 2977 Ne
2179 2922 2304 2992 quis
2358 2936 2488 2977 vero
2547 2920 2852 2976 orationem
2901 2929 2961 2975 ut
2983 2917 3392 2990 Scripturarum
3438 2919 3595 2975 testi-

2004 3015 2208 3071 moniis
2229 3013 2546 3070 destitutam
2562 3012 2762 3068 audeat
2780 3012 3048 3077 cavillari,
3078 3028 3197 3083 age,
3219 3011 3593 3083 producamus

2006 3106 2398 3178 prophetarum
2439 3106 2613 3171 locos,
2653 3105 2829 3175 iisque
2854 3112 3007 3161 certo
3024 3104 3230 3160 certius
3265 3105 3498 3170 veriora,
3525 3120 3591 3160 ea

2008 3217 2130 3273 quae
2159 3200 2308 3256 dicta
2337 3215 2369 3254 a
2399 3199 2560 3254 nobis
2590 3207 2739 3261 sunt,
2769 3197 3143 3253 ostendemus.
3171 3196 3387 3253 Primus
3408 3198 3595 3268 itaque

310 3285 410 3356 τὴν
435 3287 735 3357 περιτομὴν
769 3283 971 3349 λαϐὼν,
1016 3285 1169 3340 οὐδὲν
1210 3287 1397 3358 ἓτερον
1438 3289 1773 3341 αἰνίσσεσθαι
1815 3287 1897 3340 δο-

2006 3292 2308 3358 Ahrabam,
2332 3299 2558 3363 accepto
2570 3291 3012 3347 circumcisionis
3033 3288 3259 3355 fmdere,
3282 3290 3419 3345 nihil
3445 3288 3595 3344 aliud

312 3379 418 3441 κεῖ,
444 3376 506 3430 τὸ
538 3380 737 3458 οἰκεῖρν
782 3378 891 3451 (20)
945 3381 1403 3452 περιτεμνόμενος
1425 3380 1526 3451 τῆς
1572 3381 1770 3454 σαρκὸς
1798 3382 1897 3434 αὑ-

2004 3385 2219 3440 videtur
2240 3385 2489 3449 innuere,
2513 3384 2795 3453 pr0prium
2818 3382 3005 3438 carnis
3024 3398 3137 3438 suae
3165 3382 3471 3438 membrum
3492 3396 3598 3451 pu-

312 3468 408 3522 τοῦ
441 3470 619 3540 μέλος,
653 3471 686 3542 ἢ
719 3474 896 3538 τοῦτο,
918 3475 979 3528 τὸ
1008 3476 1292 3547 μηκέτιτά
1320 3475 1385 3529 ὲκ
1410 3472 1505 3527 τοῦ
1538 3474 1704 3527 αὐτοῦ
1730 3475 1900 3545 σπέρ-

317 3578 487 3631 ματος
525 3564 995 3638 δημιουργηθέντα
1035 3567 1449 3639 παιδοσπορείν·
1491 3567 1600 3620 ἀπὸ
1632 3568 1735 3637 τῆς
1763 3565 1899 3630 ιδίας

313 3660 543 3714 ἕκαστον
592 3658 858 3714 διδάσκων
916 3660 1174 3731 ἀδελφῆς,
1203 3655 1292 3714 οἷα
1318 3659 1540 3731 σαρκὸς,
1574 3659 1899 3733 ἀποτέμνειν

309 3752 411 3824 τὴν
443 3752 584 3806 κατά
619 3751 906 3806 συνουσίαν
923 3753 1136 3824 ἡδονήν.
1164 3753 1325 3805 Ὥστε
1354 3753 1415 3805 τὸ
1436 3750 1778 3823 πλησιάζειν,
1805 3752 1901 3805 καὶ

310 3840 563 3914 όμεύνοις
614 3842 849 3915 χρῆσθαι
888 3847 1006 3907 ταῖς
1036 3843 1187 3914 σφῶν
1219 3844 1496 3914 ἀδελφαῖς,
1528 3844 1637 3898 ἀπὸ
1670 3843 1779 3897 τῶν
1804 3841 1898 3896 τοῦ

325 3935 577 4008 Ἀϐραὰμ
603 3935 879 3990 πέπαυται
910 3936 1118 4009 καιρῶν
1137 3953 1150 3967 ο
1177 3936 1238 3990 τὸ
1264 3936 1322 3990 δὲ
1349 3935 1608 3990 πλειόνων
1640 3936 1904 3989 συναλλα-

312 4030 434 4097 γαῖς
495 4028 833 4101 ἁρμόζεσθαι
881 4029 1185 4099 γυναικῶν,
1238 4030 1347 4083 ἀπὸ
1388 4029 1496 4084 τῶν
1544 4028 1900 4101 προφητικῶν

312 4120 582 4194 ἀνῄρηται
614 4123 841 4194 χρόνων.
886 4125 1103 4178 Ὀπίσω
1134 4125 1243 4197 γάρ
1270 4139 1388 4178 σου
1418 4122 1536 4177 τῶν
1573 4120 1901 4192 ἐπιθυμιῶν

304 4214 395 4287 μὴ
426 4217 743 4287 πορευθῇς,
771 4218 870 4273 καὶ
904 4219 1022 4274 ἀπὸ
1054 4217 1172 4272 τῶν
1207 4217 1461 4285 ὀρέξεών
1478 4231 1595 4272 σου
1626 4218 1897 4271 κωλύου·

316 4306 495 4377 Ole-oc
525 4310 634 4382 γάρ
668 4312 767 4365 καὶ
795 4311 1079 4381 γυναῖκες
1113 4311 1544 4379 ἀποστήσουσι
1577 4311 1896 4377 συνετούς.

310 4398 424 4455 Καὶ
442 4403 501 4454 ὲν
537 4403 726 4475 ἑτέρῳ·
758 4402 836 4458 Ἥ
863 4402 1024 4473 πηγή
1059 4420 1177 4459 σου
1212 4404 1319 4458 τοῦ
1359 4402 1580 4470 ὕδατος
1604 4402 1760 4457 ἔστω
1796 4413 1897 4457 σοι

384 4539 407 4570 ³
439 4537 604 4593 Eccli.
648 4556 806 4607 xvnt,
839 4541 928 4596 30.
1006 4543 1048 4575 ¹⁰
1089 4542 1255 4597 Eccli.
1290 4559 1406 4607 xIx,
1437 4543 1494 4599 2.

2006 3476 2198 3543 tando,
2242 3490 2431 3546 quam,
2468 3475 2613 3530 haud
2645 3475 2879 3545 amplius
2905 3474 3071 3530 licere
3096 3490 3220 3530 eum
3246 3489 3310 3530 ea
3340 3490 3463 3545 qua!
3500 3472 3596 3531 iis-

2007 3567 2131 3623 dem
2160 3577 2281 3621 orta
2310 3566 2633 3638 parentibus
2660 3566 2766 3632 sit,
2792 3580 2909 3621 rem
2940 3564 3245 3620 maritalem
3279 3566 3510 3634 habere;
3559 3584 3593 3624 a

2009 3659 2232 3730 propria
2260 3674 2536 3729 quemque
2570 3673 2783 3720 sorore,
2812 3659 2962 3714 velut
2981 3673 3011 3712 a
3029 3672 3196 3713 carne
3223 3658 3466 3728 propria,
3494 3660 3598 3714 do-

2009 3767 2142 3807 cens
2189 3767 2544 3824 congressum
2592 3761 2897 3823 amputare.
2953 3749 3143 3820 Itaque
3190 3752 3261 3806 ab
3295 3750 3592 3806 Abrahami

2009 3854 2191 3912 aetate,
2215 3861 2423 3901 morem
2448 3846 2598 3899 illum
2619 3861 2729 3916 quo
2749 3860 2970 3900 sorores
2989 3843 3254 3900 fratribus
3272 3846 3590 3915 nuptiarum

2008 3939 2216 3997 foedere
2246 3940 2642 4012 jungeltantur,
2676 3939 2952 3995 sublatum
2985 3936 3257 3993 videmus.
3285 3936 3484 3993 Multas
3502 3951 3594 3991 au-

2018 4039 2127 4087 tem
2147 4031 2309 4088 simul
2325 4032 2394 4086 ab
2414 4048 2522 4086 uno
2541 4031 2727 4086 haberi
2749 4045 2948 4085 uxores
2967 4045 2997 4083 a
3021 4030 3357 4100 propheticis
3376 4037 3591 4099 tempo-

2007 4124 2162 4179 ribus
2208 4123 2438 4195 perinde
2471 4124 2737 4179 abolitum
2775 4129 2880 4179 est.
2960 4121 3097 4177 Post
3134 4123 3590 4191 concupiscentiae

2006 4219 2152 4273 enim
2176 4227 2298 4272 tuas
2317 4258 2333 4281 ,
2368 4216 2583 4288 inquit,
2616 4232 2787 4270 necas
2808 4253 2823 4279 ,
2855 4223 2905 4269 et
2935 4232 2968 4269 a
2997 4214 3272 4269 desideriis
3306 4215 3411 4269 tuis
3441 4231 3594 4269 aver-

2008 4322 2115 4366 tere
2157 4313 2178 4345 °
2217 4326 2237 4365 :
2283 4309 2475 4365 Vinum
2507 4310 2655 4365 enim
2700 4318 2752 4363 et
2783 4308 3030 4363 mulieres
3061 4318 3367 4376 apostatare
3391 4307 3594 4377 facient

2007 4400 2270 4471 sapientes
2303 4401 2371 4457 ¹⁰.
2394 4399 2456 4453 Ει
2474 4400 2582 4455 alio
2602 4400 2723 4455 loco
2748 4419 2762 4455 :
2788 4399 2932 4455 Fons
2955 4408 3076 4453 tuus
3095 4415 3246 4469 aqua:
3258 4399 3327 4452 sit
3355 4398 3449 4451 tibi
3463 4414 3593 4469 pro-

389 4659 502 4729 (20)
521 4659 783 4734 _Olgcsior.
809 4657 933 4716 Vat.
947 4661 1128 4734 codex
1146 4702 1161 4726 ,
1190 4663 1390 4734 οἰκεῖον
1414 4661 1894 4734 περιτεμνόμενος.

2003 4660 2261 4732 deinceps
2288 4660 2534 4714 illicitam
2564 4658 2792 4713 fratrum
2814 4673 2939 4714 cum
2978 4657 3264 4713 sororibus
3289 4655 3413 4734 (qui
3446 4658 3592 4714 velut

316 4728 455 4804 Mqaz.
486 4728 684 4804 οἰκεῖον
723 4729 1221 4804 περιστελλόμενος.
1269 4728 1514 4787 Vaticani
1545 4728 1898 4803 τδπεριτεμ-

314 4800 542 4874 νόμενος
575 4801 731 4874 longe
761 4800 943 4874 aptius
961 4800 1065 4857 est.
1094 4805 1366 4858 Caeterum
1397 4812 1629 4874 uterque
1662 4800 1811 4857 errat
1835 4800 1897 4856 in

317 4886 449 4925 voce
477 4872 694 4923 οἰκεῖον·
728 4870 910 4939 agitur
936 4874 1080 4925 enim
1109 4875 1176 4928 de
1203 4870 1645 4935 circumcisione,
1663 4885 1718 4927 et
1746 4874 1897 4927 desi-

317 4951 518 5009 gnatur
562 4940 867 4994 membrum
909 4940 966 4994 in
1009 4958 1117 5011 quo
1148 4959 1213 4999 ea
1243 4945 1358 4998 ﬁeri
1388 4954 1749 4999 consueverat
1782 4963 1795 4997 :
1829 4943 1895 4997 ad

316 5013 462 5086 quod
513 5011 677 5066 nimis
717 5011 976 5086 generica
1011 5021 1095 5066 est
1135 5030 1238 5086 vox
1278 5016 1499 5079 οἰκεῖον,
1527 5030 1648 5086 qua:
1677 5015 1894 5078 manui,

315 5083 440 5156 pedi
478 5092 531 5143 et
573 5084 839 5156 omnibus
891 5081 1286 5156 aliispartibus
1324 5081 1573 5156 corporis
1617 5086 1895 5156 convenit,

317 5152 613 5225 Scripserit
639 5168 770 5225 ergo
792 5152 1101 5225 Methodius
1122 5155 1298 5225 ὀχείον
1324 5175 1337 5209 :
1370 5152 1560 5211 notum
1590 5157 1735 5211 enim
1762 5155 1895 5225 quid

316 5227 390 5282 sit
406 5223 611 5297 Graecis
640 5223 871 5297 ὀχεύειν,
901 5231 955 5278 et
982 5224 1107 5278 inde
1134 5223 1483 5297 ductadxsfa
1515 5233 1569 5281 et
1591 5223 1793 5297 ὁχείοςξ
1811 5226 1898 5278 Di-

315 5295 524 5351 narcho
561 5293 727 5365 ζππος
767 5295 942 5365 ὀχεῖος
969 5310 1146 5364 equus
1176 5293 1534 5352 admissarius
1557 5335 1572 5362 ,
1603 5293 1658 5352 et
1686 5295 1904 5352 Aristo-

314 5369 410 5421 teli
453 5381 518 5438 _vt
554 5364 975 5438 Histor._}4nirn.
1007 5368 1248 5436 generali
1269 5368 1544 5438 vocabulo
1573 5369 1727 5438 ὀχεῖα
1747 5409 1762 5430 .
1788 5385 1904 5421 ma-

313 5452 419 5509 res.
448 5434 540 5509 Sic
570 5436 727 5509 enim
751 5436 863 5509 illic
890 5434 1050 5509 habet
1090 5451 1211 5506 cap.
1258 5437 1327 5509 18
1364 5456 1377 5492 :
1410 5439 1493 5492 Τὰ
1526 5434 1679 5509 ὀχεῖα
1705 5440 1768 5490 ὲκ
1793 5438 1902 5491 τῶν

314 5506 544 5579 θηλειῶν
558 5504 965 5579 οὖκέξαίρουσι.
988 5504 1174 5579 Miares—
1190 5525 1221 5560 a
1240 5508 1450 5578 feminis
1475 5504 1591 5563 non
1605 5519 1901 5579 segregant.

315 5576 413 5650 Et).
463 5577 666 5632 LUPAR.
698 5607 768 5650 —_—
794 5576 882 5650 re
910 5578 1132 5632 οἰκεῖον
1160 5576 1675 5650 περιτεμνόμενοςξ
1712 5576 1900 5633 Εἱιὶιοι*

313 5646 516 5717 Lupar.
545 5664 684 5718 pene
705 5648 904 5717 plagio,
931 5656 1121 5703 contra
1148 5646 1395 5703 omnium
1420 5646 1670 5705 codicum
1713 5650 1896 5713 fidem,

313 5720 488 5789 ὀχεῖον
510 5727 716 5791 mutat,
753 5719 936 5791 aitque
955 5734 1140 5791 errare
1162 5722 1404 5783 codices,
1441 5721 1557 5791 ipse
1584 5722 1759 5790 magis
1808 5736 1899 5775 er-

318 5787 463 5860 rans.
504 5789 652 5844 Satis
683 5790 784 5842 fuit
823 5787 1120 5851 Methodio,
1151 5798 1212 5845 ut
1245 5787 1476 5860 propriai
1505 5787 1696 5845 carnis
1723 5807 1897 5844 mem-

311 5857 396 5914 bri
425 5863 795 5931 atuputatione
824 5860 1065 5923 diceret,
1096 5857 1461 5930 significatum
1497 5862 1552 5917 in
1582 5862 1897 5917 Abrahamo

634 5956 902 6016 Psraoc.
949 5954 1069 6018 Gn.
1118 5955 1350 6016 XVlll.

2003 4731 2420 4800 unmncorpus
2476 4742 2830 4792 censeantur,
2886 4745 2994 4782 uno
3044 4745 3111 4784 ex
3167 4731 3377 4784 semine
3426 4739 3592 4799 atque

2004 4802 2181 4863 utero)
2211 4805 2459 4871 copulam
2494 4821 2507 4856 :
2544 4817 2647 4856 nec
2685 4803 2784 4854 fuit
2814 4816 3062 4864 necesse,
3098 4815 3158 4853 re
3191 4800 3408 4871 cunctis
3436 4809 3590 4866 nota,

2002 4869 2308 4927 membrum
2342 4877 2520 4942 ipsum
2570 4872 2727 4926 virile
2750 4872 3077 4941 exprimere,
3112 4869 3358 4939 quadam.
3378 4871 3591 4939 piarum

2001 4944 2217 4997 aurium
2270 4943 2604 5009 offensione;
2635 4943 2725 4995 illa
2759 4942 3059 5012 praesertim
3085 4956 3242 5012 ‘voce
3263 4980 3277 5002 ,
3312 4957 3419 5010 qua
3451 4956 3591 4995 nus-

2002 5029 2165 5084 quam
2200 5028 2298 5068 usa
2331 5014 2615 5078 Scriptura
2647 5022 2741 5066 aut
2763 5010 2772 5012 ἡ
2796 5011 3011 5084 Patres,
3045 5010 3135 5065 ubi
3151 5013 3277 5084 _illis
3300 5026 3481 5084 sermo
3504 5018 3593 5084 est

2003 5080 2071 5139 de
2098 5084 2553 5149 cireumcisione;
2587 5099 2709 5152 qua:
2743 5099 2842 5137 nec
2873 5082 3015 5152 apud
3044 5080 3303 5150 profanos
3334 5081 3593 5152 pudenda

2007 5158 2128 5225 ipsa
2155 5161 2538 5224 veretrumque
2558 5154 2848 5223 signiﬁcet,
2877 5151 2970 5208 seu
2996 5154 3168 5221 ipsam
3199 5154 3356 5221 quasi
3386 5151 3597 5208 admis-

2006 5240 2217 5281 suonem
2276 5225 2553 5295 marisque
2608 5225 2900 5280 insilientis
2945 5225 3434 5295 congressionem;
3492 5238 3593 5278 seu

2005 5310 2185 5350 mares
2219 5295 2369 5365 ipsos
2399 5290 2480 5350 sic
2509 5295 2831 5365 congressui
2872 5290 3200 5365 destinatos.
3233 5290 3342 5365 Sua
3362 5309 3464 5348 suo
3493 5308 3595 5348 no-

2005 5366 2152 5420 mine
2170 5363 2356 5429 edant,
2384 5366 2533 5427 licet,
2567 5363 2747 5436 magni
2777 5365 2850 5418 illi
2874 5364 3186 5436 aristarchi,
3219 5364 3265 5417 si
3294 5363 3352 5418 in
3383 5366 3594 5417 mundo

2005 5438 2387 5491 auctoritatem
2426 5434 2746 5502 inveniunt;
2790 5451 2900 5489 non
2936 5450 3000 5489 ea
3030 5434 3248 5489 levitate
3270 5449 3335 5488 ex
3370 5450 3476 5492 suo
3508 5436 3594 5490 in-

2005 5509 2166 5577 genio
2194 5515 2434 5561 veterum
2483 5514 2844 5577 monumenta
2878 5512 3212 5577 componant
3232 5545 3245 5568 ,
3277 5506 3469 5575 eisque
3493 5507 3595 5577 ob-

2005 5574 2250 5633 trudant.
2304 5577 2489 5647 Longe
2530 5576 2746 5647 diversa
2805 5574 2925 5647 Yat.
2980 5575 3141 5629 lectio
3173 5590 3203 5647 a
3233 5574 3493 5646 reliquis,
3530 5575 3595 5628 τὸ

2010 5649 2206 5720 μηκέτι
2238 5651 2317 5712 εἰς
2340 5645 2525 5718 τῆν’ὲκ
2545 5646 2639 5700 τοῦ
2665 5645 2833 5720 αὐτού
2861 5646 3096 5720 αἵματος
3126 5646 3305 5717 σᾶρκα
3325 5645 3591 5720 ⁸δημιουρ;

2006 5712 2269 5791 Ᾰίηθεῖσαν
2296 5712 2708 5791 παιδοσπορεῖνο
2741 5717 2837 5791 sed
2859 5712 3246 5791 idem_sensus,
3280 5717 3349 5771 τά
3385 5712 3451 5770 ἔκ
3494 5712 3593 5772 τὸῦ

2006 5785 2171 5845 αὗτοῦ
2199 5794 2426 5862 αἵματος
2458 5785 2946 5863 δημὶουργηθέντα.
2987 5785 3281 5843 Count-Iris.

3231 5952 3269 6013 2
