4140 6466
551 401 624 454 ιδ
1515 401 1572 457 S.
1617 401 1946 458 METRODII
1989 401 2298 460 EPISCOPI
2339 405 2429 460 ET
2471 406 2827 464 MARTYBIS
3740 415 3809 470 ιι

550 519 731 586 prius,
785 526 832 571 et
872 515 1174 585 jucundare
1201 533 1321 570 cum
1353 532 1547 582 ua‘ore,
1579 536 1694 589 quin
1726 519 1818 572 tibi
1846 519 2069 573 adha’sit
2098 539 2107 573 ι

2239 524 2356 575 ἰδία
2379 522 2513 593 (21),
2569 524 2668 577 καὶ
2708 525 3156 592 συνευφραίνου
3196 526 3347 594 μετὰ
3386 529 3668 597 γυναικὸς
3700 528 3808 599 τῆς

548 609 815 671 iuventute
840 616 932 658 tua
965 607 1361 675 “;-rcpudiata
1392 608 1599 661 scilicet
1628 608 1864 677 plurium
1898 624 2127 662 uxorum

549 699 787 754 licentia.
819 695 1087 752 Jercmias
1104 714 1264 764 vero,
1299 697 1477 768 Equos
1501 709 1766 753 amatores
1783 711 1830 754 et
1853 702 2128 754 emissores

546 811 640 851 eos
674 794 963 849 manifeste
996 795 1237 855 vocat".
1265 796 1357 865 qui
1392 810 1450 849 se
1481 796 1535 849 in
1570 795 1908 849 diversarum
1937 794 2128 849 mulie-

544 902 665 941 rum
702 902 918 942 amores
966 886 1251 941 effundunt
1283 906 1294 940 :
1340 886 1636 957 Multigena
1670 888 1814 942 enim
1846 888 2127 954 impiorum

545 978 834 1032 multitudo
881 995 983 1032 non
1013 978 1111 1031 erit
1143 978 1311 1040 utilis,
1346 987 1397 1031 et
1426 979 1742 1033 adulterina:
1770 977 2123 1048 plantationes

544 1088 647 1125 non
677 1069 878 1123 dabunt
904 1068 1104 1123 radices
1135 1070 1275 1123 altas
1298 1069 1366 1101 “-

617 1160 724 1217 Sed
750 1178 816 1217 ne
838 1162 1034 1232 prolixi
1063 1162 1238 1216 simus
1269 1162 1592 1231 colligendis
1617 1159 1947 1231 propheticis
1974 1159 2122 1213 voci-

542 1254 649 1311 bus
673 1295 689 1321 ,
744 1272 843 1327 age
869 1297 884 1320 ,
924 1266 1238 1311 astruamus
1270 1271 1488 1309 rursum
1517 1254 1788 1324 quomodo
1813 1252 2123 1307 voluntaria

544 1350 772 1405 castitas
795 1349 1039 1418 legitimo
1059 1349 1225 1403 etiam
1252 1350 1374 1402 usui
1399 1346 1689 1417 singularis
1704 1359 1827 1399 cum
1851 1358 1960 1398 uua
1985 1359 2120 1396 con-

536 1443 675 1515 jugii
696 1444 1055 1500 successerit:
1082 1444 1351 1513 tantisper
1372 1443 1580 1498 scilicet
1640 1440 1975 1494 subtrahens
1998 1454 2123 1493 car-

541 1540 629 1591 nis
658 1536 914 1591 libidines
934 1578 948 1601 ,
985 1535 1113 1589 dum
1138 1535 1379 1604 perfecte
1404 1534 1699 1604 proclivem
1725 1547 1790 1587 ex
1818 1536 2121 1585 consuetu-

540 1629 667 1683 dine
700 1630 753 1683 in
787 1628 1038 1698 copulam
1072 1628 1334 1697 impetum
1364 1641 1427 1681 ac
1457 1641 1595 1696 pene
1627 1624 1886 1680 eﬂ'reuem
1910 1637 2124 1692 repres-

414 1739 428 1754 -
539 1717 691 1771 serit.
749 1717 940 1771 Statim
997 1731 1133 1771 sane
1164 1716 1450 1772 manifeste
1500 1715 1802 1777 inducitur,
1833 1713 1927 1782 qui
1978 1713 2120 1767 hanc

538 1806 794 1876 deinceps
840 1806 1261 1875 occupationem
1311 1822 1342 1861 a
1386 1822 1445 1862 se
1479 1806 1791 1869 amoliatur,
1825 1805 1954 1859 dum
1994 1806 2114 1860 ait:

2230 614 2299 667 ἐκ
2331 616 2609 682 νεότητός
2638 632 2753 669 σου
2776 633 2790 646 ·
2819 616 3061 687 δηλονότι
3086 618 3520 688 παραιτούμενος
3556 620 3653 683 τὰς
3681 620 3809 674 πολ-

2229 702 2343 766 λάς,
2389 705 2446 757 ’0
2470 704 2525 756 δέ
2562 705 2851 777 Ἱερεμίας,
2888 706 3132 771 Ἵππους
3174 708 3526 774 θηλινμανεῙς
3570 710 3810 779 ἀναφαν-

2227 791 2315 845 δὸν
2341 794 2466 855 τοὺς
2521 796 2602 856 είς
2652 793 2943 865 διαφόρους
2988 794 3312 866 μαργῶντας
3342 800 3603 863 γυναῖκας
3631 800 3805 855 καλεῖ.

2227 886 2575 953 Πολύγονον
2641 886 2750 957 (22)
2790 886 2928 959 γὰρ,
2954 888 3139 957 φησιν,
3185 887 3420 942 ἀσεϐῶν
3463 890 3696 958 πλῆθος
3733 895 3808 946 οὺ

2224 980 2634 1046 χρησιμεύσει,
2654 980 2751 1034 καὶ
2771 981 2840 1034 ἐκ
2870 983 3061 1034 νόθων
3083 980 3520 1051 μοσχευμὰτων
3535 985 3608 1036 οὺ
3629 982 3808 1039 δώσει

2216 1066 2389 1134 ῥίζαν
2414 1072 2502 1135 εις
2520 1069 2733 1137 βάθος.

2307 1158 2466 1212 Ἀλλὰ
2531 1159 2641 1231 γὰρ
2690 1161 2775 1214 ἵνα
2824 1160 2899 1232 μὴ
2948 1162 3382 1233 μακρηγορῶμεν
3418 1162 3510 1216 ἐπὶ
3543 1162 3676 1217 πολὺ
3705 1161 3807 1228 τὰς

2224 1252 2567 1321 προφητικὰς
2616 1252 3002 1323 ἀναλεγόμενοι
3045 1254 3246 1322 φωνὰς,
3282 1255 3413 1325 φέρε
3441 1255 3503 1327 δὴ
3527 1257 3806 1327 συστήσω-

2226 1357 2324 1409 μεν
2371 1342 2555 1405 πάλιν,
2606 1344 2755 1407 ὃπως
2803 1343 3103 1414 διαδέχεται
3159 1345 3257 1416 τὴν
3314 1346 3406 1398 ἐπὶ
3443 1348 3540 1418 μιᾷ
3584 1346 3804 1416 γυναικὶ

2224 1432 2560 1504 συναλλαγὴν
2592 1436 2623 1504 ἡ
2658 1438 3001 1509 σωφροσύνη,
3037 1438 3224 1509 μέχρις
3261 1437 3325 1491 ἂν
3357 1436 3556 1508 ἐκλύσῃ
3583 1436 3804 1501 τελείως

2222 1524 2319 1594 τὴν
2349 1528 2413 1578 ἐκ
2435 1525 2530 1579 τοῦ
2556 1525 2709 1591 ἔθους
2731 1530 2823 1581 ἐπὶ
2849 1528 2948 1599 τὴν
2987 1531 3271 1583 συνουσίαν
3296 1530 3635 1600 καταφορὰν,
3665 1530 3803 1601 πρὶς

2221 1617 2400 1685 ὀλίγον
2469 1621 2845 1691 ἀφαιρουμένη
2897 1622 2995 1685 τὰς
3040 1622 3138 1693 τῆς
3190 1622 3390 1691 σαρκὸς
3447 1621 3801 1692 ἡδυπαθείας.

2220 1709 2430 1761 Αὐτίκα
2451 1708 2581 1777 γοῦν
2609 1709 2884 1778 είσάγεταί
2907 1728 2992 1774 τις
3006 1712 3261 1781 ἐμφανῶς
3296 1711 3394 1782 ἥδη
3426 1711 3612 1764 λοιπὸν
3648 1728 3800 1782 παρ·

2220 1800 2537 1871 αιτούμενος
2581 1803 2788 1855 τουτονὶ
2821 1804 2911 1856 τὸν
2953 1804 3355 1875 περισπασμὸν,
3386 1804 3578 1872 Κύριε,
3603 1803 3797 1870 λέγων,

535 1896 779 1961 Domine,
798 1896 960 1951 Pater
979 1908 1027 1950 et
1050 1897 1355 1951 dominator
1371 1899 1491 1951 vita:
1516 1913 1663 1961 metu,
1692 1913 1755 1950 ne
1782 1896 2107 1967 derelinquat

2218 1893 2410 1962 Πάτερ
2459 1895 2558 1948 καὶ
2598 1894 2869 1948 δέσποτα
2903 1894 3012 1962 τῆς
3047 1894 3192 1963 ζωῆς
3212 1914 3350 1964 μου,
3371 1895 3458 1964 μὴ
3488 1896 3799 1965 ἐγκαταλί-

534 2004 616 2040 me
649 1988 700 2040 in
732 1989 952 2041 consilio
990 2005 1193 2043 eorum.
1228 1987 1613 2042 Extollentiam
1637 1988 1909 2041 oculorum
1935 2004 2117 2043 amore

532 2095 565 2130 a
598 2094 679 2131 me
730 2078 919 2133 Cordis
947 2081 1369 2149 concupiscentia
1397 2090 1445 2133 et
1467 2079 1772 2134 concubitus
1802 2096 1905 2133 non
1936 2096 2116 2149 appre-

531 2167 761 2224 Itcndant
788 2188 869 2226 me
894 2171 961 2227 η’.
994 2171 1052 2225 In
1084 2173 1224 2227 libro
1251 2180 1431 2226 autem
1459 2172 1769 2242 Sapientire,
1803 2187 1909 2242 quo
1932 2174 2113 2229 omnis

528 2259 751 2315 virtutis
799 2262 1092 2317 traduntur
1140 2263 1501 2324 documenta,
1553 2265 1731 2333 palam
1758 2264 1870 2333 jam
1899 2276 1953 2319 et
1991 2266 2112 2320 sine

531 2351 1069 2422 ambage.auditores
1098 2354 1164 2410 ad
1192 2354 1592 2409 continentiam
1618 2362 1671 2408 et
1692 2357 1999 2410 castitatem
2030 2364 2114 2409 at-

529 2444 753 2499 traheus
783 2444 1020 2515 Spiritus
1052 2455 1299 2509 sanctus,
1336 2448 1465 2501 talia
1506 2447 1822 2503 modulatur
1862 2466 1875 2503 :
1920 2446 2115 2502 Melior

525 2544 605 2590 est
643 2537 930 2593 liberorum
978 2539 1180 2595 orbitas
1213 2556 1332 2593 cum
1371 2540 1595 2604 virtute,
1644 2540 1984 2605 inclamans;
2014 2542 2117 2593 im-

527 2630 829 2684 mortalitas
879 2632 1018 2685 enim
1050 2641 1129 2685 est
1173 2631 1229 2684 in
1268 2634 1523 2685 memoria
1572 2632 1748 2696 illius,
1783 2634 2031 2701 quoniam
2066 2640 2118 2686 et

526 2722 667 2789 apud
698 2721 864 2775 Deum
894 2736 1022 2779 nota
1052 2732 1153 2788 est,
1187 2733 1237 2776 et
1267 2722 1406 2791 apud
1427 2724 1685 2779 homines.
1709 2726 1843 2778 Cum
1876 2741 2109 2793 prwsens

521 2822 622 2877 est,
653 2814 830 2869 colunt
861 2815 1035 2878 illaut,
1068 2824 1119 2871 et
1150 2815 1454 2869 desiderant
1488 2833 1603 2870 eam
1631 2833 1750 2870 cum
1788 2832 1846 2871 se
1869 2816 2108 2870 abduxe-

520 2902 635 2958 rit:
675 2914 725 2958 et
771 2906 829 2960 in
871 2914 1176 2976 perpetuum
1214 2915 1471 2960 coronata
1520 2906 1841 2976 triumphat,
1908 2906 2109 2961 incoin—

524 2997 859 3065 quinatorum
886 2997 1235 3051 certaminum
1257 3014 1421 3067 agone
1453 3009 1701 3067 superato
1736 3000 1801 3052 ".

2219 1997 2338 2055 πῃς
2365 2003 2440 2056 με
2464 1986 2535 2039 ἐν
2557 1986 2763 2055 ,βουλῇ
2792 1986 3007 2041 αὐτῶν.
3038 1988 3452 2057 Μετεωίισμὸν
3477 1988 3800 2059 ὀφθαλμῶν

2216 2077 2400 2145 ἄφελε
2429 2079 2531 2131 ἀπ’
2562 2078 2739 2148 ἐμοῦ·
2783 2078 3031 2146 καρδίας
3054 2079 3165 2148 (ἳδ)
3197 2079 3387 2146 ὄρεξις
3422 2080 3520 2132 καὶ
3568 2097 3797 2135 συνου-

2214 2170 2475 2239 σιασμι¹·ς
2499 2174 2586 2238 μὴ
2618 2171 3117 2224 καταλαϐἐτωσὰν
3160 2188 3251 2240 με.
3285 2172 3395 2225 Καὶ
3417 2173 3475 2225 ἐν
3508 2174 3572 2242 τῇ
3625 2188 3796 2226 πανα-

2218 2263 2357 2334 ρέτῳ
2376 2262 2432 2315 δέ
2452 2263 2643 2332 Σοφία,
2663 2263 2888 2334 γυμνῶς
2912 2264 3017 2334 ἠδη
3029 2266 3154 2327 τοὺς
3185 2264 3459 2335 ἀκροατὰς
3484 2266 3561 2328 είς
3585 2266 3794 2337 ἐγκράο

2208 2373 2357 2409 τειαν
2412 2354 2770 2426 ἐφελκόμενον
2812 2356 2907 2409 καὶ
2958 2356 3310 2428 σωφροσύνην
3373 2356 3434 2409 τὸ
3470 2357 3693 2428 Πνεῦμα
3732 2357 3794 2412 τὸ

2213 2449 2385 2517 ἅγιον,
2449 2448 2674 2502 τοιαῦτα
2729 2448 2992 2519 μελῳδεῖο
3049 2449 3350 2517 ΙιΈεῖσσον
3393 2450 3505 2518 (24)
3550 2451 3795 2504 ἀτεχνία

2211 2541 2333 2612 μετ’
2382 2539 2616 2609 ἀρετῆς,
2656 2540 2959 2611 κεκραγός·
3004 2542 3305 2595 ἀθανασία
3356 2540 3463 2610 γάρ
3508 2543 3679 2594 ἐστιν
3723 2542 3795 2595 ἐν

2209 2630 2417 2699 μνήμῃ
2443 2628 2656 2696 αὐτῆς,
2693 2629 2783 2682 ὅτι
2827 2630 2924 2681 καὶ
2970 2629 3128 2696 παρὰ
3160 2629 3282 2694 Θεῷ
3308 2629 3659 2698 γινώσκεται
3689 2631 3788 2684 καὶ

2216 2719 2375 2787 παρὰ
2390 2719 2742 2786 ἀνθρώποις.
2764 2720 3089 2786 Παροῦσάν
3106 2738 3168 2774 τε
3188 2721 3439 2790 τιμῶσιν
3449 2723 3665 2791 αὐτὴν,
3690 2724 3790 2776 καὶ

2212 2807 2508 2861 ποθοῦσιν
2536 2807 2958 2862 ἀπελθοῦσαν·
3001 2810 3099 2863 καὶ
3139 2812 3210 2863 ἐν
3242 2810 3320 2877 τῷ
3364 2812 3530 2866 αἰῶνι
3570 2822 3794 2883 στεφα-

2210 2900 2564 2968 νηφοροῦσα
2619 2902 2930 2967 πομπεύει,
2989 2903 3096 2955 τὸν
3128 2902 3243 2956 τῶν
3269 2904 3570 2974 ἀμιάντων
3591 2906 3793 2960 ἄθλων

2209 2993 2411 3063 ἀγῶνα
2434 2992 2762 3059 νικήσασα.

522 3113 648 3170 Cn.
687 3114 777 3170 IV.
808 3112 953 3168 Unus
982 3113 1226 3169 Christus
1250 3116 1607 3187 virginitatem
1634 3114 1870 3179 edocuit,
1911 3124 2092 3187 aperte
2119 3111 2428 3187 praedicans
2462 3128 2678 3187 regnum
2709 3113 2980 3169 caelorum.
3014 3113 3110 3171 Dei
3139 3116 3459 3182 similitudo,
3492 3117 3792 3172 divinarum

1770 3188 2025 3241 virtutum
2057 3185 2172 3240 luce
2202 3184 2547 3255 perﬁcienda.

590 3303 665 3359 De
697 3304 935 3360 humano
965 3305 1150 3376 itaque
1182 3323 1379 3378 genere
1428 3307 1636 3364 dictum
1686 3317 1793 3377 est,
1820 3308 2100 3381 quomodo

2271 3306 2406 3377 Περὶ
2456 3305 2554 3376 μὲν
2608 3302 2701 3360 οὖν
2754 3306 2959 3377 καιρῶν
3005 3306 3107 3376 τῆς
3156 3307 3598 3381 ἁνθρωπότητος,
3640 3309 3787 3373 ὅπως

519 3411 549 3449 a
575 3412 827 3453 sororum
849 3399 1122 3469 conjugiis
1146 3401 1212 3455 ad
1246 3401 1641 3456 continentiam
1673 3417 1869 3471 usque,
1899 3401 2105 3456 sensim

520 3507 615 3559 per
642 3501 860 3546 aetatum
882 3495 1085 3564 gradus
1107 3494 1435 3565 profecerit;
1462 3505 1713 3566 superest
1736 3505 1795 3550 ut
1821 3505 1875 3549 et
1896 3494 1964 3550 de
1992 3496 2106 3550 vir-

518 3586 745 3655 ginitate
777 3585 1047 3643 dicamus.
1077 3586 1189 3642 Hoc
1219 3589 1387 3658 igitur
1412 3598 1617 3659 quanta
1647 3588 1812 3643 fuerit
1843 3588 2101 3654 facultas,

519 3677 678 3732 nobis
709 3679 1119 3733 connitendum.
1162 3679 1338 3750 Atque
1380 3681 1433 3735 id
1482 3682 1537 3735 in
1592 3681 1789 3747 primis
1821 3681 2105 3751 disquira-

517 3784 639 3823 mus
669 3784 893 3824 necesse
924 3779 1029 3832 est,
1061 3770 1190 3840 quid
1215 3770 1433 3827 tandem
1465 3787 1644 3827 causae
1666 3773 1758 3836 sit,
1788 3788 1912 3827 cum
1942 3770 2103 3826 multi

516 3860 793 3931 prophetae
820 3869 873 3915 et
898 3861 1032 3930 justi
1061 3862 1229 3915 multa
1261 3875 1324 3915 ac
1359 3864 1623 3931 praaclara
1655 3871 1769 3917 tum
1788 3863 2100 3930 docuerint,

517 3959 629 4001 tum
668 3949 771 4018 ipsi
827 3950 1217 4019 praestiterint,
1276 3951 1464 4006 nullus
1515 3960 1698 4006 tamen
1732 3952 2101 4023 virginitatem

513 4050 609 4095 aut
634 4041 889 4097 laudibus
913 4042 1230 4107 celebrarit,
1261 4050 1356 4097 aut
1376 4045 1715 4114 propositum
1742 4044 1863 4115 ejus
1885 4060 2101 4101 assum—

513 4135 681 4205 pserit
707 4131 859 4189 ?So!i
901 4136 1160 4189 nimirum
1198 4135 1432 4189 Domino
1459 4136 1753 4206 disciplina
1807 4137 1921 4192 haec
1969 4154 2101 4194 san~

512 4225 707 4279 cienda
739 4226 1083 4287 servabatur,
1120 4225 1215 4294 qui
1258 4235 1313 4279 et
1352 4225 1504 4280 solus
1534 4227 1589 4295 in
1634 4225 1896 4279 mundum
1925 4225 2095 4280 adve-

514 4316 693 4379 niens,
724 4316 976 4371 homines
1010 4317 1201 4372 docuit
1242 4317 1298 4371 in
1360 4315 1529 4371 Deum
1562 4318 1816 4373 transire.
1861 4317 2097 4373 Docebat

512 4407 657 4461 enim
688 4408 780 4477 qui
828 4409 1083 4479 princeps
1138 4408 1484 4463 sacerdotum
1536 4416 1681 4464 esset
1729 4410 2096 4481 princepsque

512 4503 902 4571 prophetarum
934 4508 988 4554 et
1005 4502 1261 4571 princeps
1284 4501 1626 4572 angelorum,
1653 4501 1903 4556 eumdem
1928 4504 2094 4557 etiam

514 4593 787 4663 virginum
822 4595 1125 4663 principem
1151 4593 1362 4648 audire.
1387 4590 1705 4662 Antiquitus
1737 4601 1916 4649 autem
1962 4607 2096 4649 nec-

2211 3398 2489 3470 ἀρξαμένη
2523 3398 2630 3451 ἀπὸ
2660 3399 2760 3468 τῆς
2807 3398 3211 3469 ἁδελφομιξίας,
3259 3398 3495 3455 ὦδευσεν
3546 3401 3639 3453 ἐπὶ
3689 3402 3791 3470 τὴν

2209 3492 2555 3563 ἐγκράτειαν,
2587 3491 2833 3562 εἴρηται·
2870 3492 2998 3561 περὶ
3052 3490 3107 3543 δὲ
3152 3490 3453 3561 παρθενίας
3499 3491 3788 3544 λείπεταιο

2207 3582 2330 3634 ὅσον
2362 3576 2454 3634 οὖν
2483 3580 2727 3644 δυνατὸν,
2776 3579 3064 3649 πειρατέον
3096 3579 3300 3651 φράσαι
3328 3579 3461 3649 (Ξῦ).
3494 3580 3604 3633 Καὶ
3634 3578 3791 3649 πρῶ-

2206 3689 2295 3725 τον
2326 3672 2659 3736 ἐξεταστέον,
2691 3671 2756 3724 δι’
2781 3672 2850 3742 ἢν
2895 3670 3072 3724 αἰτίαν
3120 3670 3329 3724 πολλῶν
3373 3671 3667 3742 προφητῶν
3694 3670 3792 3724 καὶ

2205 3763 2429 3820 δικαίων
2448 3762 2617 3817 πολλὰ
2642 3764 2736 3817 καὶ
2753 3762 2893 3816 καλὰ
2907 3761 3237 3827 διδαξάντων
3260 3762 3355 3815 καλ⁵
3374 3763 3787 3834 ἐργασαμένων,

2206 3855 2505 3925 παρθενίαν
2551 3857 2726 3918 οὐδεὶς
2770 3854 2895 3907 οὔτε
2942 3854 3373 3923 ἐνεγκωμίασεν,
3420 3853 3542 3905 οὗτε
3592 3854 3785 3909 enato.

2205 3950 2365 4020 Μόνῳ
2392 3949 2496 4020 γὰρ
2519 3949 2627 4019 ἄρα
2652 3948 2986 4017 ἐφυλάσσετο
3020 3946 3179 3999 τοῦτο
3221 3945 3555 4016 πρεσϐεῦσαι
3592 3948 3652 4000 τὸ
3686 3948 3792 4019 μά-

2205 4040 2353 4113 θημα
2395 4041 2473 4112 τῷ
2506 4041 2718 4113 Κυρίῳ,
2754 4040 2877 4092 ἐπεὶ
2923 4040 3017 4093 καὶ
3054 4039 3213 4110 μόνος
3256 4039 3539 4111 παρελθὼν
3577 4040 3789 4111 ἄνθρω-

2202 4147 2300 4184 πον
2329 4131 2532 4195 ἐδίδαξε
2570 4134 2768 4202 χωρεῖν
2799 4132 2878 4193 είς
2911 4129 3320 4200 Θεόν.Ἕπρεπε
3343 4129 3451 4202 γὰρ
3483 4130 3560 4201 τῷ
3599 4134 3792 4203 ἀρχιε-

2203 4226 2287 4294 ρετ
2313 4225 2406 4277 καὶ
2433 4223 2821 4295 ἀρχιπροφήτῃ
2854 4222 2947 4275 καὶ
2991 4222 3337 4292 ἀρχαγγέλῳ,
3365 4222 3538 4294 τούτῳ
3571 4225 3663 4276 καὶ
3697 4225 3791 4295 ἀρ-

2199 4316 2513 4387 χιπαρθένῳ
2560 4314 3090 4386 προσαγορευθῆναι.
3116 4315 3188 4368 Τὸ
3237 4315 3293 4368 δὲ
3323 4316 3548 4369 παλαιὸν
3573 4317 3790 4369 οὐδέπω

2198 4407 2401 4470 τέλειος
2434 4406 2722 4477 ἄνθρωπος
2752 4402 2819 4477 ἦν
2845 4423 2859 4435 ·
2894 4406 2988 4458 καὶ
3015 4405 3105 4459 διὰ
3130 4405 3287 4459 τοῦτο
3315 4406 3373 4458 τὸ
3403 4406 3608 4459 τέλειον
3643 4405 3790 4458 οὐδέ-

2199 4515 2286 4552 πω
2331 4500 2579 4569 χωρῆσαι
2600 4498 2698 4570 τὴν
2734 4497 3031 4569 παρθενίαν
3062 4498 3394 4569 ίσχυεν.⁹Ετι
3419 4498 3527 4569 γὰρ
3560 4496 3783 4571 ἔχρῃζε,

2197 4592 2315 4643 κατ’
2349 4592 2533 4645 εἰκόνα
2557 4590 2692 4644 Θεοῦ
2715 4589 2978 4661 γεγονὼς,
3008 4592 3101 4644 καὶ
3132 4593 3193 4645 τὸ
3216 4591 3337 4645 καθ’
3360 4591 3619 4662 ὁμοίωσιν
3652 4593 3787 4643 ἀπο-

511 4682 641 4737 dum
693 4683 856 4738 homo
910 4683 1187 4754 perfectus
1231 4692 1348 4739 erat
1395 4702 1408 4737 :
1452 4698 1515 4738 ac
1557 4683 1678 4738 ideo
1720 4684 2092 4755 virginitatem

2211 4684 2386 4738 λαϐεῖν
2413 4701 2424 4711 ·
2461 4684 2599 4754 ὅπερ
2622 4684 3067 4756 τελεσιουργῆσαι
3107 4684 3521 4754 καταπεμφθεὶς
3553 4684 3582 4735 ό
3611 4682 3786 4755 Λόγοος

512 4779 651 4843 (rem
696 4775 886 4847 utique
933 4773 1271 4846 perfectam)
1315 4790 1508 4844 capere
1557 4775 1792 4830 necdum
1852 4782 2089 4844 poterat.

512 4866 708 4921 Adhuc
738 4869 882 4922 enim
914 4868 1006 4937 qui
1053 4867 1120 4921 ad
1160 4866 1253 4921 Dei
1301 4866 1592 4935 imaginem
1636 4866 1905 4919 formatus
1952 4870 2092 4929 erat,

515 4958 567 5012 id
595 4974 814 5030 quoque
853 4959 1000 5030 quod
1054 4968 1137 5015 est
1165 4960 1230 5015 ad
1267 4959 1681 5015 similitudinem
1713 4958 1959 5027 recipere
1998 4957 2096 5011 de-

511 5051 693 5108 bebat.
745 5053 899 5119 Quod
958 5060 1015 5107 ut
1066 5054 1369 5122 perficeret,
1419 5051 1659 5107 Verbum
1713 5051 1767 5104 in
1827 5048 2093 5104 mundum

512 5144 762 5209 missum,
795 5155 1041 5199 nostram
1072 5145 1224 5214 prius
1257 5142 1488 5198 formam
1513 5140 1703 5195 multis
1734 5149 2091 5209 peccatorum

2201 4776 2280 4837 εἰς
2308 4775 2400 4827 τὸν
2433 4775 2657 4846 κόσμον,
2687 4776 2787 4848 τὴν
2819 4775 3093 4847 ἡμετέραν
3129 4776 3339 4847 μορφὴν
3366 4776 3630 4847 πρότερον
3662 4773 3787 4826 ἀνέ-

2200 4865 2352 4931 λαϐε,
2379 4867 2592 4930 πολλοῖς
2623 4870 2982 4939 ἁμαρτήμασι
3013 4868 3464 4939 κατεστιγμένην,
3491 4867 3579 4920 ἴνα
3604 4865 3665 4935 δὴ
3685 4864 3785 4935 τὴν

2204 4958 2356 5012 θείαν
2390 4962 2569 5030 ἡμεῖς,
2605 4961 2673 5013 δι’
2706 4960 2799 5025 οὓς
2845 4961 3006 5025 αὐτὸς
3050 4962 3298 5030 ἐφόρεσε,
3325 4957 3487 5012 πάλιν
3533 4958 3786 5029 χωρῆσαι

2201 5051 2536 5123 δυνηθῶμεν.
2601 5054 2736 5106 Καθ’
2766 5054 3025 5123 ὁμοίωσιν
3077 5053 3185 5123 γὰρ
3243 5049 3612 5122 ἀκριεωθῆναι
3659 5050 3782 5102 τότε

2203 5142 2434 5213 πάρεστι
2467 5142 2623 5208 Θεοῦ,
2657 5143 2818 5196 ὁπότε
2847 5143 2910 5214 δὴ
2940 5145 3063 5206 τοὺς
3096 5140 3262 5196 αὑτοῦ
3298 5141 3651 5211 χαρακτῆρας
3682 5141 3783 5211 τῆς

583 5283 625 5316 ⁸⁸
667 5281 827 5336 Prov.
860 5298 914 5345 ν,
953 5280 1037 5345 15,
1077 5282 1162 5337 18.
1236 5282 1280 5314 ¹²
1314 5279 1447 5349 Cap.
1486 5296 1540 5344 ν,
1576 5294 1689 5331 vers
1718 5276 1772 5330 8.
1858 5275 1900 5307 ¹⁸
1925 5274 2054 5331 Sat).
2083 5291 2107 5329 ι

2211 5276 2239 5330 ἱ.
2319 5277 2363 5309 ³⁸
2392 5277 2557 5333 Eccli.
2595 5296 2748 5345 mn,
2784 5280 2832 5343 1,
2865 5281 2918 5348 5,
2942 5280 2997 5335 6.
3080 5280 3124 5311 "
3149 5277 3279 5347 δίῳ.
3312 5294 3388 5343 tv,
3424 5279 3475 5346 Ι,
3507 5279 3562 5335 2.

584 5421 695 5490 (2!)
738 5421 901 5476 Ἰδιίι.
934 5418 1053 5475 Non
1080 5421 1217 5474 bene
1246 5417 1554 5490 Possinius,
1582 5416 1695 5490 sive
1724 5415 1815 5486 qui
1838 5415 1886 5470 ei
1925 5416 2101 5490 impo-

514 5488 655 5554 suit,
676 5488 974 5561 ‘imperitus
1009 5492 1190 5546 scriba
1212 5530 1226 5552 ,
1258 5488 1792 5561 ἡδεῖαριιίεὲεςλιιιιιι
1820 5502 1949 5541 voce
1978 5488 2095 5561 haec

2206 5415 2430 5480 Christ.,
2462 5418 2557 5473 lib.
2593 5434 2652 5480 ιι,
2680 5433 2801 5480 cap.
2836 5417 2923 5479 12,
2958 5415 3128 5469 n.18.
3163 5414 3240 5470 lo.

2267 5489 2377 5562 (25)
2420 5489 2702 5559 Καρδίας.
2742 5483 2907 5555 Sixt.,
2933 5487 3164 5551 κοιλίας,
3186 5487 3398 5541 centris.
3421 5485 3511 5541 Sic
3529 5496 3583 5541 et
3613 5483 3775 5557 Vu'g.

512 5557 811 5619 auctoritas
843 5563 977 5615 nihil
1008 5557 1367 5615 adintentum
1423 5558 1678 5613 Methodii
1732 5560 1965 5621 faceret,
2026 5557 2096 5610 de
2192 5557 2269 5615 In.

513 5634 895 5703 smgularitate
922 5632 1163 5701 cunjugii
1187 5671 1200 5693 ,
1257 5646 1364 5703 non
1397 5628 1465 5703 de
1494 5630 1767 5703 illiushscu
1817 5628 1891 5681 rei
1925 5628 2095 5681 mari-

514 5698 637 5762 talis
687 5705 995 5757 dulcedine.
1026 5698 1205 5755 'Ailde
1236 5701 1369 5753 nihil
1412 5698 1680 5765 ejusmodi
1721 5714 1939 5754 sacrum
1975 5707 2094 5752 tex-

517 5787 628 5832 tum
659 5776 735 5828 sic
770 5775 1014 5843 pervium
1050 5772 1270 5843 habere.
1310 5770 1598 5825 COIIBEFIS.

500 5894 525 5903 -
583 5846 694 5901 t2‘2l
750 5836 1129 5902 Πολύγονον.
1174 5840 1309 5896 Vide
1366 5843 1731 5904 Augustinum
1784 5836 1858 5893 De
1914 5838 2084 5893 doctr.

2266 5631 2377 5698 (24)
2433 5631 2752 5697 Κρεῖσσον.
2788 5629 2957 5683 Paulo
2994 5630 3153 5685 aliter
3187 5627 3374 5699 Vulg.,
3404 5628 3506 5685 etsi
3549 5628 3777 5683 totidem

2192 5704 2375 5756 vetbis
2407 5704 2583 5755 rmldit
2613 5702 2920 5755 Possiuius.
2958 5702 3033 5754 lu.

2264 5774 2375 5845 (‘25)
2412 5774 2661 5839 Φριὶσαι.
2700 5773 2837 5828 Cod.
2877 5770 3024 5840 \'at.,
3056 5771 3239 5842 φάναι.
3276 5769 3350 5826 lo.
