4140 6414
398 386 480 442 'ts
1500 388 1885 448 comnva
1924 391 2154 450 pacm!
2195 390 2559 450 vmcmuu.
3568 368 3654 447 ἰο

404 508 547 562 κατὰ
591 508 875 582 ἄνθρωπον
920 510 1210 576 πολιτείας,
1248 510 1550 583 ξωγρᾴφων
1577 513 1729 582 δίκην
1754 514 1979 584 ἐπιστη-

2078 513 2308 569 maculis
2341 519 2722 584 compunctam
2748 515 3005 584 suscepit,
3036 521 3096 567 ut
3133 528 3233 569 nos
3282 514 3491 571 scilicet
3520 529 3653 585 pro-

408 602 602 673 μόνων,
622 604 679 655 ὲν
706 604 918 667 ἑαυτοῖς
941 602 1132 675 ὥσπερ
1151 605 1357 658 σανίσιν
1387 604 1827 675 ὲντυπωσάμενοι
1856 621 1977 657 κατ-

404 692 639 765 έχωμεν,
675 694 741 765 ἢν
776 696 935 759 αὐτὸς
993 696 1303 768 ὲφανέρωσε
1341 696 1734 768 μαθητεύοντες
1765 696 1971 768 τρίϐον.

405 784 590 858 Ταύτῃ
639 785 748 858 γὰρ
797 786 1085 858 ᾑρετίσατο
1126 787 1225 858 τὴν
1272 788 1617 860 ἀνθρωπίνην
1653 787 1972 842 ἐνδύσασθαι

407 877 585 955 σάρκα
617 879 748 941 Θεὸς
780 878 875 940 ὣν,
904 880 1072 944 ὅπως,
1119 880 1306 952 ὥσπερ
1332 882 1390 935 ἐν
1425 882 1611 934 πίνακι
1645 879 1786 934 θεῖον
1816 880 1972 934 ἐκτύ-

405 985 576 1040 πωμα
609 969 723 1039 βίου
746 970 1052 1040 βλέποντες,
1075 972 1289 1042 ἔχωμεν
1312 973 1407 1026 καὶ
1437 974 1595 1044 ἡμεῖς
1620 971 1712 1025 τὸν
1741 971 1978 1043 γράψαν-

403 1076 470 1111 τα
505 1060 801 1129 μιμεῖσθαι.
836 1064 908 1116 Οὐ
935 1064 1064 1136 γὰρ,
1096 1063 1258 1135 ἕτερα
1305 1061 1537 1134 φρονῶν,
1571 1060 1736 1133 ἔτερα
1762 1060 1933 1114 ἐποίει
1958 1077 1972 1090 ο

402 1150 521 1203 οὐδὲ
576 1150 700 1222 μὴν,
737 1153 899 1226 ἔτερα
952 1154 1188 1224 νομίζων
1221 1150 1359 1207 εἶναι
1403 1153 1471 1207 τὰ
1508 1152 1668 1217 καλὰ,
1700 1152 1976 1207 ἐδίδασκεν

401 1241 590 1314 ἕτερα·
642 1245 758 1298 ἀλλ’
804 1249 947 1319 ἅπερ
991 1243 1058 1319 ἦν
1113 1246 1327 1317 ἀληθῶς
1383 1246 1631 1318 ὠφέλιμα
1675 1247 1767 1300 καὶ
1813 1246 1973 1312 καλὰ,

398 1334 570 1389 ταῦτα
593 1338 688 1391 καὶ
720 1339 966 1394 ἐδίδασκε
998 1341 1090 1395 καὶ
1123 1341 1315 1394 ἐποίει.

2081 616 2203 677 pter
2229 622 2368 677 quos
2393 608 2655 678 gestavit,
2683 607 2925 661 divinam
2973 623 3165 663 rursus
3196 623 3392 677 capere
3443 610 3654 665 valere-

2080 715 2223 755 mus.
2258 699 2338 753 Ad
2385 698 2479 754 Dei
2514 699 2658 755 enim
2716 700 3128 756 similitudinem
3174 708 3429 756 accurate
3475 701 3651 773 el'llngi

2080 791 2133 846 id
2172 792 2387 847 demum
2419 800 2536 857 est,
2566 791 2685 861 ejus
2729 793 3075 849 characteres
3115 800 3172 848 et
3220 793 3547 847 lineamenta
3595 795 3649 849 in

2076 884 2204 939 vita:
2246 884 2495 938 humana:
2528 885 2979 940 consuetudinem
3014 884 3277 939 imitando
3305 882 3606 939 transferre
3633 903 3647 940 :

2080 975 2199 1044 pari
2236 982 2353 1029 arte
2380 989 2487 1044 qua
2526 975 2688 1045 periti
2737 977 2999 1046 pictores,
3032 976 3230 1045 objecti
3262 975 3439 1030 oculis
3461 992 3649 1031 exem-

2080 1068 2250 1137 plaris
2292 1067 2494 1123 ductus
2537 1078 2591 1122 ct
2643 1068 2856 1123 colores
2889 1068 2943 1123 in
2976 1070 3183 1139 paratis
3226 1069 3429 1124 tabulis
3461 1069 3526 1122 ad
3566 1069 3651 1123 vi-

2078 1174 2204 1213 vum
2228 1160 2571 1229 exprimunt;
2609 1161 2754 1229 quod
2791 1176 3170 1231 assequemur,
3197 1159 3325 1214 dum
3371 1174 3649 1215 osuansam

2080 1253 2149 1307 ab
2176 1269 2242 1309 eo
2273 1253 2419 1306 viam
2450 1268 2514 1307 ac
2561 1253 2909 1324 disciplinam
2946 1253 3331 1308 condiscamus
3369 1263 3532 1324 atque
3560 1268 3649 1308 se-

2079 1358 2331 1412 quamur.
2367 1341 2446 1397 Eo
2466 1343 2667 1413 quippe
2699 1342 2931 1397 consilio
2960 1343 3168 1413 placuit
3198 1343 3492 1398 humanam
3526 1358 3651 1398 car-

396 1444 544 1492 nem,
586 1430 730 1487 Deus
768 1450 894 1488 cum
932 1445 1112 1500 esset,
1150 1436 1395 1501 induere,
1422 1442 1487 1489 ut
1521 1436 1667 1491 velut
1711 1439 1766 1491 in
1804 1436 1991 1492 tabula
2043 1437 2287 1494 divinum
2312 1440 2437 1494 vitae
2478 1440 2755 1510 exemplar
2793 1439 3133 1509 propositum
3187 1448 3497 1504 cernentes,
3546 1453 3649 1493 nos

397 1540 616 1595 quoque
675 1538 953 1585 auctorem
1021 1531 1221 1587 imitari
1275 1548 1582 1603 possemus.
1624 1531 1745 1588 Non
1807 1533 1952 1588 enim
1981 1534 2087 1588 alia
2127 1534 2391 1599 sentiens,
2424 1534 2529 1589 alia
2584 1533 2853 1600 faciebat;
2887 1541 2943 1589 at
2986 1548 3164 1603 neque
3218 1534 3323 1587 alia
3357 1534 3497 1589 bona
3525 1548 3652 1590 esse

394 1616 744 1685 existimans,
762 1621 868 1674 alia
899 1620 1129 1677 docebat
1164 1640 1180 1677 :
1224 1621 1318 1677 sed
1349 1637 1470 1694 quae
1501 1639 1629 1679 vere
1659 1623 1816 1678 utilia
1861 1624 2201 1695 honestaque
2231 1632 2409 1689 erant,
2433 1625 2549 1679 haec
2579 1634 2632 1680 et
2664 1624 2895 1681 docebat
2915 1633 3078 1695 atque
3114 1627 3425 1697 praestabat.

420 1758 552 1819 CAP.
578 1760 644 1817 ν.
671 1760 912 1819 Christus
943 1764 1303 1830 incorruptam
1336 1775 1547 1813 carnem
1574 1758 1627 1811 in
1662 1758 1965 1825 virginitate
1998 1772 2243 1832 servans,
2280 1756 2349 1832 ad
2393 1756 2748 1827 virginitatem
2777 1756 3118 1811 excolendam
3144 1759 3334 1813 allicit.
3377 1757 3655 1832 Virginum

1215 1833 1432 1901 exiguus
1463 1846 1731 1894 numerus,
1761 1842 1871 1895 pra:
1900 1827 2237 1881 multitudine
2272 1827 2499 1889 aliorum
2526 1838 2852 1882 sanctorum.

476 1966 542 2018 Τί
568 1960 662 2021 οὖν
686 1969 715 2020 6
736 1968 960 2040 Κύριος,
986 1971 1019 2041 ή
1062 1946 1288 2041 ἀλήθεια
1327 1970 1421 2024 καὶ
1450 1970 1565 2039 φῶς
1596 1969 1981 2041 ἐπραγματεύ-

2154 1969 2294 2037 Quid
2329 1970 2495 2040 igitur
2518 1969 2800 2034 Dominus,
2831 1969 2949 2039 ipse
2971 1968 3172 2024 veritas
3201 1976 3255 2022 et
3290 1969 3497 2035 lumen,
3541 1984 3661 2025 mo-

408 2073 540 2111 σατο
571 2058 842 2113 κατελθών
864 2077 878 2125 ;
903 2061 1173 2131 Ἀφθορον
1206 2060 1468 2130 ἐφύλαξεν
1502 2063 1559 2114 ὲν
1588 2061 1856 2133 παρθενίᾳ
1882 2061 1981 2133 τὴν

405 2150 588 2221 σάρκα
621 2154 902 2223 κοσμήσας
933 2151 1066 2224 (26)⁸
1096 2154 1191 2206 καὶ
1243 2155 1402 2224 ἡμεῖς
1449 2154 1578 2225 ἄρα,
1616 2155 1664 2206 εί
1696 2153 1983 2225 μέλλοιμεν

408 2242 530 2296 καθ*
561 2244 818 2314 ὁμοίωσιν
862 2245 1082 2298 ἔσεσθαι
1110 2246 1245 2299 Θεοῦ
1278 2248 1372 2300 καὶ
1396 2246 1654 2318 Χριστοῦ,
1689 2246 1982 2318 φιλοτιμῶ-

410 2332 548 2403 μεθα
586 2335 685 2405 τὴν
711 2336 1008 2405 παρθενίαν
1034 2338 1219 2407 τιμᾷν.
1240 2336 1528 2407 Ὀμοίωσις
1555 2337 1664 2409 γὰρ
1699 2337 1831 2395 Θεοῦ
1863 2337 1985 2406 φθο-

406 2424 506 2494 ρᾶς
538 2424 944 2495 ἀποφυγή,⁰’οτι
987 2425 1045 2479 δὲ
1089 2427 1184 2479 καὶ
1228 2426 1647 2497 ἀρχιπαρθένος,
1684 2426 1743 2480 ὂν
1784 2427 1983 2498 τρόπον

405 2514 501 2568 καὶ
545 2516 877 2588 ἁρχιποιμὴν
922 2518 1014 2571 καὶ
1063 2518 1479 2589 ἁρχιπροφήτης
1506 2519 1728 2587 γέγονεν
1756 2521 1784 2572 6
1811 2519 1983 2587 Λόγος

403 2606 834 2679 ὲνανθρωπήσας
866 2610 965 2679 τῆς
1013 2610 1361 2681 Ἑκκλησίας,
1392 2611 1486 2663 καὶ
1510 2613 1540 2664 6
1570 2611 1981 2682 Χριστόληπτος

404 2699 535 2768 ἡμῖν
562 2700 903 2773 παρέστησεν
930 2704 988 2756 ἐν
1012 2701 1200 2772 βιϐλίῳ
1230 2703 1331 2773 τῆς
1358 2703 1777 2773 ’Δποκαλύψεως
1810 2703 1983 2758 Ἰωάν-

402 2806 523 2861 νης,
558 2790 732 2859 λέγων
754 2810 767 2822 ·
803 2792 911 2847 Kal
948 2790 1137 2848 είδονο
1173 2794 1273 2848 καί
1296 2793 1423 2847 ἰδοὺ
1448 2794 1515 2847 τὸ
1548 2796 1771 2864 Ἀρνίον
1787 2793 1981 2861 ἑστὼς

402 2882 503 2935 ἐπὶ
525 2882 590 2935 τὸ
612 2883 749 2951 ὄρος
775 2883 948 2951 Σιὼν,
974 2886 1073 2940 καί
1101 2885 1426 2955 μετάῠτοῦ
1448 2886 1669 2941 ἑκατὸν
1686 2886 1981 2955 τεσσαρά-

403 2991 587 3028 κοντα
618 2974 912 3045 τέσσαρες
937 2978 1203 3048 χιλιάδες
1220 2979 1473 3048 ἔχουσαι
1496 2982 1561 3033 τὸ
1585 2980 1772 3049 ὄνομα
1793 2980 1979 3034 αὑτοῦ

402 3067 500 3121 καὶ
526 3067 592 3120 τὸ
624 3069 811 3138 ὄνομα
832 3070 938 3123 τοῦ
962 3071 1194 3139 Πατρός
1231 3072 1417 3126 αὑτοῦ
1448 3071 1853 3142 τετραμμένον
1878 3072 1977 3125 ἐπὶ

401 3156 521 3211 τῶν
549 3157 832 3227 μετώπων
858 3159 1076 3215 αὐτῶν.
1114 3160 1221 3214 Καὶ
1248 3159 1487 3228 ἤκουσα
1515 3156 1726 3228 φωνὴν
1762 3158 1831 3211 ἐκ
1871 3156 1978 3211 τοῦ

401 3250 683 3317 οὐρανοῦ,
714 3252 794 3317 ὠς
827 3251 1036 3320 φωνὴν
1061 3250 1296 3306 ὑδάτων
1320 3250 1587 3312 πολλῶν,
1621 3249 1721 3303 καὶ
1744 3249 1825 3315 ὼς
1858 3267 1977 3318 φω-

2085 2063 2216 2117 litus
2248 2071 2353 2124 est,
2379 2062 2432 2116 in
2456 2060 2718 2116 mundum
2748 2060 3230 2132 veniens?Nempe
3262 2061 3425 2115 homo
3456 2061 3656 2126 factus,

2084 2155 2461 2225 incorruptam
2488 2169 2706 2209 carnem
2738 2153 2794 2207 in
2824 2154 3134 2224 virginitate
3162 2159 3419 2209 servavit.
3462 2153 3523 2207 Et
3555 2170 3660 2209 nos

2086 2240 2292 2310 itaque,
2326 2240 2373 2294 si
2410 2240 2476 2294 ad
2516 2240 2725 2296 Christi
2766 2240 2863 2295 Dei
2893 2243 3066 2296 nostri
3099 2243 3516 2298 similitudinem
3541 2244 3661 2308 eni-

2083 2334 2275 2395 timur,
2310 2333 2679 2402 virginitatem
2733 2334 2916 2388 colere
2976 2333 3264 2403 magniﬁce
3312 2334 3655 2392 studeamus.

2084 2420 2180 2476 Dei
2201 2422 2347 2476 enim
2379 2422 2759 2487 simulacrum,
2794 2423 3166 2492 corruptionis
3200 2424 3347 2494 iuga.
3379 2424 3536 2491 Quod
3561 2442 3659 2482 au-

2082 2520 2193 2567 tem
2245 2514 2413 2568 etiam
2468 2514 2769 2585 principem
2810 2516 3123 2587 virginum,
3174 2516 3318 2572 haud
3376 2533 3538 2573 secus
3596 2534 3661 2574 ac

2082 2607 2382 2676 principem
2409 2618 2688 2677 pastorum
2718 2623 2781 2662 ac
2806 2610 3192 2679 prOphetarum
3224 2609 3499 2674 Ecclesiae,
3521 2609 3659 2665 Ver-

2083 2698 2212 2752 bum
2261 2699 2425 2752 homo
2456 2698 2656 2754 factum
2708 2700 3029 2770 praetulerit,
3078 2702 3194 2771 ipse
3241 2704 3402 2758 nobis
3453 2703 3660 2758 Christi

2081 2787 2307 2842 numine
2333 2788 2545 2843 amatus
2574 2786 2812 2845 Joannes
2856 2791 2912 2845 in
2956 2791 3440 2863 libroApocalysis
3470 2799 3663 2847 ostcnc

2082 2881 2180 2946 dit,
2216 2881 2416 2950 quibus
2467 2881 2543 2934 ait
2578 2900 2589 2933 :
2630 2879 2698 2933 Et
2744 2881 2886 2945 uidi;
2919 2891 2968 2937 et
3005 2899 3119 2937 erce
3148 2883 3325 2953 Agnus
3366 2894 3514 2938 stans
3561 2901 3659 2938 su-

2082 2989 2180 3042 pra
2228 2984 2457 3027 montem
2510 2972 2659 3037 Sion,
2691 2984 2741 3027 et
2782 2991 2900 3028 cum
2938 2992 2998 3029 eo
3048 2986 3253 3030 centum
3302 2976 3659 3047 quadraginta

2081 3075 2310 3133 quatuor
2333 3064 2526 3130 millia,
2556 3064 2804 3120 habentes
2826 3082 3011 3119 nomen
3032 3066 3146 3135 ejus
3178 3076 3227 3121 et
3254 3084 3441 3121 nomen
3472 3066 3656 3123 Patris

2081 3157 2216 3226 ejus,
2241 3159 2493 3226 scriptum
2540 3159 2595 3212 in
2626 3158 2888 3228 frontibus
2911 3160 3043 3214 suis.
3094 3159 3160 3212 Et
3197 3160 3374 3213 audivi
3426 3178 3600 3216 uocem
3632 3178 3660 3215 ε

2082 3249 2229 3315 calo,
2254 3259 2502 3315 tanquam
2526 3266 2699 3303 vocem
2724 3265 2981 3320 aquarum
3005 3250 3314 3315 multarunt,
3331 3260 3379 3304 et
3406 3260 3659 3320 tanquam

398 3344 521 3413 νὴν
540 3344 809 3413 βροντῆς
839 3344 1137 3416 μεγάλης·
1184 3345 1280 3398 καὶ
1317 3346 1355 3413 ἡ
1394 3343 1561 3412 φωνὴ
1602 3341 1682 3410 ἢν
1718 3342 1975 3411 ἥκουσα.

2082 3359 2255 3397 vocem
2305 3344 2526 3396 tonitrui
2569 3344 2766 3412 magni.
2800 3341 2869 3395 Et
2908 3357 3008 3397 vox
3064 3358 3222 3411 quam
3270 3342 3468 3407 audivi,
3521 3344 3660 3397 sicut

397 3436 480 3503 ὡς
523 3436 692 3506 φωνὴ
732 3437 1068 3506 κιθαρῳδῶν
1115 3434 1528 3505 κιθαριζόντων
1571 3436 1640 3489 ἐν
1666 3434 1795 3500 ταῖς
1814 3432 1976 3488 κιθά-

390 3544 530 3597 ραις
561 3526 778 3583 αῠτῶν.
828 3528 937 3582 Kal
979 3527 1196 3594 ᾅδουσι
1243 3526 1463 3593 καινὴν
1506 3525 1670 3594 ᾠδὴν
1722 3524 1979 3579 ἐνώπιον

397 3622 505 3676 τοῦ
531 3623 745 3689 θρόνου
772 3620 869 3673 καὶ
906 3618 1164 3672 ἐνώπιον
1196 3617 1315 3672 τῶν
1349 3618 1660 3686 τεσσάρων
1688 3615 1841 3676 ζώων
1878 3614 1978 3669 καί

398 3715 520 3769 τῶν
545 3713 980 3783 πρεσϐυτέρων.
1002 3712 1111 3767 Kal
1136 3711 1333 3777 οὐδεὶς
1354 3710 1615 3778 ἠδύνατο
1634 3709 1845 3779 μαθεῖν
1864 3708 1980 3777 τὴν

398 3806 562 3874 ᾠδὴν
587 3809 639 3860 εἱ
661 3804 747 3875 μὴ
773 3809 833 3858 al
864 3803 1083 3858 ἑκατὸν
1112 3800 1565 3870 τεσσαράκοντα
1586 3798 1877 3869 τέσσαρες
1900 3817 1980 3869 χι-

396 3899 622 3965 λιάδες,
643 3902 696 3953 οἱ
729 3896 1128 3968 ἠγορασμένοι
1162 3893 1281 3950 ἀπὸ
1311 3891 1421 3960 τῆς
1446 3891 1577 3962 γῆς.
1615 3889 1793 3948 Οὗτοί
1821 3896 1978 3946 εἰσιν

397 3992 454 4045 οἳ
466 3992 617 4061 μετὰ
638 3990 935 4062 γυναικῶν
952 3993 1064 4044 οὐκ
1084 3990 1508 4059 ἐμολύνθησαν
1530 4005 1543 4018 ο
1567 3987 1844 4056 παρθένοι
1868 3985 1977 4057 γάρ

396 4084 574 4137 εισιν.
606 4079 782 4138 Οὗτοί
810 4085 968 4135 εἰσιν
1005 4084 1058 4135 οἱ
1094 4078 1621 4147 ἀκολουθήσαντες
1652 4076 1732 4143 τῷ
1779 4076 1977 4145 Ἀρνίῳ

398 4175 551 4229 ὅπου
576 4174 649 4229 ἂν
670 4173 892 4245 ὑπάγῃ.
919 4173 1025 4227 Τοῦ
1057 4173 1219 4245 χοροῦ
1241 4173 1348 4228 τῶν
1370 4170 1651 4244 παρθένων
1679 4157 1979 4241 ὲξὰρχοντά

398 4267 659 4322 δεικνύων
690 4268 779 4321 τὸν
812 4267 1035 4340 Κύριον.

483 4359 802 4431 Ἐπίστησον
844 4359 901 4414 δὲ
934 4359 1071 4431 πρὸς
1102 4360 1329 4425 τούτοις,
1368 4361 1516 4424 ὅπως
1540 4359 1602 4413 τὸ
1630 4356 1846 4430 ἀξίωμα
1877 4356 1975 4427 τῆς

400 4451 695 4523 παρθενίας
720 4453 972 4522 μέγιστον
999 4452 1150 4524 παρὰ
1178 4452 1256 4523 τῷ
1284 4451 1422 4524 Θεῷ.
1443 4448 1617 4509 Οὗτοι
1634 4448 1973 4520 ἠγοράσθη-

401 4555 523 4595 σαν
551 4543 667 4596 άπό
705 4543 825 4597 τῶν
850 4545 1174 4614 ἀνθρώπων
1206 4546 1317 4618 (27)
1341 4545 1582 4615 ἀπαρχὴ
1616 4543 1696 4610 τῷ
1720 4543 1841 4611 Θεῷ
1874 4544 1971 4598 καὶ

401 4632 483 4697 τῷ
517 4634 733 4700 Ἀρνὶῳ,
764 4636 861 4689 καὶ
900 4638 969 4690 ἐν
1001 4637 1082 4703 τῷ
1116 4640 1365 4709 στόματι
1385 4636 1585 4693 αὐτῶν
1617 4640 1731 4707 οὐχ
1759 4637 1971 4706 εὑρέθη

399 4726 626 4796 Ψεῦδος
645 4744 657 4755 ⁸
693 4726 914 4797 ἄμωμοι
938 4729 1045 4799 γάρ
1078 4734 1215 4794 εἱσι,
1238 4732 1336 4785 καί
1357 4729 1783 4795 ἀκολουθοῦσι,
1818 4729 1972 4800 φησὶ,

398 4820 480 4885 τῷ
512 4820 711 4887 Ἀρνίῳ
754 4820 908 4873 ὅπου
930 4822 1006 4874 ἂν
1025 4824 1248 4891 ὑπάγῃ.
1284 4821 1479 4891 Σαφῶς
1507 4822 1654 4893 ἡμᾶς
1683 4819 1979 4874 κάντεῦθεν

397 4911 670 4966 διδάσκειν
699 4911 966 4980 βούλεται,
983 4914 1065 4967 ὅτι
1095 4915 1151 4966 ὲν
1176 4913 1391 4985 ἀριθμῷ
1413 4912 1674 4984 τοσούτῳ,
1700 4912 1979 4965 τουτέστιν

398 5004 594 5057 ἑκατὸν
623 5003 1026 5075 τεσσαράκοντα
1058 5005 1152 5057 καὶ
1178 5004 1440 5077 τέσσαρσι
1467 5003 1722 5075 χιλιάσιν,
1751 5002 1977 5056 ὰπάνω-

400 5097 491 5151 θεν
519 5098 580 5150 τὸ
606 5095 809 5166 πλῆθος
848 5095 1178 5167 περιώριστο
1199 5097 1307 5150 τῶν
1337 5097 1642 5169 παρθένων,
1674 5096 1782 5149 τῶν
1802 5094 1977 5151 ἄλλων

397 5191 570 5257 ἁγίων
605 5192 684 5253 εἰς
710 5188 911 5260 πλῆθος
944 5190 1193 5260 ἀόριστον
1222 5190 1675 5261 ὀχλιζεμένων.Τί
1697 5188 1806 5259 γὰρ
1833 5205 1976 5260 παρ-

398 5283 572 5353 εγγυᾷ
620 5283 715 5336 καὶ
765 5282 894 5354 περὶ
947 5281 1057 5334 τῶν
1103 5280 1303 5334 λοιπῶν
1346 5282 1748 5353 διαλεγόμενος,
1805 5297 1975 5351 προσ-

398 5375 603 5430 εκτέον.
632 5374 741 5428 Kal
768 5371 932 5428 εἶδον
954 5373 1073 5427 ἀπὸ
1107 5372 1314 5442 πάσης
1346 5373 1611 5443 γλώττης
1648 5372 1748 5426 καὶ
1775 5371 1978 5441 φυλῆς

396 5466 495 5521 καὶ
549 5467 775 5534 παντὸς
815 5467 1032 5533 ἔθνους
1071 5463 1302 5534 πλῆθος
1340 5465 1534 5529 πολὺ,
1579 5464 1611 5518 ὃ
1654 5463 1979 5535 ἀριθμῆσαι

505 5622 551 5655 ¹⁶
578 5623 744 5693 Apoc.
778 5639 889 5687 xxv,
925 5623 1039 5679 1-4.
1118 5624 1164 5654 ¹⁷
1187 5622 1351 5691 Apoc.
1395 5636 1490 5688 vn,
1519 5621 1573 5677 9.

490 5782 582 5849 26)
614 5780 814 5849 Σὰρκα
837 5779 1171 5849 κοσμήσας.
1214 5780 1683 5849 Ἐνανθρωπήσας.
1716 5777 1790 5833 In.

2081 3451 2181 3489 vox
2228 3435 2640 3489 citharoedorum
2679 3434 3113 3487 citharizantium
3165 3435 3220 3487 in
3270 3434 3489 3487 citharis
3519 3438 3652 3491 suis.

2082 3527 2470 3581 Et-cantabant
2513 3527 2667 3597 quasi
2718 3528 2980 3580 canticum
3036 3542 3224 3580 nouum
3274 3529 3327 3580 in
3377 3539 3658 3597 conspectu

2084 3618 2277 3682 throni,
2317 3627 2365 3671 et
2394 3626 2624 3687 quatuor
2652 3615 2966 3669 animalium
2988 3626 3037 3669 et
3064 3616 3350 3669 seniorum.
3384 3614 3452 3668 Et
3505 3632 3655 3669 nemo

2081 3719 2285 3780 poterat
2312 3710 2513 3764 discere
2533 3711 2819 3773 canticum,
2836 3709 2937 3763 nisi
2955 3708 3051 3762 illa
3074 3717 3281 3761 centum
3302 3709 3660 3777 quadraginta

2079 3813 2309 3873 quatuor
2338 3802 2531 3865 millia,
2553 3803 2643 3872 qui
2677 3802 2838 3870 empti
2864 3812 2984 3855 sunt
3026 3800 3090 3854 de
3119 3810 3283 3853 terra.
3311 3798 3382 3852 Hi
3410 3809 3531 3854 sunt
3567 3801 3659 3869 qui

2079 3909 2194 3947 cum
2228 3891 2536 3947 mulieribus
2581 3909 2685 3946 non
2713 3902 2835 3947 sunt
2873 3894 3197 3963 coinquinati
3230 3895 3492 3966 :virgines
3517 3896 3654 3949 enim

2078 3993 2218 4039 sunt.
2256 3982 2328 4036 Hi
2360 3992 2648 4054 sequuntur
2671 3984 2881 4055 Agnum
2910 4001 3214 4055 quocunque
3248 3986 3364 4038 ierit
3391 3985 3453 4040 ³⁸.
3480 3985 3559 4038 En
3594 3993 3656 4039 ut

2078 4074 2366 4130 Dominum
2439 4075 2739 4146 principem
2814 4075 3065 4131 ostendat
3138 4085 3302 4146 atque
3378 4075 3657 4146 auspicem

2079 4169 2233 4224 chori
2265 4167 2564 4240 virginum.

2151 4349 2540 4406 Animadverte
2567 4352 2792 4420 insuper
2815 4363 2979 4420 quam
3019 4360 3147 4402 vere
3172 4346 3409 4400 maxima
3440 4345 3511 4400 sit
3537 4346 3648 4400 vir.

2077 4444 2322 4514 ginitatis
2350 4443 2585 4514 dignitas
2614 4441 2757 4513 apud
2786 4440 2979 4496 Deum.
3020 4439 3092 4494 Hi
3125 4440 3285 4510 empti
3320 4450 3444 4494 sunt
3467 4455 3532 4494 ex
3553 4440 3649 4494 ho-

2078 4535 2307 4589 minibus
2357 4536 2607 4605 primitite
2640 4535 2751 4589 Deo
2781 4543 2833 4588 et
2880 4540 3055 4604 Agna,
3084 4543 3132 4588 et
3174 4533 3225 4587 in
3284 4549 3373 4587 ore
3419 4534 3655 4596 ipsorum

2082 4646 2186 4682 non
2239 4636 2317 4681 est
2365 4628 2629 4682 inuentum
2681 4626 3062 4682 mendacium:
3097 4627 3209 4681 sine
3257 4626 3468 4679 macula
3515 4626 3655 4679 enim

2008 4717 2050 4770 D
2079 4731 2232 4785 sunt;
2272 4729 2323 4775 et
2354 4731 2643 4792 sequuntur
2671 4720 2899 4790 Agnum,
2943 4719 3142 4789 inquit,
3174 4733 3478 4788 quocunque
3510 4717 3651 4772 ierit.

2076 4812 2236 4868 Clare
2276 4828 2377 4868 nos
2403 4822 2456 4868 et
2480 4812 2609 4867 hinc
2642 4810 2844 4866 docere
2878 4810 3017 4874 vult,
3052 4811 3264 4864 tantulo
3287 4822 3519 4863 numero
3547 4807 3655 4877 (ni-

2075 4905 2276 4958 mirum
2312 4903 2672 4974 quadraginta
2724 4912 2960 4974 quatuor
3003 4901 3258 4971 millium)
3315 4898 3593 4954 deﬁnitam
3621 4913 3654 4953 a

2074 4996 2346 5067 principio
2379 4995 2550 5052 fuisse
2584 4995 2989 5052 multitudinem
3024 4993 3322 5062 virginum,
3364 5004 3490 5044 cum
3526 4988 3651 5043 inli-

2075 5085 2190 5142 uita
2224 5085 2510 5140 multitudo
2537 5087 2609 5142 sit
2659 5085 2892 5140 aliorum
2944 5092 3281 5139 sanctorum.
3334 5079 3477 5147 Quid
3507 5079 3654 5134 enim

2075 5187 2129 5234 et
2172 5178 2241 5234 de
2281 5179 2402 5234 aliis
2433 5179 2711 5237 disserens
2761 5177 3025 5243 insinuet,
3068 5173 3550 5230 considerandum.
3583 5171 3652 5227 Et

2075 5271 2183 5326 uidi
2209 5288 2275 5326 ea:
2311 5272 2453 5327 omni
2480 5270 2620 5325 tribu
2647 5280 2697 5325 et
2726 5272 2905 5340 lingua
2928 5279 2977 5324 et
2993 5283 3062 5323 ea:
3085 5267 3227 5322 onmi
3249 5268 3483 5331 natione,
3516 5264 3655 5319 mul-

2079 5367 2353 5421 titudinem
2415 5381 2665 5437 magnam
2711 5381 2871 5436 quam
2925 5362 3264 5416 dinumerare
3310 5376 3460 5415 nemo
3508 5369 3655 5425 pote-

2077 5470 2163 5514 rat
2184 5461 2246 5514 ".
2282 5458 2510 5516 Constat
2545 5458 2730 5529 igitur,
2764 5463 2824 5511 ut
2845 5455 3125 5521 dicebam,
3160 5454 3394 5509 aliorum
3429 5450 3653 5524 quidem

490 5837 578 5919 275
631 5837 1323 5921 ‘AirgptbawicJ’ossinius,
1370 5837 1577 5917 εὐνῶν,
1609 5837 1673 5905 ea:
1715 5847 1972 5918 gentibus,

2078 5859 2121 5897 :n
2151 5842 2308 5899 bene.
2340 5837 2418 5893 In.
