4140 6446
486 377 556 432 Π
1429 372 1489 429 S.
1527 371 1857 430 METEODII
1894 368 2202 427 EPISCOPI
2240 366 2329 422 ET
2369 365 2725 423 MARTYRIS
3637 373 3709 429 ιε

486 502 801 550 sanctorum
833 505 1061 547 numero
1092 488 1433 562 superiorem
1465 490 1867 547 multitudinem
1892 489 2042 544 indu-

2147 485 2291 540 αὐτὸ
2314 484 2509 551 οὐδεὶς
2541 485 2820 552 ἠδύνατο.
2848 484 3056 539 Οὐκοῦν
3089 486 3433 558 συνέστηκεν,
3453 488 3529 553 ὡς
3552 488 3707 562 ἔφην,

484 601 642 651 cere;
677 584 943 655 virginum
987 598 1116 638 vero
1156 585 1411 654 exiguum
1458 584 1620 654 plane
1655 597 1962 645 numerum,
1999 582 2047 636 si

484 679 606 747 ejus
642 691 764 731 cum
806 675 1043 730 aliorum
1083 674 1370 730 innumera
1405 674 1751 730 multitudine
1778 674 1918 729 ratio
1949 672 2046 728 ha-

483 770 673 827 beatur

553 956 680 1013 Haec
696 974 837 1024 mea,
872 974 909 1013 o
927 957 1110 1025 Arete,
1141 959 1209 1015 de
1235 960 1565 1031 virginitate,
1597 961 1692 1026 ait,
1715 961 1891 1016 oratio
1910 966 1993 1017 est
2026 980 2040 1016 :

479 1048 537 1105 in
568 1065 675 1122 qua
718 1049 765 1105 si
813 1050 942 1121 quid
985 1051 1167 1114 omisi,
1198 1051 1465 1122 suppleat,
1494 1051 1585 1107 cui
1624 1052 1927 1124 lampadem
1960 1052 2045 1107 di-

481 1152 652 1199 ctum
680 1142 858 1210 trado,
888 1141 1209 1214 Theophila.

919 1388 1373 1483 ORATIO
1467 1391 1601 1482 11.

1056 1557 1466 1616 THEOPHILA.

2150 577 2243 629 ἐπὶ
2278 577 2376 646 μὲν
2406 575 2513 628 τῶν
2543 575 2715 630 ἀλλων
2745 575 2913 644 ἁγίων
2946 577 3104 630 αὐτὸν
3133 577 3338 647 πληθὺν
3365 581 3567 647 ἄφατον
3593 584 3711 634 εισ-

2151 667 2303 737 άγειν
2320 684 2333 697 ·
2364 668 2456 722 ἐπὶ
2484 668 2541 721 δὲ
2566 667 2674 722 τῶν
2698 669 2755 721 ὲν
2794 668 3061 741 παρθενίᾳ
3101 669 3432 741 βραχύτατον
3455 671 3708 743 ἀριθμὸν,

2148 761 2225 825 ὡς
2255 760 2391 832 πρὸς
2417 761 2702 834 σύγκρισιν
2720 760 2828 815 τῶν
2858 762 2936 825 εἰς
2967 762 3333 834 ἀναρίθμητον
3361 762 3559 835 πλῆθος
3591 780 3715 817 συν-

2148 850 2464 907 τελούντων.

2223 959 2411 1032 Οῦτος,
2440 961 2486 1023 ὦ
2535 969 2744 1041 Ἀρετὴ,
2775 970 2804 1023 6
2837 970 2966 1041 παρ’
3001 969 3134 1040 ἐμοῦ
3164 987 3243 1024 σοι
3268 985 3395 1041 περι
3421 966 3713 1041 παρθενίας

2147 1056 2324 1128 λόγος.
2353 1060 2418 1113 Ei
2462 1060 2520 1115 δέ
2544 1080 2595 1116 τι
2623 1062 2943 1134 παρέλιπον,
2975 1063 3374 1135 ἀποπληρούτω
3396 1061 3711 1133 διαδεξαμέ-

2147 1168 2215 1223 νη
2250 1170 2316 1224 με
2335 1153 2585 1225 Θεοφίλα.

2669 1406 3030 1494 ΛΟΓΟΣ
3090 1411 3152 1493 Β
3173 1473 3194 1494 .

2774 1569 3080 1625 ΘΕΟΦΙΛΔ.

1352 1748 1478 1804 CAP.
1504 1747 1543 1804 l.
1572 1749 1694 1805 Non
1716 1753 1941 1811 sublata!
1965 1756 2179 1827 triplice,
2212 1757 2527 1829 virginitatis
2557 1737 2839 1825 ρηεοονιὲο.

554 1879 614 1935 In
653 1880 737 1935 his
772 1879 953 1952 itaque
981 1897 1178 1938 exorsa
1226 1881 1527 1955 TheOpltila
1555 1894 1659 1943 est.
1692 1887 2042 1962 Quandoqui-

2213 1895 2399 1947 Ειπεῖν
2430 1889 2522 1947 οὖν
2550 1893 2652 1964 ἔφη
2684 1892 2783 1963 τὴν
2806 1889 3219 1959 Θεοφίλαν.”οτι
3244 1890 3391 1944 δοκεῖ
3419 1907 3509 1961 μοι
3537 1890 3712 1959 ἀναγ-

482 1970 606 2026 dem
645 1987 807 2042 quam
850 1972 1106 2029 Marcella
1136 1974 1277 2029 bene
1307 1985 1549 2047 coeperat
1573 1980 1898 2047 orationem,
1933 1998 2043 2038 non

482 2063 812 2120 sullicienter
862 2066 1115 2131 absolvit,
1158 2081 1337 2137 operm
1371 2070 1606 2139 pretium
1662 2072 1937 2139 existimo,
1985 2084 2045 2130 ut

482 2155 642 2211 ﬁnem
665 2158 905 2213 sermoni
935 2158 1214 2228 imponere
1235 2167 1500 2232 satagam.
1528 2161 1745 2219 Etenim
1774 2164 1843 2218 ad
1875 2166 2044 2237 virgi-

480 2249 704 2305 nitatem
752 2264 849 2320 per
898 2249 1181 2305 intervalla
1239 2250 1539 2321 profecisse
1595 2255 1889 2320 hominem,
1933 2257 2045 2313 Deo

480 2341 632 2396 illum
685 2342 853 2398 certis
905 2342 1116 2398 vicibus
1157 2350 1320 2414 atque
1367 2346 1627 2415 gradibus
1666 2358 2041 2417 promovente,

481 2433 740 2502 praeclare
787 2433 920 2488 mihi
977 2433 1315 2505 disputatum
1365 2446 1625 2507 apparet;
1671 2439 1815 2510 quod
1865 2450 2044 2496 autem

481 2524 683 2589 intulit,
717 2542 827 2581 non
854 2541 979 2582 esse
1001 2525 1262 2597 deinceps
1295 2529 1650 2598 procreandis
1691 2530 1880 2587 liberis
1906 2531 2044 2586 dan-

480 2617 604 2671 dam
632 2632 876 2689 operam,
913 2618 1057 2674 haud
1097 2619 1331 2690 probare
1368 2622 1596 2691 possim.
1643 2620 1927 2679 Manifeste
1968 2624 2045 2679 si-

481 2708 697 2780 quidem
733 2725 798 2764 ex
848 2708 1148 2781 Scripturis
1200 2713 1333 2767 mihi
1380 2712 1678 2784 intelligere
1697 2712 1908 2779 videor,
1942 2729 2047 2770 no-

481 2800 651 2857 luisse
676 2800 768 2857 Dei
801 2801 1060 2867 Verbum,
1092 2813 1379 2875 postquam
1424 2805 1789 2876 virginitatem
1841 2806 2045 2863 mundo

482 2893 688 2960 intulit,
705 2894 927 2949 omnino
955 2894 1219 2965 abrogare
1239 2896 1575 2967 conjugium.
1600 2894 1718 2952 Non
1743 2898 1889 2953 enim
1917 2914 2049 2968 quo-

479 2989 627 3042 niam
665 2985 941 3043 sideribus
990 2986 1116 3041 luna
1162 2987 1337 3058 major
1367 2997 1472 3052 est,
1504 2991 1766 3045 continuo
1818 2999 2045 3047 caetera-

479 3093 605 3135 rum
639 3078 918 3133 stellarum
951 3077 1134 3133 lumen
1162 3080 1546 3151 exstinguitur.

551 3190 883 3262 incipiamus
935 3200 1114 3247 autem
1164 3207 1194 3246 a
1252 3191 1471 3260 Genesi,
1529 3201 1590 3248 ut
1650 3193 2044 3262 antiquissimae

482 3282 783 3353 Scriptura:
825 3296 984 3337 suum
1045 3283 1256 3339 ordinis
1308 3288 1601 3355 primatum
1673 3286 2040 3356 assignemus.

475 3371 728 3429 Profecto
756 3373 849 3429 Dei
893 3376 1161 3430 sententia
1189 3383 1245 3431 et
1288 3384 1618 3447 praeceptum
1666 3376 1795 3432 illud
1821 3378 1862 3410 ¹⁸
1919 3394 2046 3449 pro-

479 3465 711 3538 pagandi
751 3468 985 3537 generis,
1008 3468 1170 3522 etiam
1192 3467 1356 3524 hodie
1374 3468 1517 3539 viget
1544 3476 1598 3524 et
1623 3479 1871 3525 servatur
1895 3488 1909 3525 :
1934 3470 2044 3526 Deo

476 3556 772 3610 etiamnum
822 3557 1058 3613 hominis
1107 3557 1375 3613 formandi
1433 3557 1642 3629 opiﬁce.
1698 3558 1812 3615 Hoc
1842 3561 2043 3617 etenim

477 3646 639 3717 plane
673 3645 1017 3702 manifestum
1039 3655 1308 3712 est,nunc
1338 3663 1555 3719 quoque
1583 3650 1730 3704 velut
1759 3651 1935 3721 pictor
1960 3660 2044 3706 ta-

474 3734 696 3801 bellam,
727 3737 808 3792 sic
830 3736 996 3792 Deum
1042 3738 1305 3793 mundum
1349 3738 1581 3805 efﬁcere,
1609 3741 1687 3795 uti
1720 3757 1851 3798 sane
1877 3745 2042 3798 etiam

476 3825 741 3882 Dominus
762 3827 968 3892 docuit,
996 3827 1126 3883 dum
1167 3830 1244 3883 ait
1284 3848 1298 3884 :
1338 3829 1502 3885 Pater
1529 3847 1672 3885 meus
1698 3848 1861 3903 usque
1891 3832 2043 3887 modo

476 3920 809 3989 operatur".
839 3919 1038 3976 Verum
1064 3921 1155 3977 ubi
1179 3920 1405 3977 ﬂumina
1434 3937 1658 3979 cursum
1675 3938 1833 3978 suum
1864 3924 2046 3979 absol-

475 4013 674 4077 verint,
724 4026 892 4083 seque
928 4020 1085 4069 vasto
1129 4014 1299 4071 maris
1336 4015 1490 4071 alveo
1534 4014 1901 4084 reddiderint;
1949 4016 2042 4072 ubi

475 4102 660 4160 lumen
701 4121 730 4159 a
774 4106 1011 4162 tenebris
1043 4107 1285 4177 perfecte
1326 4117 1634 4179 separatum
1682 4107 1844 4163 fuerit
1876 4108 2042 4181 (nunc

472 4196 618 4252 enim
656 4197 836 4252 adhuc
890 4198 946 4252 in
989 4198 1091 4252 ista
1139 4199 1484 4269 separatione
1536 4199 1903 4273 laboramus);
1945 4202 2040 4257 ubi

476 4286 690 4344 fructus
710 4304 839 4344 suos
863 4306 987 4344 cum
1022 4290 1310 4360 reptilihus
1336 4299 1391 4345 et
1413 4290 1860 4362 quadrupedibus
1880 4292 2041 4350 edere

474 4380 731 4451 deinceps
769 4382 922 4436 arida
948 4382 1197 4446 desierit,
1229 4389 1285 4438 et
1316 4383 1563 4453 expletus
1590 4384 1697 4438 erit
1736 4384 2038 4455 praﬁnitus

474 4468 756 4524 hominum
788 4487 1069 4537 numerus,
1098 4480 1235 4528 tunc
1265 4487 1398 4529 sane
1451 4488 1482 4527 a
1528 4475 1838 4543 generando
1867 4476 2039 4532 absti-

2149 1989 2305 2039 καῖον
2347 1979 2506 2048 εἶναι,
2560 1982 2746 2054 ἐπειδὴ
2779 1981 2960 2045 καλῶς
3009 1982 3043 2052 ἠ
3095 1982 3388 2053 Μαρκέλλα
3425 1984 3713 2054 ὁρμήσασα

2143 2076 2235 2129 ἐπὶ
2263 2077 2354 2130 τὸν
2383 2075 2563 2144 λόγον,
2592 2076 2691 2145 οὐχ
2719 2075 2917 2137 ἱκανῶς
2937 2074 3269 2144 ἐπλήρωσεν,
3295 2075 3393 2144 ἐμὲ
3420 2077 3711 2145 πειρᾶσθαι

2140 2170 2292 2232 τέλος
2320 2167 2585 2222 ἐπιθεῖναι
2614 2167 2692 2236 τῷ
2723 2167 2886 2236 λόγῳ.
2907 2166 2979 2219 Τὸ
3009 2166 3148 2237 μετὰ
3176 2167 3283 2236 γὰρ
3312 2169 3391 2229 εὶς
3415 2166 3711 2239 παρθενίαν

2144 2263 2210 2314 ὲκ
2237 2259 2555 2331 προϐάσεως
2584 2258 2858 2329 προκόψαι
2884 2259 2975 2311 τὸν
3019 2258 3321 2329 ἄνθρωπον,
3345 2257 3479 2310 Θεοῦ
3504 2274 3711 2328 παρορ-

2148 2351 2415 2421 μήσαντος
2460 2349 2622 2402 αὑτὸν
2669 2348 2810 2402 κατὰ
2854 2348 3042 2419 καιρὸν
3070 2349 3164 2400 καὶ
3207 2348 3417 2417 καιρὸν,
3449 2347 3593 2400 δοκεῖ
3619 2365 3710 2419 μοι

2144 2442 2323 2506 καλῶς
2364 2440 2631 2495 διελέσθαι
2653 2457 2668 2471 ·
2713 2441 2772 2494 τὸ
2806 2440 2864 2493 δὲ
2897 2439 3089 2510 μηκέτι
3114 2440 3313 2511 χρῆναι
3344 2438 3521 2507 λέγειν
3561 2440 3713 2494 τούν-

2144 2533 2333 2589 τεῦθεν
2359 2535 2713 2601 τεκνογονεῖν,
2745 2532 2806 2585 ού
2841 2531 3036 2594 καλῶς.
3056 2531 3196 2600 Ἐγὼ
3228 2531 3335 2603 γὰρ
3366 2531 3712 2602 καθεωρακέ-

2144 2645 2233 2682 ναι
2263 2644 2352 2697 μοι
2378 2627 2520 2681 δοκῶ
2549 2626 2731 2696 σαφῶς
2760 2626 2867 2679 ἀπὸ
2898 2626 3005 2678 τῶν
3026 2624 3279 2695 Γραφῶν,
3308 2626 3388 2678 ὅτι
3417 2625 3710 2696 παρθενίας

2144 2718 2426 2789 ἐλθούσης,
2450 2718 2480 2770 6
2504 2717 2674 2785 Λόγος
2698 2716 2798 2769 οὐκ
2825 2715 3000 2769 ἀνεῖλε
3025 2715 3202 2785 πάντη
3229 2715 3329 2786 τὴν
3346 2714 3707 2783 τεκνογονιαν.

2145 2811 2222 2863 Οὐ
2255 2810 2362 2880 γάρ
2399 2807 2585 2879 ἐπειδὴ
2615 2808 2723 2862 τῶν
2762 2808 3064 2879 ἀστέρωνή
3102 2808 3297 2879 σελήνη
3331 2807 3531 2879 μείζων
3570 2806 3708 2871 ἐστὶ,

2141 2901 2298 2974 παρά
2325 2900 2481 2955 τοῦτο
2512 2900 2618 2953 τῶν
2648 2900 2822 2956 ἄλλων
2870 2902 3114 2972 ἀστέρων
3149 2901 3209 2955 τὸ
3246 2900 3361 2970 φῶς
3386 2901 3707 2971 ἀναιρεῖται.

2228 3189 2542 3263 ’Λρξὼμεθα
2573 3189 2629 3244 δὲ
2658 3190 2764 3244 ἀπὸ
2784 3190 2883 3261 τῆς
2912 3190 3201 3255 Γενέσεως,
3232 3190 3319 3243 ἵνα
3355 3190 3417 3261 δὴ
3443 3207 3538 3245 και
3579 3205 3712 3262 πρεο

2144 3283 2423 3354 σϐεύωμεν
2470 3282 2667 3353 μᾶλλον
2704 3283 2800 3354 τὴν
2829 3284 3069 3354 Γραφήν.
3089 3285 3151 3336 Ἦ
3179 3290 3287 3355 γάρ
3318 3283 3590 3352 ἀπόφασις
3616 3279 3711 3335 τοῦ

2143 3376 2299 3441 Θεοῦ,
2330 3377 2423 3430 καὶ
2455 3376 2517 3429 τὸ
2544 3376 2817 3447 διάταγμα
2854 3376 2915 3429 τὸ
2951 3377 3041 3430 ἐπὶ
3064 3378 3161 3447 τῆς
3191 3377 3552 3439 τεκνοποιίας.
3582 3378 3713 3446 ὁμο-

2142 3462 2482 3533 λογουμένως
2512 3464 2673 3535 μέχρι
2704 3465 2798 3517 καὶ
2839 3463 2935 3517 νῦν
2976 3465 3418 3536 συμπληροῦται·
3455 3464 3714 3519 πλάσσον-

2141 3570 2232 3615 τος
2263 3554 2352 3606 τὸν
2376 3553 2660 3625 ἄνθρωπον
2684 3554 2763 3606 ἔτι
2783 3553 2876 3607 τοῦ
2905 3554 3256 3627 δημιουργοῦ.
3287 3556 3456 3609 Τοῦτο
3486 3555 3594 3628 γάρ
3617 3555 3713 3608 καὶ

2142 3645 2318 3714 πάντη
2350 3645 2676 3713 καταφανὲς,
2696 3645 2771 3708 ὡς
2800 3645 2909 3716 ἀρα
2932 3646 3021 3698 τὸν
3049 3646 3251 3716 κόσμον
3278 3646 3461 3716 ἀκμὴν
3480 3645 3711 3717 ἐργάζε-

2141 3753 2237 3790 ται
2265 3734 2567 3811 ζωγραφῶν
2597 3738 2626 3791 6
2655 3738 2805 3801 Θεὸς,
2837 3738 3027 3809 ὥσπερ
3053 3738 3118 3808 δὴ
3143 3739 3239 3792 καὶ
3261 3741 3289 3791 6
3313 3737 3514 3809 Κύριος
3537 3737 3711 3791 ἐδιδα-

2143 3826 2251 3892 ξεν,
2288 3814 2435 3895 Ἕ⁹ως
2457 3827 2587 3897 ἄρτι
2618 3831 2651 3881 ὀ
2674 3827 2875 3897 Πατήρ
2890 3847 3009 3897 μου
3028 3828 3341 3897 ἐργάζεται,
3362 3828 3553 3896 λέγων.
3572 3828 3710 3881 Ἀλλ’

2140 3921 2338 3975 ὁπόταν
2369 3923 2418 3974 οἱ
2453 3921 2687 3992 ποταμοὶ
2719 3920 2818 3992 ἠδη
2844 3920 3190 3991 λωφήσωσιν,
3214 3923 3293 3983 εἰς
3311 3920 3372 3973 τὺ
3392 3919 3491 3990 τῆς
3518 3919 3712 3972 θαλάσ·

2143 4027 2243 4081 σης
2273 4011 2646 4075 εἰσϐάλλοντες
2673 4013 2913 4080 ἀγγεῖον,
2946 4012 3039 4065 καὶ
3062 4010 3122 4064 τὸ
3156 4010 3271 4081 φῶς
3300 4010 3515 4073 τελείως
3547 4026 3713 4081 χωρι-

2141 4101 2239 4173 σθῇ
2287 4102 2381 4156 τοῦ
2434 4104 2675 4169 σκότους,
2712 4102 2848 4173 (νῦν
2896 4103 3005 4176 γάρ
3043 4103 3122 4156 ἔτι
3151 4102 3582 4176 διαχωρίζεται·)
3612 4099 3711 4155 καὶ

2138 4195 2265 4259 τοὺς
2308 4197 2554 4268 καρποὺς
2599 4194 2736 4267 μετά
2786 4195 2896 4249 τῶν
2943 4194 3186 4266 ἑρπετῶν
3232 4195 3327 4249 καὶ
3365 4193 3710 4265 τετραπόδων

2138 4288 2438 4343 ἀναδιδόναι
2488 4286 2764 4358 παύσηται
2812 4286 2994 4341 λοιπὸν
3022 4289 3055 4358 ἡ
3086 4286 3244 4360 ξηρὰ,
3271 4287 3365 4340 καὶ
3404 4288 3433 4340 6
3474 4302 3712 4357 προωρι-

2140 4380 2335 4451 σμένος
2363 4379 2472 4433 τῶν
2498 4378 2799 4452 ἀνθρώπων
2824 4378 3053 4450 ἀριθμὸς
3075 4377 3437 4451 ἀναπληρωθῇ
3460 4395 3473 4408 ·
3496 4378 3616 4430 τότε
3643 4378 3707 4447 δὴ

2138 4474 2324 4529 λοιπὸν
2340 4472 2435 4526 καὶ
2453 4471 2552 4541 τῆς
2565 4470 2906 4533 παιδοποιίας
2929 4471 3211 4539 ἀφεκτέον.
3229 4470 3344 4524 Νῦν
3372 4469 3483 4539 γάρ
3509 4471 3589 4532 εἰς
3612 4470 3709 4539 τὴν

476 4562 717 4616 nendum
751 4563 876 4618 erit.
907 4561 1065 4618 Nunc
1086 4564 1233 4619 enim
1254 4564 1465 4620 edenda
1499 4564 1589 4620 Dei
1617 4566 1853 4637 imagine
1881 4581 2037 4622 suam

2144 4566 2327 4619 εἰκόνα
2351 4562 2442 4616 τοῦ
2468 4562 2604 4615 Θεοῦ
2633 4562 2725 4616 τὺν
2756 4561 3040 4633 ἄνθρωπον
3063 4563 3273 4633 ἀνάγκη
3304 4563 3600 4632 συνεργεῖν,
3628 4561 3710 4613 ἔτι

472 4652 747 4709 hominem
770 4654 1018 4712 conferre
1051 4671 1272 4726 operam
1312 4672 1542 4713 necesse
1569 4665 1674 4722 est,
1702 4660 1831 4712 dum
1862 4658 2040 4714 adhuc

2143 4653 2472 4715 συνεστῶτος
2513 4650 2607 4704 τοῦ
2661 4652 2867 4723 κόσμου
2911 4651 3005 4705 καὶ
3048 4653 3483 4722 τεκταινομένου.
3512 4651 3710 4714 Αὺξά-

473 4752 581 4799 stat
599 4744 859 4808 mundus,
879 4746 1145 4817 novisque
1167 4747 1407 4817 quotidie
1426 4748 1660 4804 molibus
1688 4750 1807 4818 ejus
1832 4749 2040 4804 fabrica

477 4836 827 4906 adimpletur.
883 4835 1135 4901 Crescite,
1178 4839 1346 4903 enim,
1383 4839 1582 4910 inquit,
1613 4849 1663 4894 et
1714 4841 2039 4910 multiplica-

474 4928 604 4980 mini
621 4929 686 4980 ’⁸.
706 4926 815 4982 Nec
846 4927 927 4985 fas
955 4937 1040 4985 est
1060 4929 1335 4987 Creatoris
1362 4939 1689 5002 praeceptum
1713 4931 2037 4997 abominari,

472 5035 538 5076 ex
561 5036 671 5090 quo
701 5022 860 5077 nobis
884 5030 968 5077 est
993 5021 1136 5092 quod
1167 5023 1504 5079 exsistimus.
1523 5023 1862 5094 Principium
1892 5024 2038 5078 enim

471 5113 840 5182 generationis
890 5113 1169 5168 hominum
1220 5115 1446 5171 seminis
1496 5116 1551 5169 in
1584 5115 1816 5185 genitale
1847 5129 2039 5169 arvum

472 5203 733 5260 demissio
759 5213 864 5268 est,
891 5214 950 5259 ut
976 5222 1042 5261 ex
1070 5207 1289 5263 ossibus
1314 5222 1379 5264 os
1408 5214 1464 5263 et
1490 5223 1558 5263 ex
1586 5220 1755 5261 carne
1786 5221 1938 5270 caro,
1958 5220 2042 5259 ar-

472 5307 608 5346 cana
625 5297 678 5347 vi
702 5293 1006 5365 desumpta.
1030 5297 1083 5351 in
1104 5298 1334 5353 alterum
1361 5312 1553 5352 rursus
1585 5297 1860 5351 hominem
1894 5297 2043 5367 ejus-

474 5382 596 5437 dem
626 5383 847 5440 artificis
872 5401 1035 5457 opera
1064 5387 1394 5443 condantur.
1428 5386 1520 5440 Sic
1543 5386 1689 5442 enim
1714 5386 1923 5457 impleri
1945 5402 2038 5456 pu-

470 5477 694 5532 tandum
721 5494 838 5534 eam
865 5486 1192 5537 sententiam
1230 5501 1243 5536 :
1279 5480 1395 5535 Hoc
1441 5495 1580 5534 nunc
1632 5495 1689 5533 os
1716 5493 1782 5533 ex
1831 5480 2037 5535 ossibus

470 5571 616 5636 meis,
647 5585 694 5626 et
725 5592 848 5629 caro
872 5575 935 5629 de
957 5591 1114 5630 carne
1136 5590 1252 5629 mea
1274 5575 1340 5628 “.

2138 4747 2318 4800 νεσθε
2352 4743 2480 4815 γάρ,
2513 4743 2725 4814 ἐλέχθη,
2781 4743 2880 4797 καὶ
2932 4742 3329 4811 πληθύνεσθε.
3364 4743 3473 4795 Καὶ
3504 4742 3563 4795 οὐ
3601 4740 3710 4811 χρὴ

2138 4835 2198 4888 τδ
2228 4834 2504 4904 διάταγμα
2539 4832 2919 4903 βδελύσσεσθαι
2951 4831 3044 4886 τοῦ
3073 4830 3433 4903 Δημιουργοῦ,
3465 4830 3524 4894 ἐξ
3553 4825 3614 4883 οῦ
3644 4828 3709 4899 δὴ

2139 4928 2232 4982 καὶ
2260 4928 2417 4982 αὑταὶ
2441 4927 2761 4998 γεγόναμεν.
2780 4926 2945 4998 Ἀρχὴ
2970 4926 3078 4997 γὰρ
3114 4926 3376 4994 γενέσεως
3409 4922 3504 4976 ἀνθ
3515 4922 3708 4993 ρώπων

2135 5021 2170 5091 ἡ
2202 5017 2295 5071 τοῦ
2327 5018 2637 5090 σπέρματος
2663 5021 2740 5081 εἰς
2766 5018 2893 5081 τοὺς
2920 5016 3158 5079 αὔλακας
3181 5016 3282 5085 τῆς
3317 5016 3528 5085 μήτρας
3559 5013 3710 5081 γίνε-

2136 5129 2225 5165 ται
2260 5109 2549 5181 καταϐολὴ,
2576 5111 2723 5173 ὅπως
2751 5110 2813 5162 τὸ
2837 5112 2901 5163 ὲκ
2928 5109 3035 5162 τῶν
3062 5108 3263 5160 ὀστέων
3300 5105 3510 5170 ὀστοῦν,
3544 5105 3636 5158 καὶ
3674 5107 3708 5176 ή

2137 5204 2204 5257 ὲκ
2243 5204 2342 5275 τῆς
2386 5203 2587 5273 σαρκὸς
2629 5202 2764 5274 σὰρξ
2813 5202 2997 5273 ἔτερος
3028 5194 3333 5270 ’ἄνθρωπος
3362 5197 3577 5269 ἀοράτῳ
3609 5196 3707 5267 λη-

2140 5296 2340 5366 φθέντα
2376 5296 2599 5366 δυνάμει
2649 5296 2810 5350 πάλιν
2859 5295 2969 5348 ἀπὸ
3012 5294 3108 5347 τοῦ
3159 5291 3322 5346 αὑτοῦ
3353 5293 3590 5363 τεχνίτου
3615 5292 3713 5363 δηαο

2144 5388 2535 5460 μιουργηθῶσι,
2561 5388 2745 5461 Ταύτῃ
2794 5387 2902 5460 γὰρ
2950 5385 3165 5453 εκείνην
3193 5383 3421 5453 ἡγητέον
3469 5382 3707 5455 πληροῦ-

2141 5481 2262 5535 σθαι
2291 5484 2388 5554 τὴν
2417 5483 2619 5554 φωνήν·
2655 5482 2832 5537 Τοῦτο
2854 5479 2970 5533 νῦν
2999 5477 3224 5532 ὀστοῦν
3248 5476 3316 5531 ἐκ
3338 5475 3456 5530 τῶν
3482 5474 3712 5531 ὀστέων

2133 5593 2273 5645 μου,
2304 5573 2401 5629 καὶ
2430 5574 2586 5643 σὰρξ
2606 5574 2676 5629 ἐκ
2696 5572 2807 5643 τῆς
2827 5571 3056 5641 σαρκός
3073 5587 3211 5641 μου.

544 5773 584 5807 ’⁸
608 5773 738 5831 Cen.
777 5793 816 5841 ι,
844 5775 936 5830 Ξὸ.
1017 5778 1058 5809 ¹⁹
1083 5775 1247 5831 Joan.
1279 5793 1333 5844 ν,
1364 5777 1452 5835 17.
1526 5779 1573 5811 ¹⁰
1606 5778 1732 5837 Gen.
1766 5794 1806 5847 ι,
1836 5778 1929 5838 28.
2004 5781 2042 5812 ¹¹

2142 5798 2216 5836 7n.
2246 5797 2313 5849 lt,
2347 5779 2440 5837 9.5.
