4140 6414
358 364 427 419 l9
1446 354 1831 414 CONVIVIUM
1871 356 2099 413 DECEM
2141 355 2507 416 VIRGINUM.
3529 351 3607 409 50

356 493 484 549 Car.
503 491 568 546 ll.
598 493 898 559 Generatio,
928 493 1110 564 afﬁnis
1136 494 1326 563 prima
1354 488 1481 549 Eva:
1507 507 1575 549 ex
1599 503 1750 549 costa
1783 503 1832 547 et
1866 509 1977 547 esse
2003 493 2135 576 ᾼάιε
2168 493 2500 564 formationi.
2540 491 2677 549 Deus
2699 493 2969 548 hominum
2993 491 3238 548 conditor
3270 495 3321 548 in
3347 508 3598 552 consueta

1798 574 2151 634 generatione.

427 679 599 735 Τοῦτο
628 680 738 753 γὰρ
768 681 898 744 ῖσως
930 680 1177 752 ᾐνίσσετο
1227 681 1323 733 καὶ
1366 682 1399 752 ἡ
1451 681 1587 752 μετὰ
1634 681 1724 736 τὸν
1763 681 1928 736 ὕπνον

2102 682 2159 736 ld
2212 681 2357 737 enim
2412 679 2644 737 forsitan
2692 678 2957 736 innuebat
3014 678 3108 733 illa
3158 693 3255 749 per
3322 678 3597 733 somnium

356 768 614 837 ἔκστασις
662 770 1013 842 ἐπιϐληθεῖσα
1053 770 1131 843 τῷ
1174 770 1601 842 πρωτοπλάστῳ,
1638 772 1929 844 προδιατυ-

356 868 604 938 σοτουμένη
645 864 741 938 τὴν
770 865 862 917 ἐπὶ
906 864 1007 935 τῆς
1043 864 1357 936 φιλοτησίας
1389 863 1563 931 θέλειν
1594 862 1688 919 τοῦ
1716 863 1926 937 ἀνδρὸς,

356 960 520 1014 ὁπότε
572 958 801 1030 διψήσας
848 956 1052 1012 τέκνων
1101 956 1394 1022 ἐξίσταται,
1419 958 1541 1020 ταῖς
1591 956 1928 1026 παιδογόνοις

359 1053 714 1124 θηλυνόμενος
758 1052 879 1108 καθ’
913 1051 1078 1105 ὕπνον
1122 1050 1355 1121 ἡδοναῖς,
1390 1050 1477 1103 ἴνα
1528 1048 1690 1102 πάλιν
1719 1065 1794 1113 τι,
1820 1047 1930 1101 ἀπὸ

356 1142 466 1197 τῶν
497 1141 666 1195 ὀστῶν
688 1141 852 1195 αὐτοῦ
878 1142 972 1195 καὶ
1000 1142 1098 1212 τῆς
1125 1140 1323 1212 σαρκὸς
1349 1139 1717 1203 ἀποσπασθὲν,
1747 1139 1930 1211 ἕτερος

357 1235 658 1308 ἄνθρωπος,
690 1235 765 1298 ὡς
817 1233 975 1305 ἔφην,
1018 1231 1931 1305 ἀναπληρωθῇ.Ἐκταρασσομένης

354 1326 463 1399 γὰρ
499 1328 595 1398 τῆς
626 1326 891 1399 ἁρμονίας
916 1325 1021 1380 τῶν
1050 1325 1317 1397 σωμάτων
1354 1328 1411 1379 ἐν
1439 1328 1550 1389 τοῖς
1578 1324 1720 1379 κατὰ
1744 1342 1931 1380 συνου-

355 1418 477 1472 σίαν
519 1418 849 1491 ἐρεθισμοῖς,
885 1418 960 1481 ὡς
1006 1420 1055 1473 οί
1103 1418 1477 1491 τετελεσμένοι
1522 1418 1621 1491 τὴν
1662 1418 1929 1489 γαμήλιον

350 1511 502 1580 ἡμᾶς
532 1510 843 1565 διδάσκουσι
875 1512 1115 1584 τελετὴν,
1148 1513 1255 1568 πᾶν
1281 1512 1342 1566 τὸ
1365 1512 1637 1584 μυελῶδες
1654 1510 1749 1565 τοῦ
1771 1512 1932 1583 αἵμα-

351 1618 443 1666 τος
497 1604 592 1656 καὶ
634 1603 1021 1677 γονιμώτατον,
1051 1607 1188 1678 ὅπερ
1222 1606 1367 1659 ἐστὶν
1413 1606 1579 1677 ὑγρὸν
1625 1605 1834 1671 ὀστοῦν,
1867 1607 1931 1659 ἐκ

353 1695 571 1750 πάντων
603 1698 1053 1771 ἐπαθροιζόμενον
1080 1698 1188 1752 τῶν
1215 1697 1411 1770 μελῶν,
1436 1699 1810 1770 ἀφροποιῆσαν
1835 1697 1930 1751 καὶ

354 1788 692 1862 θῳμὸωθὲν,
721 1791 808 1845 διὰ
841 1792 947 1845 τῶν
976 1792 1310 1860 παιδογόνων
1340 1794 1419 1856 εἰς
1442 1791 1541 1862 τὴν
1561 1791 1802 1863 ἔμψυχον
1830 1793 1930 1864 τῆς

353 1880 573 1952 θηλείας
615 1883 824 1950 ἐξύεται
856 1885 979 1955 γῆν.
1004 1885 1242 1948 Εἰκότως
1275 1886 1382 1956 ἄρα
1407 1885 1591 1937 ἕνεκεν
1614 1883 1804 1937 τούτου
1832 1901 1931 1938 κα-

350 1975 597 2028 ταλιπεῖν
636 1976 883 2030 λέλεκται
910 1979 1003 2032 τὸν
1030 1978 1240 2049 πατέρα
1270 1979 1364 2030 καὶ
1396 1976 1496 2049 τὴν
1544 1977 1776 2049 μητέρα,
1808 1976 1929 2030 τότε

2028 774 2204 845 primo
2235 772 2440 827 homini
2463 771 2665 842 injecta
2691 770 2949 833 exstasis,
2992 769 3100 824 viri
3131 770 3273 824 inter
3300 769 3598 825 muliebres

2028 865 2310 936 amplexus
2331 864 2690 919 mulcedinem
2714 864 2862 917 illam
2900 862 3275 935 prmligurans,
3305 877 3430 917 cum
3457 862 3598 919 libe-

2028 974 2214 1014 rerum
2245 958 2437 1015 sitiens
2467 973 2497 1011 a
2555 972 2615 1012 se
2646 957 2806 1027 quasi
2862 954 3099 1023 excedit,
3145 954 3472 1026 genitalibus
3500 971 3601 1026 per

2027 1065 2279 1106 somnum
2305 1046 2646 1104 eﬂ‘eminatus
2673 1046 2905 1111 deliciis,
2933 1053 2995 1100 ut
3021 1061 3242 1102 rursum
3268 1046 3339 1101 ab
3359 1047 3479 1116 ejus
3505 1062 3603 1103 os-

2029 1142 2183 1198 sibus
2219 1149 2274 1196 et
2305 1156 2471 1197 carne
2501 1140 2791 1210 decerptus
2844 1138 3243 1210 delibatusque,
3302 1139 3463 1204 alius,
3517 1142 3597 1194 uti

2028 1239 2298 1303 dicebam,
2325 1235 2820 1306 homoimpleatur.
2853 1233 3092 1290 Turbata
3123 1235 3269 1291 enim
3306 1249 3597 1305 corporum

2028 1329 2313 1386 harmonia
2336 1330 2741 1386 titillationibus
2768 1329 2971 1391 coitus,
3000 1328 3081 1382 uti
3126 1343 3229 1384 nos
3257 1328 3477 1392 docent,
3503 1326 3600 1396 qui

2029 1439 2168 1496 opus
2196 1425 2445 1480 maritale
2473 1425 2682 1494 experti
2735 1431 2886 1489 sunt,
2937 1422 3239 1479 medullosa
3277 1435 3506 1493 quaeque
3535 1433 3600 1474 ac

2027 1516 2272 1589 proliﬁca
2330 1531 2458 1587 pars
2489 1515 2794 1586 sanguinis,
2832 1514 2978 1585 quod
3021 1528 3085 1568 os
3125 1512 3398 1584 quoddam
3429 1511 3596 1582 liqui—

2029 1609 2160 1665 dum
2188 1615 2297 1678 est,
2327 1625 2392 1665 ex
2420 1608 2639 1663 cunctis
2667 1615 2857 1663 coacta
2886 1605 3167 1671 membris,
3186 1619 3446 1676 spumoso
3472 1619 3602 1660 coa-

2028 1701 2155 1773 gulo
2180 1715 2567 1764 concrescens,
2627 1714 2726 1770 per
2757 1698 3037 1754 naturales
3069 1704 3282 1753 meatus
3315 1696 3370 1750 in
3421 1696 3600 1750 vivam

2030 1790 2243 1846 feminae
2274 1790 2497 1844 humum
2514 1788 2808 1860 expluitur.
2828 1785 3018 1841 Merito
3036 1794 3257 1856 propter
3279 1786 3380 1839 hoc
3396 1782 3602 1837 dictum

2028 1894 2131 1948 est,
2167 1884 2554 1940 derelicturum
2577 1881 2851 1936 hominem
2878 1886 3083 1950 patrem
3110 1885 3163 1934 et
3187 1868 3447 1941 matrem,
3465 1890 3604 1931 cun-

2030 1979 2133 2032 ctis
2161 1983 2383 2046 repente
2408 1991 2506 2046 per
2534 1975 2648 2029 haec
2710 1973 2997 2027 intervalla
3026 1970 3285 2026 memoria
3338 1970 3601 2024 elabenti-

353 2067 568 2121 πάντων
601 2068 811 2141 ἀθρόως
835 2070 1246 2140 ἀμνημονήσας,
1274 2069 1361 2121 ὅτε
1388 2067 1759 2139 φιλοστόργοις
1782 2067 1928 2120 ἐνού-

2032 2067 2156 2131 bus,
2201 2068 2329 2122 dum
2382 2064 2760 2136 conjugalibus
2791 2064 3006 2118 mulieri
3031 2063 3396 2134 agglutinatus
3448 2076 3603 2118 com-

354 2175 512 2229 μενος
533 2161 598 2230 τῇ
628 2160 846 2228 γυναικὶ
877 2159 1236 2231 συμπλοκαῖς,
1269 2161 1498 2231 κάτοχος
1526 2161 1817 2231 ἐπιθυμίας
1838 2160 1923 2229 γί-

352 2266 499 2303 νεται
534 2252 875 2323 γεννητικῆς,
905 2253 1162 2322 παρέχων
1197 2252 1544 2322 ἀφαιρεῖσθαι
1573 2253 1648 2324 τῷ
1671 2253 1799 2324 θείῳ
1826 2252 1926 2326 τὴν

350 2341 589 2412 πλευρὰν
620 2343 956 2416 δημιουργῷ,
998 2346 1147 2409 ὅπως
1172 2347 1229 2413 ἐξ
1261 2347 1377 2400 υἱοῦ
1411 2347 1476 2420 δὴ
1509 2349 1604 2402 καὶ
1628 2347 1789 2412 αὐτὸς
1815 2364 1925 2402 πα-

348 2433 452 2506 τὴρ
483 2433 644 2488 πάλιν
667 2438 898 2507 ἐκφανῆ.

421 2524 629 2579 Οὐκοῦν
654 2527 820 2581 εἰσέτι
854 2527 1185 2594 πλάσσοντος
1226 2530 1322 2584 καὶ
1363 2528 1458 2585 νῦν
1509 2529 1573 2601 δὴ
1604 2529 1693 2583 τὸν
1719 2529 1925 2602 ἄνθρω-

350 2634 450 2672 πον
471 2618 564 2672 τοῦ
590 2618 748 2683 Θεοῦ,
788 2619 903 2683 πῶς
925 2621 984 2672 o6
1013 2620 1281 2693 τολμηρὸν
1322 2622 1384 2675 τὸ
1414 2621 1802 2693 βδελύσσεσθαι
1827 2625 1928 2695 τὴν

349 2711 722 2783 παιδουργίαν,
748 2713 813 2782 ἣν
844 2713 1005 2777 αὐτὸς
1033 2714 1131 2768 οὐκ
1156 2713 1543 2786 ἐπαισχύνεται
1585 2718 1703 2780 ταῖς
1732 2717 1941 2788 ἀμιάνι

347 2819 460 2868 τοις
499 2804 528 2856 6
568 2805 968 2880 Παντοκράτωρ
1018 2806 1385 2880 ἐργαζόμενος
1434 2808 1625 2880 χερσί;
1668 2808 1789 2878 Πρὸ
1819 2809 1927 2865 τοῦ

349 2895 459 2968 γάρ
489 2915 566 2966 με
602 2898 833 2953 πλάσαι
868 2916 941 2954 σε
969 2900 1039 2955 ἐν
1079 2900 1296 2967 κοιλίᾳ,
1346 2901 1670 2970 ἐπίσταμαί
1716 2919 1809 2967 σε,
1851 2901 1929 2974 τῷ

363 2988 598 3062 Ἱερεμίᾳ
632 2992 782 3063 φησί.
818 2993 907 3065 Τῷ
927 2993 984 3047 δὲ
1024 2994 1144 3049 Ἱώὸ
1169 3012 1183 3026 ⁸
1215 2994 1313 3065 Μὴ
1340 2997 1445 3063 σὺ,
1481 2995 1684 3050 λαϐὼν
1705 2995 1925 3064 πηλὸν,

348 3081 625 3148 ἔπλασας
649 3080 815 3148 ζῶον,
840 3083 939 3138 καὶ
970 3086 1240 3154 lex/Inter
1271 3085 1419 3141 αὐτὸ
1459 3086 1777 3155 ἐποίησας,
1799 3084 1927 3155 ἔφη,

347 3173 445 3227 ἐπὶ
475 3173 583 3242 τῆς
621 3174 769 3245 γῆς;
797 3177 907 3229 Καὶ
945 3179 974 3229 ό
1012 3176 1129 3230 Ἰὼϐ
1168 3177 1305 3248 πρὸς
1334 3177 1493 3231 αὐτὸν
1521 3176 1788 3241 εὐκτικῶς
1817 3175 1928 3248 (28)

349 3264 593 3337 φέρεται,
622 3267 795 3337 λέγων
822 3269 910 3322 τό·
940 3273 1007 3323 Al
1030 3270 1225 3338 χεῖρές
1246 3284 1362 3324 σου
1390 3269 1689 3338 ἐποίησάν
1710 3286 1808 3340 με,
1828 3269 1929 3323 καί

345 3356 627 3412 ἕπλασάν
676 3377 773 3428 με.
811 3359 936 3423 Πῶς
987 3360 1045 3412 δέ
1098 3361 1200 3414 οὐκ
1245 3362 1443 3415 ἄτοπον
1476 3360 1555 3426 τὸ,
1588 3359 1930 3432 ἀπαγορεύε-

2028 2159 2300 2231 plexibns,
2324 2158 2576 2229 genitalis
2606 2157 2781 2228 impos
2806 2154 3047 2211 libidinis
3068 2155 3282 2210 evadit:
3310 2156 3603 2211 tollendam

2025 2253 2235 2301 costam
2254 2247 2443 2302 divino
2486 2246 2733 2316 praebens
2763 2243 2979 2308 artiﬁci,
3010 2251 3069 2297 ut
3092 2260 3155 2298 ex
3185 2243 3450 2299 [ilioidem
3476 2262 3607 2300 rur-

2026 2354 2121 2396 sus
2152 2345 2302 2409 pater
2322 2337 2571 2393 exsistat.

2095 2520 2484 2590 Quamonrem,
2513 2520 2622 2578 Deo
2650 2521 2949 2578 etiamnum
2976 2521 3221 2592 quotidie
3251 2537 3348 2592 per
3388 2521 3608 2593 nuptia-

2027 2615 2132 2671 lem
2156 2615 2427 2686 ejusmodi
2448 2630 2805 2684 congressum
2829 2614 3104 2670 hominem
3138 2613 3437 2681 l‘ormante,
3465 2629 3606 2684 quo-

2029 2706 2191 2762 modo
2223 2722 2333 2761 non
2359 2707 2710 2763 temerarium
2766 2707 2942 2762 fuerit
2959 2706 3263 2762 abominari
3310 2706 3609 2760 liberorum

2027 2802 2486 2873 procreationem,
2538 2799 2628 2855 cui
2683 2814 2822 2856 suas
2872 2799 3253 2856 immaculatas
3297 2798 3613 2853 immiscere

2028 2892 2850 2964 manusomnipotensCreator
2875 2890 3019 2945 haud
3053 2889 3373 2946 indecorum
3403 2887 3608 2943 ducat?

2030 2984 2351 3058 Priusquam
2389 2988 2580 3050 enim,
2624 2985 2834 3054 inquit,
2884 2983 3170 3055 formarem
3225 2992 3273 3036 te
3322 2982 3378 3035 in
3434 2991 3605 3048 utero,

2029 3080 2148 3134 novi
2178 3087 2245 3145 te,
2278 3077 2571 3135 Jeremiam
2598 3078 2880 3148 alloquens
2902 3079 2967 3130 ".
2985 3074 3052 3131 Et
3082 3075 3219 3132 Jobo
3247 3076 3417 3130 ait”:
3451 3072 3607 3128 Nunc

2029 3170 2154 3243 quid
2185 3183 2243 3225 tu
2280 3179 2490 3240 accepto
2511 3171 2639 3225 limo
2672 3170 2919 3241 emnxisti
2959 3169 3182 3231 animal,
3234 3180 3284 3223 et
3318 3167 3494 3222 vocale
3534 3165 3606 3222 il-

2030 3263 2122 3318 lud
2156 3263 2329 3333 fecisti
2355 3277 2511 3331 super
2540 3265 2777 3317 terram?
2830 3260 3001 3317 Jobus
3046 3269 3227 3316 autem
3275 3268 3467 3314 contra
3495 3258 3609 3314 Deo

2031 3357 2257 3426 supplex
2293 3355 2524 3419 accedit,
2556 3353 2745 3409 dicens
2774 3353 2826 3386 ’⁵
2858 3371 2872 3406 :
2904 3351 3098 3406 Manus
3124 3361 3229 3405 tua:
3249 3351 3480 3421 fecerunt
3502 3366 3604 3413 me,

349 3448 474 3504 σθαι
526 3451 718 3521 γάμων
764 3451 1101 3520 συναλλαγὰς
1124 3492 1139 3516 ,
1196 3452 1664 3525 προσδοκωμένων
1709 3453 1791 3505 ἐτι
1834 3453 1928 3506 καὶ

2030 3460 2079 3505 ει
2114 3451 2509 3519 plasmaverunt
2539 3464 2639 3503 me.
2673 3443 2958 3513 Quomodo
3002 3459 3133 3500 vero
3172 3459 3279 3500 non
3307 3441 3606 3497 absurdum

351 3540 468 3612 μεθ’
498 3543 647 3611 ἡμᾶς
677 3541 893 3595 ἔσεσθαι
912 3542 1244 3614 μαρτύρων,
1278 3544 1370 3597 καὶ
1391 3543 1500 3598 τῶν
1531 3543 1926 3613 ἀντιτασσομέ-

346 3648 455 3685 νων
483 3632 560 3704 τῷ
602 3632 843 3706 πονηρῷ,
869 3634 936 3688 δι’
969 3634 1063 3700 οὓς
1104 3635 1169 3706 δὴ
1198 3636 1292 3688 καὶ
1333 3634 1432 3700 τὰς
1464 3635 1682 3707 ἡμέρας
1708 3636 1736 3688 6
1773 3633 1931 3702 λόγος

347 3724 711 3795 ἐπηγγείλατο
762 3726 1264 3798 κολοὸωθήσεσθαι;
1316 3729 1376 3781 Ei
1423 3727 1532 3801 γὰρ
1577 3727 1798 3797 φαῦλον,
1852 3728 1929 3792 ὡς

346 3814 503 3887 ἔφης,
538 3816 869 3872 ἀπεντεῦθεν
916 3818 1225 3889 νενόμισται
1259 3819 1336 3890 τῷ
1365 3819 1483 3890 Θεῷ
1528 3819 1590 3873 τὸ
1634 3820 1928 3875 παιδοσπο-

348 3912 481 3980 ρεῖν,
515 3910 582 3963 δι’
611 3911 676 3982 ῆν
719 3911 897 3965 αἰτίαν
927 3912 981 3965 oi
1019 3910 1170 3982 παρὰ
1207 3912 1385 3983 δόγμα
1420 3913 1675 3984 φυόμενοι
1705 3913 1798 3967 καὶ
1827 3912 1927 3985 τὴν

349 4001 542 4074 βουλὴν
574 4003 672 4075 τὴν
718 4001 885 4067 θείαν,
917 4005 1199 4076 εὐάρεστοι
1228 4005 1543 4077 δυνήσονται
1578 4004 1926 4077 παραστῆναι

343 4095 423 4167 τῷ
466 4096 618 4168 Scip;
663 4097 733 4151 Ἣ
765 4099 881 4163 πῶς
909 4099 1009 4152 οὐκ
1041 4098 1253 4171 ἀνάγκη
1307 4095 1448 4153 εἶναι
1487 4099 1756 4171 κίϐδηλον,
1791 4097 1929 4152 ἀλλὰ

350 4187 426 4261 μὴ
455 4188 681 4259 θεοφυὲς
713 4190 826 4259 (29)
853 4191 914 4245 τὸ
937 4192 1149 4263 τεχθὲν,
1184 4193 1235 4244 εί
1257 4190 1410 4260 παρὰ
1445 4192 1545 4263 τὴν
1576 4189 1802 4262 γνώμην
1830 4189 1928 4244 καὶ

345 4280 407 4336 τὸ
445 4282 719 4355 διάταγμα
750 4284 907 4358 δίκην
945 4285 1453 4357 πραχαρὰγματος
1493 4285 1790 4341 πλάσσεται
1826 4284 1927 4354 τῆς

345 4370 660 4444 δυνάμεωςς
693 4375 782 4429 ἴνα
835 4376 900 4450 δὴ
958 4378 1054 4431 καὶ
1095 4376 1406 4451 ἀνθρώποις
1454 4376 1714 4431 δύνασθαι
1742 4374 1924 4448 δῶμεν

345 4465 444 4519 ἀνθ
453 4470 882 4538 ρωποπλαστεῖν.

2035 3541 2200 3596 fuerit
2222 3531 2513 3610 prohibei'e
2543 3551 2875 3608 congressus
2903 3533 3196 3606 nuptiales,
3251 3547 3377 3587 cum
3409 3546 3607 3601 exspe-

2034 3640 2253 3688 ctentur
2283 3634 2450 3688 etiam
2474 3639 2599 3701 post
2627 3644 2731 3686 nos
2781 3628 2947 3683 futuri
2970 3633 3261 3698 martyres,
3304 3632 3359 3679 ct
3387 3623 3480 3694 qui
3512 3637 3609 3678 ne-

2035 3725 2301 3795 quissimo
2329 3722 2576 3779 restituri
2630 3729 2779 3785 sunt,
2836 3719 2909 3775 ob
2947 3733 3088 3789 quos
3138 3719 3302 3772 etiam
3364 3714 3612 3770 brevian-

2033 3819 2135 3873 dos
2163 3817 2280 3873 dies
2301 3816 2425 3872 illos
2448 3814 2720 3885 pollicitus
2738 3821 2823 3869 est
2847 3812 3068 3867 divinus
3087 3825 3269 3866 sermo
3287 3809 3359 3863 "1'
3384 3805 3537 3874 Quod
3561 3809 3607 3862 si

2033 3907 2259 3969 malum,
2284 3912 2342 3960 ut
2366 3904 2576 3968 aiebas,
2609 3918 2677 3958 ex
2722 3903 2826 3957 hoc
2852 3909 3097 3972 tempore
3129 3899 3240 3955 Deo
3284 3899 3458 3955 visum
3501 3908 3606 3962 est,

2031 3999 2219 4055 liberis
2238 4013 2459 4069 operam
2477 3997 2627 4059 dare,
2649 4010 2758 4066 quo
2781 4001 2942 4065 pacto
2971 3993 3202 4064 illiquos
3220 3991 3432 4046 futuros
3448 3988 3610 4045 Chri-

2032 4097 2151 4144 stus
2181 4086 2452 4158 praedixit,
2508 4092 2778 4157 martyres
2801 4091 2856 4138 et
2877 4083 3077 4146 sancti,
3127 4087 3322 4137 contra
3353 4080 3448 4136 Dei
3473 4080 3611 4138 adeo

2033 4181 2294 4251 placitum
2323 4192 2377 4237 et
2414 4180 2748 4236 voluntatem
2774 4177 2911 4244 nati,
2971 4194 3146 4248 usque
3171 4177 3222 4232 ei
3253 4176 3406 4230 chari
3436 4183 3490 4229 et
3516 4189 3610 4230 ac-

2034 4274 2176 4344 cepti
2213 4288 2337 4329 esse
2400 4272 2696 4344 poterunt?
2722 4271 2832 4326 Aut
2886 4271 3160 4342 quomodo
3187 4284 3300 4324 non
3346 4268 3608 4338 plagiaria

2030 4366 2220 4422 nescio
2253 4379 2361 4436 qua
2392 4364 2740 4436 suppositum
2775 4371 2894 4419 arte
2942 4378 3008 4417 ac.
3060 4376 3250 4426 manu,
3284 4376 3393 4414 non
3419 4359 3608 4414 divina

2030 4459 2242 4516 satione
2263 4466 2450 4514 natum
2478 4454 2614 4511 illud
2642 4453 3011 4526 quodcunque
3036 4452 3194 4508 fateri
3240 4465 3466 4508 necesse
3496 4457 3603 4511 est,

352 4558 494 4626 ἰυοά
565 4569 760 4627 praeter
812 4570 1046 4620 mentem
1099 4580 1163 4619 ac
1184 4572 1376 4622 contra
1437 4564 1816 4636 praescriptum
1860 4558 2101 4616 creantis
2147 4552 2403 4625 potentia
2466 4549 2814 4606 subdititium
2841 4547 3148 4605 exstiterit?
3194 4553 3254 4601 ut
3277 4552 3332 4602 et
3376 4545 3608 4601 faculta-

343 4652 459 4706 tem
481 4650 747 4705 condendi
776 4652 1013 4710 hominis
1048 4654 1366 4712 hominibus
1396 4655 1750 4710 tribuendam
1790 4652 1915 4723 quis
1947 4650 2098 4706 velit.

666 4784 794 4841 CAP.
833 4785 923 4846 ΙΙΙ.
958 4787 1132 4844 Locus
1157 4788 1447 4860 Scriptum
1471 4798 1712 4845 vexatus.
1736 4786 1942 4859 Spurii,
1974 4802 2081 4842 non
2103 4784 2275 4840 solum
2299 4781 2503 4854 ﬁdeles,
2534 4779 2626 4836 sed
2647 4788 2698 4835 et
2719 4778 3031 4852 quandoque
3051 4779 3283 4849 prtelati.

416 4906 528 4961 Καὶ
579 4910 622 4980 η
658 4909 956 4982 Μαρκέλλα
1003 4911 1368 4978 ὑπολαϐοῦσα,
1400 4917 1446 4968 ὼ
1485 4912 1740 4983 Θεοφίλα,
1787 4910 1928 4983 μέγα

2104 4906 2205 4962 Hic
2227 4904 2481 4962 Marcella
2508 4903 2882 4974 interpellans,
2920 4899 3115 4958 Gravis
3166 4916 3342 4965 error,
3364 4914 3398 4955 ο
3429 4898 3608 4955 ’Πιθο-

346 5000 588 5072 σφά).μα,
623 5000 748 5073 ἔφη,
781 5001 877 5055 καὶ
920 5004 1162 5059 ἐναντίον
1205 4999 1287 5070 οἷς
1333 5003 1496 5070 εἴπας
1528 5006 1886 5076 ἀναφαίνεται
1908 5021 1927 5036 ο

344 5095 440 5147 καὶ
477 5094 587 5147 οἴει
608 5094 889 5167 λεληθέναι
940 5098 1314 5171 παρωσαμένη
1358 5099 1675 5172 τηλικοῦτον
1729 5099 1925 5170 νέφος;

348 5186 509 5241 ’Ήκει
542 5188 651 5260 γὰρ
687 5191 892 5253 ἐκεῖνος
921 5191 949 5243 ό
981 5188 1158 5258 λόγος,
1181 5190 1240 5245 ὃν
1272 5194 1420 5257 ἴσως,
1448 5192 1694 5247 ἀπαιτῶν
1742 5209 1803 5246 σε
1843 5201 1929 5256 ’τις

341 5277 419 5342 ὡς
444 5281 782 5351 σοφωτάτην,
816 5282 979 5348 λέξει.
1014 5284 1150 5356 Περὶ
1186 5283 1295 5339 τῶν
1327 5286 1392 5339 ἐκ
1435 5285 1678 5357 μοιχείας
1708 5286 1928 5356 ἀνόμως

343 5370 628 5440 φυομένων
655 5372 707 5425 τί
730 5375 869 5445 φῂςς
906 5374 1154 5440 Ἔδωκας
1176 5375 1285 5448 γὰρ
1316 5376 1577 5431 εἰσελθεῖν
1612 5379 1692 5441 είς
1718 5375 1812 5431 τὸν
1836 5376 1929 5431 κό-

2030 5001 2201 5074 pbila,
2234 5001 2289 5054 in
2321 5009 2434 5064 tua,
2462 4998 2663 5069 inquit,
2690 4997 2942 5053 oratione
2971 5004 3214 5067 apparet,
3258 4997 3351 5066 qui
3381 5009 3498 5051 eam
3523 5008 3611 5049 sc—

2029 5110 2153 5150 cum
2186 5094 2362 5166 ipsam
2408 5093 2721 5157 committit,
2782 5091 3062 5146 contraria
3115 5090 3321 5160 prinsa
3369 5087 3613 5143 tedictis

2030 5196 2284 5245 astruens
2315 5206 2330 5244 :
2356 5194 2412 5243 et
2441 5195 2601 5258 putas
2634 5193 2689 5242 te
2718 5185 2890 5240 latere
2918 5192 3070 5238 tanta
3097 5181 3275 5237 otiosa
3296 5178 3476 5235 nube?
3504 5177 3611 5235 0c-

2029 5282 2203 5337 currit
2225 5289 2408 5336 tamen
2436 5281 2527 5336 ille
2560 5280 2660 5335 tibi
2690 5296 2757 5336 ex
2795 5279 3027 5334 adverso
3058 5289 3259 5338 sermo,
3292 5288 3401 5345 quo
3423 5279 3477 5327 te
3504 5272 3608 5328 alio

2031 5375 2156 5447 quis
2179 5384 2237 5431 ut
2262 5374 2726 5446 sapientissimam
2758 5374 3321 5442 adiens-interrogare
3368 5370 3476 5426 isto
3515 5383 3618 5441 pa-

412 5531 456 5562 “
488 5531 604 5589 Jer.
638 5551 675 5598 ι,
706 5535 765 5590 5..
837 5537 882 5568 ’³
911 5536 1012 5592 Job
1042 5554 1272 5603 xxxuu,
1305 5538 1395 5596 14.
1433 5554 1538 5595 sec.
1577 5537 1751 5593 LXX.
1829 5539 1875 5571 ’δ
1895 5536 1996 5594 Job
2037 5555 2091 5600 x,
2132 5536 2189 5593 8.
2265 5536 2312 5567 ’⁸
2344 5530 2542 5591 Matth.
2571 5548 2727 5598 xxiv,
2757 5530 2872 5597 22;.
2899 5528 3075 5588 Haec.
3105 5543 3228 5590 xut,
3261 5528 3366 5600 20..

420 5672 530 5743 ΘΒ)
561 5673 887 5740 Εὐκτικῶς.
919 5675 1171 5743 Allatius,
1205 5676 1461 5741 εὐσεϐῶς.
1507 5676 1598 5733 Sic
1652 5684 1707 5734 et
1753 5677 1922 5734 codex

346 5739 547 5800 Mazar.
585 5739 875 5801 Canens.
1157 5739 1168 5743 ⁷
1426 5739 1436 5741 “
1781 5760 1787 5767 ε

2105 5677 2215 5738 (29)
2243 5672 2526 5745 Θεοφυές.
2560 5672 2637 5745 ιιι
2675 5672 2802 5727 cod.
2855 5669 2980 5727 Vat.
3013 5669 3106 5745 _At
3139 5671 3371 5728 Allatius
3419 5678 3474 5727 et
3500 5682 3610 5727 res.

2035 5746 2237 5801 Mazar.
2257 5785 2273 5810 ,
2295 5741 2559 5815 θεοφιλές,
2595 5744 2704 5798 Deo
2736 5745 2953 5796 charum
3011 5741 3086 5796 lo.
