4140 6414
521 303 582 359 51
1466 318 1523 375 S.
1567 322 1898 380 METHODH
1937 326 2244 386 EPISCOPI
2284 332 2371 386 ET
2411 332 2768 391 MARTYRIS
3104 317 3112 323 ”
3684 329 3751 387 δῖ

518 430 609 473 ein
635 425 825 490 possit.
861 423 934 480 De
965 426 1029 481 iis
1054 431 1145 498 qui
1198 446 1261 485 ex
1313 432 1581 489 adulterio
1606 437 1872 507 illigitime
1921 455 2080 511 gene-

2187 461 2322 516 σμον
2366 446 2646 518 ἀμήχανον
2696 449 2832 502 εἶναι
2867 449 2959 503 καὶ
2991 449 3267 517 ἀδύνατον,
3301 453 3375 525 μὴ
3419 472 3751 530 χειραγωγη-

520 521 734 577 rantur,
770 515 900 569 heus
937 526 990 570 tu
1014 519 1144 587 quid
1177 521 1354 577 dicis?
1381 526 1711 581 (Ioncessisti
1760 531 1903 583 enim
1934 533 2085 585 nulla

519 618 681 673 posse
715 606 919 661 ratione
952 610 1067 664 fieri
1088 622 1146 665 ut
1171 615 1294 683 quis
1323 618 1505 671 veniat
1528 622 1581 673 in
1620 622 1904 686 mundum,
1951 624 2084 693 quin

517 695 715 750 divinae
743 697 791 750 ei
826 699 1128 769 majestatis
1155 715 1319 761 nutus
1351 708 1546 764 ductor
1568 713 1860 779 exstiterit,
1896 726 2086 785 parato

514 789 563 842 ci
593 790 684 859 qui
714 790 785 843 sit
817 794 1154 860 nasciturus,
1183 812 1214 851 a
1253 797 1364 855 Deo
1384 805 1732 873 corpusculo.
1762 804 1826 859 Et
1855 822 1923 861 ne
1948 822 2081 861 eon-

514 880 694 950 fugias
720 884 866 937 velut
900 886 953 940 in
987 902 1164 943 arcem
1217 907 1489 958 securam,
1530 897 1742 965 prolato
1772 898 2085 953 testimonio

513 970 846 1043 Scripturae,
906 977 1140 1035 dicentis
1195 1002 1208 1035 ε
1280 982 1413 1039 Filii
1488 997 1662 1041 autem
1721 989 2082 1045 adulterorum

511 1067 878 1121 maturitatem
909 1087 1009 1125 non
1044 1086 1421 1145 consequentur
1447 1079 1526 1143 ¹⁶;
1559 1080 1767 1136 refellet
1789 1091 1840 1137 te
1867 1084 2082 1149 leniter,

510 1156 702 1214 dicens
742 1179 754 1213 :
787 1163 949 1233 Atqui
982 1165 1229 1222 videmus
1257 1169 1399 1224 haud
1428 1187 1553 1228 raro
1573 1173 1864 1244 illogitimis
1887 1191 2085 1232 conce-

513 1259 637 1319 ptos
669 1257 882 1324 copulis
907 1266 1277 1317 maturescere
1306 1265 1359 1317 in
1387 1275 1578 1335 partus
1609 1267 1795 1324 vitales
1812 1271 2084 1326 valentes-

510 1362 616 1415 que
650 1348 983 1408 adolescere.

583 1437 640 1493 Si
672 1447 855 1496 autem
922 1453 1112 1513 argute
1142 1445 1336 1501 iterum
1372 1448 1715 1521 distinguens
1745 1451 1922 1519 dicas,
1970 1453 2084 1524 Ego

512 1547 664 1596 vero,
694 1531 829 1588 heus
856 1542 934 1599 tu,
967 1539 1299 1595 maturitatis
1330 1543 1551 1598 nomine
1593 1560 1757 1614 quam
1815 1562 1925 1601 non
1959 1562 2088 1601 con-

510 1627 1125 1695 sequantur,justitiam
1167 1629 1536 1688 Christianam
1608 1635 1869 1708 intelligo,
1926 1638 2085 1708 cujus

510 1717 589 1769 illi
617 1727 897 1789 compotes
942 1737 1049 1775 non
1092 1731 1239 1787 sunt,
1270 1734 1495 1795 reponet
1545 1728 1730 1782 statim
1761 1748 1773 1783 :
1831 1728 2018 1798 Atqui,
2049 1746 2083 1784 ο

2186 536 2347 590 θέντα
2368 537 2445 607 τῷ
2473 538 2733 610 θελήματι
2758 540 2855 611 τῆς
2886 541 3254 614 μεγαλοσύνης
3281 544 3410 613 (50),
3442 563 3745 601 κατασκευ-

2185 629 2439 694 ασθέντος
2472 630 2632 684 αὑτοῦ
2666 632 2758 684 τοῦ
2798 632 3150 703 σκηνώματος
3178 635 3312 705 πρὸς
3338 636 3432 689 τοῦ
3462 638 3615 693 Θεοῦ.
3640 640 3751 695 Καὶ

2186 721 2271 774 ἶνα
2303 721 2379 793 μὴ
2418 723 2733 797 καταφύγῃς
2760 723 2945 786 ὥσπερ
2968 727 3047 788 είς
3073 727 3268 796 τειχίον
3302 729 3581 798 ἐχέγγυον,
3610 750 3748 805 προ-

2185 816 2526 887 χειριζομένη
2556 818 2655 887 τὴν
2681 817 2941 884 λέγουσαν
2968 819 3208 891 Γραφὴν,
3238 822 3421 876 Τέκνα
3441 824 3509 876 δὲ
3521 824 3750 893 μοιχῶν

2183 905 2652 975 ἀτελεσφόρητα,
2688 908 3083 979 ἀποκρούσεταί
3112 928 3169 963 σε
3209 913 3397 983 πράως
3425 914 3611 979 εἰπὼν,
3641 917 3743 972 ὅτι·

2183 997 2294 1050 Καὶ
2330 998 2434 1069 μὴν
2473 999 2815 1070 τελεσφόροις
2848 1001 3125 1072 πολλαχῶς
3159 1004 3340 1057 ὠδῖσιν
3380 1005 3584 1077 ὢριμον
3613 1024 3749 1079 καρ-

2184 1087 2284 1140 πὸν
2308 1090 2431 1151 τοὺς
2468 1092 2532 1143 ὲκ
2562 1092 2894 1163 παρανόμων
2938 1093 3334 1164 συλληφθέντας
3360 1091 3460 1153 ὧδε
3489 1099 3750 1155 συναλλα-

2183 1177 2293 1247 γῶν
2319 1179 2533 1251 ὁρῶμεν
2572 1184 2890 1254 φυομένους.

2254 1448 2317 1501 Εἰ
2344 1447 2386 1499 δ¹
2422 1444 2488 1503 αὖ
2519 1448 2680 1502 πάλιν
2707 1448 3030 1519 σοφιζομένη
3068 1444 3328 1520 φαίης,Ὦ
3355 1468 3525 1515 ουτος,
3557 1451 3665 1517 ἐγὼ
3687 1452 3750 1508 τι

2181 1540 2611 1613 ἀτελεσφόρητον
2660 1541 2751 1593 ἐπὶ
2797 1540 2902 1592 τῶν
2941 1541 3326 1612 τελειουμὲνων
3361 1542 3598 1613 ἡγοῦμαι
3626 1545 3750 1599 τάσ·

2183 1630 2369 1682 σεσθαι
2398 1635 2463 1700 τῇ
2505 1629 2936 1702 Χριστοδιδάκτῳ
2963 1630 3295 1705 δικαιοσύνῃ,
3321 1633 3611 1700 λελέξεται·
3640 1636 3750 1690 Καὶ

2187 1719 2312 1790 μὴν,
2340 1715 2385 1773 ὧ
2423 1721 2685 1791 μακαρία,
2725 1722 2960 1775 πλεῖστοι
2997 1723 3275 1796 τεχθέντες
3308 1725 3366 1791 ἐξ
3403 1726 3587 1778 ἀδίκου
3627 1743 3752 1779 σπο-

506 1810 685 1875 beata,
718 1812 871 1865 multi
897 1829 962 1866 ex
989 1814 1176 1886 iniquo
1224 1818 1327 1870 sati
1363 1820 1593 1886 semine,
1655 1820 1825 1875 nihilo
1877 1822 2078 1886 secius,

2185 1815 2286 1884 ρᾶς
2318 1812 2467 1865 οὐδὲν
2499 1808 2658 1883 ἧττον
2682 1815 2741 1866 οὐ
2777 1815 2934 1884 μόνον
2969 1818 3035 1886 τῇ
3063 1817 3264 1890 ποίμνῃ
3297 1819 3749 1886 συναγελάζεσθαι

505 1916 615 1953 non
652 1902 827 1954 solum
853 1903 1003 1973 gregi
1033 1906 1270 1959 fidelium
1303 1907 1551 1974 adunati,
1591 1926 1780 1965 verum
1810 1910 1975 1966 etiam
2023 1921 2082 1968 ut

505 1991 614 2045 illis
644 2002 942 2060 praeessent
983 1996 1124 2051 haud
1166 2014 1292 2053 raro
1338 2002 1517 2055 sortiti
1550 2010 1697 2057 sunt.
1732 2002 1910 2069 Quare
1953 2018 2077 2059 cum

504 2084 782 2137 communi
806 2086 1047 2140 omnium
1084 2104 1249 2144 sensu
1287 2097 1340 2145 et
1372 2093 1706 2162 experientia
1731 2093 2080 2148 notissimum

505 2174 598 2237 sit,
628 2183 780 2231 ortos
810 2192 877 2231 ex
929 2178 1199 2235 adulterio
1265 2183 1475 2239 utrovis
1524 2185 1686 2239 modo
1724 2185 1869 2255 quod
1900 2184 2081 2256 perfe-

502 2274 651 2320 ctum
686 2278 773 2323 est
805 2271 1055 2340 adipisci,
1092 2289 1198 2329 non
1233 2285 1318 2330 est
1361 2277 1658 2346 putandum
1705 2277 1773 2332 de
1801 2280 2081 2349 concepti-

504 2360 606 2414 bUS
637 2371 731 2415 aut
790 2367 1059 2433 partubus
1091 2368 1470 2438 propheticum
1504 2371 1636 2425 illud
1678 2369 1917 2441 Spiritus
1951 2386 2082 2426 san-

502 2455 577 2507 cti
608 2457 891 2511 oraculum
948 2474 1071 2515 esse
1106 2462 1555 2533 intelligendum;
1608 2463 1703 2519 sed
1728 2463 1868 2519 forte
1898 2464 2080 2534 potius

502 2545 570 2599 de
600 2547 707 2601 illis
731 2549 822 2619 qui
859 2550 1166 2607 adulterant
1195 2556 1477 2609 veritatem
1516 2575 1528 2609 :
1557 2556 1649 2626 qui
1702 2556 1957 2609 nimirum
1990 2570 2076 2611 so-

504 2637 755 2706 phisticis
790 2641 1028 2697 decretis
1049 2652 1466 2715 corrumpentes
1498 2643 1839 2715 Scripturas,
1890 2646 2082 2700 imma-

502 2739 680 2784 turam
735 2734 963 2804 gignunt
996 2738 1354 2807 sapientiam,
1402 2738 1549 2808 quod
1596 2738 1781 2807 pietati
1832 2753 2078 2792 errorem

498 2825 919 2882 eommisceant.
960 2827 1167 2899 Itaque,
1203 2831 1307 2885 hoc
1341 2846 1560 2901 quoque
1585 2831 1685 2885 tibi
1716 2830 1915 2900 effugio
1938 2845 2080 2899 pra:-

501 2917 682 2980 cluso,
720 2920 945 2984 imodo,
982 2930 1034 2975 et
1083 2938 1148 2976 ex
1186 2923 1457 2977 adulterio
1514 2936 1734 2992 quoque
1780 2931 2077 2991 conceptos

502 3010 670 3075 fetus,
710 3014 1002 3082 responde,
1040 3014 1150 3069 Deo
1195 3016 1333 3070 bene
1367 3016 1583 3071 volente
1625 3014 1893 3085 generari.
1930 3013 2081 3067 Dixi-

2183 1907 2644 1977 καταριθμοῦνται
2676 1907 2782 1960 τῶν
2820 1909 3083 1977 ἀδελφῶν,
3119 1909 3251 1962 ἀλλά
3284 1911 3377 1963 καὶ
3399 1912 3751 1983 καθηγεῖσθαι

2180 1998 2387 2053 τούτων
2415 1998 2745 2071 κληροῦνται
2768 2000 3067 2071 πολλαχῶς.
3084 2002 3293 2054 Οὐκοῦν
3319 2003 3467 2065 ὄντος
3493 2004 3750 2075 φανεροῦ,

2181 2090 2276 2142 καὶ
2305 2092 2521 2145 πάντων
2556 2091 2927 2161 ἱστορούντων,
2960 2092 3053 2145 καὶ
3072 2093 3138 2145 τὰ
3159 2095 3221 2146 ὲκ
3242 2093 3484 2163 μοιχείας
3510 2095 3754 2162 φυόμενα

2178 2183 2695 2255 τελεσιουργεῖσθαι,
2737 2184 2798 2236 οῦ
2837 2185 2941 2256 χρὴ
2988 2186 3227 2256 νομίζειν
3276 2186 3403 2256 περὶ
3441 2186 3754 2255 συλλήψεων

2181 2276 2273 2329 καὶ
2302 2277 2476 2329 τόκων
2518 2277 2578 2328 τὸ
2625 2276 2847 2347 Πνεῦμα
2894 2276 3427 2347 προπεφητευκέναι·
3479 2275 3592 2328 ἀλλ’
3625 2275 3754 2340 ἴσως

2182 2368 2312 2438 περὶ
2341 2368 2447 2419 τῶν
2480 2367 2577 2438 τὴν
2600 2367 2859 2438 ἀλήθειαν
2888 2368 3260 2439 μοιχωμένων,
3294 2368 3487 2430 οἵτινες
3514 2366 3756 2436 κλεψιώ-

2183 2476 2302 2529 φοις
2330 2458 2638 2521 νοθεύοντες
2666 2460 2901 2530 δόγμασι
2929 2461 3026 2523 τὰς
3053 2460 3294 2531 Γραφάς,
3330 2460 3756 2530 ἀτελεσφόρητον

2181 2551 2409 2620 γεννῶσι
2444 2553 2651 2620 σοφίαν,
2679 2555 2741 2623 τῇ
2779 2552 3055 2624 Θεοσεϐείᾳ
3084 2552 3459 2623 συγκρίνοντες
3486 2553 3583 2623 τὴν
3616 2552 3755 2606 πλά-

2181 2656 2299 2710 νην.
2334 2638 2423 2692 Διὸ
2456 2641 2548 2692 καὶ
2574 2640 2773 2710 ταύτης
2800 2657 2891 2693 σου
2921 2640 3020 2711 τῆς
3043 2642 3363 2711 προφάσεως
3393 2641 3753 2713 ἐξῃρημένης,

2183 2730 2292 2783 ἴσθι
2319 2731 2405 2803 δὴ,
2439 2732 2489 2783 εί
2522 2731 2617 2783 καὶ
2655 2732 2722 2784 τὰ
2757 2734 2821 2783 ὲκ
2857 2730 3100 2801 μοιχείας
3142 2730 3503 2794 εὐδοκοῦντος,
3532 2732 3759 2804 ἀπόκρι-

2182 2842 2291 2889 ναι,
2327 2823 2623 2893 γεννῶνται
2651 2823 2743 2875 τοῦ
2779 2822 3122 2894 Θεοῦ.”Εςρης
3151 2823 3277 2894 γὰρ,
3310 2820 3446 2877 εἶναι
3474 2824 3754 2888 ἀδύνατον,

2182 2914 2469 2986 ἀνθρώπου
2515 2914 2971 2985 τελεσφορηθῆναι
3022 2915 3206 2984 γονὴν,
3243 2915 3318 2987 μὴ
3370 2913 3754 2986 μορφώσαντος

2183 3007 2352 3078 αὐτὴν
2381 3006 2475 3059 καὶ
2507 3004 2858 3075 ψυχώσαντος
2893 3006 2985 3058 τοῦ
3023 3006 3248 3077 Κυρίου.

500 3108 572 3162 sti
599 3108 770 3171 enim,
801 3113 912 3165 lteri
937 3128 1043 3165 non
1069 3128 1229 3181 posse
1254 3121 1312 3166 ut
1361 3112 1427 3166 ad
1455 3113 1827 3168 maturitatem
1857 3118 1912 3167 et
1965 3108 2492 3167 consummatimem
2551 3102 2833 3174 perveniat
2877 3104 3149 3158 humanus
3203 3101 3369 3168 fetus,
3413 3102 3522 3157 nisi
3570 3099 3758 3157 Domi-

504 3217 618 3257 nus‘
637 3200 867 3256 formam
894 3205 1250 3277 animumque
1270 3206 1545 3261 indiderit.

1237 3324 1361 3379 CAP.
1399 3323 1492 3381 Ν.
1524 3323 1778 3379 Humana
1808 3322 2096 3395 generatio,
2120 3317 2319 3395 Deique
2351 3312 2404 3366 in
2428 3327 2491 3364 ea
2523 3325 2652 3379 opus
2685 3306 3032 3362 declaratum.

575 3437 675 3494 Hic
698 3438 1022 3512 Theophila,
1057 3443 1206 3499 velut
1248 3444 1463 3501 robusti
1525 3444 1747 3499 lacertis
1776 3441 2076 3499 adversarii

2252 3433 2365 3489 Καὶ
2391 3435 2425 3503 ἡ
2456 3429 2710 3500 Θεοφίλα,
2735 3429 2843 3484 ἀπὸ
2877 3427 3122 3496 γενναίου
3147 3426 3336 3501 ὥσπερ
3362 3426 3624 3500 ληφθεῖσα
3650 3430 3760 3486 τῶν

504 3529 681 3582 media
709 3540 984 3601 correpta,
1019 3534 1284 3604 vertigine
1305 3541 1512 3588 tentata
1541 3535 1777 3605 quadam
1810 3542 1927 3600 est;
1963 3542 2077 3587 tum

502 3634 647 3689 :egre
662 3622 878 3676 tandem
903 3625 1099 3693 spiritu
1134 3633 1441 3695 resumpto,
1476 3625 1632 3689 Rem,
1657 3626 1856 3696 inquit,
1887 3641 1921 3679 ο
1950 3624 2081 3680 bea-

502 3718 579 3773 ta,
611 3713 833 3782 quaaris,
867 3714 936 3768 ad
979 3717 1063 3770 sui
1113 3717 1329 3786 plenam
1365 3717 1795 3774 declarationem
1824 3718 2083 3787 exemplo

502 3806 742 3875 quodam
773 3807 1125 3877 indigentem,
1163 3810 1323 3878 cuius
1352 3810 1617 3865 beneﬁcio
1637 3811 1837 3865 melius
1876 3809 2082 3864 intelli-

502 3913 621 3968 gas,
654 3896 749 3954 Dei
778 3900 888 3954 vim
917 3901 1236 3955 creatricem
1266 3916 1366 3972 per
1385 3903 1570 3956 omnia
1600 3900 1822 3971 quidem
1868 3902 2082 3970 pertin-

502 3999 742 4061 gentem,
800 3995 1073 4064 preacipne
1130 4002 1312 4049 tamen
1359 3995 1535 4064 ipsam
1594 4008 1625 4047 a
1671 4009 1732 4049 se
1784 3993 2078 4047 humanam

502 4092 764 4152 praestare
798 4086 1231 4155 generationem,
1257 4086 1508 4156 augendo
1539 4101 1660 4155 quae
1686 4087 1743 4140 in
1788 4085 2079 4155 genitalem

503 4182 631 4228 sunt
666 4177 934 4231 seminata
968 4186 1192 4233 terram.
1229 4176 1419 4247 Neque
1449 4178 1595 4231 enim
1628 4177 1682 4232 id
1735 4176 1881 4247 quod
1917 4178 2080 4232 semi-

499 4271 667 4317 natur
696 4266 1029 4335 culpandum
1060 4276 1145 4322 est
1172 4285 1186 4320 :
1211 4267 1308 4322 sed
1343 4268 1399 4320 in
1432 4282 1497 4321 eo
1543 4269 1724 4322 omnis
1757 4268 1927 4337 culpa.
1946 4267 2080 4323 resi-

496 4356 613 4421 det,
636 4359 729 4427 qui
759 4359 816 4411 in
847 4360 1086 4414 alienum
1113 4374 1326 4430 agrum,
1374 4359 1592 4415 furtivis
1628 4360 1925 4424 cubilibus,
1960 4362 2077 4416 vel-

500 4449 581 4503 uti
648 4450 899 4505 mercede
929 4451 1112 4507 brevis
1133 4452 1448 4521 voluptatis,
1482 4452 1756 4523 propriam
1788 4451 2078 4522 impuden-

499 4549 585 4594 ter
621 4549 919 4595 sementem
954 4542 1162 4597 vendit.
1195 4542 1434 4597 lnt'orma
1456 4544 1624 4605 enim,
1644 4557 1849 4612 quaeso,
1869 4544 2075 4608 animo,

498 4633 667 4687 talem
701 4634 990 4702 quamdam
1025 4635 1318 4705 imaginem
1346 4635 1523 4689 nostri
1555 4636 1611 4689 in
1645 4637 1814 4689 vitam
1834 4641 1990 4688 ortus
2014 4649 2080 4689 ae

501 4726 889 4795 generationis.
929 4726 1122 4797 Cogita
1150 4728 1395 4793 domum,
1424 4727 1584 4797 cujus
1613 4726 1898 4782 altissimis
1924 4742 2079 4781 mon-

2184 3530 2364 3601 μέσων
2392 3523 2814 3593 ἀνταγωνιστοῦ,
2849 3522 3267 3587 ὲσκοτοδινίασε,
3298 3525 3392 3576 καὶ
3426 3523 3570 3594 μάλα
3605 3525 3761 3595 μόλις

2181 3620 2584 3682 ἀναπνεύσασα,
2610 3619 2745 3689 ἔφη·
2786 3618 3023 3688 Ἐρωτᾷς
3067 3616 3324 3688 ἐρώτημα
3365 3616 3452 3670 διὰ
3499 3619 3762 3690 παραδεί-

2179 3731 2409 3787 γματος,
2458 3706 2503 3765 ὦ
2552 3710 2815 3783 μακαρία,
2871 3707 3071 3781 χρῇζον
3117 3708 3526 3779 ἀποδειχθῆναι,
3581 3710 3647 3763 ἶν’
3679 3710 3760 3765 ἔτι

2185 3806 2383 3879 μᾶλλον
2406 3804 2573 3875 εἰδῇς,
2600 3804 2675 3867 ὡς
2699 3802 2787 3856 διά
2816 3802 3033 3856 πάντων
3056 3803 3091 3869 ἡ
3116 3801 3373 3871 ποιητικὴ
3398 3800 3622 3871 δύναμις
3649 3802 3762 3874 διή-

2181 3917 2352 3953 κουσα
2382 3897 2478 3951 τοῦ
2505 3895 2662 3960 Θεοῦ,
2696 3894 2856 3947 πλέον
2898 3895 2979 3956 εις
3015 3892 3115 3963 τὴν
3144 3891 3252 3944 τῶν
3282 3891 3582 3964 ἀνθρώπων
3610 3893 3763 3961 τίνι-ο

2182 4010 2265 4046 σιν
2307 3991 2619 4062 αὐτουργεῖ,
2652 3986 2891 4052 αῠξουσα
2934 3984 3003 4038 τὰ
3042 3986 3123 4048 εἰς
3164 3984 3387 4054 γόνιμον
3424 3985 3763 4057 φυτευόμενα

2179 4085 2305 4155 γῆν.
2334 4084 2407 4136 Οὐ
2436 4080 2545 4151 γάρ
2575 4079 2635 4133 τὸ
2658 4078 3013 4148 σπειρόμενον
3051 4076 3341 4141 αἰτιατέον,
3384 4076 3518 4130 ἀλλά
3544 4076 3637 4130 τὸν
3678 4080 3762 4143 είς

2178 4176 2461 4245 ἀλλοτρίαν
2491 4173 2730 4243 ἄρουραν
2762 4168 3118 4239 κλεψιγάμοις
3155 4168 3356 4232 εὐναῖς,
3378 4164 3467 4223 οἷα
3493 4170 3761 4240 μισθωτὸν

2178 4268 2366 4338 ὀλίγης
2409 4264 2623 4335 ἡδονῆς,
2649 4260 2746 4330 τὴν
2792 4260 2927 4314 ἰδίαν
2967 4260 3335 4330 ἀναισχύντως
3383 4262 3763 4332 πιπράσκοντα

2182 4352 2753 4430 στωράν.’Δπείκασον
2792 4348 2901 4421 γὰρ
2944 4341 3167 4419 τοιούτῴ
3207 4350 3312 4402 τινὶ
3352 4348 3450 4419 τὴν
3487 4350 3764 4421 ἡμετέραν

2180 4450 2394 4519 γένεσιν
2434 4448 2514 4511 είς
2552 4445 2645 4498 τὸν
2686 4443 2819 4513 βίον,
2841 4438 2953 4495 οἷον
2984 4442 3118 4512 οἴκῳ
3144 4445 3553 4511 παρακειμένην
3587 4441 3763 4513 ἔχοντι

2179 4542 2278 4612 τὴν
2308 4538 2511 4593 εἴσοδον
2552 4536 2733 4607 δρεσιν
2760 4534 3012 4606 ὑψηλοῖς·
3037 4533 3243 4605 διήκειν
3286 4533 3342 4586 δὲ
3384 4535 3473 4586 τὸν
3498 4530 3643 4586 οἷκον
3667 4536 3762 4589 ἐπὶ

2180 4634 2317 4686 πολὺ
2342 4631 2513 4693 κάτω,
2547 4628 2738 4701 μέχρις
2765 4628 2948 4697 ἄκρων
2969 4626 3068 4695 τῆς
3106 4625 3309 4677 εἰσόδου
3347 4624 3535 4695 ἔχοντα
3560 4627 3758 4690 πολλὰς

2181 4723 2319 4787 ὀπὰς
2346 4725 2411 4774 ἐκ
2437 4720 2544 4774 τῶν
2568 4720 2763 4781 ὀπίσω,
2790 4717 2885 4770 καὶ
2923 4718 3194 4787 περιφερῆ
3235 4716 3375 4769 κατά
3400 4716 3558 4771 τοῦτο
3585 4717 3647 4771 τὺ
3672 4718 3761 4786 μέμ

502 4817 655 4871 tibus
680 4820 965 4888 ingressus
990 4818 1258 4887 adjaceat,
1298 4819 1525 4890 ipsaque
1563 4820 1723 4889 longe
1750 4820 1807 4872 in
1840 4817 2067 4871 multam

2182 4833 2271 4888 ρος
2294 4812 2569 4883 γεγονότα.
2592 4840 2662 4850 -
2677 4807 3005 4871 Ἀπεικάζω,
3028 4807 3130 4877 ἔφη
3154 4810 3185 4878 ἡ
3207 4808 3594 4880 Μαρκέλλα.-
3613 4809 3755 4861 05x-

500 4914 554 4959 et
573 4904 789 4960 inferne
817 4921 1072 4977 capacem
1101 4908 1340 4963 demissa
1363 4914 1433 4963 sit
1459 4907 1922 4977 profunditatem;
1956 4921 2077 4975 quae

498 4998 735 5068 denique
761 5014 790 5052 a
819 5014 1036 5054 summo
1089 5003 1267 5070 capite
1297 5001 1367 5055 ab
1421 5003 1670 5077 ingressu
1707 5000 1878 5053 multa
1930 5007 2077 5053 retro

500 5091 769 5148 foramina
806 5094 1021 5159 habeat,
1055 5110 1118 5148 ac
1152 5096 1314 5162 cujus
1369 5094 1539 5164 ﬁgura
1592 5109 1656 5147 ea
1681 5100 1835 5163 parte
1859 5093 2079 5146 orbicu-

501 5182 634 5237 laris
659 5185 908 5238 exsistat.
932 5214 1004 5224 —
1046 5183 1311 5249 lnformo,
1344 5184 1523 5253 inquit
1576 5182 1853 5245 Marcella,
1911 5197 2075 5250 quam

495 5275 658 5344 jubes
693 5277 1006 5347 imaginem.
1035 5308 1107 5319 -—
1132 5276 1253 5331 Jam
1286 5277 1591 5345 imaginare
1621 5276 1898 5331 sedentem
1927 5276 2077 5329 intus

499 5369 721 5437 operari
746 5370 957 5438 plasten
985 5377 1202 5425 statuas
1232 5370 1518 5438 plurimas,
1551 5383 1615 5423 ex
1670 5369 1800 5422 limo
1828 5384 1989 5438 quem
2025 5369 2077 5423 ei

501 5476 599 5530 per
622 5475 684 5515 ea
708 5477 829 5531 qua:
871 5462 984 5516 dixi
1042 5460 1337 5524 foramina,
1371 5460 1525 5513 multi
1574 5459 1796 5515 assidue
1825 5460 2076 5514 homines

573 5619 617 5650 ²⁶
648 5619 777 5689 Sap.
810 5636 889 5683 ιιι,
926 5618 1012 5673 16.

2179 4907 2273 4961 οῦν
2321 4902 2560 4959 ἀπόλαϐε
2599 4902 2745 4955 ἔνδον
2777 4900 3135 4970 καθεζόμενον
3161 4901 3486 4970 ἐργάξεσθαι
3512 4899 3754 4970 πλάστην

2182 4998 2411 5059 πολλοὺς
2442 4996 2764 5068 ἀνδριάντας
2788 5011 2802 5024 ·
2823 4992 2996 5063 τούτῳ
3017 4992 3064 5045 δ’
3085 4989 3153 5046 αὖ
3179 4994 3278 5062 τὴν
3310 4992 3441 5061 ὓλην
3460 4992 3553 5045 τοῦ
3582 4993 3755 5064 πηλοῦ

2179 5090 2271 5144 διὰ
2309 5090 2419 5143 τῶν
2453 5087 2601 5141 ὀπῶν
2637 5086 2833 5151 ἔξωθεν
2858 5085 3048 5156 νόησον
3086 5085 3191 5137 ὑπὸ
3235 5083 3435 5136 πολλῶν
3458 5083 3762 5155 ἀνθρώπων

2184 5181 2445 5244 ἀνενδεῶς
2470 5178 2837 5251 χορηγεῖσθαι,
2862 5177 3075 5239 οὐδενὸς
3099 5175 3261 5229 αὑτὸν
3288 5175 3522 5245 ὁρῶντος
3554 5178 3645 5230 τὸν
3681 5194 3764 5230 τε.

2186 5276 2393 5347 χνίτην.
2418 5273 2515 5336 Δὸς
2534 5272 2591 5325 δὲ
2613 5270 2947 5340 κεκαλύφθαι
2969 5269 3059 5322 τὸν
3079 5265 3224 5321 οἷκον
3246 5268 3443 5340 ὀμίχλη
3481 5269 3576 5322 καὶ
3612 5272 3766 5337 νεφέ.

2187 5368 2327 5430 λαις,
2354 5365 2448 5419 καί
2472 5364 2637 5436 μηδὲν
2658 5366 2840 5426 αὐτοῖς
2867 5361 3064 5426 ἔξωθεν
3102 5355 3240 5412 εἶναι
3272 5373 3578 5427 καταφανές
3601 5356 3633 5428 ἢ
3664 5360 3759 5429 μό-

2188 5478 2285 5523 νας
2306 5459 2402 5522 τὰς
2421 5458 2578 5522 ὀπάς.
2603 5454 2866 5520 Δεδόσθω,
2889 5453 3016 5525 ἔφη,
3041 5454 3134 5506 καὶ
3170 5452 3540 5524 τοῦτο.Ἔχειν
3566 5451 3618 5505 δὲ
3642 5451 3762 5503 ἐκα-

574 5743 688 5803 ίῦθ)
720 5741 1177 5806 Μεγαιιοσύιιης.
1213 5741 1311 5797 Ms.
1347 5741 1481 5797 Maz.
1515 5750 1567 5797 et
1591 5741 1774 5809 Allat.,
1807 5739 2107 5810 δυνάμεως.
2145 5738 2431 5796 (ῖοιιιιιτις.
