4140 6450
358 322 427 374 53
1418 312 1804 371 CONVIVIUM
1846 311 2078 369 DECEM
2124 311 2482 369 VIRGINUM.
3556 316 3629 369 54

355 452 480 490 στον
501 434 677 488 αὐτῶν
701 432 807 487 τῶν
829 431 1247 503 συμπονοῦντων
1271 431 1351 495 είς
1372 431 1473 502 τὴν
1494 430 1587 484 τοῦ
1615 430 1787 503 πηλοῦ
1814 447 1936 495 συγ·

2047 436 2367 502 congeram,
2418 430 2638 485 nemine
2698 428 2878 500 ipsum
2926 427 3189 484 artificem
3250 428 3492 485 vidente.
3515 427 3628 484 Fac

353 524 579 597 κομιδὴν
617 524 1039 595 ἁπονεμημένην
1088 523 1237 593 αὐτῷ
1286 523 1412 593 μίαν
1438 521 1596 591 ὀπὴν,
1616 522 1696 584 εἰς
1713 521 1796 592 οῆν
1838 519 1944 592 χρὴ

358 618 519 690 μόνον
548 617 710 670 αὑτὸν
750 616 982 687 φέροντα
1020 614 1118 686 τὴν
1150 615 1283 669 ίδίαν
1305 614 1435 686 ὓλην
1461 612 1835 677 ἀποτίθεσθαι,
1868 612 1943 684 μὴ

355 709 662 781 ἀπτόμενον
685 709 896 780 ἐτέρας.
919 710 982 761 Εἰ
1005 708 1048 761 δ’
1066 703 1132 761 αὖ
1157 707 1465 778 περιέργως
1490 704 1824 776 άνεῳγνύναι
1845 704 1943 776 τὴν

356 803 530 874 ἑτέρῳ
567 801 994 874 κεκληρωμένην
1035 800 1361 872 ἐπιχειροίη,
1389 801 1500 873 πῦρ
1542 798 1690 870 αὐτῴ
1714 800 1809 853 καὶ
1845 799 1946 870 μά-

360 911 553 962 στιγας
578 893 919 964 ἀπειλητέον.
1868 890 1878 900 ’

2048 522 2211 576 etiam
2233 522 2497 577 occultari
2524 521 2745 577 domum
2777 522 2993 576 nebulis
3018 536 3081 576 ac
3099 521 3350 591 caligine,
3383 522 3630 592 nihilque

2048 615 2157 671 illis
2189 616 2281 685 qui
2310 616 2554 671 exterius
2589 615 2887 670 materiam
2907 616 3247 679 ministrant,
3283 623 3478 684 praeter
3509 615 3630 669 sola

2050 705 2339 772 foramina,
2372 708 2733 777 conspicuum
2762 722 2906 762 esse.
2941 705 3130 770 Detur,
3177 706 3377 775 inquit,
3412 715 3467 761 et
3501 706 3625 761 hoc.

2050 798 2263 855 Habere
2294 801 2423 855 item
2452 815 2897 870 unumquemque
2924 799 3380 865 collaborantium
3411 798 3467 852 in
3529 798 3630 852 luti

2053 893 2541 962 comportationem
2598 882 2934 962 assignatum
2992 892 3096 947 sibi
3129 890 3375 946 foramen
3432 905 3627 952 unum,

361 1006 457 1060 per
478 990 625 1060 quod
673 990 847 1046 solum
895 996 1109 1059 Oportet
1154 1005 1278 1044 eum
1332 989 1616 1044 materiam
1672 988 1952 1060 propriam
2003 988 2311 1060 deponere,
2363 989 2511 1043 nulla
2563 988 2776 1042 ratione
2821 986 3096 1057 tangendo
3143 986 3291 1041 aliud
3338 984 3631 1056 quodcun-

359 1101 467 1156 que
499 1106 513 1140 :
547 1087 823 1157 proposita
855 1087 1019 1141 etiam
1064 1100 1228 1158 paena
1281 1087 1424 1157 ignis
1458 1095 1515 1141 et
1562 1087 1876 1152 verberum,
1903 1086 1953 1141 ei
1993 1085 2091 1142 oui
2123 1084 2407 1163 curiosius
2440 1090 2734 1140 tentavent
2766 1082 2978 1154 aperire
3022 1081 3268 1136 foramen
3311 1080 3469 1135 alteri
3535 1094 3628 1133 as-

359 1178 654 1249 signatum.

427 1298 634 1353 Οὐκοῦν
658 1296 728 1351 τὰ
757 1297 896 1369 μετά
938 1298 1112 1353 ταῦτα
1137 1297 1323 1353 λοιπὸν
1359 1298 1423 1370 δὴ
1451 1296 1942 1371 θεὼρησον.“Ενδοα

356 1391 446 1446 θεν
470 1391 561 1444 τὸν
582 1390 829 1462 πλάστην
866 1408 930 1443 πε
940 1407 1018 1461 ριε
1026 1392 1121 1463 ρχό
1129 1408 1288 1462 μενον
1308 1392 1413 1456 τὰς’
1434 1393 1594 1457 ὀπὰς,
1619 1394 1712 1446 καὶ
1740 1393 1830 1446 τὸν
1853 1392 1945 1444 εὑ-

358 1481 682 1555 ρισκόμενον
725 1483 783 1533 ὲν
828 1481 1033 1554 ἑκάστῃ
1070 1482 1240 1553 πηλὸν
1278 1485 1398 1536 κατ’
1427 1484 1561 1537 ίδίαν
1599 1482 1945 1554 λαμϐάνοντα

358 1573 635 1639 πλάττειν,
659 1573 755 1626 καὶ
801 1571 986 1644 μηνῶν
1026 1573 1294 1644 περιόδοις
1335 1575 1746 1638 ἀποπλάσαντα,
1783 1576 1943 1629 πάλιν

354 1665 663 1719 ἀποδιδόναι
683 1668 796 1729 τοῖς
816 1665 920 1730 ἔξω
944 1666 1033 1720 διὰ
1052 1667 1154 1737 τῆς
1177 1666 1363 1736 αὐτῆς
1386 1668 1475 1720 τὸν
1501 1667 1746 1739 πλάστην
1779 1667 1939 1739 ὀπῆς,

355 1758 544 1829 ἔχοντα
588 1757 845 1828 τοιαύτην
890 1758 1130 1830 ἐντολὴν,
1161 1759 1338 1811 πάντα
1377 1758 1469 1812 τδν
1515 1758 1810 1831 δυνάμενον
1843 1759 1939 1831 δη-

2121 1292 2258 1348 Tum
2289 1293 2401 1362 jam
2429 1292 2562 1346 mihi
2589 1291 2846 1362 deinceps
2876 1289 3098 1362 figulum
3143 1288 3374 1344 interius
3409 1286 3631 1344 forami-

2049 1402 2122 1441 na
2168 1386 2603 1441 circumeuntem
2635 1382 2947 1448 considera,
2998 1390 3053 1437 et
3106 1397 3495 1452 quamcunque
3529 1384 3633 1438 sub

2050 1494 2382 1549 unoquoque
2413 1477 2697 1531 materiam
2742 1474 3051 1535 olfenderit,
3111 1473 3254 1528 hanc
3313 1472 3628 1544 fingentem,

2050 1572 2326 1641 certisque
2375 1570 2645 1623 mensium
2684 1565 2929 1637 periodis
2987 1563 3326 1619 efformatam
3365 1572 3628 1628 statuam,

2050 1679 2150 1734 per
2171 1662 2312 1717 idem
2341 1676 2537 1716 rursus
2572 1658 2820 1714 foramen
2852 1656 3102 1712 emittere
3131 1655 3361 1725 :quippe
3390 1656 3477 1709 cui
3515 1655 3631 1709 haec

2047 1758 2224 1829 posita
2245 1757 2326 1811 lex
2347 1754 2437 1821 sit,
2459 1762 2514 1807 ut
2535 1753 2685 1808 nullo
2701 1749 3037 1810 discrimine,
3052 1761 3435 1817 quamcunque
3447 1754 3629 1817 aptam

357 1848 755 1921 μιουργηθῆναι
796 1849 965 1919 πηλὸν
1002 1849 1308 1921 ἀδιαφόρως
1348 1849 1696 1922 ἐργάζεσθαι,
1721 1850 1822 1904 κᾶν
1864 1853 1936 1915 είς

2045 1850 2196 1920 operi
2227 1848 2464 1904 oblatam
2500 1845 2603 1920 sibi
2634 1844 2883 1915 argillam
2915 1840 3081 1911 ﬁngat
3112 1854 3176 1894 ac
3204 1838 3417 1909 ﬁguret,
3431 1838 3630 1892 etiam-

353 1938 639 2010 ἀλλοτρίαν
666 1940 772 1992 ὑπό
793 1957 935 2003 τινος
959 1940 1362 2010 είσοχετεύηται
1400 1940 1756 2010 κακοτρόπως
1774 1941 1935 2010 ὀπήν.

354 2032 521 2084 Οὐδὲν
559 2032 668 2103 γὰρ
707 2032 1026 2102 ἠδικηκέναι
1065 2032 1163 2102 τὴν
1185 2032 1342 2103 ὕλην·
1366 2032 1444 2084 διὸ
1467 2031 1542 2096 ὡς
1565 2033 1814 2086 ἀναιτίαν
1841 2033 1941 2103 μὲν

352 2118 418 2190 δὴ
442 2120 640 2191 χρῆναι
663 2121 993 2175 πλάττεσθαι
1014 2121 1108 2173 καὶ
1131 2119 1487 2191 μορφοῦσθαι.
1507 2119 1610 2172 Τὸν
1630 2119 1687 2173 δὲ
1710 2119 1861 2193 παρά
1880 2121 1941 2173 τὸ

352 2211 632 2284 διάταγμα
656 2215 749 2266 καὶ⁹
769 2213 868 2285 τὴν
893 2212 1112 2285 ἐντολὴν
1142 2215 1221 2276 είς
1243 2212 1527 2284 ἀλλοτρίαν
1550 2212 1719 2284 αὐτὴν
1746 2214 1939 2267 ἀποτι-

354 2306 579 2378 θέμενον
625 2308 764 2379 ὀπὴν
806 2308 881 2370 ὼς
906 2308 1178 2379 ἀλάστορά
1202 2324 1259 2360 τε
1286 2307 1380 2360 καὶ
1407 2307 1729 2376 παραϐάτην
1765 2324 1941 2379 τιμω-

357 2400 584 2470 ρεῖσθαι.
613 2402 687 2454 Οὐ
710 2401 819 2472 γὰρ
838 2402 929 2455 τὸν
958 2400 1128 2472 πηλὸν
1151 2403 1444 2465 αἰτιατεον,
1480 2402 1593 2455 ἁλλ’
1619 2404 1829 2456 ἐκεῖνον
1852 2402 1944 2455 τὸν

355 2491 507 2563 παρά
526 2492 589 2545 τὸ
609 2492 755 2545 ὅσιον
775 2492 934 2546 τοῦτο
957 2494 1295 2563 πεποιηκότα
1315 2510 1328 2523 °
1355 2495 1629 2564 ἀκρασίας
1651 2493 1759 2566 γὰρ
1783 2494 1944 2565 χάριν

351 2587 432 2648 είς
456 2585 745 2656 ἀλλοτρίαν
786 2586 894 2638 ἀπο
905 2585 1128 2655 κομίσας
1153 2586 1292 2658 ὀπὴν
1325 2584 1557 2639 ἀπέθετο
1577 2586 1850 2658 λαθραίως
1873 2589 1938 2657 τῇ

354 2674 468 2749 βίᾳ.
490 2709 560 2719 -
575 2676 941 2748 Ἀληθέστατα
971 2677 1169 2746 λέγεις.

2049 1945 2095 1999 si
2126 1956 2384 2013 perverse
2414 1955 2511 2010 per
2540 1939 2776 1994 alienum
2808 1951 2837 1989 a
2887 1933 3145 2006 quopiam
3193 1932 3435 1987 demissa
3482 1929 3629 1985 fora-

2045 2049 2171 2088 men
2197 2032 2381 2088 fuerit.
2407 2030 2555 2085 Nihil
2583 2031 2728 2085 enim
2758 2042 3017 2099 peccasse
3049 2025 3368 2088 materiam;
3409 2038 3473 2079 ac
3498 2038 3629 2093 pro.

2046 2136 2232 2196 pterea
2261 2133 2522 2195 tanquam
2555 2122 2836 2177 innoxiam
2872 2120 3002 2191 fingi
3029 2134 3148 2173 eam
3181 2125 3433 2187 oportere
3465 2125 3631 2188 atque

2046 2217 2296 2273 formari.
2324 2216 2459 2270 Eum
2490 2232 2619 2272 vero
2649 2216 2741 2286 qui
2785 2222 2999 2268 contra-
3031 2211 3381 2266 interdictum
3410 2212 3465 2264 in
3503 2211 3632 2265 alie-

2048 2326 2178 2365 num
2236 2310 2408 2380 ipsam
2471 2309 2712 2364 foramen
2778 2306 3055 2376 deposuit,
3111 2312 3171 2358 ut
3216 2304 3541 2358 sceleratum
3577 2311 3630 2357 et

2046 2409 2537 2472 transgressorem,
2598 2400 2808 2454 merito-
2850 2412 3012 2467 ρωηὲὶ
3056 2403 3434 2450 mulctandum
3484 2410 3630 2450 esse.

2044 2493 2166 2549 Non
2193 2494 2340 2549 enim
2398 2493 2453 2546 in
2502 2493 2677 2546 lutum
2724 2490 2882 2561 culpa
2912 2488 3224 2551 referenda,
3254 2487 3348 2542 sed
3382 2489 3435 2540 in
3473 2487 3626 2541 illum

2043 2587 2142 2656 qui
2178 2601 2293 2641 rem
2321 2594 2521 2656 praeter
2553 2584 2638 2638 fas
2660 2584 2851 2655 gessit.
2888 2580 3248 2652 [inpudicitiae
3277 2579 3425 2635 enim
3470 2587 3629 2633 actus

2044 2677 2306 2743 stimulis,
2355 2679 2411 2731 in
2454 2677 2685 2731 alienam
2727 2675 2777 2729 vi
2839 2675 3025 2729 furtim
3069 2672 3401 2727 destinatam
3430 2670 3627 2725 rimam

2042 2771 2322 2827 intulitac
2342 2770 2612 2842 deposuit.
2646 2800 2717 2811 —
2748 2768 3045 2824 Verissime
3078 2765 3339 2838 loqueris.

1213 2890 1323 2944 CAP
1384 2889 1443 2945 ν.
1485 2889 1633 2944 litem
1676 2904 2045 2964 argumentum
2080 2895 2412 2961 persecuitur
2443 2891 2502 2949 S.
2540 2892 2726 2948 Pater.

424 3001 634 3056 Οὐκοῦν
680 3001 865 3056 λοιπὸν
907 3001 971 3074 δὴ
1022 3002 1213 3075 καιρὸς
1258 3003 1463 3057 τούτων
1513 3004 1611 3077 ἤδη
1648 3006 1933 3078 προδιηνυ-

2115 3005 2255 3079 Ergo
2281 3007 2369 3064 his
2403 3007 2673 3062 haerenus
2703 3005 2781 3061 ita
2827 3006 3172 3076 prceparatis,
3226 3011 3398 3061 restat
3429 3011 3490 3059 ut
3510 3019 3603 3060 om

354 3107 589 3165 σμενων,
630 3094 832 3166 ταύτην
866 3112 925 3149 σε
959 3097 1136 3149 πᾶσαν
1166 3097 1520 3168 προσάπτειν,
1556 3092 1601 3149 ὦ
1633 3099 1936 3168 σοφωτάτη,

2049 3118 2169 3156 nem
2193 3102 2335 3157 hanc
2367 3101 2807 3166 similitudinem,
2852 3116 2886 3155 ο
2928 3099 3357 3172 sapientissime,
3389 3098 3476 3155 his
3504 3114 3626 3169 qua:

350 3188 451 3259 τὴν
498 3188 682 3242 εἰκόνα
714 3192 827 3253 τοῖς
864 3189 965 3260 ἤδη
997 3188 1304 3262 ἔμπροσθεν
1333 3190 1664 3263 εἰρημένοις.
1699 3192 1800 3245 Τὸν
1836 3192 1935 3263 μὲν

351 3276 499 3335 οἷκον
532 3281 901 3352 ἀφομοιοῦσαν
950 3285 1015 3353 τῇ
1076 3283 1292 3354 ἀοράτῳ
1340 3283 1441 3353 τῆς
1483 3283 1748 3351 γενέσεως
1780 3285 1937 3355 ἡμῶν

354 3373 533 3444 φύσει·
560 3380 578 3396 ‘
594 3375 692 3445 τὴν
717 3375 773 3427 δὲ
794 3375 1193 3447 προσκειμένην
1217 3375 1417 3429 εἴσοδον
1436 3379 1547 3439 τοῖς
1571 3376 1721 3449 ὄρεσι
1741 3380 1807 3449 τῇ
1830 3378 1938 3431 ἀπὸ

351 3466 461 3520 τῶν
498 3466 757 3539 οὐρανῶν
785 3470 864 3530 εἰς
910 3467 977 3520 τὰ
1028 3466 1253 3538 σώματα
1281 3468 1578 3522 καταϐάσει
1631 3469 1725 3522 καὶ¹
1772 3487 1939 3523 κατα-

354 3562 548 3629 πομπῇ
576 3536 698 3629 ’(51)
730 3536 835 3611 ἑῶν
864 3558 1086 3628 ψυχῶν·
1113 3536 1216 3623 τὰς
1249 3559 1304 3612 δὲ
1324 3558 1464 3624 ὀπὰς
1488 3559 1565 3630 τῷ
1598 3560 1819 3632 θηλυκῷ
1844 3562 1939 3615 καὶ

351 3649 653 3720 γυναικείῳ
686 3648 868 3717 γένει’
906 3649 997 3702 τὸν
1027 3649 1083 3702 δὲ
1112 3649 1355 3720 πλάστην
1384 3652 1452 3721 τῇ
1486 3653 1741 3722 ποιητικῇ
1783 3650 1940 3705 δυνά-

355 3756 447 3811 μει
500 3739 595 3793 τοῦ
646 3739 803 3805 Θεοῦ,
856 3742 999 3813 ἥτις,
1056 3742 1467 3814 ὲπικαλύμματι
1521 3743 1619 3814 τῆς
1668 3743 1936 3813 γενέσεως

350 3835 385 3902 ή
396 3850 511 3904 μων
538 3836 601 3905 τῇ
628 3835 787 3903 φύσει
814 3835 1093 3907 χρωμένη,
1119 3835 1267 3889 ἔνδον
1290 3838 1436 3908 ἡμᾶς
1462 3838 1713 3908 ἀοράτως
1734 3837 1938 3910 ἀνθρω-

352 3926 657 3980 ποπλαστεῖ
689 3926 825 3998 (5'2),
856 3926 926 3980 τά
957 3927 1229 3999 ἐνδύματα
1258 3932 1376 3993 ταῖς
1401 3930 1604 4001 ψυχαῖς
1635 3927 1938 4002 ἐργαζομέ-

426 4092 541 4167 (5-1)
575 4093 911 4167 Καταϐάσει
946 4094 1043 4149 καὶ
1068 4096 1448 4167 καταπομπῇ.
1482 4095 1661 4153 Locus
1685 4096 1774 4167 hic
1797 4097 1938 4151 ditii-

354 4164 550 4226 cilior‘,
573 4235 585 4246 _
614 4180 754 4246 qnoJ
786 4166 1003 4246 videtur
1066 4164 1610 4246 Methodiusjipsam
1684 4166 1937 4246 Origenis

355 4237 807 4309 praeessistentite
862 4237 1172 4309 animorum
1247 4237 1561 4308 opinionem
1619 4237 1804 4309 sequi,
1872 4253 1939 4293 ac

354 4305 623 4377 quasigilli
682 4307 893 4377 pridem
924 4307 1201 4361 πολιτείαν
1237 4305 1396 4364 suam
1448 4309 1596 4364 nacti
1652 4305 1711 4363 in
1751 4309 1932 4373 cmlis,

355 4374 586 4457 inde__in
630 4374 865 4457 corpora
912 4376 1186 4457 sic_al)_eo
1218 4377 1451 4457 formata
1505 4378 1843 4434 descendant
1869 4395 1935 4435 ac

355 4444 750 4521 demittantur}
790 4448 905 4503 sive
937 4448 1075 4521 alias
1105 4449 1220 4521 hac
1247 4450 1357 4505 illis
1407 4465 1568 4521 poena
1611 4457 1696 4521 est
1725 4457 1779 4504 et
1812 4465 1935 4504 car-

357 4514 845 4595 eer,_ut_(_)ri_genes
889 4519 1097 4595 voluit;
1130 4520 1246 4574 sive
1270 4514 1490 4595 natura,
1540 4520 1687 4590 quod
1733 4521 1935 4595 exponi

358 4584 889 4667 possit‘Metliodius,
924 4605 1023 4667 nec
1078 4584 1150 4643 ita
1204 4593 1382 4660 palam
1414 4584 1740 4667 adversatur
1786 4584 1932 4667 fidei.

359 4653 590 4735 fjrutlite
618 4658 911 4735 admodum
944 4660 1086 4735 hanc
1131 4653 1371 4735 spartam
1406 4661 1695 4735 adornavit
1714 4660 1935 4735 LeoAl-

358 4726 551 4787 latius,
579 4741 642 4803 a_c
673 4726 1000 4803 Methodium
1022 4726 1355 4803 vindicavit;
1398 4748 1522 4787 cum
1561 4733 1610 4786 is
1660 4733 1753 4803 qui
1786 4733 1935 4789 illius

358 4797 1003 4877 occuparitllethodiani
1030 4800 1296 4877 ngppst'i
1331 4797 1651 4877 editionem,
1675 4797 1936 4877 subolere

359 4866 709 4944 s_ibi_dillicil_e
733 4869 944 4944 aliquid
965 4866 1432 4944 necg'indicaverit.
1458 4873 1651 4928 Putem
1673 4873 1792 4944 ipse
1822 4872 1935 4929 Me-

357 4936 604 5015 thodinm
635 4939 769 4992 nihil
801 4936 948 4994 aliud
978 4942 1133 5015 velle,
1163 4945 1309 5015 quod
1357 4944 1432 4998 ita
1461 4936 1739 5015 exprimit,
1767 4959 1931 5014 quam

357 5008 665 5090 animorum
718 5017 970 5090 naturam
1017 5008 1358 5090 significare,
1401 5008 1579 5082 quaa'a
1623 5008 1733 5090 Deo
1773 5008 1844 5090 sit
1878 5020 1934 5069 et

356 5080 622 5153 caelestis,
647 5095 746 5134 nec
776 5095 814 5153 a
845 5080 1087 5135 materia
1126 5080 1521 5153 proficiscatur,
1563 5086 1709 5141 velut
1737 5086 1932 5139 animae

356 5150 692 5227 reliquorum
732 5152 1069 5227 viventium,
1093 5150 1189 5227 sed
1221 5170 1252 5227 a
1300 5155 1409 5211 Deo
1449 5157 1672 5227 proprio
1705 5163 1932 5226 parente

359 5235 525 5296 supra
565 5220 672 5273 vim
697 5236 912 5277 omnem
971 5224 1202 5296 actionis
1234 5220 1482 5281 humanae
1508 5220 1761 5296 illiusque
1800 5242 1932 5295 sup-

359 5290 652 5371 plemento,
692 5301 881 5371 egeat;
943 5293 1055 5371 qui
1087 5295 1333 5351 singulas
1395 5298 1627 5368 singulis
1675 5290 1929 5371 formatis

355 5362 681 5441 corporibus
729 5364 850 5431 jure
881 5362 1058 5441 quasi
1111 5375 1358 5441 maturae,
1406 5362 1587 5441 eaque
1616 5368 1939 5441 quamsibi

356 5431 587 5501 prazfixit
637 5434 770 5500 lege,
805 5431 1017 5490 animas
1054 5437 1279 5500 trihuat,
1313 5454 1380 5492 ne
1405 5431 1650 5493 humana
1697 5439 1840 5492 actio
1860 5438 1925 5493 ad

357 5502 568 5578 prolem
595 5502 864 5568 ordinata,
885 5507 967 5559 sui
1002 5506 1382 5578 insufficientia
1421 5518 1474 5563 et
1504 5508 1817 5578 praestantia
1846 5508 1928 5563 ef-

359 5571 556 5634 fectus,
586 5589 742 5628 cassa
773 5585 1008 5630 maneat.
1054 5577 1191 5633 llinc
1221 5585 1369 5633 certe
1424 5571 1612 5634 nostra
1646 5579 1786 5633 dicta
1820 5596 1930 5635 coe-

359 5641 511 5696 lestis
538 5643 711 5714 origo,
741 5655 794 5699 et
819 5663 926 5715 qua
961 5649 1121 5703 nobis
1166 5649 1307 5703 inest
1333 5657 1393 5703 ut
1446 5650 1500 5703 in
1538 5650 1704 5705 Deum
1734 5662 1925 5704 aucto-

357 5727 470 5786 rem
497 5722 744 5786 nostrum
772 5732 1081 5786 vergamus,
1115 5720 1217 5773 etsi
1272 5718 1533 5774 inefﬁcaci
1569 5720 1921 5783 conatu,nisi

360 5780 453 5839 Dei
508 5785 682 5857 ipsius
731 5780 907 5856 gratia
939 5780 1244 5858 adjuvetur.
1282 5789 1407 5845 Haec
1434 5790 1544 5847 fiere
1575 5807 1730 5848 mens
1758 5780 1921 5847 scho-

2039 3195 2440 3264 jamsuperius
2469 3194 2615 3249 dicta
2661 3202 2809 3260 sunt,
2841 3194 3126 3250 adhibeas.
3165 3192 3229 3247 Et
3257 3193 3480 3249 domum
3503 3193 3598 3263 qui

2041 3289 2165 3343 dem
2196 3289 2368 3353 illam,
2398 3288 2847 3359 inaspectahilem
2884 3288 3254 3358 generationis
3296 3292 3501 3340 nostrae
3521 3300 3624 3339 na-

2042 3390 2219 3436 turam
2256 3397 2377 3437 esse
2420 3382 2693 3452 intelligas
2741 3401 2754 3435 :
2804 3380 3010 3434 aditum
3042 3389 3224 3433 autem
3277 3377 3619 3446 adiacentem

2041 3474 2341 3537 montibus,
2375 3474 2701 3530 descensum
2720 3489 2750 3528 e
2777 3474 2933 3528 cmlis
2958 3472 3263 3526 animarum
3291 3470 3345 3525 in
3368 3485 3622 3540 corpora,

2040 3574 2096 3621 et
2128 3567 2274 3636 quod
2312 3568 2365 3621 in
2399 3567 2491 3621 illa
2527 3569 2821 3620 mittuntur
2874 3584 2888 3621 :
2941 3564 3209 3620 foramina
3249 3576 3402 3624 vero,
3463 3560 3622 3615 femi-

2040 3661 2230 3715 ninum
2257 3675 2447 3715 sexum
2471 3676 2535 3715 ac
2560 3660 2881 3715 muliebrem
2914 3678 2928 3714 :
2961 3659 3176 3731 plasten
3196 3670 3435 3727 quoque,
3465 3668 3620 3709 crea-

2040 3752 2231 3806 tricem
2267 3751 2362 3806 Dei
2395 3752 2718 3824 potentiam,
2750 3767 2875 3822 quae
2933 3765 3033 3820 pro
3075 3746 3445 3820 generationis
3475 3745 3617 3805 velo,

2040 3852 2229 3900 nostra
2254 3853 2416 3900 utens
2452 3855 2665 3909 natura,
2697 3843 3079 3915 inaspectabili
3102 3842 3316 3896 ratione
3342 3840 3490 3894 intus
3519 3853 3620 3892 nos

2040 3936 2281 3992 humana
2332 3937 2504 3994 forma
2536 3937 2761 4009 efﬁngit,
2805 3937 3112 3992 animarum
3136 3933 3459 3988 indumenta
3482 3945 3620 3985 con-

2039 4092 2214 4148 liastte
2242 4109 2404 4165 quem
2448 4093 2674 4165 adducit
2698 4092 2932 4165 Allatius
2957 4107 3148 4165 exgsuo
3170 4089 3380 4155 codice,
3413 4089 3620 4144 acerri-

2039 4180 2188 4224 mum
2219 4163 2282 4219 ac
2309 4165 2586 4219 eruditum
2629 4164 2888 4218 Methodii
2922 4163 3188 4217 vindicem
3226 4181 3238 4216 :
3281 4175 3442 4230 quem
3470 4169 3618 4214 certe

2037 4240 2251 4290 tantum
2286 4235 2538 4302 Origems
2581 4236 2981 4297 adversarium,
3008 4234 3283 4302 prtecipuo
3330 4232 3435 4284 hoc
3463 4230 3611 4302 illius

2037 4252 2251 4290 tantum
2286 4252 2378 4291 Ul'l
2420 4252 2538 4290 eius
2581 4252 2981 4297 adversarium,
3008 4252 3283 4302 prteclpllo
3330 4252 3435 4284 nnc
3463 4252 3611 4283 llllus

2035 4320 2226 4361 errore
2254 4252 2416 4361 haudg
2434 4308 2747 4377 putandum
2771 4314 2858 4360 est
2897 4305 2971 4358 ita
3010 4306 3295 4371 abreptum
3325 4316 3448 4366 esse
3480 4318 3492 4354 :
3527 4301 3614 4355 vel

2039 4377 2234 4432 saltem
2265 4375 2507 4433 fautores
2534 4375 2785 4442 Origenis
2818 4377 2894 4429 illi
2948 4390 3117 4429 ausos
3148 4387 3459 4442 aspergere,
3489 4386 3613 4442 cum

2041 4448 2226 4501 statim
2279 4446 2432 4502 fraus
2457 4463 2524 4502 ex
2578 4419 2808 4515 reliquis
2840 4446 2940 4498 viri
2997 4419 3474 4515 scriptisripgaqne
3510 4441 3614 4494 hac

2040 4516 2161 4585 ejus
2216 4518 2595 4588 lucubratione
2625 4513 2903 4588 prodenda
2943 4513 3486 4588 foretQHaeAeadem
3521 4527 3614 4565 ra-

2043 4583 2190 4644 tione
2226 4588 2523 4659 Gregorius
2557 4583 2869 4658 Tlieologus
2918 4588 2975 4641 t‘n
3016 4586 3225 4659 Christi
3274 4583 3525 4659 Natalem
3561 4591 3613 4659 et

2034 4669 2276 4714 sanctum
2311 4653 2538 4719 Fuso/ta.
2587 4653 2864 4713 hominem
2918 4667 3076 4713 vocat
3098 4655 3345 4727 οὐράνιον
3371 4655 3464 4708 καὶ
3490 4653 3613 4706 ἐπί-

2034 4747 2182 4798 γειον
2204 4728 2342 4802 ζῶον
2366 4732 2460 4784 καὶ
2492 4730 2688 4802 μικρὸν
2742 4730 2945 4802 κόσμον
2974 4749 2990 4762 ο
3037 4728 3330 4802 coeleste___et
3363 4734 3610 4779 terrestre

2035 4801 2241 4855 animal
2265 4818 2327 4855 ac
2353 4798 2573 4871 parvum
2595 4798 2858 4853 inundum’
2877 4814 2899 4871 ς
2919 4808 3150 4868 utraque
3169 4798 3380 4853 scilicet
3412 4804 3608 4871 natura

2033 4866 2397 4935 constantem,
2455 4888 2564 4941 qua
2626 4872 2742 4941 ipse
2795 4868 2970 4937 major
3020 4866 3260 4941 mundus
3313 4866 3602 4941 conflatur,

2033 4943 2268 5011 spiritali
2322 4950 2379 4998 et
2433 4936 2716 5012 corporea»
2742 4961 2772 5012 :A
2801 4936 2895 5012 qui
2940 4941 3055 5010 ipse
3084 4940 3320 4995 maxime
3352 4953 3490 5012 opus
3510 4936 3602 4999 sit,

2029 5008 2242 5067 ratione
2271 5013 2430 5079 cujus
2460 5008 2620 5082 usque
2652 5008 3005 5066 modoPatér
3032 5022 3299 5080 operatur,
3331 5008 3407 5082 uti
3423 5022 3606 5082 supra

2032 5083 2224 5138 citavit
2278 5077 2628 5138 Methodius:
2668 5099 2785 5138 non.
2807 5084 2923 5138 sola
2976 5077 3180 5150 argilla:
3211 5077 3469 5150 membris
3505 5081 3605 5131 hu-

2030 5155 2214 5210 manis
2232 5154 2626 5217 ell'ormatione,
2662 5156 2756 5209 sed
2793 5153 2966 5223 magis
2999 5147 3188 5216 animi,
3229 5150 3319 5220 qui
3347 5147 3436 5202 Dei
3466 5162 3607 5223 prof-

2030 5227 2209 5294 prium
2238 5241 2377 5294 opus
2409 5242 2473 5279 ac
2502 5224 2731 5284 fabrica.
2754 5220 2977 5279 noviin
3010 5223 3168 5277 finem
3201 5220 3604 5294 usquemunili,

2029 5292 2126 5365 per
2147 5292 2390 5366 singulas
2414 5296 2695 5350 hominum
2725 5295 3126 5362 generationes,
3156 5292 3417 5356 editione,
3457 5304 3490 5342 a
3519 5304 3607 5344 ses

2028 5382 2133 5436 que
2172 5368 2468 5422 creatione.
2497 5366 2788 5421 Constans.

2101 5437 2212 5508 (52)
2243 5438 2473 5504 ’Ἠτις...
2505 5433 3057 5508 ἀνθρωποπλαστεῖ.
3076 5431 3181 5508 _Sic
3215 5439 3268 5487 et
3294 5427 3605 5508 Possmnts.

2027 5500 2118 5561 Δι’
2145 5500 2429 5562 ΑΙΙθῑίυεέ
2464 5509 2586 5578 ἥτις
2611 5500 2779 5578 ἀἰτία
2817 5507 2916 5576 τῆς
2955 5503 3231 5578 ’γενέσεως
3271 5503 3443 5578 Δήμῶν
3468 5540 3484 5565 ,
3518 5500 3608 5578 ’ὡς

2027 5578 2185 5661 ἔφην,
2214 5581 2281 5661 τῇ
2317 5571 2812 5661 φύσειᾲρωμένης.
2847 5571 2995 5661 ἐστίν
3034 5593 3056 5657 ’θ
3084 5573 3221 5656 αῦτη
3264 5571 3479 5661 δὲξίσως
3508 5571 3606 5624 ἁν-

2026 5643 2461 5721 θρωποπλαστεῖ.
2496 5643 2682 5721 Neque
2746 5643 2918 5721 aliter
2956 5645 3086 5707 legit
3123 5645 3178 5721 in
3212 5643 3361 5721 eod:
3403 5643 3605 5721 ltlazar.

2026 5715 2204 5775 editor
2236 5720 2542 5789 Lupareus,
2576 5715 2797 5772 cutissis
2841 5715 3186 5770 solunnnodo
3232 5715 3289 5768 δὲ
3327 5715 3455 5778 ἴσως
3484 5718 3615 5783 post.

2026 5791 2183 5854 αὕτη.
2210 5790 2483 5845 Caussa.
