4140 6464
480 336 555 393 55
1431 335 1487 390 S.
1533 332 1864 390 METHODll
1906 331 2211 387 EPISCOPI
2254 332 2340 387 ET
2383 329 2745 387 MARTYRIS
3659 334 3731 391 56

480 451 735 506 ciunans.
766 450 866 517 Qui
892 450 1127 520 denique
1171 451 1346 504 lutum
1395 441 1753 522 argillamque
1802 466 2055 521 compor—

2157 467 2241 522 νη.
2272 451 2410 513 Τοὺς
2439 449 2496 502 δὲ
2523 448 2844 520 κομίζοντας
2874 447 2973 517 τὴν
3017 445 3149 518 ὓλην
3175 447 3269 500 τοῦ
3297 447 3490 518 πηλοῦ,
3523 448 3600 520 τῷ
3633 452 3730 504 ἀν-

478 549 619 601 tant,
656 557 833 596 mares
853 557 915 596 ac
941 544 1089 598 viros
1112 543 1418 613 exprimere
1445 544 1718 614 cogitandi
1749 546 1896 607 Sunt,
1925 557 2049 597 cum

481 632 559 685 illi
596 632 889 686 liberorum
932 640 1125 702 agente
1153 632 1245 687 siti
1287 632 1341 686 in
1365 635 1642 690 naturales
1671 633 1881 690 femina:
1906 648 2053 687 mea-

480 733 566 775 tus
590 737 772 777 semen
796 721 1075 790 injiciunt,
1127 722 1273 777 haud
1319 737 1481 779 secus
1510 738 1573 778 ac
1606 725 1681 778 illi
1726 724 1968 795 argillam
1996 724 2051 777 in

477 811 745 865 foramina
770 811 1091 881 important.
1130 811 1338 867 Semini
1392 814 1819 885 enim,quadam
1855 815 2053 870 divinae

472 904 761 959 creatricis
811 908 1090 976 potentiae,
1141 915 1199 960 ut
1252 907 1334 962 sic
1384 907 1588 973 dicam,
1638 910 2054 979 participatione

473 1010 724 1065 asperso,
756 996 900 1051 haud
926 997 1228 1068 imputandi
1277 1008 1646 1058 exmstuantes
1676 1001 1901 1072 impurae
1929 1002 2053 1057 libi-

471 1087 617 1142 (linis
647 1089 898 1144 ardores.
933 1090 1038 1143 Ars
1068 1105 1232 1159 porro
1257 1091 1312 1144 iu
1362 1091 1610 1161 subjecta
1661 1094 1764 1148 sibi
1801 1096 2052 1162 materia,

471 1180 620 1249 quod
653 1195 815 1234 suum
838 1191 941 1245 est,
976 1181 1107 1250 agit.
1139 1179 1353 1235 Nullam
1384 1198 1517 1238 vero
1552 1199 1664 1238 rem
1689 1199 1754 1237 ex
1779 1200 1839 1240 se
1864 1200 1928 1240 ac
1960 1202 2056 1255 per

471 1288 530 1326 se
555 1272 726 1343 ipsam
760 1272 956 1326 malam
988 1286 1129 1339 esse,
1165 1272 1589 1328 existimandum
1627 1284 1730 1336 est,
1765 1274 1860 1329 sed
1893 1276 2055 1332 talem

470 1364 588 1419 ﬁeri
613 1380 709 1435 per
739 1364 1082 1419 abutentium
1114 1366 1505 1433 operationem.
1534 1364 1772 1422 Honeste
1805 1368 2059 1424 videlicet

474 1464 531 1510 et
560 1463 714 1511 caste
745 1455 1008 1517 exhibita,
1065 1455 1295 1510 honesta
1319 1455 1538 1523 evadit;
1572 1458 1805 1526 turpiter
1847 1474 1979 1515 vero
2004 1467 2059 1515 et

469 1546 791 1602 indecenter
848 1546 1251 1610 administrata,
1307 1548 1489 1618 turpis
1537 1549 1615 1603 fit.
1678 1551 1739 1605 In
1779 1567 1887 1622 quo
1913 1553 2059 1607 enim

468 1642 612 1696 male
646 1640 843 1695 meruit
874 1640 1082 1694 ferrum
1114 1651 1342 1712 propter
1382 1642 1780 1712 agriculturam
1827 1652 1881 1699 et
1914 1651 2061 1700 artes

470 1732 771 1795 inventum,
797 1732 865 1787 de
895 1732 964 1787 iis
997 1733 1090 1803 qui
1116 1734 1183 1787 ad
1207 1742 1427 1790 mutuas
1453 1735 1584 1789 illud
1615 1735 1791 1790 caedes
1822 1738 2060 1791 acuunt?

468 1822 527 1877 In
560 1839 670 1893 quo
694 1837 889 1878 aurum
941 1833 1038 1878 aut
1069 1832 1376 1895 argentum,
1413 1832 1506 1879 aut
1550 1841 1646 1889 ωε,
1681 1835 1756 1889 et,
1801 1835 1859 1881 ut
1889 1829 2053 1883 verbo

469 1918 741 1987 colligam,
804 1916 987 1972 omnis
1046 1920 1271 1971 materia
1324 1926 1489 1989 atque
1540 1920 1780 1983 metalla,
1839 1919 1969 1974 dum
1995 1936 2054 1976 se

466 2010 654 2063 mollia
682 2009 928 2078 praebent
959 2022 1026 2063 ac
1087 2009 1416 2072 tractabilia,
1453 2009 1520 2063 de
1554 2008 1643 2064 his
1672 2012 1765 2081 qui
1822 2010 2052 2080 ingratis

466 2101 522 2154 in
556 2110 833 2157 auctorem
863 2115 1025 2156 suum
1079 2100 1302 2165 animis.
1352 2101 1407 2154 in
1436 2107 1650 2156 statuas
1682 2103 1832 2157 varie
1854 2101 2053 2157 distin-

465 2201 585 2246 (tas
614 2192 1055 2263 elformatasque.
1086 2193 1199 2247 haec
1228 2192 1506 2248 adoranda
1538 2195 1891 2264 proponunt?
1921 2194 2053 2250 Cer-

466 2292 522 2339 te
555 2284 602 2338 si
630 2284 755 2354 quis
789 2284 936 2339 furto
955 2283 1186 2355 quzesita
1218 2284 1421 2340 vellera
1459 2284 1708 2339 textrina:
1735 2286 2048 2355 praahuerit,

465 2375 524 2428 in
564 2390 732 2429 unum
766 2374 914 2429 hunc
943 2389 1168 2444 scopum
1224 2373 1449 2431 intuens
1508 2391 1618 2440 ars,
1669 2376 1816 2447 quod
1868 2378 2052 2446 subje-

466 2475 618 2522 ctum
648 2478 731 2522 est
764 2467 1086 2533 fabricatur,
1119 2477 1178 2523 ut
1226 2476 1560 2524 structuram
1606 2469 1878 2534 admittat,
1916 2470 2052 2525 nihil

467 2574 737 2630 respuens
771 2575 962 2616 eorum
992 2577 1115 2632 quas
1145 2562 1222 2616 illi
1255 2562 1322 2617 ad
1354 2578 1514 2617 usum
1551 2577 1710 2617 suum
1746 2572 1871 2632 apta
1894 2564 2051 2633 obje-

468 2661 559 2706 cta
614 2660 766 2708 sunt.
810 2651 956 2706 Nam
990 2669 1167 2725 neque
1219 2654 1364 2724 quod
1416 2653 1560 2710 furto
1597 2655 1834 2710 ablatum
1865 2665 1969 2720 est,
1994 2657 2049 2711 in

465 2744 676 2799 crimen
708 2745 1014 2800 vocandum
1069 2747 1162 2811 sit,
1211 2747 1415 2817 quippe
1468 2748 1788 2802 inanimum.
1844 2747 2052 2803 Lanam

469 2846 650 2907 Itaque
668 2836 953 2893 elaborare
988 2853 1053 2893 ac
1076 2840 1428 2905 concinnare,
1480 2839 1614 2894 nihil
1648 2839 1932 2910 prohibet;
1958 2840 2053 2910 qui

470 2942 598 2980 vero
634 2926 838 2996 injusta
867 2941 989 2982 eam
1034 2942 1198 2981 manu
1238 2927 1491 2998 furtoque
1526 2928 1773 2989 abstulit.
1809 2928 1854 2982 is
1888 2943 2053 2998 pmna

469 3019 804 3075 afﬁciendus.
836 3019 928 3074 Sic
948 3028 1296 3091 corruptores
1324 3022 1658 3091 nuptiarum,
1684 3036 1748 3075 ac
1794 3021 1888 3091 qui
1917 3035 2053 3075 con-

470 3112 647 3168 cinna:
675 3120 952 3183 castaeque
976 3113 1117 3177 vitae,
1150 3114 1297 3169 velut
1315 3114 1559 3178 citharae,
1586 3120 1791 3168 temere
1814 3112 2051 3167 chordas

470 3213 751 3276 rumpunt,
787 3205 1014 3261 ell'renes
1064 3204 1410 3261 inflammatae
1440 3205 1760 3276 cupiditatis
1788 3214 1960 3261 aestus
1991 3206 2047 3259 in

470 3297 737 3353 adulteria
769 3298 1036 3364 laxantes,
1061 3298 1166 3370 ipsi
1192 3296 1412 3369 quidem
1436 3296 1720 3352 cruciandi
1759 3296 2049 3366 puniendi-

470 3405 575 3459 que
596 3397 765 3445 sunt:
802 3401 1000 3446 nocent
1048 3390 1195 3446 enim
1244 3389 1506 3461 graviter,
1536 3403 1601 3443 ex
1644 3387 1838 3443 alienis
1871 3376 2048 3445 hortis

2151 542 2314 615 δρείῳ
2362 536 2457 596 καὶ
2501 540 2776 614 ἁρῤενικῷ
2808 539 3187 611 παραϐλητέον
3208 556 3222 570 ·
3256 541 3438 605 ὁπότε,
3467 541 3731 614 διψήσαν-

2151 654 2243 699 τες
2274 635 2498 699 τέκνων,
2534 638 2615 698 εἰς
2640 635 2769 698 τοὺς
2817 633 2959 687 κατὰ
3005 632 3165 702 φύσιν
3194 632 3294 702 τῆς
3324 632 3542 704 θηλείας
3572 652 3734 707 φερο-

2158 730 2353 801 μένους
2404 730 2605 800 πόρους
2651 726 3114 797 ὲγκαταϐάλλουσι
3159 724 3256 796 τὴν
3287 726 3512 797 σπορὰν,
3543 727 3732 801 ὥσπερ

2153 823 2315 875 κάκεῖ
2345 820 2435 873 τὸν
2469 819 2638 890 πηλὸν
2673 821 2751 883 είς
2793 817 2891 881 τὰς
2934 817 3094 881 όπάς.
3128 818 3288 882 Θείας
3336 818 3464 889 γὰρ,
3494 816 3570 880 ὡς
3603 817 3733 881 ἔπος

2154 915 2346 977 εἰπεῖν,
2386 912 2578 984 μοίρας
2628 912 2726 979 τῆς
2772 909 3167 981 δημιουργικῆς
3200 909 3262 964 τὸ
3294 910 3512 981 σπέρμα
3564 928 3731 982 μετα-

2154 999 2450 1072 λαμϐάνον,
2479 1001 2578 1054 οὑκ
2632 1001 2762 1055 αὑτὸ
2806 999 2975 1053 αἴτιον
3025 1000 3305 1069 νομιστέον
3330 997 3469 1054 εἶναι
3495 1000 3604 1053 τῶν
3633 999 3735 1070 τῆς

2155 1094 2449 1158 ἀκολασίας
2478 1093 2937 1162 ὑπεκκαυμάτων.
2956 1092 3018 1145 Ἡ
3047 1092 3144 1162 μὲν
3163 1091 3272 1163 γὰρ
3300 1091 3464 1163 τέχνη
3488 1092 3587 1163 τὴν
3610 1092 3738 1145 ὑπο-

2157 1185 2413 1257 κειμένην
2443 1184 2573 1255 ὓλην
2593 1186 2680 1238 ἀεὶ
2710 1184 3066 1237 τεκταίνεται.
3082 1184 3249 1237 Ούδὲν
3268 1184 3377 1255 γάρ
3402 1185 3588 1238 αὐτόθι
3610 1183 3732 1238 καθ’

2159 1277 2321 1330 ἑαυτὸ
2348 1276 2456 1329 τῶν
2486 1276 2819 1347 πραγμάτων
2844 1275 3074 1346 ἡγητέον
3100 1271 3239 1329 εἶναι
3267 1274 3455 1337 κακὸν,
3473 1274 3605 1328 ἀλλὰ
3630 1292 3737 1329 πα-

2163 1368 2231 1438 ρὰ
2260 1369 2358 1440 τὴν
2383 1368 2583 1439 πρᾶξιν
2614 1368 2722 1420 τῶν
2752 1368 3049 1438 χρωμένων
3078 1366 3297 1420 τοιῶσδε
3328 1366 3592 1435 γίνεσθαι.
3629 1368 3738 1418 Κο-

2161 1460 2334 1530 σμίως
2369 1460 2467 1529 μὲν
2493 1459 2602 1529 γὰρ
2637 1460 3005 1530 πραττόμενον
3042 1459 3136 1512 καὶ
3169 1460 3479 1530 σωςρρόνως,
3512 1458 3738 1528 κόσμιον

2160 1552 2374 1622 ἀπέϐη·
2405 1553 2644 1624 αἰσχρῶς
2675 1553 2731 1605 δὲ
2764 1554 2855 1606 καὶ
2886 1553 3230 1624 ἀσχημόνως,
3259 1554 3500 1624 αἰσχρόν.
3532 1554 3596 1606 Τί
3628 1552 3739 1624 γὰρ

2160 1643 2387 1714 ἠδίκησε
2433 1644 2648 1716 σίδηρος
2693 1646 3002 1715 γεωργικῆς
3035 1646 3195 1716 χάριν
3229 1646 3322 1699 καὶ
3347 1646 3550 1716 τεχνῶν
3577 1647 3737 1716 εὑρε-

2162 1734 2293 1798 θεὶς,
2325 1736 2448 1799 τοὺς
2477 1737 2557 1798 εἰς
2582 1735 2969 1805 ἀλληλοφόνους
3011 1738 3173 1791 αὑτὸν
3206 1737 3471 1809 θήξαντας
3521 1738 3734 1806 μάχας;

2086 1806 2126 1860 Β
2155 1826 2219 1877 Τί
2249 1827 2305 1879 δὲ
2338 1827 2538 1898 χρυσὸς
2582 1828 2615 1898 ἦ
2659 1827 2956 1898 ἇργυρος,ἢ
2996 1828 3213 1898 χαλκὸς,
3250 1806 3344 1883 καὶ
3370 1829 3667 1899 συλλήϐδην
3699 1832 3734 1900 ἡ

2154 1916 2483 1987 εύέργαστος
2528 1916 2718 1970 ἅπασα
2766 1918 2860 1987 γῆ,
2897 1919 3021 1980 τοὺς
3068 1918 3521 1989 πλημμελοῦντας
3546 1918 3740 1989 ἀχαρί-

2155 2026 2294 2072 στως
2331 2010 2410 2072 εἰς
2449 2009 2540 2061 τὸν
2576 2009 2835 2077 σφέτερον
2871 2009 3222 2081 δημιουργὸν,
3258 2012 3314 2062 ὲν
3345 2010 3421 2080 τῷ
3458 2008 3738 2079 παρατρέ-

2151 2100 2347 2154 πεσθαι
2375 2101 2444 2154 τὰ
2480 2101 2575 2154 ἀπ’
2604 2102 2783 2154 αὐτῶν
2819 2101 3202 2171 ποικιλλόμενα
3240 2102 3403 2172 βρέτη
3435 2100 3583 2171 (55);
3621 2098 3740 2153 Κᾶν

2150 2192 2259 2265 γάρ
2284 2193 2392 2247 ἀπὸ
2424 2193 2763 2263 κλεψιμαίων
2788 2196 2854 2264 τῇ
2893 2193 3162 2263 ὑφαντικῇ
3192 2193 3485 2264 παρέχοιτό
3508 2210 3591 2255 τις
3616 2192 3739 2262 ἔρια

2151 2287 2335 2359 τέχνῃ,
2371 2286 2510 2357 πρὸς
2563 2285 2620 2340 ἓν
2672 2287 2832 2357 μόνον
2864 2286 3244 2339 ἀποϐλέπουσα
3272 2284 3432 2338 τοῦτο
3474 2287 3508 2355 ἡ
3552 2284 3738 2353 τέχνη,

2150 2378 2471 2450 δημιουργεῖ
2514 2378 2613 2448 τὴν
2664 2378 3057 2447 ὑποκειμένην,
3095 2378 3142 2430 εἰ
3190 2373 3402 2439 δέξεται
3447 2376 3547 2445 τὴν
3575 2393 3743 2429 κατα-

2155 2470 2376 2542 σκευὴν,
2409 2470 2559 2523 οὐδὲν
2588 2470 2999 2540 ἀποϐαλλομένη
3048 2467 3156 2521 τῶν
3201 2470 3367 2538 ἑαυτῇ
3415 2468 3737 2538 χρησίμωνο

2152 2563 2274 2616 ἐπεὶ
2327 2562 2491 2633 μηδὲν
2530 2562 2704 2616 αἴτιόν
2737 2564 2885 2615 ἐστιν
2919 2560 3154 2615 ἐνταῦθα
3195 2560 3258 2612 τὸ
3302 2560 3504 2613 κλαπὲν
3538 2560 3742 2628 ἄψυχον

2151 2655 2233 2707 ὃν.
2269 2655 2360 2708 Διὸ
2405 2655 2469 2727 δὴ
2520 2656 2653 2708 αὑτὸ
2701 2655 2797 2726 μὲν
2830 2655 3125 2725 ἐργαστέον
3154 2653 3248 2707 καὶ
3281 2651 3581 2721 κοσμητέον
3606 2668 3620 2680 ·
3650 2650 3743 2703 τὸν

2152 2744 2208 2798 δὲ
2240 2745 2570 2815 ὑφελόμενον
2598 2745 2767 2815 ἀδίκῳ
2798 2746 2955 2817 φωρᾷ
2983 2744 3349 2815 τιμωρητέον.
3371 2742 3535 2811 Ἀτὰρ
3557 2741 3620 2812 δὴ
3644 2740 3743 2796 καὶ

2152 2838 2280 2899 τοὺς
2310 2836 2619 2907 δηλήμονας
2651 2836 2759 2887 τῶν
2788 2837 3004 2906 γάμων,
3038 2836 3131 2888 καὶ
3161 2835 3493 2906 διαρῤήκτας
3521 2833 3620 2903 τῆς
3652 2834 3742 2884 eo-

2153 2929 2457 2999 αρμοστίας
2489 2927 2581 2981 τοῦ
2617 2928 2733 2999 βίου
2776 2928 2882 2982 τῶν
2929 2926 3131 2999 χορδῶν
3193 2926 3626 2996 φλεγμαίνοντας
3661 2924 3742 2979 ot-

2156 3036 2325 3091 στρῳ,
2358 3021 2452 3073 καὶ
2499 3020 2597 3091 τὴν
2650 3019 2829 3092 ὄρεξιν
2877 3022 2958 3084 είς
3017 3019 3255 3090 μοιχείαν
3286 3017 3741 3087 ὲκκαλουμένους,

2154 3114 2352 3176 αὐτοὺς
2389 3113 2486 3184 μὲν
2527 3113 2879 3184 βασανιστέον
2925 3114 3019 3166 καὶ
3049 3111 3388 3183 τιμωρητέον
3413 3128 3426 3140 ·
3460 3111 3554 3164 ἀπ’
3584 3107 3743 3163 ἁλλο-

2153 3205 2320 3276 τρίων
2349 3205 2457 3278 γὰρ
2490 3207 2680 3277 κήπων
2712 3206 2811 3269 τὰς
2845 3205 3193 3274 παιδογόνους
3224 3204 3573 3274 λυμαίνονται
3614 3201 3743 3254 κλέ-

2155 3315 2379 3363 πτοντες
2408 3299 2723 3369 συμπλοκάς
2748 3316 2761 3329 ·
2790 3300 2888 3369 τὴν
2917 3299 2973 3351 δὲ
3011 3298 3240 3368 σπορὰν,
3278 3297 3466 3368 ὥσπερ
3496 3295 3560 3367 δὴ
3586 3294 3746 3349 κάκεῖ

2157 3390 2226 3444 τὰ
2258 3390 2400 3463 ἔρια,
2441 3392 2753 3464 μορφωτέον
2781 3393 2875 3445 καὶ
2906 3392 3205 3462 ψυχωτέον.

471 3497 823 3539 mconcessos
849 3484 1088 3539 Iurando
1112 3482 1664 3545 concubitus;semen
1693 3496 1820 3537 vero
1852 3482 2052 3552 ipsum,
2097 3484 2176 3538 uti
2241 3492 2296 3539 et
2328 3485 2439 3540 illic
2479 3486 2701 3551 vellera,
2745 3483 3097 3539 formandum
3144 3492 3229 3538 est
3293 3483 3587 3552 animaque
3644 3475 3745 3532 do-

470 3577 731 3633 nandum.

945 3720 1077 3775 Car.
1111 3718 1201 3774 Vl.
1239 3718 1420 3775 Etiam
1449 3719 1871 3774 adulterinarum
1903 3729 2154 3790 partuum
2191 3732 2324 3769 cura
2359 3714 2486 3779 Deo,
2530 3716 2594 3769 iis
2631 3715 2802 3785 angeli
2836 3722 3109 3767 curatores
3144 3712 3281 3766 dati.

543 3837 609 3891 Et
643 3838 776 3909 quid
807 3853 948 3909 opus
991 3847 1144 3893 tanta
1175 3839 1552 3909 exemplorum
1590 3839 1644 3893 vi
1683 3838 1885 3894 frustra
1931 3854 2052 3894 ser-

472 3946 688 3986 monem
720 3931 1048 4001 producere,
1100 3946 1227 3986 cum
1263 3932 1398 3988 satis
1436 3931 1642 4001 liqueat
1678 3929 1774 3985 Dei
1807 3930 2055 4001 profecto

471 4037 611 4092 Optts
662 4038 809 4086 esse,
865 4038 1161 4092 corporum
1205 4023 1583 4077 structuram?
1636 4020 1869 4088 Quando
1908 4021 2053 4075 enim

473 4122 669 4169 natura
700 4114 853 4171 brevi
901 4115 1039 4169 adeo
1074 4123 1338 4186 tempore,
1390 4114 1501 4170 nisi
1558 4113 1671 4169 Deo
1723 4114 2052 4183 adjutorium

474 4208 952 4273 subministrante,
980 4216 1197 4262 tantum
1230 4223 1370 4277 opus
1394 4206 1723 4277 perliceret?
1750 4205 1885 4272 Quis
1907 4192 2054 4261 enim

475 4299 880 4372 incompactam
915 4300 1191 4371 compegit
1213 4299 1423 4355 ossium
1456 4299 1867 4356 substantiam?
1917 4298 2056 4365 Quis

474 4408 605 4448 vero
636 4392 935 4463 colligavit,
962 4401 1023 4446 ut
1048 4392 1234 4447 nervis
1257 4391 1686 4447 extenderentur
1720 4407 1783 4445 ac
1809 4391 2057 4446 remitte-

2230 3836 2340 3888 Καὶ
2365 3836 2417 3888 τί
2441 3835 2523 3888 δεῖ
2544 3833 2947 3905 παραδείγμασι
2971 3831 3248 3893 τοσούτοις
3263 3829 3607 3902 κεχρημένην

2164 3926 2427 3998 μηκύνειν
2479 3926 2572 3978 τὸν
2622 3925 2821 3993 λόγον;
2858 3924 2992 3976 osse
3023 3923 3133 3991 γὰρ
3182 3921 3247 3974 ἂν
3299 3921 3473 3983 οὕτως
3498 3925 3554 3974 ὲν
3582 3923 3749 3995 όλίγῳ

2161 4020 2336 4092 χρόνῳ
2360 4018 2611 4072 τοσοῦτον
2636 4018 2741 4083 ἔξω
2771 4016 2922 4079 Θείας
2949 4015 3179 4086 κομιδῆς
3212 4013 3369 4085 ἔργον
3400 4014 3623 4085 ἐξήνυσε
3649 4015 3751 4085 φύ-

2161 4129 2266 4177 σις.
2296 4112 2392 4176 Τίς
2416 4111 2524 4182 γὰρ
2563 4110 2763 4162 ὀστέων
2804 4110 3047 4179 ἀπηκτον
3076 4107 3273 4179 ἔπηξεν
3304 4106 3489 4159 ούσίαν
3514 4124 3528 4173 ;
3561 4108 3657 4171 Τίς
3687 4107 3745 4161 δὲ

2162 4205 2420 4276 ξυνέδησε
2446 4202 2813 4255 ἐπιτείνεσθαι
2846 4198 3056 4272 νεύροις
3093 4206 3187 4253 καὶ
3219 4199 3465 4254 ἀνίεσθαι
3492 4199 3620 4270 περὶ
3648 4199 3746 4263 τὰς

2162 4297 2412 4370 ἁρμογὰς
2435 4295 2801 4365 καμπτόμενα
2819 4292 2885 4345 τά
2908 4292 3041 4363 μέλη
3065 4308 3080 4355 ;
3109 4292 3201 4356 Τίς
3221 4292 3263 4345 δ’
3281 4294 3585 4363 ὑπονόμους
3614 4308 3748 4345 κατ-

2165 4388 2428 4442 εσκεύασε
2489 4386 2567 4457 τῷ
2615 4387 2806 4456 αἵματι
2844 4425 2858 4447 ,
2912 4387 3005 4438 καὶ
3059 4384 3305 4456 μαλακὴν
3358 4385 3624 4457 ἀρτηρίαν
3669 4382 3747 4454 τῷ

474 4492 674 4542 rentur
701 4483 1081 4553 adjuncturas
1111 4494 1327 4539 artuum
1361 4485 1442 4541 sic
1476 4485 1720 4540 membra
1753 4482 2055 4538 ﬂectentia‘!

2164 4481 2438 4552 πνεύματι
2462 4498 2476 4547 ;
2504 4482 2572 4534 Ἢ
2606 4482 2687 4544 τίς
2720 4479 2876 4544 ἄλλος
2906 4480 3020 4549 (35)
3050 4477 3301 4549 ἐζύμωσε
3344 4480 3513 4549 χυμὸν
3554 4478 3749 4541 δεύσας

476 4571 615 4639 Quis
643 4571 932 4627 cuniculos
963 4571 1242 4643 sanguini,
1273 4572 1605 4644 mollemque
1646 4572 1864 4641 spiritui
1913 4580 2061 4626 arte-

474 4662 620 4717 riam
648 4663 1013 4732 prmparavit?
1047 4664 1153 4719 Aut
1203 4664 1330 4735 quis
1386 4664 1528 4719 alius
1589 4663 1877 4718 humorem
1926 4678 2060 4718 san-

480 4756 649 4826 guine
672 4755 966 4823 imbutum,
998 4773 1176 4828 exque
1210 4757 1344 4811 limo
1386 4758 1603 4812 mollem
1666 4756 1904 4827 palpam,
1958 4755 2062 4812 fer-

482 4855 669 4900 mento
700 4860 867 4915 prope
897 4846 1177 4915 dilatavit;
1211 4847 1318 4902 nisi
1361 4846 1515 4903 solus
1548 4861 1803 4902 summus
1834 4844 2059 4910 artifex.

479 4936 574 5007 qui
611 4939 792 4990 vivum
826 4953 928 4993 nos
971 4937 1638 5006 hominem,-rationalem
1693 4939 1782 4995 sui
1830 4937 2060 5010 eﬂigiem

548 5091 659 5165 (53)
682 5096 1120 5165 Ποικμλόμενα
1155 5092 1367 5165 βρέτη.
1424 5089 1642 5145 Variam
1678 5090 1980 5165 lectionem
2006 5088 2064 5143 in

475 5159 609 5219 voce
642 5159 1028 5235 ποικιλλόμενα
1056 5164 1172 5221 Vat.
1197 5159 1783 5235 eadfagnoscitdetiam
1804 5159 2060 5235 Atlatius.

478 5235 560 5307 Ad
585 5237 697 5289 inec
727 5230 1015 5291 Possiiiius
1046 5252 1146 5306 pro
1177 5236 1365 5307 βρέτη,
1392 5230 1950 5307 'fallgentihus‘oculis,
1975 5230 2060 5285 vel

479 5306 641 5359 etiam
669 5307 929 5378 illudente
950 5302 1153 5369 scriba,
1177 5302 1369 5378 ’βρέφη
1402 5304 1531 5378 legit
1548 5321 1565 5378 ξ
1600 5302 1746 5378 quod
1767 5310 1836 5378 et
1889 5316 2059 5378 cona-

480 5385 572 5431 tur
601 5377 846 5439 reddere,
882 5393 1009 5432 cum
1072 5381 1141 5433 sit
1172 5371 1376 5431 nullius
1426 5375 1514 5427 hic
1541 5371 1736 5444 frugis.
1767 5371 1889 5425 Non
1913 5374 2060 5425 enim

482 5448 698 5500 metalla
727 5455 1045 5502 enumerata
1090 5450 1227 5503 bene
1277 5447 1344 5501 ad
1386 5444 1587 5499 liberos
1635 5449 2057 5513 componantur,

482 5517 577 5571 sed
606 5517 672 5571 ad
701 5526 914 5571 statuas
939 5526 993 5572 et
1023 5520 1341 5577 simulacra,
1390 5530 1513 5584 qua:
1562 5515 1643 5571 sic
1668 5516 1816 5568 varia
1848 5528 1912 5566 ex
1958 5513 2065 5567 illis

481 5587 653 5640 Graeci
684 5588 913 5641 colenda
944 5589 1324 5650 etformahant,
1377 5586 1547 5641 invita
1580 5594 1795 5648 natura,
1834 5586 1886 5638 in
1928 5598 2061 5637 con-

483 5669 743 5727 temptum
806 5659 919 5712 Dei.
960 5657 1075 5712 Vox
1129 5674 1347 5729 quoque
1386 5656 1754 5727 πηλικωμένοι
1800 5658 1917 5726 ipsa
1949 5669 2059 5708 non

482 5731 618 5783 satis
656 5729 943 5789 Grmcamt
970 5729 1209 5797 undique
1234 5737 1435 5798 pateat,
1462 5743 1625 5781 unam
1657 5729 1921 5781 duntaxat
1940 5741 2058 5794 pro-

481 5800 661 5857 batam
697 5802 1006 5864 lectionem,
1040 5815 1202 5855 uuam
1249 5815 1314 5855 ex
1364 5799 1525 5852 Allat.
1551 5808 1603 5854 et
1645 5798 1778 5854 Μαι.
1816 5799 1939 5853 cod.
1966 5813 2053 5852 se-

2165 4574 2377 4643 αἵματι,
2412 4574 2506 4625 καὶ
2555 4568 2836 4641 μαλθακὴν
2884 4572 2947 4621 ὲκ
2996 4569 3121 4640 χοὸς
3173 4569 3385 4641 σάρκα;
3417 4569 3486 4621 Ἦ
3535 4569 3752 4638 μόνοςό

2164 4664 2553 4737 ἀριστοτέχνης
2580 4663 2679 4733 τὴν
2709 4660 3082 4730 λογικωτάτην
3111 4659 3297 4713 είκόνα
3338 4660 3432 4713 καὶ
3481 4658 3746 4729 ἔμψυχον,

2161 4759 2255 4814 τὸν
2288 4757 2595 4830 ἄνθρωπον,
2628 4757 2797 4827 ἡμᾶς,
2830 4752 3023 4807 ἑαυτοῦ
3052 4755 3487 4823 τεκταινόμενος,
3520 4751 3613 4804 καὶ
3648 4768 3748 4820 κη-

2166 4849 2485 4924 ροπλαστῶν
2518 4848 2579 4915 ἐξ
2609 4847 2793 4920 ὑγρῶν
2828 4848 2921 4901 καὶ
2954 4846 3304 4918 βραχυτάτων
3331 4844 3661 4917 σπερμάτων
3691 4844 3749 4895 ὲν

2172 4947 2389 5020 μήτρῃ
2440 4943 2535 5009 Τίς
2589 4943 2698 5014 γάρ
2736 4945 2883 4996 ἐστιν
2914 4944 2942 4994 ό
2976 4938 3426 5010 προμηθούμενος
3477 4935 3551 5006 μὴ
3609 4951 3750 5005 συμ-

2162 5115 2303 5172 quor
2333 5097 2641 5172 Conon-ns.

2239 5170 2350 5243 (54)
2387 5167 2811 5289 (ζίεχρτηιένην.
2854 5166 3019 5220 Allat.
3063 5173 3117 5220 et
3158 5161 3405 5225 Possim,
3460 5177 3751 5234 καταχρω-

2240 5260 2357 5289 νην.
2408 5255 2561 5289 jALL.

2240 5260 2357 5294 νην.
2387 5255 2561 5294 (ἀλιι,
3756 5272 3761 5293 μ

2611 5308 2819 5383 ἄλλος.
2855 5306 3100 5383 hfonstro
3135 5302 3375 5383 quodam
3411 5302 3582 5383 codex
3626 5301 3747 5383 Vat.

2165 5373 2355 5447 Ἦ“τίς
2378 5381 2512 5444 Θεός
2546 5373 2561 5411 ῖ
2594 5381 2738 5450 quod
2772 5373 2825 5432 et
2882 5373 3173 5450 Possinius
3203 5373 3473 5441 sequitur.
3523 5374 3747 5442 Accepi,

2163 5469 2272 5507 non
2299 5446 2359 5506 ut
2396 5467 2589 5505 novam
2612 5446 2929 5515 lectionem,
2962 5446 3057 5500 sed
3090 5454 3148 5500 ut
3173 5454 3383 5514 partem
3404 5452 3605 5505 textus,
3639 5459 3752 5513 quo

2172 5521 2624 5592 exponiturmira
2649 5522 2854 5575 fabrica
2884 5519 3109 5572 humani
3133 5517 3395 5595 corporis
3434 5533 3446 5567 :
3491 5514 3633 5595 quod
3661 5528 3751 5595 ex

2170 5586 2338 5664 parvo
2371 5595 2600 5647 humore
2650 5608 2735 5664 ac
2762 5605 2956 5664 spuma
2990 5587 3149 5656 quasi
3201 5586 3465 5664 fermento
3488 5586 3753 5638 dilatetur

2170 5657 2350 5719 iuassa
2382 5664 2656 5733 corporis,
2725 5657 2967 5715 iii-dura
3018 5674 3143 5712 ossa
3179 5673 3241 5710 ac.
3275 5657 3490 5733 mollem
3524 5671 3761 5729 carnem.

2162 5728 2559 5804 cruentumque
2590 5735 2869 5787 humorem
2896 5737 3236 5800 exporrecta.
3270 5728 3561 5782 (muneris.
