4140 6446
358 343 429 405 57
1420 336 1809 397 CONVlVlUM
1849 333 2079 391 DECEM
2119 331 2484 391 VlRGlNUM.
3555 335 3627 392 εκ

356 466 647 537 πνίγεσθαι
676 463 753 536 τῷ
785 462 936 536 ὑγρῷ
961 463 1052 518 καὶ
1075 466 1141 535 τῇ
1171 464 1366 535 συνοχῇ
1394 461 1502 515 τῶν
1531 461 1788 531 ἀγγείων,
1822 461 1935 512 ἐπι-

2045 454 2362 521 fabricatus,
2398 469 2463 509 ex
2498 448 2754 506 humanis
2801 449 3256 522 tenuissimisque
3289 452 3621 521 seminibus,

358 559 687 631 κλυζόμενον
719 558 827 610 ἔσω
849 556 910 610 τὸ
942 557 1207 629 ἕμϐρυονι
1234 557 1303 609 Ἢ
1325 554 1407 619 τίς
1439 557 1466 608 6
1503 554 1639 626 μετὰ
1666 553 1727 607 τὸ
1750 552 1939 623 λοχευ-

359 644 517 723 θῆναι
550 651 644 706 καὶ
673 651 753 714 είς
784 649 900 719 φῶς
932 648 1194 713 ἀνελθεῖν,
1229 650 1308 712 είς
1340 647 1571 719 μέγεθος
1615 646 1707 700 καὶ
1746 644 1940 709 κάλλος

360 746 456 799 καὶ
497 744 688 815 ῥώμην
720 742 777 809 ἐξ
808 740 1066 803 ἀσθενοῦς
1114 740 1207 793 καὶ
1254 739 1483 811 βραχέος
1528 737 1936 810 μεταϐάλλωνῆ

365 836 439 910 μὴ
482 818 646 900 αὐτὸς
691 830 842 898 οὗτος
884 835 911 885 6
945 832 1352 904 ἁριστοτέχνης,
1383 832 1458 896 ὡς
1500 830 1655 902 ἔφην,
1691 830 1842 895 Θεὸς,
1872 832 1937 902 τῇ

361 933 615 1002 ποιητικῇ
663 930 885 999 δυνάμει
937 927 1015 999 τῷ
1061 926 1281 999 Χριστῷ
1325 923 1813 998 μετασχηματίζων
1847 924 1940 977 καὶ

364 1021 807 1095 μεταζωγραφῶν
831 1019 930 1083 τὰς
976 1019 1149 1085 ἰδέας;
1184 1021 1205 1043 ⁶
1246 1017 1406 1070 Ὅθεν
1460 1016 1525 1087 δὴ
1555 1016 1648 1070 καὶ
1674 1014 1943 1086 τημελού-

359 1133 475 1188 χοις
502 1114 770 1182 ἀγγέλοις,
808 1112 910 1167 κᾶν
940 1114 1004 1166 ὲκ
1031 1111 1275 1184 μοιχείας
1299 1104 1399 1163 ὦσι
1423 1110 1490 1163 τὰ
1515 1109 1938 1179 ἁποτικτόμενα,

360 1204 744 1277 παραδίδοσθαι
794 1203 1210 1279 παρειλήφαμεν
1257 1203 1315 1255 ἐν
1352 1199 1730 1265 θεοπνεύστοις
1759 1199 1943 1271 γράμ-

361 1317 540 1373 μασιν.
576 1301 639 1354 ΕΞ
671 1300 780 1373 γὰρ
813 1298 963 1371 παρὰ
995 1297 1093 1369 τὴν
1143 1294 1371 1368 γνώμην
1424 1293 1664 1364 ἐγίνοντο
1710 1292 1805 1346 καὶ
1848 1292 1940 1345 τὸν

357 1394 557 1466 θεσμὸν
611 1394 710 1464 τῆς
742 1382 1018 1464 μακαρίας
1051 1390 1265 1462 ἐκείνης
1287 1389 1500 1460 φύσεως
1529 1388 1622 1441 τοῦ
1643 1386 1799 1451 Θεοῦ,
1825 1386 1941 1451 πῶς

354 1489 609 1558 ἀγγέλοις
655 1487 825 1541 ταῦτα
857 1484 1173 1557 παρεδίδοτο
1205 1481 1596 1555 τραφησόμενα
1631 1480 1770 1551 μετὰ
1811 1478 1940 1532 πολ-

353 1581 454 1650 λῆς
485 1579 846 1642 ἀναπαύσεως
880 1578 975 1631 καὶ
1009 1574 1324 1649 panthv-qq;
1356 1572 1480 1636 Πῶς
1502 1572 1557 1626 δὲ
1588 1573 1682 1626 καὶ
1705 1589 1942 1643 κατηγο-

359 1674 594 1744 ρήσοντα
616 1671 766 1742 σφῶν
793 1669 973 1726 αὐτῶν
996 1669 1124 1732 τοὺς
1147 1671 1324 1737 γονεῖς
1352 1666 1841 1738 εὐπαρῤησιάστως
1861 1667 1941 1728 εἰς

351 1762 414 1816 τὸ
461 1764 810 1834 δικαστήριον
864 1760 1187 1832 ὲκίκλησκον
1247 1759 1343 1813 τοῦ
1391 1757 1670 1830 Χριστοῠ;
1723 1758 1794 1811 Σὺ
1840 1758 1941 1810 οὐκ

2043 547 2275 603 velutex
2308 561 2455 608 cera,
2488 544 2545 598 in
2574 543 2733 597 vulva
2757 542 3002 614 ellingit?
3054 544 3135 599 Ad
3185 544 3348 615 cujus
3390 547 3536 601 enim
3569 547 3622 602 id

2043 654 2230 694 curam
2274 645 2506 708 spectat,
2548 651 2619 689 ne
2654 643 2767 688 tum
2802 634 3049 699 humido,
3100 644 3326 707 tumque
3367 639 3625 693 vasculo-

2042 746 2164 785 rum
2194 731 2464 802 angustiis
2499 728 2817 792 suﬂocetur,
2844 727 2994 781 intus
3028 728 3287 784 innatans
3316 737 3476 784 utero
3524 745 3624 799 ge-

2044 834 2223 880 status
2259 823 2616 893 imperfectus
2651 822 2828 878 fetus?
2856 821 2991 888 Quis
3021 837 3051 875 a
3083 829 3244 891 partu
3265 822 3377 890 jam
3411 822 3620 877 editum

2041 917 2208 987 inque
2260 918 2438 972 lucem
2475 924 2814 986 susceptum,
2854 916 2935 971 sic
2962 915 3291 970 imbecillem
3326 913 3620 984 exiguum—

2042 1026 2149 1080 que
2172 1009 2227 1064 in
2250 1010 2448 1064 molem
2483 1016 2538 1064 et
2565 1008 2796 1063 formam
2824 1024 2888 1062 ac
2920 1008 3090 1062 robur
3112 1007 3370 1062 idoneum
3419 1020 3620 1075 prove-

2042 1102 2158 1157 hit?
2191 1103 2298 1158 nisi
2336 1103 2423 1158 ille
2455 1103 2619 1166 idem,
2653 1112 2710 1156 ut
2735 1102 2872 1167 dixi,
2898 1117 3194 1173 supremus
3228 1098 3422 1154 artifex
3450 1096 3619 1166 Deus,

2040 1195 2306 1250 creatrice
2336 1195 2410 1258 vi,
2442 1194 2600 1264 quasi
2653 1194 2876 1249 Christo
2925 1192 3224 1262 exemplari
3281 1189 3484 1260 ﬁguras
3515 1188 3612 1242 du-

2040 1298 2172 1337 cens
2202 1292 2368 1354 atque
2405 1282 2473 1337 ad
2527 1284 2711 1339 vivum
2760 1283 2976 1353 species
3020 1279 3353 1352 depingens?
3381 1279 3537 1336 Unde
3567 1287 3622 1334 et

2039 1372 2372 1428 tutelaribus
2402 1372 2634 1443 angelis,
2668 1372 2834 1427 etiam
2893 1388 2958 1427 ex
3016 1372 3287 1427 adulterio
3335 1377 3622 1442 susceptas

2039 1465 2222 1535 proles
2259 1464 2658 1529 commendari,
2692 1480 2758 1520 ex
2791 1463 2995 1519 divinis
3041 1464 3244 1518 litteris
3280 1463 3617 1532 accepimus.

2043 1554 2101 1610 Si
2126 1555 2273 1610 enim
2307 1555 2475 1609 invita
2520 1558 2694 1612 beatae
2747 1556 2897 1611 illius
2947 1563 3178 1618 naturae,
3234 1554 3329 1611 Dei
3383 1555 3618 1620 scilicet,

2040 1650 2343 1713 voluntate,
2374 1658 2681 1721 praeterque
2708 1651 2829 1719 ejus
2857 1650 3147 1705 consilium
3169 1664 3233 1703 ac
3256 1649 3427 1719 legem
3480 1648 3619 1706 exsi-

2041 1749 2270 1806 sterent,
2292 1745 2569 1813 quomodo
2596 1742 2804 1814 angelis
2838 1742 3185 1797 traderentur
3214 1741 3412 1796 blande
3439 1740 3619 1796 admo-

352 1854 655 1926 ἐφθόνησας
728 1858 839 1926 μῖν,
871 1848 916 1906 ὦ
945 1831 1139 1925 Κύριε,
1168 1853 1230 1905 τὸ
1269 1852 1469 1915 κοινὸν,
1504 1850 1752 1919 λέγοντα,
1780 1848 1935 1903 τοῦτο

2040 1835 2169 1888 dum
2230 1849 2295 1890 ac
2338 1834 2683 1905 indulgenter
2735 1833 3076 1888 educandae?
3126 1831 3411 1899 Quomodo
3456 1833 3617 1886 etiam

355 1947 503 2017 φῶς·
539 1942 682 2001 οὗτοι
705 1947 762 1999 δὲ
795 1947 943 2017 ἡμᾶς
974 1947 1054 2007 εἰς
1092 1944 1321 1998 θάνατον
1366 1941 1629 2007 ἐξέθεντο,
1665 1958 1942 2012 καταφρο-

354 2041 617 2112 νήσαντες
654 2038 754 2109 τῆς
792 2039 893 2108 σῆς
937 2035 1292 2106 ἐντολῆς.Ἐκ
1324 2033 1433 2106 γὰρ
1463 2034 1721 2107 ἀκύμων,
1754 2036 1938 2105 φησὶν,

353 2129 564 2182 ὕπνων
594 2128 704 2199 (56)
734 2127 917 2181 τέκνα
956 2125 1299 2195 γεννώμενα
1340 2123 1638 2194 μάρτυρές
1683 2126 1800 2177 εἱσι
1836 2140 1941 2176 πο·-

351 2217 566 2285 νηρίας
613 2217 763 2273 κατὰ
802 2217 1027 2288 γονέων
1068 2218 1138 2270 ἐν
1177 2214 1489 2286 ἐξετασμῷ
1530 2214 1794 2271 πιθανῶν
1837 2216 1944 2270 λό-

351 2327 494 2380 των.

2036 1940 2167 1981 suos
2196 1926 2477 1995 genitores
2500 1932 2862 1992 accusaturus,
2893 1925 3062 1980 libere
3097 1924 3164 1978 ad
3190 1921 3399 1978 Christi
3436 1923 3619 1977 tribu-

2035 2018 2127 2073 nal
2157 2018 2428 2074 citarent?
2464 2017 2546 2072 Tu
2597 2017 2841 2089 quidem,
2897 2016 3148 2081 Domine,
3190 2018 3472 2088 inquiunt,
3506 2029 3621 2071 non

2036 2112 2281 2167 invidisti
2312 2111 2471 2166 nobis
2493 2127 2783 2166 commune
2810 2111 2916 2167 hoc
2958 2111 3175 2179 lumen;
3203 2111 3259 2166 hi
3302 2118 3484 2166 autem
3514 2125 3617 2166 nos

2037 2206 2094 2261 in
2128 2214 2358 2261 mortem
2391 2213 2792 2276 exposuerunt,
2829 2213 3144 2275 contempto
3178 2214 3275 2258 tuo
3334 2203 3616 2260 mandato.

2041 2296 2127 2352 Ea:
2148 2299 2441 2370 illegitimis
2471 2300 2615 2354 enim
2643 2300 2866 2365 somnis,
2900 2299 3098 2370 inquit,
3128 2298 3233 2368 ﬁlii
3260 2299 3350 2370 qui
3381 2315 3619 2354 nascun-

2039 2403 2146 2459 tur,
2180 2404 2334 2448 testes
2359 2403 2481 2448 sunt
2526 2394 2772 2465 nequitia:
2803 2392 3051 2449 adversus
3096 2402 3339 2464 parentes
3372 2410 3426 2448 ιη
3455 2394 3623 2449 inter-

2033 2489 2307 2558 rogatione
2333 2487 2766 2557 persuasibilium
2797 2503 3099 2542 sermonum
3122 2489 3188 2544 ³⁷.

621 2646 754 2703 Cap.
781 2646 897 2703 Vll.
928 2647 1124 2702 Anima
1155 2648 1442 2704 rationalis
1470 2650 1536 2702 ab
1559 2650 1675 2719 ipso
1699 2648 1829 2704 Deo.
1863 2648 2106 2708 Castitas
2136 2671 2241 2708 non
2279 2669 2388 2707 una
2417 2653 2575 2718 bona,
2608 2653 2708 2707 etsi
2734 2652 2920 2707 melior
2942 2660 2992 2707 et
3016 2651 3349 2710 honoratior.

356 2800 363 2805 η
420 2766 533 2821 Καὶ
559 2766 702 2839 τάχα
734 2769 831 2839 μὲν
863 2764 956 2823 οὖν
988 2769 1052 2842 δὴ
1096 2771 1279 2844 χώραν
1307 2771 1416 2836 ἓξει
1445 2771 1814 2843 πιθανολογῶν
1852 2791 1935 2838 τις

352 2864 411 2919 ἐν
457 2863 518 2917 οὐ
564 2868 832 2937 κριτικοῖς
873 2866 968 2921 καὶ
998 2860 1281 2939 φρονίμοίς
1312 2869 1559 2940 ἀνδράσι,
1593 2869 1683 2924 τὸν
1731 2869 1934 2941 χιτῶνα

351 2957 453 3028 τῆς
482 2957 659 3029 ψυχῆς
686 2958 778 3012 τὸν
809 2960 1064 3030 σάρκινον
1100 2961 1292 3015 τοῦτον
1334 2961 1444 3014 ὑπὸ
1489 2960 1794 3034 ἀνθρώπων
1841 2980 1936 3033 φυ-

349 3053 641 3125 τευόμενον
666 3055 934 3127 αὐτοματὶ
971 3054 1309 3128 μορφοῦσθαι
1338 3056 1490 3129 παρᾶ
1526 3056 1625 3128 τὴν
1658 3057 1931 3127 ἀπόφασιν

348 3146 444 3202 τοῦ
491 3147 625 3201 Θεοῦ
649 3165 664 3179 ’
701 3148 761 3202 οὐ
796 3147 901 3220 μὴν
934 3148 1035 3220 ἤδη
1069 3148 1180 3220 (57)
1212 3149 1306 3202 καὶ
1338 3150 1436 3221 τῆς
1464 3149 1641 3222 ψυχῆς
1668 3149 1765 3222 τὴν
1794 3150 1930 3205 ἀθά-

348 3258 508 3295 νατον
537 3240 725 3295 οὐσίαν
769 3241 906 3312 μετὰ
946 3240 1040 3294 τοῦ
1087 3240 1284 3313 θνητοῦ
1316 3242 1633 3313 σπείρεσθαι
1660 3242 1928 3300 διδάσκων

350 3334 774 3406 πιστευθήσεται
808 3333 1077 3407 σώματος.
1112 3335 1185 3389 Τὸ
1211 3339 1231 3358 ⁴
1256 3336 1363 3409 γὰρ
1393 3336 1657 3391 ἀθάνατον
1687 3337 1779 3391 καί
1803 3337 1935 3410 ἀγή-

353 3441 462 3498 ρων
506 3426 664 3497 μόνος
695 3429 724 3480 ό
757 3427 1159 3499 Παντοκράτωρ
1195 3429 1414 3498 ὲμῳυσᾷ
1454 3428 1605 3499 ἡμῖν,
1640 3428 1735 3482 καὶ⁸
1775 3427 1935 3500 μόνος

348 3517 458 3570 τῶν
485 3517 731 3590 ἀοράτων
753 3517 870 3570 ἐστὶ
897 3517 992 3571 καὶ
1015 3516 1319 3589 ἀνολέθρων
1343 3518 1592 3591 ποιητής.
1611 3519 1934 3587 Ἐνεφύση·

350 3621 426 3659 σε
470 3605 578 3676 γὰρ
611 3608 700 3671 εις
738 3606 802 3660 τό
833 3606 1158 3675 πρόσωπον
1184 3606 1371 3662 αὑτοῦ
1401 3607 1600 3675 πνοὴν
1628 3605 1797 3676 ζωῆς,
1834 3608 1933 3663 καὶ

350 3697 609 3769 ἐγένετο,
659 3700 844 3772 φησιν,
897 3703 930 3755 ὁ
972 3699 1282 3773 ἄνθρωπος
1333 3702 1419 3767 είς
1464 3700 1676 3770 ψυχὴν
1717 3699 1931 3761 ζῶσαν.

365 3791 584 3864 Ἀμέλει
625 3794 754 3856 τοὺς
798 3792 1145 3864 χειροτέχνας
1177 3791 1400 3856 τούτους
1441 3792 1771 3864 ἀντιώμενος
1794 3794 1822 3846 6
1847 3792 1937 3847 λό-

348 3902 465 3954 γος,
498 3885 592 3937 ἐπὶ
617 3884 763 3957 λύμῃ
788 3884 896 3938 τῶν
923 3884 1225 3958 ἀνθρώπων
1267 3884 1337 3939 τὰ
1378 3885 1723 3956 ἀνδροείκελα
1767 3902 1937 3940 κατα-

352 3976 714 4042 σκευάζοντας
741 3978 1052 4048 ἀγάλματα,
1084 3978 1186 4032 οὐκ
1218 3977 1514 4048 αἰσθόμενα
1540 3977 1631 4031 τὸν
1661 3977 1789 4032 ἴδιον
1816 3995 1937 4031 ποι-

350 4069 510 4141 ητὴν,
543 4071 601 4123 ὲν
632 4073 701 4141 τῇ
733 4070 1027 4143 παναρέτῳ
1050 4069 1220 4143 Σοφίᾳ
1254 4072 1423 4142 φησί·
1458 4072 1692 4139 Σποδύς
1730 4075 1768 4143 ἡ
1797 4090 1937 4143 καρ-

351 4160 453 4217 δία
479 4161 698 4228 αὐτῶν,
726 4161 825 4216 καὶ
852 4160 965 4233 γῆς
988 4162 1382 4232 εὐτελεστέρα
1422 4165 1462 4233 ἠ
1505 4164 1684 4231 ἐλπὶς
1714 4164 1933 4233 αὐτῶν,

352 4255 552 4323 πηλοῦ
592 4272 657 4309 τε
691 4257 1035 4325 ἀτιμότεςοος
1077 4259 1110 4311 ό
1141 4256 1284 4322 ,βίος
1315 4255 1541 4311 αὐτῶν·
1582 4256 1673 4310 ὅτι
1711 4257 1936 4328 ἠγνόη-

352 4364 475 4400 σαν
508 4346 613 4401 τὸν
641 4346 965 4402 πλώσαντα
988 4348 1231 4414 αὐτοὺς,
1253 4348 1353 4402 καὶ
1383 4348 1492 4404 τὸν
1513 4350 1938 4419 ἐμπνεύσαντα

354 4438 559 4505 αὐτοῖς
591 4439 803 4509 ψυχὴν
823 4440 1214 4512 ἐνεργοῦσαν,
1231 4441 1330 4495 καὶ
1357 4440 1801 4512 ἐμφυσήσαντα
1828 4444 1936 4497 αὐ-

354 4528 481 4595 τοῖς
498 4531 732 4602 πνεῦμα
757 4530 1018 4594 ζωτικόν.
1035 4526 1207 4591 Οὗτός
1237 4534 1356 4588 ἐστι
1386 4532 1606 4590 πάντων
1633 4531 1937 4607 ἀνθρώπων

2113 2774 2181 2829 Et
2214 2776 2395 2831 adhuc
2420 2775 2607 2831 locum
2638 2775 2863 2830 habebit
2896 2775 3098 2847 aliquis
3129 2776 3488 2847 probabiliter
3503 2775 3623 2833 disc

2041 2868 2268 2939 putandi
2304 2866 2451 2939 apud
2485 2867 2772 2938 imperitos
2836 2876 2889 2923 et
2941 2867 3336 2938 imprudentes,
3371 2868 3618 2924 tunicam

2043 2958 2183 3014 hanc
2208 2959 2402 3014 anima:
2445 2973 2725 3023 carneam,
2788 2958 2856 3012 ab
2898 2958 3217 3015 hominibus
3252 2969 3452 3025 satam,
3482 2976 3617 3016 casu

2040 3053 2267 3108 formari
2302 3060 2498 3123 praeter
2528 3052 2623 3108 Dei
2649 3051 3006 3119 sententiam;
3044 3052 3406 3110 immortalem
3433 3062 3618 3109 tamen

2037 3145 2203 3199 animi
2233 3145 2597 3201 substantiam
2644 3160 2769 3199 cum
2815 3146 3036 3200 mortali
3069 3161 3135 3201 ac
3172 3145 3352 3217 fragili
3388 3160 3619 3216 corpore

2036 3240 2297 3296 seminari
2339 3239 2434 3309 qui
2470 3240 2683 3303 doceat,
2733 3238 2890 3294 [idem
2918 3255 3030 3294 non
3075 3239 3398 3295 merebilur.
3459 3238 3618 3306 Quod

2034 3333 2178 3389 enim
2208 3332 2400 3387 mortis
2434 3332 2682 3401 seniique
2704 3346 2901 3402 expers
2936 3339 3041 3396 est,
3070 3333 3222 3387 solus
3246 3333 3432 3402 utique
3454 3332 3618 3387 nobis

2034 3425 2270 3496 inspirat
2297 3423 2677 3495 Omnipotens,
2724 3425 2989 3494 solusque
3028 3424 3385 3478 invisibiliutn
3432 3424 3619 3479 incor-

2035 3518 2486 3588 ruptibiliumque
2521 3525 2738 3572 creator
2765 3523 2867 3572 est.
2909 3516 3196 3587 Inspiravit
3218 3517 3386 3582 enim,
3412 3518 3615 3587 inquit,

2034 3612 2089 3665 in
2118 3610 2307 3680 faciem
2329 3611 2445 3680 ejus
2469 3611 2801 3681 spiraculum
2833 3612 2950 3666 vita:
2987 3627 3007 3664 :
3049 3619 3099 3666 et
3146 3611 3323 3681 factus
3354 3621 3431 3666 est
3461 3612 3616 3666 homo

2035 3704 2090 3757 in
2123 3703 2356 3755 animam
2382 3702 2633 3757 viventem
2661 3702 2725 3755 ’⁸.
2759 3702 3008 3772 Denique
3059 3702 3300 3755 artiﬁces
3358 3702 3483 3757 illos
3538 3702 3620 3756 in-

2036 3810 2271 3865 crepans
2303 3794 2609 3865 Scriptura,
2639 3795 2731 3865 qui
2759 3794 2827 3849 ad
2853 3794 3135 3849 hominum
3172 3793 3469 3864 perniciem
3512 3793 3619 3848 hu-

2036 3904 2195 3943 mana
2215 3890 2387 3943 l‘orma
2422 3895 2634 3945 statuas
2663 3889 3082 3951 concinnarent,
3119 3888 3271 3941 nullo
3299 3887 3420 3957 ejus
3448 3903 3615 3943 sensu

2035 3980 2313 4050 praeditas,
2366 3997 2476 4051 quo
2529 3990 2755 4035 auctore
2810 3979 2962 4044 ﬁant,
3017 3979 3073 4033 in
3126 3980 3267 4033 libro
3296 3978 3611 4050 Sapientiae.

2037 4073 2218 4130 omnis
2246 4074 2461 4129 scilicet
2507 4074 2732 4129 virtutis
2771 4072 3007 4138 ofﬁcina,
3047 4072 3124 4127 ait
3170 4092 3183 4127 :
3226 4071 3374 4128 Cinis
3416 4086 3497 4129 est
3527 4090 3618 4128 sor

2036 4183 2238 4232 eorum,
2269 4176 2318 4222 et
2353 4177 2495 4221 terra
2525 4182 2850 4238 supervacua
2880 4181 2994 4234 spes
3012 4180 3210 4230 eorum,
3246 4173 3296 4218 et
3319 4165 3430 4220 luto
3459 4166 3617 4220 uilior

2037 4262 2145 4313 vita
2175 4276 2358 4314 eorum
2377 4275 2396 4313 :
2428 4259 2680 4331 quoniam
2701 4258 3017 4329 ignorarunt
3046 4259 3139 4328 qui
3161 4274 3216 4313 se
3250 4258 3426 4327 ﬁnxit,
3455 4266 3506 4312 et
3525 4258 3617 4329 qui

2037 4353 2317 4425 inspiravit
2342 4353 2453 4408 illis
2480 4354 2715 4407 animam
2747 4367 2865 4422 qua:
2885 4359 3163 4420 operatur;
3206 4360 3253 4405 et
3278 4351 3368 4422 qui
3390 4351 3620 4422 insuma-

2037 4446 2111 4500 vit
2144 4448 2218 4498 eis
2239 4444 2480 4512 spiritum
2517 4439 2727 4494 vitalem
2747 4441 2812 4495 ”.
2836 4441 2935 4501 Hic
2953 4450 3279 4501 cunctorum
3331 4444 3616 4499 hominum

2039 4536 2294 4592 conditor
2318 4542 2426 4600 est,
2449 4534 2615 4592 Deus.
2644 4533 3070 4606 Proptereaqtie,
3110 4541 3171 4590 ut
3216 4536 3409 4591 scribit
3466 4535 3617 4606 Apo-

356 4621 606 4692 ποιητὴς,
646 4624 675 4676 6
721 4623 873 4687 Θεός.
896 4623 992 4679 Διὺ
1038 4626 1134 4681 καὶ
1151 4623 1383 4692 πάντας
1396 4622 1767 4693 ἀνθρώπους,
1795 4626 1935 4681 κατὰ

2041 4626 2241 4694 stolus,
2287 4624 2422 4680 'Vutt
2466 4643 2643 4682 omnes
2673 4628 2911 4682 homines
2938 4626 3113 4683 salvos
3149 4629 3291 4697 ﬁeri,
3316 4636 3366 4682 et
3383 4627 3452 4683 ad
3473 4630 3621 4698 agni-

354 4711 449 4766 τὸν
494 4713 833 4778 Ἀπόστολον,
874 4713 1162 4777 σώζεσθαι
1190 4714 1500 4781 βούλεται,
1538 4714 1638 4769 καὶ
1687 4717 1775 4782 εις
1801 4716 1932 4770 ἐπί-

357 4821 583 4876 γνωσιν
610 4806 897 4874 ἀληθείας
929 4807 1146 4866 ἐλθεῖν.
1181 4808 1292 4863 Καὶ
1340 4806 1528 4879 ἐπειδὴ
1575 4806 1734 4862 τοῦτο
1782 4808 1934 4879 μόλις

356 4897 509 4962 τέλος
544 4897 693 4970 ἔσχε,
726 4897 912 4952 λοιπὸν
939 4899 1003 4970 δὴ
1030 4899 1098 4953 τὰ
1133 4900 1271 4972 μετά
1289 4900 1460 4955 ταῦτα
1485 4899 1728 4955 λεκτέον.
1747 4900 1937 4955 Ὁπότ-

427 5075 473 5109 ²¹¹
502 5074 634 5147 Sap.
664 5092 739 5142 tv,
769 5075 824 5132 6.
900 5073 948 5108 ³⁸
975 5074 1103 5135 Gen.
1132 5077 1252 5142 il,7.
1274 5079 1330 5146 ,³³³
1363 5077 1493 5147 Sap.
1544 5095 1637 5147 xv,
1694 5079 1784 5147 10,
1841 5080 1929 5135 Η.

415 5243 529 5321 (56)
546 5244 801 5321 Ὗανων.
828 5241 917 5297 Sic
936 5242 1162 5313 etVulg.
1184 5250 1491 5321 emendata,
1516 5265 1766 5321 cumpro
1789 5270 1929 5311 sam-

362 5330 441 5367 ms
467 5316 770 5383 irrcpsisset
788 5329 987 5380 omnes,
1012 5324 1318 5370 urtestatur
1332 5316 1599 5380 Nobilius.
1624 5316 1919 5381 corruens.

428 5392 540 5470 (.51)
575 5394 659 5470 Qt‘:
681 5391 981 5470 pﬁr‘ﬁd‘n.
1019 5394 1250 5470 Planum
1293 5408 1675 5468 argumentum
1728 5401 1938 5457 Metho-

355 5461 452 5517 dii.
482 5461 637 5537 AEtsi_
685 5461 899 5537 admitti
940 5461 1118 5536 possit
1164 5461 1384 5537 corpus'
1400 5470 1482 5523 sic
1512 5486 1543 5524 a
1587 5480 1785 5527 natura
1823 5473 1935 5526 lor-

356 5532 520 5609 mari,
551 5533 708 5609 _velut_
730 5533 844 5590 fere
866 5535 921 5609 in
941 5532 1175 5607 reliquis
1205 5532 1600 5609 animantibus,
1642 5543 1692 5595 vi
1718 5543 1933 5599 sciiicet

2042 4714 2232 4771 tionem
2252 4720 2490 4773 veritatis
2512 4719 2681 4774 venire
2695 4719 2763 4773 ³⁰.
2790 4717 2855 4774 Et
2878 4719 3138 4791 quoniam
3157 4720 3260 4776 hoc
3285 4720 3373 4776 vix
3396 4719 3617 4775 tandem

2040 4818 2203 4878 caput
2236 4810 2636 4880 expedivimus,
2694 4827 2816 4882 quae
2866 4819 3170 4884 supersunt
3223 4812 3484 4882 deinceps
3530 4811 3622 4865 di-

2043 4899 2220 4954 cenda
2254 4908 2404 4955 sunt.
2437 4900 2541 4956 Ubi
2566 4902 2712 4957 enim
2743 4903 2870 4973 quis
2904 4918 3092 4958 eorum
3133 4918 3256 4973 quae
3285 4915 3351 4959 ex
3381 4902 3621 4958 humana

2005 5079 2051 5112 '°
2094 5077 2126 5133 1
2178 5077 2314 5133 Tim.
2353 5094 2418 5144 tt,
2474 5079 2530 5135 4.

2039 5261 2160 5337 ejus
2189 5263 2281 5333 qui
2306 5265 2372 5319 de
2403 5279 2633 5335 corpore
2660 5265 2734 5318 ita
2762 5267 2963 5332 sentit,
2998 5265 3154 5337 quasi
3200 5274 3393 5336 arguat
3412 5264 3623 5323 Metho-

2038 5333 2364 5408 dius‘unum
2388 5351 2456 5408 ex
2485 5333 2660 5392 altero
2685 5338 2840 5408 sequi
2863 5355 2877 5402 ;
2898 5333 3042 5408 quod
3066 5344 3213 5392 esset
3239 5333 3619 5406 argumentum

2038 5417 2070 5457 a
2109 5404 2306 5477 minori
2337 5405 2402 5477 a_d
2442 5408 2621 5477 majus
2640 5404 2929 5472 afﬁrmate,
2947 5408 3177 5477 proinde
3198 5404 3402 5463 nullius
3427 5423 3624 5466 conse-

2036 5476 2294 5547 quentiae.
2324 5475 2581 5547 iContra,
2637 5477 2767 5532 dato
2817 5475 2999 5547 priore
3050 5478 3319 5542 membro,
3387 5480 3619 5535 alterum

2034 5545 2187 5618 nulla
2218 5546 2620 5618 probabilitatis
2658 5545 2841 5617 specie
2872 5549 2993 5603 dari
3049 5563 3214 5618 posse
3248 5557 3342 5603 aut
3384 5549 3621 5615 admitti,

358 5600 596 5689 seminis
627 5604 746 5689 fide
790 5607 974 5689 animo
998 5600 1177 5689 tamen
1214 5611 1416 5689 qui_sit
1434 5600 1930 5689 “ininiortalis,gqui
2031 5600 2253 5686 ex,ipsa
2285 5618 2363 5671 rei
2398 5600 3622 5689 ίηάσιεὶενίῑιὶείίρῐἱοὲίέςὲὲίέίρίιῐίτεέἷᾷἱὶὸὶὶ

355 5674 755 5755 όίρᾳιηηιεμεηι
788 5675 946 5755 [ideui
982 5680 1202 5755 mereri,
1230 5674 1334 5736 sed
1368 5696 1399 5735 a
1431 5680 1541 5755 Deo
1569 5674 1928 5755 ἀμέσωςιίὸιοὶ

357 5754 411 5825 et
434 5744 572 5825 dari.
601 5743 890 5825 Possinius
913 5754 1119 5825 tamen,
1150 5751 1502 5825 interrogate
1529 5743 1733 5825 leg'ens.
1768 5743 1819 5811 id
1844 5756 1927 5809 af-

359 5815 537 5909 ﬁrmat
568 5816 711 5886 quod
747 5829 908 5889 negat
950 5817 1258 5879 Methodius
1296 5840 1309 5878 :
1363 5815 1676 5896 quanquam
1723 5842 1790 5882 ex
1822 5827 1925 5885 [ide

2037 5689 2227 5756 utique
2258 5688 2442 5758 gravis
2487 5688 2729 5756 theologi
2785 5696 2891 5745 est.
2936 5688 3092 5758 Apud
3144 5689 3403 5745 Allatiutn
3454 5688 3622 5747 etiam

2036 5758 2302 5833 particula
2334 5759 2732 5833 non_obrepsit,
2781 5760 2978 5833 mendo
3018 5768 3076 5813 ιιι
3125 5760 3338 5815 videtur
3363 5768 3627 5833 typogra‘

2030 5828 2222 5898 phico;
2243 5844 2349 5901 qua
2377 5828 2648 5902 submota,
2675 5829 2859 5887 omnia
2879 5838 3154 5888 constant.
3184 5833 3273 5890 in.
