4140 6414
533 270 604 327 [9
1478 275 1535 330 S.
1579 274 1910 332 METHODII
1949 275 2261 333 EPISCOPI
2298 276 2385 331 ET
2422 276 2783 335 MARTYRlS
3707 284 3776 340 60

526 400 741 447 ratione
779 391 985 446 homini
1031 392 1309 460 accidunt,
1349 397 1845 452 considerationem
1895 406 2072 452 natur:

2192 416 2257 453 αν
2310 399 2418 471 γάρ
2465 418 2547 464 τις
2591 398 2688 471 τὴν
2741 397 2972 470 θεωρίαν
3016 398 3121 452 τῶν
3173 398 3315 455 κατά
3358 400 3451 455 τὸν
3492 402 3778 477 ἄνθρωπον

524 482 667 539 duce
700 484 986 555 diligenter
1007 484 1283 552 didicerit,
1305 502 1437 543 sane
1472 490 1686 544 noverit
1716 489 1860 543 haud
1894 490 2097 544 abomi-

521 577 760 631 nandam
785 577 1077 632 liberorum
1111 582 1569 648 procreationem,
1608 598 1732 636 cum
1794 591 1974 636 tamen
2005 596 2096 636 ca-

522 668 782 724 Stimonia
812 669 1006 737 majori
1041 670 1201 726 laude
1230 681 1393 742 atque
1416 674 1623 727 honore
1656 674 1965 727 coronanda
2000 675 2094 729 sit.

517 752 706 824 Neque
744 757 889 811 enim
941 774 1006 813 eo
1035 760 1181 829 quod
1236 764 1343 817 mel
1389 765 1602 819 caeteris
1646 764 1863 819 dulcius
1895 772 1978 819 est
2027 779 2093 818 ac

518 847 763 912 Suavius,
787 850 1051 903 continuo
1080 852 1286 921 reliqua
1319 869 1504 908 amara
1525 865 1782 925 reputare
1806 855 2088 920 convenit,

514 954 857 1010 quacunque
888 943 940 995 in
967 942 1235 999 fructibus
1260 945 1490 1013 jucunali
1523 948 1737 1018 saporis
1751 957 1960 1018 partem
1991 948 2091 1001 aii-

513 1046 679 1100 quam
741 1046 770 1085 a
822 1042 1019 1087 natura
1066 1035 1259 1089 sortita
1305 1044 1450 1089 sunt.
1506 1036 1571 1090 Et
1628 1038 1823 1093 horum
1868 1039 2088 1108 quidem

514 1122 771 1178 idoneum
814 1135 1006 1181 testem
1062 1127 1430 1197 producemus
1481 1129 1737 1195 Paulum,
1799 1133 1958 1201 cujus
1997 1133 2087 1187 illa

515 1225 645 1270 sunt
675 1234 687 1270 :
722 1217 826 1282 Qui
859 1221 1195 1273 matrimonio
1224 1221 1403 1291 jungit
1438 1224 1687 1293 virginem
1736 1242 1913 1287 suam,
1961 1225 2088 1280 bene

513 1308 680 1376 facit;
710 1319 758 1363 et
776 1311 865 1380 qui
883 1328 983 1365 non
1000 1312 1199 1382 jungit,
1228 1315 1414 1368 melius
1439 1315 1567 1385 facit
1589 1318 1653 1371 ³¹.
1678 1317 1793 1371 Non
1817 1319 1962 1373 enim
1985 1320 2089 1374 sci-

511 1400 638 1454 licet
680 1400 734 1453 id
768 1404 1123 1473 proponendo
1167 1406 1312 1473 quod
1356 1407 1554 1463 melius
1604 1425 1669 1464 ac
1712 1410 1928 1465 dulcius
1978 1418 2084 1477 est,

511 1496 657 1549 aliud
690 1497 914 1552 omnino
950 1495 1233 1567 Scriptura
1266 1501 1543 1555 sublatum
1586 1504 1786 1570 voluit;
1834 1505 1929 1559 sed
1961 1507 2089 1560 uni-

511 1585 711 1653 cuique
739 1587 884 1653 quod
916 1590 1196 1657 pr0prium
1225 1598 1309 1645 est
1340 1607 1405 1646 ac
1432 1592 1584 1653 utile,
1611 1594 1961 1649 tribuendum
1990 1597 2086 1652 de-

510 1677 707 1730 cernit.
746 1675 882 1730 Sunt
903 1679 1104 1747 quibus
1138 1683 1381 1735 nuudum
1416 1684 1693 1737 concessit
1727 1688 1889 1754 potiri
1921 1687 2086 1759 virgi-

2198 492 2602 564 συμϐαινόντων
2646 492 2785 546 κατά
2831 493 2991 562 φύσιν
3029 493 3271 564 ἀκριϐῶς
3301 496 3537 570 ἐκμάθῃ,
3573 498 3775 555 εἴσεται

2200 584 2273 657 μὴ
2311 583 2689 655 βδελύσσεσθαι
2732 584 3105 638 παιδοποιίαν·
3138 588 3377 639 ἐπαινεῖν
3416 588 3471 641 δὲ
3515 590 3607 642 xui
3640 608 3774 661 προ-

2192 676 2358 745 τιμᾷν
2393 676 2633 744 ἁγνείαν.
2668 675 2800 729 Οὐδὲ
2846 675 2973 747 γὰρ,
3014 676 3201 748 ἐπειδὴ
3240 677 3350 730 τῶν
3388 678 3560 732 ἄλλων
3588 681 3779 751 ἡδύτε·

2195 766 2288 837 ρόν
2327 768 2441 820 ὲστι
2491 769 2583 821 xui
2635 768 3063 840 προσηνέσι-ερον
3112 770 3172 822 τὸ
3221 770 3362 841 μέλι,
3391 771 3459 823 τὰ
3504 772 3667 826 λοιπά
3709 774 3773 847 δὴ

2191 855 2363 928 ταύτῃ
2393 856 2706 927 νομίζεσθαι
2741 859 3005 928 προσήκει
3041 859 3233 930 πικρὰ,
3276 860 3449 913 ὁπόσα
3489 861 3551 932 δὴ
3582 865 3648 932 τῇ
3681 865 3774 933 ἐμ-

2193 948 2345 1019 φὺτῳ
2374 948 2644 1019 γλυκασία
2673 948 3000 1019 κεκέρασται
3040 949 3150 1002 τῶν
3169 951 3627 1022 ἀκροδρύων.Καὶ
3654 953 3776 1005 τού-

2189 1057 2297 1093 των
2349 1041 2447 1111 μὲν
2496 1041 2753 1111 ἐχέγγυον
2801 1043 3054 1113 μάρτυρα
3085 1042 3392 1113 παρέξομαι
3422 1044 3513 1097 τὸν
3542 1042 3771 1109 Παῦλον,

2193 1131 2368 1183 Ὥστε
2393 1131 2490 1184 καὶ
2520 1135 2551 1183 ό
2581 1131 2850 1199 γαμίζων,
2874 1131 3123 1199 λέγοντα,
3154 1131 3267 1199 τὴν
3305 1133 3522 1185 ἑαυτοῦ
3560 1132 3775 1201 παρθέ-

2188 1241 2318 1287 νον,
2341 1222 2537 1289 καλῶς
2554 1223 2734 1275 ποιεῖ·
2756 1224 2849 1275 καὶ
2876 1223 3002 1292 ὁμὴ
3027 1222 3276 1294 γαμίζων
3292 1224 3579 1291 κρεῖσσον
3595 1226 3769 1283 ποιεῖ.

2190 1317 2264 1368 οὐ
2298 1315 2404 1387 γὰρ
2440 1316 2504 1386 δὴ
2535 1318 2600 1386 τῇ
2628 1315 2721 1368 τοῦ
2752 1316 3060 1386 κρείττονος
3089 1317 3182 1370 xui
3219 1316 3553 1388 γλυκυτέρου
3596 1335 3772 1388 παρα-

2188 1404 2333 1459 θέσει
2378 1407 2439 1458 τὸ
2487 1407 2672 1477 ἕτερον
2718 1406 2923 1459 ἀνεῖλεν
2953 1408 3328 1478 ἀπαγορεῦσαι
3370 1410 3398 1461 6
3421 1408 3577 1474 λόγος
3605 1425 3619 1438 ·
3651 1408 3766 1461 ἀλλ’

2187 1496 2399 1566 ἑκάστῳ
2422 1497 2482 1549 τὸ
2510 1498 2704 1549 οἰκεῖον
2732 1497 2825 1549 xui
2854 1496 3128 1559 λυσιτελὲς
3159 1497 3453 1566 ἀπονέμειν
3479 1497 3769 1568 διαθεσμο-

2186 1587 2347 1641 θετεῖ.
2381 1588 2505 1651 Τοῖς
2555 1590 2652 1659 μὲν
2702 1589 2809 1660 γὰρ
2855 1589 3064 1641 οὐδέπω
3097 1588 3439 1659 συνεχώρησε
3474 1588 3770 1659 παρθενίας

2184 1683 2365 1749 τυχεῖν
2387 1697 2400 1709 ·
2432 1683 2557 1744 τοὺς
2603 1680 2658 1733 δὲ
2706 1682 2888 1734 οὐκέτι
2922 1680 3168 1750 βούλεται
3200 1680 3515 1752 χραίνεσθαι
3563 1696 3768 1748 φοινισ-

507 1770 677 1824 nitate
715 1789 726 1822 :
761 1779 891 1825 sunt
931 1788 1073 1841 quos
1115 1790 1228 1828 non
1262 1778 1497 1844 amplius
1522 1778 1924 1835 titillationibus
1958 1797 2072 1835 eru-

2188 1772 2444 1841 σομένους
2470 1771 2798 1841 ἐρεθισμοῖς,
2844 1772 2977 1825 ἀλλά
3010 1773 3236 1842 μελετᾷν
3289 1770 3616 1824 ἀπεντεῦθεν
3664 1770 3762 1841 ἤδη

506 1860 792 1917 bescentes
816 1864 1089 1933 inquinari
1114 1868 1399 1936 permittit,
1427 1869 1642 1936 sedjam
1665 1871 1789 1927 inde
1806 1874 2077 1940 meditari,

504 1956 871 2027 deincepsque
899 1960 1141 2030 cogitare
1172 1963 1308 2027 vult,
1340 1965 1600 2034 angelicae
1636 1967 1890 2035 puritatis
1910 1984 2080 2024 :rmu-

501 2045 608 2103 lam
644 2064 935 2119 corporum
980 2052 1553 2122 transformatiouem;
1590 2057 1680 2110 ubi
1714 2057 1869 2126 juxta
1911 2075 2077 2114 verax

499 2135 714 2193 Domini
748 2142 1031 2195 oraculum
1062 2160 1074 2195 :
1111 2140 1233 2196 Non
1262 2143 1482 2207 nubunt,
1521 2162 1679 2216 neque
1702 2147 1970 2201 nubuntur
2006 2150 2072 2205 ³³.

496 2229 953 2302 Quandoquidem
997 2250 1108 2288 non
1154 2236 1410 2291 omnibus
1462 2238 1929 2296 incontaminatus
1958 2241 2071 2306 ille,

493 2329 553 2375 et
584 2338 693 2391 quo
717 2340 941 2394 regnum
975 2327 1238 2381 etelorum
1266 2329 1572 2396 praebeatur
1593 2330 1659 2393 ³³,
1678 2332 2075 2390 eunuchismus

496 2415 744 2467 creditur
778 2433 791 2469 :
825 2415 921 2469 sed
952 2416 1061 2470 illis
1091 2415 1378 2482 duntaxat,
1422 2420 1515 2488 qui
1571 2428 1624 2473 et
1655 2435 1871 2491 semper
1900 2424 2077 2478 viren-

495 2513 605 2561 tem
658 2515 712 2563 et
760 2509 1246 2567 incontaminatum
1301 2514 1635 2583 virginitatis
1669 2515 1854 2571 ﬂorem
1892 2517 2077 2571 valent

495 2613 734 2654 scrvare.
764 2600 1182 2659 Florentissimo
1222 2606 1367 2660 enim
1412 2615 1466 2660 et
1514 2608 1752 2662 maxime
1796 2608 2076 2678 variegato

492 2696 649 2760 prato
677 2695 982 2762 comparari
1005 2695 1305 2751 Ecclesiam
1354 2697 1519 2752 habet
1557 2698 1910 2768 propheticus
1956 2716 2076 2757 ser-

490 2794 601 2841 ino,
636 2797 743 2836 non
768 2784 929 2838 modo
964 2786 1293 2856 virginitatis
1319 2788 1637 2843 distinctam
1666 2798 1719 2844 et
1751 2800 2071 2846 coronatam

491 2868 740 2937 ﬂoribus,
765 2877 860 2931 sed
888 2885 943 2932 et
969 2878 1213 2950 conjugii
1249 2887 1303 2934 ct
1326 2883 1703 2936 continentiae.
1755 2881 1820 2935 In
1844 2883 2071 2953 ﬁm‘briis

487 2967 637 3020 enim
669 2969 844 3023 aureis
887 2973 1159 3041 variegata
1213 2981 1355 3026 astat
1391 2973 1572 3043 regina
1606 2990 1637 3027 a
1670 2976 1870 3029 dextris
1902 2991 2071 3045 spon-

484 3058 536 3113 si
569 3057 634 3113 ".

557 3149 683 3206 Haac
728 3153 827 3208 tibi
876 3172 977 3225 pro
1016 3157 1224 3213 viribus
1253 3175 1353 3229 ego
1387 3159 1543 3223 meis,
1574 3174 1607 3213 ο
1632 3159 1812 3224 Arete,
1844 3159 2068 3217 confero

487 3240 556 3295 ad
607 3253 920 3315 susceptum
982 3264 1082 3318 pro
1133 3250 1362 3305 veritate
1407 3250 2071 3317 Sermonem.—-Quibus

480 3348 515 3387 a
548 3333 848 3406 Theophila
881 3339 1065 3408 dictis,
1098 3343 1216 3399 lene
1248 3360 1278 3397 a
1311 3344 1531 3398 cunctis
1568 3343 1878 3415 virginibus
1901 3345 2072 3400 exsti-

480 3425 616 3482 tisse
648 3445 897 3485 murmur
927 3436 1187 3490 narrabat
1229 3434 1561 3506 TheOpatra,
1604 3437 1713 3491 illis
1762 3453 2069 3493 sermonem

479 3518 850 3580 laudantibus.
886 3524 989 3580 Ubi
1021 3535 1204 3582 autem
1237 3544 1505 3584 susurrus
1538 3529 1763 3599 quievit,
1796 3536 1921 3599 post
1950 3530 2072 3583 lon-

474 3627 607 3683 gum
650 3617 950 3684 silentium,
1005 3621 1382 3676 assurrexisse
1430 3620 1682 3676 Thaliam
1740 3623 1811 3692 (ei
1868 3623 2068 3693 quippe

478 3706 646 3760 tertio
693 3709 813 3764 loco
867 3712 1184 3765 mandatum
1228 3721 1347 3766 erat
1389 3721 1514 3783 post
1542 3712 1900 3785 Theophilam
1935 3730 2067 3770 con-

478 3800 740 3872 certare).
792 3800 868 3857 Ea
924 3802 1093 3873 igitur
1124 3819 1361 3861 seouens
1414 3806 1543 3860 hinc
1583 3814 1638 3861 et
1701 3812 1822 3877 Ipsa
1870 3822 2067 3863 exorsa

476 3896 584 3945 est.

910 4121 1369 4215 ORATIO
1448 4125 1638 4213 ΙΙΙ.

1128 4275 1405 4331 THALIA.

2096 3092 2144 3154 C

2184 1864 2277 1917 xui
2303 1862 2665 1932 φαντάζεσθαι
2701 1863 2799 1934 τὴν
2841 1864 3122 1931 ίσάγγελον
3158 1862 3632 1933 μεταστοιχείωσιν
3658 1863 3767 1917 τῶν

2184 1957 2448 2027 σωμάτων
2473 1973 2485 1985 ·
2514 1955 2639 2009 ἔνθα
2666 1957 2806 2009 οὔτε
2838 1956 3154 2025 γαμοῦσιν,
3180 1956 3317 2008 οὔτε
3345 1956 3761 2024 γαμίσκονται,

2178 2049 2316 2102 κατὰ
2350 2050 2476 2113 τους
2516 2048 2763 2117 ἀψευδεῖς
2792 2048 2887 2101 τοῦ
2927 2048 3129 2119 Κυρίου
3160 2048 3469 2118 χρησμούς·
3503 2049 3621 2101 ἐπεὶ
3663 2064 3766 2118 μη-

2176 2141 2232 2195 δὲ
2261 2143 2425 2195 πᾶσιν
2452 2143 2480 2193 ὁ
2508 2140 2808 2211 ἀμόλυντος
2841 2142 2933 2193 xui
2963 2140 3290 2211 παρεκτικὸς
3342 2141 3440 2210 τῆς
3490 2140 3765 2209 βασιλείας

2175 2232 2282 2285 τῶν
2315 2232 2557 2304 οὐρανῶν
2586 2233 2933 2303 εὐνουχισμὸς
2964 2231 3346 2303 ὲμπιστεὺεται
3366 2248 3379 2261 ·
3411 2232 3546 2284 ἀλλὰ
3583 2232 3765 2302 μόνοις

2177 2324 2417 2393 δηλονότι
2452 2327 2563 2387 τοῖς
2606 2326 2700 2378 καὶ
2727 2325 3045 2395 δυναμένοις
3079 2325 3139 2376 τὸ
3177 2324 3423 2387 ἀειθαλὲς
3456 2324 3636 2388 ἄνθος,
3668 2324 3763 2378 xui

2177 2414 2443 2486 ἄχραντον
2488 2415 2587 2484 τῆς
2632 2415 2928 2486 παρθενίας
2959 2414 3607 2485 τηρῆσαι.Ἃνθηροτάτῳ
3653 2413 3763 2487 γὰρ

2177 2509 2271 2559 xui
2304 2506 2681 2577 ποικιλωτάτῳ
2723 2506 2950 2576 λειμῶνι
3001 2504 3391 2569 ἀπεικάζεσθαι
3436 2507 3590 2575 λόγος
3647 2506 3761 2576 ἔχει

2176 2597 2514 2669 προφητικὸς
2541 2598 2642 2668 τὴν
2670 2598 3012 2669 Ἐκκλησίαν,
3031 2599 3087 2650 οὐ
3114 2598 3270 2668 μόνον
3291 2600 3402 2657 τοῖς
3417 2598 3515 2669 τῆς
3540 2598 3763 2666 ἁγνείας

2177 2689 2606 2761 πεποικιλμένην
2639 2690 2731 2743 xui
2761 2690 3206 2760 κατεστεμμένην
3236 2688 3471 2751 ἄνθεσιν,
3505 2689 3639 2741 ἀλλά
3668 2691 3761 2743 καὶ

2173 2784 2285 2845 τοῖς
2314 2782 2412 2852 τῆς
2443 2783 2785 2850 τεκνογονίας
2816 2782 2909 2835 xui
2953 2785 3063 2844 τοῖς
3097 2781 3444 2852 ἐγκρατείας.
3465 2782 3560 2833 Ἐν
3581 2795 3760 2847 κροσ-

2172 2874 2387 2940 σωτοῖς
2412 2873 2521 2945 γὰρ
2550 2875 2801 2943 χρυσοῖς
2837 2873 3267 2942 πεποικιλμένη
3309 2873 3426 2927 ἀπὸ
3472 2871 3685 2937 δεξιῶν
3720 2873 3759 2941 ἠ

2167 2966 2513 3030 ,ϐασίλισσα
2542 2967 2897 3034 παρίσταται
2929 2965 3021 3019 τοῦ
3051 2966 3308 3036 νυμςςίου.

2249 3152 2435 3209 Ταῦτά
2477 3172 2559 3207 σοι
2602 3156 2741 3209 κατά
2785 3154 3014 3225 δύναμιν
3057 3154 3212 3222 κάγὼ
3243 3154 3333 3207 τὸν
3387 3155 3663 3225 ἐμαυτῆς,
3713 3147 3763 3207 ὦ

2191 3246 2405 3318 Ἀρετὴ,
2441 3249 2521 3310 είς
2554 3248 2642 3299 τὸν
2674 3248 2800 3318 περὶ
2835 3248 2931 3317 τῆς
2965 3247 3221 3317 ἀληθείας
3254 3248 3643 3318 «συμϐάλλομαι
3675 3245 3761 3299 λό-

2176 3356 2291 3408 γον.
2328 3338 2692 3408 -Είπούσης
2743 3338 2799 3390 δὲ
2834 3338 3008 3391 ταῦτα
3052 3339 3151 3407 τῆς
3192 3338 3482 3406 Θεοφΰιας,
3530 3335 3758 3408 θόρυϐον

2172 3434 2304 3504 ἡδὺν
2336 3434 2400 3486 ὲκ
2436 3431 2624 3485 πασῶν
2656 3433 2689 3502 ἡ
2724 3431 3009 3499 Θεοπάτρα
3030 3430 3132 3499 ἔφη
3167 3431 3448 3498 γεγονέναι
3479 3430 3586 3483 τῶν
3618 3446 3759 3498 παρ-

2174 3525 2360 3587 θένων,
2389 3522 2725 3577 ὲπαινουσῶν
2758 3522 2848 3575 τὸν
2878 3521 3052 3591 λόγον.
3091 3522 3178 3585 Ὦς
3206 3522 3262 3575 δὲ
3297 3522 3593 3594 ἡσύχασεν.
3632 3539 3757 3575 σιω-

2172 3619 2283 3689 πῆς
2313 3619 2405 3671 ἐπὶ
2449 3617 2583 3670 πολὺ
2625 3616 2956 3687 γενομένης,
2996 3617 3292 3686 ἀναστῆναι
3336 3616 3438 3685 τὴν
3483 3615 3751 3667 Θάλειαν·

2174 3712 2347 3785 ταύτῃ
2378 3711 2488 3781 γὰρ
2528 3711 2591 3762 ἐκ
2616 3709 2797 3780 τρίτου
2833 3707 3207 3777 ἐπετέτραπτο
3240 3706 3377 3776 μετὰ
3420 3707 3519 3776 τὴν
3558 3706 3755 3773 Θεοφί-

2174 3802 2272 3855 λαν
2320 3798 2704 3869 ἀγωνίζεσθαι.
2764 3796 3143 3851 ’Υπολαδοῦσα
3207 3792 3300 3848 οὖν
3360 3794 3639 3859 ἐντεῦθεν,
3677 3794 3755 3860 ὡς

2172 3892 2345 3967 οἶμαι,
2374 3894 2475 3964 ήδη
2504 3892 2594 3945 xui
2628 3891 2787 3962 αὐτή.

2695 4117 3058 4205 ΛΟΓΟΣ
3133 4116 3244 4203 Γ.

2818 4268 3087 4321 ΘΑΛΕΙΑ.

859 4388 990 4446 Car.
1022 4389 1066 4449 l.
1092 4389 1265 4445 Locus
1294 4388 1550 4445 Geneseos
1583 4406 1645 4454 ιι,
1672 4391 1763 4455 25,
1797 4389 1889 4456 24,
1921 4407 2040 4479 cum

2175 4396 2229 4440 tu
2265 4383 2499 4439 Paulino
2542 4382 2733 4452 Epltes.
2767 4400 2822 4448 v,
2855 4382 3052 4449 23-52,
3087 4382 3337 4437 collatus.

539 4502 669 4559 Mihi
718 4504 947 4572 videris,
1001 4522 1034 4560 ο
1073 4506 1397 4578 Theophila,
1449 4515 1503 4564 et
1535 4508 1754 4563 actione
1787 4517 1841 4562 et
1872 4478 2057 4562 erudi-

2233 4503 2304 4557 Σύ
2339 4521 2428 4575 μοι
2462 4503 2659 4566 δοκεῖς,
2687 4496 2732 4555 ὦ
2761 4501 3019 4571 Θεοφίλα,
3047 4503 3172 4573 ἔφη,
3204 4503 3298 4557 καὶ
3329 4504 3395 4574 τῇ
3433 4501 3627 4574 πράξει
3655 4502 3750 4557 xui

467 4597 621 4653 tione
669 4599 887 4655 cunctis
940 4601 1277 4669 praecellere,
1331 4617 1433 4658 nec
1479 4602 1737 4671 cuiquam
1774 4600 2058 4671 sapientia;

467 4689 631 4743 laude
652 4689 866 4744 cedere.
896 4690 1014 4745 Non
1046 4692 1190 4746 enim
1220 4704 1303 4748 est
1334 4695 1425 4763 qui
1459 4691 1859 4763 reprehendere
1885 4693 2059 4762 possit

467 4781 772 4836 orationem
800 4788 972 4848 tuam,
1005 4786 1090 4839 vel
1120 4786 1166 4840 si
1197 4787 1576 4841 eontentiosus
1599 4792 1653 4839 et
1674 4785 1929 4854 pervicax
1961 4785 2051 4839 sit.

473 4875 650 4932 Unum
675 4887 857 4934 tamen
882 4879 936 4931 in
957 4892 1019 4932 ea
1039 4893 1146 4939 me,
1173 4879 1295 4933 aliis
1322 4879 1583 4948 praeclare
1608 4877 1793 4940 dictis,
1817 4892 1849 4931 o
1870 4879 2050 4942 beata,

466 4971 686 5025 videtur
720 4971 967 5034 turbare,
1001 4985 1064 5024 ac
1093 4970 1249 5040 quasi
1285 4969 1488 5038 injecto
1528 4968 1790 5037 scrupulo
1823 4969 2052 5024 moleste

468 5060 690 5124 habere,
750 5061 878 5116 dum
928 5076 1144 5115 mecum
1199 5070 1415 5130 reputo,
1475 5059 1621 5114 haud
1681 5059 1885 5114 frustra
1940 5060 2052 5130 spi-

464 5153 572 5207 ritu
629 5154 1007 5225 plenissimum
1064 5168 1128 5207 ac
1185 5153 1486 5223 sapientem
1544 5152 1759 5215 virum,
1817 5150 2049 5206 Paulum

464 5242 610 5307 dico,
656 5245 711 5297 in
749 5244 1031 5300 Christum
1062 5253 1115 5301 et
1150 5244 1449 5299 Ecclesiam
1482 5245 1785 5299 relaturum
1819 5245 2052 5312 conjun-

2159 4596 2236 4667 τῷ
2265 4596 2408 4667 λόγῳ
2434 4596 2623 4650 πασῶν
2651 4595 3047 4664 κρατιστεύειν,
3078 4597 3172 4649 xui.
3202 4596 3391 4665 σοφίας
3425 4596 3491 4649 τὰ
3518 4597 3745 4668 δεύτερα

2160 4689 2422 4762 φέρεσθαι
2454 4689 2685 4752 οὐδενός.
2712 4688 2787 4741 Οὐ
2819 4688 2927 4759 γάρ
2960 4690 3106 4741 ἐστιν
3136 4689 3284 4751 ὅστις
3313 4688 3619 4743 αἰτιάσεταί
3646 4706 3740 4742 σου

2164 4785 2257 4837 τὸν
2296 4783 2472 4850 λόγον,
2503 4782 2607 4834 οὐδ’
2648 4784 2695 4833 εἰ
2726 4781 3040 4833 παντάπασι
3077 4780 3376 4848 φιλόνεικος
3411 4781 3495 4851 εἴη
3528 4782 3621 4834 xui
3651 4783 3743 4835 ἀν-

2157 4874 2449 4944 τιλογικός.
2483 4875 2628 4945 Πλὴν
2656 4874 2828 4927 ἐκεῖνό
2872 4891 2938 4943 με
2967 4875 3126 4943 μόνον
3150 4915 3167 4938 ,
3206 4873 3312 4927 τῶν
3351 4873 3523 4927 ἄλλων
3568 4874 3743 4944 ὀρθῶς

2158 4967 2489 5039 εἰρημένων,
2514 4961 2557 5019 ὦ
2592 4967 2858 5037 μακαρία,
2884 4966 3030 5018 δοκεῖ
3049 4966 3335 5036 ταράττειν
3363 4982 3423 5017 τε
3447 4967 3540 5018 καὶ
3561 4966 3741 5037 ἀνιᾷν,

2158 5060 2645 5131 ἀναλογιζομένην,
2677 5059 2753 5121 ὡς
2787 5059 2886 5111 οὐκ
2926 5058 2989 5111 ἂν
3017 5059 3045 5110 6
3085 5056 3606 5127 πνευματικώτατος
3647 5075 3740 5112 σο·-

2160 5155 2258 5222 φὸς
2288 5155 2447 5226 ἀνὴρ,
2492 5154 2583 5206 τὸν
2626 5151 2835 5204 Παῦλον
2873 5150 3016 5218 λέγω
3038 5191 3051 5212 ,
3078 5150 3321 5221 ματαίως
3362 5150 3627 5220 ἀνέφερεν
3659 5153 3742 5215 εἰς

2157 5247 2389 5317 Χριστὸν
2423 5245 2516 5298 xui.
2549 5244 2646 5315 τὴν
2678 5244 3025 5314 Ἐκκλησίαν,
3079 5243 3177 5313 τὴν
3220 5242 3467 5314 σύνερξιν
3498 5245 3605 5313 (58)
3642 5242 3738 5297 τοῦ

529 5383 572 5414 ³¹
612 5384 644 5437 Ι
684 5383 809 5441 Cor.
849 5402 945 5449 vu,
988 5387 1078 5443 58.
1121 5388 1167 5419 ³³
1208 5385 1404 5442 Matth.
1448 5404 1578 5453 xxu,
1616 5389 1705 5445 50.
1784 5390 1828 5421 ³³
1860 5388 2055 5445 Matth.

2175 5408 2215 5455 ι,
2274 5392 2362 5445 Η.
2441 5388 2487 5422 ³⁸
2530 5389 2678 5444 Psal.
2722 5405 2869 5453 κων,
2913 5389 2998 5443 10.

535 5518 646 5595 (‘5_8)
683 5520 802 5595 Τὴν
838 5525 1144 5594 σύν-ερξιν.
1185 5526 1348 5581 Malui
1392 5530 1629 5584 retinere
1672 5529 1797 5584 Val.
1824 5545 2036 5595 vocem,

461 5591 607 5659 quod
634 5594 798 5671 etiam
828 5595 881 5648 in
908 5591 1131 5666 reliquis
1152 5600 1497 5671 postmodum
1530 5612 1826 5668 repetatur,
1862 5611 1914 5654 ut
1944 5591 2039 5671 ap;

464 5670 657 5737 pareat
674 5665 946 5732 glossema
975 5665 1097 5722 esse
1119 5665 1263 5737 quod
1295 5668 1457 5722 Allat.
1489 5679 1543 5725 et
1573 5665 1706 5725 Μαι.
1740 5672 1829 5726 hic
1856 5665 2040 5736 σύζευ-

460 5731 541 5796 ξιν
572 5731 814 5790 habent:
844 5737 1002 5807 quasi
1032 5731 1295 5795 rariorem
1336 5755 1544 5812 vocem,
1590 5750 1648 5798 ut
1683 5744 1840 5813 solet,
1883 5731 2038 5801 coet-

2146 5534 2397 5587 muniore
2445 5539 2742 5602 exponant.
2786 5532 2859 5585 Ea
2908 5530 3092 5602 utitur
3122 5528 3277 5602 Plato
3318 5527 3371 5580 in
3409 5542 3528 5581 eam
3560 5527 3733 5602 ipsam

2147 5619 2285 5667 rem,
2332 5619 2431 5674 pro
2473 5599 2574 5655 viri
2619 5613 2666 5655 et
2710 5604 2899 5656 uxoris
2941 5600 3185 5674 quasiin
3226 5606 3459 5661 secreto,
3509 5599 3740 5674 copula-

2147 5675 2316 5730 tione.
2334 5668 2491 5743 '_qua3
2537 5674 2875 5743 nuptiarunr
2903 5668 3223 5743 mysterium
3269 5677 3373 5743 est.
3409 5668 3554 5743 qqu
3588 5668 3734 5734 Apo-

2148 5746 2325 5802 stolus
2354 5738 2410 5798 in
2440 5738 2716 5799 Christum
2752 5752 2806 5799 et
2840 5738 3135 5799 Ecclesiam
3168 5741 3450 5797 transfert.
3489 5738 3726 5794 Causea.
