4140 6418
355 304 413 360 6|
1408 304 1790 363 CONVIVIUM
1831 309 2062 367 DECEM
2106 307 2467 365 VIRGINUM.
3524 306 3600 363 62

352 424 773 497 πρωτοπλάστου
804 424 899 479 καὶ
927 424 1028 495 τῆς
1056 426 1333 494 γυναικὸς.
1374 429 1421 482 εἰ
1460 431 1625 500 μηδὲν
1662 432 1914 503 ὑψηλότε-

2026 434 2258 488 ctiouem
2285 432 2445 501 primi
2472 430 2706 485 hominis
2736 443 2800 486 ac
2821 425 3068 483 mulieris
3092 428 3157 492 ³⁸,
3185 427 3230 483 si
3262 426 3396 482 nihil
3423 428 3600 483 subli-

352 532 447 587 ρον
475 515 803 586 ὲφαντάξετο
836 516 944 569 τῶν
981 517 1157 587 ῥητῶν
1186 520 1280 572 καὶ
1310 519 1409 589 τῆς
1443 522 1681 593 ἱστορίας
1719 526 1751 594 ἡ
1786 526 1926 595 Γρα-

351 607 446 677 φή.
477 607 538 660 Ei
568 608 676 680 γὰρ
712 608 848 672 ὅλως
874 610 953 673 εἰς
984 609 1076 661 τὸν
1099 611 1226 681 περὶ
1260 610 1624 676 συνελεύσεως
1649 615 1839 685 ἀνδρός
1864 633 1922 669 τε

351 698 445 750 καὶ
474 700 731 766 γυναικὸς
772 700 854 754 δεῖ
888 702 1410 772 παραλαμϐάνεσθαι
1440 703 1606 757 τύπον
1631 704 1801 773 ψιλῶς
1827 706 1925 778 τὴν

351 789 604 861 Γραφὴν,
642 791 785 855 τίνος
820 792 883 863 δὴ
927 793 1086 863 χάριν
1112 798 1140 847 ὁ
1180 795 1521 860 Ἀπόστολος,
1563 797 1765 851 τούτων
1803 801 1925 851 ἐπι-

356 882 636 953 μνησθεὶς,
667 886 759 936 καὶ
803 887 882 947 είς
903 886 1001 955 τὴν
1036 885 1127 938 τοῦ
1170 886 1486 957 Πνεύματος
1528 890 1705 958 ἡμᾶς,
1747 885 1921 959 οἶμαι,

351 976 705 1049 χειραγωγῶν
750 976 894 1042 ὁδὸν,
942 979 1021 1043 εἰς
1068 977 1302 1049 Χριστὸν
1333 980 1425 1032 καὶ
1469 981 1550 1043 εἰς
1598 980 1923 1053 Ἐκκλησίαν

349 1067 669 1139 ἀναφέρων,
722 1067 1011 1141 ἀλληγορεῖ
1057 1074 1125 1123 τά
1166 1069 1307 1124 κατὰ
1367 1070 1466 1142 τὴν
1504 1070 1646 1125 Εὕαν
1693 1074 1788 1127 καὶ
1832 1074 1923 1127 τὸν

362 1160 535 1232 Ἀδάμ
556 1178 569 1226 ;

432 1256 495 1309 Ἡ
527 1257 623 1328 μὲν
657 1257 765 1329 γὰρ
798 1255 941 1323 λέξις
978 1257 1079 1328 τῆς
1124 1258 1395 1322 Γενέσεως
1430 1258 1570 1312 οὕτω
1600 1260 1732 1330 φησί
1751 1278 1764 1290 ·
1809 1260 1920 1313 Καὶ

347 1343 513 1403 εἶπεν
548 1354 579 1403 ό
615 1350 782 1421 ’ὶδάμ
804 1369 817 1382 ·
864 1353 1039 1405 Τοῦτο
1067 1352 1183 1406 νῦν
1207 1353 1432 1407 ὀστοῦν
1452 1354 1520 1407 ἐκ
1553 1352 1670 1407 τῶν
1698 1353 1923 1408 ὀστέων

340 1459 480 1509 μου,
515 1442 610 1495 καὶ
642 1444 799 1512 σὰρξ
832 1444 899 1497 ἐκ
938 1442 1043 1511 τῆς
1072 1447 1299 1512 σαρκός
1321 1463 1471 1515 μου·
1519 1445 1669 1514 αὕτη
1701 1446 1923 1514 κληθή-

348 1548 516 1586 σεται
552 1535 732 1604 γυνὴ,
776 1536 863 1589 ὅτι
908 1538 977 1590 ἐκ
1016 1537 1123 1591 τοῦ
1172 1538 1391 1607 ἀνδρὸς
1435 1537 1622 1607 αὐτῆς
1663 1539 1920 1608 ἐλήφθη.

352 1624 599 1677 Ἕνεκεν
624 1627 835 1680 τούτου
863 1630 1210 1698 καταλείψει
1245 1629 1551 1698 ἄνθρωπος
1573 1630 1677 1683 τὸν
1698 1629 1923 1697 πατέρα

346 1715 532 1768 αὐτοῦ
582 1718 677 1770 καὶ
724 1716 838 1785 τὴν
876 1718 1104 1787 μητέρα
1146 1720 1352 1785 αὐτοῦ,
1396 1722 1494 1774 καὶ
1536 1726 1922 1788 προσκολλη-

2024 526 2167 579 mius
2198 522 2480 593 Scriptura
2504 524 2776 585 innueret,
2801 536 2963 591 quam
2993 520 3139 589 quod
3169 536 3235 574 ex
3269 519 3431 574 nudis
3458 520 3596 589 ipsis

2023 617 2204 670 verbis
2233 631 2297 669 ac
2327 613 2579 677 historia,
2612 613 2798 684 pervio
2844 628 3007 667 sensu
3055 611 3240 666 haberi
3289 619 3484 680 potest.
3535 608 3596 665 Si

2023 708 2167 762 enim
2199 707 2421 760 omnino
2451 705 2519 761 de
2559 706 2660 758 viri
2702 720 2764 759 ac
2814 702 3057 758 mulieris
3104 718 3402 773 congressu
3447 702 3597 757 nude

2023 798 2177 852 locus
2229 795 2525 867 Scriptura:
2576 795 2747 864 accipi
2792 794 2968 855 debet,
3000 794 3130 862 quid
3174 809 3349 848 causae
3382 801 3465 847 est
3493 807 3596 846 cur

2021 889 2319 959 Apostolus
2367 904 2490 942 eum
2540 888 2737 951 citans,
2784 894 2838 941 et
2882 885 2949 939 ad
2998 885 3255 955 Spiritus,
3302 893 3455 956 puto,
3491 899 3596 939 nos

2023 997 2189 1036 manu
2222 982 2430 1038 ducens
2462 983 2623 1047 viam,
2663 996 2783 1051 quae
2816 979 2882 1035 de
2914 979 3122 1033 Adamo
3155 988 3209 1034 et
3240 979 3349 1032 Eva
3381 995 3595 1034 memo-

2021 1083 2235 1137 rantur,
2276 1090 2373 1143 per
2409 1071 2722 1144 allegoriam
2760 1072 2814 1125 in
2857 1069 3133 1125 Christum
3167 1070 3428 1125 transfert
3456 1069 3595 1124 etin

2024 1165 2362 1221 Ecclesiam?

2026 1232 2045 1254 ⁸
2088 1257 2267 1311 Locus
2290 1256 2563 1311 Geneseos
2597 1255 2677 1309 sic
2702 1255 2865 1309 habet
2904 1296 2917 1308 .
2964 1252 3033 1306 Et
3075 1253 3211 1306 dixit
3247 1250 3440 1316 Adam,
3478 1252 3594 1308 Hoc

2022 1367 2159 1403 nunc
2185 1367 2240 1404 os
2268 1364 2333 1403 ex
2363 1348 2568 1402 ossibus
2600 1349 2747 1410 meis,
2788 1356 2836 1400 et
2862 1363 2986 1400 caro
3016 1345 3079 1399 de
3109 1362 3266 1399 carne
3297 1362 3410 1399 mea
3435 1360 3453 1398 :
3482 1344 3596 1401 hate

2021 1441 2291 1495 vocabitur
2320 1441 2528 1505 mulier,
2557 1440 2801 1509 quoniam
2834 1437 2896 1491 de
2928 1440 3037 1490 viro
3080 1447 3286 1505 sumpta
3317 1447 3412 1491 est.
3460 1436 3595 1491 Pro-

2020 1542 2135 1601 pter
2183 1532 2277 1585 hoc
2319 1532 2572 1601 relinquet
2621 1532 2774 1583 homo
2819 1539 3022 1597 patrem
3074 1545 3225 1582 suum
3276 1538 3325 1582 et
3368 1544 3592 1584 matrem

2021 1640 2194 1689 suam,
2225 1632 2274 1676 et
2304 1622 2586 1676 adhaerebit
2616 1621 2769 1674 uxori
2806 1637 2954 1677 sure:
2981 1630 3029 1673 et
3062 1632 3214 1674 erunt
3247 1620 3351 1674 duo
3386 1622 3442 1673 in
3469 1638 3593 1675 car-

2020 1730 2136 1767 nem
2154 1729 2314 1765 unam
2331 1713 2394 1767 ³⁸.
2412 1714 2705 1781 Apostolus
2724 1719 2902 1766 autem
2926 1726 3044 1766 eam
3068 1711 3389 1765 sententiam
3406 1713 3591 1766 consi-

346 1805 590 1873 θήσεται
619 1807 695 1878 τῇ
723 1811 956 1880 γυναικὶ
988 1811 1194 1877 αὐτοῦ,
1227 1814 1321 1866 καὶ
1346 1814 1589 1866 ἔσονται
1621 1818 1675 1867 οἱ
1698 1812 1806 1866 δύο
1834 1816 1914 1880 εἰς

2022 1803 2241 1868 derans,
2269 1818 2609 1873 nequaquam
2642 1804 2786 1856 illam
2817 1810 2977 1872 prout
2999 1802 3164 1872 jacet,
3187 1802 3342 1869 juxta
3369 1817 3591 1857 sensum

342 1896 543 1966 σάρκα
562 1901 726 1969 μίαν.
767 1902 824 1955 '0
857 1902 914 1954 δὲ
951 1904 1289 1968 Ἀπόστολος,
1319 1906 1397 1967 είς
1416 1906 1584 1976 αὐτὴν
1618 1904 1683 1974 δὴ
1714 1904 1920 1976 ταύτην

340 1989 805 2062 ἐπισκεπτόμενος
836 1992 933 2064 τὴν
966 1994 1290 2065 περικοπὴν,
1329 1996 1510 2048 οὐκέτι
1551 1995 1689 2048 κατὰ
1723 1995 1784 2048 τὸ
1810 1995 1922 2048 κεί-

347 2098 506 2150 μενον
534 2083 724 2154 αὐτὴν,
750 2083 825 2146 ὡς
846 2083 1002 2153 ἔφην,
1040 2084 1313 2155 αἰσθητῶς
1345 2085 1436 2137 ἐπὶ
1471 2083 1770 2156 συνέρξεως
1800 2084 1921 2155 βού-

342 2169 494 2224 λεται
545 2172 1067 2243 παραλαμϐάνεσθαι
1136 2174 1394 2243 γυναικός
1444 2192 1503 2226 τε
1555 2176 1648 2228 καὶ
1693 2175 1921 2245 ἀνδρὸς,

340 2258 532 2334 ὥσπερ
559 2263 622 2334 δὴ
649 2265 743 2316 καὶ
784 2264 867 2317 σύ.
915 2265 986 2317 Σὺ
1030 2265 1167 2335 γὰρ,
1204 2263 1573 2336 φυσικώτερον
1617 2266 1919 2335 ἐπεξεργα-

340 2349 542 2423 ζομένη
580 2355 669 2406 τὸν
696 2354 873 2422 λόγον,
911 2355 1222 2424 συλλήψεων
1246 2356 1372 2428 πέρι
1406 2357 1498 2409 καὶ
1532 2357 1766 2410 τοκετῶν
1790 2357 1918 2410 ἔδω-

338 2457 443 2507 κας
471 2446 630 2514 μόνον
679 2445 1077 2514 ἀποφαίνεσθαι
1120 2445 1218 2516 τὴν
1262 2447 1504 2517 Γραφήν.
1551 2447 1666 2501 Ἵνα
1706 2447 1813 2518 γάρ
1854 2448 1916 2500 τὸ

338 2532 448 2587 ἀπὸ
494 2533 600 2586 τῶν
643 2534 845 2588 ὀστέων
891 2534 1081 2588 ὀστοῦν
1142 2535 1426 2606 ἄνθρωπος
1473 2536 1659 2608 ἕτερος
1713 2537 1914 2609 ληφθὲν

336 2622 593 2694 γεννηθῇ,
636 2624 807 2697 ταύτῃ
843 2629 1080 2679 συνεῖναι
1122 2624 1192 2679 τὰ
1222 2624 1338 2689 ζῶα
1378 2626 1705 2697 σπαργῶντα
1738 2625 1914 2698 δρυῶν

332 2714 489 2785 δίκην
512 2714 622 2787 (59)
666 2718 724 2769 ἐν
751 2715 868 2787 ὥρᾳ
899 2717 991 2769 τοῦ
1026 2716 1196 2771 κύειν.
1246 2718 1481 2781 Ἐκεῖνος
1508 2718 1585 2783 δὲ,
1618 2735 1914 2788 πνευματι-

336 2803 574 2874 κῶτερον
622 2808 701 2871 είς
749 2808 984 2879 Χριστὸν
1047 2808 1376 2879 ἀναπέμψας
1405 2810 1508 2889 ,τὸν
1552 2808 1730 2878 λόγον,
1770 2809 1913 2863 διδά-

336 2912 483 2951 σκων
512 2897 684 2962 οὕτως
712 2898 813 2970 ἔφη
837 2916 849 2929 ’
893 2900 953 2953 '0
985 2898 1233 2970 ἀγαπῶν
1269 2899 1383 2969 τὴν
1421 2901 1638 2955 ἑαυτοῦ
1661 2901 1914 2971 γυναῖκα

332 2984 552 3040 ἑαυτὸν
568 2989 788 3059 ἀγαπᾷ.
810 2990 1020 3058 Οὐδεὶς
1043 2992 1155 3061 γάρ
1180 3006 1324 3045 ποτε
1345 2991 1459 3059 τὴν
1479 2992 1698 3046 ἑαυτοῦ
1718 2992 1913 3061 σάρκα

332 3079 792 3148 ἐμίσησενιὼλχ
827 3083 1097 3153 ἐκτρέφει
1121 3084 1219 3138 καὶ
1259 3083 1493 3149 θάλπει,
1530 3082 1723 3150 καθὼς
1752 3083 1852 3138 καὶ
1878 3086 1910 3138 ὁ

2020 1901 2079 1945 ιιι
2112 1893 2223 1946 dixi
2257 1907 2320 1946 ac
2358 1907 2551 1946 sonum
2583 1892 2793 1953 littera),
2831 1891 2897 1944 de
2926 1891 3025 1943 viri
3063 1906 3126 1942 ac
3165 1891 3376 1943 feminae
3396 1890 3592 1958 copula

2019 1984 2134 2036 vult
2165 1983 2368 2052 accipi,
2402 1982 2860 2052 quemadmodum
2892 1988 2948 2034 tu
2982 1980 3138 2043 facis,
3167 1980 3398 2033 naturali
3430 1978 3591 2034 modo

2019 2072 2086 2127 de
2115 2072 2467 2141 couceptibus
2502 2071 2843 2126 solummodo
2870 2086 2933 2123 ac
2955 2071 3219 2140 partubus
3248 2069 3589 2139 Scripturam

2020 2164 2177 2219 istam
2224 2162 2649 2232 interpretando.
2698 2160 2790 2216 Sic
2831 2162 2976 2216 enim
3024 2161 3283 2231 posuisti:
3331 2158 3489 2214 Utos
3522 2176 3590 2214 ex

2017 2257 2236 2312 ossibus
2270 2257 2433 2310 homo
2468 2257 2605 2310 alter
2638 2265 2911 2324 sumptum
2940 2255 3270 2324 gigneretur,
3301 2255 3446 2307 coire
3466 2254 3590 2307 viva

2017 2362 2272 2417 corpora,
2325 2348 2669 2417 distendique
2722 2362 2785 2401 ac
2827 2357 3055 2409 tumere,
3094 2346 3350 2399 arborum
3392 2345 3587 2410 instar,

2016 2452 2138 2491 cum
2169 2447 2470 2507 praegnant.
2505 2437 2705 2493 Paulus
2738 2446 2937 2501 autem,
2973 2437 3291 2507 spiritaliter
3322 2437 3388 2490 ad
3423 2436 3590 2491 Chri-

2016 2540 2158 2585 stum
2197 2532 2311 2585 haec
2352 2531 2617 2595 referens,
2668 2532 2722 2585 in
2755 2532 2899 2585 hunc
2927 2546 3025 2585 nos
3055 2530 3273 2585 modum
3309 2529 3498 2585 edocet
3518 2527 3589 2571 ’νε

2017 2622 2120 2688 Qui
2168 2639 2320 2677 suam
2370 2639 2589 2676 uxorem
2629 2623 2824 2692 diligit,
2876 2639 2930 2676 se
2968 2623 3137 2691 ipsum
3177 2621 3371 2691 diligit.
3421 2618 3592 2675 Nemo

2012 2716 2148 2768 enim
2174 2731 2405 2785 unquam
2432 2731 2642 2769 carnem
2664 2731 2815 2767 suam
2850 2713 2968 2767 odio
2998 2713 3201 2775 habuit,
3233 2712 3322 2766 sed
3347 2712 3511 2765 nutrit
3538 2720 3592 2767 et

2013 2808 2149 2877 fovet
2168 2824 2306 2870 eam,
2326 2808 2470 2861 sicut
2500 2818 2547 2861 et
2577 2805 2821 2862 Christus
2858 2804 3148 2858 Ecclesiam
3172 2821 3188 2857 :
3212 2805 3335 2874 quia
3356 2802 3588 2857 membra

2012 2918 2194 2955 sumus
2220 2902 2453 2969 corporis
2485 2900 2619 2968 eius.
2660 2899 2881 2968 Propter
2903 2899 2998 2952 hoc
3026 2897 3279 2966 relinquet
3308 2898 3459 2949 homo
3487 2912 3588 2965 ρει-

2014 3002 2143 3046 trem
2190 3009 2343 3045 suum
2381 3002 2430 3045 et
2470 3002 2717 3055 matrem,
2757 3000 2807 3043 et
2838 2988 3123 3044 adlaerebit
3159 2988 3310 3042 uxori
3359 3004 3500 3052 sum;
3537 2996 3589 3042 et

2012 3093 2165 3137 erunt
2195 3084 2299 3136 duo
2329 3084 2384 3137 in
2418 3099 2628 3137 carnem
2672 3099 2852 3135 unam.
2896 3081 3294 3135 Sacramentum
3334 3080 3429 3134 hoc
3473 3097 3590 3133 ma-

333 3171 587 3239 Χριστός
637 3175 752 3243 τὴν
804 3177 1198 3244 Ἐκκλησίανο
1256 3176 1344 3230 ὅτι
1381 3177 1535 3246 μέλη
1570 3176 1759 3246 ἐσμὲν
1800 3176 1906 3230 τοῦ

2016 3192 2165 3246 gnum
2182 3185 2258 3229 est
2273 3191 2292 3238 ;
2308 3191 2398 3245 ego
2416 3185 2591 3228 autem
2607 3174 2748 3237 dico,
2777 3175 2831 3227 in
2848 3172 3116 3228 Christum
3133 3184 3180 3225 et
3198 3174 3250 3226 in
3270 3172 3585 3226 Ecclesium.

329 3263 603 3335 σώματος
634 3268 837 3322 αὑτοῦ.
902 3270 1048 3323 Ἀντὶ
1109 3271 1322 3324 τούτου
1377 3272 1723 3338 καταλείψει
1780 3268 2087 3338 ἅνθρωπος
2111 3269 2217 3323 τὸν
2248 3268 2473 3335 πατέρα
2520 3265 2706 3319 αὐτοῦ
2739 3264 2971 3332 καὶτὴν
2990 3265 3236 3332 μητέρα,
3264 3265 3361 3317 καὶ
3401 3275 3592 3332 προσ-

333 3358 775 3426 κολληθήσεται
837 3360 912 3429 τῇ
952 3362 1185 3430 γυναικὶ
1224 3360 1437 3425 αὐτοῦ,
1474 3361 1571 3414 καὶ
1607 3362 1851 3415 ἔσονται
1920 3365 1972 3415 οἱ
2001 3361 2109 3415 δύο
2155 3364 2243 3427 εὶς
2281 3358 2479 3428 σάρκα
2509 3360 2678 3428 μίαν.
2725 3358 2793 3411 Τὸ
2836 3355 3176 3425 μυστήριον
3221 3356 3399 3409 τοῦτο
3435 3354 3594 3424 μέγα

329 3455 537 3508 ἐστίν’
589 3454 703 3524 ἐγὼ
753 3454 821 3507 δὲ
858 3457 1014 3525 λέγω
1048 3458 1136 3524 εὶς
1196 3457 1456 3525 Χριστὸν
1514 3456 1614 3511 καὶ
1660 3459 1748 3523 εἰς
1806 3456 1927 3525 τὴν
1975 3456 2354 3522 Ἐκκλησίαν.

331 3584 464 3641 CAP.
504 3585 567 3641 Il.
599 3586 841 3655 Apostoli
862 3588 1026 3643 Pauli
1050 3589 1419 3661 digressionem.
1448 3590 1581 3661 Ejus
1613 3591 1868 3645 doctrinm
1898 3590 2174 3661 character
2198 3628 2212 3652 ,
2256 3587 2390 3642 nihil
2423 3589 2481 3661 in
2502 3604 2563 3643 eo
2593 3587 3006 3642 dissentaneum.
3041 3584 3282 3657 Sufﬁxus
3312 3585 3586 3660 Origenes,

1353 3664 1443 3732 qui
1466 3658 1696 3731 improbe
1729 3664 1910 3715 omnia
1930 3660 1998 3714 ad
2031 3660 2343 3729 allegoriam
2374 3658 2559 3713 trahit.

400 3773 493 3846 Μὴ
531 3773 749 3828 κινείτω
793 3773 849 3826 δέ
894 3791 977 3838 σε,
1021 3777 1070 3828 εί
1121 3776 1249 3847 περὶ
1286 3775 1486 3846 ἑτέρων
1528 3774 1905 3844 διαλεγόμενος

2080 3772 2191 3828 Nec
2218 3788 2349 3828 vero
2382 3781 2435 3828 te
2457 3778 2690 3833 moveat,
2717 3770 2861 3840 quod
2891 3770 3013 3825 aliis
3041 3769 3109 3825 de
3138 3770 3303 3827 rebus
3333 3774 3588 3831 instituto

331 3865 411 3929 εἰς
444 3865 607 3937 ἕτερα
647 3865 960 3937 μεταπηδᾷ·
986 3866 1124 3919 ὥστε
1155 3866 1396 3937 νομίζειν
1426 3866 1784 3937 ἁναμιγνύναι
1813 3866 1906 3918 καὶ

2016 3878 2283 3927 sermone,
2317 3862 2385 3917 ad
2411 3864 2515 3916 alia
2547 3862 2804 3928 transilit,
2833 3871 2891 3916 ut
2922 3863 3251 3931 permiscere
3282 3863 3588 3920 doctrinam

332 3956 737 4027 παρεμϐάλλειν
785 3957 946 4009 αὐτὸν
1016 3957 1245 4027 ἀνόμοια
1305 3960 1415 4020 τοῖς
1489 3958 1904 4030 προκειμένοις,

2016 3954 2255 4009 videatur
2269 3970 2440 4025 eaque
2462 3954 2784 4009 intercalare
2798 3969 2918 4023 quae
2933 3963 3254 4023 argumento
3265 3955 3589 4024 dissideant,

333 4047 773 4119 παρεκϐαίνοντα
803 4048 897 4102 τοῦ
936 4048 1270 4119 σκέμματος,
1300 4048 1488 4120 ὥσπερ
1536 4049 1601 4121 δὴ
1645 4051 1739 4103 καὶ
1788 4050 1901 4104 νῦν.

2016 4047 2078 4101 ab
2110 4047 2355 4101 instituta
2382 4046 2693 4117 digrediens
2724 4045 3184 4109 consideratione,
3221 4047 3299 4099 uti
3322 4062 3380 4102 se
3412 4063 3501 4103 res
3532 4048 3591 4103 in

333 4139 470 4211 Περὶ
507 4138 606 4209 τῆς
648 4139 865 4208 ἁγνείας
893 4141 1003 4211 γὰρ
1041 4141 1322 4213 ἐθελήσας,
1352 4141 1427 4205 ὡς
1459 4143 1633 4209 εἰκὸς,
1666 4143 1908 4215 μεμελη-

2016 4138 2195 4193 verbis
2228 4138 2470 4193 inductis
2502 4137 2680 4192 habet.
2714 4136 2848 4190 Nam
2875 4152 2996 4190 cum
3019 4138 3086 4192 de
3104 4137 3377 4203 castitate,
3405 4150 3464 4193 ut
3492 4154 3591 4210 ap.

334 4231 511 4303 μένως
541 4230 689 4302 αὐτῷ
717 4231 1084 4303 κρατυνθῆναι
1117 4233 1295 4302 λόγον,
1329 4234 1739 4307 πρώιορθοῦται
1771 4236 1907 4306 πρό-

2016 4237 2180 4296 paret,
2220 4228 2409 4284 sedulo
2439 4228 2743 4282 doctrinam
2784 4226 2999 4283 tradere
3029 4242 3092 4282 ac
3120 4229 3444 4285 confirmare
3476 4232 3591 4285 vel-

329 4340 488 4397 τερον
529 4326 627 4398 τὴν
676 4308 1052 4400 ἐπιχείρησιν,
1092 4327 1169 4399 τῷ
1214 4328 1469 4401 λειοτέρῳ
1514 4331 1615 4400 τῆς
1657 4332 1909 4403 φράσεως

2016 4318 2105 4382 let,
2132 4318 2374 4373 insinuat
2402 4332 2462 4373 se
2492 4317 2667 4387 prius,
2698 4328 2752 4372 et
2777 4319 2967 4373 molles
2995 4319 3149 4387 quasi
3174 4319 3355 4374 aditus
3374 4320 3440 4375 ad
3462 4335 3588 4376 eum

330 4412 629 4486 ἀρχόμενος
672 4416 846 4487 τύπῳ.
885 4416 942 4470 Ὀ
984 4418 1092 4489 γάρ
1142 4435 1225 4472 τοι
1275 4420 1561 4491 χαρακτὴρ
1605 4420 1753 4491 αὐτῷ
1799 4420 1914 4474 τῶν

2016 4425 2237 4481 scopum
2259 4416 2463 4481 captat,
2495 4408 2690 4465 leniori
2716 4424 2780 4463 ac
2804 4410 3164 4479 plausibiliori
3192 4418 3352 4467 utens
3381 4427 3590 4467 sermo-

329 4502 526 4571 λόγων,
548 4505 938 4569 ποικιλώτατος
966 4505 1059 4571 ὢν,
1078 4507 1173 4560 καὶ¹
1204 4508 1347 4561 κατὰ
1370 4507 1710 4580 παραύξησιν
1731 4508 1906 4579 ἐξειρ-

2016 4503 2100 4560 nis
2128 4505 2401 4574 ingressu.
2445 4501 2540 4558 Est
2572 4502 2715 4557 enim
2746 4504 2867 4571 ejus
2899 4502 3155 4559 dictionis
3185 4503 3465 4561 character
3494 4507 3590 4561 ad-

329 4593 621 4663 γασμένος,
659 4594 888 4665 ἄρχεται
922 4596 1018 4666 μὲν
1046 4595 1505 4668 ὲπιπολαότερον,
1542 4599 1823 4669 προχεῖται
1848 4597 1905 4651 δὲ

2016 4597 2241 4652 modum
2276 4597 2484 4660 varius,
2533 4602 2586 4650 et
2619 4597 2686 4649 ad
2719 4609 2832 4650 rem
2869 4596 3071 4650 sensim
3111 4596 3412 4666 augendam
3441 4615 3592 4655 com-

329 4685 413 4747 είς
444 4684 508 4736 τὸ
545 4683 866 4755 ὑψηλότερον
891 4687 986 4738 καὶ
1027 4687 1437 4759 μεγαλοπρεπές
1456 4704 1470 4718 ·
1509 4683 1606 4741 εἴτ’
1641 4685 1794 4752 αὖθις
1825 4691 1904 4753 είς

332 4772 610 4845 βαθύτητά
641 4773 1009 4843 μεταῦάλλων,
1042 4776 1132 4828 ὁτὲ
1181 4777 1279 4847 μὲν
1308 4780 1387 4839 είς
1426 4776 1488 4829 τὸ
1534 4775 1902 4849 ἁπλούστερον

328 4867 424 4920 καὶ
455 4865 672 4935 ἀφελὲς,
703 4864 791 4917 ὁτὲ
832 4864 888 4918 δὲ
914 4867 993 4929 εἰς
1038 4867 1098 4920 τὸ
1129 4868 1426 4941 δεινότερον
1473 4869 1769 4941 καταλήγει
1808 4870 1902 4923 καὶ

328 4957 544 5021 λεπτὸν,
570 4957 721 5009 οὐδὲν
766 4955 1044 5026 ἀλλότριον
1090 4960 1396 5029 ἐπεισάγων
1441 4960 1549 5015 τῶν
1596 4961 1902 5031 κεφαλαίων

326 5050 447 5111 ταῖς
479 5047 834 5116 ἐξαλλαγαῖς·
873 5046 1007 5102 ἀλλὰ
1042 5051 1217 5105 πάντα
1249 5054 1392 5107 κατά
1428 5071 1549 5108 τινα
1583 5054 1903 5127 θαυμαστὴν

327 5140 634 5211 οἰκειότητα
669 5140 1138 5213 συμπεριγράφων
1198 5146 1277 5208 είς
1321 5145 1379 5198 ἒν
1428 5146 1489 5199 τὸ
1544 5148 1909 5219 προκείμενον

2011 4697 2257 4761 paratus.
2299 4688 2377 4742 Ac
2418 4688 2536 4759 ipso
2568 4686 2789 4756 quidem
2818 4687 3042 4741 exordio
3076 4702 3190 4742 rem
3222 4689 3395 4745 levius
3427 4693 3592 4747 attin-

2009 4798 2165 4851 gens,
2194 4796 2427 4850 moxque
2449 4795 2507 4835 se
2534 4780 2587 4832 in
2616 4779 2809 4833 altiora
2837 4793 2902 4832 ae
2930 4780 3217 4849 magnifica
3242 4779 3584 4839 ditl‘undens:

2008 4883 2124 4929 tum
2160 4890 2354 4929 rursus
2381 4874 2436 4927 in
2465 4872 2893 4943 profunditatem
2923 4886 3044 4925 sese
3069 4871 3384 4938 demittens,
3417 4874 3589 4929 inter-

2012 4966 2141 5021 dum
2178 4966 2233 5019 in
2264 4965 2491 5033 simplex
2523 4963 2725 5032 aliquid
2760 4969 2813 5017 et
2848 4960 3026 5022 facile,
3061 4961 3331 5016 interdum
3367 4964 3421 5015 in
3448 4962 3589 5017 dim-

2009 5057 2168 5112 eilius
2213 5056 2417 5126 aliquid
2459 5066 2513 5111 et
2564 5056 2817 5110 subtilius
2867 5053 3099 5120 desiuit;
3148 5069 3249 5109 nec
3290 5056 3586 5126 quidquam

2009 5156 2199 5204 tamen
2234 5163 2331 5218 per
2366 5148 2501 5203 istas
2534 5147 2927 5203 alternationes
2959 5146 3196 5201 alienum
3237 5162 3271 5201 a
3300 5162 3471 5219 scOpo
3496 5149 3587 5204 in-

329 5290 375 5325 ³⁸
416 5291 608 5363 Ephes.
655 5311 711 5360 ν,
748 5296 839 5351 32.
918 5297 963 5328 ³⁸
998 5296 1129 5352 Cen.
1172 5313 1232 5361 ιι,
1272 5299 1366 5365 25,
1405 5300 1499 5358 24.
1574 5302 1618 5335 "
1659 5302 1852 5371 Ephes.
1893 5321 1948 5372 v,
1986 5303 2172 5361 28-52.

353 5526 365 5538 .
401 5455 515 5580 (ὅῇ
549 5456 749 5525 Δρυῶν
778 5457 977 5527 δίκην.
1007 5459 1197 5515 Lectio
1218 5475 1282 5514 ex
1303 5460 1617 5547 conjectura
1637 5464 1917 5535 interpre-r

354 5542 422 5580 IS.
518 5544 603 5580 am
656 5526 774 5580 Vat.
821 5531 992 5580 codex
1046 5530 1279 5580 habebat
1324 5531 1465 5580 δοων
1514 5532 1686 5580 sim-
1740 5534 1901 5580 Mm.--

329 5526 422 5603 tis.
469 5526 603 5580 Nam
656 5526 774 5603 vat.
817 5531 992 5603 codex
1045 5530 1279 5603 habebat
1324 5526 1687 5603 69¢Bv_6ixqv.
1740 5526 1902 5597 Μίιῑ..

328 5598 654 5672 glossemate
684 5600 831 5652 docti
876 5600 1094 5656 lectoris
1124 5617 1161 5672 _e
1193 5598 1436 5672 margine
1480 5601 1533 5672 in
1563 5598 1901 5670 contextum,

331 5674 389 5750 ut
409 5668 710 5750 verisimile
738 5677 843 5733 est,
876 5680 1094 5750 recepto
1117 5668 1347 5742 δένδρων
1373 5686 1470 5741 pro
1497 5671 1671 5750 δρυῶν
1699 5668 1901 5744 posuit.

328 5737 488 5809 Δρῦς,
523 5748 580 5793 ιιι
611 5737 797 5795 Greece
826 5737 1126 5797 scientibus
1158 5737 1389 5807 notum;
1402 5756 1509 5799 non
1529 5737 1715 5801 'solani
1739 5760 1904 5803 ouer-

2008 5479 2155 5528 cum,
2186 5464 2279 5520 sed
2308 5463 2533 5519 omnino
2557 5480 2728 5531 genus
2757 5478 2918 5518 omne
2945 5463 3200 5517 arborum
3236 5478 3376 5533 sazpe
3410 5461 3584 5532 signi-

2009 5536 2155 5597 fleat,
2199 5535 2309 5605 imo
2352 5541 2405 5605 et
2455 5536 2783 5603 plantarum.
2838 5533 2971 5587 Nam
3021 5533 3293 5605 ἀκρόδρυα
3335 5534 3401 5588 de
3431 5534 3584 5605 oinni

2007 5606 2188 5659 fructu
2213 5604 2344 5667 dici,
2368 5601 2534 5659 Caius
2553 5606 2713 5659 etiam
2734 5601 3163 5673 jurisconsultus
3193 5601 3489 5657 adnotavit.
3521 5601 3580 5657 Si

2006 5676 2095 5729 cui
2126 5683 2321 5746 tamen
2339 5676 2512 5744 magis
2545 5672 2799 5746 probetur
2828 5672 3076 5746 δένδρων,
3114 5688 3221 5728 non
3253 5674 3581 5745 repugnabi-

2007 5761 2148 5801 mus.
2183 5744 2278 5798 En.
2307 5744 2504 5798 Luem.
