4140 6438
576 391 648 450 ετ
1540 386 1599 443 S.
1638 382 1970 445 METHONI
2008 380 2315 438 EPISCOPI
2353 381 2440 436 ET
2482 378 2843 437 MARTYRIS
3744 378 3816 435 68

575 507 722 563 enim
753 503 1176 574 Primogenitum
1224 498 1343 566 Dei,
1373 513 1437 552 ac
1491 500 1828 569 unigenitum
1872 512 2091 567 germen
2118 536 2133 560 ,

2241 511 2421 566 στημα
2445 514 2537 549 και
2570 496 2873 566 μονογενὲς,
2908 493 3005 566 τὴν
3037 492 3249 562 σοφίαν,
3288 492 3366 565 τῷ
3412 488 3817 572 πρωτοπλάέτῳ

576 598 632 653 id
693 603 776 652 est
838 594 1170 665 Sapientiam
1203 632 1216 654 .
1282 592 1513 661 primum
1571 590 1803 644 formato
1860 590 2144 659 primoque

576 703 642 743 ac
699 687 1060 758 primogenito
1105 684 1379 737 hominum
1436 683 1653 751 generis
1706 680 1913 735 homini
1967 679 2146 734 admi-

575 789 759 845 stum,
816 778 1090 833 hominem
1149 774 1284 828 ﬁeri.
1353 774 1407 827 Id
1456 774 1599 827 enim
1650 772 1927 828 Christum
1981 787 2142 839 esse,

572 870 846 925 hominem
872 882 1008 939 pura
1037 866 1385 937 perfectaque
1416 864 1618 919 deitate
1640 865 1878 934 plenum,
1902 872 1954 918 et
1972 861 2143 917 Deum

574 964 667 1033 qui
700 961 755 1015 in
788 961 1006 1013 homine
1034 958 1300 1028 capiatur.
1335 956 1898 1027 Congruentissimum
1945 955 2144 1025 quippe

572 1062 691 1110 erat
723 1051 1163 1122 antiquissimum
1216 1064 1429 1104 agonum
1481 1058 1534 1103 et
1583 1050 1818 1119 primum
1852 1047 2145 1118 archange-

572 1143 751 1198 lorum
781 1158 904 1196 cum
937 1142 1246 1197 hominibus
1282 1149 1646 1205 versaturum,
1676 1141 1729 1194 in
1760 1140 2144 1209 antiquissimo

572 1234 857 1303 primoque
896 1232 1175 1286 hominum
1204 1233 1536 1296 inhabitare,
1576 1231 1628 1285 id
1662 1239 1746 1286 est
1774 1232 2001 1287 Adamo.
2054 1229 2145 1284 Sic

573 1326 720 1380 enim
758 1340 881 1380 eum
907 1325 1053 1394 quia
1086 1324 1353 1395 principio
1402 1332 1555 1389 erat,
1608 1339 1914 1389 renovans,
1969 1338 2147 1391 exque

570 1413 793 1488 Virgine
820 1432 884 1470 ac
916 1416 1119 1485 Spiritu
1148 1416 1325 1485 ipsum
1376 1431 1571 1470 rursus
1604 1414 1911 1470 relormans
1932 1455 1947 1480 ,
1992 1428 2145 1468 eum-

571 1510 692 1565 dem
729 1509 1066 1563 fabricatur:
1110 1507 1550 1578 quandoquidem
1587 1507 1838 1562 similiter
1870 1520 1900 1558 a
1940 1504 2149 1574 princi-

568 1602 695 1672 pio,
732 1610 873 1654 terra
902 1599 1109 1668 virgine
1134 1597 1366 1652 necdum
1403 1604 1645 1649 aratrum
1692 1608 1889 1664 passa,
1924 1601 2146 1661 accepto

569 1692 697 1748 inde
730 1693 863 1757 luto,
893 1706 959 1745 ex
1001 1690 1094 1743 illo
1145 1688 1288 1743 Deus
1343 1688 1555 1742 ratione
1604 1687 1889 1758 pra-ditum
1944 1686 2146 1739 animal

566 1786 689 1841 sine
710 1792 952 1841 semente
986 1780 1338 1838 formaverat.

2241 587 2333 639 καὶ
2362 586 2562 657 πρώτῳ
2593 587 2687 640 καὶ
2717 585 3045 655 πρωτογόνῳ
3077 584 3185 638 τῶν
3214 585 3515 658 ἀνθρώπων
3545 588 3817 663 ἀνθρώπῳ

2241 677 2598 747 κερασθείσαν
2663 677 3155 747 ὲνηνθρωπηκέναι.
3196 678 3366 731 Τοῦτο
3406 679 3515 751 γὰρ
3544 676 3683 734 εἶναι
3725 682 3818 737 τὸν

2240 768 2496 840 Χριστὸν,
2518 768 2803 840 ἄνθρωπον
2852 768 3077 839 ἀκράτῳ
3114 768 3326 839 θεότητι
3363 770 3458 823 καὶ
3493 770 3676 843 τελείᾳ
3721 789 3820 824 πε-

2242 861 2347 932 πλη
2358 861 2619 931 ρωμένον,
2642 861 2737 914 καὶ
2764 859 2895 912 Θεὸν
2919 861 2975 912 ὲν
3005 858 3277 930 ἀνθρώπῳ
3301 862 3685 932 κεχωρημένον
3706 879 3717 892 ·
3745 858 3815 935 ἦν

2241 952 2350 1024 γὰρ
2411 951 2888 1023 πρεπωδέστατον,
2938 949 3028 1002 τὸν
3076 950 3449 1019 πρεσϐύτατον
3507 951 3617 1006 τῶν
3682 952 3813 1006 αιὼ-

2237 1061 2342 1099 νων
2365 1044 2474 1115 (44)
2488 1043 2582 1096 καὶ
2599 1044 2815 1113 πρῶτον
2828 1041 2937 1094 τῶν
2960 1043 3335 1112 ἀρχαγγέλων,
3358 1043 3665 1115 ἀνθρώποις
3689 1045 3816 1115 μέλ-

2239 1138 2396 1192 λοντα
2422 1135 2751 1206 συνομιλεῖν,
2794 1137 2873 1197 εἰς
2908 1135 3000 1188 τὸν
3042 1135 3412 1208 πρεσϐύτατον
3458 1138 3552 1190 καὶ
3600 1138 3817 1210 πρῶτον

2240 1230 2347 1283 τῶν
2381 1227 2681 1298 ἀνθρώπων
2711 1226 3098 1297 εἰσοικισθῆναι
3138 1227 3229 1280 τὸν
3261 1228 3451 1299 Ἀδάμ.
3492 1229 3675 1302 Ταύτῃ
3706 1230 3815 1302 γὰρ

2241 1319 2654 1391 ὰναζωγραφῶν
2680 1319 2749 1372 τὰ
2774 1319 2832 1385 ἐξ
2860 1320 3134 1390 ὑπαρχῆς,
3158 1322 3251 1374 καὶ
3272 1322 3635 1375 ἀναπλάσσων
3659 1319 3814 1387 αὖθις

2244 1418 2308 1469 ὲκ
2345 1414 2623 1487 Παρθένου
2649 1416 2743 1467 καὶ
2770 1413 3110 1483 Πνεύματος,
3137 1415 3476 1469 τεκταίνεται
3503 1416 3593 1470 τὸν
3621 1417 3810 1470 αὐτόν·

2242 1507 2430 1578 ἐπειδὴ
2466 1507 2561 1560 καὶ
2585 1508 2704 1559 κατ’
2733 1507 2927 1577 ἀρχὰς,
2961 1505 3127 1574 οὔσης
3156 1506 3424 1577 παρθένου
3461 1507 3563 1577 γῆς
3605 1506 3681 1560 ἔτι
3722 1508 3819 1562 καὶ

2241 1600 2502 1671 ὰνηρότου
2529 1638 2543 1662 ,
2592 1598 2772 1650 λαϐὼν
2818 1598 2944 1669 χοῦν
2970 1639 2985 1663 ,
3036 1598 3097 1650 τὸ
3138 1597 3501 1666 λογικώτατον
3543 1599 3820 1655 ἐπλάσατο

2243 1690 2381 1755 ζῶον
2418 1692 2510 1744 ἀπ’
2532 1690 2706 1761 αὐτῆς
2731 1693 2760 1744 ό
2788 1691 2922 1755 Θεὸς
2950 1690 3079 1749 ἄνευ
3104 1692 3336 1763 σπορᾶς.

1701 1898 1832 1954 CAP.
1864 1899 1927 1954 V.
1963 1896 2210 1952 Ieremia:
2246 1896 2394 1950 locus
2421 1910 2697 1964 expensus.

640 2020 795 2075 Adsit
826 2020 958 2074 mihi
985 2019 1151 2088 hujus
1203 2016 1278 2072 rei
1324 2017 1482 2071 testis
1517 2016 1746 2071 idoneus
1777 2023 1830 2070 et
1859 2014 2099 2069 disertus
2120 2053 2133 2076 ,

2308 2012 2416 2065 Καί
2449 2029 2538 2082 μοι
2568 2011 2827 2081 ἐχέγγυος
2864 2009 3075 2082 μάρτυς
3120 2012 3215 2065 καὶ
3259 2011 3435 2083 σαφὴς
3462 2014 3491 2066 ὁ
3534 2015 3818 2087 προφήτης

569 2114 829 2185 propheta
850 2110 1114 2167 Jeremias
1140 2131 1153 2165 :
1194 2110 1257 2164 Et
1282 2109 1547 2174 descendi,
1574 2109 1746 2180 inquit
1764 2109 1830 2175 δ’,
1846 2108 1897 2160 in
1921 2106 2135 2161 domum

569 2205 721 2275 ﬁguli
741 2220 758 2267 ;
812 2212 859 2257 et
892 2220 1004 2257 ecce
1032 2203 1139 2270 ipse
1179 2201 1407 2269 faciebat
1441 2215 1569 2268 opus
1601 2214 1756 2267 super
1788 2195 2007 2264 lapides.
2068 2194 2136 2248 Et

568 2293 753 2350 cecidit
786 2309 899 2354 vas,
925 2293 1059 2363 quod
1102 2292 1213 2358 ipse
1248 2290 1475 2358 faciebat
1520 2290 1575 2342 in
1607 2296 1715 2342 suis
1743 2286 2005 2341 manibus.
2070 2285 2139 2338 Et

569 2406 756 2443 rursus
785 2387 906 2456 fecit
949 2402 1037 2438 vas
1072 2382 1204 2436 illud
1253 2383 1480 2436 alterum
1509 2422 1524 2443 ,
1580 2382 1715 2433 sicut
1762 2379 2035 2449 placuerat
2085 2379 2139 2430 in

568 2487 847 2547 conspectu
876 2491 971 2529 suo
1012 2472 1202 2540 facere.
1259 2471 1447 2525 Adhuc
1481 2469 1627 2525 enim
1658 2468 1786 2521 dum
1821 2483 1884 2522 ex
1916 2469 2052 2531 luto,
2084 2476 2143 2521 ut

571 2571 654 2628 sic
697 2571 980 2630 dicamus,
1042 2567 1285 2620 Adamus
1342 2563 1668 2617 lormaretur
1702 2577 1823 2617 cum
1856 2561 2035 2617 mollis
2087 2568 2142 2616 et

569 2659 712 2715 udus
743 2666 906 2722 esset,
929 2671 993 2711 ac
1025 2657 1253 2711 necdum
1275 2654 1430 2724 quasi
1456 2670 1555 2723 pro
1578 2661 1729 2708 testa:
1756 2654 1887 2718 ritu,
1920 2652 2142 2707 immor-

566 2753 779 2808 talitate
827 2758 1085 2807 excoctus
1123 2756 1178 2802 et
1208 2747 1438 2801 duratus
1467 2744 1678 2811 luisset,
1712 2754 1935 2815 peccato
1979 2752 2143 2814 gutta:

567 2840 743 2896 instar
768 2839 1065 2895 distillante
1089 2852 1153 2891 ac
1177 2835 1445 2890 deﬂuente
1464 2874 1479 2897 ,
1507 2835 1810 2890 dissolutus
1832 2843 1937 2889 est.
1962 2833 2143 2900 Quare

568 2950 694 2990 eum
726 2950 917 2988 rursus
951 2932 1018 2985 ab
1046 2933 1255 3000 integro
1282 2929 1672 2994 madefaciens,
1704 2943 1877 2998 exque
1905 2928 2017 2980 luto
2046 2942 2142 2983 vas

567 3029 625 3083 in
656 3028 919 3081 honorem
950 3026 1016 3089 “,
1047 3024 1299 3080 eumdem
1330 3020 1473 3077 Deus
1510 3023 1772 3087 formans,
1812 3022 1868 3074 iu
1891 3018 2143 3089 virginali

568 3120 805 3189 primum
858 3118 1062 3172 durans
1104 3125 1159 3169 et
1208 3114 1561 3183 compingens
1619 3121 1808 3176 utero,
1875 3112 2145 3181 simulque

475 3272 480 3279 _
569 3211 764 3267 uniens
793 3225 855 3264 ac
886 3209 1121 3264 miscens
1152 3204 1352 3272 Verbo,
1386 3204 1619 3260 solidum
1658 3203 2061 3273 infractumque
2087 3203 2144 3257 in

566 3307 733 3358 vitam
764 3305 972 3368 eduxit,
1004 3318 1071 3356 ne
1101 3316 1293 3355 rursus
1339 3297 1732 3353 inundantibus
1764 3296 2013 3365 corporis
2042 3295 2142 3348 llu-

2250 2104 2517 2174 Ὶερεμὶας
2543 2103 2798 2173 παρήτω,
2835 2102 2941 2156 Kal
2982 2102 3237 2169 κατέϐην
3271 2105 3358 2168 είς
3382 2103 3488 2156 τόν
3513 2100 3677 2157 οἷκον
3710 2105 3817 2157 τοῦ

2240 2197 2571 2265 κεραμέως,
2620 2194 2823 2263 λέγων,
2860 2195 2957 2249 καὶ
3016 2194 3143 2247 ιδοὺ
3193 2196 3375 2260 αὐτὸς
3410 2196 3594 2249 ἐποίει
3641 2197 3820 2265 ἔργον

2238 2288 2339 2341 ἐπὶ
2376 2286 2495 2339 τῶν
2531 2285 2736 2339 λίθων.
2760 2284 2869 2340 Kal
2912 2283 3154 2337 διέπεσε
3194 2284 3259 2337 τὸ
3290 2285 3549 2354 ἀγγεῖον,
3577 2285 3608 2338 ὃ
3636 2288 3819 2353 αὐτὸς

2240 2379 2427 2431 ἐποίει
2458 2377 2528 2428 ἑν
2560 2374 2691 2441 ταῖς
2716 2374 2928 2442 χερσὶν
2949 2372 3156 2426 αὑτοῦ.
3186 2374 3293 2427 Kal
3317 2372 3502 2426 πάλιν
3530 2375 3821 2441 ἐποίησεν

2243 2466 2387 2523 αὺτύ
2444 2465 2685 2534 ἀγγεῖον
2742 2464 2949 2531 ἕτερον
2978 2503 2993 2528 ,
3064 2464 3254 2530 καθὼς
3307 2465 3525 2532 ἤρεσεν
3563 2465 3821 2520 ἐνώπιον

2242 2560 2428 2615 αὐτοῦ
2463 2558 2569 2613 τοῦ
2608 2556 2879 2626 ποιῆσαι.
2906 2559 3029 2611 Ἔτι
3068 2558 3176 2630 γὰρ
3218 2558 3685 2630 πηλουργούμενον
3725 2558 3822 2612 τὸν

2256 2650 2446 2720 Ἀδὰμ,
2474 2650 2549 2713 ὡς
2594 2648 2742 2701 ἐστιν
2773 2649 2967 2711 εἰπεῖν,
2998 2650 3092 2701 καὶ
3114 2648 3313 2720 τηκτὸν
3339 2650 3466 2703 ὄντα
3502 2650 3596 2703 καὶ
3622 2650 3814 2722 ὑδαρῆ,

2243 2744 2338 2797 καὶ
2372 2743 2595 2813 μηδέπω
2623 2740 2925 2811 φθάσαντα,
2954 2742 3107 2813 δίκην
3133 2742 3419 2813 ὀστράκου,
3446 2746 3511 2813 τῇ
3545 2744 3823 2816 ἀφθαρσίᾳ.

2244 2834 2671 2907 κραταιωθῆναι,
2700 2832 2844 2905 ὕδωρ
2869 2832 3058 2904 ὥσπερ
3080 2833 3505 2905 καταλειϐομένη
3529 2837 3619 2888 καὶ
3645 2853 3817 2889 κατα⁶

2246 2926 2533 2992 στάζουσα,
2573 2926 2813 2979 διέλυσεν
2849 2926 3010 2979 αὐτὸν
3055 2927 3087 2994 ἡ
3122 2927 3384 2996 ἁμαρτία.
3425 2926 3516 2979 Διὸ
3557 2925 3621 2996 δὴ
3655 2924 3823 2980 πάλιν

2244 3018 2449 3073 ἄνωθεν
2482 3019 2755 3073 ἁναδεύων
2801 3019 2912 3089 (45)
2958 3019 3052 3072 καὶ
3095 3019 3486 3089 πηλοπλαστῶν
3528 3021 3617 3073 τὸν
3658 3019 3821 3073 αὑτὸν

2243 3114 2324 3176 εἰς
2346 3112 2511 3185 τιμὴν
2532 3115 2560 3164 ό
2586 3112 2740 3175 Θεὸς,
2772 3115 2831 3165 ὲν
2863 3114 2928 3181 τῇ
2965 3110 3263 3183 παρθενικῇ
3302 3111 3647 3184 κραταιώσας
3668 3111 3825 3183 πρῶ-

2244 3222 2335 3258 τον
2361 3205 2454 3257 καὶ
2481 3203 2657 3273 πήξας
2685 3204 2888 3274 μήτρᾳ,
2918 3204 3012 3257 καὶ
3032 3203 3331 3266 συνενώσας
3359 3205 3451 3257 καὶ
3475 3205 3821 3275 συγκεράσας

2245 3297 2323 3367 τῷ
2348 3296 2524 3365 Λόγῳ,
2564 3295 2797 3367 ἄτηκτον
2838 3294 2931 3347 καὶ
2961 3294 3266 3366 ἄθραυστον
3302 3294 3571 3365 ἐξήγαγεν
3616 3297 3696 3358 εἰς
3726 3295 3823 3349 τὸν

563 3397 748 3458 sibus,
781 3402 1059 3449 contracta
1106 3392 1232 3446 tabe
1258 3391 1553 3446 decideret.
1593 3388 1680 3443 Uti
1713 3389 1876 3443 etiam
1906 3387 1960 3441 in
1990 3401 2141 3457 para-

2246 3390 2388 3460 βίον·
2429 3391 2515 3443 ἵνα
2559 3388 2633 3460 μὴ
2663 3388 2823 3441 πάλιν
2858 3391 2967 3451 τοῖς
2998 3389 3096 3459 τῆς
3134 3388 3335 3459 φθορᾶς
3363 3387 3561 3453 ἔξωθεν
3601 3388 3824 3441 ἐπικλυ-

563 3488 687 3543 hola
716 3489 948 3541 inventae
974 3487 1090 3541 uvis
1123 3486 1364 3540 cernitur
1394 3482 1657 3539 Dominus
1681 3482 1899 3544 docere,
1932 3480 2022 3535 ubi
2072 3479 2140 3534 ad

563 3587 807 3636 astantes
834 3579 909 3633 ait
935 3578 1194 3632 Dominus
1226 3592 1381 3632 meus
1428 3594 1442 3630 :
1480 3576 1611 3642 Quis
1658 3589 1724 3629 ex
1773 3573 1912 3628 vobis
1962 3575 2137 3639 homo,

562 3671 654 3742 qui
670 3670 1036 3724 habetcentum
1075 3685 1189 3722 oves
1212 3684 1230 3721 :
1256 3678 1306 3722 et
1338 3669 1385 3721 si
1404 3667 1690 3735 perdiderit
1716 3682 1877 3719 unam
1895 3680 1960 3719 ea:
1981 3665 2093 3717 illis
2120 3704 2136 3729 ,

564 3777 736 3816 nonne
761 3761 1003 3830 relinquit
1040 3761 1326 3828 nonaginta
1360 3776 1539 3812 novem
1567 3760 1619 3811 in
1649 3758 1877 3821 deserto,
1906 3766 1955 3810 et
1996 3755 2140 3810 vadit

567 3854 635 3908 ad
666 3853 815 3906 illam
843 3869 959 3923 qua:
1005 3852 1253 3921 perierat,
1287 3850 1448 3904 donec
1484 3851 1709 3903 inveniat
1738 3851 1892 3904 eam?
1925 3848 1993 3901 Et
2024 3864 2142 3901 cum

564 3946 816 4000 invenerit
863 3961 1002 4009 eam,
1033 3943 1252 4013 imponit
1286 3943 1339 3996 in
1391 3943 1632 3995 humeros
1667 3957 1789 3995 suos
1811 3981 1825 4003 ,
1872 3939 2140 4010 gaudens;

563 4050 614 4095 et
648 4041 849 4094 veniens
872 4038 1107 4101 domum,
1142 4044 1389 4090 convocat
1418 4034 1614 4087 amicos
1646 4042 1695 4086 et
1722 4032 1942 4096 vicinos,
1964 4030 2141 4084 dicens

563 4133 713 4189 illis:
744 4130 1200 4204 Congratulamini
1225 4128 1394 4194 mihi,
1434 4128 1559 4198 quia
1595 4127 1764 4180 inveni
1796 4141 1937 4179 ovem
1971 4139 2140 4178 meam

561 4243 680 4298 quw
715 4227 942 4293 perierat
974 4221 1041 4280 “.

2243 3482 2392 3546 σθεὶς
2421 3481 2655 3553 ῥεύμασι
2702 3481 2964 3552 τηκεδόνα
3000 3482 3267 3550 γεννήσας
3318 3480 3580 3552 διαπέσῃ’
3622 3481 3697 3545 ώς
3726 3482 3825 3535 καὶ

2240 3573 2299 3624 ὲν
2333 3575 2398 3643 τῇ
2437 3572 2564 3643 περὶ
2604 3572 2703 3642 τῆς
2730 3572 3070 3642 ἀνευρέσεως
3103 3570 3198 3623 τοῦ
3234 3570 3507 3643 προϐάτου
3546 3571 3824 3640 φαίνεται,

2238 3664 2506 3717 διδάσκων
2540 3665 2569 3716 ὁ
2617 3662 2818 3735 Κύριος
2850 3661 3131 3732 παραϐολῇ
3154 3678 3167 3691 ·
3203 3660 3333 3714 ἔνθα
3362 3662 3525 3732 φησὶν
3559 3664 3587 3713 ὁ
3619 3660 3825 3731 Κύριός

2246 3774 2344 3827 μου
2398 3756 2535 3828 πρὸς
2577 3756 2704 3818 τοὺς
2738 3755 3187 3825 παρεστηκόταςσ
3225 3755 3319 3818 Τίς
3348 3754 3518 3806 ἐστιν
3547 3754 3616 3816 ἐξ
3655 3751 3824 3822 ὑμῶν

2243 3846 2574 3915 ἅνθρωπος,
2604 3845 2671 3911 ὃς
2698 3846 2822 3915 ἔχει
2850 3844 3067 3898 ἑκατὸν
3094 3845 3376 3910 πρόϐατα,
3407 3842 3524 3897 κᾶν
3542 3843 3823 3912 ἀπολέσῃ

2242 3939 2311 3992 ἓν
2337 3939 2410 4003 ἐξ
2442 3937 2660 4001 αὐτῶν,
2691 3941 2801 3991 οὐκ
2848 3938 3062 4005 ἀφίησι
3095 3938 3168 3988 τὰ
3203 3934 3602 4001 ἐννενήκοντα
3640 3935 3823 3990 ἐννέα

2242 4031 2340 4084 ἐπὶ
2371 4030 2496 4096 τοῖς
2534 4030 2720 4098 ὄρεσι,
2760 4030 2862 4083 καὶ
2913 4031 3223 4097 πορευθεὶς
3245 4031 3342 4083 ἐπὶ
3378 4032 3444 4084 τὸ
3477 4031 3817 4097 ἀπολωλὸς.

2243 4123 2404 4190 ζητεῖ
2439 4124 2583 4176 αὐτὸ
2603 4122 2715 4189 ἓως
2754 4122 2898 4189 εὕρῃ
2916 4137 2934 4185 ;
2971 4123 3081 4175 Kal
3115 4122 3307 4191 εὑρὼν
3345 4124 3686 4192 ἐπιτίθησιν
3716 4124 3817 4175 ἐπὶ

2244 4216 2385 4282 τοὺς
2413 4214 2610 4285 ὤμους
2644 4214 2829 4269 αὑτοῦ
2849 4232 2861 4243 ·
2892 4214 2989 4268 καὶ
3022 4213 3214 4269 ἐλθὼν
3242 4216 3329 4279 εὶς
3374 4211 3543 4268 οἷκον
3589 4231 3817 4284 συγκατ-

554 4322 749 4377 λεῖται
775 4320 916 4387 τοὺς
944 4321 1164 4390 φίλους
1202 4318 1299 4372 καὶ
1326 4316 1620 4386 γείτονας,
1682 4313 1877 4385 λέγων
1915 4329 1928 4342 ·
1993 4309 2339 4381 Συνχάρητέ
2371 4331 2507 4383 μοι,
2579 4312 2670 4365 ὅτι
2720 4311 2931 4380 εὑρέθη
2971 4310 3036 4365 τὸ
3084 4312 3379 4379 πρόϐατόν
3402 4328 3520 4380 μου
3554 4311 3618 4364 τὸ
3668 4312 3817 4364 dxe-

562 4419 779 4481 λωλός.

561 4525 694 4584 CAP.
718 4524 808 4580 Vl.
846 4524 1180 4594 Spiritalium
1206 4524 1379 4576 ovium
1414 4523 1613 4591 integer
1643 4536 1912 4573 numerus.
1951 4517 2145 4642 Hoztol,
2173 4520 2309 4571 alter
2339 4517 2404 4640 all:
2432 4518 2631 4588 angelis
2673 4519 2729 4572 in
2775 4517 2876 4572 Dei
2908 4517 3117 4571 laudem
3161 4516 3369 4570 chorus.
3423 4517 3545 4572 Ovis
3598 4519 3821 4588 perdith

1906 4607 2038 4642 vara
2078 4609 2106 4642 ο
2136 4607 2166 4642 a
2196 4604 2375 4642 exuas:
2404 4606 2456 4641 a.

1906 4604 2166 4659 paranota
2196 4604 2456 4657 exposita.

634 4712 904 4780 Quoniam
935 4713 1079 4767 enim
1120 4713 1236 4783 ipse
1264 4711 1546 4767 verissime
1567 4719 1685 4765 erat
1716 4721 1875 4779 atque
1905 4717 2010 4773 est,
2037 4709 2131 4779 qui
2165 4716 2208 4770 Ι)

562 4819 594 4860 a
626 4806 895 4876 principio
934 4816 1051 4859 erat
1087 4806 1229 4875 apud
1273 4804 1441 4860 Deum
1490 4815 1544 4858 et
1586 4803 1728 4859 Deus
1758 4812 1875 4859 erat
1900 4804 1945 4836 ⁸⁸
1968 4843 1985 4869 ,
2020 4804 2138 4873 ipse

563 4897 860 4966 imperator
882 4906 1174 4967 pastorque
1203 4896 1507 4951 caelestium
1533 4936 1547 4959 ,
1608 4897 1697 4951 cui
1747 4911 1937 4951 omnes
1968 4895 2136 4949 animi

562 4988 937 5059 obtemperant
957 5004 1022 5042 ac
1050 5004 1207 5059 quem
1251 4997 1577 5059 sequuntur,
1603 4989 1909 5059 composito
1940 5002 2135 5059 regens

558 5079 753 5134 ordine
775 5086 937 5150 atque
969 5095 1260 5135 numerans
1276 5081 1555 5137 beatorum
1586 5093 1761 5136 coetus
1793 5082 2129 5152 angelorum.

562 5166 663 5224 Hic
697 5171 843 5223 enim
896 5171 986 5225 ille
1024 5186 1121 5240 par
1171 5179 1253 5226 est
1304 5179 1358 5227 et
1408 5172 1684 5242 perfectus
1736 5170 2126 5225 immortalium

670 5324 715 5356 “
754 5324 883 5396 Cap.
924 5342 1082 5390 xvm,
1114 5342 1246 5380 rers.
1277 5325 1331 5389 3,
1371 5325 1424 5381 4.
1497 5324 1543 5357 ⁴³
1586 5322 1648 5377 II
1686 5323 1823 5378 Tim.
1866 5340 1927 5389 ιι,
1968 5323 2059 5391 20,
2100 5323 2188 5377 2L

559 5494 687 5535 caro
717 5496 780 5536 ex
804 5480 1010 5535 Adamo
1043 5487 1359 5551 pr0pagata,
1382 5486 1435 5551 et
1458 5494 1578 5548 quae
1600 5485 1753 5551 parte
1773 5478 1863 5551 ειή
1899 5477 2130 5548 quadam

560 5551 615 5606 in
641 5552 755 5620 ipso
784 5547 1076 5610 exstiteril,
1109 5547 1387 5619 assumpta
1414 5547 1574 5604 fuerit
1603 5565 1632 5601 a
1653 5547 1840 5620 iVerbo
1869 5564 1927 5620 se
1952 5551 2131 5603 incar-

560 5618 744 5676 nau'te.
770 5624 947 5690 Atque
974 5622 1095 5674 ideo
1122 5620 1363 5675 Adamus
1388 5621 1503 5690 ipse
1522 5618 1921 5690 quodammodo
1943 5636 2132 5675 secun-

559 5690 687 5744 dum
717 5689 918 5759 aliquid
953 5691 1037 5743 sui
1072 5690 1324 5757 Christus
1355 5689 1531 5745 fui-rit.
1564 5689 1773 5744 Possm.

632 5762 740 5833 (44)
775 5762 1189 5833 Πρεσϐύτατον
1224 5759 1343 5813 τῶν
1383 5759 1625 5833 αἰώνων.
1666 5762 1853 5833 Allat.,
1903 5764 2129 5820 saculo-

562 5829 680 5885 ruin
706 5831 1151 5900 antiquissimum,
1180 5833 1324 5901 quod
1357 5832 1526 5904 magis
1558 5832 1752 5905 placet.
1777 5829 1944 5887 GALL.

2318 4708 2540 4779 Ἐπειδὴ
2562 4708 2674 4780 γὰρ
2699 4707 2865 4771 αὐτὸς
2892 4706 2968 4770 ὡς
2992 4706 3207 4778 ἀληθῶς
3235 4702 3302 4778 ἦν
3334 4724 3392 4760 τε
3437 4712 3531 4762 καί
3559 4707 3727 4771 ἐστιν,
3756 4710 3817 4761 ἓν

2239 4803 2382 4874 ἀρχῇ
2410 4800 2485 4853 ὢν
2525 4802 2663 4872 πρὸς
2704 4801 2795 4853 τὸν
2835 4801 2985 4865 Θεὸν,
3012 4800 3106 4851 καὶ
3145 4798 3275 4863 Θεὸς
3314 4799 3409 4864 ὢν,
3445 4802 3474 4853 ό
3515 4801 3817 4872 ἀρχιστράο

2238 4910 2406 4962 τηγος
2434 4895 2528 4946 καὶ
2579 4893 2781 4964 ποιμὴν
2823 4893 2931 4945 τῶν
2959 4893 3077 4945 κατ’
3108 4894 3334 4964 οὐρανὸν
3354 4933 3368 4955 ,
3400 4887 3444 4959 ᾧ
3479 4893 3655 4945 πάντα
3698 4893 3815 4946 πεί·

2240 4985 2423 5039 θονται
2467 4988 2562 5038 καὶ
2613 4985 2911 5055 ὀμαρτοῦσι
2962 4986 3029 5039 τὰ
3089 4985 3318 5053 λογικὰ,
3368 4984 3464 5037 καὶ
3512 4986 3814 5055 ποιμαίνων

2237 5079 2513 5142 εὐτάκτως
2564 5080 2658 5131 καὶ
2716 5077 2964 5150 ἀριθμῶν
3014 5079 3082 5132 τὰ
3140 5077 3319 5149 πλήθη
3374 5076 3480 5129 τῶν
3528 5080 3815 5149 μακαρίων

2236 5170 2502 5239 ἀγγέλων.
2529 5167 2695 5234 Οὗτος
2722 5170 2829 5242 γὰρ
2859 5172 2971 5235 ἴσος
2998 5172 3091 5225 καὶ
3119 5170 3324 5232 τέλειος
3356 5168 3586 5239 ἀριθμὸς
3615 5171 3815 5226 ἀθανά-

2266 5326 2313 5356 δδ
2350 5323 2478 5378 Luc.
2521 5341 2612 5389 xv,
2652 5326 2705 5390 4,
2747 5326 2799 5380 6.
2876 5328 2923 5361 ⁵³
2959 5325 3122 5380 Joan.
3167 5343 3207 5389 ι,
3250 5327 3300 5381 1.

2312 5480 2424 5554 (ιδ)
2468 5482 2812 5537 Ἆναδεύων.
2854 5481 3173 5554 Infundens.
3226 5482 3565 5554 subigenqu
3605 5499 3623 5538 :
3664 5484 3812 5553 quod

2245 5548 2361 5603 Vat.
2390 5553 2741 5623 ἁναμορφῶν,
2778 5548 3075 5622 reforiitans
3104 5561 3267 5623 atque
3310 5548 3634 5608 instaurans.
3673 5548 3810 5610 illud

2237 5624 2466 5691 propius
2508 5624 2730 5678 modum
2781 5624 3034 5693 attingit,
3076 5639 3186 5690 quo
3224 5640 3289 5677 ex
3328 5625 3438 5678 luto
3474 5625 3678 5692 aliquid
3722 5640 3812 5679 re-

2241 5694 2633 5762 lingitur:elsi
2691 5710 2801 5747 non
2858 5693 3092 5756 videtur,
3144 5695 3288 5762 quod
3331 5695 3441 5763 jam
3494 5704 3630 5747 tosta
3687 5694 3806 5755 fuit,

2237 5764 2431 5837 quavis
2463 5764 2737 5817 inlusione
2765 5766 2817 5817 in
2852 5764 2946 5837 luti
2984 5767 3265 5818 materiam
3308 5765 3481 5837 subigi
3528 5780 3710 5835 posse,
3751 5781 3810 5823 ut

2232 5835 2359 5890 inde
2380 5849 2476 5890 vas
2504 5837 2860 5889 instaurctur.
2886 5834 3174 5890 ςοκεεῐιε.
