4140 6410
388 390 461 447 69
1444 388 1831 445 CONVIVIUM
1869 388 2100 445 DECEM
2140 388 2501 445 VIRGINUM.
3564 401 3633 458 το

385 524 493 562 των
516 504 689 572 ζώων,
718 507 861 562 κατὰ
891 508 1081 577 γενεὰς
1107 511 1200 563 καὶ
1233 510 1404 579 φυλὰς
1433 512 1800 585 διῃρημένων,
1832 528 1948 583 συμ

2065 511 2379 566 animalium
2408 527 2691 577 numerus,
2724 528 2821 583 per
2844 514 3197 585 cognationes
3232 517 3515 591 tribusque
3545 520 3634 576 di-

390 596 835 668 παραληφθέντος
881 598 1111 652 ἐνταῦθα
1142 603 1208 671 τῇ
1257 602 1461 674 ποίμνῃ
1498 602 1593 654 καὶ
1623 602 1716 655 τοῦ
1751 601 1959 672 ἀνθρὼ-

386 711 509 748 που.
550 694 987 766 Δεδημιούργητο
1013 694 1122 766 γὰρ
1151 696 1246 748 καὶ
1277 696 1437 757 αὐτὸς
1482 695 1586 760 ἔξω
1609 696 1832 768 φθορᾶς,
1872 697 1958 748 ἵνα

383 785 477 839 τὸν
524 785 744 856 βασιλέα
791 788 1021 858 γεραίρῃ
1070 787 1285 841 πάντων
1340 789 1434 841 καὶ
1473 788 1700 860 ποιητὴν
1726 830 1739 853 ,
1810 789 1957 842 ἀντί-

386 874 601 944 φθογγα
635 875 884 946 μελῳδῶν
913 880 1030 940 ταῖς
1062 876 1168 930 τῶν
1214 878 1459 947 ἀγγέλων
1487 880 1545 946 ἐξ
1597 881 1825 950 ούρανοῦ
1863 898 1958 950 φε-

389 966 645 1037 ρομέναις
671 966 840 1036 βοαῖς.
876 967 1013 1019 Ἀλλ’
1041 969 1163 1021 ἐπεὶ
1188 968 1386 1038 συνέϐη
1419 969 1829 1041 παρεληλυθότα
1859 970 1957 1042 τὴν

392 1059 609 1129 ἐντολὴν
632 1102 646 1124 ,
677 1058 915 1131 ὀλέθριον
949 1058 1149 1131 πτῶμα
1188 1061 1283 1114 καὶ
1310 1059 1480 1115 δεινὸν
1526 1064 1709 1114 πεσεῖν
1752 1064 1831 1126 εἰς
1863 1062 1959 1116 θά-

381 1170 539 1207 νατον
578 1154 1094 1225 ἀναστοιχειωθέντα
1115 1171 1128 1185 ·
1159 1154 1247 1208 διὰ
1282 1155 1439 1209 τοῦτό
1472 1173 1633 1228 φησιν
1670 1157 1699 1209 6
1731 1154 1953 1228 Κύριος,

381 1248 570 1301 ἑαυτὸν
620 1251 700 1312 είς
744 1249 836 1303 τὸν
877 1249 990 1319 βίον
1041 1252 1105 1303 ὲκ
1164 1248 1272 1302 τῶν
1319 1250 1562 1322 οὐρανῶν
1608 1249 1954 1321 ἐληλυθέναι,

381 1339 809 1394 καταλελοιπότα
856 1340 955 1405 τὰς
1002 1341 1185 1405 τάξεις
1228 1344 1323 1396 καὶ
1348 1341 1416 1395 τά
1467 1341 1801 1412 στρατόπεδα
1847 1339 1955 1393 τῶν

380 1432 651 1500 ἀγγέλων.
689 1432 1116 1486 Ἀπεικονιστέον
1143 1432 1250 1504 γὰρ
1278 1433 1343 1486 τὰ
1376 1433 1470 1503 μὲν
1515 1431 1615 1503 ὅρη
1652 1435 1762 1496 τοῖς
1797 1431 1957 1501 οὐρα-

381 1525 524 1584 νοῖς·
554 1522 622 1575 τὰ
668 1522 723 1575 δὲ
757 1524 1103 1590 ἐννενήκοντα
1146 1523 1301 1577 ἐννέα
1334 1522 1581 1594 πρόϐατα
1625 1524 1745 1585 ταῖς
1800 1521 1956 1574 δυνά-

384 1630 508 1684 μεσι
542 1614 637 1667 κα)⁵
660 1617 778 1677 ταῖς
822 1615 1016 1685 ἀρχαῖς
1048 1616 1142 1668 καὶ
1186 1618 1306 1679 ταῖς
1348 1615 1635 1682 ἐξουσίαις,
1677 1612 1743 1678 ἃς
1785 1631 1954 1668 κατα-

379 1707 658 1773 λέλοιπεν,
706 1707 1042 1778 ἀναζητῆσαι
1084 1707 1355 1761 κατελθὼν
1385 1708 1448 1761 τὸ
1500 1706 1775 1768 ἀπολωλὸς
1823 1704 1955 1777 πρό-

378 1800 562 1867 ϐατον,
594 1803 621 1854 6
658 1801 959 1871 στρατηγὸς
988 1802 1083 1853 καὶ
1109 1802 1335 1871 ποιμήν.
1363 1800 1584 1853 Ἔλειπε
1613 1798 1721 1870 γὰρ
1745 1798 1953 1870 ἀνθρω-

378 1909 480 1945 πον
518 1895 597 1956 είς
632 1892 729 1963 τὴν
780 1892 958 1962 βίϐλον
1003 1891 1468 1961 ἐγκαταλεχθῆναι
1486 1891 1689 1960 ταύτην
1731 1889 1810 1943 ἔτι
1860 1890 1954 1942 καὶ

375 1983 468 2036 τὸν
529 1984 794 2056 ἀριθμὸν,
851 1984 1219 2054 βαστάσαντος
1253 1984 1415 2036 αὑτὸν
1466 1982 1560 2035 τοῦ
1610 1982 1814 2051 Κυρίου
1862 1982 1955 2034 καὶ

378 2076 827 2146 ἀμφιεσαμένουο
878 2076 965 2128 ἵνα
1001 2074 1075 2145 μὴ
1132 2075 1227 2128 καὶ
1280 2074 1474 2138 πάλιν,
1514 2074 1589 2136 ὡς
1635 2072 1791 2143 ἔφην,
1836 2074 1955 2135 ταῖς

375 2168 691 2237 τρικυμίαις
740 2167 834 2219 καὶ
891 2170 1013 2229 ταῖς
1067 2166 1302 2228 ἀπάταις
1353 2164 1733 2237 περικλυσθεὶς
1788 2180 1956 2217 κατα-

377 2260 648 2331 ποντωθῇ.
705 2259 887 2331 Ταύτῃ
940 2258 1048 2330 γὰρ
1108 2261 1199 2313 τὸν
1254 2259 1537 2330 ἄνθρωπον
1591 2258 1877 2326 ἀνείληφεν
1926 2258 1955 2310 6

373 2349 569 2416 Λόγος,
599 2351 748 2413 ὅπως
784 2350 846 2420 δὴ
876 2350 941 2402 δι’
985 2349 1150 2402 αὑτοῦ
1191 2349 1469 2421 καταλύσῃ
1496 2348 1594 2419 τὴν
1630 2350 1713 2400 ἐπ’
1748 2346 1953 2418 ὀλέθρῳ

373 2442 659 2507 γεγονυῖαν
711 2438 1042 2510 καταδίκην,
1096 2441 1333 2509 ἡττήσας
1369 2440 1460 2493 τὸν
1518 2439 1660 2506 ὅφιν.
1707 2435 1951 2507 Ἥρμοζε

371 2529 482 2600 γὰρ
514 2530 587 2601 μὴ
622 2529 687 2582 δι’
733 2530 919 2602 ἐτέρου
963 2529 1249 2599 νικηθῆναι
1280 2531 1371 2583 τὸν
1411 2530 1665 2601 πονηρὸν,
1709 2527 1843 2582 ἀλλά
1884 2527 1952 2581 δι’

373 2622 604 2685 ἐκείνου,
637 2622 695 2674 ὃν
728 2621 790 2691 δὴ
823 2620 916 2673 καὶ
941 2621 1254 2691 ἐκόμπαζεν
1292 2622 1578 2692 ἀπατήσας
1611 2620 1773 2674 αὑτὸν
1798 2637 1952 2673 τετυ-

378 2711 703 2782 ραννηκέναι
725 2727 738 2741 ⁸
770 2710 850 2763 ὅτι
888 2710 961 2781 μὴ
984 2709 1157 2774 ἄλλως
1180 2712 1279 2783 τὴν
1306 2712 1580 2783 ἁμαρτίαν
1604 2710 1828 2780 λυθῆναι
1855 2710 1951 2764 καὶ⁵

370 2804 474 2877 τὴν
523 2804 847 2875 κατάκρισιν
893 2802 1118 2856 δυνατὸν
1169 2798 1258 2874 ἦν,
1312 2806 1359 2856 εί
1396 2804 1469 2875 μὴ
1510 2803 1670 2856 πάλιν
1712 2805 1741 2856 ὁ
1788 2802 1951 2866 αὐτὸς

374 2897 578 2958 ἐκεῖνος
612 2896 912 2968 ἄνθρωπος,
943 2895 1009 2948 δι’
1058 2895 1116 2948 ὃν
1159 2896 1343 2966 εἴρητο
1378 2896 1436 2949 τὸ
1479 2895 1570 2964 Γῆ
1618 2892 1688 2960 εἷ,
1724 2895 1823 2948 καὶ
1862 2896 1950 2960 εἰς

373 2986 491 3056 γῆν
522 2989 856 3056 ἀπελεύσῃ,
888 2986 1253 3050 ἀναπλασθεὶς
1279 2986 1385 3059 (46)
1422 2987 1645 3061 ἀνέλυσε
1688 2986 1785 3057 τὴν
1814 2986 1949 3039 ἀπό-

372 3094 559 3145 φασιν,
581 3078 678 3147 τὴν
700 3078 766 3130 δι’
788 3077 947 3131 αὐτὸν
967 3078 1048 3142 είς
1075 3079 1282 3141 πάντας
1303 3077 1725 3149 ὲξενηνεγμένην
1740 3094 1753 3107 ·
1774 3078 1943 3141 ὅπως,

373 3167 555 3232 καθὼς
580 3170 637 3223 ἐν
662 3168 741 3239 τῷ
778 3168 948 3239 Ἀδάμ
974 3168 1239 3241 πρότερον
1265 3168 1466 3231 πάντες
1494 3167 1944 3238 ἀποθνήσκουσιν,

2064 604 2324 665 visorum,
2355 613 2644 674 aggregato
2690 605 2779 660 hic
2827 607 2919 661 tali
2969 609 3115 678 gregi
3167 609 3330 664 etiam
3390 612 3630 670 homine.

2061 694 2195 748 Nam
2224 706 2277 748 et
2309 697 2424 765 ipse
2452 697 2821 765 corruptionis
2852 712 3044 755 exsors
3073 710 3294 756 creatus
3323 710 3427 768 est,
3455 712 3514 758 ut
3541 721 3634 761 re-

2063 799 2179 854 gem
2207 784 2586 839 universorum
2613 793 2667 839 et
2703 794 3024 853 creatorem,
3056 790 3230 845 altero
3253 792 3398 846 velut
3426 795 3595 849 choro
3613 836 3631 861 ,

2063 880 2378 950 angelorum
2403 896 2433 935 e
2457 882 2595 935 cmlo
2626 882 2957 939 clamoribus
2991 888 3351 954 respondente
3375 929 3390 954 ,
3444 892 3635 947 lamia-

2062 980 2144 1027 ret
2172 988 2235 1027 ac
2257 974 2578 1029 celebraret.
2609 973 2714 1029 Sed
2753 975 2878 1044 quia
2903 978 3239 1048 contingeret
3261 997 3404 1049 enim,
3429 984 3633 1040 violato

2060 1065 2156 1120 Dei
2191 1066 2471 1129 mandato,
2504 1065 2655 1134 gravi
2708 1080 2773 1119 ac
2812 1066 3043 1123 exitioso
3075 1069 3231 1140 lapsu
3286 1087 3546 1130 corruere
3572 1076 3632 1130 in

2061 1166 2290 1213 mortem
2317 1160 2640 1222 resolutum,
2683 1167 2969 1229 propterea
2996 1161 3126 1216 dicit
3168 1163 3451 1233 Dominus,
3486 1183 3544 1223 se
3571 1169 3631 1224 in

2061 1248 2345 1314 mundum,
2377 1251 2585 1307 relictis
2646 1253 2908 1321 angelicis
2949 1254 3234 1311 ordinibus
3272 1272 3336 1312 ac
3388 1260 3631 1315 cohorti-

2060 1341 2184 1402 bus,
2212 1356 2242 1394 e
2269 1343 2426 1396 cmlis
2456 1344 2688 1399 venisse.
2726 1344 2935 1401 Montes
2967 1348 3111 1401 enim
3141 1349 3309 1405 caelos
3344 1350 3631 1423 designare

2061 1432 2360 1502 putandum
2391 1442 2507 1498 est;
2551 1449 2647 1503 per
2695 1449 2823 1489 oves
2860 1450 2990 1489 vero
3048 1438 3344 1508 nonaginta
3391 1457 3582 1498 novem
3608 1485 3626 1510 ,

2059 1525 2293 1579 virtutes
2321 1532 2375 1578 et
2412 1526 2751 1596 principatus
2785 1537 2838 1582 et
2884 1536 3176 1599 potestates
3199 1546 3334 1601 quas
3364 1535 3624 1606 reliquit,

2060 1614 2396 1669 descendens
2429 1616 2544 1684 ipse
2571 1616 2640 1669 im
2649 1624 2869 1686 pcrator
2890 1625 2943 1671 et
2980 1629 3165 1687 pastor
3190 1617 3255 1671 ad
3280 1621 3626 1689 quaerendam

2060 1721 2213 1761 ovem
2239 1723 2360 1777 quae
2410 1698 2664 1777 perierat.
2714 1707 2975 1763 Restabat
3024 1710 3166 1765 enim
3212 1719 3268 1764 ut
3297 1721 3351 1765 et
3382 1712 3545 1767 homo
3570 1713 3627 1770 in

2059 1798 2199 1852 hanc
2240 1800 2582 1853 matriculam
2613 1809 2665 1854 et
2705 1800 3011 1869 catalogum
3061 1800 3425 1868 adji‘ceretnr,
3468 1819 3627 1873 quem

1984 1922 2028 1977 Β
2054 1890 2172 1959 ipse
2196 1888 2455 1945 Dominus
2489 1900 2725 1962 gestaret
2763 1906 2825 1945 ac
2856 1891 3123 1947 induisset
3153 1911 3166 1947 :
3201 1910 3269 1949 ne
3299 1911 3523 1960 rursus,
3550 1899 3627 1952 uti

2060 1980 2305 2033 dicebam
2327 2020 2341 2045 ,
2393 1981 2713 2035 tricumanis
2744 1980 2997 2036 ﬂuctibus
3040 1981 3432 2054 fraudibusque
3460 1986 3628 2040 obru-

2060 2077 2169 2133 tus,
2202 2070 2311 2123 imo
2344 2070 2533 2141 pelago
2577 2079 2931 2140 mergeretur.
2985 2069 3062 2126 Eo
3111 2089 3348 2143 namque
3397 2078 3628 2134 consilio

2059 2169 2348 2231 susceptus
2379 2177 2408 2213 a
2434 2160 2614 2216 Verbo
2652 2161 2814 2216 homo
2852 2170 2955 2226 est,
2988 2171 3067 2225 ut,
3092 2165 3304 2219 devicto
3332 2176 3582 2236 serpente
3606 2208 3625 2234 ,

2060 2270 2161 2310 suo
2192 2270 2416 2309 munere
2442 2263 2605 2325 atque
2638 2269 2822 2325 opera,
2842 2256 3079 2312 hominis
3102 2259 3269 2312 exitio
3299 2261 3461 2313 latam
3492 2275 3628 2316 con-

2058 2346 2456 2402 demnationem
2491 2347 2742 2403 dilueret.
2803 2347 3243 2404 Consentaneum
3292 2351 3490 2422 quippe
3524 2352 3630 2409 fuit

2058 2455 2165 2493 non
2199 2439 2268 2492 ab
2294 2438 2401 2491 alio
2427 2438 2569 2491 vinci
2601 2437 2878 2491 diabolum
2908 2454 3071 2509 quam
3096 2440 3165 2495 ab
3204 2441 3297 2495 illo
3325 2441 3443 2511 ipso
3463 2457 3628 2513 quem

2057 2546 2085 2583 a
2110 2544 2168 2583 se
2193 2527 2477 2583 seductum
2518 2543 2629 2582 suae
2663 2543 2723 2582 se
2765 2530 3036 2599 tyrannidi
3080 2530 3383 2598 subjecisse
3429 2533 3631 2604 gloria-

2055 2621 2235 2675 batur.
2263 2618 2397 2673 Nam
2428 2634 2602 2689 neque
2634 2619 2792 2673 aliter
2823 2620 2957 2674 solvi
2992 2629 3272 2689 peccatum
3324 2634 3377 2677 et
3400 2623 3631 2680 damna-

2057 2713 2261 2766 tionem
2297 2711 2501 2766 aboleri
2529 2710 2789 2782 possibile
2812 2720 2949 2776 erat,
2985 2714 3091 2768 nisi
3132 2729 3327 2769 rursus
3371 2714 3462 2769 ille
3511 2715 3630 2785 ipse

2056 2806 2220 2860 homo
2240 2804 2312 2859 ob
2339 2819 2501 2873 quem
2533 2803 2737 2857 dictum
2779 2811 2916 2871 erat,
2968 2805 3131 2859 Terra
3188 2823 3264 2870 es,
3317 2816 3367 2859 et
3416 2808 3472 2861 in
3519 2817 3628 2864 ιον-

2055 2916 2172 2953 ram
2189 2899 2459 2953 reverteris
2478 2898 2544 2962 “,
2564 2897 2911 2963 reformatus,
2931 2914 3050 2968 qua:
3065 2899 3183 2969 ejus
3199 2906 3350 2954 reatu
3367 2900 3420 2954 in
3436 2915 3628 2957 omnes

2055 2995 2392 3060 pervaserat,
2432 2988 2757 3042 sententiam
2790 2989 3168 3059 antiquasset:
3203 2998 3261 3044 ut
3292 2991 3433 3046 sicut
3472 2992 3627 3061 prius

2053 3082 2110 3135 in
2130 3081 2302 3134 Adam
2334 3096 2524 3136 omnes
2556 3081 2946 3144 moriebantur,
2971 3082 3051 3137 sic
3078 3093 3129 3137 et
3168 3082 3224 3136 in
3262 3081 3481 3139 Christo
3502 3098 3626 3139 rur-

2055 3190 2150 3230 sus
2195 3173 2289 3244 qui
2337 3173 2607 3229 Adamum
2652 3174 3081 3244 assumpsisset,
3136 3188 3324 3230 omnes
3382 3174 3625 3230 viviﬁca-

370 3259 514 3314 οὕτω
550 3261 613 3333 δὴ
660 3262 821 3315 πάλιν
853 3262 948 3315 καὶ
997 3262 1056 3314 ἐν
1106 3261 1185 3333 τῷ
1226 3261 1537 3334 ἀνειληφότι
1590 3258 1810 3332 Χριστῷ
1856 3258 1947 3314 τὸν
1974 3274 2016 3332 c
2051 3275 2239 3321 rentur
2272 3267 2339 3322 ⁸⁷.

384 3352 553 3424 Ἀδὰμ
585 3354 785 3417 πάντες
815 3354 1215 3427 ζωοποιηθῶσι.

865 3496 994 3551 Car.
1025 3495 1139 3551 VII.
1172 3496 1372 3551 Christi
1404 3513 1582 3566 opera,
1616 3495 1714 3550 Dei
1747 3504 1796 3549 et
1826 3492 2051 3548 hominis
2076 3494 2316 3564 propria,
2343 3494 2456 3563 ejus
2502 3494 2690 3563 ipsius,
2721 3495 2810 3563 qui
2840 3510 2974 3548 unus
2999 3495 3089 3547 sit.

440 3635 553 3689 Καὶ
578 3636 705 3707 περὶ
736 3635 834 3706 μὲν
860 3634 952 3687 τοῦ
988 3635 1078 3688 τὸν
1103 3634 1405 3707 ἄνθρωπον,
1429 3634 1658 3705 ὄργανον
1686 3632 1944 3702 γεγονότα

368 3728 464 3782 καὶ
492 3727 691 3799 ἔνδυμα
737 3729 828 3781 τοῦ
880 3727 1251 3797 Μονογενοῦς,
1287 3727 1444 3781 τοῦτο
1487 3726 1941 3799 ἀπεργάσασθαι,

368 3821 505 3893 ὅπερ
540 3823 633 3874 καὶ
658 3822 818 3885 αὐτὸς
857 3824 885 3875 6
920 3824 999 3885 είς
1042 3821 1204 3874 αὑτὸν
1232 3820 1598 3883 είσοικισθεὶς,
1630 3820 1813 3890 σχεδὸν
1841 3819 1942 3890 ἤδη

371 3928 461 3981 μοι
491 3911 643 3965 δοκεῖ
685 3912 837 3974 τέλος
880 3911 1020 3982 ἔχειν
1040 3927 1053 3939 ·
1085 3911 1147 3963 τὸ
1174 3909 1232 3962 δὲ
1259 3910 1339 3961 ὅτι
1387 3910 1523 3980 μήτε
1566 3909 1670 3980 μὴν
1703 3910 1944 3979 ἀναρμο-

369 3999 513 4060 στία,
550 3998 709 4053 πάλιν
744 3997 803 4063 ἐξ
841 3999 1016 4071 ἀρχῆς
1049 3998 1136 4052 διὰ
1170 3997 1412 4068 βραχέων
1458 3998 1836 4053 ἐπισκεπτέον.
1870 3998 1942 4051 Τὸ

365 4088 477 4162 γὰρ
536 4089 830 4158 αὑτοφύσει
883 4089 1046 4143 καλὸν
1097 4091 1192 4143 καὶ
1241 4089 1533 4158 αὑτοφύσει
1587 4089 1793 4143 δίκαιον
1848 4090 1944 4144 καὶ⁹

366 4181 533 4245 ὅσιον,
565 4174 626 4233 οὗ
658 4180 728 4233 τὰ
775 4180 911 4234 ἀλλα
940 4180 1083 4233 κατὰ
1130 4181 1360 4252 μετοχὴν
1398 4180 1605 4250 γίνεται
1646 4181 1813 4246 καλά,
1843 4182 1943 4252 τὴν

369 4274 562 4342 σοφίαν
589 4275 617 4326 ὀ
639 4272 813 4343 λέγων
857 4272 1149 4343 τυγχάνειν
1181 4272 1318 4343 μετά
1358 4273 1449 4326 τὸν
1494 4272 1625 4327 Θεὸν
1652 4271 1759 4342 (47)
1791 4272 1946 4344 ὀρθό-

368 4380 504 4417 τατα
537 4364 715 4432 λέγει·
738 4365 800 4418 τὸ
820 4364 877 4417 δὲ
909 4360 976 4418 αὖ
1006 4365 1218 4418 ἀνόσιον
1249 4366 1343 4419 καὶ
1382 4365 1562 4419 ἄδικον
1587 4366 1680 4418 καὶ
1710 4364 1943 4436 πονηρὸν

368 4456 466 4526 τὴν
499 4458 792 4528 ἁμαρτίαν.
828 4457 932 4510 Δύο
962 4458 1071 4531 γὰρ
1104 4458 1172 4511 τά
1211 4460 1292 4521 εἰς
1326 4456 1493 4528 ἄκρον
1521 4457 1768 4529 ἀλλήλοις
1790 4461 1944 4511 ὲναν-

369 4546 479 4612 τία,
511 4546 623 4619 ζωὴ
660 4550 755 4603 καὶ
788 4550 1037 4618 θάνατος,
1071 4548 1349 4621 ἀφθαρσία
1376 4551 1472 4603 καὶ
1508 4550 1701 4622 φθορά.
1741 4550 1942 4621 ’ἰσότης

436 4704 482 4737 ⁸⁸
518 4702 644 4763 Gen.
696 4721 779 4772 ιιι,
834 4708 921 4763 19.
992 4707 1036 4740 ⁸⁷
1088 4708 1121 4763 Ι
1156 4708 1283 4764 Cor.
1325 4724 1415 4773 xv,
1463 4705 1554 4759 22.

2121 3629 2395 3683 Hactenus
2422 3627 2558 3683 satis
2596 3628 2915 3698 exposuisse
2946 3627 3075 3681 mihi
3116 3627 3321 3691 videor,
3352 3629 3619 3698 quemad-

2048 3720 2269 3775 modum
2297 3720 2460 3775 homo
2488 3719 2906 3775 instrumentum
2937 3719 3113 3775 factus
3156 3726 3209 3774 et
3242 3719 3622 3778 indumentum

2047 3811 2325 3883 Unigeniti
2359 3814 2459 3867 hoc
2483 3812 2598 3882 ipse
2623 3813 2957 3882 praestiterit,
2990 3811 3135 3883 quod
3166 3821 3218 3867 et
3242 3812 3333 3868 ille
3353 3813 3446 3883 qui
3476 3814 3533 3868 in
3552 3829 3621 3871 eo

2047 3907 2334 3961 habitavit.
2365 3905 2521 3972 Quod
2548 3914 2727 3960 autem
2758 3920 2935 3975 neque
2960 3904 3251 3975 imparitas
3275 3906 3368 3960 illa
3400 3907 3492 3971 sit,
3518 3922 3623 3965 nec

2045 4000 2447 4056 inconeinnitas
2472 3998 2943 4067 dissonantiaque,
2972 4011 3170 4052 rursus
3204 3992 3235 4051 a
3266 3998 3445 4067 capite
3495 4000 3622 4055 bre-

2042 4093 2181 4148 viter
2208 4091 2688 4148 considerandum.
2737 4088 2920 4160 lpsum
2958 4090 3103 4144 enim
3143 4097 3337 4143 natura
3369 4090 3574 4146 bonum
3602 4131 3619 4156 ,

2041 4184 2218 4254 ipsum
2247 4192 2442 4238 natura
2480 4184 2690 4254 justum
2723 4190 3085 4253 sanctumque
3110 4225 3125 4247 ,
3191 4184 3349 4251 cujus
3404 4185 3618 4255 reliqua

2042 4277 2461 4347 participatione
2500 4278 2630 4330 ﬂant
2656 4276 2832 4342 bona;
2866 4276 2958 4344 qui
2985 4275 3285 4330 secundum
3323 4274 3491 4332 Deum
3517 4276 3619 4332 Sa-

2045 4369 2303 4439 pientiam
2339 4384 2462 4424 esse
2509 4368 2729 4431 dixerit,
2763 4368 3069 4424 rectissime
3114 4367 3388 4423 senserit:
3425 4375 3618 4423 contra

2042 4474 2175 4514 vero
2206 4460 2531 4515 sceleratum
2568 4466 2622 4514 et
2653 4459 2901 4529 impium,
2934 4458 3306 4528 injustumque
3374 4473 3439 4513 ac
3491 4472 3619 4528 pra-

2044 4566 2209 4615 vum,
2245 4566 2370 4607 esse
2421 4559 2726 4621 peccatum.
2782 4548 2900 4603 Duo
2946 4564 3183 4620 namque
3231 4556 3360 4605 sunt
3403 4562 3620 4604 summa

440 4865 552 4944 μϐ)
596 4865 1042 4944 ᾏναπᾳαᾳθείς.
1099 4863 1190 4944 Sic_
1237 4864 1397 4944 Ψιιά
1439 4865 1656 4944 _Mazar.
1713 4878 1850 4944 vero
1890 4867 1944 4919 et

2051 4877 2237 4944 στασιν
2278 4858 2531 4944 propria;
2567 4874 2677 4914 non
2716 4857 2931 4913 videtur
2966 4866 3088 4929 post
3119 4857 3284 4942 Deum
3314 4868 3504 4944 auetor
3529 4858 3615 4944 di-

365 4933 556 5000 Allatf,
594 4935 989 5000 ἀναπαλαίσας,
1037 4938 1190 5004 quasi
1231 4935 1399 4991 denuo
1431 4936 1576 4990 lucta
1608 4935 1939 5005 perfunctus,

364 5007 779 5079 instauratoque
822 5005 1135 5079 certamine.
1184 5005 1373 5079 Probe,
1398 5007 1512 5062 hzec
1544 5004 1939 5079 ecclesiastica,

366 5074 565 5146 quibus
596 5094 658 5134 ea
689 5074 810 5148 quae
840 5082 968 5131 sunt
994 5074 1209 5148 Christi"
1236 5077 1470 5132 hominis
1507 5086 1567 5132 ut
1598 5077 1818 5148 capitis,
1856 5082 1943 5128 to-

365 5145 477 5219 tius
499 5145 746 5219 corporis
778 5163 901 5203 esse
925 5145 1307 5219 perhibentur,
1328 5157 1386 5201 ut
1414 5148 1534 5217 ejus
1559 5147 1941 5219 victoria,_cu-

358 5216 561 5288 jusque
598 5216 854 5275 nostrum
892 5217 1122 5271 victoria
1165 5216 1516 5288 intelligatur,
1556 5218 1648 5286 qui
1679 5216 1941 5271 membris

365 5287 512 5344 illius
534 5292 895 5353 associamur,
925 5302 1226 5357 omnesque
1248 5287 1370 5340 cum
1399 5289 1492 5341 illo
1515 5303 1682 5341 unum
1714 5287 1941 5357 mystice

363 5374 566 5429 corpus
610 5375 801 5416 sumus
844 5379 857 5414 :
898 5358 1056 5426 cujus
1098 5356 1322 5429 perinde
1362 5359 1661 5429 membrum
1697 5356 1939 5429 Adamus

363 5426 488 5494 fuit,
536 5431 651 5501 ipse
696 5432 751 5485 in
800 5429 1037 5501 Christo
1063 5426 1506 5501 przedestinatns,
1545 5435 1599 5483 et
1632 5427 1685 5481 in
1717 5426 1938 5501 Christo

361 5498 573 5559 victor;
616 5503 916 5557 instaurata
966 5499 1041 5554 illi
1066 5498 1284 5554 Christi
1318 5500 1629 5568 gratia,per
1664 5498 1935 5568 poeniten-

362 5571 491 5624 tiam
530 5572 695 5635 lucta,
731 5574 821 5641 qui
854 5573 908 5626 in
944 5587 1002 5625 se
1034 5572 1214 5625 victus
1244 5567 1548 5641 ceciderat.
1574 5567 1864 5641 Comm.

434 5641 542 5712 (47)
576 5642 695 5709 Τὴν
733 5638 961 5711 Σοφίαν
1005 5641 1156 5710 μετὰ
1202 5642 1384 5712 Θεόν.Δ
1421 5638 1556 5712 Cttm
1589 5638 1936 5712 ASapientiarn

363 5707 540 5782 ipsum
569 5707 740 5782 Λόγον
777 5707 962 5767 dicere
995 5707 1260 5774 videatur,
1298 5708 1544 5782 cujusin
1578 5708 1800 5764 Christo
1822 5707 1936 5763 vult

363 5780 479 5848 ipsa
506 5779 743 5854 hominis
769 5800 955 5854 Opera,
992 5782 1135 5853 quo"
1173 5797 1338 5839 sensu
1372 5779 1636 5854 optimum
1676 5794 1934 5854 essepe-

363 5859 484 5911 test.
516 5855 582 5910 de
609 5848 887 5910 Verbo'ut
915 5856 968 5909 in
1003 5848 1198 5909 natura
1230 5866 1326 5925 per
1355 5848 1610 5907 unionem
1646 5849 1771 5905 καθ’
1802 5848 1935 5903 ὑπό-

2046 4930 2296 4986 vinoruni
2325 4932 2379 4985 in
2408 4931 2566 4986 nobis
2588 4945 2896 4992 munerum,
2925 4938 2979 4984 et
3008 4930 3163 4997 quasi
3199 4930 3495 4985 secundum
3527 4930 3614 4982 ατ-

2045 5019 2179 5066 τιον,
2217 5002 2363 5072 quod
2400 5001 2589 5072 Ariani
2616 5001 2890 5069 ponebant
2921 4997 3179 5063 Verbum,
3210 5015 3334 5053 cum
3370 5000 3443 5053 sit
3471 5015 3614 5072 unus

2045 5089 2169 5127 cum
2201 5069 2312 5127 Deo
2338 5078 2392 5127 et
2419 5070 2581 5125 Patre
2611 5079 2804 5125 auctor
2830 5077 2884 5123 et
2908 5085 3094 5132 causa,
3130 5077 3187 5123 ut
3219 5078 3303 5125 est
3341 5084 3447 5123 una
3476 5069 3615 5123 divi-

2043 5144 2186 5199 nitas
2218 5150 2272 5197 et
2302 5143 2495 5197 virtus.
2534 5138 2630 5194 Sin
2666 5148 2846 5195 autem
2878 5140 3012 5203 haec,
3043 5141 3256 5195 divinas
3285 5140 3413 5194 velit
3446 5139 3617 5209 parti-

2044 5213 2367 5282 cipationes,
2394 5226 2457 5266 ac
2486 5211 2642 5281 quasi
2672 5210 2878 5282 primos
2918 5209 3009 5264 Dei
3039 5209 3282 5282 enectus,
3314 5224 3380 5263 ex
3411 5209 3615 5282 quibus

2042 5280 2269 5353 reliquis
2301 5290 2384 5353 est
2412 5289 2471 5335 ut
2500 5280 2610 5336 sint
2636 5281 2893 5353 talia,_sic
2915 5295 3039 5334 vera
3060 5280 3307 5353 doctrina
3334 5286 3439 5344 est,
3474 5280 3617 5353 ipsa-

2046 5348 2338 5424 que'toties
2370 5352 2628 5424 Dionysio
2659 5351 2958 5424 inculcata,
3000 5357 3054 5403 et
3093 5365 3197 5424 qua
3218 5348 3401 5424 Deum
3434 5350 3614 5404 omni-

2045 5419 2148 5479 bus
2183 5423 2462 5493 anteponit
2495 5419 2613 5492 quae
2641 5421 2834 5493 de_i_lr|o
2856 5419 2961 5472 dici
2986 5430 3077 5493 aut
3105 5420 3325 5490 intelligi
3357 5427 3611 5493 possunt,

2045 5494 2280 5564 huicque
2302 5490 2438 5547 adeo
2459 5490 2727 5564 ipsiqupd
2757 5490 3263 5564 Deusjtominatur;
3286 5507 3408 5564 cum
3432 5498 3486 5544 et
3509 5491 3614 5546 hoc

2045 5559 2333 5634 cujusdam
2366 5567 2437 5617 sit
2472 5559 2703 5617 actionis
2743 5559 3062 5634 et_etl_‘ectns
3108 5560 3422 5634 cunnotatio
3456 5578 3469 5613 :
3499 5576 3612 5634 non

2044 5630 2439 5696 ut'Palamitae,
2479 5634 2654 5686 virtus
2696 5637 2751 5685 et
2796 5630 3051 5685 divinitas
3098 5646 3223 5685 vere
3260 5633 3329 5685 ab
3373 5632 3613 5687 essentia

2043 5707 2319 5763 distincta.
2348 5705 2535 5773 illique
2561 5703 2705 5756 velut
2732 5702 2982 5773 quaedam
3009 5701 3281 5756 emanatio
3311 5702 3380 5773 ab
3408 5709 3613 5773 aeterno

2041 5777 2354 5846 conjuncta,
2384 5770 2669 5843 ut’optime
2685 5770 2873 5846 noster
2892 5771 3137 5840 Calecas,
3182 5793 3247 5834 ac
3279 5770 3473 5841 reliqui
3491 5770 3613 5841 ejus

2037 5844 2262 5903 haeresis
2293 5846 2720 5917 impugnatores.
2754 5844 2827 5897 In.
