4140 6422
515 356 581 414 7|
1492 356 1551 412 S.
1592 353 1923 412 METHODII
1966 352 2271 411 EPISCOPI
2310 355 2399 410 ΕΤ
2442 356 2805 414 MARTYRIS
3703 357 3774 414 ’ΖΞ

513 472 623 529 alia
654 474 777 530 aliis
800 475 1073 546 opposita,
1106 476 1216 531 vita
1242 481 1296 530 et
1338 488 1508 538 mors,
1540 472 1881 543 iueorruptio
1900 482 1951 529 et
1974 487 2087 527 cor-

2205 488 2305 544 μεν
2357 492 2466 547 γαρ
2512 493 2659 531 εστιν
2703 476 2913 550 ἡζωὴ,
2958 476 3211 547 ἀνισότης
3242 476 3300 531 δὲ
3345 476 3378 547 ἡ
3422 475 3631 548 φθορά’
3681 479 3776 531 καὶ

513 565 716 633 ruptio.
742 563 953 623 Paritas
981 568 1125 622 enim
1159 574 1243 621 est
1274 566 1382 619 vita
1408 604 1423 628 ,
1476 565 1757 634 itnparitas
1813 579 1940 618 vero
1971 578 2097 619 cor-

514 656 699 725 ruptio
726 676 738 711 :
770 666 822 711 et
859 657 1143 711 harmonia
1174 656 1415 726 quidem,
1446 655 1659 726 justitia
1684 663 1738 711 et
1767 656 2091 725 prudentia;

513 747 636 817 ejus
660 763 790 803 vero
814 749 1053 803 turbatio
1077 757 1131 803 et
1156 748 1520 810 dissonantia,
1545 747 1910 818 imprudentia
1934 756 1987 802 et
2013 749 2096 803 in-

512 837 744 908 iustitia.
774 838 947 894 Homo
965 847 1144 893 autem
1176 840 1316 894 inter
1350 839 1465 894 [nec
1508 840 1742 902 medius,
1768 856 1945 911 neque
1975 840 2095 911 ipsa

507 926 745 999 justitia,
770 937 823 981 at
854 944 1030 998 neque
1063 929 1331 998 injustitia
1363 938 1481 983 est:
1518 930 1612 983 sed
1648 931 1701 983 in
1727 931 2095 1001 incorruptio-

512 1018 601 1075 nis
640 1035 704 1073 ac
733 1020 1102 1090 corruptionis
1148 1020 1329 1076 medio
1375 1022 1739 1085 constitutus,
1780 1024 1847 1077 ad
1880 1031 2094 1077 utrum-

511 1111 599 1167 vis
626 1111 819 1164 horum
867 1111 1215 1182 prependcns
1248 1110 1551 1177 deﬂexerit,
1580 1114 1633 1167 in
1665 1113 1786 1182 ejus
1814 1113 1959 1183 quod
1989 1114 2091 1167 ob-

513 1202 740 1257 tinuerit
769 1203 971 1257 dicitur
1006 1211 1258 1257 naturam
1309 1205 1655 1275 indolemque
1681 1204 1984 1260 transferri.
2034 1204 2092 1259 Si

510 1292 730 1366 quidem
758 1294 902 1347 enim
929 1294 981 1347 in
1005 1296 1414 1368 corruptionem
1453 1297 1807 1352 declinaverit
1831 1336 1846 1362 ,
1902 1313 2093 1351 corru-

510 1386 685 1457 ptioni
712 1386 981 1441 obnoxius
1010 1402 1074 1441 ac
1104 1388 1351 1443 mortalis
1380 1389 1592 1454 evadit;
1629 1389 1713 1443 sin
1744 1388 1799 1442 in
1841 1389 2092 1443 incorru-

511 1476 775 1548 ptionem,
802 1476 1232 1546 incorruptibilis
1263 1487 1316 1532 et
1345 1478 1689 1532 immortalis.
1742 1478 1803 1531 In
1853 1477 2093 1532 conﬁnio

512 1570 713 1639 quippe
743 1569 955 1639 positus
985 1569 1200 1625 arboris
1223 1569 1344 1623 vitae
1365 1579 1418 1623 et
1445 1569 1688 1624 scientiae
1709 1567 1839 1622 boni
1868 1576 1921 1622 et
1938 1568 2089 1633 mali,

514 1661 778 1716 utriusvis
810 1677 969 1732 poma
1001 1661 1300 1732 gustaverit
1341 1660 1408 1725 ⁸⁸,
1442 1662 1497 1715 in
1528 1661 1649 1731 ejus
1677 1661 1908 1715 formam
1940 1677 2085 1716 corn-

513 1760 778 1818 mutatur,
809 1768 934 1808 eum
967 1769 1142 1824 neque
1164 1754 1279 1824 ipse
1325 1753 1531 1824 lignum
1558 1754 1715 1817 vitm,
1767 1769 1943 1824 neque
1969 1769 2091 1808 cor-

2202 564 2437 635 ἁρμονία
2474 567 2576 637 μὲν
2603 570 2637 639 ἡ
2680 568 2993 640 δικαιοσύνη
3034 570 3128 622 καὶ
3175 570 3207 638 ἡ
3253 568 3514 638 φρόνησις
3540 608 3554 631 ,
3604 569 3776 639 ἀναρ-

2203 658 2398 728 μοστία
2436 660 2491 713 δὲ
2525 661 2557 731 ἡ
2596 661 2874 733 ἀφροσύνη
2905 661 2999 714 καὶ
3046 663 3079 731 η
3110 660 3312 713 ἀδικία.
3357 660 3414 712 Ὀ
3461 659 3517 712 δὲ
3569 659 3779 731 ἄνθρω-

2203 768 2321 815 πος,
2361 751 2562 806 τούτων
2596 753 2670 806 ὢν
2699 754 2924 824 μεταξὺ,
2948 752 3069 805 οῦτε
3095 752 3224 805 αὐτὸ
3252 751 3408 805 τοῦτο
3439 752 3775 821 δικαιοσύνη,

2198 843 2322 896 οῦτε
2355 846 2462 917 μήν
2491 848 2639 899 ἐστιν
2673 844 2884 899 ἀδικία·
2912 845 3047 899 ἀλλά
3077 844 3175 913 τῆς
3213 844 3519 917 ἀφθαρσίας
3542 845 3597 896 ὲν
3627 843 3776 914 μέσῳ

2201 936 2451 1010 βεϐηκὼς
2479 938 2572 990 καὶ
2599 938 2699 1007 τῆς
2734 936 2959 1007 φθορᾶς,
2984 938 3064 1000 εἰς
3087 937 3343 1007 ὁπότερον
3372 937 3549 989 αὐτῶν
3580 935 3776 998 νεύσας

2199 1030 2497 1102 πῳσκλιθῇ
2543 1030 2689 1099 (48),
2738 1034 2818 1095 εἰς
2868 1033 2968 1102 τὴν
3019 1031 3114 1083 τοῦ
3184 1034 3553 1101 κρατήσαντος
3611 1043 3777 1098 μετα-

2199 1119 2487 1175 ϐάλλεσθαι
2514 1122 2730 1191 λέγεται
2761 1122 2939 1192 φύσιν.
2987 1121 3272 1184 Ἐκκλίνας
3304 1121 3401 1190 μὲν
3428 1119 3537 1191 γὰρ
3570 1121 3649 1182 εἰς
3677 1117 3776 1189 τὴν

2200 1214 2445 1285 φθορὰν,
2503 1213 2742 1285 φθαρτὸς
2798 1214 3006 1282 γίνεται
3049 1214 3143 1266 καὶ
3184 1211 3406 1282 θνητός·
3451 1213 3530 1273 είς
3573 1210 3628 1263 δὲ
3675 1210 3775 1281 τὴν

2198 1306 2525 1379 ἀφθαρσίαν,
2572 1306 2845 1377 ἄφθαρτος
2873 1306 2983 1377 (49)
3023 1306 3117 1359 καὶ
3181 1304 3464 1367 ἀθάνατος.
3508 1303 3773 1374 Μεθόριον

2198 1397 2305 1470 γὰρ
2330 1398 2421 1451 τοῦ
2458 1400 2554 1470 τῆς
2586 1398 2729 1468 ζωῆς
2769 1399 2948 1466 ξύλου,
2989 1397 3083 1451 καὶ
3104 1396 3195 1450 τοῦ
3240 1394 3482 1465 γνωστοῦ
3516 1393 3682 1448 καλοῦ
3712 1409 3775 1447 τι

2201 1490 2295 1543 καὶ
2320 1489 2555 1561 πονηροῦ
2594 1489 2786 1553 τιθεὶς,
2812 1484 2985 1560 οἷσπερ
3013 1489 3355 1555 ἀπεγεύσατο
3385 1485 3495 1538 τῶν
3522 1484 3771 1555 καρπῶν,

2196 1581 2277 1643 εἰς
2300 1581 2399 1651 τὴν
2428 1580 2618 1633 τοῦτον
2663 1582 2757 1634 καὶ
2794 1578 3097 1651 μετεϐλήθη
3128 1580 3371 1649 μορφήν·
3422 1577 3547 1629 οῦτε
3585 1576 3644 1628 τὸ
3674 1574 3775 1642 τῆς

2196 1669 2340 1742 ζωῆς
2377 1671 2531 1738 ξύλον
2578 1673 2737 1736 αὐτὸς
2784 1672 2879 1735 ὢν,
2923 1672 3045 1725 οὔτε
3093 1672 3154 1725 τὸ
3206 1671 3306 1741 τῆς
3357 1670 3588 1739 φθορᾶςο
3638 1666 3774 1721 ἀλλὰ

2198 1770 2400 1838 μετοχῇ
2462 1769 2559 1837 μὲν
2607 1770 2700 1821 καὶ
2746 1768 3019 1840 παρουσίᾳ
3061 1768 3265 1837 φθορᾶς
3306 1766 3499 1837 θνητὸς
3546 1762 3772 1833 φανεῖς’

510 1844 784 1915 ruptionis
817 1844 1081 1899 exsistat:
1116 1844 1211 1899 sed
1245 1843 1339 1915 qui
1364 1845 1735 1915 corruptionis
1760 1846 2087 1900 commercio

2193 1858 2603 1931 προσοικειὼσει
2637 1861 2692 1913 δὲ
2741 1862 2833 1914 καὶ
2870 1860 3065 1931 ἀλοιφῇ
3115 1858 3260 1928 ζωῆς
3297 1859 3573 1930 ἄφθαρτος
3613 1855 3774 1909 πάλιν

508 1943 564 1991 et
595 1938 921 2007 praesentia,
969 1938 1216 1993 mortalis
1270 1944 1638 2004 monstretur;
1684 1938 2089 1993 necessitudine

507 2045 640 2086 vero
663 2037 718 2084 et
749 2029 1034 2099 complexu
1065 2031 1224 2094 vitae,
1284 2030 1719 2099 incorruptibilis
1768 2046 1987 2084 rursum
2023 2045 2088 2085 ac

508 2119 835 2176 immortalis
856 2120 1243 2186 eniteat;sicut
1265 2128 1318 2175 et
1346 2119 1548 2175 Paulus
1587 2121 1797 2183 docuit,
1832 2119 2024 2176 dicens
2067 2140 2079 2175 :

511 2210 637 2267 Non
683 2214 823 2267 enim
855 2213 1117 2281 corruptio
1152 2212 1437 2281 possidebit
1491 2214 1960 2283 incorruptionem,
1993 2229 2086 2267 ne-

506 2320 607 2378 que
633 2321 772 2359 mors
791 2305 952 2359 vitam
981 2307 1065 2359 ":
1096 2305 1499 2379 corruptionem
1530 2305 1747 2376 quidem
1776 2314 1828 2360 et
1854 2313 2087 2361 mortem

509 2398 703 2453 merito
724 2405 973 2453 statuens
1024 2394 1071 2451 id
1101 2397 1245 2467 quod
1280 2398 1586 2467 corrumpit
1644 2405 1809 2467 atque
1862 2396 2085 2460 occidit.

509 2506 617 2545 non
651 2490 796 2561 quod
830 2491 1202 2560 corrumpitur
1224 2496 1385 2544 autve
1410 2490 1639 2543 moritur
1671 2509 1683 2543 :
1720 2491 1797 2543 uti
1818 2498 1873 2543 et
1901 2490 2090 2545 incor-

509 2585 815 2651 ruptionem
848 2588 903 2637 et
945 2581 1110 2635 vitam
1136 2621 1149 2643 ,
1176 2581 1352 2650 ipsum
1385 2579 1531 2651 quod
1560 2580 1868 2636 immortale
1908 2593 1962 2637 et
2002 2580 2089 2635 vi-

508 2688 636 2729 vum
662 2682 904 2743 prmstat,
935 2687 1044 2726 non
1073 2672 1216 2742 quod
1253 2671 1662 2727 immortalitate
1696 2680 1749 2726 et
1783 2674 1890 2726 vita
1916 2673 2088 2728 dona-

509 2770 620 2821 tur.
684 2764 866 2831 Quare
943 2780 1117 2835 neque
1176 2764 1585 2819 inconeinnitas
1639 2779 1738 2819 nec
1800 2764 2087 2836 imparitas

510 2859 672 2914 homo
691 2869 796 2922 est,
828 2874 1005 2930 neque
1035 2859 1163 2913 item
1222 2859 1426 2929 paritas
1471 2866 1525 2911 et
1552 2858 1897 2914 concinnitas
1925 2878 1937 2914 :
1988 2859 2085 2915 sed

511 2952 601 3006 ubi
633 2951 1118 3006 inconcinnitatem
1168 2949 1691 3020 (praevaricationem
1728 2951 1937 3006 scilicet
1958 2966 2088 3021 pec-

507 3045 820 3113 catumque)
838 3042 1083 3107 admisit,
1115 3043 1480 3098 inconcinnus
1500 3042 1870 3114 deformisque
1888 3043 2082 3109 evasit;

508 3136 601 3191 ubi
635 3151 766 3192 vero
782 3134 1121 3190 harmoniam
1154 3151 1218 3190 ac
1236 3138 1657 3190 concinnitatem
1691 3135 2086 3206 (nempejusti-

2197 1954 2293 2007 καὶ¹
2321 1953 2614 2018 ἀθάνατος⁶
2646 1952 2834 2027 ὥσπερ
2872 1955 2965 2007 καὶ
2999 1957 3027 2007 ό
3062 1954 3271 2017 Παῦλος
3312 1952 3538 2018 ἐδίδαξε,
3563 1951 3770 2019 λέγων’

2197 2049 2279 2100 Οὐ
2326 2050 2437 2115 γὰρ
2477 2048 2517 2115 ἠ
2560 2046 2749 2116 φθορὰ
2779 2046 3217 2115 κληρονομήσει
3253 2045 3366 2113 τὴν
3396 2047 3577 2114 (Latia;
3593 2046 3771 2109 σίαν,

2193 2137 2335 2192 οὐδὲ
2364 2141 2395 2191 ό
2429 2138 2683 2205 θάνατος
2712 2139 2827 2208 τὴν
2853 2139 3005 2206 ζωήν
3025 2157 3037 2170 ·
3073 2140 3275 2211 φθορὰν
3306 2140 3404 2208 μὲν
3431 2141 3523 2192 καὶ
3546 2138 3775 2191 θάνατον

2193 2229 2324 2282 αὐτὸ
2363 2227 2423 2282 τὸ
2458 2230 2678 2303 φθεῖρον
2699 2232 3021 2303 ὁρισάμενος
3055 2231 3224 2283 εἰκότι
3258 2229 3403 2300 λόγῳ
3439 2232 3532 2283 καὶ
3559 2231 3618 2283 τὸ
3642 2231 3777 2283 ἁπο-

2194 2324 2423 2388 κτεῖνον,
2447 2324 2560 2376 ἀλλ’
2581 2324 2641 2376 οῦ
2672 2323 2733 2376 τὸ
2761 2323 3115 2394 φθειρόμενον
3141 2324 3234 2377 κα)⁵
3266 2323 3498 2393 θνῆσκον
3518 2339 3532 2354 ⁸
3564 2322 3775 2395 ἀςθαρ-

2196 2414 2319 2467 σίαν
2348 2414 2404 2467 δὲ
2438 2416 2532 2469 καὶ
2560 2414 2703 2486 ζωὴν
2737 2417 2868 2469 αὐτὸ
2894 2416 2954 2468 τὸ
2978 2415 3302 2479 ἀθανατίξον
3334 2418 3427 2468 καὶ
3457 2415 3770 2480 ζωοποιοῦν,

2195 2504 2309 2558 ἀλλ’
2347 2506 2407 2558 οὐ
2446 2505 2505 2558 τὸ
2537 2505 2995 2578 ἀθανατιζόμενον
3021 2506 3114 2558 καὶ
3141 2505 3583 2577 ζωοποιοῦμενον.
3612 2508 3774 2560 Ὥστε

2194 2596 2319 2651 οὔτε
2368 2598 2710 2669 ἀναρμοστία
2750 2600 2844 2652 καὶ
2896 2599 3149 2669 ἀνισότης
3198 2603 3226 2652 ὁ
3266 2598 3550 2671 ἄνθρωπός
3588 2602 3771 2667 ἐστιν,

2194 2692 2319 2746 οὔτε
2354 2693 2457 2765 μὴν
2492 2693 2677 2766 ἰσότης
2708 2692 2801 2747 καὶ
2834 2693 3168 2764 εὐαρμοστία
3192 2711 3204 2723 ·
3254 2694 3367 2747 ἀλλ’
3395 2696 3484 2747 ὅτε
3524 2695 3621 2764 μὲν
3652 2692 3771 2747 ιδι-

2195 2786 2323 2853 ξατο
2354 2787 2451 2857 τὴν
2474 2786 2862 2856 ἀναρμοστίαν,
2893 2786 3056 2856 (ὅπερ
3077 2785 3192 2839 ἐστὶ
3217 2785 3313 2858 τὴν
3344 2786 3652 2858 παράϐασιν
3679 2784 3773 2838 καὶ

2191 2880 2291 2950 τὴν
2325 2877 2658 2948 ἀμαρτίαν,)
2689 2875 2909 2945 γέγονεν
2954 2877 3293 2947 ἀνάρμοστος
3335 2878 3430 2931 καὶ
3480 2866 3768 2948 ἀπρεπήςὶ

2192 2972 2282 3024 ὅτε
2322 2970 2378 3025 δὲ
2401 2972 2499 3041 τὴν
2542 2969 2825 3041 ἁρμονίαν,
2864 2971 3107 3023 τουτέστι
3139 2969 3236 3040 τὴν
3274 2970 3640 3040 δικαιοσύνην,
3682 2969 3774 3037 γέο

2193 3077 2349 3130 γονεν
2393 3049 2730 3132 εὐάρμοστον
2781 3058 3010 3130 ὄργανον
3063 3060 3157 3112 καὶ
3202 3060 3507 3129 εὐπρεπέςο
3542 3060 3689 3122 ὅπως
3742 3060 3772 3112 ὁ

2194 3152 2420 3223 Κύριος,
2452 3153 2485 3220 ἡ
2514 3150 2792 3222 ἀφθαρσία
2830 3151 3101 3221 νικήσασα
3134 3150 3225 3203 τὸν
3255 3150 3506 3213 θάνατον.
3539 3151 3771 3220 εὺήχωςν

506 3227 1016 3294 tiam),concinnum
1043 3240 1308 3296 organum
1357 3225 1665 3295 decensque
1692 3223 1917 3280 ell‘ectus
1950 3231 2034 3279 est
2068 3244 2081 3280 :

2193 3245 2285 3316 τὴν
2308 3246 2604 3299 ἀνάστασιν
2636 3243 2917 3314 μελῳδήσῃ
2966 3245 3031 3314 τῇ
3067 3244 3247 3316 σαρκὶ,
3286 3242 3360 3314 μὴ
3393 3243 3560 3305 ἐάσας
3602 3241 3771 3313 αὐτὴν

505 3334 617 3389 quo
665 3318 874 3373 scilicet
910 3317 1172 3372 Dominus
1218 3318 1435 3385 (mortis
1465 3318 1557 3372 illa
1590 3318 1787 3371 victrix
1834 3316 2087 3370 incorru-

505 3414 639 3486 ptio)
673 3429 869 3469 sonore
899 3414 1359 3469 resurrectionem
1392 3414 1543 3469 carni
1578 3411 1919 3474 moduletur,
1974 3426 2085 3466 non

505 3507 694 3563 sinens
723 3521 842 3562 eam
874 3521 1067 3562 rursus
1098 3505 1367 3576 possideri
1399 3521 1429 3559 a
1452 3506 1824 3575 corruptione.
1877 3504 1953 3559 De
1984 3504 2089 3559 hoc

501 3614 723 3671 queque
749 3599 926 3668 capite
955 3599 1091 3653 satis
1119 3598 1387 3655 hactenus
1429 3599 1632 3654 dictum
1660 3607 1765 3653 est.

2193 3336 2664 3410 κληρονομηθῆναι
2704 3336 2865 3388 πάλιν
2893 3336 2997 3387 ὑπὸ
3025 3336 3126 3405 τῆς
3166 3336 3392 3407 φθορᾶς.
3418 3336 3527 3390 Καὶ
3564 3336 3660 3406 μὲν
3706 3334 3772 3405 δὴ

2194 3430 2289 3483 καὶ
2318 3429 2447 3500 περ).
2480 3428 2682 3482 τούτων
2714 3427 2886 3482 ταῦτα
2914 3428 3013 3501 ἤδη
3048 3427 3307 3499 λελέχθω.

503 3717 633 3774 CAP.
662 3714 798 3771 Vlll.
826 3715 1113 3782 Sapientia:
1134 3731 1253 3772 ossa
1285 3725 1337 3770 et
1356 3732 1505 3771 caro.
1537 3716 1703 3773 Costa
1727 3731 1792 3768 rx
1818 3731 1920 3784 quo
1946 3713 2180 3782 formata
2210 3712 2472 3781 spiritalis
2503 3711 2633 3776 Eva,
2671 3710 2905 3782 Spiritus
2937 3722 3174 3768 sanctus.
3212 3711 3344 3766 Adit:
3373 3712 3616 3784 adjutrix
3655 3731 3774 3770 nm-

1606 3787 1723 3851 lier,
1763 3786 2036 3851 άευροηεω
2072 3784 2284 3838 Christo
2315 3786 2562 3848 virqines.

580 3903 1006 3959 Praestruximus
1032 3903 1178 3958 enim
1209 3919 1319 3959 non
1352 3903 1567 3960 levibus
1596 3920 1661 3958 ex
1689 3901 1971 3973 Scriptura
1997 3918 2088 3972 pe-

503 3992 623 4052 titis
653 3980 987 4056 rationibus,
1042 3996 1282 4065 primum
1342 3995 1617 4050 hominem
1656 4004 1802 4049 recte
1842 3995 1898 4049 in
1930 3993 2090 4048 Chri-

507 4096 652 4145 stum
682 4087 870 4143 referri
896 4104 1074 4159 posse,
1101 4088 1195 4158 qui
1248 4102 1356 4143 non
1388 4089 1501 4157 jam
1541 4086 1710 4158 figura
1756 4095 1810 4142 et
1864 4087 2090 4141 simula-

506 4194 658 4234 crum
685 4187 847 4249 atque
878 4180 1056 4250 imago
1086 4178 1363 4249 Unigeniti
1390 4180 1481 4242 sit,
1508 4180 1602 4233 sed
1626 4186 1683 4233 et
1721 4178 1825 4233 hoc
1872 4179 2047 4249 ipsum
2068 4218 2084 4243 ,

506 4268 785 4340 Sapientia
821 4269 1168 4341 Verbumque
1198 4270 1459 4325 evaserit.
1504 4271 1683 4325 lnstar
1730 4271 1875 4326 enim
1931 4286 2085 4340 aqua

504 4363 827 4417 commistus
873 4362 1034 4418 homo
1066 4364 1350 4433 sapientia:
1403 4378 1469 4418 ac
1515 4365 1680 4429 vitaz,
1744 4362 1848 4418 hoc
1903 4363 2084 4421 factus

502 4464 610 4520 est,
634 4455 777 4524 quod
807 4463 923 4509 erat
951 4456 1041 4509 illa
1074 4457 1189 4525 ipsa
1222 4455 1518 4527 purissima
1562 4457 1653 4510 lux
1701 4472 1823 4527 qua:
1862 4456 1919 4511 in
1955 4472 2080 4512 eum

2264 3902 2755 3975 Προγεγύμνασται
2805 3902 2916 3974 γὰρ
2955 3902 3091 3971 μετά
3125 3902 3435 3956 συστάσεων
3468 3903 3567 3956 οὐκ
3603 3902 3771 3956 εὐκα-

2187 3997 2542 4067 ταφρονήτων
2564 3998 2628 4048 ἐκ
2656 3995 2755 4065 τῆς
2790 3993 3038 4067 Γραφῆς,
3062 3993 3137 4057 ὡς
3161 3993 3268 4065 ἄρα
3289 3996 3317 4047 ὁ
3352 3993 3772 4065 πρωτόπλαστος

2187 4089 2403 4152 οίκείως
2435 4088 2545 4160 (50)
2576 4089 2657 4151 εἰς
2685 4086 2848 4141 αὑτὸν
2877 4085 3240 4158 ἀναφέρεσθαι
3272 4086 3491 4140 δύναται
3519 4087 3608 4140 τὸν
3639 4087 3773 4156 Χρι-

2191 4182 2334 4245 στὸν,
2362 4182 2545 4235 οὐκέτι
2569 4180 2737 4243 τύπος
2758 4177 2833 4231 ὢν
2859 4178 2970 4250 (51)
3003 4178 3097 4231 κα)⁸
3127 4179 3444 4250 ἀπείκασμα
3489 4179 3648 4249 μόνον
3677 4178 3770 4232 καὶ

2193 4274 2358 4327 εἰκὼν
2386 4273 2481 4327 τοῦ
2514 4271 2885 4340 Μονογενοῦς,
2928 4270 3063 4324 ἀλλά
3100 4271 3194 4324 καὶ
3234 4272 3366 4325 αὐτὸ
3397 4271 3557 4324 τοῦτο
3610 4271 3770 4339 copia

2191 4369 2430 4435 γεγονὼς
2459 4366 2553 4419 καὶ
2584 4364 2775 4431 Λόγος.
2801 4363 2967 4434 Δίκην
3005 4361 3113 4435 γὰρ
3154 4362 3341 4426 ὓδατος
3375 4363 3769 4435 συγκερασθεὶς

2187 4458 2218 4511 ὁ
2249 4456 2534 4526 ἄνθρωπος
2554 4459 2620 4528 τῇ
2647 4457 2810 4528 σοφίᾳ
2843 4457 2936 4510 καὶ
2966 4459 3031 4527 τῇ
3058 4456 3191 4526 ζωῇ,
3211 4455 3369 4509 τοῦτο
3389 4457 3609 4525 γέγονεν
3630 4458 3769 4527 ὅπερ

504 4549 674 4604 venit.
717 4545 870 4603 Unde
897 4549 1193 4619 Apostolus
1250 4559 1398 4606 recte
1441 4550 1507 4605 ad
1539 4548 1815 4605 Christum
1873 4549 2077 4605 direxit

2193 4544 2252 4620 ἦν
2293 4548 2423 4601 αὐτὸ
2468 4550 2527 4601 τὸ
2568 4550 2647 4611 είς
2673 4549 2832 4602 αὐτὸν
2873 4548 3294 4618 ὲγκατασκῆψαν
3348 4548 3583 4618 ἄκρατον
3630 4548 3764 4618 96);.

574 4704 624 4739 ⁸⁸
664 4704 795 4761 Gen.
855 4722 913 4770 ιι,
955 4707 1008 4761 9.
1084 4709 1129 4741 δ’
1178 4706 1207 4761 Ι
1238 4706 1362 4762 Cor.
1407 4723 1495 4772 xv,
1552 4705 1642 4761 50.

571 4819 1083 4891 (48)]1ροσκλιθῇ.
1121 4822 1198 4875 Ita
1229 4837 1331 4875 ms.
1356 4822 1478 4877 cod.
1514 4822 1713 4877 Mazar.
1748 4830 1803 4879 et
1826 4820 2080 4877 Allatius.

503 4893 572 4948 At
601 4891 803 4964 Vatit‘...
832 4892 1208 4964 περικαμφθῇ.
1239 4891 1524 4964 Constans.

575 4962 689 5033 (49)
726 4962 1345 5033 'AyﬂaﬁrocAllatius,
1380 4963 1619 5033 ἄερθιτος.
1652 4962 1727 5019 lo.

503 5102 525 5160 1
579 5032 695 5106 (50)
731 5032 993 5104 Οἱκείως.
1044 5032 1147 5091 Ms.
1198 5033 1396 5089 Mazar.
1431 5032 1569 5089 cum
1613 5035 1803 5099 Allat.,
1839 5032 2081 5098 δικαίως.

526 5121 579 5160 n.

526 5121 579 5162 ο.

577 5174 689 5247 (51)
717 5175 927 5229 Οὐκέτι
959 5175 1146 5240 τύπος
1173 5173 1277 5247 ὧν.
1317 5173 1391 5231 De
1412 5174 1637 5247 Christo
1666 5176 1800 5231 satis
1830 5175 2089 5247 intelligi-

504 5246 614 5307 tur,
647 5248 748 5300 etsi
783 5248 929 5300 nulla
960 5246 1388 5300 substantiarum
1409 5246 1752 5309 confusione,
1784 5246 1878 5301 sed
1909 5246 2083 5300 solum

508 5317 585 5386 τῷ
617 5317 740 5369 καθ’
766 5317 1083 5371 ὑπόστασιν,
1129 5315 1204 5371 De
1237 5317 1443 5371 Adamo
1472 5332 1639 5387 vero,
1662 5318 1823 5387 idque
1853 5321 2082 5371 necdum

510 5388 739 5457 gratiam
765 5402 858 5456 per
886 5388 1165 5442 Christum
1202 5395 1519 5449 consecuto,
1552 5386 1645 5442 sed
1683 5386 1774 5441 Dei
1802 5389 1916 5443 sola
1948 5387 2088 5440 libe-

508 5459 743 5520 ralitate,
772 5459 864 5527 qui
889 5474 1030 5512 unus
1051 5459 1166 5527 ipse
1197 5459 1318 5527 ejus
1337 5457 1548 5511 ordinis
1579 5468 1767 5511 auctor
1786 5457 2080 5516 exstiterit,

508 5527 783 5610 guorpodo
816 5544 920 5581 non
954 5526 1156 5610 Christi
1196 5529 1365 5610 ﬁgura
1417 5543 1479 5582 ac
1525 5531 1954 5610 repraesentatio,
1970 5526 2081 5608 .sed

508 5597 612 5652 hoc
643 5598 993 5668 ipsumquod
1026 5599 1195 5667 Λόγος
1236 5597 1291 5653 in
1333 5599 1512 5668 ipsum
1549 5597 1843 5654 adveniens
1875 5614 1939 5653 ac
1970 5599 2085 5667 ipse.

508 5666 696 5722 revera
720 5666 971 5724 Christus
1005 5666 1298 5731 exstiterit,
1327 5666 1390 5724 ac
1414 5670 1557 5724 velut
1580 5674 1684 5725 hoc
1708 5672 1782 5723 illi
1808 5666 2082 5739 peculiare

507 5741 610 5804 sit;
647 5739 880 5807 hincque
920 5740 1053 5793 adeo
1098 5741 1166 5792 ad
1198 5740 1475 5794 Christum
1508 5743 1663 5810 quasi
1698 5756 1795 5810 per
1824 5739 2080 5794 identita-

508 5818 615 5864 tem
646 5810 939 5874 referatur,
979 5810 1063 5864 vel
1096 5811 1254 5866 aliter
1279 5826 1441 5879 quam
1481 5812 1654 5867 sancti
1683 5811 1899 5882 reliqui,
1934 5810 2078 5865 aeti-

2188 4817 2439 4874 dentario
2476 4818 2621 4874 dono
2660 4820 2865 4890 gratiae,
2909 4835 3017 4890 qua
3059 4818 3133 4873 dii
3163 4819 3568 4890 quodammodo
3602 4821 3768 4877 cilici-

2193 4905 2339 4953 mur,
2389 4891 2571 4944 divino
2626 4891 2679 4943 in
2732 4891 2892 4946 nobis
2945 4893 3152 4945 semine
3202 4892 3254 4945 in
3311 4892 3564 4945 deitatem
3618 4894 3767 4947 aucti

2193 4961 2493 5015 secundum
2541 4969 2757 5016 tenuem
2813 4961 3102 5032 quamdam
3157 4961 3546 5023 imitationem,
3601 4979 3768 5018 unam

2194 5032 2368 5104 ipsam
2398 5032 3304 5104 contraunionem‘hypostaticam
3338 5032 3575 5104 hominis
3599 5035 3772 5104 possi-

2192 5101 2381 5164 bilem,
2417 5117 2524 5155 non
2569 5101 2727 5155 video
2773 5109 2833 5156 ut
2879 5101 3182 5156 Methodius
3230 5119 3297 5157 ex
3345 5101 3626 5172 Scriptura
3671 5105 3771 5157 ha-

2192 5172 2391 5237 buerit,
2426 5181 2519 5225 aut
2552 5174 2783 5227 suadere
2814 5173 3005 5241 possit.
3050 5173 3472 5243 Ἀνάμνησιςῌᾰ
3505 5184 3587 5229 est
3626 5191 3769 5227 com-

2191 5243 2523 5310 memoratio)
2555 5245 2746 5297 mortis
2770 5244 2972 5299 Christi
3005 5243 3232 5313 ejusque
3260 5245 3534 5314 passionis
3567 5261 3683 5313 Ipsa
3711 5252 3767 5301 et

2191 5313 2245 5368 in
2278 5315 2565 5385 baptismo,
2598 5315 2651 5368 in
2687 5330 2794 5384 quo
2828 5316 2881 5368 in
2911 5315 3030 5382 ejus
3050 5313 3279 5369 mortem
3303 5314 3645 5385 intingimur,
3670 5331 3764 5370 seu

2190 5385 2338 5457 illam
2371 5384 2759 5440 adumbramus
2797 5404 2811 5457 ξ
2846 5387 2898 5439 in
2932 5386 3270 5440 Eucharistia
3299 5401 3427 5440 vero
3454 5384 3764 5457 angustius,

2191 5454 2247 5508 in
2284 5470 2390 5523 qua
2420 5457 2597 5509 nostri
2628 5457 2756 5511 Adae
2788 5455 3043 5520 ἔκστασις
3073 5463 3127 5527 et
3158 5470 3323 5525 sopor
3357 5464 3506 5511 totus
3535 5454 3768 5527 mystice

2188 5527 2486 5597 peragitur,
2520 5542 2582 5579 ae
2607 5542 2736 5581 num
2763 5544 2857 5597 per
2886 5525 3168 5580 κοινωνίαν
3198 5527 3527 5596 peculiarius
3559 5525 3762 5597 Metho-

2188 5596 2312 5668 dius
2362 5597 2605 5651 indicare
2648 5596 2918 5653 voluerit?
2954 5602 3006 5651 in
3038 5613 3145 5667 qua
3175 5597 3363 5668 utique
3395 5612 3624 5654 mortem
3662 5596 3768 5654 Do-

2189 5667 2343 5732 mini,
2381 5668 2496 5738 ipsa
2538 5669 2657 5737 ejus
2706 5669 3019 5737 sumptione
3066 5670 3209 5738 (qua:
3244 5667 3453 5739 pridem
3493 5669 3766 5739 baptismo

2186 5753 2369 5793 comes
2400 5738 2538 5808 erat)
2576 5754 3090 5810 commemoramus,
3124 5739 3229 5806 vel,
3263 5747 3322 5794 ut
3349 5738 3768 5810 Paulus’loqui-

2183 5817 2294 5876 tur,
2322 5807 2733 5865 annuntianms.
2765 5807 2842 5862 lo.
