4140 6452
347 365 416 417 73
1437 361 1813 418 CONVIVIUM
1857 361 1942 416 DE

2043 361 2079 416 ll
2125 357 2477 418 vmclxust.
2581 361 2589 366 ’
3529 354 3603 420 τι

351 483 511 535 ὐθεν
553 482 580 535 ό
626 481 943 547 ’Λπόστολος
979 483 1278 546 εὐθυδόλως
1307 484 1386 546 είς
1423 485 1657 556 Χριστὸν
1692 486 1918 554 ἀνηκόν-

2043 501 2151 554 lum
2182 487 2248 540 de
2295 484 2503 540 Adamo
2547 483 2689 539 dicta
2725 493 2900 539 erant.
2947 481 3038 538 Sic
3089 484 3232 538 enim
3269 490 3503 542 maxime
3533 498 3601 544 e‘x

351 590 464 625 τισε
504 573 565 626 τὰ
600 571 741 626 κατὰ
769 573 858 627 τὸν
913 572 1099 646 Ἀδάμ.
1137 574 1322 638 Οῦτως
1352 575 1460 648 γάρ
1495 575 1560 631 ἂν
1597 577 1830 646 μάλιστα
1867 581 1930 631 ὲκ

352 665 458 718 τῶν
494 665 666 718 ὀστῶν
712 663 875 718 αὐτοῦ
926 666 1018 718 καὶ
1057 665 1156 736 τῆς
1207 666 1410 738 σαρκὸς
1457 667 1556 738 τὴν
1609 667 1932 739 Ἐκκλησίαν

353 756 708 826 συμφωνήσει
747 756 1025 824 γεγονέναι
1045 773 1058 785 ο
1089 751 1158 828 ἧς
1187 757 1252 828 δὴ
1282 757 1464 829 χάριν,
1488 757 1817 828 καταλείψας
1842 760 1932 813 τὸν

355 847 574 918 Πατέρα
634 847 723 901 τὸν
771 849 829 900 ἐν
889 851 1002 911 τοῖς
1041 849 1289 920 οὐρανοῖς
1315 891 1330 914 ,
1370 851 1638 920 κατῆλθεν
1689 852 1718 903 ὁ
1763 851 1933 918 Λόγος

357 935 962 1008 προσκολληθησόμενος
1003 941 1068 1009 τῇ
1114 941 1371 1008 γυναικί·
1426 943 1522 996 καὶ
1570 941 1785 995 ὕπνωσε
1835 942 1934 1012 τὴν

358 1027 611 1080 ἔκστασιν
645 1028 739 1081 τοῦ
773 1029 1008 1094 πάθους,
1054 1030 1317 1095 ἑκουσίως
1360 1032 1500 1103 ὑπὲρ
1528 1033 1699 1102 αὐτῆς
1727 1031 1934 1086 ἀποθα·

358 1119 498 1174 νὼν·
540 1122 735 1187 Ὅπως
768 1122 950 1188 αὐτὸς
981 1121 1174 1188 ἐαυτῷ
1227 1124 1590 1193 παραστήσῃ
1643 1124 1768 1193 τὴν
1810 1127 1933 1179 Ἐκυ-

360 1211 624 1277 κλησίαν
645 1211 902 1276 ἔνδοξον
925 1213 1023 1266 καὶ
1047 1213 1308 1283 ἄμωμον,
1341 1215 1671 1283 καθαρίσας
1697 1214 1776 1280 τῷ
1796 1219 1936 1269 Jov-

357 1301 494 1370 τρῷ,
522 1301 656 1372 πρὸς
687 1303 952 1374 ὑποδοχὴν
983 1304 1076 1357 τοῦ
1111 1305 1303 1376 νοητοῦ
1338 1307 1430 1358 καὶ
1459 1307 1729 1377 μακαρίου
1766 1308 1935 1379 σπέρ-

361 1412 548 1464 ματος,
575 1395 602 1447 ὃ
637 1396 847 1467 σπείρει
870 1397 966 1467 μὲν
987 1397 1146 1461 αὐτὸς
1171 1398 1395 1469 ὑπηχῶν
1427 1401 1521 1452 καὶ
1549 1399 1936 1471 καταφυτεύων

358 1485 417 1536 ὲν
440 1485 515 1555 τῷ
539 1483 690 1554 βάθει
722 1485 814 1538 τοῦ
836 1486 953 1550 νοός
971 1505 984 1518 ο
1019 1488 1338 1558 ὑποδέχεται
1365 1490 1421 1543 δὲ
1443 1491 1536 1544 καὶ
1561 1496 1758 1563 μορφοῖ
1782 1493 1936 1565 δίκην

359 1577 617 1643 γυναικδς
647 1579 678 1647 ἡ
714 1578 1006 1650 Ἐκκλησία
1039 1582 1118 1643 εἰς
1155 1581 1216 1633 τὸ
1245 1584 1438 1652 γεννᾷν
1482 1584 1581 1654 τὴν
1612 1586 1812 1656 ἀρετὴν
1843 1586 1937 1638 καὶ

361 1669 665 1739 ἐκτρέφειν.
699 1670 882 1742 Ταύτῃ
926 1672 1035 1743 γὰρ
1064 1674 1158 1726 καὶ
1178 1674 1256 1737 τὸ,
1278 1673 1627 1738 Αὐξάνεσθε
1662 1677 1759 1729 καὶ
1786 1681 1938 1744 πλη-

362 1762 636 1824 θύνεσθε,
673 1761 974 1834 πληροῦται
1022 1767 1439 1836 προσηκόντως,
1485 1771 1564 1831 είς
1591 1768 1818 1840 μέγεθος
1843 1770 1937 1823 καὶ

363 1852 557 1917 κάλλος
592 1855 684 1907 καὶ
719 1855 1086 1926 ιπλῆθοςεκαω
1120 1858 1336 1929 ἡμέραν
1368 1858 1741 1931 αὐξανομένης
1767 1861 1940 1932 αὐτῆς
1969 1845 2012 1899 Β

361 1944 450 1999 διά
488 1946 584 2017 τὴν
619 1947 864 2018 σύνερξιν
905 1949 1000 2001 καὶ
1042 1949 1327 2004 κοινωνίαν
1360 1951 1454 2002 τοῦ
1485 1952 1655 2020 Λόγου
1678 1992 1693 2015 ,
1729 1969 1939 2020 συγκα-

364 2039 711 2104 πξϐαίνοντος
749 2043 872 2110 ημῖν
903 2039 983 2092 ἔτι
1017 2041 1110 2092 καὶ
1153 2039 1269 2103 νῦν,
1297 2043 1392 2093 καὶ
1418 2039 1771 2113 ἐξισταμένου
1805 2045 1943 2099 κατά

367 2133 464 2204 τὴν
489 2132 792 2203 ἀνάμνησιν
829 2130 923 2184 τοῦ
956 2131 1182 2196 πάθους.
1220 2133 1294 2184 Οὐ
1321 2133 1429 2204 γὰρ
1465 2134 1530 2186 ἂν
1551 2134 1724 2198 ἄλλως
1752 2137 1785 2206 ή
1826 2137 1944 2191 Ἐκ-

368 2222 568 2294 κλησία
604 2223 885 2277 συλλαϐεῖν
917 2227 1042 2288 τοὺς
1070 2225 1422 2290 πιστεύοντας
1461 2227 1551 2279 καὶ
1585 2227 1944 2299 άναγεννῆσαι

367 2317 454 2371 διὰ
495 2317 718 2387 λουτροῦ
766 2319 864 2388 τῆς
891 2318 1311 2388 παλιγγενεσίας
1342 2319 1579 2383 δύναιτο,
1611 2321 1705 2374 ἐὰν
1737 2323 1812 2393 μὴ
1852 2323 1945 2375 καὶ

367 2410 456 2462 διά
487 2408 710 2474 τούτους
741 2411 771 2463 ό
815 2411 1048 2480 Χριστὸς
1085 2411 1327 2475 κενώσας
1358 2413 1571 2478 ἑαυτὸν,
1607 2415 1692 2468 ἵνα
1717 2414 1942 2486 χωρηθῇ

369 2501 506 2554 κατὰ
557 2501 653 2570 τὴν
706 2501 1207 2569 ἀνακεφαλαίωσιν,
1255 2503 1330 2567 ὡς
1361 2503 1529 2575 ἔφην,
1568 2506 1662 2559 τοῦ
1699 2507 1903 2568 πάθους
1926 2546 1942 2571 ,

372 2594 532 2648 πάλιν
562 2593 807 2665 ἀποθάνῃ
844 2595 1088 2659 καταϐὰς
1120 2595 1180 2660 ἐξ
1224 2598 1490 2667 οὐρανῶν,
1533 2600 1646 2662 καὶ,
1684 2599 1946 2670 προσκολ-

370 2685 554 2756 ληθεὶς
606 2689 673 2758 τῇ
709 2684 901 2740 ἑαυτοῦ
939 2687 1158 2756 γυναικὶ
1208 2691 1273 2759 τῇ
1309 2689 1634 2761 Ἐκκλησία,
1677 2692 1944 2763 παράσχοι

370 2777 472 2846 τῆς
505 2777 742 2850 πλευρᾶς
788 2779 1140 2847 ἀφαιρεῖσθαι
1183 2779 1281 2850 τῆς
1311 2779 1505 2833 ἑαυτοῦ
1539 2781 1767 2852 δύναμιν
1798 2799 1941 2847 τινα,

371 2871 520 2934 ὅπως
547 2869 853 2942 αὐξηθῶσιν
883 2871 931 2923 οἱ
957 2873 1015 2924 ὲν
1046 2870 1194 2942 αὐτῴ
1222 2873 1661 2946 οἱκοδομηθέντες
1682 2875 1942 2940 ἅπαντες,

372 2962 827 3033 οίγεγεννημένοι
855 2963 942 3018 διὰ
977 2965 1072 3018 τοῦ
1119 2964 1363 3037 λουτροῦ,
1400 2968 1463 3019 ἐκ
1509 2965 1614 3020 τῶν
1645 2967 1817 3019 ὀστῶν
1850 2968 1943 3020 καὶ

375 3058 439 3110 ἐκ
464 3057 562 3126 τῆς
606 3056 840 3128 σαρκὸς,
871 3059 1144 3111 τουτέστιν
1189 3059 1252 3111 ὲκ
1280 3058 1378 3129 τῆς
1415 3058 1720 3127 ἁγιωσύνης
1755 3058 1941 3124 αὐτοῦ,

373 3150 468 3203 καὶ
514 3151 578 3202 ὲκ
633 3149 733 3220 τῆς
763 3149 920 3219 δόξης
987 3149 1430 3221 προσειληφότες.
1493 3152 1655 3204 Ὀστᾶ
1699 3151 1807 3222 γὰρ
1848 3153 1940 3206 καὶ

371 3240 552 3311 σάρκα
607 3241 796 3309 σοφίας
848 3244 876 3295 ὁ
928 3241 1100 3312 λέγων
1145 3238 1282 3296 εἶναι
1338 3243 1548 3295 σύνεσιν
1595 3243 1688 3296 καὶ
1716 3243 1939 3315 ἀρετὴν,

365 3330 639 3403 ὀρθότατα
672 3333 819 3401 λέγει
836 3349 850 3364 ο
884 3333 1120 3405 πλευρὰν
1143 3333 1198 3387 δὲ
1229 3332 1288 3387 τὸ
1314 3333 1531 3403 πνεῦμα
1557 3333 1656 3404 τῆς
1683 3334 1943 3406 ἀληθείας

364 3424 434 3476 τὸ
470 3423 846 3494 Παράκλητον,
890 3425 981 3494 ἀφ’
1014 3421 1074 3479 οὗ
1107 3424 1493 3496 λαμϐάνοντες,
1528 3427 1608 3489 είς
1638 3425 1944 3496 ἀφθαρσίαν

365 3512 773 3580 ἀναγεννῶνται
821 3514 1200 3585 προσηκόντως
1234 3515 1282 3566 οἱ
1319 3515 1739 3584 πεφωτισμένοι.
1795 3514 1943 3568 Ἀδύα

364 3621 534 3658 νατον
565 3604 622 3657 δὲ
654 3604 747 3658 τοῦ
789 3605 1104 3676 Ηνεύματος
1143 3604 1236 3660 τοῦ
1291 3605 1445 3674 ἁγίου
1488 3610 1773 3678 μετασχεῖν
1823 3625 1944 3662 τινα

363 3699 469 3752 καὶ
500 3697 662 3768 μέλος
699 3699 1091 3770 καταλεχθῆναι
1124 3699 1378 3771 Χριστοῦ,
1412 3701 1506 3756 ὲάν
1552 3701 1627 3772 μὴ
1661 3702 1942 3774 πρότερον,

363 3789 470 3842 καὶ
502 3789 594 3842 ἐπὶ
625 3788 814 3841 τούτου
846 3787 1224 3857 συγκατελθὼν
1249 3791 1278 3843 ὁ
1309 3789 1498 3857 Λόγος,
1533 3791 1700 3861 ἐκστῇ
1745 3805 1944 3860 κοιμη-

363 3880 508 3946 θεὶς,
537 3879 626 3937 ἴνα
651 3881 750 3952 τὴν
785 3881 1083 3935 ἀνανέωσιν
1113 3881 1207 3934 καὶ
1239 3880 1330 3934 τὸν
1362 3879 1778 3952 ἀνακαινισμδν,
1821 3898 1943 3934 συν-

361 3973 678 4040 εξαναστάς
709 3972 805 4028 τοῦ
843 3973 1010 4027 ὕπνου
1045 3972 1123 4045 τῷ
1151 3974 1291 4046 ὑπὲρ
1335 3973 1500 4028 αὐτοῦ
1536 3975 1942 4046 κεκοιμημένῳ,

362 4067 466 4122 καὶ
516 4067 677 4130 αὐτὸς
719 4066 1038 4140 μεταλαϐεῖν
1081 4065 1280 4138 δυνηθῇ
1328 4065 1667 4137 Πνεύματος,
1702 4066 1946 4122 ἀναπλα-

363 4159 542 4223 σθείς.
579 4158 747 4212 Τοῦτο
793 4158 899 4229 γὰρ
949 4157 1153 4230 κυρίως
1187 4157 1314 4230 ἂνῆ
1362 4157 1574 4232 πλευρά
1612 4158 1819 4227 λέγοιτο
1849 4156 1944 4212 τοῦ

273 4265 276 4268 ’
361 4251 588 4320 Λόγου,
635 4249 696 4305 τὸ
750 4248 964 4320 πνεῦμα
1009 4248 1108 4319 τῆς
1153 4248 1408 4320 ἀληθείας
1456 4249 1519 4302 τὸ
1571 4247 1944 4320 ὲπτάμοριρον,

361 4341 518 4397 κατὰ
548 4341 640 4396 τὸν
667 4341 983 4413 προφήτηνο
1021 4339 1113 4410 ἀφ’
1153 4334 1213 4394 οὐ
1243 4340 1535 4412 λαμὸάνων
1566 4344 1596 4396 ὁ
1637 4338 1771 4406 Θεὸς
1803 4341 1944 4396 κατά

361 4433 471 4504 τὴν
507 4431 759 4486 ἔκστασιν
791 4431 882 4487 τοῦ
915 4431 1172 4503 Χριστοῦ,
1199 4431 1227 4487 δ
1253 4432 1316 4503 δή
1350 4433 1465 4485 ἐστι
1501 4432 1638 4502 μετά
1663 4433 1761 4504 τὴν
1794 4435 1947 4486 ὲναν-

2031 579 2251 632 ossibus
2276 587 2331 632 ct
2357 593 2421 632 ex
2467 590 2630 631 carne
2670 577 2790 646 ejus
2837 575 3130 631 Ecclesiam
3161 577 3438 634 exstitisse
3471 596 3604 634 con-

2032 669 2221 723 venit:
2260 668 2420 738 cujus
2457 669 2667 723 scilicet
2713 668 2920 737 gratia,
2958 668 3150 721 relicto
3191 666 3352 723 Patre
3395 672 3486 739 qui
3519 685 3606 724 est

2033 761 2090 814 in
2117 762 2292 822 ccelis,
2325 759 2609 816 descendit
2641 758 2877 814 Verbum
2915 768 2974 812 ut
3007 760 3306 814 adhaereret
3342 763 3520 825 uxori,
3551 773 3605 817 et

2032 853 2288 908 dormivit
2315 856 2576 910 exstasim
2620 853 2912 924 passionis,
2945 859 3136 918 sponte
3189 867 3288 923 pro
3345 853 3436 906 illa
3488 869 3605 907 mo-

2033 947 2220 1002 riens:
2267 945 2334 1001 Ut
2370 949 2479 1016 ipse
2517 945 2618 1000 sibi
2649 945 2909 1000 exhiberet
2965 943 3256 998 Ecclrsiam
3316 946 3604 1015 gloriosam

2030 1048 2080 1090 et
2120 1038 2541 1102 immaculatum,
2569 1039 2831 1092 mundana
2848 1055 2962 1092 eam
2997 1038 3206 1092 lavacro
3237 1039 3307 1102 ⁸ο,
3339 1038 3408 1092 ad
3442 1039 3603 1108 spiri-

2037 1130 2141 1185 tale
2173 1131 2499 1200 beatumque
2528 1146 2712 1186 semen
2737 1130 3167 1201 suscipiendum,
3199 1130 3343 1200 quod
3375 1131 3603 1186 seminat

2035 1223 2532 1292 ipseinsusurrans
2564 1225 2928 1294 plantansque
2975 1225 3258 1279 intuentis
3310 1225 3604 1294 penetrali-

2035 1318 2138 1372 bus
2171 1337 2182 1371 :
2218 1318 2458 1388 concipit
2486 1333 2614 1372 vero
2661 1324 2716 1372 ct
2753 1317 2951 1371 format
2981 1321 3155 1371 instar
3187 1317 3374 1370 uxoris
3413 1315 3602 1368 Eccle-

2037 1410 2136 1475 sia,
2177 1409 2242 1463 ad
2277 1408 2639 1480 generandam
2673 1410 2924 1464 virtutem
2961 1423 3026 1464 ac
3053 1408 3456 1462 cnutriendam.
3501 1405 3608 1461 Per

2035 1518 2160 1560 eum
2191 1517 2424 1573 namque
2464 1501 2685 1558 modum
2723 1503 3112 1557 convenienter
3139 1503 3424 1569 impletur,
3461 1503 3606 1572 quod

2038 1591 2110 1644 ita
2135 1597 2457 1661 praeceptum
2499 1601 2582 1644 est
2628 1590 2672 1622 ⁸¹
2710 1609 2723 1645 :
2782 1592 3012 1647 Crescite
3048 1601 3095 1645 et
3144 1593 3607 1661 multiplicamini;

2037 1681 2168 1735 dum
2203 1683 2320 1752 ipsa
2358 1682 2596 1738 Ecclesia
2640 1697 2738 1752 per
2781 1681 2943 1739 Verbi
2973 1685 3221 1753 copulam
3261 1695 3315 1740 et
3363 1703 3610 1740 commu-

2039 1772 2278 1836 nionem,
2311 1773 2606 1828 etiamnum
2646 1773 2825 1828 adhuc
2873 1790 2933 1830 se
2980 1777 3140 1832 nobis
3189 1777 3524 1840 inclinantis,
3556 1788 3611 1832 et

2041 1879 2138 1933 per
2187 1867 2458 1933 passionis
2499 1868 3074 1923 commemorationem
3106 1871 3369 1926 exstasim
3406 1871 3610 1925 facien-

2041 1955 2134 2018 tis,
2168 1955 2222 2007 in
2260 1954 2682 2022 magnitudinem
2708 1964 2762 2011 et
2788 1955 3040 2012 decorem
3083 1975 3150 2013 ac
3207 1961 3610 2016 multitudinem

2042 2055 2288 2113 augetur.
2320 2043 2437 2098 Non
2470 2046 2614 2099 enim
2650 2046 2809 2101 aliter
2848 2046 3092 2103 Ecclesia
3121 2052 3409 2122 concipere
3440 2055 3612 2121 possit

2042 2137 2350 2198 credentes,
2376 2145 2430 2191 et
2473 2153 2568 2207 per
2603 2139 2880 2194 lavacrum
2929 2143 3360 2211 regenerationis
3391 2158 3486 2199 eos
3527 2160 3614 2197 re—

2044 2242 2322 2300 generare,
2346 2229 2453 2283 nisi
2488 2239 2710 2299 propter
2735 2231 2836 2286 hos
2868 2247 3085 2302 quoque
3126 2231 3377 2290 Christus
3425 2249 3485 2290 se
3531 2237 3614 2305 ip-

2044 2333 2164 2372 sum
2195 2318 2516 2374 cxinaniens
2565 2322 2696 2389 (quo
2742 2322 3000 2376 nimirum
3031 2338 3124 2393 per
3157 2323 3427 2393 passionis
3460 2339 3616 2379 reen-

2041 2409 2419 2478 pitulationem
2442 2395 2769 2482 capiatur),
2806 2413 3272 2483 quemadmodum
3315 2415 3563 2470 dicebam
3597 2456 3610 2478 ,

2044 2499 2424 2556 descendendo
2452 2503 2518 2557 dc
2541 2503 2696 2557 cmlis
2729 2519 2946 2560 rursum
2983 2505 3268 2570 moriatur,
3293 2515 3347 2562 et
3375 2507 3614 2562 adhazre-

2043 2608 2205 2649 scens
2238 2597 2398 2648 uxori
2427 2611 2540 2650 sua:
2568 2595 2842 2661 Ecclesiae,
2872 2598 2979 2652 vim
3002 2599 3292 2669 quamdam
3321 2616 3387 2656 ex
3413 2616 3514 2656 suo
3539 2603 3615 2654 la.

2043 2694 2160 2740 terc
2191 2685 2542 2741 auferendum
2576 2689 2889 2757 przebuerit,
2923 2697 2982 2742 ut
3003 2701 3351 2760 augmentum
3377 2701 3614 2747 sumant

2042 2793 2234 2834 omnes
2269 2780 2364 2848 qui
2399 2779 2453 2832 in
2510 2780 2604 2833 illo
2656 2780 3030 2850 mdilieantur;
3085 2784 3180 2853 qui
3231 2784 3488 2838 nimirum
3521 2799 3616 2854 per

2044 2867 2319 2922 lavacrum
2355 2878 2678 2934 nascuntur,
2737 2885 2802 2924 ex
2831 2873 3050 2927 ossibus
3103 2880 3157 2927 et
3207 2890 3270 2926 ex
3304 2889 3468 2929 carne
3494 2877 3615 2942 ejus

2045 2957 2131 3028 (ex
2160 2959 2307 3012 illius
2348 2959 2606 3013 nimirum
2655 2960 2948 3015 sanctitate
2991 2976 3166 3031 exque
3225 2963 3418 3034 gloria)
3470 2964 3616 3017 acci-

2044 3052 2278 3122 pientes.
2307 3049 2445 3105 Ossa
2478 3053 2622 3105 enim
2651 3060 2704 3106 et
2733 3067 2954 3107 carnem
2989 3052 3303 3124 Sapientiaa,
3335 3058 3426 3126 qui
3469 3055 3616 3110 dicat

2046 3141 2391 3212 prudentiam
2420 3157 2544 3196 esse
2571 3151 2734 3211 atque
2767 3143 3064 3209 virtutem,
3115 3146 3420 3200 rectissime
3455 3144 3617 3200 dixe-

2045 3234 2152 3287 rit:
2190 3242 2394 3287 costam
2419 3242 2622 3296 autem,
2654 3231 3019 3298 Paracletum,
3055 3234 3317 3304 Spiritum
3351 3239 3614 3305 veritatis,

2043 3343 2110 3381 ex
2139 3341 2248 3396 quo
2297 3333 2594 3388 sumentes,
2628 3327 2681 3379 in
2714 3325 3176 3396 incerruptionem
3232 3331 3620 3387 convenienter

2044 3429 2433 3488 regenerantur
2461 3418 2554 3486 qui
2584 3418 2788 3472 fuerint
2837 3418 3146 3473 illuminati.
3194 3417 3333 3475 Fieri
3365 3438 3494 3476 vero
3521 3439 3619 3479 nc-

2043 3509 2163 3577 quit
2194 3512 2252 3558 ut
2276 3507 2564 3576 quisquam
2599 3503 2835 3575 Spiritus
2869 3507 3043 3562 sancti
3088 3509 3360 3580 particeps
3385 3511 3518 3577 fiat,
3563 3521 3620 3567 et

2044 3596 2347 3651 membrum
2377 3596 2580 3651 Christi
2629 3605 2992 3668 aggregelur,
3024 3600 3131 3654 nisi
3178 3602 3332 3670 prius
3390 3603 3445 3657 in
3502 3604 3621 3674 ipso

2043 3704 2262 3758 quoque
2315 3703 2436 3744 sese
2493 3689 2784 3746 demittens
2829 3689 3065 3746 Verbum
3116 3695 3322 3749 exstasi
3355 3694 3497 3750 facta
3526 3699 3623 3752 ob-

2043 3779 2348 3846 dormierit,
2378 3787 2437 3833 ut
2469 3781 2877 3836 renovationem
2904 3790 2956 3837 et
2988 3782 3440 3843 instaurationem
3466 3828 3480 3852 ,
3527 3804 3625 3858 pa-

2045 3872 2180 3928 riter
2208 3887 2238 3928 c
2261 3887 2454 3928 somno
2483 3887 2783 3942 exsurgens
2811 3888 2936 3927 eum
2963 3888 3050 3941 eo,
3080 3877 3175 3946 qui
3217 3892 3317 3946 pro
3363 3879 3482 3951 ipso
3526 3881 3628 3936 ob-

2044 3963 2324 4028 dormivit,
2354 3963 2760 4020 reformat-ionis
2812 3965 3050 4036 Spiritus
3095 3971 3372 4038 percipere
3427 3978 3625 4042 possit.

2043 4052 2095 4110 ls
2117 4056 2260 4110 enim
2289 4054 2507 4125 pr0prie
2529 4053 2691 4110 Verbi
2725 4064 2877 4111 costa
2906 4055 3140 4124 dicatur,
3164 4061 3493 4130 septiformis
3519 4066 3628 4122 sci-

2045 4148 2172 4204 licet
2193 4149 2438 4204 veritatis
2465 4148 2728 4220 Spiritus,
2752 4149 2908 4222 juxta
2939 4150 3259 4221 prophetam
3299 4153 3380 4214 ";
3412 4154 3480 4209 de
3514 4173 3625 4227 quo

2046 4242 2322 4313 accipiens
2352 4241 2513 4308 Deus,
2548 4250 2668 4311 post
2695 4239 2901 4297 Christi
2931 4242 3226 4308 exstasim,
3270 4255 3622 4317 posteaquam

2045 4334 2253 4390 scilicet
2280 4333 2444 4389 homo
2475 4334 2652 4390 factus
2678 4349 2742 4387 ac
2763 4341 3012 4392 mortuus
3059 4348 3176 4401 eat,
3227 4352 3350 4407 quae
3393 4353 3517 4393 eum
3555 4344 3628 4394 sit

2046 4427 2302 4497 adjutura
2341 4426 2639 4482 fabricatur
2670 4445 2684 4481 :
2715 4440 2910 4496 nempe
2932 4426 3009 4480 illi
3037 4435 3252 4497 aptatas
3297 4442 3360 4484 ac
3391 4430 3630 4500 despon-

362 4521 657 4595 θρώπησιν
701 4522 796 4577 καὶ
839 4522 901 4576 τὸ
931 4522 1135 4586 πάθος,
1165 4521 1266 4592 τὴν
1317 4521 1542 4592 βοηθὸν,
1584 4521 1730 4592 αὐτῷ
1777 4539 1942 4576 κατα-

2050 4532 2143 4574 sas
2180 4519 2412 4573 animas.
2460 4517 2642 4574 Multis
2699 4518 2842 4574 enim
2888 4517 3024 4575 locis
3074 4533 3246 4575 sacrm
3274 4521 3467 4577 litteraz
3492 4537 3628 4578 cou-

363 4613 635 4676 σκευάζει
656 4631 668 4646 ·
689 4615 834 4683 λέγω
853 4615 918 4687 δὴ
940 4615 1040 4680 τὰς
1073 4615 1425 4688 ἡρμοσμένας
1452 4613 1602 4686 αὐτῷ
1627 4615 1720 4668 καὶ
1753 4632 1946 4686 νενυμ-

358 4705 652 4782 φευμένας
693 4707 890 4779 ψυχάς.
926 4708 1083 4761 Ἔστι
1127 4708 1238 4780 γὰρ
1285 4708 1372 4762 ὅτε
1401 4707 1682 4778 πολλαχῶς
1727 4708 1858 4761 αὐτὸ
1885 4705 1948 4761 τὸ

352 4802 647 4873 ἄθροισμα
673 4799 766 4853 καὶ
795 4799 856 4852 τὸ
895 4797 1080 4869 στίφος
1105 4799 1214 4854 τῶν
1249 4801 1691 4855 πεπιστευκότων
1720 4799 1945 4872 Ἐκκλη-

353 4896 489 4952 σίαν
523 4888 702 4956 οὕτως
725 4889 1077 4960 ὀνομάζουσιν
1107 4893 1162 4944 αἱ
1194 4892 1428 4964 Γραφαὶ,
1452 4893 1559 4946 τῶν
1596 4893 1945 4965 τελειοτέρων

352 4988 508 5047 κατὰ
571 4985 857 5058 προκοπὴν
890 4983 969 5046 είς
1007 4983 1065 5036 ἒν
1105 4985 1394 5056 πρόσωπον
1430 4987 1523 5040 κα)⁸
1563 4985 1723 5058 σῶμα
1755 4985 1815 5041 τὸ
1847 4987 1946 5057 τῆς

362 5080 711 5151 Ἐκκλησίας
742 5076 1111 5148 ἀναγομένων.
1146 5079 1207 5130 Ol
1235 5079 1334 5150 μὲν
1364 5078 1473 5152 γὰρ
1502 5079 1807 5151 κρείττονες
1852 5079 1947 5134 καὶ

349 5177 696 5256 τρανότερον
735 5170 1043 5234 σπάσαντες
1081 5171 1180 5243 ἤδη
1214 5172 1315 5243 τὴν
1353 5172 1608 5246 ἀλήθειαν
1631 5211 1646 5238 ,
1674 5167 1819 5228 οὗτοι
1857 5172 1947 5226 διὰ

346 5275 458 5346 τὴν
507 5265 729 5323 τελείαν
785 5263 1051 5336 κάθαρσιν
1083 5263 1178 5315 καὶ
1229 5263 1410 5317 πίστιν
1456 5263 1944 5350 ἀποστειρωθιξντες

345 5366 465 5421 τῶν
514 5359 622 5429 τῆς
673 5355 876 5427 σαρκὸς
909 5354 1278 5428 ἀτοπημάτων
1303 5393 1320 5420 ,
1362 5355 1658 5428 Ἐκκλησία
1705 5355 1944 5426 γίνονται

350 5457 454 5514 καὶ
483 5446 690 5524 βοηθὸς
720 5444 814 5499 τοῦ
843 5445 1100 5518 Χριστοῦ,
1133 5444 1399 5519 παρθένος
1421 5444 1568 5500 ὥσπε
1578 5463 1610 5518 ρ
1629 5485 1645 5510 ,
1683 5447 1824 5521 κατὰ
1853 5447 1944 5501 τὸν

360 5540 727 5605 ’Λπόστολον,
752 5537 898 5610 αὐτῷ
942 5537 1382 5611 καθηρμοσμένοι
1427 5555 1487 5592 τε
1527 5540 1620 5592 καὶ
1648 5555 1946 5610 νενυμφευο

350 5643 514 5717 μένοι
535 5677 550 5703 ,
591 5633 722 5696 ἵνα,
755 5630 854 5701 τὴν
887 5631 1132 5703 καθαράν
1171 5633 1270 5704 τῆς
1305 5631 1653 5694 διδασκαλίας
1684 5630 1944 5697 encased.

2052 4610 2420 4680 grcgationem
2470 4609 2639 4678 ipsam
2691 4620 3001 4679 canumque
3030 4607 3266 4665 fidelium
3321 4613 3402 4667 sic
3441 4611 3627 4668 Eccle-

2050 4703 2187 4758 siam
2221 4702 2504 4756 nominant
2523 4741 2537 4767 ,
2593 4701 2721 4756 dum
2751 4703 3008 4760 nimirum
3038 4704 3390 4775 perfectiores
3418 4705 3489 4762 ob
3513 4707 3628 4762 vir-

2055 4792 2188 4846 tutis
2219 4791 2521 4861 profectum
2555 4792 2609 4846 in
2639 4808 2802 4848 unam
2834 4810 3123 4864 personam
3159 4811 3224 4850 ac
3273 4810 3473 4866 corpus
3525 4797 3630 4854 Ec-

2051 4885 2228 4940 clesia:
2253 4884 2582 4941 referuntur.
2605 4883 2738 4940 Nam
2765 4887 3043 4955 meliores,
3072 4896 3127 4943 et
3167 4890 3260 4960 qui
3303 4889 3416 4959 jam
3463 4890 3630 4961 liqui-

2052 4980 2179 5035 dius
2210 4981 2491 5035 veritatem
2518 4990 2902 5054 perceperunt,
2930 4983 2983 5037 hi
3026 4999 3138 5055 pra:
3171 4983 3412 5054 perfecta
3458 4999 3624 5055 quam

2053 5073 2234 5144 adepti
2253 5080 2402 5139 sunt,
2429 5074 2694 5130 munditie
2721 5085 2776 5130 et
2799 5075 2925 5139 ﬁde,
2944 5079 3126 5131 carnis
3155 5077 3439 5131 libidinum
3465 5079 3630 5132 steri-

2054 5165 2132 5221 les
2175 5179 2239 5220 ac
2289 5165 2575 5233 vitiorum,
2635 5167 2839 5223 Christi
2887 5167 3133 5224 Ecclesia
3183 5169 3341 5240 eique
3388 5169 3628 5238 adjutrix

2054 5256 2223 5323 fiunt;
2272 5258 2363 5326 qui
2391 5258 2620 5328 virginis
2653 5259 2708 5314 in
2743 5275 2950 5314 morem
2976 5299 2992 5322 ,
3043 5270 3103 5312 ut
3133 5260 3429 5330 Apostolus
3461 5261 3630 5330 loqui-

2052 5358 2142 5402 tur
2169 5349 2234 5414 ⁸³,
2260 5350 2336 5404 illi
2363 5351 2530 5420 aptati
2556 5351 2666 5405 sint
2687 5359 2850 5422 atque
2893 5351 3174 5422 desponsi,
3211 5365 3265 5406 ut
3300 5368 3438 5422 puro
3466 5361 3630 5423 atque

2051 5443 2216 5500 feraci
2244 5445 2510 5500 doctrinae
2543 5456 2800 5518 suscepto
2829 5447 3056 5507 semine,
3087 5457 3470 5516 coopercntur,
3504 5461 3630 5518 pro-

2050 5553 2219 5609 pensa
2248 5552 2351 5609 ope
2379 5536 2446 5591 ad
2481 5538 2816 5608 reliquorum
2861 5538 3091 5592 salutem
3138 5541 3511 5609 praedicationi
3552 5541 3636 5595 fa-

2052 5629 2246 5686 vendo.
2280 5629 2382 5696 Qui
2421 5637 2602 5684 autem
2632 5627 2938 5700 imperfecti
2974 5629 3151 5687 adhuc
3203 5640 3256 5686 et
3305 5633 3514 5690 tirones
3547 5631 3632 5690 die

459 5827 510 5857 ⁸⁸
554 5817 757 5888 lphes.
802 5831 865 5876 ν,
892 5814 981 5875 27,
1011 5813 1113 5870 ‘26.
1189 5815 1231 5846 ⁸⁸
1275 5815 1401 5871 Cen.
1459 5831 1498 5880 ι,
1546 5815 1629 5869 13.
1706 5816 1752 5846 ⁵⁹
1793 5813 1906 5866 lsa.

2070 5812 2124 5867 9.
2203 5815 2246 5845 ⁸³
2291 5811 2350 5867 Η
2381 5813 2504 5868 Cor.
2567 5828 2641 5882 zu,
2681 5814 2737 5869 9..

522 5918 808 5976 Ριτιιοι..
843 5909 956 5970 Gn.
994 5902 1220 5971 XVIII.
