4140 6420
396 386 461 441 77
1475 384 1855 442 CONVIV’IUM
1900 385 2121 443 DECEM
2158 387 2511 445 V'IBGINUM.
3549 394 3616 450 78

393 504 585 576 αὐτῆς,
626 506 728 559 ἶνα
764 505 958 573 αὐτὴν
987 505 1208 575 ἁγιάσῃ
1244 508 1575 576 καθαρίσας
1609 508 1691 575 τῷ
1720 510 1944 578 λουτρῷ

2053 512 2480 580 pronuntiasset,
2513 515 2592 569 sic
2630 513 2886 567 nimirum
2917 521 3056 568 utet
3094 510 3347 571 Christus
3392 533 3508 586 ipse
3557 535 3618 573 se

392 597 500 651 τοῦ
525 597 741 664 ὓδατος
765 599 835 651 ἐν
855 597 1072 667 ῥήματι
1090 616 1104 629 υ
1134 598 1433 671 ἀνέδραμεν
1470 602 1550 663 είς
1584 601 1683 672 τὴν
1714 601 1948 664 Γένεσιν,

2049 604 2239 673 gessit,
2271 606 2365 675 qui
2399 622 2453 660 se
2487 607 2657 676 ipsum
2689 622 2788 676 pro
2822 605 3061 659 Ecclesia
3104 607 3347 669 tradidit,
3394 619 3451 661 ul
3500 627 3619 664 eam

394 690 745 761 ἐπιμνησθεὶς
772 691 881 744 τῶν
907 694 1035 762 περὶ
1059 692 1151 745 τὸν
1174 691 1595 762 πρωτόπλαστον
1619 693 1815 765 ῥητῶν,
1840 695 1944 761 ἐξο·

2052 695 2406 763 sanctiﬁcarel
2447 706 2496 751 et
2534 696 2809 751 mandaret
2842 697 3050 751 lavacro
3094 712 3243 767 aqua:
3279 698 3332 752 in
3366 699 3516 753 rerbo
3545 701 3618 765 δ’,

397 779 639 849 μαλίζων
675 783 756 844 εἰς
784 781 876 834 τὸν
923 782 1280 852 προκείμενον
1320 781 1465 851 αὐτῷ
1508 783 1601 835 καὶ
1644 783 1783 837 αὐτὰ
1830 784 1944 837 νοῦν

2050 790 2283 843 recurrit
2311 789 2378 843 ad
2408 788 2684 853 Genesim,
2710 806 2896 846 eorum
2923 806 3042 860 quze
3064 790 3174 845 illic
3204 790 3271 846 de
3316 792 3492 861 primo
3522 793 3620 846 ho-

391 872 492 942 τῆς
535 872 873 937 ὑποθέσεωςο
914 874 1059 937 ὅπως
1098 873 1171 945 μὴ
1203 874 1459 945 παράσχῃ
1490 874 1658 946 λαϐὴν
1693 877 1807 938 τοῖς
1859 893 1954 930 κε-

394 964 642 1034 φαλαίοις
704 965 1146 1037 καταχρήσασθαι
1199 964 1407 1027 τούτοις
1455 966 1581 1029 τοὺς
1631 966 1957 1037 πρεσϐεύον-

391 1075 492 1122 τας
521 1097 536 1119 ,
591 1059 858 1131 προφάσει
917 1060 1297 1129 τεκνογονίας,
1366 1060 1632 1132 σωμάτων
1690 1076 1956 1131 παρατρι-

392 1149 511 1213 ὅάς.

2053 878 2202 934 mine
2233 879 2491 935 dicuntur
2512 882 2840 937 mentionem
2875 882 3160 942 inducens,
3186 896 3361 950 exque
3390 882 3620 951 subjecti

2060 971 2364 1037 argumenti
2391 973 2659 1027 sententia
2688 973 2800 1027 hzec
2823 973 3009 1028 eadem
3035 987 3338 1042 exponens,
3363 989 3433 1027 ne
3460 989 3620 1043 quam

2061 1061 2235 1115 sacris
2273 1061 2380 1116 illis
2409 1062 2590 1117 verbis
2620 1061 2875 1117 abutendi
2918 1062 3259 1117 occasionem
3291 1062 3361 1117 iis
3390 1063 3625 1132 praebeat

2059 1151 2176 1220 qui,
2219 1151 2513 1207 liberorum
2544 1153 3005 1223 procreandorum
3037 1157 3318 1221 praetextu,
3350 1151 3504 1208 hisce
3527 1166 3626 1212 ve-

2058 1244 2240 1299 nereis
2266 1244 2545 1300 immorari
2576 1245 2792 1301 docent.

1502 1360 1631 1418 CAP.
1665 1361 1758 1416 XI.
1788 1362 1865 1418 De
1890 1363 2070 1419 eodem
2100 1377 2429 1438 argumento.

471 1481 867 1552 Ἐπισκέψασθε
917 1482 1060 1556 γὰρ,
1086 1485 1170 1540 ὅτι
1201 1489 1525 1558 σωφρονεῖν,
1570 1482 1617 1541 ὦ
1662 1487 1953 1560 παρθένοι,

392 1573 534 1626 κατὰ
563 1574 763 1646 κράτος
795 1574 963 1630 θέλων
994 1578 1119 1641 τοὺς
1147 1580 1597 1645 πεπιστευκότας,
1635 1579 1722 1633 διὰ
1746 1580 1956 1635 πολλῶν

388 1667 571 1729 αὐτοῖς
599 1668 914 1740 τεκμηρίων
945 1670 1306 1742 ὑπεμφαίνειν
1355 1673 1609 1743 πειρᾶται
1639 1671 1701 1725 τὸ
1740 1673 1955 1744 ἀξίωμα

387 1759 487 1831 τῆς
512 1761 754 1829 ἁγνείας,
783 1764 874 1817 ὁτὲ
909 1763 1029 1835 μὲν,
1067 1763 1207 1832 Περὶ
1233 1764 1303 1818 δὲ
1348 1758 1439 1818 ὧν
1477 1764 1775 1835 ἐγράψατε
1809 1783 1911 1835 μοι
1933 1806 1949 1829 ,

388 1852 581 1922 λέγων,
614 1856 818 1909 Καλὸν
861 1856 1148 1925 ἀνθρώπῳ
1178 1858 1464 1927 γυναικὸς
1498 1858 1585 1928 μὴ
1621 1858 1909 1915 ἅπτεσθαι
1932 1877 1944 1890 ·

388 1942 608 1996 αὐτόθεν
637 1944 850 2011 δεικνὺς
891 1948 992 2016 ἤδη
1039 1948 1348 2016 περιφανῶς
1369 1988 1383 2012 ,
1416 1950 1479 2002 τὸ
1512 1950 1587 2016 μὴ
1621 1949 1944 2016 προσψαύειν

2058 1867 2233 1912 autem
2257 1858 2545 1926 scripsistis
2565 1857 2732 1912 mihi:
2766 1856 2972 1911 Bonum
2992 1874 3104 1912 esse
3127 1857 3324 1912 homini
3350 1857 3618 1912 mulierem

2053 1961 2158 1998 non
2203 1953 2453 2016 tangere;
2490 1946 2617 2001 inde
2643 1946 2756 2016 jam
2806 1947 2954 2002 clare
2982 1946 3297 2011 ostendens,
3330 1946 3618 2004 honestum

385 1942 608 1996 αὐτόθεν
637 1944 850 2011 δεικνὺς
891 1948 992 2019 ἤδη
1039 1948 1348 2020 περιφανῶς
1369 1988 1383 2012 ,
1416 1950 1479 2002 τὸ
1512 1950 1587 2021 μὴ
1621 1949 1951 2023 προσψαύειν

385 2034 641 2100 γυναικὸς
684 2032 824 2090 εἶναι
855 2038 1038 2103 καλὸν,
1084 2040 1356 2110 προτάξας
1388 2041 1519 2095 αὐτὸ
1568 2044 1661 2097 καὶ
1691 2043 1954 2115 προεκθέ-

389 2141 548 2194 μενος
580 2126 992 2198 ἀπολελυμένως
1012 2147 1025 2159 ·
1050 2126 1170 2184 εἶτα
1207 2131 1305 2204 τὴν
1333 2132 1614 2188 ἀσθένειαν
1645 2131 1801 2200 αὖθις
1832 2153 1955 2191 συνι

390 2218 516 2274 ιδὼν
544 2221 640 2275 καὶ
665 2220 763 2293 τὴν
796 2223 1131 2278 ὑπέκκαυσιν
1158 2224 1268 2277 τῶν
1314 2226 1710 2300 ἀκρατωτέρων
1743 2228 1843 2300 τὴν
1874 2232 1954 2294 είς

388 2312 700 2377 συνουσίαν,
735 2314 1078 2385 συνεχώρησε
1121 2320 1232 2380 τοῖς
1282 2318 1356 2390 μὴ
1407 2318 1723 2389 δυναμένοις
1766 2320 1953 2392 ἄρχειν

387 2403 589 2474 σαρκὸς
642 2405 874 2475 χρῆσθαι
924 2409 1045 2469 ταῖς
1088 2408 1296 2462 ἑαυτῶν
1336 2411 1586 2480 ὁμεύνοις
1627 2412 1865 2482 μᾶλλον,
1916 2414 1949 2484 ἢ

384 2495 835 2566 παραπίπτοντας
863 2498 1184 2569 ἀσχημόνως
1213 2502 1488 2570 ἐκκεῖσθαι
1511 2505 1639 2574 περὶ
1671 2505 1944 2574 πορνείας.

394 2587 609 2658 ’Δμέλει
644 2588 783 2659 μετὰ
820 2589 883 2643 τδ
913 2591 1201 2663 ἐπιτρέψαι
1232 2592 1404 2647 ταῦτα
1433 2594 1635 2659 εὐθέως
1661 2597 1946 2669 παρήγαγε

380 2680 504 2734 τόδε
527 2698 541 2711 ·
579 2681 703 2735 Ἵνα
734 2682 821 2751 μὴ
873 2682 1112 2753 πειράζῃ
1139 2683 1295 2753 ὑμᾶς
1334 2689 1368 2740 ὀ
1400 2685 1669 2754 σατανᾶς
1696 2687 1792 2742 διὰ
1836 2688 1950 2757 τὴν

383 2772 706 2841 ἀκρασίαν.
743 2775 918 2849 Ὅπερ
954 2776 1134 2829 ἐστίν·
1169 2777 1233 2830 Εἰ
1281 2776 1356 2849 μὴ
1394 2777 1656 2842 δύνασθε,
1699 2772 1747 2831 ὦ
1777 2772 1945 2843 οὗτοι,

387 2866 703 2920 παντάπασι
738 2869 1033 2939 σωφρονεῖν
1060 2866 1149 2922 διὰ
1183 2868 1281 2941 τὴν
1309 2868 1583 2940 ὑγρότητα
1620 2867 1732 2923 τῶν
1764 2870 1950 2942 σωμά-

382 2972 510 3019 των,
559 2957 835 3031 ἐπιτρέψω
875 2958 1073 3030 μᾶλλον
1121 2962 1239 3024 ταῖς
1272 2960 1421 3030 σφῶν
1452 2960 1630 3014 αὐτῶν
1674 2966 1949 3017 κοινωνεῖν

382 3051 679 3118 γαμεταῖς·
740 3050 824 3105 ἴνα
884 3049 978 3123 μὴ.
1028 3052 1122 3106 καὶ
1156 3053 1481 3123 ἐγκράτειαν
1522 3053 1947 3121 ἐπαγγέλλεσθαι

380 3140 745 3213 νομιζόμενοι,
794 3142 1127 3216 πειράζησθε
1162 3144 1397 3215 συνεχῶς
1443 3144 1548 3199 ὑπὸ
1582 3145 1676 3200 τοῦ
1711 3144 1945 3219 πονηροῦ

379 3230 461 3293 τις
472 3226 479 3275 ἶ
495 3220 777 3304 ἀλλοτρίας
804 3233 1209 3305 ἐκφλεγόμενοι.

2127 1489 2481 1547 Considerate
2506 1490 2673 1552 enim.
2704 1506 2739 1547 ο
2783 1492 3036 1562 virgines.
3070 1499 3129 1545 ut
3175 1490 3400 1546 omnino
3427 1491 3622 1546 etiam-

2060 1598 2168 1653 que
2194 1590 2356 1653 atque
2378 1584 2543 1638 etiam
2575 1583 2762 1639 fideles
2795 1584 2864 1637 ad
2894 1584 3197 1638 castitatem
3223 1581 3481 1638 inducere
3509 1591 3622 1637 sat-

2057 1688 2245 1743 agens,
2284 1689 2379 1744 per
2406 1674 2572 1727 multa
2597 1680 2913 1744 argumenta
2936 1673 3043 1727 illis
3088 1672 3367 1728 insinuare
3392 1683 3621 1728 conetur

2057 1765 2177 1833 ejus
2216 1765 2617 1834 praestantiam;
2646 1773 2705 1819 ut
2734 1780 2858 1820 cum
2889 1769 3048 1819 modo
3088 1767 3164 1819 ait
3204 1765 3282 1820 “z
3319 1764 3398 1819 De
3431 1764 3619 1835 quibus

2058 1867 2233 1912 autem
2257 1858 2545 1926 scripsistis
2565 1857 2732 1912 mihi:
2766 1856 2972 1911 Bonum
2992 1874 3104 1912 esse
3127 1857 3324 1912 homini
3350 1857 3618 1912 mulierem

2052 2049 2178 2090 esse
2205 2048 2312 2088 non
2357 2034 2618 2090 accedere
2660 2035 2731 2090 ad
2774 2051 3021 2102 uxorem,
3066 2052 3190 2091 cum
3234 2038 3338 2092 hoc
3370 2039 3620 2095 absolute

2055 2126 2459 2194 przestruxisset
2494 2142 2559 2181 ac
2586 2127 2977 2197 proposuisset.
3022 2127 3243 2191 Deinde.
3286 2128 3617 2187 inﬁrmitatis

2055 2217 2306 2274 humanm
2331 2219 2607 2283 conscius,
2633 2230 2931 2289 aestumque
2961 2220 3332 2276 vehementem
3360 2230 3618 2290 reputans

2052 2326 2162 2381 quo
2201 2311 2670 2380 intemperatiores
2712 2312 2766 2366 in
2799 2312 3004 2367 coitum
3042 2313 3349 2382 rapiuntur,
3381 2328 3491 2367 non
3524 2330 3620 2366 va-

2053 2404 2290 2459 lentibus
2312 2417 2529 2458 carnem
2561 2419 2627 2458 ex
2656 2404 2884 2473 imperio
2904 2418 3177 2467 coercere,
3202 2404 3317 2459 suis
3337 2405 3517 2474 potius
3539 2406 3615 2460 uti

2051 2494 2313 2548 uxoribus
2346 2493 2611 2562 permisit,
2642 2509 2806 2564 quam
2836 2501 2896 2548 ut
2926 2493 3181 2550 indecore
3210 2494 3264 2548 in
3296 2492 3618 2551 fornicarios

2049 2599 2380 2654 congressus
2429 2584 2796 2643 edundantur.
2843 2585 3084 2656 Denique
3112 2586 3192 2642 sic
3224 2586 3364 2640 facta
3400 2586 3489 2641 illa
3532 2593 3618 2642 tn-

2048 2672 2352 2744 dulgentia,
2389 2689 2514 2730 mox
2542 2675 2685 2730 istud
2717 2674 2918 2746 adjecit
2945 2676 2986 2708 ⁶¹
3014 2692 3030 2730 :
3063 2674 3146 2730 Ne
3171 2683 3327 2730 tentet
3356 2693 3444 2731 vos
3463 2676 3618 2731 Sata-

2050 2782 2170 2829 nas,
2196 2776 2410 2837 propter
2454 2769 2891 2823 incontinentiam
2927 2777 3174 2824 vestram.
3206 2768 3364 2835 Quod
3389 2779 3473 2825 est
3503 2787 3519 2824 :
3555 2768 3614 2825 Si

2048 2875 2158 2914 non
2192 2861 2443 2931 potestis.
2479 2861 2616 2918 heus
2646 2877 2766 2925 vos,
2800 2862 3024 2917 omnino
3052 2864 3107 2917 in
3135 2865 3384 2919 castitate
3414 2864 3613 2928 vivere,

2050 2959 2271 3023 propter
2319 2953 2565 3008 inclitam
2604 2954 2929 3024 corporibus
2961 2955 3069 3008 vim
3102 2955 3366 3019 libidinis,
3408 2955 3616 3012 suadeo

2049 3058 2114 3097 ac
2136 3044 2327 3098 hortor
2343 3053 2401 3099 ut
2417 3045 2615 3101 vestris
2633 3047 2813 3116 potius
2835 3046 3098 3101 uxoribus
3119 3048 3516 3110 consuescatis,
3545 3065 3616 3106 no

2047 3134 2177 3189 dum
2209 3136 2448 3206 proﬁteri
2482 3135 2736 3191 videmini
2764 3137 3175 3201 continentiam,
3207 3139 3486 3193 tentemini
3531 3154 3617 3194 as-

1974 3237 2017 3295 c
2050 3226 2207 3283 sidue
2232 3243 2263 3281 a
2292 3229 2435 3283 malo
2470 3230 2733 3292 daemone.
2768 3228 2835 3284 ad
2868 3230 3163 3285 alienarum
3197 3231 3482 3286 mulierum
3510 3248 3611 3287 cu-

2051 3319 2331 3392 piditatem
2355 3320 2692 3379 inﬂammati.

993 3435 1118 3490 Cn.
1143 3435 1258 3491 ΧΠ.
1288 3436 1491 3491 Paulus
1515 3435 1686 3492 viduis
1703 3437 2023 3507 exemplum,
2052 3438 2189 3492 etiis
2215 3440 2305 3510 qui
2324 3437 2577 3493 uxoribus
2605 3455 2707 3493 non
2730 3447 3015 3494 uterentur.

449 3548 583 3623 Φέρε
609 3550 718 3623 γὰρ
745 3551 882 3606 αὐτᾶ
914 3552 1142 3623 κείμενα
1172 3552 1550 3629 διαθρήσωμεν
1596 3554 1944 3624 ἐπιμελέστε-

379 3660 475 3717 ρον
496 3659 514 3675 ⁶
559 3645 641 3700 ὅτι
693 3645 765 3717 μὴ
812 3645 1223 3717 ἁπολελυμένως
1259 3649 1288 3701 ὁ
1336 3647 1651 3711 Ἀπόστολος
1685 3645 1942 3700 ἐπένευσε

372 3734 551 3789 ταῦτα
595 3741 706 3801 τοῖς
736 3736 970 3803 πολλοῖς,
1004 3738 1138 3793 ἀλλὰ
1174 3739 1430 3809 προσθεὶς
1457 3740 1555 3811 τὴν
1597 3741 1776 3795 αἰτίαν
1812 3741 1945 3813 πρό-

371 3843 573 3899 τερον,
620 3828 687 3881 δι’
717 3828 786 3900 ῆν
840 3830 923 3892 εἰς
978 3829 1133 3883 τοῦτο
1175 3830 1452 3901 παρήχθη.
1506 3832 1944 3903 Ἀποφηνάμενος

370 3918 530 3986 γοῦν,
562 3919 765 3975 Καλὸν
801 3916 953 3975 εἶναι
996 3919 1281 3989 ἀνθρώπῳ
1318 3922 1601 3991 γυναικὸς
1642 3923 1729 3992 μὴ
1765 3923 1943 3977 ἄπτε-

370 4014 516 4066 σθαι
536 4051 551 4076 ,
602 4012 805 4079 εὐθέως
866 4015 1154 4085 παρήγαγε
1173 4031 1186 4045 ·
1241 4013 1347 4067 Διὰ
1398 4014 1467 4067 δὲ
1507 4016 1613 4082 τὰς
1663 4019 1944 4084 πορνείας

368 4100 631 4171 ἕκαστος
658 4102 770 4173 τὴν
791 4104 1008 4159 ἑαυτοῦ
1037 4104 1290 4174 γυναῖκα
1314 4104 1513 4173 ἐχέτω.
1542 4107 1818 4172 Τουτέστι,
1853 4108 1940 4162 διὰ

372 4191 473 4264 τὴν
493 4184 736 4266 ἀνάγκην
756 4195 854 4266 τῆς
875 4196 1151 4266 πορνείας,
1183 4199 1230 4250 εἰ
1262 4198 1338 4267 μὴ
1362 4184 1823 4270 φέρετεκολάζειν
1844 4198 1942 4271 τὴν

371 4284 588 4361 ἡδονήν.
618 4287 726 4342 Kal
753 4286 982 4358 ἑκάστη
1012 4288 1167 4358 γυνὴ
1202 4289 1311 4343 τὸν
1339 4290 1492 4344 ἴδιον
1518 4289 1709 4358 ἄνδρα
1735 4290 1934 4361 ἐχέτω.

380 4375 463 4445 τῇ
520 4382 759 4450 γυναικί
810 4386 844 4436 d
893 4381 1049 4450 ἀνὴρ
1098 4381 1216 4451 τὴν
1267 4381 1523 4451 ὀφειλὴν
1574 4383 1903 4438 ἀποδιδότω
1920 4401 1933 4415 ·

374 4471 589 4538 ὁμοίως
614 4474 683 4528 δὲ
728 4474 826 4529 καὶ
867 4476 904 4544 ἡ
954 4474 1105 4545 γυνὴ
1143 4474 1224 4542 τῷ
1278 4475 1472 4544 ἀνδρί.
1532 4476 1600 4532 Ἢ
1638 4476 1793 4545 γυνὴ
1831 4476 1939 4531 τοῦ

2117 3554 2228 3625 Age
2251 3555 2417 3617 enim,
2449 3562 2761 3610 contextum
2791 3555 2969 3626 ipsum
3013 3555 3324 3627 diligentius
3355 3558 3612 3628 inspicia-

2049 3661 2192 3708 mus,
2227 3659 2291 3700 ac
2331 3645 2682 3701 observemus
2714 3661 2822 3699 non
2865 3646 2946 3701 sic
2976 3646 3222 3702 absolute
3253 3647 3369 3703 haec
3405 3650 3610 3719 passim

2047 3737 2302 3792 omnibus
2334 3734 2652 3805 Apostolum
2684 3736 3048 3801 concessisse,
3083 3738 3177 3793 sed
3210 3738 3419 3807 adjecta
3456 3741 3610 3811 prius

2046 3842 2213 3883 causa
2242 3843 2309 3882 ex
2337 3842 2445 3898 qua
2473 3828 2538 3882 ad
2568 3827 2620 3882 id
2652 3828 2880 3883 adactus
2903 3836 3007 3885 est.
3036 3820 3171 3884 Cum
3196 3830 3378 3902 itaque
3407 3833 3460 3886 in
3495 3832 3609 3887 haec

2050 3920 2215 3974 verba
2250 3919 2573 3974 sententiam
2611 3918 2839 3975 dixisset
2868 3920 2951 3974 “2
3003 3921 3209 3975 Bonum
3254 3939 3367 3979 esse
3408 3922 3609 3980 homini

2051 4010 2320 4064 mulierem
2350 4028 2455 4065 non
2476 4020 2686 4082 tangere
2705 4051 2720 4074 ,
2753 4012 2933 4066 statim
2966 4012 3246 4083 subjunxit
3267 4016 3312 4049 ⁸³
3340 4032 3354 4069 :
3384 4013 3607 4088 Propter

2047 4104 2447 4171 fornicationem
2487 4113 2660 4158 autem
2692 4106 3041 4177 unusquisque
3077 4124 3229 4162 suam
3267 4123 3482 4165 uxorem
3508 4111 3607 4165 ha-

2049 4198 2185 4249 beat.
2222 4192 2335 4251 Hoc
2375 4202 2482 4261 est,
2520 4204 2741 4267 propter
2780 4196 3156 4256 fornicationis
3199 4202 3602 4269 necessitatem,

2046 4284 2094 4337 si
2134 4284 2462 4354 voluptatem
2502 4286 2756 4341 cohibere
2777 4300 2884 4340 non
2909 4287 3211 4346 sustinetis.
3244 4287 3309 4342 Et
3349 4307 3606 4363 unaqutc-

2044 4391 2142 4444 que
2173 4375 2364 4432 mulier
2389 4380 2660 4446 proprium
2689 4378 2856 4431 virum
2889 4377 3097 4435 habeat.
3133 4379 3299 4436 Uxori
3340 4384 3420 4437 vir
3455 4383 3603 4438 debi-

2044 4479 2155 4520 tum
2184 4466 2391 4531 reddat,
2431 4467 2677 4523 similiter
2708 4478 2759 4523 et
2793 4484 2929 4523 uxor
2964 4472 3096 4525 viro.
3146 4470 3340 4527 Mulier
3366 4477 3448 4527 sui
3483 4491 3605 4528 cor-

376 4558 531 4616 ίδίου
586 4567 857 4636 σώματος
902 4570 1013 4622 οὐκ
1049 4567 1378 4634 ἐξουσιάζει
1401 4607 1417 4632 ,
1482 4569 1619 4624 ἀλλ’
1668 4573 1702 4624 ό
1753 4569 1905 4637 ἀνήρ
1921 4587 1935 4601 -

2046 4560 2185 4627 poris
2212 4568 2516 4628 potestatem
2552 4577 2657 4615 non
2694 4560 2866 4625 habet,
2900 4562 2992 4617 sed
3024 4564 3133 4627 uir;
3170 4564 3416 4621 similiter
3441 4575 3492 4620 et
3524 4567 3604 4619 vir

371 4653 592 4721 ὀμοίως
617 4656 684 4710 δὲ
728 4660 826 4711 καὶ
877 4662 910 4713 ό
964 4659 1120 4729 ἀνὴρ
1170 4661 1275 4717 τοῦ
1311 4659 1463 4716 ίδίου
1518 4661 1791 4731 σώματος
1828 4665 1940 4717 οὐκ

367 4740 724 4812 ἐξουσιάζει,
754 4748 890 4803 ἀλλ’
922 4751 962 4817 ἠ
992 4749 1165 4819 γυνή.
1202 4751 1300 4819 Μὴ
1334 4753 1713 4822 ἀποστερεῖτε
1753 4753 1939 4820 ἀλλή-

364 4835 540 4903 λους,
583 4840 635 4893 εί
655 4836 741 4908 μή
764 4855 819 4891 τι
846 4837 922 4893 ἂν
948 4841 1017 4895 ἐκ
1053 4841 1377 4910 συμφώνου
1409 4843 1558 4911 πρὸς
1584 4845 1811 4913 καιρόν,
1837 4845 1938 4901 ἵνα

363 4928 706 5000 σχολάζητε
732 4929 807 4999 τῇ
832 4932 1141 5001 προσευχῇ
1161 4951 1174 4962 ·
1209 4936 1305 4991 καί
1339 4935 1525 4990 πάλιν
1556 4937 1654 4990 ἐπὶ
1697 4937 1763 4991 τὸ
1788 4938 1935 4991 αὐτὸ

359 5018 769 5091 συνέρχεσθε,
798 5023 898 5077 ἵνα
929 5022 1015 5093 μὴ
1045 5024 1282 5094 πειράζῃ
1306 5023 1461 5096 ὑμᾶς
1485 5029 1519 5080 ό
1546 5025 1815 5095 σατανᾶς
1836 5028 1934 5083 διὰ

364 5102 487 5179 τὴν
510 5115 831 5185 ἀκρασίαν.
866 5117 1046 5171 Τοῦτο
1070 5115 1139 5170 δὲ
1172 5116 1324 5189 λέγω
1364 5120 1514 5174 κατὰ
1550 5119 1934 5190 συγγνώμην,

366 5203 442 5253 οὐ
488 5206 620 5259 κατ’
655 5205 965 5276 ἐπιταγήν.
1010 5203 1442 5275 Τεθεωρημένως
1495 5206 1553 5261 δὲ
1602 5207 1805 5278 σφόδρα
1844 5206 1939 5260 καὶ

367 5290 551 5348 τοῦτο.
586 5298 748 5353 Κατὰ
778 5296 1287 5369 συγγνώμηνογὰρ
1316 5299 1699 5369 ἐπεσημήνατο
1733 5298 1938 5368 συμϐε-

367 5380 722 5445 ϐουλευκέναι
752 5389 868 5454 νῦν,
901 5390 962 5443 οὐ
1004 5388 1121 5442 κατ’
1148 5390 1410 5461 ἐπιταγήν
1432 5406 1446 5420 ο
1489 5388 1675 5460 ἐπειδὴ
1703 5389 1799 5460 τὴν
1835 5390 1933 5459 μὲν

365 5474 641 5556 ἐπιταγὴν
662 5485 754 5538 ἐπὶ
783 5485 882 5555 τῆς
911 5480 1283 5553 σωφροσύνης,
1313 5480 1409 5535 καὶ
1439 5480 1534 5535 τοῦ
1569 5479 1643 5552 μὴ
1667 5481 1933 5536 ἅπτεσθαι

363 5573 629 5639 γυναικὸς
657 5576 947 5646 λαμϐάνει’
992 5573 1090 5645 τὴν
1125 5573 1183 5628 δὲ
1214 5571 1541 5644 συγγνώμην
1579 5572 1673 5625 ἐπὶ
1710 5572 1820 5625 τῶν
1859 5574 1932 5645 μὴ

364 5654 703 5735 δυναμένων,
743 5669 817 5733 ὡς
844 5668 999 5737 ἔφην,
1042 5664 1290 5730 κολάζειν
1318 5663 1414 5735 τὴν
1457 5661 1766 5735 ἐπιθυμίαν.
1799 5665 1936 5739 Περὶ

437 5817 484 5851 ⁸⁸
527 5820 714 5879 Euftrs.
760 5840 810 5878 ν.
867 5823 955 5877 26.
1034 5821 1077 5853 ⁸⁸
1120 5823 1148 5877 1
1190 5839 1311 5879 μοι’.
1351 5838 1444 5879 vn.
1484 5823 1580 5879 i."
1621 5823 1746 5878 ibid.
1786 5821 1838 5875 5.

2040 4652 2125 4705 sui
2153 4651 2385 4719 corporis
2421 4659 2728 4719 potestatem
2772 4670 2875 4706 non
2904 4653 3076 4717 habet,
3121 4655 3212 4710 sed
3244 4656 3450 4711 mulier.
3487 4655 3602 4710 No-

2041 4746 2132 4800 lite
2163 4743 2416 4814 fraudare
2440 4747 2677 4810 invicem,
2703 4746 2806 4804 nisi
2832 4747 2964 4817 forte
2994 4765 3062 4804 ex
3090 4767 3344 4806 consensu
3369 4750 3438 4805 ad
3471 4761 3603 4806 tent-

2039 4852 2159 4903 pus,
2187 4846 2245 4891 ut
2274 4838 2466 4893 vacetis
2492 4839 2728 4893 orationi
2752 4855 2770 4893 :
2798 4850 2846 4894 et
2868 4842 3059 4895 iterum
3086 4844 3403 4897 revertimini
3437 4844 3492 4896 in
3516 4844 3572 4897 id
3589 4872 3602 4885 -

2039 4930 2211 4999 ipsum
2239 4946 2302 4983 ne
2333 4939 2489 4985 tentet
2530 4947 2618 4989 vos
2645 4932 2880 4989 Satanas
2909 4944 3118 5005 propter
3144 4936 3596 4991 incontinentiam.

2043 5019 2158 5075 Hoc
2191 5031 2363 5076 autem
2390 5022 2508 5077 dico
2541 5024 2827 5082 secundum
2857 5025 3257 5097 indulgentiam,
3283 5043 3386 5080 non
3416 5042 3602 5081 secun-

2037 5113 2165 5167 dum
2222 5113 2498 5183 imperium
2527 5115 2594 5172 “.
2651 5115 3058 5187 Circumspecte
3107 5117 3397 5173 admodum
3453 5117 3600 5172 istud

2037 5207 2199 5262 etiam
2232 5207 2542 5277 appositum
2582 5217 2687 5265 est.
2723 5208 3022 5265 Secundum
3050 5208 3427 5279 indulgentiam
3452 5208 3598 5264 cnim

2037 5298 2363 5368 signiﬁcavit
2406 5316 2466 5356 se
2501 5318 2649 5357 nunc
2673 5302 2960 5358 consilium
2993 5301 3228 5366 dedisse,
3262 5316 3369 5356 non
3400 5317 3600 5356 secun-

2037 5391 2165 5446 dum
2210 5392 2516 5464 imperium.
2547 5393 2682 5448 Nam
2723 5395 3005 5464 imperium
3047 5394 3264 5465 quidem
3312 5394 3384 5448 ibi
3418 5392 3600 5464 potius

2041 5491 2290 5554 usurpat,
2334 5484 2427 5539 ubi
2469 5485 2774 5540 castitatem
2808 5483 3020 5547 suadet,
3046 5492 3101 5540 et
3138 5484 3285 5555 tangi
3318 5484 3597 5539 mulierem

2039 5582 2213 5639 vetat;
2248 5575 2636 5646 indulgentiam
2665 5590 2812 5639 vero,
2842 5576 2921 5631 uti
2944 5576 3213 5640 dicebam,
3246 5576 3353 5631 illis
3380 5574 3598 5630 adhibet

2040 5664 2134 5734 qui
2170 5667 2670 5736 concupiscentiam
2712 5667 2968 5722 cohibere
2995 5681 3101 5720 non
3134 5673 3381 5735 possunt.
3412 5665 3489 5720 Ac
3528 5665 3599 5721 de

1917 5817 1959 5849 "
2001 5819 2110 5875 ibid
2172 5822 2201 5874 1
2300 5822 2346 5855 ⁸⁸
2385 5821 2509 5875 ibid.
2551 5821 2606 5876 Ξ.
2682 5821 2728 5855 ⁸⁸
2769 5822 2897 5878 ibid.
2940 5821 3058 5877 2-6.
