4140 6422
376 365 437 421 8|
1336 373 1340 377 ’
1456 360 1838 418 CONVIVIUM
1879 358 2110 416 DECEM
2152 358 2514 419 VIRGINUM.
3544 362 3615 419 8!

375 484 657 541 ἀσθένειαν
695 484 1057 554 ἀπογεύεσθαι
1083 482 1285 539 τούτων
1310 484 1420 537 τῶν
1454 485 1940 557 προσφερομένων,

2050 486 2324 556 aegrotanti
2349 485 2582 556 cuipiam
2610 484 2792 540 cibum
2821 483 3032 549 oﬂerat,
3050 484 3364 555 iubeatque,
3395 500 3501 556 qua
3533 486 3611 540 Ia-

381 576 579 647 ιέγων·
641 577 729 640 '0;
778 575 886 648 ἀρα
935 576 995 632 τὺ
1033 576 1134 648 μὲν
1184 575 1417 647 ἀληθῶς,
1450 570 1498 630 ὦ
1545 574 1722 641 οὗτος,
1756 576 1942 641 καλὸν,

375 670 562 741 ἐχρῆν,
599 668 789 741 ὥσπερ
818 667 881 740 δὴ
934 666 1027 722 καὶ
1076 667 1247 738 ἡμᾶς,
1276 666 1371 721 καί
1417 683 1477 721 σε
1514 668 1802 740 καρτερῶς
1826 669 1945 723 δια-

378 761 657 832 μείναντα,
685 760 794 815 τῶν
821 760 1000 814 αὐτῶν
1048 761 1367 834 μεταλαϐεῖν
1397 760 1507 831 (55)
1533 777 1547 791 ·
1574 760 1947 833 ἀπηγόρευται

375 852 485 925 γὰρ
517 853 755 925 σήμερον
778 852 986 924 διαίτης
999 852 1400 925 ἐπιμνησθῆναι
1423 851 1485 906 τὸ
1520 850 1756 906 σύνολον.
1806 852 1946 907 Ἀλλ’

374 946 561 1018 ἐπειδὴ
610 946 751 1016 νόσῳ
794 944 1255 1018 προκατασχεθεὶς
1301 944 1699 1017 ὲξησθένησας,
1744 948 1841 1001 καὶ
1884 947 1946 1001 οὐ

373 1036 504 1109 δύνῃ
530 1036 743 1110 φέρειν’
776 1038 946 1110 ταύτῃ
982 1038 1046 1110 δὴ
1075 1039 1405 1108 συγγνώμην
1439 1039 1693 1110 νέμοντες
1714 1039 1950 1110 συμῦου-

374 1128 641 1200 λευόμεθα
670 1128 856 1184 σιτίων
894 1129 1258 1202 ἐπορέξασθαί
1281 1147 1362 1193 σε,
1404 1131 1492 1184 ἵνα
1532 1130 1627 1202 μὴ,
1662 1132 1948 1184 παντάπα-

366 1208 432 1274 ¹σι
462 1218 548 1273 διὰ
574 1220 673 1291 τὴν
695 1220 847 1274 νόσον
875 1221 937 1274 οὐ
969 1220 1217 1293 δυνηθεὶς
1240 1223 1513 1292 ἀντισχεῖν
1542 1222 1679 1294 πρὸς
1704 1222 1804 1294 τὴν
1825 1224 1948 1275 ὲπι-

374 1311 571 1382 θυμίαν
597 1311 698 1381 τῆς
727 1313 952 1386 τροφῆς,
968 1312 1293 1384 διαφθαρῇς.
1324 1313 1481 1369 Οὕτω
1506 1316 1601 1368 καὶ
1635 1317 1664 1369 ὁ
1698 1315 1950 1369 ’Λπόστο-

373 1401 463 1466 λος
504 1400 712 1467 ἐνθάδε,
764 1403 1028 1475 πρότερον
1084 1405 1283 1467 εἰπὼν,
1330 1404 1413 1458 ὅτι
1458 1403 1699 1474 βούλοιτο
1742 1405 1949 1470 πάντας

372 1491 515 1547 οὕτω
545 1493 820 1564 διαμεῖναι
872 1494 1179 1566 σώφρονας,
1220 1494 1410 1567 ὥσπερ
1447 1495 1511 1567 δὴ
1541 1497 1634 1549 καὶ
1674 1496 1868 1559 αὐτός’
1889 1497 1951 1550 τὸ

378 1583 516 1655 μετά
546 1584 714 1638 ταῦτα
740 1587 854 1650 τοῖς
887 1584 1092 1658 βεϐαρη
1103 1587 1285 1658 μένοις
1316 1588 1457 1659 νόσῳ
1490 1587 1598 1641 τῶν
1624 1587 1835 1653 παθῶν,
1863 1589 1951 1643 ἴνα

379 1674 454 1744 μὴ
479 1673 755 1747 πορνείαις
792 1676 1086 1746 μιανθῶσιν
1117 1676 1252 1748 (54),
1285 1678 1800 1750 οίστρηλατούμενοι
1838 1680 1949 1734 τῶν

378 1765 704 1834 παιδογόνων
734 1767 909 1838 μελῶν
945 1771 1059 1833 τοῖς
1112 1767 1511 1841 γαργαλισμοῖς
1553 1772 1635 1834 είς
1671 1771 1949 1842 ἐπιμιξίας

2047 579 2203 635 borat
2231 580 2573 649 aegritudine,
2598 585 2819 650 gustare
2842 593 2963 650 qua:
2992 586 3354 650 apponuntur,
3380 579 3569 634 dicens
3592 602 3610 635 -.

2045 669 2254 727 Bonqu
2286 671 2505 743 quidem
2536 678 2674 737 erat,
2705 685 2740 727 ο
2769 671 2962 734 amice,
2995 685 3060 726 ac
3100 686 3226 725 vere
3256 670 3503 730 decebat.
3560 680 3613 725 te

2046 779 2284 835 quoque,
2321 764 2397 818 uti
2439 768 2493 820 et
2527 778 2649 827 nos,
2698 762 2908 818 fortiter
2938 770 3395 833 perseverantem,
3424 761 3611 816 eadem

2046 859 2325 928 percipere
2358 875 2372 911 :
2416 855 2763 912 interdictum
2794 856 2938 912 enim
2973 855 3132 910 hodie
3160 863 3263 915 est,
3298 853 3404 908 cibi
3450 853 3615 907 ullius

2045 950 2126 1005 vel
2163 965 2387 1021 prorsus
2424 951 2735 1006 meminisse
2776 969 2790 1005 :
2821 948 2964 1019 quod
2997 956 3175 1003 tamen
3212 948 3402 1001 morbo
3430 961 3614 1001 corre-

2048 1052 2174 1115 ptus
2208 1059 2269 1099 es
2298 1060 2361 1099 ac
2395 1043 2714 1108 iniit-maris,
2746 1058 2847 1098 nec
2872 1043 3011 1099 ferre
3044 1041 3277 1097 inediam
3309 1049 3493 1111 potes;
3527 1042 3611 1096 id-

2046 1138 2194 1191 circo
2231 1138 2527 1191 secundum
2568 1137 2957 1207 indulgentiam
2992 1135 3326 1191 consulimus
3374 1141 3432 1189 ut
3477 1136 3614 1191 cibis

2045 1229 2308 1290 vescaris,
2340 1244 2409 1283 ne
2444 1228 2581 1283 forte
2624 1243 2732 1283 non
2770 1230 2954 1284 valens
2989 1228 3062 1283 ob
3093 1227 3467 1298 aegritudinem
3513 1227 3609 1281 ad-

2047 1333 2238 1374 versus
2267 1319 2371 1374 cibi
2408 1318 2755 1388 cupiditatem
2782 1319 3058 1381 resistere,
3093 1317 3367 1372 moriaris.
3405 1314 3496 1370 Sic
3522 1332 3616 1372 ve-

2048 1427 2110 1467 ro
2142 1412 2229 1467 hic
2270 1429 2484 1485 quoque
2516 1413 2810 1484 Apostolus
2852 1413 3005 1482 prius
3052 1413 3263 1469 dixerat
3324 1419 3515 1481 Optare
3553 1426 3614 1466 se

2047 1518 2238 1561 omnes
2264 1515 2444 1561 castos
2482 1520 2850 1576 perseverare,
2891 1505 2970 1559 uti
3010 1512 3063 1561 et
3094 1506 3210 1575 ipse
3250 1514 3395 1572 erat;
3430 1510 3616 1574 postea

2049 1602 2228 1649 tamen
2254 1595 2538 1650 libidinum
2570 1595 2762 1650 morbo
2787 1596 3048 1667 gravatis,
3081 1612 3148 1651 ne
3179 1611 3238 1649 se
3258 1595 3463 1665 stupris
3487 1609 3617 1649 con-

2046 1685 2407 1749 laminarent,
2455 1686 2770 1756 genitalium
2803 1688 3164 1742 membrorum
3197 1686 3614 1748 titillationibus.

2050 1773 2199 1829 velut
2244 1782 2415 1831 oestro
2461 1776 2735 1846 quodam,
2786 1776 2839 1830 in
2892 1776 3131 1831 incestos
3181 1777 3618 1845 adulterinosque

375 1858 595 1913 ὀθνείων
622 1861 969 1932 σπερμάτων,
1000 1860 1268 1930 ἐπέτρεψε
1309 1862 1408 1932 τὴν
1436 1860 1719 1933 διγαμίανο
1752 1864 1949 1934 μᾶλλον

2050 1881 2379 1937 congressus
2430 1870 2535 1924 acti
2589 1867 2934 1939 praecipites,
2982 1868 3253 1923 secundas
3300 1867 3482 1938 potius
3517 1884 3620 1921 nu-

377 1955 628 2023 κρείσσον
681 1953 852 2024 αὐτὴν
906 1948 1040 2006 εἶναι
1110 1953 1303 2023 κρίνας
1350 1954 1443 2009 τοῦ
1490 1955 1793 2025 πυροῦσθαι
1857 1958 1951 2010 καὶ

376 2043 516 2112 ἀσχη
523 2045 721 2112 μονεῖν.

2056 1958 2198 2028 ptias
2224 1960 2490 2029 permisit,
2523 1967 2780 2030 przestare
2802 1975 2895 2015 eas
2915 1959 3189 2029 judicans,
3225 1973 3386 2030 quam
3410 1967 3467 2013 ut
3496 1959 3620 2029 quis

2054 2049 2306 2106 incendio
2354 2051 2447 2106 illo
2492 2053 2681 2108 ardeat
2717 2066 2780 2108 ac
2829 2065 2889 2107 se
2934 2051 3220 2107 inhoneste
3269 2050 3620 2122 impudicitiis

2052 2148 2227 2212 gerat.

1200 2251 1328 2310 CAP.
1363 2252 1500 2311 XIII.
1535 2254 1695 2311 Pauli
1727 2256 1792 2314 de
1819 2259 2118 2331 virginitate
2137 2262 2385 2320 doctrina
2416 2263 2748 2337 expenditur.

451 2370 556 2423 Kal.
586 2370 712 2442 περὶ
741 2371 840 2441 μὲν
863 2371 1190 2443 ἐγκρατείας
1236 2375 1330 2427 καὶ
1362 2372 1577 2444 γάμων,
1615 2375 1708 2426 καὶ
1737 2390 1953 2446 σωφροκ

379 2458 543 2530 σύνης
587 2460 680 2513 καὶ
724 2461 1008 2525 κοινωνίας
1048 2462 1279 2532 ἀνδρῶν,
1322 2465 1417 2517 καὶ
1446 2465 1504 2516 ἐν
1528 2464 1634 2516 τίνι
1665 2463 1869 2518 τούτων
1893 2467 1954 2518 τὸ

378 2548 653 2620 ὠφέλιμόν
684 2552 834 2604 ὲστιν
879 2552 959 2617 είς
997 2551 1342 2623 δικαιοσύνης
1370 2554 1732 2625 κατασκευὴν,
1769 2555 1953 2625 σχεδὸν

374 2640 478 2713 ἤδη
512 2659 600 2712 μοι
630 2641 780 2707 τέλος
804 2642 916 2714 ἔχει
940 2660 954 2674 ι
994 2644 1120 2716 περὶ
1157 2644 1213 2697 δὲ
1245 2644 1539 2716 παρθενίας
1567 2645 1817 2716 εἰρῆσθαι
1846 2646 1954 2700 λεί-

378 2748 539 2787 πεται
569 2731 775 2797 λοιπὸν,
816 2734 870 2786 εἴ
896 2750 950 2787 τι
996 2736 1090 2788 καὶ
1123 2736 1250 2808 περὶ
1277 2735 1482 2807 ταύτης
1520 2735 1631 2807 ἄρα
1662 2735 1951 2808 διαθεσμο-

378 2824 572 2877 θεῖται.
609 2824 815 2878 Οὐκοῦν
862 2827 957 2879 καὶ
1007 2826 1212 2880 τούτων
1256 2827 1381 2900 πέρι
1420 2829 1759 2901 διαληπτέον.
1799 2829 1951 2899 Ἔχει

377 2915 486 2987 γὰρ
506 2907 609 2968 ὧδε
628 2930 642 2946 ⁵
660 2917 816 2993 ,Περὶ
844 2915 912 2969 δὲ
938 2915 1054 2969 τῶν
1071 2917 1379 2985 παρθένων
1407 2917 1699 2987 ἐπιταγὴν
1728 2920 1951 2986 Κυρίου

377 3010 487 3060 οὐκ
513 3006 661 3076 ἔχω’
707 3008 948 3077 γνώμην
991 3006 1059 3063 δὲ
1089 3008 1314 3080 δίδωμι,
1354 3010 1434 3076 ὡς
1471 3009 1804 3079 ἠλεημένος
1834 3010 1952 3064 ὑπὸ

376 3099 597 3166 Κυρίου
630 3100 846 3166 πιστὸς
889 3097 1063 3155 εἶναι.
1094 3101 1318 3171 Νομίζω
1364 3098 1478 3157 οὖν
1535 3101 1710 3156 τοῦτο
1760 3102 1955 3157 καλὸν

2126 2378 2201 2436 De
2244 2380 2582 2435 continentia
2628 2389 2684 2435 et
2715 2377 2943 2448 nuptiis.
2983 2376 3159 2448 deque
3198 2379 3448 2430 castitate
3478 2384 3531 2432 et
3563 2393 3623 2433 re

2052 2474 2307 2537 maritali,
2340 2475 2604 2529 hactenus
2629 2487 2659 2526 a
2690 2487 2776 2527 me
2803 2472 3008 2526 dictum
3047 2470 3140 2533 sit,
3174 2484 3236 2522 ac
3265 2459 3319 2523 in
3354 2469 3492 2523 utris
3524 2469 3625 2523 ho-

2052 2582 2171 2620 rum
2216 2565 2526 2620 inveniatur
2556 2564 2758 2618 utilitas
2785 2561 2853 2616 ad
2874 2561 3104 2631 iustitiae
3137 2559 3435 2630 profectum
3462 2576 3478 2623 ;
3508 2560 3620 2629 iam

2050 2662 2302 2724 superest
2334 2660 2392 2708 ut
2425 2653 2493 2709 de
2525 2653 2835 2725 virginitate
2875 2652 3184 2721 loquamur,
3214 2666 3344 2704 num
3371 2648 3509 2703 etde
3533 2650 3622 2702 illa

2048 2749 2253 2820 aliquid
2301 2749 2571 2805 sancitum
2625 2750 2714 2805 sit.
2753 2750 2932 2816 Quare
2966 2747 3033 2803 de
3083 2745 3170 2800 his
3211 2760 3429 2815 quoque
3462 2743 3623 2797 nobis

2049 2847 2134 2896 est
2161 2838 2561 2894 disserendum.
2593 2838 2685 2893 Ait
2716 2838 2900 2908 itaque
2933 2835 3135 2890 Paulus
3175 2835 3218 2866 '°
3253 2852 3266 2889 :
3306 2833 3379 2887 De
3411 2834 3625 2902 virgini-

2050 2932 2144 2986 bus
2170 2940 2343 2985 autent
2381 2938 2696 3000 pmceptum
2726 2928 2937 2982 Domini
2966 2943 3068 2980 non
3103 2925 3265 2978 habeo
3296 2912 3623 2978 {consilium

2051 3033 2225 3079 autem
2259 3024 2350 3087 do,
2381 3032 2633 3092 tanquam
2664 3019 3080 3075 misericordiam
3101 3028 3406 3071 consecutus
3438 3032 3470 3069 ο
3517 3014 3625 3068 Do-

2053 3117 2215 3181 mino,
2259 3128 2316 3168 ut
2345 3116 2448 3169 sint
2493 3112 2689 3184 ﬁdelis.
2724 3110 2983 3167 Existimo
3009 3128 3129 3180 ergo
3173 3112 3268 3165 hoc
3296 3110 3486 3164 bonum
3515 3127 3626 3164 esse

374 3192 672 3261 ὑπάρχειν
699 3193 798 3249 διὰ
823 3194 938 3263 τὴν
952 3196 1300 3251 ἐνεστῶσαν
1313 3196 1587 3268 ἀνάγκην
1603 3214 1615 3227 ·
1649 3197 1738 3251 ὅτι
1759 3197 1949 3252 καλὸν

2051 3217 2261 3278 propter
2298 3210 2582 3262 instantem
2618 3206 3002 3265 necessitatem,
3036 3203 3285 3273 quoniam
3331 3209 3522 3257 bonum
3546 3210 3626 3257 est

376 3283 662 3353 ἀνθρώπῳ
688 3286 873 3353 οὕτως
900 3284 1072 3343 εἶναι.
1109 3289 1354 3343 Δέδεσαι
1386 3291 1661 3360 γνναικί;
1684 3290 1770 3361 μὴ
1798 3288 1952 3357 ζήτει

373 3375 579 3429 λύσιν.
607 3376 872 3431 Λέλυσαι
900 3379 1016 3432 ἀπὸ
1043 3361 1360 3449 rvramdq;
1387 3380 1472 3450 μὴ
1495 3377 1645 3444 ζήτει
1678 3381 1949 3450 γυναῖκα.

389 3465 525 3521 Ἐὰν
570 3467 640 3521 δὲ
676 3469 774 3524 καὶ
808 3469 1018 3538 λάϐῃς,
1061 3472 1175 3538 οὐχ
1206 3472 1480 3539 ἥμαρτες.
1518 3474 1627 3526 It'al
1655 3473 1764 3525 ἐὰν
1795 3472 1951 3543 γήμῃ

377 3556 418 3626 ἠ
465 3557 780 3627 παρθένος,
838 3561 949 3629 οὐχ
991 3560 1241 3627 ἥμαρτε·
1272 3562 1486 3630 θλίψιν
1521 3561 1590 3616 δὲ
1622 3562 1833 3628 ἕξουσι
1878 3562 1953 3632 τῇ

377 3650 557 3717 σαρκὶ
598 3651 653 3705 οὶ
694 3650 967 3706 τοιοῦτοι.
1022 3652 1164 3723 Ἐγὼ
1191 3652 1260 3707 δὲ
1297 3654 1780 3724 ὑμῶν’φείδομαι.
1817 3656 1951 3710 Δίαν

377 3741 621 3807 εὐλαϐῶς
669 3744 761 3797 τὸν
794 3745 923 3816 περὶ
969 3744 1264 3817 παρθενίας
1303 3748 1736 3819 εἰσηγησάμενος
1769 3749 1948 3818 λόγον,

377 3833 472 3887 καὶ
495 3834 702 3905 μέλλων
759 3834 1141 3906 συμϐουλεύειν
1164 3837 1416 3909 γαμίζειν
1458 3840 1555 3912 τὴν
1582 3838 1777 3893 ἑαυτοῦ
1813 3858 1953 3913 παρ-

376 3925 551 3991 θένον,
608 3926 714 3998 ὅτῳ
772 3926 945 3996 φίλον,
1001 3929 1149 3991 ὅπως
1207 3929 1372 4001 μηδὲν
1422 3930 1530 3983 τῶν
1561 3933 1640 3995 είς
1682 3932 1952 4002 ἀγιασμὸν

284 4032 309 4055 ν
379 4017 690 4090 φερομένων
710 4020 831 4073 κατ’
862 4018 1105 4088 ἀνάγκην
1129 4019 1337 4089 γένοιτο
1366 4023 1459 4075 καὶ
1481 4021 1620 4093 βίαν,
1651 4023 1784 4077 ἀλλά
1813 4024 1953 4078 κατὰ

377 4108 639 4181 πρόθεσιν
679 4107 1025 4176 αὐτεξούσιον
1063 4109 1241 4182 ψυχῆς
1264 4128 1277 4141 ·
1339 4111 1517 4182 (τοῦτο
1543 4113 1653 4186 γὰρ
1713 4115 1954 4186 πρόσφο-

381 4219 471 4275 ρον
500 4199 671 4274 Θεῷσ)
701 4202 761 4256 οὐ
794 4201 1040 4273 βούλεται
1066 4202 1126 4268 ἐξ
1158 4203 1442 4269 αὐθεντίας
1462 4206 1612 4278 αὐτῷ
1642 4205 1835 4274 ταῦτα,
1859 4207 1954 4261 καὶ

388 4295 601 4368 γνώμης
626 4294 869 4367 λελέχθαι
908 4296 1004 4350 τοῦ
1040 4297 1278 4370 Κυρίουο
1327 4298 1571 4353 τουτέστι
1628 4299 1689 4353 τὸ
1726 4300 1956 4371 γαμίξε-

381 4390 506 4445 σθαι
556 4390 654 4461 τὴν
715 4388 1001 4460 παρθένον.
1072 4390 1288 4462 Ἀμέλει
1327 4393 1507 4464 φήσας
1529 4408 1543 4423 °
1581 4392 1715 4447 Ἐὰν
1751 4392 1819 4448 δὲ
1852 4393 1952 4449 καὶ

383 4480 540 4549 γήμῃ
569 4482 608 4549 ἥ
636 4480 948 4551 παρθένος,
974 4483 1086 4551 οὐχ
1115 4482 1338 4553 ἥμαρτε
1359 4499 1373 4513 ·
1403 4483 1587 4554 σχεδὸν
1607 4483 1766 4541 πάλιν
1788 4486 1955 4540 ὑπευ-

2053 3300 2254 3355 homini
2291 3301 2369 3355 sic
2409 3315 2543 3354 esse.
2582 3298 2849 3368 Alligatus
2888 3312 2942 3351 es
2985 3297 3182 3351 uxori?
3237 3293 3362 3348 Noli
3392 3309 3627 3364 quau-ere

2053 3392 2382 3449 solutionem.
2422 3389 2640 3445 Solutus
2671 3406 2724 3444 es
2755 3389 2819 3442 ab
2851 3392 3051 3444 uxore?
3079 3387 3207 3442 Noli
3243 3401 3475 3456 quwrere
3497 3401 3627 3439 uxo—

2053 3502 2183 3539 rem.
2217 3482 2275 3538 Si
2311 3494 2487 3537 autem
2523 3485 2781 3548 acceperis
2809 3495 3049 3546 uxorem,
3080 3496 3180 3533 non
3205 3478 3452 3547 peccasti.
3487 3474 3554 3530 Et
3579 3478 3627 3531 si

2055 3578 2288 3647 nupserit
2336 3578 2499 3645 virgo,
2547 3591 2650 3629 non
2692 3574 2921 3644 peccarit
2953 3588 2971 3626 :
3007 3571 3398 3625 tribulationem
3452 3578 3625 3623 tamen

2053 3670 2229 3723 carnis
2262 3667 2521 3722 habebunt
2558 3665 2879 3736 Itujusmodi.
2917 3662 3027 3733 Ego
3056 3674 3231 3717 autent
3260 3661 3402 3717 vobis
3441 3676 3624 3730 parco.

2055 3759 2222 3816 Valde
2263 3767 2422 3814 caute
2460 3758 2773 3812 introducto
2797 3755 2866 3811 de
2892 3755 3198 3824 virginitate
3226 3768 3497 3818 sermone,
3523 3752 3622 3807 da—

2054 3862 2318 3922 turusque
2344 3850 2656 3913 consilium,
2690 3857 2747 3902 ut
2786 3848 2876 3902 cui
2906 3847 3140 3917 quisque
3175 3844 3428 3899 maluerit
3458 3845 3625 3914 Virgi-

2053 3960 2178 3999 nem
2228 3932 2382 3998 suam
2440 3941 2633 4013 nuptni
2692 3941 2922 4005 tradat;
2974 3956 3084 4010 quo
3143 3937 3372 4002 scilicet,
3430 3951 3620 3992 eorum

2052 4052 2173 4108 qua:
2203 4034 2269 4089 ad
2311 4032 2727 4089 sanctimoniam
2761 4032 2989 4096 ducunt,
3027 4030 3160 4085 nihil
3200 4044 3295 4100 per
3328 4030 3628 4085 necessita-

2055 4138 2163 4185 tem
2212 4130 2431 4200 vimque
2471 4129 2596 4192 liat,
2640 4125 2741 4182 sed
2790 4126 2974 4181 libera:
3003 4124 3303 4178 voluntatis
3349 4121 3628 4190 animique

2053 4222 2333 4293 proposito
2364 4221 2492 4292 (hoc
2528 4221 2673 4276 enim
2716 4218 2826 4274 Deo
2861 4214 3167 4286 acceptum)
3209 4229 3316 4268 non
3353 4214 3469 4267 vult
3513 4212 3630 4267 hanc

2049 4315 2295 4387 iubentis
2342 4314 2668 4369 auctoritate
2713 4312 2812 4366 abs
2859 4326 2919 4366 se
2970 4311 3139 4370 dicta,
3191 4321 3364 4376 ertiue
3413 4303 3627 4359 Domini

2056 4408 2321 4468 sententia
2352 4407 2436 4479 (ut
2477 4406 2738 4461 nimirum
2766 4403 2920 4472 virgo
2966 4398 3159 4470 nuptui
3204 4394 3494 4465 tradatur).
3527 4392 3626 4449 Νῖ-

2055 4500 2253 4555 mirum
2287 4514 2413 4554 cum
2464 4496 2697 4553 dixisset
2733 4494 2777 4525 ⁸⁷
2805 4513 2818 4548 :
2848 4491 2916 4547 Et
2965 4492 3012 4545 si
3054 4490 3285 4557 nupserit
3327 4491 3492 4558 virgo,
3523 4503 3627 4541 non

383 4571 636 4669 λαθηθεὶς
681 4574 979 4646 ἀητὰραξε
1032 4575 1132 4648 τὴν
1186 4575 1601 4646 συγκατάθεσιν,
1642 4577 1786 4632 κατὰ
1831 4595 1949 4649 συγ-

2055 4593 2304 4662 peccavit,
2330 4588 2724 4662 propemodum
2756 4599 2950 4640 rursus
2976 4582 3121 4653 quod
3154 4582 3365 4636 dixerat
3394 4579 3626 4639 veritus.

392 4662 607 4735 γνώμην
662 4664 1000 4738 ἀνθρωπίνην
1050 4667 1403 4737 ὑπεμφαίνων
1455 4665 1627 4723 ταῦτα
1654 4667 1955 4740 συμϐεὖου-

383 4756 650 4820 Αευκέναι,
676 4754 789 4810 ἀλλ’
827 4758 888 4810 οὐ
917 4758 1058 4812 κατά
1090 4757 1258 4813 θείαν.

453 4958 499 4992 ⁸⁸
532 4954 567 5013 Ι
600 4956 726 5015 Cor.
769 4972 864 5025 tm,
899 4954 994 5021 ΞΒ,
1026 4958 1116 5016 28.
1231 4960 1277 4992 ⁸⁷
1310 4960 1440 5017 ibid.
1480 4960 1535 5016 8.

449 5074 561 5146 (53)
603 5073 726 5129 Τῶν
771 5074 971 5146 αὐτῶν
1007 5079 1382 5146 μεταλαϐεῖν.
1434 5078 1639 5133 Eadem
1694 5084 1953 5146 mysteria

381 5144 603 5217 sumere.
649 5144 794 5214 quod
846 5144 1118 5217 praecipue
1172 5149 1226 5202 in
1264 5148 1529 5205 Paschate
1572 5144 1823 5202 liebatet
1858 5145 1948 5201 die

380 5216 840 5286 Resurrectionis,
876 5216 1091 5286 expleta
1120 5218 1455 5286 ieiuniorum
1485 5217 1856 5276 observantia,
1879 5217 1948 5269 de

381 5301 484 5357 qua
510 5287 605 5358 hic
656 5285 984 5358 hlelhodius,
1020 5296 1073 5343 et
1092 5303 1264 5358 quam
1302 5290 1475 5357 ipsam
1524 5287 1731 5342 Pascha
1761 5293 1941 5358 vocat,

381 5355 524 5426 quod
553 5357 671 5412 dies
705 5356 795 5412 isti
836 5356 1061 5415 Paschze
1102 5355 1355 5428 proximi,
1389 5358 1491 5428 ipsi
1511 5372 1728 5427 quoque
1758 5356 1831 5409 ita
1860 5355 1945 5410 di-

379 5435 653 5498 cerentur,
701 5428 1035 5498 arctiorique
1067 5429 1280 5498 ieiunio
1307 5437 1363 5483 et
1407 5429 1586 5483 inedia
1628 5441 1945 5498 peragere_n-_

380 5507 470 5550 tur
512 5516 522 5550 :
558 5496 751 5567 Magno
792 5494 1089 5567 praesertim
1123 5494 1404 5561 'Sabbato.
1451 5494 1670 5566 quando
1719 5496 1785 5567 ad
1838 5494 1949 5567 diei

383 5565 674 5621 Dominicai
703 5565 959 5623 auroram
986 5571 1071 5625 vel
1100 5570 1433 5639 gallicinium
1470 5565 1655 5624 Iideles
1676 5565 1945 5639 jejunium

382 5640 657 5696 tenebant.
685 5647 921 5709 tuncque
954 5636 1246 5696 celebratis
1299 5639 1502 5695 divinis
1532 5638 1810 5709 mysteriis
1834 5636 1943 5709 illis

382 5707 851 5777 impertiebanturl
885 5708 1055 5776 Quem
1091 5711 1254 5764 ritum
1290 5710 1379 5765 hic
1406 5707 1767 5763 omnis—locus
1798 5707 1942 5760 indi-

379 5789 503 5851 cat,
552 5788 817 5848 sonatque
866 5781 1451 5851 postcommuniotnti
1487 5778 1703 5851 vocant)
1757 5779 1942 5851 missae

383 5847 600 5902 Sabbati
625 5847 820 5911 sancti,
846 5865 1006 5920 quam
1027 5852 1104 5905 sic
1136 5860 1400 5921 occupato
1423 5850 1511 5905 die
1530 5851 1619 5904 illa
1640 5847 1935 5911 celebrant,

2060 4695 2347 4737 assensum
2394 4695 2531 4751 pene
2575 4676 2742 4733 dubio
2771 4676 3032 4735 turbavit,
3068 4673 3254 4727 datum
3297 4687 3324 4724 a
3358 4686 3417 4726 se
3446 4670 3628 4724 consi-

2057 4774 2190 4829 lium
2233 4772 2504 4835 indicans,
2540 4768 2839 4827 secundum
2873 4769 3168 4821 lmmanam
3212 4763 3626 4832 indulgentiam,

2054 4882 2163 4922 non
2194 4865 2495 4923 secundum
2521 4865 2780 4920 divinam.

2052 5087 2178 5127 cum
2209 5069 2476 5142 pertineat
2494 5068 2574 5142 ad
2601 5067 3015 5142 nor-temipsam
3053 5066 3496 5122 resurrectionis.
3533 5062 3627 5121 Illa

2051 5157 2180 5210 ergo
2214 5140 2302 5195 die
2340 5141 2422 5195 vel
2456 5140 2561 5193 eihi
2612 5140 2928 5210 ineiuinisse
2963 5140 3235 5210 piaculum
3281 5148 3419 5210 erat,
3458 5150 3487 5187 a
3520 5151 3628 5203 quo

2050 5208 2230 5267 tamen
2281 5225 2376 5281 per
2427 5210 2818 5281 indulgentiam
2871 5208 3120 5262 iulirmus
3172 5209 3625 5281 iuununiserat.

2046 5275 2662 5352 Cespitaruntgraviter
2685 5280 3034 5352 interpretes,
3053 5293 3176 5333 cum
3202 5278 3341 5352 alter
3370 5275 3625 5352 reddidit,

2046 5352 2113 5408 de
2141 5347 2333 5407 oblatis
2361 5347 2655 5410 abstinere;
2690 5347 2862 5412 ‘alter,
2889 5349 3064 5416 facere
3091 5348 3228 5418 quod
3266 5363 3445 5418 omnes
3475 5347 3629 5401 hodie

2047 5425 2272 5490 faciunt,
2309 5422 2363 5476 id
2392 5433 2478 5477 eet
2532 5421 2588 5474 in
2627 5420 2806 5475 inedia
2859 5417 3407 5490 perseverare,uilii_l
3444 5424 3624 5490 atten-

2050 5484 2508 5561 dentt-s’scoputu
2545 5492 2692 5545 illius
2737 5506 2916 5561 euntis
2962 5490 3173 5561 inedize,
3215 5487 3297 5541 sic
3348 5484 3624 5561 Metitodio

2052 5557 2424 5621 insinuatum;
2467 5576 2660 5631 nempe
2705 5560 2804 5631 τὴν
2854 5560 3156 5629 μετάληψιν
3182 5599 3197 5622 ,
3253 5557 3625 5631 mysteriorum

2056 5639 2548 5705 perceptionemtea
2583 5629 2670 5684 die
2716 5629 2922 5685 sanctis
2960 5631 3217 5684 omnibus
3264 5642 3329 5682 ac
3375 5629 3626 5685 ﬁdelibus

2051 5701 2417 5759 communem.
2442 5701 2727 5755 Couearts.

2262 5766 2622 5845 MICIVUGXZW‘.
2646 5833 2658 5844 .
2688 5764 2777 5843 ξω
2832 5760 3085 5845 dilutius.
3120 5758 3224 5845 Sed
3269 5759 3439 5813 codex
3477 5755 3625 5820 Val...

2045 5830 2221 5914 quem.
2237 5847 2482 5910 sequitur
2508 5833 2807 5895 Possidius,
2832 5830 2882 5882 λι
2891 5832 3182 5902 μανυῶσιν.
3209 5830 3280 5882 In.
