4140 6426
398 342 471 399 85
1490 355 1871 416 CONVIVIUM
1912 361 2139 420 unum
2179 362 2540 423 vmcmum.
3076 350 3099 369 ‘
3564 350 3653 421 ἰιι

398 469 513 533 κὸς,
553 470 933 541 ἀσχημονῶῶν
967 473 1480 545 οίστρηλατούμενοι
1522 480 1622 549 τὴν
1666 479 1862 552 ψυχήν.
1912 481 1955 533 Τ

2083 483 2300 553 perciti,
2332 482 2689 553 turpitudinis
2733 478 2939 554 aliquid
2990 484 3303 538 admittant.
3337 484 3480 552 Quid
3521 502 3652 543 vero

394 562 505 634 γὰρ
523 562 908 634 παραδίδωσιν,
930 565 1306 621 ἐπισκεπτέον.
1328 570 1398 621 Εἰ
1411 567 1479 622 δέ
1504 587 1592 635 τις
1607 572 1977 641 ἀσχημονεῖν

393 654 492 708 ἐπί
539 653 650 722 τῆς
702 655 1005 724 παρθένου
1049 657 1236 712 αὑτοῦ
1272 659 1518 729 νομίζει,
1561 663 1745 733 φησὶν,
1787 665 1897 718 ἐὰν
1933 661 1976 736 ᾖ

396 743 759 815 ὑπέρακμος,
786 746 886 800 καὶ
922 748 1110 814 οὕτως
1138 750 1365 818 ὀφείλει
1388 752 1667 820 γενέσθαι
1693 772 1706 784 ο
1738 753 1770 808 ὃ
1813 755 1974 811 θέλει

396 838 667 891 ποιείτω⁸
716 839 829 908 οὐχ
895 839 1217 908 ἁμαρτάνει
1239 858 1256 872 ’
1295 844 1689 911 γαμείτωσαν.
1744 848 1973 914 Οίκείως

396 927 631 981 ἐνταῦθα
666 929 977 1001 προκρίνων
1003 931 1095 984 τὸν
1133 932 1310 1003 γάμον
1334 935 1431 1004 τῆς
1466 937 1852 1008 ἀσχημοσύνης
1881 941 1975 993 ἐπὶ

394 1018 505 1071 τῶν
553 1018 821 1089 ἑλομένων
872 1021 972 1091 μὲν
1019 1023 1391 1095 παρθενεύειν,
1435 1027 1973 1099 δυσανασχετούντων

393 1109 450 1162 δὲ
482 1109 544 1163 τὸ
572 1110 712 1180 μετὰ
736 1111 911 1167 ταῦτα
937 1115 1031 1167 καὶ
1061 1115 1457 1188 ἀποκαμόντων
1480 1135 1498 1150 ⁶
1536 1123 1635 1175 καὶ
1664 1122 1807 1193 λόγῳ
1850 1125 1971 1194 μὲν,

392 1201 459 1256 δι’
483 1201 618 1255 αίδὼ
636 1202 733 1274 τὴν
760 1204 896 1275 πρὸς
930 1206 1272 1279 ἀνθρώπους,
1302 1212 1612 1282 αὐχούντων
1659 1216 1967 1285 ἐπιμένεινσ

392 1293 537 1366 ἔργῳ
564 1295 643 1358 δὲ,
667 1297 789 1351 οὐδὲ
821 1300 1158 1374 μακρότερον
1195 1302 1531 1375 ἐνδιατρίψει
1558 1306 1867 1379 δυναμένων
1893 1310 1972 1382 τῷ

392 1388 755 1460 εὐωυχισμῷ.
798 1391 903 1445 Τὸν
933 1392 1117 1463 μέντοι
1148 1394 1259 1465 (57)
1287 1396 1730 1470 αὐτοκρατορικῷ
1758 1403 1850 1455 καὶ
1876 1405 1974 1457 αὺ-

392 1480 630 1552 θαιρέτῳ
661 1482 917 1554 κρίνοντα
945 1485 1199 1557 προθέσει
1222 1492 1408 1562 τηρεῖν
1428 1492 1527 1563 τὴν
1564 1493 1760 1546 ἑαυτοῦ
1794 1494 1972 1565 σάρκα

380 1569 679 1641 ⁴παρθένον,
706 1573 805 1627 καὶ
824 1571 912 1642 μὴ
945 1574 1167 1643 ἔχοντα
1192 1578 1487 1649 ἀνάγκην,
1519 1583 1678 1654 (ὅπερ
1721 1585 1840 1637 ἐστὶ
1862 1585 1973 1638 πά-

389 1661 480 1726 θος
512 1662 908 1736 ὲκκαλούμενον
926 1668 1027 1741 τὴν
1055 1670 1227 1740 ὀσφὺν
1248 1675 1328 1736 εἰς
1351 1675 1665 1729 συνουσίαν·
1700 1674 1835 1731 εἶναι
1863 1679 1973 1749 γὰρ

390 1753 482 1806 καὶ
525 1754 811 1828 διαφορὰς,
862 1759 937 1823 ὡς
969 1760 1139 1826 εἰκὸς,
1171 1763 1441 1835 σωμάτων
1463 1766 1504 1836 ·)
1554 1767 1729 1839 τούτῳ
1758 1770 1975 1841 διαμιλ-

2081 576 2281 643 tradat,
2312 577 2756 632 examinandum.
2790 574 2946 641 Quod
2976 576 3022 630 si
3054 576 3171 646 quis
3201 586 3350 645 turpe
3374 576 3477 632 sibi
3504 577 3649 633 ducit

2079 671 2135 723 in
2176 670 2375 740 virgine
2417 687 2536 737 sua,
2567 671 2614 724 si
2648 679 2929 739 prwtereat
2958 668 3187 723 nubendi
3227 678 3448 738 tempus,
3484 681 3540 725 et
3572 672 3650 725 sic

2078 773 2281 832 oportet
2304 764 2457 832 ﬁeri;
2487 763 2625 834 quod
2651 764 2759 818 vult
2790 763 2992 832 faciat;
3024 780 3129 817 non
3170 772 3354 833 peccat
3377 778 3396 817 :
3410 763 3648 835 jungun-

2079 864 2166 907 tur
2197 855 2538 909 matrimonio
2562 856 2629 906 η.
2658 853 2921 925 Apposite
2967 854 3056 909 hic
3098 854 3319 925 nuptias
3351 853 3647 925 praeferens

2077 948 2429 1019 turpitudini,
2469 949 2526 1002 in
2570 948 2679 1002 illis
2702 947 2796 1017 qui
2831 954 3049 1016 arrepto
3080 947 3416 1018 virginitatis
3446 963 3642 1019 propo~

2077 1044 2206 1106 sitn,
2254 1057 2396 1113 a°gre
2426 1040 2622 1097 deinde
2671 1040 2852 1095 ferunt
2892 1042 3198 1112 animisque
3245 1040 3548 1111 fatiscunt;
3596 1056 3654 1100 et

2075 1148 2324 1190 Sermone
2355 1133 2598 1205 quidem,
2642 1150 2752 1205 prae
2786 1135 3026 1188 humano
3066 1134 3272 1207 pudore
3305 1138 3648 1207 propositum

2076 1238 2136 1277 se
2182 1232 2370 1277 tenere
2401 1224 2723 1293 gloriantur,
2775 1239 2835 1277 re
2881 1233 3060 1278 autem
3110 1226 3249 1294 ipsa,
3304 1240 3405 1279 nec
3451 1226 3652 1296 longis-

2074 1315 2214 1370 sime
2250 1316 2490 1370 salutare
2541 1315 2958 1370 eunucliismum
3008 1326 3260 1384 possunt.
3309 1315 3413 1383 Qui
3463 1324 3648 1371 tamen

2075 1410 2248 1464 libero
2281 1409 2479 1478 suique
2521 1407 2663 1476 juris
2709 1407 2991 1478 proposito
3031 1422 3152 1462 eam
3192 1408 3292 1464 sibi
3335 1409 3508 1480 legem
3558 1412 3646 1464 iu-

2073 1500 2292 1563 dixerit,
2326 1508 2385 1555 ut
2413 1515 2636 1555 carnem
2680 1514 2835 1554 suam
2887 1508 3066 1554 servet
3119 1500 3419 1571 virginem;
3458 1505 3650 1574 quique

2074 1609 2177 1646 non
2205 1591 2357 1647 habet
2374 1591 3122 1663 necessitatem".(libidinem
3154 1594 3364 1650 scilicet
3392 1596 3450 1650 in
3477 1612 3643 1666 copu-

2073 1685 2180 1739 lam
2213 1684 2430 1739 lumbos
2480 1683 2829 1750 incitantem;
2860 1698 2985 1739 esse
3029 1684 3175 1739 enim
3222 1700 3322 1755 par
3343 1695 3427 1742 est
3464 1688 3647 1742 varias

2073 1791 2367 1846 corporum
2396 1776 2650 1850 indoles),
2691 1776 2822 1831 huic
2857 1774 3062 1832 Paulus
3091 1780 3325 1833 certanti
3354 1788 3515 1849 atque
3548 1799 3645 1851 pu-

386 1843 615 1916 λωμένῳ
638 1848 731 1900 καὶ
761 1849 1062 1905 διαθλοῦντι
1099 1854 1195 1907 καὶ
1225 1856 1530 1921 σπουδαίως
1551 1860 1862 1929 ἐπιμένοντι
1901 1866 1961 1933 τῇ

2074 1871 2287 1939 guauti,
2321 1870 2489 1940 inque
2518 1869 2862 1940 professione
2890 1876 3115 1925 strenue
3146 1873 3543 1940 perseveranti,
3581 1890 3648 1929 ac

385 1937 711 2009 ἐπαγγελία,
744 1941 838 1993 καὶ
883 1941 1087 2013 ταύτην
1111 1944 1310 2016 ἄριστα
1349 1947 1836 2024 διαπεραινομὲνῳ,
1870 1969 1970 2007 πα-

388 2028 740 2098 ρακελεύεται
772 2033 957 2102 μένειν
978 2036 1072 2088 καὶ
1104 2041 1314 2107 τηρεῖν,
1334 2041 1401 2110 τῇ
1429 2040 1695 2115 παρθενίᾳ
1719 2044 1788 2097 τὰ
1821 2062 1970 2116 πρω-

384 2124 502 2174 τεῖα
528 2123 727 2194 νέμων.
772 2126 831 2179 '0
860 2126 971 2197 γὰρ
998 2127 1316 2199 δυνάμενος,
1345 2133 1499 2203 φησὶ,
1528 2138 1623 2187 καὶ
1657 2135 1969 2207 φιλοτιμού-

387 2229 548 2281 μενος
577 2218 763 2287 τηρεῖν
786 2217 885 2288 τὴν
917 2217 1113 2272 ἑαυτοῦ
1164 2219 1345 2293 σάρκα
1385 2224 1677 2295 παρθένον,
1722 2229 1969 2298 κρεῖττον

387 2308 559 2357 ποιεῖ·
583 2308 612 2359 ό
640 2307 698 2360 δὲ
740 2308 813 2380 μὴ
847 2308 1167 2380 δυνάμενος,
1203 2313 1454 2384 γαμίζων
1480 2315 1537 2367 δὲ
1567 2318 1841 2388 νομίμως,
1876 2320 1969 2373 καὶ

382 2394 461 2466 μὴ
487 2396 891 2472 λαθροφθορῶν,
940 2401 1138 2467 καλῶς.
1189 2405 1302 2459 Καὶ
1344 2408 1473 2478 περὶ
1509 2409 1609 2480 μὲν
1647 2410 1849 2465 τούτων
1879 2414 1971 2465 αὒ-

382 2487 624 2557 τάρκως.

2071 1960 2307 2015 stadium
2356 1962 2458 2017 hoc
2506 1962 2769 2033 praeclare
2806 1961 3140 2027 decurrenti,
3190 1965 3395 2034 primas
3431 1966 3646 2031 tribuit,

2069 2052 2199 2107 dum
2239 2054 2441 2123 coeptis
2481 2067 2704 2108 manere
2740 2068 2808 2107 ac
2836 2068 3058 2108 servare
3087 2054 3341 2108 hortatur
3375 2057 3520 2124 quod
3553 2075 3647 2125 ge-

2068 2159 2284 2199 nerosa:
2316 2144 2517 2198 indolis
2570 2144 2851 2214 proposito
2888 2146 2968 2200 illi
3001 2146 3359 2201 constitutum
3406 2151 3495 2203 sit.
3539 2147 3646 2215 Qui
3680 2144 3691 2157 ’

2068 2237 2212 2292 enim
2252 2245 2449 2306 potest,
2501 2237 2700 2308 inquit,
2745 2238 3026 2308 ambitque
3065 2254 3287 2293 carnem
3328 2255 3483 2295 suam
3527 2255 3645 2313 ser;-

2067 2346 2199 2385 vare
2237 2330 2521 2399 virginem,
2572 2329 2768 2384 melius
2822 2328 2979 2396 facit;
3015 2329 3108 2397 qui
3154 2339 3337 2384 autem
3388 2346 3498 2385 non
3543 2349 3642 2401 po-

2067 2426 2197 2483 test,
2246 2419 2487 2488 legitime
2536 2427 2719 2472 autem
2763 2420 2986 2488 nuptias
3034 2419 3160 2482 init,
3190 2434 3292 2472 nec
3332 2436 3391 2474 se
3425 2420 3641 2477 furtivi:

2068 2509 2346 2564 cubilibus
2395 2508 2671 2580 inquinat,
2710 2508 2851 2564 bene
2875 2516 2931 2564 et
2968 2509 3089 2580 ipse
3133 2509 3286 2565 facit.
3332 2509 3532 2566 Verum
3575 2513 3644 2568 de

1972 2664 1977 2668 δ
2067 2600 2153 2655 bis
2178 2601 2446 2656 hactenus
2479 2601 2636 2661 satis.

451 2684 680 2740 Δασέτω
732 2687 789 2741 δὲ
846 2691 986 2760 μετὰ
1047 2694 1230 2767 χειρὸς
1268 2698 1297 2749 ὁ
1342 2696 1665 2769 βουλόμενος
1698 2699 1795 2772 τὴν
1830 2702 1966 2772 πρὸς

380 2776 698 2848 Κορινθίους
744 2782 1080 2857 Ἐπιστολὴν,
1116 2789 1212 2841 καὶ⁵
1256 2788 1377 2843 καθ’
1429 2790 1657 2844 ἕκαστον
1696 2792 1964 2865 ὁμιλήσας

378 2871 491 2933 τοῖς
508 2872 1009 2945 ἐγγεγραμμένοις,
1040 2878 1163 2932 τότε
1182 2882 1278 2934 καὶ⁵
1301 2881 1370 2936 τὰ
1392 2882 1483 2952 ὑφ’
1511 2882 1669 2954 ἡμῶν
1695 2883 1964 2957 λεγόμενα

381 2961 692 3031 σκεψάσθω,
739 2965 1245 3041 ἀντιπαραϐάλλων,
1296 2975 1345 3026 εί
1399 2974 1474 3046 μὴ
1511 2976 1829 3046 συμφωνίας
1860 2977 1966 3032 πά-

381 3065 481 3120 σης
512 3050 731 3122 ἔχονται
757 3056 852 3108 καὶ
883 3058 1261 3132 ὁμοφροσύνης
1296 3063 1395 3134 τῆς
1429 3064 1568 3136 πρὸς
1595 3065 1754 3120 αὐτὰ.
1778 3065 1965 3121 Ταῦτά

380 3157 463 3194 (οι
521 3145 664 3199 κατὰ
721 3147 949 3220 δύναμιν
998 3153 1140 3224 ὑπὲρ
1188 3151 1500 3223 ἁγνείας,ὦ
1553 3158 1769 3229 Ἀρετὴ,
1806 3159 1962 3229 κάγὼ

380 3250 502 3289 συνε
510 3237 736 3310 ισφέρω.
1388 3262 1391 3269 ⁴

450 3328 745 3385 ΕΥΒΟΥΛ.
768 3332 980 3406 Σφόδρα
1005 3337 1092 3390 διὰ
1130 3338 1360 3407 πολλῶν,
1383 3336 1428 3395 ὦ
1456 3343 1777 3417 Γρηγόριον,
1812 3349 1966 3417 μόλις

378 3422 459 3482 είς
489 3422 549 3475 τὸ
581 3425 943 3496 προκείμενον
974 3430 1225 3499 ἀφίκετο,
1276 3434 1616 3504 μακρότατον
1660 3437 1969 3511 ἀναμετρη-

379 3512 612 3583 οσμένη,
628 3516 723 3567 καὶ
747 3519 1114 3587 περαιωθεῖσα
1141 3522 1378 3592 πέλαγος
1407 3525 1603 3594 λόγων.

449 3604 488 3656 Γ
492 3602 647 3657 ΡΗΓ.
686 3606 902 3661 Ἔοικεν
917 3608 1091 3675 οὕτως
1115 3611 1288 3683 ἔχειν⁹
1325 3613 1440 3669 ἀλλ’
1473 3616 1566 3680 ἴθι,
1599 3608 1695 3671 καί⁸
1710 3617 1780 3673 τὰ
1801 3613 1973 3675 λοιπᾶ

374 3703 578 3791 ἑφεξῆς
641 3709 1135 3780 μνημονεύσαντες,
1171 3715 1592 3785 μιμητικὼτατα
1640 3718 1960 3791 διέλθωμεν,

373 3785 451 3846 ὧν
480 3793 560 3847 ἔτι
614 3794 834 3851 ἔναυλον
868 3799 1132 3871 ἀκρόασιν
1164 3802 1308 3874 ἔχειν
1342 3822 1432 3876 μοι
1477 3807 1639 3873 δοκῶ,
1670 3810 1801 3880 πρὶν
1835 3785 1964 3865 dm;

375 3885 578 3955 πτῆναι
627 3890 722 3942 καὶ
751 3889 1032 3961 διαφυγεῖν
1053 3911 1066 3924 ·
1098 3894 1466 3962 εὐεξάλειπτοι
1510 3900 1620 3972 γὰρ
1640 3901 1775 3956 νέων
1799 3904 1964 3957 ἀκου-

376 3978 602 4048 σμάτων
637 3982 743 4053 μνῆ
751 3998 848 4054 μαι
885 4000 947 4052 γε
956 3970 1175 4055 ρόντων.

446 4067 738 4125 ΕΥΒΟΥΛ.
802 4071 961 4127 Ἀλλὰ
994 4074 1119 4144 λέγε
1150 4092 1165 4107 ·
1192 4077 1398 4133 τούτων
1445 4081 1555 4153 γὰρ
1589 4086 1681 4138 καὶ
1708 4085 1964 4158 ἐληλύθαιι

377 4172 475 4225 μεν
502 4158 752 4230 ἀσμένως
775 4162 1133 4236 ἀκουσόμενοι
1161 4166 1268 4221 τῶν
1303 4168 1496 4238 λόγων.

446 4341 643 4395 ΓΡΗΓ.
675 4343 782 4395 Nov.
819 4344 916 4413 μὲν
960 4343 1046 4415 δὴ,
1076 4344 1328 4419 καθάπερ
1353 4345 1533 4414 εἶπας,
1565 4351 1703 4422 μετὰ
1731 4353 1790 4406 τὸ
1824 4371 1960 4408 κατ-

375 4431 604 4501 αχθῆναι
659 4432 755 4504 τὴ)
810 4433 1039 4489 Θάλειαν
1076 4436 1299 4509 δρόμοις
1335 4440 1673 4512 ἁκυμάντοις
1719 4445 1798 4508 είς
1851 4446 1951 4517 τὴν

375 4522 500 4592 γῆν,
547 4527 581 4596 ἡ
632 4525 919 4599 Θεοπάτρα
958 4528 1157 4601 ἑφεξῆς
1198 4530 1565 4600 ἀπολαϐοῦσα,
1622 4537 1822 4610 ἑαυτὴν
1850 4537 1955 4611 ἔφη

375 4617 546 4669 εἰπεῖν
574 4616 717 4672 τάδε.

446 4776 489 4807 ’⁸
514 4774 545 4829 1
576 4775 699 4832 Cor.
739 4794 834 4845 vn,
872 4780 964 4841 56.
1040 4785 1087 4818 "
1114 4784 1246 4840 ibid.
1293 4786 1383 4842 '57.

440 4929 554 5001 (57)
593 4929 707 5013 Τόν
725 4933 953 5013 μέντοι.
992 4936 1185 5013 Allatii
1223 4941 1414 5004 codex,
1447 4943 1564 5013 ipse

369 5013 558 5085 nutus,
612 5005 718 5060 alia
744 5009 909 5085 .pouit
949 5010 1151 5079 quibus
1175 5011 1367 5085 innuat
1395 5005 1513 5067 eam
1548 5015 1943 5085 indulgentiam

1991 3245 2039 3303 Ο

2142 2692 2335 2749 Sumat
2367 2694 2460 2765 qui
2491 2695 2637 2749 volet
2680 2694 2824 2749 hanc
2856 2694 2924 2749 ad
2957 2694 3275 2753 Corinthios
3310 2696 3465 2752 Pauli
3512 2697 3641 2766 Epi—

2066 2788 2283 2851 stolam,
2317 2793 2371 2841 et
2404 2785 2636 2858 singulis
2673 2783 2791 2854 ejus
2828 2786 2937 2843 loci
2980 2788 3230 2857 partibus
3272 2798 3530 2845 accurate
3560 2797 3645 2845 in-

2066 2882 2294 2952 spectis,
2327 2882 2444 2936 hare
2478 2898 2601 2953 quas
2637 2882 2880 2940 diximus
2914 2884 3081 2939 etiam
3127 2885 3459 2949 consideret,
3510 2886 3644 2938 alia-

2065 2990 2174 3045 que
2194 2975 2318 3030 aliis
2344 2985 2658 3046 componat,
2692 2992 2820 3031 num
2848 2992 2946 3048 per
2979 2978 3162 3032 omnia
3190 2979 3530 3033 consentiant
3560 2987 3642 3031 at-

2064 3083 2172 3139 que
2193 3077 2520 3138 congruant.
2558 3067 2682 3122 Haec
2705 3068 2804 3123 tibi
2832 3084 2931 3137 pro
2956 3069 3166 3126 viribus
3193 3070 3262 3126 de
3291 3070 3640 3134 castimonia,

2066 3175 2098 3214 ο
2123 3161 2305 3224 Arete,
2335 3174 2402 3214 ex
2435 3160 2571 3217 meis
2591 3170 2644 3215 et
2674 3160 2792 3231 ipsa
2824 3161 3133 3217 rationibus
3160 3161 3413 3218 confero.

2138 3342 2390 3399 EUBUL.
2433 3343 2607 3411 Quam
2641 3344 2828 3399 multis
2852 3385 2866 3407 ,
2900 3343 3222 3416 Gregorium
3249 3386 3264 3405 ,
3297 3347 3387 3400 vix
3422 3347 3643 3404 tandem

2066 3439 2248 3501 attigit
2307 3435 2692 3507 propositum,
2757 3436 3137 3507 longissimum
3200 3454 3424 3494 emensa
3480 3450 3644 3511 atque

2065 3535 2411 3597 transgressa
2443 3526 2666 3596 pelagus
2699 3529 3050 3582 sermonum!

2136 3617 2343 3674 GREG.
2383 3617 2460 3673 Ita
2508 3618 2745 3684 videtur,
2800 3628 2860 3674 ut
2904 3620 3045 3677 dicis
3079 3641 3092 3675 :
3123 3622 3215 3677 sed
3263 3639 3383 3695 age,
3433 3626 3640 3694 reliqua

2064 3714 2227 3769 etiam
2276 3719 2497 3769 servato
2529 3711 2745 3779 ordine,
2789 3721 2844 3767 et
2891 3721 2952 3767 ut
3004 3716 3345 3778 acciderunt,
3395 3719 3643 3787 vestigiis

2065 3803 2441 3873 perorantium
2488 3803 2809 3858 insistentes
2839 3817 3249 3872 percurramus,
3288 3808 3461 3864 donec
3508 3810 3639 3863 mihi

2063 3894 2275 3949 auditio
2305 3894 2396 3948 illa
2430 3896 2485 3948 in
2534 3895 2764 3951 auribus
2792 3898 3112 3968 perstrepit,
3146 3908 3440 3970 antequam
3470 3899 3641 3972 fugth

2062 3988 2352 4058 avoletque
2378 4007 2391 4043 :
2418 3987 2578 4043 facile
2605 3989 2750 4043 enim
2777 3993 3089 4048 recordatio
3120 4009 3301 4049 rerum
3329 3992 3638 4049 auditarum

2060 4097 2130 4137 ex
2162 4083 2425 4137 memoria
2455 4082 2669 4138 deletur
2695 4100 2910 4142 senum.

2134 4174 2387 4231 EUBUL.
2431 4176 2525 4232 Dic
2567 4194 2743 4235 sane:
2772 4179 2964 4233 talium
2997 4179 3143 4235 enim
3186 4194 3500 4235 sermonum
3549 4194 3642 4235 au-

2061 4269 2272 4326 ditores
2309 4271 2493 4342 cupidi
2522 4273 2901 4330 convenimus.

2133 4361 2342 4419 GREG.
2388 4363 2489 4420 Ubi
2545 4381 2710 4437 ergo,
2768 4376 2829 4420 ut
2881 4376 3031 4421 recte
3093 4365 3349 4429 dicebas,
3401 4381 3638 4420 excurso

2061 4457 2360 4526 tranquillo
2408 4457 2643 4528 quodam
2695 4458 2893 4528 prolixi
2933 4460 3205 4514 sermonis
3249 4472 3488 4529 aequore.
3530 4467 3640 4509 ενι·-

2060 4560 2176 4599 ram
2208 4547 2501 4619 aliquando
2535 4546 2727 4603 Thalia
2755 4550 2928 4604 tenuit
2958 4567 2972 4604 :
3004 4565 3123 4604 eam
3155 4548 3463 4620 Theopatra
3490 4564 3641 4602 exet--

1983 4615 2232 4706 Παρίους,
2270 4615 2331 4692 se
2380 4639 2433 4693 in
2480 4637 2623 4693 hunc
2655 4638 2877 4694 modum
2909 4639 3148 4695 locutam
3192 4615 3324 4710 ipsa-
3342 4637 3635 4694 referebat.

1626 4945 1749 5022 istis
1781 4946 1946 5022 dimi-
2048 4965 2161 5022 non
2211 4950 2443 5018 tollere;
2491 4954 2625 5021 quin
2682 4952 3251 5022 sacrilega-conjugla
3283 4951 3392 5008 sint
3414 4966 3632 5014 eorum,

2051 5021 2145 5094 qui
2170 5024 2280 5094 voti
2305 5023 2578 5078 castitatis
2601 5023 2703 5083 rei,
2728 5021 2989 5094 praetexta
3016 5023 3258 5076 libidmis
3283 5024 3633 5083 necessitate,

366 5072 546 5138 Pauli,
578 5085 637 5128 ut
664 5072 1435 5163 ιιυιχιιαμθιῆιορεεβιιαιςηιει
1467 5087 1672 5163 patitur
1693 5072 1950 5143 stimulos
2051 5072 2189 5163 litis
2212 5072 2576 5148 inhiant—Tui
2601 5072 2714 5150 1.3;:
2728 5072 3634 5163 meaisagitauisse;ait

368 5160 603 5226 aegre
637 5147 906 5212 continet,
925 5151 1260 5226 _conjugiu_m
1293 5147 1586 5219 ineatﬁnec
1609 5155 1701 5212 illo
1735 5169 1943 5226 peccet,

368 5216 476 5270 illis
501 5219 769 5291 duntaxat
803 5216 1067 5288 prodesse
1109 5216 1202 5291 qui
1252 5239 1310 5278 se
1344 5216 1475 5277 voto
1501 5242 1610 5280 non
1633 5216 1947 5282 obs-trime;

365 5298 493 5360 runt
528 5289 720 5349 :aliis,
765 5304 867 5343 nec
922 5292 1097 5360 ipsam
1129 5289 1539 5350 necessitatem
1600 5298 1944 5354 excusationi

372 5358 507 5430 fore,
545 5375 612 5413 ne
638 5376 739 5430 suo
778 5361 880 5430 ipsi
907 5358 1125 5430 judicio
1146 5364 1493 5419 condemnati
1535 5366 1666 5423 sint;
1709 5369 1953 5423 Αὐτοκαο

365 5429 636 5501 τάκριτοι,
666 5428 774 5509 Tit.
799 5428 1016 5509 imit,
1040 5434 1152 5509 ipsi
1194 5434 1297 5489 sibi
1322 5443 1788 5509 reatusanctores
1810 5455 1825 5503 ;
1850 5440 1946 5509 qui

368 5514 476 5576 non
536 5504 785 5555 consulta
827 5518 926 5576 sua
960 5502 1143 5560 indole
1176 5516 1231 5559 et
1278 5512 1476 5576 mentis
1511 5507 1626 5576 ipsa
1666 5502 1944 5576 firmitate,

369 5570 546 5650 levius
582 5581 765 5650 votum
799 5575 1053 5650 emisere.
1088 5577 1200 5650 Kal.
1224 5574 1346 5646 ’μὴν
1371 5570 1708 5650 αὐθαιρέτως
1743 5570 1948 5650 κρίνονξ

364 5658 454 5694 ται
500 5643 548 5719 οἱ
585 5643 827 5719 τοιοῦτοι
870 5644 1022 5719 παρα
1065 5647 1163 5716 τὴν
1187 5643 1519 5716 ἐπαγγελίαν
1537 5643 1739 5702 ἀύτῶν.
1779 5643 1945 5719 Ἀιιμιὶ

364 5728 464 5764 sua
498 5713 597 5778 ipsi
622 5715 893 5788 voluntate
939 5713 992 5788 hi
1050 5713 1183 5771 tales
1214 5787 1217 5788 ν
1243 5713 1680 5781 condemnamur,
1731 5713 1944 5788 propter

363 5798 518 5835 suum
542 5797 737 5861 velunt.
764 5784 916 5861 Δ’ν’ριὶι
969 5787 1133 5861 igitur
1181 5787 1489 5861 Metbodius
1518 5801 1660 5861 lsrve
1687 5784 1940 5861 quisquis

363 5868 553 5910 auctor
579 5865 660 5912 est
686 5856 846 5924 hujus
867 5860 1023 5924 quasi
1050 5859 1265 5923 scholii}
1299 5858 1450 5915 Pauli
1478 5856 1938 5924 dispensationem

2049 5161 2323 5235 credenda
2341 5163 2537 5232 iuvare
2564 5181 2628 5220 ea
2658 5164 2992 5235 indulgentia
3017 5165 3110 5226 sit,
3134 5161 3200 5218 ac
3228 5164 3333 5218 nisi
3362 5164 3513 5234 gravi
3535 5165 3604 5218 ad
3621 5193 3633 5201 -

2054 5234 2283 5304 modum
2326 5249 2492 5289 causa
2521 5251 2536 5302 ;
2589 5234 2831 5304 cuuuque’
2857 5237 2909 5289 in
2944 5235 3140 5289 litteris
3172 5237 3493 5302 apostolicis
3527 5250 3635 5289 una

2052 5304 2165 5358 haec
2200 5303 2311 5357 fere
2338 5307 2718 5378 exprimatur,
2763 5308 3063 5378 periculum
3109 5305 3305 5378 salutis
3339 5306 3535 5359 anima:
3563 5307 3633 5359 ob

2058 5389 2253 5444 graves
2282 5374 2535 5430 stimulos
2562 5374 2778 5438 carnis,
2818 5377 3024 5437 nescio,
3062 5375 3153 5444 qui
3184 5375 3308 5447 illus
3339 5378 3418 5447 sic
3441 5392 3635 5447 graves

2056 5461 2167 5499 non
2224 5454 2449 5514 patitur,
2503 5454 2560 5501 et
2622 5457 2680 5501 ut
2730 5447 3106 5501 necessitatem
3149 5446 3369 5509 habere,
3407 5446 3633 5501 Paulina

2054 5516 2266 5589 plu-esi,
2290 5517 2644 5586 intelligatur,
2673 5517 2769 5573 sed
2798 5519 2934 5571 alias
2973 5516 3042 5570 ob
3064 5532 3279 5589 causas,
3321 5528 3451 5589 puta
3480 5534 3632 5572 coul-

2053 5587 2197 5640 modi
2267 5589 2611 5656 tenporalis,
2671 5597 2765 5642 aut
2828 5590 2995 5642 etiam
3058 5587 3203 5640 taedii
3265 5587 3635 5644 mollescentis

2053 5657 2243 5719 animi,
2268 5674 2453 5712 secum
2484 5658 2791 5727 dispensari
2830 5661 2988 5727 petit,
3019 5661 3181 5728 etiam
3205 5672 3468 5728 expressa
3498 5660 3634 5714 veri-

2053 5735 2182 5791 tate,
2212 5745 2308 5798 per
2336 5746 2460 5784 eum
2487 5736 2686 5799 stylum
2720 5732 2933 5799 (ειη-ιαμ.
2958 5745 2984 5782 a
3018 5727 3501 5799 periculoanima:
3550 5741 3631 5784 tu-

2049 5806 2138 5855 tus
2170 5799 2355 5854 haberi
2390 5800 2580 5870 possit.
2611 5799 2899 5855 COIDLHS.
3543 5819 3545 5822 ‘
