4140 6420
314 368 383 425 89
1398 354 1784 414 CONVlVlUM
1827 351 2054 407 DECEM
2101 344 2466 404 VlRGlNUM.
3014 388 3019 392 .
3492 332 3565 387 90

318 502 416 550 σας
461 483 605 556 ἡμᾶς
655 481 875 553 ἔχοντας
919 478 1112 543 οὕτως,
1159 478 1253 533 καὶ
1300 474 1422 530 οὔτε
1482 475 1737 544 ἀνασχεῖν
1762 470 1887 525 οὔτε

2006 466 2344 535 .enebrisque
2373 460 2562 523 obsiti,
2592 471 2810 512 omnem
2840 455 2961 524 ejus
2986 450 3338 520 tranquillum
3367 463 3432 503 ex
3463 463 3565 503 na-

317 576 620 648 ἀνασφῆλαι
678 572 1016 643 δυναμένοις,
1058 568 1409 640 κατέπεμψεν
1449 566 1507 634 ἐξ
1555 563 1800 637 οὐρανῶν
1825 563 1886 616 τὸ

316 668 536 741 ἄριστον
572 669 667 722 καὶ
716 664 1098 720 εὐκλεέστατον
1147 660 1429 732 βοήθημα,
1480 658 1576 730 τὴν
1629 654 1882 725 ἁγνείανο

319 762 486 824 ὅπως,
512 759 573 824 ἐξ
585 759 755 828 αὐτῆς
771 757 1135 828 ἀποδήσαντες
1150 757 1182 826 ἡ
1190 753 1304 825 μῶν
1321 754 1389 806 τὰ
1413 751 1660 823 σώματα,
1694 748 1892 815 πλοίων

274 874 290 942 τι
318 851 475 942 δίκην
526 851 766 922 γαλήνην
807 847 1037 919 ἔχωμεν,
1085 845 1436 917 ὁρμισθέντες
1476 843 1605 898 ἀνευ
1646 841 1852 913 φθορᾶς
1875 878 1891 903 ,

321 941 503 1007 καθὼς
530 942 625 995 καὶ
651 941 711 994 τὸ
740 938 961 1009 Πνεῦμα
994 939 1052 991 τὸ
1082 937 1236 1007 ἆγιον
1261 938 1546 1008 μαρτυρεῖ.
1586 934 1757 988 Τοῦτο
1784 931 1893 1004 γὰρ

323 1034 380 1086 ὲν
410 1030 686 1102 ἑκατοστῷ
732 1028 1038 1103 τριακοστῷ
1083 1028 1227 1100 ἕκτῳ
1261 1027 1485 1098 φέρεται
1516 1025 1735 1097 ψαλμῷ,
1765 1023 1894 1079 ἔνθα

323 1124 490 1195 ὕμνον
534 1124 949 1194 εύχαριστήριον
976 1120 1390 1190 ἀναπέμπουσιν
1426 1118 1624 1190 ἱλαρῶς
1646 1120 1703 1171 αί
1726 1116 1896 1187 ψυχαὶ⁵

322 1216 398 1287 τῷ
446 1213 583 1285 Θεῷ,
614 1215 807 1269 ὁπόσαι
851 1213 915 1286 δὴ
960 1211 1512 1283 παραληφθεῖσαικαὶ
1541 1208 1896 1283 κρατηθεῖσαι

326 1304 712 1378 περιπολοῦσιν
736 1306 837 1378 ήδη
871 1304 1009 1376 μετά
1042 1301 1281 1377 Χριστοῦ
1314 1303 1404 1357 τὸν
1434 1303 1683 1376 οὐρανὸν,
1705 1301 1787 1354 ὅτι
1821 1299 1895 1371 μὴ

322 1396 781 1468 κατεσπάσθησαν
815 1398 920 1452 ύπδ
945 1398 1054 1452 τῶν
1085 1395 1284 1451 ύλικῶν
1305 1396 1399 1449 καὶ
1426 1391 1754 1465 σωματικῶν
1779 1394 1899 1465 ρευο

326 1488 531 1559 μάτων.
584 1487 863 1542 Ἐντεῦθεν
916 1489 1025 1561 γὰρ
1076 1489 1171 1543 καὶ
1217 1488 1309 1541 τὸν
1330 1485 1529 1561 Φαραώ
1558 1502 1689 1555 φασι
1727 1482 1898 1537 τύπον

323 1579 727 1650 ἀπενέγκασθαι
759 1580 901 1635 κατά
920 1580 1018 1652 τὴν
1056 1580 1331 1650 Αἴγυπτον
1364 1576 1608 1632 διαϐόλου
1628 1593 1643 1606 ·
1681 1573 1900 1629 ὲπειδάν

323 1675 391 1729 τά
442 1676 539 1747 μὲν
593 1675 798 1747 ἄρρενα
858 1674 1091 1744 ἀφειδῶς
1144 1676 1225 1737 είς
1265 1672 1358 1726 τὸν
1399 1670 1640 1742 ποταμὸν
1686 1667 1901 1722 ἐκέλευε

325 1766 641 1836 ῥίπτεσθαι·
678 1766 748 1820 τὰ
789 1765 846 1820 δὲ
886 1764 1053 1837 θήλεα
1086 1763 1488 1834 ζωογονεῖσθαι.
1528 1761 1639 1815 Καὶ
1668 1759 1775 1832 γάρ
1804 1758 1900 1812 καὶ

323 1858 353 1912 ὁ
396 1859 658 1923 διάϐολος,
720 1857 1018 1930 βασιλεύων
1062 1857 1171 1912 ἀπὸ
1221 1856 1388 1927 Ἀδὰμ
1434 1855 1593 1926 μέχρι
1618 1851 1899 1914 Μωῦσέως

323 1950 425 2019 τῆς
454 1950 695 2023 μεγάλης
744 1951 1041 2019 Αἰγύπτου,
1085 1947 1181 2003 τοῦ
1208 1947 1437 2018 κόσμου,
1469 1945 1540 1999 τὰ
1574 1943 1673 2015 μὲν
1694 1943 1899 2015 ἄρρενα

322 2041 420 2094 καί
474 2042 638 2113 νοητά
687 2043 787 2113 τῆς
844 2041 1026 2112 ψυχῆς
1078 2040 1310 2109 ἔκγονα,
1359 2038 1464 2092 ὑπὸ
1504 2035 1612 2090 τῶν
1656 2033 1899 2107 ρευστῶν

326 2132 738 2205 παραφέρεσθαι
770 2134 863 2187 καὶ
890 2131 1228 2203 ἀναιρεῖσθαι
1263 2129 1452 2184 παθῶν
1478 2126 1715 2199 σπουδὴν
1743 2126 1864 2198 ἔσχε
1881 2142 1897 2157 ο

325 2221 393 2275 τά
421 2223 477 2275 δὲ
503 2223 737 2293 σαρκικὰ
767 2223 862 2276 καὶ
877 2222 1178 2292 ἀναίσθητα
1207 2206 1532 2288 αὐξάνεσθᾶί
1560 2235 1619 2273 τε
1648 2219 1743 2270 καὶ
1771 2216 1903 2287 πλη-

325 2311 575 2368 θύνεσθαι
605 2315 668 2383 γλ
678 2315 868 2385 ίχεται.

322 2596 451 2654 CAP.
488 2594 578 2651 111.
612 2593 939 2666 Expenditur
968 2592 1278 2648 Davidicum
1309 2591 1446 2666 illud
1480 2611 1498 2642 ‹
1539 2588 1710 2666 Super

1991 571 2127 616 tune
2159 556 2490 619 rationibus,
2541 551 2792 608 incessus
2831 545 3127 603 obturbant
3164 557 3230 596 ac
3260 541 3564 609 impediunt

1992 654 2196 709 sinum.
2227 651 2411 717 Quare
2439 646 2606 709 Deus,
2639 642 2816 700 nostri
2848 642 3109 696 misertus
3132 634 3277 705 quod
3308 637 3389 690 sic
3424 635 3563 688 male

1991 745 2338 807 haberemus,
2388 739 2657 811 Optimum
2712 753 2744 792 e
2785 733 2943 791 cmlis
3002 730 3313 796 eximieque
3352 726 3566 780 clarum

1992 837 2233 901 demisit,
2274 836 2609 896 castitatem,
2647 828 2933 890 auxilium,
2979 832 3041 878 ut
3070 839 3135 878 ex
3177 821 3271 875 illa
3324 817 3567 887 religatis

1994 933 2170 988 instar
2207 928 2430 984 navium
2463 924 2670 981 nostris
2702 918 3049 991 corporibus,
3086 912 3383 983 tranquillo
3415 910 3567 965 frue-

1996 1038 2201 1086 remur,
2245 1036 2275 1076 a
2317 1017 2671 1089 corruptione
2702 1015 2974 1069 immunes
3017 1010 3074 1062 in
3113 1014 3330 1077 portum
3361 1001 3571 1057 subdu-

1995 1115 2094 1178 cti,
2137 1115 2220 1168 uti
2250 1113 2414 1167 etiam
2450 1108 2692 1180 Spiritus
2727 1112 2953 1162 sanctus
2987 1107 3241 1156 testatur.
3280 1094 3394 1150 Hoc
3423 1093 3569 1149 enim

1996 1204 2230 1260 habetur
2259 1201 2312 1256 in
2344 1202 2558 1271 psalmo
2606 1195 2909 1252 centesimo
2941 1190 3222 1246 tricesimo
3252 1192 3430 1247 sexto,
3478 1182 3571 1238 ubi

1997 1295 2192 1348 animae
2222 1293 2467 1346 lmtantes
2497 1286 2912 1361 gratulatorium
2951 1282 3212 1354 hymnum
3245 1275 3570 1336 concinunt,

1996 1397 2337 1455 quaecunque
2385 1380 2514 1434 hinc
2559 1382 2856 1445 assumpta:
2906 1387 2971 1427 ac
3023 1367 3396 1440 apprehensus.
3443 1377 3571 1418 cum

1997 1454 2221 1532 Christo
2244 1474 2356 1543 jam
2384 1472 2440 1527 in
2477 1469 2618 1524 caelo
2658 1463 3033 1529 deambulant,
3066 1459 3213 1531 quod
3256 1474 3288 1513 a
3335 1454 3573 1511 terrenis

1998 1568 2389 1641 corporeisque
2413 1562 2715 1627 verticibus
2742 1560 2967 1615 minime
2993 1556 3233 1624 abreptae
3258 1557 3406 1607 sunt.
3433 1548 3575 1603 Hinc

1999 1664 2144 1719 enim
2175 1662 2337 1715 etiam
2368 1657 2708 1712 Pharaonem
2742 1651 2963 1724 Egypti
2996 1661 3312 1721 tyrannum,
3344 1645 3571 1713 liguram

2001 1754 2202 1810 diaboli
2237 1753 2409 1808 fuisse
2436 1751 2609 1812 aiunt,
2650 1747 2870 1818 quando
2900 1758 3081 1800 mares
3118 1738 3335 1811 quidem
3382 1733 3576 1790 immiti

2001 1847 2208 1902 saevitia
2234 1845 2464 1914 jubebat
2491 1843 2548 1896 in
2576 1838 2936 1912 proﬂuentem
2966 1834 3152 1904 abjici,
3190 1830 3423 1886 feminas
3444 1841 3576 1881 vero

2002 1939 2211 1996 servari
2236 1938 2304 1992 ⁷⁸.
2340 1936 2433 1991 Sic
2463 1936 2611 1991 enim
2653 1932 2929 1995 diabolus,
2977 1929 3045 1983 ab
3083 1924 3293 1980 Adamo
3327 1921 3394 1976 ad
3425 1918 3577 1989 Moy-

2002 2048 2099 2087 sen
2129 2029 2394 2101 usque",
2421 2042 2631 2097 magnae
2656 2025 2823 2095 hujus
2852 2022 3070 2093 [Egypti
3105 2016 3314 2093 (mundi
3342 2012 3577 2073 scilicet)

2001 2122 2289 2191 imperium
2317 2134 2535 2190 regens,
2571 2133 2751 2172 mares
2779 2114 3003 2186 quidem
3050 2126 3114 2166 ac
3150 2107 3427 2180 spiritales
3457 2101 3578 2158 ani-

2002 2230 2104 2270 ma:
2140 2214 2302 2278 fetus,
2354 2227 2386 2266 a
2435 2211 2598 2267 ﬂuxis
2642 2209 2926 2265 aﬂectibus
2969 2204 3146 2275 abripi
3185 2209 3348 2272 atque
3394 2195 3578 2254 necari

1991 2307 2138 2363 serio
2173 2303 2536 2375 procurabat;
2566 2299 2809 2356 carnalia
2837 2313 2967 2352 vero
2991 2307 3304 2362 sensusque
3332 2286 3581 2360 expertia

1997 2394 2264 2465 germina,
2296 2394 2413 2449 haec
2442 2407 2576 2447 γει-ο
2601 2388 2789 2460 augeri
2824 2401 2891 2441 ac
2917 2381 3276 2456 multiplicari
3299 2378 3504 2453 gliscit.

1755 2586 1987 2666 ﬂumina,
2013 2593 2327 2666 Babylonis,
2368 2614 2387 2648 ι
2422 2593 2772 2666 ειεχονῃαηα
2795 2609 2822 2646 e
2864 2588 3121 2645 salicibus
3151 2600 3426 2654 suspensa,
3455 2578 3583 2653 quid

1038 2667 1283 2718 innuaut.
1313 2661 1489 2727 Salix,
1524 2662 1821 2735 symbolum
1853 2661 2149 2720 castitatis:
2179 2666 2384 2722 Salices
2420 2664 2572 2736 aquis
2602 2661 2839 2734 irriguos.

408 2780 568 2834 Ἀλλά
600 2778 708 2854 γὰρ
738 2778 824 2832 ἵνα
863 2776 936 2849 μὴ
976 2776 1431 2848 παρεκδαίνωμεν
1461 2774 1557 2829 τοῦ
1599 2738 1936 2847 προκειμέέ

322 2890 436 2938 νου,
472 2871 604 2944 φέρε
636 2871 700 2942 δὴ
739 2868 1060 2939 τδνψαλμδν
1095 2865 1489 2939 ἐξηγησώμεθα
1522 2868 1578 2919 ὲν
1607 2866 1764 2938 χερσὶ
1802 2865 1899 2920 λαι

323 2965 517 3020 δοῦσαι
548 2963 759 3028 τοῦτον,
790 2963 848 3016 δν
899 2962 955 3014 αἱ
996 2959 1233 3031 καθαραὶ
1271 2960 1367 3013 καὶ
1413 2958 1683 3020 ἀλῶδητοι
1730 2958 1900 3030 ψυχαὶ

324 3057 651 3130 προσᾴδουσι
678 3054 754 3126 τῷ
782 3052 899 3124 Θεῷ
921 3069 934 3082 ·
985 3050 1110 3103 Ἐπὶ
1143 3048 1260 3103 τῶν
1287 3049 1555 3119 ποταμῶν
1573 3088 1588 3111 ,
1621 3049 1896 3119 λέγουσαι,

2083 2778 2279 2835 Verum
2313 2793 2382 2834 ne
2411 2775 2558 2848 quod
2592 2773 2976 2845 proposuimus
3006 2769 3165 2826 nobis
3191 2765 3437 2829 excidat;
3465 2778 3582 2833 age.

2007 2871 2061 2925 in
2105 2885 2300 2925 manus
2327 2875 2606 2924 sumentes
2639 2866 2933 2936 psalmum,
2987 2863 3166 2933 ipsum
3223 2869 3585 2928 exponamus,

2005 2979 2164 3034 quem
2206 2977 2356 3032 pune
2399 2969 2663 3030 extraque
2713 2972 2929 3013 omnem
2992 2968 3190 3010 noxam
3224 2951 3417 3004 animm
3476 2946 3589 3000 Deo

2007 3056 2327 3116 Concittuut.
2384 3052 2676 3132 dicentes:
2711 3049 2880 3118 Super
2912 3047 3137 3117 flumina
3167 3041 3454 3113 Babylonis
3476 3038 3590 3093 illic

322 3147 701 3214 Βαϐυλῶνος,
726 3145 856 3200 ἐκεῖ
868 3144 1233 3212 ἐκαθίσαμεν
1265 3141 1363 3194 καὶ
1395 3141 1802 3212 ἐκλαύσαμεν,
1832 3140 1903 3194 ἐν

2007 3150 2240 3206 sedimus
2263 3158 2310 3203 et
2333 3148 2592 3217 ﬂeuimus,
2621 3162 2740 3199 cum
2768 3142 3168 3199 recordaremur
3200 3136 3348 3192 Sion.
3397 3133 3463 3188 1η
3500 3150 3590 3188 sa-

323 3241 406 3308 τῷ
454 3238 804 3311 μνησθῆναι
840 3236 997 3306 ἡμᾶς
1048 3235 1219 3291 Σιών.
1262 3235 1391 3291 Ἐπὶ
1442 3236 1572 3302 ταῖς
1613 3235 1795 3300 ἱτέαις
1835 3233 1904 3287 ἐν

321 3334 493 3405 μέσῳ
564 3331 756 3400 αὐτῆς
825 3327 1240 3398 ἐκρεμάσαμεν
1300 3330 1372 3382 τὰ
1429 3327 1651 3397 ὄργανα
1704 3324 1900 3396 ἡμῶν.

323 3426 535 3499 δργανα
589 3424 850 3479 καλοῦσαι
897 3422 1082 3490 σαφῶς
1120 3422 1188 3476 τά
1234 3419 1567 3499 σκηνώματα
1609 3419 1836 3483 ἑαυτῶν,
1868 3418 1907 3473 ἃ.

326 3494 712 3589 ἀνεκρέμασαν
748 3514 856 3569 ἀπὸ
899 3513 1007 3568 τῶν
1045 3494 1364 3584 πεισμάτων
1387 3514 1485 3584 τῆς
1517 3515 1759 3583 ἁγνείας,
1787 3512 1908 3580 ἐξά-

325 3609 529 3680 ψαντες
557 3607 651 3663 τοῦ
680 3606 859 3674 ξύλου,
893 3606 981 3660 ἵνα
1018 3607 1094 3677 μὴ
1140 3604 1439 3677 δυνηθῶσιν
1483 3605 1908 3678 ὲξαρπασθεῖσαι

327 3701 491 3756 πάλιν
524 3699 909 3772 παρασυρῆναι
935 3696 1013 3768 τῷ
1037 3695 1266 3769 ῥεύματι
1289 3697 1392 3766 τῆς
1419 3697 1706 3769 ἀκρασίας.
1729 3696 1907 3750 Βαϐυ-

326 3793 434 3848 λὼν
470 3794 602 3867 γὰρ,
626 3792 887 3861 τάραχος
922 3791 954 3862 ἢ
997 3793 1301 3861 σύγχυσις
1342 3792 1752 3863 ὲρμηνευομένη
1775 3830 1789 3856 ,
1816 3790 1910 3845 τὸν

329 3887 659 3961 περίρρυτον
693 3883 806 3956 βίον
845 3884 1084 3937 δείκνυσι
1130 3882 1339 3946 τοῦτον,
1372 3877 1433 3937 οὗ
1476 3886 1534 3936 έν
1570 3883 1721 3954 μέσῳ
1749 3880 1913 3936 καθε-

330 3982 551 4044 σθέντες
582 3973 1038 4053 περικλυζόμεθα,
1064 3973 1184 4028 καθ’
1225 3975 1285 4028 ὄν
1321 3976 1488 4044 ἐσμεν
1519 3975 1577 4026 ἑν
1616 3972 1694 4043 τῷ
1720 3972 1911 4044 κόσμῳ

330 4075 541 4148 χρόνον,
574 4072 684 4126 τῶν
729 4069 990 4141 ποταμῶν
1030 4067 1131 4138 τῆς
1169 4065 1368 4130 κακίας
1397 4064 1763 4137 ὲφορμῶντων
1799 4064 1908 4118 ἀεί.

330 4167 422 4223 Διὸ
472 4167 566 4220 καὶ
609 4162 875 4236 περιδεεῖς
918 4161 1087 4232 ἐσμεν
1134 4158 1229 4212 καὶ⁹
1259 4155 1766 4229 κατολοφυρόμεθα,
1819 4156 1914 4210 καὶ

334 4259 547 4331 βοῶμεν
592 4256 729 4329 μετά
753 4251 1026 4324 κλαυθμοῦ
1056 4249 1194 4323 πρὸς
1223 4250 1316 4303 τὸν
1349 4249 1482 4304 Θεὸν
1503 4289 1517 4313 ,
1543 4250 1630 4303 ἵνα
1669 4248 1744 4320 μὴ
1783 4265 1916 4303 κατ-

322 4348 688 4422 ,ολισοήσωσιν
728 4344 886 4417 ἡμῶν
933 4339 1349 4415 ὰπορρηχθέντα
1404 4343 1517 4404 τοῖς
1565 4339 1771 4411 κύμασι
1815 4340 1916 4411 τῆς

334 4441 525 4511 ἡδονῆς
560 4438 668 4492 ἀπὸ
712 4435 807 4490 τοῦ
844 4432 1014 4504 φυτοῦ
1053 4432 1154 4503 τῆς
1183 4431 1407 4500 ἁγνείας
1447 4431 1516 4486 τά
1546 4430 1755 4504 ὄργανα
1779 4430 1912 4503 (6|).

2005 3243 2192 3297 licibus
2228 3243 2282 3295 in
2317 3239 2486 3296 medio
2521 3234 3042 3309 ejus,suspendimus
3073 3247 3276 3302 organa
3315 3238 3498 3283 nostra
3519 3225 3587 3278 ".

2001 3334 2190 3390 Palam
2229 3348 2433 3404 organa
2464 3337 2731 3386 vocantes
2758 3343 2858 3382 sua
2888 3326 3131 3396 ipsarum
3161 3334 3418 3391 corpora,
3469 3332 3591 3387 qua:

2005 3423 2384 3481 erudentibus
2436 3418 2862 3490 suspenderunt,
2913 3416 3197 3484 alligantes
3252 3408 3592 3465 castimonia

2006 3515 2175 3585 ligno,
2210 3529 2277 3569 ne
2310 3527 2505 3567 rursus
2539 3511 2807 3578 abreptm,
2845 3502 3253 3560 incontinentis:
3277 3500 3425 3555 ﬂuxu
3450 3496 3594 3553 trahi

2009 3608 2062 3661 in
2089 3614 2460 3660 transversum
2492 3606 2735 3674 possent.
2762 3598 2999 3669 Babylon
3049 3596 3192 3650 enim
3217 3635 3230 3655 .
3267 3608 3429 3663 quam
3467 3602 3597 3645 tur-

2011 3699 2273 3752 bationem
2339 3712 2435 3751 seu
2518 3693 2878 3763 confusionem
2946 3688 3360 3758 interpreteris,
3426 3686 3592 3740 vitam

2009 3791 2152 3846 hanc
2177 3790 2400 3845 denotat
2437 3787 2594 3859 aquis
2617 3783 3030 3841 circumﬂuam:
3088 3780 3143 3835 in
3192 3781 3351 3848 cujus
3412 3777 3594 3834 medio

2011 3885 2265 3943 sedentes
2290 3876 2727 3942 circumluimur,
2757 3875 3000 3948 quandiu
3035 3873 3088 3929 in
3123 3871 3327 3927 mundo
3349 3871 3453 3926 hoc
3476 3887 3596 3926 ver-

2012 3993 2220 4041 samur,
2255 3975 2475 4029 malitiae
2514 3971 2833 4027 ﬂuminibus
2881 3968 3141 4023 continue
3189 3964 3592 4036 ingruentibus.

2012 4070 2307 4141 Propterea
2358 4067 2521 4123 etiam
2560 4065 2742 4136 pavidi
2796 4076 2987 4120 sumus
3040 4066 3095 4116 et
3157 4057 3594 4129 ingemiscimus,

2015 4172 2178 4233 atque
2208 4159 2275 4215 ad
2302 4159 2467 4215 Deum
2495 4174 2619 4213 cum
2648 4155 2907 4228 lacrymis
2936 4153 3260 4213 clamamus,
3295 4165 3363 4203 ne
3391 4163 3598 4218 organa

2016 4264 2235 4314 nostra,
2294 4248 2588 4320 voluptatis
2646 4245 2904 4303 ﬂuctibus
2950 4243 3019 4297 ab
3074 4242 3270 4296 arbore
3324 4238 3599 4294 castitatis

2017 4346 2228 4407 avulsa,
2253 4343 2407 4412 lapsu
2431 4347 2714 4396 corruant.
2760 4336 2974 4406 Ubique
3003 4336 3148 4390 enim
3181 4346 3354 4389 sacra
3401 4330 3598 4385 littera:

2017 4435 2348 4507 virginitatis
2373 4442 2500 4506 typo
2522 4432 2744 4489 salicem
2773 4435 3096 4494 assumunt;
3141 4424 3290 4497 quod
3335 4422 3596 4478 nimirum

348 4530 438 4586 Ἐν
460 4530 617 4601 τύπῳ
634 4529 742 4602 γὰρ
770 4528 869 4599 τῆς
909 4524 1209 4598 παρθενίας
1236 4522 1513 4595 πανταχοῦ
1547 4522 1906 4596 παραλαμὸάε

2021 4531 2119 4587 ﬂos
2137 4531 2258 4599 ejus
2287 4530 2342 4583 in
2370 4541 2566 4599 aquam
2594 4525 2837 4589 intritus,
2863 4523 2910 4577 si
2944 4522 3185 4582 bibatur,
3215 4513 3479 4589 quidquid
3512 4514 3600 4569 ti—

334 4638 488 4678 νουσι
509 4621 606 4691 τὴν
632 4620 776 4674 ἰτέαν
815 4621 870 4674 αί
893 4618 1035 4674 θεῖαι
1058 4616 1298 4690 Γραφαί·
1332 4616 1633 4687 ἐπειδήπερ
1662 4614 1725 4668 τὸ
1757 4613 1918 4679 ἄνθος

336 4715 507 4788 αὐτῆς
532 4715 611 4777 είς
644 4711 788 4783 ὕδωρ
832 4712 1145 4784 ἀποτριᾶὶν,
1179 4708 1274 4766 ἐὰν
1316 4708 1457 4780 ποθῇ
1480 4748 1495 4772 ,
1526 4710 1635 4762 πᾶν
1673 4709 1797 4762 ὅσον
1839 4709 1919 4773 είς

334 4813 521 4885 ὀχείας
551 4807 723 4882 ἀναζῇ
750 4808 845 4863 καὶ
870 4808 1207 4880 έρεθισμοὺς,
1233 4804 1678 4867 κατασϐέννυσιν,
1711 4800 1822 4854 ἔστ’
1855 4800 1921 4854 ἂν

337 4909 419 4972 είς
445 4904 615 4977 ἄρδην
650 4900 1035 4974 ἀποστειρώσῃ
1060 4901 1154 4954 καὶ
1186 4899 1378 4969 ἄγονον
1400 4897 1782 4970 ἀπεργάσηται
1813 4894 1921 4948 πᾶα

340 5016 441 5055 σαν
465 4998 564 5069 τὴν
588 4996 680 5052 ἐπὶ
707 4991 1046 5048 παιδοποιίαν
1065 4992 1256 5064 φοράν·
1273 4990 1460 5063 ὥσπερ
1479 4989 1543 5060 δὴ
1566 4987 1661 5042 καὶ
1678 4987 1924 5058 Ὄμηρος

338 5091 577 5163 ἐμήνυσε
599 5087 733 5157 (62),
758 5086 848 5141 δνά
870 5082 1029 5140 τοῦτο
1067 5083 1298 5148 καλέσας
1333 5081 1784 5149 ὠλεσικάρποι.νς
1823 5079 1924 5141 τὰς

343 5182 509 5244 ἰτέας.
552 5180 662 5234 Καὶ
682 5181 740 5232 ὲν
772 5176 972 5249 Ἡσαΐᾳ
1000 5176 1057 5231 δὲ
1083 5178 1137 5230 οἱ
1165 5174 1380 5229 δίκαιοι
1401 5174 1485 5241 ὡς
1513 5172 1638 5228 ίτέα
1669 5171 1921 5241 λέγονται

339 5273 515 5343 φύειν
530 5271 630 5326 ἐπὶ
660 5265 998 5337 παραρρέον
1037 5264 1215 5335 ὕδωρ.
1249 5266 1343 5328 Εἰς
1382 5263 1513 5334 ὕψος
1552 5263 1661 5335 γὰρ
1700 5262 1823 5316 τότε
1859 5259 1924 5313 τὺ

340 5365 440 5436 τῆς
487 5362 786 5435 παρθενίας
823 5359 977 5433 ἔρνος
1030 5357 1384 5431 μεγεθύνεται
1427 5353 1667 5427 σφοδρῶς
1710 5371 1771 5408 τε
1827 5352 1925 5406 καὶ

342 5454 632 5528 λαμπρῶς,
658 5454 786 5509 ὅταν
815 5455 844 5507 ὁ
875 5451 1081 5516 δίκαιος
1109 5450 1203 5506 καὶ
1240 5447 1712 5519 ἐγκεχειρισμένος
1739 5449 1924 5520 τηρεῖν

343 5547 515 5621 αὐτὴν
541 5547 635 5602 καὶ
667 5544 1017 5620 ἐργάζεσθαι,
1052 5547 1166 5610 τοῖς
1194 5542 1526 5614 ἡπιωτάτοις
1562 5539 1655 5594 τοῦ
1688 5541 1928 5612 Χριστοῦ

415 5666 464 5699 ’⁸
504 5665 678 5722 Exod.
721 5680 779 5731 ι,
823 5664 911 5724 16.
986 5665 1036 5698 ⁷⁸
1095 5663 1246 5720 Rom.
1289 5679 1352 5727 ν,
1391 5661 1476 5717 Η.
1554 5661 1598 5694 ⁷⁷
1634 5660 1786 5716 Psal.
1827 5676 2061 5730 cum,
2106 5666 2154 5731 l,
2195 5666 2248 5719 ξ’..

418 5784 530 5866 (61)
562 5788 832 5872 Ὄργανα.
859 5781 1293 5872 ,βὶοᾼξφείηῑιιε
1332 5795 1397 5837 ex
1429 5781 1549 5836 cod.
1582 5779 1699 5833 Vat.
1734 5779 1799 5835 At
1830 5781 1918 5835 Al-

344 5854 532 5922 ‘latius,
568 5854 812 5929 σώματα.
828 5879 839 5887 -
857 5855 1147 5911 (tenueris.

2021 4625 2321 4679 tillationes
2374 4622 2524 4678 intus
2563 4620 2671 4676 ciet
2736 4633 2800 4673 ac
2838 4617 3169 4689 prurigines.
3220 4613 3536 4683 exstinguat
3579 4627 3594 4666 :

2017 4732 2190 4788 coque
2226 4730 2402 4786 usque
2452 4713 2616 4778 valet,
2663 4720 2724 4767 ut
2772 4711 2988 4767 steriles
3034 4716 3090 4764 et
3123 4707 3191 4762 ad
3224 4703 3598 4778 generandum

2021 4810 2267 4873 inutiles,
2298 4821 2491 4863 omnes
2523 4807 2578 4861 in
2608 4819 2862 4862 venerem
2902 4809 3087 4857 motus
3138 4807 3389 4871 praestet;
3437 4796 3514 4851 uti
3546 4802 3601 4851 et

2024 4901 2290 4955 Ilomerus
2331 4898 2614 4961 indicavit,
2669 4895 2865 4951 salices
2917 4899 3206 4962 propterea
3263 4885 3599 4958 frugipcrdas

2023 5005 2245 5047 vocans.
2285 4990 2341 5043 ln
2368 4988 2505 5045 lsaia
2535 5002 2779 5060 quoque,
2817 4984 2966 5039 Iusti
2988 4982 3142 5055 quasi
3166 4980 3357 5035 salices
3393 4976 3600 5048 germi—

1976 5080 1980 5084 ’
2025 5098 2152 5139 nare
2181 5080 2458 5142 dicuntur,
2496 5080 2660 5149 juxta
2707 5074 3116 5146 praterﬂuentes
3151 5085 3316 5141 aquas
3346 5068 3413 5123 ".
3448 5066 3489 5119 Τ
3498 5083 3601 5120 unc

2022 5174 2166 5230 enim
2202 5175 2310 5229 alte
2331 5172 2507 5244 surgit
2532 5179 2586 5227 et
2628 5169 2804 5241 ample
2835 5167 3192 5238 specioseqne
3237 5160 3602 5232 ampliﬁcatur

2022 5264 2350 5334 virginitatis
2400 5263 2604 5325 frutex,
2634 5259 3057 5333 quandojnstus
3087 5262 3143 5311 et
3171 5254 3261 5310 cui
3312 5253 3436 5323 ejus
3485 5266 3604 5305 ser-

2024 5356 2215 5413 vanda:
2246 5364 2410 5428 atque
2440 5355 2681 5412 colenda:
2709 5365 3033 5410 concessum
3063 5360 3270 5403 munus
3286 5352 3390 5406 est.
3422 5343 3597 5398 mitis-

2027 5448 2181 5504 simis
2231 5449 2432 5504 Christi
2466 5447 2713 5503 fontibus
2740 5440 3075 5515 irrigabitur,
3122 5436 3403 5508 sapientia:
3435 5433 3610 5504 guttis

2027 5542 2234 5599 ebrius.
2268 5541 2338 5598 Ut
2366 5541 2512 5597 enim
2545 5539 2682 5596 saiix
2717 5552 2827 5594 non
2879 5534 2988 5590 nisi
3039 5530 3199 5605 aquis
3258 5526 3613 5588 afﬂuentibus

2327 5666 2370 5697 ⁷⁸
2412 5664 2525 5719 Isa.
2568 5677 2731 5724 των,
2774 5660 2829 5716 4.

2097 5786 2206 5856 (6'2)
2244 5788 2493 5854 Ὅμηρος
2521 5779 2807 5851 ἐμήνυε-Τ.
2847 5775 3021 5830 Ὀδνοσ.
3055 5775 3138 5840 K',
3173 5773 3293 5827 510.
3329 5769 3410 5829 in.
