4140 6456
572 364 635 420 9i
1490 357 1547 413 S.
1593 357 1920 413 METRODII
1966 358 2273 414 EPlSCOPl
2313 358 2402 413 ET
2438 356 2799 414 MARTYRIS
3748 350 3827 406 92

570 486 712 539 viret
749 496 814 538 ac
863 482 1085 545 crescit,
1136 480 1219 535 sic
1267 479 1441 534 beatae
1484 478 1811 548 virginitatis
1842 493 1905 533 ea
1938 479 2131 533 indole:

2250 479 2454 548 νάμασι
2504 476 2822 549 ἀρδεύεται,
2866 475 3027 545 σοφία
3090 473 3498 543 ηταψεκάζων.
3565 470 3663 526 '0;
3713 448 3837 543 γάρξ

570 581 688 641 εει,
717 581 777 627 ιιι
832 573 1007 627 sacris
1063 586 1184 626 eam
1247 570 1571 641 impinguari
1604 570 1950 624 sermonibus
1980 578 2131 639 atque

2244 571 2447 639 τρόπον
2481 568 2543 620 τὸ
2574 566 2787 636 δένδρον
2820 565 2979 617 τοῦτο
3024 565 3341 634 χλοηφορεῖν
3377 565 3619 632 πέφυκεν
3669 561 3825 615 ὕδατι

570 665 834 720 doctrinis
881 665 949 718 ad
992 663 1297 719 ﬂorendum
1359 671 1522 731 atque
1574 662 1865 731 vigendum
1919 678 2131 717 necesse

2246 662 2342 713 καὶ
2369 659 2683 730 βλαστάνειν
2705 677 2721 690 ·
2752 659 2925 721 οὕτως
2957 656 3207 710 ἐπανθεῖν
3236 657 3324 709 ἀεὶ
3356 657 3451 709 καὶ
3481 653 3827 726 ἐπακμάζειν

573 756 665 818 sit,
698 769 801 809 nec
840 754 1002 807 aliter
1051 753 1104 808 in
1150 768 1271 806 eam
1318 754 1511 808 molem
1568 752 1987 821 lirtnitatemque
2017 769 2144 822 pro-

2251 752 2572 822 πιαινομένη
2604 752 2783 819 λόγοις
2822 751 3068 820 πέφυκεν
3090 752 3124 821 ἡ
3161 749 3454 819 παρθενία·
3498 749 3584 801 ῖνα
3614 748 3682 819 δὴ
3726 749 3828 803 καὶ

571 848 746 912 liciat,
779 862 847 902 ex
885 863 994 917 qua
1031 861 1191 900 suum
1228 845 1458 915 quisque
1496 860 1761 915 organum
1812 844 2131 914 suspendere

2246 844 2626 916 ἀνακρεμάσαι
2658 844 2722 897 τὸ
2761 844 2991 913 ὄργανον
3028 845 3122 898 ἀπ’
3161 843 3332 914 αὐτῆς
3374 840 3568 895 ἑαυτοῦ
3599 840 3693 895 δὺν
3716 841 3829 910 ita!

567 943 764 1012 possit.

2247 954 2354 1001 τις.

1270 1050 1397 1106 CAP.
1431 1048 1520 1104 IV.
1567 1048 2060 1119 Interpretationem
2087 1049 2322 1119 ejusdem
2356 1051 2458 1103 loci
2488 1055 2823 1120 prosequitur
2861 1062 3064 1105 auctor.

641 1175 699 1232 Si
720 1193 849 1247 ergo
880 1173 1099 1228 ﬂumina
1131 1169 1421 1243 Babylonis
1447 1170 1630 1227 ﬂuxus
1664 1172 1958 1241 voluptatis
1987 1182 2137 1235 sunt,

568 1280 628 1326 ut
657 1271 934 1341 sapientes
960 1269 1166 1328 volunt,
1195 1265 1597 1321 confundentes
1628 1274 1681 1320 et
1711 1265 1997 1320 turbantes
2019 1266 2139 1320 ani-

565 1381 734 1425 mam,
767 1377 990 1417 necesse
1012 1368 1095 1415 est
1130 1368 1188 1413 ut
1227 1359 1457 1413 castitas
1491 1359 1751 1414 salicibus
1799 1359 2137 1428 designetur,

563 1475 630 1514 ex
687 1472 792 1527 qua
855 1454 1247 1523 suspendentes
1304 1467 1525 1507 sursum
1583 1451 1855 1505 trahimus
1894 1450 2141 1507 libidinis

562 1565 786 1619 organa,
822 1546 1097 1617 vergentia
1141 1546 1397 1600 deorsum
1446 1552 1793 1613 mentemque
1838 1542 2127 1613 degravan-

562 1644 672 1708 tia;
700 1657 766 1695 ne
782 1641 924 1694 velut
944 1638 1204 1693 torrentis
1232 1643 1432 1707 impetu
1464 1638 1517 1689 in
1541 1636 1756 1691 cloacas
1786 1634 2139 1705 impudicitia:

562 1744 845 1804 protrusus,
879 1730 1144 1785 vermium
1175 1730 1346 1783 inStar
1376 1728 1445 1782 ad
1476 1728 1657 1783 sanies
1679 1736 1729 1783 et
1752 1738 1941 1797 putres
1981 1728 2137 1783 tabos

2316 1173 2379 1226 Εί
2411 1168 2503 1226 οῦν
2528 1174 2577 1225 οἱ
2618 1172 2854 1242 ποταμοὶ
2878 1171 2978 1241 τῆς
3010 1169 3325 1233 Βαϐυλῶνος
3346 1169 3412 1223 τά
3442 1169 3643 1239 ῥεύμαι
3663 1187 3690 1224 ι
3722 1169 3824 1242 τῆς

2246 1264 2577 1339 ἡδυπαθείας
2600 1264 2757 1329 εἰσὶν,
2778 1264 2852 1327 ὡς
2872 1264 2922 1316 οί
2946 1263 3101 1332 σοφοί
3119 1279 3269 1332 μασι,
3291 1261 3359 1314 τά
3378 1261 3710 1332 συγχύνοντα
3728 1264 3826 1316 καὶ

2244 1358 2583 1428 ταράσσοντα
2598 1357 2693 1428 τὴν
2708 1357 2903 1427 ψυχήν⁵
2925 1356 3136 1425 ἀνάγκη
3158 1356 3255 1418 τὰς
3280 1354 3423 1417 ἰτέας
3443 1351 3696 1426 εἶναιτὴν
3719 1369 3828 1408 σω.

2246 1450 2540 1522 φροσύνην,
2568 1451 2658 1519 ἀφ’
2680 1446 2747 1522 ἧς
2768 1448 3183 1520 ἀνακρεμῶντες
3200 1446 3494 1515 ἀνέλκομεν
3518 1444 3589 1499 τά
3615 1445 3828 1518 δργανα

2244 1547 2311 1599 τά
2346 1544 2655 1612 παιδογόνα,
2686 1542 3095 1611 ταλαντούμενα
3128 1540 3279 1593 κάτω
3309 1540 3404 1592 καὶ
3442 1537 3695 1609 βρίθοντα
3730 1534 3826 1589 τὸν

2244 1640 2385 1693 νοῦνο
2410 1640 2497 1694 ἵνα
2517 1639 2615 1711 μὴ,
2627 1637 3014 1708 κατενεχθέντα
3032 1635 3157 1704 περί
3173 1635 3297 1696 τοὺς
3312 1634 3531 1703 ὀχετοὺς
3545 1632 3643 1701 τῆς
3659 1632 3826 1701 ἀκρα·

2245 1731 2386 1797 σίας,
2408 1731 2699 1802 σκωλήκων
2714 1730 2868 1800 δίκην
2896 1730 2973 1791 είς
2992 1730 3117 1789 τοὺς
3150 1725 3352 1796 ἰχῶρας
3374 1725 3823 1795 ἐγχρίμπτωνται

559 1827 948 1880 ειίιιωιτρεείιηι.
985 1820 1351 1881 Utilissimam
1380 1836 1524 1875 emm
1555 1831 1608 1875 et
1641 1819 1693 1873 in
1736 1821 1928 1889 primis
1957 1819 2131 1874 eilica-

2242 1825 2334 1877 xa‘t
2364 1823 2463 1887 τὰς
2501 1824 2821 1894 σηπεδόνας.
2852 1819 3291 1894 Χρησιμωτάτην
3323 1817 3433 1888 γὰρ
3477 1817 3571 1869 καὶ
3598 1815 3825 1871 ἐπίκου-

558 1934 675 1974 cem
735 1918 801 1971 ad
869 1914 1314 1985 consequendam
1380 1914 1842 1983 incorrupt'onem
1913 1912 2136 1968 donavit

559 2008 701 2065 Deus
726 2008 1120 2078 virginitatem,
1168 2006 1329 2060 lidam
1373 2021 1491 2060 eam
1526 2008 1729 2060 sociam
1781 2006 2023 2066 mittens.
2051 2004 2135 2059 bis

554 2102 878 2175 qui-cupide
911 2105 975 2157 ad
1006 2101 1060 2156 id
1097 2102 1267 2155 decus
1292 2102 1537 2170 aspirant
1575 2119 1587 2153 :
1626 2100 1816 2170 quales
1843 2099 2134 2155 Psalmista

557 2196 871 2251 subindicat
921 2194 1141 2250 nomine
1188 2192 1393 2257 Sionis,
1444 2208 1565 2263 qua:
1614 2209 1721 2247 vos
1771 2192 2133 2262 perillustrem

557 2286 904 2349 cbaritatem,
938 2293 996 2340 et
1029 2284 1175 2354 quod
1201 2285 1267 2340 de
1298 2286 1388 2338 illa
1422 2284 1736 2337 mandatum
1760 2292 1863 2350 est,
1891 2283 2132 2338 denotat.

560 2378 769 2433 Etenim
789 2378 1115 2433 vocabulum
1142 2378 1272 2433 Sion
1305 2378 1352 2432 si
1387 2378 1761 2446 interpreteris
1781 2416 1796 2438 ,
1828 2376 2138 2430 mandatum

555 2466 783 2537 spei:qu
816 2475 998 2521 sonat.
1035 2467 1126 2521 Sic
1151 2468 1293 2522 enim
1336 2474 1654 2535 reputamus
1685 2465 1851 2519 etiam
1892 2479 2013 2534 qua:
2042 2462 2139 2518 de-

555 2557 687 2615 inde
716 2567 1039 2628 sequuntur.
1302 2626 1305 2629 _
1887 2617 1891 2622 ,

626 2646 770 2716 Quid
821 2648 1038 2702 tandem
1089 2654 1174 2702 est
1205 2662 1303 2701 cur
1331 2647 1431 2703 abs
1481 2662 1541 2702 se
1573 2648 1904 2717 postulatum
1925 2687 1938 2708 .
1972 2646 2040 2700 ab
2071 2645 2141 2702 iis

554 2741 648 2811 qui
672 2738 916 2808 captivas
948 2738 1247 2802 duxerunt,
1283 2739 1482 2793 anima:
1515 2737 1813 2803 fateantur,
1866 2747 1924 2792 ut
1964 2740 2139 2792 canti-

554 2847 680 2885 cum
713 2829 928 2885 Domini
968 2840 1232 2886 canerent
1266 2831 1320 2884 in
1371 2837 1516 2885 terra
1544 2831 1759 2885 aliena?
1798 2828 2003 2901 Nempe
2033 2831 2137 2886 hoc

554 2924 789 2979 dicendo
818 2926 975 2999 plane
997 2924 1216 2991 docent,
1259 2924 1612 2995 Evangelium
1649 2939 1865 2979 sacrum
1909 2940 2032 2979 esse
2074 2940 2139 2979 ac

555 3031 818 3070 arcanum
845 3016 1142 3080 canticum,
1172 3015 1317 3086 quod
1356 3016 1450 3089 qui
1499 3026 1731 3087 peccant
1779 3026 1834 3072 et
1862 3016 2141 3072 fornican—

557 3119 646 3161 tur
672 3107 891 3163 diabolo
924 3114 1150 3161 canunt.
1176 3106 1444 3163 lnsultant
1470 3112 1612 3163 enim
1645 3117 1698 3162 et
1728 3108 1957 3163 tacenda
1984 3123 2140 3164 mau-

2244 1935 2337 1989 ρον
2362 1920 2441 1981 είς
2468 1916 2776 1989 ἀφθαρσίας
2806 1916 3003 1985 κτῆσιν
3027 1912 3126 1983 τὴν
3152 1910 3451 1984 παρθενίαν
3481 1911 3509 1963 ό
3530 1908 3662 1973 Θεὸς
3685 1908 3823 1963 ἐδωδ

2244 2012 2466 2081 ρήσατο,
2503 2009 2787 2080 σύμμαχον
2822 2005 3146 2068 ἀποστείλας
3178 2006 3289 2066 τοῖς
3319 2001 3703 2075 ὀρεγνυμένοις
3731 2000 3827 2054 καὶ

2242 2100 2502 2154 ποθοῦσι·
2554 2099 2738 2164 καθὼς
2788 2100 2816 2152 ὁ
2864 2097 3078 2169 ψαλμὸς
3111 2097 3402 2167 ὑφηγεῖται
3445 2094 3543 2165 τὴν
3589 2091 3759 2155 Σιὼν,
3794 2091 3827 2144 δ

2240 2193 2304 2264 δή
2362 2194 2477 2246 ἐστι
2502 2232 2517 2255 ,
2566 2191 2664 2262 τὴν
2719 2190 3035 2262 ἔκλαμπρον
3101 2188 3322 2258 ἀγάπην
3347 2226 3362 2248 .
3414 2187 3509 2239 καὶ
3551 2185 3651 2255 τὴν
3697 2184 3827 2256 περὶ

2240 2289 2409 2357 αύτῆς
2443 2286 2684 2356 ἐντολήν.
2727 2282 3054 2354 Ἐπειδήπερ
3083 2283 3118 2352 ὴ
3150 2278 3288 2333 Σιὼν
3319 2277 3538 2344 ἐντολὴ
3564 2274 3826 2343 σκοπιᾶς

2243 2379 2623 2453 ἑρμηνεύεται.
2649 2373 2777 2429 Ὧδε
2812 2374 2919 2446 γάρ
2961 2370 3408 2442 άναλογισώμεθα
3432 2369 3591 2424 πάλιν
3631 2370 3723 2422 καὶ
3756 2369 3827 2422 τά

2247 2473 2395 2544 ἐξῆς.

2316 2654 2381 2707 Τί
2408 2655 2607 2725 δήποτε
2630 2650 3017 2724 ἐηρωτῆσθαι
3046 2649 3155 2720 (63)
3188 2650 3321 2719 πρὸς
3351 2647 3459 2701 τῶν
3488 2645 3824 2718 αίχμαλωτι-

2246 2747 2386 2801 στῶν
2417 2744 2771 2817 ὁμολογοῦσιν
2801 2746 2856 2797 αί
2886 2744 3073 2813 ψυχαὶ,
3097 2741 3199 2812 τὴν
3226 2740 3370 2811 ᾠδὴν
3400 2742 3493 2794 ἐπὶ
3520 2740 3623 2809 γῆς
3660 2738 3821 2794 ἀλλο-

2241 2837 2398 2910 τρίας
2449 2832 2578 2909 ᾆσαι
2619 2834 2859 2907 Κυρίου;
2891 2834 2962 2887 Ἦ
3000 2832 3216 2895 πάντως
3258 2833 3342 2885 ὅτι
3391 2830 3453 2884 τὸ
3496 2829 3824 2899 Εὑαγγέλιον

2244 2931 2395 3003 ίεράν
2424 2930 2575 3001 ᾠδὴν
2602 2924 2741 2982 εἶναι
2789 2927 2881 2982 καὶ
2925 2926 3236 2998 ἀπόρρητον
3267 2924 3639 2988 διδάσκουσιν,
3674 2923 3741 2994 ἢν
3772 2924 3821 2976 ot

2244 3020 2649 3093 ἁμαρτάνοντες
2681 3019 2776 3073 καὶ
2807 3016 3132 3089 μοιχὼμενοι
3166 3016 3244 3087 τῷ
3277 3015 3498 3087 πονηρῷ
3522 3015 3822 3086 προσᾴδου-

2244 3129 2348 3165 σιν.
2374 3110 2749 3182 Ἐξορχοῦνται
2766 3109 2873 3180 (64)
2894 3109 3004 3179 γὰρ
3032 3107 3131 3170 τάς
3148 3106 3386 3172 ἐντολάς,
3408 3107 3467 3160 τὸ
3490 3106 3700 3178 θέλημα
3715 3106 3824 3158 τῶν

554 3198 681 3252 data
722 3198 978 3267 produnt,
1024 3198 1358 3253 voluntatem
1389 3200 1679 3269 implentes
1714 3199 2005 3270 spirituum
2041 3216 2131 3256 ne-

2242 3204 2567 3276 πνευμάτων
2597 3202 2877 3266 τελοῦντες
2902 3203 3001 3273 τῆς
3033 3200 3321 3272 πονηρίας,
3346 3200 3441 3253 καὶ
3474 3198 3725 3269 ῥίπτουσι
3754 3196 3825 3251 τὰ

552 3289 781 3360 quitize;
810 3298 1107 3360 sanctaque
1129 3291 1426 3361 projiciunt
1458 3291 1710 3355 canibus,
1733 3300 1785 3346 et
1816 3293 2138 3362 margaritas

550 3388 683 3435 ante
709 3396 907 3452 porcos
931 3383 1149 3436 mittunt
1171 3384 1237 3449 ⁷⁸,
1270 3383 1414 3437 haud
1444 3399 1605 3439 secus
1629 3400 1693 3437 ac
1727 3384 1805 3438 illi
1839 3383 1905 3439 de
1937 3385 2138 3454 quibus

550 3475 814 3544 propheta
848 3473 1160 3545 indignatus
1184 3476 1260 3529 ait
1297 3495 1310 3528 :
1348 3474 1419 3529 Et
1443 3475 1676 3547 legerunt
1711 3476 1843 3545 {oris
1879 3476 2037 3547 legem
2068 3478 2132 3530 ".

548 3565 668 3619 Non
707 3566 851 3620 enim
892 3568 1099 3636 utique,
1123 3565 1270 3637 quod
1307 3575 1460 3625 extra
1489 3578 1675 3637 portas
1714 3569 2015 3624 Jerusalem
2044 3578 2135 3624 aut

550 3656 745 3709 domos
779 3672 906 3710 suas
942 3658 1170 3727 egressi,
1193 3657 1367 3728 legem
1394 3655 1567 3711 Judaei
1591 3658 1854 3728 legerent,
1887 3667 2137 3730 propter—

550 3764 614 3802 ea
648 3756 757 3800 tam
789 3746 989 3802 acriter
1040 3748 1393 3818 increpantur
1432 3764 1462 3802 a
1503 3751 1762 3819 propheta
1787 3790 1803 3814 ,
1846 3754 2135 3821 gravisque

554 3839 781 3895 sceleris
813 3855 937 3895 reos
967 3842 1290 3911 proclamat,
1350 3841 1444 3896 sed
1479 3841 1624 3911 quod
1670 3842 1923 3897 mandata
1953 3850 2135 3897 trans-

553 3931 868 4002 gredientes
891 3937 945 3984 et
971 3930 1026 3983 in
1048 3928 1220 3984 Deum
1256 3931 1433 4002 impii,
1475 3930 1680 3985 larvata
1735 3932 1935 4002 pietate
1975 3933 2133 4003 quasi

551 4021 793 4092 religiosi
834 4020 1038 4092 Deique
1071 4023 1311 4079 cultores
1350 4030 1620 4093 praecepta
1670 4024 1964 4095 legebant:
2013 4026 2136 4079 ani-

550 4110 656 4165 mis
691 4126 819 4165 vero
840 4127 1182 4182 nequaquam
1211 4112 1590 4177 admittebant,
1616 4130 1711 4184 per
1743 4114 1902 4169 [idem
1951 4132 2013 4171 ea
2047 4132 2132 4171 re-

551 4203 809 4273 tinentes,
844 4203 938 4259 sed
970 4204 1229 4273 Operibus
1256 4205 1596 4275 abnegando,
1636 4207 1751 4277 ipsa
1774 4209 2132 4278 respuebant.

552 4292 687 4348 ilinc
706 4296 850 4350 enim
872 4296 1150 4350 canticum
1183 4295 1395 4353 Domini
1424 4307 1647 4353 cantant
1674 4301 1727 4355 in
1754 4309 1904 4356 terra
1932 4301 2132 4367 aliena,

617 4453 661 4484 "
700 4451 896 4507 Matth.
937 4467 1046 4518 vn,
1087 4452 1141 4508 6.
1250 4454 1297 4484 ³⁸
1329 4454 1487 4509 Amos
1529 4473 1599 4522 tv,
1640 4457 1695 4521 5,
1723 4457 1887 4526 juxta
1924 4454 2097 4509 LXX.

2240 3294 2376 3363 ἀγια
2409 3297 2522 3357 τοῖς
2548 3292 2695 3357 κυσὶ,
2724 3292 2968 3354 καὶτοὺς
2995 3292 3342 3362 μαργαρίτας
3374 3289 3686 3362 ἔμπροσθεν
3714 3287 3824 3342 τῶν

2239 3386 2471 3459 χοίρων,
2514 3384 2573 3438 ὃν
2613 3386 2812 3457 τρόπον
2857 3385 3101 3438 κάκεῖνοι
3152 3384 3274 3452 περὶ
3330 3374 3406 3435 ὧν
3456 3384 3488 3434 ό
3539 3381 3825 3453 προφήτης

2240 3478 2608 3549 δυσχεραίνων
2666 3477 2831 3549 φησί·
2884 3475 2996 3530 Kal
3042 3474 3398 3543 ἀνέγνωσαν
3442 3472 3561 3537 ἔξω
3613 3474 3820 3541 νόμον.

2238 3567 2314 3620 υύ
2344 3567 2454 3639 γάρ
2480 3568 2562 3621 ὅτι
2601 3566 2709 3621 τῶν
2743 3566 2927 3620 πυλῶν
2961 3565 3065 3630 ἐξω
3096 3566 3195 3635 τῆς
3248 3564 3622 3635 Ἰερουσαλὴμ,
3652 3563 3686 3634 ἢ
3716 3562 3823 3616 τῶν

2235 3658 2421 3712 οίκιῶν
2464 3658 2827 3726 ἀνεγίνωσκον
2860 3656 3094 3721 ἐξιόντες
3133 3660 3181 3710 οἱ
3224 3657 3466 3710 Ἰουδαῖοι
3515 3657 3606 3709 τὸν
3638 3655 3820 3725 νόμον,

2234 3747 2324 3802 διά
2362 3749 2520 3802 τοῦτο
2560 3749 2623 3820 δὴ
2661 3750 2752 3801 καὶ
2779 3751 2807 3802 ό
2842 3751 3125 3821 προφήτης
3167 3749 3401 3819 ἰσχυρῶς
3439 3747 3622 3802 αὐτῶν
3656 3763 3824 3817 κατη-

2234 3843 2389 3913 γορεῖ
2448 3842 2541 3895 καὶ
2594 3841 2927 3905 ὑπευθύνους
2988 3841 3292 3912 ἐγκλήματι
3505 3841 3818 3909 γεγονέναιο

2233 3932 2346 3986 ἀλλ’
2374 3933 2457 3986 ὅτι
2498 3933 2898 4005 παρερχόμενοι
2946 3932 3044 3995 τὰς
3080 3932 3299 3995 ἐντολάς
3340 3920 3457 3986 και
3492 3930 3820 3994 ἀσεϐοῦντες

2236 4027 2317 4089 είς
2364 4027 2453 4079 τὸν
2485 4024 2653 4088 Θεὸν,
2706 4025 3277 4096 ἐπιμεμορφασμένως
3316 4025 3413 4095 μὲν
3458 4026 3823 4093 ἀνεγίνωσκον

2236 4116 2396 4188 δῆθεν
2431 4116 2506 4181 ὡς
2540 4115 2783 4180 εὐσεϐεῖς
2812 4116 2882 4170 τά
2909 4119 3306 4188 προστάγματα
3327 4133 3340 4144 '
3377 4116 3520 4170 κατά
3551 4116 3729 4187 ψυχὴν
3764 4115 3820 4170 δὲ

2239 4212 2338 4264 οὐκ
2373 4210 2612 4281 ἐδέχοντο
2654 4208 2793 4280 μετὰ
2821 4210 3060 4273 πίστεως
3084 4214 3348 4282 ἰσχοντες,
3385 4209 3501 4263 ἀλλ’
3543 4210 3821 4263 ἀπέπτυον

2242 4302 2423 4375 ἔργοις
2456 4302 2795 4374 ἀρνούμενοι.
2840 4301 3115 4357 Ἐντεῦθεν
3157 4301 3266 4371 γάρ
3293 4302 3391 4373 τὴν
3424 4302 3564 4373 ᾠδὴν
3590 4302 3681 4355 ἐπὶ
3722 4302 3823 4371 τῆς

617 4608 732 4679 (65)
777 4606 1241 4689 Ἐπηρωτῆονρᾳι.
1279 4609 1634 4689 Evangelistaa
1665 4612 1960 4689 passim__ea
1987 4626 2120 4667 voce

2237 4609 2440 4689 psalmi,
2465 4609 2592 4689 eoin;
2713 4607 2820 4689 illis
2855 4609 3156 4689 praeivisse,
3174 4622 3424 4689 quorum
3454 4606 3614 4689 facile
3642 4624 3819 4689 voces

547 4688 798 4752 utuntur.
820 4687 885 4752 et
911 4678 1143 4752 simplici
1170 4683 1396 4752 ἐρωτᾷν.
1435 4678 1636 4737 eodem
1665 4678 1912 4751 'rogandi
1952 4697 2119 4752 sensu

545 4759 711 4819 atque
753 4749 1147 4821 jubendi,'non
1192 4749 1592 4821 interrogandi;
1633 4753 1726 4821 qui
1759 4749 1912 4805 “certe
1940 4751 2122 4808 minus

545 4822 865 4873 commodus
909 4820 1011 4874 hoc
1062 4821 1179 4874 loco
1217 4831 1301 4876 est
1337 4839 1350 4875 :
1387 4820 1532 4878 unde
1564 4832 1618 4876 et
1648 4820 1711 4876 ex
1750 4821 1975 4875 Hebraeo
2000 4823 2123 4876 red-

544 4892 680 4946 dunt
713 4888 979 4952 moderni,
1023 4894 1281 4958 petierunt
1326 4909 1418 4946 nos
1450 4908 1468 4945 :
1496 4894 1684 4954 Allat.,
1735 4909 1790 4946 se
1822 4892 2120 4957 postulatus

545 4961 737 5016 animm
764 4963 1015 5029 fatentur.
1066 4961 1177 5017 Nec
1222 4963 1379 5016 aliter
1408 4964 1673 5033 Agelliits,
1717 4961 1963 5024 Dumvis,
1995 4962 2122 5017 Cla-

546 5033 678 5089 rius.
718 5042 771 5085 et
808 5033 894 5085 alii
929 5034 1073 5085 docti
1105 5051 1117 5085 :
1163 5035 1431 5102 velimque
1463 5031 1537 5085 uti
1572 5031 1729 5085 Joan.
1771 5049 1887 5102 xw,
1919 5035 1975 5093 2,
2007 5048 2126 5085 mu-

545 5111 713 5154 tatum
743 5111 849 5166 est,
886 5104 1028 5171 quod
1075 5114 1284 5174 veteres
1315 5101 1682 5167 reddiderant,
1723 5101 1782 5156 οὖ
1813 5120 1879 5173 με
1911 5104 2122 5174 ἐρωτή-

547 5189 686 5235 σετε,
723 5189 823 5226 non
858 5191 936 5227 me
966 5172 1358 5243 iuterrogabitis
1385 5174 1700 5242 quidquam;
1732 5172 1833 5226 nun
1866 5172 1951 5227 me
1970 5172 2129 5242 roga-

547 5242 701 5305 bitis;
748 5247 831 5297 hic
873 5261 1091 5316 quoque
1126 5242 1179 5298 in
1214 5244 1425 5316 psalmo
1455 5254 1777 5316 mutaretur,
1808 5246 1931 5314 quia
1964 5262 2121 5314 roga.

546 5323 724 5366 verunt
753 5331 845 5369 nos
872 5315 902 5367 ;“
920 5315 1063 5384 quod
1099 5330 1313 5383 rogare,
1348 5315 1402 5366 in
1424 5329 1489 5386 eo
1514 5315 1603 5383 qui
1638 5323 1901 5386 pute_state
1937 5317 2119 5386 pollet,

544 5386 830 5453 imperium
886 5394 969 5439 est
1029 5400 1125 5439 seu
1176 5386 1371 5452 jussio.
1432 5384 1521 5437 Sic
1566 5387 1700 5440 bene
1743 5384 2124 5440 Tlteodoretus

541 5469 709 5525 verno
743 5455 987 5508 κελεύειν
1021 5454 1294 5523 expressit
1328 5473 1339 5506 :
1378 5454 1820 5525 Cltrysostomus,
1872 5457 2124 5510 instanti-

544 5524 638 5598 bus
668 5525 1000 5598 barbarisqet
1031 5526 1277 5598 gravibus
1305 5526 1458 5598 minis
1491 5526 1888 5598 inducentibus;
1922 5526 2125 5597 βαρϐά-

544 5596 654 5669 ρων
684 5596 1061 5669 ἐπικειμένων·
1088 5596 1225 5664 μετά
1256 5597 1521 5666 τοσαύτης
1552 5597 1799 5666 ἀπειλῆς.
1834 5597 1974 5669 Bene
1998 5596 2125 5669 ntu-

543 5667 634 5720 ttet
686 5667 950 5719 Thesauri
1000 5677 1208 5737 auctor,
1245 5668 1347 5722 etsi
1394 5669 1649 5737 frequens
1693 5676 1781 5722 est
1816 5669 1917 5721 iste
1957 5667 2121 5733 hujus

542 5738 693 5788 Vocis
719 5754 851 5789 tlstts
876 5735 1015 5805 apud
1043 5739 1424 5805 evangelistas.
1452 5735 1591 5792 haud
1616 5738 1946 5793 Cl‘t’delldllllt
1975 5740 2121 5806 ipsus

542 5806 694 5865 iiiius
738 5818 858 5869 nitet
906 5824 989 5861 res
1037 5823 1174 5863 esse.
1227 5808 1333 5880 ligo
1387 5820 1585 5879 pu'e.n,
1626 5810 1708 5865 vel
1758 5826 1827 5863 ex
1878 5811 1990 5863 low
2020 5812 2119 5863 huc

2228 4677 2402 4736 secuti
2425 4687 2554 4735 sunt
2579 4679 2671 4750 alii
2700 4677 2959 4749 deinceps
2990 4677 3349 4735 ecclesiastici
3378 4680 3512 4733 viri:
3540 4682 3594 4733 in
3618 4683 3821 4750 quibus

2228 4765 2423 4821 magna
2450 4765 2588 4819 opus
2616 4748 2920 4819 diligentia,
2970 4766 3039 4805 ne
3090 4766 3119 4803 a
3154 4765 3315 4804 sensu
3348 4751 3561 4820 magnis
3591 4748 3792 4806 illis'se

2228 4821 2365 4875 niori
2376 4822 2474 4875 bus
2499 4823 2731 4881 intento,
2760 4834 2855 4889 per
2871 4836 3060 4874 eorum
3087 4821 3347 4889 phraseos
3367 4821 3659 4883 inscitiam,
3680 4822 3796 4875 exci

2228 4892 2423 4946 damus
2445 4908 2459 4958 ;
2486 4890 2632 4961 quod
2654 4891 2815 4945 etiam
2834 4889 3150 4961 Graecorum
3176 4890 3553 4961 disertissimis
3567 4893 3817 4946 evenisse

2228 4959 2557 5031 quandoque
2583 4960 2938 5030 deprehendi.
2978 4960 3272 5031 Multisque
3304 4962 3336 5029 ὴ
3361 4959 3468 5012 τῶν
3494 4961 3548 5014 0'
3582 4962 3810 5025 ἐκδοσις.

2230 5033 2509 5087 Hebraica:
2542 5031 2757 5085 veritati
2789 5031 2923 5084 nihil
2952 5033 3175 5086 dissona
3209 5041 3513 5100 appareret,
3546 5036 3593 5087 si
3625 5040 3674 5085 cl
3707 5032 3809 5085 lle-

2228 5105 2410 5158 braica
2428 5105 2542 5173 ipsa
2562 5117 2697 5172 pura
2718 5101 2874 5155 nobis
2888 5102 3374 5171 exstarent,qualia
3391 5102 3465 5154 illi
3485 5103 3810 5165 habuerunt,

2227 5182 2283 5231 et
2312 5189 2501 5227 eorum
2539 5188 2638 5226 nos
2670 5174 2772 5241 ipsi
2803 5188 2961 5227 voces
3006 5176 3160 5242 plene
3204 5186 3542 5242 caperemus.
3572 5174 3812 5227 (ἰυιιοειν.

2303 5244 2416 5326 (6.4)
2463 5243 2895 5326 Ἐξορχρῦιςται.
2936 5241 3071 5297 Maz.
3109 5244 3312 5326 etitllq
3344 5241 3814 5326 Ἐξερχρνςταιτῶν

2231 5314 2480 5377 ἐντολῶν,
2508 5316 2846 5381 egrediuntur
2870 5330 2936 5367 ea:
2970 5314 3261 5373 mandatis,
3295 5314 3443 5381 quod
3471 5314 3607 5366 nihil
3636 5316 3814 5368 cultae-

2231 5394 2313 5440 ret.
2348 5404 2361 5439 :
2389 5401 2489 5439 nec
2517 5384 2800 5440 Possinius
2831 5393 3077 5439 nostrum
3102 5381 3500 5452 illud_Vaticani
3529 5396 3818 5439 assecutus

2230 5468 2336 5521 est,
2377 5457 2506 5510 dum
2559 5456 2754 5519 reddit,
2811 5455 3121 5508 transiliunt
3150 5452 3307 5507 'enim
3352 5454 3607 5507 mandata
3632 5470 3653 5509 .'
3685 5456 3814 5519 into,

2229 5527 2385 5596 quasi
2417 5526 2493 5580 eis
2523 5526 2802 5589 insultant,
2835 5537 3025 5579 temere
3052 5525 3149 5577 illa
3176 5524 3491 5592 diuulgant;
3522 5542 3649 5594 qua:
3669 5527 3814 5584 illius

2230 5599 2381 5651 vocis
2407 5605 2536 5651 uota
2567 5596 2896 5665 signiﬁcatio
2930 5604 3013 5649 est
3048 5618 3060 5649 :
3090 5602 3483 5664 continuatque
3508 5598 3689 5650 verbis
3715 5596 3816 5649 Du-

2230 5668 2448 5723 minieis
2482 5667 2812 5728 Methodius,
2843 5667 3047 5736 quibus
3076 5682 3341 5734 proiicere
3368 5676 3557 5719 saneta
3586 5669 3817 5721 eanilms

2231 5739 2612 5861 proltilieinur,
2652 5746 2741 5791 aut
2788 5748 2837 5791 ut
2879 5739 3200 5806 mergatis.»
3240 5746 3362 5790 ante
3398 5753 3592 5806 parcus
3632 5739 3818 5791 istiua-

2231 5826 2370 5861 nms.
2432 5826 2486 5861 ο.

2229 5826 2370 5863 ιιιιιδ.
2409 5826 2486 5864 ιο.
