4140 6416
304 355 376 412 95

1391 349 1772 406 CONVIVIUM
1814 348 2041 403 DE'EM
2098 346 2454 403 VIRGINUM.

3482 347 3551 403 9ι

305 476 588 547 ἀλλοτρίας
615 477 798 548 ᾄδουσι
830 475 1037 547 Κυρίου
1057 492 1071 505 ·
1099 474 1470 546 ταπεινότεροι
1499 475 1870 547 περιέλκων-τες

1980 473 2232 527 humilius
2256 473 2427 542 legem
2457 469 2827 526 distrahentes
2861 484 2924 523 ac
2958 474 3332 537 exponentes;
3379 477 3554 521 terre—

306 569 399 621 καὶ
465 566 818 640 ἐξηγούμενοι
884 569 975 621 τὸν
1031 568 1227 639 νόμον·
1292 567 1563 637 βασιλείαν
1609 567 1871 638 αἰσθητὴν

306 660 733 732 προσδοκῶντες,
767 661 860 714 καὶ
906 661 999 714 ἐπὶ
1033 660 1137 730 γῆς
1179 659 1379 730 ταύτης
1423 660 1523 730 τῆς
1567 658 1868 731 ἀλλοτρίας,

305 752 370 824 ἢν
417 752 846 825 παρελεύσεσθαι
892 754 1085 822 λόγος,
1138 751 1409 825 τιθέμενοι
1463 751 1561 816 τάς
1616 751 1865 815 ἐλπίδας

306 842 431 897 ἔνθα
458 845 508 897 οἱ
540 844 965 916 αίχμαλωτισταὶ
992 845 1330 911 δελεάζουσιν
1352 845 1586 917 ἡδοναῖς,
1610 844 1872 916 λοχῶντες

314 934 445 1006 πρὸς
466 935 700 1007 ἀπάτην.

1975 581 2105 621 num
2132 564 2342 619 scilicet
2376 577 2599 632 regnum
2621 568 3035 630 exspectantes,
3070 570 3305 628 spesque
3333 570 3463 611 suas
3494 557 3543 610 ir

1976 658 2151 711 aliena
2180 656 2282 709 hac
2327 663 2494 717 terra,
2526 668 2687 723 quam
2720 658 3076 707 trausituram
3128 649 3292 703 habet
3334 647 3552 704 divinus

1977 764 2156 805 sermo
2192 749 2260 813 ει,
2318 748 2671 811 collocantes,
2722 744 2814 799 ubi
2864 752 2920 798 et
2968 741 3062 816 qui
3108 741 3452 810 diripuerunt
3487 752 3549 793 ac

1976 841 2221 911 captivos
2251 839 2617 902 abduxerunt,
2676 834 3050 907 voluptatibus
3102 832 3365 895 illectant,
3416 828 3545 885 insl~

1979 936 2192 990 diantes
2219 943 2276 987 ut
2296 950 2392 989 eos
2414 933 2705 1004 decipiant.

915 1053 1044 1112 Car.
1073 1054 1138 1110 ν.
1179 1055 1451 1128 Virginum
1471 1054 1638 1124 dotes,
1660 1055 1850 1127 quibus
1878 1062 2082 1107 ornata:
2108 1053 2200 1106 uni
2225 1053 2336 1107 uiro
2359 1051 2672 1106 exhibentur
2700 1048 2937 1105 Christo.

389 1178 623 1231 Ἐοίκασι
675 1178 732 1232 δὲ
784 1179 877 1232 καὶ
923 1182 972 1233 οἱ
1014 1156 1382 1252 ’προσᾲδοντες
1439 1180 1498 1233 τὸ
1546 1176 1876 1247 Εὑαγγὲλιον
1944 1183 1953 1186 ’

240 1306 244 1311 ρ
308 1269 556 1341 ἄφροσιν,
589 1271 682 1324 ἐπὶ
708 1271 811 1342 γῆς
848 1271 1129 1345 ἀλλοτρίας
1164 1272 1418 1344 μελῳδεῖν
1449 1272 1547 1341 τὴν
1578 1270 1717 1342 ᾠδὴν
1741 1266 1878 1323 ’Κυ-

308 1362 451 1434 ρίου,
489 1360 557 1437 ἧς
585 1365 656 1436 μή
703 1366 848 1419 ἐστιν
896 1367 925 1417 ὁ
969 1365 1206 1437 Χριστὸς
1237 1364 1509 1436 γεωργός’
1550 1362 1664 1416 ἀλλ’
1716 1363 1772 1415 αἱ
1817 1362 1880 1415 τὸ

308 1454 694 1527 καθαρώτατον
739 1457 831 1510 καί
875 1456 1094 1528 φαιδρὸν
1139 1457 1234 1511 καὶ
1273 1457 1468 1530 ἀμιγὲς
1509 1457 1601 1511 καὶ
1653 1456 1879 1519 εὐλαϐὲς

311 1547 408 1600 καὶ
446 1546 716 1618 εὐπρεπὲς
744 1548 843 1619 τῆς
874 1547 1171 1620 παρθενίας
1211 1547 1473 1602 ὑποδῦσαι
1511 1549 1611 1603 καὶ
1637 1547 1878 1617 ἀναλάμ-

308 1637 482 1708 ψασαι
514 1638 725 1703 κάλλος,
758 1641 852 1694 καὶ
886 1644 1091 1712 στεῖραι
1133 1642 1228 1695 καὶ
1267 1641 1450 1709 ἄγονοι
1487 1639 1598 1696 τῶν
1637 1639 1874 1710 ρευστῶν

310 1733 407 1788 καὶ
432 1732 693 1802 ἀλγεινῶν
721 1734 1024 1806 εὑρεθεῖσαι
1068 1734 1275 1802 παθῶν,
1322 1735 1414 1788 ἐπὶ
1445 1735 1548 1804 γῆς
1589 1733 1875 1806 ἀλλοτρίας

309 1827 372 1879 οὐ
409 1823 700 1895 μελῳδοῦσι
728 1825 826 1898 τὴν
854 1826 1025 1898 ᾠδήν·
1054 1827 1135 1880 ὅτι
1164 1827 1241 1898 μὴ
1261 1826 1512 1899 φέρονται
1536 1824 1634 1888 τὰς
1659 1825 1877 1888 ἐλπίδας

310 1918 459 1988 τῇδε,
497 1918 629 1990 μηδὲ
670 1919 1069 1989 προστετήκασι
1096 1916 1305 1988 θνητῶν
1328 1918 1593 1987 σωμάτων
1626 1918 1878 1987 τρυφαῖς,

314 2008 448 2080 μηδὲ
465 2009 732 2071 ταπεινῶς
755 2008 1218 2063 κατασκὲτιτονται
1238 2008 1328 2061 τὸν
1352 2008 1473 2061 νοῦν
1492 2007 1600 2059 τῶν
1621 2007 1846 2061 ἐντολῶν
1862 2025 1874 2035 ·

311 2100 427 2154 ἀλλ’
453 2096 511 2155 εὖ
559 2101 653 2154 καὶ
678 2101 940 2171 γενναίως
972 2100 1107 2171 μετά
1153 2101 1495 2171 φρονήματος
1533 2098 1734 2169 ὑψηλοῦ
1783 2099 1881 2162 τάς

313 2192 644 2261 ἐπαγγελίας
676 2193 787 2248 ἄνω
815 2191 1165 2265 περιαθροῦσι
1185 2234 1200 2256 ,
1241 2192 1331 2244 τὸν
1369 2191 1617 2262 οὐράνιον
1648 2190 1880 2260 διψῶσαι

312 2283 408 2337 καὶ
443 2283 717 2354 σύμφυτον
747 2283 927 2337 τόπον.
963 2283 1123 2336 Ὅθεν
1156 2282 1430 2354 ἀγάμενος
1470 2280 1651 2335 αὐτῶν
1674 2284 1703 2335 ὁ
1747 2282 1880 2345 Θεὸς

308 2375 383 2430 τὰ
429 2376 784 2446 φρονήματα,
822 2374 941 2445 μεθ’
986 2375 1329 2446 ὁρκωμοσίας
1373 2373 1679 2446 ἐξαιρέτους
1712 2375 1881 2442 ἐπαγ-

308 2463 555 2532 γέλλεται
601 2462 803 2516 διδόναι
840 2462 1045 2532 τιμὰς,
1092 2463 1149 2515 ὲν
1206 2463 1347 2533 ἀρχῇ
1392 2461 1491 2531 τῆς
1541 2458 1878 2530 εὐφροσύνης

310 2552 737 2625 πῳανατάσσων
763 2552 859 2607 καὶ
886 2550 1206 2623 καθιδρύων.
1244 2552 1407 2620 Λέγει
1436 2551 1546 2622 γὰρ
1568 2543 1668 2603 ὧδε
1688 2567 1702 2581 ο
1744 2550 1879 2603 Ἐὰν

298 2643 677 2714 ἐπιλάθωμαι
727 2660 843 2697 σου
869 2683 884 2708 ,
942 2642 1340 2712 Ἰερουσαλὴμ
1361 2681 1376 2705 ,
1428 2643 1781 2711 ἐπιλησθειη
1836 2644 1874 2711 ὴ

307 2734 478 2802 δεξιά
495 2736 990 2806 μσυ.Κολληθείη
1017 2737 1055 2803 ἠ
1086 2733 1339 2804 γλῶσσά
1363 2752 1483 2804 μου
1510 2734 1591 2800 τῷ
1622 2733 1877 2804 λάρυγγ’(

305 2845 443 2899 μου,
474 2828 582 2882 ἐὰν
603 2826 688 2898 μή
722 2842 838 2882 σου
875 2826 1152 2897 μνησθῶ
1185 2827 1294 2881 ἐὰν
1325 2826 1411 2897 μὴ
1460 2825 1875 2894 προανατάξω-

306 2939 411 2992 μαι
431 2921 547 2989 τὴν
576 2919 960 2990 Ἰερουσαλὴμ
979 2921 1060 2987 ὡς
1082 2920 1153 2973 ἐν
1175 2919 1333 2989 ἀρχῇ
1354 2918 1463 2988 τῆς
1491 2919 1875 2989 εὐφροσύνης

304 3032 444 3084 μου.
489 3012 867 3086 Ἰερουσαλὴμ,
895 3013 995 3078 τὰς
1026 3013 1319 3085 ἀμιάντους
1347 3013 1519 3077 αὒτάς
1547 3013 1611 3085 δὴ
1651 3014 1872 3078 ταύτας,

1914 1754 1951 1808 Β

2047 1172 2312 1229 Videntur
2338 1181 2519 1227 autem
2548 1171 2710 1226 etiam
2734 1170 2825 1240 qui
2856 1168 3065 1223 insanis
3093 1163 3440 1234 Evangelium
3465 1176 3558 1216 ac-

1979 1266 2190 1325 cimmt,
2225 1265 2492 1320 modulari
2520 1263 2793 1318 canticum
2820 1260 3032 1317 Domini
3068 1259 3125 1313 in
3172 1266 3319 1312 terra
3355 1254 3553 1318 aliena,

1980 1359 2138 1428 cujus
2169 1358 2420 1413 Christus
2446 1373 2552 1411 non
2577 1365 2662 1411 est
2685 1355 2879 1409 cultor.
2908 1353 3039 1420 Quae
3059 1366 3189 1407 vero
3212 1353 3424 1412 animae,
3456 1362 3558 1418 pu-

1981 1451 2280 1514 rissimum,
2317 1451 2518 1512 laetum,
2571 1447 2993 1518 impermistum,
3040 1445 3211 1515 pium,
3248 1442 3555 1513 speciosum

1980 1543 2315 1613 virginitatis
2344 1542 2513 1597 decus
2574 1542 2870 1596 induerunt
2919 1538 3150 1607 ejusque
3198 1536 3319 1591 luce
3369 1534 3556 1605 splen-

1980 1635 2230 1701 descunl,
2261 1635 2582 1705 sterilesque
2615 1642 2670 1689 et
2702 1629 3010 1687 infecundae
3054 1627 3321 1681 ﬂuxarum
3353 1640 3415 1679 ac
3441 1639 3560 1680 mo—

1981 1728 2238 1782 lestarum
2296 1726 2582 1781 libidinum
2639 1716 3069 1795 passionumque
3119 1720 3350 1774 inventa:
3406 1725 3556 1779 sunt,

1982 1821 2254 1875 canticum
2284 1820 2427 1875 haud
2461 1820 2811 1874 modulantur
2852 1815 2908 1870 in
2964 1823 3112 1869 terra
3170 1813 3368 1876 aliena,
3413 1813 3557 1881 quod

1978 1912 2234 1968 nimirum
2267 1894 2375 1968 non
2407 1928 2472 1967 eo
2493 1926 2618 1981 spes
2643 1911 2843 1973 lerunt,
2893 1921 2995 1962 nec
3023 1904 3332 1959 mortalium
3362 1918 3561 1973 corpo-

1980 2023 2100 2063 rum
2133 2005 2450 2061 libidinibus
2482 2003 2850 2062 intabescunt,
2887 2014 2990 2053 nec
3041 1998 3303 2052 humilius
3336 1997 3561 2051 manda-

1980 2112 2157 2158 torum
2191 2113 2413 2155 sensum
2438 2096 2711 2150 aestimant
2744 2113 2757 2148 :
2787 2092 2882 2148 sed
2926 2091 3065 2146 bene
3111 2105 3174 2165 ac
3205 2088 3436 2152 fortiter,
3468 2105 3563 2158 ge-

1979 2208 2179 2249 neroso
2201 2190 2532 2259 sublimique
2561 2185 2864 2257 proposito,
2901 2198 3119 2239 sursum
3173 2179 3563 2252 promissiones

1978 2290 2330 2344 contuentur,
2353 2282 2551 2334 caelum
2572 2278 2871 2339 intuentes,
2902 2283 2962 2329 ut
2993 2274 3096 2328 sibi
3124 2281 3308 2344 aptum
3338 2288 3401 2326 ac
3424 2286 3558 2327 con-

1979 2376 2280 2431 naturalem
2327 2373 2528 2427 locum.
2562 2366 2718 2423 Unde
2747 2368 2919 2441 pluris
2946 2365 3089 2430 Deus
3115 2379 3304 2420 carum
3351 2362 3563 2419 nobiles

1977 2482 2173 2523 sensus
2214 2481 2278 2519 ac
2307 2459 2806 2534 cogitata'l‘aciens,
2853 2450 3215 2529 jurejurando
3250 2455 3560 2528 pollicetur,

1977 2560 2214 2617 eximios
2237 2572 2296 2612 se
2343 2555 2453 2610 illis
2499 2553 2736 2608 honores
2795 2566 3214 2615 concessurum,
3260 2549 3314 2603 in
3365 2548 3566 2604 laetitia:

1975 2653 2153 2723 capite
2184 2652 2367 2722 priore
2395 2648 2510 2702 illis
2534 2646 2835 2702 constituta
2872 2644 3001 2699 sede
3029 2646 3278 2715 locoque.
3311 2641 3402 2696 Sic
3416 2641 3562 2696 enim

1977 2746 2052 2798 ait
2082 2742 2128 2774 ⁸³
2160 2762 2171 2796 :
2203 2740 2264 2796 Si
2298 2739 2492 2795 oblitus
2522 2736 2670 2807 fuero
2704 2736 2799 2801 tui,
2836 2732 3159 2797 Jerusalem,
3192 2731 3441 2786 oblivioni
3469 2730 3562 2784 de—

1977 2844 2063 2890 tur
2107 2834 2325 2889 dextera
2375 2846 2511 2884 mea.
2568 2828 2855 2882 Adluereat
2914 2825 3098 2895 lingua
3155 2839 3271 2877 mea
3317 2820 3561 2892 faucibus

1976 2926 2124 2991 meis,
2156 2925 2328 2977 sinon
2366 2920 2649 2975 meminero
2674 2918 2751 2971 tui
2779 2931 2798 2968 :
2838 2916 2885 2970 si
2915 2932 3018 2969 non
3054 2929 3373 2985 proposuero
3405 2909 3565 2965 Jeru-

1976 3018 2142 3073 salem
2188 3017 2244 3069 in
2289 3012 2550 3084 principio
2573 3008 2773 3065 latitia:
2798 3024 2948 3062 meae.
2973 3005 3202 3061 Nomine
3229 3001 3558 3062 Jerusalem.

306 3104 385 3169 ὡς
412 3104 568 3176 ἔφην,
598 3106 690 3158 καὶ
722 3106 1010 3176 ἀπήμονας
1035 3104 1212 3176 ψυχὰς
1237 3101 1376 3159 εἷναι
1410 3104 1608 3173 λέγων,
1651 3107 1874 3171 αἵτινες,

1981 3107 2442 3163 incontaminatas
2496 3105 2631 3161 istas
2670 3119 2809 3173 quas
2840 3100 2952 3156 dixi
3007 3107 3061 3155 et
3112 3113 3271 3155 noxae
3309 3104 3565 3173 expertes

308 3197 544 3268 ἄτρυγον
587 3197 651 3251 τὸ
695 3197 796 3268 τῆς
860 3197 1156 3271 παρθενίας
1221 3198 1509 3270 αὐστηρῶς
1555 3200 1877 3270 ἀμολύντοις

304 3287 513 3360 ,χείλεσι
564 3289 908 3360 σπασάμεναι
965 3290 1149 3362 πόμα,
1194 3291 1311 3345 Ἑνὶ
1360 3291 1533 3360 ἀνδρὶ
1582 3291 1879 3360 παρθένον

308 3379 515 3451 ἁγνὴν
544 3380 1002 3452 καθαρμόζονται
1050 3383 1435 3453 παραστῆσαι
1476 3385 1606 3456 (65)
1647 3385 1880 3454 Χριστῷ

310 3473 433 3526 κατ’
476 3473 700 3544 οὒρανδν
719 3514 733 3537 ,
786 3474 893 3527 τὸν
936 3473 1056 3527 τῶν
1107 3474 1406 3544 ἀμιάντων
1438 3475 1641 3531 ἄθλων
1678 3477 1881 3547 ἀγῶνα

310 3564 619 3635 νικήσασαι.
647 3564 832 3637 Ταύτῃ
865 3566 974 3636 γὰρ
999 3567 1091 3620 καὶ
1122 3567 1350 3631 Ἡσαΐας
1380 3571 1409 3622 ὁ
1438 3571 1719 3641 προφήτης
1742 3587 1883 3641 παρ-

314 3658 487 3728 εγγυᾷ
504 3673 521 3686 ο
560 3655 832 3722 Φωτίζου,
876 3657 1146 3727 φωτίζου,
1210 3657 1403 3728 λέγων,
1451 3661 1843 3732 Ἰερουσαλήμ
1861 3679 1873 3691 ο

310 3746 445 3813 ἥκει
471 3747 582 3818 γάρ
612 3763 730 3803 σου
762 3749 827 3802 τὸ
861 3748 1009 3818 φῶς,
1034 3750 1131 3804 καὶ
1157 3752 1203 3819 ἦ
1235 3750 1385 3816 δόξα
1412 3753 1631 3822 Κυρίου
1666 3752 1765 3806 ἐπὶ
1804 3752 1880 3807 σὲ

306 3839 693 3896 ἁηεέταλκε,
765 3838 948 3897 Ταῦτα
1003 3843 1061 3897 δὲ
1088 3843 1157 3898 τὰ
1198 3845 1588 3918 ἐπαγγέλματα
1610 3847 1760 3919 ’μετά
1783 3848 1880 3920 τὴν

305 3931 663 4000 ἐξανάστασιν
732 3931 842 4005 (66)
902 3934 1477 4010 τελεσιουργηθήσεται
1502 3978 1517 4005 ,
1576 3940 1732 4011 δῆλον
1790 3944 1884 3994 καὶ⁸

1984 3201 2280 3273 designans
2319 3200 2552 3261 animas,
2600 3210 2721 3266 quae
2761 3201 2982 3248 austero
3026 3190 3356 3260 virginitatis
3410 3202 3561 3240 mem

1985 3292 2283 3364 'rmpollutis
2311 3293 2506 3347 hausto
2541 3289 2700 3343 labiis
2723 3327 2737 3350 ,
2763 3287 2860 3340 uni
2884 3286 2995 3339 viro
3026 3290 3280 3354 aptantur
3310 3281 3563 3351 rirginem

1984 3394 2188 3440 castam
2219 3385 2271 3439 in
2294 3383 2432 3440 cmlo
2453 3381 2693 3436 exhibere
2714 3379 2924 3434 Christo
2951 3377 3019 3442 ⁸⁸,
3047 3374 3563 3444 incoinquinatorum

1986 3476 2333 3531 certaminum
2353 3474 2571 3542 praemio
2628 3478 2904 3526 coronatis
2935 3468 2999 3523 ⁸⁵.
3038 3466 3176 3520 llinc
3221 3465 3364 3519 enim
3392 3463 3563 3519 Isaias

1984 3568 2249 3641 propheta
2293 3565 2579 3621 denuntiat
2613 3583 2625 3618 :
2663 3542 2999 3623 Ill‘uminare,
3032 3559 3360 3620 illuminare,
3397 3554 3558 3610 Jeru-

1986 3660 2172 3722 salem,
2195 3658 2319 3728 quia
2342 3659 2479 3711 venit
2505 3657 2678 3709 lumen
2709 3665 2877 3719 tuum,
2903 3661 2951 3706 et
2980 3652 3152 3723 gloria
3171 3650 3382 3704 Domini
3408 3664 3563 3719 super

1987 3761 2034 3807 te
2066 3761 2183 3806 orta
2214 3760 2291 3805 est
2314 3750 2380 3802 ⁸⁸.
2411 3748 2536 3803 Ητεο
2559 3762 2724 3819 porro
2754 3745 3024 3816 promissa
3053 3752 3176 3816 post
3204 3745 3563 3798 resurrectio-

1986 3860 2111 3900 nem
2136 3844 2408 3914 implenda
2438 3844 2505 3906 ⁸⁸,
2528 3841 2705 3899 cuivis
2730 3849 2895 3912 patet.
2924 3839 3111 3910 Neque
3125 3839 3268 3894 enim
3287 3836 3561 3892 deludime

1992 3940 2085 3995 illo
2122 3937 2402 4011 oppidulo,
2436 3937 2597 3992 toties
2623 3934 2927 4000 nominato,
2957 3932 3193 4004 Spiritus
3230 3940 3454 3987 sanctus
3482 3931 3561 3984 lo-

368 4086 414 4124 ⁸⁸
444 4091 490 4165 -ΙΛ
520 4092 667 4147 I’etr.
705 4108 766 4159 ιι,
808 4093 896 4149 10.
974 4096 1020 4127 ’³
1059 4091 1211 4149 Psal.
1253 4108 1475 4164 cxxxvr,
1512 4096 1565 4162 5,
1607 4096 1661 4152 6.
1737 4097 1784 4130 ⁸³
1821 4095 1878 4151 Η

1980 4115 2042 4151 η’.
2084 4112 2144 4165 ιι,
2182 4096 2235 4150 2.
2312 4097 2357 4131 ⁸⁸
2380 4093 2504 4163 Sap.
2538 4108 2612 4159 Iv,
2641 4092 2700 4150 2.
2771 4090 2818 4123 ⁸⁸
2853 4086 2970 4145 Ira.
3010 4103 3099 4153 ιι,
3271 4086 3315 4117 ⁸⁸
3358 4085 3554 4156 Philip.

308 4177 394 4226 ιιι,
437 4162 521 4218 ιι.

379 4279 505 4351 (65)
519 4280 819 4353 Παρθένον
844 4281 1039 4352 ἁγνὴν
1070 4281 1493 4352 παραστῆσαι..
1513 4279 1579 4336 Ul
1612 4281 1872 4353 virginem

308 4360 514 4424 castam
541 4352 862 4424 exhibeatis,
898 4370 992 4408 seu
1023 4355 1382 4424 prasentetis,
1422 4353 1514 4408 uni
1545 4355 1682 4416 viro,
1702 4352 1873 4408 Chri-

308 4429 418 4476 sto.
460 4419 586 4494 Haec
618 4423 761 4477 enim
813 4430 998 4494 nostra
1024 4419 1306 4494 virginum
1348 4426 1701 4493 desponsatio
1733 4441 1746 4475 :
1786 4425 1874 4478 hic

307 4497 500 4570 noster
528 4489 963 4570 Sp_on_su_s.AMale
1010 4489 1263 4570 Albitius,
1289 4496 1371 4548 ὲνὶ
1414 4489 1576 4570 ἀνδρὶ⁵
1600 4494 1873 4565 παρθένῳ,

309 4561 404 4641 uiri
434 4561 541 4613 viro
562 4563 767 4641 virgini.
799 4563 963 4641 Quasi
994 4565 1146 4635 virgo
1174 4566 1267 4620 illa
1291 4581 1456 4641 quam
1492 4561 1754 4641 debemus
1783 4561 1878 4618 ex—

309 4630 523 4705 bibere,
557 4632 628 4685 sit
663 4634 776 4701 ipse
805 4630 1105 4701 Christusf
1131 4651 1240 4690 non
1284 4630 1523 4705 virgines
1566 4636 1647 4689 sic
1680 4635 1756 4689 illi
1790 4652 1880 4689 ex-

310 4700 597 4776 hibendae,
637 4709 709 4776 ut_
736 4718 844 4776 una
893 4700 1094 4774 sponsa
1134 4708 1227 4760 uni
1269 4700 1404 4760 viro.
1439 4707 1512 4759 Τὸ
1539 4705 1878 4776 παραστῆναι

310 4722 597 4764 mnenuas,
637 4722 696 4754 ιιι
740 4722 844 4755 una
893 4722 1094 4774 sponsa
1134 4722 1227 4760 um
1269 4722 1404 4760 Vll‘O.
1439 4722 1512 4759 10
1539 4722 1752 4776 παραστ
1791 4723 1876 4757 ναι

308 4770 653 4845 quodhahet
688 4772 938 4845 Allatius,
970 4776 1189 4845 retineri
1222 4777 1384 4830 etiam
1417 4785 1625 4845 posset,
1653 4785 1710 4829 ut
1735 4722 1876 4830 iRem

308 4841 652 4918 Significetur
683 4842 852 4918 quasi.
870 4846 1104 4918 passive.
1139 4844 1311 4918 Paulo
1341 4841 1466 4918 ante
1514 4863 1611 4918 pro
1641 4845 1758 4915 μεθ’
1782 4848 1878 4918 ὁρ-

307 4912 610 4995 ξιώμοσίας,
638 4924 755 4995 erat
786 4912 841 4965 in
871 4912 951 4995 eo
983 4914 1098 4984 μεθ’
1139 4917 1301 4995 ὅρκου
1338 4912 1531 4987 μόναςῖ
1574 4912 1665 4970 Sic
1687 4912 1881 4995 ludunt

307 4984 547 5052 imperiti
587 4984 839 5056 scrilne:
882 4984 1466 5055 miserque'interpres
1502 4995 1609 5051 est,
1636 4988 1731 5056 qui
1773 4988 1878 5042 sibi

310 5062 421 5123 tam
451 5054 655 5121 putidis
686 5064 740 5108 et
798 5061 984 5123 aperte
1018 5057 1293 5111 mendosis
1341 5054 1521 5112 lucum
1558 5054 1673 5112 lieri
1710 5058 1875 5114 sinat.

310 5121 431 5197 Ipsa
467 5124 581 5197 haec
608 5121 866 5197 Methodii
907 5126 1141 5180 violenta
1176 5128 1462 5196 expositio,
1495 5143 1596 5183 nec
1626 5129 1747 5197 ejus
1785 5145 1879 5184 su-

310 5193 619 5263 perioribus
642 5195 951 5259 cubat-ens;
976 5212 1101 5250 cum
1132 5193 1377 5266 spectent
1406 5200 1520 5254 haec
1553 5197 1619 5251 ad
1642 5193 1878 5263 animas,

309 5266 400 5338 sic
442 5266 599 5338 quasi
628 5266 994 5338 captivitatem
1031 5266 1300 5335 lugentes,
1327 5285 1435 5324 non
1465 5270 1534 5323 ad
1584 5268 1879 5338 Sponsum,

307 5335 410 5415 qui.
433 5335 674 5415 virgines
697 5336 922 5415 reliquis
952 5337 1006 5391 in
1037 5335 1879 5415 cmlestiaulaprzelaturussit,

310 5417 367 5458 et
396 5406 451 5458 in
502 5408 678 5477 capite
706 5406 890 5478 gaudii
932 5415 989 5463 et
1029 5407 1268 5463 convivii
1317 5406 1706 5466 collocaturus.
1734 5410 1882 5464 Con-

308 5489 480 5533 “Fls.

381 5545 498 5626 (liti)
542 5547 705 5626 Mem
719 5546 855 5626 ’τῂν
884 5546 1513 5626 ἐξανάστασινηίιιξια
1545 5548 1676 5626 illud
1724 5548 1880 5626 Pauli

310 5614 558 5691 Phil._in,
580 5617 638 5691 il
670 5634 685 5672 :
718 5618 786 5670 Ei'
808 5635 926 5684 πως
943 5621 1268 5691 καταντήσω
1295 5622 1376 5684 εἰς
1402 5620 1754 5687 ἐξανάστασιν
1774 5620 1881 5673 τῶν

312 5687 548 5768 νεκρῶν.
580 5684 712 5768 Quae
739 5703 847 5743 non
877 5699 963 5746 est
1009 5684 1240 5768 simplex
1275 5684 1607 5768 resurrectio
1642 5707 1704 5744 ac
1733 5707 1882 5768 mor-

311 5764 424 5811 tuis
467 5760 721 5838 omnibus
769 5761 1102 5827 communis,
1143 5762 1239 5818 sed
1295 5761 1570 5838 virginum
1632 5762 1875 5832 propria.

310 5841 405 5883 seu
442 5833 842 5900 prmcipuorum
889 5841 1227 5901 sanctorum,
1258 5833 1351 5904 qui
1388 5833 1465 5887 sic
1505 5842 1794 5904 cxsurgcnt
1822 5844 1880 5885 ut

1912 4539 1951 4592 D

1978 4281 2197 4337 Christo
2226 4279 2445 4349 obviam
2458 4287 2585 4333 eant
2616 4277 2670 4333 in
2695 4293 2840 4342 aera,
2864 4277 3032 4349 eique
3062 4283 3372 4349 assurgunt,
3398 4275 3555 4344 juxta

1980 4354 2144 4407 verba
2176 4349 2329 4405 Pauli
2359 4349 2376 4402 l
2403 4348 2598 4405 Thess.
2628 4365 2701 4412 tv,
2735 4351 2833 4404 ιιι,
2855 4347 3040 4418 Longa
3073 4350 3159 4403 hic
3190 4347 3556 4417 disputatione

1981 4422 2091 4477 Leo
2112 4421 2348 4476 Allatius
2378 4420 2635 4476 Methodii
2661 4428 2894 4475 mentem
2928 4420 3173 4474 discutit.
3200 4420 3283 4473 Au
3318 4420 3556 4473 senserit

1980 4508 2088 4548 non
2120 4492 2388 4563 petituras
2408 4492 2619 4545 animas
2644 4491 2802 4563 beata
2832 4490 3020 4563 requie
3051 4498 3178 4563 ante
3209 4505 3551 4544 communem

1980 4560 2460 4625 resurrectionem,
2495 4576 2559 4616 ac
2581 4577 2705 4615 cum
2737 4562 2812 4615 ita
2842 4560 2923 4615 ad
2943 4560 3224 4615 Christum
3269 4575 3555 4615 assumen-

1982 4643 2072 4687 tur
2119 4634 2340 4703 praemia
2388 4632 2726 4687 redditurum
2763 4650 2774 4682 :
2813 4633 3144 4702 exponitque
3205 4632 3445 4685 locutum
3485 4631 3554 4685 de

1982 4705 2100 4772 ipso
2129 4704 2375 4767 homine,
2404 4718 2513 4756 non
2563 4703 2631 4757 de
2660 4703 2969 4765 animabus,
3015 4717 3149 4756 cum
3180 4717 3274 4755 cas
3311 4705 3423 4769 jam
3456 4717 3546 4755 su-

1980 4771 2166 4845 perius
2202 4775 2257 4827 in
2288 4773 2444 4828 cmlis
2474 4788 2597 4845 cum
2630 4771 2852 4827 Christo
2882 4772 3404 4845 versariqdocuerit.
3444 4772 3549 4826 bed

1980 4843 2109 4899 itum
2132 4846 2335 4899 versari
2363 4859 2489 4897 cum
2510 4843 2761 4906 Christo,
2783 4846 2899 4912 ipsa
2944 4843 3083 4898 visio
3109 4844 3265 4898 beata
3296 4844 3549 4910 antiquo-

1979 4932 2099 4969 rtun
2130 4916 2313 4984 phrasi
2362 4914 2545 4976 fuerit,
2583 4916 2848 4984 plenaque
2890 4929 2956 4968 ac
3000 4915 3192 4967 ultima
3232 4921 3548 4982 exspectata

1981 4986 2236 5048 felicitas,
2279 4984 2367 5039 cui
2399 4999 2564 5038 unum
2597 4985 2740 5054 desit
2785 4984 3240 5054 complementum
3267 4984 3546 5054 _corporis.

1983 5065 2042 5111 ut
2078 5065 2226 5111 totus
2254 5055 2371 5125 ipse
2419 5055 2582 5109 homo
2635 5053 2828 5109 beatus
2862 5052 3098 5118 dicatur,
3146 5070 3210 5108 ac
3262 5052 3372 5108 Deo
3408 5054 3571 5116 frui,

1981 5143 2089 5181 non
2119 5127 2344 5196 perinde
2372 5133 2616 5193 apertum
2634 5133 2719 5179 est
2751 5145 2764 5179 :
2799 5126 3033 5195 primum
3056 5126 3200 5181 enim
3232 5126 3320 5177 vix
3345 5130 3429 5178 est
3455 5127 3546 5196 qui

1982 5195 2170 5267 neget;
2198 5212 2320 5251 cum
2350 5197 2581 5267 alterum
2616 5211 2722 5249 non
2772 5197 2929 5265 pauci
2965 5196 3425 5267 inlicientur,nec
3453 5195 3550 5248 de-

1982 5264 2091 5324 sin't
2136 5269 2252 5322 loca
2280 5282 2401 5335 qua:
2431 5266 2613 5319 l‘avcrc
2657 5264 2960 5332 videantur,
2991 5282 3058 5320 ex
3087 5266 3285 5335 quibus
3308 5264 3399 5317 illa
3431 5267 3550 5334 opi-

1980 5340 2205 5392 nionum
2243 5349 2369 5390 nata
2402 5338 2752 5406 perplexitas,
2787 5336 2962 5391 donec
2990 5351 3084 5404 per
3116 5336 3298 5390 sedem
3327 5349 3549 5403 aposm-

1982 5410 2141 5463 licam
2169 5408 2351 5461 decisa
2398 5405 2627 5476 quaistio
2655 5417 2758 5469 est,
2805 5416 3028 5476 rataqne
3058 5407 3236 5460 habita
3251 5405 3471 5476 _decisio
3496 5408 3549 5461 in

1982 5480 2217 5534 concilio
2236 5474 2566 5538 Florentino,
2581 5478 2683 5531 etsi
2716 5493 2816 5531 nec
2838 5474 2997 5532 modo
3031 5478 3212 5547 plures
3236 5474 3549 5531 Graecorum

1982 5550 2050 5605 de
2069 5549 2370 5603 animorum
2390 5556 2535 5602 statu
2560 5554 2684 5601 ante
2707 5547 2973 5615 judicium
2997 5555 3145 5601 recte
3173 5548 3428 5602 sentiant.
3452 5548 3547 5611 To,-

1983 5623 2048 5674 ἐκ
2078 5619 2296 5691 μέρους,
2328 5633 2395 5691 ea:
2436 5626 2606 5685 parte,
2663 5617 3079 5691 qumd__exponit
3123 5617 3436 5691 LeoAAllat.
3476 5618 3549 5691 Aab

1984 5687 2189 5744 hancine
2220 5705 2324 5743 non
2364 5690 2586 5757 integro,
2623 5703 2741 5739 cum
2786 5687 2883 5741 illa
2928 5688 3140 5750 fruatur
3170 5689 3378 5742 animus
3404 5689 3556 5744 solus

1983 5779 2018 5813 α
2060 5776 2273 5827 corpore
2313 5759 2609 5827 sejunctas.
2652 5758 2842 5811 nullus.
2877 5758 3073 5812 adduci
3116 5775 3337 5829 possunt
3382 5773 3437 5813 ut
3485 5777 3557 5813 ex.

1985 5843 2163 5887 lﬂt‘llle
2198 5830 2450 5887 Methodii
2478 5829 2806 5896 existimem,
2831 5844 2953 5883 cum
2977 5829 3042 5882 δι’
3065 5832 3396 5900 αἰνικςςιάξωπ)
3428 5831 3558 5883 iun-
