4140 6446
591 377 659 433 95
1525 374 1584 428 S.
1629 373 1956 431 METUODH
1996 374 2303 431 EPLSCOPI
2340 373 2427 428 ET
2468 374 2828 432 MARTYRIS
3769 379 3839 432 Μ

590 499 800 568 quitur,
838 501 931 556 sed
963 498 1031 557 de
1070 502 1282 558 cmlesti
1325 500 1514 572 utique
1543 501 1634 557 illa
1662 510 1715 557 et
1744 502 1901 558 beata
1941 501 2148 558 Jerusa-

2265 503 2532 556 παντί.οῠ
2557 503 2664 575 γὰρ
2694 501 2940 575 περὶτῆς
2959 501 3393 575 πολυθρυλλήτον
3414 504 3554 556 κατά
3582 501 3837 555 Ἰουδαίαν

591 592 728 655 lem,
758 605 919 663 quam
966 593 1082 647 vult
1128 593 1357 664 intelligi
1403 608 1525 650 esse
1576 594 1882 649 animarum
1936 602 2155 661 emtum,

590 700 752 754 quem
782 683 881 741 abs
912 701 974 743 se
1007 686 1183 757 primo
1205 687 1396 742 ordine
1422 686 1780 741 constitutum
1823 686 1889 741 iri
1926 685 1980 741 in
2010 672 2160 756 prin-

541 781 549 795 λ
588 777 731 846 cipio
763 776 963 834 laztitiaa
988 794 1252 835 novorum
1305 779 1651 841 saeculorum,
1686 778 1970 835 manifeste
2017 778 2160 836 Deus

588 869 880 938 pollicetur
911 889 926 925 :
961 871 1054 941 qui
1079 886 1272 941 nempe
1301 870 1691 926 candidissimo
1734 878 2025 927 exornatas
2048 872 2161 926 vir-

2266 593 2521 665 πολίχνης
2554 592 2664 664 (67)
2687 594 2748 647 τὸ
2802 592 3029 665 Πνεῦμα
3055 593 3117 648 τὸ
3146 595 3300 663 ἆγιον
3327 595 3659 667 χρησμῳδεῖ,
3688 593 3823 649 άλλιι

2265 687 2510 758 περὶτῆς
2527 688 2965 757 οὐρανουπὸλεως
2980 686 3194 759 άληθῶς
3215 687 3427 757 ἐκείνης
3451 687 3543 741 καὶ
3564 687 3821 759 μακαρίέι

2275 778 2661 850 Ἰερουσαλήμ·
2692 779 2758 850 ῆν
2794 778 2858 850 δή
2890 795 3055 850 φησιν
3094 779 3264 851 αὐτὴν
3305 773 3442 832 εἶναι
3467 777 3527 830 τὸ
3566 777 3828 849 ἄθροισμα

2262 869 2371 923 τῶν
2394 869 2601 941 ψυχῶν,
2637 869 2703 934 ἃς
2731 869 3207 942 προανατάξασθαι
3236 868 3455 941 πρώτας
3489 872 3546 923 ἐν
3570 870 3709 943 ἀρχῇ
3738 874 3836 939 τῆς

587 964 833 1033 ginitatis
887 965 1115 1031 mundo,
1160 965 1214 1021 in
1248 981 1380 1036 pura
1412 966 1668 1035 nulloque
1699 979 1934 1034 unquam
1963 980 2153 1021 occasu

2267 960 2602 1031 εὐφροσύνης
2644 961 2751 1015 τῶν
2793 962 2995 1017 καινῶν
3043 961 3252 1017 αἰώνων
3301 961 3591 1035 προςανῶς
3627 965 3656 1015 ὁ
3703 962 3836 1027 Θείας

586 1054 1051 1112 obdormientium
1084 1057 1349 1112 luminum
1373 1058 1537 1113 domo
1570 1057 1835 1122 collucet;
1879 1058 2024 1127 quod
2052 1057 2153 1112 uti-

2262 1054 2653 1121 ἐπαγγέλλεται
2674 1096 2691 1121 ,
2736 1057 2817 1119 είς
2866 1054 3110 1128 καθαρὰν
3153 1056 3366 1127 οἴκησιν
3407 1054 3612 1109 ἀδύτων
3642 1052 3833 1122 φώτων

589 1163 697 1217 que
726 1148 836 1204 illis
860 1149 914 1203 in
938 1156 1174 1204 mentem
1204 1166 1313 1206 non
1338 1151 1565 1213 venerit,
1601 1159 1659 1204 ut
1689 1149 1981 1218 nuptialem
2006 1162 2166 1201 mun—

589 1240 717 1294 dum
741 1248 1040 1311 exuerent;
1070 1250 1128 1296 ut
1162 1243 1360 1298 mentis
1383 1243 1591 1298 scilicet
1622 1251 1886 1307 tenorem,
1918 1240 2162 1311 turpium

588 1331 981 1401 cegitationum
1015 1333 1210 1402 illapsu
1234 1334 1497 1389 laxarent.

2261 1143 2343 1216 τῷ
2396 1146 2703 1218 λευκοτάτῳ
2741 1146 2838 1218 τῆς
2896 1147 3195 1219 παρθενίας
3223 1146 3601 1217 ἐστολισμένας
3643 1147 3832 1217 κόσμῳ

2266 1238 2623 1304 κατοικίζων·
2659 1240 2739 1292 ὅτι
2776 1239 2850 1311 μὴ
2884 1241 3294 1311 ἐμνημόνευσαν
3333 1240 3426 1293 τὸν
3458 1239 3659 1309 κόσμον
3698 1239 3832 1292 ἀπο-

2265 1330 2527 1385 δύσασθαι
2552 1330 2659 1401 (68)
2686 1331 2776 1384 τὸν
2818 1332 3105 1402 νυμφικὺν,
3151 1331 3397 1386 τουτέστι
3429 1329 3704 1402 χαννῶσαι
3742 1330 3831 1383 τὸν

2267 1420 2525 1493 λογισμὸν
2555 1422 2877 1491 φαντασίαις
2906 1423 3179 1486 ἐκτόποις.

1255 1560 1386 1617 Car.
1416 1560 1509 1617 Vl.
1552 1561 1846 1634 Virgmitas
1881 1562 2024 1617 omni
2056 1561 2169 1617 loco
2198 1577 2262 1617 ac
2293 1571 2521 1630 tempore
2550 1563 2771 1615 colenda
2794 1574 2845 1616 et
2878 1565 3172 1615 laudantia.

660 1690 941 1761 Denique:
977 1690 1101 1746 Non
1126 1693 1363 1749 oblivisci
1405 1711 1654 1764 sponsam
1705 1705 1925 1750 ornatus
1964 1696 2068 1760 sui,
2108 1703 2161 1750 et

2348 1697 2558 1768 Ἀμέλει
2594 1698 2685 1759 τὸ,
2733 1697 2820 1766 μὴ
2867 1697 3254 1752 ἐπιλαθέσθαι
3299 1698 3537 1767 νύμφην
3578 1695 3683 1751 τὸν
3735 1698 3832 1751 κό-

589 1785 835 1854 ιιὶνσῐιιειη
875 1784 1058 1853 fascia:
1101 1786 1386 1855 pectoralis
1421 1804 1534 1842 suae
1569 1788 1636 1850 ⁸⁷,
1662 1788 1808 1857 quod
1843 1787 1986 1857 apud
2007 1786 2153 1842 lere-

2261 1803 2438 1856 σμον,
2472 1787 2626 1857 μηδὲ
2658 1787 2955 1857 παρθένον
2989 1788 3103 1856 τὴν
3148 1786 3589 1856 στηθοδεσμίδα
3620 1784 3826 1852 αὐτῆς,

586 1877 745 1930 ιιιίοιη
773 1877 996 1943 dicitur,
1029 1877 1305 1948 signiﬁcat
1329 1894 1438 1934 non
1479 1880 1755 1936 remittere
1788 1894 1888 1935 nec
1918 1880 2161 1935 relaxare

583 1969 861 2024 vinculum
903 1970 1199 2035 castitatis,
1243 1971 1372 2027 ullis
1420 1971 1710 2027 seductum
1745 1971 2020 2029 illecebris
2063 1979 2159 2026 aut

580 2062 1016 2118 avocationibus.
1047 2062 1293 2119 Pectoris
1339 2065 1486 2119 enim
1536 2064 1813 2121 mentione
1862 2079 2018 2119 mens
2056 2079 2159 2119 no-

580 2162 692 2207 stra
724 2159 778 2209 et
805 2154 1064 2225 cogitatio
1097 2155 1294 2210 merito
1335 2155 1610 2227 designari
1656 2155 1940 2221 creditur;
1982 2153 2157 2210 fascia

583 2260 711 2301 vero
737 2247 1050 2316 pectoralis,
1067 2261 1204 2301 zona
1227 2246 1436 2302 scilicet
1459 2246 1722 2318 colligens
1738 2246 2160 2317 astringensque

583 2335 751 2390 animi
796 2337 853 2391 in
894 2338 1275 2394 castimoniam
1307 2340 1675 2411 propositum,
1710 2347 1794 2396 est
1826 2341 2068 2396 charitas
2102 2339 2158 2396 in

583 2427 786 2495 Deum;
817 2443 982 2500 quam
1016 2428 1149 2483 mihi
1180 2438 1235 2484 et
1261 2430 1419 2487 vobis
1450 2433 1747 2503 imperator
1775 2440 1960 2488 noster
1988 2441 2042 2487 et
2063 2445 2160 2503 pa-

582 2532 698 2575 stor
717 2519 899 2587 Jesus,
932 2522 1184 2594 idemque
1211 2538 1414 2593 prases
1445 2534 1497 2581 et
1539 2542 1798 2599 sponsus.
1830 2542 1862 2581 o
1891 2527 2161 2597 praeclarae

586 2611 846 2682 virgines,
878 2619 1183 2682 praestet,ut
1219 2615 1530 2679 infractam,
1577 2619 1833 2689 velutque
1861 2618 2158 2675 inviolabili

586 2702 765 2770 sigillo
797 2702 1064 2756 munitum
1095 2704 1425 2777 depositum,
1465 2708 1518 2764 in
1568 2708 1729 2765 linem
1764 2726 1936 2781 usque
1968 2726 2161 2767 serve-

585 2807 728 2846 mus.
774 2790 889 2847 [loc
932 2793 1074 2848 enim
1110 2796 1337 2866 pignore
1387 2800 1596 2854 nullum
1639 2799 1797 2855 facile
1844 2802 2159 2859 hominibus

582 2885 779 2939 melius
824 2885 1087 2940 auxilium
1135 2889 1428 2959 quisquam
1475 2892 1844 2962 usurpaverit,
1892 2890 2004 2948 Deo
2042 2896 2160 2967 pla-

579 2993 710 3032 cens
741 2993 805 3033 ac
832 2978 1082 3034 charum.
1121 2980 1488 3047 Quamobrem
1523 2986 1611 3040 aio
1651 3002 1753 3059 ego
1797 2986 1988 3041 honori
2040 3004 2161 3043 om-

581 3070 744 3124 nibus
762 3070 1066 3127 habcudam
1094 3074 1459 3143 virginitatem
1488 3093 1632 3141 esse,
1652 3079 1913 3150 onmique
1944 3083 2065 3139 loco
2092 3097 2157 3137 ac

582 3162 824 3231 tempdre
859 3170 972 3217 tum
1005 3165 1311 3225 colendam,
1343 3173 1457 3221 tum
1484 3167 1832 3224 laudandam.

650 3252 775 3309 llaec
805 3255 900 3309 tibi
935 3264 988 3311 et
1008 3271 1038 3310 a
1069 3258 1227 3314 nobis
1258 3260 1509 3329 primitia:
1542 3276 1880 3327 sermonum,
1911 3278 1944 3318 ο
1974 3264 2155 3329 Arele,

578 3345 870 3405 sulliciaut.
910 3350 993 3403 vel
1020 3351 1347 3407 eruditionis
1376 3354 1460 3408 vel
1491 3354 1657 3407 studii
1707 3354 1904 3425 gratia.
1941 3386 2010 3397 —
2044 3355 2158 3427 Ego

576 3450 726 3505 vero,
758 3438 943 3493 aiebat
975 3438 1182 3497 dixisse
1204 3441 1426 3506 Areten,
1459 3443 1635 3500 libens
1665 3444 1875 3514 accipio
1906 3443 2053 3515 quod
2074 3444 2160 3501 of-

577 3520 709 3588 fers,
750 3534 803 3580 et
823 3526 988 3595 jubeo
1018 3536 1138 3597 post
1172 3537 1222 3585 te
1244 3529 1560 3588 'l'lial'lusam
1588 3533 1792 3589 dicere.
1828 3532 2157 3591 Debetenim

579 3630 920 3686 unaqumque
949 3629 1190 3674 vestium
1226 3637 1532 3679 sermonem
1574 3640 1885 3699 corrugare.
1923 3624 2151 3680 Thallu-

576 3720 691 3759 sam
710 3706 893 3777 itaque
913 3710 1191 3776 paululum
1223 3723 1483 3767 moratam
1508 3717 1663 3785 quasi
1694 3717 1761 3771 ad
1791 3717 2152 3789 colligendam

579 3813 639 3852 se
667 3801 1253 3874 commentandumque
1278 3805 1512 3863 breviter
1545 3809 1772 3881 aliquid,
1805 3811 1887 3867 sic
1917 3812 2153 3867 locutam

576 3889 865 3947 referebat.

643 4048 688 4081 ⁸⁷
721 4048 843 4115 Jer.
875 4068 934 4117 ιι,
975 4053 1064 4110 32.

574 4219 666 4275 gat
689 4209 796 4288 τῷ,
824 4213 890 4288 ἐκ
926 4212 1144 4285 μέρους,
1174 4220 1238 4288 et_
1282 4212 1583 4288 distinguat
1621 4224 1813 4271 contra
1858 4217 2147 4288 πρόσωπον

574 4281 714 4358 κατὰ
740 4281 1062 4358 πρόσωπον·
1095 4285 1240 4352 quod
1269 4300 1431 4358 nemo
1457 4281 1614 4358 dicat
1659 4288 1834 4358 ipsam
1872 4281 1927 4341 in
1960 4303 2019 4343 se
2053 4285 2143 4341 Dei

574 4352 838 4407 visionem
870 4369 934 4407 ac
980 4355 1233 4422 beatam;
1261 4355 1355 4411 sed
1389 4357 1518 4426 quia
1556 4369 1654 4426 per
1681 4352 1851 4413 'lldem
1897 4359 2144 4412 ambula-

575 4437 720 4483 mus,
753 4438 876 4491 quze
909 4439 1011 4479 nec
1059 4425 1272 4482 animos
1303 4425 1529 4487 deserit,
1576 4428 1750 4483 donec
1787 4426 1954 4491 Deum
2004 4428 2057 4481 in
2086 4441 2146 4484 se

2174 4391 2223 4452 D

2261 1877 2548 1948 λεγόμενον
2587 1879 2645 1930 ἐν
2680 1877 2937 1949 Ἱερεμίᾳ,
2977 1876 3037 1931 τὸ
3071 1875 3147 1947 μὴ
3189 1874 3426 1929 ἐνδοῦναι
3465 1876 3558 1928 καὶ
3602 1874 3827 1945 χαλάσαι

2258 1968 2348 2022 τὸν
2381 1966 2574 2039 δεσμὸν
2598 1968 2695 2039 τῆς
2728 1965 3080 2039 σωφροσύνης
3110 1967 3347 2029 ἀπάταις
3380 1964 3529 2035 δηλοῖ
3556 1966 3646 2018 καὶ
3677 1981 3829 2036 περι-

2261 2064 2549 2132 σωσμοίς.
2575 2059 2753 2131 Στήθη
2780 2060 2886 2132 γάρ
2921 2059 2977 2114 αἱ
3026 2058 3220 2130 φρένες
3255 2057 3420 2111 εἰκότι
3461 2057 3631 2126 λόγῳ,
3676 2059 3769 2110 καὶ
3800 2059 3829 2110 ὁ

2257 2153 2383 2219 νοῦς
2416 2152 2572 2226 ἡμῶν
2610 2148 2752 2208 εἶναι
2810 2149 3106 2223 νομίζεται.
3143 2152 3199 2205 '0
3236 2149 3293 2204 δὲ
3346 2150 3701 2222 στηθόδεσμος
3723 2189 3738 2211 .
3794 2150 3828 2220 ἡ

2259 2244 2521 2300 συνδοῦσα
2549 2243 2692 2315 ζώνη
2737 2246 2830 2299 καὶ
2878 2244 3248 2314 συσφίγγουσα
3278 2242 3373 2314 τὴν
3428 2242 3682 2314 πρόθεσιν
3728 2242 3826 2313 τῆς

2256 2338 2435 2410 ψυχῆς
2470 2339 2551 2401 εἰς
2586 2338 2827 2407 ἁγνείαν,
2878 2338 3028 2391 ἐστὶν
3070 2338 3103 2407 ή
3146 2334 3281 2407 πρὸς
3330 2334 3461 2388 Θεδν
3492 2334 3714 2407 ἀγάπη·
3760 2335 3824 2403 ἢν

2259 2430 2386 2500 ἐμοί
2427 2447 2486 2483 τε
2525 2431 2619 2485 καὶ
2663 2431 2790 2500 ὑμῖν
2829 2431 2858 2483 ὁ
2915 2427 3215 2500 στρατηγὸς
3274 2426 3427 2497 ἡμῶν
3479 2427 3570 2480 καὶ
3628 2426 3825 2498 ποιμὴν

2272 2520 2480 2593 Ἰησοῦς
2518 2521 2614 2576 καὶ
2651 2520 2833 2595 ἅρχων
2872 2519 2964 2573 καὶ
3002 2518 3253 2589 νυμφίος,
3293 2512 3339 2571 ὦ
3373 2516 3785 2588 καλλιπάρθενοι
3809 2556 3823 2579 .

2259 2613 2535 2687 ἄρρηκτον
2573 2614 2668 2669 καὶ
2704 2610 3138 2684 ἐσφραγισμένον
3179 2610 3339 2682 μέχρι
3374 2611 3557 2674 τέλους
3592 2610 3825 2681 τηρῆσαι

2260 2708 2528 2779 παράσχοι
2547 2724 2563 2738 ο
2595 2707 2785 2761 τούτου
2813 2705 2921 2777 γάρ
2949 2704 3042 2758 τοῦ
3069 2705 3344 2773 κτήματος
3376 2705 3486 2766 τοῖς
3520 2700 3825 2773 ἀνθρώποις

2259 2798 2479 2869 ἄμεινον
2529 2799 2780 2870 βοήθημα
2828 2798 2930 2851 οὐκ
2976 2796 3041 2850 άν
3084 2812 3168 2860 τις
3209 2795 3403 2867 ῥᾳδίως
3434 2795 3618 2866 ἓτερον
3650 2793 3823 2857 λάϐοι,

2258 2890 2491 2964 ἀρέσκον
2530 2890 2649 2962 Θεῷ
2692 2890 2785 2945 καὶ
2818 2886 3131 2961 προσφιλές.
3173 2887 3262 2940 Διὸ
3299 2886 3409 2955 ἐγὼ
3449 2888 3643 2959 χρῆναι
3685 2885 3827 2958 φημὶ

2258 2983 2357 3054 τὴν
2387 2984 2606 3054 ἁγνείαν
2638 2984 2885 3046 ἃπαντας
2913 2982 3098 3052 τιμᾷν,
3145 2983 3236 3034 καὶ
3282 2979 3370 3033 διὰ
3410 2979 3606 3045 παντὸς
3637 2980 3824 3035 ἀσκεῖν

2258 3093 2319 3130 τε
2347 3077 2438 3130 καί¹
2469 3076 2837 3146 ἐγκωμιάζειν

2326 3249 2495 3311 Δῦταί
2540 3272 2621 3309 σοι
2666 3256 2760 3309 καὶ
2786 3255 2914 3327 παρ’
2941 3253 3097 3325 ἡμῶν
3144 3252 3199 3306 αί
3235 3250 3481 3322 ἀπαρχαὶ
3518 3248 3621 3302 τῶν
3652 3247 3826 3315 λόγων

2254 3348 2629 3421 ἀρκείσθωσαν
2661 3348 2791 3417 (69),
2821 3342 2866 3400 ὦ
2908 3349 3129 3418 Ἀρετή*
3181 3345 3247 3400 τά
3291 3344 3391 3415 μὲν
3435 3343 3714 3406 παιδείας,
3759 3344 3827 3398 τὰ

2255 3443 2311 3499 δὲ
2341 3443 2435 3498 καὶ
2466 3441 2698 3511 σπουδῆς
2725 3442 2902 3514 χάριν.
2948 3440 3105 3495 Ἀλλὰ
3130 3441 3353 3510 δέχομαι
3381 3439 3441 3492 τὸ
3469 3438 3640 3510 δῶρον
3659 3478 3673 3502 ,
3720 3436 3825 3510 ἔφη

2257 3536 2422 3608 φάναι
2454 3534 2551 3606 τὴν
2601 3535 2823 3607 Ἀρετὴν
2845 3573 2860 3596 ,
2895 3533 2989 3587 καὶ
3039 3532 3243 3587 κελεῦω
3276 3530 3414 3603 μετὰ
3454 3531 3513 3584 σὲ
3560 3530 3656 3601 τὴν
3689 3529 3828 3584 Θάλν-

2260 3630 2455 3684 λοῦσαν
2484 3628 2680 3697 λέγειν.
2706 3629 2798 3680 Δεῖ
2825 3628 2933 3699 γάρ
2966 3643 3032 3698 με
3070 3626 3223 3697 παρὰ
3253 3626 3379 3696 μιᾶς
3402 3624 3635 3692 ἑκάστης
3672 3621 3827 3693 ὑμῶν

2259 3718 2617 3787 ἀποδέξασθαι
2652 3718 2742 3773 τὸν
2784 3718 2959 3786 λόγον.
2997 3717 3106 3788 Τὴν
3156 3712 3248 3769 οὖν
3292 3713 3601 3768 Θάλλουσαν
3652 3709 3829 3783 βραχὺ

2261 3810 2606 3882 ἐπισχοῦσαν,
2638 3811 2731 3866 καὶ
2769 3810 2905 3883 πρὸς
2939 3809 3137 3882 ἑαυτήν
3169 3824 3220 3861 τι
3253 3804 3617 3878 σκεψαμένην,
3653 3802 3828 3860 εἰπεῖν

2259 3905 2385 3977 ἔφη.

2252 4231 2339 4271 ma
2372 4231 2471 4273 seu
2513 4215 2791 4273 intellectu
2826 4214 3042 4272 vidente
3081 4212 3270 4272 Deum.
3303 4213 3508 4271 Oculus
3536 4228 3668 4269 vero
3698 4227 3826 4269 cor-

2250 4302 2471 4358 porcus,
2528 4295 2639 4342 tam
2684 4287 2927 4358 potentia
2973 4287 3202 4358 limitata
3240 4293 3346 4350 est,
3382 4299 3572 4358 quam‘
3600 4283 3823 4358 auditus

2249 4353 2331 4413 vel
2355 4357 2610 4421 olfactus,
2644 4353 2740 4412 scit
2770 4356 2950 4427 quivis
2975 4357 3115 4411 alius
3140 4370 3356 4427 sensus,
3385 4353 3661 4427 tiiateriali
3686 4370 3824 4427 qua-

2246 4427 2370 4482 dam
2401 4428 2543 4483 inter
2570 4442 2667 4483 eos
2692 4424 2977 4482 latiiudine
3006 4426 3402 4495 spiritalitatis;
3429 4431 3501 4495 fut
3534 4426 3578 4478 si
3610 4424 3819 4495 illorvi-_-

575 4491 722 4548 clare
755 4494 990 4549 videant.
1012 4493 1215 4551 Deinde
1233 4498 1419 4552 visura
1453 4496 1617 4551 Deum
1647 4508 1767 4567 post
1791 4500 2147 4553 resurrectio-
2241 4497 2357 4554 deri
2400 4497 2491 4553 Dei
2535 4497 2777 4554 essentia
2813 4498 3004 4567 possit,
3037 4491 3210 4566 possit
3239 4504 3293 4551 et
3336 4494 3608 4567 audiriet
3641 4493 3816 4549 oltleri

575 4577 699 4640 nem
728 4578 931 4640 corpus
959 4574 1014 4619 et
1040 4567 1305 4629 animum,
1337 4582 1511 4637 eoque
1547 4565 1709 4623 simul
1742 4568 2142 4640 perfectissima
2241 4570 2324 4640 vel
2357 4569 2564 4638 gustari
2599 4586 2613 4623 :
2652 4565 2839 4640 sicque
2871 4565 3159 4640 Deusipse
3183 4581 3383 4635 corpus
3408 4565 3591 4640 fuerit,
3615 4577 3823 4640 ensquc

575 4633 1079 4711 visione__l‘rt_titnra,
1102 4652 1225 4711 nec
1266 4633 1477 4711 nostra,
1521 4654 1625 4693 nec
1658 4633 1947 4711 Augustini
1985 4647 2147 4693 autve

581 4701 860 4780 llethodii
885 4704 1044 4760 habet
1077 4707 1367 4780 theologia»,
1414 4724 1536 4780 quae
1567 4701 1770 4765 mentis
1807 4712 1981 4765 solum
2013 4724 2144 4764 ocu-

2241 4634 2453 4693 tinitum
2478 4654 2544 4694 ac
2574 4645 2729 4693 certo
2750 4634 2885 4692 'situ
2933 4636 3144 4690 visibile
3177 4634 3597 4705 aut’qualitate,
3630 4649 3659 4687 a
3699 4634 3825 4705 qui-

2242 4709 2345 4763 bus
2394 4724 2496 4765 nec
2564 4722 2762 4765 sensus
2801 4708 2951 4762 visus
3009 4707 3096 4762 sui
3159 4706 3480 4762 limitatione
3526 4705 3819 4760 abstranit.

582 4775 688 4846 lum
720 4774 861 4827 trahi
915 4791 1075 4846 posse
1122 4774 1401 4834 couténdit
1434 4774 1489 4835 et
1531 4780 1753 4842 elevari,
1801 4790 1860 4835 ut
1903 4781 2143 4835 divinam
2238 4779 2530 4835 Constans.

580 4844 751 4933 ipsam
785 4844 959 4899 lucem
992 4850 1392 4929 contempletur
1423 4866 1435 4901 :
1465 4852 1734 4933 qutzenipsa
1760 4851 1881 4932 ejus
1912 4852 2143 4932 elevatio

579 4916 782 4992 gratule
813 4916 1272 4992 mysteriumest,
1299 4935 1401 4975 nec
1441 4916 1548 4976 nisi
1584 4916 1685 4975 lide
1710 4916 2022 4992 cognitum;
2062 4924 2144 4976 sic

577 4987 783 5065 elevata
975 5004 1110 5057 pura
1146 4989 1288 5065 luce,
1329 5007 1392 5045 ac
1419 4992 1579 5065 quod
1610 4992 1731 5060 ejus
1772 4985 2018 5065 ξιρύφιον
2061 4999 2146 5047 est

578 5057 784 5120 (divina
813 5057 1025 5113 scilicet
1058 5063 1318 5122 essentia,
1347 5070 1401 5117 et
1437 5057 1583 5131 quod
1616 5057 1655 5115 τί
1675 5078 1734 5117 se
1772 5057 2012 5125 Ens'est)
2053 5078 2147 5118 su-

581 5143 672 5203 pra
701 5141 918 5203 onmem
944 5130 1322 5197 capacitatem,
1348 5130 1508 5186 etiam
1537 5134 1842 5187 intellectus
1871 5132 2060 5197 creati,
2088 5139 2148 5203 nt

586 5198 664 5249 ιιτ
700 5198 953 5273 radiculis
980 5209 1286 5273 acremota
1317 5203 1379 5273 in;
1401 5217 1465 5273 eo
1498 5204 1739 5272 potentia
1782 5205 1885 5273 sit;
1910 5218 1976 5258 eo
2000 5202 2145 5271 quod

580 5268 817 5344 potentia
850 5277 936 5344 est
961 5268 1518 5344 entiseognoscitiva'.
1545 5275 1649 5329 sub
1678 5274 1798 5344 ejus
1821 5268 1931 5327 tota
1961 5268 2145 5326 latitu-

582 5339 708 5414 dine
758 5341 1064 5414 analogica,
1115 5340 1262 5414 intra
1299 5344 1458 5412 cujus
1510 5339 1722 5399 lineam'
1759 5359 1875 5414 Ipse
1927 5356 2145 5414 quoque

582 5407 726 5483 licus
778 5407 1131 5483 intelligatur,
1174 5413 1267 5467 sed
1301 5407 1382 5467 ιη’
1401 5417 1693 5477 excedens,
1728 5407 1796 5468 ad
1827 5407 1986 5483 quem
2032 5407 2143 5466 tota

581 5477 667 5554 sis
696 5479 939 5554 proxima
962 5477 1048 5534 'sit
1075 5480 1257 5537 divina
1300 5484 1417 5554 ipsa
1458 5485 1551 5538 lux
1583 5477 2010 5554 communicata.
2047 5498 2141 5539 seu

583 5547 765 5604 lumen
798 5549 1002 5621 glorim,
1028 5561 1084 5607 ut
1117 5547 1337 5617 vocant:
1360 5554 1628 5626 quidquid
1657 5555 1790 5611 illud
1816 5555 1907 5621 sit,
1935 5553 1991 5609 in
2026 5554 2144 5610 ani-

2316 4851 2429 4917 (67)
2457 4849 2782 4919 Πολίχνης.
2813 4847 3119 4919 Possinius,
3147 4848 3407 4917 primaria
3449 4844 3689 4906 civitate;
3724 4840 3821 4898 sed

2245 4920 2534 4988 scripserit
2566 4918 2808 4987 parvula.
2834 4918 2912 4972 lu.

2317 4985 2432 5061 (68)
2475 4985 2942 5061 Ἀιιῖοδύᾳασνζιναι⁸
2973 4986 3083 5046 Leo
3112 4988 3363 5048 Allatius.
3401 5000 3465 5039 ac
3516 4985 3561 5040 si
3600 4985 3823 5049 legisset

2246 5060 2659 5123 ἐπενδύσασθαι,
2688 5060 2839 5126 Quod
2867 5075 2969 5113 non
2998 5062 3285 5115 recordata:
3305 5066 3426 5111 sunt
3455 5064 3818 5110 ornamentum

2250 5130 2489 5194 nuptiale
2510 5130 2760 5193 induere;
2785 5132 2913 5191 imo,
2944 5144 3153 5200 exuere,
3183 5130 3289 5184 nisi
3325 5130 3425 5200 hoc
3456 5126 3532 5178 illi
3568 5135 3819 5200 typorum

2252 5203 2528 5275 mendum.
2559 5200 2720 5256 Certe
2751 5197 3189 5275 _pr.emittm__ltoc
3223 5197 3423 5275 servati
3458 5199 3644 5275 mundi
3679 5208 3819 5275 nup-

2249 5271 2419 5334 tialis,
2448 5280 2552 5336 est,
2588 5267 2795 5327 tenoris
2827 5272 3022 5326 mentis
3046 5270 3267 5333 illibati;
3298 5282 3406 5322 non
3435 5267 3554 5334 ejus
3576 5267 3815 5324 excussi,

2250 5357 2360 5411 quo
2387 5345 2582 5397 merito
2601 5343 2902 5411 ejiciendus
2936 5342 3176 5394 thalamo
3204 5353 3268 5393 ac
3300 5338 3567 5401 convivio,
3593 5338 3685 5405 qui
3711 5349 3818 5389 non

2251 5413 2472 5468 indutus
2500 5421 2647 5469 veste
2677 5414 2904 5483 nuptiali
2930 5412 3212 5483 ingressus
3240 5412 3325 5463 sit.

2320 5476 2926 5554 (69))Αρκείσθώσαιπ
2958 5482 3144 5543 Λιιειι..
3177 5478 3604 5543 ἀνακείσθωςαν,
3640 5476 3819 5530 oblata

2251 5553 2392 5607 sunt.
2432 5553 2502 5612 lu.

2188 5737 2256 5750 H
