4140 6450
829 529 1191 618 ΛΟΓΟΣ
1264 531 1382 615 E’.

893 678 1265 735 MAAOYZA.

1331 373 1707 434 CONVWIUM
1748 371 1979 427 DECEM
2019 366 2378 427 νιιιειΝυιί.
3480 360 3556 418 98

2432 525 2884 620 ORATIO
2959 531 3069 616 V.
3163 574 3167 580 ’

2567 674 2955 733 THALLUSA.

1246 831 1375 887 CAP.
1403 828 1446 883 1.
1472 827 1530 884 ιι
1535 844 1723 900 agnum
1749 835 1921 880 votum
1946 834 2023 879 est
2055 821 2251 877 oblatio
2275 820 2558 876 castitatis.

385 976 544 1041 mw,
573 969 620 1031 ὧ
653 973 867 1047 Ἀρετὴ,
892 974 1259 1047 συλλήπτριαν
1284 971 1420 1039 ἀξιῶ
1444 969 1789 1044 παραστῆναι
1815 984 1875 1021 σε

263 1050 271 1093 ί
301 1067 399 1123 καὶ
422 1068 492 1123 τὰ
516 1069 629 1134 νῦν,
655 1069 802 1132 ὅπως
830 1066 1046 1140 πρῶτον
1069 1067 1166 1140 μέν
1196 1083 1312 1133 σου,
1334 1065 1429 1120 καὶ
1453 1064 1563 1118 τῶν
1593 1062 1874 1135 παρόντων

301 1162 361 1216 δὲ
393 1161 649 1234 φανῶμεν
684 1160 810 1228 ἄξια
844 1160 1044 1232 λέγειν.
1077 1160 1151 1214 Τὸ
1189 1159 1299 1233 γὰρ
1337 1158 1590 1231 μέγιστον
1628 1155 1722 1208 καὶ
1757 1157 1877 1208 ἐπι-

303 1254 635 1326 φανέστατον
662 1253 916 1327 ἀνάθημα
953 1253 1049 1308 καὶ
1088 1251 1279 1326 δῶρον,
1310 1244 1402 1320 (οὗ
1427 1249 1596 1323 μηδὲν
1626 1246 1877 1314 ἀντάξιον

303 1347 433 1401 ἄλλο
467 1347 938 1420 προσενέγκασθαι
971 1347 1236 1419 πάρεστιν
1261 1346 1567 1418 ἀνθρώποις
1596 1342 1761 1415 Θεῷ,)
1785 1343 1879 1397 τὸν

303 1435 466 1493 ἆθλον
488 1441 590 1510 τῆς
618 1441 917 1511 παρθενίας
946 1439 1057 1512 (70)
1086 1436 1225 1494 εἶναι
1272 1438 1606 1510 πέπεισμαι,
1639 1434 1880 1509 διαρκῶς

303 1531 415 1585 ἀπὸ
436 1531 545 1586 τῶν
584 1532 743 1604 ἱερῶν
785 1532 1070 1605 ῂσθημένη
1104 1532 1467 1605 γραμμάτων.
1505 1529 1616 1585 Καὶ
1657 1527 1766 1602 γὰρ
1812 1527 1879 1582 ἂν

307 1622 517 1679 πολλῶν
552 1625 719 1679 πολλὰ
755 1628 873 1681 κατ’
906 1625 1070 1696 εὐχὰς
1102 1625 1160 1679 ὲν
1188 1623 1266 1697 τῷ
1309 1624 1478 1695 Νόμῳ
1509 1621 1646 1677 καλὰ
1684 1638 1880 1693 κατερ-

308 1717 655 1788 γασαμένων,
704 1719 854 1790 μόνοι
891 1719 1131 1790 μεγάλην
1158 1717 1321 1790 εὐχὴν
1364 1716 1610 1786 ἐλέγοντο
1638 1711 1878 1787 πληροῦν

309 1813 357 1867 ol
409 1812 551 1881 σφᾶς
601 1812 798 1875 αὐτοὺς
838 1810 1144 1882 αὐθαιρέτῳ
1200 1808 1362 1882 βουλῇ
1407 1805 1878 1880 προσενέγκασθαι

2041 959 2150 1032 Ego
2180 974 2309 1016 vero
2336 969 2410 1023 te,
2444 958 2624 1023 Arete,
2668 973 2802 1030 rogo
2834 963 2893 1012 ut
2947 970 3093 1012 nunc
3130 971 3349 1028 quoque
3406 974 3549 1029 ιιι-το-

1971 1063 2059 1112 sto
2107 1053 2313 1108 auxilio
2342 1053 2459 1109 sis:
2498 1067 2608 1123 quo
2642 1065 2949 1110 sermonem
2994 1051 3301 1113 instituere,
3347 1058 3400 1106 te
3439 1052 3554 1122 pri-

1970 1162 2143 1210 mum,
2176 1146 2376 1201 deinde
2410 1147 2574 1201 etiam
2603 1153 2658 1201 et
2679 1147 2890 1216 reliquo
2924 1151 3071 1199 emta
3117 1159 3225 1198 non
3261 1144 3548 1214 indignum

1971 1240 2274 1297 videamur.
2314 1238 2498 1295 Sacris
2527 1238 2783 1294 videlicet
2816 1238 3066 1294 instituta
3104 1238 3260 1293 libris
3301 1253 3365 1292 ae
3406 1239 3551 1293 litte-

1975 1333 2052 1389 ris
2074 1333 2234 1403 plane
2264 1332 2395 1386 mihi
2424 1331 2697 1402 persuasi,
2730 1330 3027 1385 maximum
3060 1341 3113 1386 et
3146 1329 3550 1401 spectabilissl.

1975 1439 2124 1479 mum
2153 1422 2297 1495 quod
2331 1423 2534 1478 divinis
2573 1423 2806 1494 appendi
2844 1424 3010 1479 tholis
3053 1424 3226 1495 possit
3268 1423 3548 1493 (pulcher-

1975 1515 2198 1579 rimum,
2231 1516 2477 1585 inquam,
2503 1515 2649 1585 quod
2684 1515 2753 1570 ab
2789 1514 3010 1569 homine
3046 1530 3285 1584 unquam
3331 1514 3440 1569 Deo
3468 1514 3552 1571 of-

1976 1605 2105 1662 ferri
2133 1607 2330 1677 possit)
2352 1622 2550 1662 munus
2582 1621 2705 1662 csse
2731 1606 3081 1677 virginitatis.
3106 1604 3396 1660 Enimvero
3425 1621 3548 1660 eum

1976 1700 2147 1753 multa
2169 1698 2223 1753 in
2257 1699 2375 1769 lege
2402 1706 2774 1754 memorentur
2802 1699 3093 1753 multorum
3120 1713 3242 1753 eum
3276 1697 3436 1753 laude
3456 1714 3554 1754 vo-

1974 1797 2053 1854 ta,
2085 1791 2187 1847 soli
2213 1806 2409 1862 magno
2440 1807 2498 1847 se
2531 1798 2657 1845 voto
2696 1791 3062 1847 obstrinxisse
3087 1789 3431 1856 dicebantur,
3459 1793 3553 1862 qui

312 1875 643 1980 βουλύμενοι.
672 1906 825 1976 Ἔχει
844 1875 1027 1977 γὰρτύ
1052 1875 1213 1975 (ιη’τδᾴ
1239 1875 1412 1967 οὕτως
1430 1875 1584 1957 ’-Καὶ
1610 1875 1878 1967 actinos
1907 1876 1912 1930 Ἴ

1993 1900 2041 1941 se
2077 1885 2225 1955 ipsos
2271 1886 2440 1940 libera
2476 1886 2753 1940 voluntate
2806 1883 2918 1940 Deo
2960 1884 3156 1939 oﬂ'errc
3206 1884 3260 1938 in
3309 1886 3551 1941 animum

309 1999 522 2065 Κύριος
547 1997 694 2064 πρὸς
717 1994 1003 2063 Μωῦσῆν,
1024 1992 1245 2063 λέγων·
1273 1992 1558 2059 Λάλησον
1579 1990 1705 2057 τοῖς
1729 1988 1880 2057 υἱοῖς

324 2086 590 2157 Ἰσραὴλ,
618 2088 714 2141 καὶ
760 2086 913 2153 ἐρεῖς
939 2086 1090 2154 πρὸς
1127 2084 1380 2150 αὐτούς’
1419 2082 1589 2152 Ἀνὴρ
1632 2081 1671 2150 ἢ
1704 2079 1880 2151 γυνὴ,

313 2180 380 2247 ὃς
398 2179 670 2250 μεγάλως
690 2178 931 2246 εὔξηται
959 2176 1151 2247 εὐχὴν
1170 2176 1614 2247 ἀφαγνίσασθαι
1638 2174 1886 2244 ἁγνείαν

312 2272 524 2338 Κυρίῳ.
586 2268 818 2340 Εὕχεται
862 2270 1042 2341 χρυσᾶ
1101 2268 1195 2322 καὶ
1234 2268 1449 2341 ἀργυρᾶ
1497 2269 1578 2331 εἰς
1625 2266 1718 2319 τὸν
1750 2263 1885 2318 νεὼν

314 2360 481 2432 σκεύη
523 2358 897 2431 προσκομίσας
927 2356 1200 2412 ἀναθεῖναί
1229 2374 1314 2420 τις
1333 2374 1346 2388 ·
1385 2356 1573 2427 ἔτερος
1606 2353 1885 2410 ἀναθεῖναι

311 2454 410 2523 τὴν
441 2451 673 2520 δεκάτην
708 2449 815 2502 τῶν
845 2448 1093 2520 καρπῶν,
1133 2448 1291 2512 ἄλλος
1322 2449 1419 2519 τῆς
1458 2448 1663 2512 οὐσίας,
1698 2447 1885 2520 ἕτερος

312 2543 383 2598 τὰ
402 2543 669 2614 κράτιστα
696 2540 804 2595 τῶν
851 2539 1137 2613 ποιμνίων,
1179 2539 1336 2601 ἄλλος
1375 2539 1472 2611 τὴν
1507 2537 1742 2613 ὓπαρξιν
1788 2558 1887 2594 κα-

314 2634 518 2709 (λιεροῖ⁸
558 2634 652 2688 καὶ
674 2633 883 2688 οὐδέπω
919 2631 1160 2704 μεγάλην
1191 2631 1356 2704 εὐχὴν
1377 2630 1633 2694 εὔξασθαι
1664 2631 1886 2686 δύναται

315 2729 393 2801 τῷ
430 2727 653 2800 κυρίην
699 2725 812 2780 ἀλλ’
842 2727 1046 2789 ἐκεῖνος
1089 2726 1119 2777 ὁ
1156 2724 1346 2779 ἑαυτὸν
1403 2724 1622 2791 ἀναθεὶς
1658 2725 1737 2798 τῷ
1769 2722 1888 2794 Θεῷ

316 2821 593 2885 obedire.

1984 1976 2349 2032 induxissent.
2382 1974 2474 2032 Sic
2496 1978 2642 2031 enim
2670 1992 2729 2032 se
2759 1976 2912 2031 locus
2946 1974 3107 2030 habet
3129 1975 3175 2008 ⁸⁸
3207 1996 3220 2030 :
3255 1975 3320 2030 Et
3347 1977 3554 2032 locutus

1978 2079 2054 2125 est
2090 2068 2348 2123 Dominus
2390 2068 2458 2122 ad
2490 2066 2731 2139 Moysen,
2764 2067 2979 2122 dicens:
3026 2066 3259 2139 Loquere
3301 2069 3429 2132 ﬁliis
3469 2066 3558 2124 Is-

1979 2160 2113 2224 rael,
2161 2169 2209 2215 et
2246 2158 2387 2215 dices
2431 2160 2502 2214 ad
2538 2176 2625 2214 eos
2659 2174 2677 2211 :
2719 2157 2812 2213 Vir
2858 2161 2964 2215 sive
3005 2160 3214 2222 mulier,
3265 2162 3558 2232 quicunque

1981 2268 2165 2323 magne
2205 2253 2397 2306 voveri!
2428 2261 2602 2305 votum
2651 2251 2991 2322 castiﬁcandi
3031 2254 3403 2306 castimoniam
3448 2253 3556 2308 Do—

1981 2345 2144 2400 mino.
2187 2343 2354 2401 Vovet
2383 2345 2581 2415 aliquis
2604 2359 2768 2398 aurea
2800 2353 3163 2414 argenteaque
3184 2359 3312 2400 vasa
3342 2345 3396 2399 in
3418 2352 3560 2398 tem-

1981 2434 2055 2504 pli
2090 2450 2246 2488 usum
2280 2449 2339 2488 se
2364 2443 2813 2488 consecraturum
2842 2452 2854 2488 :
2889 2432 2978 2487 hic
3001 2432 3301 2499 fructuum,
3338 2436 3429 2490 ille
3460 2434 3560 2488 bo.

1982 2542 2179 2583 norum
2208 2526 2450 2583 decimas
2491 2541 2520 2579 a
2549 2542 2609 2581 se
2637 2525 2975 2592 olierendas;
3008 2527 3147 2582 alius
3199 2528 3559 2600 pinguissima

1984 2635 2213 2690 qumque
2242 2619 2422 2690 capita
2465 2633 2688 2689 gregum
2717 2626 2772 2672 ct
2810 2627 3224 2687 armentorum;
3260 2637 3369 2676 non
3400 2637 3560 2677 nemo

1984 2726 2114 2767 suas
2157 2726 2350 2766 omnes
2387 2712 2676 2765 facultates
2720 2710 2831 2766 Déo
2859 2719 3145 2766 consecrat
3178 2730 3196 2768 :
3232 2728 3332 2769 nec
3376 2720 3558 2769 tamen

1986 2804 2164 2859 adhuc
2210 2803 2357 2858 ullus
2410 2803 2604 2857 horum
2653 2802 2917 2873 consequi
2963 2811 3164 2873 potest,
3212 2813 3273 2858 ut
3303 2821 3559 2878 magnum

1980 2901 2166 2950 votum
2203 2896 2422 2950 vovisse
2455 2895 2694 2959 dicatur,
2726 2894 2820 2948 sed
2853 2894 2944 2949 ille
2971 2894 3236 2950 duntaxat
3262 2896 3356 2967 qui
3397 2913 3457 2952 se
3505 2901 3560 2951 in

1980 2988 2216 3045 solidum
2251 2987 2361 3044 Deo
2388 2988 2607 3044 obtulit.

321 3134 449 3190 Car.
490 3133 554 3190 il.
588 3133 810 3188 Abram:
843 3133 1167 3205 sacriﬁcum
1201 3148 1371 3188 raccw
1403 3133 1625 3205 triennis
1655 3143 1704 3188 et
1728 3131 2387 3205 capraztrimaretarietis
2410 3146 2671 3197 gnuerunt
2696 3132 2880 3197 trium,
2918 3130 3043 3203 quid
3064 3131 3566 3204 signiﬁcetIOmnis

1114 3202 1225 3258 Deo
1253 3203 1612 3259 consecranda
1644 3201 1800 3259 wtas.
1832 3201 2045 3272 Triplex
2074 3202 2254 3272 vigilia
2279 3211 2330 3256 et
2351 3211 2484 3257 wtas
2509 3214 2718 3258 nostra.

407 3324 806 3398 Ἐπιχειρητέον
857 3325 966 3396 γὰρ
1027 3324 1219 3396 ἀληθεῖ
1266 3323 1410 3397 λόγῳ
1460 3324 1598 3397 πρὸς
1635 3325 1814 3396 ὑμᾶς,
1852 3318 1898 3379 ὦ

2068 3322 2212 3380 Vera
2247 3325 2393 3380 enim
2434 3324 2567 3379 mihi
2609 3324 2752 3394 apud
2789 3339 2888 3380 vos
2921 3324 3367 3395 aggrediendum.
3397 3339 3431 3377 ο
3453 3325 3566 3380 vir—

327 3418 604 3489 παρθένοι,
632 3420 729 3491 τὴν
760 3417 899 3473 κατὰ
928 3418 988 3473 τὸ
1014 3419 1371 3490 προκείμενον
1394 3419 1506 3491 (Ἡ)
1535 3420 1772 3474 διάνοιαν
1797 3418 1892 3491 δη-

326 3507 497 3561 λῶσαι
527 3508 626 3577 τῆς
656 3507 899 3579 Γραφῆς.
939 3508 996 3562 '0
1022 3510 1132 3579 γὰρ
1153 3508 1293 3562 κατά
1320 3525 1373 3561 τι
1408 3508 1592 3579 μόριον
1623 3506 1893 3577 φυλασσό-

331 3616 490 3671 μενος
530 3598 624 3653 καὶ
655 3599 955 3670 προσέχων,
992 3600 1132 3654 κατά
1158 3617 1208 3653 τι
1250 3599 1307 3654 δὲ
1351 3599 1766 3671 περισπώμενος
1802 3600 1895 3653 καὶ

328 3690 694 3761 πλημμελῶν,
734 3692 852 3756 ὅλος
893 3690 990 3745 οὐκ
1032 3693 1312 3747 ἀνάκειται
1355 3691 1493 3763 Θεῷ.
1530 3693 1745 3765 Χρῆναι
1788 3694 1895 3766 γάρ

328 3784 421 3838 τὸν
451 3785 653 3839 τέλειον
690 3784 866 3839 πάντα
897 3786 1191 3853 ἀναθεῖναι,
1226 3786 1322 3841 καὶ
1352 3786 1422 3841 τὰ
1454 3788 1552 3859 τῆς
1595 3788 1772 3860 ψυχῆς
1803 3789 1897 3842 καὶ

330 3876 398 3931 τὰ
431 3877 531 3947 τῆς
566 3875 794 3948 σαρκὸς,
842 3878 988 3941 ὅπως
1031 3877 1215 3950 ἄρτιος
1254 3875 1360 3950 εἴη,
1408 3881 1503 3934 καὶ
1535 3881 1609 3952 μὴ
1653 3879 1893 3952 ἐλλιπής.

329 3968 514 4041 Ταύτῃ
625 3969 718 4022 καὶ
758 3966 836 4040 τῷ
885 3968 1134 4042 Ἀϐραὰμ
1154 3971 1182 4022 ὁ
1215 3970 1347 4035 Θεὸς
1373 3971 1661 4042 ὑφηγεῖται
1685 3989 1700 4004 ο
1741 3971 1899 4027 Λάϐε

324 4076 428 4131 μοι
454 4058 711 4129 δάμαλιν
751 4057 1170 4128 τριετίζουσαν,
1196 4059 1370 4129 λέγων
1389 4101 1404 4126 ,
1438 4063 1536 4116 καὶ
1587 4058 1726 4131 αἶγα
1750 4078 1898 4130 τριε-

331 4146 612 4210 τίζουσαν
639 4149 735 4203 καὶ
766 4148 934 4217 κριὸν
960 4149 1313 4219 τριετίζοντα
1330 4191 1346 4216 ,
1383 4151 1485 4207 καὶ
1511 4154 1771 4222 τρυγόνα
1800 4152 1900 4206 καὶ

333 4239 713 4309 περιστεράν
750 4241 778 4295 ὅ
810 4244 956 4294 ἐστιν
989 4242 1267 4314 εὐφήμως.
1309 4242 1632 4315 Ἐπξστησον
1660 4243 1790 4317 γὰρ,
1818 4246 1899 4299 ὅτι

334 4332 463 4404 περὶ
487 4332 692 4387 τούτων
718 4335 939 4389 κάκεῖνο
974 4336 1291 4408 παρεγγυᾷ·
1327 4336 1664 4408 Προσένεγκέ
1691 4354 1781 4408 μοι
1806 4339 1901 4392 καὶ

335 4421 570 4492 φύλαξον
598 4422 774 4493 ἄζυγα
796 4426 889 4479 καὶ
917 4425 1202 4480 άκάκωτόν
1224 4443 1317 4480 σου
1349 4426 1449 4498 τὴν
1485 4425 1685 4498 ψυχὴν,
1724 4426 1901 4498 δαμά-

336 4514 470 4578 λεως
496 4513 669 4585 δίκην,
704 4518 794 4571 καὶ
813 4518 913 4589 τὴν
939 4518 1116 4589 σάρκα
1137 4518 1342 4573 καὶτὸν
1364 4518 1620 4591 λογισμόν
1638 4536 1652 4550 ·
1677 4518 1774 4590 τὴν
1803 4519 1901 4590 μὲν

337 4607 414 4671 (νς
439 4603 589 4677 αἶγα,
615 4609 799 4679 ἐπειδὴ
821 4609 889 4663 τὰ
931 4610 1177 4683 μετέωρα
1215 4611 1310 4665 καὶ
1341 4611 1632 4684 κρημνώδη
1677 4629 1903 4685 περιπο-

1993 3417 2168 3488 gines,
2194 3417 2423 3479 ratione,
2446 3425 2502 3471 ut
2523 3417 2669 3470 allati
2690 3417 2802 3486 jam
2827 3426 3007 3472 textus
3025 3417 3322 3488 Scriptura;
3345 3429 3566 3472 sensum

1993 3510 2258 3580 aperiam.
2308 3508 2577 3563 Nimirum
2625 3512 2718 3579 qui
2758 3523 2823 3563 ex
2869 3514 3022 3579 parte
3064 3523 3124 3563 se
3178 3509 3294 3579 ipse
3329 3510 3573 3565 custodit

1995 3600 2210 3673 sibique
2256 3602 2506 3666 attendit,
2552 3617 2620 3658 ex
2670 3607 2827 3673 parte
2880 3616 3010 3655 vero
3055 3601 3203 3658 curis
3245 3602 3572 3658 distrahitur

1995 3702 2158 3763 atque
2181 3693 2251 3747 ab
2280 3693 2457 3749 otiicio
2499 3695 2798 3759 relaxatur,
2844 3694 2892 3749 is
2926 3710 3038 3750 non
3080 3703 3226 3749 totus
3264 3693 3372 3750 Deo
3412 3694 3570 3749 addi-

1996 3789 2119 3836 ctus
2147 3791 2251 3836 est.
2299 3780 2482 3847 Quare
2523 3796 2750 3839 necesse
2781 3790 2864 3838 est
2895 3792 2953 3838 ut
2988 3784 3080 3854 qui
3130 3783 3405 3855 perfectus
3449 3800 3574 3840 esse

1997 3875 2147 3936 velit,
2183 3884 2381 3930 cuncta
2409 3875 2519 3931 Deo
2568 3883 2873 3939 consecret,
2908 3886 3020 3931 tum
3048 3893 3170 3948 quae
3198 3877 3368 3932 animi
3421 3889 3571 3944 sunt,

1998 3973 2113 4020 tum
2159 3982 2280 4038 quae
2309 3968 2516 4032 carnis,
2551 3976 2612 4021 ut
2656 3968 2867 4040 integer
2895 3969 2968 4025 sit
3009 3976 3063 4024 et
3109 3985 3272 4041 quem
3308 3970 3444 4024 nihil
3477 3970 3574 4026 dc-

1999 4057 2167 4114 lieiat.
2218 4058 2432 4114 Idcirco
2477 4060 2622 4115 enim
2662 4058 2807 4116 Deus
2852 4060 3130 4116 Abraham
3173 4062 3438 4132 praeipit,
3488 4061 3576 4117 di-

1999 4164 2133 4207 cens
2154 4152 2199 4185 ⁸⁸
2226 4169 2239 4205 :
2275 4152 2437 4209 Sume
2460 4155 2590 4209 mihi
2622 4171 2831 4210 vaccam
2865 4156 3114 4210 triennem
3142 4163 3191 4209 et
3228 4169 3445 4223 capram
3476 4157 3576 4208 tri-

2002 4259 2166 4309 mam,
2205 4254 2254 4298 et
2297 4247 2515 4302 arietem
2561 4263 2822 4302 annorum
2856 4247 3038 4310 trium,
3075 4255 3333 4300 turturem
3374 4263 3575 4318 quoque

1999 4347 2047 4390 et
2068 4339 2385 4397 columbam.
2418 4337 2634 4411 Optime
2665 4353 2817 4395 sane.
2848 4337 3084 4392 Adverte
3113 4335 3260 4392 enim
3296 4337 3400 4391 hoc
3428 4352 3570 4407 quo-

2002 4443 2109 4497 que
2126 4428 2194 4484 de
2218 4428 2324 4483 illis
2353 4426 2636 4494 mandare,
2660 4427 2913 4498 hancque
2942 4424 3045 4481 loci
3070 4425 3395 4480 sententiam
3412 4439 3533 4480 esse
3557 4440 3576 4479 ε

2003 4516 2151 4575 Oli'er
2181 4519 2313 4574 mihi
2347 4529 2403 4576 et
2437 4536 2619 4585 serva,
2652 4535 2774 4591 quae
2807 4518 2911 4573 sub
2937 4516 3131 4589 jugum
3156 4517 3325 4572 missa
3347 4532 3455 4571 non
3482 4516 3579 4580 sit,

2005 4626 2106 4668 nec
2151 4613 2319 4667 aratri
2348 4613 2628 4669 laboribus
2659 4613 2920 4677 subacta,
2940 4612 3177 4682 primum
3205 4626 3386 4667 vaccae
3432 4625 3581 4681 sym-

337 4701 449 4755 λεῖ’
491 4701 582 4754 τὸν
625 4701 682 4754 δὶ
712 4700 786 4764 ὼς
828 4700 1016 4772 κριὺν,
1052 4703 1139 4755 ἵνα
1186 4682 1449 4776 μηδαμῶς
1491 4682 1901 4775 ἀποσκιρτήσας

2006 4705 2152 4769 bolo,
2188 4705 2425 4761 animam
2471 4714 2643 4772 tuam,
2673 4713 2790 4760 tum
2822 4719 3067 4769 carnem,
3100 4711 3379 4776 postremo
3425 4718 3581 4757 naen-

446 4858 492 4891 ⁸³
533 4855 700 4911 Nam.
739 4857 888 4921 vui.
969 4858 1014 4889 ⁸⁹
1055 4855 1181 4911 Gen.
1224 4874 1314 4923 xv,
1357 4858 1412 4913 9.

413 5002 526 5071 ('70)
558 5001 670 5056 Τὸν
694 4994 884 5073 ἆθλον
911 4997 1021 5067 τῆς
1049 5002 1393 5073 παρθενίας.
1435 5000 1766 5073 Virginitatis
1789 5016 1908 5054 mu-

342 5090 439 5129 nus
474 5073 646 5128 libens
688 5072 915 5133 reddidi,
947 5080 1106 5141 prout
1142 5072 1250 5125 ludi
1281 5080 1335 5126 et
1371 5072 1691 5135 certamina,
1716 5072 1906 5141 iisque

343 5143 610 5197 obeundis
653 5142 901 5206 labores,
950 5140 1164 5196 Latinis
1214 5158 1430 5195 munera
1479 5153 1638 5205 sunt;
1699 5140 1907 5196 Graecis

344 5211 525 5278 ἆθλος.
580 5210 900 5274 Possinius,
942 5213 1263 5281 virginitatis
1299 5214 1709 5281 prolessionem;
1760 5212 1904 5283 quod

345 5300 507 5338 sensu
542 5298 648 5337 non
687 5285 860 5338 abest.
907 5282 1223 5353 Sequentia,
1266 5284 1408 5336 ultro
1451 5293 1748 5351 susceptum
1784 5282 1906 5352 ejus

345 5371 529 5411 causa.
566 5353 758 5408 inutile
798 5356 1067 5422 glossema
1098 5370 1110 5403 :
1147 5368 1255 5408 non
1287 5355 1432 5408 enim
1478 5354 1543 5408 de
1577 5356 1680 5407 alia
1724 5367 1908 5408 sermo

345 5424 653 5493 virginitate
676 5424 794 5479 viro
824 5424 1215 5490 ecclesiastico,
1245 5432 1306 5478 ut
1333 5437 1472 5494 opus
1505 5425 1577 5480 sit
1608 5425 1709 5479 hoc
1735 5424 1912 5479 adno-

346 5504 485 5548 tare.
516 5495 806 5550 Constans.

419 5564 530 5636 (7t)
560 5566 719 5619 Κατὰ
735 5563 809 5636 Δτὸ
830 5565 1239 5634 προκείμενον.
1275 5561 1398 5619 Vat.
1439 5562 1622 5626 habet,
1667 5562 1810 5618 κατὰ
1851 5562 1917 5617 τὸ

349 5634 582 5704 πνεῦμα,
603 5634 745 5703 quod
778 5645 923 5690 esset
951 5637 1285 5705 spiritualem
1308 5650 1515 5689 sensum
1533 5650 1571 5705 ,ﬁ
1588 5649 1686 5689 nec
1713 5643 1797 5688 est
1821 5651 1916 5688 ne-

347 5720 503 5760 cesse
538 5716 593 5759 nt
622 5705 836 5776 πνεῦμα
872 5708 957 5758 hic
980 5704 983 5705 ⁷
1007 5708 1106 5776 loci
1135 5707 1354 5760 divinus
1393 5707 1519 5776 ipse
1553 5704 1910 5776 Spiritusjn.

350 5720 503 5760 cosse
538 5720 593 5759 nt
622 5723 836 5776 πνευμα
872 5720 957 5758 me
1008 5720 1106 5760 IOCI
1135 5720 1354 5760 divinus
1391 5720 1519 5828 lt'pse
1553 5720 1790 5771 δνιτιιιιε
1830 5721 1910 5757 ηις

350 5776 740 5846 telligatur,uti
777 5776 1008 5830 reddidit
1031 5775 1335 5831 Possinius.
1371 5776 1384 5793 '
1455 5775 1595 5829 κατὰ
1614 5776 1674 5827 τὸ
1701 5773 1915 5844 πνεῦμα

350 5845 578 5911 διάνοια,
611 5848 901 5916 opponitur
924 5849 989 5917 τῇ
1022 5847 1158 5903 κατὰ
1195 5846 1255 5898 τὺ
1295 5847 1477 5917 ῥητόν,
1527 5863 1706 5899 sensus
1762 5848 1918 5913 spri-

2013 5003 2158 5062 talis,
2210 5002 2449 5059 litterati.
2482 5001 2723 5073 Spiritali
2771 5016 2901 5071 ergo
2951 5018 3138 5067 sensu,
3168 5009 3357 5073 votum
3397 4998 3580 5073 Βίης).

2011 5081 2217 5145 reatus,
2272 5082 2453 5127 votum
2485 5069 2595 5144 quo
2645 5073 2767 5145 quis
2828 5069 3022 5145 magne
3061 5081 3242 5136 vovet,
3280 5069 3577 5145 mirificum

2014 5143 2144 5197 illud
2171 5159 2310 5212 opus
2334 5147 2415 5211 (ut
2440 5139 2635 5199 sonant
2665 5139 3227 5203 Hebra’afvoluerunt
3245 5143 3294 5196 οἱ
3322 5139 3462 5212 LXX
3482 5154 3583 5212 ex-

2012 5211 2246 5282 primere
2267 5229 2398 5283 voce
2438 5216 2550 5277 illa,
2579 5214 2829 5283 μεγάλως
2866 5214 3145 5281 εὔξασθαι)
3176 5216 3241 5269 de
3277 5211 3581 5280 virginibus

2012 5284 2234 5353 exponit
2266 5282 2589 5348 Methodius,
2617 5282 2738 5355 qua:
2766 5283 2877 5339 Deo
2913 5296 2965 5339 et
3003 5284 3237 5339 animam
3270 5289 3324 5336 et
3355 5296 3577 5351 corpus,

2016 5368 2079 5424 ac
2110 5355 2370 5424 quidquid
2408 5354 2649 5410 demunr
2671 5363 2819 5415 sunt,
2855 5354 3101 5409 obtulere
3142 5361 3494 5424 ser_vantque,_
3525 5362 3576 5404 ut

2015 5422 2341 5481 Deo—sancta
2372 5434 2424 5479 et
2450 5433 2698 5494 separata
2726 5441 2740 5478 :
2772 5425 2914 5494 quod
2948 5440 3079 5494 sane
3105 5438 3204 5493 pro
3224 5422 3460 5494 humana
3483 5422 3584 5494 i_m-

2018 5496 2310 5550 becill.tate
2362 5490 2609 5551 maximae
2652 5490 2872 5565 virtu-tis
2899 5503 3005 5565 est:
3050 5490 3181 5548 Post.
3217 5490 3583 5565 πλημμελῶν,
3664 5548 3673 5557 ε

2016 5568 2267 5628 Altatius,
2309 5568 2410 5620 οὐκ
2455 5567 2738 5636 εὐαρεστεῖ
2772 5562 2850 5633 τῷ
2885 5561 3027 5636 θεῷ,
3081 5579 3186 5618 non
3229 5560 3402 5636 placet
3451 5560 3582 5636 (leo.

2018 5639 2162 5708 quod
2214 5630 2485 5705 glossema
2514 5630 2746 5695 videtur,
2790 5630 3240 5708 nisiutrumque
3280 5630 3589 5708 Methodius

2022 5703 2263 5831 scrinii—t.
2297 5709 2353 5829 itll
2379 5716 2481 5771 est,
2513 5724 2612 5760 non
2647 5707 2849 5785 iu'cgra
2870 5703 3066 5759 oblatio
3089 5703 3188 5772 est,
3219 5713 3312 5759 aut
3339 5720 3453 5776 que
3476 5703 3585 5772 pla-

2022 5791 2132 5832 ceat
2214 5796 2291 5832 ω.
2355 5794 2407 5831 n.
