4140 6432
607 352 667 409 39

1507 355 1570 408 5.
1622 353 1948 408 METllUDll
1990 352 2296 410 EPISCCPI
2332 354 2419 409 ΕΤ
2459 355 2816 414 MARTYRIS

593 491 700 535 pm
738 494 753 527 :
790 487 1019 543 quarum
1078 473 1191 527 haec
1240 472 1459 542 quidem
1513 491 1734 545 capram
1791 475 2011 538 referat,
2055 491 2153 545 qua

2268 479 2400 531 ὲκπέ
2412 495 2474 551 τῃ
2506 482 2597 533 καὶ
2620 478 2936 552 ὲξολισθήσῃ
2964 480 3061 550 τῆς
3086 479 3355 551 ἀληθείας.
3375 483 3528 538 Οὖτω
3554 486 3663 558 γὰρ
3680 488 3829 540 ἐντε-

592 568 736 621 celsa
758 563 1092 633 abruptaque
1110 565 1469 633 perambulat,
1488 567 1576 619 illa
1599 569 1841 629 arietem,
1860 583 1928 622 ne
1946 568 2163 637 quando

597 654 803 709 resiliat
826 663 994 723 atque
1024 668 1052 706 a
1081 655 1196 708 veri
1230 656 1452 709 tramite
1475 656 1712 710 excidat.
1740 655 1831 711 Sic
1870 658 2015 712 enim
2041 673 2166 727 per-

597 746 772 800 lectus
800 745 914 800 eris
953 751 1008 800 et
1036 760 1065 797 a
1108 747 1269 815 culpa
1322 747 1603 809 immunis,
1646 762 1680 801 ο
1723 747 2017 811 Abraham,
2055 749 2163 803 tuis

593 852 716 892 cum
748 837 953 900 anima,
994 846 1108 890 tum
1136 853 1300 891 sensu
1333 845 1387 893 et
1418 846 1615 905 mente,
1655 838 1784 892 mihi
1817 839 2015 907 pariter
2041 854 2165 892 con-

594 929 860 996 secratis;
890 943 1010 997 quae
1038 928 1334 1000 symbolice
1365 943 1584 982 vaccam
1611 937 1664 983 et
1694 944 1912 999 capram
1937 936 1990 982 et
2021 930 2164 983 arie-

595 1032 700 1075 tem
728 1024 994 1076 triennem
1025 1021 1257 1082 vocavit,
1290 1028 1548 1088 tanquam
1591 1036 1710 1090 quae
1737 1028 1943 1073 sancta:
1982 1018 2163 1074 Trini-

594 1113 722 1165 tatis
747 1114 1109 1180 cognitionem
1130 1120 1331 1164 rectam
1366 1125 1476 1178 prae
1495 1125 1552 1163 se
1586 1110 1811 1164 ferrent.

661 1201 775 1258 Nisi
814 1202 949 1256 forte
978 1202 1067 1255 hic
1097 1203 1297 1271 potius.
1340 1202 1513 1271 prima
1547 1213 1601 1255 et
1632 1201 1808 1255 media
1853 1217 1918 1257 ac
1946 1210 2161 1271 postre-

594 1310 702 1360 ma,
753 1294 876 1348 vita:
922 1302 1119 1347 nostra:
1165 1292 1445 1361 multisque
1495 1292 1579 1346 via
1631 1293 1845 1347 occulte
1893 1292 2160 1355 innuitur,

2265 568 2359 639 λὴς
2383 569 2478 642 ἔσῃ
2496 571 2589 623 καὶ
2608 570 2990 641 ἀνεπίληπτος,
3009 564 3053 622 ὦ
3078 570 3277 641 Ἀϐραὰ
3286 590 3343 643 μ,
3362 574 3574 640 ἀναθεὶς
3595 578 3715 646 ἐμοὶ
3734 580 3829 631 καὶ

2263 660 2362 730 τὴν
2376 660 2550 731 ψυχὴν
2564 661 2657 714 καὶ
2667 660 2764 731 τὴν
2780 660 3029 730 αἴσθησιν
3054 662 3147 714 καὶ
3161 662 3252 714 τὸν
3272 662 3417 725 νοῦν,
3435 664 3470 717 ἃ
3492 682 3555 717 συ
3562 666 3828 737 μϐολικῶς

2264 749 2495 820 δάμαλιν
2544 752 2645 821 ἔφη
2679 752 2772 804 καὶ
2800 747 2931 820 αἶγα
2959 754 3053 806 καὶ
3080 754 3232 824 κριὸν
3263 754 3629 825 τριετίζοντα,
3667 759 3829 811 οἱονεὶ

2264 840 2361 911 τὴν
2424 842 2622 910 γνῶσιν
2682 843 3067 913 ἀκακέμφατον
3117 843 3217 914 τῆς
3278 846 3506 916 Τριάδος
3555 849 3829 921 ἐπανῃρη-

2267 934 2421 1003 μένα.

2333 1196 2487 1266 Τάχα
2516 1196 2574 1249 δὲ
2613 1196 2708 1250 καὶ
2742 1197 2841 1268 τὴν
2874 1196 3095 1269 πρώτην
3136 1198 3231 1251 καὶ
3261 1197 3358 1269 τὴν
3389 1198 3560 1271 μέσην
3591 1204 3684 1254 καὶ
3728 1205 3828 1270 τὴν

2262 1287 2575 1342 τελευταίαν
2603 1288 2697 1342 τοῦ
2730 1288 2844 1359 βίου
2873 1292 2965 1343 καὶ
2991 1292 3089 1361 τῆς
3111 1291 3320 1362 ἡλικίας
3340 1293 3495 1362 ἡμῶν
3529 1294 3827 1348 αἰνίσσεται

596 1387 705 1441 Deo
744 1387 849 1441 hoc
893 1395 1123 1456 agente,’
1150 1392 1208 1437 ut
1251 1401 1415 1454 quam
1462 1384 1699 1439 maxime
1748 1383 1995 1447 licuerit,
2036 1400 2153 1455 pne

2262 1379 2479 1449 τρίϐον,
2517 1378 2869 1451 βουλόμενος,
2911 1381 2986 1445 ὡς
3023 1382 3102 1435 ἔνι
3143 1384 3405 1453 μάλιστα,
3455 1384 3548 1436 καὶ
3588 1385 3678 1438 τὸν
3719 1384 3828 1439 τῶν

595 1481 749 1535 rilem
784 1477 1103 1547 virilemque
1138 1493 1203 1531 ac
1243 1478 1469 1532 senilem
1498 1484 1710 1532 aetatem
1751 1483 1904 1532 caste
1946 1486 2163 1531 transa-

592 1578 733 1631 ctas,
783 1567 860 1621 illi
908 1564 1221 1621 offeramus.
1274 1563 1742 1631 Quemadmodum
1794 1572 1847 1619 et
1900 1562 2163 1619 Dominus

592 1668 778 1714 noster
804 1657 962 1713 Jesus
1005 1657 1261 1712 Christus
1309 1658 1364 1711 in
1396 1656 1684 1725 Evangelio
1706 1658 1753 1687 ’°
1788 1656 2052 1725 praecipit,
2087 1657 2162 1711 ita

590 1751 844 1806 sanciens
887 1769 902 1805 :
949 1748 1242 1818 Lampades
1298 1760 1483 1803 vestra:
1525 1765 1588 1802 ne
1627 1749 2063 1817 exstinguuntur,
2110 1759 2162 1803 et

2266 1468 2471 1523 παίδων
2517 1471 2611 1524 καὶ
2655 1472 2746 1524 τὸν
2789 1470 2899 1523 τῶν
2945 1471 3152 1543 ἀνδρῶν
3200 1474 3292 1527 καὶ
3351 1472 3460 1526 τῶν
3498 1475 3829 1548 γεραιτέρων

2265 1558 2453 1629 χρόνον
2482 1560 2774 1630 σωφρόνως
2807 1560 3127 1630 βιώσαντας,
3152 1561 3301 1633 αὐτῷ
3331 1564 3827 1636 προσενέγκασθαιο

2266 1649 2387 1703 καθ’
2428 1651 2487 1704 ὃν
2519 1653 2718 1724 τρόπον
2746 1654 2840 1706 καὶ
2880 1655 2909 1707 ό
2954 1653 3154 1726 Κύριος
3191 1655 3347 1727 ἡμῶν
3389 1659 3448 1710 ἑν
3487 1656 3833 1726 Εύαγγελίοις

2266 1743 2696 1814 παρακελεύεται
2742 1745 2950 1817 Ἰησοῦς
2986 1742 3361 1819 Χριπὺς,ἇ›δε
3402 1748 3734 1820 νομοθετῶνθ
3764 1752 3832 1804 οι

590 1843 752 1896 lumbi
800 1843 958 1895 vestri
1003 1858 1066 1894 ne
1096 1840 1386 1894 solvantur.
1416 1838 1543 1893 Ideo
1570 1849 1619 1893 et
1648 1856 1735 1893 vos
1765 1840 1960 1894 similes
1990 1850 2153 1895 estote

2256 1836 2469 1903 λύχνοι
2504 1836 2671 1907 ὑμῶν
2693 1838 2779 1906 μὴ
2828 1840 3298 1914 σϐεννύσθωσαν
3321 1881 3337 1907 ,
3383 1842 3480 1895 καὶ
3510 1846 3563 1895 οὶ
3604 1843 3832 1911 ὀσφύες

586 1932 884 1986 hominibus
915 1930 1331 1999 exspectantibus
1360 1929 1631 1983 dominum
1653 1946 1829 1995 suum,
1852 1929 2060 2001 quando
2079 1947 2151 1984 re-

587 2034 822 2079 vertatur
850 2042 882 2077 a
903 2024 1120 2092 nuptiis,
1152 2032 1208 2075 ut
1238 2039 1356 2076 cum
1385 2024 1577 2076 venerit
1611 2032 1659 2076 et
1690 2024 1999 2093 pulsaverit,
2030 2040 2159 2078 con-

590 2117 762 2170 festim
792 2115 1035 2184 aperiant
1065 2115 1136 2169 ei.
1170 2113 1325 2167 Beati
1354 2114 1526 2178 eritis,
1561 2115 1684 2185 quia
1731 2114 1891 2183 faciet
1926 2114 2160 2169 discum-

584 2215 702 2259 bere
751 2222 861 2269 vos,
900 2217 945 2259 et
980 2208 1238 2261 transiens
1272 2209 1610 2264 ministrabit.
1648 2209 1789 2265 Etsi
1830 2212 1884 2265 in
1920 2212 2151 2266 secunda

584 2295 787 2364 vigilia,
810 2306 857 2349 et
888 2299 932 2350 si
962 2298 1015 2351 in
1038 2301 1215 2364 tertia,
1239 2302 1378 2354 beati
1402 2303 1575 2357 eritis.
1600 2302 1956 2359 Considerate
1983 2304 2151 2370 enim,

584 2387 1042 2455 quemadmodum
1108 2399 1215 2445 tres
1278 2394 1455 2448 noctis
1525 2394 1862 2463 designanda
1939 2395 2154 2465 vigilias

588 2479 978 2549 (veSpertinam
1004 2490 1058 2535 et
1091 2484 1385 2536 secundam
1410 2493 1463 2538 et
1486 2484 1723 2552 tertiam)
1767 2495 1987 2554 tresque
2021 2499 2153 2539 suos

587 2569 874 2632 adventus,
912 2585 948 2623 ο
976 2569 1237 2640 virgines,
1272 2569 1541 2640 triplicem
1575 2577 1799 2624 aetatum
1843 2578 2156 2627 nostrarum

584 2661 757 2715 vicem
792 2661 1053 2726 innuerit,
1084 2661 1349 2732 puerilem
1387 2661 1622 2726 scilicet,
1649 2662 1889 2717 adultam
1920 2679 1983 2719 ac
2010 2666 2157 2722 seni-

584 2751 710 2808 lem.
754 2752 958 2824 Nempe
985 2754 1087 2809 hoc
1117 2762 1389 2824 satagens,
1427 2764 1485 2807 ut
1524 2756 1637 2810 sive
1675 2755 1903 2825 primam
1935 2765 2156 2828 agentes

582 2852 795 2899 :ctatem
822 2847 949 2913 (hoc
980 2853 1066 2901 est
1100 2844 1387 2917 puerilem)
1419 2861 1482 2899 ex
1519 2845 1723 2900 mundo
1775 2859 2157 2918 assumpturus

583 2935 815 2999 venerit,
847 2942 1068 3004 paratos
1108 2950 1207 2989 nos
1248 2950 1313 2991 ac
1342 2933 1578 2990 mundos
1604 2936 1849 3007 nullique
1880 2954 2047 3007 pravo
2072 2939 2156 2994 in-

583 3027 776 3081 stituto
801 3027 1051 3082 addictos
1084 3028 1360 3094 inveniat;
1394 3044 1458 3082 ac
1483 3028 1739 3084 similiter
1775 3029 1891 3083 sive
1929 3032 2153 3085 alteram

581 3116 964 3180 decurrentes,
1000 3117 1133 3172 sive-
1161 3118 1402 3173 tertiam.
1433 3116 1754 3189 Vespertina
1783 3120 1928 3174 enim
1976 3130 2155 3177 custo-

579 3209 670 3262 dia
698 3213 875 3263 aetatis
904 3207 1003 3263 llos
1031 3218 1116 3265 est
1153 3219 1207 3263 et
1242 3210 1525 3279 juventus,
1565 3228 1690 3267 cum
1742 3228 1898 3267 mens
1940 3215 2151 3269 turbari
2179 3195 2222 3252 (ἶ

580 3301 771 3370 incipit
800 3303 923 3356 vitae
951 3302 1428 3367 alternationibus,
1470 3306 1802 3375 pubescente
1841 3306 1954 3376 jam
1985 3324 2153 3364 carne

577 3402 744 3464 atque
789 3393 843 3447 in
877 3394 1153 3449 libidinem
1187 3396 1475 3466 gestiente.
1512 3395 1765 3453 Secunda
1809 3415 1940 3455 vero
1977 3402 2033 3455 in
2071 3402 2154 3454 vi-

577 3498 699 3538 tum
723 3484 834 3554 jam
861 3485 1155 3553 perlectum
1180 3497 1454 3555 provecta,
1484 3488 1704 3558 quando
1733 3505 1887 3546 mens
1914 3492 2151 3563 quietem

578 3589 645 3629 ac
675 3574 982 3629 ﬁrmitatem
1010 3576 1272 3633 adversus
1291 3579 1674 3648 perturbantes
1699 3589 1879 3637 motus
1909 3583 2155 3638 inanem-

576 3679 685 3735 que
721 3665 1037 3734 jactantiam
1086 3668 1278 3736 incipit
1321 3683 1620 3725 assumere.
1674 3667 1858 3725 Tertia
1912 3670 2151 3742 denique

574 3770 700 3808 cum
762 3771 958 3827 magna
1016 3772 1143 3825 pars
1197 3756 1591 3813 desideriorum
1642 3773 1705 3813 ac
1753 3760 2144 3831 cogitationum

574 3843 875 3909 evanescit,
910 3856 1283 3901 marcescente
1302 3846 1415 3916 jam
1444 3861 1611 3902 carne
1642 3855 1807 3919 atque
1837 3850 1891 3904 in
1930 3850 2143 3905 senium

574 3942 851 4005 vergente.

2266 1925 2431 2001 ὐμῶν
2456 1928 2542 1997 μὴ
2575 1928 2955 1986 λυέσθωσαν.
2988 1930 3091 1983 Διὰ
3118 1930 3291 1984 τοῦτο
3316 1931 3415 1986 καὶ
3450 1931 3619 2001 ὑμεῖς
3644 1930 3831 2001 ὅμοιοι

2263 1996 2501 2089 γίνεσθε
2553 2019 2882 2089 ἀνθρώποις
2918 2021 3421 2092 προσδεχομένοις
3467 1996 3835 2090 τὸνίκύριον

2261 2112 2482 2177 αὐτῶν,
2518 2115 2663 2167 πότε
2681 2114 2961 2182 ἀναλύσῃ
2988 2114 3056 2167 ἐκ
3084 2113 3203 2167 τῶν
3227 2113 3447 2183 γάμων,
3474 2115 3575 2169 ἵνα
3596 2116 3832 2169 ἐλθόντι

2263 2206 2360 2259 καὶ
2398 2206 2723 2273 κρούσαντι
2757 2204 2918 2270 αὐτῷ
2950 2205 3167 2272 εὐθέως
3194 2205 3500 2270 ἀνοίξωσι.
3543 2205 3834 2275 Μακάριοι

2261 2295 2422 2360 ἐστε,
2469 2298 2554 2350 ὅτι
2586 2296 2897 2351 ἀνακλινεῖ
2930 2295 3118 2365 ὑμᾶς,
3148 2296 3246 2350 καὶ
3289 2295 3599 2365 παρελθὼν
3631 2295 3831 2350 διακο-

2262 2385 2469 2453 νήσει·
2503 2386 2618 2441 κᾶν
2660 2386 2735 2456 τῇ
2776 2386 3054 2455 δευτέρᾳ,
3093 2386 3210 2440 κᾶν
3246 2384 3321 2454 τῇ
3355 2386 3523 2455 τρίτῃ
3563 2384 3830 2455 φυλακῇ.

2256 2477 2539 2547 μακάριοί
2566 2479 2723 2532 ἐστε.
2768 2477 3166 2548 Ἐπισκέψασθε
3189 2477 3431 2551 γάρ,.δτι
3455 2480 3604 2549 τρεῖς
3634 2478 3832 2532 ὐποθέ-

2264 2585 2427 2638 μενος
2455 2569 2700 2638 φυλακὰς
2729 2570 2920 2634 νυκτὸς
2938 2612 2954 2636 ,
2988 2569 3279 2641 ὲσπερινὴν
3306 2570 3400 2624 καὶ
3435 2570 3696 2642 δευτέραν
3738 2573 3835 2626 καὶ

2260 2659 2471 2731 τρίτην,
2499 2662 2594 2714 καὶ
2622 2664 2770 2733 τρεῖς
2792 2660 2986 2716 ἑαυτοῦ
3015 2661 3334 2733 παρουσίας,
3361 2656 3405 2714 ὦ
3429 2661 3704 2735 παρθένοι,
3729 2662 3834 2727 τὰς

2260 2754 2409 2823 τρεῖς
2440 2752 2597 2823 ἡμῶν
2626 2754 2723 2824 τῆς
2753 2753 2969 2825 ἡλικίας
2989 2752 3206 2824 ᾐνίξατο
3232 2753 3683 2828 μεταϐολὰςητὴν
3715 2772 3832 2826 μει-

2264 2844 2503 2915 ρακιώδη
2558 2845 2650 2898 καί¹
2692 2845 2790 2916 τὴν
2837 2845 3111 2918 πρόσηϐον
3159 2847 3253 2900 καὶ
3300 2846 3400 2918 τὴν
3433 2848 3828 2919 πρεσϐυτικήν·

2263 2936 2351 2989 ἵνα
2379 2936 2479 2989 κᾶν
2518 2936 2616 3008 τὴν
2648 2936 2870 3008 πρώτην
2905 2936 3135 3005 ἄγοντας
3163 2936 3397 3007 ἡλικίαν,
3429 2938 3676 2991 τουτέστι
3708 2943 3834 2993 παῖ-

2259 3028 2357 3091 δας
2401 3027 2595 3092 ὄντας,
2635 3029 2729 3082 ἐὰν
2764 3027 2893 3099 ἔλθῃ
2940 3029 3392 3100 παραληψόμενος
3446 3029 3541 3083 τοῦ
3591 3031 3829 3101 κόσμου,

2260 3120 2511 3190 ἑτοίμους
2532 3120 2812 3193 καταλάϐῃ
2836 3121 2928 3174 καὶ
2964 3120 3259 3192 καθαροὺς,
3291 3121 3456 3193 μηδὲν
3492 3123 3836 3195 ἐπιτετηδευ-

2257 3209 2421 3273 κότας
2467 3210 2687 3263 σκαιόνο
2728 3210 2832 3263 κᾶν
2876 3210 2976 3283 τὴν
3015 3211 3273 3282 δευτέραν
3317 3213 3555 3282 ὁμοίως,
3595 3213 3696 3267 κᾶν
3731 3216 3833 3286 τὴν

2257 3303 2468 3374 τρίτην.
2531 3302 2823 3375 Ἐσπερινὴ
2875 3303 2985 3376 γάρ
3029 3303 3240 3376 φυλακὴ
3273 3305 3303 3356 ὁ
3352 3306 3541 3378 καιρός
3570 3306 3686 3359 ἐστι
3731 3308 3833 3379 τῆς

2255 3393 2444 3463 ἀκμῆς
2479 3392 2574 3446 τοῦ
2608 3394 2896 3465 ἀνθρώπου
2930 3396 3024 3449 καὶ
3054 3399 3086 3466 ἡ
3113 3397 3323 3466 νεότης,
3359 3396 3481 3450 καθ’
3508 3397 3576 3469 ἢν
3606 3397 3831 3470 ἄρχεται

2258 3485 2624 3558 ταράσσεσθαι
2642 3488 2702 3539 τὸ
2722 3488 3067 3559 ἡγεμονικὸν,
3096 3489 3512 3559 ἐπιθολούμενον
3530 3493 3649 3553 ταῖς
3677 3488 3832 3555 ἐξαλ-

2257 3577 2450 3647 λαγαῖς
2474 3578 2570 3632 τοῦ
2603 3579 2738 3650 βίου,
2781 3580 3005 3653 ἡϐώσης
3036 3580 3202 3635 αὑτοῦ
3234 3582 3336 3652 τῆς
3364 3582 3563 3653 σαρκὸς
3600 3581 3699 3653 ἤδη
3736 3581 3833 3635 καὶ

2252 3672 2598 3743 τρεπομένης
2627 3673 2707 3735 εἰς
2749 3672 2937 3736 πάθος.
2970 3673 3212 3744 Δευτὲρα
3257 3672 3344 3736 δὲ,
3382 3674 3616 3743 ὁπηνίκα
3647 3672 3831 3727 λοιπὸν

2254 3767 2335 3828 είς
2383 3764 2553 3835 ἄνδρα
2582 3764 2786 3817 τέλειον
2822 3765 3042 3828 ἐλάσας,
3075 3763 3302 3836 ἄρχεται
3352 3764 3539 3817 στάσιν
3577 3764 3689 3835 (72)
3735 3764 3830 3819 καὶ

2253 3857 2581 3927 βεϐαιότητα
2606 3857 2712 3910 τῶν
2750 3856 2994 3929 θορύϐων
3029 3857 3059 3909 ὁ
3101 3856 3225 3916 νοῦς
3260 3856 3696 3928 προσλαμϐάνειν
3735 3863 3831 3910 καὶ

2250 3949 2349 4017 τῆς
2381 3949 2630 4019 οἰήσεως.
2673 3950 2716 4000 Τ
2722 3949 2844 4019 ρίτη
2883 3947 2967 4013 δὲ,
3012 3948 3100 4000 ὅτε
3132 3948 3188 4000 αἱ
3235 3947 3483 4002 πλεῖσται
3539 3949 3829 4017 φαντασίαι

2251 4041 2497 4110 φθίνουσι
2533 4040 2641 4093 τῶν
2672 4039 2995 4110 ἐπιθυμιῶν,
3038 4038 3557 4109 ἀπομαραινομένης
3599 4038 3699 4109 ήδη
3728 4037 3831 4108 τῆς

2251 4137 2455 4207 σαρκὸς
2484 4135 2578 4186 καὶ
2607 4135 2685 4196 εἰς
2715 4133 2891 4203 γῆρας
2920 4130 3360 4204 προκυπτούσης.

1402 4253 1530 4307 CAP.
1565 4252 1652 4308 Ill.
1689 4253 1728 4307 Α
1755 4268 1915 4323 μαργο
1945 4255 2186 4309 virtutem
2213 4254 2402 4317 colere,
2428 4252 2578 4322 longe
2606 4251 2879 4319 optimum.

644 4363 1013 4432 Quamobrem
1045 4366 1321 4427 convenit,
1349 4381 1578 4423 accensa
1601 4367 1655 4421 in
1682 4368 1847 4424 corde
1874 4384 1993 4439 quae
2007 4384 2153 4424 sem-

2321 4368 2411 4422 Διὸ
2446 4366 2711 4440 προσήκει
2739 4362 3001 4420 ἄσϐεστον
3031 4365 3089 4417 ὲν
3120 4365 3187 4434 τῇ
3217 4361 3417 4434 καρδία
3441 4363 3678 4426 πίστεως
3702 4362 3830 4428 ἐξά-

575 4473 674 4529 per
705 4458 893 4513 ardeat
925 4458 1047 4513 ﬁdei
1081 4457 1350 4528 lampade.
1372 4466 1428 4513 et
1457 4459 1656 4516 lumbis
1678 4462 1854 4515 balteo
1880 4462 2147 4517 castitatis

2256 4462 2458 4531 ψαντας
2491 4459 2700 4530 λύχνον,
2733 4458 2826 4512 καὶ
2866 4456 3040 4525 ὀσφὺν
3072 4453 3526 4525 ἀναζωσαμένους
3567 4453 3669 4524 τῆς
3718 4473 3828 4508 σω-

573 4550 895 4612 succinctis,
930 4565 1031 4604 nos
1062 4549 1291 4619 vigilare
1330 4564 1393 4604 ac
1440 4549 1731 4605 Dominum
1791 4568 2008 4623 semper
2043 4569 2140 4608 ex-

572 4648 842 4711 spectare,
869 4650 928 4696 ut
950 4643 1063 4697 sive
1091 4644 1146 4696 in
1172 4641 1349 4713 prima
1368 4651 1523 4699 aetate
1552 4652 1799 4699 nostrum
1826 4645 2039 4715 aliquos
2058 4661 2149 4701 ve-

610 4796 656 4828 "
688 4795 819 4850 an.
854 4812 951 4863 xu,
984 4796 1073 4864 35,
1100 4790 1195 4853 58.

641 4915 756 4981 (72)
790 4914 1057 4982 Ἀρχεται
1094 4910 1334 4968 στάσιν.
1382 4908 1480 4964 llic
1510 4916 1686 4982 status
1721 4910 1886 4982 priori
1920 4917 2143 4965 contra-

569 4980 687 5040 rius
734 4980 1086 5047 describitur,
1133 4998 1242 5052 quo
1284 4982 1509 5051 ἄρχεται
1553 4980 1943 5052 ταράσσεσθαι,
1997 4996 2141 5033 mens

570 5054 779 5107 turbari
806 5056 991 5123 incipit
1029 5054 1378 5123 passionibns
1409 5066 1473 5105 ac
1515 5052 1800 5123 libidinum
1831 5059 1966 5106 :estu
2006 5069 2019 5104 :
2061 5052 2142 5102 al-

569 5133 689 5194 tero
720 5122 922 5194 itaque.
951 5122 1136 5177 adulta
1166 5124 1276 5191 jam
1300 5130 1458 5176 aetate
1475 5130 1540 5194 et
1572 5122 1624 5173 in
1658 5122 1831 5175 virum
1864 5131 2138 5191 provecta,

569 5193 746 5248 sedari
766 5192 947 5264 incipit
971 5198 1225 5263 roburque
1253 5192 1484 5246 nancisci
1512 5194 1773 5246 adversus
1796 5195 2140 5246 turbationes

571 5267 841 5329 ejusmodi
881 5277 932 5321 et
965 5268 1268 5334 passiones,
1304 5279 1423 5333 qua:
1453 5278 1595 5334 pene
1615 5271 1948 5334 evanescunt
1980 5264 2139 5316 senili

571 5344 750 5395 aetate,
776 5330 1035 5390 membris
1054 5336 1162 5401 jam
1191 5330 1531 5404 frigentibus.
1553 5330 1671 5386 Non
1696 5333 1831 5387 bene
1855 5333 2137 5404 Possinius

570 5420 757 5458 vocem
789 5410 995 5469 στάσιν,
1044 5414 1187 5459 statu
1222 5402 1320 5458 niti
1354 5402 1583 5473 quodam
1618 5404 1798 5472 incipit
1834 5417 1850 5454 :
1882 5410 1966 5458 est
1994 5402 2137 5456 enim

574 5472 683 5535 hic,
708 5491 866 5543 quam
898 5475 1218 5529 Aristoteles
1244 5472 1458 5544 κινήσει
1496 5476 1738 5542 opponit,
1769 5475 1819 5528 id
1846 5485 1930 5528 est
1956 5474 2100 5544 quies
2120 5486 2139 5523 :

513 5562 520 5569 ·
572 5542 735 5614 quam
756 5548 847 5614 qui
873 5555 1068 5597 statum
1096 5546 1271 5598 reddit
1293 5542 1365 5598 ea
1384 5546 1721 5613 acceptione,
1756 5546 1913 5614 plane
1938 5542 2144 5613 βαρϐα-

570 5612 736 5685 ρίζει,
759 5612 857 5670 nec
884 5615 1073 5670 Latina
1097 5631 1280 5670 vocem
1312 5612 1553 5669 Graecam
1582 5612 1824 5684 exponit.
1854 5612 2143 5668 Nihil’t'elio

2249 4552 2545 4627 φροσύνης,
2579 4549 2938 4623 ἐγρηγορέναι
2985 4549 3078 4601 καὶ
3119 4545 3425 4619 προσδοκᾷν
3461 4546 3550 4600 ἀεὶ
3580 4546 3673 4600 τὸν
3716 4546 3829 4600 Κύ-

2256 4661 2369 4716 ριον
2387 4660 2401 4673 ·
2426 4643 2547 4727 «ἴνα,
2572 4642 2673 4696 κᾶν
2698 4643 2755 4694 ὲν
2785 4643 2851 4711 τῇ
2878 4637 3067 4711 πρώτη
3093 4637 3276 4708 ἡλικίᾳ
3301 4635 3638 4707 παραλαϐεῖν
3668 4636 3828 4705 ἡμῶν

2243 4910 2365 4965 cius
2392 4911 2657 4979 explicata
2679 4926 2781 4964 vox
2801 4913 3042 4982 οἰήσεως.
3076 4910 3381 4968 Possinius.
3406 4906 3675 4982 erroribus
3698 4907 3820 4982 vita:

2244 4976 2543 5043 dominari;
2580 4983 2828 5043 Allatius,
2871 4976 3083 5036 resectis
3120 4979 3547 5051 opinationibit_s._
3570 4976 3664 5030 Est
3703 4980 3817 5031 haec

2246 5053 2474 5106 alterum
2505 5053 2716 5113 vitium,
2766 5067 2876 5121 quo
2909 5049 3158 5106 maxime
3180 5053 3391 5121 laborat
3427 5049 3820 5121 adolescentia,

2245 5123 2421 5175 inanis
2459 5121 2702 5190 qua'dam
2731 5117 2998 5190 jactantia
3034 5134 3083 5175 et
3116 5120 3447 5189 arrogantia,
3480 5117 3648 5187 τῦφος
3682 5136 3697 5170 :
3727 5118 3821 5186 qui

2247 5192 2365 5261 ipse.
2395 5192 2623 5246 allectus
2656 5194 2709 5245 in
2750 5196 2869 5246 viro
2898 5192 3008 5260 jam
3049 5195 3347 5261 maturiore
3372 5196 3530 5243 aetate
3560 5202 3623 5261 ac
3646 5202 3821 5261 sensu

2245 5257 2483 5323 saniore,
2502 5263 2739 5316 mitescit
2756 5277 2819 5316 ac
2839 5257 3018 5318 sedari
3039 5262 3261 5330 incipit:
3283 5260 3422 5330 idem
3445 5257 3590 5330 quod
3612 5257 3779 5327 οἴημα
3800 5274 3817 5310 :

2246 5332 2390 5386 unde
2404 5332 2714 5408 οίηματίας,
2732 5331 3003 5408 superbus,
3032 5328 3264 5408 insolens
3287 5328 3513 5408 (a)._qui-
3533 5328 3602 5381 de
3623 5343 3684 5381 se
3705 5341 3823 5379 nia-

2245 5417 2349 5476 gna
2377 5400 2654 5476 concipit:
2682 5406 2753 5456 ita
2779 5400 3008 5472 juvenes
3040 5418 3133 5476 per
3162 5400 3604 5476 inexperientiani
3629 5413 3699 5476 _ac
3722 5410 3823 5476 ca-

2246 5467 2361 5527 l—ore
2388 5467 2673 5543 sanguinis
2707 5490 2724 5528 :
2759 5467 2879 5543 qua:
2916 5476 2996 5527 sic
3036 5467 3198 5525 docte
3228 5467 3484 5539 expressa
3522 5467 3818 5543 methodio,

2247 5535 2534 5598 verborum
2566 5535 2942 5615 phalerisialio
2969 5544 3186 5596 trahere
3218 5535 3326 5595 non
3348 5538 3623 5595 convenit.
3644 5535 3818 5591 Con.

631 5732 708 5789 (ai
745 5730 815 5780 ita
855 5744 1052 5793 quoque
1095 5732 1305 5781 Budmus
1347 5735 1606 5784 Comment.
1641 5733 1687 5782 ι.
1715 5734 1792 5786 ϐ..
1830 5734 1880 5780 ι’
1900 5747 2153 5794 Οἱη-ετὶις)1

2256 5746 2278 5780 r
2314 5743 2402 5781 sua
2432 5730 2653 5778 hausisse
2687 5726 2879 5775 videtur
2910 5722 3247 5775 Condaeﬁsius.
3290 5722 3453 5772 Adisis
3501 5729 3821 5792 Hesychium,

573 5798 624 5840 τ*
647 5808 823 5852 0mm,
851 5806 1027 5841 nonss.
1054 5794 1173 5840 edit.
1203 5800 1315 5843 toni.
1347 5797 1404 5854 ll,
1436 5809 1546 5856 pag.
1577 5797 1685 5842 723.
1714 5800 1859 5844 ϋλιι..
