4140 6430
1 4071 85 4142 τῆς

559 356 657 412 Mi
1642 354 2027 410 CONVIVIUM
2071 355 2301 413 DECEM
2344 354 2707 412 VIRGINUM.
3719 369 3817 428 υς

553 491 709 538 τινας
749 472 1004 547 βουληθῇ,
1039 475 1142 530 κᾶν
1189 476 1245 528 ὲν
1282 476 1348 545 τῇ
1386 473 1631 546 δευτέρα,
1662 474 1766 527 κᾶν
1793 475 1852 526 ὲν
1883 478 1949 545 τῇ
1979 475 2129 547 τρίττ

2208 526 2210 537 ,
2244 474 2305 528 lit
2334 490 2635 539 assumere,
2667 475 2782 531 sive
2812 475 2867 530 in
2906 476 3170 539 secunda.
3229 477 3344 532 sive
3389 479 3445 533 in
3502 481 3667 536 tertia
3725 501 3820 539 ve-

553 566 747 631 ἐλθὼν,
775 567 870 620 καὶ
914 566 1090 638 εὑρὼν
1137 567 1538 635 έτοιμοτάτους,
1586 567 1680 619 καὶ
1718 566 1755 620 ἃ.
1806 566 2129 640 προσέταξεκ

2239 568 2419 629 niens,
2454 568 2946 638 paratissimosquc
2985 569 3270 625 inveniens
3298 579 3353 625 et
3382 587 3505 642 quae
3536 578 3818 630 mandavit

552 661 977 733 ἐργαζομένους,
1017 662 1299 716 ἀνακλινεῖ
1345 663 1427 726 εἰς
1466 660 1716 732 Ἀϐραάμ
1762 662 1996 726 κόλπους
2048 664 2129 717 καῖ

2237 667 2622 727 exsequentes,
2657 660 2712 713 in
2757 659 2882 714 sinu
2917 660 3170 725 Abrahae,
3203 662 3357 719 Isaac
3389 676 3444 718 et
3493 663 3668 722 Jaeob
3726 684 3817 723 re-

566 753 749 808 Ἰσαάκ
774 756 870 809 καὶ
909 755 1122 809 Ἰακώϐ.
1140 755 1408 826 Ἱερεμίας
1430 754 1507 815 δὲ,
1526 754 1785 822 Ἀγαθὸν,
1824 756 2009 825 φησὶν,
2029 757 2140 809 ἀνι

2237 748 2422 802 clinet.
2478 746 2744 805 Jeremias
2792 765 2922 805 vero
2950 792 2964 805 .
3018 751 3246 815 Bonum,
3283 754 3379 817 ait,
3410 766 3491 809 est
3529 758 3643 812 viro
3696 776 3815 812 cum

549 844 666 913 δρι,
695 845 844 899 ὅταν
882 846 997 915 ἄρῃ
1031 844 1208 914 ζυγὸν
1251 846 1322 898 ἐν
1350 848 1583 913 νεότητι
1626 847 1833 909 αὐτοῦ,
1876 849 1974 901 καὶ
2017 850 2129 905 ἀπε

2235 840 2721 911 portaueritjugum
2743 841 2808 895 ab
2837 842 3192 897 adolescentia
3214 861 3313 898 sua
3335 847 3419 910 ";
3443 856 3492 901 et
3523 865 3556 901 α
3587 834 3845 949 Domino;

547 936 657 991 τοῦ
686 938 910 1005 Κυρίου
950 936 1039 1006 μὴ
1085 937 1328 1005 ἀποστῇ
1375 940 1414 1007 ἡ
1464 938 1635 1007 ψυχὴ
1681 940 2129 1009 αὐτοῦ.Ἀγαθὸν

2237 948 2341 984 non
2368 933 2637 986 recesserit
2655 935 2838 987 animo
2864 935 2980 1001 eius
3008 936 3074 990 ".
3107 935 3317 990 Bonum
3374 954 3527 1004 sane,
3563 955 3594 993 a
3627 942 3804 1011 prima

548 1028 659 1099 γὰρ
682 1029 750 1081 ὲκ
779 1028 1006 1091 παίδων,
1032 1028 1107 1091 ὡς
1150 1028 1388 1099 άληθῶς,
1418 1030 1684 1084 ὑποθέντα
1715 1030 1807 1084 τὸν
1834 1031 2036 1102 αὐχένα
2067 1037 2134 1105 τῇ

549 1120 671 1175 θεία
713 1122 954 1191 προσοχῇ
990 1119 1124 1190 (75),
1175 1121 1250 1192 μὴ
1295 1120 1687 1176 άποσείσασθαι
1735 1123 1899 1193 μέχρι
1949 1122 2135 1194 γήρως

544 1212 640 1265 τὸν
672 1210 938 1280 ἐπιϐάτην
968 1210 1236 1282 καθαραῖς
1280 1212 1475 1283 φρεσὶν
1510 1214 1895 1284 ὲποχούμενον,
1929 1216 2016 1269 ἀεὶ
2043 1217 2134 1270 τὸν

545 1299 803 1371 λογισμὸν
834 1302 914 1363 εἰς
950 1300 1021 1354 τά
1048 1300 1216 1372 χείρω
1244 1300 1600 1366 καθέλκοντος
1627 1302 1720 1355 τοῦ
1756 1303 2016 1375 πονηροῦ.
2037 1305 2133 1368 Τίς

545 1391 656 1464 γάρ
693 1392 755 1444 οὑ
787 1391 888 1455 τάς
925 1391 992 1445 δι’
1025 1392 1309 1464 ὀμμάτων,
1342 1392 1425 1457 τίς
1456 1393 1499 1445 δ’
1529 1394 1591 1446 οὑ
1616 1393 1717 1457 τάς
1745 1394 1811 1447 δι’
1841 1392 2015 1459 ῶτων,
2046 1395 2131 1459 τίς

544 1482 590 1535 δ’
615 1483 675 1536 οὑ
714 1482 813 1547 τάς
840 1482 928 1536 διὰ
957 1484 1218 1551 γεύσεως,
1250 1484 1569 1557 ὀσφρήσεως
1601 1502 1661 1539 τε
1693 1486 1786 1539 καὶ
1818 1487 1963 1557 ἁφῆς
2011 1488 2131 1559 ἡδο-

543 1575 643 1639 νάς
683 1576 777 1629 καὶ⁸
808 1576 1026 1648 τέρψεις
1052 1577 1396 1649 ἀποδέχεται,
1423 1577 1521 1648 τὴν
1568 1578 1778 1648 ἡνίοχον
1826 1577 1899 1649 μὴ
1945 1579 2128 1651 φέρων

546 1667 921 1738 σωφροσύνην,
952 1667 1240 1739 είργουσαν
1284 1671 1378 1723 καὶ
1405 1668 1883 1741 καθαιμάττουσαν
1910 1670 2001 1724 τὸν
2040 1673 2129 1725 ἴπ-

544 1774 646 1810 πον
689 1759 790 1829 τῆς
820 1759 1048 1826 κακίας;
1088 1761 1314 1832 Ἕτερος
1347 1762 1446 1831 μὲν
1476 1757 1569 1814 οὖν
1595 1762 1675 1824 είς
1719 1761 1882 1833 ἕτερα
1909 1761 2125 1816 ἐπιϐλέ-

2230 1033 2390 1078 aetate
2413 1032 2468 1077 et
2495 1039 2525 1077 a
2558 1039 2728 1094 puero
2758 1026 3044 1096 supposita
3085 1027 3285 1083 divinae
3325 1029 3631 1100 disciplinis
3688 1049 3813 1089 cer-

2234 1117 2374 1179 vice,
2406 1117 2474 1171 ad
2523 1124 2797 1172 senectam
2845 1134 3021 1188 usque
3073 1136 3183 1174 non
3234 1128 3491 1177 excutere
3538 1138 3808 1181 sessorem

2233 1205 2387 1273 puris
2418 1207 2694 1262 mentibus
2740 1207 3090 1272 insidentem,
3136 1224 3261 1264 cum
3290 1212 3543 1269 diabolus
3571 1214 3626 1268 in
3654 1214 3810 1272 dete-

2210 1297 2349 1351 rius
2380 1297 2679 1368 vitiumque
2713 1298 2955 1355 animum
2985 1302 3204 1358 trahere
3238 1319 3518 1375 nunquam
3544 1306 3805 1365 .desinal.

2232 1386 2444 1453 Quotus
2479 1391 2623 1444 enim
2651 1392 2885 1463 quisque
2923 1400 3031 1458 est,
3065 1397 3160 1466 qui
3195 1411 3306 1469 non
3337 1413 3434 1468 per
3461 1399 3676 1464 oculos,
3710 1404 3805 1470 qui

2229 1496 2339 1534 non
2383 1496 2477 1551 per
2529 1498 2692 1538 aures
2724 1492 3054 1556 gustumque
3083 1495 3138 1543 et
3172 1503 3335 1545 nares
3364 1497 3418 1544 et
3445 1496 3675 1554 tactum,
3709 1508 3807 1546 vo-

2226 1571 2465 1642 luptates
2520 1589 2585 1628 ac
2634 1575 2861 1632 delicias
2914 1578 3193 1644 admittat,
3249 1580 3523 1637 castitatis
3567 1585 3803 1638 sessoris

2227 1664 2540 1733 impatiens,
2572 1680 2696 1736 qua:
2727 1667 2916 1738 utique
2942 1669 3197 1740 nequitiae
3222 1686 3425 1741 equum
3456 1680 3710 1727 coerceat
3733 1687 3800 1726 ac

2218 1765 2451 1823 cruenta
2479 1756 2628 1812 calce
2659 1758 2950 1814 cohibeat?
2981 1758 3099 1814 Erit
3133 1760 3272 1816 forte
3299 1762 3415 1832 qui,
3475 1764 3583 1817 alio
3627 1766 3801 1835 respi-

543 1849 651 1917 ψας
682 1849 815 1904 ἄλλα
840 1849 1050 1915 δοξάσει
1072 1869 1087 1881 ο
1118 1854 1276 1923 ἡμεῖς
1317 1852 1374 1905 δὲ
1411 1852 1718 1906 ἀνατιθέναι
1745 1851 1973 1924 λέγομεν
2002 1855 2129 1907 ἐαυ-

2225 1847 2400 1912 ciens,
2432 1863 2593 1904 secus
2611 1849 2837 1904 omnino
2882 1865 2949 1905 ac
2999 1851 3106 1906 alia
3158 1852 3382 1908 sentiat.
3437 1852 3635 1910 Nostra
3665 1872 3800 1913 vero

539 1940 633 1993 τὸν
680 1941 902 2006 τελείως
949 1942 1087 2014 Θεῷ,
1122 1944 1181 2008 ὃς
1215 1946 1307 1999 καὶ
1347 1946 1444 2017 τὴν
1492 1946 1669 2018 σάρκα
1710 1946 1975 2017 ἄχραντον
2009 1946 2119 2016 (749

541 2035 608 2087 ὲκ
637 2033 841 2086 παίδων
864 2020 1223 2105 φιλοτιμεῖται
1244 2036 1554 2105 φυλάττειν,
1586 2036 1884 2107 παρθενίαν
1913 2035 2118 2090 ἀσκῶν.

539 2124 1044 2197 Περισπουδάστους
1071 2126 1203 2199 γάρ,
1236 2128 1474 2199 μεγάλας
1506 2128 1736 2181 ἐλπίδων
1764 2126 1970 2199 δωρεὰς
2010 2127 2121 2190 τοῖς

538 2221 846 2292 ἐφιεμένοις
891 2223 1060 2294 αὐτῆς
1104 2222 1312 2293 ταχέως
1345 2222 1519 2294 φέρει,
1547 2221 1617 2276 τά
1657 2221 1995 2293 λυμαντήρια
2020 2220 2121 2291 τῆς

536 2312 717 2384 ψυχῆς
751 2312 1201 2385 άπομαραίνουσα
1225 2311 1372 2382 πάθη
1410 2313 1504 2366 καὶ
1530 2311 1951 2382 ὑπεκκαύματα.
1981 2311 2115 2381 Φέρε

537 2420 668 2477 γαρ,
701 2405 1083 2475 εἰσηγήσωμαι
1116 2403 1235 2467 πῶς
1261 2402 1597 2473 ἀνακείμεθα
1622 2402 1700 2473 τῷ
1732 2402 1940 2473 Κυρίῳ.

2222 1937 2343 1994 haec
2373 1941 2679 2007 sententia;
2718 1942 2930 2014 hocque
2959 1943 3217 2012 dicimus,
3266 1945 3509 2017 perfecte
3557 1946 3671 2004 Deo
3707 1949 3796 2005 of-

2221 2027 2356 2084 ferri
2389 2045 2454 2085 ac
2483 2032 2820 2095 consecrari,
2851 2033 2945 2102 qui
2978 2041 3033 2089 et
3054 2049 3277 2089 carnem
3314 2050 3343 2088 a
3378 2050 3549 2105 puero
3577 2037 3797 2092 intami-

2226 2129 2416 2177 natam
2448 2124 2782 2194 virginitatis
2826 2126 2978 2180 cultu
3034 2141 3255 2182 servare
3307 2128 3605 2184 contendit.
3655 2128 3797 2187 Vero

2220 2214 2369 2268 enim
2402 2216 2734 2284 expetendas
2766 2215 2887 2286 ejus
2929 2222 3177 2273 accensis
3219 2219 3515 2283 desiderio,
3558 2228 3795 2292 magnas

2222 2320 2515 2361 munerum
2537 2323 2664 2377 spes
2700 2307 2877 2373 aﬂert,
2908 2325 3029 2379 quas
3051 2311 3315 2367 exitiosos
3349 2313 3534 2367 animo
3585 2314 3794 2370 labefa-

2223 2405 2334 2451 ctet
2365 2396 2594 2454 affectus
2638 2414 2706 2454 ac
2758 2400 3009 2456 incendia
3057 2403 3402 2472 comprimat.
3435 2403 3592 2460 Nunc
3619 2407 3796 2478 expli-

2218 2490 2454 2542 candum
2483 2491 2757 2560 quomodo
2789 2500 2979 2548 nostra
3027 2490 3139 2548 Deo
3166 2497 3510 2552 consecratio
3541 2496 3792 2557 devotio-

2216 2595 2325 2650 que
2349 2582 2637 2635 consistat.

1320 2689 1449 2744 CAP.
1489 2687 1578 2742 ιν.
1612 2687 1854 2758 Perfecta
1878 2686 1988 2743 Deo
2016 2689 2348 2742 consecratio
2370 2698 2428 2743 et
2470 2689 2698 2757 devotio,
2726 2708 2970 2765 quanam
2988 2698 3016 2750 ἴ

602 2808 680 2863 To
703 2807 853 2879 γοῦν,
880 2809 1162 2881 Mentitur
1184 2807 1476 2873 εὔξασθαι
1501 2803 1714 2875 εὐχὴν,
1742 2808 1802 2860 ὲν
1824 2807 1938 2868 τοῖς
1964 2806 2111 2876 Ἀρι-

532 2900 692 2972 θμοῖς
737 2901 1209 2973 νομοθετούμενον,
1241 2900 1402 2955 τοῦτο
1446 2899 1795 2971 παρίστησιν,
1838 2897 1975 2969 ὅπερ
2016 2897 2110 2950 ἐπὶ

533 2991 697 3045 πλέον
747 2989 858 3060 ἐγὼ
903 2990 1278 3062 διηγησαμένη
1320 2988 1625 3059 ἀποφαίνω,
1667 2987 1910 3059 μεγάλην
1931 2988 2105 3059 εὐχὴν

534 3074 672 3136 εἶναι
702 3080 854 3153 παρὰ
879 3082 1058 3144 πάσας
1076 3079 1241 3152 εὑχάς
1264 3078 1690 3135 άποδεικνύουσα
1742 3076 1842 3149 τὴν
1871 3078 2105 3147 ἁγνείαν.

2212 2794 2215 2797 ’
2286 2803 2444 2873 Quod
2475 2807 2655 2877 itaque
2675 2808 2731 2863 in
2754 2808 2895 2865 libro
2923 2809 3283 2867 Numerorum
3308 2814 3791 2888 sancitumllagm

2216 2905 2393 2949 votum
2425 2913 2605 2951 vovere
2641 2899 2708 2964 ”,
2736 2899 2839 2955 hoc
2871 2901 3132 2968 ostendit,
3162 2903 3313 2974 quod
3346 2921 3445 2976 ego
3478 2908 3640 2977 paulo
3670 2925 3789 2965 am-

2210 2983 2358 3052 plius
2377 2984 2703 3054 explanans,
2726 3002 2985 3059 magnum
3008 2999 3195 3045 votum
3240 2992 3384 3048 inter
3412 2997 3593 3050 omnia
3635 3011 3783 3064 v0ta,

2210 3075 2596 3132 castimoniam
2628 3093 2750 3135 esse
2788 3086 2969 3136 statuo
2988 3097 3053 3136 ac
3077 3084 3268 3152 probo.
3306 3084 3461 3142 Tunc
3493 3090 3638 3144 enim
3691 3107 3780 3161 pa-

532 3174 667 3227 Τότε
697 3172 807 3245 γὰρ
835 3172 1129 3243 ἀνάκειμαι
1149 3170 1439 3243 προφανῶς
1465 3171 1614 3224 πᾶσα
1627 3166 1705 3239 τῷ
1719 3168 2105 3271 Κυρίιρζ

2212 3167 2320 3221 lam
2342 3176 2400 3222 et
2420 3168 2475 3223 in
2498 3169 2731 3225 solidum
2765 3178 2988 3244 totaque
3023 3173 3255 3231 Domino
3283 3191 3606 3236 consecrata
3635 3199 3781 3245 sum.

535 3262 611 3334 μὴ
648 3263 807 3335 μᾶνον
849 3263 950 3332 τὴν
989 3262 1166 3334 σάρκα
1204 3260 1493 3324 συνουσίας
1518 3260 1816 3330 ἀνέπαφον,
1852 3257 1987 3312 ἀλλὰ
2012 3260 2108 3312 καὶ

2208 3274 2332 3314 cum
2366 3275 2475 3315 non
2499 3260 2675 3315 solum
2704 3277 2927 3318 carnem
2967 3279 2998 3318 a
3037 3267 3332 3322 concubitu
3380 3270 3663 3342 intactam,
3693 3292 3784 3333 ve—

530 3355 641 3407 τῶν
668 3352 871 3406 λοιπῶν
890 3352 1255 3424 άτοπημάτων
1280 3352 1507 3407 ἄσπιλον
1532 3356 1719 3423 τηρεῖν
1747 3352 2104 3423 ἀγωνίζομαι.

543 3442 607 3495 Ἠ
629 3441 739 3510 τάρ
759 3441 1002 3512 ἄγαμος,
1030 3442 1183 3512 φησὶ,
1212 3440 1465 3510 μεριμνᾷ
1487 3442 1561 3495 τὰ
1584 3440 1693 3496 τοῦ
1715 3442 1958 3511 Κυρίου,
1979 3441 2108 3509 πῶς
2136 3447 2143 3491 1

532 3534 738 3603 ἀρέσει
764 3533 846 3599 τῷ
877 3535 1073 3602 Κυρίῳ
1098 3558 1101 3561 ν
1131 3535 1191 3588 οὐ
1224 3535 1381 3606 μόνον
1407 3535 1495 3589 ἵνα
1528 3535 1603 3607 μὴ
1630 3534 1809 3605 χωλὴν
1839 3535 1938 3606 τῆς
1978 3535 2108 3607 άρε-

530 3622 630 3693 τῆς
659 3621 801 3676 κατά
830 3640 883 3675 τι
915 3623 1101 3693 μόριον
1133 3622 1501 3695 άπενέγκηται
1528 3624 1626 3695 τὴν
1654 3623 1830 3690 δόξαν,
1854 3624 1975 3677 ἀλλ’
2002 3626 2106 3695 ἄμ-

531 3732 636 3779 φω,
671 3716 813 3770 κατά
831 3716 928 3769 τὸν
968 3716 1305 3780 Ἀπόστολον,
1329 3716 1427 3770 καὶ
1456 3718 1527 3769 ἐν
1552 3715 1632 3781 τῷ
1660 3715 1888 3787 σώματι
1910 3717 2011 3771 καί
2035 3717 2106 3770 ἐν

526 3807 610 3875 τῷ
644 3808 934 3877 πνεύματι
974 3807 1293 3876 ἀγιάζηται,
1328 3808 1588 3861 ἀναθεῖσα
1619 3809 1687 3863 τά
1718 3809 1855 3881 μέλη
1889 3808 2098 3881 Κυρίῳ.

526 3898 594 3952 Τί
627 3901 735 3972 γάρ
763 3901 880 3953 ἐστι
907 3898 966 3953 τὺ
996 3900 1269 3955 ἀναθεῖναι
1307 3902 1497 3954 ἑαυτὸν
1523 3901 1741 3967 τελείως
1773 3902 1983 3975 Κυρίῳ,
2016 3901 2103 3955 λε-

527 3991 704 4045 κτέον.
724 3991 846 4045 Ἐάν
873 3991 966 4046 ἐπὶ
998 3991 1163 4045 τῶνδε
1195 3992 1292 4062 μὲν
1319 3992 1513 4057 άνοίξω
1542 3993 1604 4046 τὸ
1630 3994 1820 4065 στόμα,
1844 3994 1936 4047 ἐπὶ
1960 3992 2099 4046 τῶν-

524 4083 582 4137 δε
610 4084 667 4137 δὲ
698 4084 1063 4138 κατακλείσωθ
1101 4078 1229 4148 οἷον,
1265 4084 1459 4149 άνοίξω
1494 4085 1593 4155 μὲν
1619 4086 1745 4156 περὶ
1775 4087 1875 4149 τὰς
1902 4085 2101 4157 ἐξηγή-

526 4193 642 4240 σεις
670 4175 775 4229 τῶν
806 4177 1059 4248 Γραφῶν,
1087 4177 1166 4240 είς
1196 4175 1254 4231 τὸ
1284 4176 1575 4250 ὀρθοδὸξως
1604 4178 1840 4248 ὑμνῆσαι
1871 4179 1966 4231 καὶ
1998 4194 2097 4249 με-

522 4267 886 4341 γαλοπρεπῶς
917 4269 1057 4323 κατὰ
1079 4269 1305 4340 δύναμιν
1333 4271 1422 4323 τὸν
1453 4270 1585 4323 Θεόν
1603 4287 1616 4300 ⁸
1648 4270 1989 4324 κατακλείσω
2016 4270 2094 4335 δὲ,

525 4361 698 4433 θύραν
728 4361 877 4433 αὑτῷ
906 4361 1102 4434 θεμένη
1130 4363 1223 4415 καὶ
1256 4361 1521 4434 φυλακὴν,
1554 4361 1647 4415 τοῦ
1679 4362 1880 4433 μάταια
1911 4363 1984 4433 μὴ
2004 4362 2099 4417 λα-

520 4456 664 4510 λεῖνο
711 4455 933 4526 ἁγνεύει
974 4473 1076 4527 μου
1114 4456 1175 4509 τὸ
1205 4456 1377 4527 στόμα
1404 4455 1498 4509 καὶ
1525 4455 1805 4508 ἀνάκειται
1836 4453 1914 4525 τῷ
1941 4453 2090 4527 Θεῷ*

533 4550 596 4607 Ἡ
613 4549 868 4619 γλῶσσά
885 4568 1004 4620 μου
1033 4548 1299 4618 κάλαμος
1342 4548 1584 4618 γέγονεν,
1615 4547 1841 4623 ὄργανον
1871 4547 2058 4616 σοφίας
2079 4566 2095 4580 ·

2061 4602 2173 4658 -D

2206 3364 2327 3403 rum
2376 3351 2540 3406 etiam
2590 3367 2621 3406 a
2668 3353 2895 3424 reliquis
2925 3354 3184 3411 vitiorum
3216 3359 3475 3416 sordibus
3524 3365 3784 3437 omnique

2208 3442 2552 3511 turpitudine
2579 3444 2844 3499 illibatam
2873 3460 3096 3503 servare
3126 3453 3420 3506 contendo.
3490 3448 3633 3505 Nam
3694 3457 3780 3510 in-

2204 3542 2393 3602 nupta,
2426 3534 2672 3608 inquit“,
2695 3541 3028 3611 cogitatqua:
3059 3541 3275 3597 Domini
3318 3553 3463 3611 sunt,
3514 3548 3776 3617 quomodo

2205 3623 2414 3691 placeat
2441 3625 2706 3691 Domino;
2736 3642 2847 3682 non
2869 3630 3044 3685 solum
3073 3640 3133 3687 ut
3165 3648 3232 3688 ex
3260 3642 3414 3703 parte
3459 3635 3529 3690 ad
3561 3638 3777 3694 claudi-

2200 3722 2416 3771 cantem
2447 3717 2670 3773 virtutis
2697 3719 3010 3788 opinionem
3062 3723 3391 3796 laudemque
3417 3728 3641 3793 referat,
3674 3732 3772 3787 sed

2206 3812 2267 3859 ut
2296 3815 2550 3877 utroque,
2582 3816 2644 3862 ut
2671 3815 2863 3863 auctor
2882 3810 3178 3880 Apostolus
3206 3822 3309 3879 est,
3342 3825 3392 3870 et
3423 3833 3640 3886 corpore
3665 3822 3778 3874 sci»

2200 3898 2330 3953 licet
2358 3907 2413 3954 et
2435 3901 2627 3969 spiritu
2656 3910 2843 3956 sancta
2874 3902 2966 3967 sit,
2998 3907 3340 3962 consecratis
3375 3911 3637 3966 membris
3672 3909 3778 3967 Do-

2197 3989 2369 4045 mino.
2401 3991 2544 4057 Quid
2579 3994 2726 4047 enim
2756 3995 2832 4049 sit
2845 4009 2906 4050 se
2933 3994 3044 4050 Deo
3076 3996 3316 4076 perfecte
3340 4013 3685 4067 consecrare,
3711 4004 3768 4060 id

2196 4098 2329 4138 vero
2356 4083 2668 4141 dicendum.
2713 4083 2785 4140 Ut
2819 4086 2923 4143 sub
2974 4090 3225 4160 exemplo
3281 4091 3473 4163 loquar
3514 4111 3531 4149 :
3594 4092 3651 4147 Si
3699 4098 3778 4151 os'

2196 4191 2376 4231 meum
2406 4177 2473 4231 ad
2507 4177 2753 4247 quaedam
2781 4194 3074 4248 aperuero,
3106 4181 3174 4235 ad
3202 4183 3449 4253 quadam
3484 4185 3756 4243 clausero.

2196 4267 2354 4332 Puta,
2380 4268 2620 4339 aperiam
2653 4270 2979 4325 enarrandis
3001 4269 3321 4341 Scripturis,
3374 4281 3434 4329 ut
3484 4284 3629 4331 recta
3668 4277 3772 4335 ﬁde

2196 4373 2261 4413 ac
2280 4360 2588 4429 magniﬁce,
2618 4368 2822 4429 quanta
2872 4361 3104 4418 facultas
3134 4372 3245 4428 est,
3280 4363 3373 4421 Dei
3406 4367 3657 4424 laudibus
3685 4370 3768 4425 in-

2194 4449 2449 4514 cumbat;
2477 4448 2727 4504 claudam
2749 4466 2897 4517 vero,
2911 4454 3054 4509 ostio
3069 4454 3327 4526 imposito
3344 4473 3407 4513 ac
3424 4460 3674 4516 custodia
3692 4463 3763 4526 ",

2196 4556 2267 4596 ne
2295 4541 2478 4595 inania
2508 4541 2764 4612 loquatur
2792 4560 2808 4597 :
2843 4559 2907 4600 os
2936 4560 3119 4601 meum
3170 4557 3385 4604 castum
3430 4558 3517 4606 est
3544 4567 3608 4607 ac
3656 4552 3767 4611 Deo

519 4644 718 4715 γράφει
748 4642 859 4714 γάρ
890 4643 956 4695 δι’
989 4642 1159 4712 αὐτῆς
1185 4640 1460 4714 άριδήλοις
1488 4642 1830 4711 γράμμασιν,
1859 4639 1964 4693 ὑπὸ
1998 4639 2092 4693 τοῦ

2208 4639 2605 4689 consecratum.
2636 4632 2847 4708 Lingua
2893 4653 3010 4692 mea
3041 4638 3281 4694 calamus
3327 4642 3376 4677 “
3407 4644 3638 4710 exstitit,
3667 4644 3767 4701 Sa-

521 4734 717 4807 βάθους
745 4735 839 4788 xui.
868 4735 967 4806 τῆς
994 4733 1297 4804 δεινότητος
1327 4732 1436 4786 τῶν
1468 4733 1701 4804 Γραφῶν
1735 4733 1980 4801 φωτίζων
2000 4733 2090 4787 τὸν

518 4824 640 4880 νοῦν
670 4823 806 4899 (75),
853 4822 949 4878 τοῦ
993 4823 1310 4895 Πνεύματος
1363 4824 1393 4876 ὁ
1437 4822 1609 4891 Λόγος
1641 4821 1776 4895 (76),
1818 4824 1849 4876 δ
1887 4823 2089 4895 Κύριος

2197 4726 2412 4797 pientiae
2433 4741 2720 4797 organum.
2750 4727 2956 4783 Scribit
2976 4730 3120 4784 enim
3145 4747 3243 4804 per
3266 4732 3412 4787 illam
3444 4736 3766 4795 clarissimis

2195 4818 2418 4885 litteris,
2463 4833 2529 4874 ex
2556 4819 2676 4875 alto
2720 4819 3019 4892 subtilique
3062 4821 3475 4894 Scripturarum
3509 4830 3562 4884 vi
3614 4845 3764 4885 men-

584 4941 630 4973 “
673 4938 863 4994 Thren.
893 4953 979 5003 tu,
1010 4936 1102 4993 27.
1178 4936 1226 4968 "
1260 4933 1375 4989 Jer.
1407 4950 1542 5001 xvn,
1571 4937 1627 4991 3.
1729 4935 1778 4970 "
1816 4933 1981 4989 Num.
2040 4951 2117 5002 vr,

2208 4976 2218 4990 .
2294 4931 2343 4966 “
2380 4928 2556 4986 ICor.
2586 4947 2686 4998 vn,
2728 4933 2819 4988 54.
2924 4934 2971 4968 ⁸⁸
3008 4934 3162 4991 Ρεαί.
3188 4952 3315 5006 cst,
3342 4941 3395 4996 5.
3501 4942 3548 4975 ’⁸
3608 4943 3761 5001 Ρεαί.

517 5027 664 5075 xuv,
693 5009 748 5064 2.

542 5124 698 5253 θ1873)
735 5125 815 5194 Τῇ
849 5125 977 5191 θείᾳ
1004 5119 1301 5192 προσοχῇ.
1330 5116 1561 5202 Virtutis
1589 5119 1866 5210 diligentia
1898 5126 1983 5175 est
2020 5134 2086 5174 ac

615 5198 809 5253 ulitas:
850 5210 935 5253 ac.
965 5194 1110 5253 quod
1149 5190 1464 5253 reddebam,
1494 5190 1779 5253 disciplina
1802 5205 1824 5242 .'
1852 5204 1962 5253 quo
1990 5204 2082 5243 ar-

513 5190 809 5263 sedulitas—j
850 5190 1110 5262 ac,rquod
1149 5190 1464 5263 reddebam,
1494 5190 1779 5263 disciplina
1802 5205 1824 5242 ε
1852 5204 1962 5263 quo
1990 5204 2082 5263 ar-

511 5275 772 5342 gumento
797 5259 1066 5342 praeclare
1104 5264 1247 5342 inter
1282 5261 1525 5342 reliquos
1562 5259 1815 5342 Basilius.
1840 5261 2082 5342 ﬁgentia

512 5329 752 5412 dicatur,
770 5329 869 5407 per
889 5350 975 5389 me
1001 5335 1160 5412 licet;
1186 5332 1475 5412 προσευχῇ.
1488 5330 1635 5401 quod
1656 5329 2078 5412 habent_Mazar.

512 5420 564 5464 ut
596 5400 851 5468 Allatitis,
878 5420 990 5459 non
1023 5405 1220 5474 placet.
1239 5400 1314 5455 Et
1345 5400 1564 5474 quidem
1592 5400 1876 5474 oratio_vel
1904 5401 2080 5474 maxi-

514 5495 598 5534 me
629 5477 824 5548 virgini
860 5469 1170 5530 necessaria
1189 5479 1338 5548 utse
1364 5469 1674 5548 contineat;
1701 5470 1797 5548 sed
1828 5469 1955 5523 huic
1978 5485 2079 5548 Iac-

2190 5129 2426 5200 secratio
2444 5128 2548 5185 est,
2571 5135 2697 5175 cum
2712 5120 2844 5200 ipsa
2867 5137 2998 5177 caro
3019 5125 3347 5200 virginitatis
3367 5129 3515 5200 cultu
3540 5144 3571 5182 a
3591 5145 3761 5200 puero

2192 5191 2513 5277 intemerata
2549 5191 2894 5277 constiterit;
2923 5196 3068 5277 quod
3107 5191 3263 5277 ζει-ιε
3303 5197 3532 5252 arduum
3561 5191 3754 5277 _éer_ta-

2190 5275 2336 5315 men.
2360 5261 2477 5314 Alia
2505 5262 2719 5330 supplet
2743 5260 3026 5318 Possinius
3054 5266 3237 5322 minus
3261 5268 3632 5324 accommoda.
3654 5271 3754 5323 Hs-

2190 5330 2610 5400 ρισπουδάστους
2635 5346 2699 5385 ex
2728 5332 2918 5387 eodem
2946 5335 3147 5390 Allatio
3176 5339 3508 5457 suppletum,
3536 5341 3641 5395 etsi
3669 5357 3753 5410 το,

2190 5399 2649 5461 περισπούδαστος
2676 5398 2796 5455 Vat.
2819 5418 2926 5457 non
2956 5406 3224 5461 displicet.
3277 5422 3327 5459 υ.

2184 5400 2649 5469 περισπούδαστος
2676 5400 2796 5455 Vat.
2819 5418 2926 5457 non
2956 5406 3224 5476 displicet.
3247 5400 3327 5459 Π».
3494 5400 3503 5403 ⁷
3738 5400 3751 5410 ’

2248 5470 2369 5555 [⁷5)
2399 5469 2583 5555 mar.
2608 5471 2859 5555 Auatius,
2886 5474 3067 5555 v6_p.ov-
3091 5477 3186 5545 qui
3212 5483 3268 5530 et
3295 5490 3420 5532 mox
3450 5477 3610 5537 habet
3636 5479 3752 5555 ἐξη.

512 5539 961 5604 εειίεηιῖιεεεεεε
984 5551 1092 5606 εει,
1130 5543 1293 5598 etiam
1324 5542 1542 5611 reliqua
1571 5540 1790 5611 virtutis
1813 5539 2075 5611 exercitia

2208 5544 2355 5611 νεῖται
2374 5556 2482 5611 pro
2509 5540 2900 5611 άναγράφεται.
2930 5539 3006 5599 Ib.

514 5629 674 5685 atque
710 5631 901 5689 opera,
943 5621 1005 5669 ut
1033 5616 1106 5670 sit
1128 5614 1287 5685 plena
1324 5609 1699 5669 sanctiﬁcatio
1728 5623 1797 5664 ac
1845 5609 2067 5664 oblatio.

512 5693 852 5825 ωέἧῗῗῆν
884 5753 1084 5823 σάρκα
1111 5740 1429 5878 amor.
1461 5749 1780 5806 Necessario
1811 5750 1955 5804 istud
1984 5766 2079 5805 as-

514 5838 785 5878 sumptum
812 5843 878 5878 ex
897 5825 1119 5878 Allatio.
1288 5837 1527 5878 nataque
1549 5821 1787 5878 perfecta
1811 5818 1921 5877 Deo
1941 5836 2077 5876 an.

514 5838 785 5902 sumptum
812 5843 878 5883 ex
897 5825 1119 5881 Allatio.

2252 5609 2508 5694 (ῖθγῖοῦ
2538 5609 2904 5694 Πκέύματος.
2925 5615 3198 5694 άΛιξιῃος.
3229 5615 3430 5694 Durius
3455 5620 3752 5694 videretur,

2186 5680 2306 5760 nisi
2328 5680 2455 5735 nota
2487 5689 2633 5735 esset
2664 5696 2820 5760 mens
2855 5680 3289 5760 Methodiiﬁpso
3323 5691 3455 5760 satis
3482 5680 3754 5760 explicati

2184 5759 2460 5815 contextu,
2490 5766 2601 5829 quno
2628 5749 2723 5829 τοῦ
2752 5751 3063 5829 Πνεύματος
3086 5749 3218 5829 voce
3238 5773 3345 5812 non
3376 5757 3431 5829 Si
3453 5749 3611 5816 iritus
3632 5778 3747 5829 per-

1288 5837 1527 5895 namque
1547 5821 1787 5891 perfecta
1811 5818 1921 5877 Deo
1941 5836 2077 5876 con-
2181 5835 2396 5887 sonam,
2424 5818 2521 5876 sed
2545 5819 2742 5887 Patris,
2768 5837 2827 5879 se
2850 5818 2987 5878 velle
3012 5826 3300 5896 signiﬁcat,
3327 5818 3485 5901 cujus
3499 5841 3553 5885 et
3570 5818 3749 5885 scriba
