4140 6428
392 388 497 445 105

1474 384 1858 442 CONVIVIUM
1898 383 2128 441 DECEM
2170 382 2524 439 VIRGINUM.

3522 388 3623 444 {06

840 528 973 585 Car.
1025 525 1091 582 ν.
1139 526 1327 582 Votum
1348 528 1618 583 castitatis
1648 527 1866 598 ejusque
1895 528 2029 582 ritus
2065 528 2121 581 in
2166 527 2295 598 lege.
2336 526 2501 592 Vites,
2531 525 2774 583 Christus
2800 533 2849 580 et
2884 524 3126 579 diabolus

457 670 798 744 Πειράσομαι
829 670 886 725 δὲ
910 669 1003 725 καὶ
1026 671 1093 725 τά
1121 670 1243 742 ἑξῆς
1269 670 1417 742 ὑμῖν,
1451 670 1729 743 παρθένοι,
1758 671 1949 745 φράσαι

2133 669 2272 725 Hinc
2323 670 2436 741 jam
2481 677 2874 743 consequenter
2908 682 3180 740 exponere
3234 682 3452 739 pergam
3506 685 3627 741 qua:

384 762 493 820 τῶν
523 764 847 829 διατάξεων
878 763 1175 835 ἐπειδήπερ
1210 762 1318 817 τῶν
1357 764 1631 837 σφετέρων
1667 764 1960 837 ἐξήρτηται

383 857 481 912 καὶ
504 856 644 911 αύτά
670 854 1128 927 κατορθωμάτων,
1163 854 1354 927 θεσμοὶ
1384 858 1513 931 περὶ
1544 857 1840 929 παρθενίας
1871 857 1961 910 ὅν-

384 964 474 1012 τα,
502 949 597 1001 καὶ
626 947 864 1022 χρησμοὶ
884 946 1225 1012 διδάσκοντες
1251 948 1327 1012 ὡς
1347 948 1643 1019 ἀπέχεσθαι
1671 949 1958 1021 προσήκει,

386 1041 481 1095 καὶ
530 1039 813 1108 ἀναγωγὸν
852 1035 992 1093 εἶναι
1042 1039 1140 1112 τὴν
1183 1039 1447 1111 παρθένον
1480 1040 1613 1110 (79).
1648 1040 1958 1113 Γέγραπται

384 1130 495 1202 γάρ
534 1129 707 1194 οὕτως
728 1146 741 1160 ·
777 1130 885 1185 Καὶ
918 1130 1188 1198 ἐλάλησε
1219 1133 1435 1199 Κύριος
1462 1130 1541 1198 τῷ
1579 1130 1826 1200 Μωῦσῇ,
1868 1132 1961 1185 λέ-

385 1237 523 1291 γωνο
558 1219 849 1289 Λάλησον
877 1220 1001 1287 τοῖς
1029 1221 1182 1288 υἱοῖς
1215 1221 1471 1290 Ἰσραὴλ,
1505 1223 1602 1276 καὶ
1629 1221 1781 1290 ἐρεῖς
1809 1221 1959 1289 πρὸς

384 1312 636 1377 αὐτούς·
682 1310 851 1381 Ἀνὴρ
894 1311 933 1381 ἢ
976 1312 1153 1382 γυνὴ,
1186 1311 1258 1380 ὃς
1294 1312 1372 1367 ἂν
1403 1312 1677 1383 μεγάλως
1715 1312 1958 1381 εὔξηται

384 1404 577 1475 εὐχὴν
592 1402 1033 1475 ἀφατνισθῆναι
1050 1405 1263 1473 Κυρίῳ,
1292 1404 1411 1459 ἀπὸ
1437 1406 1649 1474 σίκερα
1664 1405 1762 1458 καὶ
1788 1405 1957 1457 οἴνου

380 1495 834 1567 άγνισθήσεται,
865 1495 963 1551 καὶ
985 1495 1124 1563 ὄξος
1144 1496 1213 1562 ἐξ
1243 1497 1433 1562 οἴνου,
1467 1498 1565 1552 καὶ
1596 1496 1737 1563 ὅξος
1764 1497 1832 1550 ἐκ
1860 1497 1957 1551 σι’-

383 1605 548 1657 κερα,
584 1588 682 1642 καὶ
718 1586 835 1641 ὅσα
863 1586 1270 1658 κατεργάζεται
1296 1588 1365 1642 ἐκ
1394 1585 1815 1658 σταφυλῆς,οὺ
1839 1587 1958 1641 πίε-

383 1696 505 1735 ταιο
552 1679 650 1733 καὶ
680 1677 1003 1749 σταφυλὴν
1049 1680 1398 1749 πρόσφατον
1441 1679 1541 1733 καὶ
1582 1678 1847 1749 σταφίδα
1885 1681 1957 1733 οὐ

381 1774 648 1843 φάγεται,
681 1773 885 1840 πάσας
934 1774 1042 1841 τὰς
1090 1772 1313 1843 ἡμέρας
1361 1771 1472 1843 τῆς
1520 1770 1707 1843 εὐχῆς
1746 1773 1952 1827 αὐτοῦ.

384 1864 560 1935 Ὅπερ
591 1862 736 1916 ἐστίν
758 1879 773 1893 σ
819 1862 950 1915 Ἀπὸ
976 1860 1071 1915 τοῦ
1101 1860 1269 1932 φυτοῦ
1296 1861 1393 1933 τῆς
1424 1862 1686 1933 πονηρίας
1704 1858 1816 1913 τῶν
1836 1877 1957 1929 γεν-

380 1954 639 2027 νωμένων
670 1956 699 2009 ὁ
742 1955 1124 2025 κατεγγυήσας
1165 1953 1356 2008 ἑαυτὸν
1384 1953 1461 2026 τῷ
1491 1952 1681 2025 Κυρίῳ
1711 1953 1803 2006 καὶ
1833 1953 1959 2005 ἀνα-

2061 763 2168 818 isto
2218 763 2353 835 legis
2411 763 2535 820 loco
2567 763 3029 836 praescribuntur;
3082 758 3229 832 quod
3264 760 3379 815 haec
3408 776 3627 832 quoque

2059 854 2257 910 vestris
2294 870 2506 911 annexa
2537 856 2649 911 sint
2677 853 2999 909 muneribus
3040 851 3286 916 oracula,
3317 852 3567 906 docentis
3595 868 3627 907 a

2058 947 2259 1017 quibus
2281 948 2547 1020 virginem
2588 946 2859 1002 abstinere
2892 944 3083 1001 deceat
3139 955 3193 999 et
3245 959 3368 1015 quas
3392 959 3422 997 a
3451 959 3510 999 se
3540 962 3631 999 ιιι-α

2056 1054 2200 1094 cere.
2239 1038 2331 1095 Sic
2362 1047 2543 1095 autem
2582 1039 2782 1094 habent
2812 1040 2827 1069 ¹
2863 1056 2876 1092 :
2926 1037 2996 1091 Et
3026 1036 3230 1091 locutus
3255 1044 3335 1091 est
3364 1035 3627 1091 Dominus

2058 1130 2128 1184 ad
2151 1130 2391 1202 Moysen,
2429 1132 2606 1187 dicens
2639 1148 2657 1185 :
2687 1130 2917 1201 Loquere
2939 1130 3066 1199 ﬁliis
3098 1128 3298 1193 Israel,
3320 1138 3368 1183 et
3396 1128 3537 1183 dices
3558 1128 3627 1182 ad

2055 1238 2144 1277 eos
2170 1238 2189 1276 :
2230 1221 2318 1276 Vir
2345 1225 2451 1278 sive
2481 1223 2675 1278 mulier
2702 1223 2992 1294 quicunque
3021 1238 3206 1292 magne
3234 1221 3412 1291 fecerit
3452 1230 3628 1275 uotum

2056 1313 2395 1384 testiﬁcandi
2442 1316 2747 1370 castitatem
2806 1314 3053 1378 Domino,
3108 1330 3141 1366 a
3178 1313 3350 1367 sicera
3399 1322 3449 1368 et
3508 1312 3627 1367 vino

2058 1405 2366 1474 temperabit
2399 1423 2418 1460 :
2438 1415 2488 1461 et
2515 1415 2720 1461 acetum
2753 1421 2819 1460 ea:
2852 1406 2993 1468 uino,
3030 1414 3080 1460 et
3114 1416 3315 1458 acetum
3342 1420 3409 1459 ea:
3434 1405 3624 1466 sicera,

2055 1505 2105 1550 et
2134 1513 2453 1570 quwcunque
2479 1514 2545 1552 ea:
2569 1514 2671 1553 uva
2709 1498 2866 1568 ﬁunt,
2901 1515 3006 1552 non
3051 1496 3210 1563 bibet,
3255 1507 3307 1551 et
3354 1514 3511 1553 uvam
3546 1513 3629 1552 re-

2056 1596 2275 1653 centem,
2306 1597 2356 1643 et
2380 1606 2535 1644 uuam
2563 1605 2781 1654 passam
2810 1606 2912 1643 non
2934 1589 3188 1653 comedet,
3229 1589 3469 1643 omnibus
3514 1589 3629 1644 die—

2056 1678 2154 1734 bus
2184 1681 2290 1735 uoti
2307 1683 2413 1737 sui.
2447 1680 2564 1737 Hoc
2587 1688 2671 1736 est
2700 1698 2714 1735 :
2764 1681 2869 1746 Qui
2900 1695 2960 1735 se
2991 1679 3223 1735 Domino
3256 1681 3405 1736 vovit
3434 1681 3625 1753 illique

2055 1773 2420 1840 consecravit,
2450 1789 2560 1828 non
2589 1772 2767 1843 carpit
2788 1789 2853 1829 ex
2881 1774 2989 1829 illis
3032 1788 3155 1843 quae
3195 1788 3259 1828 ex
3308 1773 3504 1830 arbore
3531 1788 3628 1829 ne-

2054 1863 2244 1935 quitia:
2272 1872 2598 1930 nascuntur,
2628 1865 2775 1936 quod
2806 1880 2871 1921 ca
2895 1880 3110 1935 semper
3140 1864 3462 1921 ebrietatem
3506 1872 3562 1920 et
3596 1879 3627 1919 a

2058 1972 2193 2013 sana
2241 1963 2424 2012 mente
2470 1957 2852 2012 alienationem
2906 1956 3120 2011 soleant
3177 1956 3457 2012 inducere.
3509 1955 3627 2011 Duo

382 2048 495 2112 θεὶς
522 2048 581 2104 οὐ
619 2047 894 2120 δρέψεται,
934 2046 1022 2101 διὰ
1048 2046 1109 2100 τὸ
1143 2046 1472 2119 παρεκτικδν
1497 2046 1583 2099 ἀεὶ
1613 2045 1781 2117 μέθης
1818 2044 1949 2098 αὐτὸ

2051 2050 2195 2105 enim
2222 2048 2416 2102 vitium
2449 2063 2671 2120 genera,
2701 2054 2967 2120 quantum
2996 2063 3063 2103 ex
3091 2045 3393 2119 Scripturis
3426 2048 3626 2104 intelli-

379 2140 476 2194 καὶ
504 2140 814 2204 ἐκστάσεως
845 2140 1160 2209 πεφυκέναι.
1196 2138 1299 2192 Δύο
1334 2137 1443 2210 γὰρ
1471 2137 1730 2209 ἀμπέλων
1768 2136 1953 2206 διαφο-

380 2231 483 2305 ρὰς
509 2235 574 2286 ὲκ
592 2231 699 2285 τῶν
715 2232 945 2305 Γραφῶν
968 2231 1274 2304 ᾐσθήμεθα,
1299 2231 1355 2284 αἳ
1380 2232 1548 2303 χωρὶς
1574 2229 1819 2302 ἀλλήλων
1841 2231 1953 2297 ἐγε-

379 2325 597 2396 νέσθην,
624 2326 893 2397 ἀνομοίως
917 2342 977 2377 τε
1010 2324 1247 2395 ἔχεσθον.
1296 2323 1362 2377 Ἡ
1391 2323 1487 2394 μὲν
1518 2322 1625 2393 τάρ
1658 2320 1953 2383 ἀθανασίας

376 2436 442 2472 τε
474 2419 570 2473 καλ⁸
599 2418 941 2488 δικαιοσύνης
969 2417 1086 2471 ἐστὶ
1118 2416 1421 2489 παρεκτική
1442 2432 1456 2447 ο
1492 2419 1526 2487 ή
1557 2416 1613 2470 δὲ
1645 2415 1840 2487 μανίας
1883 2413 1951 2470 αὖ

379 2510 474 2564 καὶ
510 2508 1240 2582 παραφροσύνης.”Δμπελος
1284 2507 1381 2579 μὲν
1422 2505 1532 2579 γάρ
1571 2506 1830 2578 νηφάλιος
1861 2507 1954 2559 καὶ

379 2601 735 2673 εύφραντικὴ,
789 2599 1084 2672 κλημάτων
1130 2599 1307 2672 δίκην,
1349 2600 1415 2653 ὲκ
1458 2598 1564 2655 τῶν
1618 2600 1952 2679 μαθημάτων

377 2694 506 2758 τοὺς
542 2691 736 2766 βότρυς
786 2692 985 2765 ἱλαρῶς
1012 2691 1369 2764 ἀπαιωροῦσα
1417 2690 1525 2746 τῶν
1574 2691 1950 2764 χαρισμάτων,

378 2784 813 2850 καταστάζοντας
834 2786 1073 2857 ἀγάπην,
1095 2788 1126 2840 ὁ
1153 2785 1356 2859 Κύριος
1373 2785 1529 2858 ήμῶν
1548 2788 1694 2842 ἐστιν
1722 2784 1948 2856 Ἰησοῧςν

376 2876 603 2947 ὁλέγων
648 2877 942 2950 διαρρήδην
992 2880 1105 2942 τοῖς
1154 2876 1500 2941 ἀποστόλοιςο
1554 2875 1694 2949 Ὲνώ
1736 2878 1852 2947 εἰμι
1909 2876 1951 2945 ἠ

375 2966 645 3037 ἄμπελος
673 2965 953 3036 ἀληθινὴ,
982 2968 1152 3037 ὑμεῖς
1176 2967 1248 3021 τὰ
1275 2966 1579 3037 κλήματα·
1611 2968 1645 3020 ὀ
1662 2965 1729 3019 δὲ
1750 2965 1952 3033 Πατήρ

372 3078 491 3129 μου
517 3064 548 3116 ὁ
590 3060 864 3131 γεωργός.
884 3060 1075 3132 Ἀγρία
1104 3059 1161 3113 δὲ
1196 3060 1291 3113 καὶ
1322 3058 1696 3131 θανατηφόρος
1723 3060 1752 3112 ὁ
1779 3057 1954 3112 διάδο-

375 3151 484 3219 λος,
517 3149 721 3207 λύσσαν
767 3152 861 3207 καὶ
917 3151 993 3205 ῐδν
1030 3153 1124 3207 καὶ
1160 3150 1329 3225 ὀργὴν
1376 3152 1726 3216 ἀποστάζων·
1762 3149 1952 3220 ὥσπερ

373 3243 439 3315 δὴ
472 3245 567 3298 καὶ
598 3244 840 3315 Μωῦσῆς
886 3245 1173 3316 ὑφηγεῖται
1223 3244 1538 3316 διαγράφων
1580 3244 1709 3316 περὶ
1752 3242 1947 3297 αὐτοῦ.
1992 3254 1995 3257 -

388 3333 483 3387 Ἕκ
516 3335 626 3405 γὰρ
654 3335 927 3406 ἀμπέλου
958 3335 1256 3406 Σοδόμων,
1279 3338 1462 3409 φησιν,
1494 3337 1532 3405 ἡ
1558 3336 1823 3406 ἄμπελος
1846 3337 1953 3389 αὺ-

2052 2141 2254 2211 gimus,
2288 2140 2517 2196 seorsim
2551 2139 2880 2210 diversaque
2908 2154 3034 2194 area
3077 2145 3381 2193 nascuntur
3411 2154 3476 2193 ac
3511 2139 3623 2193 dis—

2054 2232 2262 2287 similes
2289 2238 2436 2287 sunt.
2476 2230 2678 2285 Harum
2710 2246 2842 2296 una,
2885 2230 3309 2287 immortalitatis
3339 2236 3530 2284 auctor
3558 2245 3624 2285 ac

2049 2323 2313 2393 iustitiae;
2350 2324 2542 2388 altera,
2592 2322 2798 2378 furoris
2841 2337 2905 2378 ac
2955 2322 3239 2376 dementiae
3277 2336 3446 2377 causa
3479 2322 3621 2387 exsi,

2053 2418 2166 2473 stit.
2182 2415 2387 2487 Nempe
2413 2416 2538 2472 vitis
2563 2415 2782 2487 quidem
2804 2416 2897 2470 illa
2929 2415 3101 2488 prior,
3134 2415 3315 2470 sobria
3349 2429 3415 2469 ac
3447 2414 3616 2470 laetifi-

2051 2525 2185 2566 cans
2221 2525 2318 2565 cor
2347 2511 2391 2576 ¹,
2433 2523 2464 2565 e
2502 2508 2790 2580 praeceptis
2821 2509 2957 2575 suis,
2987 2509 3134 2563 velut
3175 2493 3241 2563 ex
3285 2508 3625 2578 palmitibus,

2054 2603 2209 2657 laetas
2240 2608 2529 2656 ostentans
2565 2600 2863 2671 pendentes
2905 2599 3299 2654 charismatum
3332 2613 3468 2655 uvas
3509 2600 3629 2654 stil.

2051 2692 2226 2749 lantes
2274 2692 2623 2760 cbaritatem,
2676 2689 2941 2746 Dominus
2985 2699 3172 2747 noster
3201 2687 3363 2745 Jesus
3392 2700 3497 2756 est,
3531 2689 3626 2760 qui

2050 2785 2230 2857 palam
2257 2785 2334 2839 ait
2362 2783 2626 2853 apostolis
2659 2783 2680 2815 "
2720 2801 2733 2837 :
2777 2781 2891 2853 Ego
2921 2798 3039 2836 sum
3065 2781 3184 2836 vitis
3213 2797 3356 2845 vera,
3393 2798 3479 2837 vos
3508 2781 3627 2851 pal-

2050 2877 2203 2932 mites
2232 2893 2249 2930 :
2280 2885 2330 2931 et
2352 2875 2518 2931 Pater
2547 2892 2692 2932 meus
2723 2875 2958 2948 agricola
2978 2882 3079 2930 est.
3102 2873 3349 2946 Agrestis
3370 2889 3499 2930 vero
3521 2875 3589 2930 ali
3606 2888 3628 2929 ι

2049 2976 2105 3025 et
2128 2966 2413 3023 mortifera
2441 2967 2593 3032 vitis,
2623 2967 2875 3023 diabolus
2896 2973 3002 3029 est,
3037 2965 3244 3021 rabiem
3279 2973 3335 3021 et
3354 2981 3624 3021 venenum

2050 3068 2105 3116 et
2127 3061 2261 3115 iram
2283 3060 2573 3127 distillans,
2609 3060 2688 3114 uti
2721 3067 2774 3115 et
2807 3057 3022 3131 Moyses
3050 3064 3260 3123 narrat,
3309 3058 3383 3112 ita
3414 3058 3627 3114 deseri»

2052 3153 2192 3209 hens
2220 3151 2244 3185 ⁸
2274 3169 2291 3208 :
2327 3151 2412 3206 Ex
2435 3153 2536 3207 vite
2567 3150 2920 3207 Sodomorum
2950 3152 3071 3205 vitis
3099 3166 3302 3217 eorum,
3336 3160 3386 3205 et
3425 3153 3628 3220 palmes

2050 3263 2233 3302 eorum
2279 3261 2344 3299 ea:
2385 3244 2701 3300 Gomorrha.
2741 3243 2851 3299 Uva
2878 3260 3060 3298 eorum
3107 3259 3210 3298 uva
3236 3242 3401 3311 fellis,
3445 3242 3626 3297 botrus

2053 3336 2429 3393 amaritudinis
2468 3338 2566 3393 eis.
2609 3335 2788 3392 Furor
2821 3336 3116 3390 draconum
3146 3334 3325 3388 uinum
3351 3350 3553 3397 eorum,
3573 3344 3629 3390 et

375 3425 516 3491 τῶν,
547 3426 644 3480 καὶ
683 3427 722 3493 ἡ
749 3427 1041 3495 κληματίς
1056 3427 1257 3482 αὐτῶν
1277 3428 1347 3481 ἐκ
1383 3428 1709 3497 Γομόρρας.
1728 3426 1790 3482 Ἡ
1808 3442 1949 3480 στα-

2053 3430 2205 3499 furor
2228 3428 2475 3499 aspidum
2497 3426 2836 3484 insanabilis.
2861 3426 2941 3482 Ex
2975 3427 3079 3481 hac
3106 3426 3218 3480 vite
3246 3425 3476 3479 collecta
3499 3426 3627 3479 vin-

374 3516 542 3585 φυλὴ
567 3517 766 3571 αὐτῶν
791 3517 1071 3587 σταφυλὴ
1102 3518 1313 3587 χολῆς,
1331 3520 1556 3587 βότρυς
1582 3518 1819 3587 πικρίας
1844 3519 1950 3572 αὐ-

375 3604 514 3660 τῶν.
547 3606 741 3674 Θυμὸς
758 3604 1099 3674 δρακόντων
1125 3610 1159 3661 ὁ
1196 3604 1358 3674 οἶνος
1384 3608 1601 3675 αὐτῶν,
1628 3607 1725 3661 καὶ
1763 3607 1949 3676 θυμὸς

371 3695 653 3752 ἀσπίδων
679 3698 944 3764 ἀνίατος.
963 3698 1057 3751 Ἐκ
1084 3698 1289 3772 ταύτης
1318 3701 1690 3773 τρυγήσαντες
1714 3702 1763 3754 οἱ
1792 3699 1948 3754 Σοδό-

373 3804 493 3860 μων
518 3790 821 3861 οἰκήτορες,
856 3792 950 3857 εἰς,
971 3792 1217 3864 ἄκαρπον
1249 3792 1490 3865 ἀρρένων
1527 3790 1706 3863 ὄρεξιν
1729 3792 1950 3864 οἰστρη-

371 3879 683 3953 λατήοησαν
720 3881 995 3954 τραπῆναι
1044 3882 1195 3956 παρά
1224 3882 1404 3952 φύσιν.
1422 3880 1700 3937 Ἐντεῦθεν
1727 3882 1822 3936 καὶ
1854 3882 1947 3936 ἐπὶ

370 3968 495 4025 Νῶε
521 3972 1012 4045 κραιπαλήσαντες,
1047 3975 1128 4039 εἰς
1165 3972 1422 4028 ἀπιστίαν
1464 3971 1815 4037 κατὼλισθον,
1851 3975 1944 4027 καὶ

372 4063 691 4139 ὑποϐρύχιοι
743 4065 1230 4138 κατεποντώθησαν
1258 4064 1647 4136 κατακλυσμῷ.
1666 4062 1944 4118 Ἐντεῦθεν

368 4156 713 4229 ἀρυσάμενος
736 4158 766 4210 ὁ
793 4157 953 4225 Κάῖν,
970 4158 1071 4221 τάς
1102 4156 1461 4229 μισαδέλφους
1487 4154 1717 4225 ὲφοίνιξε
1733 4158 1941 4227 χεῖρας,

369 4245 466 4300 καὶ
498 4245 691 4318 ἐχρανε
719 4247 817 4319 τὴν
845 4248 949 4319 γῆν
979 4246 1159 4320 λύθρῳ
1198 4245 1521 4317 συγγενικῷ.
1539 4245 1818 4300 Ἐντεῦθεν
1850 4263 1947 4316 με·

370 4336 677 4406 θυσκόμενα
708 4339 777 4393 τά
806 4338 954 4410 ἔθνη,
990 4338 1246 4411 θήγουσιν
1281 4338 1489 4392 ἑαυτῶν
1526 4340 1606 4401 εἰς
1648 4335 1943 4408 ἀλληλοφό-

366 4445 492 4493 νους
509 4430 688 4501 μάχας
708 4431 833 4494 τοὺς
855 4430 1057 4503 θυμούς
1076 4449 1091 4461 ·
1112 4432 1256 4486 οὕτω
1282 4431 1390 4502 γὰρ
1417 4432 1515 4484 οὐκ
1536 4430 1810 4497 ἐξίσταται
1827 4428 1939 4500 (80)

438 4607 458 4641 ¹
496 4607 660 4663 Νιιηι.
691 4624 767 4666 vr.
804 4610 919 4666 1-4.
1006 4611 1027 4642 ⁸
1065 4608 1229 4664 lac/1.
1279 4625 1370 4675 Ix,
1429 4610 1526 4673 i7;
1568 4610 1717 4666 Psal.
1748 4627 1864 4676 Ctll,
1902 4610 1949 4665 il

2065 4611 2086 4642 ³
2112 4609 2273 4666 Joan.
2310 4628 2401 4678 xv,
2443 4613 2495 4677 1,
2520 4613 2573 4667 5.
2650 4614 2673 4645 ⁸
2709 4612 3067 4679 Deut._uxu,
3106 4613 3199 4677 52,
3231 4612 3321 4669 35.

366 4693 527 4745 xvm,
561 4679 672 4747 20;
705 4680 893 4749 ψῃ.
967 4680 989 4712 ⁸
1022 4681 1147 4735 Gen.
1181 4695 1256 4745 vl,
1295 4682 1345 4745 7,
1420 4682 1441 4712 ⁷
1482 4682 1609 4736 Cen.
1636 4697 1709 4748 Iv,
1733 4682 1787 4739 8.

2054 3521 2234 3578 demia
2265 3521 2627 3576 Sodomorum
2657 3521 2804 3576 cives
2825 3520 2871 3585 ⁸,
2896 3520 2951 3573 in
2982 3520 3221 3575 sterilem
3255 3519 3627 3574 masculorum

2054 3612 2578 3683 concupiscentiam,
2595 3617 2767 3668 (nstro
2795 3610 3018 3667 furiosae
3043 3609 3289 3666 libidinis
3306 3618 3498 3666 contra
3531 3626 3629 3666 na-

2054 3714 2235 3761 turam
2249 3705 2395 3762 versi
2426 3711 2575 3761 sunt.
2608 3703 2852 3760 Indidem
2873 3703 2969 3774 qui
2992 3701 3107 3759 Noe
3129 3702 3472 3773 temporibus
3506 3718 3629 3758 cra-

2053 3798 2196 3868 pulm
2218 3796 2595 3868 indulgebant,
2625 3796 2683 3850 in
2716 3794 3094 3851 inﬁdelitatem
3128 3795 3370 3867 prolapsi
3400 3802 3550 3861 sunt,
3572 3803 3628 3850 et

2051 3888 2324 3944 submersi
2353 3886 2560 3942 diluvio
2601 3886 2882 3958 perierunt
2912 3886 2953 3941 ‘.
2981 3885 3113 3941 Inde
3145 3886 3343 3942 bausto
3367 3886 3500 3942 Cain
3530 3902 3653 3957 po-.

2048 3978 2194 4043 culo,
2218 3976 2575 4048 parricidales
2614 3991 2810 4033 manus
2852 3975 3099 4033 fraterno
3129 3978 3398 4049 sanguine
3422 3992 3626 4034 cruen-

2048 4067 2184 4123 tavit
2203 4068 2247 4133 ⁷,
2272 4078 2328 4123 et
2356 4073 2562 4123 terram
2588 4074 2822 4139 cognato
2836 4083 3034 4123 cruore
3055 4068 3272 4139 polluit.
3305 4066 3437 4124 Inde
3460 4069 3629 4124 ebriae

2049 4165 2239 4231 gentes
2269 4160 2519 4217 barbara
2541 4161 2740 4218 mentis
2769 4160 2985 4216 furores
3037 4176 3170 4218 suos
3220 4161 3276 4217 in
3326 4176 3539 4231 pugnas
3571 4168 3627 4215 et

2048 4258 2267 4308 mutuas
2294 4253 2470 4310 cades
2495 4260 2772 4309 exacuunt
2812 4271 2828 4309 :
2854 4269 2964 4308 non
2992 4253 3075 4308 sic
3116 4252 3260 4308 enim
3285 4268 3314 4306 a
3345 4254 3474 4308 vino
3504 4268 3623 4309 mo-

2046 4349 2203 4398 vetur
2221 4344 2385 4400 homo
2408 4360 2438 4399 a
2463 4345 2591 4401 sede
2610 4346 2838 4401 rationis
2860 4353 2914 4401 et
2931 4344 3158 4415 pedibus
3183 4345 3403 4409 titubat,
3430 4361 3627 4415 quem-

2049 4432 2341 4488 admodum
2375 4436 2445 4490 ab
2478 4434 2683 4490 invidia
2718 4450 2782 4491 ac
2826 4436 2928 4490 ira.
2971 4434 3088 4488 Non
3135 4436 3216 4490 sic
3255 4450 3286 4488 a
3329 4436 3459 4489 vino
3511 4435 3629 4489 ine-

3430 4613 3452 4646 ⁸
3492 4611 3623 4668 Cen.

439 4858 555 4947 (709)
583 4858 929 4947 ’Ἀναγωιηὸτ
955 4828 1139 4947 circa;
1176 4858 1290 4940 τὴν
1336 4857 1945 4947 εξαρθένον.,ΔΙΙειίιιξ,

2054 4857 2205 4947 tione
2230 4866 2284 4914 et
2308 4858 2610 4947 remotione
2636 4857 3024 4941 quorumdam,
3064 4874 3158 4914 seu
3185 4858 3511 4947 abstinentia
3559 4861 3628 4916 ab

364 4927 686 5003 παρθενίαν,
716 4931 860 5000 quod
896 4928 1072 4997 ipsum
1114 4928 1242 5003 ferri
1285 4938 1497 4999 potest;
1530 4943 1629 4999 pro
1650 4927 1944 5003 ﬁvaywyé:

2051 4929 2315 5003 illis,__pe_r
2339 4929 2458 5003 ejus
2489 4927 2724 5003 tempus,
2762 4931 2954 5003 positae
2980 4929 3109 4995 sint,
3137 4944 3200 4984 ac
3232 4930 3440 5003 de_illis
3458 4945 3629 5003 expo-

364 4997 656 5069 ἀναγωγήν
679 4997 1054 5069 repraesentat,
1076 4999 1219 5067 quod
1236 4997 1544 5069 utrumque
1563 4997 1763 5069 eodem,
1777 5014 1941 5053 sensu

362 5067 770 5140 expenendum,
811 5076 974 5138 prout
1009 5068 1292 5140 ἀναγωγὸς
1335 5067 1583 5140 δύναμις,
1631 5067 1944 5140 subductria:

362 5138 597 5207 facultas
638 5140 885 5196 dicitur:
927 5138 1208 5206 ἀναγωγὸς
1253 5138 1500 5200 πτυέλου,
1551 5138 1694 5208 apud
1740 5139 1935 5193 Athen.

366 5212 405 5265 Ι.
440 5227 479 5276 1,
518 5210 812 5280 extraction
861 5208 1075 5280 saljvre;
1119 5210 1405 5280 dvaywyiL
1426 5209 1678 5279 αἵματος,
1727 5208 1938 5280 rejectio

364 5282 657 5352 sanguinis.
691 5279 906 5344 Galen.,
935 5279 1208 5344 Dioscor.,
1231 5277 1335 5352 etc.
1367 5277 1467 5334 Sic
1487 5277 1940 5352 ergo‘constituta

363 5352 433 5407 de
462 5348 661 5422 iuagno
688 5359 815 5405 voto
853 5361 906 5405 et
938 5360 1231 5422 nazareatu
1264 5349 1481 5411 docent,
1510 5348 1640 5422 quid
1670 5348 1824 5419 virgo
1852 5365 1940 5402 re-

357 5423 531 5491 jicere
558 5420 612 5476 et
642 5438 672 5477 a
703 5437 763 5476 se
801 5436 1080 5491 removere
1118 5420 1332 5479 debeat.
1383 5427 1443 5474 ut
1483 5420 1559 5491 sit
1598 5435 1725 5476 vere
1748 5429 1937 5474 sancta

364 5488 611 5547 Domino.
667 5492 854 5546 Altero
910 5490 1219 5561 signiﬁcatu
1272 5491 1483 5559 accepit
1534 5488 1937 5561 LeoAllatlus

361 5571 523 5633 prout
550 5563 805 5633 ἀναγωγή
839 5560 995 5632 quasi
1026 5578 1240 5633 sursum
1269 5561 1431 5633 uectio
1461 5560 1822 5633 sublimisque
1852 5561 1938 5615 in-

361 5630 574 5689 stitutio
594 5642 648 5689 et
668 5630 822 5687 ratio
845 5630 1156 5702 exponitur,
1191 5632 1321 5686 dum
1355 5632 1429 5702 ita
1468 5630 1668 5694 reddit,
1702 5640 1754 5685 et
1775 5631 1937 5700 uirgi-

359 5708 579 5759 nitatem
612 5705 781 5773 ipsam
819 5700 1267 5773 sui'institutione
1301 5700 1371 5756 ad
1400 5702 1675 5773 superiora
1702 5702 1935 5755 homines

362 5772 665 5839 traducere;
695 5790 819 5844 quae
853 5783 999 5829 certe
1044 5772 1339 5844 remotiora
1369 5772 1663 5844 videntur:
1700 5786 1936 5841 cumque

347 5856 684 5916 .nazareatus
713 5842 914 5907 omnis,
950 5845 1127 5910 deque
1160 5843 1253 5896 illo
1293 5843 1417 5897 latae
1454 5842 1600 5913 leges
1628 5843 1681 5899 in
1707 5857 1933 5913 separa-

676 5937 947 5998 Ps'raos.
994 5936 1111 5997 Gn.
1160 5935 1389 5996 XVIII.

2048 5009 2143 5052 nat
2168 4998 2499 5070 Methodius,
2545 4998 2775 5068 planius
2790 5001 3095 5070 explicatur
3125 5016 3227 5055 vos
3268 5000 3358 5054 illa
3387 4998 3569 5069 priore
3593 5015 3625 5055 a

2051 5068 2212 5139 nobis
2249 5069 2412 5139 allato
2442 5084 2629 5131 sensu,
2664 5077 2727 5123 ut
2754 5068 3074 5125 vox'vocem
3105 5069 3367 5134 declaret,
3388 5068 3511 5139 quo
3540 5071 3628 5124 ni-

2045 5137 2122 5193 hil
2146 5138 2288 5210 apud
2322 5149 2575 5210 auctores
2606 5140 2905 5210 vulgatius.
2941 5138 3230 5195 Οοιωειηε.

2118 5207 2230 5280 (80)
2252 5209 2376 5280 Οὐκ
2408 5207 2913 5280 ἐξίσταταὶ.ίΝἱΙιί1
2945 5225 3084 5279 opus
3108 5225 3232 5264 cum
3264 5210 3520 5266 Possinio
3542 5211 3627 5266 in-

2046 5279 2378 5349 terrogando
2418 5279 2619 5347 legere.
2654 5279 2824 5350 Major
2868 5281 2951 5335 vis
2980 5288 3035 5335 et
3076 5280 3354 5350 emphasis
3394 5281 3448 5335 in
3491 5283 3627 5337 sim-

2046 5350 2173 5418 plici
2197 5352 2625 5419 comparatione,
2657 5365 2763 5419 qua
2792 5349 3031 5403 deterior
3061 5349 3300 5405 ebrietas
3333 5358 3387 5404 et
3424 5350 3627 5407 titul)!-

2044 5421 2125 5473 tio
2149 5420 2509 5492 signiﬁcatur,
2538 5434 2667 5492 quae
2684 5435 2753 5492 ex
2789 5419 3074 5492 allectibus
3104 5431 3212 5492 est.
3243 5435 3404 5491 quam
3440 5438 3561 5492 qua:
3593 5439 3626 5478 a

2044 5488 2459 5562 vino._'Allatlus
2483 5504 2583 5558 pro
2613 5489 2797 5560 ζήλου,
2841 5488 3009 5562 ζάλης
3037 5491 3217 5551 habet,
3256 5488 3404 5562 quod
3439 5488 3625 5562 putem

2043 5560 2299 5615 mendum
2327 5560 2542 5621 scribae,
2575 5569 2634 5614 ut
2650 5559 2710 5634 _et
2730 5560 2880 5634 quod
2906 5559 3099 5634 ἀσσης,
3131 5576 3230 5631 pro
3252 5559 3455 5634 λύπης,
3482 5579 3627 5620 nova

2041 5645 2179 5702 voce
2222 5636 2599 5702 repraesentat.
2646 5628 2759 5702 Est:
2790 5628 3189 5702 quidem—dri},
3241 5628 3516 5698 damnum,
3570 5642 3628 5689 et

2044 5700 2192 5763 ἆται,
2227 5699 2360 5769 ipSaa
2395 5699 2572 5770 furiae,
2610 5699 2758 5770 quod
2786 5708 3052 5764 noceant;
3087 5699 3180 5758 sed
3212 5719 3313 5758 nec
3345 5704 3427 5759 sic
3455 5705 3624 5760 animi

2043 5772 2272 5825 allectus
2300 5778 2354 5825 et
2379 5769 2527 5840 πάθη
2556 5770 2691 5835 haec,
2725 5772 3434 5840 perquaeunimus,rationis
3449 5778 3614 5839 sedes.

2042 5848 2285 5895 mutatur
2323 5842 2495 5913 magis
2518 5856 2682 5912 quam
2712 5855 2742 5894 a
2772 5840 2919 5895 vino.
2957 5839 3034 5892 lo.

3256 5933 3292 5990 lt
