4140 6418
493 397 594 454 109

1567 397 1950 455 CONVWiUM
1994 397 2219 453 DECEM
2261 396 2617 452 VIRGINUM.

3612 395 3712 448 ΗΟ

485 509 638 583 μετὰ
674 511 741 566 τὸ
772 513 1200 582 θυσιαστήριον
1240 513 1306 568 τὸ
1347 515 1940 584 περικεχαλκωμένον
1976 517 2062 581 εἰς

2167 515 2438 570 balantem
2465 515 2694 570 Domino
2721 533 2735 570 :
2770 511 2956 568 Facies
2978 513 3144 575 enim,
3169 513 3343 584 inquit
3361 515 3426 582 ι’,
3449 514 3571 568 mihi
3600 525 3714 582 post

489 602 564 657 τὰ
592 605 1074 673 ὁλοκαυτώματα,
1098 598 1146 670 ᾧ
1173 604 1582 674 ἀνεκομίζοντο
1613 611 1670 661 al
1700 606 2054 675 προσφοραί,

491 694 646 749 ἄλλο
668 696 1098 765 θυσιαστήριον
1122 698 1189 762 ἐξ
1217 697 1504 763 ἀσήπτων
1527 698 1747 761 ξύλων,
1773 698 1870 750 καὶ
1890 714 2061 750 scara-

493 785 828 852 χρυσώσεις
868 786 1012 839 αὐτὸ
1053 788 1301 854 χρυσίῳ,
1333 787 1432 840 καὶ
1473 787 1685 854 δώσεις
1721 787 1865 841 αὐτὸ
1911 786 2057 840 ἁπέ-

491 893 662 930 ναντι
693 877 798 930 τοῦ
828 879 1370 948 καταπετάσματος,
1407 880 1512 933 τοῦ
1535 881 1631 932 ἐπὶ
1664 879 1773 947 τῆς
1808 879 2052 932 κιϐωτοῦ

491 969 597 1022 τοῦ
627 971 952 1038 μαρτυρίου
987 971 1135 1024 κατὰ
1180 973 1500 1039 πρόσωπον
1538 971 1642 1026 τοῦ
1686 972 2056 1038 ἱλιιστηρίου,

492 1059 526 1111 ὅ
553 1049 720 1113 ἐστιν
748 1061 845 1112 ἐπὶ
881 1061 998 1115 τῶν
1024 1065 1379 1132 μαρτιφίων,
1412 1063 1482 1116 ἐν
1518 1061 1607 1130 οἷς
1639 1061 2061 1133 γνωσθήσομαί

490 1168 588 1205 σοι
618 1154 757 1209 ἐκεῖ.
785 1156 891 1208 Καὶ
923 1155 1193 1224 θυμιάσει
1221 1157 1311 1209 ἐπ’
1339 1157 1522 1210 αὑτοῦ
1560 1155 1781 1224 Ἀαρὼν
1805 1157 2063 1225 θυμίαμα

490 1243 810 1312 ἀρωμάτων
840 1246 910 1298 ἐν
939 1247 1104 1313 πρωῒ,
1143 1246 1240 1300 ὅτε
1265 1248 1530 1317 ἀγαθύνῃ
1566 1248 1706 1315 τοὺς
1753 1249 2020 1316 λύχνους
2045 1265 2059 1279 '

493 1337 766 1405 θυμιάσει
811 1339 901 1392 ἐπ’
944 1339 1127 1393 αὑτοῦ
1166 1341 1425 1409 ﬂuuiana
1480 1340 1802 1407 διαπαντὸς
1858 1341 2061 1395 ἔναντι

490 1429 712 1495 Κυρίου
737 1433 823 1496 εἰς
849 1430 955 1497 τὰς
985 1432 1191 1501 γενεὰς
1232 1431 1398 1501 ὑμῶν
1421 1448 1434 1462 °
1481 1435 1591 1486 οὐκ
1620 1433 1924 1488 ἀνοίσεται
1964 1432 2058 1486 ἐπ’

488 1519 674 1574 αὑτοῦ
703 1522 960 1592 θυμίαμα
982 1524 1300 1592 ἀλλότριον
1344 1523 1443 1578 καὶ
1489 1525 1892 1593 όλοκαύτωμα.
1947 1526 2058 1578 Θυ-

490 1611 636 1665 σίαν
663 1611 761 1666 καὶ
788 1612 1069 1683 σπονδὴν
1093 1616 1165 1668 οὐ
1191 1616 1504 1668 σπείσεται
1530 1615 1624 1668 ἐπ’
1654 1614 1861 1670 αὐτοῦ.

2165 608 2333 662 altare
2359 609 2749 663 circumtectum
2778 623 2901 669 a’re,
2927 606 2995 660 ad
3016 606 3326 660 holocausta
3346 623 3446 676 quo
3470 607 3719 676 deferun-

2165 710 2252 754 tur
2292 701 2602 764 oblationes,
2630 701 2777 754 aliud
2806 701 2976 754 altare
3012 715 3074 754 ex
3105 699 3516 768 imputribilibus
3539 700 3717 768 lignis,

2161 801 2211 846 et
2237 792 2521 846 deaurabis
2544 791 2676 846 illud
2707 809 2859 855 auro,
2890 801 2938 845 et
2972 792 3122 844 dabis
3154 789 3288 843 illud
3340 791 3394 843 in
3446 800 3721 858 conspectu

2164 883 2280 948 veli,
2311 884 2447 954 quod
2477 894 2554 939 est
2593 902 2748 954 super
2802 900 2980 938 arcam
3022 884 3324 945 testimonii,
3377 891 3498 936 ante
3533 882 3720 950 {aciem

2159 977 2540 1045 propitiatorii,
2578 977 2715 1046 quod
2744 985 2819 1030 est
2862 992 3021 1045 supra
3061 976 3384 1036 testimonia,
3431 976 3486 1028 in
3532 976 3719 1044 quibus

2164 1067 2541 1136 manifestabor
2573 1069 2662 1120 tibi
2697 1067 2827 1122 illic.
2855 1066 2920 1120 Et
2945 1066 3170 1121 adolebit
3203 1081 3359 1136 super
3385 1066 3520 1120 illud
3540 1067 3722 1120 Aaron

2161 1159 2429 1213 incensum
2476 1169 2772 1212 aromatum
2804 1175 2974 1222 mane,
3025 1158 3234 1229 quando
3279 1157 3605 1212 concinnabit
3639 1158 3726 1212 ln-

2163 1268 2346 1306 cernas
2387 1267 2404 1303 :
2451 1251 2680 1305 adolebit
2733 1268 2888 1320 super
2929 1251 3062 1304 illud
3105 1253 3373 1304 incensum
3415 1266 3612 1318 semper
3666 1250 3722 1304 in

2166 1352 2439 1411 conspectu
2464 1342 2675 1396 Domini
2707 1345 2758 1395 in
2779 1343 3132 1412 generationes
3168 1351 3365 1396 vestras
3408 1357 3425 1394 :
3455 1358 3557 1394 non
3591 1341 3721 1408 infe-

2166 1445 2243 1489 ret
2281 1452 2434 1504 super
2460 1434 2590 1490 illud
2612 1437 2878 1489 incensum
2904 1435 3130 1489 alienum
3153 1443 3202 1489 et
3227 1435 3606 1489 holocaustum.
3627 1431 3722 1488 Sa.

2164 1528 2423 1597 oriﬁcium
2447 1537 2496 1581 et
2518 1527 2742 1581 libamen
2773 1542 2875 1581 non
2908 1525 3089 1580 libabit
3122 1541 3274 1594 super
3297 1527 3484 1595 ipsum.

1147 1742 1278 1808 Car.
1313 1753 1422 1809 VII.
1459 1753 1719 1820 Ecclesia,
1752 1754 1924 1809 media
1951 1756 2087 1809 inter
2119 1753 2307 1824 legales
2337 1753 2551 1808 umbras
2579 1762 2628 1807 et
2657 1751 2772 1807 cali
2795 1753 3056 1808 veritates.

557 1891 622 1945 Εἰ
654 1891 684 1944 ὁ
714 1889 879 1958 νόμος
917 1891 1053 1955 ἐστὶ,
1085 1890 1227 1945 κατά
1269 1892 1360 1946 τὸν
1397 1891 1738 1956 Ἀπόστολον,
1762 1909 2052 1964 πνευματιο

2227 1888 2364 1944 Cum
2423 1890 2528 1952 lex,
2565 1889 2721 1958 juxta
2781 1889 3100 1958 Apostolum
3155 1889 3218 1952 ¹¹,
3265 1890 3564 1958 spiritualis
3625 1891 3720 1953 sit,

491 1981 605 2047 κὸς,
639 1982 745 2048 τὰς
766 1983 1004 2048 εἰκόνας
1031 1981 1394 2050 ἐμπεριέχων
1419 1980 1536 2034 τῶν
1547 1984 1895 2050 μελλόντων
1921 1984 2064 2054 ἁγα-

487 2073 629 2138 θῶν,
675 2074 806 2145 φέρε
837 2074 922 2145 δὴ,
957 2075 1380 2145 άπαμφιάσασαι
1423 2076 1480 2128 τὸ
1509 2074 1594 2128 ἐπ’
1623 2073 1770 2146 αὑτῷ
1803 2075 2063 2145 κάλυμμα

489 2165 584 2220 τοῦ
642 2167 988 2238 γράμματος,
1038 2167 1434 2238 ἐφηπλωμένην
1485 2165 1596 2237 (8‘2)
1645 2166 2064 2237 ἐπισκεψώμεθα

491 2260 716 2331 γυμνῶς
773 2260 870 2332 τὴν
932 2261 1237 2333 ἀκρίϐειαν.
1298 2261 1537 2332 Μ’ίμημα
1592 2260 1691 2330 τῆς
1739 2260 2064 2331 Ἐκκλησίας

491 2351 804 2406 ἐκελεύοντο
831 2351 1098 2407 δαιδάλειν
1144 2352 1382 2424 Ἑϐραῖοι
1408 2354 1506 2424 τὴν
1540 2351 1765 2424 σκηνὴν,
1794 2352 1859 2405 ἵν’
1892 2352 2064 2422 ἔχοιεν

489 2443 578 2497 διὰ
606 2443 713 2497 τῶν
745 2443 1018 2515 αἰσθητῶν
1045 2443 1225 2497 εἰκόνα
1247 2443 1354 2496 τῶν
1378 2443 1543 2497 θείων
1576 2444 2064 2515 προκαταγγέλλειν

495 2536 854 2605 πραγμάτων.
920 2535 993 2589 Τὸ
1015 2536 1120 2608 γάρ
1156 2538 1214 2588 ἐν
1253 2535 1332 2607 τῷ
1364 2536 1478 2606 ὄρει
1514 2537 1862 2607 παράδειγμα
1894 2553 2066 2608 παρε-

494 2626 701 2698 νεχθέν,
753 2629 888 2694 πρὸς
929 2627 958 2680 ὃ
1013 2628 1223 2698 βλέπων
1276 2629 1601 2699 ἐτεκτήνατο
1641 2628 1740 2699 τὴν
1792 2628 1994 2699 σκηνὴν
2036 2628 2066 2680 ὁ

494 2719 752 2789 Μωῧσῆς,
784 2720 898 2774 ἰδέα
925 2737 1008 2783 τις
1043 2717 1112 2791 ἦν
1136 2720 1237 2790 τῆς
1263 2720 1402 2774 κατὰ
1432 2719 1524 2774 τὸν
1549 2719 1774 2790 οὐρανὸν
1802 2721 2066 2790 οἰκήσεως

493 2813 745 2884 ἀκριϐὴς,
774 2815 838 2885 ἦν
862 2815 1022 2883 ἡμεῖς
1052 2815 1374 2886 τρανότερον
1400 2814 1496 2884 μὲν
1518 2812 1626 2866 τῶν
1653 2812 1860 2877 τύπων,
1884 2813 2066 2882 ἀμαυ-

496 2905 718 2978 ρότερον
753 2905 809 2959 δέ
865 2905 961 2976 τῆς
993 2905 1248 2976 ἀληθείας
1299 2904 1672 2976 θεραπεύομεν
1731 2903 1846 2958 νῦν.
1893 2899 2065 2957 *Ηλθε

492 2997 600 3070 γὰρ
653 2999 946 3071 ἀκραιφνὲς
1003 3001 1082 3061 εἰς
1122 2997 1469 3070 ἀνθρώπους,
1513 2998 1588 3061 ὡς
1620 2997 1881 3066 πέφυκεν,
1916 2996 2068 3050 οὔπω

491 3091 742 3161 τάληθὲς,
780 3092 828 3144 οἳ
867 3091 998 3162 μηδέ
1023 3090 1286 3161 βαστάσαι
1315 3091 1550 3162 φέρομεν
1576 3089 1811 3161 ἄκρατον
1834 3088 2066 3142 ἐνταῦθα

493 3181 787 3236 θεάσασθαι
838 3182 935 3252 τὴν
965 3180 1292 3253 ἀφθαρσίαν,
1335 3179 1497 3233 ὁπότε
1543 3179 1676 3250 μηδέ
1704 3179 1800 3243 τὰς
1833 3179 2064 3250 ἡλιακὰς

2163 1981 2420 2050 imagines
2454 1981 2721 2034 continens
2761 1979 3058 2048 futurorum
3116 1979 3391 2044 bonorum,
3423 1995 3543 2052 age,
3567 1983 3728 2037 redu-

2163 2080 2251 2126 cto
2278 2073 2419 2142 quod
2447 2072 2522 2125 illi
2553 2072 2811 2141 injectum
2847 2078 2930 2126 est
2969 2071 3089 2126 velo
3135 2071 3347 2137 litterze,
3386 2075 3726 2128 enucleatum

2162 2165 2471 2218 intueamur
2537 2164 2604 2217 ad
2659 2163 2865 2217 nudum
2926 2165 3223 2218 veritatem.
3297 2163 3727 2220 Tabernaculum

2164 2258 2308 2327 quod
2329 2257 2481 2311 vario
2504 2257 2652 2312 cultu
2683 2255 2885 2310 aifabre
2916 2270 3115 2309 ornare
3166 2253 3377 2310 Hebraei
3411 2256 3548 2326 jussi
3575 2265 3727 2322 sunt,

2165 2349 2422 2405 Ecclesiae
2451 2348 2696 2419 quaedam
2736 2347 3014 2416 expressio
3037 2347 3158 2411 fuit,
3192 2355 3250 2401 ut
3277 2349 3439 2404 rebus
3469 2349 3731 2405 inl'orma~

2163 2449 2278 2497 tum
2312 2443 2665 2499 sensibilibus
2696 2441 2956 2508 haberent
2983 2440 3358 2505 simulacrum,
3392 2456 3498 2510 quo
3547 2441 3729 2496 divina

2165 2536 2298 2590 olim
2326 2544 2588 2591 eventura
2617 2533 2874 2604 mysteria
2899 2532 3344 2602 praenuntiarent.
3370 2531 3502 2585 Nam
3527 2533 3568 2564 “
3585 2532 3731 2602 quod

2165 2637 2448 2684 ostensum
2485 2628 2539 2681 in
2568 2637 2751 2680 monte
2779 2625 3056 2694 exemplar
3086 2632 3190 2688 est,
3219 2625 3285 2678 ad
3321 2623 3464 2694 quod
3512 2625 3732 2679 intuens

2165 2720 2379 2792 Moyses
2408 2719 2815 2774 tabernaculum
2869 2716 3168 2772 fabricatus
3223 2724 3328 2780 est,
3361 2725 3549 2771 exacta
3579 2731 3730 2786 quae-

2167 2815 2290 2868 dam
2326 2813 2447 2867 idea
2495 2821 2612 2867 erat
2664 2811 2928 2866 domicilii
2961 2811 3220 2871 cmlestis,
3248 2810 3332 2863 cui
3364 2825 3464 2864 nos
3513 2824 3732 2878 quoque

2169 2906 2449 2976 limpidius
2469 2905 2763 2969 servimus,
2819 2919 2980 2974 quam
3011 2904 3057 2959 si
3085 2903 3261 2956 adhuc
3295 2903 3348 2955 in
3388 2901 3574 2972 ﬁguris
3604 2917 3731 2957 ver-

2170 3012 2452 3062 saremur;
2509 2998 2800 3052 obscurius
2834 3004 3037 3058 tamen,
3069 3009 3229 3065 quam
3267 2996 3310 3048 si
3338 2995 3452 3064 ipsa
3487 2993 3732 3050 veritatis

2170 3091 2291 3145 luce
2319 3090 2636 3159 potiremur.
2663 3089 2905 3144 Necdum
2952 3087 3097 3142 enim
3128 3087 3244 3156 ipsa
3270 3101 3404 3156 pura
3426 3096 3478 3140 et
3511 3086 3727 3141 sincera

2169 3185 2389 3248 veritas,
2421 3183 2498 3238 uti
2523 3183 2596 3236 illi
2631 3187 3002 3251 comparatum
3029 3187 3132 3243 est,
3166 3179 3232 3234 ad
3286 3179 3535 3234 homines
3563 3179 3730 3243 venit,

494 3275 732 3346 φέρομεν
763 3274 888 3328 ἰδεῖν
903 3275 1142 3337 ἀκτῖνας.
1179 3272 1344 3328 Ἀλλὰ
1381 3272 1619 3326 Ἰουδαῖοι
1657 3273 1752 3343 μέν
1781 3270 1876 3342 τὴν
1912 3271 2065 3324 σκιὰν

2167 3276 2355 3346 quine
2405 3274 2546 3329 ferre
2576 3274 2794 3344 quidem
2844 3273 3122 3326 valeamus
3177 3271 3416 3340 quandiu
3475 3271 3587 3324 vita
3625 3270 3732 3323 hac

493 3368 590 3438 τῆς
619 3367 824 3430 εἰκόνος
854 3367 1043 3437 τρίτην
1065 3364 1174 3418 ἀπὸ
1203 3365 1300 3434 τῆς
1313 3363 1568 3435 ἀληθείας
1597 3362 2063 3434 κατηγγέλκασιν·

2171 3367 2388 3422 mortali
2417 3365 2648 3436 agimus,
2673 3371 2733 3417 ut
2751 3377 2942 3432 puram
2979 3361 3442 3430 incorruptionem
3472 3371 3733 3416 contuea-

494 3458 656 3528 ἡμεῖς
703 3457 759 3510 δέ
808 3459 906 3527 τὴν
959 3457 1155 3510 εἰκόνα
1194 3457 1292 3526 τῆς
1327 3457 1444 3508 κατ’
1486 3455 1711 3526 οὐρανὸν
1753 3454 2067 3524 διοικήσεως

2169 3473 2314 3522 mur,
2345 3457 2425 3510 uti
2455 3471 2631 3525 neque
2655 3465 2713 3508 ut
2743 3453 3006 3507 micantes
3037 3452 3166 3506 solis
3190 3452 3372 3506 radios
3405 3453 3576 3507 oculis
3605 3469 3733 3523 por-

495 3547 742 3618 ἐναργῶς
797 3546 1167 3617 ἐκθειάζομεν.
1200 3547 1272 3599 Τὸ
1311 3546 1418 3617 γάρ
1446 3545 1642 3615 ἀληθὲς
1675 3543 1917 3614 ἀκριϐῶς
1951 3544 2068 3614 μετ’

494 3641 791 3696 ἀνάστασιν
847 3639 954 3710 (83)
997 3638 1384 3710 δηλωθήσεται,
1417 3637 1580 3691 ὁπότε
1612 3637 1898 3708 πρόσωπον
1927 3634 2068 3688 κατὰ

494 3734 786 3803 πρόσωπον
829 3733 928 3803 τὴν
974 3731 1134 3800 ἁγίαν
1182 3732 1384 3802 σκηνὴν
1436 3729 1585 3802 (τὴν
1633 3730 1815 3784 πόλιν
1861 3729 1960 3799 τὴν
2004 3731 2062 3781 ἐν

492 3825 760 3896 οὐρανοῖς,
816 3821 893 3895 ἧς
953 3826 1229 3893 τεχνίτης
1292 3825 1388 3879 καὶ
1443 3823 1793 3893 δημιουργὸς
1845 3822 2055 3892 Θεὸς),

2172 3557 2370 3604 tomus.
2398 3547 2570 3602 Judtei
2627 3559 2791 3616 porro
2844 3544 3089 3598 umbram
3127 3543 3398 3613 imaginis,
3449 3545 3663 3599 tertiam
3700 3561 3732 3600 a

2169 3635 2418 3700 veritate,
2453 3634 2910 3688 annuntiaverunt
2947 3648 3086 3688 :nos
3121 3648 3250 3687 vero
3273 3634 3506 3689 caelestis
3536 3635 3733 3705 guber-

2169 3729 2407 3784 nationis
2434 3728 2722 3798 imaginem
2754 3727 2902 3782 clare
2937 3726 3302 3784 celebramus.
3331 3725 3543 3783 Veritas
3578 3744 3734 3784 nam-

2165 3835 2270 3891 que
2300 3821 2417 3892 ipsa
2439 3827 2629 3876 exacte
2655 3827 2774 3890 post
2795 3819 3246 3875 resurrectionem
3273 3817 3731 3888 manifestabitur.

564 4001 612 4034 ¹⁶
653 4000 824 4056 Exod.
856 4017 984 4066 xxx,
1016 3999 1132 4056 1-9.
1209 4002 1249 4034 ¹¹
1293 4000 1455 4056 Hebr.
1495 4018 1547 4068 x,
1582 4001 1632 4055 i.
1713 4001 1755 4033 "
1792 3998 1968 4055 Exod.
2001 4016 2127 4067 xxv,
2157 4001 2247 4056 40.

560 4168 677 4237 (82)
717 4164 1208 4237 Ἐφηπλωμένην.
1237 4165 1417 4219 Codex
1461 4165 1622 4232 Maz.,
1655 4161 2065 4237 ἐφηπὶωμένον,

503 4236 640 4308 τιυοά
667 4241 840 4309 magis
872 4236 1209 4309 probandum
1235 4237 1468 4309 videtur,
1505 4245 1569 4309 ut,
1588 4237 1858 4309 referatur
1883 4243 1948 4291 ad
1967 4236 2066 4290 κά-

492 4307 684 4380 λυμμα
722 4323 734 4336 ο
765 4307 957 4380 auare
985 4307 1227 4380 tollenda
1260 4316 1343 4380 est
1400 4308 1609 4380 virgula
1657 4307 1986 4380 praecedens,
2011 4315 2066 4361 et

495 4377 876 4450 interpretatio
936 4377 1127 4431 Latina
1179 4378 1258 4450 sic
1287 4377 1508 4436 Graecis.
1534 4379 1606 4431 ita
1659 4379 1942 4450 correctis,
1973 4392 2066 4431 ac-

495 4446 888 4504 commodanda
921 4468 934 4502 :
961 4451 1084 4516 Age,
1109 4446 1404 4501 reducentes
1430 4464 1718 4517 oppansum
1748 4449 1846 4515 ipsi
1879 4447 2068 4502 (inerte

2168 4166 2464 4222 rectionem
2522 4166 2701 4222 diii'ert
2734 4164 3024 4236 perfectam
3074 4166 3360 4229 visionem,
3419 4174 3474 4222 et
3503 4182 3620 4236 qua:
3647 4175 3733 4223 est

2171 4236 2309 4291 facie
2339 4239 2403 4291 ad
2430 4237 2619 4292 faciem
2645 4238 2763 4291 sine
2787 4236 3180 4305 aanigmatilms.
3208 4245 3260 4290 et
3288 4253 3392 4291 non
3411 4253 3474 4289 ex
3495 4245 3645 4306 parte
3667 4256 3728 4291 :a

2173 4323 2278 4376 qua
2309 4309 2631 4362 immensum
2667 4306 2890 4372 distant,
2915 4323 3034 4373 quae
3060 4307 3248 4360 tribuit
3277 4308 3560 4360 animabus
3585 4318 3727 4361 orat.

2173 4375 2228 4439 ἡ,
2260 4378 2404 4446 quod
2436 4379 2630 4432 visura:
2661 4377 2947 4446 θαυμαστά
2972 4394 3092 4428 τινα
3125 4378 3216 4430 καί⁸
3254 4375 3598 4446 ἐκλάμποντα
3632 4379 3727 4430 καὶ

2179 4445 2419 4529 μακάρια
2453 4447 2644 4529 κάλλη,
2814 4450 2973 4501 ὁποῖα
2994 4447 3246 4529 ,ἐξειπεῖν
3283 4449 3362 4529 εἰς
3382 4445 3730 4529 ..ἀνθριίξπους

496 4521 752 4581 velamen,
789 4519 983 4572 nudam
1008 4513 1190 4571 coram
1218 4527 1267 4570 et
1291 4513 1528 4572 cominus
1557 4513 1828 4589 veritatem
1860 4519 2068 4570 intuea-
2096 4513 2144 4572 Β
2167 4513 2448 4589 δυσχερές,
2491 4513 2827 4589 admirabilia
2854 4519 3092 4589 quadam
3132 4526 3181 4570 et
3213 4515 3483 4589 splendida
3505 4513 3551 4570 et
3575 4515 3730 4589 beata

496 4606 634 4642 mur.
652 4589 746 4642 Eo.
764 4589 964 4643 Luem.
987 4619 1057 4628 —
1085 4590 1567 4658 Ἑφηπλωμένην.
1588 4587 1896 4641 Lectionem
1925 4589 2066 4641 hanc

498 4659 625 4712 Vat.
660 4660 846 4713 multis
875 4661 1111 4728 exagitat
1165 4659 1342 4710 editor
1367 4657 1566 4728 Lupar.
1615 4659 2068 4728 amplectiturque

495 4731 719 4784 alteram
755 4729 889 4782 Μαι.
911 4738 964 4782 et
991 4729 1174 4788 Allat.,
1207 4727 1614 4798 ἐφηπλωμένον,
1649 4727 1791 4796 (ιιιοά
1847 4728 2064 4791 referat,

494 4799 556 4854 τὸ
589 4799 874 4868 κάλυμμα.
908 4799 1049 4866 quod
1092 4798 1163 4850 ita
1189 4801 1274 4850 ἐπ’
1306 4799 1472 4869 αὐτῷ,
1506 4814 1665 4866 supra
1706 4797 1866 4867 legem
1897 4800 2070 4866 expli-

495 4880 681 4924 catum
724 4880 883 4937 atque
915 4884 1214 4937 expansum
1243 4869 1574 4939 intelligatur
1592 4884 1655 4922 ac
1671 4869 1903 4922 dicatur.
1941 4869 2066 4920 Mihi

497 4948 678 4994 tamen
720 4939 837 4992 Vat.
872 4940 1030 4994 lectio
1065 4939 1236 5008 magis
1281 4940 1560 5008 probatur.
1593 4939 1736 5008 quod
1763 4953 1825 4990 ea
1855 4954 1955 5008 vox
1978 4954 2068 4992 re-

497 4956 678 4994 tamen
725 4956 837 4992 vat.
874 4956 1030 4994 ιυριιο
1065 4956 1236 5004 ["1ng
1281 4956 1560 5008 probatur.
1633 4956 1736 4992 uou
1763 4956 1825 4990 ea
1855 4956 1955 4991 vox
1978 4956 2065 4992 re-

497 5011 605 5064 lata
629 5009 697 5063 ad
724 5011 963 5063 velamen
998 5007 1269 5076 superﬂua
1307 5012 1396 5071 sit,
1430 5025 1552 5062 cum
1583 4956 1643 5061 “ib
1675 5011 1762 5060 ἐπ’
1798 5007 1964 5078 αὐτῷ,
1985 5009 2065 5078 vel

495 5079 778 5150 τιθέμενον
839 5080 921 5132 vel
955 5079 1229 5150 κείμενον,
1256 5087 1330 5150 fut
1391 5078 1683 5148 Apostolus
1749 5076 1988 5148 l0quit'ur
2023 5076 2065 5130 ll

495 5149 630 5204 Cor.
665 5166 745 5211 ιιι,
772 5165 884 5204 rem
911 5149 1126 5201 aliunde
1153 5149 1387 5202 declaret
1414 5167 1425 5202 :
1452 5164 1552 5202 nec
1583 5150 1717 5202 alias
1747 5164 1908 5202 vores
1936 5150 2066 5202 sub-

497 5221 802 5275 intellectas
851 5221 1029 5286 exigat
1089 5219 1306 5287 phrasis
1346 5220 1436 5271 illa
1484 5218 2068 5288 Μειίιοόίὶ.Ἒξηπλω-

500 5291 668 5363 μένην
711 5291 848 5363 forte
873 5291 1175 5358 scripserit,
1213 5303 1331 5363 quae
1367 5305 1467 5342 vox
1507 5289 1678 5363 niagis
1711 5288 1916 5363 Graeca,
1939 5303 2066 5363 nam

497 5357 724 5416 alterius
760 5360 847 5413 vix
881 5357 1058 5413 exstat
1109 5360 1456 5428 exemplum;
1510 5357 1886 5428 ἐφαπ).ώματα
1943 5359 2070 5412 Ari-

498 5375 724 5416 altenus
760 5377 847 5413 vix
881 5375 1058 5413 exstat
1109 5376 1260 5413 exem
1308 5375 1456 5424 tum;
1510 5375 1886 5428 εφαπιωματα
1943 5375 2063 5412 Art-

498 5433 680 5501 stoph.
711 5433 762 5484 in
791 5430 1044 5501 Aclmrn.,
1073 5438 1211 5483 teste
1267 5375 1456 5501 guida,
1487 5438 1642 5483 vocat
1674 5428 2014 5501 πεπλώματα
2047 5444 2063 5458 ·

496 5499 838 5569 redduntque
871 5500 1140 5560 culcitras,
1197 5499 1464 5569 stragulas
1503 5508 1664 5552 uestes
1689 5514 1707 5551 :
1745 5499 2066 5552 tenuissima

499 5573 626 5626 item
651 5573 984 5625 imlumeuta.
1021 5572 1092 5622 De
1113 5571 1234 5624 velo
1251 5571 1392 5636 quod
1429 5569 1760 5632 obtenditur,
1782 5571 1961 5639 potius
1987 5571 2069 5622 ἐκο

496 5642 728 5696 πετάσαι
751 5642 970 5694 dicitur.
999 5639 1212 5694 Veritas
1241 5639 1622 5704 ἐξαπλοῦσθαι,
1655 5655 1778 5692 cum
1816 5641 1929 5709 ipsa
1972 5655 2068 5692 ex-

496 5715 694 5782 plicata
725 5712 976 5780 undaque
1029 5710 1293 5765 cernitur.
1329 5709 1441 5764 Etsi
1497 5721 1626 5766 sunt
1656 5710 1770 5764 haec
1807 5711 2067 5765 minutio-

497 5799 576 5837 ra.
604 5783 890 5836 Conams.

487 5895 493 5899 .
566 5853 676 5913 (8.3)
697 5851 854 5906 Μετὰ
867 5851 1224 5908 ἀνάστασιν.
1245 5850 1310 5906 Et
1325 5851 1415 5908 hic
1431 5847 1732 5908 Methodius
1745 5859 1869 5920 post
1885 5863 2070 5905 resur-

2169 4587 2378 4658 decora.
2419 4595 2468 4642 et
2521 4604 2636 4658 qua:
2663 4587 2960 4641 hominibus
2996 4604 3130 4657 a'gre
3159 4587 3325 4640 verbis
3358 4587 3511 4658 liceat
3566 4588 3734 4652 expli-

2169 4676 2308 4714 care.
2349 4657 2482 4713 Esse
2511 4657 2704 4727 nempe
2755 4657 2823 4711 ibi
2851 4659 3021 4727 ipsam
3045 4659 3335 4726 justitiam,
3361 4657 3533 4726 ipsam
3567 4659 3732 4710 casti-

2172 4739 2353 4790 tatem,
2416 4729 2756 4787 charitatem.
2809 4729 3091 4782 veritatem
3143 4735 3197 4782 et
3239 4727 3476 4796 reliquos
3527 4729 3736 4795 pariter

2169 4799 2489 4854 manifestos
2515 4799 2795 4868 sapientiae
2827 4798 2988 4854 tiores
3043 4804 3098 4852 et
3127 4799 3610 4868 stirpes,7quarum
3645 4797 3734 4850 hic

2168 4876 2379 4923 tantum
2409 4865 2632 4924 umbras
2658 4869 2942 4928 habemus.
2963 4876 3097 4930 etc.,
3127 4865 3250 4922 nam
3281 4875 3335 4922 et
3363 4867 3497 4924 htec.
3535 4865 3611 4918 uti
3639 4881 3732 4919 eo-

2168 4954 2289 4991 rum
2326 4939 2412 4993 bic
2465 4939 2677 5001 tlinhra,
2731 4947 2913 4992 creata
2961 4949 3110 5001 sunt,
3145 4938 3412 5008 primique
3469 4935 3562 4990 Dei
3605 4935 3733 5008 clie-

2168 5019 2311 5067 etus.
2337 5009 2530 5078 purius
2585 5009 2657 5061 ibi
2691 5009 2968 5069 intellecti.
3024 5016 3078 5063 et
3131 5005 3190 5062 ut
3225 5005 3485 5067 rationes,
3530 5005 3730 5078 quibus

2170 5094 2278 5133 non
2315 5074 2430 5148 ipsa
2464 5081 2518 5133 in
2547 5094 2607 5134 se
2647 5078 2736 5148 Dei
2764 5079 2999 5134 essentia
3029 5080 3262 5137 videtur,
3290 5091 3395 5148 nec
3410 5091 3537 5131 vero
3567 5074 3730 5148 Pala-

2169 5146 2421 5203 mitarum
2451 5163 2657 5211 errore,
2690 5147 2780 5203 Dei
2809 5151 2982 5204 virtus
3003 5150 3255 5204 essentia:
3275 5146 3563 5213 conjuncta
3587 5154 3640 5198 et
3663 5146 3732 5200 ab

2167 5219 2259 5272 illa
2291 5220 2573 5282 distincta,
2605 5235 2724 5288 quae
2753 5221 2824 5271 sit
2868 5220 3168 5288 multiplex,
3225 5232 3348 5270 cum
3387 5217 3626 5288 essentia
3661 5217 3734 5270 sit

2169 5305 2297 5344 una.
2356 5289 2557 5360 Nempe
2617 5285 2896 5358 niultiplex
2937 5285 3218 5343 eﬂ'ectibus
3247 5292 3352 5349 est,
3389 5285 3507 5354 ipsa
3531 5301 3644 5360 una
3675 5295 3733 5341 et

2171 5356 2605 5430 simplicissima;
2626 5367 2683 5412 ut
2711 5367 2765 5413 et
2778 5356 3044 5430 essentia,
3076 5373 3106 5412 a
3127 5373 3234 5430 qua
3267 5371 3435 5430 penes
3465 5356 3578 5410 sola
3599 5371 3734 5430 coii-

2168 5427 2355 5484 notata
2380 5439 2434 5484 et
2483 5431 2789 5484 virtualiter
2827 5427 3550 5495 eminenter’distinguitur.
3597 5427 3735 5481 Aliis

2167 5516 2297 5570 ergo
2331 5502 2465 5554 locis
2491 5516 2649 5570 opus,
2683 5511 2742 5553 ut
2772 5498 3076 5570 vindicetur
3110 5497 3434 5554 Methodius.
3456 5505 3528 5570 et
3546 5497 3735 5550 traha-

2169 5567 2258 5624 tur
2283 5572 2334 5624 in
2363 5567 2687 5626 sententiam
2710 5583 2870 5636 quam
2897 5568 3069 5636 longis
3093 5575 3214 5636 post
3240 5567 3578 5636 temporibus
3609 5581 3734 5636 prn-

2172 5641 2316 5694 bavit
2339 5641 2578 5694 Ecclesia
2609 5659 2620 5693 :
2657 5639 2840 5692 videre
2868 5638 2979 5705 jam
3006 5648 3116 5690 tum
3141 5638 3354 5691 animas
3390 5637 3576 5693 Deum.
3613 5636 3736 5705 qui-

2170 5711 2438 5834 husdnihil
2463 5725 2535 5834 lex
2575 5708 2877 5780 superioris
2916 5708 3038 5762 vitae
3086 5709 3141 5764 in
3167 5722 3397 5778 corpore
3428 5719 3577 5762 reatu
3605 5721 3736 5775 pun

2170 5797 2269 5834 can
2315 5798 2424 5834 lllll.
2485 5797 2538 5834 ι).

2169 5783 2424 5853 ganduni.
2463 5783 2538 5836 In.
