4140 6428
446 383 542 437 ιιι

1432 384 1489 441 S.
1533 382 1863 441 METEODII
1899 381 2208 441 EPISCOPI
2245 384 2334 440 ET
2374 384 2731 442 MARTYRIS

3559 385 3670 442 ΗΞ

442 500 661 570 quando
680 499 791 571 jam
820 498 956 554 facie
977 496 1044 552 ad
1070 496 1264 556 faciem
1303 500 1349 533 ¹³
1399 510 1649 557 sanctum
1674 504 1974 559 tabernacu‘

2099 502 2211 557 ἁλλ’
2233 502 2295 555 οὐ
2321 502 2388 555 δι’
2417 503 2751 573 αἰνιγμάτων
2788 504 2882 555 καὶ
2912 502 2976 554 ἐκ
3010 500 3206 572 μέρους
3234 497 3664 569 ἑποπτεύσομενο

440 606 553 660 lum
604 601 895 674 (cmlestem
949 600 1204 655 nimirum
1248 602 1532 670 civitatem,
1580 605 1732 673 cujus
1780 602 1975 671 artifex
2024 612 2075 658 et
2124 601 2365 658 conditor
2408 601 2550 657 Deus
2579 610 2656 655 est
2686 601 2751 670 “)
2802 616 2910 656 non
2938 609 3119 656 autem
3174 600 3410 670 amplius
3447 600 3505 655 in
3538 600 3667 656 mni-

438 704 616 770 gmate
641 705 696 751 et
717 710 782 750 ex
806 704 959 767 parte
976 694 1391 751 'contuebimur.

902 811 1033 869 CAP.
1069 812 1200 869 Vlll.
1220 812 1427 884 Duplex
1464 815 1654 883 altare,
1680 818 1851 872 vidua:
1886 826 1935 872 et
1965 815 2205 885 rirgines.
2249 810 2451 863 Aurum
2490 808 2809 879 virginitatis
2840 808 3154 879 symbolum.

506 927 708 1000 Nempe
757 928 928 986 Judaei
979 947 1067 987 res
1090 940 1306 988 nostras
1349 942 1869 1003 praenuntiavernnt,
1894 949 1994 989 nos

432 1037 563 1080 vero
591 1022 831 1079 coelestia
856 1026 1309 1093 praenuntiamus;
1346 1025 1783 1097 quandoquidem
1813 1027 1994 1082 taber-

434 1112 691 1169 naculum
719 1114 935 1184 quidem
962 1114 1217 1171 Ecclesia:
1249 1124 1436 1185 typum
1478 1116 1717 1188 gerebat,
1752 1115 1994 1171 Ecclesia

434 1217 565 1260 vero
583 1205 755 1260 caelos
786 1215 1158 1277 repraesentat.
1183 1205 1319 1262 Cum
1348 1210 1530 1278 itaque
1563 1208 1678 1262 haec
1706 1208 1779 1261 ita
1801 1222 1860 1263 se
1893 1207 1991 1262 ba-

433 1296 615 1363 beant,
643 1305 698 1352 et
728 1298 1156 1364 tabernaculum,
1184 1301 1260 1355 uti
1286 1300 1556 1363 dicebam,
1588 1298 1844 1354 Ecclesia:
1866 1307 1994 1371 typo

433 1396 764 1452 assumatur,
792 1388 1082 1445 videndum
1129 1398 1300 1446 restat
1330 1390 1397 1445 ad
1420 1406 1584 1461 quam
1619 1392 1837 1461 proprie
1886 1391 1991 1445 Ec-

432 1480 611 1535 clesize
642 1490 847 1551 partem
878 1490 1183 1552 spectarent
1212 1483 1321 1539 duo
1355 1484 1547 1538 altaria
1593 1499 1828 1555 quorum
1871 1498 1989 1539 me-

429 1568 709 1625 minimus.
740 1568 850 1640 Ego
880 1584 1009 1626 sane
1062 1572 1215 1641 prius
1245 1571 1462 1641 quidem
1496 1587 1602 1628 aere
1632 1581 1851 1638 tectum,
1901 1587 1989 1628 se-

429 1661 579 1716 natui
612 1668 872 1733 septaque
898 1662 1188 1718 viduarum
1220 1664 1397 1719 simile
1427 1663 1679 1719 dixerim.
1708 1664 1804 1720 Dei
1840 1666 1985 1721 enim

429 1753 644 1821 spirans
672 1765 764 1805 ara
785 1760 933 1813 sunt,
966 1751 1031 1805 ad
1059 1766 1220 1822 quam
1244 1752 1447 1822 passim
1481 1751 1781 1808 oﬁ‘eruntur
1831 1753 1987 1808 vituli

2180 928 2423 981 Ἰουδαῖοι
2471 927 2570 996 μὲν
2619 924 2728 996 γάρ
2769 924 2836 979 τὰ
2876 926 3121 998 ἡμέτερα
3162 928 3661 1001 πῳανεφὼνησανο

2099 1019 2260 1089 ἡμεῖς
2304 1018 2360 1070 δὲ
2401 1017 2470 1070 τά
2523 1015 2747 1086 οὐράνια
2778 1016 3253 1088 προαγγέλλομεν·
3303 1020 3598 1092 ἐπειδήπερ
3628 1022 3665 1092 ἡ

2100 1110 2201 1180 μὲν
2256 1106 2427 1178 σκηνὴ
2477 1104 2742 1177 σύμὸολον
2762 1100 2831 1175 ἦν
2876 1106 2974 1176 τῆς
3020 1106 3362 1177 Ἐκκλησίας,
3392 1110 3425 1180 ή
3456 1109 3513 1164 δὲ
3543 1112 3660 1164 Ἐκ.

2099 1197 2294 1268 κλησία
2340 1196 2447 1250 τῶν
2488 1193 2749 1268 οὐρανῶν.
2789 1193 2898 1259 Διὸ,
2942 1193 3141 1247 τούτων
3191 1196 3362 1260 οὕτως
3408 1198 3659 1267 ἐχόντων,

2098 1290 2192 1342 καὶ
2219 1289 2316 1359 τῆς
2342 1287 2546 1359 σκηνῆς
2589 1288 2647 1340 ἐν
2692 1284 2846 1354 τύπῳ
2873 1285 2971 1356 τῆς
3017 1286 3359 1358 Ἐκκλησίας,
3394 1289 3468 1354 ὡς
3501 1290 3657 1362 ἔφην,

2095 1378 2528 1451 λαμϐανομένης,
2561 1377 2667 1449 χρὴ
2710 1377 2805 1431 καὶ
2858 1377 2926 1430 τὰ
2956 1377 3312 1449 θυσιαστήρια
3339 1379 3589 1452 σύνθημά
3605 1398 3659 1434 τι

2095 1470 2201 1524 τῶν
2231 1470 2370 1524 κατὰ
2414 1469 2512 1541 τὴν
2561 1468 2886 1541 Ἐκκλησίαν
2926 1468 3264 1540 πραγμάτων
3298 1470 3503 1542 φέρειν.
3549 1473 3659 1526 Καὶ

2091 1562 2152 1615 τὸ
2178 1562 2274 1633 μὲν
2303 1560 2843 1633 περικεχαλκωμένον
2883 1562 3274 1626 ἁπεικάζεσθαι
3301 1566 3365 1635 τῇ
3399 1565 3660 1638 γερουσίᾳ

2091 1656 2182 1709 καὶ
2212 1653 2287 1725 τῷ
2308 1653 2577 1724 περιϐόλῳ
2602 1652 2708 1706 τῶν
2730 1652 2911 1725 χηρῶν
2927 1671 2940 1683 ·
2961 1653 3094 1708 Θεοῦ
3120 1655 3227 1726 γάρ
3254 1658 3390 1710 εἰσιν
3418 1656 3657 1729 ἔμψυχος

2091 1746 2293 1817 βωμὸς,
2316 1748 2398 1810 εἰς
2430 1745 2489 1800 δν
2539 1746 2961 1817 ἁνακομίζονται
2996 1747 3124 1811 τοὺς
3150 1749 3384 1819 μόσχους
3416 1750 3509 1803 καὶ
3556 1749 3655 1815 τὰς

426 1849 481 1921 et
513 1842 753 1906 decimae,
781 1850 836 1897 et
864 1842 1180 1898 voluntaria:
1208 1844 1423 1908 oblatas,
1451 1861 1571 1913 quae
1591 1845 1645 1899 in
1668 1844 1880 1901 Domini
1903 1859 1974 1900 sa-

2087 1840 2338 1903 δεκάτας,
2368 1840 2463 1893 καὶ
2489 1838 2560 1892 τὰ
2609 1838 2829 1893 ἑκούσια
2883 1839 3072 1894 θυσίαν
3103 1841 3399 1913 τελούμενα
3431 1844 3650 1916 Κυρίῳ·

425 1934 688 1990 oriﬁcium
715 1934 931 1989 cedunt.
970 1934 1281 1989 inauratum
1316 1946 1497 1991 autem
1549 1937 1721 1991 altare
1750 1936 1898 1991 intus
1929 1936 1985 1990 in

425 2026 640 2083 Sanctis
666 2033 976 2083 sanctorum
1011 2027 1331 2097 repositum,
1367 2034 1491 2083 ante
1516 2025 1708 2083 faciem
1737 2026 1986 2083 testimo-

420 2120 520 2187 nii,
550 2120 607 2175 in
639 2135 747 2191 quo
775 2118 1105 2192 prohibitum
1140 2126 1225 2174 est
1254 2117 1435 2173 oﬁ‘erri
1473 2118 1802 2176 sacriﬁcium
1832 2127 1886 2174 et
1912 2119 1983 2175 li-

421 2213 639 2277 bamen,
671 2212 742 2268 ad
770 2226 865 2269 eas
892 2227 1013 2283 qua:
1041 2212 1095 2266 in
1122 2219 1268 2267 statu
1298 2210 1567 2283 virginum
1596 2219 1746 2274 sunt,
1769 2210 1983 2267 videtur

420 2301 801 2372 referendum;
834 2302 1152 2375 incorrupto
1209 2318 1367 2369 auro,
1423 2303 1853 2375 imputribilibus
1911 2304 1981 2359 ab

420 2394 567 2450 omni
592 2394 692 2449 viri
722 2410 1021 2467 congressu
1071 2395 1287 2451 illorum
1317 2398 1578 2466 protectis
1633 2395 1977 2466 corporibus.

419 2486 628 2541 Aurum
658 2485 803 2541 enim
834 2484 1047 2541 duabus
1071 2477 1271 2558 passim
1299 2485 1709 2543 commendatur
1737 2487 1978 2552 dotibus,

418 2587 534 2633 tum
564 2576 710 2648 quod
729 2576 1032 2649 rubiginem
1059 2594 1169 2633 non
1218 2576 1475 2642 admittit,
1532 2585 1646 2632 tum
1678 2577 1822 2648 quod
1873 2576 1981 2632 ful-

414 2684 546 2742 gore
600 2669 786 2724 innato
836 2667 1113 2725 radiorum
1161 2670 1293 2727 solis
1314 2670 1549 2742 speciem
1583 2684 1750 2740 prope
1774 2668 1980 2725 referre

415 2760 652 2819 videtur.
684 2760 882 2832 Aptum
906 2762 961 2816 in
988 2771 1221 2834 utroque
1269 2761 1597 2831 virginitatis
1650 2759 1975 2831 symbolum,

414 2852 592 2910 nullas
618 2853 955 2910 admittentis
984 2855 1176 2910 sordes
1204 2868 1267 2908 ac
1300 2855 1565 2917 maculas,
1606 2853 1702 2909 sed
1737 2860 1791 2908 et
1813 2850 1978 2907 Verbi

415 2959 631 3016 semper
690 2944 811 3000 luce
860 2944 1280 3016 resplendentis.
1308 2943 1569 3015 intusque
1607 2952 1892 3016 propterea
1919 2945 1977 3000 in

416 3034 628 3093 Sanctis
656 3043 971 3093 sanctorum
998 3035 1233 3090 vicinius
1284 3042 1413 3100 stat,
1446 3044 1499 3092 et
1533 3043 1657 3093 ante
1687 3038 1863 3091 velum
1892 3036 1977 3091 in-

411 3131 687 3189 temeratis
710 3127 962 3184 manibus
1000 3126 1208 3181 incensi
1244 3126 1436 3190 instar,
1462 3135 1712 3199 acceptas
1747 3127 1975 3184 Domino

409 3238 599 3293 preces
649 3221 706 3275 in
745 3218 968 3274 odorem
1029 3217 1313 3273 suavitatis
1373 3217 1663 3274 submittit.
1721 3218 1873 3278 Sicut
1920 3228 1974 3275 et

405 3313 644 3373 Joannes
679 3310 1003 3383 signiﬁcavit
1059 3309 1124 3380 ",
1157 3310 1440 3366 incensum
1489 3312 1634 3382 quod
1693 3312 1746 3367 in
1777 3313 1976 3383 pliialis

405 3405 599 3475 viginti
619 3414 853 3475 quatuor
880 3406 1153 3460 seniorum
1186 3412 1324 3469 erat,
1354 3412 1667 3461 sanctorum
1698 3406 1973 3462 orationes

405 3510 526 3551 esse
549 3494 757 3551 dicens.
783 3494 907 3551 Haec
932 3496 1114 3552 tibide
1146 3495 1411 3561 castitate,
1443 3502 1605 3566 prout
1635 3497 1687 3549 in
1717 3505 1968 3568 promptu

404 3587 581 3656 licuit,
613 3595 667 3643 et
693 3604 792 3660 ego
812 3605 910 3660 pro
947 3590 1177 3656 viribus,
1205 3605 1238 3644 ο
1265 3589 1450 3654 Arete,
1480 3589 1722 3645 confero.

475 3678 601 3734 llzc
644 3679 825 3736 locuta
877 3679 1171 3746 Thallusa,
1228 3682 1406 3737 aiebat
1456 3682 1781 3753 Theopatra,
1838 3679 1967 3737 Are-

405 3777 498 3826 ten
537 3778 753 3841 sceptro
789 3769 1051 3841 Agatham
1088 3771 1351 3841 tetigisse,
1402 3771 1673 3841 hancque,
1713 3769 1876 3827 simul
1898 3784 1962 3825 ac

402 3861 597 3927 sensit,
622 3860 1019 3930 exsurrexisse,
1044 3867 1097 3917 et
1130 3860 1211 3916 sic
1236 3861 1601 3933 respondisse.

2084 1929 2143 1983 τὸ
2174 1929 2228 1983 δὲ
2256 1929 2581 2002 περίχρυσον
2620 1929 3016 2002 θυσιαστήριον,
3060 1932 3205 1986 ἔνδον
3225 1936 3282 1986 ὲν
3309 1938 3420 1999 τοῖς
3456 1935 3656 2005 ’Δγίοις

2082 2019 2190 2074 τῶν
2232 2022 2401 2090 ἁγίων
2448 2022 2805 2094 ἀνακείμενον
2831 2023 2971 2077 κατὰ
3011 2024 3299 2096 πρόσωπον
3325 2026 3419 2080 τοῦ
3451 2046 3654 2101 μαρτυ-

2085 2112 2222 2184 ρίου,
2257 2115 2335 2177 είς
2363 2112 2392 2166 δ
2423 2114 2714 2187 ἀπείρηται
2763 2115 2949 2169 θυσίαν
2990 2118 3083 2171 καὶ
3127 2118 3355 2193 σπονδὴν
3384 2122 3653 2194 ἀναφέρε-

2084 2202 2227 2269 σθαι,
2273 2208 2394 2269 ταϊς
2440 2206 2499 2258 ὲν
2554 2206 2819 2279 παρθενίᾳ
2851 2209 3249 2282 παραϐλητέον,
3287 2212 3365 2283 τῷ
3388 2215 3653 2288 ἀκηράτῳ

2080 2298 2267 2371 χρυσῷ
2318 2297 2387 2352 τὰ
2438 2300 2657 2370 ἄσηπτα
2707 2301 2989 2367 συνουσίας
3045 2302 3274 2375 σώματα
3323 2309 3655 2378 κατησφαλι-

2081 2390 2324 2460 σμέναις.
2357 2386 2458 2443 Δύο
2488 2391 2595 2465 γὰρ
2614 2390 2681 2445 τὰ
2705 2394 2785 2456 είς
2809 2391 3024 2447 ἔπαινον
3048 2393 3393 2468 θρυλλοῦνται
3423 2399 3649 2470 γρυσοῦ,

2078 2480 2160 2531 ὅτι
2185 2495 2244 2531 τε
2277 2479 2352 2533 ἰὸν
2388 2478 2449 2532 οὗ
2481 2481 2864 2553 παραδέχεται,
2899 2484 2992 2536 καὶ
3017 2485 3114 2556 τὴν
3136 2487 3322 2556 χροιὰν
3353 2491 3471 2550 ταῖς
3496 2491 3649 2560 ἡλίου

2084 2570 2319 2641 μετρίως
2353 2572 2826 2643 παραπλησιάξειν
2882 2574 3210 2644 φαντάζεται
3246 2578 3453 2649 βολαῖς·
3508 2582 3648 2654 σύμ-

2078 2661 2231 2716 ϐολον
2263 2663 2320 2717 δὲ
2374 2665 2600 2729 εἰκότως
2652 2667 2760 2737 ἄρα
2801 2667 2960 2721 τοῦτο
2988 2668 3087 2740 τῆς
3149 2671 3375 2739 ἁγνείας
3415 2673 3515 2744 τῆς
3572 2656 3683 2748 μὴ’

2078 2754 2442 2827 προσιεμένης
2483 2756 2600 2809 ἐστὶ
2640 2757 2832 2828 κηλίδα
2869 2761 2961 2814 καὶ
2995 2762 3199 2828 σπίλον,
3225 2763 3359 2819 ἀλλὰ
3384 2767 3478 2820 καὶ
3509 2770 3649 2838 φωτὶ

2077 2850 2634 2922 καταστραπτομένης
2676 2851 2762 2904 ἀεὶ
2808 2852 2898 2905 τοῦ
2928 2854 3122 2922 Λόγου.
3160 2856 3249 2908 Διὸ
3275 2859 3368 2911 καὶ
3398 2858 3543 2912 ἔνδον
3568 2862 3648 2924 είς

2074 2939 2144 2993 τὰ
2177 2940 2344 3007 Ἀγια
2368 2939 2475 2993 τῶν
2526 2941 2697 3010 ἁγίων
2758 2941 2953 3014 ἕστηκε
2991 2944 3392 3018 πλησιαίτερον,
3422 2952 3516 3002 καὶ
3548 2949 3648 3021 ἔμ-

2077 3031 2310 3103 προσθεν
2333 3032 2443 3103 (84)
2473 3034 2566 3086 τοῦ
2616 3037 3117 3107 παραπετάσματος
3148 3039 3436 3111 ἀχράντοις
3465 3043 3642 3114 χερσὶ,

2076 3118 2433 3195 θυμιαμάτων
2479 3124 2653 3196 δίκην,
2706 3126 2804 3191 τὰς
2845 3129 3646 3203 προσευχὰςάναπεμπάζουσα

2078 3216 2288 3287 Κυρίῳ,
2318 3216 2508 3281 δεκτὰς
2530 3220 2608 3282 είς
2634 3218 2805 3291 ὀσμὴν
2838 3221 3064 3285 εὐωδίας
3086 3239 3099 3252 ⁸
3130 3222 3309 3288 καθὼς
3337 3225 3430 3279 καὶ
3462 3226 3645 3280 Ἰωάν-

2073 3322 2172 3377 νης
2202 3308 2462 3378 ἐμήνυσε,
2493 3309 2562 3363 τὰ
2593 3308 2911 3382 θυμιάματα
2938 3312 3009 3366 τὰ
3038 3314 3097 3367 ὲν
3140 3319 3260 3379 ταῖς
3290 3318 3509 3386 φιάλαις
3536 3318 3647 3372 τῶν

2073 3400 2527 3469 εἰκοσιτεσσάρων
2545 3401 2949 3477 πρεσϐυτέρων,
2977 3407 3281 3477 προσευχὰς
3301 3410 3471 3476 ἁγίων
3502 3406 3645 3466 εἶναι

2072 3489 2305 3561 φράσας.
2342 3490 2525 3545 Ταῦτά
2547 3510 2628 3546 σοι
2653 3494 2729 3557 ὡς
2754 3496 2817 3548 ἐκ
2833 3494 2927 3548 τοῦ
2961 3499 3299 3570 παραχρῆμα
3327 3499 3481 3568 κὰγὼ
3501 3501 3644 3555 κατὰ

2069 3577 2295 3650 δύναμιν
2327 3580 2466 3652 ὑπὲρ
2495 3583 2735 3650 ἁγνείας,
2765 3577 2810 3637 ὦ
2856 3584 3070 3657 Ἀρετὴ,
3104 3586 3498 3658 συμϐάλλομαι.

2142 3669 2415 3742 Είπούσης
2454 3671 2511 3725 δὲ
2548 3674 2721 3729 ταῦτα
2749 3675 2849 3746 τῆς
2901 3676 3227 3750 Θαλλούσης,
3282 3680 3316 3750 ἡ
3356 3679 3642 3753 Θεοπάτρα

2067 3759 2172 3833 εφη
2201 3760 2278 3832 τῷ
2301 3764 2561 3835 σκήπτρῳ
2610 3763 2709 3836 τὴν
2765 3766 2990 3838 Ἀρετὴν
3025 3767 3229 3838 ψαῦσαι
3251 3770 3348 3841 τῆς
3384 3770 3638 3841 Ἀγαθῆς,

2065 3851 2163 3922 τὴν
2209 3852 2254 3905 δ’
2304 3853 2628 3929 αἰσθομένην
2674 3856 2875 3922 εὐθέως
2936 3859 3236 3932 ἀναστῆναι
3282 3861 3377 3915 καὶ
3421 3863 3645 3934 ἀποκρί-

2068 3944 2285 3999 νασθαι.

1993 4066 2068 4082 ρ

829 4144 1286 4239 ORATIO
1358 4148 1525 4238 Vl.

1027 4297 1332 4353 AGATHA.

2597 4155 2954 4245 ΛΟΓΟΣ
3011 4169 3115 4244 εἷ’.

2725 4308 2972 4364 ΑΓΑΘΗ.

398 4390 525 4467 Cu.
556 4409 597 4467 Ι.
635 4410 866 4485 Virginis
893 4413 1094 4471 decoris
1120 4414 1320 4470 tenacis
1339 4414 1677 4484 praestantia.
1703 4402 1911 4553 Anima;
1927 4412 1999 4467 ad
2027 4414 2125 4471 Dei
2150 4416 2421 4488 imaginis,
2451 4418 2509 4471 id
2530 4428 2607 4475 est
2641 4419 2797 4489 Filii,
2824 4423 3126 4495 imaginem.
3154 4420 3417 4481 Diaboius
3443 4427 3641 4483 enim

1915 4501 2087 4540 rocus.

1915 4501 2087 4540 νοειιε.

472 4596 609 4653 Cum
633 4597 802 4652 multa
833 4598 1029 4655 ﬁducia
1054 4608 1170 4655 tum
1202 4599 1562 4672 persuadendi
1594 4598 1738 4670 quod
1765 4598 1963 4668 dicam,
1999 4604 2043 4659 D

394 4694 513 4744 tum
536 4688 674 4744 bene
698 4703 761 4743 ac
792 4687 1023 4745 feliciter
1046 4691 1358 4761 perorandi,
1392 4705 1427 4746 ο
1453 4690 1635 4754 Arete,
1665 4688 1961 4759 suscipiam

464 4827 510 4860 “
539 4826 569 4882 Ι
590 4823 717 4884 Cor.
739 4842 861 4895 XIII,
893 4826 980 4883 12.
1062 4827 1107 4859 ¹⁸
1134 4825 1299 4884 Hebr.
1326 4843 1403 4894 ιι,
1429 4826 1516 4881 10.
1600 4826 1642 4857 ⁸⁸
1669 4823 1831 4895 Apoc.
1857 4842 1910 4891 v,
1938 4824 1992 4881 8.

465 4969 579 5041 (84)
638 4971 1035 5040 Ἐμπροσθεν.
1066 4970 1221 5038 Quod
1269 4971 1431 5042 paulo
1469 4969 1723 5042 superius
1766 4984 1957 5042 recen-

390 5039 762 5111 sendo'ipsum
799 5050 1003 5096 textum
1042 5039 1601 5111 sacrum—scripserat,
1641 5040 1738 5093 καὶ
1764 5039 1957 5111 δώσεις

391 5111 525 5164 αὐτὸ
555 5109 810 5165 ἀπέναντι
842 5112 937 5165 τοῦ
971 5109 1478 5182 καταπετάσματος,
1506 5112 1785 5182 constitues
1821 5109 1956 5163 illud

390 5191 576 5251 contra
601 5186 791 5246 cetum,
826 5182 941 5238 sive
994 5192 1120 5238 ante
1160 5198 1224 5235 ac
1265 5180 1419 5251 juxta
1449 5183 1602 5248 illud,
1639 5182 1726 5234 bic
1751 5180 1958 5251 ἔμπρο-

392 5250 516 5323 σθεν
542 5252 707 5323 dicit;
737 5252 829 5323 ubi
864 5268 962 5323 pro
1010 5255 1517 5323 καταπετάσματος,
1580 5252 1725 5306 fcedo
1772 5250 1959 5323 errore

390 5321 644 5383 Allatius,
669 5321 1004 5394 Πνεύματος,
1037 5323 1237 5391 Lupar.
1279 5321 1492 5394 Πατρός
1527 5339 1540 5353 ο
1598 5321 1952 5394 nulla‘liujus

390 5394 526 5444 tanti
558 5394 639 5446 vel
673 5390 836 5447 errati
865 5396 947 5447 vel
977 5390 1308 5449 discriminis
1349 5390 1643 5457 mentione,
1674 5390 1775 5445 etsi
1802 5399 1953 5444 tanta

390 5460 445 5514 in
478 5462 720 5531 singulas
752 5464 976 5533 paginas
1002 5465 1328 5519 variantium
1373 5465 1663 5518 lectionum
1697 5465 1953 5533 adnotata

389 5546 563 5604 seges,
594 5548 714 5604 quae
758 5532 960 5602 smpius
1015 5536 1315 5588 scribarum
1349 5534 1545 5604 potius
1582 5532 1775 5604 menda
1813 5538 1952 5604 sunt

390 5600 482 5653 aut
513 5603 685 5671 plagia
711 5600 874 5669 quani
896 5619 981 5659 res
1011 5608 1142 5659 satis
1200 5600 1478 5671 momenti.
1509 5603 1605 5657 llic
1644 5603 1779 5657 satis
1812 5600 1952 5654 indi-

386 5684 543 5726 casse
570 5691 581 5725 :
608 5674 855 5743 favetque
905 5690 1036 5728 ιιιοοε
1078 5675 1443 5729 emendationi
1484 5689 1736 5743 superius
1779 5673 1951 5743 adno-

386 5749 497 5813 tata
532 5743 597 5795 ad
634 5742 660 5813 §
687 5739 911 5813 4rtiujns
936 5751 1097 5804 orat.,
1124 5745 1212 5797 ubi
1250 5760 1476 5813 prorsus
1526 5739 1814 5813 scripsisse
1836 5739 1949 5794 Me-

385 5810 843 5881 ιΙιοόίιιιιίΛόγον
863 5813 1076 5881 Πατρός
1105 5810 1465 5883 conjiciebam
1483 5831 1499 5884 ;
1533 5810 1788 5868 inscitum
1818 5826 1951 5867 vero

2144 4601 2264 4655 Ὀτι
2307 4603 2444 4672 μετὰ
2483 4604 2679 4677 πολλῆς
2712 4605 3000 4676 εὐτολμίας
3037 4609 3128 4661 καὶ
3148 4609 3387 4674 πειθοῦς,
3418 4613 3639 4684 καὶτῆς

2068 4691 2161 4747 τοῦ
2193 4693 2373 4758 καλῶς
2410 4698 2580 4750 εἰπεῖν
2613 4698 2949 4770 ὑπολήψεως,
2974 4692 3021 4754 ὧ
3064 4702 3274 4774 Ἀρετὴ,
3313 4703 3406 4758 σοῦ
3460 4723 3635 4778 παρο-

2058 4968 2293 5026 scribam
2321 4972 2684 5045 exscripsisse
2708 4971 3043 5045 Πνεῦματος.
3074 4973 3339 5030 Nimirum
3363 4980 3555 5030 contra
3576 4981 3632 5032 et

2056 5056 2229 5113 prope
2245 5049 2299 5094 et
2329 5050 2455 5096 ante
2502 5044 2681 5096 velum
2734 5046 2879 5113 quod
2909 5061 3090 5099 arcam
3156 5045 3378 5100 t‘mderis
3410 5053 3462 5098 et
3496 5062 3627 5099 san-

2057 5111 2330 5164 ctuarium
2379 5113 2687 5181 obtegebat,
2721 5111 3031 5170 constitutae
3085 5115 3346 5184 virgines,
3386 5117 3631 5169 velutal-

2059 5190 2176 5255 tare
2198 5195 2455 5255 aureum,
2475 5184 2632 5252 quasi
2670 5187 2721 5237 in
2755 5186 3018 5239 vestibulo
3049 5186 3291 5254 ipsorum
3317 5185 3631 5255 adyturum,

2056 5250 2507 5325 iisquereliquis
2550 5255 3009 5324 propinquiores;
3043 5250 3339 5325 q—uwulaus
3385 5250 3625 5325 maxima

2056 5320 2406 5389 Virginitatis.
2436 5323 2515 5376 Ac
2550 5320 2691 5377 wnurn
2740 5320 2801 5378 ea
2830 5340 2999 5379 causa
3034 5320 3137 5379 inci
3170 5323 3433 5386 Nazaraai,
3464 5324 3513 5378 id
3541 5332 3629 5378 cst

2058 5391 2334 5455 monachi,
2372 5393 2523 5455 olim,
2549 5407 2671 5446 cum
2708 5395 2831 5448 laici
2861 5398 3038 5450 solum
3069 5404 3274 5458 essent,
3306 5396 3401 5450 sed
3443 5403 3627 5448 tamen

2060 5460 2275 5533 caelibes
2298 5469 2351 5515 et
2373 5464 2631 5528 cultores,
2666 5464 2946 5532 ﬁdensque
2989 5465 3159 5533 plebis
3211 5480 3336 5533 pars
3361 5467 3621 5526 sanctior,

2059 5529 2125 5583 ad
2182 5530 2324 5585 fores
2366 5534 2663 5588 sanctuarii
2711 5552 2773 5589 ac
2829 5529 3310 5604 jnxta'cancellus,
3366 5536 3417 5587 in
3448 5535 3626 5603 capite

2058 5607 2233 5675 cretus
2283 5605 2461 5675 omnis
2514 5605 2775 5667 ﬁdelium,
2803 5618 2854 5659 ct
2879 5621 3121 5675 proxime
3164 5613 3286 5675 post
3312 5606 3436 5667 τοὺς
3474 5605 3625 5675 ἱερα-

2056 5670 2312 5734 τεύοντας
2343 5674 2627 5730 stationem
2661 5670 2931 5730 habebant
2953 5675 2975 5727 ?
3000 5670 3331 5729 Ei'ant'certe
3358 5685 3410 5729 et
3439 5670 3627 5727 illi'al-

2056 5750 2175 5795 tare
2219 5744 2351 5796 illud
2389 5760 2612 5799 aureum
2660 5745 2967 5817 ἔμπροσθεν
3016 5744 3112 5797 τοῦ
3185 5744 3624 5817 παραπετάσμαὲ-

2056 5829 2167 5880 τος,
2201 5821 2363 5885 atque
2392 5832 2537 5872 nunc
2565 5816 2728 5873 etiam
2755 5816 3049 5884 exsistunt,
3074 5832 3200 5873 cum
3242 5817 3355 5889 jam
3387 5816 3499 5871 fere
3535 5829 3627 5867 au-
