  <div class='ocr_page' id='page_1' title='image "/cluster/home/n/w/nwhite01/storage/ocr_20150623/18/coo.31924054872985/070.png"; bbox 0 0 4140 6416; ppageno 0'>
   <div class='ocr_carea' id='block_1_1' title="bbox 507 301 607 357">
    <p class='ocr_par' dir='ltr' id='par_1_1' title="bbox 507 301 607 357">
     <span class='ocr_line' id='line_1_1' title="bbox 507 301 607 357; baseline 0.02 -2"><span class='ocrx_word' id='word_1_1' title='bbox 507 301 607 357; x_wconf 77' lang='lat' dir='ltr'><strong>H5</strong></span> 
     </span>
    </p>
   </div>
   <div class='ocr_carea' id='block_1_2' title="bbox 1558 302 2594 360">
    <p class='ocr_par' dir='ltr' id='par_1_2' title="bbox 1558 302 2594 360">
     <span class='ocr_line' id='line_1_2' title="bbox 1558 302 2594 360; baseline -0.002 0"><span class='ocrx_word' id='word_1_2' title='bbox 1558 305 1933 360; x_wconf 73' lang='lat' dir='ltr'><strong>CONVIVIUM</strong></span> <span class='ocrx_word' id='word_1_3' title='bbox 1975 304 2200 360; x_wconf 86' lang='lat' dir='ltr'><strong>DECEM</strong></span> <span class='ocrx_word' id='word_1_4' title='bbox 2239 302 2594 360; x_wconf 77' lang='lat' dir='ltr'><strong>VIBGINUM.</strong></span> 
     </span>
    </p>
   </div>
   <div class='ocr_carea' id='block_1_3' title="bbox 3605 305 3708 362">
    <p class='ocr_par' dir='ltr' id='par_1_3' title="bbox 3605 305 3708 362">
     <span class='ocr_line' id='line_1_3' title="bbox 3605 305 3708 362; baseline 0.029 -4"><span class='ocrx_word' id='word_1_5' title='bbox 3605 305 3708 362; x_wconf 75' lang='grc' dir='ltr'><strong>ιη</strong></span> 
     </span>
    </p>
   </div>
   <div class='ocr_carea' id='block_1_4' title="bbox 506 419 2049 499">
    <p class='ocr_par' dir='ltr' id='par_1_4' title="bbox 506 420 2049 499">
     <span class='ocr_line' id='line_1_4' title="bbox 506 420 2049 499; baseline 0.005 -25"><span class='ocrx_word' id='word_1_6' title='bbox 506 420 832 495; x_wconf 84' lang='grc' dir='ltr'>μαρτούσης,</span> <span class='ocrx_word' id='word_1_7' title='bbox 873 423 1202 496; x_wconf 77' lang='grc' dir='ltr'>πειράσομαι</span> <span class='ocrx_word' id='word_1_8' title='bbox 1256 426 1318 496; x_wconf 80' lang='grc' dir='ltr'>δὴ</span> <span class='ocrx_word' id='word_1_9' title='bbox 1353 427 1492 480; x_wconf 87' lang='grc' dir='ltr'><strong>κατά</strong></span> <span class='ocrx_word' id='word_1_10' title='bbox 1543 427 1770 499; x_wconf 85' lang='grc' dir='ltr'>δύναμιν</span> <span class='ocrx_word' id='word_1_11' title='bbox 1796 427 1949 497; x_wconf 85' lang='grc' dir='ltr'>κάγὼ</span> <span class='ocrx_word' id='word_1_12' title='bbox 1981 428 2049 490; x_wconf 81' lang='grc' dir='ltr'><strong>εἰς</strong></span> 
     </span>
    </p>
   </div>
   <div class='ocr_carea' id='block_1_5' title="bbox 2149 419 3712 499">
    <p class='ocr_par' dir='ltr' id='par_1_5' title="bbox 2161 419 3712 495">
     <span class='ocr_line' id='line_1_5' title="bbox 2161 419 3712 495; baseline -0.001 -19"><span class='ocrx_word' id='word_1_13' title='bbox 2161 424 2493 495; x_wconf 85' lang='lat' dir='ltr'><strong>provinciam</strong></span> <span class='ocrx_word' id='word_1_14' title='bbox 2515 437 2677 493; x_wconf 89' lang='lat' dir='ltr'><strong>quam</strong></span> <span class='ocrx_word' id='word_1_15' title='bbox 2708 421 2964 492; x_wconf 88' lang='lat' dir='ltr'><strong>imponis,</strong></span> <span class='ocrx_word' id='word_1_16' title='bbox 2996 420 3044 475; x_wconf 89' lang='lat' dir='ltr'><strong>si</strong></span> <span class='ocrx_word' id='word_1_17' title='bbox 3091 426 3148 472; x_wconf 89' lang='lat' dir='ltr'><strong>tu</strong></span> <span class='ocrx_word' id='word_1_18' title='bbox 3174 419 3306 476; x_wconf 86' lang='lat' dir='ltr'><strong>mihi</strong></span> <span class='ocrx_word' id='word_1_19' title='bbox 3340 425 3538 490; x_wconf 62' lang='lat' dir='ltr'><strong>praesto</strong></span> <span class='ocrx_word' id='word_1_20' title='bbox 3566 419 3712 475; x_wconf 82' lang='lat' dir='ltr'><strong>fave-</strong></span> 
     </span>
    </p>
   </div>
   <div class='ocr_carea' id='block_1_6' title="bbox 501 513 2060 590">
    <p class='ocr_par' dir='ltr' id='par_1_6' title="bbox 501 513 2060 590">
     <span class='ocr_line' id='line_1_6' title="bbox 501 513 2060 590; baseline 0.003 -24"><span class='ocrx_word' id='word_1_21' title='bbox 501 513 562 566; x_wconf 86' lang='grc' dir='ltr'>τὸ</span> <span class='ocrx_word' id='word_1_22' title='bbox 593 515 946 585; x_wconf 88' lang='grc' dir='ltr'>προκείμενον</span> <span class='ocrx_word' id='word_1_23' title='bbox 993 517 1398 584; x_wconf 84' lang='grc' dir='ltr'>εἰσενέγκασθαί</span> <span class='ocrx_word' id='word_1_24' title='bbox 1425 536 1496 582; x_wconf 88' lang='grc' dir='ltr'><strong>τι,</strong></span> <span class='ocrx_word' id='word_1_25' title='bbox 1520 521 1637 572; x_wconf 77' lang='grc' dir='ltr'>κατ’</span> <span class='ocrx_word' id='word_1_26' title='bbox 1670 519 1910 590; x_wconf 82' lang='grc' dir='ltr'>ἐμαυτὴν</span> <span class='ocrx_word' id='word_1_27' title='bbox 1937 520 2060 589; x_wconf 83' lang='grc' dir='ltr'>μέν-</span> 
     </span>
    </p>
   </div>
   <div class='ocr_carea' id='block_1_7' title="bbox 501 607 2058 681">
    <p class='ocr_par' dir='ltr' id='par_1_7' title="bbox 501 607 2058 681">
     <span class='ocr_line' id='line_1_7' title="bbox 501 607 2058 681; baseline 0.004 -24"><span class='ocrx_word' id='word_1_28' title='bbox 501 621 602 668; x_wconf 89' lang='grc' dir='ltr'>τοι,</span> <span class='ocrx_word' id='word_1_29' title='bbox 640 607 730 658; x_wconf 75' lang='grc' dir='ltr'>καὶ</span> <span class='ocrx_word' id='word_1_30' title='bbox 759 607 819 659; x_wconf 83' lang='grc' dir='ltr'>οὐ</span> <span class='ocrx_word' id='word_1_31' title='bbox 851 607 987 679; x_wconf 85' lang='grc' dir='ltr'>πρὸς</span> <span class='ocrx_word' id='word_1_32' title='bbox 1015 608 1081 661; x_wconf 77' lang='grc' dir='ltr'>τὰ</span> <span class='ocrx_word' id='word_1_33' title='bbox 1114 610 1394 680; x_wconf 80' lang='grc' dir='ltr'><strong>εἰρημένα.</strong></span> <span class='ocrx_word' id='word_1_34' title='bbox 1427 610 1501 663; x_wconf 83' lang='grc' dir='ltr'><strong>Οὐ</strong></span> <span class='ocrx_word' id='word_1_35' title='bbox 1537 610 1644 681; x_wconf 82' lang='grc' dir='ltr'>γὰρ</span> <span class='ocrx_word' id='word_1_36' title='bbox 1699 611 1764 665; x_wconf 86' lang='grc' dir='ltr'>ἂν</span> <span class='ocrx_word' id='word_1_37' title='bbox 1795 611 2058 681; x_wconf 83' lang='grc' dir='ltr'><strong>δυναίμην</strong></span> 
     </span>
    </p>
   </div>
   <div class='ocr_carea' id='block_1_8' title="bbox 500 696 2061 774">
    <p class='ocr_par' dir='ltr' id='par_1_8' title="bbox 500 696 2061 774">
     <span class='ocr_line' id='line_1_8' title="bbox 500 696 2061 774; baseline 0.004 -26"><span class='ocrx_word' id='word_1_38' title='bbox 500 696 770 767; x_wconf 72' lang='grc' dir='ltr'><strong>ἐφάμιλλα</strong></span> <span class='ocrx_word' id='word_1_39' title='bbox 793 699 998 764; x_wconf 78' lang='grc' dir='ltr'><strong>τούτοις</strong></span> <span class='ocrx_word' id='word_1_40' title='bbox 1025 700 1162 754; x_wconf 77' lang='grc' dir='ltr'>οὕτω</span> <span class='ocrx_word' id='word_1_41' title='bbox 1186 701 1438 766; x_wconf 83' lang='grc' dir='ltr'><strong>ποικίλως</strong></span> <span class='ocrx_word' id='word_1_42' title='bbox 1467 703 1559 756; x_wconf 73' lang='grc' dir='ltr'>καὶ</span> <span class='ocrx_word' id='word_1_43' title='bbox 1584 702 1846 774; x_wconf 84' lang='grc' dir='ltr'>λαμπρῶς</span> <span class='ocrx_word' id='word_1_44' title='bbox 1876 704 2061 772; x_wconf 77' lang='grc' dir='ltr'>ἀπειρο</span> 
     </span>
    </p>
   </div>
   <div class='ocr_carea' id='block_1_9' title="bbox 499 787 2056 862">
    <p class='ocr_par' dir='ltr' id='par_1_9' title="bbox 499 787 2056 862">
     <span class='ocr_line' id='line_1_9' title="bbox 499 787 2056 862; baseline 0.004 -26"><span class='ocrx_word' id='word_1_45' title='bbox 499 787 791 855; x_wconf 80' lang='grc' dir='ltr'>γασμένοις</span> <span class='ocrx_word' id='word_1_46' title='bbox 842 787 1164 858; x_wconf 82' lang='grc' dir='ltr'>φιλοσοφεῖν.</span> <span class='ocrx_word' id='word_1_47' title='bbox 1205 790 1349 854; x_wconf 81' lang='grc' dir='ltr'>Δόξω</span> <span class='ocrx_word' id='word_1_48' title='bbox 1373 791 1480 862; x_wconf 82' lang='grc' dir='ltr'><strong>γὰρ</strong></span> <span class='ocrx_word' id='word_1_49' title='bbox 1512 790 2056 862; x_wconf 81' lang='grc' dir='ltr'>ἀποφέρεσθαιψόγον</span> 
     </span>
    </p>
   </div>
   <div class='ocr_carea' id='block_1_10' title="bbox 499 873 2060 952">
    <p class='ocr_par' dir='ltr' id='par_1_10' title="bbox 499 873 2060 952">
     <span class='ocr_line' id='line_1_10' title="bbox 499 873 2060 952; baseline 0.005 -26"><span class='ocrx_word' id='word_1_50' title='bbox 499 873 842 946; x_wconf 78' lang='grc' dir='ltr'>ἀδελτηρίας,</span> <span class='ocrx_word' id='word_1_51' title='bbox 889 881 938 931; x_wconf 85' lang='grc' dir='ltr'>εἰ</span> <span class='ocrx_word' id='word_1_52' title='bbox 968 881 1080 943; x_wconf 86' lang='grc' dir='ltr'>τοῖς</span> <span class='ocrx_word' id='word_1_53' title='bbox 1129 880 1269 934; x_wconf 85' lang='grc' dir='ltr'><strong>κατά</strong></span> <span class='ocrx_word' id='word_1_54' title='bbox 1299 881 1490 950; x_wconf 83' lang='grc' dir='ltr'>σοφίαν</span> <span class='ocrx_word' id='word_1_55' title='bbox 1521 879 1861 947; x_wconf 73' lang='grc' dir='ltr'>ὲξισάζεσθαι</span> <span class='ocrx_word' id='word_1_56' title='bbox 1887 881 2060 952; x_wconf 85' lang='grc' dir='ltr'>κρείτ-</span> 
     </span>
    </p>
   </div>
   <div class='ocr_carea' id='block_1_11' title="bbox 498 968 2056 1042">
    <p class='ocr_par' dir='ltr' id='par_1_11' title="bbox 498 968 2056 1042">
     <span class='ocr_line' id='line_1_11' title="bbox 498 968 2056 1042; baseline 0.006 -25"><span class='ocrx_word' id='word_1_57' title='bbox 498 980 616 1018; x_wconf 91' lang='grc' dir='ltr'>τοσι</span> <span class='ocrx_word' id='word_1_58' title='bbox 665 969 1043 1042; x_wconf 79' lang='grc' dir='ltr'>προσπηδῴην.</span> <span class='ocrx_word' id='word_1_59' title='bbox 1091 973 1153 1025; x_wconf 87' lang='grc' dir='ltr'><strong>Εἰ</strong></span> <span class='ocrx_word' id='word_1_60' title='bbox 1197 968 1289 1026; x_wconf 80' lang='grc' dir='ltr'>οὖν</span> <span class='ocrx_word' id='word_1_61' title='bbox 1331 971 1584 1038; x_wconf 80' lang='grc' dir='ltr'><strong>ἀνέξεσθε</strong></span> <span class='ocrx_word' id='word_1_62' title='bbox 1643 973 1874 1026; x_wconf 74' lang='grc' dir='ltr'>καὶτῶν</span> <span class='ocrx_word' id='word_1_63' title='bbox 1911 973 2056 1036; x_wconf 86' lang='grc' dir='ltr'>ὅπως</span> 
     </span>
    </p>
   </div>
   <div class='ocr_carea' id='block_1_12' title="bbox 500 1057 2055 1138">
    <p class='ocr_par' dir='ltr' id='par_1_12' title="bbox 500 1057 2055 1138">
     <span class='ocr_line' id='line_1_12' title="bbox 500 1057 2055 1138; baseline 0.005 -28"><span class='ocrx_word' id='word_1_64' title='bbox 500 1057 568 1110; x_wconf 88' lang='grc' dir='ltr'>ἂν</span> <span class='ocrx_word' id='word_1_65' title='bbox 595 1057 732 1132; x_wconf 82' lang='grc' dir='ltr'>τύχῃ</span> <span class='ocrx_word' id='word_1_66' title='bbox 777 1062 1195 1132; x_wconf 72' lang='grc' dir='ltr'>ρητορευόντων,</span> <span class='ocrx_word' id='word_1_67' title='bbox 1237 1065 1494 1138; x_wconf 75' lang='grc' dir='ltr'><strong>ἐπιχειρῶ</strong></span> <span class='ocrx_word' id='word_1_68' title='bbox 1528 1065 1728 1134; x_wconf 85' lang='grc' dir='ltr'>λέγειν,</span> <span class='ocrx_word' id='word_1_69' title='bbox 1750 1065 1901 1119; x_wconf 78' lang='grc' dir='ltr'>οὐδὲν</span> <span class='ocrx_word' id='word_1_70' title='bbox 1922 1081 2055 1137; x_wconf 90' lang='grc' dir='ltr'>προ-</span> 
     </span>
    </p>
   </div>
   <div class='ocr_carea' id='block_1_13' title="bbox 498 1148 1780 1229">
    <p class='ocr_par' dir='ltr' id='par_1_13' title="bbox 498 1148 1780 1229">
     <span class='ocr_line' id='line_1_13' title="bbox 498 1148 1780 1229; baseline 0.007 -27"><span class='ocrx_word' id='word_1_71' title='bbox 498 1148 696 1220; x_wconf 78' lang='grc' dir='ltr'>θυμίας</span> <span class='ocrx_word' id='word_1_72' title='bbox 727 1151 1119 1228; x_wconf 86' lang='grc' dir='ltr'>καθυφειμένη.</span> <span class='ocrx_word' id='word_1_73' title='bbox 1161 1158 1412 1229; x_wconf 85' lang='grc' dir='ltr'>Ἀρκτέον</span> <span class='ocrx_word' id='word_1_74' title='bbox 1436 1160 1492 1212; x_wconf 86' lang='grc' dir='ltr'>δὲ</span> <span class='ocrx_word' id='word_1_75' title='bbox 1513 1158 1780 1213; x_wconf 78' lang='grc' dir='ltr'>ἐντεῦθεν.</span> 
     </span>
    </p>
   </div>
   <div class='ocr_carea' id='block_1_14' title="bbox 2158 509 3708 584">
    <p class='ocr_par' dir='ltr' id='par_1_14' title="bbox 2158 509 3708 584">
     <span class='ocr_line' id='line_1_14' title="bbox 2158 509 3708 584; baseline -0.003 -15"><span class='ocrx_word' id='word_1_76' title='bbox 2158 516 2255 570; x_wconf 90' lang='lat' dir='ltr'><strong>ris.</strong></span> <span class='ocrx_word' id='word_1_77' title='bbox 2284 513 2487 584; x_wconf 86' lang='lat' dir='ltr'><strong>Nempe</strong></span> <span class='ocrx_word' id='word_1_78' title='bbox 2512 512 2752 567; x_wconf 90' lang='lat' dir='ltr'><strong>conabor</strong></span> <span class='ocrx_word' id='word_1_79' title='bbox 2775 519 2831 567; x_wconf 83' lang='lat' dir='ltr'><strong>et</strong></span> <span class='ocrx_word' id='word_1_80' title='bbox 2850 525 2950 582; x_wconf 87' lang='lat' dir='ltr'><strong>ego</strong></span> <span class='ocrx_word' id='word_1_81' title='bbox 2981 510 3048 564; x_wconf 89' lang='lat' dir='ltr'><strong>ad</strong></span> <span class='ocrx_word' id='word_1_82' title='bbox 3080 509 3384 579; x_wconf 89' lang='lat' dir='ltr'><strong>argumenti</strong></span> <span class='ocrx_word' id='word_1_83' title='bbox 3448 510 3708 578; x_wconf 89' lang='lat' dir='ltr'><strong>propositi</strong></span> 
     </span>
    </p>
   </div>
   <div class='ocr_carea' id='block_1_15' title="bbox 2160 600 3706 672">
    <p class='ocr_par' dir='ltr' id='par_1_15' title="bbox 2160 600 3706 672">
     <span class='ocr_line' id='line_1_15' title="bbox 2160 600 3706 672; baseline -0.006 -8"><span class='ocrx_word' id='word_1_84' title='bbox 2160 608 2534 663; x_wconf 88' lang='lat' dir='ltr'><strong>tractationem</strong></span> <span class='ocrx_word' id='word_1_85' title='bbox 2565 604 2812 660; x_wconf 84' lang='lat' dir='ltr'><strong>conferre</strong></span> <span class='ocrx_word' id='word_1_86' title='bbox 2832 601 3065 672; x_wconf 89' lang='lat' dir='ltr'><strong>aliquid;</strong></span> <span class='ocrx_word' id='word_1_87' title='bbox 3097 600 3558 655; x_wconf 86' lang='lat' dir='ltr'><strong>accommodatum</strong></span> <span class='ocrx_word' id='word_1_88' title='bbox 3584 603 3706 672; x_wconf 85' lang='lat' dir='ltr'><strong>qui-</strong></span> 
     </span>
    </p>
   </div>
   <div class='ocr_carea' id='block_1_16' title="bbox 2159 691 3708 766">
    <p class='ocr_par' dir='ltr' id='par_1_16' title="bbox 2159 691 3708 766">
     <span class='ocr_line' id='line_1_16' title="bbox 2159 691 3708 766; baseline -0.005 -13"><span class='ocrx_word' id='word_1_89' title='bbox 2159 698 2282 753; x_wconf 91' lang='lat' dir='ltr'><strong>dem</strong></span> <span class='ocrx_word' id='word_1_90' title='bbox 2316 697 2447 751; x_wconf 92' lang='lat' dir='ltr'><strong>illud</strong></span> <span class='ocrx_word' id='word_1_91' title='bbox 2480 696 2661 766; x_wconf 88' lang='lat' dir='ltr'><strong>potius</strong></span> <span class='ocrx_word' id='word_1_92' title='bbox 2689 694 2755 748; x_wconf 91' lang='lat' dir='ltr'><strong>ad</strong></span> <span class='ocrx_word' id='word_1_93' title='bbox 2787 701 3004 764; x_wconf 90' lang='lat' dir='ltr'><strong>captum</strong></span> <span class='ocrx_word' id='word_1_94' title='bbox 3056 691 3338 747; x_wconf 85' lang='lat' dir='ltr'><strong>tenuitatis</strong></span> <span class='ocrx_word' id='word_1_95' title='bbox 3372 706 3522 755; x_wconf 67' lang='lat' dir='ltr'><strong>meae,</strong></span> <span class='ocrx_word' id='word_1_96' title='bbox 3545 707 3708 761; x_wconf 87' lang='lat' dir='ltr'><strong>quam</strong></span> 
     </span>
    </p>
   </div>
   <div class='ocr_carea' id='block_1_17' title="bbox 2157 784 3705 861">
    <p class='ocr_par' dir='ltr' id='par_1_17' title="bbox 2157 784 3705 861">
     <span class='ocr_line' id='line_1_17' title="bbox 2157 784 3705 861; baseline -0.005 -14"><span class='ocrx_word' id='word_1_97' title='bbox 2157 792 2338 847; x_wconf 90' lang='lat' dir='ltr'><strong>debita</strong></span> <span class='ocrx_word' id='word_1_98' title='bbox 2368 789 2718 861; x_wconf 86' lang='lat' dir='ltr'><strong>proportione</strong></span> <span class='ocrx_word' id='word_1_99' title='bbox 2752 786 3084 857; x_wconf 87' lang='lat' dir='ltr'><strong>respondens</strong></span> <span class='ocrx_word' id='word_1_100' title='bbox 3109 784 3177 842; x_wconf 91' lang='lat' dir='ltr'><strong>iis</strong></span> <span class='ocrx_word' id='word_1_101' title='bbox 3205 799 3324 855; x_wconf 74' lang='lat' dir='ltr'><strong>quae</strong></span> <span class='ocrx_word' id='word_1_102' title='bbox 3350 785 3463 852; x_wconf 89' lang='lat' dir='ltr'><strong>jam</strong></span> <span class='ocrx_word' id='word_1_103' title='bbox 3485 784 3552 837; x_wconf 92' lang='lat' dir='ltr'><strong>ab</strong></span> <span class='ocrx_word' id='word_1_104' title='bbox 3585 785 3705 841; x_wconf 90' lang='lat' dir='ltr'><strong>aliis</strong></span> 
     </span>
    </p>
   </div>
   <div class='ocr_carea' id='block_1_18' title="bbox 2156 876 3706 952">
    <p class='ocr_par' dir='ltr' id='par_1_18' title="bbox 2156 876 3706 952">
     <span class='ocr_line' id='line_1_18' title="bbox 2156 876 3706 952; baseline -0.003 -15"><span class='ocrx_word' id='word_1_105' title='bbox 2156 889 2406 952; x_wconf 90' lang='lat' dir='ltr'><strong>perorata</strong></span> <span class='ocrx_word' id='word_1_106' title='bbox 2436 888 2579 936; x_wconf 92' lang='lat' dir='ltr'><strong>sunt.</strong></span> <span class='ocrx_word' id='word_1_107' title='bbox 2609 879 2728 936; x_wconf 90' lang='lat' dir='ltr'><strong>Non</strong></span> <span class='ocrx_word' id='word_1_108' title='bbox 2747 880 2888 935; x_wconf 91' lang='lat' dir='ltr'><strong>enim</strong></span> <span class='ocrx_word' id='word_1_109' title='bbox 2913 879 3114 949; x_wconf 91' lang='lat' dir='ltr'><strong>possim</strong></span> <span class='ocrx_word' id='word_1_110' title='bbox 3149 877 3303 948; x_wconf 90' lang='lat' dir='ltr'><strong>paria</strong></span> <span class='ocrx_word' id='word_1_111' title='bbox 3324 876 3412 932; x_wconf 89' lang='lat' dir='ltr'><strong>bis</strong></span> <span class='ocrx_word' id='word_1_112' title='bbox 3430 891 3550 947; x_wconf 63' lang='lat' dir='ltr'><strong>qua</strong></span> <span class='ocrx_word' id='word_1_113' title='bbox 3570 877 3706 932; x_wconf 82' lang='lat' dir='ltr'><strong>adeo</strong></span> 
     </span>
    </p>
   </div>
   <div class='ocr_carea' id='block_1_19' title="bbox 2159 968 3706 1045">
    <p class='ocr_par' dir='ltr' id='par_1_19' title="bbox 2159 968 3706 1045">
     <span class='ocr_line' id='line_1_19' title="bbox 2159 968 3706 1045; baseline -0.004 -15"><span class='ocrx_word' id='word_1_114' title='bbox 2159 976 2309 1030; x_wconf 86' lang='lat' dir='ltr'><strong>varie</strong></span> <span class='ocrx_word' id='word_1_115' title='bbox 2361 983 2414 1030; x_wconf 92' lang='lat' dir='ltr'><strong>et</strong></span> <span class='ocrx_word' id='word_1_116' title='bbox 2469 972 2752 1045; x_wconf 89' lang='lat' dir='ltr'><strong>splendide</strong></span> <span class='ocrx_word' id='word_1_117' title='bbox 2803 972 3079 1028; x_wconf 88' lang='lat' dir='ltr'><strong>elaborata</strong></span> <span class='ocrx_word' id='word_1_118' title='bbox 3108 981 3256 1035; x_wconf 88' lang='lat' dir='ltr'><strong>sunt,</strong></span> <span class='ocrx_word' id='word_1_119' title='bbox 3309 969 3604 1040; x_wconf 86' lang='lat' dir='ltr'><strong>disputare.</strong></span> <span class='ocrx_word' id='word_1_120' title='bbox 3639 968 3706 1024; x_wconf 88' lang='lat' dir='ltr'><strong>Et</strong></span> 
     </span>
    </p>
   </div>
   <div class='ocr_carea' id='block_1_20' title="bbox 2156 1060 3702 1136">
    <p class='ocr_par' dir='ltr' id='par_1_20' title="bbox 2156 1060 3702 1136">
     <span class='ocr_line' id='line_1_20' title="bbox 2156 1060 3702 1136; baseline -0.005 -15"><span class='ocrx_word' id='word_1_121' title='bbox 2156 1067 2400 1122; x_wconf 85' lang='lat' dir='ltr'><strong>stultitiae</strong></span> <span class='ocrx_word' id='word_1_122' title='bbox 2429 1064 2675 1136; x_wconf 82' lang='lat' dir='ltr'><strong>profecto</strong></span> <span class='ocrx_word' id='word_1_123' title='bbox 2711 1071 2894 1120; x_wconf 87' lang='lat' dir='ltr'><strong>notam</strong></span> <span class='ocrx_word' id='word_1_124' title='bbox 2933 1065 2989 1118; x_wconf 93' lang='lat' dir='ltr'><strong>in</strong></span> <span class='ocrx_word' id='word_1_125' title='bbox 3023 1077 3109 1118; x_wconf 89' lang='lat' dir='ltr'><strong>me</strong></span> <span class='ocrx_word' id='word_1_126' title='bbox 3147 1060 3450 1117; x_wconf 78' lang='lat' dir='ltr'><strong>transferre</strong></span> <span class='ocrx_word' id='word_1_127' title='bbox 3497 1061 3702 1125; x_wconf 90' lang='lat' dir='ltr'><strong>videar,</strong></span> 
     </span>
    </p>
   </div>
   <div class='ocr_carea' id='block_1_21' title="bbox 2157 1147 3707 1224">
    <p class='ocr_par' dir='ltr' id='par_1_21' title="bbox 2157 1147 3707 1224">
     <span class='ocr_line' id='line_1_21' title="bbox 2157 1147 3707 1224; baseline -0.006 -12"><span class='ocrx_word' id='word_1_128' title='bbox 2157 1157 2205 1212; x_wconf 92' lang='lat' dir='ltr'><strong>si</strong></span> <span class='ocrx_word' id='word_1_129' title='bbox 2239 1157 2307 1211; x_wconf 87' lang='lat' dir='ltr'><strong>ad</strong></span> <span class='ocrx_word' id='word_1_130' title='bbox 2331 1157 2385 1210; x_wconf 89' lang='lat' dir='ltr'><strong>id</strong></span> <span class='ocrx_word' id='word_1_131' title='bbox 2416 1156 2667 1212; x_wconf 90' lang='lat' dir='ltr'><strong>connitar</strong></span> <span class='ocrx_word' id='word_1_132' title='bbox 2696 1169 2868 1224; x_wconf 89' lang='lat' dir='ltr'><strong>eoque</strong></span> <span class='ocrx_word' id='word_1_133' title='bbox 2896 1153 3229 1215; x_wconf 87' lang='lat' dir='ltr'><strong>insiliam,ut</strong></span> <span class='ocrx_word' id='word_1_134' title='bbox 3273 1164 3457 1206; x_wconf 90' lang='lat' dir='ltr'><strong>earum</strong></span> <span class='ocrx_word' id='word_1_135' title='bbox 3490 1147 3707 1205; x_wconf 88' lang='lat' dir='ltr'><strong>dicendi</strong></span> 
     </span>
    </p>
   </div>
   <div class='ocr_carea' id='block_1_22' title="bbox 497 1239 3722 1323">
    <p class='ocr_par' dir='ltr' id='par_1_22' title="bbox 497 1239 3722 1323">
     <span class='ocr_line' id='line_1_22' title="bbox 497 1239 3722 1323; baseline 0.001 -30"><span class='ocrx_word' id='word_1_136' title='bbox 497 1241 657 1298; x_wconf 92' lang='lat' dir='ltr'><strong>laude</strong></span> <span class='ocrx_word' id='word_1_137' title='bbox 720 1247 1082 1316; x_wconf 74' lang='lat' dir='ltr'><strong>aequalitatem</strong></span> <span class='ocrx_word' id='word_1_138' title='bbox 1142 1251 1275 1305; x_wconf 90' lang='lat' dir='ltr'><strong>mihi</strong></span> <span class='ocrx_word' id='word_1_139' title='bbox 1306 1253 1422 1322; x_wconf 89' lang='lat' dir='ltr'><strong>ipsa</strong></span> <span class='ocrx_word' id='word_1_140' title='bbox 1466 1253 1698 1306; x_wconf 89' lang='lat' dir='ltr'><strong>ambiam</strong></span> <span class='ocrx_word' id='word_1_141' title='bbox 1749 1267 1870 1323; x_wconf 69' lang='lat' dir='ltr'><strong>qua:</strong></span> <span class='ocrx_word' id='word_1_142' title='bbox 1919 1250 2186 1321; x_wconf 86' lang='lat' dir='ltr'><strong>sapientia</strong></span> <span class='ocrx_word' id='word_1_143' title='bbox 2238 1256 2518 1321; x_wconf 74' lang='lat' dir='ltr'><strong>praestant.</strong></span> <span class='ocrx_word' id='word_1_144' title='bbox 2582 1246 2640 1300; x_wconf 91' lang='lat' dir='ltr'><strong>Si</strong></span> <span class='ocrx_word' id='word_1_145' title='bbox 2670 1248 2792 1318; x_wconf 88' lang='lat' dir='ltr'><strong>quis</strong></span> <span class='ocrx_word' id='word_1_146' title='bbox 2824 1246 2988 1315; x_wconf 81' lang='lat' dir='ltr'><strong>igitur</strong></span> <span class='ocrx_word' id='word_1_147' title='bbox 3030 1251 3114 1298; x_wconf 91' lang='lat' dir='ltr'><strong>est</strong></span> <span class='ocrx_word' id='word_1_148' title='bbox 3166 1241 3310 1312; x_wconf 90' lang='lat' dir='ltr'><strong>apud</strong></span> <span class='ocrx_word' id='word_1_149' title='bbox 3346 1257 3444 1297; x_wconf 87' lang='lat' dir='ltr'><strong>vos</strong></span> <span class='ocrx_word' id='word_1_150' title='bbox 3495 1239 3722 1296; x_wconf 85' lang='lat' dir='ltr'><strong>dicendi.</strong></span> 
     </span>
    </p>
   </div>
   <div class='ocr_carea' id='block_1_23' title="bbox 499 1332 3714 1416">
    <p class='ocr_par' dir='ltr' id='par_1_23' title="bbox 499 1332 3714 1416">
     <span class='ocr_line' id='line_1_23' title="bbox 499 1332 3714 1416; baseline -0.001 -27"><span class='ocrx_word' id='word_1_151' title='bbox 499 1335 653 1389; x_wconf 88' lang='lat' dir='ltr'><strong>locus</strong></span> <span class='ocrx_word' id='word_1_152' title='bbox 675 1335 744 1391; x_wconf 93' lang='lat' dir='ltr'><strong>iis</strong></span> <span class='ocrx_word' id='word_1_153' title='bbox 773 1339 866 1406; x_wconf 90' lang='lat' dir='ltr'><strong>qui</strong></span> <span class='ocrx_word' id='word_1_154' title='bbox 899 1340 1159 1396; x_wconf 92' lang='lat' dir='ltr'><strong>mediocri</strong></span> <span class='ocrx_word' id='word_1_155' title='bbox 1213 1350 1268 1399; x_wconf 88' lang='lat' dir='ltr'><strong>et</strong></span> <span class='ocrx_word' id='word_1_156' title='bbox 1297 1344 1504 1416; x_wconf 83' lang='lat' dir='ltr'><strong>vulgari</strong></span> <span class='ocrx_word' id='word_1_157' title='bbox 1548 1345 1764 1400; x_wconf 90' lang='lat' dir='ltr'><strong>dicendi</strong></span> <span class='ocrx_word' id='word_1_158' title='bbox 1799 1345 2057 1399; x_wconf 81' lang='lat' dir='ltr'><strong>facultate</strong></span> <span class='ocrx_word' id='word_1_159' title='bbox 2085 1343 2338 1398; x_wconf 81' lang='lat' dir='ltr'><strong>instructi</strong></span> <span class='ocrx_word' id='word_1_160' title='bbox 2373 1351 2525 1407; x_wconf 89' lang='lat' dir='ltr'><strong>sunt,</strong></span> <span class='ocrx_word' id='word_1_161' title='bbox 2553 1341 2736 1397; x_wconf 86' lang='lat' dir='ltr'><strong>dicere</strong></span> <span class='ocrx_word' id='word_1_162' title='bbox 2776 1336 3088 1411; x_wconf 84' lang='lat' dir='ltr'><strong>aggredior;</strong></span> <span class='ocrx_word' id='word_1_163' title='bbox 3133 1335 3270 1390; x_wconf 88' lang='lat' dir='ltr'><strong>nihil</strong></span> <span class='ocrx_word' id='word_1_164' title='bbox 3302 1332 3447 1406; x_wconf 91' lang='lat' dir='ltr'><strong>quod</strong></span> <span class='ocrx_word' id='word_1_165' title='bbox 3476 1332 3544 1388; x_wconf 88' lang='lat' dir='ltr'><strong>ad</strong></span> <span class='ocrx_word' id='word_1_166' title='bbox 3583 1347 3714 1386; x_wconf 87' lang='lat' dir='ltr'><strong>cau-</strong></span> 
     </span>
    </p>
   </div>
   <div class='ocr_carea' id='block_1_24' title="bbox 493 1424 2733 1511">
    <p class='ocr_par' dir='ltr' id='par_1_24' title="bbox 493 1424 2733 1511">
     <span class='ocr_line' id='line_1_24' title="bbox 493 1424 2733 1511; baseline 0.004 -29"><span class='ocrx_word' id='word_1_167' title='bbox 493 1441 612 1483; x_wconf 95' lang='lat' dir='ltr'><strong>sam</strong></span> <span class='ocrx_word' id='word_1_168' title='bbox 637 1430 777 1486; x_wconf 89' lang='lat' dir='ltr'><strong>hanc</strong></span> <span class='ocrx_word' id='word_1_169' title='bbox 797 1432 962 1489; x_wconf 81' lang='lat' dir='ltr'><strong>faciat</strong></span> <span class='ocrx_word' id='word_1_170' title='bbox 984 1424 1148 1492; x_wconf 84' lang='lat' dir='ltr'><strong>studii</strong></span> <span class='ocrx_word' id='word_1_171' title='bbox 1177 1453 1241 1494; x_wconf 91' lang='lat' dir='ltr'><strong>ac</strong></span> <span class='ocrx_word' id='word_1_172' title='bbox 1268 1439 1560 1511; x_wconf 73' lang='lat' dir='ltr'><strong>diligentia:</strong></span> <span class='ocrx_word' id='word_1_173' title='bbox 1619 1441 2059 1511; x_wconf 86' lang='lat' dir='ltr'><strong>praetermittens.</strong></span> <span class='ocrx_word' id='word_1_174' title='bbox 2089 1437 2349 1508; x_wconf 89' lang='lat' dir='ltr'><strong>Incipiam</strong></span> <span class='ocrx_word' id='word_1_175' title='bbox 2372 1445 2552 1493; x_wconf 90' lang='lat' dir='ltr'><strong>autem</strong></span> <span class='ocrx_word' id='word_1_176' title='bbox 2583 1436 2733 1491; x_wconf 86' lang='lat' dir='ltr'><strong>hinc.</strong></span> 
     </span>
    </p>
   </div>
   <div class='ocr_carea' id='block_1_25' title="bbox 576 1525 2052 1607">
    <p class='ocr_par' dir='ltr' id='par_1_25' title="bbox 576 1525 2052 1607">
     <span class='ocr_line' id='line_1_25' title="bbox 576 1525 2052 1607; baseline 0.004 -25"><span class='ocrx_word' id='word_1_177' title='bbox 576 1526 898 1598; x_wconf 81' lang='grc' dir='ltr'><strong>Ἀμήχανον,</strong></span> <span class='ocrx_word' id='word_1_178' title='bbox 939 1525 984 1585; x_wconf 82' lang='grc' dir='ltr'><strong>ὦ</strong></span> <span class='ocrx_word' id='word_1_179' title='bbox 1029 1534 1309 1605; x_wconf 79' lang='grc' dir='ltr'>παρθένοι,</span> <span class='ocrx_word' id='word_1_180' title='bbox 1338 1535 1551 1601; x_wconf 81' lang='grc' dir='ltr'>κάλλος,</span> <span class='ocrx_word' id='word_1_181' title='bbox 1589 1537 1683 1590; x_wconf 75' lang='grc' dir='ltr'>καὶ</span> <span class='ocrx_word' id='word_1_182' title='bbox 1704 1536 1961 1606; x_wconf 82' lang='grc' dir='ltr'>συγγενὲς</span> <span class='ocrx_word' id='word_1_183' title='bbox 1986 1539 2052 1607; x_wconf 82' lang='grc' dir='ltr'>τῇ</span> 
     </span>
    </p>
   </div>
   <div class='ocr_carea' id='block_1_26' title="bbox 494 1617 2056 1700">
    <p class='ocr_par' dir='ltr' id='par_1_26' title="bbox 494 1617 2056 1700">
     <span class='ocr_line' id='line_1_26' title="bbox 494 1617 2056 1700; baseline 0.009 -31"><span class='ocrx_word' id='word_1_184' title='bbox 494 1617 655 1688; x_wconf 75' lang='grc' dir='ltr'>σοφία</span> <span class='ocrx_word' id='word_1_185' title='bbox 683 1620 774 1672; x_wconf 75' lang='grc' dir='ltr'>καὶ</span> <span class='ocrx_word' id='word_1_186' title='bbox 805 1623 1127 1697; x_wconf 83' lang='grc' dir='ltr'>πρόσφορον,</span> <span class='ocrx_word' id='word_1_187' title='bbox 1155 1627 1391 1692; x_wconf 75' lang='grc' dir='ltr'>ἅπαντες</span> <span class='ocrx_word' id='word_1_188' title='bbox 1418 1630 1498 1692; x_wconf 88' lang='grc' dir='ltr'><strong>εἰς</strong></span> <span class='ocrx_word' id='word_1_189' title='bbox 1522 1629 1613 1682; x_wconf 86' lang='grc' dir='ltr'><strong>τὸν</strong></span> <span class='ocrx_word' id='word_1_190' title='bbox 1642 1629 1842 1700; x_wconf 83' lang='grc' dir='ltr'>κόσμον</span> <span class='ocrx_word' id='word_1_191' title='bbox 1867 1646 2056 1700; x_wconf 87' lang='grc' dir='ltr'>κεκτη-</span> 
     </span>
    </p>
   </div>
   <div class='ocr_carea' id='block_1_27' title="bbox 495 1708 2129 1812">
    <p class='ocr_par' dir='ltr' id='par_1_27' title="bbox 495 1708 2129 1812">
     <span class='ocr_line' id='line_1_27' title="bbox 495 1708 2129 1812; baseline 0.01 -52"><span class='ocrx_word' id='word_1_192' title='bbox 495 1708 645 1812; x_wconf 69' lang='grc' dir='ltr'>μένοι</span> <span class='ocrx_word' id='word_1_193' title='bbox 693 1711 880 1812; x_wconf 69' lang='grc' dir='ltr'>τοῦτον</span> <span class='ocrx_word' id='word_1_194' title='bbox 920 1717 1308 1812; x_wconf 82' lang='grc' dir='ltr'>ἀφικνούμεθα.</span> <span class='ocrx_word' id='word_1_195' title='bbox 1368 1721 1807 1792; x_wconf 80' lang='grc' dir='ltr'>Ἀπηκρίϐωνται</span> <span class='ocrx_word' id='word_1_196' title='bbox 1851 1721 1958 1793; x_wconf 78' lang='grc' dir='ltr'>γὰρ</span> <span class='ocrx_word' id='word_1_197' title='bbox 1996 1723 2052 1776; x_wconf 88' lang='grc' dir='ltr'>αἱ</span> <span class='ocrx_word' id='word_1_198' title='bbox 2089 1759 2129 1812; x_wconf 78' lang='grc' dir='ltr'>Β</span> 
     </span>
    </p>
   </div>
   <div class='ocr_carea' id='block_1_28' title="bbox 490 1798 2050 1885">
    <p class='ocr_par' dir='ltr' id='par_1_28' title="bbox 490 1798 2050 1885">
     <span class='ocr_line' id='line_1_28' title="bbox 490 1798 2050 1885; baseline 0.013 -36"><span class='ocrx_word' id='word_1_199' title='bbox 490 1798 655 1868; x_wconf 66' lang='grc' dir='ltr'>ψυχαὶ</span> <span class='ocrx_word' id='word_1_200' title='bbox 686 1801 762 1872; x_wconf 78' lang='grc' dir='ltr'>τῷ</span> <span class='ocrx_word' id='word_1_201' title='bbox 789 1807 1106 1877; x_wconf 83' lang='grc' dir='ltr'><strong>γεννήσαντι</strong></span> <span class='ocrx_word' id='word_1_202' title='bbox 1144 1811 1263 1864; x_wconf 83' lang='grc' dir='ltr'>τότε</span> <span class='ocrx_word' id='word_1_203' title='bbox 1300 1813 1531 1884; x_wconf 84' lang='grc' dir='ltr'>μάλιστα</span> <span class='ocrx_word' id='word_1_204' title='bbox 1561 1814 1654 1867; x_wconf 80' lang='grc' dir='ltr'>καὶ</span> <span class='ocrx_word' id='word_1_205' title='bbox 1703 1814 2050 1885; x_wconf 81' lang='grc' dir='ltr'>πλασαμένῳ,</span> 
     </span>
    </p>
   </div>
   <div class='ocr_carea' id='block_1_29' title="bbox 487 1889 2050 1977">
    <p class='ocr_par' dir='ltr' id='par_1_29' title="bbox 487 1889 2050 1977">
     <span class='ocr_line' id='line_1_29' title="bbox 487 1889 2050 1977; baseline 0.013 -37"><span class='ocrx_word' id='word_1_206' title='bbox 487 1889 650 1944; x_wconf 83' lang='grc' dir='ltr'>ὁπότε</span> <span class='ocrx_word' id='word_1_207' title='bbox 677 1893 774 1964; x_wconf 81' lang='grc' dir='ltr'>τὴν</span> <span class='ocrx_word' id='word_1_208' title='bbox 797 1895 914 1949; x_wconf 84' lang='grc' dir='ltr'>καθ’</span> <span class='ocrx_word' id='word_1_209' title='bbox 933 1901 1189 1969; x_wconf 84' lang='grc' dir='ltr'>ὁμοίωσιν</span> <span class='ocrx_word' id='word_1_210' title='bbox 1212 1903 1352 1959; x_wconf 84' lang='grc' dir='ltr'>ἰδέαν</span> <span class='ocrx_word' id='word_1_211' title='bbox 1375 1905 1638 1977; x_wconf 83' lang='grc' dir='ltr'>ἄχραντον</span> <span class='ocrx_word' id='word_1_212' title='bbox 1658 1905 2050 1977; x_wconf 83' lang='grc' dir='ltr'>ἐκλάμπουσαι,</span> 
     </span>
    </p>
   </div>
   <div class='ocr_carea' id='block_1_30' title="bbox 489 1984 2053 2072">
    <p class='ocr_par' dir='ltr' id='par_1_30' title="bbox 489 1984 2053 2072">
     <span class='ocr_line' id='line_1_30' title="bbox 489 1984 2053 2072; baseline 0.013 -38"><span class='ocrx_word' id='word_1_213' title='bbox 489 1984 584 2036; x_wconf 78' lang='grc' dir='ltr'>καὶ</span> <span class='ocrx_word' id='word_1_214' title='bbox 642 1987 768 2050; x_wconf 79' lang='grc' dir='ltr'>τοὺς</span> <span class='ocrx_word' id='word_1_215' title='bbox 805 1993 1154 2064; x_wconf 82' lang='grc' dir='ltr'>χαρακτῆρας</span> <span class='ocrx_word' id='word_1_216' title='bbox 1201 1996 1298 2066; x_wconf 85' lang='grc' dir='ltr'><strong>τῆς</strong></span> <span class='ocrx_word' id='word_1_217' title='bbox 1324 1997 1497 2067; x_wconf 77' lang='grc' dir='ltr'>ὅψεως</span> <span class='ocrx_word' id='word_1_218' title='bbox 1542 1999 1777 2070; x_wconf 78' lang='grc' dir='ltr'>ἐκείνης,</span> <span class='ocrx_word' id='word_1_219' title='bbox 1825 2001 1961 2072; x_wconf 82' lang='grc' dir='ltr'>πρὸς</span> <span class='ocrx_word' id='word_1_220' title='bbox 1987 2002 2053 2072; x_wconf 85' lang='grc' dir='ltr'>ἢν</span> 
     </span>
    </p>
   </div>
   <div class='ocr_carea' id='block_1_31' title="bbox 488 2076 2052 2166">
    <p class='ocr_par' dir='ltr' id='par_1_31' title="bbox 488 2076 2052 2166">
     <span class='ocr_line' id='line_1_31' title="bbox 488 2076 2052 2166; baseline 0.013 -39"><span class='ocrx_word' id='word_1_221' title='bbox 488 2076 707 2148; x_wconf 86' lang='grc' dir='ltr'>ἀφορῶν</span> <span class='ocrx_word' id='word_1_222' title='bbox 748 2082 777 2133; x_wconf 88' lang='grc' dir='ltr'><strong>ὁ</strong></span> <span class='ocrx_word' id='word_1_223' title='bbox 820 2081 972 2147; x_wconf 86' lang='grc' dir='ltr'>Θεὸς,</span> <span class='ocrx_word' id='word_1_224' title='bbox 1033 2085 1298 2141; x_wconf 81' lang='grc' dir='ltr'>ἀθάνατον</span> <span class='ocrx_word' id='word_1_225' title='bbox 1343 2090 1554 2160; x_wconf 81' lang='grc' dir='ltr'>μορφὴν</span> <span class='ocrx_word' id='word_1_226' title='bbox 1599 2093 1694 2145; x_wconf 77' lang='grc' dir='ltr'><strong>καὶ</strong></span> <span class='ocrx_word' id='word_1_227' title='bbox 1753 2093 2052 2166; x_wconf 82' lang='grc' dir='ltr'>ἀνώλεθρον</span> 
     </span>
    </p>
   </div>
   <div class='ocr_carea' id='block_1_32' title="bbox 488 2169 2053 2256">
    <p class='ocr_par' dir='ltr' id='par_1_32' title="bbox 488 2169 2053 2256">
     <span class='ocr_line' id='line_1_32' title="bbox 488 2169 2053 2256; baseline 0.013 -35"><span class='ocrx_word' id='word_1_228' title='bbox 488 2169 717 2238; x_wconf 80' lang='grc' dir='ltr'>ἐχούσας</span> <span class='ocrx_word' id='word_1_229' title='bbox 739 2174 907 2239; x_wconf 75' lang='grc' dir='ltr'>αὑτὰς</span> <span class='ocrx_word' id='word_1_230' title='bbox 934 2177 1312 2249; x_wconf 74' lang='grc' dir='ltr'>ἀπειργάζετο,</span> <span class='ocrx_word' id='word_1_231' title='bbox 1341 2183 1585 2236; x_wconf 76' lang='grc' dir='ltr'>τοιαῦται</span> <span class='ocrx_word' id='word_1_232' title='bbox 1615 2185 1946 2256; x_wconf 87' lang='grc' dir='ltr'>διαμένουσι.</span> <span class='ocrx_word' id='word_1_233' title='bbox 1980 2189 2053 2243; x_wconf 86' lang='grc' dir='ltr'><strong>Τὸ</strong></span> 
     </span>
    </p>
   </div>
   <div class='ocr_carea' id='block_1_33' title="bbox 489 2259 2052 2352">
    <p class='ocr_par' dir='ltr' id='par_1_33' title="bbox 489 2259 2052 2352">
     <span class='ocr_line' id='line_1_33' title="bbox 489 2259 2052 2352; baseline 0.014 -40"><span class='ocrx_word' id='word_1_234' title='bbox 489 2259 599 2331; x_wconf 74' lang='grc' dir='ltr'>γὰρ</span> <span class='ocrx_word' id='word_1_235' title='bbox 629 2263 920 2335; x_wconf 82' lang='grc' dir='ltr'>ἀγέννητον</span> <span class='ocrx_word' id='word_1_236' title='bbox 951 2269 1144 2334; x_wconf 85' lang='grc' dir='ltr'>κάλλος</span> <span class='ocrx_word' id='word_1_237' title='bbox 1180 2273 1272 2326; x_wconf 77' lang='grc' dir='ltr'>καὶ</span> <span class='ocrx_word' id='word_1_238' title='bbox 1308 2273 1614 2344; x_wconf 83' lang='grc' dir='ltr'>ἀσώματον,</span> <span class='ocrx_word' id='word_1_239' title='bbox 1647 2278 1738 2330; x_wconf 74' lang='grc' dir='ltr'>καὶ</span> <span class='ocrx_word' id='word_1_240' title='bbox 1769 2279 1904 2350; x_wconf 86' lang='grc' dir='ltr'>μήτε</span> <span class='ocrx_word' id='word_1_241' title='bbox 1949 2281 2052 2352; x_wconf 85' lang='grc' dir='ltr'>ἀρ-</span> 
     </span>
    </p>
   </div>
   <div class='ocr_carea' id='block_1_34' title="bbox 491 2352 2053 2444">
    <p class='ocr_par' dir='ltr' id='par_1_34' title="bbox 491 2352 2053 2444">
     <span class='ocr_line' id='line_1_34' title="bbox 491 2352 2053 2444; baseline 0.012 -39"><span class='ocrx_word' id='word_1_242' title='bbox 491 2352 718 2423; x_wconf 87' lang='grc' dir='ltr'>χόμενον</span> <span class='ocrx_word' id='word_1_243' title='bbox 778 2360 914 2430; x_wconf 83' lang='grc' dir='ltr'>μήτε</span> <span class='ocrx_word' id='word_1_244' title='bbox 967 2361 1184 2430; x_wconf 85' lang='grc' dir='ltr'>φθίνον,</span> <span class='ocrx_word' id='word_1_245' title='bbox 1239 2365 1354 2419; x_wconf 88' lang='grc' dir='ltr'>ἀλλ’</span> <span class='ocrx_word' id='word_1_246' title='bbox 1402 2368 1668 2439; x_wconf 84' lang='grc' dir='ltr'>ἄτρεπτον</span> <span class='ocrx_word' id='word_1_247' title='bbox 1711 2371 1805 2422; x_wconf 78' lang='grc' dir='ltr'>καὶ</span> <span class='ocrx_word' id='word_1_248' title='bbox 1862 2371 2053 2444; x_wconf 78' lang='grc' dir='ltr'>ἀγήρω</span> 
     </span>
    </p>
   </div>
   <div class='ocr_carea' id='block_1_35' title="bbox 490 2447 2053 2532">
    <p class='ocr_par' dir='ltr' id='par_1_35' title="bbox 490 2447 2053 2532">
     <span class='ocr_line' id='line_1_35' title="bbox 490 2447 2053 2532; baseline 0.013 -35"><span class='ocrx_word' id='word_1_249' title='bbox 490 2447 582 2498; x_wconf 81' lang='grc' dir='ltr'>καὶ</span> <span class='ocrx_word' id='word_1_250' title='bbox 640 2448 954 2519; x_wconf 84' lang='grc' dir='ltr'>ἀπροσδεὲς,</span> <span class='ocrx_word' id='word_1_251' title='bbox 1004 2455 1168 2518; x_wconf 77' lang='grc' dir='ltr'>αὐτὸς</span> <span class='ocrx_word' id='word_1_252' title='bbox 1208 2459 1267 2510; x_wconf 85' lang='grc' dir='ltr'>ὲν</span> <span class='ocrx_word' id='word_1_253' title='bbox 1306 2459 1482 2529; x_wconf 81' lang='grc' dir='ltr'>ἑαυτῷ</span> <span class='ocrx_word' id='word_1_254' title='bbox 1516 2461 1608 2513; x_wconf 74' lang='grc' dir='ltr'>καὶ</span> <span class='ocrx_word' id='word_1_255' title='bbox 1655 2462 1734 2525; x_wconf 81' lang='grc' dir='ltr'><strong>εἰς</strong></span> <span class='ocrx_word' id='word_1_256' title='bbox 1771 2463 1904 2516; x_wconf 83' lang='grc' dir='ltr'>αὐτὸ</span> <span class='ocrx_word' id='word_1_257' title='bbox 1937 2463 2053 2532; x_wconf 90' lang='grc' dir='ltr'><strong>φῶς</strong></span> 
     </span>
    </p>
   </div>
   <div class='ocr_carea' id='block_1_36' title="bbox 489 2537 2049 2625">
    <p class='ocr_par' dir='ltr' id='par_1_36' title="bbox 489 2537 2049 2625">
     <span class='ocr_line' id='line_1_36' title="bbox 489 2537 2049 2625; baseline 0.014 -38"><span class='ocrx_word' id='word_1_258' title='bbox 489 2537 547 2588; x_wconf 83' lang='grc' dir='ltr'><strong>ὲν</strong></span> <span class='ocrx_word' id='word_1_259' title='bbox 598 2539 897 2608; x_wconf 84' lang='grc' dir='ltr'>ἀφράστοις</span> <span class='ocrx_word' id='word_1_260' title='bbox 973 2542 1085 2614; x_wconf 85' lang='grc'>(85)</span> <span class='ocrx_word' id='word_1_261' title='bbox 1123 2546 1215 2600; x_wconf 79' lang='grc' dir='ltr'><strong>καὶ</strong></span> <span class='ocrx_word' id='word_1_262' title='bbox 1260 2548 1572 2619; x_wconf 86' lang='grc' dir='ltr'>ἀπροσίτοις</span> <span class='ocrx_word' id='word_1_263' title='bbox 1619 2552 2049 2625; x_wconf 87' lang='grc' dir='ltr'>ἀναπαυόμενον,</span> 
     </span>
    </p>
   </div>
   <div class='ocr_carea' id='block_1_37' title="bbox 491 2629 2052 2713">
    <p class='ocr_par' dir='ltr' id='par_1_37' title="bbox 491 2629 2052 2713">
     <span class='ocr_line' id='line_1_37' title="bbox 491 2629 2052 2713; baseline 0.012 -32"><span class='ocrx_word' id='word_1_264' title='bbox 491 2629 737 2694; x_wconf 78' lang='grc' dir='ltr'>ἐξουσίας</span> <span class='ocrx_word' id='word_1_265' title='bbox 778 2636 1062 2708; x_wconf 79' lang='grc' dir='ltr'>περιουσίᾳ</span> <span class='ocrx_word' id='word_1_266' title='bbox 1142 2639 1319 2693; x_wconf 87' lang='grc' dir='ltr'>πάντα</span> <span class='ocrx_word' id='word_1_267' title='bbox 1383 2642 1650 2713; x_wconf 82' lang='grc' dir='ltr'>περιέχων</span> <span class='ocrx_word' id='word_1_268' title='bbox 1706 2645 1800 2698; x_wconf 75' lang='grc' dir='ltr'>καὶ</span> <span class='ocrx_word' id='word_1_269' title='bbox 1854 2647 2052 2711; x_wconf 81' lang='grc' dir='ltr'>κτίζων</span> 
     </span>
    </p>
   </div>
   <div class='ocr_carea' id='block_1_38' title="bbox 498 2717 2054 2806">
    <p class='ocr_par' dir='ltr' id='par_1_38' title="bbox 498 2717 2054 2806">
     <span class='ocr_line' id='line_1_38' title="bbox 498 2717 2054 2806; baseline 0.014 -38"><span class='ocrx_word' id='word_1_270' title='bbox 498 2717 590 2806; x_wconf 78' lang='grc' dir='ltr'><strong>καὶ</strong></span> <span class='ocrx_word' id='word_1_271' title='bbox 647 2722 1082 2788; x_wconf 79' lang='grc' dir='ltr'>μετασκευάζων,</span> <span class='ocrx_word' id='word_1_272' title='bbox 1127 2729 1450 2799; x_wconf 75' lang='grc' dir='ltr'>ἐτεκτήνατο</span> <span class='ocrx_word' id='word_1_273' title='bbox 1493 2732 1609 2785; x_wconf 84' lang='grc' dir='ltr'>κατ’</span> <span class='ocrx_word' id='word_1_274' title='bbox 1643 2735 1823 2788; x_wconf 87' lang='grc' dir='ltr'>εἰκόνα</span> <span class='ocrx_word' id='word_1_275' title='bbox 1854 2736 1951 2806; x_wconf 83' lang='grc' dir='ltr'>τῆς</span> <span class='ocrx_word' id='word_1_276' title='bbox 1977 2737 2054 2789; x_wconf 82' lang='grc' dir='ltr'>εί-</span> 
     </span>
    </p>
   </div>
   <div class='ocr_carea' id='block_1_39' title="bbox 488 2805 2053 2896">
    <p class='ocr_par' dir='ltr' id='par_1_39' title="bbox 488 2805 2053 2896">
     <span class='ocr_line' id='line_1_39' title="bbox 488 2805 2053 2896; baseline 0.013 -37"><span class='ocrx_word' id='word_1_277' title='bbox 488 2805 642 2870; x_wconf 87' lang='grc' dir='ltr'>κόνος</span> <span class='ocrx_word' id='word_1_278' title='bbox 692 2809 884 2880; x_wconf 72' lang='grc' dir='ltr'>ἑαυτοῦ</span> <span class='ocrx_word' id='word_1_279' title='bbox 932 2811 1028 2884; x_wconf 83' lang='grc' dir='ltr'><strong>τὴν</strong></span> <span class='ocrx_word' id='word_1_280' title='bbox 1055 2814 1250 2888; x_wconf 76' lang='grc' dir='ltr'>ψυχήν.</span> <span class='ocrx_word' id='word_1_281' title='bbox 1304 2821 1395 2872; x_wconf 86' lang='grc' dir='ltr'><strong>Διὸ</strong></span> <span class='ocrx_word' id='word_1_282' title='bbox 1421 2822 1515 2874; x_wconf 74' lang='grc' dir='ltr'>καὶ</span> <span class='ocrx_word' id='word_1_283' title='bbox 1549 2822 1737 2896; x_wconf 82' lang='grc' dir='ltr'>λογικὴ</span> <span class='ocrx_word' id='word_1_284' title='bbox 1770 2826 1862 2881; x_wconf 74' lang='grc' dir='ltr'>καὶ</span> <span class='ocrx_word' id='word_1_285' title='bbox 1910 2805 2053 2880; x_wconf 87' lang='grc' dir='ltr'><strong>ἀθὰ-</strong></span> 
     </span>
    </p>
   </div>
   <div class='ocr_carea' id='block_1_40' title="bbox 489 2895 2049 2987">
    <p class='ocr_par' dir='ltr' id='par_1_40' title="bbox 489 2895 2049 2987">
     <span class='ocr_line' id='line_1_40' title="bbox 489 2895 2049 2987; baseline 0.015 -41"><span class='ocrx_word' id='word_1_286' title='bbox 489 2895 646 2958; x_wconf 83' lang='grc' dir='ltr'>νατός</span> <span class='ocrx_word' id='word_1_287' title='bbox 693 2899 826 2952; x_wconf 81' lang='grc' dir='ltr'>ἐστι.</span> <span class='ocrx_word' id='word_1_288' title='bbox 871 2903 888 2924; x_wconf 81' lang='grc'>¹</span> <span class='ocrx_word' id='word_1_289' title='bbox 921 2903 1056 2957; x_wconf 85' lang='grc' dir='ltr'>Κατ’</span> <span class='ocrx_word' id='word_1_290' title='bbox 1084 2907 1266 2962; x_wconf 86' lang='grc' dir='ltr'>εἰκόνα</span> <span class='ocrx_word' id='word_1_291' title='bbox 1303 2910 1410 2981; x_wconf 85' lang='grc' dir='ltr'><strong>γὰρ</strong></span> <span class='ocrx_word' id='word_1_292' title='bbox 1451 2895 1911 2987; x_wconf 87' lang='grc' dir='ltr'>δημιουργηθεῖσα</span> <span class='ocrx_word' id='word_1_293' title='bbox 1956 2914 2049 2971; x_wconf 81' lang='grc' dir='ltr'><strong>τοῦ</strong></span> 
     </span>
    </p>
   </div>
   <div class='ocr_carea' id='block_1_41' title="bbox 488 2986 2047 3076">
    <p class='ocr_par' dir='ltr' id='par_1_41' title="bbox 488 2986 2047 3076">
     <span class='ocr_line' id='line_1_41' title="bbox 488 2986 2047 3076; baseline 0.014 -38"><span class='ocrx_word' id='word_1_294' title='bbox 488 2986 841 3056; x_wconf 82' lang='grc' dir='ltr'>Μονογενοῦς,</span> <span class='ocrx_word' id='word_1_295' title='bbox 870 2992 945 3057; x_wconf 80' lang='grc' dir='ltr'><strong>ὡς</strong></span> <span class='ocrx_word' id='word_1_296' title='bbox 975 2994 1128 3068; x_wconf 73' lang='grc' dir='ltr'>ἔφην,</span> <span class='ocrx_word' id='word_1_297' title='bbox 1165 2999 1568 3072; x_wconf 75' lang='grc' dir='ltr'>ἀνυπέρϐλητον</span> <span class='ocrx_word' id='word_1_298' title='bbox 1601 3005 1713 3076; x_wconf 72' lang='grc' dir='ltr'>ἔχει</span> <span class='ocrx_word' id='word_1_299' title='bbox 1743 2986 1808 3058; x_wconf 83' lang='grc' dir='ltr'>τὸ</span> <span class='ocrx_word' id='word_1_300' title='bbox 1833 3007 2047 3072; x_wconf 83' lang='grc' dir='ltr'>κάλλος.</span> 
     </span>
    </p>
   </div>
   <div class='ocr_carea' id='block_1_42' title="bbox 2229 1517 3712 1602">
    <p class='ocr_par' dir='ltr' id='par_1_42' title="bbox 2229 1517 3712 1602">
     <span class='ocr_line' id='line_1_42' title="bbox 2229 1517 3712 1602; baseline -0.011 -16"><span class='ocrx_word' id='word_1_301' title='bbox 2229 1531 2668 1602; x_wconf 87' lang='lat' dir='ltr'><strong>lneomparabili,</strong></span> <span class='ocrx_word' id='word_1_302' title='bbox 2700 1545 2734 1586; x_wconf 89' lang='grc' dir='ltr'><strong>ο</strong></span> <span class='ocrx_word' id='word_1_303' title='bbox 2763 1527 3026 1600; x_wconf 79' lang='lat' dir='ltr'><strong>virgines,</strong></span> <span class='ocrx_word' id='word_1_304' title='bbox 3065 1531 3404 1596; x_wconf 82' lang='lat' dir='ltr'><strong>cognataque</strong></span> <span class='ocrx_word' id='word_1_305' title='bbox 3447 1529 3608 1591; x_wconf 86' lang='lat' dir='ltr'><strong>atque</strong></span> <span class='ocrx_word' id='word_1_306' title='bbox 3631 1517 3712 1572; x_wconf 81' lang='lat' dir='ltr'><strong>af-</strong></span> 
     </span>
    </p>
   </div>
   <div class='ocr_carea' id='block_1_43' title="bbox 2155 1612 3716 1692">
    <p class='ocr_par' dir='ltr' id='par_1_43' title="bbox 2155 1612 3716 1692">
     <span class='ocr_line' id='line_1_43' title="bbox 2155 1612 3716 1692; baseline -0.008 -14"><span class='ocrx_word' id='word_1_307' title='bbox 2155 1623 2248 1678; x_wconf 79' lang='lat' dir='ltr'><strong>fini</strong></span> <span class='ocrx_word' id='word_1_308' title='bbox 2278 1622 2554 1692; x_wconf 82' lang='lat' dir='ltr'><strong>sapientiae</strong></span> <span class='ocrx_word' id='word_1_309' title='bbox 2581 1621 2851 1692; x_wconf 65' lang='lat' dir='ltr'><strong>insignita:</strong></span> <span class='ocrx_word' id='word_1_310' title='bbox 2875 1620 3068 1683; x_wconf 79' lang='lat' dir='ltr'><strong>forma,</strong></span> <span class='ocrx_word' id='word_1_311' title='bbox 3095 1618 3151 1671; x_wconf 91' lang='lat' dir='ltr'><strong>in</strong></span> <span class='ocrx_word' id='word_1_312' title='bbox 3182 1615 3442 1669; x_wconf 88' lang='lat' dir='ltr'><strong>mundum</strong></span> <span class='ocrx_word' id='word_1_313' title='bbox 3465 1612 3716 1667; x_wconf 81' lang='lat' dir='ltr'><strong>venimus</strong></span> 
     </span>
    </p>
   </div>
   <div class='ocr_carea' id='block_1_44' title="bbox 2155 1702 3712 1781">
    <p class='ocr_par' dir='ltr' id='par_1_44' title="bbox 2155 1702 3712 1781">
     <span class='ocr_line' id='line_1_44' title="bbox 2155 1702 3712 1781; baseline -0.012 -9"><span class='ocrx_word' id='word_1_314' title='bbox 2155 1731 2365 1772; x_wconf 91' lang='lat' dir='ltr'><strong>omnes.</strong></span> <span class='ocrx_word' id='word_1_315' title='bbox 2400 1713 2599 1768; x_wconf 85' lang='lat' dir='ltr'><strong>Exacte</strong></span> <span class='ocrx_word' id='word_1_316' title='bbox 2619 1713 2786 1777; x_wconf 91' lang='lat' dir='ltr'><strong>enim,</strong></span> <span class='ocrx_word' id='word_1_317' title='bbox 2816 1711 2938 1781; x_wconf 85' lang='lat' dir='ltr'><strong>ejus</strong></span> <span class='ocrx_word' id='word_1_318' title='bbox 2971 1709 3065 1780; x_wconf 93' lang='lat' dir='ltr'><strong>qui</strong></span> <span class='ocrx_word' id='word_1_319' title='bbox 3094 1707 3278 1779; x_wconf 83' lang='lat' dir='ltr'><strong>genuit</strong></span> <span class='ocrx_word' id='word_1_320' title='bbox 3308 1713 3470 1774; x_wconf 90' lang='lat' dir='ltr'><strong>atque</strong></span> <span class='ocrx_word' id='word_1_321' title='bbox 3508 1702 3712 1759; x_wconf 81' lang='lat' dir='ltr'><strong>forma-</strong></span> 
     </span>
    </p>
   </div>
   <div class='ocr_carea' id='block_1_45' title="bbox 2151 1798 3711 1880">
    <p class='ocr_par' dir='ltr' id='par_1_45' title="bbox 2151 1798 3711 1880">
     <span class='ocr_line' id='line_1_45' title="bbox 2151 1798 3711 1880; baseline -0.01 -17"><span class='ocrx_word' id='word_1_322' title='bbox 2151 1809 2250 1880; x_wconf 74' lang='lat' dir='ltr'><strong>vit,</strong></span> <span class='ocrx_word' id='word_1_323' title='bbox 2283 1809 2610 1862; x_wconf 89' lang='lat' dir='ltr'><strong>lineamenta</strong></span> <span class='ocrx_word' id='word_1_324' title='bbox 2638 1804 2833 1859; x_wconf 68' lang='lat' dir='ltr'><strong>anima:</strong></span> <span class='ocrx_word' id='word_1_325' title='bbox 2864 1802 3128 1866; x_wconf 78' lang='lat' dir='ltr'><strong>referunt,</strong></span> <span class='ocrx_word' id='word_1_326' title='bbox 3156 1807 3270 1854; x_wconf 91' lang='lat' dir='ltr'><strong>tum</strong></span> <span class='ocrx_word' id='word_1_327' title='bbox 3319 1798 3554 1852; x_wconf 76' lang='lat' dir='ltr'><strong>maxime</strong></span> <span class='ocrx_word' id='word_1_328' title='bbox 3585 1811 3711 1851; x_wconf 92' lang='lat' dir='ltr'><strong>cum</strong></span> 
     </span>
    </p>
   </div>
   <div class='ocr_carea' id='block_1_46' title="bbox 2155 1887 3712 1962">
    <p class='ocr_par' dir='ltr' id='par_1_46' title="bbox 2155 1887 3712 1962">
     <span class='ocr_line' id='line_1_46' title="bbox 2155 1887 3712 1962; baseline -0.01 -7"><span class='ocrx_word' id='word_1_329' title='bbox 2155 1898 2530 1957; x_wconf 89' lang='lat' dir='ltr'><strong>similitudinis</strong></span> <span class='ocrx_word' id='word_1_330' title='bbox 2585 1897 2909 1952; x_wconf 89' lang='lat' dir='ltr'><strong>intaminato</strong></span> <span class='ocrx_word' id='word_1_331' title='bbox 2961 1892 3279 1962; x_wconf 78' lang='lat' dir='ltr'><strong>eti‘ulgentes</strong></span> <span class='ocrx_word' id='word_1_332' title='bbox 3315 1889 3546 1960; x_wconf 40' lang='lat' dir='ltr'><strong>ﬁdecore,</strong></span> <span class='ocrx_word' id='word_1_333' title='bbox 3592 1887 3712 1943; x_wconf 89' lang='lat' dir='ltr'><strong>vul-</strong></span> 
     </span>
    </p>
   </div>
   <div class='ocr_carea' id='block_1_47' title="bbox 2153 1983 3713 2063">
    <p class='ocr_par' dir='ltr' id='par_1_47' title="bbox 2153 1983 3713 2063">
     <span class='ocr_line' id='line_1_47' title="bbox 2153 1983 3713 2063; baseline -0.007 -15"><span class='ocrx_word' id='word_1_334' title='bbox 2153 2001 2352 2063; x_wconf 92' lang='lat' dir='ltr'><strong>tusque</strong></span> <span class='ocrx_word' id='word_1_335' title='bbox 2381 1991 2528 2046; x_wconf 92' lang='lat' dir='ltr'><strong>illius</strong></span> <span class='ocrx_word' id='word_1_336' title='bbox 2561 2005 2624 2044; x_wconf 93' lang='lat' dir='ltr'><strong>ac</strong></span> <span class='ocrx_word' id='word_1_337' title='bbox 2653 1987 2977 2058; x_wconf 81' lang='lat' dir='ltr'><strong>exemplaris</strong></span> <span class='ocrx_word' id='word_1_338' title='bbox 3013 1985 3355 2041; x_wconf 82' lang='lat' dir='ltr'><strong>characteres</strong></span> <span class='ocrx_word' id='word_1_339' title='bbox 3387 1983 3596 2037; x_wconf 88' lang='lat' dir='ltr'><strong>lucidos</strong></span> <span class='ocrx_word' id='word_1_340' title='bbox 3625 1997 3713 2037; x_wconf 84' lang='lat' dir='ltr'><strong>re-</strong></span> 
     </span>
    </p>
   </div>
   <div class='ocr_carea' id='block_1_48' title="bbox 2155 2070 3712 2150">
    <p class='ocr_par' dir='ltr' id='par_1_48' title="bbox 2155 2070 3712 2150">
     <span class='ocr_line' id='line_1_48' title="bbox 2155 2070 3712 2150; baseline -0.006 -16"><span class='ocrx_word' id='word_1_341' title='bbox 2155 2080 2409 2145; x_wconf 83' lang='lat' dir='ltr'><strong>ferentes,</strong></span> <span class='ocrx_word' id='word_1_342' title='bbox 2437 2077 2507 2133; x_wconf 86' lang='lat' dir='ltr'><strong>ad</strong></span> <span class='ocrx_word' id='word_1_343' title='bbox 2540 2077 2687 2150; x_wconf 91' lang='lat' dir='ltr'><strong>quod</strong></span> <span class='ocrx_word' id='word_1_344' title='bbox 2721 2077 2938 2132; x_wconf 87' lang='lat' dir='ltr'><strong>intuens</strong></span> <span class='ocrx_word' id='word_1_345' title='bbox 2967 2075 3130 2142; x_wconf 88' lang='lat' dir='ltr'><strong>Deus,</strong></span> <span class='ocrx_word' id='word_1_346' title='bbox 3158 2073 3450 2129; x_wconf 87' lang='lat' dir='ltr'><strong>immortali</strong></span> <span class='ocrx_word' id='word_1_347' title='bbox 3473 2087 3568 2129; x_wconf 90' lang='lat' dir='ltr'><strong>eas</strong></span> <span class='ocrx_word' id='word_1_348' title='bbox 3598 2070 3712 2127; x_wconf 82' lang='lat' dir='ltr'><strong>for-</strong></span> 
     </span>
    </p>
   </div>
   <div class='ocr_carea' id='block_1_49' title="bbox 2151 2167 3711 2244">
    <p class='ocr_par' dir='ltr' id='par_1_49' title="bbox 2151 2167 3711 2244">
     <span class='ocr_line' id='line_1_49' title="bbox 2151 2167 3711 2244; baseline -0.007 -15"><span class='ocrx_word' id='word_1_349' title='bbox 2151 2189 2243 2229; x_wconf 91' lang='lat' dir='ltr'><strong>ma</strong></span> <span class='ocrx_word' id='word_1_350' title='bbox 2271 2181 2432 2244; x_wconf 90' lang='lat' dir='ltr'><strong>atque</strong></span> <span class='ocrx_word' id='word_1_351' title='bbox 2467 2173 2534 2226; x_wconf 92' lang='lat' dir='ltr'><strong>ab</strong></span> <span class='ocrx_word' id='word_1_352' title='bbox 2565 2172 2875 2226; x_wconf 89' lang='lat' dir='ltr'><strong>interitione</strong></span> <span class='ocrx_word' id='word_1_353' title='bbox 2897 2168 3123 2224; x_wconf 91' lang='lat' dir='ltr'><strong>immuni</strong></span> <span class='ocrx_word' id='word_1_354' title='bbox 3152 2167 3342 2233; x_wconf 90' lang='lat' dir='ltr'><strong>edidit,</strong></span> <span class='ocrx_word' id='word_1_355' title='bbox 3387 2167 3464 2220; x_wconf 89' lang='lat' dir='ltr'><strong>ita</strong></span> <span class='ocrx_word' id='word_1_356' title='bbox 3500 2180 3711 2236; x_wconf 89' lang='lat' dir='ltr'><strong>perma-</strong></span> 
     </span>
    </p>
   </div>
   <div class='ocr_carea' id='block_1_50' title="bbox 2152 2257 3711 2336">
    <p class='ocr_par' dir='ltr' id='par_1_50' title="bbox 2152 2257 3711 2336">
     <span class='ocr_line' id='line_1_50' title="bbox 2152 2257 3711 2336; baseline -0.008 -15"><span class='ocrx_word' id='word_1_357' title='bbox 2152 2274 2302 2321; x_wconf 88' lang='lat' dir='ltr'><strong>nent.</strong></span> <span class='ocrx_word' id='word_1_358' title='bbox 2360 2265 2600 2336; x_wconf 89' lang='lat' dir='ltr'><strong>lngenita</strong></span> <span class='ocrx_word' id='word_1_359' title='bbox 2641 2265 2784 2319; x_wconf 90' lang='lat' dir='ltr'><strong>enim</strong></span> <span class='ocrx_word' id='word_1_360' title='bbox 2816 2269 2870 2319; x_wconf 92' lang='lat' dir='ltr'><strong>et</strong></span> <span class='ocrx_word' id='word_1_361' title='bbox 2897 2262 3218 2330; x_wconf 88' lang='lat' dir='ltr'><strong>incorporea</strong></span> <span class='ocrx_word' id='word_1_362' title='bbox 3252 2257 3621 2328; x_wconf 81' lang='lat' dir='ltr'><strong>pulchritudo,</strong></span> <span class='ocrx_word' id='word_1_363' title='bbox 3647 2271 3711 2310; x_wconf 88' lang='lat' dir='ltr'><strong>ac</strong></span> 
     </span>
    </p>
   </div>
   <div class='ocr_carea' id='block_1_51' title="bbox 2151 2339 3708 2428">
    <p class='ocr_par' dir='ltr' id='par_1_51' title="bbox 2151 2339 3708 2428">
     <span class='ocr_line' id='line_1_51' title="bbox 2151 2339 3708 2428; baseline -0.008 -16"><span class='ocrx_word' id='word_1_364' title='bbox 2151 2373 2273 2428; x_wconf 83' lang='lat' dir='ltr'><strong>quae</strong></span> <span class='ocrx_word' id='word_1_365' title='bbox 2298 2339 2398 2412; x_wconf 78' lang='lat' dir='ltr'><strong>nec</strong></span> <span class='ocrx_word' id='word_1_366' title='bbox 2428 2355 2675 2425; x_wconf 87' lang='lat' dir='ltr'><strong>coeperit,</strong></span> <span class='ocrx_word' id='word_1_367' title='bbox 2705 2369 2807 2410; x_wconf 91' lang='lat' dir='ltr'><strong>nec</strong></span> <span class='ocrx_word' id='word_1_368' title='bbox 2855 2353 2966 2408; x_wconf 90' lang='lat' dir='ltr'><strong>ulla</strong></span> <span class='ocrx_word' id='word_1_369' title='bbox 3019 2366 3257 2421; x_wconf 90' lang='lat' dir='ltr'><strong>unquam</strong></span> <span class='ocrx_word' id='word_1_370' title='bbox 3287 2349 3408 2404; x_wconf 91' lang='lat' dir='ltr'><strong>labe</strong></span> <span class='ocrx_word' id='word_1_371' title='bbox 3458 2348 3708 2411; x_wconf 86' lang='lat' dir='ltr'><strong>intereat,</strong></span> 
     </span>
    </p>
   </div>
   <div class='ocr_carea' id='block_1_52' title="bbox 2153 2440 3710 2514">
    <p class='ocr_par' dir='ltr' id='par_1_52' title="bbox 2153 2440 3710 2514">
     <span class='ocr_line' id='line_1_52' title="bbox 2153 2440 3710 2514; baseline -0.008 -9"><span class='ocrx_word' id='word_1_372' title='bbox 2153 2449 2248 2505; x_wconf 86' lang='lat' dir='ltr'><strong>sed</strong></span> <span class='ocrx_word' id='word_1_373' title='bbox 2277 2447 2634 2502; x_wconf 87' lang='lat' dir='ltr'><strong>immutabilis</strong></span> <span class='ocrx_word' id='word_1_374' title='bbox 2664 2446 2737 2502; x_wconf 85' lang='lat' dir='ltr'><strong>sit</strong></span> <span class='ocrx_word' id='word_1_375' title='bbox 2770 2445 3018 2514; x_wconf 90' lang='lat' dir='ltr'><strong>seniique</strong></span> <span class='ocrx_word' id='word_1_376' title='bbox 3051 2459 3244 2514; x_wconf 79' lang='lat' dir='ltr'><strong>expers</strong></span> <span class='ocrx_word' id='word_1_377' title='bbox 3276 2457 3339 2496; x_wconf 90' lang='lat' dir='ltr'><strong>ac</strong></span> <span class='ocrx_word' id='word_1_378' title='bbox 3368 2440 3518 2496; x_wconf 91' lang='lat' dir='ltr'><strong>nullo</strong></span> <span class='ocrx_word' id='word_1_379' title='bbox 3559 2440 3710 2494; x_wconf 83' lang='lat' dir='ltr'><strong>labo-</strong></span> 
     </span>
    </p>
   </div>
   <div class='ocr_carea' id='block_1_53' title="bbox 2149 2531 3710 2611">
    <p class='ocr_par' dir='ltr' id='par_1_53' title="bbox 2149 2531 3710 2611">
     <span class='ocr_line' id='line_1_53' title="bbox 2149 2531 3710 2611; baseline -0.006 -15"><span class='ocrx_word' id='word_1_380' title='bbox 2149 2556 2279 2596; x_wconf 89' lang='lat' dir='ltr'><strong>rans</strong></span> <span class='ocrx_word' id='word_1_381' title='bbox 2302 2540 2544 2608; x_wconf 85' lang='lat' dir='ltr'><strong>defectu;</strong></span> <span class='ocrx_word' id='word_1_382' title='bbox 2572 2540 2688 2611; x_wconf 90' lang='lat' dir='ltr'><strong>ipse</strong></span> <span class='ocrx_word' id='word_1_383' title='bbox 2719 2539 2776 2593; x_wconf 90' lang='lat' dir='ltr'><strong>in</strong></span> <span class='ocrx_word' id='word_1_384' title='bbox 2802 2553 2861 2594; x_wconf 93' lang='lat' dir='ltr'><strong>se</strong></span> <span class='ocrx_word' id='word_1_385' title='bbox 2882 2538 3000 2608; x_wconf 91' lang='lat' dir='ltr'><strong>ipso</strong></span> <span class='ocrx_word' id='word_1_386' title='bbox 3020 2551 3083 2592; x_wconf 90' lang='lat' dir='ltr'><strong>ac</strong></span> <span class='ocrx_word' id='word_1_387' title='bbox 3124 2550 3290 2606; x_wconf 90' lang='lat' dir='ltr'><strong>penes</strong></span> <span class='ocrx_word' id='word_1_388' title='bbox 3311 2550 3370 2590; x_wconf 90' lang='lat' dir='ltr'><strong>se</strong></span> <span class='ocrx_word' id='word_1_389' title='bbox 3394 2533 3620 2597; x_wconf 89' lang='lat' dir='ltr'><strong>Lumen,</strong></span> <span class='ocrx_word' id='word_1_390' title='bbox 3653 2531 3710 2586; x_wconf 91' lang='lat' dir='ltr'><strong>in</strong></span> 
     </span>
    </p>
   </div>
   <div class='ocr_carea' id='block_1_54' title="bbox 2151 2628 3710 2698">
    <p class='ocr_par' dir='ltr' id='par_1_54' title="bbox 2151 2628 3710 2698">
     <span class='ocr_line' id='line_1_54' title="bbox 2151 2628 3710 2698; baseline -0.004 -12"><span class='ocrx_word' id='word_1_391' title='bbox 2151 2631 2518 2688; x_wconf 81' lang='lat' dir='ltr'><strong>ineﬂ‘abilibus</strong></span> <span class='ocrx_word' id='word_1_392' title='bbox 2546 2646 2609 2687; x_wconf 92' lang='lat' dir='ltr'><strong>ac</strong></span> <span class='ocrx_word' id='word_1_393' title='bbox 2632 2629 3103 2686; x_wconf 87' lang='lat' dir='ltr'><strong>inaccessibilibus</strong></span> <span class='ocrx_word' id='word_1_394' title='bbox 3150 2628 3521 2698; x_wconf 89' lang='lat' dir='ltr'><strong>requiescens,</strong></span> <span class='ocrx_word' id='word_1_395' title='bbox 3557 2632 3710 2696; x_wconf 77' lang='lat' dir='ltr'><strong>pote--</strong></span> 
     </span>
    </p>
   </div>
   <div class='ocr_carea' id='block_1_55' title="bbox 2152 2719 3711 2786">
    <p class='ocr_par' dir='ltr' id='par_1_55' title="bbox 2152 2719 3711 2786">
     <span class='ocr_line' id='line_1_55' title="bbox 2152 2719 3711 2786; baseline -0.007 -8"><span class='ocrx_word' id='word_1_396' title='bbox 2152 2723 2307 2778; x_wconf 89' lang='lat' dir='ltr'><strong>statis</strong></span> <span class='ocrx_word' id='word_1_397' title='bbox 2354 2721 2628 2778; x_wconf 66' lang='lat' dir='ltr'><strong>affluentia</strong></span> <span class='ocrx_word' id='word_1_398' title='bbox 2668 2720 2852 2775; x_wconf 88' lang='lat' dir='ltr'><strong>omnia</strong></span> <span class='ocrx_word' id='word_1_399' title='bbox 2900 2719 3226 2783; x_wconf 90' lang='lat' dir='ltr'><strong>continens,</strong></span> <span class='ocrx_word' id='word_1_400' title='bbox 3288 2730 3588 2786; x_wconf 90' lang='lat' dir='ltr'><strong>creansque</strong></span> <span class='ocrx_word' id='word_1_401' title='bbox 3645 2728 3711 2768; x_wconf 90' lang='lat' dir='ltr'><strong>ac</strong></span> 
     </span>
    </p>
   </div>
   <div class='ocr_carea' id='block_1_56' title="bbox 2152 2805 3711 2883">
    <p class='ocr_par' dir='ltr' id='par_1_56' title="bbox 2152 2805 3711 2883">
     <span class='ocr_line' id='line_1_56' title="bbox 2152 2805 3711 2883; baseline -0.006 -15"><span class='ocrx_word' id='word_1_402' title='bbox 2152 2823 2391 2876; x_wconf 88' lang='lat' dir='ltr'><strong>struens,</strong></span> <span class='ocrx_word' id='word_1_403' title='bbox 2427 2813 2495 2868; x_wconf 87' lang='lat' dir='ltr'><strong>ad</strong></span> <span class='ocrx_word' id='word_1_404' title='bbox 2546 2813 2798 2883; x_wconf 87' lang='lat' dir='ltr'><strong>imaginis</strong></span> <span class='ocrx_word' id='word_1_405' title='bbox 2851 2827 2962 2866; x_wconf 66' lang='lat' dir='ltr'><strong>suae</strong></span> <span class='ocrx_word' id='word_1_406' title='bbox 3001 2810 3310 2881; x_wconf 82' lang='lat' dir='ltr'><strong>imaginem,</strong></span> <span class='ocrx_word' id='word_1_407' title='bbox 3346 2807 3584 2862; x_wconf 88' lang='lat' dir='ltr'><strong>animam</strong></span> <span class='ocrx_word' id='word_1_408' title='bbox 3627 2805 3711 2859; x_wconf 80' lang='lat' dir='ltr'><strong>fa-</strong></span> 
     </span>
    </p>
   </div>
   <div class='ocr_carea' id='block_1_57' title="bbox 2151 2896 3710 2970">
    <p class='ocr_par' dir='ltr' id='par_1_57' title="bbox 2151 2896 3710 2970">
     <span class='ocr_line' id='line_1_57' title="bbox 2151 2896 3710 2970; baseline -0.004 -11"><span class='ocrx_word' id='word_1_409' title='bbox 2151 2905 2395 2960; x_wconf 89' lang='lat' dir='ltr'><strong>bricatus</strong></span> <span class='ocrx_word' id='word_1_410' title='bbox 2421 2911 2526 2960; x_wconf 92' lang='lat' dir='ltr'><strong>est.</strong></span> <span class='ocrx_word' id='word_1_411' title='bbox 2555 2903 2923 2970; x_wconf 81' lang='lat' dir='ltr'><strong>Quamobrem</strong></span> <span class='ocrx_word' id='word_1_412' title='bbox 2944 2902 3106 2958; x_wconf 89' lang='lat' dir='ltr'><strong>etiam</strong></span> <span class='ocrx_word' id='word_1_413' title='bbox 3136 2901 3349 2955; x_wconf 85' lang='lat' dir='ltr'><strong>ratione</strong></span> <span class='ocrx_word' id='word_1_414' title='bbox 3384 2896 3604 2968; x_wconf 84' lang='lat' dir='ltr'><strong>praedita</strong></span> <span class='ocrx_word' id='word_1_415' title='bbox 3625 2905 3710 2953; x_wconf 86' lang='lat' dir='ltr'><strong>est</strong></span> 
     </span>
    </p>
   </div>
   <div class='ocr_carea' id='block_1_58' title="bbox 2152 2989 3709 3066">
    <p class='ocr_par' dir='ltr' id='par_1_58' title="bbox 2152 2989 3709 3066">
     <span class='ocr_line' id='line_1_58' title="bbox 2152 2989 3709 3066; baseline -0.006 -15"><span class='ocrx_word' id='word_1_416' title='bbox 2152 3004 2206 3051; x_wconf 91' lang='lat' dir='ltr'><strong>et</strong></span> <span class='ocrx_word' id='word_1_417' title='bbox 2237 2995 2581 3052; x_wconf 87' lang='lat' dir='ltr'><strong>immortalis.</strong></span> <span class='ocrx_word' id='word_1_418' title='bbox 2613 2995 2691 3050; x_wconf 81' lang='lat' dir='ltr'><strong>Ad</strong></span> <span class='ocrx_word' id='word_1_419' title='bbox 2716 2995 3004 3066; x_wconf 80' lang='lat' dir='ltr'><strong>imaginem</strong></span> <span class='ocrx_word' id='word_1_420' title='bbox 3033 2993 3229 3063; x_wconf 91' lang='lat' dir='ltr'><strong>quippe</strong></span> <span class='ocrx_word' id='word_1_421' title='bbox 3259 2989 3533 3061; x_wconf 91' lang='lat' dir='ltr'><strong>Unigeniti</strong></span> <span class='ocrx_word' id='word_1_422' title='bbox 3576 3003 3709 3043; x_wconf 89' lang='lat' dir='ltr'><strong>con-</strong></span> 
     </span>
    </p>
   </div>
   <div class='ocr_carea' id='block_1_59' title="bbox 486 3079 2049 3172">
    <p class='ocr_par' dir='ltr' id='par_1_59' title="bbox 486 3079 2047 3172">
     <span class='ocr_line' id='line_1_59' title="bbox 486 3079 2047 3172; baseline 0.015 -41"><span class='ocrx_word' id='word_1_423' title='bbox 486 3079 577 3172; x_wconf 75' lang='grc' dir='ltr'><strong>Διὸ</strong></span> <span class='ocrx_word' id='word_1_424' title='bbox 593 3080 683 3172; x_wconf 16' lang='grc' dir='ltr'><strong>ᾃδὴ</strong></span> <span class='ocrx_word' id='word_1_425' title='bbox 727 3085 820 3138; x_wconf 71' lang='grc' dir='ltr'>καὶ</span> <span class='ocrx_word' id='word_1_426' title='bbox 863 3086 936 3140; x_wconf 85' lang='grc' dir='ltr'>τὰ</span> <span class='ocrx_word' id='word_1_427' title='bbox 980 3093 1348 3160; x_wconf 75' lang='grc' dir='ltr'>πνευματικὰ</span> <span class='ocrx_word' id='word_1_428' title='bbox 1390 3094 1501 3164; x_wconf 82' lang='grc' dir='ltr'>τῆς</span> <span class='ocrx_word' id='word_1_429' title='bbox 1528 3100 1816 3166; x_wconf 76' lang='grc' dir='ltr'>πονηρίας</span> <span class='ocrx_word' id='word_1_430' title='bbox 1851 3100 2047 3172; x_wconf 81' lang='grc' dir='ltr'>ἐρῶσιν</span> 
     </span>
    </p>
   </div>
   <div class='ocr_carea' id='block_1_60' title="bbox 2149 3079 3704 3172">
    <p class='ocr_par' dir='ltr' id='par_1_60' title="bbox 2153 3082 3704 3160">
     <span class='ocr_line' id='line_1_60' title="bbox 2153 3082 3704 3160; baseline -0.006 -16"><span class='ocrx_word' id='word_1_431' title='bbox 2153 3089 2285 3154; x_wconf 90' lang='lat' dir='ltr'><strong>dita,</strong></span> <span class='ocrx_word' id='word_1_432' title='bbox 2347 3087 2782 3160; x_wconf 88' lang='lat' dir='ltr'><strong>incomparabili,</strong></span> <span class='ocrx_word' id='word_1_433' title='bbox 2831 3088 2908 3142; x_wconf 89' lang='lat' dir='ltr'><strong>uti</strong></span> <span class='ocrx_word' id='word_1_434' title='bbox 2943 3086 3210 3148; x_wconf 88' lang='lat' dir='ltr'><strong>dicebam,</strong></span> <span class='ocrx_word' id='word_1_435' title='bbox 3265 3084 3429 3153; x_wconf 89' lang='lat' dir='ltr'><strong>pollet</strong></span> <span class='ocrx_word' id='word_1_436' title='bbox 3489 3082 3704 3138; x_wconf 90' lang='lat' dir='ltr'><strong>decore.</strong></span> 
     </span>
    </p>
   </div>
   <div class='ocr_carea' id='block_1_61' title="bbox 486 3169 2049 3261">
    <p class='ocr_par' dir='ltr' id='par_1_61' title="bbox 486 3169 2049 3261">
     <span class='ocr_line' id='line_1_61' title="bbox 486 3169 2049 3261; baseline 0.017 -41"><span class='ocrx_word' id='word_1_437' title='bbox 486 3169 676 3239; x_wconf 72' lang='grc' dir='ltr'>αὐτῆς,</span> <span class='ocrx_word' id='word_1_438' title='bbox 705 3175 798 3226; x_wconf 85' lang='grc' dir='ltr'>καὶ</span> <span class='ocrx_word' id='word_1_439' title='bbox 830 3176 1176 3249; x_wconf 82' lang='grc' dir='ltr'>ἐφεδρεύουσι</span> <span class='ocrx_word' id='word_1_440' title='bbox 1197 3185 1392 3254; x_wconf 78' lang='grc' dir='ltr'>χρᾶναι</span> <span class='ocrx_word' id='word_1_441' title='bbox 1426 3186 1720 3258; x_wconf 73' lang='grc' dir='ltr'>βιαζόμενα</span> <span class='ocrx_word' id='word_1_442' title='bbox 1757 3191 1854 3261; x_wconf 85' lang='grc' dir='ltr'>τὴν</span> <span class='ocrx_word' id='word_1_443' title='bbox 1882 3169 2049 3245; x_wconf 37' lang='grc' dir='ltr'>’θεοεί-</span> 
     </span>
    </p>
   </div>
   <div class='ocr_carea' id='block_1_62' title="bbox 484 3262 2046 3357">
    <p class='ocr_par' dir='ltr' id='par_1_62' title="bbox 484 3262 2046 3357">
     <span class='ocr_line' id='line_1_62' title="bbox 484 3262 2046 3357; baseline 0.015 -43"><span class='ocrx_word' id='word_1_444' title='bbox 484 3262 639 3316; x_wconf 87' lang='grc' dir='ltr'>κελον</span> <span class='ocrx_word' id='word_1_445' title='bbox 673 3267 842 3338; x_wconf 75' lang='grc' dir='ltr'>αὐτῆς</span> <span class='ocrx_word' id='word_1_446' title='bbox 868 3270 1080 3344; x_wconf 84' lang='grc' dir='ltr'>ἐκείνην</span> <span class='ocrx_word' id='word_1_447' title='bbox 1105 3275 1199 3326; x_wconf 69' lang='grc' dir='ltr'>καὶ</span> <span class='ocrx_word' id='word_1_448' title='bbox 1228 3276 1524 3348; x_wconf 76' lang='grc' dir='ltr'>ἐπέραστον</span> <span class='ocrx_word' id='word_1_449' title='bbox 1563 3277 1728 3335; x_wconf 78' lang='grc' dir='ltr'>ἰδέαν·</span> <span class='ocrx_word' id='word_1_450' title='bbox 1764 3283 1951 3354; x_wconf 84' lang='grc' dir='ltr'>ὥσπερ</span> <span class='ocrx_word' id='word_1_451' title='bbox 1983 3285 2046 3357; x_wconf 78' lang='grc' dir='ltr'>δὴ</span> 
     </span>
    </p>
   </div>
   <div class='ocr_carea' id='block_1_63' title="bbox 484 3355 2046 3442">
    <p class='ocr_par' dir='ltr' id='par_1_63' title="bbox 484 3355 2046 3442">
     <span class='ocr_line' id='line_1_63' title="bbox 484 3355 2046 3442; baseline 0.015 -36"><span class='ocrx_word' id='word_1_452' title='bbox 484 3355 577 3407; x_wconf 79' lang='grc' dir='ltr'>καὶ</span> <span class='ocrx_word' id='word_1_453' title='bbox 631 3358 660 3409; x_wconf 83' lang='grc' dir='ltr'>ὁ</span> <span class='ocrx_word' id='word_1_454' title='bbox 707 3361 990 3432; x_wconf 84' lang='grc' dir='ltr'>προφήτης</span> <span class='ocrx_word' id='word_1_455' title='bbox 1065 3365 1330 3437; x_wconf 85' lang='grc' dir='ltr'>Ἱερεμίας</span> <span class='ocrx_word' id='word_1_456' title='bbox 1379 3372 1723 3442; x_wconf 83' lang='grc' dir='ltr'>παρίστησιν,</span> <span class='ocrx_word' id='word_1_457' title='bbox 1774 3355 2046 3439; x_wconf 78' lang='grc' dir='ltr'>ὀνειδίζων</span> 
     </span>
    </p>
   </div>
   <div class='ocr_carea' id='block_1_64' title="bbox 496 3443 2044 3533">
    <p class='ocr_par' dir='ltr' id='par_1_64' title="bbox 496 3443 2044 3533">
     <span class='ocr_line' id='line_1_64' title="bbox 496 3443 2044 3533; baseline 0.018 -40"><span class='ocrx_word' id='word_1_458' title='bbox 496 3443 846 3516; x_wconf 85' lang='grc' dir='ltr'>Ἰερουσαλήμ</span> <span class='ocrx_word' id='word_1_459' title='bbox 871 3465 885 3478; x_wconf 78' lang='grc'><strong><em>⁸</em></strong></span> <span class='ocrx_word' id='word_1_460' title='bbox 935 3451 1105 3519; x_wconf 73' lang='grc' dir='ltr'><strong>Ὅψις</strong></span> <span class='ocrx_word' id='word_1_461' title='bbox 1131 3457 1358 3524; x_wconf 73' lang='grc' dir='ltr'>πόρνης</span> <span class='ocrx_word' id='word_1_462' title='bbox 1381 3458 1616 3528; x_wconf 80' lang='grc' dir='ltr'>ἐγένετό</span> <span class='ocrx_word' id='word_1_463' title='bbox 1653 3477 1782 3517; x_wconf 86' lang='grc' dir='ltr'>σοι·</span> <span class='ocrx_word' id='word_1_464' title='bbox 1849 3466 2044 3533; x_wconf 78' lang='grc' dir='ltr'>ἀπην-</span> 
     </span>
    </p>
   </div>
   <div class='ocr_carea' id='block_1_65' title="bbox 484 3535 2044 3634">
    <p class='ocr_par' dir='ltr' id='par_1_65' title="bbox 484 3535 2044 3634">
     <span class='ocr_line' id='line_1_65' title="bbox 484 3535 2044 3634; baseline 0.017 -50"><span class='ocrx_word' id='word_1_465' title='bbox 484 3535 897 3634; x_wconf 54' lang='grc' dir='ltr'>αισχύντῖῖσας</span> <span class='ocrx_word' id='word_1_466' title='bbox 944 3541 1230 3598; x_wconf 81' lang='grc' dir='ltr'>ἀπέναντι</span> <span class='ocrx_word' id='word_1_467' title='bbox 1276 3545 1393 3599; x_wconf 70' lang='grc' dir='ltr'>τῶν</span> <span class='ocrx_word' id='word_1_468' title='bbox 1445 3550 1710 3616; x_wconf 78' lang='grc' dir='ltr'>ἐραστῶν</span> <span class='ocrx_word' id='word_1_469' title='bbox 1763 3571 1879 3608; x_wconf 86' lang='grc' dir='ltr'><strong>σου</strong></span> <span class='ocrx_word' id='word_1_470' title='bbox 1899 3571 1912 3584; x_wconf 82' lang='lat'><strong><em>°</em></strong></span> <span class='ocrx_word' id='word_1_471' title='bbox 1946 3555 2044 3627; x_wconf 79' lang='grc' dir='ltr'><strong>τὴν</strong></span> 
     </span>
    </p>
   </div>
   <div class='ocr_carea' id='block_1_66' title="bbox 486 3630 2045 3714">
    <p class='ocr_par' dir='ltr' id='par_1_66' title="bbox 486 3630 2045 3714">
     <span class='ocr_line' id='line_1_66' title="bbox 486 3630 2045 3714; baseline 0.016 -40"><span class='ocrx_word' id='word_1_472' title='bbox 486 3630 872 3714; x_wconf 80' lang='grc' dir='ltr'>παρασχοῦσαν</span> <span class='ocrx_word' id='word_1_473' title='bbox 914 3630 1111 3702; x_wconf 82' lang='grc' dir='ltr'>ἑαυτὴν</span> <span class='ocrx_word' id='word_1_474' title='bbox 1159 3637 1278 3698; x_wconf 87' lang='grc' dir='ltr'>ταῖς</span> <span class='ocrx_word' id='word_1_475' title='bbox 1327 3637 1724 3710; x_wconf 83' lang='grc' dir='ltr'>ἀντικειμέναις</span> <span class='ocrx_word' id='word_1_476' title='bbox 1757 3642 2045 3714; x_wconf 81' lang='grc' dir='ltr'>δυνάμεσιν</span> 
     </span>
    </p>
   </div>
   <div class='ocr_carea' id='block_1_67' title="bbox 486 3713 2044 3799">
    <p class='ocr_par' dir='ltr' id='par_1_67' title="bbox 486 3713 2044 3799">
     <span class='ocr_line' id='line_1_67' title="bbox 486 3713 2044 3799; baseline 0.014 -35"><span class='ocrx_word' id='word_1_477' title='bbox 486 3716 566 3776; x_wconf 79' lang='grc' dir='ltr'><strong>εἰς</strong></span> <span class='ocrx_word' id='word_1_478' title='bbox 593 3713 891 3786; x_wconf 80' lang='grc' dir='ltr'>βεϐήλωσιν</span> <span class='ocrx_word' id='word_1_479' title='bbox 915 3718 1107 3789; x_wconf 88' lang='grc' dir='ltr'>λέγων.</span> <span class='ocrx_word' id='word_1_480' title='bbox 1163 3723 1417 3795; x_wconf 74' lang='grc' dir='ltr'>Ἐρασταὶ</span> <span class='ocrx_word' id='word_1_481' title='bbox 1443 3729 1550 3799; x_wconf 84' lang='grc' dir='ltr'>γάρ</span> <span class='ocrx_word' id='word_1_482' title='bbox 1577 3733 1713 3784; x_wconf 88' lang='grc' dir='ltr'>εἰσιν</span> <span class='ocrx_word' id='word_1_483' title='bbox 1743 3733 1770 3784; x_wconf 84' lang='grc' dir='ltr'>ὁ</span> <span class='ocrx_word' id='word_1_484' title='bbox 1800 3713 2044 3797; x_wconf 77' lang='grc' dir='ltr'>διάϐολος</span> 
     </span>
    </p>
   </div>
   <div class='ocr_carea' id='block_1_68' title="bbox 485 3803 2043 3892">
    <p class='ocr_par' dir='ltr' id='par_1_68' title="bbox 485 3803 2043 3892">
     <span class='ocr_line' id='line_1_68' title="bbox 485 3803 2043 3892; baseline 0.016 -39"><span class='ocrx_word' id='word_1_485' title='bbox 485 3803 579 3892; x_wconf 75' lang='grc' dir='ltr'>καὶ</span> <span class='ocrx_word' id='word_1_486' title='bbox 606 3803 806 3877; x_wconf 79' lang='grc' dir='ltr'>οἱπερὶ</span> <span class='ocrx_word' id='word_1_487' title='bbox 847 3808 1008 3863; x_wconf 85' lang='grc' dir='ltr'>αὑτὸν</span> <span class='ocrx_word' id='word_1_488' title='bbox 1061 3811 1302 3881; x_wconf 84' lang='grc' dir='ltr'>ἄγγελοι,</span> <span class='ocrx_word' id='word_1_489' title='bbox 1353 3818 1403 3868; x_wconf 91' lang='grc' dir='ltr'><strong>οἰ</strong></span> <span class='ocrx_word' id='word_1_490' title='bbox 1431 3820 1492 3870; x_wconf 82' lang='grc' dir='ltr'>τὸ</span> <span class='ocrx_word' id='word_1_491' title='bbox 1525 3820 1736 3888; x_wconf 83' lang='grc' dir='ltr'>λογικὸν</span> <span class='ocrx_word' id='word_1_492' title='bbox 1766 3823 1919 3892; x_wconf 83' lang='grc' dir='ltr'>ἡμῶν</span> <span class='ocrx_word' id='word_1_493' title='bbox 1949 3824 2043 3876; x_wconf 76' lang='grc' dir='ltr'>καὶ</span> 
     </span>
    </p>
   </div>
   <div class='ocr_carea' id='block_1_69' title="bbox 480 3891 2042 3990">
    <p class='ocr_par' dir='ltr' id='par_1_69' title="bbox 480 3891 2042 3990">
     <span class='ocr_line' id='line_1_69' title="bbox 480 3891 2042 3990; baseline 0.017 -46"><span class='ocrx_word' id='word_1_494' title='bbox 480 3891 781 3963; x_wconf 88' lang='grc' dir='ltr'>διορατικὸν</span> <span class='ocrx_word' id='word_1_495' title='bbox 805 3899 904 3990; x_wconf 64' lang='grc' dir='ltr'>τῆς</span> <span class='ocrx_word' id='word_1_496' title='bbox 941 3905 1252 3975; x_wconf 79' lang='grc' dir='ltr'>φρονήσεως</span> <span class='ocrx_word' id='word_1_497' title='bbox 1279 3907 1470 3974; x_wconf 84' lang='grc' dir='ltr'>κάλλος</span> <span class='ocrx_word' id='word_1_498' title='bbox 1507 3912 1736 3981; x_wconf 87' lang='grc' dir='ltr'>μιαίνειν</span> <span class='ocrx_word' id='word_1_499' title='bbox 1760 3891 1854 3968; x_wconf 79' lang='grc' dir='ltr'>καὶ</span> <span class='ocrx_word' id='word_1_500' title='bbox 1881 3916 2042 3986; x_wconf 81' lang='grc' dir='ltr'>μολύ-</span> 
     </span>
    </p>
   </div>
   <div class='ocr_carea' id='block_1_70' title="bbox 481 3991 2045 4078">
    <p class='ocr_par' dir='ltr' id='par_1_70' title="bbox 481 3991 2045 4078">
     <span class='ocr_line' id='line_1_70' title="bbox 481 3991 2045 4078; baseline 0.015 -39"><span class='ocrx_word' id='word_1_501' title='bbox 481 4003 591 4041; x_wconf 90' lang='grc' dir='ltr'>νειν</span> <span class='ocrx_word' id='word_1_502' title='bbox 635 3991 700 4060; x_wconf 78' lang='grc' dir='ltr'>τῇ</span> <span class='ocrx_word' id='word_1_503' title='bbox 752 3992 960 4046; x_wconf 80' lang='grc' dir='ltr'>ἑαυτῶν</span> <span class='ocrx_word' id='word_1_504' title='bbox 1007 3996 1253 4070; x_wconf 78' lang='grc' dir='ltr'>ἐπιμιξίᾳ</span> <span class='ocrx_word' id='word_1_505' title='bbox 1288 4001 1686 4074; x_wconf 76' lang='grc' dir='ltr'>τεχναςόμενοι,</span> <span class='ocrx_word' id='word_1_506' title='bbox 1726 4007 1819 4058; x_wconf 75' lang='grc' dir='ltr'>καὶ</span> <span class='ocrx_word' id='word_1_507' title='bbox 1866 4010 2045 4078; x_wconf 80' lang='grc' dir='ltr'>μοιχοὶ</span> 
     </span>
    </p>
   </div>
   <div class='ocr_carea' id='block_1_71' title="bbox 481 4082 2048 4170">
    <p class='ocr_par' dir='ltr' id='par_1_71' title="bbox 481 4082 2048 4170">
     <span class='ocr_line' id='line_1_71' title="bbox 481 4082 2048 4170; baseline 0.013 -37"><span class='ocrx_word' id='word_1_508' title='bbox 481 4082 730 4150; x_wconf 85' lang='grc' dir='ltr'>γενέσθαι</span> <span class='ocrx_word' id='word_1_509' title='bbox 776 4085 956 4156; x_wconf 80' lang='grc' dir='ltr'>πάσης</span> <span class='ocrx_word' id='word_1_510' title='bbox 992 4087 1092 4160; x_wconf 83' lang='grc' dir='ltr'>τῆς</span> <span class='ocrx_word' id='word_1_511' title='bbox 1119 4089 1197 4161; x_wconf 83' lang='grc' dir='ltr'><strong>τῷ</strong></span> <span class='ocrx_word' id='word_1_512' title='bbox 1244 4093 1433 4165; x_wconf 86' lang='grc' dir='ltr'>Κυρίῳ</span> <span class='ocrx_word' id='word_1_513' title='bbox 1465 4098 1906 4170; x_wconf 81' lang='grc' dir='ltr'>νενυμφευμένης</span> <span class='ocrx_word' id='word_1_514' title='bbox 1929 4101 2048 4154; x_wconf 80' lang='grc' dir='ltr'>ἐπι-</span> 
     </span>
    </p>
   </div>
   <div class='ocr_carea' id='block_1_72' title="bbox 482 4173 992 4248">
    <p class='ocr_par' dir='ltr' id='par_1_72' title="bbox 482 4173 992 4248">
     <span class='ocr_line' id='line_1_72' title="bbox 482 4173 992 4248; baseline 0.016 -22"><span class='ocrx_word' id='word_1_515' title='bbox 482 4173 775 4244; x_wconf 75' lang='grc' dir='ltr'>θυμοῦντες</span> <span class='ocrx_word' id='word_1_516' title='bbox 797 4175 992 4248; x_wconf 75' lang='grc' dir='ltr'>ψυχῆς.</span> 
     </span>
    </p>
   </div>
   <div class='ocr_carea' id='block_1_73' title="bbox 2149 3177 3708 3252">
    <p class='ocr_par' dir='ltr' id='par_1_73' title="bbox 2149 3177 3708 3252">
     <span class='ocr_line' id='line_1_73' title="bbox 2149 3177 3708 3252; baseline -0.004 -16"><span class='ocrx_word' id='word_1_517' title='bbox 2149 3181 2330 3248; x_wconf 88' lang='lat' dir='ltr'><strong>Quare</strong></span> <span class='ocrx_word' id='word_1_518' title='bbox 2355 3182 2621 3252; x_wconf 80' lang='lat' dir='ltr'><strong>spiritalia</strong></span> <span class='ocrx_word' id='word_1_519' title='bbox 2653 3181 2895 3252; x_wconf 75' lang='lat' dir='ltr'><strong>nequitia:</strong></span> <span class='ocrx_word' id='word_1_520' title='bbox 2920 3181 2964 3212; x_wconf 84' lang='grc'><strong>¹⁶</strong></span> <span class='ocrx_word' id='word_1_521' title='bbox 2995 3193 3114 3234; x_wconf 86' lang='lat' dir='ltr'><strong>eam</strong></span> <span class='ocrx_word' id='word_1_522' title='bbox 3137 3177 3346 3249; x_wconf 89' lang='lat' dir='ltr'><strong>perdite</strong></span> <span class='ocrx_word' id='word_1_523' title='bbox 3373 3182 3578 3240; x_wconf 85' lang='lat' dir='ltr'><strong>amant,</strong></span> <span class='ocrx_word' id='word_1_524' title='bbox 3611 3190 3708 3230; x_wconf 90' lang='lat' dir='ltr'><strong>ne-</strong></span> 
     </span>
    </p>
   </div>
   <div class='ocr_carea' id='block_1_74' title="bbox 2149 3267 3706 3344">
    <p class='ocr_par' dir='ltr' id='par_1_74' title="bbox 2149 3267 3706 3344">
     <span class='ocr_line' id='line_1_74' title="bbox 2149 3267 3706 3344; baseline -0.004 -15"><span class='ocrx_word' id='word_1_525' title='bbox 2149 3281 2409 3344; x_wconf 86' lang='lat' dir='ltr'><strong>ctuntque</strong></span> <span class='ocrx_word' id='word_1_526' title='bbox 2458 3274 2725 3338; x_wconf 87' lang='lat' dir='ltr'><strong>insidias,</strong></span> <span class='ocrx_word' id='word_1_527' title='bbox 2779 3271 3016 3327; x_wconf 79' lang='lat' dir='ltr'><strong>eﬁlictim</strong></span> <span class='ocrx_word' id='word_1_528' title='bbox 3074 3271 3413 3326; x_wconf 86' lang='lat' dir='ltr'><strong>connitentes</strong></span> <span class='ocrx_word' id='word_1_529' title='bbox 3480 3277 3542 3321; x_wconf 89' lang='lat' dir='ltr'><strong>ut</strong></span> <span class='ocrx_word' id='word_1_530' title='bbox 3589 3267 3706 3336; x_wconf 85' lang='lat' dir='ltr'><strong>ejus</strong></span> 
     </span>
    </p>
   </div>
   <div class='ocr_carea' id='block_1_75' title="bbox 2148 3359 3709 3431">
    <p class='ocr_par' dir='ltr' id='par_1_75' title="bbox 2148 3359 3709 3431">
     <span class='ocr_line' id='line_1_75' title="bbox 2148 3359 3709 3431; baseline -0.004 -13"><span class='ocrx_word' id='word_1_531' title='bbox 2148 3364 2466 3420; x_wconf 84' lang='lat' dir='ltr'><strong>deiformem</strong></span> <span class='ocrx_word' id='word_1_532' title='bbox 2494 3365 2640 3418; x_wconf 91' lang='lat' dir='ltr'><strong>illam</strong></span> <span class='ocrx_word' id='word_1_533' title='bbox 2673 3363 3228 3431; x_wconf 85' lang='lat' dir='ltr'><strong>amabilissimamque</strong></span> <span class='ocrx_word' id='word_1_534' title='bbox 3256 3360 3490 3429; x_wconf 90' lang='lat' dir='ltr'><strong>speciem</strong></span> <span class='ocrx_word' id='word_1_535' title='bbox 3523 3359 3709 3414; x_wconf 87' lang='lat' dir='ltr'><strong>detur-</strong></span> 
     </span>
    </p>
   </div>
   <div class='ocr_carea' id='block_1_76' title="bbox 2147 3452 3703 3528">
    <p class='ocr_par' dir='ltr' id='par_1_76' title="bbox 2147 3452 3703 3528">
     <span class='ocr_line' id='line_1_76' title="bbox 2147 3452 3703 3528; baseline -0.004 -17"><span class='ocrx_word' id='word_1_536' title='bbox 2147 3465 2277 3528; x_wconf 89' lang='lat' dir='ltr'><strong>pent</strong></span> <span class='ocrx_word' id='word_1_537' title='bbox 2306 3472 2370 3510; x_wconf 83' lang='lat' dir='ltr'><strong>ac</strong></span> <span class='ocrx_word' id='word_1_538' title='bbox 2399 3457 2671 3527; x_wconf 89' lang='lat' dir='ltr'><strong>polluant;</strong></span> <span class='ocrx_word' id='word_1_539' title='bbox 2701 3455 2781 3509; x_wconf 90' lang='lat' dir='ltr'><strong>uti</strong></span> <span class='ocrx_word' id='word_1_540' title='bbox 2801 3463 2855 3511; x_wconf 92' lang='lat' dir='ltr'><strong>et</strong></span> <span class='ocrx_word' id='word_1_541' title='bbox 2884 3455 3145 3526; x_wconf 89' lang='lat' dir='ltr'><strong>propheta</strong></span> <span class='ocrx_word' id='word_1_542' title='bbox 3177 3452 3440 3507; x_wconf 88' lang='lat' dir='ltr'><strong>Jeremias</strong></span> <span class='ocrx_word' id='word_1_543' title='bbox 3477 3452 3703 3513; x_wconf 87' lang='lat' dir='ltr'><strong>indicat,</strong></span> 
     </span>
    </p>
   </div>
   <div class='ocr_carea' id='block_1_77' title="bbox 2147 3544 3708 3620">
    <p class='ocr_par' dir='ltr' id='par_1_77' title="bbox 2147 3544 3708 3620">
     <span class='ocr_line' id='line_1_77' title="bbox 2147 3544 3708 3620; baseline -0.006 -15"><span class='ocrx_word' id='word_1_544' title='bbox 2147 3549 2482 3620; x_wconf 82' lang='lat' dir='ltr'><strong>exprobrans</strong></span> <span class='ocrx_word' id='word_1_545' title='bbox 2523 3547 2823 3604; x_wconf 84' lang='lat' dir='ltr'><strong>Jerusalem</strong></span> <span class='ocrx_word' id='word_1_546' title='bbox 2861 3567 2874 3604; x_wconf 90' lang='lat'><strong>:</strong></span> <span class='ocrx_word' id='word_1_547' title='bbox 2925 3545 3099 3601; x_wconf 80' lang='lat' dir='ltr'><strong>Frons</strong></span> <span class='ocrx_word' id='word_1_548' title='bbox 3131 3545 3415 3600; x_wconf 76' lang='lat' dir='ltr'><strong>meretricis</strong></span> <span class='ocrx_word' id='word_1_549' title='bbox 3460 3544 3602 3612; x_wconf 84' lang='lat' dir='ltr'><strong>facta</strong></span> <span class='ocrx_word' id='word_1_550' title='bbox 3630 3551 3708 3596; x_wconf 85' lang='lat' dir='ltr'><strong>est</strong></span> 
     </span>
    </p>
   </div>
   <div class='ocr_carea' id='block_1_78' title="bbox 2150 3639 3705 3706">
    <p class='ocr_par' dir='ltr' id='par_1_78' title="bbox 2150 3639 3705 3706">
     <span class='ocr_line' id='line_1_78' title="bbox 2150 3639 3705 3706; baseline -0.004 -12"><span class='ocrx_word' id='word_1_551' title='bbox 2150 3641 2245 3695; x_wconf 88' lang='lat' dir='ltr'><strong>tibi</strong></span> <span class='ocrx_word' id='word_1_552' title='bbox 2269 3655 2288 3693; x_wconf 90' lang='lat'><strong><em>:</em></strong></span> <span class='ocrx_word' id='word_1_553' title='bbox 2317 3639 2532 3694; x_wconf 78' lang='lat' dir='ltr'><strong>noluisti</strong></span> <span class='ocrx_word' id='word_1_554' title='bbox 2553 3639 2848 3694; x_wconf 80' lang='lat' dir='ltr'><strong>erubescere</strong></span> <span class='ocrx_word' id='word_1_555' title='bbox 2870 3643 2925 3694; x_wconf 85' lang='lat' dir='ltr'><strong>in</strong></span> <span class='ocrx_word' id='word_1_556' title='bbox 2951 3645 3226 3706; x_wconf 82' lang='lat' dir='ltr'><strong>conspectu</strong></span> <span class='ocrx_word' id='word_1_557' title='bbox 3263 3646 3557 3690; x_wconf 84' lang='lat' dir='ltr'><strong>amatorum</strong></span> <span class='ocrx_word' id='word_1_558' title='bbox 3585 3643 3705 3688; x_wconf 88' lang='lat' dir='ltr'><strong>tuo-</strong></span> 
     </span>
    </p>
   </div>
   <div class='ocr_carea' id='block_1_79' title="bbox 2151 3726 3704 3802">
    <p class='ocr_par' dir='ltr' id='par_1_79' title="bbox 2151 3726 3704 3802">
     <span class='ocr_line' id='line_1_79' title="bbox 2151 3726 3704 3802; baseline -0.005 -15"><span class='ocrx_word' id='word_1_559' title='bbox 2151 3750 2267 3787; x_wconf 84' lang='lat' dir='ltr'><strong>rum</strong></span> <span class='ocrx_word' id='word_1_560' title='bbox 2291 3734 2354 3797; x_wconf 79' lang='grc'><strong>¹⁷,</strong></span> <span class='ocrx_word' id='word_1_561' title='bbox 2387 3731 2454 3788; x_wconf 91' lang='lat' dir='ltr'><strong>de</strong></span> <span class='ocrx_word' id='word_1_562' title='bbox 2481 3747 2544 3788; x_wconf 90' lang='lat' dir='ltr'><strong>ea</strong></span> <span class='ocrx_word' id='word_1_563' title='bbox 2568 3733 2796 3802; x_wconf 90' lang='lat' dir='ltr'><strong>loquens</strong></span> <span class='ocrx_word' id='word_1_564' title='bbox 2826 3745 2947 3801; x_wconf 62' lang='lat' dir='ltr'><strong>qua!</strong></span> <span class='ocrx_word' id='word_1_565' title='bbox 2966 3746 3024 3786; x_wconf 92' lang='lat' dir='ltr'><strong>se</strong></span> <span class='ocrx_word' id='word_1_566' title='bbox 3053 3728 3332 3801; x_wconf 88' lang='lat' dir='ltr'><strong>prostituit</strong></span> <span class='ocrx_word' id='word_1_567' title='bbox 3374 3726 3704 3782; x_wconf 88' lang='lat' dir='ltr'><strong>adversariis</strong></span> 
     </span>
    </p>
   </div>
   <div class='ocr_carea' id='block_1_80' title="bbox 2147 3819 3704 3893">
    <p class='ocr_par' dir='ltr' id='par_1_80' title="bbox 2147 3819 3704 3893">
     <span class='ocr_line' id='line_1_80' title="bbox 2147 3819 3704 3893; baseline -0.005 -15"><span class='ocrx_word' id='word_1_568' title='bbox 2147 3823 2511 3893; x_wconf 88' lang='lat' dir='ltr'><strong>potestatibus</strong></span> <span class='ocrx_word' id='word_1_569' title='bbox 2545 3823 2601 3878; x_wconf 92' lang='lat' dir='ltr'><strong>in</strong></span> <span class='ocrx_word' id='word_1_570' title='bbox 2647 3822 3184 3878; x_wconf 85' lang='lat' dir='ltr'><strong>contaminationem.</strong></span> <span class='ocrx_word' id='word_1_571' title='bbox 3238 3820 3524 3875; x_wconf 80' lang='lat' dir='ltr'><strong>Amatores</strong></span> <span class='ocrx_word' id='word_1_572' title='bbox 3561 3819 3704 3873; x_wconf 91' lang='lat' dir='ltr'><strong>enim</strong></span> 
     </span>
    </p>
   </div>
   <div class='ocr_carea' id='block_1_81' title="bbox 2147 3914 3703 3988">
    <p class='ocr_par' dir='ltr' id='par_1_81' title="bbox 2147 3914 3703 3988">
     <span class='ocr_line' id='line_1_81' title="bbox 2147 3914 3703 3988; baseline -0.005 -17"><span class='ocrx_word' id='word_1_573' title='bbox 2147 3924 2275 3971; x_wconf 90' lang='lat' dir='ltr'><strong>sunt</strong></span> <span class='ocrx_word' id='word_1_574' title='bbox 2297 3917 2546 3974; x_wconf 90' lang='lat' dir='ltr'><strong>diabolus</strong></span> <span class='ocrx_word' id='word_1_575' title='bbox 2568 3924 2622 3972; x_wconf 88' lang='lat' dir='ltr'><strong>et</strong></span> <span class='ocrx_word' id='word_1_576' title='bbox 2653 3916 2829 3988; x_wconf 87' lang='lat' dir='ltr'><strong>angeli</strong></span> <span class='ocrx_word' id='word_1_577' title='bbox 2863 3915 3004 3986; x_wconf 89' lang='lat' dir='ltr'><strong>ejus,</strong></span> <span class='ocrx_word' id='word_1_578' title='bbox 3032 3914 3127 3985; x_wconf 92' lang='lat' dir='ltr'><strong>qui</strong></span> <span class='ocrx_word' id='word_1_579' title='bbox 3180 3923 3429 3969; x_wconf 90' lang='lat' dir='ltr'><strong>nostrum</strong></span> <span class='ocrx_word' id='word_1_580' title='bbox 3459 3926 3580 3966; x_wconf 90' lang='lat' dir='ltr'><strong>cum</strong></span> <span class='ocrx_word' id='word_1_581' title='bbox 3612 3926 3703 3964; x_wconf 91' lang='lat' dir='ltr'><strong>ra-</strong></span> 
     </span>
    </p>
   </div>
   <div class='ocr_carea' id='block_1_82' title="bbox 2148 4003 3704 4080">
    <p class='ocr_par' dir='ltr' id='par_1_82' title="bbox 2148 4003 3704 4080">
     <span class='ocr_line' id='line_1_82' title="bbox 2148 4003 3704 4080; baseline -0.003 -19"><span class='ocrx_word' id='word_1_582' title='bbox 2148 4009 2296 4064; x_wconf 89' lang='lat' dir='ltr'><strong>tione</strong></span> <span class='ocrx_word' id='word_1_583' title='bbox 2321 4010 2630 4080; x_wconf 85' lang='lat' dir='ltr'><strong>ingeniique</strong></span> <span class='ocrx_word' id='word_1_584' title='bbox 2659 4009 3074 4080; x_wconf 87' lang='lat' dir='ltr'><strong>perspicaeitate</strong></span> <span class='ocrx_word' id='word_1_585' title='bbox 3100 4006 3400 4076; x_wconf 80' lang='lat' dir='ltr'><strong>prudentiae</strong></span> <span class='ocrx_word' id='word_1_586' title='bbox 3450 4003 3704 4059; x_wconf 89' lang='lat' dir='ltr'><strong>decorem</strong></span> 
     </span>
    </p>
   </div>
   <div class='ocr_carea' id='block_1_83' title="bbox 2152 4095 3706 4171">
    <p class='ocr_par' dir='ltr' id='par_1_83' title="bbox 2152 4095 3706 4171">
     <span class='ocr_line' id='line_1_83' title="bbox 2152 4095 3706 4171; baseline -0.006 -15"><span class='ocrx_word' id='word_1_587' title='bbox 2152 4101 2463 4170; x_wconf 87' lang='lat' dir='ltr'><strong>polluereet</strong></span> <span class='ocrx_word' id='word_1_588' title='bbox 2490 4102 2778 4171; x_wconf 90' lang='lat' dir='ltr'><strong>inquinare</strong></span> <span class='ocrx_word' id='word_1_589' title='bbox 2821 4100 2907 4154; x_wconf 92' lang='lat' dir='ltr'><strong>sui</strong></span> <span class='ocrx_word' id='word_1_590' title='bbox 2960 4098 3334 4155; x_wconf 87' lang='lat' dir='ltr'><strong>commistione</strong></span> <span class='ocrx_word' id='word_1_591' title='bbox 3385 4095 3706 4150; x_wconf 86' lang='lat' dir='ltr'><strong>machinan-</strong></span> 
     </span>
    </p>
   </div>
   <div class='ocr_carea' id='block_1_84' title="bbox 2149 4189 3706 4264">
    <p class='ocr_par' dir='ltr' id='par_1_84' title="bbox 2149 4189 3706 4264">
     <span class='ocr_line' id='line_1_84' title="bbox 2149 4189 3706 4264; baseline -0.002 -19"><span class='ocrx_word' id='word_1_592' title='bbox 2149 4201 2253 4257; x_wconf 89' lang='lat' dir='ltr'><strong>tes,</strong></span> <span class='ocrx_word' id='word_1_593' title='bbox 2284 4208 2503 4249; x_wconf 92' lang='lat' dir='ltr'><strong>omnem</strong></span> <span class='ocrx_word' id='word_1_594' title='bbox 2525 4193 2637 4249; x_wconf 89' lang='lat' dir='ltr'><strong>Deo</strong></span> <span class='ocrx_word' id='word_1_595' title='bbox 2664 4192 3045 4264; x_wconf 89' lang='lat' dir='ltr'><strong>desponsatam</strong></span> <span class='ocrx_word' id='word_1_596' title='bbox 3081 4189 3317 4244; x_wconf 87' lang='lat' dir='ltr'><strong>animam</strong></span> <span class='ocrx_word' id='word_1_597' title='bbox 3348 4193 3706 4258; x_wconf 87' lang='lat' dir='ltr'><strong>constuprare</strong></span> 
     </span>
    </p>
   </div>
   <div class='ocr_carea' id='block_1_85' title="bbox 2144 4286 2484 4356">
    <p class='ocr_par' dir='ltr' id='par_1_85' title="bbox 2144 4286 2484 4356">
     <span class='ocr_line' id='line_1_85' title="bbox 2144 4286 2484 4356; baseline -0.006 -14"><span class='ocrx_word' id='word_1_598' title='bbox 2144 4286 2484 4356; x_wconf 87' lang='lat' dir='ltr'><strong>percupiunt.</strong></span> 
     </span>
    </p>
   </div>
   <div class='ocr_carea' id='block_1_86' title="bbox 1611 4391 2622 4470">
    <p class='ocr_par' dir='ltr' id='par_1_86' title="bbox 1611 4391 2622 4470">
     <span class='ocr_line' id='line_1_86' title="bbox 1611 4391 2622 4470; baseline 0.007 -23"><span class='ocrx_word' id='word_1_599' title='bbox 1611 4391 1736 4448; x_wconf 77' lang='lat' dir='ltr'><strong>CAP.</strong></span> <span class='ocrx_word' id='word_1_600' title='bbox 1764 4394 1826 4452; x_wconf 90' lang='lat' dir='ltr'><strong>ll.</strong></span> <span class='ocrx_word' id='word_1_601' title='bbox 1853 4395 2119 4452; x_wconf 85' lang='lat' dir='ltr'><strong>Parabola</strong></span> <span class='ocrx_word' id='word_1_602' title='bbox 2145 4397 2316 4452; x_wconf 87' lang='lat' dir='ltr'><strong>decem</strong></span> <span class='ocrx_word' id='word_1_603' title='bbox 2344 4399 2622 4470; x_wconf 82' lang='lat' dir='ltr'><strong>virginum.</strong></span> 
     </span>
    </p>
   </div>
   <div class='ocr_carea' id='block_1_87' title="bbox 564 4467 2049 4562">
    <p class='ocr_par' dir='ltr' id='par_1_87' title="bbox 564 4467 2045 4556">
     <span class='ocr_line' id='line_1_87' title="bbox 564 4467 2045 4556; baseline 0.016 -34"><span class='ocrx_word' id='word_1_604' title='bbox 564 4470 686 4524; x_wconf 81' lang='grc' dir='ltr'>Ἐἀν</span> <span class='ocrx_word' id='word_1_605' title='bbox 730 4467 822 4525; x_wconf 78' lang='grc' dir='ltr'>οὖν</span> <span class='ocrx_word' id='word_1_606' title='bbox 859 4473 1151 4544; x_wconf 86' lang='grc' dir='ltr'>ἀμόλυντον</span> <span class='ocrx_word' id='word_1_607' title='bbox 1179 4477 1337 4533; x_wconf 82' lang='grc' dir='ltr'>τοῦτο</span> <span class='ocrx_word' id='word_1_608' title='bbox 1367 4485 1588 4555; x_wconf 75' lang='grc' dir='ltr'>τηρήσει</span> <span class='ocrx_word' id='word_1_609' title='bbox 1617 4502 1700 4549; x_wconf 87' lang='grc' dir='ltr'><strong>τις</strong></span> <span class='ocrx_word' id='word_1_610' title='bbox 1746 4489 1805 4541; x_wconf 83' lang='grc' dir='ltr'>τὸ</span> <span class='ocrx_word' id='word_1_611' title='bbox 1853 4491 2045 4556; x_wconf 82' lang='grc' dir='ltr'>κάλλος</span> 
     </span>
    </p>
   </div>
   <div class='ocr_carea' id='block_1_88' title="bbox 2149 4467 3705 4562">
    <p class='ocr_par' dir='ltr' id='par_1_88' title="bbox 2220 4467 3705 4562">
     <span class='ocr_line' id='line_1_88' title="bbox 2220 4467 3705 4562; baseline -0.003 -16"><span class='ocrx_word' id='word_1_612' title='bbox 2220 4490 2275 4546; x_wconf 90' lang='lat' dir='ltr'><strong>Si</strong></span> <span class='ocrx_word' id='word_1_613' title='bbox 2295 4467 2440 4562; x_wconf 78' lang='lat' dir='ltr'><strong>ergo</strong></span> <span class='ocrx_word' id='word_1_614' title='bbox 2454 4492 2764 4548; x_wconf 85' lang='lat' dir='ltr'><strong>inviolatam</strong></span> <span class='ocrx_word' id='word_1_615' title='bbox 2799 4490 3068 4549; x_wconf 85' lang='lat' dir='ltr'><strong>custodiat</strong></span> <span class='ocrx_word' id='word_1_616' title='bbox 3088 4490 3210 4562; x_wconf 89' lang='lat' dir='ltr'><strong>quis</strong></span> <span class='ocrx_word' id='word_1_617' title='bbox 3237 4496 3290 4543; x_wconf 91' lang='lat' dir='ltr'><strong>ct</strong></span> <span class='ocrx_word' id='word_1_618' title='bbox 3312 4489 3531 4543; x_wconf 64' lang='lat' dir='ltr'><strong>illaesam</strong></span> <span class='ocrx_word' id='word_1_619' title='bbox 3562 4487 3705 4542; x_wconf 88' lang='lat' dir='ltr'><strong>hanc</strong></span> 
     </span>
    </p>
   </div>
   <div class='ocr_carea' id='block_1_89' title="bbox 482 4563 2042 4656">
    <p class='ocr_par' dir='ltr' id='par_1_89' title="bbox 482 4563 2042 4656">
     <span class='ocr_line' id='line_1_89' title="bbox 482 4563 2042 4656; baseline 0.015 -41"><span class='ocrx_word' id='word_1_620' title='bbox 482 4563 576 4616; x_wconf 78' lang='grc' dir='ltr'>καὶ</span> <span class='ocrx_word' id='word_1_621' title='bbox 625 4565 825 4628; x_wconf 81' lang='grc' dir='ltr'>ἀσινὲς,</span> <span class='ocrx_word' id='word_1_622' title='bbox 879 4567 972 4620; x_wconf 84' lang='grc' dir='ltr'>καὶ</span> <span class='ocrx_word' id='word_1_623' title='bbox 1009 4568 1268 4634; x_wconf 76' lang='grc' dir='ltr'>τοιοῦτον,</span> <span class='ocrx_word' id='word_1_624' title='bbox 1305 4573 1485 4627; x_wconf 86' lang='grc' dir='ltr'>ὁποῖον</span> <span class='ocrx_word' id='word_1_625' title='bbox 1523 4577 1683 4640; x_wconf 76' lang='grc' dir='ltr'>αὐτὸς</span> <span class='ocrx_word' id='word_1_626' title='bbox 1710 4580 1739 4632; x_wconf 83' lang='grc' dir='ltr'>ὁ</span> <span class='ocrx_word' id='word_1_627' title='bbox 1775 4585 2042 4656; x_wconf 77' lang='grc' dir='ltr'>συστησά-</span> 
     </span>
    </p>
   </div>
   <div class='ocr_carea' id='block_1_90' title="bbox 554 4678 1589 4755">
    <p class='ocr_par' dir='ltr' id='par_1_90' title="bbox 554 4678 1589 4755">
     <span class='ocr_line' id='line_1_90' title="bbox 554 4678 1589 4755; baseline 0.015 -25"><span class='ocrx_word' id='word_1_628' title='bbox 554 4681 599 4712; x_wconf 82' lang='grc'><strong>¹⁶</strong></span> <span class='ocrx_word' id='word_1_629' title='bbox 636 4678 924 4749; x_wconf 75' lang='lat' dir='ltr'><strong>Ephes.vr,</strong></span> <span class='ocrx_word' id='word_1_630' title='bbox 963 4682 1050 4739; x_wconf 70' lang='grc'><strong>12.</strong></span> <span class='ocrx_word' id='word_1_631' title='bbox 1129 4686 1170 4717; x_wconf 76' lang='grc'><strong>³⁷</strong></span> <span class='ocrx_word' id='word_1_632' title='bbox 1210 4686 1508 4755; x_wconf 84' lang='lat' dir='ltr'><strong>Jerem.m,</strong></span> <span class='ocrx_word' id='word_1_633' title='bbox 1535 4691 1589 4746; x_wconf 82' lang='grc'><strong>5.</strong></span> 
     </span>
    </p>
   </div>
   <div class='ocr_carea' id='block_1_91' title="bbox 483 4795 2045 4879">
    <p class='ocr_par' dir='ltr' id='par_1_91' title="bbox 483 4795 2045 4879">
     <span class='ocr_line' id='line_1_91' title="bbox 483 4795 2045 4879; baseline 0.01 -31"><span class='ocrx_word' id='word_1_634' title='bbox 483 4795 556 4848; x_wconf 78' lang='lat' dir='ltr'><strong>eti</strong></span> <span class='ocrx_word' id='word_1_635' title='bbox 587 4795 915 4879; x_wconf 63' lang='lat' dir='ltr'><strong>sacerdotio,</strong></span> <span class='ocrx_word' id='word_1_636' title='bbox 970 4815 1071 4854; x_wconf 90' lang='lat' dir='ltr'><strong>nec</strong></span> <span class='ocrx_word' id='word_1_637' title='bbox 1095 4802 1278 4857; x_wconf 90' lang='lat' dir='ltr'><strong>minus</strong></span> <span class='ocrx_word' id='word_1_638' title='bbox 1310 4804 1460 4879; x_wconf 79' lang='lat' dir='ltr'><strong>clero</strong></span> <span class='ocrx_word' id='word_1_639' title='bbox 1490 4806 1702 4877; x_wconf 90' lang='lat' dir='ltr'><strong>reliquo</strong></span> <span class='ocrx_word' id='word_1_640' title='bbox 1739 4807 2045 4879; x_wconf 78' lang='grc' dir='ltr'>ἱερατεύον-</span> 
     </span>
    </p>
   </div>
   <div class='ocr_carea' id='block_1_92' title="bbox 482 4874 2043 4952">
    <p class='ocr_par' dir='ltr' id='par_1_92' title="bbox 482 4874 2043 4952">
     <span class='ocr_line' id='line_1_92' title="bbox 482 4874 2043 4952; baseline 0.01 -35"><span class='ocrx_word' id='word_1_641' title='bbox 482 4883 597 4928; x_wconf 87' lang='grc' dir='ltr'>τες,</span> <span class='ocrx_word' id='word_1_642' title='bbox 629 4874 868 4952; x_wconf 73' lang='lat' dir='ltr'><strong>potiores</strong></span> <span class='ocrx_word' id='word_1_643' title='bbox 887 4874 956 4952; x_wconf 46' lang='lat' dir='ltr'><strong>&#39;in</strong></span> <span class='ocrx_word' id='word_1_644' title='bbox 988 4885 1053 4952; x_wconf 70' lang='lat' dir='ltr'><strong>eo</strong></span> <span class='ocrx_word' id='word_1_645' title='bbox 1083 4883 1267 4952; x_wconf 81' lang='lat' dir='ltr'><strong>partes</strong></span> <span class='ocrx_word' id='word_1_646' title='bbox 1306 4874 1588 4952; x_wconf 85' lang='lat' dir='ltr'><strong>_obtinent,</strong></span> <span class='ocrx_word' id='word_1_647' title='bbox 1612 4874 1767 4952; x_wconf 80' lang='lat' dir='ltr'><strong>quod</strong></span> <span class='ocrx_word' id='word_1_648' title='bbox 1790 4874 1844 4933; x_wconf 81' lang='lat' dir='ltr'><strong>et</strong></span> <span class='ocrx_word' id='word_1_649' title='bbox 1868 4880 2043 4952; x_wconf 86' lang='grc' dir='ltr'>ἀσκή-</span> 
     </span>
    </p>
   </div>
   <div class='ocr_carea' id='block_1_93' title="bbox 484 4937 2043 5019">
    <p class='ocr_par' dir='ltr' id='par_1_93' title="bbox 484 4937 2043 5019">
     <span class='ocr_line' id='line_1_93' title="bbox 484 4937 2043 5019; baseline 0.01 -31"><span class='ocrx_word' id='word_1_650' title='bbox 484 4953 566 5015; x_wconf 73' lang='grc' dir='ltr'><strong>σει</strong></span> <span class='ocrx_word' id='word_1_651' title='bbox 587 4937 845 5019; x_wconf 77' lang='lat' dir='ltr'><strong>cultuque</strong></span> <span class='ocrx_word' id='word_1_652' title='bbox 867 4937 1101 5019; x_wconf 41' lang='grc' dir='ltr'>’ἁγνείας</span> <span class='ocrx_word' id='word_1_653' title='bbox 1126 4943 1318 5010; x_wconf 90' lang='lat' dir='ltr'><strong>majori</strong></span> <span class='ocrx_word' id='word_1_654' title='bbox 1350 4937 1655 5014; x_wconf 47' lang='lat' dir='ltr'><strong>praestant,-</strong></span> <span class='ocrx_word' id='word_1_655' title='bbox 1673 4948 1828 5019; x_wconf 25' lang='lat' dir='ltr'><strong>ejus;</strong></span> <span class='ocrx_word' id='word_1_656' title='bbox 1850 4937 2043 5018; x_wconf 73' lang='lat' dir='ltr'><strong>sponte</strong></span> 
     </span>
    </p>
   </div>
   <div class='ocr_carea' id='block_1_94' title="bbox 482 5008 2038 5087">
    <p class='ocr_par' dir='ltr' id='par_1_94' title="bbox 482 5008 2038 5087">
     <span class='ocr_line' id='line_1_94' title="bbox 482 5008 2038 5087; baseline 0.011 -30"><span class='ocrx_word' id='word_1_657' title='bbox 482 5008 563 5058; x_wconf 87' lang='lat' dir='ltr'><strong>rei</strong></span> <span class='ocrx_word' id='word_1_658' title='bbox 595 5013 830 5087; x_wconf 76' lang='lat' dir='ltr'><strong>votoque</strong></span> <span class='ocrx_word' id='word_1_659' title='bbox 867 5008 1132 5087; x_wconf 73' lang='lat' dir='ltr'><strong>labiprum</strong></span> <span class='ocrx_word' id='word_1_660' title='bbox 1165 5008 1411 5087; x_wconf 71' lang='lat' dir='ltr'><strong>suorum,</strong></span> <span class='ocrx_word' id='word_1_661' title='bbox 1443 5031 1554 5070; x_wconf 90' lang='lat' dir='ltr'><strong>non</strong></span> <span class='ocrx_word' id='word_1_662' title='bbox 1607 5008 1754 5087; x_wconf 71' lang='lat' dir='ltr'><strong>quod</strong></span> <span class='ocrx_word' id='word_1_663' title='bbox 1790 5008 2038 5074; x_wconf 74' lang='lat' dir='ltr'><strong>Ecclesia</strong></span> 
     </span>
    </p>
   </div>
   <div class='ocr_carea' id='block_1_95' title="bbox 482 5079 2034 5157">
    <p class='ocr_par' dir='ltr' id='par_1_95' title="bbox 482 5079 2034 5157">
     <span class='ocr_line' id='line_1_95' title="bbox 482 5079 2034 5157; baseline 0.012 -29"><span class='ocrx_word' id='word_1_664' title='bbox 482 5079 864 5157; x_wconf 56' lang='lat' dir='ltr'><strong>necessitatem</strong></span> <span class='ocrx_word' id='word_1_665' title='bbox 877 5079 1309 5157; x_wconf 73' lang='lat' dir='ltr'><strong>ordinationibus</strong></span> <span class='ocrx_word' id='word_1_666' title='bbox 1310 5084 1438 5157; x_wconf 87' lang='lat' dir='ltr'><strong>_suis</strong></span> <span class='ocrx_word' id='word_1_667' title='bbox 1459 5079 1732 5157; x_wconf 77' lang='lat' dir='ltr'><strong>indixerit.</strong></span> <span class='ocrx_word' id='word_1_668' title='bbox 1745 5087 2034 5146; x_wconf 73' lang='lat' dir='ltr'><strong>Counnris.</strong></span> 
     </span>
    </p>
   </div>
   <div class='ocr_carea' id='block_1_96' title="bbox 555 5145 2037 5226">
    <p class='ocr_par' dir='ltr' id='par_1_96' title="bbox 555 5145 2037 5226">
     <span class='ocr_line' id='line_1_96' title="bbox 555 5145 2037 5226; baseline 0.011 -28"><span class='ocrx_word' id='word_1_669' title='bbox 555 5145 665 5214; x_wconf 83' lang='lat'><strong>(85)</strong></span> <span class='ocrx_word' id='word_1_670' title='bbox 682 5147 812 5214; x_wconf 80' lang='grc' dir='ltr'>Φῶς</span> <span class='ocrx_word' id='word_1_671' title='bbox 841 5149 910 5226; x_wconf 52' lang='grc' dir='ltr'><strong>ἐν</strong></span> <span class='ocrx_word' id='word_1_672' title='bbox 933 5149 1275 5226; x_wconf 56' lang='grc' dir='ltr'>ἀφράστως.</span> <span class='ocrx_word' id='word_1_673' title='bbox 1307 5151 1525 5226; x_wconf 83' lang='lat' dir='ltr'><strong>Praet-uli</strong></span> <span class='ocrx_word' id='word_1_674' title='bbox 1555 5171 1716 5226; x_wconf 89' lang='lat' dir='ltr'><strong>quam</strong></span> <span class='ocrx_word' id='word_1_675' title='bbox 1754 5145 2037 5214; x_wconf 87' lang='lat' dir='ltr'><strong>lectionem</strong></span> 
     </span>
    </p>
   </div>
   <div class='ocr_carea' id='block_1_97' title="bbox 480 5216 2038 5284">
    <p class='ocr_par' dir='ltr' id='par_1_97' title="bbox 480 5216 2038 5284">
     <span class='ocr_line' id='line_1_97' title="bbox 480 5216 2038 5284; baseline 0.008 -14"><span class='ocrx_word' id='word_1_676' title='bbox 480 5227 830 5284; x_wconf 70' lang='lat' dir='ltr'><strong>repraaSentat</strong></span> <span class='ocrx_word' id='word_1_677' title='bbox 850 5216 958 5273; x_wconf 89' lang='lat' dir='ltr'><strong>Leo</strong></span> <span class='ocrx_word' id='word_1_678' title='bbox 977 5216 1235 5284; x_wconf 30' lang='lat' dir='ltr'><strong>’Allatius,</strong></span> <span class='ocrx_word' id='word_1_679' title='bbox 1261 5224 1363 5278; x_wconf 90' lang='lat' dir='ltr'><strong>etsi</strong></span> <span class='ocrx_word' id='word_1_680' title='bbox 1393 5225 1440 5278; x_wconf 92' lang='lat' dir='ltr'><strong>is</strong></span> <span class='ocrx_word' id='word_1_681' title='bbox 1462 5226 1517 5278; x_wconf 93' lang='lat' dir='ltr'><strong>in</strong></span> <span class='ocrx_word' id='word_1_682' title='bbox 1539 5216 1790 5282; x_wconf 75' lang='lat' dir='ltr'><strong>versione</strong></span> <span class='ocrx_word' id='word_1_683' title='bbox 1813 5230 2038 5284; x_wconf 88' lang='lat' dir='ltr'><strong>alteram</strong></span> 
     </span>
    </p>
   </div>
   <div class='ocr_carea' id='block_1_98' title="bbox 482 5293 2041 5369">
    <p class='ocr_par' dir='ltr' id='par_1_98' title="bbox 482 5293 2041 5369">
     <span class='ocr_line' id='line_1_98' title="bbox 482 5293 2041 5369; baseline 0.01 -32"><span class='ocrx_word' id='word_1_684' title='bbox 482 5297 698 5369; x_wconf 71' lang='lat' dir='ltr'><strong>secutus</strong></span> <span class='ocrx_word' id='word_1_685' title='bbox 706 5296 811 5369; x_wconf 74' lang='lat' dir='ltr'><strong>est,</strong></span> <span class='ocrx_word' id='word_1_686' title='bbox 832 5304 993 5369; x_wconf 84' lang='lat' dir='ltr'><strong>quam</strong></span> <span class='ocrx_word' id='word_1_687' title='bbox 1013 5293 1281 5369; x_wconf 50' lang='lat' dir='ltr'><strong>cupressi}</strong></span> <span class='ocrx_word' id='word_1_688' title='bbox 1298 5293 1462 5348; x_wconf 89' lang='lat' dir='ltr'><strong>editio</strong></span> <span class='ocrx_word' id='word_1_689' title='bbox 1479 5295 1676 5369; x_wconf 82' lang='lat' dir='ltr'><strong>Lupar.</strong></span> <span class='ocrx_word' id='word_1_690' title='bbox 1699 5305 1950 5367; x_wconf 84' lang='lat' dir='ltr'><strong>tanquam</strong></span> <span class='ocrx_word' id='word_1_691' title='bbox 1975 5316 2041 5354; x_wconf 85' lang='lat' dir='ltr'><strong>ex</strong></span> 
     </span>
    </p>
   </div>
   <div class='ocr_carea' id='block_1_99' title="bbox 485 5353 2045 5433">
    <p class='ocr_par' dir='ltr' id='par_1_99' title="bbox 485 5353 2045 5433">
     <span class='ocr_line' id='line_1_99' title="bbox 485 5353 2045 5433; baseline 0.011 -26"><span class='ocrx_word' id='word_1_692' title='bbox 485 5353 626 5433; x_wconf 50' lang='grc' dir='ltr'>νειμ,</span> <span class='ocrx_word' id='word_1_693' title='bbox 661 5366 722 5410; x_wconf 92' lang='lat' dir='ltr'><strong>ut</strong></span> <span class='ocrx_word' id='word_1_694' title='bbox 744 5353 997 5433; x_wconf 84' lang='lat' dir='ltr'><strong>nimiru_m</strong></span> <span class='ocrx_word' id='word_1_695' title='bbox 1015 5353 1430 5433; x_wconf 65' lang='grc' dir='ltr'>τδάφράστοις</span> <span class='ocrx_word' id='word_1_696' title='bbox 1446 5366 1543 5418; x_wconf 80' lang='grc' dir='ltr'>καὶ</span> <span class='ocrx_word' id='word_1_697' title='bbox 1558 5353 1921 5433; x_wconf 61' lang='grc' dir='ltr'>ἃπροσίτῦις,</span> <span class='ocrx_word' id='word_1_698' title='bbox 1947 5353 2045 5424; x_wconf 86' lang='lat' dir='ltr'><strong>ab-</strong></span> 
     </span>
    </p>
   </div>
   <div class='ocr_carea' id='block_1_100' title="bbox 480 5426 2044 5504">
    <p class='ocr_par' dir='ltr' id='par_1_100' title="bbox 480 5426 2044 5504">
     <span class='ocr_line' id='line_1_100' title="bbox 480 5426 2044 5504; baseline 0.011 -29"><span class='ocrx_word' id='word_1_699' title='bbox 480 5426 653 5504; x_wconf 55' lang='lat' dir='ltr'><strong>solute</strong></span> <span class='ocrx_word' id='word_1_700' title='bbox 668 5436 918 5504; x_wconf 57' lang='lat' dir='ltr'><strong>ponatur:</strong></span> <span class='ocrx_word' id='word_1_701' title='bbox 935 5426 1280 5504; x_wconf 10' lang='lat' dir='ltr'><strong>lfalamgenim</strong></span> <span class='ocrx_word' id='word_1_702' title='bbox 1302 5426 1536 5504; x_wconf 78' lang='lat' dir='ltr'><strong>respexit</strong></span> <span class='ocrx_word' id='word_1_703' title='bbox 1555 5426 1856 5492; x_wconf 60' lang='lat' dir='ltr'><strong>Mclhodius</strong></span> <span class='ocrx_word' id='word_1_704' title='bbox 1877 5426 2044 5494; x_wconf 73' lang='lat' dir='ltr'><strong>illud!</strong></span> 
     </span>
    </p>
   </div>
   <div class='ocr_carea' id='block_1_101' title="bbox 483 5493 2044 5578">
    <p class='ocr_par' dir='ltr' id='par_1_101' title="bbox 483 5493 2044 5578">
     <span class='ocr_line' id='line_1_101' title="bbox 483 5493 2044 5578; baseline 0.01 -31"><span class='ocrx_word' id='word_1_705' title='bbox 483 5493 722 5578; x_wconf 77' lang='lat' dir='ltr'><strong>Tim._vr,</strong></span> <span class='ocrx_word' id='word_1_706' title='bbox 755 5497 822 5552; x_wconf 77' lang='grc'><strong>16</strong></span> <span class='ocrx_word' id='word_1_707' title='bbox 850 5499 1007 5578; x_wconf 27' lang='lat' dir='ltr'><strong>ius;</strong></span> <span class='ocrx_word' id='word_1_708' title='bbox 1027 5500 1188 5555; x_wconf 86' lang='grc' dir='ltr'>οἰκῶν</span> <span class='ocrx_word' id='word_1_709' title='bbox 1217 5493 1528 5578; x_wconf 69' lang='grc' dir='ltr'>ἀπρόσιτον,</span> <span class='ocrx_word' id='word_1_710' title='bbox 1553 5506 1656 5570; x_wconf 84' lang='lat' dir='ltr'><strong>Qui</strong></span> <span class='ocrx_word' id='word_1_711' title='bbox 1676 5507 1932 5578; x_wconf 63' lang='lat' dir='ltr'><strong>inhabitat</strong></span> <span class='ocrx_word' id='word_1_712' title='bbox 1963 5493 2044 5562; x_wconf 55' lang='lat' dir='ltr'><strong>ut-</strong></span> 
     </span>
    </p>
   </div>
   <div class='ocr_carea' id='block_1_102' title="bbox 476 5569 2038 5648">
    <p class='ocr_par' dir='ltr' id='par_1_102' title="bbox 476 5569 2038 5648">
     <span class='ocr_line' id='line_1_102' title="bbox 476 5569 2038 5648; baseline 0.012 -33"><span class='ocrx_word' id='word_1_713' title='bbox 476 5579 586 5648; x_wconf 59' lang='lat' dir='ltr'><strong>cem</strong></span> <span class='ocrx_word' id='word_1_714' title='bbox 617 5569 1060 5648; x_wconf 67' lang='lat' dir='ltr'><strong>inaccessibilem;</strong></span> <span class='ocrx_word' id='word_1_715' title='bbox 1100 5587 1259 5648; x_wconf 76' lang='lat' dir='ltr'><strong>quem</strong></span> <span class='ocrx_word' id='word_1_716' title='bbox 1298 5569 1352 5648; x_wconf 83' lang='lat' dir='ltr'><strong>is</strong></span> <span class='ocrx_word' id='word_1_717' title='bbox 1383 5569 1829 5648; x_wconf 17' lang='lat' dir='ltr'><strong>re_(_:te,uieamdem</strong></span> <span class='ocrx_word' id='word_1_718' title='bbox 1868 5579 2038 5648; x_wconf 87' lang='lat' dir='ltr'><strong>ipsam</strong></span> 
     </span>
    </p>
   </div>
   <div class='ocr_carea' id='block_1_103' title="bbox 479 5635 2040 5715">
    <p class='ocr_par' dir='ltr' id='par_1_103' title="bbox 479 5635 2040 5715">
     <span class='ocr_line' id='line_1_103' title="bbox 479 5635 2040 5715; baseline 0.012 -30"><span class='ocrx_word' id='word_1_719' title='bbox 479 5635 652 5715; x_wconf 65' lang='lat' dir='ltr'><strong>lucem</strong></span> <span class='ocrx_word' id='word_1_720' title='bbox 682 5637 1084 5715; x_wconf 85' lang='lat' dir='ltr'><strong>interpretatur,</strong></span> <span class='ocrx_word' id='word_1_721' title='bbox 1117 5635 1196 5695; x_wconf 75' lang='lat' dir='ltr'><strong>sic</strong></span> <span class='ocrx_word' id='word_1_722' title='bbox 1225 5643 1277 5695; x_wconf 90' lang='lat' dir='ltr'><strong>in</strong></span> <span class='ocrx_word' id='word_1_723' title='bbox 1327 5644 1688 5700; x_wconf 81' lang='lat' dir='ltr'><strong>ineﬂ&#39;abilibus</strong></span> <span class='ocrx_word' id='word_1_724' title='bbox 1714 5655 1766 5700; x_wconf 88' lang='lat' dir='ltr'><strong>et</strong></span> <span class='ocrx_word' id='word_1_725' title='bbox 1795 5635 2040 5703; x_wconf 75' lang='lat' dir='ltr'><strong>inacces-</strong></span> 
     </span>
    </p>
   </div>
   <div class='ocr_carea' id='block_1_104' title="bbox 479 5705 2034 5784">
    <p class='ocr_par' dir='ltr' id='par_1_104' title="bbox 479 5705 2034 5784">
     <span class='ocr_line' id='line_1_104' title="bbox 479 5705 2034 5784; baseline 0.011 -25"><span class='ocrx_word' id='word_1_726' title='bbox 479 5705 727 5764; x_wconf 76' lang='lat' dir='ltr'><strong>sibilibus</strong></span> <span class='ocrx_word' id='word_1_727' title='bbox 750 5705 1146 5779; x_wconf 84' lang='lat' dir='ltr'><strong>quiescentem;</strong></span> <span class='ocrx_word' id='word_1_728' title='bbox 1183 5729 1289 5768; x_wconf 87' lang='lat' dir='ltr'><strong>non</strong></span> <span class='ocrx_word' id='word_1_729' title='bbox 1312 5715 1690 5784; x_wconf 75' lang='lat' dir='ltr'><strong>potestatibus,</strong></span> <span class='ocrx_word' id='word_1_730' title='bbox 1720 5719 1814 5774; x_wconf 88' lang='lat' dir='ltr'><strong>sed</strong></span> <span class='ocrx_word' id='word_1_731' title='bbox 1836 5719 2034 5776; x_wconf 76' lang='lat' dir='ltr'><strong>divinis</strong></span> 
     </span>
    </p>
   </div>
   <div class='ocr_carea' id='block_1_105' title="bbox 2145 4581 3703 4658">
    <p class='ocr_par' dir='ltr' id='par_1_105' title="bbox 2145 4581 3703 4658">
     <span class='ocr_line' id='line_1_105' title="bbox 2145 4581 3703 4658; baseline -0.004 -16"><span class='ocrx_word' id='word_1_732' title='bbox 2145 4588 2622 4658; x_wconf 86' lang='lat' dir='ltr'><strong>pulchritudinem,</strong></span> <span class='ocrx_word' id='word_1_733' title='bbox 2669 4587 2892 4643; x_wconf 90' lang='lat' dir='ltr'><strong>omnino</strong></span> <span class='ocrx_word' id='word_1_734' title='bbox 2954 4587 3117 4644; x_wconf 88' lang='lat' dir='ltr'><strong>talem</strong></span> <span class='ocrx_word' id='word_1_735' title='bbox 3167 4584 3382 4656; x_wconf 89' lang='lat' dir='ltr'><strong>qualem</strong></span> <span class='ocrx_word' id='word_1_736' title='bbox 3439 4583 3554 4655; x_wconf 91' lang='lat' dir='ltr'><strong>ipse</strong></span> <span class='ocrx_word' id='word_1_737' title='bbox 3611 4581 3703 4656; x_wconf 91' lang='lat' dir='ltr'><strong>qui</strong></span> 
     </span>
    </p>
   </div>
   <div class='ocr_carea' id='block_1_106' title="bbox 2147 4812 3702 4884">
    <p class='ocr_par' dir='ltr' id='par_1_106' title="bbox 2147 4812 3702 4884">
     <span class='ocr_line' id='line_1_106' title="bbox 2147 4812 3702 4884; baseline 0.002 -19"><span class='ocrx_word' id='word_1_738' title='bbox 2147 4812 2262 4867; x_wconf 90' lang='lat' dir='ltr'><strong>suis</strong></span> <span class='ocrx_word' id='word_1_739' title='bbox 2285 4814 2442 4869; x_wconf 91' lang='lat' dir='ltr'><strong>bonis</strong></span> <span class='ocrx_word' id='word_1_740' title='bbox 2465 4829 2529 4868; x_wconf 91' lang='lat' dir='ltr'><strong>ac</strong></span> <span class='ocrx_word' id='word_1_741' title='bbox 2558 4814 2776 4869; x_wconf 90' lang='lat' dir='ltr'><strong>dotibus</strong></span> <span class='ocrx_word' id='word_1_742' title='bbox 2798 4813 2921 4883; x_wconf 81' lang='lat' dir='ltr'><strong>;.qui</strong></span> <span class='ocrx_word' id='word_1_743' title='bbox 2956 4815 3240 4884; x_wconf 89' lang='lat' dir='ltr'><strong>potestatis</strong></span> <span class='ocrx_word' id='word_1_744' title='bbox 3270 4812 3702 4884; x_wconf 89' lang='lat' dir='ltr'><strong>abundantia_sic</strong></span> 
     </span>
    </p>
   </div>
   <div class='ocr_carea' id='block_1_107' title="bbox 2145 4882 3702 4956">
    <p class='ocr_par' dir='ltr' id='par_1_107' title="bbox 2145 4882 3702 4956">
     <span class='ocr_line' id='line_1_107' title="bbox 2145 4882 3702 4956; baseline 0.002 -22"><span class='ocrx_word' id='word_1_745' title='bbox 2145 4883 2354 4938; x_wconf 89' lang='lat' dir='ltr'><strong>animas</strong></span> <span class='ocrx_word' id='word_1_746' title='bbox 2384 4885 2450 4937; x_wconf 87' lang='lat' dir='ltr'><strong>ad</strong></span> <span class='ocrx_word' id='word_1_747' title='bbox 2485 4884 2735 4954; x_wconf 88' lang='lat' dir='ltr'><strong>imaginis</strong></span> <span class='ocrx_word' id='word_1_748' title='bbox 2781 4882 2891 4939; x_wconf 72' lang='lat' dir='ltr'><strong>sua:</strong></span> <span class='ocrx_word' id='word_1_749' title='bbox 2926 4882 3210 4956; x_wconf 78' lang='lat' dir='ltr'><strong>imaginem</strong></span> <span class='ocrx_word' id='word_1_750' title='bbox 3243 4884 3562 4956; x_wconf 76' lang='lat' dir='ltr'><strong>condiderit.</strong></span> <span class='ocrx_word' id='word_1_751' title='bbox 3599 4882 3702 4948; x_wconf 87' lang='lat' dir='ltr'><strong>Qui</strong></span> 
     </span>
    </p>
   </div>
   <div class='ocr_carea' id='block_1_108' title="bbox 2145 4953 3699 5022">
    <p class='ocr_par' dir='ltr' id='par_1_108' title="bbox 2145 4953 3699 5022">
     <span class='ocr_line' id='line_1_108' title="bbox 2145 4953 3699 5022; baseline 0.001 -17"><span class='ocrx_word' id='word_1_752' title='bbox 2145 4967 2286 5006; x_wconf 88' lang='lat' dir='ltr'><strong>unus</strong></span> <span class='ocrx_word' id='word_1_753' title='bbox 2337 4969 2529 5008; x_wconf 89' lang='lat' dir='ltr'><strong>sensus</strong></span> <span class='ocrx_word' id='word_1_754' title='bbox 2570 4962 2832 5022; x_wconf 78' lang='lat' dir='ltr'><strong>angdstus</strong></span> <span class='ocrx_word' id='word_1_755' title='bbox 2887 4963 2990 5016; x_wconf 91' lang='lat' dir='ltr'><strong>est,</strong></span> <span class='ocrx_word' id='word_1_756' title='bbox 3043 4953 3105 5010; x_wconf 82' lang='lat' dir='ltr'><strong>ac</strong></span> <span class='ocrx_word' id='word_1_757' title='bbox 3141 4953 3412 5008; x_wconf 81' lang='lat' dir='ltr'><strong>Methodio</strong></span> <span class='ocrx_word' id='word_1_758' title='bbox 3457 4953 3654 5022; x_wconf 85' lang='lat' dir='ltr'><strong>dignus</strong></span> <span class='ocrx_word' id='word_1_759' title='bbox 3682 4972 3699 5007; x_wconf 87' lang='lat'><strong>;</strong></span> 
     </span>
    </p>
   </div>
   <div class='ocr_carea' id='block_1_109' title="bbox 2144 5023 3703 5093">
    <p class='ocr_par' dir='ltr' id='par_1_109' title="bbox 2144 5023 3703 5093">
     <span class='ocr_line' id='line_1_109' title="bbox 2144 5023 3703 5093; baseline 0.001 -20"><span class='ocrx_word' id='word_1_760' title='bbox 2144 5023 2281 5075; x_wconf 92' lang='lat' dir='ltr'><strong>alter</strong></span> <span class='ocrx_word' id='word_1_761' title='bbox 2311 5025 2463 5078; x_wconf 90' lang='lat' dir='ltr'><strong>valde</strong></span> <span class='ocrx_word' id='word_1_762' title='bbox 2493 5025 2761 5093; x_wconf 90' lang='lat' dir='ltr'><strong>insipidus</strong></span> <span class='ocrx_word' id='word_1_763' title='bbox 2788 5033 2842 5080; x_wconf 88' lang='lat' dir='ltr'><strong>et</strong></span> <span class='ocrx_word' id='word_1_764' title='bbox 2869 5026 3100 5079; x_wconf 87' lang='lat' dir='ltr'><strong>alienus.</strong></span> <span class='ocrx_word' id='word_1_765' title='bbox 3126 5023 3297 5078; x_wconf 90' lang='lat' dir='ltr'><strong>Porro</strong></span> <span class='ocrx_word' id='word_1_766' title='bbox 3331 5023 3474 5093; x_wconf 93' lang='lat' dir='ltr'><strong>quod</strong></span> <span class='ocrx_word' id='word_1_767' title='bbox 3509 5023 3703 5091; x_wconf 84' lang='lat' dir='ltr'><strong>imagi-</strong></span> 
     </span>
    </p>
   </div>
   <div class='ocr_carea' id='block_1_110' title="bbox 2141 5093 3703 5162">
    <p class='ocr_par' dir='ltr' id='par_1_110' title="bbox 2141 5093 3703 5162">
     <span class='ocr_line' id='line_1_110' title="bbox 2141 5093 3703 5162; baseline 0 -18"><span class='ocrx_word' id='word_1_768' title='bbox 2141 5093 2229 5146; x_wconf 91' lang='lat' dir='ltr'><strong>nis</strong></span> <span class='ocrx_word' id='word_1_769' title='bbox 2260 5093 2544 5162; x_wconf 83' lang='lat' dir='ltr'><strong>imaginem</strong></span> <span class='ocrx_word' id='word_1_770' title='bbox 2577 5095 2709 5149; x_wconf 89' lang='lat' dir='ltr'><strong>dicit</strong></span> <span class='ocrx_word' id='word_1_771' title='bbox 2758 5103 2970 5150; x_wconf 86' lang='lat' dir='ltr'><strong>creatas</strong></span> <span class='ocrx_word' id='word_1_772' title='bbox 2990 5096 3221 5160; x_wconf 89' lang='lat' dir='ltr'><strong>animas,</strong></span> <span class='ocrx_word' id='word_1_773' title='bbox 3284 5093 3703 5162; x_wconf 84' lang='lat' dir='ltr'><strong>secundum_ap-</strong></span> 
     </span>
    </p>
   </div>
   <div class='ocr_carea' id='block_1_111' title="bbox 2145 5160 3702 5242">
    <p class='ocr_par' dir='ltr' id='par_1_111' title="bbox 2145 5160 3702 5242">
     <span class='ocr_line' id='line_1_111' title="bbox 2145 5160 3702 5242; baseline 0.001 -28"><span class='ocrx_word' id='word_1_774' title='bbox 2145 5160 2564 5242; x_wconf 73' lang='lat' dir='ltr'><strong>propriationem</strong></span> <span class='ocrx_word' id='word_1_775' title='bbox 2592 5166 2753 5242; x_wconf 74' lang='lat' dir='ltr'><strong>debet</strong></span> <span class='ocrx_word' id='word_1_776' title='bbox 2779 5166 3027 5242; x_wconf 77' lang='lat' dir='ltr'><strong>intelligi,</strong></span> <span class='ocrx_word' id='word_1_777' title='bbox 3059 5172 3112 5218; x_wconf 87' lang='lat' dir='ltr'><strong>et</strong></span> <span class='ocrx_word' id='word_1_778' title='bbox 3157 5167 3299 5234; x_wconf 89' lang='lat' dir='ltr'><strong>quod</strong></span> <span class='ocrx_word' id='word_1_779' title='bbox 3330 5164 3504 5242; x_wconf 83' lang='lat' dir='ltr'><strong>imago</strong></span> <span class='ocrx_word' id='word_1_780' title='bbox 3566 5160 3702 5242; x_wconf 74' lang='lat' dir='ltr'><strong>Filio</strong></span> 
     </span>
    </p>
   </div>
   <div class='ocr_carea' id='block_1_112' title="bbox 2145 5232 3702 5303">
    <p class='ocr_par' dir='ltr' id='par_1_112' title="bbox 2145 5232 3702 5303">
     <span class='ocr_line' id='line_1_112' title="bbox 2145 5232 3702 5303; baseline 0.001 -19"><span class='ocrx_word' id='word_1_781' title='bbox 2145 5232 2417 5303; x_wconf 77' lang='lat' dir='ltr'><strong>tribuatur</strong></span> <span class='ocrx_word' id='word_1_782' title='bbox 2442 5250 2507 5288; x_wconf 84' lang='lat' dir='ltr'><strong>ex</strong></span> <span class='ocrx_word' id='word_1_783' title='bbox 2539 5236 2755 5303; x_wconf 84' lang='lat' dir='ltr'><strong>speciali</strong></span> <span class='ocrx_word' id='word_1_784' title='bbox 2775 5232 2982 5290; x_wconf 80' lang='lat' dir='ltr'><strong>ratione</strong></span> <span class='ocrx_word' id='word_1_785' title='bbox 3003 5248 3113 5289; x_wconf 63' lang='lat' dir='ltr'><strong>suae</strong></span> <span class='ocrx_word' id='word_1_786' title='bbox 3138 5232 3523 5303; x_wconf 84' lang='lat' dir='ltr'><strong>processionis,</strong></span> <span class='ocrx_word' id='word_1_787' title='bbox 3559 5233 3702 5301; x_wconf 90' lang='lat' dir='ltr'><strong>quod</strong></span> 
     </span>
    </p>
   </div>
   <div class='ocr_carea' id='block_1_113' title="bbox 2149 5301 3701 5372">
    <p class='ocr_par' dir='ltr' id='par_1_113' title="bbox 2149 5301 3701 5372">
     <span class='ocr_line' id='line_1_113' title="bbox 2149 5301 3701 5372; baseline 0.001 -16"><span class='ocrx_word' id='word_1_788' title='bbox 2149 5301 2221 5372; x_wconf 87' lang='lat' dir='ltr'><strong>sit</strong></span> <span class='ocrx_word' id='word_1_789' title='bbox 2275 5301 2452 5358; x_wconf 86' lang='lat' dir='ltr'><strong>Patris</strong></span> <span class='ocrx_word' id='word_1_790' title='bbox 2511 5301 2770 5366; x_wconf 83' lang='lat' dir='ltr'><strong>Vérbum,</strong></span> <span class='ocrx_word' id='word_1_791' title='bbox 2806 5313 2860 5358; x_wconf 88' lang='lat' dir='ltr'><strong>et</strong></span> <span class='ocrx_word' id='word_1_792' title='bbox 2889 5301 3154 5372; x_wconf 76' lang='lat' dir='ltr'><strong>expressa</strong></span> <span class='ocrx_word' id='word_1_793' title='bbox 3178 5302 3326 5372; x_wconf 89' lang='lat' dir='ltr'><strong>illius</strong></span> <span class='ocrx_word' id='word_1_794' title='bbox 3379 5302 3701 5357; x_wconf 88' lang='lat' dir='ltr'><strong>similitudo.</strong></span> 
     </span>
    </p>
   </div>
   <div class='ocr_carea' id='block_1_114' title="bbox 2153 5371 3701 5434">
    <p class='ocr_par' dir='ltr' id='par_1_114' title="bbox 2153 5371 3701 5434">
     <span class='ocr_line' id='line_1_114' title="bbox 2153 5371 3701 5434; baseline 0.003 -10"><span class='ocrx_word' id='word_1_795' title='bbox 2153 5371 2417 5426; x_wconf 64' lang='lat' dir='ltr'><strong>therum</strong></span> <span class='ocrx_word' id='word_1_796' title='bbox 2480 5383 2538 5427; x_wconf 87' lang='lat' dir='ltr'><strong>ut</strong></span> <span class='ocrx_word' id='word_1_797' title='bbox 2567 5391 2673 5429; x_wconf 89' lang='lat' dir='ltr'><strong>non</strong></span> <span class='ocrx_word' id='word_1_798' title='bbox 2704 5383 2851 5429; x_wconf 87' lang='lat' dir='ltr'><strong>creat</strong></span> <span class='ocrx_word' id='word_1_799' title='bbox 2899 5371 3058 5427; x_wconf 84' lang='lat' dir='ltr'><strong>Pater</strong></span> <span class='ocrx_word' id='word_1_800' title='bbox 3095 5381 3153 5425; x_wconf 93' lang='lat' dir='ltr'><strong>ut</strong></span> <span class='ocrx_word' id='word_1_801' title='bbox 3199 5371 3376 5434; x_wconf 88' lang='lat' dir='ltr'><strong>Pater,</strong></span> <span class='ocrx_word' id='word_1_802' title='bbox 3434 5374 3528 5428; x_wconf 91' lang='lat' dir='ltr'><strong>sed</strong></span> <span class='ocrx_word' id='word_1_803' title='bbox 3561 5389 3701 5428; x_wconf 77' lang='lat' dir='ltr'><strong>unus</strong></span> 
     </span>
    </p>
   </div>
   <div class='ocr_carea' id='block_1_115' title="bbox 2152 5441 3704 5513">
    <p class='ocr_par' dir='ltr' id='par_1_115' title="bbox 2152 5441 3704 5513">
     <span class='ocr_line' id='line_1_115' title="bbox 2152 5441 3704 5513; baseline 0 -18"><span class='ocrx_word' id='word_1_804' title='bbox 2152 5441 2266 5513; x_wconf 88' lang='lat' dir='ltr'><strong>i_pse</strong></span> <span class='ocrx_word' id='word_1_805' title='bbox 2291 5441 2454 5504; x_wconf 89' lang='lat' dir='ltr'><strong>Deus,</strong></span> <span class='ocrx_word' id='word_1_806' title='bbox 2483 5458 2606 5497; x_wconf 86' lang='lat' dir='ltr'><strong>eum</strong></span> <span class='ocrx_word' id='word_1_807' title='bbox 2639 5444 2777 5498; x_wconf 86' lang='lat' dir='ltr'><strong>Filio</strong></span> <span class='ocrx_word' id='word_1_808' title='bbox 2809 5460 2871 5497; x_wconf 92' lang='lat' dir='ltr'><strong>ac</strong></span> <span class='ocrx_word' id='word_1_809' title='bbox 2905 5442 3107 5511; x_wconf 88' lang='lat' dir='ltr'><strong>Spiritu</strong></span> <span class='ocrx_word' id='word_1_810' title='bbox 3143 5451 3330 5498; x_wconf 91' lang='lat' dir='ltr'><strong>sancto</strong></span> <span class='ocrx_word' id='word_1_811' title='bbox 3353 5442 3429 5513; x_wconf 92' lang='lat' dir='ltr'><strong>(id</strong></span> <span class='ocrx_word' id='word_1_812' title='bbox 3453 5442 3704 5513; x_wconf 81' lang='lat' dir='ltr'><strong>estbeata</strong></span> 
     </span>
    </p>
   </div>
   <div class='ocr_carea' id='block_1_116' title="bbox 2150 5511 3702 5584">
    <p class='ocr_par' dir='ltr' id='par_1_116' title="bbox 2150 5511 3702 5584">
     <span class='ocr_line' id='line_1_116' title="bbox 2150 5511 3702 5584; baseline 0.001 -19"><span class='ocrx_word' id='word_1_813' title='bbox 2150 5511 2408 5584; x_wconf 73' lang='lat' dir='ltr'><strong>Trinitas)</strong></span> <span class='ocrx_word' id='word_1_814' title='bbox 2447 5528 2581 5584; x_wconf 10' lang='lat' dir='ltr'><strong>una?</strong></span> <span class='ocrx_word' id='word_1_815' title='bbox 2608 5516 2802 5584; x_wconf 77' lang='lat' dir='ltr'><strong>virtus,</strong></span> <span class='ocrx_word' id='word_1_816' title='bbox 2844 5529 2973 5584; x_wconf 86' lang='lat' dir='ltr'><strong>_una</strong></span> <span class='ocrx_word' id='word_1_817' title='bbox 3007 5519 3286 5581; x_wconf 88' lang='lat' dir='ltr'><strong>potestas;</strong></span> <span class='ocrx_word' id='word_1_818' title='bbox 3320 5511 3417 5584; x_wconf 12' lang='lat' dir='ltr'><strong>sic;</strong></span> <span class='ocrx_word' id='word_1_819' title='bbox 3432 5529 3604 5582; x_wconf 86' lang='lat' dir='ltr'><strong>neque</strong></span> <span class='ocrx_word' id='word_1_820' title='bbox 3635 5511 3702 5566; x_wconf 87' lang='lat' dir='ltr'><strong>ad</strong></span> 
     </span>
    </p>
   </div>
   <div class='ocr_carea' id='block_1_117' title="bbox 2146 5582 3700 5652">
    <p class='ocr_par' dir='ltr' id='par_1_117' title="bbox 2146 5582 3700 5652">
     <span class='ocr_line' id='line_1_117' title="bbox 2146 5582 3700 5652; baseline 0 -18"><span class='ocrx_word' id='word_1_821' title='bbox 2146 5582 2430 5652; x_wconf 81' lang='lat' dir='ltr'><strong>imaginem</strong></span> <span class='ocrx_word' id='word_1_822' title='bbox 2466 5582 2623 5638; x_wconf 87' lang='lat' dir='ltr'><strong>Verbi</strong></span> <span class='ocrx_word' id='word_1_823' title='bbox 2649 5591 2708 5636; x_wconf 92' lang='lat' dir='ltr'><strong>ut</strong></span> <span class='ocrx_word' id='word_1_824' title='bbox 2738 5582 2970 5636; x_wconf 82' lang='lat' dir='ltr'><strong>Verbum</strong></span> <span class='ocrx_word' id='word_1_825' title='bbox 3003 5591 3105 5644; x_wconf 91' lang='lat' dir='ltr'><strong>est,</strong></span> <span class='ocrx_word' id='word_1_826' title='bbox 3128 5592 3298 5640; x_wconf 84' lang='lat' dir='ltr'><strong>creat.</strong></span> <span class='ocrx_word' id='word_1_827' title='bbox 3329 5582 3423 5638; x_wconf 85' lang='lat' dir='ltr'><strong>sed</strong></span> <span class='ocrx_word' id='word_1_828' title='bbox 3453 5585 3516 5639; x_wconf 88' lang='lat' dir='ltr'><strong>ad</strong></span> <span class='ocrx_word' id='word_1_829' title='bbox 3547 5597 3700 5639; x_wconf 83' lang='lat' dir='ltr'><strong>suam</strong></span> 
     </span>
    </p>
   </div>
   <div class='ocr_carea' id='block_1_118' title="bbox 2144 5652 3702 5723">
    <p class='ocr_par' dir='ltr' id='par_1_118' title="bbox 2144 5652 3702 5723">
     <span class='ocr_line' id='line_1_118' title="bbox 2144 5652 3702 5723; baseline -0.001 -17"><span class='ocrx_word' id='word_1_830' title='bbox 2144 5652 2261 5723; x_wconf 83' lang='lat' dir='ltr'><strong>ipse</strong></span> <span class='ocrx_word' id='word_1_831' title='bbox 2293 5661 2351 5723; x_wconf 84' lang='lat' dir='ltr'><strong>ut</strong></span> <span class='ocrx_word' id='word_1_832' title='bbox 2382 5652 2524 5707; x_wconf 88' lang='lat' dir='ltr'><strong>Deus</strong></span> <span class='ocrx_word' id='word_1_833' title='bbox 2555 5668 2696 5706; x_wconf 92' lang='lat' dir='ltr'><strong>unus</strong></span> <span class='ocrx_word' id='word_1_834' title='bbox 2751 5659 2855 5723; x_wconf 75' lang='lat' dir='ltr'><strong>est,</strong></span> <span class='ocrx_word' id='word_1_835' title='bbox 2893 5667 3141 5723; x_wconf 88' lang='lat' dir='ltr'><strong>unusque</strong></span> <span class='ocrx_word' id='word_1_836' title='bbox 3178 5669 3301 5708; x_wconf 86' lang='lat' dir='ltr'><strong>cum</strong></span> <span class='ocrx_word' id='word_1_837' title='bbox 3331 5652 3467 5709; x_wconf 72' lang='lat' dir='ltr'><strong>Filio</strong></span> <span class='ocrx_word' id='word_1_838' title='bbox 3493 5661 3542 5709; x_wconf 75' lang='lat' dir='ltr'><strong>et</strong></span> <span class='ocrx_word' id='word_1_839' title='bbox 3567 5652 3702 5706; x_wconf 73' lang='lat' dir='ltr'><strong>Ver-</strong></span> 
     </span>
    </p>
   </div>
   <div class='ocr_carea' id='block_1_119' title="bbox 2141 5721 2886 5790">
    <p class='ocr_par' dir='ltr' id='par_1_119' title="bbox 2141 5721 2886 5790">
     <span class='ocr_line' id='line_1_119' title="bbox 2141 5721 2886 5790; baseline -0.005 -11"><span class='ocrx_word' id='word_1_840' title='bbox 2141 5721 2209 5779; x_wconf 84' lang='lat' dir='ltr'><strong>bo</strong></span> <span class='ocrx_word' id='word_1_841' title='bbox 2230 5737 2291 5778; x_wconf 85' lang='lat' dir='ltr'><strong>ac</strong></span> <span class='ocrx_word' id='word_1_842' title='bbox 2324 5721 2527 5790; x_wconf 90' lang='lat' dir='ltr'><strong>Spiritu</strong></span> <span class='ocrx_word' id='word_1_843' title='bbox 2553 5733 2780 5779; x_wconf 87' lang='lat' dir='ltr'><strong>creator.</strong></span> <span class='ocrx_word' id='word_1_844' title='bbox 2813 5721 2886 5776; x_wconf 82' lang='lat' dir='ltr'><strong>In.</strong></span> 
     </span>
    </p>
   </div>
  </div>
