4140 6430
459 302 562 358 115

1435 301 1494 359 S.
1536 303 1861 362 METHODII
1902 303 2204 360 EPISCOPI
2247 303 2334 360 ET
2376 303 2732 360 MARTYRIS

3577 304 3678 360 ΗΒ

456 424 702 480 condidit
722 423 1020 494 pinxitque,
1039 436 1157 477 eam
1189 421 1393 478 elﬁnxit
1420 441 1485 479 ac
1514 426 1834 493 eﬂ’ormavit,
1853 437 1999 482 aeter-

2117 445 2273 498 μενος
2329 428 2459 481 αὐτὸ
2510 429 2604 481 καὶ
2637 427 3000 498 ζωγραφήσας
3045 426 3392 488 ἂπετύπωσε,
3428 423 3527 496 τὴν
3553 427 3678 478 αἰώ-

456 530 583 569 nam
647 517 888 569 imitatus
925 521 1175 568 naturam
1208 525 1261 570 et
1295 516 1686 588 intelligibilem
1718 560 1732 584 ,
1766 520 1924 589 cujus
1953 529 2008 575 et

455 606 619 660 homo
642 605 920 658 character
941 613 1022 658 est
1043 619 1407 676 expressaque
1427 605 1646 676 efﬁgies,
1667 607 1840 662 factus
1865 609 2010 662 velut

455 694 802 748 simulacrum
827 695 1289 765 elegantissimum
1318 707 1374 773 et
1394 713 1610 752 sacrum
1634 717 1647 753 :
1674 700 1801 754 hinc
1829 708 2008 755 trans-

456 786 595 839 latus
626 785 679 838 in
714 785 996 841 beatorum
1021 789 1321 853 civitatem,
1356 790 1406 844 in
1425 791 1587 843 cmlos
1608 791 1836 856 scilicet,
1862 792 2009 846 velut

452 877 506 929 in
535 878 736 946 templo
767 879 1145 934 collocabitur.
1173 879 1606 936 lncontaminata
1634 898 1797 953 porro
1819 892 2006 939 nostra

451 971 798 1038 pulchritudo
823 981 952 1028 tunc
997 975 1199 1045 optime
1233 984 1480 1032 servatur
1506 987 1560 1033 et
1581 994 1791 1046 secure,
1822 995 1944 1033 cum
1975 994 2006 1033 a

447 1062 759 1132 virginitate
788 1071 1049 1133 protecta,
1087 1067 1342 1121 exteriori
1376 1070 1741 1139 corruptionis
1772 1070 2006 1124 gestuin-

449 1151 661 1206 fuscata
689 1169 795 1208 non
828 1154 1030 1222 fuerit;
1061 1157 1153 1211 sed
1185 1157 1300 1226 ipsa
1337 1158 1390 1212 in
1423 1174 1480 1213 se
1507 1160 1621 1229 ipsa
1655 1176 2002 1230 permanens,

448 1253 643 1299 ornatu
661 1247 888 1315 justitia:
917 1258 1150 1318 compta,
1181 1249 1236 1302 in
1266 1265 1520 1319 sponsam
1540 1249 1676 1304 Filio
1697 1250 1788 1306 Dei
1819 1267 2006 1308 acces-

447 1338 602 1400 serit,
625 1339 1078 1408 quemadmodum
1099 1341 1214 1411 ipse
1233 1343 1492 1407 insinuat,
1519 1343 1818 1399 admonens
1842 1359 2005 1414 opor-

446 1435 561 1483 tere
596 1429 650 1483 in
683 1433 884 1487 nosuis
909 1434 1251 1502 corporibus,
1277 1435 1421 1489 velut
1447 1435 1500 1488 in
1527 1435 1889 1505 lampadibus,
1917 1436 2005 1490 lu-

445 1535 570 1574 men
589 1523 860 1578 castitatis
890 1525 1131 1579 accendi.
1165 1525 1442 1596 Siquidem
1471 1527 1715 1581 u'decem
1733 1529 2003 1598 virginum

443 1627 726 1676 numerus,
759 1615 971 1672 animas
1006 1617 1172 1672 refert
1203 1617 1488 1673 credentes
1519 1619 1572 1672 in
1603 1619 1880 1674 Christum
1909 1619 2003 1674 Je-

442 1714 593 1761 snm;
634 1703 839 1760 denarii
869 1715 1018 1773 nota,
1055 1717 1256 1763 rectam
1291 1712 1344 1764 in
1397 1709 1554 1765 caelis
1578 1711 1718 1764 viam
1747 1728 1868 1782 quae
1897 1727 2005 1766 una

2108 536 2218 571 νιον
2253 519 2741 591 ἀπομιμησάμενος
2771 518 2928 587 φύσιν
2967 517 3059 571 καὶ
3093 517 3287 587 νοητὴν
3316 517 3446 586 (86),
3485 513 3553 588 ἧς
3583 519 3676 570 καὶ

2109 613 2390 682 χαρακτήρ
2417 613 2560 664 ἐστιν
2592 613 2620 664 δ
2651 611 2932 681 ἄνθρωπος
2971 611 3064 663 καὶ
3102 609 3482 678 ἀπεικόνισμα,
3518 625 3679 678 γεγο-

2107 701 2212 766 νὼς
2249 698 2359 757 οἷον
2403 704 2623 774 ἄγαλμά
2649 721 2701 756 τι
2739 701 3221 773 περικαλλέστατον
3256 702 3346 754 καὶ
3378 701 3556 771 ίερὸνσ
3597 703 3678 753 ἐν-

2108 793 2298 846 τεῦθεν
2350 795 2688 865 μετενεχθεὶς
2730 797 2809 858 είς
2836 795 2934 864 τὴν
2972 796 3232 865 μακάρων
3266 793 3420 846 πόλιν
3447 793 3572 855 τοὺς
3596 793 3674 846 ού-

2108 885 2324 955 ρανοὺς,
2383 885 2571 958 ὥσπερ
2602 889 2658 940 ἐν
2699 885 2810 956 ναῷ
2847 885 3336 957 κατοικισθήσεται.
3379 886 3678 956 Ἀχραντον

2106 977 2215 1048 γὰρ
2242 977 2301 1030 τδ
2319 979 2509 1042 κάλλος
2563 979 2717 1050 ἡμῶν
2738 979 2933 1048 ἄριστα
2964 981 3082 1032 τότε
3110 983 3349 1049 τηρεῖται
3380 979 3471 1031 καὶ
3505 979 3679 1046 ἀσφα-

2105 1067 2229 1132 λῶς,
2254 1070 2454 1124 ὁπόταν
2485 1070 2549 1141 δὴ
2582 1070 2847 1142 παρθενίᾳ
2896 1057 3247 1140 σκεπόμενον,
3290 1070 3394 1123 imi)
3418 1070 3510 1123 τοῦ
3542 1069 3678 1123 καύ-

2108 1178 2275 1224 σωνος
2307 1161 2504 1226 ἔξωθεν
2535 1161 2608 1232 μὴ
2656 1161 2972 1233 μελαίνηται
3002 1161 3100 1232 τῆς
3134 1161 3339 1232 φθορᾶς
3358 1178 3371 1191 ·
3403 1160 3516 1214 ἀλλ’
3545 1159 3676 1214 αὐτὸ

2107 1254 2192 1324 ἐφ’
2238 1254 2415 1326 ἐαυτῷ
2477 1254 2634 1325 μένον
2677 1255 2991 1328 δικαιοσύνῃ
3041 1255 3332 1325 κοσμῆται,
3380 1272 3677 1324 νυμφαγωρ

2104 1345 2367 1416 γούμενον
2391 1345 2470 1416 τῷ
2505 1345 2618 1417 Υίῷ
2666 1345 2760 1398 τοῦ
2799 1345 2932 1398 Θεοῦ
2957 1363 2969 1375 ·
2995 1346 3054 1398 ὃν
3090 1347 3288 1416 τρόπον
3307 1346 3368 1416 δὴ
3392 1346 3483 1398 καὶ
3516 1344 3680 1408 αὐτὸς

2104 1442 2425 1510 εἰσηγεῖται,
2477 1439 2670 1512 χρῆναι
2730 1439 3030 1511 παραινῶν,
3077 1438 3265 1509 ὥσπερ
3305 1441 3361 1491 ἐν
3403 1437 3676 1508 λαμπάσι,

2103 1532 2222 1592 ταῖς
2281 1528 2566 1598 σφετέραις
2627 1525 2818 1598 σαρξὶ,
2872 1527 2934 1580 τὸ
2997 1527 3110 1595 φῶς
3179 1524 3532 1580 ἀνακαίεσθαι
3577 1523 3676 1591 τῆς

2105 1619 2345 1689 ἁγνείας.
2407 1619 2732 1689 Ἐπειδήπερ
2765 1620 2793 1669 ὀ
2830 1617 2936 1670 τῶν
2964 1617 3096 1670 δέκα
3130 1615 3414 1686 παρθένων
3445 1613 3677 1685 ἀριθμὸς

2103 1710 2201 1772 τὰς
2229 1711 2309 1772 είς
2350 1709 2584 1779 Χριστὸν
2630 1706 2831 1777 Ἰησοῦν
2874 1705 3299 1767 πεπιστευκυίας
3332 1702 3677 1775 ἀριθμεῖσθαι

442 1797 616 1849 solum
638 1804 740 1860 est,
758 1807 1172 1867 repraesentans.
1200 1799 1399 1855 Verum
1419 1817 1605 1856 earum
1623 1802 1860 1872 quinque
1878 1819 1999 1872 pru-

2109 1801 2354 1870 βούλεται
2397 1800 2604 1870 ψυχάς·
2642 1799 2719 1869 τῷ
2767 1800 2897 1852 δέκα
2933 1801 3030 1870 τὴν
3072 1796 3475 1851 ἀπευθύνουσαν
3509 1795 3676 1864 μόνην

441 1887 630 1942 dentes
659 1889 847 1959 utique
875 1897 928 1944 et
957 1891 1232 1960 sapientes
1279 1901 1466 1958 erant;
1522 1893 1763 1964 quinque
1821 1903 2002 1948 autem

438 1975 600 2032 fatuae
628 1988 682 2033 et
713 1979 1062 2050 insipientes:
1105 1998 1213 2037 non
1245 1984 1388 2038 enim
1422 1983 1754 2055 diligentiam
1784 2000 1973 2039 curam

435 2086 544 2138 que
575 2071 898 2138 habuerunt,
935 2083 993 2128 ut
1027 2090 1153 2129 vasa
1184 2091 1281 2130 sua
1305 2076 1426 2131 oleo
1446 2077 1604 2147 plena
1640 2077 1994 2142 instruerent,

431 2163 644 2230 justitia
670 2180 854 2220 vacuae
873 2176 1237 2224 remanentes.
1271 2167 1374 2223 Per
1400 2169 1501 2226 has
1529 2171 1673 2224 enim
1709 2171 1830 2225 illas
1847 2169 1997 2225 desi-

435 2265 565 2325 gnat
593 2271 713 2325 qua:
748 2258 814 2311 ad
847 2258 1177 2328 virginitatis
1206 2259 1341 2315 lines
1369 2261 1602 2316 evadere
1631 2261 1995 2324 contendunt,

437 2357 743 2418 cunctaque
765 2349 991 2404 honeste
1013 2361 1174 2421 atque
1201 2352 1382 2406 sobrie
1399 2361 1678 2422 praestant,
1702 2369 1767 2409 eo
1788 2353 1998 2407 condu-

434 2443 614 2495 centia
645 2450 701 2494 ut
731 2457 967 2496 amorem
1008 2443 1152 2496 hunc
1200 2445 1453 2514 expleant
1489 2465 1502 2499 :
1532 2462 1760 2516 qumque
1789 2447 1893 2500 hoc
1939 2463 1999 2502 se

435 2541 683 2601 spectare
712 2533 1086 2604 proﬁteantur,
1127 2541 1287 2605 atque
1305 2546 1362 2590 ut
1392 2537 1516 2591 hinc
1546 2538 1866 2608 glorientur,
1901 2552 1998 2593 ne-

436 2625 726 2695 gligentius
753 2634 932 2680 tamen
966 2634 1147 2696 agant,
1199 2634 1253 2682 et
1299 2628 1487 2682 mundi
1526 2629 1999 2686 vicissitudinibus

438 2719 725 2772 vincantur
758 2736 770 2772 :
802 2733 920 2787 qua:
947 2717 1178 2787 denique
1198 2719 1343 2774 velut
1374 2723 1559 2789 potius
1599 2721 1758 2776 inane
1785 2723 2000 2777 virtutis

436 2809 786 2864 simulacrum
819 2811 938 2865 rudi
971 2812 1285 2867 umbrarum
1325 2812 1493 2867 ductu
1530 2813 1805 2868 deiineant
1833 2829 1996 2884 quam

435 2887 610 2969 ipsam
634 2902 813 2956 vivam
846 2917 910 2955 ac
947 2903 1241 2972 spirantem
1274 2903 1558 2959 veritatem
1587 2905 1839 2960 elIiciant.

2105 1894 2223 1946 ἁδὺν
2246 1895 2325 1956 είς
2351 1895 2474 1956 τοὺς
2501 1894 2762 1965 οὐρανοὺς
2808 1891 3272 1962 ἀποτυπούμενος.
3323 1888 3461 1941 Ἀλλ’
3490 1889 3544 1941 αἱ
3575 1887 3678 1957 μὲν

2104 1983 2265 2034 πέντε
2327 1982 2593 2052 ἔμφρονες
2637 1982 2932 2051 ἐτύγχανον
2980 1981 3089 2052 ἄρα
3136 1983 3230 2034 καὶ
3293 1978 3481 2048 σοφαί·
3526 1980 3580 2030 αι
3619 1979 3676 2032 δέ

2107 2075 2268 2126 πέντε
2302 2075 2484 2144 μωραὶ
2529 2074 2622 2126 καὶ
2669 2073 2861 2143 ἄσοφοί
2884 2091 3056 2137 τινες·
3109 2074 3168 2126 οὐ
3199 2073 3308 2144 γὰρ
3337 2071 3678 2145 ἐπρομηθεύ-

2103 2183 2262 2218 σαντο
2283 2165 2463 2218 ἐλαίου
2502 2166 2650 2236 σφῶν
2676 2167 2746 2221 τὰ
2784 2168 2978 2237 ἀγγεῖα
3016 2167 3196 2236 πλήρη
3237 2165 3676 2234 παρασκευάσαι,

2103 2257 2447 2329 δικαιοσύνης
2487 2259 2846 2328 ἀπομείνασαι
2892 2258 3065 2312 κεναί.
3110 2259 3416 2311 Αίνίσσεται
3451 2256 3560 2328 γὰρ
3591 2255 3680 2310 διὰ

2103 2352 2308 2406 τούτων
2338 2351 2437 2414 τὰς
2481 2351 2574 2405 ἐπ)⁵
2620 2352 2829 2422 πέρατα
2873 2351 3167 2423 παρθενίας
3206 2351 3678 2421 ἐπισπερχομένας

2106 2445 2298 2510 ἐλθεῖν,
2325 2446 2419 2500 καὶ
2436 2445 2615 2499 πάντα
2646 2449 2723 2509 εἰς
2750 2445 2810 2497 τὸ
2838 2444 3188 2516 πληρωθῆναι
3215 2444 3554 2497 συντείνοντα
3585 2442 3675 2496 τὸν

2105 2536 2279 2607 ἔρωτα
2326 2536 2513 2590 τοῦτον
2556 2537 2795 2607 κοσμίως
2826 2535 3038 2606 δρώσας
3091 2535 3185 2588 καὶ
3225 2535 3545 2606 σωερρόνως·
3581 2535 3676 2587 καὶ

2103 2629 2200 2692 τὰς
2248 2628 2720 2698 ἐπαγγελλομέναις
2779 2629 2878 2698 μὲν
2923 2629 3014 2681 καὶ
3065 2627 3464 2698 σεμνυνομένας
3519 2625 3679 2679 τοῦτο

2105 2724 2348 2785 σκοπεῖν,
2395 2720 2761 2792 ὀλιγωρούσας
2784 2719 2840 2772 δέ
2884 2719 2976 2772 καὶ
3002 2718 3318 2789 ἡττωμένας
3347 2719 3442 2769 τοῦ
3469 2717 3674 2787 κόσμου

2102 2815 2220 2876 ταῖς
2257 2811 2594 2880 ἐξαλλαγαῖς,
2631 2811 2726 2865 καὶ⁵
2762 2809 2949 2880 ὥσπερ
2995 2809 3437 2880 σκιαγραφούσας
3474 2809 3675 2880 μᾶλλον

2102 2903 2319 2957 εἴδωλον
2375 2904 2575 2976 ἀρετῆς
2620 2903 2654 2975 ἢ
2699 2901 2866 2974 αὐτὴν
2901 2901 3270 2973 ἐργαζομένας
3308 2902 3544 2973 ἔμπνουν
3576 2901 3674 2977 τὴν

2103 2995 2382 3067 ἀλήθειαν.

1105 3114 1234 3171 CAP.
1257 3114 1344 3172 III.
1393 3115 1724 3188 Virginitatis
1749 3119 1886 3173 idem
1921 3127 2140 3174 conatus
2175 3129 2227 3173 et
2255 3118 2541 3191 aggressio,
2571 3117 2774 3186 dispari
2804 3118 2971 3172 exitu.

505 3230 662 3298 Quod
691 3232 835 3288 enim
858 3232 1058 3289 dicitur
1090 3234 1156 3302 ",
1191 3234 1374 3290 Simile
1401 3237 1603 3305 factum
1631 3255 1742 3293 esse
1769 3256 1984 3310 regnum

2159 3237 2233 3290 Τὸ
2272 3236 2382 3307 γὰρ
2427 3234 2734 3306 λεγόμενον,
2788 3233 3134 3302 Ὠμοιῶσθαι
3188 3231 3305 3299 τὴν
3339 3231 3672 3294 ,Βασιλείαν

432 3323 680 3379 caelorum
709 3325 882 3380 decem
899 3327 1209 3398 virginibus,
1239 3346 1356 3400 qua:
1384 3331 1694 3399 accipientes
1723 3334 1993 3404 lampades

433 3432 557 3471 suas
585 3419 820 3472 exierunt
846 3420 1046 3473 obviam
1079 3419 1301 3489 Sponsa,
1333 3422 1434 3476 hoc
1465 3423 1570 3477 sibi
1592 3425 1728 3488 vult,
1751 3427 1996 3483 eamdem

432 3510 787 3579 professionis
808 3526 871 3566 ac
893 3511 1126 3567 instituti
1173 3513 1314 3566 viam
1347 3529 1538 3569 omnes
1565 3515 1818 3584 elegisse,
1850 3518 1993 3586 quod

431 3602 548 3669 ipsa
571 3601 820 3672 designat
848 3603 1098 3658 elementi
1127 3602 1246 3656 lvis
1275 3616 1339 3656 ac
1372 3604 1583 3660 denarii
1613 3614 1764 3662 nota.
1800 3605 1858 3662 ιιι
1876 3624 1996 3663 eam

431 3693 577 3746 enim
612 3708 670 3748 se
711 3694 912 3763 pariter
960 3709 1079 3749 rem
1114 3699 1487 3763 accinxerunt,
1536 3708 1816 3771 assumpta
1868 3716 2000 3770 pro-

432 3781 673 3838 fessione
695 3801 711 3851 ;
735 3799 962 3854 eamque
981 3785 1050 3839 ob
1080 3801 1194 3840 rem
1210 3796 1477 3841 vocantur
1505 3787 1721 3858 decem,
1739 3787 1884 3858 quod
1921 3788 2000 3842 ni-

432 3875 634 3927 mirum
656 3875 797 3929 idem
825 3876 1162 3945 propositum
1184 3891 1247 3930 ac
1276 3877 1606 3944 institutum,
1631 3878 1707 3932 uti
1725 3877 1998 3944 dicebam,

431 3965 784 4036 arripuerunt
819 3985 834 4021 :
870 3983 970 4022 nec
1013 3978 1194 4023 tamen
1230 3970 1434 4040 pariter
1481 3971 1645 4026 etiam
1696 3985 1887 4024 omnes
1939 3969 1997 4023 in

429 4071 722 4110 occursum
738 4055 1215 4126 Sponsiexierunt.
1244 4058 1381 4112 Nam
1406 4074 1594 4113 earum
1611 4057 1829 4128 quidem
1852 4059 1996 4124 alite,

427 4149 575 4220 quod
610 4157 664 4204 et
693 4149 749 4205 in
781 4155 1014 4212 futurum
1037 4150 1304 4208 sulliceret
1335 4151 1677 4222 lampadibus
1699 4151 1820 4206 oleo
1842 4149 1998 4206 llam-

429 4258 575 4298 mam
607 4244 898 4309 alentibus,
935 4244 1328 4299 nutrimentum
1362 4245 1584 4314 c0piose
1623 4245 1879 4316 largeque
1902 4260 1998 4314 pa-

429 4344 722 4403 raverant;
777 4338 897 4390 alia:
921 4352 1071 4403 vero,
1114 4337 1367 4408 pmsenti
1417 4337 1679 4392 duntaxat
1726 4347 1996 4394 contentze

425 4443 583 4492 cura,
612 4429 891 4498 segniores
921 4432 1260 4488 exstiterant.
1298 4428 1478 4496 Quare
1525 4431 1690 4485 etiam
1725 4431 1842 4500 pari
1871 4432 1994 4502 qui-

2098 3328 2217 3382 τῶν
2245 3327 2515 3396 οὐρανῶν
2535 3327 2682 3379 δέκα
2711 3327 3045 3394 παρθένοις,
3081 3326 3301 3389 αἵτινες
3324 3325 3543 3377 ἔλαϐον
3568 3324 3675 3388 τὰς

2096 3418 2417 3490 λαμπάδας
2433 3417 2648 3481 αὐτῶν,
2685 3420 2780 3472 καὶ
2819 3417 3085 3486 ἐξῆλθον
3111 3415 3571 3482 ἁπαντήσουσαι
3596 3413 3675 3479 τῷ

2097 3513 2375 3580 Νυμφίφ,
2425 3512 2708 3582 σημαίνειν
2755 3511 2997 3581 βούλεται
3048 3510 3181 3580 (87),
3214 3508 3310 3580 τὴν
3355 3507 3524 3578 αὐτὴν
3555 3507 3675 3559 ὁδὸν

2102 3603 2196 3657 τοῦ
2253 3602 2680 3675 ἐπιτηδεύματος
2724 3603 3148 3676 ἐπανῃρημένην
3180 3601 3267 3654 διὰ
3300 3600 3395 3671 τὴν
3437 3600 3675 3670 ἔμφασιν

2101 3695 2194 3748 τοῦ
2213 3697 2245 3749 Ι¹
2266 3697 2548 3766 στοιχείου.
2587 3696 2922 3750 Ἐστείλαντο
2948 3695 3169 3765 μὲνγὰρ
3196 3694 3251 3746 αἱ
3278 3691 3675 3762 παραπλησίως

2103 3788 2298 3851 ἐαυτέις
2319 3790 2397 3852 είς
2428 3789 2585 3842 τοῦτο
2617 3788 3144 3858 καθομολογήσασαι,
3179 3787 3272 3838 καὶ
3298 3784 3468 3855 ταύτῃ
3495 3784 3680 3854 κικλή-

2103 3895 2322 3933 σκονται
2367 3880 2498 3933 δέκα
2519 3921 2534 3944 ,
2591 3880 2774 3951 ἐπειδὴ
2808 3880 2907 3950 τὴν
2939 3877 3128 3948 αὐτὴν,
3158 3875 3233 3939 ὡς
3266 3875 3423 3946 ἔφην,
3472 3875 3677 3928 εἴλοντο

2103 3971 2388 4042 πρόθεσιν·
2438 3972 2620 4026 οὐκέτι
2672 3972 2730 4026 δὲ
2777 3971 2976 4041 ὁμοίως
3018 3969 3238 4038 ἐξῆλθον
3271 3968 3676 4038 ὑπαντήσουσαι

2103 4064 2181 4136 τῷ
2204 4063 2460 4135 Νυμφίῳ.
2497 4065 2563 4116 Ai
2607 4063 2704 4133 μὲν
2737 4063 2844 4133 γὰρ
2870 4062 3076 4132 τροφὴν
3100 4059 3327 4128 ἆῳθονον
3354 4061 3445 4112 καὶ
3491 4059 3675 4112 εἰσαῦ-

2105 4154 2188 4217 θις
2227 4153 2545 4223 ἐπορίσαντο
2596 4154 2716 4215 ταῖς
2756 4151 3156 4223 ἐλαιοθρέπτοις
3197 4149 3508 4220 λαμπάσιν·
3536 4152 3591 4203 αἰ
3618 4149 3678 4202 δὲ

2102 4244 2618 4318 κατεῤῥαθύμησαν,
2643 4243 2734 4297 τοῦ
2756 4244 3018 4313 παρόντος
3050 4244 3206 4313 μόνον
3239 4241 3672 4312 ἐπιμεληθεῖσαι.

2103 4339 2193 4392 Διὸ
2214 4339 2277 4411 δὴ
2295 4340 2389 4392 καὶ
2419 4337 2693 4410 ίσάριθμοι
2736 4339 2871 4408 πρὸς
2893 4337 3052 4390 πέντε
3079 4335 3430 4408 διαιροῦνται,
3459 4336 3677 4406 ἐπειδή-

2104 4449 2209 4504 περ
2232 4434 2329 4494 ca;
2353 4431 2516 4484 πέντε
2549 4431 2851 4502 αἰσθήσεις,
2894 4433 2947 4483 at
3002 4431 3100 4500 μὲν
3142 4430 3318 4484 αὐτῶν
3345 4428 3678 4498 ἐφυλάξαντο

423 4523 582 4577 nario
605 4523 794 4578 divisae
828 4537 976 4590 sunt,
1004 4541 1124 4596 quae
1147 4526 1331 4581 decem
1353 4533 1510 4580 erant
1531 4545 1542 4580 :
1569 4525 1717 4595 quod
1747 4523 1999 4581 videlicet

2108 4525 2350 4596 καθαρὰς
2381 4524 2475 4577 καὶ
2525 4523 2825 4594 παρθένους
2880 4524 3309 4594 ἁμαρτημάτων,
3337 4521 3402 4584 ἃς
3434 4522 3483 4574 oi.
3524 4521 3675 4573 πλεῖ-

423 4617 665 4688 quinque
693 4632 910 4682 sensus,
941 4634 1078 4688 quos
1109 4620 1354 4690 plerique
1379 4618 1658 4688 sapientiae
1687 4626 1876 4689 portas
1902 4633 1997 4688 ap-

495 4773 540 4802 ¹⁸
579 4771 773 4826 Matth.
793 4789 919 4830 xxv.
998 4776 1039 4808 “
1078 4776 1206 4831 ibid.
1244 4777 1295 4833 1.

495 4935 608 5004 (86)
637 4936 747 4989 Καὶ
774 4938 1019 5003 νοητήν.
1053 4936 1437 5007 Propriissima
1471 4952 1572 4990 vox
1605 4935 1658 4989 in
1690 4933 1801 4988 Deo
1832 4934 1996 5007 :Vipse

421 5008 567 5061 enim
593 5007 840 5060 absolute
866 5009 927 5060 τὸ
957 5006 1181 5076 νοητόν,ζ
1199 5009 1397 5077 quippe
1432 5007 1682 5075 superior
1707 5006 1992 5077 omnibus,

425 5093 693 5145 suumque
723 5078 824 5131 sibi
864 5085 918 5131 et
959 5079 1174 5132 cunctis
1205 5076 1429 5146 reliquis
1477 5076 1833 5146 intelligibile,
1887 5092 1997 5131 non

425 5148 518 5215 qui
549 5148 830 5201 ordinetur
858 5150 923 5201 ad
957 5149 1060 5200 alia
1097 5147 1464 5216 intelligenda,
1496 5163 1668 5216 eaque
1702 5149 1912 5201 ratione
1944 5148 1997 5200 in

428 5218 667 5289 secunda
690 5218 798 5270 τῶν
829 5217 1032 5289 νοερῶν
1061 5217 1135 5281 (id
1165 5227 1248 5273 est
1286 5217 1756 5289 intellectualium,
1788 5233 1881 5272 seu
1915 5217 2001 5270 in-

427 5288 803 5356 telligentiam)
836 5287 1012 5343 classe
1039 5295 1331 5342 statuatur.
1363 5287 1435 5341 De
1463 5304 1566 5357 qua
1591 5304 1724 5343 voce
1743 5289 2002 5356 praeclare

424 5359 717 5427 Dionysius
742 5359 970 5428 ejusque
1005 5360 1330 5415 scholiastes
1366 5358 1656 5414 Maximus.
1697 5358 1867 5411 Valde
1897 5357 1999 5411 im-

425 5429 728 5496 Vroprium,
777 5430 921 5498 quod
967 5430 1093 5484 boni
1133 5432 1298 5484 etiam
1335 5441 1586 5484 auctores
1623 5429 1684 5481 τὸ
1724 5429 1914 5499 νοητόν
1946 5434 2000 5481 et

463 5499 604 5569 εερόν
651 5499 1014 5570 confundunt,
1058 5516 1183 5555 cum
1226 5501 1454 5553 alterum
1504 5501 1678 5570 ipsum
1727 5501 1997 5570 objectum

423 5570 587 5641 Jicat.
639 5569 867 5641 alterum
914 5573 1210 5641 potentiam
1253 5578 1308 5625 et
1358 5569 1688 5637 facultatem,
1736 5586 1858 5639 quae
1907 5569 2000 5641 illo

422 5640 577 5712 quasi
621 5640 861 5708 pascitur
893 5640 957 5712 ac
995 5641 1186 5695 beatur
1211 5659 1226 5694 :
1251 5657 1370 5711 quae
1415 5643 1468 5695 in
1510 5641 1618 5696 Deo
1659 5640 2002 5712 simplicissi-

424 5725 530 5777 ma,
568 5711 623 5764 in
657 5711 882 5781 reliquis
921 5711 1093 5768 divisa
1126 5719 1272 5768 sunt.
1301 5712 1590 5769 Canens.

2106 4635 2218 4672 στοι
2253 4619 2443 4685 σοφίας
2474 4617 2919 4688 προσηγόρευσαν
2956 4616 3129 4679 πύλας
3149 4633 3162 4644 ·
3194 4616 3249 4668 αἱ
3281 4615 3338 4667 δέ
3370 4613 3678 4666 τούναντίον

2163 4934 2271 5002 (87)
2296 4933 2932 5002 Σημαίνεινβούλεται.
2951 4930 3074 5002 Alia
3099 4931 3259 5002 lectio
3273 4926 3540 5002 Allatiana
3560 4926 3680 5002 ipsa

2092 4997 2201 5057 non
2226 4997 2598 5074 improbanda,
2638 5003 2916 5074 σημαίνει,
2941 4998 3379 5074 βουληθῆναι-τὴν
3401 4997 3566 5074 αύτὴν
3585 4999 3679 5074 άν-

2093 5075 2245 5146 δρίαν
2272 5067 2587 5146 ἐνδύσασθαι
2621 5067 2818 5135 πάσας,
2864 5067 2951 5146 μὴ’
2991 5067 3236 5146 μέντριγε
3270 5067 3544 5146 ἐξισχύσαι
3578 5070 3680 5130 τὰς

2097 5137 2278 5207 πέντε,
2316 5144 2541 5198 voluisse
2570 5160 2745 5198 omnes
2777 5137 3012 5195 eamdem
3039 5141 3253 5194 induere
3286 5137 3672 5206 fortitudinem.

2099 5216 2188 5268 sed
2217 5217 2663 5288 quinqueptarnen
2699 5215 2844 5288 Arires
2887 5213 3173 5280 defecisse;
3223 5218 3679 5288 nempeJarI-cpto

2102 5283 2392 5340 sanctioris
2424 5286 2547 5338 vitm
2585 5285 2865 5346 instituto,
2901 5294 3184 5352 coeptaque
3223 5283 3491 5352 castitatis
3522 5283 3680 5352 palae-

2105 5365 2239 5416 st-ra,
2267 5357 2386 5424 ejus
2415 5356 2632 5428 virtutis
2665 5356 2812 5409 cultu
2854 5348 3223 5428 obtorpuisse.
3269 5348 3533 5428 Videntur
3567 5349 3679 5428 lucc

2103 5419 2377 5497 reSpicére
2417 5426 2550 5480 illud
2595 5425 2698 5497 εδδ.
2731 5441 2803 5486 ιι,
2848 5425 2922 5497 9:
2963 5419 3218 5497 ’ξΕνδυσαι
3258 5423 3355 5497 τὴν
3387 5419 3678 5497 toxica-:36

2107 5489 2386 5567 βραχίονός
2425 5513 2540 5557 σου,
2585 5495 2811 5550 Induere
2853 5494 3223 5567 fortitudinem?
3253 5491 3450 5567 brachii
3485 5489 3682 5567 tui._Et

2103 5562 2252 5626 certe
2284 5570 2422 5622 l'orte
2449 5575 2746 5632 certamen,
2780 5562 3058 5621 certamen
3090 5564 3362 5616 castitatis
3395 5571 3556 5629 atquc
3584 5562 3684 5612 άν-

2102 5637 2276 5709 ὁρίας,
2295 5648 2351 5692 ιιι
2377 5639 2430 5691 in
2457 5653 2670 5709 omnem
2699 5640 2867 5709 vitam
2904 5635 3148 5688 accensis
3185 5632 3526 5709 lampadibus
3554 5644 3683 5688 sus-

2103 5701 2285 5780 pensa:
2313 5709 2550 5781 virgines
2581 5708 2689 5764 sint
2722 5708 2775 5765 in
2803 5710 3211 5776 exspectatione
3243 5703 3460 5775 Sponsi.
3493 5701 3572 5757 In.
