4140 6440
437 294 538 349 ΙΠ

1523 290 1905 349 CONVIVIUM
1945 290 2171 347 DECEM
2221 288 2578 347 VIRGINUM.

3567 291 3671 347 118

434 408 687 480 πλήθεσιν
700 406 1050 480 ἀδικημάτων
1075 409 1436 482 ἐλωϐήσαντο,
1469 409 1778 480 φυράσασαι
1804 408 1991 480 κακίᾳ.

2103 408 2383 478 pellarunt,
2427 421 2596 477 puros
2625 412 2789 476 atque
2827 403 3066 476 virgines
3097 419 3126 458 a
3164 405 3406 476 peccatis
3429 407 3511 460 hae
3540 409 3667 477 qui-

446 502 912 574 Ἐγκρατεύσασαι
962 503 1071 574 γὰρ
1107 503 1201 556 καὶ
1248 500 1578 567 ἀγνεύσασαι
1636 500 1999 571 δικαιοσύνης,

432 594 740 665 εὐφόρησαν
761 594 957 664 μᾶλλον
977 594 1412 666 παραπτώμασιν
1433 610 1447 624 ο
1477 592 1536 657 ἐξ
1559 584 1620 646 οὗ
1665 592 1728 663 δὴ
1755 593 1847 645 καὶ
1880 609 2004 645 συν-

433 684 529 755 έϐη
561 685 672 738 τῶν
728 684 885 738 θείων
911 685 1014 750 ἔξω
1047 685 1346 758 περιϐόλων
1378 683 1827 747 ἀποκλεισθείσας
1857 684 2001 736 ἀπα-

433 776 773 848 γορευθῆναι.
806 778 928 831 Εἴτε
951 777 1057 850 γὰρ
1085 777 1472 849 κατορθοῦμεν,
1512 777 1621 830 εἴτε
1653 776 1758 846 πλη
1769 774 2003 846 μμελοῦ-

438 886 558 939 μεν,
584 869 670 922 διὰ
686 868 886 923 τούτων
912 869 1166 940 ἑκάτερα,
1182 871 1276 923 καὶ
1293 869 1360 921 τά
1379 867 1684 940 ἀνδραγαθή
1693 884 1834 938 ματα
1863 883 2000 937 κρα-

433 960 670 1025 τύνεται,
703 961 794 1014 καὶ
828 960 895 1015 τὰ
922 962 1417 1032 κακοπραγήματα.
1459 960 1568 1013 Καὶ
1592 957 1778 1028 ῶσπερ
1804 959 1835 1028 ἡ
1863 957 2000 1010 Θάλ-

434 1051 617 1115 λουσα,
641 1053 750 1106 Καὶ
789 1051 1104 1122 ὀφθαλμῶν,
1140 1051 1262 1123 ἔφη,
1297 1051 1389 1104 καὶ
1409 1049 1560 1104 ὢτων
1593 1049 1810 1118 ἁγνείαν
1839 1045 1997 1112 εἶναι,

434 1144 526 1196 καὶ
557 1143 827 1214 γλώσσης,
861 1145 1074 1199 καὶτῶν
1104 1143 1304 1197 λοιπῶν
1332 1141 1563 1212 καθεξῆς
1595 1139 1994 1212 αἰσθητηρίων

429 1229 572 1283 οὕτω
601 1231 664 1301 δὴ
690 1233 783 1285 καὶ
804 1232 1034 1286 ἐνταῦθα
1064 1233 1163 1305 τὴν
1189 1233 1369 1286 πίστιν
1394 1232 1634 1302 ἄσυλονή
1651 1229 1997 1301 φυλαξαμένη

429 1321 536 1374 τῶν
579 1321 738 1375 πέντε
790 1323 972 1377 διόδων
1019 1324 1120 1394 τῆς
1167 1324 1385 1395 ἀρετῆς,
1429 1324 1691 1395 ὁράσεως,
1725 1321 1993 1390 γεύσεως,

429 1413 766 1485 ὀσφρήσεως,
785 1416 928 1484 ἀφῆς
947 1433 1005 1468 τε
1024 1417 1116 1470 καὶ
1140 1417 1328 1487 ἀκοῆς,
1347 1416 1508 1469 πέντε
1535 1415 1996 1488 προσαγορεύεται

431 1506 707 1578 παρθένοι,
762 1508 850 1562 διὰ
901 1511 960 1562 τὸ
1021 1511 1122 1573 τὰς
1165 1510 1324 1563 πέντε
1365 1511 1462 1580 τῆς
1491 1510 1795 1580 αἰσθήσεως
1828 1507 1996 1576 ἁγνὰς

429 1600 874 1673 ἀποκαταστῆσαι
902 1603 980 1674 τῷ
1022 1605 1240 1676 Χριστῷ
1291 1605 1611 1682 φαντασίας,
1640 1606 1731 1673 ἀφ’
1760 1605 1994 1675 ἑκάστης

429 1693 605 1746 αὐτῶν
630 1690 716 1748 οἷα
744 1695 1000 1769 λαμπτὴρ
1026 1698 1124 1769 τὴν
1155 1699 1406 1769 ὁσιότητα
1427 1698 1716 1769 λάμπουσα
1760 1696 1989 1768 τρανῶς.

2106 497 2227 551 deni
2254 504 2641 562 servaverunt;
2679 495 2783 549 illae
2805 511 2932 550 vero
2960 503 3152 550 contra
3179 494 3280 550 hos
3311 496 3512 550 malitia
3539 497 3671 552 sub-

2103 589 2332 658 igentes,
2376 602 2572 659 magno
2619 602 2848 642 numero
2903 587 3232 657 injustorum
3267 574 3506 658 operum
3549 605 3672 644 cor-

2102 689 2384 751 ruperunt.
2420 680 2776 736 Continentes
2798 682 2943 736 enim
2967 681 3307 736 castimoniae
3328 682 3612 751 dispendia
3636 700 3667 738 a

2096 773 2307 844 justitia
2347 774 2449 828 sibi
2494 773 2815 838 indicentes,
2871 773 3074 843 ingenti
3124 775 3309 843 potius
3343 773 3669 828 delictorum

2101 874 2283 937 segete
2317 864 2522 922 fertiles
2569 866 2895 921 exstiterunt
2936 885 2948 920 :
3004 865 3146 920 unde
3170 873 3224 920 et
3247 866 3476 936 contigit
3507 877 3564 921 ut
3587 865 3673 920 di-

2099 959 2244 1015 vinis
2281 959 2479 1013 merito
2522 959 2692 1028 septis
2725 965 3067 1014 arcerentur.
3104 957 3241 1012 Nam
3294 973 3557 1012 sensuum
3607 971 3673 1013 ea

2099 1047 2182 1104 vis
2209 1056 2313 1115 est,
2336 1057 2396 1102 ut
2422 1048 2536 1104 sive
2562 1054 2711 1102 recte
2734 1048 2968 1118 agimus,
2988 1049 3103 1104 sive
3135 1063 3445 1119 peccamus,
3467 1063 3563 1118 per
3575 1062 3673 1104 eos

2099 1150 2214 1196 tum
2244 1142 2384 1196 bona
2405 1157 2570 1213 opera
2600 1150 2712 1196 tum
2743 1142 2884 1195 mala
2909 1142 3075 1196 robur
3102 1143 3510 1196 nanciscantur.
3533 1140 3595 1195 Et
3615 1148 3674 1194 ut

2088 1233 2358 1293 .Thallusa
2393 1236 2551 1300 dixit,
2586 1235 2650 1289 Et
2685 1236 2969 1290 oculorum
3001 1243 3055 1290 et
3087 1235 3300 1289 aurium
3341 1245 3396 1290 et
3447 1235 3668 1305 linguae,

2097 1339 2150 1385 et
2182 1330 2516 1400 reliquorum
2543 1331 2800 1401 deinceps
2827 1344 3089 1385 sensuum
3115 1329 3482 1400 virginitatem
3518 1343 3664 1390 esse,

2097 1412 2173 1474 ita
2199 1428 2253 1476 et
2275 1421 2387 1484 hic,
2430 1437 2551 1492 quae
2602 1420 2968 1475 inviolabilem
2991 1419 3234 1489 quinque
3263 1418 3483 1474 virtutis
3517 1432 3674 1471 meam

2095 1521 2254 1569 tuum
2282 1513 2442 1568 ﬁdem
2489 1513 2722 1568 servarit
2749 1511 2945 1582 (visus,
2980 1518 3203 1582 gustus,
3253 1509 3536 1574 odoratus,
3590 1516 3676 1562 ta-

2095 1616 2322 1676 eiusque
2340 1620 2403 1660 ac
2417 1605 2680 1672 auditus),
2703 1618 2810 1657 una
2835 1603 2978 1666 licet,
2997 1603 3240 1674 quinque
3270 1603 3506 1673 virgines
3533 1617 3676 1655 nun-

2096 1705 2330 1768 cupatur
2365 1716 2377 1751 :
2415 1696 2561 1767 quod
2591 1711 2784 1765 nempe
2805 1697 3048 1766 quinque
3083 1711 3278 1751 sensus
3313 1694 3674 1766 cogitationes

441 1786 504 1838 Ἥ
536 1787 642 1860 γάρ
669 1791 1013 1859 πεντάφωτος
1045 1793 1198 1863 ἡμῶν
1217 1792 1292 1856 ώς
1317 1792 1528 1864 ἀληθῶς
1560 1789 1780 1863 λαμπὰς
1808 1792 1841 1860 ἡ
1867 1787 1999 1860 σάρξ

2105 1796 2286 1844 castas
2314 1787 2623 1844 exhibendo
2657 1787 2919 1852 Christo,
2949 1803 3014 1842 ex
3049 1803 3236 1842 earum
3268 1787 3498 1857 singulis
3531 1784 3676 1840 velut

428 1884 594 1946 ἐστιν,
631 1885 696 1955 ἢν
723 1885 920 1956 ἡψυχὴ
949 1885 1285 1956 βαστάζουσα
1329 1887 1484 1959 δᾳδὸς
1522 1886 1701 1958 δίκην,
1738 1884 1817 1956 τῷ
1848 1886 2002 1955 Νυμ-

427 1978 536 2047 φίῳ
564 1978 894 2050 παρίσταται
922 1979 1144 2050 Χριστῷ
1181 1983 1248 2051 τῇ
1280 1979 1464 2052 ἡμέρα
1507 1979 1606 2050 τῆς
1632 1978 1998 2042 ἀναστάσεως,

425 2086 502 2123 πα
511 2071 844 2141 ραφαίνουσα
859 2073 946 2126 διὰ
969 2073 1156 2127 πασῶν
1173 2073 1280 2127 τῶν
1299 2073 1603 2144 αἰσθήσεων
1618 2073 1764 2126 διεκθ
1772 2071 2003 2143 ρώσκου·

427 2178 526 2216 σαν
555 2163 820 2237 λαμπρὰν
848 2164 944 2237 τὴν
979 2165 1182 2230 πίστιν,
1227 2165 1410 2228 καθὼς
1441 2165 1602 2226 αὐτὸς
1630 2163 1888 2228 ἐδίδαξεν,
1920 2166 2000 2217 εἰ-

425 2252 576 2306 πών·
624 2256 751 2323 Πῦρ
803 2252 996 2326 ἦλθον
1035 2256 1255 2321 ,βαλεῖν
1300 2259 1389 2324 εὶς
1444 2255 1560 2324 τὴν
1597 2255 1750 2326 γῆν,
1811 2255 1910 2312 καί
1944 2256 2002 2309 τι

425 2343 648 2412 ἤθελον
683 2347 737 2399 εί
774 2346 892 2416 ἤδη
929 2345 1204 2416 ammon;
1243 2348 1346 2419 γῆν
1391 2348 1546 2420 ἡμῶν
1578 2348 1646 2402 τά
1668 2346 2001 2418 σκηνώματα

426 2437 660 2506 φράσας,
701 2439 782 2500 είς
813 2439 848 2492 ἃ.
891 2440 1140 2494 ἐϐούλετο
1171 2442 1383 2511 ταχέως
1427 2439 1734 2510 ἀναφθῆναι
1755 2440 1852 2511 τὴν
1880 2440 2000 2506 ὀξυ·-

425 2526 642 2597 κίνητον
672 2528 772 2598 τῆς
802 2529 1151 2594 διδασκαλίας
1183 2530 1349 2584 αὑτοῦ
1369 2531 1463 2585 καὶ
1488 2530 1748 2601 διάπυρον
1779 2528 1995 2601 πρᾶξιν.

425 2617 501 2671 Τὸ
525 2619 633 2691 γὰρ
659 2619 835 2674 ἔλαιον
853 2624 920 2692 τῇ
963 2624 1124 2694 σοφίᾳ
1158 2624 1253 2676 καὶ
1281 2625 1346 2694 τῇ
1380 2621 1692 2693 δικαιοσύνῃ
1720 2620 2002 2692 παραϐλη-

423 2711 566 2766 τέον.
624 2713 1024 2788 ’Δνομϐρούσης
1061 2717 1170 2789 γάρ
1206 2715 1376 2770 ταῦτα
1405 2715 1502 2785 τῆς
1548 2714 1726 2784 ψυχῆς
1753 2713 2000 2782 ἀφθόνως

425 2801 521 2852 καὶ
554 2802 878 2874 ἐπιχεούσης
934 2804 1012 2876 τῷ
1065 2805 1298 2876 σώματι,
1345 2808 1423 2869 είς
1459 2804 1593 2875 ὕψος
1634 2803 1998 2874 ἀναφλέγεται

425 2890 525 2960 τῆς
553 2891 752 2963 ἀρετῆς
781 2894 1042 2949 ἄσϐεστον
1068 2896 1127 2949 τὺ
1152 2895 1286 2965 φῶς,
1317 2895 1624 2970 ἔμπροσθεν
1649 2895 1756 2948 τῶν
1784 2891 1998 2964 ἀνθρώ-

427 2999 544 3035 πων
571 2984 848 3056 ἐκλάμπον
868 2987 965 3053 τάς
1004 2981 1232 3060 πράξεις
1279 2989 1378 3054 τὰς
1413 2988 1607 3054 καλάς,
1641 2989 1717 3053 ὼς
1740 2986 2003 3058 δοξασθῆ-

427 3090 516 3128 ναι
539 3076 630 3130 τὸν
655 3078 874 3151 Πατέρα
910 3082 1000 3135 τὸν
1043 3085 1100 3138 ἐν
1118 3085 1230 3147 τοῖς
1257 3082 1524 3154 οὐρανοῖς.

2105 1883 2315 1952 lampas
2347 1881 2655 1936 sanctitatis
2706 1879 2875 1934 radiis
2904 1879 3052 1934 clare
3096 1879 3368 1950 cliulgeat.
3422 1877 3678 1948 Quinque

2105 1973 2250 2029 enim
2281 1973 2635 2028 lucernarum
2668 1971 2877 2041 lampas
2903 1987 3029 2027 vere
3057 1986 3185 2026 caro
3206 1980 3311 2037 est,
3346 1985 3508 2041 quam
3531 1969 3678 2024 velut

2107 2064 2278 2121 facem
2303 2073 2524 2136 gestans
2553 2064 2756 2128 anima,
2793 2065 3018 2119 Christo
3042 2063 3257 2135 Sponso
3289 2063 3490 2119 astabit
3512 2062 3567 2116 in
3591 2061 3679 2116 die

2106 2159 2530 2215 resurrectionis
2561 2198 2576 2224 ,
2627 2149 2995 2230 fulgurantem
3039 2173 3105 2212 ex
3158 2158 3375 2212 cunctis
3424 2156 3678 2212 sensibus

2108 2249 2445 2318 splendidam
2474 2249 2949 2320 (idemmagnilice
3007 2248 3328 2311 ostendens,
3373 2247 3518 2302 sicut
3561 2247 3680 2316 ipse

2108 2341 2317 2408 docuit,
2337 2342 2526 2398 dicens
2544 2341 2591 2374 ²⁰
2621 2361 2635 2396 :
2673 2340 2854 2412 Ignem
2885 2343 3000 2396 veni
3040 2343 3246 2394 mittere
3278 2341 3332 2394 in
3369 2348 3585 2406 terram,
3627 2347 3680 2393 et

2104 2430 2230 2502 quid
2261 2431 2375 2485 volo
2405 2433 2508 2486 nisi
2536 2439 2593 2484 ut
2617 2433 2983 2488 accendatur?
3015 2439 3215 2486 terram
3257 2430 3466 2487 scilicet
3489 2435 3679 2483 nostra

2106 2538 2338 2593 corpora
2369 2524 2673 2594 appellans,
2706 2523 2760 2578 in
2795 2524 2995 2594 quibus
3028 2525 3145 2579 vult
3174 2523 3424 2578 celeriter
3451 2519 3679 2576 accendi

2105 2613 2216 2668 cito
2231 2615 2483 2670 mobilem
2509 2613 2844 2685 ignitamque
2865 2614 3128 2670 doctrinae
3152 2629 3264 2670 suae
3282 2612 3677 2684 Operationem.

2106 2704 2222 2761 Olei
2251 2713 2434 2760 autem
2482 2706 3086 2777 symbolosapientiam
3130 2714 3186 2762 et
3229 2697 3503 2776 justitiam
3533 2703 3679 2758 desi-

2107 2799 2261 2870 gnari
2285 2799 2694 2868 intelligendum
2709 2806 2814 2854 est.
2831 2798 2940 2856 llas
2962 2793 3112 2854 enim
3135 2797 3305 2854 veluti
3327 2797 3532 2852 imbres
3548 2795 3679 2850 dum

2107 2890 2289 2943 anima
2325 2889 2474 2960 large
2520 2890 2830 2960 suppeditat
2879 2891 3193 2960 ac'corpori
3249 2887 3516 2955 aliundit,
3573 2886 3682 2940 alte

2107 2981 2320 3038 sublata
2349 2981 2587 3049 ﬂamma,
2619 2982 3060 3054 inexstinguibile
3083 2981 3324 3053 assurgit
3354 2979 3568 3035 virtutis
3596 2978 3652 3032 lu
3683 3013 3685 3015 ι

2105 3089 2252 3138 men,
2281 3089 2391 3143 quo
2419 3074 2638 3128 luceant
2672 3089 2855 3130 coram
2880 3074 3196 3129 hominibus
3238 3087 3406 3145 opera
3429 3072 3595 3138 bona,
3620 3073 3692 3124 ut.

2022 3159 2066 3218 C
2097 3165 2432 3238 gloriﬁcetur
2460 3165 2624 3222 Pater
2653 3167 2749 3239 qui
2770 3168 2828 3223 in
2857 3168 3013 3225 cmlis
3046 3176 3133 3224 est
3155 3169 3226 3222 ι’.

1485 3282 1617 3340 CAP.
1648 3281 1738 3337 1V.
1773 3279 1916 3350 Quid
1951 3280 2123 3334 oleum
2154 3279 2211 3332 in
2241 3278 2572 3349 lampadibus
2593 3282 2619 3336 ?

499 3395 750 3451 Τοιοῦτον
800 3397 976 3452 ἔλαιον
1029 3400 1139 3472 ἄρα
1171 3402 1410 3454 κάκεῖνοι
1463 3398 1798 3474 προσέφερον
1832 3403 1890 3454 ἐν
1925 3398 2002 3469 τῷ

429 3489 732 3554 Λευττικῷ,
772 3491 1064 3560 ’Δτρυγον
1082 3493 1308 3557 ἔλαιον,
1327 3493 1606 3561 καθαρὸν,
1633 3490 2004 3562 κεκομμένον

428 3578 654 3632 καῦσαι
711 3579 941 3647 λύχνον
965 3579 1079 3644 ἔξω
1109 3582 1215 3634 τοῦ
1249 3579 1779 3651 καταπετάσματος
1802 3583 2006 3636 ἔναντι

426 3671 668 3738 Κιιρίου.
701 3670 841 3723 Ἀλλ’
865 3671 1091 3736 ἐκείνοις
1121 3673 1218 3745 μὲν
1244 3673 1574 3744 βραχύτατον
1608 3673 1724 3743 φῶς
1754 3674 2008 3745 προσετέ-

427 3776 595 3812 τακτο
651 3759 976 3832 θεραπεύειν
1028 3764 1120 3832 ἀφ’
1168 3763 1407 3834 ἑσπέρας
1430 3766 1510 3829 είς
1545 3764 1640 3818 Eu).
1684 3765 1743 3817 '0
1776 3766 1885 3835 γάρ
1923 3782 2004 3818 τοι

426 3851 620 3922 λύχνος
650 3853 828 3907 αὐτῶν
847 3853 1021 3908 ἔοικεν
1043 3857 1354 3921 εἰκάζεσθαι
1373 3857 1451 3928 τῷ
1492 3857 1634 3928 λόγῳ
1660 3856 2000 3930 προφητικῷ,

425 3943 524 4015 τὴν
550 3945 643 3997 ἐπὶ
673 3946 993 4020 σωφροσύνῃ
1039 3948 1280 4017 φαίνοντι
1316 3949 1643 4022 παρρησίαν,
1673 3951 2004 4023 τρεφόμενος

428 4037 540 4090 ἀπὸ
586 4038 693 4092 τῶν
751 4040 1000 4112 πράξεων
1053 4042 1148 4094 καὶ
1201 4041 1302 4112 τῆς
1342 4041 1578 4106 πίστεως
1620 4043 1712 4097 τοῦ
1767 4043 1928 4097 λαοῦ·
1972 4047 2001 4099 ὁ

427 4129 485 4182 δέ
513 4130 639 4193 ναὸς
686 4129 766 4195 τῷ
796 4131 1178 4200 σχοινίσματι
1223 4133 1335 4200 τῆς
1375 4135 1803 4204 κληρονομίαςο
1853 4136 2002 4188 ἐπει-

428 4220 602 4292 δήπερ
625 4220 813 4292 λύχνος
837 4223 962 4294 περὶ
993 4217 1141 4277 οἷκον
1190 4225 1286 4279 ἕνα
1318 4226 1475 4296 μόνον
1511 4226 1731 4282 δύναται
1769 4228 1998 4297 φαίνειν.

429 4311 544 4383 Πρὸ
573 4311 673 4381 τῆς
695 4313 933 4384 ’ἡμέρας
959 4309 1052 4367 οὖν
1083 4314 1247 4386 ἐχρῆν
1273 4315 1460 4371 τοῦτον
1489 4317 1737 4371 καίεσθαι
1773 4319 1864 4373 τὸν
1909 4318 1996 4371 λύ-

2167 3393 2300 3452 Tale
2334 3396 2587 3452 videlicet
2634 3396 2812 3452 oleum
2859 3404 2917 3453 et
2946 3397 3024 3451 illi
3053 3396 3356 3452 oderebant
3388 3397 3442 3451 in
3474 3397 3644 3452 Leviti

2097 3502 2163 3543 co
2193 3489 2259 3554 ”,
2306 3487 2491 3544 Oleum
2538 3489 2874 3558 defwcatum,
2913 3488 3189 3554 mundum,
3249 3505 3554 3558 expressum
3611 3491 3682 3564 ad

2100 3581 2294 3645 lumen,
2317 3590 2376 3634 ut
2408 3581 2594 3635 ardeat
2619 3582 2836 3636 lucerna
2863 3593 3014 3636 extra
3036 3582 3204 3637 velum
3227 3591 3350 3636 ante
3371 3582 3654 3637 Dominum
3665 3565 3686 3638 .’

2105 3673 2212 3729 Sed
2252 3673 2362 3729 illis
2397 3673 2618 3743 quidem
2674 3673 2993 3727 mandatum
3045 3681 3164 3729 erat
3199 3683 3258 3728 ut
3292 3673 3681 3730 brevissimum

2105 3766 2292 3820 lumen
2330 3781 2361 3819 a
2393 3780 2620 3836 vespera
2650 3781 2826 3835 usque
2863 3781 3021 3822 mane
3044 3774 3322 3823 curarent.
3353 3767 3534 3833 Quare
3563 3768 3688 3842 illo-V

2101 3873 2223 3912 rum
2285 3857 2506 3911 lucerna
2555 3856 2933 3927 propheticum
2981 3874 3286 3913 sermonem
3327 3859 3683 3915 similitudine

2102 3949 2336 4021 quadam
2367 3950 2586 4005 videtur
2613 3949 2841 4015 referre,
2883 3951 3202 4021 profitendae
3227 3953 3498 4008 castitatis
3544 3953 3684 4008 ﬁdu-

2101 4042 2240 4096 ciam
2287 4046 2682 4104 ostentantem,
2711 4055 2777 4094 ex
2809 4039 2994 4109 populi
3024 4039 3330 4095 actionibus
3362 4047 3416 4094 et
3441 4039 3544 4094 ﬁde
3588 4040 3686 4093 ali-

2099 4137 2343 4186 mentum
2383 4130 2697 4186 habentem.
2733 4129 3018 4200 Templum
3049 4146 3176 4185 vero
3203 4129 3282 4201 [in
3314 4145 3421 4200 quo
3455 4129 3679 4186 lucerna

2107 4224 2353 4297 ardebat]
2383 4225 2485 4280 rite
2510 4225 2576 4280 ad
2603 4224 2898 4293 funiculum
2924 4224 3249 4280 Itazreditatis
3275 4225 3321 4257 ³⁸
3344 4225 3432 4289 (ad
3455 4211 3696 4281 domum.

2106 4317 2295 4390 Israel)
2325 4318 2578 4374 refertur.
2611 4317 2858 4375 Lucerna
2891 4319 3109 4390 quippe,
3158 4319 3214 4372 in
3253 4333 3361 4373 una
3413 4318 3681 4374 duntaxat

429 4423 573 4476 χνον.
603 4408 916 4462 Καύσουσι
941 4407 1048 4480 γὰρ
1073 4409 1279 4474 αὐτὸν,
1307 4412 1489 4480 φησὶν,
1518 4410 1628 4477 ἕως
1656 4413 1820 4481 πρωΐ·
1851 4430 1999 4467 τουτ-

2110 4409 2292 4464 lucere
2313 4408 2477 4464 domo
2506 4417 2708 4480 potest.
2741 4411 2881 4466 Ante
2905 4409 3046 4465 diem
3083 4410 3248 4479 igitur
3281 4409 3424 4463 hanc
3455 4410 3682 4480 accendi

431 4498 608 4563 ἐστιν,
660 4500 763 4562 ἕως
813 4503 1113 4574 παρουσίας
1141 4503 1230 4556 τοῦ
1254 4504 1508 4576 Χριστοῦ·
1541 4504 1643 4566 ὅτι,
1675 4503 1767 4559 τοῦ
1819 4506 1999 4559 Ἠλίου

431 4590 529 4659 τῆς
560 4591 782 4659 ἁγνείας
839 4593 1214 4658 ἀνατείλαντος
1266 4596 1360 4649 καὶ
1400 4594 1502 4665 τῆς
1551 4595 1915 4668 δικαιοσύνης,
1936 4597 1996 4650 οὐ

431 4680 587 4750 χρεία
625 4679 840 4750 λύχνου.

503 4837 665 4891 Ὅσον
694 4836 794 4907 μὲν
820 4833 912 4891 οὖν
935 4840 963 4892 ό
987 4838 1113 4902 λαὸς
1143 4843 1348 4906 ἐκεῖνος
1381 4843 1570 4913 χρόνον
1592 4845 1999 4917 άπεθησαύρισε

427 4928 496 4981 τά
517 4927 786 5000 τρέφοντα
835 4928 926 4981 τὸν
977 4929 1186 5002 λύχνον,
1231 4935 1577 5006 ἐπιχορηγῶν
1620 4937 1681 4989 τὸ
1713 4937 1887 4990 ἔλαιον
1911 4937 1999 4991 διά

429 5019 536 5072 τῶν
561 5020 757 5092 ἔργων,
781 5020 810 5072 ὁ
849 5019 1038 5092 λύχνος
1065 5023 1246 5088 αὐτοῖς
1268 5025 1366 5078 οὐκ
1396 5026 1616 5080 ἐσϐεστο
1656 5028 1755 5099 τῆς
1784 5046 1998 5101 σωφρο-

432 5111 615 5182 σύνης,
663 5113 777 5167 ἀλλ’
815 5109 882 5186 ἦν
931 5117 1249 5186 φαινόμενος
1303 5121 1390 5174 ἀεὶ
1439 5122 1534 5174 καὶ
1561 5122 1792 5193 λάμπων
1832 5125 1889 5176 ἐν
1922 5123 2000 5194 τῷ

432 5207 813 5277 σχοινίσματι
836 5208 946 5278 τῆς
975 5214 1393 5282 κληρονομίας.
1433 5216 1562 5268 Ὅτε
1592 5215 1648 5268 δέ
1682 5216 1907 5270 ἐπέλιπε
1941 5216 2004 5270 τὸ

431 5295 626 5361 ἔλαιον,
656 5298 764 5352 ἀπὸ
808 5301 906 5371 τῆς
929 5301 1165 5365 πίστεως
1190 5305 1268 5366 εἰς
1300 5304 1596 5358 ἀκολασίαν
1622 5305 1800 5360 αὐτῶν
1823 5308 2004 5378 ἐκτρο-

431 5389 825 5462 παλιξομένων,
876 5396 905 5446 ό
972 5394 1162 5466 λύχνος
1205 5397 1373 5468 ἄρδην
1417 5398 1728 5470 ἀπεσϐέσθη
1755 5417 1768 5431 ⁸
1806 5402 1892 5454 ἵνα
1940 5400 2002 5472 δὴ

431 5483 591 5536 πάλιν
631 5482 1010 5556 ἐξαστράψωσι
1055 5488 1154 5552 τὰς
1201 5489 1485 5561 λαμπάδας
1531 5493 1852 5564 ἐπαλλήλοις
1883 5495 2002 5548 δια-

431 5575 632 5646 δοχαῖς,
680 5577 886 5633 ἄνωθεν
916 5581 970 5634 αἱ
1015 5580 1272 5654 παρθένοι
1309 5581 1386 5654 τῷ
1419 5585 1609 5658 κόσμῳ
1633 5585 2002 5657 πυρσεύουσαι

2109 4502 2413 4573 oportebat.
2445 4502 2909 4556 Accendantenim
2937 4501 3092 4566 hanc,
3121 4501 3215 4567 ait,
3250 4518 3410 4572 usque
3439 4519 3591 4555 mane
3611 4503 3679 4564 ",

2106 4596 2211 4650 hoc
2262 4605 2346 4652 est
2397 4611 2573 4666 usque
2621 4598 2687 4652 ad
2735 4598 3026 4653 adventum
3077 4596 3298 4653 Christi.
3336 4595 3682 4668 Virginitatis

2106 4688 2309 4744 etenim
2338 4697 2392 4744 et
2414 4689 2641 4759 justitiaz
2664 4698 2856 4745 exorto
2891 4688 3016 4747 Sole
3043 4690 3109 4754 ’⁵,
3136 4689 3271 4745 nihil
3294 4689 3407 4760 jam
3445 4690 3683 4744 lucernae

2112 4785 2400 4914 ονὸῖαῖξῖἓ)
2451 4849 2617 4920 igitur
2639 4858 2882 4922 tempore
2939 4852 3174 4920 populus
3219 4851 3308 4907 ille
3359 4865 3480 4920 quae
3523 4858 3683 4904 erant

2108 4939 2315 4993 alenda:
2342 4940 2578 4995 lucerna
2595 4941 2867 5013 suggessit
2888 4940 3105 5011 (nempe
3124 4939 3481 5011 suppeditans
3499 4939 3681 4993 oleum

2108 5047 2204 5102 per
2235 5034 2682 5103 Opera),lucerna
2710 5034 2976 5089 castitatis
3001 5035 3080 5090 eis
3100 5033 3428 5089 inexstincta
3446 5031 3679 5098 mansit;

2106 5129 2330 5192 eratque
2359 5139 2571 5194 semper
2604 5126 2793 5180 lucens
2819 5133 2874 5180 et
2908 5123 3198 5194 splendens
3231 5124 3288 5177 in
3321 5123 3556 5192 funiculo
3579 5121 3684 5175 lue-

2109 5213 2373 5270 reditatis.
2405 5216 2538 5272 Oleo
2572 5224 2754 5272 autem
2785 5217 3091 5282 deﬁciente,
3123 5217 3232 5273 illis
3267 5234 3297 5268 ιι
3326 5214 3431 5270 ﬁde
3469 5213 3535 5269 ad
3582 5228 3680 5283 pe-

2109 5307 2396 5361 tulantiam
2426 5309 2621 5372 versis,
2649 5308 2872 5362 lucerna
2901 5308 3120 5377 penitus
3152 5307 3442 5368 exstincta,
3497 5303 3683 5360 lucere

2109 5399 2190 5454 eis
2229 5397 2431 5454 desiit:
2477 5414 2587 5468 quo
2619 5399 2874 5452 nimirum
2916 5400 3143 5454 alternis
3189 5413 3406 5452 rursum
3441 5397 3683 5468 virgines

2110 5490 2576 5554 successionibus,
2607 5490 2758 5544 velut
2783 5491 3002 5544 caelitus
3035 5490 3255 5559 praelata
3271 5489 3405 5546 .face
3441 5490 3683 5542 incorru-

2109 5587 2346 5657 ptionem
2371 5581 2574 5638 mundo
2598 5582 2913 5648 inferentes,
2937 5584 3055 5638 laete
3078 5583 3325 5639 accensis
3341 5582 3685 5652 lampadibus

506 5762 551 5792 "
574 5743 820 5834 ιιιςξιιι,
853 5746 959 5824 ω.
1020 5771 1061 5801 ’⁸
1087 5767 1277 5824 Matth.
1307 5786 1359 5835 v,
1382 5773 1434 5828 σ.
1513 5769 1735 5827 "Leuit.
1772 5787 1916 5839 sxw,
1937 5771 1990 5827 Ξ.

2103 5769 2414 5842 ⁵Ρεαί.οιν,
2442 5769 2527 5828 ll.
2607 5768 2836 5824 “Leuit.
2871 5784 2999 5823 xxiv
3058 5768 3113 5824 5.
3191 5769 3236 5802 “
3259 5767 3494 5824 Malae/1.
3529 5783 3602 5834 xv,
3626 5764 3680 5822 2.
