4140 6484
458 287 561 343 “9

1430 289 1489 343 S.
1531 289 1864 345 METﬂODll
1905 290 2214 348 EPISCOPI
2254 292 2341 346 ET
2380 290 2739 347 MARTYBIS

3591 297 3690 353 120

452 405 914 477 splendescerent.
943 404 1481 463 Subministrandum
1510 408 1678 480 igitur
1706 425 1853 466 nunc
1887 426 2012 482 quo-

2124 413 2224 485 τὴν
2254 413 2581 484 ἀφθαρσίαν.
2604 413 2950 485 Χορηγητέον
2978 409 3071 468 οὖν
3091 412 3232 485 δὴτδ
3252 415 3484 489 ἄτρυγον
3511 415 3693 471 ἔλαιον

452 508 560 569 qua
594 497 872 553 afﬂuenter
902 496 1223 552 defaecatum
1248 499 1519 555 bonorum
1551 516 1779 573 operum
1811 512 1866 559 et
1895 520 2024 572 pru-

452 589 658 646 dentia:
686 590 883 653 oleum,
928 589 1001 644 ab
1045 589 1194 644 omni
1243 590 1500 647 deorsum
1543 602 1804 664 gravante
1824 608 2020 650 corru-

452 682 635 754 ptione
653 681 1034 751 depurgatum,
1064 698 1133 737 ne
1160 696 1368 737 moram
1394 682 1628 742 faciente
1649 685 1884 757 Sponso,
1919 703 2023 743 no-

448 781 575 828 stra:
591 772 754 826 etiam
787 773 989 841 pariter
1006 773 1284 844 lampades
1313 776 1749 848 exstinguantur.
1772 779 1921 835 Mora
1943 781 2023 835 vi-

446 863 640 918 delicet
670 860 867 933 Spousi
901 874 1113 936 tempus
1143 875 1229 921 est
1251 867 1398 937 quod
1428 869 1555 924 hinc
1575 869 1643 924 ad
1661 870 1863 926 Christi
1887 871 2018 926 ulti-

444 972 592 1010 mum
621 958 912 1011 adventum
941 958 1266 1027 intercedit;
1293 961 1615 1019 dormitatio
1632 978 1765 1019 vero
1796 970 1851 1019 et
1879 979 2021 1019 som-

444 1064 551 1103 nus
588 1047 880 1119 virginum,
911 1065 1169 1106 excessus
1203 1067 1234 1107 e
1265 1053 1417 1121 vita;
1450 1070 1559 1111 nox
1588 1062 1768 1111 autem
1819 1054 2017 1122 media,

444 1155 670 1211 regnum
700 1139 1043 1207 Antichristi,
1100 1144 1323 1214 quando
1353 1146 1751 1202 esterminator
1792 1146 2019 1218 angelus

444 1231 700 1287 transibit
730 1247 827 1303 per
860 1232 1052 1288 domos
1081 1233 1146 1287 ’⁸.
1178 1235 1396 1290 Clamor
1416 1251 1569 1302 vero,
1603 1235 1738 1291 Ecce
1781 1236 2017 1306 Sponsus

442 1323 601 1388 tenit,
623 1324 760 1378 exite
803 1322 1008 1378 obviam
1035 1326 1087 1379 ei
1127 1326 1171 1357 ’⁷
1191 1341 1211 1378 :
1238 1341 1342 1381 vox
1369 1336 1455 1383 est
1493 1328 1560 1383 de
1587 1328 1743 1384 ctelis
1774 1336 1830 1384 et
1864 1328 2016 1393 tuba,

441 1414 663 1485 quando
701 1414 902 1481 sancti,
927 1416 1147 1473 cunctis
1173 1431 1368 1473 eorum
1399 1418 1741 1474 resuscitatis
1766 1419 2012 1490 corpori-

440 1508 565 1574 bus,
595 1508 651 1562 in
675 1507 914 1565 nubibus
945 1509 1083 1581 rapti
1112 1509 1415 1581 precedent
1466 1511 1525 1566 in
1565 1526 1860 1568 occursum
1913 1508 2017 1565 Do.

442 1600 578 1656 mini
609 1602 655 1632 "

2125 505 2220 560 καὶ
2247 505 2340 559 νῦν
2365 505 2472 560 τῶν
2505 504 2683 558 καλῶν
2721 504 2897 577 ἔργων
2930 505 3101 570 ἀδεῶς
3140 508 3234 559 καὶ
3264 506 3364 577 τῆς
3396 508 3687 574 συνέσεως,

2122 593 2305 665 πάσης
2331 594 2480 648 κάτω
2519 592 2810 666 βριθούσης
2839 594 3199 666 ἀφυλισμένον
3227 596 3430 669 φθορᾶς
3453 615 3468 629 ·
3499 598 3587 653 ἵνα
3614 599 3688 671 μὴ

2120 687 2465 756 χρονίσαντος
2511 686 2611 740 τοῦ
2657 686 2947 758 Νυμφίου,
3001 687 3302 742 σϐεσθῶσιν
3335 690 3537 760 ὁμοίως
3593 693 3689 745 καὶ

2121 776 2277 847 ἡμῶν
2299 778 2355 831 αί
2381 776 2679 848 λαμπάδες.
2711 778 2768 832 ’0
2799 779 2909 850 γάρ
2931 795 3014 831 τοι
3035 780 3324 850 χρονισμὸς
3359 781 3477 833 ἐστι
3504 781 3565 835 τὺ
3584 781 3690 855 πρὸ

2118 866 2217 936 τῆς
2247 867 2549 938 παρουσίας
2577 866 2851 938 διάστημα
2900 867 2995 922 τοῦ
3023 869 3281 940 Χριστοῦ.
3327 870 3386 923 Ὁ
3420 870 3478 924 δὲ
3500 887 3693 925 νυστα-

2119 956 2260 1025 γμὸς
2292 956 2386 1010 καὶ
2407 958 2439 1027 ἡ
2460 957 2713 1028 κοίμησις
2741 956 2851 1011 τῶν
2874 958 3178 1030 παρθένων,
3203 961 3236 1031 ἡ
3260 958 3436 1026 ἔξοδος
3459 960 3568 1014 ἀπὸ
3593 961 3688 1014 τοῦ

2119 1044 2258 1117 βίου.
2286 1045 2359 1098 Τὸ
2387 1045 2443 1099 δὲ
2490 1044 2833 1117 μεσονύκτιον
2862 1048 2896 1115 ἡ
2931 1045 3177 1116 βασιλεία
3201 1046 3294 1100 τοῦ
3319 1048 3685 1120 ἀντιχρίστου,

2118 1135 2239 1191 καθ’
2255 1138 2320 1208 ἢν
2341 1140 2370 1190 ὁ
2388 1138 2508 1191 ὀλοθ
2518 1139 2711 1210 ρευτὴς
2731 1138 2958 1207 ἄγγελος
2978 1140 3472 1211 ἐωπορεύεταιτάς
3489 1142 3684 1205 οἰκίας.

2130 1237 2195 1289 Ἦ
2251 1235 2307 1288 δὲ
2362 1235 2575 1308 κραυγὴ
2614 1237 2649 1306 ἡ
2695 1235 2961 1306 γενομένη
3019 1237 3114 1289 καὶ
3174 1236 3425 1305 λέγουσα,
3463 1237 3609 1291 Ἰδοὺ
3654 1240 3689 1291 ὁ

2114 1327 2386 1394 Νυμφίος
2423 1325 2675 1393 ἔρχεται,
2729 1324 3046 1396 ἐξέρχεσθε
3082 1328 3170 1393 εἰς
3203 1327 3545 1395 ἀπάντησιν
3574 1329 3686 1382 αὐ-

2121 1419 2249 1483 τοῦ,
2282 1417 2428 1472 ἐστιν
2469 1420 2503 1489 ἡ
2551 1418 2701 1490 φωνὴ
2745 1421 2779 1491 η
2814 1419 2921 1473 ἀπὸ
2944 1419 3054 1475 τῶν
3091 1420 3336 1491 οὐρανῶν
3361 1421 3456 1474 καὶ
3487 1422 3521 1492 ἡ
3561 1420 3691 1475 σάλ-

2117 1510 2268 1579 πιγξ,
2309 1510 2469 1564 ὁπότε
2517 1511 2733 1566 πάντων
2766 1511 3176 1579 ἐξαναστάντων
3227 1515 3411 1578 αὐτοῖς
3452 1516 3500 1567 oi
3541 1514 3687 1583 ἀγιοι

2115 1600 2221 1656 τῶν
2255 1601 2521 1672 σωμάτων
2553 1600 2647 1654 ἐπὶ
2693 1602 2930 1672 νεφελῶν
2960 1604 3271 1675 οἰχήσονται
3293 1606 3375 1669 είς
3395 1605 3493 1676 τὴν
3517 1605 3689 1660 ἀπάν-

2120 1709 2273 1765 τησιν
2300 1676 2673 1763 ἁρπασθέντες
2699 1691 2795 1746 τοῦ
2829 1694 3059 1765 Κυρίου.

507 1782 918 1842 Observandum
949 1788 1095 1843 enim
1123 1795 1209 1844 est
1238 1788 1444 1844 dixisse
1476 1787 1816 1858 Scripturam
1839 1828 1856 1855 ,
1888 1796 2012 1858 post

2188 1783 2521 1856 Προσεκτέον
2551 1783 2682 1857 γάρ,
2716 1786 2799 1839 ὃτι
2830 1785 2969 1857 μετά
2990 1785 3089 1858 τὴν
3117 1786 3363 1859 κραυγὴν
3393 1785 3691 1857 ὲγηγέρθαι

437 1878 731 1933 clamorem
744 1882 1130 1938 exsurrexisse
1145 1896 1338 1937 omnes
1372 1880 1643 1951 virgines;
1658 1889 1782 1950 post
1801 1879 2014 1935 scilicet

435 1969 716 2041 delapsum
747 1986 778 2027 e
805 1972 961 2029 ctelis
1011 1973 1309 2029 clamorem
1330 2013 1346 2037 ,
1403 1979 1652 2029 mortuos
1682 1987 1806 2028 esse
1836 1970 2015 2029 susci-

437 2064 652 2131 tandos,
686 2067 1143 2139 quemadmodum
1174 2074 1228 2122 et
1258 2065 1467 2122 Paulus
1520 2065 1759 2138 quodam
1812 2066 1934 2121 loco
1963 2064 2009 2097 ”

439 2157 714 2220 admonet,
745 2157 866 2228 Ipse
917 2158 1199 2226 Dominus,
1253 2158 1531 2230 inquiens,
1564 2160 1620 2213 in
1654 2158 1815 2227 jussu
1862 2166 1912 2212 et
1953 2157 2011 2211 iis

437 2263 560 2303 noce
600 2248 920 2321 archangeli,
960 2259 1011 2304 et
1045 2251 1100 2304 in
1148 2250 1275 2305 tuba
1316 2250 1415 2306 Dei
1454 2248 1727 2306 descendet
1752 2248 1818 2304 de
1844 2249 2007 2312 creto,

433 2349 483 2392 rt
514 2341 710 2394 mortui
734 2342 825 2410 qui
866 2342 924 2397 in
965 2341 1177 2399 Christo
1200 2352 1358 2409 sunt,
1386 2350 1659 2414 resurgent
1691 2342 1872 2410 primi,
1905 2340 2011 2397 hoc

433 2442 518 2490 est
549 2446 820 2503 corpora;
851 2432 943 2487 illa
965 2432 1113 2489 enim
1137 2441 1351 2488 mortua
1381 2440 1532 2502 sunt,
1561 2432 1783 2488 amissis
1809 2431 2013 2486 anima-

434 2525 558 2581 bus.
588 2523 790 2580 Deinde
817 2541 912 2580 nos
947 2525 1040 2596 qui
1093 2526 1335 2591 vivimus,
1373 2525 1534 2580 simul
1586 2525 1854 2594 rapiemur
1892 2539 2011 2578 cum

432 2616 564 2681 illis,
595 2616 810 2674 animas
835 2616 1173 2689 significans.
1206 2617 1318 2674 Nos
1338 2618 1486 2674 enim
1525 2618 1619 2687 qui
1644 2631 1772 2673 vere
1804 2630 1869 2670 ac
1886 2629 2013 2686 pro-

434 2708 550 2779 prie
581 2708 837 2773 vivimus,
857 2710 1054 2765 animae
1080 2724 1307 2777 sumus;
1343 2725 1465 2781 qua:
1502 2724 1628 2765 cum
1661 2707 2009 2778 corporibus,

430 2799 502 2856 iis
557 2801 874 2871 resumptis,
919 2800 977 2856 in
1011 2802 1251 2858 nubibus
1299 2815 1678 2868 occurremus,
1729 2796 2008 2870 lampades

434 2892 670 2948 ferentes
701 2902 946 2959 ornatas,
998 2908 1111 2950 non
1158 2893 1337 2950 alieno
1380 2902 1434 2950 et
1464 2892 1746 2948 mundano
1786 2898 2009 2953 ornatu,

433 2984 529 3040 sed
564 3000 686 3056 quae
714 2985 1016 3055 prudentia
1035 2992 1091 3040 et
1142 2986 1433 3052 castitatis,
1475 2992 1750 3042 astrorum
1777 2984 1885 3038 ritu
1904 2982 2013 3038 late

429 3075 592 3147 iubar
626 3078 860 3142 vibrent,
889 3076 1124 3133 aethereo
1146 3077 1436 3148 splendore
1466 3077 1876 3148 plenissimum.

2120 1885 2302 1946 πάσας
2354 1881 2456 1952 ἔφη
2504 1883 2605 1947 τὰς
2651 1882 2953 1954 παρθένους
3001 1883 3030 1935 ὁ
3057 1882 3239 1950 λόγος’
3274 1880 3516 1936 τουτέστι
3552 1879 3692 1953 μετὰ

2116 1976 2216 2047 τὴν
2262 1977 2326 2029 ὲκ
2365 1974 2474 2028 τῶν
2519 1975 2763 2047 οὐρανῶν
2795 1975 3101 2045 ἐνεχθεῖσαν
3133 1973 3259 2046 βοὴν
3288 1973 3691 2045 ἀναστήσεσθαι

2116 2066 2242 2129 τοὺς
2285 2065 2544 2138 νεκροὺς,
2588 2064 2663 2130 ὥς
2706 2083 2808 2120 που
2860 2064 2952 2120 καὶ
2996 2064 3204 2129 Παῦλος
3252 2066 3560 2135 παρεγγυᾷ,
3603 2065 3693 2119 ὅτε

2110 2154 2299 2217 Αὐτὸς
2325 2160 2361 2214 ό
2386 2160 2622 2228 Κύριος,
2653 2157 2846 2228 λέγων,
2875 2158 2946 2212 ἐν
2982 2159 3363 2226 κελεύσματι,
3409 2157 3479 2210 ἐν
3520 2153 3690 2224 φωνῇ

2114 2249 2515 2322 ἀρχαγγέλου,
2552 2251 2652 2305 καὶ
2681 2250 2752 2304 ἐν
2781 2250 3067 2320 σάλπιγγι
3105 2247 3252 2302 Θεοῦ
3292 2245 3689 2313 καταϐήσεται

2116 2342 2216 2397 ἀπ’
2247 2340 2529 2409 οὐρανοῦ,
2560 2341 2659 2395 καί
2706 2343 2761 2395 οι
2809 2340 3008 2408 νεκροὶ
3049 2340 3121 2394 ἐν
3144 2339 3376 2408 Χριστῷ
3422 2336 3691 2404 timenti-

2116 2450 2327 2489 σονται
2353 2431 2588 2502 πρῶτον
2608 2450 2621 2463 ·
2653 2432 2899 2486 τουτέστι
2939 2430 3010 2484 τά
3046 2430 3377 2502 σκηνώματα
3407 2430 3543 2500 (88)·
3575 2431 3691 2482 ἑνε-

2116 2523 2408 2595 κρώθησαν
2449 2521 2559 2594 γὰρ
2603 2522 3061 2593 ἀπαμφιασθέντα
3088 2522 3194 2576 τῶν
3233 2520 3691 2592 ψυχῶν.¹Ἐπειτα

2115 2615 2288 2685 ἡμεῖς
2315 2618 2367 2669 οἱ
2400 2613 2608 2680 ζῶντες
2638 2613 2759 2683 ἅμα
2798 2613 2919 2668 σὺν
2959 2613 3164 2681 αὐτοῖς
3203 2613 3687 2683 ἁρπαγησόμεθα,

2116 2709 2212 2772 τὰς
2227 2707 2401 2778 ψυχὰς
2419 2706 2610 2775 λέγων.
2628 2706 2818 2777 Ἡμεῖς
2839 2706 2947 2778 γὰρ
2970 2708 3172 2779 κυρίως
3191 2709 3240 2760 οἱ
3271 2705 3493 2770 ζῶντες,
3518 2704 3691 2775 ἐσμὲν

2116 2801 2173 2855 αἱ
2212 2798 2402 2868 ψυχαὶ,
2432 2797 2633 2859 αἵτινες
2678 2795 2817 2867 μετά
2862 2796 2968 2851 τῶν
3002 2796 3288 2866 σωμάτων,
3339 2792 3693 2863 ἀπειληφυίαι

2115 2889 2309 2954 ταῦτα,
2356 2890 2414 2943 ὲν
2460 2885 2710 2956 νεφέλαις
2762 2887 3211 2958 ἀπαντησόμεθα,
3254 2884 3354 2949 τάς
3402 2882 3691 2955 λαμπάδας

2118 2982 2379 3053 φέρουσαι
2412 2978 2828 3049 κεκοσμημένας
2869 2979 2967 3031 οὐκ
3000 2977 3262 3050 ἀλλοτρίῳ
3302 2976 3395 3030 καὶ
3439 2970 3691 3044 κοσμικῷ

2114 3089 2243 3135 τινι,
2278 3068 2417 3123 ἀλλά
2460 3067 2524 3120 τὸ
2564 3067 2876 3139 φρονήσεως
2929 3068 3025 3127 καὶ
3069 3064 3441 3139 σωφροσύνης,
3474 3063 3693 3133 ἄστρων

432 3173 588 3247 δίκην
632 3174 1084 3238 ἀποστιλϐόντων,
1116 3173 1274 3238 σέλας
1319 3175 1491 3246 αὐγῆς
1527 3173 1764 3244 αἰθερίου
1799 3170 2241 3245 πεπληρωμένον-

1583 3337 1714 3394 Cap.
1746 3337 1813 3394 ν.
1848 3331 2183 3408 Virginitatis
2212 3328 2512 3401 praemium.

502 3471 629 3529 Haec
664 3484 1019 3545 nostrorum,
1048 3494 1083 3534 o
1126 3480 1370 3551 pulchrae
1390 3480 1653 3551 virgines,
1698 3479 1847 3549 orgia
1880 3493 2001 3549 my-

2176 3467 2363 3525 Ταῦτα
2400 3467 2508 3522 τῶν
2543 3465 2852 3537 ἡμετέρων,
2883 3457 2928 3517 ὦ
2952 3460 3390 3532 καλλιπάρθενοι,
3424 3458 3494 3512 τὰ
3530 3458 3691 3532 ὄργια

432 3561 758 3618 steriorum:
792 3563 875 3620 hae
896 3580 1086 3621 earum
1119 3582 1243 3638 qua:
1268 3568 1603 3639 virginitatis
1626 3569 1739 3623 ritu
1775 3567 2001 3622 initian-

2111 3561 2453 3637 μυστηρίων·
2502 3550 2661 3613 αὗται
2705 3554 2813 3610 τῶν
2844 3556 2901 3609 ἐν
2930 3552 3194 3626 παρθενίᾳ
3229 3548 3687 3623 μυσταγωγηθέν-

434 3659 546 3716 tur,
580 3652 907 3712 caerimoniae
929 3672 1246 3715 sacrorum:
1282 3659 1388 3715 ista
1416 3661 1642 3730 praemia
1665 3660 1714 3692 "
1742 3660 2006 3715 immacu-

2116 3674 2217 3711 των
2249 3656 2307 3709 αἱ
2336 3651 2581 3707 τελεταί·
2622 3648 2794 3704 ταῦτα
2841 3647 2909 3701 τὰ
2961 3646 3214 3717 ἐπίχειρα
3251 3644 3358 3698 τῶν
3405 3641 3691 3711 ἀμιάντων

408 3804 411 3807 λ
434 3744 666 3799 latorum
680 3747 947 3803 castitatis
962 3750 1343 3805 certaminum.
1361 3749 1540 3807 Verbo
1555 3752 1847 3822 desponsa,
1861 3759 2013 3806 aeter-

433 3850 561 3890 nam
594 3835 1020 3908 incorruptionis
1073 3840 1254 3896 dotem
1282 3882 1299 3909 ,
1332 3856 1592 3898 coronam
1627 3858 1693 3898 ac
1722 3843 1942 3898 divitias
1976 3857 2008 3897 a

431 3920 598 3981 Patre
628 3928 872 3997 accipio;
908 3938 962 3984 et
987 3930 1043 3984 in
1086 3932 1286 3987 saecula
1342 3932 1642 4004 triumpho,
1705 3932 2008 4004 splendidis

434 4018 1056 4079 etimmarcescibilihus
1117 4024 1397 4095 sapientiae
1430 4025 1657 4081 floribus
1713 4033 2006 4080 coronata:

436 4122 561 4163 cum
590 4108 809 4167 Christo
839 4114 1340 4186 prtemialargiente
1365 4117 1422 4171 in
1451 4116 1593 4171 caelo
1621 4115 1824 4171 choros
1843 4115 2006 4178 duco,

434 4196 581 4251 circa
612 4201 880 4272 principio
899 4210 1177 4260 carentem
1190 4211 1244 4260 et
1267 4205 1336 4260 ab
1363 4206 1514 4261 omni
1537 4210 1833 4262 immunem
1867 4205 2009 4261 inte-

434 4291 547 4345 ritu
581 4288 804 4364 Regem.
837 4294 1127 4368 Nunquam
1156 4299 1521 4355 occidentium
1573 4308 1734 4354 nacta
1779 4313 1900 4355 sum
1928 4296 2010 4352 fa-

2116 3748 2290 3802 ἀθλων
2320 3746 2421 3816 τῆς
2454 3740 2823 3814 σωφροσύνης.
2863 3736 3226 3808 Νυμφεύομαι
3264 3752 3342 3804 τῳ
3384 3734 3559 3803 Λόγῳ,
3593 3732 3688 3786 καὶ

2114 3840 2204 3894 τὸν
2243 3837 2409 3893 ἀΐδιον
2438 3835 2536 3907 τῆς
2566 3830 2875 3903 ἀφθαρσίας
2904 3832 3102 3901 προῖκα
3136 3826 3396 3897 λαμϐάνω
3424 3824 3688 3893 στέφανον

2114 3932 2209 3987 καὶ
2241 3928 2469 3984 πλοῦτον
2508 3925 2657 3997 παρά
2684 3923 2778 3976 τοῦ
2815 3921 3062 3992 Πατρός⁸
3110 3920 3204 3973 καὶ
3257 3919 3314 3970 ὲν
3361 3919 3472 3975 τοῖς
3527 3912 3687 3968 αἰῶσι

2114 4017 2596 4091 στεφανηφοροῦσα
2627 4013 2894 4086 πομπεύω
2921 4011 2991 4065 τὰ
3015 4009 3242 4081 λαμπρά
3272 4008 3367 4062 καὶ
3398 4006 3689 4078 ἀμάραντα

2110 4115 2207 4185 τῆς
2238 4111 2429 4181 σοφίας
2460 4107 2622 4179 ἀνθη’
2656 4102 2967 4175 συγχορεύω
2990 4101 3307 4176 βραϐεύοντι
3347 4097 3425 4168 τῷ
3468 4094 3687 4167 Χριστῷ

2112 4206 2231 4258 κατ’
2263 4200 2512 4273 οὐρανὸν,
2545 4197 2688 4270 ἀμφὶ
2709 4197 2799 4250 τὸν
2827 4194 3057 4266 ἄναρχον
3088 4193 3182 4247 καὶ
3199 4190 3499 4261 ἀνώλεθρον
3521 4188 3685 4240 Βασι-

2110 4295 2225 4350 λέα.
2245 4293 2475 4348 Ἀδύτων
2509 4289 2707 4360 γέγονα
2744 4284 3169 4360 λαμπαδηφόρος
3201 4282 3391 4352 φώτων
3422 4280 3559 4350 (89),
3592 4278 3694 4336 καὶ.

539 4467 587 4499 ³⁸
624 4466 796 4522 Exod.
830 4488 906 4538 χι,
934 4473 988 4526 ιί.
1064 4473 1109 4505 ⁸⁷
1149 4472 1343 4529 Matth.
1373 4491 1500 4541 xxv,
1528 4473 1582 4531 6.
1659 4474 1706 4507 '°
1746 4472 1777 4528 Ι
1812 4474 1994 4530 Thess.

2133 4472 2220 4527 i6.
2295 4473 2340 4505 ⁸³
2378 4470 2507 4525 ibid.
2539 4485 2615 4533 tv,
2652 4468 2757 4534 15,
2799 4466 2885 4522 lli.
2966 4465 3011 4497 ³⁰
3052 4462 3179 4532 Sap.
3211 4476 3296 4528 ιν,
3344 4460 3401 4514 2.

506 4650 620 4727 (88)
654 4653 928 4727 Tauream
949 4654 1021 4708 τὰ
1040 4655 1418 4727 σκηνώματα.
1445 4655 1590 4712 Dura
1611 4656 1727 4712 haec
1754 4655 2009 4712 Methodii

433 4723 724 4793 expositio.
765 4723 963 4779 Verum
1012 4723 1258 4795 quidem'
1285 4729 1606 4783 suscitanda
1655 4729 2009 4781 tabernacula

433 4809 555 4868 quae
580 4795 911 4856 ceciderant,
947 4797 1000 4868 id
1028 4806 1112 4852 est
1141 4813 1407 4868 corpora;
1447 4799 1543 4854 sed
1587 4799 1803 4868 illorum
1833 4797 2005 4852 susci-

2115 4654 2355 4710 nohilior
2382 4667 2529 4724 pars,
2560 4657 2622 4724 et_
2652 4649 2771 4719 ejus
2798 4654 2912 4701 tota
2940 4644 3098 4724 quasi
3138 4640 3468 4724 hypostasis,
3500 4640 3627 4724 ipsa.
3654 4654 3687 4692 α

2117 4742 2176 4781 se
2223 4711 2553 4785 subsistens,
2608 4711 2819 4787 hocque
2859 4711 3019 4791 nacta
3046 4715 3097 4769 vi
3119 4711 3249 4791 sua:
3286 4711 3691 4791 productionis,

2117 4795 2227 4850 Deo
2251 4794 2371 4863 ejus
2400 4783 2643 4852 auctore,
2674 4783 2780 4863 nec
2802 4788 3026 4863 materia
3071 4784 3136 4863 ad
3177 4784 3298 4853 ejus
3328 4783 3689 4863 substantiam

433 4855 638 4935 ratione
676 4855 923 4935 resurget
964 4866 1146 4932 homo,
1179 4855 1319 4928 et'in
1351 4855 1641 4923 occursum
1672 4867 1890 4922 Christo
1923 4882 2010 4920 ra-
2040 4875 2086 4930 ι)
2115 4855 2317 4935 aliquid
2358 4858 2695 4935 conferente)
2729 4858 2892 4935 nimis
2913 4855 3387 4935 Platonicum_est,
3438 4865 3541 4935 nec
3584 4864 3687 4935 ne:

433 4934 766 5009 pietur,_nec
798 4920 978 5009 qhivis
1010 4920 1205 5000 homo;
1227 4920 1322 4994 sed
1353 4920 1505 5009 quos
1522 4920 1737 5009 signate
1766 4920 2011 5009 viventes
2041 4920 2079 4930 ν
2112 4920 2412 5009 cessarium
2448 4932 2514 4987 ad
2547 4920 2699 4984 Pauli
2727 4926 3134 5009 intelligentiam
3164 4938 3231 4981 eo
3258 4923 3413 4989 loco;
3440 4920 3509 4975 ad
3526 4933 3693 4990 quem

436 5011 590 5078 vocat
630 5005 947 5078 Apostolus,
996 5024 1059 5061 ac
1098 5024 1328 5078 quorum
1364 5005 1421 5063 se
1452 5005 1647 5064 classis
1687 5008 1855 5073 facit;
1896 5008 2012 5063 sive

434 5073 692 5142 loquatur
712 5077 765 5129 in
799 5075 1003 5148 Christi
1029 5073 1265 5132 fidelium
1300 5087 1724 5148 sanctorumque
1752 5091 2009 5147 persona,

432 5159 664 5213 quorum
700 5147 941 5215 potiores
963 5156 1124 5203 erunt
1154 5156 1336 5217 partes
1359 5152 1411 5202 in
1439 5147 1873 5214 resurrectione;
1900 5148 2019 5202 sive

436 5217 490 5267 in
519 5230 707 5269 eorum
730 5233 870 5287 quos
894 5220 983 5274 illa
1016 5217 1133 5274 dies
1157 5219 1334 5273 adhuc
1365 5220 1606 5275 viventes
1634 5218 1888 5279 offendet.
1916 5218 2014 5287 qui

433 5292 487 5337 et
534 5299 809 5360 momento
854 5289 1286 5343 imtnutahuntur
1317 5307 1330 5343 :
1366 5305 1597 5359 quorum
1654 5291 1770 5360 ipsa
1824 5304 1982 5360 resur

434 5355 606 5429 rectio
638 5362 692 5408 et
733 5372 1022 5422 occursus,
1067 5361 1215 5413 nulla
1252 5355 1513 5429 temporis
1543 5355 1694 5413 mora
1726 5358 2009 5413 antecedet

434 5424 651 5504 illorum
705 5430 1183 5504 resurrectionem,
1227 5424 1458 5504 quorum
1503 5431 1633 5485 olim
1682 5432 1918 5504 resoluta
1952 5429 2008 5481 in

434 5499 648 5567 cineres
678 5511 910 5567 corpora
954 5500 1208 5555 fuerant:
1240 5501 1321 5555 sic
1372 5501 1428 5554 in
1467 5508 1765 5563 momento,
1806 5502 1859 5553 in
1896 5499 2009 5553 ictu

434 5565 616 5645 oculi,
650 5565 879 5645 canente
926 5572 1056 5624 tuba
1105 5583 1391 5645 resurgent
1420 5585 1668 5645 _omnes,
1723 5585 1787 5623 ac
1836 5568 2006 5645 judici

435 5634 658 5689 Christo
691 5639 979 5704 sistentur;
1018 5641 1129 5696 veri
1176 5634 1385 5697 scilicet
1420 5634 1690 5701 homines.
1739 5634 1853 5695 non
1889 5640 2010 5693 ani-

441 5719 578 5775 mm;
610 5722 749 5778 quas
777 5709 1047 5766 hominem
1087 5711 1267 5768 dicere
1301 5720 1395 5767 aut
1422 5713 1553 5768 velle
1579 5712 1745 5781 (quod
1774 5710 2008 5766 hominis

2110 5004 2329 5060 videndi
2355 5005 2699 5071 interpretes.
2728 4997 3014 5071 Contentus.

2183 5058 2296 5145 (g9)
2341 5058 2653 5145 Ἇδύτψ...
2710 5068 2936 5139 φώτων.
2988 5065 3157 5145 Quasi
3208 5058 3695 5145 ἀσόἑστωνμρμω

2113 5137 2392 5215 nunquam
2440 5137 2836 5215 occidant'aut
2865 5140 3329 5215 extinguantur;
3362 5145 3469 5200 qua
3515 5137 3685 5215 meta:

2158 5197 2288 5269 lior'a
2313 5215 2446 5270 solis
2471 5222 2524 5268 et
2551 5211 2833 5266 stellarum
2862 5207 3011 5271 δύσις
3037 5197 3239 5263 dicitur
3261 5197 3515 5262 occasus;
3545 5209 3597 5253 et
3619 5197 3692 5251 τά

2158 5232 2288 5269 uora
2313 5232 2446 5270 SOIIS
2471 5232 2524 5268 et
2551 5232 2833 5266 Stellarum
2862 5232 3011 5271 υυσις
3037 5232 3239 5263 ωυιιιιι-
3261 5232 3476 5256 υιιρικυιο
3497 5240 3510 5262 ,
3545 5232 3597 5253 σι
3620 5232 3692 5251 Ἐκ

2116 5232 2306 5339 ἔστικά
2335 5284 2497 5356 μέρη,
2525 5278 2868 5356 occidentales
2895 5278 3085 5356 plagae.
3117 5274 3422 5356 Lampades
3442 5285 3694 5356 ergogca-

2116 5343 2348 5419 uitatis;
2375 5343 2605 5425 quarum
2630 5352 2793 5421 jubar
2823 5343 3105 5425 stellarum
3139 5344 3319 5401 simile
3365 5343 3524 5425 paulo
3565 5349 3692 5394 ante

2113 5427 2348 5488 dicebat,
2377 5418 2653 5495 lampades
2670 5428 2801 5495 sunt
2822 5419 3086 5495 luminum
3115 5429 3236 5495 quae
3263 5418 3507 5495 nesciant
3532 5425 3694 5495 occa-

2116 5479 2260 5551 sum.
2292 5479 2505 5550 B'udius-
2529 5494 2811 5548 Possinius
2850 5486 2994 5567 κατὰ
3025 5479 3335 5567 πρόχειρον,
3358 5479 3693 5567 ίῖιαρςρεξξςιξ-

2117 5567 2243 5620 lium
2268 5567 2559 5635 luminum;
2586 5580 2706 5633 qua:
2727 5568 2812 5617 est
2836 5560 3003 5612 altera
3027 5551 3319 5635 ej‘us'vocis
3345 5551 3691 5635 significatio,

2116 5636 2384 5707 Hesychio
2404 5645 2457 5690 et
2481 5621 2661 5707 sum“;
2680 5648 2784 5687 una
2810 5635 3011 5707 notata.
3030 5621 3212 5707 {quod
3245 5641 3304 5707 re
3318 5621 3416 5707 sic
3446 5621 3693 5707 prdelivi,

2117 5696 2296 5764 virum
2330 5707 2549 5763 doctum
2586 5705 2772 5760 fallere
2818 5713 2931 5756 non
2980 5697 3187 5753 debuit.
3244 5696 3487 5751 Alterum
3536 5696 3697 5762 quasi
