4140 6414
380 299 474 354 121

1477 290 1856 347 CONVIVIUM
1892 290 2118 348 DECEM
2158 291 2512 350 VlﬁGlNUM.

3501 295 3600 350 123

375 411 598 482 ἐφυμνῶ
642 409 702 462 τὸ
753 407 937 462 καινὸν
977 406 1112 478 μετά
1140 408 1239 477 τῆς
1279 406 1599 478 όμηγύρεως
1638 403 1788 479 ᾆσμα
1831 410 1923 462 τῶι

2038 425 2154 464 cem
2179 413 2318 467 ferre
2343 413 2606 466 luminum
2633 430 2646 479 ;
2674 427 2981 482 novumque
3005 425 3127 466 cum
3152 410 3420 466 so'da'uum
3451 422 3595 466 cmtu

376 501 748 573 ἀρχαγγέλων,
803 501 902 571 τὴν
950 500 1142 570 καινὴν
1200 498 1357 569 χάριν
1405 498 1796 567 ἐξαγγέλλουσα
1843 501 1942 570 τῆς

389 592 743 662 Ἐκκλησίας·
814 590 1136 655 ξυνέπεσθαι
1181 588 1289 660 γὰρ
1334 590 1419 642 ἀεὶ
1464 590 1554 642 τὸν
1598 589 1783 660 ὅμιλον
1833 589 1942 642 τῶν

375 683 657 755 παρθένων
707 681 786 752 τῷ
818 681 1006 752 Κυρίῳ
1038 682 1132 734 καὶ
1178 680 1620 734 συνθιασωτεύειν
1657 681 1784 736 ἔνθα
1832 680 1938 751 εἴη,

374 774 529 841 λόγος
555 776 694 846 ἠχεῖ.
727 773 894 828 Τοῦτο
944 771 1038 824 καὶ
1078 770 1327 842 Ἰωάννης
1377 774 1435 824 ἐν
1484 775 1550 842 τῇ
1599 771 1706 824 τῶν
1750 773 1940 824 ἑκατὸν

374 863 626 934 χιλιάδων
659 864 752 916 καὶ
782 859 1187 930 τεσσαράκοντα
1216 861 1307 913 καὶ
1333 860 1608 932 τεσσάρων
1643 859 1939 914 αἰνίσσεται

375 957 584 1026 μνήμηο

449 1047 554 1098 Ἴτε
600 1041 713 1107 οὖν,
745 1037 789 1096 ὦ
835 1043 1050 1096 νεολαία
1085 1042 1194 1094 τῶν
1244 1041 1442 1094 καινῶν
1476 1029 1839 1103 αίὼνὼν.’ῐτε,
1871 1037 1938 1092 τά

371 1138 568 1206 ἀγγεῖα
609 1134 933 1206 πληρώσατε
966 1134 1114 1203 σφῶν
1149 1132 1490 1202 δικαιοσύνης
1512 1148 1525 1161 ·
1556 1131 1674 1202 ὥρα
1697 1132 1802 1201 γὰρ
1833 1130 1939 1182 λοι-

373 1229 474 1282 πὺν
505 1225 887 1298 ἐξεγείρεσθαι,
921 1226 1015 1279 καὶ
1048 1225 1396 1288 ὑπαντιάζειν
1432 1222 1510 1294 τῷ
1543 1223 1935 1293 Νυμφίῳ.Ἵτε,

370 1320 469 1383 τὰς
503 1321 692 1386 ίῦγγας
725 1317 816 1370 καὶ
866 1316 935 1370 τὰ
983 1315 1250 1386 θέλγητρα
1278 1314 1491 1381 κούφως
1519 1312 1629 1382 (90)
1667 1312 1938 1383 παραμεί-

370 1410 540 1480 ψασαι
566 1409 658 1462 τοῦ
697 1407 832 1476 βίου,
868 1407 936 1460 τὰ
970 1405 1338 1478 περιδινοῦντα
1361 1405 1456 1458 καὶ
1484 1403 1809 1473 γοητεύοντα
1839 1403 1937 1475 τὴν

369 1499 546 1570 ψυχήν
569 1515 582 1528 ·
611 1495 864 1562 τεύξεσθε
888 1497 996 1568 γὰρ
1028 1494 1134 1549 τῶν
1169 1494 1618 1565 ὲπαγγελμάτων.

439 1695 548 1748 Ναὶ
569 1695 655 1764 μὰ
683 1695 789 1749 τὸν
812 1693 1095 1763 ἁμετέρας
1119 1691 1263 1758 ζωᾶς
1285 1689 1565 1754 δείξαντα
1588 1689 1896 1744 κέλευθον.

2040 501 2290 556 collaudo
2317 502 2764 572 archangelorum
2797 502 3091 564 canticum,
3118 515 3312 554 novam
3347 499 3599 556 Ecclesiae

2038 596 2266 666 gratiam
2299 595 2623 650 enuntians:
2674 594 2828 664 sequi
2861 593 3008 650 enim
3057 591 3344 648 Dominum
3386 609 3598 664 semper

2040 684 2436 738 multitudinem
2468 685 2753 754 virginum,
2775 691 2830 738 et
2865 684 3174 754 ubicunque
3205 683 3387 747 fuerit,
3412 683 3597 740 beatos

2039 791 2167 830 suos
2189 777 2256 830 ab
2287 776 2394 830 illis
2424 774 2753 845 frequentari
2775 783 2970 841 cretus,
3005 774 3284 845 Scriptura
3332 775 3593 844 loquitur.

2038 867 2151 922 Hoc
2181 875 2234 922 et
2258 866 2494 924 Joannes
2528 868 2703 922 innuit
2737 867 2802 932 ",
2847 868 2941 922 ubi
2989 875 3206 922 centum
3238 865 3596 937 quadraginta

2038 969 2270 1030 quatuor
2297 961 2523 1014 millium
2552 959 2816 1015 meminit.

2107 1053 2186 1106 Ite
2218 1053 2404 1122 igitur,
2431 1067 2465 1105 ο
2496 1067 2760 1105 novorum
2790 1051 3113 1107 saeculorum
3137 1064 3274 1104 nova
3303 1063 3366 1102 ac
3398 1047 3595 1103 ﬂorens

2037 1146 2304 1217 virginum
2327 1145 2518 1214 pubes.
2571 1142 2666 1205 Ite,
2697 1158 2826 1198 vasa
2859 1149 3040 1198 vestra
3089 1140 3306 1209 implete
3340 1139 3590 1207 justitia:

2031 1235 2141 1304 jam
2171 1236 2313 1288 enim
2336 1234 2466 1288 hora
2492 1240 2576 1288 est
2596 1231 2942 1302 exsurgendi,
2966 1238 3020 1286 et
3050 1230 3102 1283 in
3149 1227 3348 1297 Sponsr
3398 1241 3596 1280 occur-

2036 1341 2154 1380 sum
2188 1327 2370 1382 eundi.
2407 1327 2503 1393 lte,
2538 1327 2658 1381 vitre
2689 1323 2982 1379 blanditias
3019 1327 3073 1376 et
3118 1319 3400 1374 illecebras
3427 1331 3593 1386 expe-

2033 1417 2146 1471 dito
2186 1418 2320 1472 calle
2359 1425 2756 1488 praetergressae
2783 1456 2801 1480 ,
2860 1427 2981 1484 qua:
3032 1411 3496 1478 circumtorquent
3542 1415 3598 1462 et

2034 1512 2192 1582 quasi
2241 1511 2518 1565 maleficiis
2550 1509 2928 1565 contaminant
2979 1506 3254 1571 animam;
3299 1518 3596 1574 conseque-

2033 1601 2164 1654 mini
2189 1601 2332 1656 enim
2361 1616 2481 1671 quae
2511 1600 2666 1655 vobis
2687 1599 2956 1669 promissa
2985 1604 3134 1653 sunt.

2093 1712 2218 1766 Ηωσ
2237 1729 2326 1780 per
2348 1729 2463 1766 eum
2490 1713 2577 1783 qui
2597 1721 2849 1765 monstrat
2879 1712 2978 1764 iter
3002 1709 3148 1772 mihi,
3170 1709 3318 1777 jura,
3340 1709 3550 1762 salutis.

370 1809 458 1861 Σοὶ
482 1809 629 1861 τόνδε
662 1809 1016 1879 προφητείαις
1040 1807 1266 1861 πλεκτὸν
1300 1805 1561 1874 στέφανον
1585 1805 1648 1856 ἐκ
1667 1803 1774 1856 τῶν
1797 1819 1923 1874 προ-

2033 1804 2182 1860 Hanc
2215 1805 2310 1860 tibi
2341 1805 2636 1875 prophetiis
2675 1811 2875 1858 textam
2929 1817 3226 1866 coronam,
3258 1816 3322 1856 ex
3355 1800 3590 1870 prophe-

369 1895 612 1966 φητικῶν
640 1896 937 1967 λειμώνων,
956 1890 1000 1949 ὦ
1045 1895 1255 1967 Ἀρετὴ,
1279 1893 1434 1964 κάγὼ
1465 1892 1738 1964 κομίσασα
1767 1907 1936 1962 προσ-

369 1987 540 2057 φέρω.
1379 1999 1389 2008 ⁸

437 2077 921 2148 Διαπεραναμένης
964 2071 1056 2130 οῦν
1109 2078 1304 2148 ἄριστα
1355 2077 1448 2130 καὶ
1496 2075 1750 2146 Ἀγάθης,
1803 2074 1930 2146 ἔφη,

366 2167 456 2220 τὸν
494 2167 669 2236 λόγον,
695 2169 789 2220 καὶ
821 2168 1252 2238 εύδοκιμησάσης
1273 2169 1358 2237 ἐφ’
1381 2162 1461 2230 οἷς
1484 2168 1772 2238 ίσηγὸρησε
1797 2167 1929 2234 (9i),

366 2258 526 2312 πάλιν
563 2260 595 2329 ὴ
636 2258 825 2329 Ἀρετὴ
879 2258 976 2328 τὴν
1021 2258 1320 2328 Προκίλλαν
1366 2257 1617 2310 ἐκέλευσε
1655 2257 1851 2324 λέγειν.
1870 2257 1934 2308 Ἡ

365 2350 443 2412 δὲ,
478 2351 770 2411 ἀναστᾶσα,
801 2351 894 2403 καὶ
946 2349 1253 2421 ἔμπροσθεν
1305 2349 1650 2422 παρελθοῦσα
1687 2348 1786 2420 τῆς
1819 2349 1934 2402 κλι-

366 2441 563 2506 σιάδος,
593 2439 737 2505 ἔλεξε
771 2440 970 2495 τοιάδε.

911 2685 1270 2775 ΛΟΓΟΣ
1307 2681 1412 2774 Ζ’.

951 2835 1327 2889 ΠΡΟΚΙΛΛΑ.

2034 1898 2159 1953 ticis
2206 1898 2490 1952 collectam
2545 1897 2746 1968 pratis,
2777 1910 2811 1951 ο
2841 1894 3020 1960 Arete,
3055 1900 3109 1949 et
3135 1907 3235 1963 ego
3265 1907 3296 1945 a
3327 1906 3414 1946 me
3454 1905 3588 1945 con-

2030 1990 2305 2044 cinnatam
2335 1987 2525 2043 olfero.

2103 2080 2202 2136 Ubi
2233 2083 2312 2137 sic
2342 2081 2545 2150 Optime
2574 2078 2781 2149 Agatha
2829 2083 3182 2148 perorasset,
3239 2084 3295 2130 et
3337 2087 3592 2144 magnam

2027 2174 2266 2229 universi
2315 2188 2608 2228 consessus
2653 2171 2866 2226 laudem
2902 2171 3135 2225 tulisset.
3186 2169 3343 2223 Arete
3394 2166 3598 2220 Procil-

2027 2265 2132 2316 lam
2159 2265 2326 2332 jussit
2348 2264 2546 2318 dicere.
2577 2261 2672 2314 Illa
2700 2277 2830 2315 vero
2860 2275 3120 2329 surgens,
3155 2268 3208 2312 et
3239 2265 3363 2312 ante
3390 2255 3592 2311 ostium

2026 2353 2362 2410 tabernaculi
2397 2364 2704 2424 progressa,
2739 2349 2796 2404 in
2825 2349 2971 2404 hunc
3001 2348 3219 2403 modum
3241 2348 3424 2402 locuta
3449 2353 3554 2401 est.

2421 2673 2876 2772 ORATIO
2967 2674 3190 2768 VII.

2621 2823 2981 2880 PROCILLA.

361 2949 488 3005 Car.
519 2947 558 3004 1.
592 2950 823 3018 Quinam
853 2967 1002 3022 verus
1028 2969 1090 3005 ac
1116 2955 1288 3022 gravis
1331 2951 1589 3006 laudandi
1622 2952 1828 3008 modus.
1866 2952 2028 3008 Pater
2068 2951 2241 3020 major
2272 2947 2412 3004 Filio
2455 2946 2796 3022 auctoritate
2819 2942 3082 3012 principii,
3106 2957 3210 2998 non
3256 2938 3583 2994 substantiis.

893 3014 1199 3092 Virginitas,
1229 3023 1424 3078 lilium.
1457 3022 1666 3078 Fideles
1693 3025 1886 3078 anima:
1915 3041 1977 3078 ac
2000 3014 2243 3094 virgiues,
2276 3037 2382 3072 una
2409 3019 2564 3072 unius
2599 3014 2796 3070 Christi
2821 3031 3032 3083 sponsa.

442 3129 1016 3201 ’Anofapqﬁupeiv,_xat
1051 3131 1188 3204 μετὰ
1217 3132 1496 3196 τοσούτους
1527 3133 1588 3185 ού
1622 3133 1778 3204 θέμις
1825 3150 1911 3203 μοι

2084 3128 2345 3186 Cunctari
2380 3143 2466 3182 me
2493 3133 2547 3181 et
2576 3125 2646 3180 ad
2677 3123 2968 3179 dicendum
3017 3121 3224 3192 pigram
3277 3133 3428 3182 esse,
3460 3123 3590 3189 post

359 3219 566 3288 λόγους,
601 3215 646 3274 ὦ
688 3222 898 3294 Ἀρετὴ,
933 3223 1356 3294 ἀναμφισϐήτως
1401 3226 1820 3277 πεπιστευκυῖαν
1851 3226 1918 3294 τῇ

359 3310 721 3382 πολυποικίλῳ
768 3313 930 3384 σοφίᾳ
957 3313 1049 3366 τοῦ
1081 3314 1237 3378 Θεοῦ,
1269 3315 1538 3378 πλουσίως
1561 3313 1758 3386 ἐχούσῃ
1784 3313 1921 3366 διδό-

359 3417 445 3453 ναι
477 3402 568 3454 καὶ
593 3401 882 3473 διαφόρως,
915 3404 1020 3472 ὅτῳ
1055 3403 1317 3472 βούλεται.
1354 3408 1371 3426 ⁶
1406 3405 1514 3458 Καὶ
1541 3403 1647 3475 γάρ
1678 3404 1924 3472 πελάγιοι

359 3491 639 3562 πλωτῆρὲς
669 3510 819 3562 φασι,
847 3493 1106 3564 φέρεσθαι
1139 3497 1238 3566 μὲν
1262 3499 1373 3560 τοῖς
1403 3498 1833 3567 ναυτιλλομένοις
1861 3498 1924 3550 τὸ

359 3580 488 3633 αὐτὸ
519 3581 737 3652 πνεῦμα
759 3599 772 3612 ·
810 3583 1000 3648 ἄλλους
1040 3585 1096 3637 δὲ
1125 3586 1194 3639 τὰ
1225 3586 1352 3655 περὶ
1380 3585 1472 3639 τὸν
1502 3585 1669 3640 πλοῦν
1700 3586 1924 3650 ἀλλοίως

358 3671 536 3724 αὐτῶν
565 3671 1259 3746 μεταχειριζομένους,ὀύκ
1301 3679 1380 3740 είς
1421 3677 1520 3746 τὴν
1550 3677 1717 3748 αὐτὴν
1749 3679 1923 3749 είσορ-

359 3762 618 3832 μίσασθαι
649 3765 914 3820 σπεύδειν.
940 3762 1034 3830 Oi;
1063 3767 1162 3836 μὲν
1177 3767 1284 3838 γὰρ
1305 3767 1365 3820 τὸ
1389 3767 1602 3838 πνεῦμα
1621 3769 1762 3822 κατὰ
1784 3768 1922 3839 πρύ-

358 3868 494 3921 μναν
545 3851 724 3924 οῦριον
763 3853 1006 3907 ἵσταται·
1039 3857 1164 3919 τοὺς
1196 3857 1253 3912 δὲ
1282 3857 1376 3910 καὶ
1406 3857 1464 3922 ἐξ
1494 3848 1798 3927 ἐγκαρσίων
1826 3857 1922 3925 φέ-

358 3961 458 4014 ρει,
484 3945 574 3998 καὶ
595 3946 742 4016 ὅμως
768 3946 1085 4017 ἑκατέροιςὸ
1105 3947 1266 4011 πλοῦς
1288 3948 1504 4002 ἀνύεται
1529 3950 1745 4020 ρᾷστα.¹
1761 3947 1923 4018 Ἀτάρ

353 4033 416 4105 δὴ
465 4037 558 4088 καὶ
603 4035 662 4088 τὸ
708 4038 807 4106 τῆς
838 4038 1028 4107 σοφίας
1058 4038 1240 4110 νοερὸν
1270 4037 1494 4109 Πνεῦμα
1527 4038 1620 4092 καὶ
1647 4038 1799 4106 ἆγιον
1827 4037 1922 4090 καὶ

357 4127 638 4196 μονογενὲς
667 4127 776 4199 (92)
809 4129 914 4181 ἀπὸ
942 4129 1048 4182 τῶν
1080 4129 1347 4202 πατρῴων
1374 4129 1578 4185 άνωθεν
1608 4129 1797 4201 πράως
1826 4145 1926 4184 κα-

426 4285 472 4318 ³¹
510 4287 672 4357 Apoc.
702 4305 798 4357 vn,
832 4289 886 4344 4.

351 4426 524 4482 active
554 4427 756 4483 dicitur
785 4428 852 4483 de
898 4424 984 4481 his

351 4509 549 4552 terram
584 4500 664 4551 vel
705 4499 832 4568 quid
882 4497 1177 4568 ejusmodi,
1218 4497 1362 4568 velut
1395 4511 1717 4550 evanescere
1745 4503 1803 4568 et
1833 4497 1916 4568 iu-

349 4569 532 4629 terire,
563 4568 646 4620 vel
675 4566 820 4621 certe
843 4566 1015 4620 oculis
1044 4566 1278 4622 subduci
1312 4581 1420 4621 non
1439 4574 1693 4635 possunt;
1726 4567 1809 4620 vel
1835 4567 1918 4620 lu-

349 4639 517 4698 mina,
550 4637 634 4690 vel
667 4638 962 4705 sidera,vel
995 4637 1241 4690 homines
1275 4655 1288 4690 :
1321 4636 1548 4690 alterum
1587 4636 1818 4706 passive,
1851 4636 1919 4690 de

348 4707 434 4761 his
463 4723 583 4776 qum
615 4707 832 4774 pervadi
867 4715 960 4759 aut
989 4707 1258 4774 penetrari
1306 4721 1415 4760 non
1463 4713 1713 4775 possunt,
1748 4713 1801 4760 et
1843 4707 1918 4758 ita

348 4775 624 4848 inacCessa
672 4785 818 4839 sunt,
873 4784 932 4828 ut
974 4777 1269 4844 penetralia
1313 4791 1377 4831 ac
1422 4777 1604 4848 templi
1651 4775 1918 4832 sacratior

345 4848 519 4903 locus.
552 4846 836 4900 Couserrs.

416 4918 528 4986 (90)
557 4919 821 4984 Κούρως.
851 4913 1036 4986 Editor
1057 4915 1280 4986 Lupar.,
1310 4916 1458 4969 nulla
1495 4916 1742 4970 codicum
1785 4916 1907 4978 fide,

343 4985 596 5055 Κούφως,
643 4994 736 5050 ait,
783 4985 921 5055 quod
949 4985 1260 5055 legebatur,
1311 4986 1516 5039 videtur
1556 5003 1651 5055 per
1682 5002 1913 5041 errorem

344 5053 545 5124 factum
591 5072 655 5109 ea:
688 5053 903 5124 κωφῶς.
941 5053 1138 5126 Sicque
1179 5056 1400 5109 intrusit
1428 5057 1481 5126 in
1523 5053 1910 5126 textum,_red-

344 5128 550 5195 rlitque,
579 5128 740 5180 surda
770 5143 916 5187 aure,
953 5124 1109 5194 quasi
1140 5127 1394 5195 respiciat
1426 5125 1728 5195 Methodius
1760 5124 1910 5180 Sire-

345 5194 471 5248 num
503 5197 822 5261 cantilenas,
853 5211 1082 5263 quarum
1115 5211 1174 5266 se
1197 5194 1437 5265 periculo
1470 5194 1708 5266 Ulysses.
1740 5195 1908 5250 surda

341 5267 616 5319 transiens
659 5281 810 5325 aure.
859 5265 1168 5320 liberaverit
1201 5284 1213 5319 :
1248 5281 1355 5318 non
1407 5265 1549 5318 vitae
1579 5267 1908 5334 voluptates,

339 5351 477 5402 quas
508 5336 650 5388 velut
684 5335 925 5404 laqueos,
965 5344 1058 5390 aut
1091 5335 1294 5403 gluten,
1339 5349 1433 5389 seu
1477 5335 1638 5388 etiam
1672 5350 1912 5401 cmnum,

339 5405 422 5458 vel
453 5407 645 5473 quavis
677 5407 780 5458 alia
814 5406 980 5458 simili
1007 5405 1344 5473 metaphora,
1377 5405 1502 5474 quis
1534 5404 1750 5473 κούφως
1778 5404 1914 5458 effu-

338 5475 470 5543 giat.
502 5475 597 5527 levi
635 5485 683 5528 et
726 5476 963 5539 expedito
993 5474 1146 5537 calle,
1178 5475 1376 5539 volatu,
1405 5491 1585 5535 cursu,
1616 5490 1680 5528 ac
1711 5475 1755 5528 si
1781 5474 1910 5544 quid

341 5545 608 5608 ejusmodi
643 5561 740 5615 vox
791 5546 878 5598 illa
911 5546 1058 5599 nulla
1093 5545 1143 5598 vi
1188 5553 1366 5615 potest
1411 5544 1598 5610 reddi;
1643 5559 1746 5598 nec
1794 5545 1914 5599 sine

339 5615 586 5684 exemplo
617 5615 668 5670 in
697 5614 998 5683 Scriptura,
1030 5614 1200 5682 cujus
1231 5616 1404 5684 magis
1434 5630 1596 5669 voces
1628 5615 1912 5669 attendunt

341 5681 530 5739 Patres
563 5691 617 5740 ct
645 5681 928 5740 imitantur
965 5700 1127 5757 quam
1159 5681 1439 5756 poetarum
1473 5703 1484 5740 :
1517 5685 1660 5742 unde
1685 5693 1738 5742 et
1766 5685 1910 5756 Aga-

2027 3231 2108 3277 tot
2133 3222 2294 3276 etiam
2333 3226 2623 3287 tantosque
2655 3230 2959 3280 sermones,
2988 3212 3164 3274 nefas,
3199 3227 3233 3266 ο
3256 3209 3440 3272 Arete,
3481 3212 3590 3278 sit;

2027 3329 2147 3385 quae
2179 3312 2430 3368 videlicet
2462 3307 2784 3363 multiformi
2826 3305 2921 3360 Dei
2952 3303 3216 3372 sapientia
3277 3300 3595 3354 indubitan-

2030 3413 2111 3457 ter
2132 3402 2250 3465 fisa,
2282 3400 2403 3468 ejus
2442 3397 2683 3452 noverim
2717 3401 2904 3456 nutus,
2931 3399 2990 3445 ut
3020 3392 3298 3445 aflluenter
3331 3390 3594 3458 varieque

2028 3494 2186 3550 donis
2212 3491 2464 3545 munifica
2491 3487 2718 3548 tribuat,
2745 3485 2830 3540 cui
2867 3483 3104 3538 libuerit.
3133 3482 3300 3536 Aiunt
3325 3481 3470 3536 enim
3510 3480 3594 3534 rei

2028 3582 2261 3638 nauticae
2310 3576 2700 3649 experientiam
2756 3575 3039 3638 habentes,
3077 3571 3322 3642 aspirare
3374 3570 3596 3640 quidem

2025 3671 2408 3743 navigantibus
2453 3684 2619 3723 unum
2669 3665 3030 3735 eumdemque
3073 3671 3334 3720 ventum:
3397 3662 3593 3716 horum

2024 3773 2206 3819 tamen
2233 3763 2368 3818 alios
2394 3763 2552 3816 aliter
2574 3758 2971 3829 navigationem
2997 3771 3151 3811 suam
3176 3754 3599 3826 regentes,alios

2024 3855 2089 3909 ad
2118 3862 2308 3924 portus
2331 3867 2569 3921 orasque
2602 3851 2706 3904 iter
2742 3847 3093 3903 contendere.
3141 3845 3350 3916 Nempe
3407 3845 3528 3900 aliis
3560 3859 3597 3898 ιι

2023 3945 2190 4017 puppi
2226 3943 2405 3999 ferens
2423 3943 2478 3996 in
2491 3942 2757 3997 directum
2776 3939 2917 3993 amat
2941 3954 3108 4006 aura;
3140 3939 3260 3993 aliis
3275 3953 3403 3993 vero
3425 3938 3596 3991 etiam

2023 4037 2302 4106 obliquata
2351 4033 2592 4104 implevit
2623 4033 2742 4088 vela
2766 4070 2782 4095 ,
2820 4045 2884 4085 ac
2922 4039 3104 4086 tamen
3135 4030 3412 4098 utrisque,
3469 4027 3594 4096 ejus

2030 4142 2276 4194 munere,
2309 4124 2468 4181 facile
2487 4123 2760 4195 navigatio
2794 4122 3056 4178 succedit.
3080 4121 3200 4188 Quo
3219 4122 3467 4191 exemplo
3484 4133 3586 4174 no-

1031 4442 1153 4498 quze
1205 4424 1295 4498 ita,
1325 4425 1480 4495 quasi
1525 4425 1808 4481 subeundo
1835 4424 1920 4498 vel
1950 4432 1998 4492 ι)
2023 4424 2117 4479 tha
2146 4423 2340 4498 offerre
2362 4441 2419 4482 se
2439 4426 2529 4494 hic
2546 4427 2860 4498 prophetica
2886 4425 3038 4492 dicit,
3063 4439 3159 4481 sua
3186 4423 3451 4498 oratione,
3476 4439 3584 4481 non

2022 4497 2252 4565 poetica.
2284 4494 2622 4552 Continen'da
2645 4494 2784 4567 'ergo
2814 4513 3026 4559 manus,
3067 4510 3167 4551 nec
3199 4496 3279 4567 sic
3310 4494 3466 4567 facile
3489 4512 3586 4567 veg

2021 4575 2194 4619 terum
2226 4569 2593 4623 monumentis
2626 4566 2857 4637 quoidam
2889 4567 3064 4637 plagio
3103 4566 3461 4637 immittenda,
3491 4566 3584 4619 ubi

2021 4637 2228 4690 nullum
2250 4648 2602 4699 momentum,
2639 4636 2732 4692 sed
2779 4639 2910 4692 levis
2935 4636 3116 4692 minus
3143 4636 3366 4690 eruditae
3389 4637 3589 4690 mentis

2021 4704 2158 4760 ludit
2197 4707 2529 4774 conjectura.
2572 4707 2688 4762 Meo
2722 4715 2904 4762 tamen
2953 4706 3212 4776 periculo,
3259 4705 3405 4776 quod
3448 4706 3587 4760 scri-

2021 4783 2198 4863 PF'L'":
2221 4772 2530 4863 ἰσηγάρισεν
2558 4778 2715 4863 vene
2735 4772 2969 4863 mem
2985 4793 3114 4863 v0.06
3137 4772 3580 4863 assililﬁrccez

2022 4845 2361 4910 mutandum,
2380 4845 2786 4918 ἐδημηγόρησε.
2817 4846 3016 4916 Nempe
3038 4847 3250 4918 laudata
3273 4845 3477 4916 Agatha
3500 4858 3585 4899 est

2019 4930 2049 4968 a
2081 4923 2195 4987 toto
2223 4917 2506 4987 consessu,
2555 4917 2653 4986 pro
2690 4918 2953 4972 concione
2981 4919 3061 4971 sic
3099 4917 3333 4987 graviter
3364 4928 3576 4983 presse-

2015 5001 2121 5058 que
2147 4985 2363 5058 habita;
2395 4988 2542 5058 nulla
2558 4985 2699 5040 cum
2744 4985 3121 5056 superioribus
3137 4990 3579 5058 comparatione,

2015 5056 2108 5109 sed
2147 5056 2352 5128 judicio
2400 5058 2463 5128 in
2501 5057 2659 5112 finem
2706 5054 2879 5126 usque
2920 5059 3097 5113 Aretae
3127 5054 3481 5128 βραϐευούσῃ,
3515 5067 3582 5108 ac

2011 5125 2325 5180 certaminis
2353 5127 2589 5190 arbitra),
2617 5125 2848 5181 servato.
2873 5128 2948 5181 In.

2083 5193 2192 5269 (θέ)
2231 5195 2608 5269 Ῑιίτηγόρησεο
2632 5196 3084 5269 ΑἘδῃμηγόρησξ·
3117 5197 3193 5251 ἰν·

2082 5263 2192 5336 (9‘2)
2223 5265 2328 5336 Kal
2356 5265 2696 5335 μονογενὲς.
2733 5263 3000 5336 suspecta
3027 5267 3191 5321 Leoni
3218 5266 3418 5320 Allatio
3447 5280 3576 5333 vox,

2011 5335 2170 5404 quasi
2198 5334 2267 5387 ab
2288 5334 2505 5391 Arianis
2519 5334 2778 5392 Methodii
2803 5334 2928 5391 huic
2946 5338 3310 5390 lucubrationi
3334 5339 3574 5392 inserta:

2010 5404 2144 5476 mihi
2169 5405 2236 5476 ab
2263 5407 2379 5473 ipso
2413 5406 2685 5461 Methodio
2707 5423 2772 5461 ex
2795 5405 2922 5475 Sap.
2947 5423 3042 5470 vn,
3072 5405 3162 5470 22,
3187 5417 3442 5476 accepta;
3476 5421 3580 5462 nec

2011 5475 2268 5546 minusjn
2295 5490 2360 5546 eo
2378 5491 2540 5546 quam
2567 5477 2619 5529 in
2646 5477 2763 5546 ipso
2789 5491 2946 5529 sacro
2973 5484 3120 5546 t_extu
3152 5491 3283 5546 sana
3307 5475 3361 5531 et
3390 5479 3576 5530 ortho-

2009 5544 2172 5616 doxa.
2207 5539 2734 5616 Verba'Salomonis
2765 5553 2892 5599 sunt
2930 5580 2940 5591 -
2969 5539 3227 5616 Estenim
3252 5547 3304 5597 in
3330 5547 3424 5600 illa
3447 5546 3575 5616 (Sa-

2007 5615 2233 5688 pientia,
2290 5630 2411 5684 quae
2457 5624 2541 5688 est
2569 5614 2832 5688 __or_nnium
2882 5613 3359 5688 artifex)_l]vs0pa
3392 5613 3577 5688 νοερδν

2007 5684 2180 5753 ἅγιον,
2218 5684 2522 5756 μονογενὲς,
2559 5684 2787 5754 Spiritus
2812 5685 3172 5756 intelligentia:
3195 5684 3429 5752 sanctus,
3457 5684 3578 5741 uui-
