4140 6478
578 304 682 362 127

1560 307 1620 362 S.
1665 306 1993 364 METHODII
2026 308 2337 367 EPlSCOPl
2379 311 2466 367 ET
2508 309 2866 367 MARTYBIS

3708 317 3811 372 128

1554 444 1684 501 Car.
1718 445 1781 501 ll.
1816 443 1944 500 Loci
1964 445 2122 502 Cant.
2161 464 2236 514 tv,
2261 448 2413 509 9-12.
2450 449 2832 518 interpretatio.

646 563 886 634 Cogitate
916 562 1083 627 enim,
1113 578 1147 618 ο
1171 563 1442 636 virgines;
1481 567 1626 637 quod
1648 569 1722 623 ita
1767 582 2022 639 sponsam
2060 570 2140 622 al-
2170 582 2213 638 Α

577 656 834 726 loquitur,
857 656 1142 712 Abstulisti
1163 657 1311 713 nobis
1349 675 1442 713 cor
1474 676 1578 714 uno
1609 663 1879 716 oculorum
1907 672 2137 728 tuorum,

574 747 946 819 perspicacem
1015 751 1123 803 vim
1183 751 1381 807 mentis
1436 752 1802 825 intelligentiae
1852 753 2138 820 ostendit;

572 848 864 911 postquam
890 841 1099 895 scilicet
1128 840 1292 897 homo
1316 843 1541 898 interior
1566 859 1685 899 eam
1721 843 2007 900 deterserit
2033 846 2145 916 pla-

572 946 751 1001 neque
781 932 1145 998 mundaverit,
1172 941 1229 988 ut
1253 935 1513 1005 liquidius
1541 936 1821 992 veritatem
1843 936 2137 993 intueatur.

573 1021 854 1094 Duplicem
887 1027 1030 1080 enim
1065 1040 1187 1081 esse
1215 1026 1460 1104 oculum,
1491 1028 1720 1083 alterum
1752 1028 1941 1094 animi,
1978 1037 2142 1098 atque

574 1117 806 1169 alterum
860 1118 1126 1187 corporis,
1191 1118 1365 1176 cuivis
1425 1119 1772 1176 manifestum
1823 1128 1931 1177 est.
1984 1119 2141 1176 Haud

569 1208 854 1263 enimvero
882 1224 1005 1264 eum
1040 1212 1133 1280 qui
1163 1218 1247 1267 est
1280 1212 1546 1282 corporis,
1591 1227 1650 1267 se
1686 1226 1869 1268 amare
1902 1211 2140 1269 Verbum

574 1297 879 1369 proﬁtetur,
915 1302 1007 1355 sed
1043 1302 1307 1356 duntaxat
1349 1318 1473 1358 eum
1521 1304 1614 1374 qui
1640 1312 1723 1358 est
1751 1304 1970 1369 mentis,
2009 1304 2139 1360 dum

573 1392 690 1456 ait,
731 1392 1015 1448 Abstulisti
1058 1396 1205 1450 nobis
1249 1413 1340 1450 cor
1377 1398 1434 1450 in
1467 1414 1569 1451 uno
1601 1399 1873 1453 oculorum
1903 1408 2136 1464 tuorum,

568 1492 623 1538 et
653 1485 707 1537 in
738 1501 840 1539 uno
867 1496 1171 1542 ornamento
1202 1487 1328 1542 colli
1352 1489 1449 1542 tui.
1480 1487 1645 1555 Quasi
1672 1490 1878 1546 diceret
1909 1508 1923 1544 :
1954 1489 2035 1545 Tu
2063 1490 2143 1545 ni~

573 1579 811 1642 mirum,
865 1579 1258 1636 amabilissimo
1308 1581 1611 1652 prudentia:
1665 1590 1773 1637 tua:
1831 1583 2025 1638 obtutu
2085 1582 2141 1637 in

573 1684 809 1724 amorem
836 1684 931 1746 cor
960 1680 1211 1730 nostrum
1241 1674 1503 1740 incitasti,
1537 1690 1603 1730 ac
1630 1677 1787 1746 quasi
1827 1675 1893 1730 ad
1933 1682 1986 1730 te
2014 1690 2141 1731 avo-

570 1760 686 1816 lare
725 1736 924 1828 fecisti,
975 1764 1238 1820 mundum
1284 1766 1355 1822 ab
1396 1736 1543 1822 intus
1576 1736 1846 1824 castitatis
1885 1768 2139 1825 evibrans

571 1853 1091 1924 splendidissimum.
1108 1855 1226 1912 Jam
1244 1860 1386 1913 enim
1402 1859 1855 1915 colliornamenta
1878 1871 2142 1916 vocantur

2323 570 2718 641 Ἐπισκέψασθε
2758 570 2889 641 γὰρ,
2918 570 3000 624 ὅτι
3027 568 3520 638 τὸ,Ἐκαρόίωσας
3558 569 3734 640 ἡμᾶς,
3765 566 3811 626 ὦ

2242 664 2519 735 παρθένοι,
2549 663 2837 735 λεγόμενον
2865 663 3001 735 πρὸς
3042 662 3203 717 αὑτοῦ
3231 664 3297 734 τῇ
3332 664 3538 735 νύμφῃ,
3569 664 3661 718 ἑνὶ
3691 665 3811 720 ἀπὸ

2241 754 2563 826 ὀφθαλμῶν
2631 771 2747 811 σου
2771 796 2785 823 ,
2835 756 2926 810 τὸν
2981 754 3283 827 διορατικὸν
3336 755 3437 823 τῆς
3499 758 3803 828 φρονήσεως

2239 846 2515 917 ὀφθαλμὸν
2557 846 2856 901 δείκνυσινο
2900 847 3060 901 ὁπότε
3092 846 3156 919 δὴ
3183 845 3371 900 τοῦτον
3399 847 3428 898 6
3455 846 3565 900 ἔσω
3598 846 3805 919 σμήξας

2241 938 2525 1011 ἄνθρωπος
2565 938 2821 1011 καθαρῶς
2849 939 3173 1014 τρανότερον
3224 938 3322 1011 τὴν
3372 938 3633 1011 ἀλήθειαν
3681 942 3806 994 ἑπο-

2242 1030 2447 1085 πτεύει.
2475 1030 2672 1103 Δισσὴν
2712 1031 2820 1104 γάρ
2863 1030 3035 1100 ὅψεως
3064 1026 3201 1083 εἶναι
3230 1029 3457 1101 δύναμιν
3502 1032 3665 1085 παντί
3706 1045 3806 1088 που

2241 1124 2577 1193 καταφανές·
2628 1123 2756 1194 μίαν
2804 1123 2905 1195 μὲν
2947 1122 3144 1194 ψυχῆς,
3190 1121 3420 1195 θατέραν
3448 1123 3506 1176 δὲ
3538 1123 3805 1195 σώματος.

2253 1213 2392 1267 Ἀλλ’
2425 1215 2546 1284 οὐχ).
2573 1214 2672 1286 τῆς
2698 1212 2789 1267 τοῦ
2826 1212 3072 1284 σώματος
3101 1215 3232 1284 ὲρᾷν
3272 1214 3300 1266 6
3339 1213 3507 1282 Λόγος
3540 1214 3809 1285 ὁμολογεῖ,

2241 1306 2372 1363 an:
2419 1307 2517 1378 τῆς
2566 1306 2704 1361 κατά
2745 1306 2981 1361 διάνοιαν
3038 1307 3219 1377 μόνον,
3259 1307 3356 1360 Ἐν
3394 1308 3508 1373 ἐνὶ,
3561 1307 3810 1377 φάσκων,

2240 1400 2605 1469 ἐκειρδίωσας
2629 1399 2787 1470 ἡμᾶς
2809 1398 2927 1454 ἀπὸ
2956 1398 3278 1469 ὀφθαλμῶν
3301 1416 3441 1464 σου,
3468 1400 3569 1453 καί
3609 1400 3681 1454 ὲν
3702 1398 3816 1472 μιᾷ

2240 1491 2513 1562 ἐνθέματι
2543 1491 2848 1562 τραχήλου
2889 1506 3026 1546 σου.
3048 1491 3223 1562 Ὅπερ
3254 1491 3421 1546 ἐστίν·
3445 1485 3517 1543 Ὠ
3545 1488 3706 1561 αὕτη,
3734 1490 3815 1563 τῷ

2241 1586 2527 1657 ὲπεράστῳ
2556 1602 2648 1638 σου
2693 1584 2963 1655 βλέμματι
2995 1581 3096 1653 τῆς
3127 1580 3396 1645 συνέσεως
3428 1582 3814 1654 ἀνεπτέρωσας

2241 1675 2397 1749 ἡμῶν
2440 1676 2539 1749 τὴν
2582 1674 2808 1748 καρδίαν
2855 1676 2935 1738 είς
2976 1673 3160 1739 πόθον,
3196 1672 3396 1726 ἔσωθεν
3425 1673 3519 1726 τὸν
3562 1672 3813 1745 ἀρίδηλον

2241 1769 2444 1841 κόσμον
2490 1768 2936 1840 ὲξαστράπτουσα
2976 1767 3073 1836 τῆς
3123 1763 3815 1836 σωφροσύνης.Ἐνθέματα

2240 1863 2350 1933 γὰρ
2380 1861 2650 1934 τραχήλου
2679 1859 2924 1913 καλεῖται
2950 1857 3019 1911 τὰ
3050 1857 3385 1932 περιδέραια,
3417 1855 3487 1909 τά
3524 1855 3589 1909 ὲκ
3633 1853 3813 1907 ποικί-

568 1952 793 2016 torques
821 1958 916 2002 aut
950 1950 1195 2016 monilia,
1236 1966 1302 2005 ex
1333 1950 1503 2006 variis
1532 1958 1585 2005 et
1617 1952 1871 2021 pretiosis
1913 1954 2140 2022 gemmis

2243 1956 2351 2010 λων
2393 1955 2488 2009 καὶ
2517 1955 2715 2026 τιμίων
2748 1951 3101 2022 συντιθέμενα
3128 1950 3310 2004 λίθων.
3327 1949 3466 2003 Ἀλλ’
3497 1948 3554 2001 αἱ
3583 1948 3682 2018 μὲν
3710 1963 3815 1999 σω-

569 2046 847 2094 contexta.
889 2039 1159 2096 Caeterum
1206 2058 1327 2113 qua:
1382 2043 1630 2113 corporis
1682 2043 1855 2098 cultui
1919 2044 2141 2100 student

565 2131 782 2198 animae,
825 2134 1136 2190 sensibilem
1166 2134 1312 2189 hunc
1352 2136 1638 2197 mundum,
1669 2137 1925 2191 exteriori
1955 2137 2140 2192 carnis

566 2223 769 2279 cervici
800 2225 865 2280 ad
897 2224 1140 2281 fraudem
1169 2227 1561 2283 contuentibus
1594 2226 1923 2293 faciendam,
1970 2243 2141 2299 appo-

568 2324 738 2383 nunt;
772 2324 963 2371 contra
996 2333 1127 2373 vero
1160 2334 1280 2389 quae
1312 2319 1475 2373 vitam
1505 2329 1657 2377 caste
1694 2322 2009 2385 instituunt,
2055 2322 2141 2376 in-

569 2407 823 2463 teriorem
863 2408 965 2463 sibi
995 2410 1258 2466 mundum
1290 2412 1572 2476 adhibent,
1604 2428 1667 2468 ex
1706 2414 1964 2484 pretiosis
1986 2429 2142 2469 vere-

568 2513 676 2569 que
705 2499 873 2553 variis
908 2500 1105 2571 lapillis
1152 2503 1489 2573 gemmisque
1520 2504 1815 2571 (libertate,
1854 2504 2141 2575 magnani-

569 2590 776 2656 mitate,
819 2592 1104 2662 sapientia,
1130 2594 1423 2667 charitate)
1450 2596 1776 2665 conﬂatum;
1817 2612 2007 2668 parum
2043 2611 2140 2651 cu-

567 2691 774 2748 rantes,
826 2682 959 2740 istos
993 2702 1093 2756 pro
1136 2688 1322 2743 saeculi
1354 2705 1459 2743 usu
1482 2691 1590 2745 cito
1633 2689 1941 2747 dillluentes
1975 2705 2140 2745 orna-

568 2782 678 2839 tus,
711 2775 805 2845 qui
845 2775 1098 2831 foliorum
1123 2779 1232 2833 ritu
1263 2780 1330 2834 ad
1359 2788 1573 2852 tempus
1596 2778 1851 2837 ﬂorentes
1882 2781 2140 2835 mutatio-

567 2865 728 2922 nibus
752 2868 996 2938 corporis
1022 2885 1121 2940 per
1148 2880 1318 2928 statas
1351 2872 1497 2929 vices
1540 2873 1981 2944 contingentibus
2013 2887 2143 2928 eva-

566 2967 817 3015 nescunt.
843 2959 1048 3031 Duplex
1083 2963 1226 3017 enim
1258 2966 1310 3018 in
1344 2964 1563 3022 homine
1584 2966 1820 3021 mundus
1850 2965 2094 3021 cernitur
2122 2982 2138 3021 :

565 3060 798 3116 quorum
828 3048 1054 3103 alterum
1080 3051 1174 3121 qui
1207 3052 1432 3108 interior
1459 3062 1543 3110 est
1571 3070 1635 3109 ac
1660 3054 2007 3121 immortalis,
2033 3054 2141 3111 Do-

565 3136 751 3192 minus
782 3138 1006 3208 accipit,
1042 3156 1132 3195 cor
1160 3142 1260 3196 sibi
1290 3144 1549 3207 ablatum,
1580 3145 1790 3209 dicens,
1829 3145 1882 3199 in
1912 3161 2017 3199 uno
2051 3161 2141 3198 or-

568 3240 816 3284 namento
848 3231 974 3286 colli
998 3249 1238 3301 sponsa;
1265 3235 1425 3305 quasi
1461 3236 1754 3307 pellectum
1793 3252 1853 3292 se
1886 3245 2050 3307 atque
2071 3236 2137 3291 ad

2250 2046 2553 2120 μασκοῦσαι
2584 2045 2754 2116 ψυχαὶ
2779 2044 2869 2097 τὸν
2900 2042 3154 2114 αἰσθητὸν
3198 2040 3404 2095 τουτονὶ
3446 2040 3648 2109 κόσμον
3672 2037 3818 2109 ἀμφὶ

2244 2139 2334 2193 τὸν
2361 2135 2629 2209 τράχηλον
2673 2136 2766 2189 τὸν
2812 2134 2917 2201 ἔξω
2956 2135 3054 2206 τῆς
3086 2133 3284 2203 σαρκὸς
3318 2129 3650 2203 περιτιθέασι
3681 2128 3820 2201 πρὸς

2245 2230 2461 2301 ἀπάτην
2508 2229 2618 2281 τῶν
2658 2227 2978 2298 θεωμένωνο
3028 2226 3082 2278 al
3133 2223 3189 2277 δὲ
3234 2222 3560 2293 ἀγνεύουσαι
3608 2218 3818 2275 ἔνδοθεν

2246 2321 2480 2394 ἔμπαλιν
2506 2321 2598 2375 τὸν
2629 2319 2831 2391 κόσμον
2857 2319 3193 2386 ἐξάπτονται,
3223 2317 3313 2370 τὸν
3343 2315 3451 2369 ἀτὼ
3480 2314 3590 2367 τῶν
3620 2312 3819 2385 τιμίων

2246 2414 2342 2468 καὶ
2384 2412 2643 2466 ποικίλων
2690 2411 2765 2477 ὡς
2813 2409 3026 2482 ἀληθῶς
3070 2408 3425 2479 συγκείμενον
3472 2404 3669 2470 λίθων,
3718 2403 3817 2475 τῆς

2246 2504 2578 2577 ἐλευθερίας,
2607 2504 2705 2575 τῆς
2759 2500 3258 2574 μεγαλοφροσύνης,
3311 2499 3409 2569 τῆς
3462 2498 3673 2567 σοφίας,
3715 2495 3818 2565 τῆς

2245 2596 2465 2668 ἀγάπης
2497 2595 2629 2666 (95)'
2660 2594 2816 2662 ὀλίγα
2854 2592 3207 2664 φροντίσασαι
3253 2590 3361 2644 τῶν
3392 2590 3518 2660 τῇδε
3552 2585 3818 2659 προσκαί-

2248 2706 2356 2763 ρων
2387 2686 2780 2758 ποικιλμάτων,
2810 2684 2846 2739 ἀ
2884 2683 3094 2754 φύλλων
3126 2684 3281 2754 δίκην
3322 2682 3459 2754 πρὸς
3501 2680 3648 2751 ὥραν
3684 2677 3816 2732 θάλ-

2244 2782 2405 2836 λοντα
2452 2778 2931 2847 συναφαυαίνονται
2975 2775 3068 2830 τοῦ
3118 2774 3365 2846 σώματος
3408 2775 3529 2837 ταῖς
3566 2771 3817 2843 τροπαῖς.

2245 2871 2475 2935 Διπλοῦς
2500 2870 2608 2944 γὰρ
2655 2872 2685 2924 6
2731 2870 2858 2941 περὶ
2883 2869 2973 2922 τὸν
2996 2868 3278 2940 ἄνθρωπον
3307 2867 3552 2937 φαίνεται
3591 2863 3817 2934 κόσμος,

2245 2958 2321 3019 ὧν
2351 2965 2443 3019 τὸν
2487 2963 2634 3016 ἔνδον
2673 2964 2703 3016 6
2740 2960 2945 3033 Κύριος
2987 2959 3330 3030 ἀποδέχεται,
3376 2958 3473 3011 τὸν
3520 2956 3818 3026 ἀκήρατον,

2257 3058 2342 3110 'Es
2392 3054 2521 3127 μιᾷ,
2553 3055 2747 3124 λέγων,
2780 3052 3097 3122 τραχήλων
3129 3050 3400 3120 ἐνθέματι
3431 3047 3543 3116 τῆς
3577 3048 3821 3115 νύμφης

2245 3146 2676 3217 κεκαρδιῶσθαι
2693 3163 2706 3177 ·
2737 3148 2920 3209 οἱονεὶ,
2952 3144 3045 3199 τοῦ
3073 3143 3273 3197 ἔσωθεν
3294 3139 3580 3212 ἀνθρώπου
3598 3138 3697 3208 τῆς
3722 3152 3819 3191 κα-

2244 3238 2506 3311 ταστολῆς
2537 3238 2731 3311 αἴγλην
2771 3236 3202 3295 ἀποστίλϐοντος.
3234 3233 3473 3307 ὠρέχθαι
3504 3228 3815 3302 σημαίνωνο

564 3335 806 3376 amorem
830 3338 1121 3380 accensum
1150 3326 1484 3397 signiﬁcans,
1510 3327 1799 3398 splendore
1823 3328 1891 3383 ab
1916 3327 2140 3382 interio-

2243 3330 2318 3394 ὥς
2350 3346 2452 3383 που
2491 3330 2583 3383 καὶ
2625 3330 2654 3381 6
2683 3327 2968 3400 ψαλμῳδὸς
2997 3328 3284 3398 μαρτυρεῖ,
3317 3321 3511 3389 Πᾶσα,
3545 3321 3742 3390 λέγων,
3774 3318 3819 3390 ἠ

566 3411 645 3466 ris
675 3412 913 3468 hominis
957 3416 1157 3471 vestitu
1198 3418 1488 3481 emicante,
1532 3417 1609 3471 uti
1649 3424 1703 3471 et
1732 3415 2021 3473 Psalmista
2053 3425 2141 3472 te-

562 3508 764 3569 statur,
790 3505 921 3560 dum
944 3521 1149 3561 omnem
1166 3508 1393 3580 gloriam
1417 3508 1547 3578 ﬁliae
1576 3508 1712 3579 regis
1746 3506 1812 3561 ab
1841 3509 1984 3562 intus
2004 3523 2117 3561 esse

563 3594 642 3648 ait
663 3593 734 3651 ³⁸.

2243 3420 2392 3486 δόξα
2414 3419 2525 3491 τῆς
2553 3419 2845 3491 θυγατρὸς
2870 3418 2976 3474 τοῦ
2989 3415 3568 3487 βασιλέως-ἔσωθεν.

1231 3710 1359 3766 Car.
1391 3710 1480 3767 lil.
1520 3711 1781 3784 Virgines,
1809 3714 1939 3783 ipsa:
1960 3720 2243 3783 martyres,
2282 3711 2420 3765 inter
2439 3709 2641 3765 Christi
2675 3706 2910 3771 sodales,
2942 3705 3155 3776 primae.

639 3814 815 3871 Nolim
836 3833 965 3873 vero
983 3821 1253 3893 quispiam
1274 3823 1549 3879 existimet
1572 3825 1871 3896 improbari
1898 3840 1963 3881 ac
1982 3825 2138 3896 rejici

567 3908 728 3962 aliam
774 3911 1171 3968 multitudinem
1219 3914 1576 3981 credentium,
1611 3923 1808 3985 putans
1851 3932 1953 3971 nos
1992 3918 2139 3972 solas

567 4000 803 4071 virgines
825 4001 1190 4059 introductum
1224 4005 1311 4071 iri,
1350 4005 1619 4075 potituras
1642 4006 1801 4062 bonis
1828 4008 2136 4076 promissis,

567 4108 679 4147 non
721 4092 1049 4165 intelligens,
1080 4096 1256 4151 tribus
1295 4112 1517 4168 quoque
1549 4104 1604 4152 et
1636 4098 2012 4168 cognationes,
2047 4115 2138 4154 or-

566 4185 830 4256 dinesque
868 4194 924 4242 et
968 4189 1172 4244 classes
1220 4186 1456 4252 futuras,
1488 4203 1588 4259 pro
1617 4188 1886 4259 cujusque
1919 4189 2136 4244 illorum

569 4276 691 4332 ﬁdei
716 4280 942 4334 ratione.
964 4278 1021 4335 ld
1046 4279 1189 4349 quod
1209 4288 1260 4334 et
1283 4279 1481 4335 Paulus
1505 4279 1773 4349 signiﬁcat
1793 4280 1922 4333 dum
1947 4278 2029 4333 ait
2049 4280 2092 4311 ³⁷
2118 4297 2135 4334 :

566 4370 693 4425 Alia
720 4372 941 4427 claritas
986 4372 1136 4437 solis,
1167 4372 1279 4426 alia
1316 4373 1538 4427 claritas
1578 4372 1739 4437 Iunce,
1772 4370 1884 4426 alia
1913 4372 2136 4427 claritas

567 4461 866 4515 stellarum.
896 4460 1065 4517 Stella
1092 4462 1271 4531 di/fert
1306 4480 1339 4516 a
1369 4464 1525 4518 stella
1553 4462 1608 4516 in
1639 4461 1887 4517 claritate
1919 4479 1937 4517 :
1976 4463 2053 4516 ita
2088 4473 2138 4518 et

2311 3824 2403 3897 Μὴ
2433 3820 2859 3893 ὑπολαμϐανέτω
2889 3818 2947 3871 δέ
2988 3834 3094 3881 τις,
3140 3814 3529 3887 ἀποκρίνεσθαι
3567 3814 3677 3886 (96)
3727 3814 3821 3869 τὸν

2242 3918 2426 3988 ἕτερον
2455 3914 2641 3987 ὅμιλον
2680 3911 2789 3966 τῶν
2837 3906 3299 3971 πεπιστευκότων,
3336 3905 3492 3971 δόξας
3530 3907 3677 3978 ἡμᾶς
3721 3908 3821 3971 τὰς

2244 4006 2546 4079 παρθένους
2591 4004 2755 4075 μόνας
2797 3996 3133 4070 εἰσηγεῖσθαι
3164 3995 3491 4067 τευξομένας
3520 4015 3616 4069 της
3646 4001 3820 4067 ἐπαγ-

2245 4097 2427 4168 γελίας
2444 4113 2459 4126 ·
2493 4096 2555 4149 οὐ
2586 4095 2904 4165 συννοήσας,
2937 4093 3020 4145 ὅτι
3049 4090 3144 4144 καὶ
3173 4090 3334 4159 φυλαὶ
3357 4091 3450 4143 καὶ
3478 4091 3702 4160 πατριαὶ
3727 4090 3821 4144 καὶ

2243 4188 2500 4259 τάγματα
2555 4187 2675 4241 κατ’
2704 4183 2994 4253 ἀναλογίαν
3044 4182 3274 4237 ἑκάστου
3327 4181 3539 4235 ἔσονται
3574 4182 3677 4252 τῆς
3727 4183 3820 4237 πί-
3933 4205 3948 4217 ~

2244 4297 2431 4344 στεως.
2458 4279 2569 4333 Καὶ
2594 4278 2749 4332 τοῦτο
2773 4277 2868 4330 καὶ
2900 4274 3110 4338 Παῦλος
3134 4273 3643 4347 διαγράφει,”Αλλη
3669 4273 3819 4340 δόξα

2241 4371 2443 4438 ἡλίου,
2478 4368 2576 4423 καὶ
2609 4367 2770 4435 ἄλλη
2799 4365 2950 4430 δόξα
2975 4363 3264 4432 σελήνης,
3310 4363 3503 4434 λέγων,
3532 4364 3628 4418 καί
3656 4363 3817 4433 ἄλλη

2243 4462 2393 4529 δόξα
2436 4460 2724 4528 ἀστέρων.
2743 4457 2952 4525 Ἀστὴρ
2990 4457 3098 4526 γὰρ
3144 4455 3397 4524 ἀστέρος
3433 4455 3694 4525 διαφέρει
3748 4455 3821 4510 ἐν

568 4554 881 4607 resurrectio
931 4566 1280 4609 mortuarum.
1334 4554 1399 4610 Et
1450 4554 1714 4609 Dominus
1759 4568 1872 4609 non
1917 4555 2138 4610 eosdem

2244 4556 2391 4625 δόξῃ
2412 4571 2425 4585 ⁸
2458 4553 2611 4608 οὕτω
2657 4551 2757 4606 καὶ
2783 4553 2822 4620 ἠ
2851 4549 3188 4614 ἀνάστασις
3226 4548 3344 4602 τῶν
3371 4546 3617 4617 νεκρῶν.
3650 4547 3760 4601 Καὶ
3786 4548 3819 4601 6

566 4646 824 4701 omnibus
849 4662 909 4702 se
948 4646 1183 4704 honores
1228 4648 1484 4703 daturum
1524 4649 1834 4719 prolitetur,
1876 4647 1971 4715 sed
2001 4647 2139 4703 alios

565 4738 830 4794 caelorum
848 4756 1012 4813 regno
1041 4750 1384 4810 annumerat,
1412 4743 1534 4799 aliis
1551 4751 1709 4797 terra:
1738 4740 2137 4811 possessionem

567 4831 874 4903 pollicetur,
904 4833 1042 4887 alios
1070 4834 1336 4903 promittit
1358 4835 1575 4890 visuros
1614 4832 1831 4889 Patrem
1860 4832 1925 4885 ³⁸.
1958 4830 2138 4899 Quare

565 4931 622 4979 et
654 4923 743 4978 hic
776 4922 1009 4992 primum
1038 4924 1289 4982 ordinem
1323 4933 1378 4982 et
1423 4927 1650 4983 chorum
1693 4931 2138 4981 consecratarum

567 5016 672 5088 ipsi
722 5017 994 5088 virginum
1044 5018 1100 5072 in
1155 5018 1399 5089 requiem
1466 5034 1732 5075 novorum
1788 5017 2136 5079 saeculorum,

565 5118 823 5181 tanquam
854 5111 908 5165 in
943 5111 1261 5174 thalamum.
1295 5113 1351 5168 in
1382 5128 1483 5168 suo
1515 5114 1776 5167 comitatu
1812 5125 1999 5166 secum
2047 5109 2136 5163 in—

542 5204 963 5260 ‘troducendum
982 5220 1050 5260 ex
1080 5204 1304 5259 oraculo
1331 5206 1549 5275 promit.
1581 5203 1802 5258 Functa‘,
1826 5202 1972 5258 enim
1999 5215 2141 5256 mar-

566 5296 709 5368 tyrio
734 5304 886 5363 sunt,
918 5312 1029 5353 non
1061 5296 1129 5351 ad
1166 5297 1330 5353 breve
1352 5296 1614 5369 temporis
1643 5302 1978 5351 momentum
2011 5308 2137 5347 sus-

672 5392 718 5423 ³⁸
752 5392 907 5448 Psal.
952 5410 1099 5461 xuv,
1124 5393 1210 5448 M.
1285 5391 1330 5426 ³⁷
1372 5391 1402 5447 1
1436 5392 1558 5449 Cor.
1591 5409 1682 5459 xv,
1712 5392 1800 5447 41.
1880 5390 1926 5422 ³⁸
1964 5385 2157 5443 Matth.

638 5484 750 5555 (95)
781 5486 1054 5556 Ἀγάπης.
1092 5484 1168 5540 lta
1196 5485 1369 5542 codex
1386 5484 1507 5541 Vat.
1542 5492 1598 5539 et
1629 5484 1937 5556 Possinius.
1978 5479 2130 5534 Alla-

565 5555 685 5627 lius_
705 5552 833 5627 vero
848 5552 994 5611 cum
1010 5552 1116 5613 ius.
1158 5557 1358 5627 Mazar.
1385 5597 1401 5620 ,
1438 5555 1810 5627 σωφροσύνης.
1836 5552 2129 5627 glutinans.

639 5624 749 5695 (96)
779 5625 1248 5695 Ἀποκρίνεσθαι.
1282 5626 1373 5682 Sic
1406 5622 1667 5694 All-alius;
1706 5622 1809 5683 uis.
1838 5622 1987 5688 Vat.,
2011 5634 2135 5675 cum

568 5694 834 5768 Possiuio,
867 5694 1280 5768 ἀποκρούεσθαι.
1314 5696 1388 5753 In.

639 5763 751 5831 (97)
794 5764 894 5819 Ἐν
930 5757 1215 5832 ,βασιλείῃ
1268 5768 1718 5834 καταριθμεῖται.
1786 5762 2015 5820 Allatius
2047 5757 2136 5816 ἐπὶ

2245 4647 2449 4720 Κύριος
2485 4646 2541 4699 δὲ
2570 4643 2631 4698 ού
2664 4645 2797 4698 πᾶσι
2815 4641 2915 4705 τὰς
2942 4640 3108 4704 αὐτὰς
3135 4638 3387 4711 ὁμολογεῖ
3403 4638 3602 4693 διδόναι
3625 4637 3814 4709 τιμὰς,

2245 4739 2357 4795 ἀλλ’
2376 4739 2583 4809 ἑτέροις
2604 4737 2702 4809 μὲν
2719 4738 2775 4790 ὲν
2793 4733 3039 4807 βασιλείᾳ
3052 4732 3161 4803 (97)
3178 4730 3595 4802 καταριθμεῖται
3611 4728 3720 4782 τῶν
3734 4730 3821 4783 οὑ-

2247 4827 2442 4902 ρανῶν,
2459 4828 2639 4890 ἀλλοις
2661 4825 3021 4898 κληρονομίαν
3038 4821 3427 4891 ἐπαγγέλλεται
3450 4821 3552 4892 γῆς
3610 4819 3819 4890 ἑτέροις

2238 4921 2463 4991 ὄψεσθαι
2489 4920 2581 4973 τὸν
2611 4918 2851 4990 Πατέρα.
2886 4918 2997 4971 Καὶ
3022 4916 3086 4987 δὴ
3112 4915 3206 4969 καὶ
3232 4912 3465 4968 ἐνταῦθα
3496 4911 3712 4984 πρῶτον
3756 4912 3818 4965 τὸ

2237 5013 2425 5083 τάγμα
2458 5010 2552 5064 καὶ
2578 5009 2669 5062 τὸν
2693 5009 2852 5081 χορὸν
2884 5008 2977 5062 τὸν
3008 5005 3161 5076 ἅγιον
3190 5003 3338 5075 αὐτῷ
3372 5003 3481 5058 τῶν
3507 5001 3812 5074 παρθένων,

2239 5104 2426 5175 ὥσπερ
2462 5105 2542 5166 είς
2568 5101 2851 5172 νυμφῶνα,
2877 5100 2975 5171 τὴν
3000 5098 3305 5153 ἀνάπαυσιν
3333 5095 3442 5149 τῶν
3468 5093 3669 5148 καινῶν
3691 5091 3818 5147 αἰώ-

2239 5213 2346 5249 νων
2424 5190 2832 5263 ὲφομαρτοῦντα
2909 5185 3409 5243 συνεισελεύσεσθαι
3482 5182 3812 5256 χρησμῳδεῖ.

2252 5284 2669 5358 Ἐμαρτύρησαν
2699 5282 2809 5355 (98)
2838 5281 2967 5353 γὰρ,
2996 5282 3057 5335 οὐ
3080 5278 3221 5334 κατά
3240 5294 3293 5331 τι
3325 5276 3512 5349 μόριον
3536 5275 3729 5348 χρόνου
3755 5275 3815 5327 ἐν

2196 5401 2250 5440 ν.

2235 5474 2305 5528 τὰ
2354 5473 2618 5545 βασίλεια.
2663 5468 2987 5545 Lectionem
3026 5471 3278 5545 Bostram
3334 5482 3401 5521 ex
3490 5462 3612 5545 vat.
3643 5537 3664 5545 _
3688 5463 3810 5545 eod.

2238 5532 2503 5615 expressit
2521 5543 2828 5598 Possinius.
2848 5540 2923 5594 In.
2938 5570 3005 5580 —
3024 5537 3184 5593 Forte
3203 5538 3305 5608 leg.
3340 5532 3813 5606 καταριθμεῖσθαι,

2242 5616 2932 5758 Μἰθιὲίιξὲἷιῗξρτύρησαν.
2989 5678 3156 5747 Quasi
3218 5678 3531 5749 martyrium
3559 5675 3808 5747 fecerim.
