4140 6408
244 387 351 444 129

1296 372 1682 432 CONVlVlUM
1717 371 1951 428 DECEM
1994 369 2353 427 VIRGINUM.

3367 371 3391 425 l
3402 369 3477 425 30‘

244 500 438 573 βραχεῖ
466 498 876 573 καρτερήσασαι
911 495 1174 567 σωμάτων
1205 490 1518 563 ἀχθηδόνας,
1552 487 1687 542 ἀλλά
1732 486 1819 541 διὰ

1928 487 2153 543 tinentes
2192 501 2483 558 corporum
2520 484 2859 558 gravamina,
2907 480 3002 538 sed
3031 480 3209 552 quoad
3249 481 3356 537 vita
3384 498 3479 537 su-

242 593 449 654 παντὸς
483 590 749 661 τλήσασαι
796 587 891 641 τοῦ
944 586 1081 657 βίου,
1114 585 1189 656 μὴ
1218 579 1693 637 ἀποδειλιάσασθαι
1721 579 1813 633 τὸν

243 679 436 749 ἀγῶνα
506 679 598 732 τὸν
639 676 1004 749 Ὀλυμπιακὸν
1080 672 1295 747 ἀληθῶς
1362 670 1645 741 διαθλῆσαι
1716 670 1815 739 τῆς

240 770 496 842 ἀγνείας’
529 770 782 841 βασάνοις
812 786 871 822 τε
898 767 1007 839 γάρ
1038 767 1248 839 ἀγρίοις
1278 762 1479 836 ἡδονῶν
1510 762 1604 817 καὶ
1633 759 1817 831 φόϐοις

243 864 340 917 καὶ
385 861 582 926 λύπαις
624 861 992 932 ἀντισχοῦσαι,
1019 860 1256 923 καὶτοῖς
1285 857 1465 920 ἄλλοις
1506 854 1607 925 τῆς
1648 869 1811 925 πονη-

245 952 368 1026 ρίας
415 951 524 1005 τῶν
572 949 873 1022 ἀνθρώπων
904 953 1113 1015 κακοῖς,
1146 947 1511 1019 ἀποφέρονται
1559 943 1630 998 τὰ
1679 943 1818 1015 γέρα

243 1046 461 1116 πρῶται
509 1044 619 1099 τῶν
662 1045 857 1109 ἄλλων,
885 1045 965 1108 εἰς
993 1044 1081 1097 τὸν
1118 1043 1323 1114 ἀμείνω
1352 1041 1455 1111 τῆς
1492 1036 1819 1107 ἐπαγγελίας

239 1135 640 1206 ὲκτασσόμεναι
673 1133 869 1206 χῶρον.
890 1134 1102 1205 Ἀμέλει
1135 1132 1337 1195 ταύτας
1374 1131 1531 1202 μόνον
1560 1126 1819 1198 έκλεκτὴν

241 1227 466 1299 νύμφην
494 1225 598 1289 τὰς
636 1225 834 1297 ψυχὰς,
868 1226 963 1278 καὶ
992 1223 1221 1296 γνησίαν
1246 1226 1276 1278 ὁ
1301 1223 1470 1291 Λόγος
1500 1218 1692 1275 ἑαυτοῦ
1721 1235 1823 1273 κα-

241 1318 331 1372 λεῖ
350 1335 365 1348 ⁸
391 1318 489 1381 τὰς
512 1317 569 1371 δὲ
595 1318 808 1382 λοιπὰς,
838 1317 1118 1380 παλλακὰς
1146 1316 1239 1369 καὶ
1267 1314 1513 1378 νεανίδας
1540 1313 1635 1367 καὶ
1658 1312 1822 1381 θυγα-

242 1410 434 1482 τέρας,
464 1409 637 1479 λέγων
659 1404 761 1462 ὧδε
778 1425 794 1439 ·
834 1406 1156 1475 Ἐξήκοντά
1177 1407 1296 1462 εισι
1316 1405 1704 1470 βασίλισσαι,
1724 1399 1822 1456 καί

245 1501 617 1573 ὀγδοήκοντα
678 1501 1017 1555 mammam"
1069 1499 1169 1553 καὶ
1221 1496 1491 1563 νεανιδες
1511 1534 1528 1558 ,
1574 1489 1661 1549 ὧν
1712 1501 1821 1549 οἰκ

240 1593 422 1651 ἐστιν
462 1593 725 1663 ἀριθμός.
754 1593 875 1648 Μία
914 1591 1046 1646 ἐστὶ
1072 1588 1389 1659 περιστερά
1438 1605 1579 1657 μου,
1625 1584 1824 1639 τελεία

240 1707 365 1761 μου
387 1690 530 1760 ’μία
552 1688 683 1743 ἐστὶ
720 1687 794 1757 τῇ
834 1685 1012 1756 μητρὶ
1058 1681 1267 1750 αὐτῆς,
1301 1676 1559 1745 ἐκλεκτὴ
1609 1675 1685 1744 τῇ
1732 1690 1824 1728 τε·

244 1784 444 1853 κούσῃ
491 1780 709 1848 αὑτήνο
749 1778 1067 1835 tia-816an
1112 1776 1307 1841 αὐτὴν
1358 1768 1693 1840 θυγατέρες,
1724 1765 1821 1819 καὶ

1916 589 2125 649 perstes
2170 576 2291 641 fuit,
2326 577 2620 631 tolerantes
2647 574 2914 639 laborum,
2949 571 3322 643 Olympiacum
3352 587 3485 628 vero

1915 669 2250 749 castimoniae
2284 683 2512 741 agonem
2540 667 2751 723 fortiter
2778 666 2931 721 obire
2957 681 3065 719 nou
3094 664 3478 728 formidarunt,

1917 760 2180 829 saevisque
2202 760 2538 830 voluptatum
2573 758 2860 813 tormentis
2891 764 2945 811 et
2976 757 3268 827 pavoribus
3300 772 3365 819 ac
3392 758 3486 813 do-

1917 852 2149 914 loribus,
2175 852 2405 922 aliisque
2428 850 2709 905 hominum
2743 849 2995 919 nequitiae
3034 848 3194 915 malis
3223 848 3485 903 resisten-

1917 951 2022 1009 tes,
2056 940 2243 1015 primae
2262 954 2386 1000 ante
2419 943 2556 999 alios
2584 954 2810 996 munera
2837 941 2893 994 in
2914 940 3230 995 melioribus
3257 942 3486 1010 promis.

1918 1038 2091 1093 sionis
2120 1036 2254 1092 locis
2273 1038 2550 1092 collocata
2574 1043 2872 1105 reportant.
2899 1034 3140 1104 Denique
3171 1034 3272 1089 has
3307 1034 3484 1088 solum

1920 1130 2150 1192 animas,
2181 1127 2416 1183 Verbum
2449 1130 2675 1183 electam
2719 1142 2973 1198 sponsam
3021 1136 3183 1196 atque
3214 1126 3483 1180 sinceram

1920 1229 2074 1275 vocat
2105 1238 2120 1275 :
2156 1221 2393 1290 reliquas
2423 1228 2624 1284 autem,
2660 1219 2993 1274 concubinas
3024 1226 3077 1272 et
3110 1218 3490 1272 adolescentu-

1921 1313 2003 1369 las
2035 1320 2196 1381 atque
2241 1311 2397 1378 tilias,
2432 1314 2514 1366 sic
2541 1311 2730 1366 dicens
2754 1310 2799 1343 ³⁹
2830 1330 2845 1365 :
2877 1308 3164 1379 Sexaginta
3193 1316 3315 1362 sunt
3351 1306 3490 1377 regi-

1921 1417 2023 1466 naa,
2068 1410 2119 1455 et
2157 1401 2420 1471 octoginta
2455 1399 2793 1463 concubinae;
2829 1408 2879 1453 et
2912 1398 3314 1452 adolescentqu
3355 1414 3489 1468 qua-

1922 1508 2041 1545 rum
2073 1500 2177 1545 non
2220 1498 2298 1545 est
2344 1506 2608 1545 numerus.
2649 1488 2767 1543 Una
2797 1498 2875 1543 est
2918 1487 3160 1542 columba
3198 1503 3333 1550 mea,
3367 1501 3488 1556 per-

1923 1581 2060 1651 fecta
2094 1596 2244 1645 mea;
2276 1596 2382 1633 una
2404 1588 2481 1633 est
2511 1581 2673 1633 matri
2705 1594 2848 1643 autc;
2888 1579 3051 1633 electa
3086 1578 3324 1649 genitrici
3355 1594 3486 1632 sum.

1934 1673 2187 1728 Viderunt
2221 1688 2339 1727 eam
2384 1672 2543 1741 ﬁliae,
2587 1679 2635 1741 et
2679 1670 2883 1724 beatam
2914 1670 3277 1740 praedicabant
3320 1686 3435 1723 eam
3467 1684 3489 1724 :

1925 1767 2117 1837 regina:
2147 1774 2199 1819 et
2228 1763 2530 1818 concubina:
2559 1762 2850 1816 laudabunt
2875 1778 3011 1816 eam.
3045 1760 3181 1816 Cum
3211 1762 3354 1817 enim
3387 1761 3493 1814 uti»

241 1871 645 1938 μακαριοῦσιν
666 1866 889 1936 αὑτήν·
924 1865 1295 1932 βασίλισσαι
1361 1859 1462 1914 καί
1492 1875 1559 1930 γε
1591 1860 1826 1911 παλλα-

1928 1873 2031 1929 que
2055 1857 2237 1911 multae
2264 1855 2375 1910 sint
2400 1854 2655 1910 Ecclesia:
2682 1854 2825 1918 tiliae,
2857 1868 2963 1908 una
2984 1853 3100 1908 sola
3132 1854 3302 1908 electa
3329 1860 3414 1908 est
3439 1857 3494 1905 et

245 1961 350 2015 καὶ
397 1961 673 2015 αίνοῦσιν
720 1958 932 2026 αὐτήν.
985 1955 1201 2010 Πολλῶν
1230 1953 1341 2026 γὰρ
1375 1950 1550 2006 οὐσῶν
1584 1947 1824 2020 δηλονότι

244 2052 351 2126 τῆς
394 2053 717 2127 Ἐκκλησίας
747 2052 854 2107 τῶν
884 2049 1214 2121 θυγατέρων,
1247 2046 1346 2117 μία
1371 2043 1488 2097 ἐστὶ
1519 2042 1653 2113 μόνη
1681 2040 1827 2094 ἐκλε-

245 2142 354 2216 κτὴ
380 2143 473 2199 καὶ
502 2140 805 2214 τιμιωτάτη
841 2143 899 2195 ὲν
929 2138 1230 2210 ὀφθαλμοῖς
1256 2134 1426 2205 αὐτῆς
1456 2132 1596 2204 ὑπὲρ
1624 2131 1824 2195 πάσας,

241 2235 312 2290 τὸ
336 2235 521 2307 τάγμα
548 2233 657 2288 τῶν
690 2231 994 2305 παρθένων.

1928 1949 2250 2005 charissima
2277 1949 2334 2001 in
2357 1947 2532 2003 oculis
2552 1946 2670 2017 ejus
2699 1960 2865 2017 supra
2896 1946 3154 2017 reliquas,
3182 1945 3317 2000 ordo
3345 1943 3496 2000 scili-

1927 2049 2014 2097 cet
2036 2040 2328 2112 virginum.

246 2353 381 2409 CAP.
408 2351 501 2409 IV.
528 2350 700 2406 Locus
725 2347 885 2404 Cant.
917 2362 993 2409 vr,
1033 2346 1085 2408 7,
1107 2345 1162 2407 8,
1195 2358 1487 2413 expensus.
1506 2340 1736 2412 Reginae,
1765 2344 1965 2413 sancta:
1998 2342 2120 2389 ante
2150 2330 2410 2413 dilaniata
2442 2329 2654 2413 animat.
2687 2325 3027 2413 Qoncubinte,
3048 2323 3252 2413 animae.
3273 2325 3495 2406 prophe-

363 2395 1623 2485 spir'itatesfetua,
1656 2395 1734 2535 ἔθ’
1760 2408 2128 2533 ιὶιςορὴεταταιη
2159 2404 2330 2458 libris.
2368 2400 2537 2467 Quasi
2565 2399 2907 2454 clandestina:
2942 2412 3060 2450 cum
3102 2395 3387 2465 prophetis,

1711 2498 1768 2535 er
1803 2497 1823 2534 ι
1859 2487 2074 2535 nuptae.

1711 2487 1823 2535 erbi
1859 2487 2074 2547 nuptae.

333 2605 531 2661 Ἐἀνδέ
564 2622 641 2676 τῳ
670 2603 1026 2677 περὶτούτων
1056 2599 1485 2673 ἀμφισϐήτησις,
1517 2598 1594 2662 ὡς
1611 2595 1824 2650 οὐδέπω

246 2698 365 2754 τῶν
422 2697 732 2768 κεφαλαίων
779 2693 977 2759 ἱκανῶς
1023 2691 1561 2764 ἐπεξειργασμένων,
1602 2688 1698 2742 καὶ
1744 2686 1825 2740 ἔτι

252 2791 495 2866 βούλοιτο
536 2789 653 2843 κατ’
698 2786 988 2857 ἀναγωγὴν
1036 2782 1216 2838 αὐτῶν
1259 2779 1630 2853 πνευματικὴν
1670 2780 1825 2852 διαρ-

252 2886 529 2960 θρωθῆναι
591 2882 993 2954 πληρέστερον,
1039 2879 1183 2943 τίνες
1227 2876 1364 2932 είσὶν
1415 2876 1473 2930 αἱ
1522 2873 1826 2945 βασίλισσαι

251 2979 349 3034 καὶ⁸
377 2981 432 3032 αἱ
460 2975 695 3040 νεάνιδες
715 2991 730 3006 ⁸
758 2971 1005 3045 λέξομεν,
1025 2969 1283 3025 δύνασθαι
1310 2968 1481 3023 ταῦτα
1504 2965 1828 3037 λελαλῆσθαι

252 3071 350 3125 καὶ
379 3069 473 3123 ἐπὶ
512 3066 621 3122 τῶν
659 3065 719 3134 ἐξ
751 3064 924 3137 ἀρχῆς
943 3062 1085 3118 κατά
1123 3060 1388 3135 πρόϐασίν
1420 3058 1626 3131 χρόνων
1659 3061 1715 3111 ὲν
1754 3056 1830 3110 δι-

2000 2590 2096 2646 Sin
2126 2588 2217 2645 cui
2250 2600 2382 2644 vero
2404 2583 2534 2639 hinc
2578 2583 2746 2637 haeret
2798 2579 3089 2651 scrupulus
3111 2618 3128 2645 ,
3178 2577 3334 2650 quasi
3380 2577 3498 2633 haec

1928 2684 2108 2742 adhuc
2165 2681 2233 2737 ad
2270 2696 2470 2751 purum
2517 2676 2800 2746 Scriptura
2837 2686 3182 2744 nequaquam
3220 2671 3500 2726 declarata

1930 2779 2023 2845 sit,
2067 2792 2131 2832 ac
2153 2785 2414 2846 praeterea
2438 2771 2505 2825 ad
2536 2768 2874 2841 spiritualem
2896 2781 3016 2822 eam
3044 2779 3265 2822 sensum
3294 2763 3502 2819 referre

1929 2872 2094 2936 velit,
2139 2869 2406 2939 juxtaque
2455 2865 2609 2919 illum
2665 2860 2978 2917 distinctius
3008 2856 3204 2928 exponi
3251 2868 3502 2927 quamam

1935 2963 2044 3018 sint
2061 2961 2284 3033 reginae,
2306 2973 2429 3030 qua:
2450 2972 2582 3013 vero
2603 2954 2922 3012 concubinae
2951 2967 3016 3007 ac
3042 2966 3162 3022 qua:
3190 2949 3506 3005 adolescen-

1933 3057 2063 3111 tulae
2086 3096 2102 3122 ,
2136 3053 2384 3122 dicemus
2417 3050 2531 3106 ﬁeri
2579 3064 2742 3120 posse
2790 3055 2851 3102 ut
2888 3046 2993 3101 ista
3023 3045 3169 3099 dicta
3200 3042 3311 3099 sint
3340 3040 3408 3095 de
3434 3038 3507 3094 iis

252 3158 516 3231 καιοσύνῃ
559 3155 1007 3229 διαπρεψάντωψ
1051 3150 1162 3207 οἷον
1210 3150 1318 3205 τῶν
1368 3149 1476 3221 πρὸ
1518 3146 1613 3201 τοῦ
1662 3162 1827 3199 κατα-

1934 3149 2029 3220 qui
2061 3144 2394 3217 a'principio
2424 3158 2521 3214 per
2545 3139 2926 3198 successiones
2953 3146 3259 3206 temporum
3309 3134 3363 3188 in
3408 3146 3502 3201 Ju-

253 3224 531 3323 ﬂuopoiiv,
573 3248 668 3303 ml.
694 3224 813 3302 lacn
847 3245 985 3318 μετά
1016 3244 1108 3299 τὸν
1141 3241 1525 3312 κατακλυσμὸν
1541 3278 1556 3306 ,
1586 3239 1680 3294 καὶ
1721 3237 1827 3291 τῶν

1935 3242 2085 3298 stitia
2117 3242 2433 3297 claruerunt
2464 3252 2477 3289 :
2516 3242 2668 3307 puta,
2703 3232 2798 3303 qui
2827 3238 2953 3285 ante
2983 3227 3270 3288 diluvium,
3300 3224 3505 3296 quique

253 3346 365 3403 ἀπὸ
407 3344 502 3399 τοῦ
534 3341 769 3416 Χριστοῦ
815 3342 1068 3412 καθεξῆς.
1112 3337 1265 3393 Εἶναι
1309 3328 1418 3409 γὰρ
1455 3335 1674 3407 νύμφην
1733 3333 1832 3405 μὲν

249 3439 354 3511 τὴν
385 3435 732 3507 Ἐκκλησίαν,
766 3431 1082 3504 βασιλίσσας
1108 3430 1165 3484 δὲ
1188 3431 1287 3492 τὰς
1316 3425 1597 3500 βασιλικὰς
1621 3423 1833 3486 ὲκείνας

254 3532 358 3594 τὰς
408 3527 516 3599 πρὸ
558 3524 652 3580 τοῦ
704 3521 1090 3594 κατακλυσμοῦ
1123 3521 1334 3592 ψυχὰς,
1391 3518 1719 3589 εὐαρέστους
1754 3514 1833 3585 τῷ

256 3621 378 3694 Θεῷ
404 3617 777 3690 γεγενημένας
794 3633 808 3646 ·
836 3615 1081 3669 τουτέστι
1114 3613 1214 3676 τὰς
1245 3612 1389 3684 ἀμφὶ
1413 3611 1504 3665 τὸν
1531 3607 1716 3694 ιἈϐελ,
1740 3606 1836 3661 καὶ

255 3688 360 3770 τὸν.
378 3688 488 3785 Σὴθ
522 3688 619 3766 καὶ
642 3709 733 3765 τὸν
791 3708 963 3779 Ἐνῶχ
984 3724 997 3738 ·
1035 3705 1315 3770 παλλακὰς
1346 3704 1404 3758 δὲ
1444 3703 1543 3767 τὰς
1577 3688 1716 3773 μετὰ
1742 3698 1833 3753 τὸν

252 3803 674 3875 κατακλυσμὸν,
708 3800 818 3854 τῶν
869 3796 1196 3871 προφητῶν·
1259 3791 1385 3864 αἷς,
1440 3795 1547 3869 πρὸ
1590 3792 1683 3849 τοῦ
1734 3793 1834 3864 τὴν

265 3897 594 3968 Ἐκκλησίαν
639 3891 979 3966 ἁρμοσθῆναι
1014 3888 1093 3961 τῷ
1118 3890 1341 3962 Κυρίῳ,
1373 3887 1716 3942 παλλακίδων
1755 3885 1834 3940 δί-

252 4009 361 4065 κην
416 3987 801 4059 συγγινόμενος
824 4025 840 4051 ,
901 3984 1120 4056 ἀληθείς
1181 3982 1479 4053 ὑπέσπειρε
1526 3980 1718 4050 λόγους
1775 3981 1835 4034 ὲν

254 4085 480 4157 ἀφθόρῳ
526 4084 622 4137 καὶ
649 4079 867 4152 καθαρᾷ
899 4075 1218 4149 φιλοσοφίᾳ,
1262 4074 1350 4128 ἵνα
1386 4071 1645 4142 γεννῶσιν
1684 4068 1833 4142 αὐτῷ

176 4214 181 4219 ~
258 4178 620 4236 συλλαϐοῦσαι
649 4177 856 4239 πίστιν,
884 4171 1104 4244 πνεῦμα
1129 4169 1423 4242 σωτηρίας.
1456 4164 1694 4221 Τοιαῦτα
1724 4164 1834 4236 γὰρ

255 4272 726 4342 ἀποϐλαστήματα
777 4266 1002 4338 φύουσιν
1045 4265 1099 4318 αί
1139 4263 1342 4334 ψυχαὶ,
1383 4260 1707 4332 ἀείμνηστον
1739 4256 1834 4328 φέ-

257 4383 424 4442 ροντα
443 4364 505 4418 τὸ
533 4363 709 4426 κλέος,
748 4360 976 4422 ὁπόσαις
1012 4356 1079 4411 ἂν
1105 4355 1134 4406 ὁ
1162 4354 1396 4427 Χριστὸς
1430 4349 1829 4423 συνανακραθῇ.

256 4463 325 4515 Et
353 4459 464 4530 γὰρ
501 4453 752 4528 βούλεσθε
781 4454 861 4516 είς
889 4449 1168 4512 Μωῦσέως
1196 4445 1498 4517 ἀποϐλέψαι
1529 4444 1762 4516 βίϐλους,
1796 4442 1828 4515 ἢ

1932 3342 2059 3406 post
2085 3334 2372 3396 diluvium,
2404 3337 2458 3386 et
2488 3330 2583 3399 qui
2624 3328 2883 3393 deinceps
2914 3329 3039 3393 post
3070 3320 3370 3374 Christum.
3401 3315 3507 3371 Ec-

1933 3425 2102 3481 clesia
2123 3423 2375 3481 videlicet
2402 3435 2604 3491 sponsa
2631 3426 2738 3474 est.
2769 3414 2992 3485 Regina:
3014 3426 3146 3466 vero
3168 3448 3183 3474 ,
3208 3409 3370 3478 regia:
3399 3408 3505 3461 illae

1934 3515 2131 3572 anima:
2162 3527 2282 3583 qua:
2327 3518 2455 3565 ante
2477 3508 2740 3563 diluvium
2785 3502 2894 3558 Deo
2918 3503 3274 3572 placuerunt,
3310 3509 3505 3565 nempe

1933 3607 2091 3672 Abel,
2127 3604 2280 3669 Seth,
2313 3590 2525 3658 Enoch.
2545 3595 2900 3659 Concubinae,
2934 3608 3057 3664 qua:
3082 3597 3207 3661 post
3239 3587 3505 3642 diluvium

1934 3700 2130 3756 anima:
2159 3697 2400 3764 fuerunt,
2431 3707 2627 3762 nempe
2656 3688 3083 3761 pr0phetarum;
3112 3682 3312 3752 quibus
3351 3686 3507 3733 ante-

1933 3804 2096 3861 quam
2129 3786 2375 3841 Ecclesia
2419 3783 2652 3839 Domino
2707 3782 3023 3850 aptaretur,
3076 3770 3506 3827 concubinarum

1932 3896 2088 3937 more
2116 3892 2467 3949 congressus,
2497 3875 2554 3929 in
2586 3875 2903 3942 incorrupta
2925 3864 3237 3937 mundaque
3270 3862 3507 3933 philoso-

1933 3973 2062 4046 phia
2090 3986 2250 4028 veros
2288 3964 2684 4024 subseminavit
2712 3976 2995 4019 sermones
3017 4001 3033 4025 ,
3061 3967 3122 4015 ut
3150 3957 3275 4012 inde
3305 3971 3504 4011 conce-

1932 4075 2025 4139 pta
2051 4065 2156 4121 [ide
2180 4104 2196 4129 ,
2235 4061 2491 4133 spiritum
2532 4057 2728 4114 salutis
2755 4055 2804 4111 ei
2844 4061 3117 4125 parerent.
3162 4048 3322 4104 Tales
3355 4047 3504 4104 enim

1934 4160 2079 4217 fetus
2114 4157 2285 4215 edunt
2316 4151 2586 4224 ejusmodi
2617 4149 2832 4212 animae,
2859 4149 3211 4200 monumenta
3246 4141 3329 4211 sui
3351 4147 3510 4195 aeter-

1932 4266 2065 4308 num
2095 4260 2356 4304 mansura
2407 4243 2812 4312 relinquentes,
2875 4236 3202 4307 quibuscum
3251 4224 3506 4284 Christus

1932 4354 2266 4412 congressus
2295 4335 2480 4391 fuerit.
2514 4331 2572 4387 Si
2606 4330 2753 4386 enim
2778 4329 2834 4383 in
2878 4324 3083 4397 Moysis
3116 4327 3211 4377 aut
3246 4317 3505 4385 Davidis,

1934 4445 2029 4492 aut
2057 4429 2400 4494 Salomonis‘,
2430 4433 2523 4482 aut
2551 4425 2737 4488 Isaiae,
2765 4426 2859 4475 aut
2892 4418 3122 4473 aliorum
3162 4412 3505 4491 subsequen-

257 4502 482 4620 amula}
501 4502 1173 4618 ΓΣολομξῑξνιξξ’ἣ-Ῑιισσιῖουξ
1213 4538 1248 4609 ἢ
1273 4537 1382 4591 τῶν
1415 4502 1655 4605 καθεξῆς
1695 4502 1827 4605 an:

1937 4528 2070 4580 tium
2097 4521 2486 4594 prophetarum
2521 4515 2692 4570 libros
2712 4513 2954 4568 animum
2991 4506 3296 4571 advertere,
3327 4517 3361 4558 ο
3392 4502 3506 4557 vir-

259 4639 480 4712 φητῶν,
527 4631 576 4692 ὧ
630 4633 927 4708 παρθένοι,
969 4629 1212 4694 εἴσεσθε,
1244 4624 1334 4682 οἷα
1384 4624 1832 4681 καταλελοίπασιν

261 4731 467 4786 ἑαυτῶν
511 4729 710 4797 ἔκγονα
752 4723 830 4779 τῶ
862 4724 961 4795 βίῳ
1004 4723 1245 4794 σωτήρια
1287 4720 1376 4775 διά
1417 4720 1519 4789 τὴν
1566 4717 1702 4790 πρὸς
1742 4716 1833 4769 τὸν

259 4825 387 4880 Υίὸν
418 4821 513 4877 τοῦ
547 4817 681 4875 Θεοῦ
712 4816 1013 4872 κοινωνίαν.
1044 4814 1205 4869 Ὅθεν
1239 4810 1666 4883 τεθεωρημένως
1696 4808 1833 4862 παλ-

257 4914 431 4978 λακάς
478 4908 887 4982 προσηγόρευσε
928 4904 1026 4968 τὰς
1074 4902 1250 4974 ψυχὰς
1292 4900 1392 4966 τὰς
1435 4897 1777 4972 προφητικάς
1804 4900 1834 4952 ὁ

257 5005 453 5073 Λόγος,
484 5002 566 5056 ὃτι
599 4999 672 5072 μὴ
699 4994 947 5068 φανερῶς
978 4994 1147 5056 αὐτὰς
1175 4992 1335 5056 οὕτω,
1368 4989 1618 5062 καθάπερ
1645 4988 1708 5060 δὴ
1738 4989 1834 5042 καὶ

255 5098 362 5170 τὴν
414 5090 737 5164 Ἐκκλησίαν
802 5086 1148 5160 ἐπηγάγετο,
1199 5084 1368 5148 θύσας
1415 5083 1483 5137 δι’
1525 5083 1694 5155 αὐτὴν
1739 5081 1831 5134 τὸν

262 5194 463 5262 μόσχον
495 5186 587 5241 τὸν
616 5181 879 5239 σιτευτόν.

330 5345 377 5378 ³⁸
415 5340 575 5401 Cant.
605 5357 683 5409 vr,
717 5340 768 5406 7,
797 5338 853 5394 8.
925 5337 975 5372 ⁸⁰
1012 5334 1148 5392 Luc.
1172 5350 1265 5400 xv,
1295 5332 1388 5388 23.

256 5502 476 5557 Possin.
515 5495 889 5570 Ἐμαρτύρησε
907 5493 1038 5570 γὰρ,
1068 5492 1143 5556 ὼς
1177 5491 1260 5570 οὐ,
1284 5486 1588 5570 redditque,
1612 5487 1831 5570 attesta-

261 5553 517 5627 ἱείίὶῆίιη
535 5553 997 5635 eos,'etc:,'cuj'us'
1020 5553 1204 5635 tamen
1247 5553 1517 5635 lectionis,
1557 5553 1828 5635 necat-lla:

261 5622 802 5718 tius:mﬁevm_i_nit,ﬁnec
825 5622 936 5718 qui.
963 5632 1300 5712 Possinianm
1348 5628 1568 5718 Lupar.‘
1599 5622 1827 5711 editioni

260 5694 497 5785 praefuit.
530 5710 597 5785 Et
626 5694 779 5785 certe
805 5694 940 5785 nihil
968 5703 1238 5785 congrqit,
1260 5709 1313 5755 et
1343 5694 1606 5785 particula
1636 5694 1712 5757 ὡς
1732 5709 1829 5762 pa-

266 5768 368 5838 lam
399 5781 676 5851 adjectitia
713 5785 798 5851 est
846 5774 913 5829 ad
944 5768 1266 5851 servandam
1317 5768 1824 5851 syntaxim,_‘qt‘tram

266 5832 757 5918 iiiﬁeh’iiﬁaénms
784 5844 1143 5915 interpolator
1165 5832 1384 5899 servare
1412 5832 1827 5909 nequivit.’Vult

1930 4618 2107 4690 gines,
2141 4609 2449 4677 volueritis,
2471 4605 2731 4663 videbitis
2768 4603 2959 4675 quales
2988 4612 3260 4671 quamque
3285 4596 3410 4651 vitm
3434 4610 3503 4649 ac

1928 4708 2132 4765 mundo
2161 4704 2433 4762 salutares
2462 4707 2586 4771 post
2608 4713 2668 4753 se
2694 4696 2836 4752 fetus
2858 4690 3202 4763 reliquerint,
3234 4701 3506 4743 commer-

1929 4803 2000 4858 cii
2028 4802 2176 4857 illius
2208 4800 2420 4854 ratione
2440 4795 2586 4867 quod
2622 4793 2732 4848 illis
2748 4805 2872 4846 cum
2900 4788 3037 4843 Filio
3056 4785 3149 4841 Dei
3171 4785 3505 4839 intercessit.

1929 4893 2110 4961 Quare
2137 4889 2481 4946 considerate
2513 4883 2804 4941 admodum
2837 4876 3181 4936 concubinas
3215 4870 3507 4943 appellavit

1932 4986 2171 5041 Verbum
2220 4981 2610 5053 praphetarum
2655 4976 2910 5037 animas,
2960 4967 3110 5040 quod
3155 4980 3267 5021 non
3300 4964 3382 5020 sic
3407 4976 3508 5016 eas

1930 5078 2147 5151 palam,
2203 5052 2279 5129 uti
2335 5073 2593 5128 nimirum
2624 5066 2925 5122 Ecclesiam
2950 5101 2968 5129 ,
3011 5061 3276 5124 duxerat,
3318 5052 3506 5112 occiso

1928 5171 2079 5243 illius
2113 5166 2287 5241 gratia
2313 5164 2488 5222 vitulo
2523 5162 2770 5234 saginato
2802 5158 2872 5212 ι’,

1932 5490 2067 5549 ergo
2084 5473 2314 5549 arduum
2340 5469 2578 5528 tenenda
2607 5468 2862 5526 castitate
2879 5465 3181 5549 virginibus
3201 5470 3505 5526 certamen,

1934 5536 2278 5623 martyribus
2300 5558 2436 5623 pene
2469 5555 2713 5623 coinpar,
2767 5536 3349 5623 quod‘multis‘postea
3403 5547 3507 5588 sae-

1933 5609 2099 5679 culis:
2125 5617 2193 5672 de
2225 5609 2318 5670 his
2340 5615 2432 5683 qui
2466 5609 2718 5681 religiosa
2748 5610 3003 5683 palatstra
3043 5609 3108 5683 _in
3145 5609 3507 5683 “nemusque

1932 5671 2188 5749 militant,
2224 5671 2462 5757 graviter
2494 5671 2786 5757 edisset-uit
2820 5678 3129 5757 Bernartius
3158 5671 3504 5757 :_quibu_sad

1930 5745 2301 5827 virginitatem
2360 5769 2454 5827 seu
2508 5753 2840 5827 castitatem.
2878 5748 3089 5827 accedit
3115 5745 3278 5827 etiarn
3307 5745 3504 5798 volunn

1933 5816 2085 5884 tat-ia:
2109 5825 2443 5899 paupertatis
2475 5831 2530 5879 et
2560 5821 2881 5899 obedientize
2911 5819 3167 5876 stadium.
3201 5816 3440 5873 COIBBP.
