4140 6422
645 386 744 444 ιδι

715 642 1075 710 Quaerendum
1126 660 1290 714 porro
1347 655 1603 715 praeterea
1662 646 1918 712 videtur,
1977 661 2046 702 ne
2080 645 2212 716 quid
2241 654 2288 710 Α

645 749 747 789 nos
775 734 925 789 dictu
958 738 1330 790 necessarium
1375 736 1541 807 fugiat
1565 777 1579 801 ,
1608 736 1739 806 quid
1780 752 1960 792 causae
2005 737 2077 791 sit
2114 753 2213 793 cur

645 828 846 897 reginae
876 828 1093 897 quidem
1140 829 1418 898 sexaginta
1467 838 1852 893 numerentur,
1895 829 2215 885 concubiuze

643 930 776 970 vero
829 916 1102 998 octoginta
1127 957 1143 980 ,
1193 918 1618 973 adolescentulis
1677 926 1858 973 autem
1892 927 2000 973 tam
2033 919 2215 974 multa:

644 1010 996 1074 inducantur,
1030 1020 1089 1064 ut
1119 1026 1304 1066 earum
1350 1027 1612 1067 numerus
1650 1020 1869 1083 propter
1912 1012 2217 1066 multitudi-

645 1118 770 1157 nem
803 1104 928 1157 iuiri
976 1112 1244 1174 nequeat;
1294 1119 1496 1174 sponsa
1540 1104 1772 1174 denique
1814 1113 2046 1173 ponatur
2083 1119 2210 1158 una.

647 1191 983 1264 Incipiamus
1016 1210 1046 1249 a
1071 1196 1373 1265 sexaginta.
1414 1193 1729 1267 Sexaginta,
1754 1196 1971 1266 opinor,
2000 1195 2214 1266 reginas

647 1283 778 1339 hinc
809 1286 1019 1339 vocavit
1038 1301 1133 1340 eos
1161 1286 1254 1355 qui
1300 1286 1370 1341 ab
1406 1287 1613 1342 Adamo
1643 1302 1816 1358 usque
1849 1288 1917 1341 ad
1948 1284 2061 1341 Noe
2082 1301 2215 1342 con-

645 1373 800 1426 tinua
831 1376 1178 1430 successione
1205 1383 1511 1446 temporum
1552 1376 1663 1431 Deo
1698 1378 2047 1447 placuerunt,
2078 1393 2216 1449 quo-

644 1464 793 1517 niam
823 1465 945 1521 aliis
972 1466 1026 1519 hi
1059 1468 1341 1536 praeceptis
1375 1482 1439 1523 ac
1475 1467 1684 1539 legibus
1716 1469 1782 1523 ad
1821 1469 2052 1525 salutem
2084 1485 2217 1525 con-

646 1553 979 1622 sequendam
1009 1569 1148 1625 Opus
1173 1571 1283 1611 non
1309 1556 1639 1618 habuerunt.
1668 1558 1970 1614 etiamnum
1997 1568 2215 1615 recente

646 1645 790 1716 apud
826 1659 921 1700 eos
951 1647 1212 1702 memoria
1256 1649 1550 1704 creatiouis
1595 1649 1821 1715 mundi,
1867 1666 1963 1707 sex
2019 1650 2214 1707 diebus

645 1739 872 1793 conditi.
906 1736 1383 1803 Recordabantur,
1420 1739 1662 1809 inquam,
1687 1756 1781 1796 sex
1810 1740 2019 1794 dierum
2040 1741 2215 1810 spatio

643 1845 827 1885 rerum
863 1830 1007 1884 hanc
1041 1830 1448 1885 universitatem
1480 1845 1510 1884 a
1537 1829 1646 1886 Deo
1671 1830 1843 1886 fuisse
1868 1830 2211 1897 fabricatam,

642 1937 942 1992 eorumque
961 1937 1083 1992 quae
1107 1923 1160 1976 in
1190 1920 1447 1991 paradiso
1475 1922 1821 1992 contigerant
1854 1922 2074 1977 inﬁxam
2097 1939 2215 1979 sen-

643 2014 797 2069 sibus
848 2014 1131 2069 historiam
1183 2012 1456 2067 habebant
1510 2030 1524 2067 :

645 2106 809 2159 homo
836 2113 1063 2176 accepto
1091 2103 1347 2161 mandato
1373 2119 1481 2157 non
1498 2103 1781 2174 tangenda!
1806 2104 2019 2159 arboris
2041 2104 2216 2160 scien-

644 2194 755 2257 tiae,
783 2194 1118 2263 impegisset,
1138 2193 1330 2248 fraude
1350 2191 1610 2247 inductus
1632 2192 1874 2248 auctoris
1904 2192 2126 2248 malitia:
2143 2193 2211 2246 “.

643 2284 785 2341 Hinc
812 2300 904 2341 eas
925 2285 1137 2340 animas
1162 2300 1284 2356 qua:
1321 2287 1503 2341 statim
1539 2300 1571 2338 a
1600 2283 1803 2339 mundo
1829 2284 2047 2340 condito
2078 2299 2215 2340 con-

641 2379 798 2432 tinua
828 2378 1181 2434 successione
1204 2375 1372 2432 Deum
1405 2377 1510 2433 sibi
1537 2376 1828 2431 amandum
1858 2375 2210 2447 delegerunt,

645 2467 911 2534 ferme,ut
932 2471 1013 2524 sic
1034 2470 1236 2535 dicam,
1274 2470 1431 2539 primi
1463 2468 1649 2523 szeculi
1672 2469 1906 2536 soboles,
1930 2478 1984 2525 et
2005 2469 2214 2525 vicinas

644 2561 829 2632 magni
859 2563 1062 2617 senarii
1085 2560 1318 2625 dierum,
1348 2560 1631 2632 sexaginta
1667 2561 1888 2632 reginas
1914 2561 2213 2634 symbolice

643 2662 823 2717 vocat,
848 2653 998 2724 quia,
1030 2661 1090 2708 ut
1119 2653 1388 2718 dicebam,
1422 2669 1454 2709 a
1479 2670 1670 2711 senum
1697 2653 1911 2709 dierum
1933 2656 2213 2712 creatione

641 2744 828 2799 statim
859 2746 1212 2800 exstiterunt.
1255 2743 1452 2815 Magno
1496 2746 1695 2817 quippe
1746 2744 1952 2801 honore
1989 2746 2212 2816 praecel—

642 2836 885 2903 luerunt,
925 2835 1179 2890 familiari
1200 2836 1513 2906 angelorum
1547 2836 1782 2907 dignatas
1802 2836 2075 2905 colloquio
2097 2877 2115 2905 ,
2147 2851 2213 2892 ac

640 2940 763 2997 qua:
792 2923 960 2980 Deum
992 2926 1191 2997 palam,
1238 2942 1348 2981 non
1384 2942 1480 2997 per
1535 2929 1846 2994 somnium,
1903 2943 2047 2999 saepe
2102 2929 2213 2983 sint

642 3018 923 3073 contuitze.
952 3016 1309 3074 Considerate
1333 3021 1476 3074 enim
1494 3030 1700 3089 quanta
1733 3018 1901 3075 Setho
1931 3020 2214 3076 familiari-

644 3120 728 3165 tas
764 3125 889 3165 cum
919 3107 1029 3165 Deo
1058 3110 1363 3177 exstiterit,
1398 3118 1602 3181 quanta
1633 3125 1757 3165 cum
1785 3112 1974 3177 Abele,
2009 3120 2212 3183 quanta

639 3216 765 3257 cum
800 3201 997 3265 Euoso,
1022 3210 1225 3273 quanta
1259 3217 1386 3257 cum
1416 3201 1642 3258 Enocho
1664 3242 1679 3267 ,
1708 3211 1910 3274 quanta
1951 3220 2076 3258 cum
2100 3203 2215 3259 Ma-

1562 384 1621 439 S.
1666 380 2002 439 ΜΕΤΗΟῺΙῙ
2040 379 2346 438 EPISCOPI
2383 377 2470 435 ET
2509 374 2868 434 MARTYRIS

3782 380 3884 443 159.

926 526 1058 586 Car.
1087 526 1153 584 Υ.
1182 528 1469 601 Sexaginta
1498 530 1711 601 regine,
1745 547 1839 584 cur
1880 530 2176 601 sexaginta,
2203 538 2253 584 et
2282 544 2378 583 cur
2410 528 2621 598 regina.
2652 524 2827 579 Primi
2853 525 2950 579 a'vi
2973 530 3272 579 sanctorum
3306 530 3638 595 prastantia.

2395 642 2801 715 Ἐπαπορητέον
2818 641 2874 695 δὲ
2897 643 2991 695 καὶ
3006 640 3163 695 τοῦτο
3191 642 3327 714 πρὸς
3348 643 3576 710 τούτοις,
3601 646 3688 700 ἵνα
3718 648 3883 720 μηδὲν

2311 738 2459 809 ἡμᾶς
2506 736 2613 790 τῶν
2661 734 2970 804 ἀναγκαίων
3016 735 3312 807 ἀποδράναι
3340 736 3573 808 δυνηθῇ,
3603 740 3658 792 τί
3688 739 3884 810 δήποτε

2312 830 2410 892 τὰς
2444 827 2540 899 μὶν
2589 826 2902 897 βασιλίσσας
2932 825 3191 896 ἐξήκοντα
3218 825 3341 898 ἔφη,
3379 827 3478 891 τάς
3507 827 3564 880 δὲ
3607 829 3884 895 παλλακὰς

2312 922 2668 992 ὁγδοήκοντα·
2712 920 2809 983 τάς
2855 918 2911 971 δὲ
2957 917 3202 982 νεάνιδας
3242 918 3546 983 τοσαύτας,
3581 922 3703 975 ὅσον
3750 922 3885 993 μηδὲ

2313 1009 2657 1084 ἀριθμεῖσθαι
2686 1008 2775 1063 διά
2821 1009 2918 1080 τὴν
2959 1008 3203 1080 πληθύν·
3236 1009 3335 1080 τὴν
3370 1010 3426 1063 δὲ
3468 1009 3686 1083 νύμφην
3734 1013 3883 1082 μίαν.

2313 1104 2424 1157 Καὶ
2450 1102 2660 1173 πρῶτον
2703 1101 2801 1172 μὲν
2835 1101 2962 1172 περὶ
3002 1099 3111 1155 τῶν
3142 1100 3406 1171 ἑξήκοντα
3443 1102 3679 1157 λεκτέον.
3733 1102 3887 1174 Ἐξή-

2313 1211 2478 1249 κοντα
2503 1190 2816 1264 βασιλίσσας
2859 1190 3110 1245 ἐντεῦθεν
3132 1233 3147 1256 ,
3177 1191 3252 1256 ὡς
3288 1188 3440 1262 οἶμαι
3480 1192 3575 1265 δὴ,
3603 1194 3730 1258 τοὺς
3777 1195 3885 1248 ἀπὸ

2311 1282 2405 1337 τοῦ
2430 1282 2853 1353 πρωτοπλάστου
2882 1283 3043 1353 μέχρι
3070 1280 3191 1335 Νῶε
3235 1284 3373 1337 κατά
3415 1283 3661 1355 διαδοχὴν
3693 1286 3884 1358 εὐαρε-

2316 1377 2616 1449 στήσαντας
2642 1377 2868 1431 ἐκάλεσε
2899 1374 2979 1446 τῷ
3001 1374 3147 1445 Θεῷ·
3176 1375 3470 1448 ἐπειδήπερ
3494 1371 3638 1431 οὗτοι
3670 1394 3886 1450 παραγ-

2312 1470 2596 1543 γελμάτων
2631 1470 2727 1524 καὶ
2772 1468 2989 1540 Θεσμῶν
3033 1469 3113 1532 είς
3155 1468 3217 1521 τὸ
3268 1468 3507 1541 σωθῆναι
3549 1470 3739 1542 χρείαν
3783 1472 3886 1526 οὐκ

2313 1565 2626 1633 ἐσχήκασιν,
2662 1560 2741 1614 ἔτι
2787 1561 3100 1634 προσφάτου
3138 1562 3238 1633 τῆς
3274 1560 3415 1614 κατά
3446 1561 3545 1631 τὴν
3585 1559 3887 1633 ὲξαήμερον

2312 1650 2478 1723 οὔσης
2508 1652 2691 1715 αὐτοῖς
2717 1649 2807 1704 τοῦ
2835 1651 3040 1722 κόσμου
3064 1634 3391 1714 συστάσεως.
3423 1649 3757 1721 Ἐμέμνηντο
3776 1649 3887 1721 γάρ

2313 1738 2474 1808 οὗτοι,
2495 1742 2571 1808 ὡς
2592 1744 2648 1796 ὲν
2672 1743 2731 1811 ἒξ
2756 1741 2992 1816 ἡμέραις
3013 1746 3042 1797 6
3065 1742 3198 1806 Θεὸς
3218 1742 3541 1813 ἐτεκτήνατο
3563 1743 3663 1816 τὴν
3687 1742 3884 1807 κτίσιν,

2312 1837 2380 1891 τά
2409 1853 2468 1889 τε
2493 1838 2552 1889 ὲν
2578 1834 2655 1907 τῷ
2688 1836 3000 1908 παραδείσῳ
3021 1834 3312 1904 γεγονότα·
3338 1834 3432 1889 καὶ
3465 1833 3582 1898 πῶς
3614 1838 3643 1888 6
3674 1834 3886 1906 ἀνθρω-

2314 1945 2434 1991 πος,
2469 1926 2686 1998 ἐντολὴν
2719 1926 2858 1996 ἔχων
2890 1926 2965 1997 μὴ
3002 1925 3239 1995 ἅψασθαι
3275 1926 3370 1980 τοῦ
3405 1925 3575 1995 φυτοῦ
3618 1927 3716 1998 τῆς
3754 1942 3887 1997 ippo-

1601 2027 1711 2082 qua
1758 2027 1952 2081 nempe
2003 2016 2212 2069 ratione

2313 2021 2519 2090 νήσεως
2541 2020 2670 2088 (99),
2700 2018 3003 2084 ἐξώκειλεν,
3043 2018 3583 2089 ἀποδουκολήσαντος
3606 2017 3767 2072 αὐτὸν
3789 2015 3885 2072 τοῦ

2313 2111 2410 2182 τῆς
2455 2111 2653 2173 κακίας
2712 2109 2986 2179 σοφιστοῦ.
3047 2108 3323 2163 Ἐντεῦθεν
3368 2109 3432 2181 δὴ
3472 2109 3573 2174 τάς
3631 2109 3739 2163 ἀπὸ
3784 2110 3887 2178 τῆς

2315 2203 2623 2266 συστάσεως
2671 2200 2872 2264 εὐθέως
2916 2200 3010 2254 τοῦ
3061 2201 3265 2272 κόσμου
3307 2202 3448 2255 κατά
3498 2201 3748 2273 διαδοχὴν
3793 2201 3888 2256 τὸν

2311 2294 2443 2348 Θεὸν
2477 2294 2658 2348 ποθεῖν
2707 2293 2966 2365 ἐλομένας
3016 2293 3194 2364 ψυχὰς
3220 2335 3235 2359 ,
3280 2295 3372 2346 καὶ
3431 2293 3636 2364 σχεδὸν,
3683 2296 3731 2347 εί
3777 2293 3887 2367 χρὴ

2313 2388 2498 2457 φάναι,
2519 2385 2609 2439 τοῦ
2636 2384 2852 2456 πρώτου
2876 2384 3069 2447 αίῶνος
3089 2382 3254 2448 οὔσας
3278 2384 3495 2452 ἔκγονα,
3519 2384 3615 2438 καὶ
3639 2385 3889 2453 γείτονας

2310 2478 2412 2548 τῆς
2459 2478 2697 2549 μεγάλης
2737 2475 3073 2547 ἐξαημέρου,
3120 2474 3381 2547 ἑξήκοντα
3424 2474 3738 2546 βασιλίσσας
3780 2476 3890 2546 ἔφη

2314 2565 2672 2638 ωμὸολικῶς,
2702 2566 2790 2619 διά
2820 2565 2881 2618 τὸ
2912 2564 3049 2635 μετά
3084 2566 3182 2638 τὴν
3213 2564 3514 2636 ἑξαὴμερον
3547 2564 3770 2628 εὐθέως,
3800 2565 3889 2629 ὡς

2312 2658 2468 2731 ἔφην,
2502 2656 2803 2728 γεγονέναι.
2841 2657 3101 2728 Μεγάλην
3146 2657 3256 2729 γὰρ
3284 2657 3579 2728 ἐσχήκασιν
3616 2649 3763 2708 οὗτοι
3802 2671 3891 2708 τι-

2314 2750 2441 2822 μὴν,
2488 2748 2738 2818 ἀγγέλοις
2780 2748 3254 2820 συνομιλήσαντες,
3291 2747 3505 2801 καὶτὸν
3537 2745 3669 2800 Θεὸν
3714 2746 3888 2818 ῦπαρ,

2311 2842 2413 2896 οὐκ
2445 2841 2576 2913 ὄναρ
2597 2882 2612 2906 ,
2663 2841 2919 2906 πολλάκις
2957 2841 3298 2912 θεασάμενοι.
3350 2838 3743 2908 Ἐπισκέψασθε
3777 2838 3891 2910 γὰρ

2310 2934 2441 3005 ὅσην
2466 2933 2590 3003 ἔσχε
2624 2933 2935 3006 παρρησίαν
2966 2934 2995 2985 6
3043 2931 3148 3003 Σὴθ
3185 2931 3320 3004 πρὸς
3362 2932 3454 2985 τὸν
3501 2931 3655 2995 Θεὸν,
3686 2931 3819 3002 ὅσην
3860 2930 3891 2985 6

2315 3023 2597 3095 manu),
2636 3025 2768 3095 ὅσην
2801 3027 2830 3078 6
2869 3022 3056 3089 Ἐνὼς,
3090 3024 3222 3094 ὅσην
3250 3024 3279 3075 δ
3325 3022 3515 3093 Ἑνὼχ,
3547 3023 3679 3094 ὅσην
3709 3024 3738 3075 6
3767 3022 3892 3076 Μα-

2296 3116 2565 3181 ¹θουσάλα,
2599 3117 2731 3187 ὅσην
2759 3117 2788 3169 6
2823 3115 2966 3180 Νῶε,
2998 3114 3203 3187 πρῶτοι
3227 3114 3572 3183 δικαιοσύνης
3602 3115 3891 3182 γεγονότες

2311 3210 2556 3282 ἐρασταὶ,
2583 3210 2678 3263 καὶ
2703 3209 2907 3281 πρῶτοι
2930 3208 3038 3262 τῶν
3070 3208 3429 3281 πρωτοτόκων
3451 3207 3656 3260 τέκνων
3684 3207 3895 3274 ἀπογε-

638 3294 878 3359 thusala,
909 3302 1112 3365 quanta
1143 3310 1269 3349 cum
1306 3292 1511 3350 Noemo
1537 3296 1910 3351 necessitudo.
1952 3293 2119 3349 Primi
2155 3295 2210 3350 bi

2313 3303 2648 3375 γραμμένων
2682 3304 2740 3356 ὲν
2779 3303 3047 3374 οὐρανοῖς,
3082 3304 3180 3374 τῆς
3212 3302 3489 3373 βασιλείας
3519 3299 3892 3366 καταξιωθέν-

638 3394 910 3443 amatores
937 3387 1195 3458 iustitiae,
1241 3386 1510 3458 primique
1543 3386 1685 3442 inter
1713 3388 2103 3459 primogenitos
2142 3387 2206 3441 li-

2312 3370 2621 3464 rsc,ibansp
2636 3370 2859 3465 ἀπαρχῆ
2884 3412 2969 3458 τις
2993 3394 3100 3447 τῶν
3126 3370 3482 3465 τρυτευμάτων
3507 3394 3585 3455 είς
3612 3390 3892 3462 σωτηρίαν

636 3481 797 3536 beros
834 3480 928 3551 qui
957 3480 1256 3551 conscripti
1291 3489 1415 3536 sunt
1459 3480 1513 3533 in
1544 3480 1704 3535 cmlis
1740 3479 1820 3544 δ’,
1855 3495 2079 3550 regnum
2119 3494 2210 3535 as-

638 3570 847 3634 secuti,
880 3584 981 3625 ceu
1024 3569 1277 3640 primitiae
1316 3572 1562 3639 quaedam
1591 3569 1987 3641 plantationum
2034 3568 2092 3622 in
2119 3583 2210 3625 sa-

638 3658 830 3725 lutem,
867 3673 933 3713 ac
954 3659 1050 3729 qui
1078 3658 1187 3715 Deo
1210 3674 1422 3729 praecox
1466 3659 1679 3716 fructus
1719 3657 2089 3730 provenerint.
2129 3657 2210 3713 Ac

640 3747 709 3804 de
741 3748 829 3805 his
862 3749 1079 3819 quidem
1110 3751 1268 3805 satis.

2316 3482 2562 3555 πρὼῖμος
2606 3484 2685 3556 τῷ
2727 3484 2846 3556 Θεῷ
2879 3484 3276 3557 βλαστήσαντες
3326 3485 3557 3558 καρπός.
3598 3483 3710 3537 Καὶ
3754 3483 3891 3556 περὶ

2315 3576 2416 3647 μὲν
2443 3575 2644 3631 τούτων
2669 3575 2979 3649 αὐτάρκως.

1086 3865 1217 3923 Car.
1259 3865 1347 3924 Vl.
1382 3866 1665 3939 Octoginta
1688 3867 2163 3939 concubinc,’qa¢
2186 3869 2212 3924 .’
2242 3864 2428 3921 Facta:
2451 3864 2718 3935 prophetis
2754 3862 3150 3918 Incarnationis
3172 3861 3432 3917 notiones.

710 3982 789 4040 De
812 3981 1136 4039 concubinis
1165 3991 1337 4040 restat
1382 3984 1584 4040 dicere.
1624 3983 1781 4055 Apud
1827 4000 1923 4041 eos
1954 3986 2045 4056 qui
2086 3991 2210 4056 post

640 4075 909 4135 diluvium
962 4076 1216 4144 fuerunt,
1248 4078 1339 4132 illa
1364 4078 1481 4148 jam
1527 4076 1621 4134 Dei
1667 4076 1906 4149 cognitio
1951 4078 2209 4133 rem0tior

641 4170 807 4238 facta,
837 4186 971 4240 pene
1003 4171 1345 4238 exoleverat;
1383 4169 1601 4243 aliaque
1646 4170 1727 4226 eis
1773 4185 1911 4241 opus
1954 4169 2206 4225 doctrina

638 4269 755 4315 erat
784 4276 906 4330 qua:
934 4259 1194 4316 adversus
1222 4267 1571 4315 enascentem
1607 4274 1669 4313 ac
1688 4257 1801 4328 jam
1826 4274 2047 4330 serpere
2069 4261 2210 4315 inci-

640 4352 876 4423 pientem
909 4350 1271 4406 idololatriam
1315 4350 1636 4406 mortalibus
1665 4349 1919 4422 praesidio
1960 4365 2025 4407 ac
2056 4351 2210 4407 auxi-

676 4503 723 4537 ⁸⁸
763 4504 892 4561 Gen.
926 4520 1010 4570 Ill,
1039 4505 1093 4559 ὅ.
1167 4505 1213 4538 δ’
1255 4503 1419 4560 Hebr.
1447 4520 1548 4573 xu,
1571 4505 1663 4562 23.

2383 3983 2521 4053 Περὶ
2564 3982 2622 4036 δὲ
2664 3980 2775 4035 τῶν
2820 3979 3110 4056 παλλακῷν
3154 3978 3315 4033 πάλιν
3359 3977 3599 4031 λεκτέον.
3632 3980 3754 4043 Τοῖς
3795 3997 3899 4052 με·-

2310 4075 2381 4131 τά
2411 4076 2501 4130 τὸν
2534 4073 2917 4145 κατακλυσμὸν
2964 4071 3230 4144 ἀπωτέρω
3273 4070 3347 4142 (2)
3395 4070 3577 4125 λοιπὸν
3614 4072 3647 4142 ἡ
3686 4071 3894 4141 γνῶσις

2309 4164 2379 4239 ἦν
2411 4165 2503 4221 τοῦ
2533 4165 2667 4219 Θεοῦ
2687 4182 2702 4196 ο
2742 4165 2838 4219 καὶ
2859 4164 3089 4236 ἔχρῃζον
3109 4163 3304 4235 ἑτέρας
3334 4162 3575 4233 διδαχῆς,
3611 4163 3894 4237 ἑρπούσης

2312 4261 2415 4333 ήδη
2445 4258 2545 4328 τῆς
2577 4256 3039 4328 είδωλολατρείας,
3082 4255 3203 4325 ἣτις
3233 4254 3417 4318 αὐτοῖς
3449 4250 3605 4319 αὖθις
3632 4254 3892 4322 ἀλεξίκα-

2313 4369 2409 4417 κος
2439 4350 2614 4404 ἔσοιτο
2651 4352 2745 4405 καὶ
2780 4348 2990 4421 βοηθός.
3044 4346 3102 4399 '0
3125 4343 3218 4401 οὖν
3259 4345 3413 4411 Θεὸς,
3452 4347 3541 4401 ἵνα
3587 4345 3664 4419 μὴ
3709 4348 3895 4420 πάντη

719 4620 832 4704 (ον)
976 4623 1266 4706 λᾶψασραι
1293 4625 1401 4706 toi?
1455 4626 1645 4706 φυτοῦ
1663 4625 1805 4706 ’τῆς
1845 4624 2211 4706 sopor-vicem.

2320 4623 2657 4706 insipientia!)
2694 4638 2867 4706 quam
2893 4625 3223 4706 φρονήσεως,
3256 4626 3565 4706 prudentiae.
3599 4625 3710 4706 L520
3742 4625 3896 4706 Alla-

641 4691 722 4747 lta
758 4694 940 4761 junxit
973 4691 1255 4766 Possiuius
1282 4712 1346 4750 ac
1385 4691 1521 4753 bene
1547 4691 1800 4758 reddidit,
1833 4691 2084 4750 mandato
2119 4691 2212 4750 ae-

2321 4691 2436 4752 tius
2460 4696 2520 4749 τὸ
2551 4691 2659 4762 τῆς
2681 4691 3222 4766 φρονιὶσὲωςὶυιιειι
3254 4691 3418 4753 verbo
3448 4697 3725 4764 ἐξώκειλε,
3763 4699 3894 4752 red-

642 4773 794 4836 eepto,
831 4780 934 4818 non
967 4765 1237 4836 tangenda:
1277 4767 1485 4823 arboris
1524 4769 1785 4831 scientiis;
1820 4768 1977 4835 cujus
2010 4782 2210 4836 praeva-

641 4835 909 4907 ricatione
946 4839 1025 4890 sic
1064 4835 1338 4902 ἐξώκειλε,
1384 4839 1627 4904 impegit;
1666 4853 1765 4893 nec
1788 4852 1933 4907 opus
1962 4835 2086 4892 cum
2117 4837 2211 4891 illo

643 4906 921 4974 supplere,
946 4906 999 4958 in
1029 4907 1248 4960 exitium
1290 4909 1468 4963 miser.
1504 4908 1596 4963 Sic
1614 4911 1758 4964 enim
1785 4906 1963 4962 Latini
1992 4922 2056 4963 ea
2080 4922 2211 4963 voce

644 4975 894 5049 absolute
929 4979 1259 5046 significant,
1300 4980 1445 5049 quod
1481 4976 1655 5035 Graeci
1690 4980 1781 5033 illa
1821 4979 2011 5040 altera,
2043 4988 2213 5049 meta-

644 5044 815 5119 phora
842 5044 1010 5119 ducta
1074 5062 1104 5099 a
1139 5044 1392 5112 navibus,
1422 5065 1543 5119 qua:
1574 5050 1654 5104 sic
1697 5051 1753 5104 in
1783 5055 1971 5103 cautes
1998 5054 2058 5119 et
2088 5048 2212 5119 bre-

641 5118 728 5167 via
750 5129 815 5167 ac
838 5117 957 5170 loca
986 5131 1179 5186 aspera
1210 5117 1509 5189 impingere
1531 5121 1788 5175 dicuntur
1811 5129 1865 5173 et
1886 5118 2057 5189 allidi,
2082 5117 2212 5189 dum

641 5193 862 5306 portum
900 5194 1211 5256 tutamque
1267 5186 1559 5245 stationem
1631 5191 1893 5261 cogitant.
1970 5186 2203 5257 llesych.

673 5254 866 5306 Εέπεσε
903 5258 1122 5306 exnonil
1172 5277 1186 5306 :
1223 5259 1318 5306 sed
1343 5261 1457 5306 imm
1498 5276 1778 5306 exnmmns
1824 5275 1955 5306 τοι.
2008 5258 2203 5306 obscu-

673 5254 866 5330 ξὲπεσε
903 5254 1138 5327 expOnit
1172 5277 1186 5312 :
1223 5259 1319 5314 sed
1343 5261 1459 5329 ipsa
1498 5254 1778 5330 exponens
1824 5275 1955 5318 vox.
2008 5254 2209 5311 obscu-

641 5328 755 5377 rior
780 5341 844 5401 e9
874 5342 1037 5401 sensu
1069 5343 1199 5401 voce
1218 5328 1491 5399 exposita,
1518 5328 1585 5384 ac
1615 5330 2029 5401 infrequentior,
2067 5338 2122 5380 ut
2150 5335 2205 5382 et

642 5409 794 5472 quas
813 5396 1011 5452 Suidas
1041 5398 1261 5472 adhibet
1283 5396 1307 5459 ,’
1328 5401 1419 5469 qui
1450 5409 1503 5454 et
1535 5402 1649 5468 ipse
1670 5396 1948 5472 ἀπὸνηός,
1985 5398 2049 5451 de
2073 5414 2207 5472 nave

643 5465 750 5541 dici
783 5465 922 5541 hanc
940 5483 1141 5541 _vncem
1172 5465 1396 5541 adnotat
1424 5488 1437 5523 :
1477 5465 1575 5524 nec
1599 5488 1736 5541 opus
1769 5465 1937 5525 altera
1966 5469 2201 5541 explica-

644 5536 790 5590 tione
940 5534 1132 5610 Portie.
1164 5539 1427 5610 Φρόνησις
1457 5555 1587 5609 ergo
1613 5534 1733 5594 ἀντὶ
1767 5541 1863 5610 τῆς
1897 5534 2207 5610 ἐπιπήμης

643 5612 750 5663 est.
797 5608 911 5682 sive
956 5606 1228 5682 γνῴσεῳς,
1275 5606 1372 5682 pro
1420 5606 1777 5682 intelligentia
1824 5606 1897 5663 ac
1948 5606 2198 5670 siieiit.a,

644 5675 916 5754 quomodo
935 5680 1098 5730 vertit
1119 5675 1310 5754 (luero
1335 5675 1859 5754 docetque'Budazus
1882 5695 2023 5749 saepe
2048 5696 2209 5754 usur-

646 5751 795 5821 pari;
832 5762 939 5821 non
973 5763 1070 5821 pro
1103 5752 1410 5817 prudentia,
1448 5767 1569 5821 qua:
1591 5755 1766 5806 virtus
1797 5761 1901 5810 est,
1933 5751 2208 5820 quomodo

643 5815 827 5884 potius
856 5815 1167 5890 ἀφροσύνης
1200 5822 1363 5878 arbor
1404 5815 1635 5879 dicenda
1659 5822 1934 5879 videretur
1954 5815 2209 5892 (summa:

2315 4767 2524 4837 ditque,
2568 4780 2719 4821 extra
2756 4778 2973 4837 mentem
3018 4766 3107 4837 ille
3147 4768 3430 4837 delapsus;
3462 4778 3610 4822 atto-n
3635 4782 3749 4822 iens
3778 4768 3891 4823 sci-

2314 4835 2442 4892 licet
2458 4838 2850 4907 expositionem
2874 4835 2968 4888 τοῦ
2983 4836 3255 4899 ἐξέπεσε,
3272 4835 3623 4907 ὲξωλιοθησε.
3651 4837 3755 4893 Sed
3779 4854 3892 4892 non

2317 4909 2532 4961 videtur
2558 4909 2670 4978 haec
2700 4907 2780 4961 vis
2809 4908 3157 4975 metaphoraa,
3192 4912 3347 4978 quasi
3381 4910 3590 4978 scilicet
3628 4925 3694 4963 ex
3729 4919 3891 4978 portu

2316 4978 2493 5031 delabi
2545 4977 2698 5032 navis
2743 4978 2990 5041 dicatur,
3044 4987 3098 5032 et
3152 4978 3254 5033 hoc
3304 4981 3376 5033 sit
3419 4977 3742 5044 ἐξοκέλλειν,
3779 4993 3890 5033 non

2315 5050 2435 5116 ejus
2469 5048 2834 5110 aberrationc,
2890 5059 2958 5099 ua
3026 5055 3083 5099 ut
3140 5047 3344 5102 dictum
3412 5057 3533 5112 est,
3589 5048 3893 5117 impingere

2314 5119 2600 5189 frangique
2624 5128 2786 5187 atque
2813 5117 2962 5170 allidi
2990 5118 3055 5189 ad
3081 5118 3261 5170 brevia
3283 5127 3335 5171 et
3357 5129 3567 5173 cautes.
3590 5117 3892 5175 Coussris.

2382 5187 2461 5255 (If
2495 5190 2688 5255 Ὄσην
2711 5192 2742 5241 d
2772 5190 2959 5241 Ἅϐελ.
2991 5187 3114 5241 Haec
3140 5190 3460 5242 exciderunt
3482 5204 3546 5242 ex
3570 5189 3716 5241 editn
3733 5189 3894 5242 Coin-

2310 5259 2594 5316 bcﬁsiano.
2617 5275 2737 5329 quae
2760 5270 2939 5313 tamen
2968 5260 3227 5312 exhibent
3258 5259 3490 5313 Allatius
3512 5267 3566 5312 et
3586 5258 3893 5317 Possinius.

2309 5329 2464 5397 Apud
2509 5328 2766 5383 Allatium
2817 5329 3063 5383 vicissim
3119 5328 3222 5381 ista
3256 5338 3624 5399 _n|n.t.uutur.
3681 5331 3811 5399 ὅσην
3860 5329 3895 5383 6

2324 5395 2507 5464 Ἐνώς.
2538 5417 2659 5469 qua:
2701 5402 2956 5470 lvguntur
2999 5413 3067 5452 ex
3097 5399 3220 5451 cod.
3256 5395 3375 5453 Vat.
3418 5402 3473 5454 in
3512 5399 3675 5455 editis
3706 5395 3894 5455 Possi-

2312 5470 2386 5522 nii
2418 5484 2469 5523 et
2503 5468 2838 5525 Criuihelisii.
2870 5468 3040 5524 GALL.

2381 5541 2454 5609 (2)
2507 5541 2827 5608 Ἀπωτέρω.
2888 5539 2980 5593 Sic
3024 5537 3278 5594 Allatius.
3325 5537 3608 5595 Possinius
3653 5554 3781 5594 vero
3821 5554 3895 5596 ex

2307 5612 2430 5665 COd.
2474 5610 2593 5664 Vat.
2636 5612 3006 5682 ἀνωτέρω.....
3062 5610 3238 5682 Atqui?
3284 5615 3422 5664 hanc
3454 5609 3571 5664 Vat.
3601 5611 3892 5664 lectionem

2315 5684 2551 5736 retinere
2625 5679 2825 5736 maluit
2878 5681 3055 5735 editor
3124 5679 3436 5747 Lupareus.
3508 5683 3722 5735 etiamsi
3779 5694 3892 5735 ωδ.

2312 5750 2514 5878 gitti".
2551 5760 2606 5805 et
2644 5762 2897 5822 excerpta
2938 5750 3206 5806 Pbotiaua
3241 5751 3505 5822 ἀπωτέρω
3546 5751 3889 5825 praeferrent.

2360 5837 2602 5878 oussris.

2360 5837 2602 5879 OIBEFIS.
