4140 6414
335 378 442 434 153

1391 372 1777 430 CONVIVIUM
1818 373 2042 430 DECEM
2083 373 2442 430 VIRGINUM.

3465 377 3572 432 1‘5.

332 494 399 548 τὸ
422 494 578 562 γένος
627 492 734 547 τῶν
764 492 1066 563 ἀνθρώπων
1099 493 1338 564 ἀϊστωθῇ
1383 492 1521 564 λήθη
1569 490 1676 544 τῶν
1709 491 1910 556 καλῶν,

2029 493 2089 546 io
2130 492 2286 548 foret.
2335 492 2477 549 Deus
2509 493 2692 563 itaque
2715 534 2729 558 ,
2761 507 2831 548 ne
2863 493 3127 547 bonorum
3169 494 3440 551 oblivione
3471 497 3575 550 bu-

333 587 429 642 τὸν
473 586 604 640 ἴδιον
648 585 819 639 Παῖδα
866 589 978 649 τοῖς
1023 586 1327 656 προφήταις
1373 584 1655 638 ἐκέλευσεν
1703 584 1912 654 ὑπηχῆ-

337 697 427 734 σαι
450 680 548 748 (5),
574 679 672 749 τὴν
715 679 976 750 ἐσομένην
1017 677 1206 732 ἑαυτοῦ
1251 677 1548 750 παρουσίαν
1595 676 1680 728 διὰ
1713 677 1910 746 σαρκὸς

297 812 305 820 .
337 774 419 834 είς
454 772 545 824 τὸν
589 771 699 841 βίον
725 811 738 834 ,
775 769 897 823 καθ’
938 771 1002 840 ἣν
1050 772 1083 841 ή
1115 769 1210 839 τῆς
1248 767 1618 838 πνευματικῆς
1666 765 1911 834 ὀγδοάδος

337 862 482 934 χαρὰ
529 863 622 917 καὶ
655 863 853 932 γνῶσις
904 861 1344 932 κηρυχθήσεται,
1385 859 1629 928 ἀφέσεως
1669 859 1915 928 ἁμαρτη-

343 955 529 1024 μάτων
559 951 693 1008 οὖσα
723 955 816 1007 καὶ
841 953 1187 1015 ἀναστάσεως
1215 952 1540 1022 παρεκτική’
1573 947 1912 1020 περιτμηθῆ-

341 1044 529 1097 σεσθαι
581 1045 688 1113 γὰρ
740 1044 806 1096 δι’
839 1043 1005 1112 αὐτῆς
1039 1041 1148 1094 τῶν
1197 1040 1497 1112 ἀνθρώπων
1531 1040 1598 1094 τὰ
1631 1041 1777 1110 πάθη
1821 1042 1914 1093 καὶ

338 1136 439 1208 τὴν
463 1134 687 1205 φθοράν.
722 1134 831 1186 Καὶ
871 1134 958 1186 διὰ
983 1133 1140 1186 τοῦτο
1185 1133 1275 1185 τὸν
1321 1131 1616 1200 κατάλογον
1651 1131 1757 1184 τῶν
1805 1132 1914 1184 ἀπὸ

339 1226 433 1280 τοῦ
469 1225 717 1297 Ἀϐραὰμ
750 1225 1042 1295 προφητῶν
1067 1224 1154 1277 διὰ
1184 1224 1281 1295 τὴν
1310 1224 1407 1294 τῆς
1450 1223 1750 1294 περιτομῆς
1783 1241 1916 1294 πρε-

343 1317 556 1382 σϐείαν,
620 1318 714 1370 τὸν
751 1316 895 1369 ὀκτὼ
945 1317 1302 1386 περιεχούσης
1353 1315 1614 1387 ἀριθμὸν,
1654 1311 1721 1386 ἦς
1759 1315 1916 1386 ἐξήρ-

341 1426 499 1480 τηται
544 1410 633 1462 καὶ
666 1411 694 1462 ὁ
727 1410 909 1480 νόμος,
954 1409 1280 1479 ὀγδοήκοντα
1315 1408 1593 1472 παλλακὰς
1621 1409 1875 1462 ἐκάλεσεν
1897 1427 1910 1440 ·

341 1499 424 1553 ὅτι
464 1500 700 1571 πρῶτοι,
736 1502 862 1572 πρὶν
910 1500 1008 1572 τὴν
1034 1499 1251 1570 νύμφην
1290 1500 1387 1570 τὴν
1427 1500 1750 1569 Ἐκκλησίαν
1783 1517 1916 1552 κατ-

343 1591 675 1662 εγγυηθῆναι
721 1591 799 1663 τῷ
833 1592 1026 1666 Λόγῳ,
1075 1591 1143 1644 τὰ
1196 1590 1314 1644 θεῖα
1359 1590 1709 1654 συλλαϐόντες
1754 1591 1918 1661 σπέρ-

347 1700 513 1753 ματα,
554 1685 651 1754 τῆς
681 1684 879 1756 νοητῆς
911 1682 1338 1755 προεξήγγειλαν
1365 1682 1613 1752 ὀγδοάδος
1640 1681 1737 1753 τὴν
1767 1698 1920 1752 περι-

345 1775 539 1845 τομήν.

2017 594 2236 633 manum
2269 595 2440 650 genus
2486 595 2711 650 prorsus
2759 588 3126 644 everteretur,
3177 580 3372 636 Filium
3417 598 3575 638 Suum

2017 673 2314 735 mandavit,
2343 688 2500 727 suum
2531 688 2625 742 per
2658 688 2878 726 carnem
2905 673 3148 726 futurum
3189 674 3242 727 in
3278 676 3538 729 mundum
3561 715 3575 738 ,

2019 763 2278 819 interiore
2325 764 2514 818 auditu
2573 765 2850 834 prophetis
2911 766 3057 834 loqui
3104 765 3430 833 adventum;
3487 783 3588 838 per

2017 870 2177 923 quem
2214 855 2473 924 spiritalis
2505 857 2772 910 octonarii
2811 857 3064 926 gaudium
3105 873 3168 911 ac
3209 860 3457 914 veritatis
3488 874 3581 914 co-

2019 947 2188 1014 gnitio
2209 946 2751 1017 essentprtedicanda
2779 947 2903 1016 :qui
2939 948 3196 1002 nimirum
3225 957 3585 1018 peccatorum

2019 1037 2159 1093 foret
2185 1041 2431 1094 remissio
2469 1050 2520 1094 et
2550 1040 3004 1093 resurrectionem
3025 1049 3170 1095 esset
3202 1043 3586 1110 prastitnrus;

1977 1158 1983 1166 -
2021 1127 2460 1192 circumcidenda
2493 1130 2694 1200 quippe
2729 1145 2824 1198 per
2852 1130 3028 1199 ipsum
3065 1131 3343 1184 hominum
3374 1134 3500 1185 vitia
3531 1139 3587 1186 et

2020 1221 2424 1290 corruptionem
2458 1221 2867 1290 amputandam.
2905 1219 3133 1290 Propter
3173 1222 3311 1284 hoc,
3351 1223 3586 1293 prophe-

2021 1319 2200 1364 tarum
2223 1312 2314 1379 qui
2346 1311 2414 1364 ab
2440 1311 2748 1364 Abrahamo
2769 1310 3006 1371 fuerunt,
3038 1311 3361 1365 subductum
3399 1300 3587 1366 nume-

2024 1414 2166 1462 rum,
2198 1407 2419 1469 propter
2447 1400 2882 1454 circumcisionis
2911 1403 3252 1455 octonarium
3300 1417 3589 1455 numerum

2024 1492 2352 1546 continentis
2374 1531 2389 1554 ,
2433 1507 2498 1545 ex
2539 1506 2643 1560 qua
2674 1492 2757 1546 lex
2793 1492 2909 1562 ipsa
2945 1493 3175 1562 pendet,
3220 1493 3587 1562 angustiorem

2022 1582 2322 1647 honorem,
2359 1581 2633 1651 octoginta
2681 1582 3017 1637 concubinas
3057 1583 3344 1652 appellavit
3387 1601 3399 1638 :
3441 1582 3589 1653 quod

2025 1689 2218 1744 nempe
2242 1673 2434 1743 primi,
2469 1679 2758 1741 antequam
2792 1671 3032 1728 Ecclesia
3079 1672 3250 1729 Verbo
3285 1674 3590 1746 desponsa-

2025 1773 2196 1825 retur,
2250 1762 2451 1816 divinis
2496 1762 2771 1831 conceptis
2824 1764 3122 1819 seminibus
3152 1765 3415 1834 spiritalis
3443 1773 3593 1822 octo—

2024 1857 2164 1914 narii
2189 1855 2666 1911 circumcisionem
2701 1857 3157 1927 praenuntiarunt.

683 2020 811 2076 Car.
850 2021 962 2076 Vll.
987 2022 1426 2088 Adolescentulw,
1451 2024 1589 2094 justi
1620 2031 1834 2077 veteres.
1859 2017 2120 2084 Ecclesia,
2147 2031 2253 2068 una
2279 2013 2376 2069 illa
2408 2029 2621 2083 sponsa,
2651 2014 2864 2086 reliquis
2883 2018 3238 2085 praestantior.

418 2161 686 2224 Νεάνιδας
731 2161 788 2214 δὲ
838 2161 1002 2216 πάλιν
1038 2163 1117 2225 είς
1154 2161 1521 2234 ἀναρίθμητον
1573 2160 1926 2223 συντελούσας

2103 2153 2551 2208 Adolescentutas
2574 2161 2786 2219 autem,
2824 2171 3052 2211 numero
3085 2158 3393 2227 superiores
3413 2200 3430 2226 ,
3471 2177 3593 2218 eam

347 2255 554 2326 ὅμιλον,
587 2254 656 2307 τὰ
688 2254 791 2307 ὑπὸ
822 2259 936 2317 τοῖς
963 2255 1232 2326 κρείττοσι
1264 2256 1341 2326 (4)
1383 2256 1926 2327 δικαιοπραγήσαντα

349 2340 550 2412 πλήθη,
573 2342 664 2394 καὶ
694 2341 957 2405 νεανικῶς
973 2343 1082 2395 ’καὶ
1106 2345 1365 2411 γενναίως
1397 2343 1761 2413 διαθλήσαντα
1791 2344 1928 2415 πρὸς

349 2433 450 2502 τὴν
477 2433 770 2504 ἁμαρτίαν,
817 2433 992 2488 καλεῖ.
1044 2435 1204 2489 Ἀλλὰ
1253 2437 1458 2489 τούτων
1500 2437 1612 2490 οὔθ’
1665 2439 1721 2492 αἱ
1775 2439 1929 2508 βασί-

350 2521 552 2587 λισσαι,
587 2523 698 2577 οὔθ’
739 2525 794 2577 αἱ
829 2525 1119 2589 παλλακαὶ,
1171 2526 1282 2578 οὔθ’
1332 2529 1387 2580 αἱ
1435 2527 1671 2591 νεάνιδες
1705 2529 1930 2601 συγκρί-

351 2633 532 2669 νονται
577 2618 643 2687 τῇ
708 2616 1026 2688 Ἐκκλησία.
1071 2618 1135 2671 Ἦ
1187 2618 1294 2690 γὰρ
1348 2618 1527 2672 τελεία
1558 2619 1652 2672 καὶ
1699 2617 1927 2691 ὲκλεκτὴ

336 2709 505 2779 ’παρὰ
548 2709 728 2772 πάσας
770 2710 939 2773 αὐτὰς
977 2709 1327 2782 νομιζομένη,
1363 2713 1396 2782 ή
1434 2713 1499 2764 ὲκ
1545 2710 1762 2765 πάντων
1803 2729 1930 2765 συν⁴

353 2800 568 2854 εστῶσά
600 2817 658 2852 τε
693 2803 786 2855 καὶ
815 2803 1164 2874 συνηνωμένη
1184 2804 1259 2874 (5)
1287 2803 1394 2856 τῶν
1425 2805 1734 2858 ἀποστόλων
1759 2804 1926 2869 ἐστὶν,

352 2896 387 2965 ἠ
428 2895 842 2967 ὑπερϐάλλουσα
883 2896 1066 2966 νύμφη
1099 2896 1177 2967 τῷ
1228 2897 1412 2951 κάλλει
1461 2893 1559 2969 τῆς
1609 2899 1792 2969 ἀκμῆς
1835 2898 1930 2952 καὶ

352 2988 452 3057 τῆς
514 2987 812 3060 παρθενίας
874 2989 1072 3053 πάσας.
1124 2990 1215 3042 Διὸ
1261 2990 1354 3043 καὶ
1415 2990 1776 3062 μακαρίξεται
1835 2991 1930 3045 καὶ

355 3081 592 3132 αἱνεῖται
629 3078 764 3152 πρὸς
797 3078 903 3134 τῶν
936 3079 1108 3134 ἄλλων
1140 3079 1238 3148 (6),
1273 3081 1355 3133 ὃτι
1392 3080 1528 3152 αὕτη
1563 3081 1655 3134 καὶ
1693 3077 1800 3134 εἶδε
1835 3080 1930 3134 καὶ

353 3171 586 3241 ῆκουσεν
646 3171 926 3239 ἀφθόνως,
979 3171 1014 3226 ἃ
1067 3173 1273 3225 ἐκεῖναι
1324 3171 1681 3224 ὲπεπόθεισαν
1729 3171 1833 3226 κᾶν
1866 3174 1931 3226 ὲκ

357 3261 602 3331 βραχέως
643 3260 972 3323 θεάσασθαι,
1009 3262 1103 3314 καὶ
1151 3262 1250 3314 οὐκ
1308 3257 1448 3314 εἶδον
1475 3277 1489 3291 ο
1541 3262 1635 3314 καὶ
1679 3261 1929 3325 ἀκοῦσαι,

357 3353 452 3405 καὶ
481 3354 580 3406 οὐκ
606 3355 863 3424 ἤκουσαν.
900 3351 1187 3420 Μακάριοι
1219 3353 1350 3422 γὰρ,
1391 3354 1577 3424 φησὶν,
1619 3356 1673 3406 οἱ
1707 3353 1930 3421 ὀφθαλ-

352 3444 454 3514 μοὶ
484 3443 679 3512 ὑμῶν,
706 3445 735 3495 ὁ
776 3443 982 3514 Κύριος
1024 3447 1135 3507 τοῖς
1179 3445 1463 3515 μαθηταῖς,
1506 3447 1558 3497 οἱ
1595 3443 1931 3509 βλέποντες

353 3535 390 3586 (2
417 3535 698 3600 βλέπετε.
731 3534 894 3604 Λέγω
919 3536 1027 3604 γὰρ
1054 3536 1216 3604 ὑμῖν,
1257 3537 1344 3590 ὅτι
1386 3535 1604 3590 πολλοὶ
1636 3533 1934 3603 προφῆται

359 3627 746 3695 ἐπεθύμησαν
772 3625 920 3681 ὶδεῖν
953 3626 990 3680 ἆ
1015 3627 1298 3692 βλέπετε,
1331 3627 1428 3680 καὶ
1463 3629 1574 3680 οὐκ
1610 3622 1772 3679 εἶδον
1792 3643 1804 3656 ⁸
1834 3625 1932 3678 καί

359 3718 619 3772 ἀκοῦσαι
654 3717 692 3772 ἆ
716 3719 988 3786 ἀκούετε,
1020 3719 1118 3773 καὶ
1142 3721 1253 3773 οὐκ
1283 3717 1578 3787 ἤκουσαν,
1615 3716 1820 3770 Ούκοῦν
1847 3716 1934 3771 διὰ

359 3810 533 3863 ταῦτα
569 3811 928 3887 μακαρίζουσι
975 3810 1178 3882 ταύτην
1209 3812 1258 3864 οἱ
1283 3811 1555 3882 προφῆται
1593 3812 1690 3864 καὶ
1727 3809 1936 3880 θαυμά-

361 3899 563 3964 ζουσιν,
598 3902 680 3954 ὅτι
704 3895 778 3954 ὧν
807 3902 960 3955 αὐτοὶ
989 3901 1064 3973 μὴ
1093 3902 1356 3973 ἐπέτυχον
1392 3901 1657 3973 ἀκροαταὶ
1683 3900 1933 3969 γενέσθαι

361 3993 457 4046 καὶ
485 3991 778 4063 θεάμονες,
835 3995 868 4064 ἡ
925 3992 1218 4064 Ἐκκλησία
1262 3991 1571 4064 κατηξιώθη
1618 3993 1712 4046 καὶ
1756 3991 1934 4062 μετεί-

361 4081 550 4153 ληφεν.
589 4082 911 4152 Ἐξήκοντα
938 4084 1046 4156 γάρ
1078 4086 1195 4137 εισι
1218 4084 1585 4148 βασίλισσαι
1618 4082 1718 4136 καὶ
1763 4081 1934 4152 ὀγδο-

363 4174 591 4242 ήκοντα
640 4175 980 4242 παλλακαὶ,
1025 4177 1122 4230 καὶ
1163 4173 1434 4242 νεάνιδες
1483 4169 1572 4229 ὧν
1621 4177 1732 4230 οὐκ
1764 4175 1938 4230 ἔστιν

363 4267 628 4338 ἀριθμός.
666 4269 788 4322 Μία
823 4269 952 4323 ἐστὶ
982 4267 1299 4338 περιστερά
1325 4287 1468 4339 μου,
1500 4269 1697 4322 τελεία
1721 4286 1860 4340 μου.

471 4509 521 4544 ⁸³
559 4509 754 4565 Matth.
787 4527 885 4565 xui
935 4511 1024 4580 l6,
1061 4513 1146 4568 l7.
1222 4512 1270 4545 “
1307 4511 1462 4568 Cant.
1495 4529 1572 4578 vt,
1605 4512 1659 4570 7.

2030 2240 2434 2300 multitudinem
2477 2255 2630 2299 vocat
2651 2261 2770 2315 quae
2807 2246 3047 2301 inferiori
3072 2263 3098 2300 a
3126 2253 3597 2318 praestantioribus

2027 2337 2507 2407 ordinejustitiam
2545 2347 2890 2402 consectata,
2929 2340 3155 2408 juvenili
3206 2345 3366 2411 quasi
3397 2346 3593 2402 robore

2029 2445 2092 2484 ac
2125 2437 2348 2484 strenue
2381 2429 2646 2483 adversus
2695 2441 2978 2498 peccatum
3021 2432 3339 2490 decertavit.
3380 2435 3458 2490 Ex
3499 2439 3598 2492 ho-

2029 2537 2148 2576 rum
2180 2532 2360 2576 tamen
2383 2520 2532 2574 omni
2562 2520 2738 2576 classe
2765 2537 2940 2591 neque
2965 2524 3181 2594 reginae,
3211 2541 3311 2580 nec
3338 2529 3598 2583 concubi-

2029 2627 2112 2666 na:
2157 2618 2250 2664 aut
2307 2611 2754 2676 adolescentulaa,
2805 2628 2929 2668 cum
2987 2615 3225 2671 Ecclesia
3288 2622 3596 2689 comparari

2027 2705 2230 2760 valent.
2289 2700 2416 2758 Haec
2458 2705 2602 2760 enim
2648 2705 2888 2776 perfecta
2939 2722 3002 2760 ac
3050 2724 3216 2778 supra
3256 2725 3445 2766 omnes
3477 2714 3601 2769 illas

2028 2798 2200 2851 electa
2233 2795 2415 2850 habita
2437 2835 2450 2858 ,
2484 2811 2549 2850 ex
2579 2797 2836 2852 omnibus
2883 2796 3115 2852 conﬂata
3152 2802 3413 2868 apostolis
3453 2813 3502 2857 et
3539 2805 3596 2858 in

2030 2905 2200 2943 unum
2225 2896 2624 2958 coagmentata,
2661 2888 2752 2942 illa
2793 2900 2991 2959 sponsa
3020 2897 3138 2953 est,
3184 2892 3372 2947 vividae
3421 2896 3598 2951 aetatis

2029 2974 2163 3030 ﬂore
2187 2991 2252 3030 ac
2268 2976 2596 3046 virginitatis
2618 2977 2813 3032 decore
2831 2979 3043 3034 cunctis
3080 2981 3234 3050 longe
3261 2984 3594 3051 praecellens.

2030 3067 2302 3134 Quocirca
2358 3069 2520 3124 etiam
2573 3070 2642 3123 ab
2674 3068 2797 3124 aliis
2847 3069 3001 3124 beata
3061 3075 3384 3141 pmdicatur
3438 3084 3600 3146 atque

2031 3164 2304 3228 laudatur,
2333 3167 2475 3234 quod
2509 3164 2624 3235 ipsa
2647 3164 2848 3219 affatim
2875 3165 3069 3219 viderit
3089 3167 3427 3237 audieritque
3453 3168 3596 3237 quod

2032 3254 2136 3309 illae
2163 3255 2244 3309 vel
2279 3254 2344 3308 ad
2394 3256 2556 3311 breve
2606 3261 2938 3308 momentum
2989 3254 3172 3308 videre
3223 3257 3510 3324 cupierunt
3545 3265 3599 3311 et

2032 3364 2142 3402 non
2169 3348 2441 3409 viderunt,
2471 3355 2632 3418 atque
2655 3348 2865 3405 audire,
2891 3355 2944 3400 et
2977 3361 3084 3400 non
3115 3346 3422 3401 audierunt.
3446 3349 3598 3402 Beati

2033 3443 2178 3496 enim
2205 3480 2218 3504 ,
2267 3441 2442 3511 inquit
2489 3439 2753 3495 Dominus
2796 3440 3081 3509 discipulis
3113 3439 3178 3502 "',
3213 3440 3354 3493 oculi
3402 3441 3596 3503 vestri,

2033 3535 2123 3604 qui
2152 3531 2326 3586 vident
2365 3547 2480 3602 qua:
2511 3532 2715 3586 videtis.
2753 3531 2878 3586 Dico
2907 3533 3043 3586 enim
3080 3530 3242 3590 vobis.
3279 3532 3415 3601 quod
3447 3531 3602 3586 multi

2031 3628 2296 3698 propheta:
2320 3627 2592 3694 cupierunt
2627 3625 2796 3680 videre
2827 3642 2942 3695 qua:
2978 3625 3162 3678 videtis
3189 3665 3202 3688 ,
3234 3633 3282 3677 et
3323 3642 3424 3678 non
3462 3624 3602 3679 video

2032 3731 2155 3776 runt
2180 3731 2266 3776 :et
2294 3718 2482 3794 audire
2514 3736 2630 3790 qua:
2660 3719 2890 3781 auditis,
2926 3727 2976 3772 et
3025 3734 3128 3771 non
3175 3717 3476 3771 audierunt.
3520 3717 3602 3774 Ob

2032 3813 2174 3867 hanc
2217 3813 2398 3883 itaque
2446 3827 2668 3867 causam
2711 3814 2906 3868 merito
2959 3813 3237 3883 propheta:
3299 3810 3600 3868 Ecclesiam

2031 3902 2243 3958 beatam
2280 3901 2578 3971 praedicant
2608 3917 2837 3972 eamque
2887 3902 3255 3966 admirantur,
3305 3905 3450 3974 quod
3481 3919 3601 3972 qua:

2037 3994 2173 4063 ipsis
2189 3993 2370 4048 videre
2387 3993 2681 4063 audireque
2705 4008 2813 4047 non
2838 3992 3048 4064 obtigit,
3081 3993 3192 4049 hzec
3219 3993 3333 4063 ipsa
3361 3993 3603 4048 Ecclesia

2040 4085 2356 4155 percipere,
2400 4098 2696 4154 eorumque
2747 4084 2982 4156 gaudere
3027 4085 3353 4138 commercio
3383 4085 3600 4139 meruit.

2043 4174 2332 4244 Sexaginta
2349 4175 2493 4229 enim
2514 4184 2636 4228 sunt
2658 4177 2846 4246 regina:
2867 4185 2916 4230 et
2937 4176 3198 4244 octoginta
3220 4174 3535 4236 concubinw,
3553 4183 3604 4228 et

2043 4267 2450 4321 adolescentula'
2477 4283 2703 4338 quarum
2732 4284 2834 4320 non
2857 4277 2935 4322 est
2963 4283 3233 4322 numerus.
3263 4263 3379 4320 Una
3411 4274 3488 4320 est
3511 4281 3604 4319 co-

2043 4358 2224 4414 lumba
2253 4375 2389 4427 mea,
2419 4357 2651 4429 perfecta
2680 4373 2796 4414 mea
2834 4359 2903 4415 “.

440 4716 518 4785 (5)
547 4713 663 4769 Τὸν
687 4715 842 4795 loton
862 4718 1047 4772 Παῖδα
1066 4719 1404 4795 ὑπηχῆσαιἵ
1416 4719 1736 4795 _Possinius_,
1762 4721 1927 4795 invito

2038 4725 2310 4780 numerari
2339 4741 2447 4780 non
2481 4725 2682 4782 deruit.
2712 4724 2822 4781 Nec
2852 4725 3066 4795 jndices
3103 4726 3355 4781 dicantur
3385 4727 3602 4782 univer-

370 4795 546 4849 textu,
589 4787 868 4856 prophetis
917 4787 1474 4858 praeceptninreddit,
1500 4807 1559 4845 ut
1593 4795 1671 4848 sic
1709 4793 1803 4846 Dei
1844 4791 1916 4847 Fi'

371 4859 505 4910 lium
544 4858 975 4932 insusurrarent,
1014 4861 1290 4932 pra'dieari
1353 4864 1554 4916 curavit
1600 4880 1631 4916 ιι
1671 4863 1932 4932 prophetis

371 4945 525 5002 suum
561 4925 794 5002 Filium._
817 4927 920 4982 Sed
953 4925 1064 5002 non
1097 4929 1168 4982 ita
1200 4929 1522 5002 Methodius.
1569 4925 1681 4988 sed'
1703 4925 1804 5002 ipsi
1842 4933 1926 4988 Fi-

372 4999 446 5074 lio
481 4997 717 5074 jussisse
749 4998 824 5051 ait
855 5009 911 5052 ut
939 5001 1018 5074 sic
1054 4999 1312 5074 interiore
1344 5003 1533 5074 auditu
1564 5004 1678 5070 ipse
1705 4997 1766 5058 se
1803 5020 1923 5074 pro.

374 5068 577 5143 plietis,
623 5085 889 5143 suumque
942 5071 995 5143 in
1023 5071 1283 5124 mundum
1326 5068 1636 5143 adventum,
1673 5089 1782 5143 quo
1805 5068 1820 5074 ’
1844 5096 1922 5128 sa-

374 5137 716 5212 lus__rmmdo
759 5138 923 5212 foret,
976 5140 1287 5212 loqueretur
1335 5160 1348 5196 :
1409 5141 1550 5212 quod
1608 5137 1929 5212 praeceptum

377 5208 511 5280 nihil
541 5210 674 5280 laesa
722 5208 843 5277 ejus
872 5225 994 5264 cum
1029 5210 1197 5280 Patre
1215 5208 1523 5278 :equalitate
1553 5208 1728 5280 potest
1772 5208 1928 5269 intel-

375 5278 489 5346 ligi,
524 5277 804 5333 destinata:
830 5295 994 5334 causa
1026 5277 1437 5336 lncarnationis.
1469 5277 1756 5337 Conasris.

449 5349 522 5412 (4)
560 5351 634 5402 Τὰ
666 5351 782 5402 ὑπὸ
827 5351 950 5416 τοῖς
976 5351 1292 5419 κρείττοσι.
1348 5351 1536 5408 Plebes
1567 5353 1820 5406 nimirum
1853 5352 1938 5407 in-

377 5419 589 5491 telligit,
614 5421 704 5491 vel
748 5421 1074 5491 patriarehis
1108 5423 1191 5474 vel
1229 5425 1507 5491 pr0plictis
1557 5422 1852 5489 subjertas,
1875 5438 1939 5477 ac

375 5489 572 5562 quibus
604 5489 836 5562 majori-s-
865 5491 937 5544 illi
969 5490 1056 5544 Dei
1089 5489 1239 5544 cultu
1307 5489 1556 5562 praeirent
1587 5511 1600 5546 :
1633 5509 1751 5560 quae
1782 5494 1941 5547 turba

378 5558 550 5632 major
585 5571 700 5632 est,
738 5561 851 5632 ipsa
907 5558 1336 5623 innumerabilis,
1383 5579 1503 5618 cum
1542 5558 1942 5632 pra'stantiores

377 5629 790 5702 sanctijpsiqne
820 5631 986 5686 duces
1019 5643 1178 5701 atque
1202 5634 1451 5702 auspices
1477 5629 1632 5699 longe
1657 5634 1939 5701 pauciores

377 5697 506 5775 sint.
560 5697 879 5775 Nilii_l‘_aptc
932 5697 1106 5754 Allatf
1158 5697 1478 5775 e_t_Mazar..
1507 5697 1611 5756 ὑπὸ
1657 5697 1774 5766 τοῖς
1818 5722 1937 5775 κρι-

374 5771 514 5842 ταῖς.
540 5771 694 5842 quasi
735 5771 822 5842 ille
880 5788 1057 5842 novus
1106 5773 1323 5840 quidem
1373 5783 1546 5828 status
1573 5775 1662 5833 sit.
1689 5790 1795 5827 non
1820 5771 1936 5842 ipse

377 5839 807 5896 circumcisionis
842 5841 1067 5912 ejusque
1095 5839 1244 5913 pars,
1274 5859 1432 5913 quem
1453 5845 1680 5915 proinde
1703 5845 1779 5899 illi
1809 5839 1935 5900 con-

2038 4796 2138 4866 siin
2199 4797 2441 4864 primarii
2490 4798 2645 4864 justi,
2701 4796 2785 4852 vel
2841 4797 3159 4866 patriarchae
3190 4799 3270 4850 vel
3306 4800 3599 4866 p'ophetaa,

2038 4865 2132 4918 sed
2162 4867 2506 4934 peculiariter
2541 4868 2612 4920 illi
2637 4869 2725 4936 qui
2760 4882 2790 4921 a
2823 4866 2969 4922 Mose
2997 4868 3060 4920 ad
3099 4865 3319 4922 Sanlein
3355 4865 3604 4921 neum-

2037 4948 2156 4987 rum
2191 4936 2456 5006 rempubl.
2491 4952 2729 5007 gessere,
2762 4947 2816 4992 et
2865 4946 3154 5005 antequam
3178 4938 3250 4990 illi
3295 4954 3468 5007 regem
3498 4954 3600 5007 rx-

2038 5005 2356 5077 poscerent;
2391 5005 2659 5076 qui'jam,
2700 5023 2806 5061 non
2836 5009 2990 5077 quasi
3027 5017 3248 5077 paterne
3275 5017 3328 5060 et
3358 5005 3460 5060 sub
3493 5005 3602 5062 Deo

2038 5076 2192 5148 Ytuasi
2213 5075 2491 5148 _l‘amiliam
2523 5075 2731 5148 regeret
2785 5075 3163 5148 ac’judicaret,
3194 5077 3288 5135 sed
3319 5092 3467 5132 mero
3497 5077 3600 5131 im-

2039 5144 2316 5216 pcrioillis
2346 5144 2616 5216 praeesset.
2649 5146 2724 5202 In.

2111 5215 2185 5283 (5)
2233 5215 2656 5285 Evfnrwpé‘r‘n.
2713 5217 2836 5273 Haec
2867 5225 2952 5272 est
2995 5219 3156 5273 lectio
3206 5215 3410 5272 codicis
3471 5216 3596 5274 Vat.

2040 5299 2201 5353 quam
2233 5287 2504 5349 expressit
2549 5287 2848 5343 Possinins.
2886 5287 2990 5342 Sed
3036 5304 3136 5342 ms.
3166 5287 3425 5341 Mazar.et
3448 5287 3596 5344 Alla-

2039 5360 2170 5416 tius,
2201 5370 2327 5428 cum
2347 5355 2626 5428 Photianis
2653 5360 2939 5426 excerptis.
2975 5355 3312 5428 συνημμένη.
3333 5355 3407 5410 lo.

2113 5428 2187 5492 (ti)
2221 5427 2372 5492 Πρὸς
2401 5425 2517 5480 τῶν
2563 5426 2786 5481 ἄλλων.
2818 5425 3012 5480 Allatio
3062 5425 3210 5481 déeSt
3260 5425 3596 5496 praepositio,

2043 5496 2344 5571 preli-vitio
2376 5507 2468 5550 aut
2498 5501 2648 5571 pueri
2679 5497 3056 5571 exscribentis.
3089 5497 3279 5571 llfddit
3315 5513 3439 5571 vero
3471 5514 3597 5552 cum
3623 5551 3641 5571 ,

2045 5565 2319 5628 Possinio,
2373 5576 2492 5620 ante
2539 5568 2674 5620 alias
2725 5566 3074 5636 prwdicatur;
3121 5565 3436 5627 Possrnius,
3493 5583 3604 5634 prta

2047 5637 2190 5695 aliis,
2213 5653 2335 5690 cum
2368 5638 2438 5690 sit
2467 5637 2530 5689 ab
2560 5639 2703 5698 aliis,
2754 5637 3184 5705 ri-spoiideatqne
3213 5653 3368 5691 sacro
3407 5638 3603 5704 textui,

2043 5707 2135 5760 ubi
2163 5708 2240 5778 sic
2273 5707 2552 5761 laudantes
2585 5721 2646 5758 ae
2675 5707 3027 5778 prmdieantes
3052 5723 3327 5778 Sponsam,
3363 5707 3607 5778 indiran-

2039 5783 2149 5902 aur,
2213 5776 2440 5899 :pseque
2496 5779 2856 5849 sequentibus
2894 5776 3098 5832 diserte
3137 5778 3358 5848 exponit
3395 5776 3605 5831 Metho-

2077 5861 2181 5902 ius.
2236 5863 2287 5900 ο.

2077 5861 2181 5902 ιιιε.
2213 5861 2287 5900 ID.
