4140 6420
562 376 669 433 155

1433 371 1491 428 S.
1535 371 1864 429 METRODII
1903 368 2210 428 EPISCOPI
2250 368 2339 424 ET
2380 365 2738 422 MARTYBIS

3683 361 3788 415 136

1298 505 1428 563 CAP.
1463 506 1596 564 Vill.
1630 508 1830 565 Christi
1864 519 2050 564 natura
2084 510 2337 571 humana,
2364 522 2471 560 una
2498 506 2593 560 illa
2623 505 2736 574 ejus
2765 502 3028 560 columba.

623 624 808 682 Possit
857 639 987 679 vero
1035 623 1235 695 aliquis
1284 625 1394 679 alio
1421 640 1639 696 quoque
1668 624 1829 682 modo
1869 626 2120 681 inconta-

2293 623 2587 694 Δυνήσεται
2620 620 2678 674 δέ
2713 637 2796 683 τις
2839 619 3037 690 ἑτέρως
3067 617 3165 689 τὴν
3221 615 3440 688 νύμφην
3472 615 3637 686 φάναι
3688 616 3788 687 τὴν

537 582 550 621 l

554 718 813 773 minatam
878 714 1092 770 Domini
1145 730 1365 770 carnem
1416 731 1669 786 sponsam
1729 717 2112 789 interpretari,

553 810 713 879 cujus
748 809 954 878 gratia,
1002 808 1190 863 relicto
1230 805 1424 872 Patre,
1474 808 1583 863 huc
1629 809 1912 865 descendit
1955 810 2116 880 eique

552 902 819 965 adhaasit,
876 916 940 957 ac
977 900 1140 955 homo
1171 897 1350 954 factus
1392 899 1446 953 in
1488 915 1609 955 eam
1656 900 1875 958 invasit.
1935 899 2115 967 Quare

549 993 714 1049 etiam
747 995 971 1065 ﬁgurate
1001 991 1307 1048 columbam
1335 992 1594 1047 vocitavit
1615 1035 1631 1060 ,
1676 994 1821 1064 quod
1852 995 1954 1049 hoc
1997 993 2115 1048 ani-

550 1085 659 1139 mal
685 1094 1022 1140 mansuetum
1050 1085 1142 1148 sit,
1167 1084 1271 1140 sub
1298 1091 1444 1139 tecto
1469 1084 1670 1155 degens
1699 1100 1940 1155 peneque
1955 1084 2113 1141 nobis

551 1177 964 1242 contubernale,
1025 1184 1188 1247 atque
1248 1175 1487 1229 humano
1545 1177 1798 1230 convictu
1846 1175 2108 1246 gaudens.

554 1267 668 1323 Una
698 1269 843 1324 enim
867 1266 1125 1338 proiecto,
1156 1276 1216 1323 ut
1244 1266 1410 1323 verbo
1438 1265 1637 1334 dicam,
1663 1266 1801 1321 labis
1830 1282 2024 1338 expers
2047 1282 2112 1322 ac

549 1358 830 1430 impolluta
858 1359 1075 1414 inventa
1096 1367 1200 1424 est,
1257 1363 1579 1429 cunctisque
1600 1359 1917 1428 praecellens
1942 1358 2111 1429 justi-

549 1453 641 1506 tia:
675 1450 874 1505 mundo
902 1458 1066 1520 atque
1100 1450 1330 1514 decore,
1375 1458 1435 1504 ut
1473 1465 1633 1505 nemo
1659 1464 1847 1505 eorum
1885 1449 1976 1519 qui
2026 1449 2109 1504 vel

547 1555 759 1595 summe
788 1538 896 1594 Deo
923 1540 1278 1609 placuerunt,
1319 1554 1490 1610 prope
1532 1539 1599 1594 ad
1630 1555 1783 1604 eam,
1814 1540 1861 1595 si
1892 1539 2110 1595 virtutis

547 1632 688 1686 ratio
718 1632 949 1694 ineatur,
984 1631 1269 1688 consistat.
1324 1631 1593 1698 Quocirca
1636 1632 1832 1687 merito
1877 1630 1934 1686 in
1977 1646 2112 1687 con-

548 1724 776 1779 sortium
800 1723 952 1794 regni
979 1721 1250 1794 Unigeniti
1276 1725 1446 1780 ascita
1470 1731 1574 1788 est,
1592 1724 1686 1778 illo
1705 1724 1809 1780 sibi
1836 1739 1955 1779 eam
1979 1724 2111 1779 ada-

545 1821 732 1884 ptante
752 1821 915 1884 atque
945 1815 1186 1872 uniente.
1219 1814 1405 1886 itaque
1429 1816 1484 1871 in
1512 1817 1724 1888 psalmo
1752 1817 2109 1888 quadragesi-

2217 716 2391 788 σάρκα
2420 713 2519 785 τὴν
2543 712 2838 784 ἀμόλυντον
2870 711 2965 765 τοῦ
3000 711 3229 783 Κυρίου,
3254 706 3323 782 ἦς
3356 708 3517 780 χάριν
3546 709 3638 763 τὸν
3676 710 3789 762 Πα-

2211 806 2349 875 τέρα
2385 803 2733 872 καταλείψας,
2774 801 3037 871 κατῆλθεν
3066 799 3318 863 ἐνταῦθα,
3369 799 3465 854 καὶ
3496 799 3788 871 προσεκολ-

2212 895 2369 966 λήθη,
2392 895 2485 948 καὶ
2510 893 2916 964 ἐγκατέσκηψεν
2942 892 3015 960 (7)
3039 890 3461 961 ὲνανθρωπήσας
3484 891 3563 951 είς
3591 889 3782 960 αὑτήν.

2212 983 2304 1036 Διὸ
2330 983 2394 1055 δὴ
2438 984 2530 1037 καί
2579 981 2907 1054 περιστερὰν
2947 982 3116 1052 αὑτὴν
3164 981 3442 1053 τροπικῶς
3490 980 3780 1033 ἐκάλεσεν·

2210 1072 2397 1143 ἐπειδὴ
2430 1072 2682 1127 τιθασσὸν
2715 1071 2775 1125 τὸ
2818 1071 2954 1136 ζῶον
2987 1071 3081 1124 καὶ
3114 1070 3445 1142 ὑπωρόφιον,
3473 1071 3567 1123 καὶ
3606 1070 3783 1141 διαίτῃ

2209 1167 2277 1235 τῇ
2306 1164 2413 1217 τῶν
2454 1162 2753 1234 ἀνθρώπων
2786 1160 3154 1232 ὲνασμενίζον.
3178 1161 3329 1231 Μόνη
3367 1159 3496 1232 γάρ,
3540 1160 3614 1225 ὡς
3654 1159 3785 1223 ἔπος

2210 1258 2406 1319 εἰπεῖν,
2438 1254 2662 1318 ἀσπιλος
2705 1253 2801 1307 καὶ
2847 1252 3109 1324 ἀμίαντος
3161 1251 3356 1324 εὑρέθη
3380 1291 3397 1317 ,
3441 1252 3536 1306 καὶ
3576 1251 3784 1313 πάντας

2211 1347 2554 1420 ὑπερέχουσα
2587 1345 2665 1417 τῷ
2692 1346 2789 1417 τῆς
2827 1345 3174 1415 δικαιοσύνης
3211 1345 3397 1415 κόσμῳ
3430 1344 3524 1397 καὶ
3565 1342 3779 1398 κάλλει·

2208 1437 2349 1491 ὥστε
2380 1438 2582 1509 μηδένα
2608 1436 2702 1489 καὶ
2737 1434 2846 1489 τῶν
2875 1437 2954 1500 είς
2982 1435 3151 1509 ἀκρον
3192 1434 3673 1508 εὑαρεστησάντων
3704 1432 3783 1504 τῷ

2208 1529 2327 1601 Θεῷ
2364 1529 2569 1600 ταύτης
2621 1527 2911 1599 δυνηθῆναι
2966 1528 3152 1592 πέλας,
3187 1529 3262 1592 ὼς
3310 1526 3446 1597 πρὸς
3498 1526 3784 1598 σύγκρισιν

2204 1623 2427 1694 ἀρετῆς,
2452 1622 2661 1693 στῆναι.
2692 1620 2804 1674 Καὶ
2833 1620 2920 1674 διά
2944 1620 3098 1674 τοῦτο
3123 1618 3493 1690 κατηξιῶσθαι
3525 1618 3782 1672 κοινωνὸν

2209 1714 2380 1785 αὑτὴν
2413 1711 2663 1781 γενέσθαι
2694 1713 2793 1783 τῆς
2823 1710 3093 1782 βασιλείας
3119 1709 3214 1764 τοῦ
3248 1709 3605 1778 Μονογενοῦς,
3634 1707 3782 1778 αὑτῷ

2207 1802 2664 1875 καθηρμοσμένην
2703 1819 2764 1855 τε
2802 1803 2897 1855 καὶ
2932 1801 3244 1855 ὲνωθείσαν.
3277 1801 3386 1855 Καὶ
3422 1801 3480 1854 έν
3510 1815 3783 1869 τεσσαρα-

544 1921 634 1961 mo
661 1914 891 1977 quarto,
924 1922 1046 1978 quae
1076 1908 1220 1962 inter
1246 1909 1430 1978 plures
1453 1922 1484 1960 a
1516 1907 1725 1963 dextris
1780 1906 1874 1961 Dei
1920 1908 2106 1977 regina

2208 1895 2384 1966 κοστῷ
2424 1895 2481 1948 δὲ
2514 1895 2608 1948 καὶ⁵
2657 1894 2899 1966 τετάρτῳ
2940 1892 3140 1965 ψαλμῷ
3182 1894 3216 1963 ὴ
3264 1894 3328 1946 ὲκ
3359 1891 3469 1945 τῶν
3522 1891 3781 1944 πλειόνων

542 1969 706 2059 astat,
739 1969 901 2053 aurea
939 1969 1156 2053 virtutis
1185 1969 1389 2053 mundo
1418 2006 1610 2053 ornata
1630 2038 1645 2063 ,
1677 1997 1959 2084 cujusorex
1981 1969 2105 2068 pul-

2209 1986 2586 2058 παρισταμένη
2615 1986 2681 2040 ὲκ
2714 1984 2902 2051 δεξιῶν
2950 1984 3233 2055 βασίλισσα
3264 1983 3357 2037 τοῦ
3395 1982 3529 2036 Θεοῦ
3573 1979 3780 2053 μερῶν,

540 2086 906 2143 chritudinem
934 2090 1245 2159 concupivit
1275 2089 1352 2157 “,
1388 2104 1519 2145 caro
1554 2099 1672 2154 est,
1707 2089 1785 2144 uti
1816 2090 2063 2146 dicebam
2083 2127 2101 2154 ,

540 2177 859 2235 intemerata
885 2179 976 2234 illa
1016 2190 1068 2237 et
1100 2180 1251 2236 beata
1279 2220 1294 2246 ,
1338 2195 1501 2251 quam
1536 2180 1652 2251 ipse
1687 2179 1830 2236 Deus
1863 2178 2101 2235 Verbum

538 2269 697 2325 cmlis
724 2269 996 2324 invectam
1034 2286 1064 2324 a
1106 2269 1314 2327 dextris
1351 2270 1531 2327 Patris
1575 2271 1861 2327 collocavit
1899 2271 2107 2326 auratis

538 2359 785 2414 vestibus
813 2359 1090 2426 decoram,
1121 2361 1176 2415 in
1208 2359 1403 2416 studiis
1427 2360 1634 2416 scilicet
1657 2361 2105 2430 incorruptionis,

539 2464 662 2523 qua:
692 2449 992 2520 symbolice
1026 2451 1239 2506 vocavit
1267 2451 1506 2521 ﬁmbrias
1532 2468 1743 2515 aureas,
1767 2451 1914 2522 quod
1941 2451 2106 2506 nimi-

539 2557 661 2597 rum
687 2541 1063 2597 indumentum
1102 2542 1239 2606 boc,
1287 2544 1457 2598 variis
1501 2558 1569 2597 ex
1611 2544 1941 2608 virtutibus,
1978 2551 2109 2615 puta

539 2634 815 2700 castitate,
846 2632 1133 2706 prudentia
1151 2675 1165 2698 ,
1190 2633 1314 2699 ﬁde,
1346 2634 1612 2689 cbaritate
1636 2674 1651 2699 ,
1686 2634 1982 2705 patientia,
2009 2635 2110 2690 bo-

539 2725 735 2795 nisque
778 2726 1048 2795 reliquis,
1097 2725 1407 2796 variegatur
1454 2732 1508 2780 et
1556 2726 1713 2795 quasi
1761 2726 2105 2793 contexitur;

537 2833 660 2887 qua
687 2818 847 2888 plane
891 2818 1190 2889 operientia
1235 2818 1418 2899 carnis
1450 2819 1841 2889 turpitudinem
1865 2858 1882 2887 ,
1933 2834 2104 2876 aureo

539 2906 814 2967 hominem
847 2907 1054 2964 mundo
1079 2908 1338 2981 cultuque
1365 2910 1731 2967 convestiunt.

2207 2079 2241 2148 ἡ
2273 2077 2350 2148 τῷ
2373 2075 2649 2148 διαχρύσῳ
2686 2076 2786 2147 τῆς
2827 2075 3028 2148 ἀρετῆς
3068 2076 3258 2146 κόσμῳ
3296 2071 3779 2142 κατεστολισμὲνη,

2205 2167 2274 2243 ἧς
2306 2168 2621 2240 ἐπεθύμησε
2649 2167 2745 2221 τοῦ
2775 2167 3005 2230 κάλλους
3026 2169 3055 2221 ὁ
3081 2166 3351 2238 βασιλεὺς,
3379 2168 3411 2237 η
3442 2164 3577 2237 σάρξ
3611 2166 3781 2230 ἐστιν,

2205 2260 2283 2324 ὡς
2313 2259 2471 2331 ἔφην,
2502 2260 2536 2328 ἡ
2568 2258 2833 2330 ἄχραντος
2870 2258 3054 2328 ἐκείνη
3088 2258 3181 2312 καὶ
3222 2256 3489 2328 μακαρία,
3513 2256 3581 2324 ἣν
3620 2253 3782 2318 αὑτὸς

2206 2352 2543 2424 ἀνακομίσας
2568 2352 2598 2404 ὁ
2637 2350 2809 2419 Λόγος
2848 2352 2929 2415 είς
2962 2351 3247 2421 οὑρανοὺς,
3283 2352 3347 2402 ὲκ
3385 2347 3574 2414 δεξιῶν
3607 2345 3782 2418 παρέ-

2210 2460 2373 2514 στησε
2400 2442 2493 2496 τοῦ
2527 2442 2758 2514 Πατρδς,
2791 2443 2848 2495 ὲν
2887 2441 3169 2513 ἱματισμῷ
3197 2438 3471 2511 διαχρύσῳ
3502 2452 3781 2507 κεκοσμη-

2211 2536 2411 2607 μένην·
2449 2533 2478 2588 δ
2506 2534 2570 2605 δή
2606 2536 2775 2597 ἐστιν,
2817 2534 2875 2586 ὲν
2906 2532 3297 2603 ἐπιτηδεύμασι
3319 2532 3417 2602 τῆς
3450 2529 3780 2601 ἀφθαρσίας,

2202 2624 2238 2679 ἃ
2276 2623 2619 2697 συμϐολικῶς
2644 2623 2811 2696 ἔφησε
2841 2622 3043 2694 χρυσᾶ
3072 2622 3403 2692 κροσσωτά.
3435 2620 3649 2691 Ἐπειδὴ
3672 2619 3781 2691 γὰρ

2203 2718 2269 2770 ὲκ
2303 2715 2562 2770 ποικίλων
2589 2716 2920 2769 ποικίλλεται
2948 2714 3108 2768 τοῦτο
3147 2715 3243 2768 καὶ
3285 2712 3781 2783 συγκαθυφαίνεται

2205 2808 2642 2881 κατορθωμάτων
2662 2809 2723 2863 τὸ
2745 2808 2948 2880 ἔνδυμα
2994 2802 3135 2874 (οἷον
3169 2807 3412 2876 ἁγνείας,
3444 2807 3778 2877 φρονήσεως,

2207 2899 2461 2963 πίστεως,
2488 2899 2743 2971 ἀγάπης,
2786 2898 3081 2969 ὑπομονῆς,
3125 2899 3221 2952 καὶ
3257 2897 3367 2951 τῶν
3408 2895 3608 2949 λοιπῶν
3647 2895 3782 2962 ἀγα-

2201 2987 2365 3059 θῶν)·
2411 2989 2448 3043 ἀ
2489 2988 2575 3060 δὴ,
2607 2988 3088 3042 κατακαλύπτοντα
3130 2988 3230 3060 τὴν
3266 2985 3650 3058 ἀσχημοσύνην
3680 2985 3780 3055 τῆς

2206 3081 2427 3155 σαρκὸς,
2449 3085 2646 3152 κοσμεῖ
2671 3081 2763 3134 τὸν
2790 3080 3075 3153 ἄνθρωπον
3098 3080 3287 3151 κόσμῳ
3315 3079 3521 3153 χρυσῷ.

1334 3191 1464 3250 CAP.
1495 3191 1588 3252 IX.
1629 3192 1865 3266 Virgines
1890 3195 2070 3250 statim
2095 3206 2211 3267 post
2244 3195 2497 3269 Reginam
2524 3214 2587 3252 ac
2613 3196 2901 3268 Sponsam.

605 3305 795 3365 Restat
813 3315 875 3365 ut
893 3307 1024 3380 quid
1048 3307 1104 3362 in
1126 3308 1590 3378 consequentibus
1609 3310 1803 3380 psalmi
1825 3317 1949 3380 post
1968 3325 2111 3365 com-

2283 3313 2514 3368 Ἔπειτα
2540 3313 2594 3367 τί
2625 3313 2688 3384 δὴ
2714 3312 2877 3367 πάλιν
2900 3312 2995 3367 καὶ
3023 3312 3082 3366 ὲν
3122 3312 3233 3375 τοῖς
3269 3310 3396 3381 ἑξῆς
3425 3308 3517 3364 τοῦ
3542 3309 3781 3381 ψαλμοῦ,

535 3410 891 3456 memoratum
922 3399 1195 3456 hominem
1217 3415 1248 3455 a
1278 3398 1456 3455 Verbo
1488 3407 1849 3471 assumptum,
1874 3401 1938 3457 ad
1970 3400 2105 3485 9m-

534 3493 833 3563 nipotentis
847 3492 1124 3549 dexteram
1145 3494 1492 3558 collocatum,
1515 3493 1695 3548 tradat
1720 3493 1956 3564 Spiritus
1978 3508 2107 3549 san-

535 3592 680 3650 ctus,
700 3584 1128 3641 consideremus.
1147 3584 1507 3654 Adducentur,
1535 3586 1712 3657 inquit
1734 3584 1800 3652 ⁸⁸,
1823 3587 1932 3657 regi
1948 3587 2104 3656 uirgi-

536 3688 625 3726 nes
650 3681 767 3741 post
792 3688 943 3738 eam;
974 3675 1232 3743 proxima:
1260 3674 1373 3744 ejus
1406 3675 1696 3744 afferentur
1725 3675 1838 3732 tibi.
1864 3675 2101 3746 Alfenu-

536 3769 625 3815 tur
652 3762 705 3815 in
734 3760 889 3817 itctiti
898 3779 922 3816 1
952 3772 1003 3818 et
1020 3764 1403 3828 exsultatione;
1428 3765 1757 3820 adducentur
1772 3768 1827 3820 in
1850 3767 2097 3835 templum

535 3851 694 3921 regis.
718 3848 889 3908 Valde
910 3853 1194 3910 manifeste
1230 3854 1445 3909 videtur
1474 3855 1565 3910 hic
1611 3856 1832 3910 divinus
1859 3853 2099 3925 Spiritus

535 3943 896 4015 virginitatem
922 3945 1162 4013 laudare,
1196 3961 1259 4001 ac
1288 3945 1558 4016 polliceri,
1589 3946 1828 4018 virgines
1860 3950 2100 4004 secundo

537 4045 667 4110 post
709 4034 918 4094 Domini
963 4053 1219 4110 sponsam
1264 4037 1420 4104 loco,
1475 4044 1537 4093 ut
1588 4038 1977 4109 exposuimus,
2034 4040 2105 4095 ad

536 4126 971 4201 Omnipotentem
999 4143 1319 4187 accessuras
1347 4129 1402 4184 in
1423 4129 1609 4185 laetitia
1635 4138 1688 4185 ct
1717 4130 2098 4198 exsultatione,

536 4220 826 4276 ambitioso
855 4221 1005 4276 cultu
1048 4219 1436 4276 comitantibus
1485 4220 1693 4291 angelis
1734 4236 1798 4276 ac
1829 4220 2103 4277 deducen-

539 4310 706 4365 tibus.
735 4311 884 4367 Adeo
913 4312 1058 4367 enim
1096 4312 1326 4367 amabile
1355 4319 1410 4367 et
1465 4327 1628 4383 supra
1660 4313 1881 4369 modum
1912 4330 2102 4371 revera

538 4399 896 4457 desiderabile
938 4402 1268 4471 virginitatis
1314 4402 1515 4469 decus,
1574 4414 1633 4458 ut
1684 4413 1806 4475 post
1857 4408 2101 4476 reginam

541 4506 704 4561 quam
738 4492 993 4547 exaltavit
1036 4491 1335 4560 Dominus,
1379 4501 1541 4565 atque
1583 4496 1653 4550 ab
1682 4496 1831 4551 omni
1877 4507 2102 4567 peccato

608 4643 656 4678 “
696 4644 847 4700 Psal.
877 4661 1022 4711 xuv,
1046 4646 1136 4704 i0.
1218 4644 1265 4680 “
1301 4647 1430 4705 ibid.
1464 4647 1563 4713 15,
1606 4648 1693 4703 16.

2213 3402 2351 3474 μετὰ
2384 3403 2446 3457 τὸ
2488 3404 2580 3457 τὸν
2601 3402 2884 3474 ἄνθρωπον
2909 3403 2975 3456 ἐκ
3021 3399 3209 3466 δεξιῶν
3254 3399 3659 3470 ἐνθρονισθῆναι
3688 3396 3784 3453 τοῦ

2210 3493 2444 3565 Πατρὺς,
2490 3493 2519 3547 ὃ
2559 3494 2846 3565 ἀνείληφεν
2888 3494 2917 3546 ὁ
2948 3494 3151 3561 Λόγος,
3189 3491 3252 3544 τὸ
3281 3490 3506 3560 Πνεῦμα
3549 3491 3783 3562 παραδί-

2208 3586 2396 3649 δωσιν,
2423 3587 2803 3640 ἐπισκεπτέον.
2822 3582 3372 3653 Ἆπενεχθήσονται,
3401 3582 3553 3652 φησὶ,
3582 3581 3785 3647 τῷβαρ

2204 3678 2370 3733 σιλεῖ
2375 3678 2654 3747 παρθένοι
2666 3678 2858 3731 ὀπίσω
2872 3674 3081 3743 αὐτῆς·
3102 3677 3160 3729 αἱ
3175 3674 3441 3742 πλησίον
3450 3672 3638 3742 αὐτῆς
3649 3674 3776 3730 ἀπό

2203 3770 2605 3840 νεχθήσυνταί
2619 3785 2739 3825 σοι.
2786 3767 3328 3837 Ἀπενεχθήσονται
3348 3765 3418 3819 ἐν
3435 3766 3782 3836 εὐφροσύνῃ

2204 3864 2299 3917 καί
2316 3862 2690 3934 ἀγαλλιάσει·
2706 3861 3075 3932 ἁχθήσονται
3091 3861 3176 3924 είς
3187 3856 3336 3911 ναὸν
3350 3857 3454 3911 τοῦ
3466 3857 3784 3923 βασιλέως.

2206 3954 2352 4008 Πάνυ
2382 3953 2673 4025 προφανῶς
2696 3952 2884 4007 ἐνθάδε
2917 3950 3103 4005 λοιπὸν
3127 3948 3302 4002 ἔοικεν
3338 3948 3702 4016 ἐγκωμιάζειν
3722 3947 3785 4001 τὸ

2207 4045 2430 4116 Πνεῦμα
2445 4046 2541 4117 τὴν
2556 4047 2686 4113 ἀγνε
2695 4044 2799 4108 ίαν,
2822 4042 2960 4114 μετά
2975 4042 3072 4114 τὴν
3098 4040 3160 4094 νύ
3168 4057 3334 4112 μφην.
3352 4038 3427 4103 ὡς
3442 4037 3786 4093 ἀποδεδώκαρ

2209 4154 2328 4208 μεν,
2357 4136 2450 4190 τοῦ
2468 4136 2695 4207 Κυρίου,
2711 4134 2965 4205 δευτέρας
2985 4133 3264 4205 προσιέναι
3286 4130 3363 4201 τῷ
3380 4129 3781 4202 Παντοκράτορι

2207 4229 2265 4282 ἐν
2292 4227 2607 4297 ἀγαλλιάσει
2636 4227 2729 4281 καὶ
2753 4227 3059 4299 εὐφροσύνῃ
3079 4223 3177 4286 τάς
3194 4222 3492 4293 παρθένους
3511 4220 3767 4287 ἐπαγγελο

2204 4317 2452 4390 λομένου,
2480 4318 2572 4372 ὑπ’
2600 4317 2845 4387 ἀγγέλων
2880 4315 3348 4388 δορυφορουμένας
3379 4329 3437 4364 τε
3480 4312 3574 4364 καὶ
3605 4328 3781 4382 παρα-

2205 4410 2581 4482 πεμπομένας.
2617 4409 2773 4464 Οὕτω
2799 4408 2906 4481 γάρ
2941 4406 3245 4477 ἐπέραστόν
3275 4421 3329 4457 τι
3358 4403 3420 4456 τὸ
3444 4403 3545 4472 τῆς
3577 4402 3780 4474 παρθε-

2204 4501 2324 4567 νίας
2349 4502 2496 4556 ὲστὶν
2525 4501 2602 4566 ὡς
2628 4500 2844 4571 ἀληθῶς
2884 4499 2979 4553 καὶ
3022 4494 3387 4568 περιπόθητον
3410 4492 3598 4560 ’κλέος,
3638 4492 3779 4547 ὥστε

607 4800 687 4872 (7)
731 4802 1234 4871 Ἐ’γκατέσκηψεν.
1266 4800 1497 4871 Illapsus
1518 4809 1619 4867 est,
1642 4803 1857 4858 inuasit.
1881 4800 2027 4874 Max.
2050 4810 2103 4858 et

2208 4802 2299 4867 sit,
2335 4809 2390 4859 et
2412 4801 2614 4874 unione
2660 4801 2975 4867 honoraria,
3028 4817 3139 4858 non
3175 4803 3317 4874 κατὰ
3348 4802 3509 4874 φύσιν
3550 4809 3616 4874 et
3645 4799 3778 4856 ὑπό-

538 4873 725 4935 Allat.,
755 4874 1251 4943 ἐγκατεσκήνωσεν,
1279 4874 1331 4926 in
1358 4889 1420 4926 ea
1450 4874 1727 4938 habitavit,
1749 4872 1894 4943 quod
1945 4888 2099 4943 aeque

538 4944 846 5013 probatum.
876 4940 1157 5014 Possinius
1178 4984 1191 5006 .
1228 4944 1582 5014 agglutinatus
1608 4953 1707 5014 est,
1751 4940 1896 5013 quod
1927 4940 2099 5014 expli-

538 5011 683 5069 catio
730 5020 815 5067 est
841 5013 991 5083 vocis
1018 5011 1446 5083 προσεκοδλήθη,
1480 5028 1589 5068 non
1636 5011 1819 5069 minus
1839 5011 2012 5079 quam
2032 5014 2101 5066 il-

540 5083 654 5154 iud,
685 5084 734 5137 ei
762 5081 1008 5154 adhwsit,
1031 5081 1108 5154 _ac
1139 5081 1480 5154 ταυτολυγία.
1518 5098 1625 5136 non
1652 5084 1922 5154 expositio
1948 5098 2102 5137 novae

541 5151 795 5208 llethodii
828 5153 998 5208 vocis.
1031 5151 1164 5205 Illud
1197 5152 1357 5207 etiam
1383 5193 1398 5217 ,
1434 5151 1737 5206 incarnans'
1758 5170 1812 5207 se
1865 5154 1917 5207 in
1959 5169 2098 5217 eam,

539 5238 699 5291 quam
733 5222 928 5276 durum
970 5237 1268 5294 parumque
1300 5222 1696 5294 theologicum!‘
1716 5223 1778 5276 τὸ
1805 5226 1891 5289 εὶς
1921 5226 2090 5294 αὐτ-ηπ

540 5294 765 5347 verbum
818 5291 1195 5361 ἐγκατέσκηψε
1256 5291 1510 5361 ηερίείιξ
1578 5292 1770 5348 modus
1836 5309 1965 5346 vero
2011 5291 2106 5347 dc-

542 5370 762 5417 notatur
816 5360 908 5433 illa
962 5378 1091 5418 voce
1147 5360 1588 5433 ἐνανθρωπήσας,
1638 5362 1861 5417 hominis
1899 5379 2106 5417 assum-

542 5433 714 5503 ptione
740 5440 789 5487 et
811 5432 979 5501 factus
997 5434 1150 5487 homo
1174 5449 1191 5486 :
1222 5432 1302 5486 sic
1341 5432 1396 5485 in
1421 5432 1539 5487 eam
1577 5434 1721 5503 venit
1750 5444 1911 5503 atque
1954 5433 2104 5503 iuva:

544 5502 617 5557 sit
663 5502 848 5568 illique
882 5504 1145 5565 incubuit,
1188 5514 1308 5571 qute
1342 5503 1425 5556 vis
1458 5511 1542 5557 est
1582 5502 1702 5569 ejus
1746 5505 1916 5557 vocis.
1951 5502 2106 5568 Quod

543 5578 726 5643 tamen
754 5572 1073 5643 Methodius,
1103 5573 1364 5643 singulari
1387 5588 1449 5626 ea
1474 5575 1761 5643 sanctitate
1788 5582 1842 5626 ct
1868 5574 2103 5643 iustitia,

544 5640 910 5725 καξηξιῶσθαι
945 5644 1085 5721 dicit
1136 5640 1387 5724 κοινωνὸν
1434 5641 1808 5725 γίνεσθαιητῆς
1839 5640 2112 5725 βασιλείας

544 5709 1025 5783 τοῦΜονογενοῦς,
1055 5714 1303 5783 meruisse
1329 5709 1618 5783 consortem
1665 5709 1779 5782 ﬁeri
1809 5709 1951 5783 regni
1983 5711 2113 5765 Uni-

542 5782 724 5853 peniti,
755 5796 897 5852 aegre
927 5796 958 5835 a
982 5781 1320 5837 Nestorianis
1354 5781 1671 5839 furfuribus
1701 5781 1959 5839 vindieari
1983 5798 2110 5852 pos-

2208 4889 2414 4936 στασιν,
2443 4887 2549 4941 qua
2584 4873 2743 4928 homo
2782 4883 3133 4930 consecratus
3164 4875 3218 4927 in
3249 4873 3340 4928 Dei
3364 4873 3543 4927 lilium
3572 4873 3640 4927 ab
3662 4874 3780 4942 ipso

2207 4952 2485 4998 momento
2507 4943 2675 4997 creati
2715 4942 2906 5005 animi,
2950 4953 3004 4998 et
3044 4943 3185 4999 Deus
3211 4943 3388 4998 factus
3427 4945 3621 5008 homo;
3670 4958 3778 4996 non

2206 5015 2335 5083 ullis
2367 5012 2574 5083 meritis
2624 5021 2715 5083 aut
2743 5011 3011 5083 profectu,
3043 5029 3111 5067 eo
3136 5024 3423 5082 provectus
3454 5012 3544 5065 ille
3591 5012 3777 5083 homo,

2208 5092 2276 5155 ut
2301 5081 2393 5136 Dei
2429 5082 2569 5136 [ilius
2593 5081 2820 5155 ejusque
2839 5086 2987 5155 regni
3010 5081 3243 5155 consors
3265 5083 3563 5155 diceretur.
3583 5081 3782 5155 Comes

2210 5153 2377 5222 igitur
2402 5164 2456 5207 et
2492 5153 2649 5222 quasi
2701 5151 2925 5208 εσθαιυέ
2954 5155 3148 5208 divina:
3173 5154 3319 5206 illius
3378 5151 3598 5205 unionis
3647 5151 3773 5213 fuit,

2210 5224 2389 5275 omnis
2422 5223 2512 5276 illa
2546 5222 2747 5276 Christi
2782 5225 3017 5279 hominis
3038 5224 3249 5290 iustitia
3275 5230 3330 5275 et
3360 5222 3645 5277 sanctitas.
3668 5236 3776 5274 non

2210 5291 2332 5360 ejus
2375 5297 2534 5353 ratio,
2569 5294 2833 5361 obquam
2893 5295 3091 5347 meruit
3117 5293 3263 5345 illam
3301 5292 3551 5361 adipisci.
3606 5290 3778 5346 Etiam

2212 5359 2505 5433 Gregorius
2534 5363 2588 5433 in
2623 5359 2817 5415 Homil.
2854 5362 2995 5417 hanc
3039 5363 3350 5431 nuptiarum
3380 5359 3502 5414 Filii
3530 5359 3620 5413 Dei
3651 5374 3778 5433 cum

2212 5448 2309 5488 sua
2327 5431 2499 5487 carne
2530 5431 2650 5504 (seu
2681 5433 3038 5501 humanitate)
3097 5432 3561 5504 comparationem
3593 5431 3777 5504 statim

2211 5503 2408 5570 rejicit,
2477 5501 2548 5556 ut'
2585 5503 2765 5557 minus
2822 5502 3251 5562 accommodain.
3307 5508 3361 5554 et
3426 5516 3546 5566 qua:
3600 5501 3781 5570 faveat

2212 5567 2501 5629 Nestorio:
2536 5572 2681 5643 quod
2740 5574 3055 5643 nuptiarum
3091 5572 3290 5625 fmilera
3339 5585 3447 5624 non
3501 5571 3608 5624 sint
3655 5567 3778 5643 nisi

2217 5643 2358 5696 inter
2411 5658 2529 5704 eos,
2554 5637 2674 5711 "qui
2736 5637 3033 5711 distinctae
3064 5657 3308 5711 persona:
3356 5649 3483 5695 sunt
3513 5657 3525 5690 :
3552 5637 3780 5711 proinde

2217 5658 2358 5696 Inter
2411 5658 2529 5704 eos,
2622 5659 2674 5696 ut
2736 5658 3010 5696 (llslint‘la!
3064 5658 3308 5711 persona:
3356 5658 3780 5710 suntzprounae

2216 5712 2422 5783 mavult
2446 5713 2550 5766 dici
2583 5658 2653 5766 (de
2691 5712 2911 5783 Christo
2941 5722 2996 5767 et
3026 5710 3287 5780 Ecclesia,
3313 5727 3434 5783 qua:
3474 5721 3559 5767 est
3603 5708 3780 5780 prima

2221 5782 2476 5838 Methodii
2505 5785 2795 5848 expositio.
2821 5781 3111 5838 COIBEFIS.
