4140 6412
349 362 451 416 ιότ

1453 358 1838 417 CONVIVIUM
1872 360 2103 419 DECEM
2149 365 2508 422 VIRGINUM.

3507 371 3610 425 I38

343 483 518 538 ὀπίσω
545 481 643 552 τῆς
679 478 1035 550 βασιλίσσης,
1063 478 1130 550 ἢν
1158 479 1432 549 ἀνήγαγεν
1469 479 1497 530 ὁ
1540 479 1764 551 Κύριος,
1797 482 1900 534 ἀνα

2038 484 2333 542 immunem
2365 489 2678 558 perornavit
2699 529 2712 551 ,
2742 487 3015 560 virginum
3054 487 3280 544 chorum
3325 498 3489 560 atque
3517 505 3609 544 or-

344 575 623 646 μάρτητον
673 573 1080 643 ἀποτορνεύσας
1130 571 1208 641 τῷ
1245 572 1439 642 Πατρὶ,
1485 572 1578 626 τὸν
1622 575 1784 647 χορὸν
1819 575 1928 630 τῶν

341 667 628 737 παρθένων
661 665 758 720 καὶ
790 664 853 720 τὸ
894 665 1082 735 τάγμα
1124 666 1610 736 προσκομίζεσθαι,
1640 668 1708 722 τὰ
1745 669 1929 722 δευτε-

343 762 461 832 ρεῖα
499 758 598 829 τῆς
623 757 845 830 νύμφης
868 757 1304 829 κεκληρωμένον.
1341 757 1525 812 Ταῦτά
1560 777 1642 812 σοι
1673 761 1767 813 καὶ
1794 763 1925 832 παρ’

340 850 518 921 ἡμῶν,
553 846 598 904 ὦ
651 851 867 922 Ἀρετὴ,
907 849 977 902 τὰ
1001 849 1371 922 γυμνάσματα
1418 848 1528 902 τῶν
1564 849 1738 920 λόγων
1785 851 1925 924 ὑπὲρ

339 943 565 1011 ἁγνείας
588 941 1008 1014 ἐστηλιτεύσθω.

407 1035 684 1106 Είπούσης
723 1035 780 1088 δέ
812 1033 984 1088 ταῦτα
1025 1034 1128 1104 τῆς
1159 1035 1480 1108 Προκίλλης,
1521 1037 1684 1107 Ἐμδς
1726 1037 1756 1089 ὁ
1795 1037 1925 1108 κλῆ-

339 1143 454 1197 ρος,
476 1129 511 1200 ἡ
537 1127 716 1181 Θέκλα
734 1126 860 1200 ἔφη,
896 1127 1034 1199 μετὰ
1059 1125 1266 1198 ταύτην
1294 1128 1492 1200 ἐφεξῆς
1525 1128 1920 1197 ἀγωνίζεσθαι·

335 1221 432 1276 καὶ
463 1221 640 1293 χαίρω
668 1220 1011 1293 ξυνέμπορον
1043 1219 1242 1290 ἔχουσα
1270 1221 1426 1290 κάγὼ
1456 1221 1555 1294 τὴν
1591 1222 1784 1292 σοφίαν
1816 1221 1924 1276 τῶν

335 1314 542 1385 λόγων,
600 1315 969 1386 αἰσθανομένη
1017 1316 1251 1389 κιθάρας
1302 1315 1458 1387 δίκην
1499 1314 1701 1369 ἔσωθεν
1749 1315 1924 1388 ἁρμο-

334 1410 570 1482 ζομένην
619 1427 687 1480 με
742 1408 838 1462 καὶ
890 1409 1416 1482 παρασκευάζουσαν
1443 1409 1524 1472 είς
1576 1409 1638 1462 τὸ
1684 1409 1924 1480 μεμελη-

336 1501 518 1572 μένως
550 1502 726 1555 εἰπεῖν
752 1503 845 1556 καὶ
875 1502 1245 1573 εὐσχημόνως.

401 1594 602 1649 ΑΡΕΤ.
653 1595 904 1666 Ἀριστα,
971 1587 1017 1647 ὦ
1075 1592 1274 1658 Θέκλα,
1315 1591 1415 1664 τὴν
1452 1589 1763 1664 προθυμίαν
1813 1591 1922 1646 ἁπ-

331 1685 624 1760 εδεξάμην,
763 1688 854 1741 καὶ
911 1686 1153 1742 πιστεύω
1199 1687 1280 1750 είς
1327 1684 1556 1756 δύναμιν
1607 1683 1916 1756 πρέποντας

330 1779 624 1834 ἀποδοῦναί
671 1779 731 1833 σέ
776 1797 865 1851 μοι
903 1782 1030 1844 τοὺς
1081 1779 1304 1849 λόγους·
1347 1777 1662 1847 φιλοσοφίας
1705 1793 1767 1830 τε
1811 1775 1920 1850 γὰρ

2027 576 2235 641 dinem,
2265 579 2507 633 secundo
2529 582 2711 636 statim
2740 579 2860 650 post
2900 595 3159 651 sponsam
3187 580 3392 635 honore
3417 581 3609 652 digne-

2029 678 2140 724 tur.
2177 671 2268 726 lla:
2301 675 2396 726 tibi
2430 689 2646 744 quoque
2677 690 2705 728 a
2740 675 2898 730 nobis
2918 690 3234 730 sermonum
3258 675 3608 729 exercitatio-

2029 777 2164 830 nes,
2207 779 2241 818 ο
2273 765 2474 830 Arete,
2529 783 2628 837 pro
2677 767 2996 838 virginitate
3039 767 3188 822 velut
3237 767 3291 820 in
3351 766 3514 838 cippo
3543 783 3608 822 ac

2028 859 2251 924 perenni
2284 873 2393 914 aere
2418 859 2708 932 insculpta:
2745 868 2931 917 sunto.

2097 1034 2251 1090 Talia
2280 1039 2369 1093 ubi
2395 1039 2627 1095 Procilla
2656 1048 2990 1110 perorasset,
3022 1040 3176 1095 Meus
3197 1041 3333 1110 jam,
3365 1041 3441 1093 ait
3468 1038 3606 1094 The-

2026 1130 2108 1183 εἰει
2131 1169 2144 1193 .
2177 1133 2372 1204 agendi
2407 1136 2560 1189 locus
2593 1143 2677 1190 est
2721 1154 2736 1189 :
2779 1150 2954 1205 eoque
3008 1136 3293 1206 gratulans
3337 1148 3602 1199 occurro,

2026 1237 2147 1291 qua:
2179 1230 2234 1276 et
2263 1239 2364 1292 ego
2387 1225 2708 1295 sapientiam
2734 1241 3049 1280 sermonum
3081 1225 3212 1296 (vim
3243 1224 3456 1280 scilicet
3489 1226 3604 1278 elo-

2023 1313 2280 1382 quentize)
2315 1314 2584 1372 faventem
2617 1318 2882 1386 habeam;
2915 1317 3259 1388 sentiamque
3290 1317 3516 1371 cithara:
3547 1332 3601 1369 In

2025 1405 2245 1459 modum
2297 1408 2528 1464 interius
2580 1419 2858 1480 aptantem
2912 1425 2977 1465 ac
3026 1410 3482 1474 concinnantem,
3545 1418 3604 1460 ut

2023 1498 2304 1556 elaborate
2338 1515 2402 1557 ac
2427 1503 2626 1559 decore
2654 1511 2994 1574 venustoque
3025 1502 3246 1573 eloquio
3273 1501 3540 1558 disseram

2091 1591 2302 1648 ARET.
2334 1593 2580 1666 Optime,
2623 1610 2658 1651 ο
2699 1595 2940 1662 Thecla,
2999 1605 3129 1652 tuus
3180 1595 3271 1651 hic
3316 1595 3484 1650 ardor
3538 1610 3602 1648 ac

2023 1685 2284 1744 alacritas
2313 1689 2448 1744 mihi
2481 1689 2681 1744 accidit
2701 1729 2716 1754 ,
2761 1705 2868 1761 qua
2893 1699 2946 1746 et
2975 1705 3158 1760 spero,
3204 1703 3304 1759 pro
3346 1689 3471 1744 data
3503 1689 3598 1744 tibi

2023 1777 2317 1848 facultate,
2368 1797 2653 1840 sermones
2693 1792 2746 1839 te
2769 1784 3084 1840 habituram
3111 1827 3128 1854 ,
3185 1785 3277 1856 qui
3311 1800 3378 1839 ex
3439 1800 3602 1854 argu-

329 1871 431 1942 τῆς
461 1872 750 1940 ἐγκυκλίου
777 1846 879 1926 *καὶ
911 1846 1166 1937 παιδείας
1180 1846 1393 1935 οὐδενὸς
1427 1872 1776 1944 ὑστερήσειςο
1819 1846 1904 1942 τῆξ

2022 1877 2193 1932 menti
2230 1877 2372 1933 mole
2401 1892 2466 1932 ac
2497 1878 2784 1947 majestate
2827 1895 3067 1951 congrue
3094 1881 3348 1935 instituto
3374 1869 3602 1948 respon-

329 1964 694 2035 εὖαγγελικῆς
713 1983 771 2018 τε
802 1961 868 2019 αὖ
901 1965 994 2018 καὶ
1019 1964 1190 2030 θείας,
1209 1965 1262 2018 τί
1288 1963 1394 2036 χρὴ
1421 1963 1518 2017 καὶ
1538 1962 1737 2033 λέγειν,
1768 1961 1918 2034 παρὰ

331 2057 541 2111 Παύλου
579 2058 1004 2130 σεσοφισμένην;

2023 1969 2208 2025 deant.
2238 1967 2442 2041 Nempe
2479 1970 2825 2042 philosOpbia
2868 1972 3129 2042 variaque
3175 1970 3489 2026 eruditione
3537 1983 3602 2022 ac

2021 2057 2332 2115 liberalium
2376 2061 2576 2118 artium
2627 2065 3117 2135 comprehensione
3153 2063 3301 2119 cedis
3347 2061 3597 2118 nemini:

328 2149 646 2222 evangelica
700 2165 832 2206 vero
879 2159 934 2206 et
979 2150 1166 2206 divina
1206 2147 1461 2204 doctrina
1519 2147 1653 2220 quid
1706 2148 1905 2204 attinet
1961 2149 2178 2219 dicere,
2229 2167 2352 2209 cum
2383 2153 2554 2212 Paulo
2604 2158 2867 2229 magistro
2894 2159 3088 2214 edocta
3140 2157 3456 2228 imbutaque
3511 2173 3602 2213 sa-

328 2247 532 2318 pientia
565 2245 680 2303 sis?

836 2471 1204 2560 ΛΟΓΟΣ
1276 2475 1399 2560 H'.

975 2621 1232 2676 ΘΕΚΛΑ.

2391 2461 2853 2560 ORATIO
2927 2465 3204 2554 VIII.

2673 2611 2966 2670 THECLA.

460 2737 592 2796 CAP.
624 2739 664 2795 I.
705 2737 880 2806 Vocis,
912 2739 1208 2812 Παρθενία,
1243 2737 1649 2794 Methodianum
1678 2745 1913 2810 etymon,
1944 2751 2084 2810 pene
2125 2735 2333 2792 divina.
2377 2735 2580 2802 Virtus,
2627 2735 2820 2808 Ἀρετή
2847 2734 3047 2804 Grtcce,
3078 2734 3214 2790 unde
3238 2718 3430 2791 dicta?

395 2861 603 2916 Οὐκοῦν
634 2861 882 2932 λέγωμεν
924 2861 1022 2933 δὴ,
1057 2860 1275 2934 πρῶτον
1325 2857 1551 2914 αὐτόθεν
1593 2858 1690 2912 ἀπ’
1733 2857 1910 2930 ἀρχῆς

320 2955 707 3026 ἀπαρξάμεναι
740 2953 842 3024 τῆς
873 2952 1218 3024 ἐπωνυμίας⁸
1263 2951 1329 3005 δι’
1370 2951 1437 3022 ἢν
1481 2950 1663 3006 αἰτίαν
1705 2949 1908 3022 ἐκλήθη

2089 2855 2261 2927 Igitur
2289 2853 2542 2910 dicamus
2565 2852 2826 2924 primum,
2867 2853 2936 2908 ab
2971 2853 3090 2923 ipsa
3117 2853 3396 2910 ordientes
3419 2855 3596 2909 nomi-

2016 2949 2105 3005 nis
2133 2946 2514 3020 appellatione,
2548 2960 2649 3002 cur
2675 2947 2886 3002 scilicet
2910 2947 3430 3017 principalissimum
3448 2951 3593 3006 istud

321 3047 612 3114 παρθενία
639 3045 798 3100 τοῦτο
822 3045 884 3100 τὸ
909 3043 1336 3117 κορυφαιότατον
1369 3043 1463 3098 καὶ
1495 3042 1764 3116 μακάριον
1791 3043 1904 3096 ἐπι-

2015 3042 2348 3112 beatumque
2375 3056 2487 3112 quo
2522 3041 2591 3097 de
2642 3041 2888 3112 agimus,
2939 3041 3284 3108 institutum,
3323 3046 3592 3118 παρϐενία

319 3137 585 3209 τήδευμα,
617 3130 729 3191 οἶόν
755 3154 817 3190 τε
856 3135 915 3190 ὃν
946 3135 1235 3207 τυγχάνει,
1267 3135 1363 3190 καὶ
1389 3133 1620 3206 δύναμιν
1669 3134 1736 3206 ἢν
1772 3133 1906 3204 ἔχει,

321 3230 418 3282 καὶ
463 3228 778 3301 είσύστερον
831 3228 1051 3293 ὁποίους
1099 3228 1346 3300 καρποὺς
1388 3227 1663 3281 ἀποτελεῖ.
1710 3225 1910 3282 Κινδυ-

321 3321 536 3376 νεύουσι
595 3323 705 3395 γὰρ
754 3323 935 3392 ὀλίγου
983 3322 1297 3394 σύμπαντες
1331 3323 1502 3394 αὐτὴν
1547 3322 1907 3394 ἠγνοηκέναι,

325 3412 534 3482 μυρίων
581 3411 944 3484 διαφέρουσαν
984 3412 1092 3465 τῶν
1136 3411 1312 3467 ἄλλων
1360 3413 1459 3483 τῆς
1505 3413 1710 3485 ἀρετῆς
1752 3413 1909 3466 πλεο-

321 3503 697 3572 νεκτημάτων,
748 3504 922 3558 ὁπόσα
968 3505 1047 3568 είς
1081 3503 1347 3576 κάθαρσιν
1391 3505 1485 3559 καὶ
1531 3505 1737 3576 κόσμον
1789 3504 1908 3558 δια-

320 3595 630 3666 πονούμεθα
657 3596 758 3667 τῆς
783 3597 976 3667 ψυχῆς.
1015 3595 1258 3668 Παρθεῖα
1294 3597 1371 3668 (8)
1412 3596 1519 3670 γὰρ
1569 3599 1602 3669 ἡ
1640 3581 1908 3670 παρθενία

320 3689 464 3742 κατὰ
519 3687 645 3758 μίαν
692 3687 1010 3758 ὑπαλλαγὴν
1073 3688 1319 3743 καλεῖται
1372 3689 1634 3760 στοιχείου
1659 3730 1673 3754 ,
1717 3689 1793 3754 ὡς
1841 3690 1906 3761 δὴ

321 3779 456 3849 μόνη
493 3779 582 3832 τὸν
616 3779 808 3850 ἔχοντα
843 3779 937 3832 καὶ
983 3779 1367 3852 τετελεσμένον
1393 3781 1566 3851 αὐτῆς
1604 3781 1704 3844 τὰς
1739 3781 1907 3852 ἀφθό-

321 3888 447 3941 ρους
475 3871 698 3934 τελετὰς
725 3871 844 3940 Θεῷ
882 3871 1322 3943 παρεικάζουσα,
1367 3866 1428 3926 οὗ
1474 3872 1658 3944 μεῖξον
1700 3873 1904 3942 ἀγαθὸν

316 3961 578 4016 ἀδύνατον
629 3962 840 4033 εὑρεῖν,
891 3961 1082 4032 ἡδονῆς
1127 3961 1222 4016 καὶ
1264 3960 1442 4034 λύπης
1485 3963 1897 4034 ἀπῳκισμένονο

317 4056 413 4108 καὶ
431 4054 491 4106 τὸ
517 4053 619 4125 τῆς
644 4053 820 4124 ψυχῆς
853 4053 1317 4126 καταρδευόμενον
1347 4052 1563 4125 άληθῶς
1591 4051 1813 4117 αὔξεταί
1841 4070 1901 4106 τε

389 4258 465 4330 (8)
500 4257 778 4330 Παρθεΐα.
824 4254 1171 4330 Retinuitnus
1199 4255 1409 4312 codicis
1440 4254 1562 4330 Yat.
1602 4253 1898 4330 lectionem

319 4331 375 4383 in
404 4326 535 4383 voce
563 4327 837 4391 πανθεία,
874 4343 1038 4395 quam
1081 4327 1354 4396 interpres
1388 4327 1479 4395 qui
1535 4326 1712 4396 solum
1745 4326 1898 4379 illum

314 4401 559 4454 codicem
595 4399 804 4463 habuit,
839 4406 1063 4453 secutus
1091 4405 1196 4452 est.
1233 4395 1502 4452 thterum
1561 4395 1900 4465 probabilior

315 4471 532 4524 videtur
565 4470 758 4533 altera,
793 4484 956 4540 quam
985 4479 1038 4540 et
1064 4469 1237 4540 codex
1262 4467 1400 4520 Mal.
1431 4475 1484 4540 et
1500 4465 1771 4540 Photiana
1797 4483 1897 4540 ex-

314 4551 501 4610 cerpta
544 4536 863 4609 suggerunt,
895 4538 1150 4610 παρθεία,
1197 4539 1314 4593 sive
1343 4539 1528 4610 potius
1560 4536 1710 4610 παρὰ
1751 4537 1892 4603 θεία,

313 4608 532 4666 duobus
555 4608 858 4674 vocabulis,
882 4608 1004 4679 qua:
1037 4610 1092 4663 in
1119 4626 1287 4664 unum
1320 4608 1576 4670 conﬂata,
1611 4609 1726 4662 sola
1772 4624 1896 4662 tnu-

318 4683 521 4736 latione
549 4679 642 4733 τοῦ
674 4699 708 4733 α
732 4683 784 4734 in
809 4700 859 4745 ν,
891 4689 945 4734 ct
977 4681 1138 4749 hujus
1164 4680 1422 4734 insitione
1455 4680 1599 4733 inter
1620 4695 1646 4730 ε
1677 4688 1729 4732 et
1766 4695 1781 4730 ι
1811 4693 1898 4747 pe-

315 4753 581 4815 nultitnze,
601 4767 788 4823 vocem
812 4751 1020 4805 dabunt
1040 4751 1326 4823 παρθενία.
1346 4749 1740 4823 Etymologictts
1760 4764 1897 4823 quo-

313 4839 421 4893 que
451 4822 892 4893 prarpositionem
951 4820 1132 4892 παρά
1157 4823 1213 4875 in
1261 4820 1562 4892 παρθενίας
1593 4821 1896 4893 veriloquio

315 4889 587 4964 agnoscit,
645 4894 774 4964 dum
813 4889 1046 4954 scribit,‘
1079 4889 1368 4964 παρθενία,
1399 4893 1510 4964 Δὅτι
1543 4890 1713 4964 λπαρὰ
1761 4889 1896 4964 Θεοῦ

314 4961 492 5035 ἐδόθη.
517 4964 612 5018 Eu.
641 4963 844 5019 Luna.
872 4993 943 5001 —
969 4961 1224 5032 Παρθεΐα
1253 4961 1706 5033 7rdp.Possinius,
1737 4963 1896 5032 quasi

312 5053 380 5090 ex
411 5035 552 5095 νει..
588 5035 840 5098 πανθεία,
873 5037 1084 5088 omnino
1100 5035 1302 5096 diuina,
1334 5035 1452 5098 levi,
1485 5035 1680 5102 inquit,
1721 5043 1893 5086 muta-

313 5109 455 5161 tione
476 5107 704 5173 litterte;
737 5121 836 5160 nec
870 5106 963 5176 qui
999 5105 1123 5176 ejus,
1166 5104 1368 5175 Lupar.
1400 5105 1626 5176 editioni
1656 5103 1895 5172 przefuit,

311 5178 417 5233 etsi
483 5175 909 5232 reclamantibus
982 5175 1239 5232 omnibus
1297 5175 1622 5236 codicibus,
1681 5191 1895 5230 necnon

313 5246 531 5310 Photio,
571 5263 786 5318 aequum
833 5247 1045 5319 putavit
1094 5246 1171 5300 illi
1201 5253 1433 5313 mutare,
1462 5243 1617 5319 quod_
1644 5245 1690 5298 is
1721 5245 1895 5319 solum

313 5321 468 5372 illum
491 5315 720 5374 codicem
733 5315 995 5382 habuerit,
1027 5335 1180 5388 quem
1207 5326 1416 5372 secutus
1446 5315 1546 5372 est.
1579 5315 1692 5384 Ego
1717 5317 1889 5387 magis

311 5399 496 5459 putem
553 5393 762 5444 nullum
823 5400 1071 5446 secutum
1107 5405 1252 5454 esse,
1310 5389 1404 5459 sed
1454 5389 1540 5442 vel
1590 5403 1773 5459 suum,
1807 5388 1890 5441 rei

313 5458 468 5530 pueri
501 5461 864 5515 exseribentis
913 5459 1330 5532 σφάλμαηΝδῐιι
1382 5458 1638 5532 Aliatius,
1672 5458 1766 5532 qui
1798 5473 1892 5532 va-

311 5528 518 5586 riantes
546 5533 806 5586 lectiones
833 5548 902 5586 ex
923 5528 1045 5587 Vat.
1063 5528 1134 5587 'et
1163 5531 1326 5585 Barb.
1369 5531 1514 5584 serio
1535 5529 1775 5598 collegit,
1808 5528 1892 5582 ni-

313 5602 389 5656 ltH
441 5603 606 5670 hujus
635 5602 970 5659 diversitatis
1022 5603 1292 5667 meminit,
1347 5617 1533 5670 quam,
1569 5598 1890 5670 uti‘videtur,

312 5668 529 5727 nullam
566 5673 838 5741 ejusmodi
891 5673 946 5728 in
1001 5690 1066 5729 eo
1101 5673 1292 5728 codice
1334 5668 1582 5726 o‘ll‘endit.
1609 5668 1692 5741 Et
1719 5677 1891 5741 certe

310 5757 416 5798 vox
465 5738 698 5798 πανθεία
762 5760 870 5815 non
917 5745 1174 5815 congruit
1225 5742 1557 5815 expositiopi
1608 5738 1888 5815 Metbodii,

312 5831 418 5884 qua
455 5817 534 5869 sic
561 5815 668 5868 dici
699 5814 997 5885 παρθενίαν
1031 5811 1148 5879 ὀίι,
1179 5811 1325 5884 quod
1358 5814 1449 5867 illa
1487 5811 1597 5868 Deo
1621 5811 1889 5868 assitnile~

617 5913 889 5972 Ριτιιῡι..
927 5912 1045 5970 Gn.
1083 5911 1308 5972 XVIII.

2014 3132 2303 3196 vocitetur,
2351 3131 2497 3202 quod
2547 3129 2761 3188 Latinis
2811 3131 3086 3202 virginitas
3143 3133 3344 3188 dicitur
3403 3153 3416 3188 :
3477 3145 3592 3192 tum

2011 3228 2411 3299 explicabimus
2445 3227 2607 3298 quale
2650 3227 2705 3282 id
2738 3229 2809 3282 sit
2832 3243 3110 3299 quamque
3130 3229 3328 3285 habeat
3357 3233 3499 3298 vim,
3530 3250 3596 3291 ac

2013 3327 2292 3390 postremo
2325 3334 2465 3390 quos
2511 3334 2580 3374 ex
2623 3334 2684 3376 se
2736 3319 2949 3374 fructus
2991 3321 3137 3374 edat.
3191 3321 3394 3376 Parum
3445 3325 3593 3380 enim

2012 3412 2168 3468 abest
2199 3412 2332 3483 quin
2362 3413 2611 3482 plerique
2641 3411 2786 3465 hanc
2814 3412 3092 3482 ignorent,
3140 3427 3265 3466 cum
3290 3415 3596 3473 innumeris

2011 3505 2135 3561 aliis
2181 3505 2458 3574 przecellat
2489 3504 2714 3559 virtutis
2746 3504 3095 3577 muneribus,
3131 3520 3472 3577 quaecunque
3508 3510 3594 3563 vel

1959 3624 1966 3631 -
2011 3596 2080 3650 ad
2140 3596 2336 3651 anima:
2396 3596 2778 3667 purgationem
2833 3611 3188 3666 usurpamus,
3221 3585 3426 3654 vel'ad
3472 3601 3592 3669 ejus

2010 3691 2446 3745 exornationem.
2483 3688 2728 3761 Παρθεῖα
2758 3689 2904 3745 enim
2939 3691 3026 3759 (ac
3070 3691 3115 3745 si
3148 3691 3300 3746 dicas
3330 3690 3437 3745 Deo
3479 3693 3619 3762 um-

2009 3786 2092 3838 m's
2122 3799 2186 3839 ac
2207 3800 2336 3853 pene
2360 3783 2562 3855 divina)
2596 3781 2863 3855 παρθενία
2895 3781 3099 3837 dicitur
3119 3825 3133 3850 ,
3158 3785 3412 3840 elementi
3449 3787 3592 3840 duu-

2006 3884 2160 3931 taxat
2207 3877 2670 3939 commutatione,
2717 3883 2776 3930 ut
2818 3891 2940 3946 qua:
2995 3876 3112 3931 sola
3162 3877 3253 3930 illa
3302 3878 3589 3947 praeditum

2005 3971 2241 4042 ejusque
2271 3971 2610 4040 incorruptis
2641 3969 2818 4025 sacris
2870 3969 3145 4024 initiatum
3206 3969 3319 4026 Deo
3353 3972 3589 4027 similem

2006 4059 2206 4124 reddit,
2237 4074 2346 4131 qua
2377 4059 2590 4114 nullum
2622 4060 2801 4130 majus
2830 4059 3035 4115 bonum
3061 4060 3389 4127 occurrerit,
3426 4077 3457 4115 a
3485 4078 3585 4118 νυ·-

2004 4268 2146 4309 mur.
2180 4251 2440 4327 Respexit
2481 4267 2611 4327 ergo
2655 4255 3095 4324 praepositionem
3141 4256 3314 4327 παρὰ,
3351 4272 3472 4326 απαξ
3506 4262 3587 4314 sic

2003 4325 2470 4397 comparationem
2516 4322 2784 4394 imponat
2803 4334 2858 4380 et
2886 4342 3170 4382 accessum
3196 4322 3485 4397 quemdam
3517 4332 3587 4386 ad

2004 4395 2204 4478 forma:
2224 4393 2641 4478 perfectionem,
2695 4411 2818 4478 quae
2858 4412 2951 4467 per
2973 4412 3163 4478 vocem
3214 4393 3582 4478 signiﬁcatur.

2005 4465 2116 4539 SicA
2157 4463 2526 4539 Etymologus,
2583 4463 2833 4534 pluribus
2858 4463 3020 4539 Tquas
3067 4467 3224 4523 alIert
3271 4463 3391 4539 Ejus
3433 4473 3588 4528 vocis

2002 4535 2344 4610 nationibus,
2378 4536 2580 4610 ubique
2634 4535 3076 4607 praapositionem
3129 4535 3580 4610 napa’t'assuuiit,

2000 4622 2066 4680 ex
2085 4622 2192 4677 qua
2212 4607 2347 4675 παρ’
2368 4606 2512 4660 κατὰ
2535 4606 2816 4680 συγκοπὴν
2844 4611 3048 4664 factum
3074 4611 3178 4675 ait;
3208 4606 3345 4666 eliso
3373 4612 3585 4668 scilicet

2001 4679 2272 4752 elemento
2295 4695 2331 4730 at
2359 4677 2552 4752 ,‘quod
2601 4677 2783 4752 tamen
2817 4681 3260 4752 subintelligatur
3289 4721 3304 4744 ,
3336 4683 3583 4752 illudque

2005 4747 2286 4825 ipsumsit
2316 4749 2475 4818 cujus
2515 4751 2819 4806 mutatione
2854 4747 3410 4825 παρθεῖαᾚειὴοᾴίο
3445 4747 3587 4825 πειρ-

2005 4818 2435 4892 Oevtadicatur;
2483 4818 2999 4892 nempegmutato'a
3047 4825 3102 4876 in
3144 4841 3194 4885 ν,
3230 4818 3584 4892 vicissimque

2003 4891 2126 4964 ejus
2137 4890 2332 4964 ipsius
2372 4890 2628 4964 elisione."
2666 4890 2917 4963 Virgines
2952 4893 3213 4948 dicuntur
3261 4890 3583 4964 grandiores

2006 4962 2204 5035 puellae
2254 4962 2486 5035 necdum
2543 4971 2724 5035 tamen
2763 4962 3000 5035 _’thorum
3061 4962 3298 5035 experta:
3343 4981 3357 5016 :
3398 4965 3578 5028 nobis,

2003 5047 2126 5100 qum
2155 5031 2400 5086 ulteriori
2449 5034 2733 5102 proposito
2762 5033 2874 5091 Deo
2908 5031 3244 5090 consecratae
3297 5043 3462 5103 atque
3485 5036 3583 5088 de-

2003 5112 2163 5169 votae,
2209 5103 2279 5156 ab
2319 5106 2468 5158 omni
2502 5119 2562 5158 se
2588 5120 2788 5160 venere
2841 5107 3024 5161 animo
3051 5121 3116 5160 ac
3145 5106 3580 5175 corpore'absti-

2005 5184 2163 5240 neut;
2197 5181 2258 5226 ut
2288 5189 2565 5243 nunquam
2620 5187 2812 5245 sponte
2868 5178 3098 5232 luxuria:
3129 5178 3254 5231 ullis
3305 5177 3580 5231 illecebris

2003 5254 2099 5299 aut
2129 5245 2306 5313 turpis
2338 5245 2609 5316 libidinis
2655 5245 2858 5302 dedant
2903 5263 3180 5310 annuum,
3241 5253 3334 5300 aut
3378 5261 3579 5316 corpus

2002 5317 2299 5387 mancipari
2326 5313 2614 5387 (quantum
2672 5318 2838 5371 animi
2873 5318 3042 5374 servit
3087 5317 3336 5387 nutibus)
3369 5313 3576 5372 sinaut.
3623 5348 3627 5352 -

2000 5384 2136 5459 Yide
2157 5385 2334 5455 Etym.
2361 5386 2637 5459 Thesauri,
2657 5388 2912 5459 append,
2932 5397 3038 5443 etc.
3063 5388 3216 5442 Κατὰ
3247 5384 3376 5459 μίαν
3410 5389 3583 5441 ὑπαλ-

1998 5456 2171 5528 λαγὴν
2228 5458 2512 5528 στοιχείου,
2561 5456 2706 5528 quod
2729 5456 2923 5514 reddit
2967 5459 3155 5522 Allat.,
3188 5456 3297 5513 una
3336 5459 3578 5512 elementi

1997 5529 2270 5596 ejectt‘one,
2288 5545 2412 5599 non
2439 5528 2574 5582 satis
2602 5529 2794 5599 capio;
2828 5545 2954 5583 nam
2987 5544 3052 5583 ea
3081 5547 3186 5585 vox
3220 5546 3329 5584 non
3352 5529 3579 5598 ejectio-

1999 5598 2450 5672 n_em_signilicat,
2480 5600 2574 5654 sed
2607 5598 2985 5672 mutationem,
3019 5614 3085 5654 ac
3111 5617 3218 5672 qua
3257 5617 3365 5654 una
3400 5601 3579 5672 littera

1997 5669 2155 5723 alteri
2181 5669 2566 5736 substituatur,
2593 5670 2669 5723 uti
2701 5670 2920 5726 a.nobis
2951 5669 3266 5741 expositum
3295 5681 3401 5727 est.
3433 5671 3583 5727 Col--

1997 5755 2165 5794 BEFIS.

3185 5909 3224 5968 5
