4140 6486
577 382 681 438 1'59

1562 385 1619 441 S.
1661 386 1992 446 METIIODII
2030 389 2336 449 EPISCOPI
2377 391 2465 447 ET
2507 391 2865 449 MARTYRIS

3706 400 3811 455 ιω

575 504 783 573 luptate
811 517 963 573 aeque
991 517 1087 558 seu
1133 502 1359 561 libidine
1402 515 1568 577 atque
1616 508 1805 567 dolore
1852 519 2118 567 semotum

2245 513 2340 567 καὶ
2364 513 2677 583 κουφίζεται
2724 514 3020 585 πτέρωμα,
3061 513 3171 567 τῶν
3202 513 3555 586 ἀνθρωπίνων
3591 513 3811 581 ἐξίπτα-

573 596 746 666 quus
778 596 983 665 irriguo
1015 595 1212 652 anima:
1246 613 1427 668 penna
1476 601 1625 656 ebria
1655 618 1780 658 vere
1806 606 2035 670 crescit,
2066 606 2144 661 Ie-

571 687 798 756 viorque
827 686 1041 753 eﬂ'ecta,
1061 688 1129 742 ab
1157 688 1414 746 humanis
1437 692 1634 749 studiis
1661 695 1880 751 avolare
1902 696 2143 767 quotidie

572 776 863 830 assuescit.

639 865 909 932 Quoniam
956 870 1101 924 enim
1162 872 1478 943 panegyrim
1520 888 1642 930 esse
1688 876 1855 931 vitam
1896 886 2139 933 nostram

567 958 845 1029 sapientes
874 960 1158 1029 dixerunt;
1193 978 1293 1018 nos
1323 970 1503 1019 autem
1533 966 1690 1035 quasi
1716 982 1978 1037 personas
2003 969 2145 1024 veri-

567 1052 700 1107 tatis
730 1066 950 1107 scenam
983 1053 1061 1121 (id
1090 1062 1175 1109 est
1197 1054 1491 1126 justitiam)
1522 1056 1576 1111 in
1601 1058 1871 1114 theatrum
1902 1060 2094 1117 dantes
2120 1104 2136 1127 ,

568 1142 1071 1197 contranitentibus
1095 1150 1149 1198 et
1174 1144 1241 1199 ad
1276 1159 1336 1199 se
1361 1146 1734 1215 spectaculum
1765 1147 1986 1204 trahere
2017 1163 2138 1204 cer-

568 1235 814 1289 tantibus
846 1220 1067 1290 diabolo
1108 1249 1173 1289 ac
1204 1235 1543 1293 daemonibus
1564 1276 1580 1296 .
1610 1237 1667 1292 in
1699 1240 1899 1294 cmlum
1946 1240 2136 1297 oculos

568 1329 826 1383 tollamus
850 1342 1079 1384 necesse
1110 1335 1197 1384 est
1220 1368 1235 1393 ,
1270 1330 1678 1401 assumptisque
1726 1330 1829 1386 alis
1858 1330 1913 1385 in
1963 1331 2132 1385 altum

567 1420 845 1486 feramur,
876 1428 1040 1493 atque
1082 1435 1271 1476 earum
1326 1421 1511 1477 suavis
1544 1421 1699 1477 vocis
1743 1422 1920 1477 illices
1966 1438 2133 1480 sonos

564 1521 859 1585 gestusque
890 1513 1194 1583 impudicos
1213 1553 1229 1576 ,
1258 1512 1528 1570 castitatis
1556 1514 1797 1571 exterius
1842 1515 2134 1587 probatque

562 1606 866 1661 honestatis
895 1604 1165 1660 obductos
1194 1606 1376 1676 specie
1395 1644 1411 1669 ,
1442 1621 1554 1676 prae
1586 1605 1891 1663 Homericis
1921 1606 2131 1663 Sirenis

564 1696 856 1768 fugiamus.
894 1696 1051 1751 Multi
1097 1698 1242 1753 enim
1266 1739 1282 1763 ,
1338 1699 1543 1755 erroris
1580 1698 1852 1755 illecebris
1879 1698 2126 1763 deliniti,

560 1790 927 1865 deﬂuentibus
957 1790 1152 1861 pennis
1176 1791 1551 1861 'degravantur
1583 1793 1639 1846 in
1673 1791 1813 1845 hanc
1847 1792 2127 1847 venientes

2246 603 2368 657 σθαι
2391 605 2513 657 καθ’
2540 605 2751 677 ἡμέραν
2780 605 3087 675 ἐθιζόμενον
3116 605 3568 674 σπουδασμάτων.

2320 886 2535 957 Ἐπειδὴ
2581 886 2689 957 γὰρ
2743 887 3046 957 πανήγυριν
3094 885 3185 939 τὸν
3234 885 3348 957 βίον
3407 885 3566 957 ήμῶν
3625 885 3808 956 σοφῶν

2238 978 2425 1042 παῖδες
2454 978 2739 1049 εἰρήκασιν
2758 971 2897 1029 εἶναι
2916 1017 2933 1043 ,
2968 978 3114 1048 ἡμᾶς
3146 978 3204 1031 δέ
3229 977 3291 1031 τὸ
3326 977 3511 1049 δρᾶμα
3538 977 3639 1049 τῆς
3674 978 3807 1050 ἀλη-

2238 1066 2405 1132 θείας,
2437 1066 2535 1138 τὴν
2571 1067 2935 1138 δικαιοσύνην,
2962 1068 3117 1138 ἥκειν
3142 1067 3219 1132 ὡς
3246 1070 3327 1132 είς
3348 1068 3574 1139 θέατρον
3602 1069 3805 1122 ἐπιδει-

2236 1159 2512 1231 ξομένους,
2544 1160 2991 1230 ἀντιτεχνούντων
3013 1161 3143 1231 ἡμῖν
3168 1160 3262 1213 καὶ
3287 1159 3803 1231 ἀνταγωνιζομένων

2234 1252 2327 1305 τοῦ
2376 1252 2619 1307 διαϐόλου
2656 1254 2750 1307 καὶ
2791 1252 2899 1305 τῶν
2947 1252 3213 1323 δαιμόνων
3232 1292 3249 1318 ,
3296 1253 3653 1317 ἀνανεύοντας
3688 1253 3803 1307 ἀνω

2232 1344 2312 1397 δεῖ
2338 1345 2433 1398 καὶ
2462 1345 2860 1415 ἀνιπταμένους
2888 1344 3332 1417 μετεωρίζεσθαι,
3358 1344 3453 1398 καὶ
3482 1345 3704 1414 φεύγειν
3730 1343 3802 1397 τά

2233 1435 2505 1507 θέλγητρα
2537 1436 2639 1506 τῆς
2676 1435 3038 1505 καλλιφωνίας
3063 1435 3261 1500 αὐτῶν,
3292 1436 3386 1490 καὶ
3426 1436 3495 1489 τὰ
3541 1436 3798 1506 σχήματα

2232 1527 2428 1593 ἔξωθεν
2468 1527 2736 1598 φαντασίᾳ
2770 1526 3120 1599 σωφροσύνης
3145 1526 3613 1599 ἐπικεχρωσμένα,
3640 1526 3674 1598 ἢ
3697 1526 3799 1591 τάς

2231 1618 2493 1688 Σειρῆνας
2544 1616 2742 1688 μᾶλλον
2791 1616 2891 1679 τὰς
2933 1616 3251 1689 Ὀμηρικάς.
3298 1615 3636 1687 Κηλούμενοι
3685 1616 3797 1687 γὰρ

2229 1712 2349 1772 ταῖς
2387 1708 2599 1779 ἡδοναῖς
2629 1707 2728 1778 τῆς
2762 1706 2990 1777 πλάνης,
3031 1706 3424 1778 πτεροῤῥυοῦσι
3464 1705 3669 1770 πολλοὶ,
3702 1707 3799 1761 καὶ

2232 1800 2552 1873 βαρύνονται
2579 1801 2660 1864 εἰς
2692 1799 2782 1853 τὸν
2820 1799 2941 1854 καθ’
2981 1799 3128 1870 ἡμᾶς
3161 1798 3272 1868 βίον
3300 1799 3544 1869 ἥκοντες,
3586 1815 3799 1868 χαυνω-

558 1882 749 1945 vitam,
776 1882 1036 1936 relaxatis
1054 1890 1106 1937 et
1124 1881 1380 1952 languida
1405 1882 1631 1937 mollitie
1650 1881 1906 1938 resolutis
1922 1882 2121 1947 nervis,

2227 1890 2425 1945 θέντων
2462 1889 2646 1953 αὐτοῖς
2681 1891 2775 1943 καὶ
2801 1889 3173 1960 χαλασθέντων
3203 1888 3312 1942 τῶν
3342 1890 3529 1952 τόνων,
3550 1887 3675 1943 καθ’
3700 1887 3796 1953 οὒς

557 1975 758 2043 quibus
790 1976 999 2029 alarum
1028 1974 1300 2029 castitatis
1328 1974 1540 2030 indoles
1571 1974 1880 2041 roboratur,
1911 1990 1975 2029 ea
2005 1990 2130 2031 sur-

554 2082 675 2122 sum
728 2068 915 2123 levans
970 2083 1091 2138 quae
1145 2066 1483 2136 corruptioni
1547 2081 1837 2136 corporum
1901 2067 2127 2124 libidine

554 2157 809 2212 deorsum
836 2164 1085 2227 vergunt.
1118 2155 1279 2219 Hinc,
1312 2170 1347 2211 ο
1377 2155 1573 2219 Arete,
1622 2157 1719 2210 tibi
1757 2171 1953 2211 nomen
2008 2166 2123 2222 est,

554 2252 635 2306 sic
664 2251 824 2305 dicta:
855 2250 970 2306 sive
995 2249 1139 2320 quod
1175 2265 1272 2319 per
1301 2257 1356 2304 te
1388 2249 1562 2319 ipsam
1601 2250 1792 2320 αἱρετή
1817 2289 1832 2313 ,
1877 2250 2124 2321 eligibilt's

553 2358 608 2395 es
628 2379 643 2406 ,
681 2340 954 2411 dignaque
980 2356 1103 2411 quae
1144 2340 1487 2411 praeopteris,
1517 2340 1661 2410 quod
1695 2339 1901 2411 αἴρεις,
1933 2340 1987 2395 id
2013 2348 2119 2405 est,

554 2431 760 2484 attollis
790 2439 844 2485 et
870 2430 924 2483 in
954 2430 1124 2485 caelos
1156 2430 1337 2493 levas,
1373 2429 1428 2483 in
1464 2428 1873 2484 candidissimis
1907 2444 2122 2499 semper

551 2521 826 2577 mentibus
853 2521 1113 2577 incedens
1147 2539 1160 2574 :
1196 2528 1255 2575 tu
1290 2520 1423 2575 mihi
1445 2535 1650 2591 auspex
1682 2519 1946 2575 orationis
1978 2528 2118 2588 esto,

551 2626 713 2681 quam
742 2613 862 2680 ipsa
893 2612 1093 2667 habere
1118 2611 1451 2683 pracepisti.

2224 1983 2386 2055 ἡτῶν
2412 1982 2626 2054 πτερῶν
2658 1982 2758 2051 τῆς
2802 1980 3152 2052 σωφροσύνης
3197 1983 3577 2050 συγκρατεῖται
3609 1977 3792 2049 φύσις,

2222 2077 2554 2147 κουφίζουσα
2605 2073 2673 2129 τά
2704 2074 2856 2127 κάτω
2887 2073 3113 2127 νεύοντα
3148 2073 3277 2144 περὶ
3322 2070 3653 2143 τὴνφθοράν
3683 2072 3795 2123 τῶν

2221 2168 2508 2239 σωμάτων.
2562 2166 2758 2230 Ὅθεν,
2806 2159 2852 2219 ὦ
2896 2165 3123 2238 Ἀρετὴ,
3177 2164 3287 2218 εἴτε
3345 2166 3426 2218 ὅτι
3469 2164 3536 2217 δι’
3593 2163 3794 2234 ἑαυτὴν

2217 2259 2441 2329 αἰρετὴ,
2476 2258 2585 2312 εἴτε
2638 2257 2725 2311 διὰ
2764 2257 2826 2310 τὸ
2875 2257 3065 2325 αιρειν
3111 2257 3206 2311 καὶ
3258 2255 3605 2327 μετεωρίζειν
3656 2256 3794 2324 πρὸς

2219 2349 2475 2420 οὐρανὸν,
2505 2348 2707 2417 ταύτην
2744 2345 2981 2415 ἔσχηκας
3019 2344 3116 2415 τὴν
3158 2344 3501 2415 ἐπωνυμίαν,
3544 2344 3637 2395 ἐπὶ
3664 2341 3790 2395 λευ-

2223 2434 2465 2489 κοτάτων
2517 2433 2603 2487 ἀεὶ
2644 2432 2905 2503 βαίνουσα
2954 2432 3194 2503 φρενῶνο
3242 2431 3315 2485 ῐθι
3352 2449 3442 2503 μοι
3478 2431 3794 2501 συναντιλη-

2218 2525 2430 2597 ψομένη
2470 2523 2565 2578 τοῦ
2597 2522 2776 2592 λόγου,
2801 2521 2861 2576 δν
2889 2520 3028 2593 αὐτὴ
3057 2520 3396 2593 προσέταξας
3421 2522 3617 2575 εἰπεῖν.

573 2774 582 2785 .
618 2730 747 2786 CAP.
778 2729 845 2786 ll.
876 2730 1003 2784 Alta
1025 2745 1300 2784 sacrarum
1322 2729 1583 2800 virginum
1609 2745 1753 2784 mens
1782 2738 1833 2783 et
1854 2729 2176 2785 constantia.
2211 2726 2488 2799 Virginum
2520 2725 2576 2780 in
2599 2724 2777 2779 beatas
2801 2723 2948 2779 sedes
2977 2732 3098 2779 ante
3123 2724 3351 2795 reliquos
3372 2724 3715 2780 introductum

615 2842 719 2910 Qui
748 2843 893 2899 enim
925 2842 1220 2907 deﬂuxum,
1249 2858 1411 2914 quem
1446 2842 1582 2910 dixi,
1612 2857 1912 2913 pennarum
1935 2842 2108 2914 passi,

548 2935 604 2989 in
632 2935 942 3005 voluptates
965 2936 1207 3007 prolapsi
1231 2943 1381 3001 sunt,
1408 2950 1519 2991 non
1548 2936 1703 3007 prius
1733 2936 1919 2992 dolere
1948 2950 2013 2992 ac
2030 2936 2110 2990 la-

545 3026 773 3081 boribus
790 3025 1091 3082 conﬂictari
1115 3027 1374 3083 desinunt
1399 3042 1564 3098 quam
1588 3028 1830 3085 libidinis
1850 3028 2113 3099 concupi-

545 3117 753 3171 scentia
784 3117 1214 3188 intemperantiae
1270 3118 1597 3174 necessitate
1628 3118 1864 3188 expleta,
1894 3117 2111 3189 profani

543 3208 825 3279 sacrisque
845 3209 1074 3273 exclusi,
1103 3224 1134 3263 a
1154 3210 1399 3267 veritatis
1428 3224 1592 3265 scena
1609 3219 1856 3266 extorres
1886 3209 2112 3266 exstite-

540 3304 676 3368 rint,
712 3311 772 3357 ut
817 3318 927 3357 non
968 3302 1174 3372 pudore
1217 3302 1498 3373 castisque
1526 3302 1733 3374 nuptiis
1765 3302 1954 3358 liberis
1990 3316 2113 3373 pro-

537 3395 791 3452 creandis
817 3401 1022 3467 ponant
1037 3409 1281 3465 operam,
1301 3394 1397 3451 sed
1426 3395 1584 3451 saevis
1599 3409 1845 3449 amorum
1870 3394 2113 3465 volupta-

474 3504 489 3515 ι
540 3486 687 3541 tibus
712 3484 897 3541 furore
919 3486 1212 3542 insaniant.
1242 3484 1375 3551 Quae
1390 3499 1520 3541 vero
1544 3483 1672 3539 forti
1694 3484 1907 3555 levique
1924 3497 2111 3554 penna

535 3578 725 3634 saeculi
756 3584 1093 3648 emergentes
1121 3590 1302 3642 coeno,
1338 3578 1394 3632 in
1437 3578 1621 3633 locum
1644 3577 1907 3633 mundum
1942 3590 2108 3646 supe-
2150 3644 2158 3653 .

537 3671 739 3724 riorem
772 3668 963 3724 oculos
990 3674 1338 3739 mentemque
1361 3669 1709 3735 extulerunt,
1740 3668 1932 3739 procul
1960 3669 2109 3739 aspi-

534 3762 745 3818 cientes
763 3775 883 3831 qua:
911 3776 1070 3816 nemo
1082 3761 1222 3817 alius
1243 3762 1462 3826 viderit,
1495 3763 1614 3833 ipsa
1638 3762 1898 3817 nimirum
1924 3762 2108 3816 incor.

538 3851 810 3922 ruptionis
824 3858 999 3921 prata,
1024 3850 1420 3907 inaestimabilia
1442 3851 1638 3908 decora
1659 3852 1927 3924 ﬂoresque
1946 3853 2106 3924 pleno

526 3942 645 3997 illis
671 3956 843 3995 cornu
864 3940 1166 4008 fundentia,
1192 3941 1259 3995 ad
1280 3942 1396 4012 ipsa
1416 3958 1535 4013 qua:
1556 3943 1667 3998 illic
1694 3952 1823 3999 sunt
1848 3945 2106 3999 continue

524 4029 720 4086 .anir'no
748 4032 915 4088 erecti
942 4039 1070 4087 sunt
1099 4040 1430 4104 versantque
1451 4035 1762 4104 spectacula
1791 4052 1806 4100 ;
1833 4050 1944 4105 quo
1969 4034 2026 4088 ﬁt
2044 4041 2102 4089 ut

534 4130 794 4193 tanquam
839 4138 1004 4193 parva
1031 4122 1332 4193 despiciant
1359 4139 1481 4194 qua:
1514 4125 1604 4180 hic
1638 4126 1866 4197 pulchra
1913 4126 2105 4182 existi-

529 4224 772 4283 mantur,
804 4230 956 4286 opes,
996 4216 1255 4281 honores,
1301 4217 1665 4285 nobilitatem,
1714 4220 1955 4290 nuptias,
1999 4236 2103 4276 nec

526 4305 725 4361 horum
754 4306 1051 4377 quidquam
1080 4308 1305 4378 majoris
1335 4307 1541 4379 aliquid
1557 4308 1718 4379 pretii
1741 4311 2097 4367 arbitrentur.

514 4396 671 4464 Quin
696 4407 751 4453 et
771 4399 819 4454 si
850 4400 972 4469 quis
996 4414 1184 4453 earum
1218 4414 1447 4470 corpora
1481 4400 1612 4456 feris
1631 4400 1933 4459 ﬂammisve
1961 4403 2101 4474 obji-

2285 2841 2350 2894 Οἱ
2376 2840 2484 2910 γάρ
2513 2838 3019 2911 πτερορρυήσαντες
3048 2837 3144 2890 καὶ
3173 2838 3428 2902 πεσόντες
3447 2840 3526 2902 είς
3546 2837 3645 2902 τὰς
3665 2839 3791 2910 ἡδο-

2215 2932 2311 2996 νὰς
2333 2933 2395 2985 ού
2430 2932 2694 3004 πρότερον
2724 2932 2949 3003 λήγουσι
2978 2931 3152 3003 λύπης
3183 2932 3281 2986 καὶ⁵
3311 2932 3510 2997 πόνων,
3548 2931 3660 2984 ἐστ’
3693 2931 3785 2997 ἂν,

2216 3028 2282 3097 τῇ
2306 3023 2409 3096 ,τοῦ
2444 3025 2647 3090 πάθους
2681 3024 2943 3097 ἐπιθυμίᾳ
2971 3027 3071 3096 τὴν
3101 3024 3345 3094 ἀνάγκην
3384 3022 3787 3095 ἐκπληροῦντες

2217 3118 2315 3187 τῆς
2340 3116 2630 3188 ἀκρασίας,
2655 3117 2889 3187 ἀμύητοι
2918 3118 3011 3171 καὶ
3036 3115 3242 3181 ἀτελεῖς
3274 3115 3367 3169 τοῦ
3395 3116 3495 3186 τῆς
3524 3116 3789 3186 ἀληθείας

2139 3176 2185 3238 C
2214 3176 2547 3279 ἀπομείνωσι
2592 3176 2905 3279 δράματορ
2960 3210 3081 3262 ἀντὶ
3129 3176 3237 3279 τῆς
3275 3207 3414 3279 μετά
3452 3176 3638 3271 αἰδοῦς
3687 3176 3786 3261 καί

2216 3299 2567 3372 σωφροσύνης
2599 3302 3029 3369 παιδοποιήσεως
3059 3299 3280 3371 ἀγρίαις
3321 3298 3538 3370 ἐρώτων
3581 3297 3783 3369 λυττή-

2213 3408 2407 3455 σαντες
2452 3392 2685 3463 ἡδοναῖς.
2722 3392 2788 3444 Δί
2821 3392 2877 3445 δὲ
2924 3390 3179 3461 εῠπτεροι
3223 3390 3317 3443 καὶ
3348 3389 3548 3458 κοῦφαι
3578 3390 3661 3450 είς
3691 3387 3789 3443 τὸν

2210 3483 2577 3555 ύπερκόσμιον
2607 3484 2771 3538 τόπον
2801 3483 3181 3554 ύπερκύψασαι
3211 3481 3306 3535 τοῦ
3343 3482 3479 3552 βίου,
3514 3482 3610 3535 καὶ
3644 3480 3789 3536 ἰδοῦ-

2211 3592 2300 3629 σαι
2330 3574 2613 3646 πόρῤωθεν
2639 3574 2674 3629 ἀ
2703 3575 2778 3646 μὴ
2806 3575 2991 3645 ἕτερος
3012 3572 3314 3645 ἀνθρώπιον
3343 3573 3627 3637 ἐθεάσατο,
3652 3574 3787 3636 τοὺς

2206 3667 2477 3738 λειμῶνας
2524 3668 2721 3731 αὐτοὺς
2766 3668 2867 3739 τῆς
2918 3665 3248 3739 ἀφθαρσίας,
3299 3666 3559 3738 ἀμήχανα
3601 3665 3780 3739 κάλλη

2207 3759 2301 3813 καὶ
2341 3757 2474 3830 ἀνθη
2523 3760 2818 3833 φέροντας,
2854 3758 2949 3812 καὶ
2983 3757 3467 3829 πεπληρωμένους,
3506 3758 3595 3812 ἀεὶ
3640 3757 3786 3829 πρὸς

2206 3851 2396 3915 αὐταῖς
2428 3851 2565 3904 εἰσιν
2610 3849 2973 3905 ἀναπολοῦσαι
3005 3850 3072 3903 τά
3099 3851 3217 3903 ἐκεῖ
3254 3849 3538 3920 θεάματαο
3564 3849 3659 3903 καὶ
3686 3850 3786 3904 διὰ

2205 3943 2362 3996 τοῦτο
2411 3941 2582 4015 μικρά
2629 3942 2885 4014 ἡγοῦνται
2916 3941 2983 3995 τὰ
3035 3941 3269 3997 ἐνταῦθα
3317 3941 3394 4012 (9)
3441 3941 3786 4013 νομιζόμενα

2205 4033 2364 4094 καλὰ,
2387 4033 2635 4098 πλοῦτον,
2659 4033 2753 4087 καὶ
2786 4033 2963 4097 δόξας,
2989 4033 3085 4085 καὶ
3109 4032 3261 4103 γένη,
3288 4033 3384 4086 καὶ
3413 4034 3645 4104 γάμους,
3679 4034 3786 4087 καὶ

2203 4124 2354 4178 οὐδέν
2381 4142 2433 4177 τι
2462 4125 2685 4178 ἐκείνων
2718 4125 2847 4194 περὶ
2878 4124 3117 4188 πλείονος
3147 4124 3445 4178 ποιοῦνται.
3488 4124 3648 4177 una:
3677 4126 3785 4179 καὶ

2203 4214 2259 4267 εῐ
2284 4232 2369 4278 τις
2413 4214 2592 4267 αὐτῶν
2644 4213 2855 4286 θηρίοις
2900 4215 2933 4286 ἢ
2981 4215 3113 4285 πυρὶ
3147 4215 3386 4285 βούλοιτο
3425 4214 3494 4269 τά
3544 4212 3786 4285 σώματα

2204 4306 2551 4378 παραδιδόναι
2599 4307 2694 4360 καὶ
2736 4306 3118 4377 τιμωρεῖσθαι,
3162 4307 3394 4377 ἑτοίμως
3442 4305 3627 4377 ἔχουσι
3662 4306 3785 4360 τῶν

2202 4397 2508 4470 ἀλγηδόνων
2556 4399 2930 4469 ἀφροντιστεῖν
2975 4397 3062 4451 διά
3106 4397 3198 4451 τὸν
3230 4396 3453 4451 ἐκείνων
3484 4396 3648 4450 πόθον
3676 4396 3787 4451 καὶ

526 4505 653 4546 cere
666 4491 919 4555 voluerit,
933 4488 1177 4561 dirisque
1195 4491 1584 4548 excarniﬁcare
1605 4493 1910 4563 suppliciis,
1929 4510 2099 4565 quan-

2216 4491 2297 4561 ιὴν
2330 4492 2551 4545 ἐκείνων
2578 4490 2867 4564 ἔκπληξιν
2899 4490 3039 4544 ὥστε
3067 4491 3241 4544 δοκεῖν
3271 4489 3459 4568 αὐτὰς,
3491 4491 3548 4543 ἐν
3580 4488 3784 4561 κόσμῳ

525 4584 722 4639 tamvis
786 4591 1180 4639 tormentorum
1233 4585 1587 4641 acerbitatem
1634 4592 1981 4640 contemnere
2035 4585 2093 4641 in

2216 4560 2384 4648 ὦσας,
2437 4584 2511 4655 μὴ
2546 4579 2685 4638 εἶναι
2720 4560 2778 4637 ἐν
2813 4583 3021 4654 κόσμῳ,
3059 4582 3195 4637 ἀλλά
3227 4582 3305 4653 τῷ
3335 4560 3643 4654 φρονήματι
3674 4560 3785 4636 καὶ

510 4681 780 4745 promptu
803 4676 1021 4741 habent,
1041 4673 1187 4746 quod
1204 4674 1419 4729 illorum
1432 4687 1620 4730 amore
1638 4676 1905 4746 ac'specie
1922 4692 2087 4747 quam

2216 4678 2262 4748 τῇ
2301 4679 2445 4748 ὁρμῇ
2485 4676 2585 4746 τῆς
2615 4676 2911 4747 ἐπιθυμίας
2948 4678 3026 4741 είς
3057 4675 3157 4747 τὴν
3202 4675 3398 4745 ἀγυριν
3560 4675 3671 4728 τῶν
3709 4676 3781 4731 ἐν

520 4767 657 4833 dixi,
692 4766 880 4823 deﬁxae
917 4774 1061 4833 sunt,
1088 4775 1147 4822 ut
1173 4767 1423 4839 quamvis
1443 4768 1501 4822 in
1532 4767 1739 4822 mundo
1776 4776 2085 4832 versentur,

2216 4771 2309 4832 τοῖς
2339 4769 2590 4840 οὐρανοῖς
2625 4769 2735 4840 (10)
2761 4768 3063 4839 τυγχάνειν.

521 4878 630 4919 non
664 4863 719 4917 in
754 4862 957 4918 mundo
975 4878 1098 4919 esse
1125 4863 1432 4928 videantur,
1464 4861 1564 4919 sed
1620 4862 1818 4919 mentis
1863 4878 2030 4920 sensu
2087 4877 2151 4918 ac
2199 4864 2453 4920 desiderii
2492 4865 2588 4932 vi,
2640 4866 2695 4920 in
2735 4866 2915 4937 ipsum
2959 4865 3072 4936 jam
3119 4864 3365 4921 caelitum
3414 4871 3618 4921 centum
3677 4876 3786 4918 as-

504 4963 770 5026 sumptae.

590 5109 666 5182 (9)
696 5111 802 5167 Διὰ
833 5111 1009 5167 τοῦτο
1040 5113 1221 5181 μικρὰ
1244 5112 1529 5182 ἡγοῦνται
1566 5114 1639 5168 τὰ
1673 5114 1794 5168 ert.
1834 5114 2081 5177 Allatius,

2216 5112 2365 5168 ,inius
2390 5111 2659 5179 habuerit,
2680 5127 2841 5182 quam
2861 5122 3042 5167 tamen
3067 5112 3181 5182 ipse
3208 5111 3262 5166 in
3293 5125 3394 5182 suo
3420 5125 3526 5166 non
3552 5109 3781 5182 habuit.

512 5180 614 5255 §tdt
628 5182 786 5255 τοῦτο
820 5183 892 5254 μὴ
922 5180 1179 5254 ῥέπουσαι
1201 5180 1340 5255 πρὸς
1360 5183 1428 5236 τὰ
1455 5186 1631 5239 ἐντ....
1666 5185 1723 5237 In
1754 5184 1901 5238 edito
1924 5184 2086 5255 (Som-

2216 5184 2311 5238 rleo
2341 5183 2580 5255 periculo
2612 5180 3013 5255 qui—dvis‘aliud
3062 5180 3254 5255 potius
3286 5181 3509 5250 scripsit
3550 5181 3779 5255 Metho-

514 5250 779 5323 belisiano
817 5250 1097 5322 perperam
1122 5250 1463 5323 adnotatum
1510 5256 1568 5308 in
1622 5256 1896 5322 margine,
1943 5253 2084 5307 hanc
2188 5250 2528 5310 diusCForte
2550 5250 2738 5321 ἁγίων,
2771 5252 2856 5308 vel
2883 5250 3079 5323 potius
3101 5251 3369 5321 ἀγγέλων,
3398 5261 3459 5323 ut
3496 5251 3784 5321 exprimat

501 5334 637 5392 csse
672 5320 957 5377 lectiOnem
989 5337 1089 5377 ms.
1120 5322 1317 5377 Mazar.
1357 5322 1526 5378 ϐιιι.
1748 5320 1761 5322 “
2190 5325 2323 5379 illud
2350 5322 2512 5378 Hebr.
2543 5320 2641 5386 xu,
2674 5324 2764 5387 23.
2791 5320 2903 5378 ubi'
2924 5323 2993 5377 de
3036 5323 3129 5376 illo
3169 5320 3289 5392 ipso
3327 5320 3778 5392 cmlitum’caatu,

587 5390 699 5465 (lQ)
738 5392 859 5465 7:ch
881 5393 953 5445 ἐν
977 5392 1101 5465 τοῖς
1121 5393 1751 5465 ούρανοῒςηίιῐιροτιιιηθ
1788 5394 1950 5449 nimis
1974 5393 2085 5449 edi-

2216 5411 2244 5449 n
2278 5410 2387 5465 quo
2416 5394 2528 5461 jam
2557 5395 2765 5465 versari
2818 5393 3059 5465 virgines
3105 5390 3269 5465 sensu
3302 5391 3501 5446 mentis
3540 5392 3783 5465 videan-

500 5467 628 5535 ‘tum
665 5462 719 5515 in
757 5461 1113 5535 Lupar.,_c&w
1141 5462 1376 5535 ἄστρων,
1410 5463 1477 5517 de
1507 5461 1613 5532 qua
1650 5472 1829 5518 tamen
1871 5465 2081 5535 voceis

2216 5461 2311 5528 ur,'
2333 5465 2428 5517 καὶ
2471 5463 2733 5535 μυριάσιν⁸
2752 5461 3001 5535 ἀγγέλων
3030 5461 3351 5535 πανηγύρει,
3374 5476 3546 5535 quam
3589 5461 3777 5535 ipsam

509 5530 605 5651 εἶΙυί
636 5530 857 5601 praefuit
879 5531 1126 5597 editioni,
1156 5547 1219 5585 ac
1248 5530 1541 5587 variantes
1559 5535 1816 5589 lectiones
1856 5533 2073 5601 adjecit,
2182 5550 2371 5589 vocem
2400 5530 2680 5604 scripserit
2719 5530 3023 5589 Methodius
3071 5530 3176 5589 nisi
3228 5530 3461 5601 simplici
3510 5532 3784 5585 maluerit

568 5615 635 5651 σας
676 5602 911 5651 ἄστρων.
961 5603 1155 5651 inquit.
1188 5602 1366 5651 deerat
1398 5610 1451 5651 in
1492 5603 1609 5651 Vat-
1661 5604 1853 5651 codice-
1902 5604 1992 5651 At.
2030 5605 2076 5651 si
2182 5605 2409 5651 reddere
2437 5606 2651 5651 ᾰγυοιν-
2708 5602 2941 5651 Perinde
2982 5604 3127 5651 enim
3336 5602 3535 5651 concio.
3576 5610 3777 5651 caelus-

568 5615 635 5653 om
676 5602 1156 5675 darpogv,_inquit,
1188 5602 1366 5657 deerat
1398 5610 1451 5656 in
1492 5603 1609 5657 Vat.
1661 5604 1853 5675 codice.
1902 5604 1992 5666 At,
2030 5605 2078 5658 si

2216 5602 2652 5675 edderedvupw.
2708 5602 2957 5675 Perinde
2982 5604 3128 5675 enim
3178 5606 3280 5667 est,
3336 5602 3543 5675 concio,
3576 5610 3777 5675 cmltts,

506 5669 715 5742 deerat,
751 5669 895 5742 unde
933 5669 1179 5726 Possinio
1217 5676 1406 5733 ascita.
1457 5689 1562 5742 qua
1600 5674 1869 5729 reddenda
1912 5675 2078 5727 tantis
2185 5674 2467 5729 multitudo
2487 5669 2734 5738 'co'llecta,
2774 5689 2883 5728 non
2916 5673 3154 5729 siderum
3189 5671 3423 5741 (nugae),
3450 5672 3546 5726 sed
3595 5671 3783 5725 caele-

510 5739 723 5815 laborat
753 5740 1335 5815 verbmumpbaleris?
1372 5739 1529 5815 Ponit
1558 5744 1786 5815 Allatius
1822 5748 1969 5815 inter:
1988 5758 2080 5798 va-
2186 5747 2352 5801 stium
2379 5747 2664 5815 spirituum
2687 5752 2742 5801 et
2767 5745 3103 5815 angelorum,
3130 5739 3454 5815 quibuscum
3477 5745 3633 5815 beata
3658 5755 3784 5815 n9-

511 5757 723 5793 laDOI'al
753 5757 1335 5863 vcrmwmvpnaterls!
1373 5757 1529 5797 I’Ollll
1558 5757 1786 5799 Allaltlls
1822 5757 1961 5799 inter
1988 5758 2080 5798 va-
2186 5757 2352 5801 stium
2379 5757 2664 5815 spirituum
2687 5757 2742 5801 Cl
2767 5757 3103 5815 angelorum,
3130 5757 3454 5813 quibuscum
3477 5757 3633 5795 beata
3661 5757 3784 5793 n0-

508 5810 622 5867 rias
652 5810 911 5866 lectiones
942 5826 1008 5866 ex
1080 5820 1154 5867 at.
1185 5819 1238 5869 et
1281 5812 1440 5869 Barb.
1477 5814 1661 5881 codd.,
1692 5815 1923 5885 indeque
1948 5813 2081 5871 Pos-
2186 5815 2272 5871 bis
2301 5817 2534 5873 societas
2574 5817 2629 5872 in
2666 5814 2823 5872 caelis
2868 5824 3250 5887 exspectatur;
3281 5813 3503 5884 jamque
3539 5811 3786 5887 virgini-
