4140 6448
331 399 428 457 141

1426 400 1811 458 CONVIVIUM
1850 400 2081 458 DECEM
2125 400 2484 457 VlRGlNUM.

3471 401 3574 456 ΗΞ

401 508 478 561 υύ
510 508 620 579 γάρ
666 509 823 580 θέμις
858 509 952 564 ἐπὶ
988 511 1090 584 γῆς
1134 511 1339 583 βρίθειν
1386 512 1526 566 κατὰ
1570 511 1668 583 τὴν
1712 511 1902 565 ἑαυτοῦ

2078 509 2195 566 Νοη
2226 512 2371 566 enim
2398 511 2482 567 fas
2503 518 2588 566 est
2635 510 2964 582 virginitatis
2993 511 3133 565 alam
3175 519 3365 582 suapte
3393 512 3575 567 indole

328 599 495 673 φύσιν
524 602 585 655 τὸ
612 602 714 673 τῆς
742 603 1039 675 παρθενίας
1072 605 1291 676 πτερὸν,
1317 604 1430 657 ἀλλ’
1462 604 1573 659 ἀνω
1605 605 1791 677 φέρειν
1826 607 1907 668 εἰς

326 696 580 767 οὐρανὸν,
610 697 690 759 είς
720 694 958 767 καθαρὸν
1001 695 1214 766 αίθέρα,
1260 698 1353 749 καὶ
1390 697 1481 750 τὸν
1519 698 1906 769 τῶν’ἀγγέλων

331 787 549 857 γείτονα
585 787 719 857 βίον.
758 786 917 841 Ὅθεν
945 789 1039 841 καὶ
1064 787 1276 858 πρῶται
1301 788 1410 843 τῶν
1436 789 1610 843 ἄλλων
1644 791 1781 862 μετά
1807 794 1906 864 τὴν

330 876 635 946 ἀνάκλησιν
675 877 766 931 καὶ
791 878 891 948 τὴν
921 878 1169 933 ἐντεῦθεν
1208 878 1474 950 ἐκδημίαν
1511 883 1569 935 αἱ
1607 882 1780 953 ὀρθῶς
1815 886 1907 938 καὶ

330 970 540 1035 πιστῶς
569 970 1001 1042 παρθενεύσασαι
1028 970 1107 1042 τῷ
1134 971 1354 1043 Χριστῷ
1382 974 1450 1027 τά
1482 978 1772 1048 νικητήρια
1806 979 1902 1047 φέ-

333 1080 516 1136 ρονται
564 1063 670 1117 τῶν
709 1063 915 1126 ἄθλων,
969 1066 1080 1127 τοῖς
1111 1064 1212 1134 τῆς
1238 1065 1547 1138 ἀφθαρσίας
1574 1066 1758 1122 ἄνθεσι
1789 1086 1907 1122 στε-

333 1156 553 1225 φθεῖσαι
588 1154 725 1228 πρὸς
768 1155 955 1211 αὐτοῦ.
994 1157 1146 1226 ’Ἅμα
1193 1155 1302 1227 γὰρ
1342 1157 1420 1228 τῷ
1462 1160 1783 1229 καταλεῖψαι
1815 1161 1907 1215 τὸν

333 1250 537 1321 κόσμον
570 1249 672 1313 τὰς
718 1249 916 1320 ψυχὰς,
952 1249 1105 1317 λόγος
1130 1251 1250 1313 ταῖς
1293 1250 1580 1322 παρθένοις
1628 1250 1906 1306 ὑπαντῶν-

332 1360 435 1407 τας
464 1342 727 1412 ἀγγέλους
765 1340 903 1413 μετὰ
933 1340 1134 1412 πολλῆς
1165 1341 1435 1411 εὐφημίας
1463 1344 1544 1406 είς
1574 1345 1699 1407 τοὺς
1723 1360 1907 1416 προει-

337 1435 605 1506 ρημένους
633 1432 1025 1507 παραπέμπειν
1054 1431 1324 1502 λειμῶνας
1359 1433 1549 1498 αὐτὰς,
1580 1436 1659 1497 εἰς
1682 1432 1775 1499 οὓς
1811 1438 1905 1490 καὶ

335 1526 570 1599 πρόσθεν
601 1526 775 1580 ἐλθεῖν
818 1524 1123 1596 ἐγλίχοντο,
1164 1525 1437 1596 μακρόθεν
1468 1528 1663 1591 αὐτοὺς
1702 1543 1906 1597 φαντα-

337 1617 615 1672 σιωθεῖσαι
649 1618 790 1683 τότε,
823 1618 1004 1683 ὁπότε,
1036 1616 1116 1670 ἔτι
1148 1617 1545 1689 ὲπενδημοῦσαι
1577 1625 1689 1685 τοῖς
1723 1619 1907 1692 σώμα-

336 1726 444 1779 σιν,
477 1707 775 1766 ἰνδάλλοντο
803 1710 873 1764 τά
901 1710 1035 1765 θεῖα.

2004 603 2061 657 in
2099 609 2302 657 terram
2330 615 2574 671 vergere,
2598 602 2757 671 cujus
2785 603 2966 671 potius
3000 603 3242 656 muneris
3280 602 3353 656 sit
3376 601 3433 655 in
3466 618 3578 657 coe-

2006 696 2116 749 lum
2147 708 2452 763 purumque
2476 693 2678 748 athera
2709 709 2773 748 ac
2801 695 3034 748 vicinam
3060 694 3374 764 angelorum
3409 694 3576 749 vitam

2006 785 2280 839 hominem
2304 786 2513 840 tollere.
2550 783 2796 855 Reliquis
2826 786 3009 855 itaque
3034 786 3245 854 priores
3282 785 3411 839 hinc
3440 799 3572 840 evo-

2008 887 2144 933 cata
2171 894 2234 933 ac
2267 879 2620 949 emigrantes,
2646 895 2767 949 qua
2794 886 2943 935 recte
2972 878 3315 949 ﬁdeliterque
3351 879 3578 934 Christo

2012 969 2251 1040 virgines
2276 970 2614 1033 militavere,
2646 970 2888 1025 victoria
2936 970 3158 1040 praemia
3192 968 3456 1033 referunt,
3491 971 3577 1024 in-

2007 1062 2372 1132 corruptionis
2400 1064 2468 1116 ab
2500 1076 2566 1118 eo
2593 1062 2818 1121 ﬂoribus
2850 1064 3118 1135 sertisque
3146 1060 3431 1116 redimita.
3451 1060 3577 1116 Mox

2004 1155 2148 1209 enim
2176 1170 2240 1210 ac
2272 1156 2465 1210 anima
2491 1158 2754 1209 mundum
2772 1155 3112 1224 reliquerint,
3128 1161 3328 1225 praesto
3343 1169 3465 1209 esse
3479 1169 3580 1208 an-

2005 1248 2154 1317 gelos
2210 1248 2415 1313 ferunt,
2450 1248 2542 1318 qui
2582 1247 2887 1319 virginibus
2928 1248 3145 1302 obviam
3192 1247 3572 1317 procedentes,

2006 1340 2294 1395 ambitioso
2321 1340 2584 1395 famulatu
2608 1339 2922 1410 ingentique
2950 1339 3244 1409 praconio,
3275 1338 3341 1393 ad
3364 1352 3426 1392 ea
3456 1353 3578 1409 qua

2009 1434 2430 1489 memoravimus
2458 1441 2616 1504 prata
2650 1433 2924 1488 deducant
2951 1472 2968 1498 ,
3019 1447 3129 1502 quo
3155 1441 3209 1487 et
3236 1440 3362 1487 ante
3388 1431 3579 1488 venire

2008 1526 2343 1596 gliscebant;
2379 1528 2569 1597 procul
2600 1536 2731 1581 tunc
2744 1526 2926 1581 animo
2949 1525 3328 1589 informantes,
3347 1541 3469 1581 cum
3489 1524 3582 1580 ad-

2009 1618 2118 1673 huc
2146 1618 2205 1673 in
2249 1620 2572 1689 corporibus
2608 1625 2920 1683 versantes,
2967 1617 3262 1672 simulacro
3322 1618 3582 1689 tenuique

2009 1713 2248 1783 imagine
2283 1713 2469 1767 divina
2500 1720 2681 1768 mente
2700 1712 3186 1782 repraseutabant.

1393 1828 1523 1885 CAP.
1548 1827 1638 1886 lll.
1680 1828 2015 1899 Virginitatis
2035 1844 2151 1884 sors
2179 1827 2545 1886 ethereditas.

421 1940 688 1996 Ἐνταῦθα
714 1941 778 2014 δὴ
812 1942 1092 2009 ἐλθούσας,
1120 1945 1409 2015 θαυμαστά
1438 1961 1560 1998 τινα
1591 1940 1908 2003 θεάσασθαι,

2082 1941 2201 1996 Jam
2217 1957 2348 1997 vero
2378 1943 2507 1997 illuc
2536 1941 2850 2013 perductis,
2895 1940 3159 2012 miranda.
3178 1941 3426 2011 quadam
3454 1942 3577 1999 illu-

334 2031 431 2083 xui.
464 2030 755 2103 ἔκλαμπρα
800 2032 896 2087 καὶ⁹
929 2032 1172 2104 μακάρια
1216 2030 1385 2105 κάλλη
1407 2074 1421 2097 ,
1455 2030 1549 2087 καὶ
1576 2034 1734 2087 ὁποῖα
1765 2032 1905 2098 ἐξει-

336 2124 457 2175 πεῖν
489 2124 571 2187 εἰς
611 2122 931 2195 ἀνθρώπους
969 2126 1247 2197 δυσχερές.
1283 2121 1437 2180 Εἶναι
1485 2125 1594 2197 γὰρ
1626 2124 1792 2197 αὐτὴν
1831 2125 1909 2179 δι-

336 2215 629 2287 καιοσύνην
678 2217 774 2271 καὶ
818 2218 1100 2290 φρόνησιν,
1152 2219 1373 2290 ἀγάπην
1426 2219 1598 2290 αὐτὴν
1646 2220 1763 2273 ἐκεῖ
1812 2219 1910 2272 καὶ

334 2308 590 2381 ἀλήθειαν
640 2310 737 2364 καὶ
791 2311 1170 2384 σωφροσύνην,
1212 2311 1308 2365 καὶ
1354 2311 1424 2365 τὰ
1458 2305 1607 2366 ’ἄλλα
1647 2311 1910 2376 ὡσαύτως

335 2402 574 2473 ἐπιφανῆ
607 2404 706 2474 τῆς
732 2403 921 2473 σοφίας
942 2404 1076 2477 ἄνθη
1107 2407 1201 2458 καὶ
1228 2407 1401 2474 φυτάο
1429 2397 1506 2462 ὧν
1533 2407 1694 2476 ἡμεῖς
1726 2405 1910 2459 ὲνθόίδε

338 2494 498 2557 σκιὰς
533 2494 699 2565 μόνας
745 2495 1124 2567 φασματώδεις
1174 2495 1619 2568 ὀνειρώσσοντες,
1653 2497 1762 2551 ἀπὸ
1802 2497 1911 2553 τῶν

338 2585 593 2657 πράξεων
622 2588 904 2660 ἡγούμεθα
928 2589 1049 2644 ’τῶν
1075 2589 1430 2658 ἀνθρωπίνων
1460 2592 1801 2655 συνεστάναι,
1827 2593 1910 2646 ὅτι

340 2681 415 2753 μή
446 2682 594 2736 ἐστιν
615 2682 792 2735 αὐτῶν
811 2682 971 2755 δεῦρο
997 2683 1164 2755 μηδὲν
1186 2683 1404 2737 εἴδωλον
1430 2685 1760 2753 καταφανὲς,
1793 2685 1908 2739 ἀλλ’

339 2773 773 2845 ἀπεικονίσματα
818 2774 976 2847 μόνον
1006 2775 1191 2847 ἀειδῆ,
1220 2776 1256 2830 ἀ
1299 2775 1363 2848 δὴ
1407 2778 1501 2831 καὶ
1528 2776 1667 2831 αὐτά
1696 2795 1911 2832 σκοτει-

338 2863 447 2929 νῶς
501 2864 759 2929 πολλάκις
802 2866 1193 2931 ἀπεικάζοντες
1239 2868 1622 2940 αἰσθανόμεθα.
1679 2871 1755 2923 Οὐ
1801 2872 1912 2943 γὰρ

338 2954 408 3009 ἂν
443 2955 662 3010 πώποτε
689 2958 1029 3029 δικαιοσύνης
1059 2960 1227 3030 αὐτῆς
1256 2959 1290 3032 ἢ
1326 2960 1590 3026 συνέσεως
1623 2962 1656 3033 ἢ
1690 2964 1913 3035 εἰρήνης

339 3044 637 3115 ὀφθαλμοῖς
666 3046 925 3100 ἐθεάσατό
954 3065 1039 3111 τις
1071 3048 1320 3118 μέγεθος,
1352 3049 1386 3121 ἦ
1424 3050 1661 3122 σχῆμαῆ
1693 3052 1907 3117 κάλλοςο

340 3136 458 3188 ἐκεῖ
486 3135 542 3188 δὲ
575 3139 633 3189 ὲν
659 3135 738 3206 τῷ
776 3138 943 3190 Ὄντι
975 3137 1108 3208 (Η),
1141 3136 1217 3200 ὥς
1257 3140 1417 3204 εἰσιν,
1439 3138 1657 3210 ὁλοτελῆ
1692 3140 1914 3211 βλέπον-

340 3244 430 3280 ται
461 3226 555 3281 καὶ
584 3228 748 3299 σαφῆ.
784 3225 934 3282 Εἶναι
967 3228 1076 3299 γάρ
1107 3228 1321 3300 δένδρον
1352 3247 1406 3283 τι
1434 3234 1787 3304 σωφροσύνης
1811 3234 1911 3285 αύ-

2011 2034 2394 2104 strissimaque
2418 2041 2473 2089 et
2501 2035 2679 2098 beata,
2711 2041 2767 2089 et
2797 2048 2962 2104 supra
2999 2048 3159 2103 quam
3194 2034 3440 2090 humano
3464 2037 3580 2091 elo-

2007 2125 2139 2196 quio
2160 2125 2391 2196 exprimi
2422 2125 2580 2181 facile
2611 2126 2786 2196 possit
2805 2124 3036 2180 fruenda
3057 2124 3239 2180 oli'erri
3273 2126 3580 2195 pulchritu-

2011 2218 2199 2273 dinum
2233 2219 2563 2289 spectacula.
2614 2219 2736 2288 Ipsa
2783 2219 2983 2289 quippe
3032 2219 3144 2273 illic
3191 2218 3428 2288 justitia,
3461 2221 3582 2290 ipsa

2010 2310 2320 2380 prudentia,
2366 2310 2483 2380 ipsa
2529 2325 2650 2367 sese
2698 2311 2880 2380 palam
2915 2317 3188 2365 monstrat
3228 2310 3582 2383 indulgetque

2009 2416 2134 2456 cum
2186 2401 2450 2456 charitate
2489 2403 2689 2456 veritas
2722 2407 2777 2456 et
2797 2402 3057 2469 castitas,
3117 2401 3315 2472 aliique
3336 2402 3389 2457 id
3412 2419 3584 2473 genus

2011 2490 2404 2561 speciosissimi
2445 2489 2729 2560 sapientia
2774 2488 2935 2545 ﬂores
2962 2503 3032 2544 ac
3076 2490 3315 2560 planta:
3347 2506 3582 2562 quorum

2010 2598 2114 2638 nos
2141 2583 2231 2638 hic
2248 2583 2470 2638 umbras
2503 2584 2651 2639 solas
2670 2583 2830 2653 quasi
2849 2597 2947 2653 per
2975 2587 3249 2640 somnium
3276 2586 3583 2658 imaginan-

2008 2681 2114 2738 tes,
2147 2683 2404 2745 putamus
2444 2690 2510 2730 ex
2549 2674 2806 2730 humanis
2851 2687 3108 2733 constare
3149 2678 3582 2747 operationibus,

2009 2768 2154 2838 quod
2177 2768 2389 2823 nullum
2416 2768 2578 2824 nobis
2599 2768 2689 2823 hic
2721 2783 2910 2825 eorum
2947 2772 3304 2842 conspicuum
3329 2779 3584 2841 suppetat

2011 2858 2387 2923 simulacrum,
2426 2858 2522 2913 sed
2554 2858 2803 2914 obseura
2838 2861 3108 2915 duntaxat
3155 2861 3581 2932 designationes,

2009 2965 2146 3021 quas
2191 2959 2246 3006 et
2275 2952 2424 3021 ipsas
2452 2954 2649 3022 sapius
2675 2952 2910 3009 obscure
2939 2955 3273 3010 delineantes
3307 2953 3588 3023 densaque

2009 3042 2264 3113 caligine,
2300 3044 2584 3099 sentimus.
2613 3042 2722 3099 Nec
2761 3047 2906 3101 enim
2952 3047 3095 3102 ullus
3123 3061 3363 3117 unquam
3412 3046 3589 3116 ipsius

2006 3133 2256 3203 justitia,
2283 3142 2378 3189 aut
2392 3136 2716 3205 prudentia,
2731 3122 2826 3191 aut
2846 3138 3021 3207 pacis,
3044 3136 3474 3207 magnitudinem
3491 3146 3586 3189 aut

2014 3226 2266 3291 formam,
2300 3236 2463 3282 autve
2491 3227 2743 3283 decorem
2765 3229 2942 3311 oculis
2970 3227 3286 3297 usurpavit;
3321 3228 3434 3282 illic
3452 3243 3588 3283 vere

340 3318 461 3389 τῆς,
493 3314 631 3373 εἶναι
664 3319 906 3391 ἀγάπης,
947 3315 1090 3375 εἶναι
1125 3322 1422 3386 συνέσεως·
1449 3321 1636 3394 ὥσπερ
1679 3326 1773 3377 καὶ
1806 3324 1911 3378 τῶν

2018 3320 2073 3373 in
2124 3335 2192 3373 eo
2253 3319 2358 3386 Qui
2379 3330 2457 3374 est
2487 3321 2556 3383 ",
2588 3319 2667 3373 uti
2705 3334 2832 3374 vere
2853 3327 3003 3381 sunt,
3028 3319 3235 3389 integra
3263 3334 3328 3372 ac
3367 3320 3590 3388 conSpi-

342 3407 528 3460 ἐνθάδε
548 3410 617 3462 τὰ
640 3411 780 3478 φυτά
800 3411 1048 3481 καρπῶν,
1071 3406 1184 3466 οἷον
1201 3412 1495 3483 σταφυλῆς,
1519 3415 1672 3484 ῥοιᾶς
1698 3417 1792 3469 καὶ
1814 3418 1917 3487 μή-

340 3495 471 3561 λων,
500 3499 641 3552 οὕτω
664 3501 727 3572 δὴ
750 3502 1016 3555 κάκείνων
1040 3503 1335 3575 δρέπεσθαι
1365 3505 1476 3574 (12)
1502 3506 1602 3575 μὲν
1628 3507 1719 3559 καὶ
1744 3506 1917 3560 ἐσθίε-

345 3588 469 3644 σθαι
512 3593 638 3654 τοὺς
669 3595 932 3663 καρποὺς,
967 3595 1029 3648 οὐ
1068 3594 1172 3666 μὴν
1201 3596 1532 3650 ἀπόλλυσθαι
1567 3599 1661 3649 καὶ
1687 3596 1913 3665 φθίνειν,

340 3681 456 3737 ἀλλ’
480 3685 561 3747 εἰς
583 3682 879 3740 ἀθανασίαν
904 3683 1086 3750 αὔξειν
1114 3688 1206 3741 καὶ
1233 3686 1483 3759 θειότητα
1502 3689 1627 3751 τοὺς
1647 3688 1917 3759 δρεπομέ-

342 3791 502 3839 νους·
542 3775 726 3839 καθὼς
752 3779 1003 3841 κάκεῖνος
1030 3778 1089 3845 ἐξ
1126 3773 1188 3833 οὗ
1231 3780 1433 3843 πάντες
1465 3781 1650 3850 ἐσμὲν,
1687 3780 1792 3853 πρὸ
1823 3779 1916 3834 τοῦ

341 3870 681 3938 παραπεσεῖν
712 3870 805 3921 καὶ
839 3860 1291 3940 πηρωθῆναιτᾶς
1320 3868 1491 3940 ὄψεις,
1525 3872 1584 3923 ἐν
1628 3870 1704 3941 τῷ
1740 3887 1919 3943 παρα-

339 3956 502 4028 δείσῳ
534 3958 817 4029 τυγχάνων
836 3999 851 4023 ,
881 3959 1321 4030 ἀπεκαρπεύετο,
1353 3960 1446 4014 τοῦ
1479 3961 1614 4014 Θεοῦ
1640 3961 1921 4032 θεμιστεύ-

340 4066 494 4114 οντος
525 4050 615 4105 τὸν
642 4050 925 4123 ἄνθρωπον
948 4051 1055 4105 τῶν
1074 4052 1173 4121 τῆς
1205 4050 1394 4120 σοφίας
1422 4052 1660 4123 ἐργάτην
1691 4053 1914 4123 τεθῆναι

341 4143 438 4195 καὶ
478 4142 693 4211 φύλακα
726 4141 926 4211 φυτῶν.
971 4142 1258 4205 Τοιούτους
1284 4140 1393 4213 γὰρ
1424 4139 1492 4215 ἦν
1525 4145 1770 4215 καρποὺς
1817 4161 1911 4197 πε-

341 4235 697 4306 πιστευμένος
726 4237 989 4306 γεωργεῖν
1037 4235 1131 4288 καὶ
1177 4235 1205 4287 ὁ
1249 4235 1463 4305 πρῶτος
1508 4236 1696 4307 Ἀδάμ.
1731 4236 1840 4289 Καὶ
1884 4237 1913 4289 ὁ

350 4326 619 4398 Ἱερεμίας
663 4327 719 4380 δὲ
757 4327 928 4381 ταῦτα
980 4326 1268 4397 τυγχάνειν
1307 4327 1488 4391 ίδικῶς
1521 4326 1578 4381 ἔν
1609 4345 1715 4380 τινι
1761 4327 1911 4398 τόπῳ

340 4416 438 4469 καὶ
492 4417 783 4495 ἀφεστῶτιᾚ
817 4418 1060 4490 μεγάλην
1117 4417 1416 4471 ἀπόστασιν
1461 4416 1559 4488 τῆς
1609 4416 1728 4471 καθ’
1762 4419 1911 4488 ἡμᾶς

414 4570 460 4603 ιτ
505 4570 675 4626 Exod.
712 4542 794 4641 m',
825 4560 918 4629 it;

2021 3424 2121 3463 cua
2141 3411 2569 3480 perspiciuntur.
2602 3409 2699 3465 Est
2724 3409 2872 3465 enim
2906 3410 3081 3479 ipsius
3110 3409 3583 3472 castitatisarbor,

2020 3508 2106 3555 est
2133 3501 2402 3566 caritatis,
2456 3508 2541 3557 est
2594 3500 2915 3571 prudentia,
2949 3500 3027 3554 uti
3058 3515 3189 3554 sane
3215 3510 3268 3556 et
3305 3500 3587 3555 fructuum

2020 3592 2111 3646 hic
2140 3602 2476 3647 terrenarum
2533 3592 2731 3662 planta
2750 3593 2901 3663 (vitis
2943 3593 3173 3655 scilicet,
3205 3586 3585 3662 nialogranati,

2020 3682 2289 3737 malorum
2314 3695 2713 3756 pomorumque
2726 3683 3014 3754 omnium),
3046 3684 3123 3739 sic
3142 3690 3196 3738 et
3228 3683 3443 3737 illarum
3466 3698 3589 3738 car-

2021 3781 2227 3843 puntur
2254 3772 2467 3830 fructus
2499 3784 2662 3845 atque
2695 3775 2952 3840 eduntur,
2986 3791 3096 3831 non
3138 3774 3231 3845 qui
3274 3782 3496 3845 pereant
3523 3789 3589 3828 ac

2023 3876 2385 3929 marcescant,
2417 3868 2510 3923 sed
2532 3868 2625 3938 qui
2662 3869 2902 3939 legentes
2925 3867 2993 3922 ad
3022 3869 3482 3923 immortalitatem
3504 3868 3591 3923 di-

2021 3953 2411 4025 vinitatemque
2425 3956 2758 4027 adaugeant:
2783 3957 3241 4027 quemadmodum
3251 3958 3407 4013 etille
3428 3957 3590 4028 cujus

2020 4060 2212 4103 omnes
2245 4064 2435 4104 sumus
2478 4050 2718 4113 soboles,
2746 4060 2874 4105 ante
2897 4051 3110 4121 lapsum
3158 4065 3224 4105 ac
3268 4058 3470 4105 cacata
3497 4050 3588 4105 lu-

2020 4139 2191 4203 mina,
2226 4141 2280 4193 in
2327 4140 2582 4211 paradiso
2612 4140 2889 4197 fructuum
2928 4157 3098 4197 usura
3130 4140 3418 4211 gaudebat,
3455 4156 3590 4196 con-

2020 4232 2212 4287 stituto
2242 4247 2339 4302 per
2363 4232 2455 4287 Dei
2479 4232 2675 4287 scitum
2706 4232 2948 4301 homine,
2975 4244 3029 4289 ut
3047 4233 3354 4303 plantarum
3370 4234 3587 4301 sapien-

2020 4325 2108 4381 tia
2133 4326 2312 4379 cultor
2340 4340 2408 4380 ac
2427 4335 2614 4381 custos
2643 4335 2811 4383 esset.
2842 4325 3003 4382 Tales
3025 4340 3256 4394 namque
3282 4323 3493 4379 fructus
3527 4332 3588 4379 ut

2018 4418 2244 4483 coleret,
2265 4420 2473 4489 primus
2510 4419 2684 4473 Adam
2708 4418 2765 4473 in
2785 4433 2940 4474 suam
2965 4417 3121 4474 fidem
3153 4423 3456 4487 acceperat.
3486 4415 3587 4471 At-

338 4726 444 4784 hus
473 4744 545 4803 ac.
566 4728 634 4803 iis
659 4744 888 4803 quorum
918 4746 1043 4803 cum
1080 4732 1246 4785 Paulo
1290 4734 1651 4799 conversatio,
1679 4732 1914 4786 munici-
1941 4732 2142 4795 Ditem
2188 4731 2402 4787 Baruch
2448 4747 2558 4787 non
2603 4731 2669 4786 ad
2708 4733 2881 4803 ipsam
2926 4731 3021 4789 Dei
3068 4733 3335 4790 visionem
3371 4736 3592 4792 videtur

379 4805 499 4853 atus
527 4797 870 4871 (πολίτευμα)
902 4809 986 4856 εει
1017 4802 1070 4855 in
1101 4803 1274 4868 calis,
1306 4812 1571 4873 occupato
1604 4797 1908 4874 prastatur.

387 4884 629 4924 οκιςειτιε.

324 4962 328 4966 Α
412 4940 525 5013 (Η)
568 4939 726 5013 Ἐκεῖ
743 4938 812 4992 δὲ
837 4939 907 4993 ἐν
926 4939 1008 5006 τῷ
1034 4942 1209 4995 Ὄντι.
1238 4940 1329 5013 Sic
1358 4941 1585 5013 accipio,
1610 4952 1669 4998 ut
1707 4941 1798 4998 Dei
1821 4958 1915 4998 no-

339 5023 465 5064 men
500 5010 851 5081 intelligatur,
883 5026 990 5079 quo
1010 5026 1085 5081 se
1132 5013 1247 5081 ipse
1290 5011 1458 5068 Exed.
1478 5010 1582 5079 ⁷ιι1,
1616 5013 1702 5077 14,
1734 5022 1910 5078 vocat,

340 5081 618 5153 semelque
657 5079 712 5153 et
764 5081 956 5153 iterum
999 5079 1111 5136 Jer.
1153 5079 1249 5153 inv
1298 5091 1350 5136 et
1393 5098 1547 5137 xxxii
1600 5085 1909 5153 compellat.

337 5147 458 5202 lllic
493 5147 624 5220 ergo
651 5151 710 5204 ὲν
742 5148 821 5219 τῷ
840 5153 1011 5215 Ὄντι,
1039 5154 1094 5204 in
1136 5152 1228 5205 illo
1256 5153 1345 5221 qui
1375 5162 1473 5213 est,
1509 5154 1564 5208 in
1614 5147 1743 5209 Deo'
1766 5154 1914 5209 fonte

337 5220 665 5292 essendi,et
696 5222 789 5291 qui
835 5230 919 5277 est
963 5222 1140 5292 ipsum
1187 5220 1329 5284 εεεε,
1363 5223 1521 5292 cujus
1561 5239 1785 5278 munere
1827 5233 1912 5278 est

338 5290 604 5363 quidquid
635 5290 739 5353 est,
771 5290 1003 5346 cernunt
1050 5292 1216 5346 animi
1265 5290 1611 5363 primigenios
1649 5295 1782 5349 istas
1821 5309 1911 5346 ra-

338 5361 520 5433 tiones
559 5368 613 5433 et
646 5363 1018 5433 emanationes
1067 5365 1212 5417 clare
1250 5377 1304 5418 et
1348 5361 1574 5433 integre,
1607 5379 1713 5419 non
1748 5375 1806 5417 ut
1857 5365 1912 5416 in

338 5429 503 5484 nobis
527 5432 776 5486 visuntur
807 5431 863 5485 in
890 5449 1012 5489 esse
1050 5435 1257 5488 caduco
1282 5442 1336 5489 et
1362 5429 1597 5497 mortali,
1623 5436 1914 5489 contrariis

338 5500 633 5573 admista‘:
669 5517 1005 5573 quacunque
1033 5505 1250 5558 tandem
1289 5505 1381 5558 illa
1419 5503 1513 5558 Dei
1542 5505 1698 5567 visio,
1737 5513 1792 5558 et
1821 5505 1912 5557 τοῦ

342 5570 646 5643 ’ρντοςγείι
684 5570 972 5637 Μειιιοόίο,
999 5578 1080 5628 vel
1125 5574 1298 5643 ipsius
1330 5575 1385 5628 in
1417 5589 1476 5628 se
1507 5574 1703 5629 divina
1729 5590 1919 5629 essen-

342 5640 452 5711 tia,
486 5642 569 5695 vel
614 5643 829 5711 qualem
863 5653 1015 5697 extra
1052 5640 1198 5697 illam
1243 5645 1404 5697 animi
1441 5653 1668 5710 possunt
1696 5646 1914 5700 habere.

344 5709 463 5764 Non
494 5709 793 5781 loquivero
816 5712 1141 5767 Methodium
1164 5714 1233 5768 de
1260 5716 1376 5784 ipsa
1401 5709 1454 5768 in
1481 5729 1541 5769 se
1570 5715 1661 5767 Dei
1686 5714 1915 5778 visione,

344 5789 681 5854 argumento_
704 5791 788 5837 est
835 5785 1137 5854 exemplum
1171 5786 1488 5854 protOplasti
1508 5824 1523 5845 ,
1564 5786 1653 5839 cui
1687 5794 1811 5839 ante
1840 5785 1920 5838 la-

347 5866 505 5920 psum
528 5852 773 5909 eamdem
795 5852 1162 5923 cognitionem
1190 5852 1404 5911 videtur
1441 5854 1699 5911 tribuere.
1741 5854 1919 5910 Locus

2014 4804 2244 4873 hortari,
2272 4810 2366 4858 sed
2398 4804 2466 4858 ad
2499 4806 2724 4859 virtutes
2745 4806 2934 4873 quales
2970 4807 3203 4858 humana
3230 4805 3489 4861 facultate
3521 4819 3587 4860 ac

2010 4871 2106 4928 Dei
2137 4889 2359 4928 munere
2391 4874 2552 4928 homo
2574 4871 3032 4944 ﬂatur—nancisci
3071 4882 3266 4944 potest.
3302 4875 3586 4930 Possinius

2011 4960 2190 4996 coram
2220 4954 2267 4997 et
2299 4961 2411 4997 rere
2455 4943 2709 5004 reddidit,
2739 4959 2801 4997 ac
2831 4946 2877 4999 si
2911 4960 2974 4999 ea
3018 4946 3219 4999 locutio
3260 4946 3368 4998 vim
3409 4946 3588 5000 solum

2011 5013 2249 5069 adverbii
2285 5013 2505 5069 haberet
2531 5032 2543 5066 :
2574 5014 2667 5083 qui
2693 5029 2886 5069 sensus
2915 5014 3068 5070 valde
3094 5014 3317 5070 humilis
3343 5022 3448 5070 est.
3475 5013 3587 5069 Me-

2011 5083 2116 5154 lius
2167 5084 2415 5147 Allatius,
2471 5085 2530 5137 in
2575 5087 2692 5151 ipsa
2730 5087 2966 5144 veritate.
3005 5101 3170 5154 quam
3209 5086 3367 5140 velim
3413 5083 3586 5147 Deum

2012 5152 2306 5208 Veritatem
2360 5155 2725 5221 intellexisse;
2767 5157 2892 5210 inde
2936 5152 3259 5220 Veritatem,
3303 5154 3451 5224 quod
3501 5162 3589 5224 est

2013 5224 2130 5294 ipse
2157 5225 2377 5294 quiest,
2411 5226 2610 5293 datque
2638 5226 2891 5280 omnibus
2927 5242 3048 5281 esse
3087 5235 3139 5279 et
3173 5240 3300 5279 vere
3329 5223 3584 5294 εεεεειυ.

2087 5293 2197 5365 (12)
2230 5294 2574 5361 Δρέπεσθαι.
2604 5294 2847 5351 Proclive
2889 5295 2988 5349 fuit
3031 5301 3243 5348 mutare
3271 5293 3582 5365 βλέπεσθαι,

2014 5364 2140 5420 cum
2180 5364 2387 5435 liqueat
2434 5366 2721 5434 scripsisse
2768 5365 3118 5427 Methodium,
3150 5364 3299 5435 quod;
3334 5365 3415 5435 ita
3437 5378 3468 5417 a
3497 5380 3586 5435 me

2016 5433 2282 5490 mutatum
2332 5444 2447 5502 est;
2486 5433 2631 5505 quod
2678 5450 2902 5504 carpere
2956 5440 3216 5503 sequatur
3258 5434 3320 5487 τὸ
3373 5433 3586 5505 eamea;

2011 5508 2095 5561 vel
2121 5506 2414 5570 ἐσθίεσθαι,
2443 5503 2618 5559 ιιιέιὶἰ
2644 5515 2697 5560 ει
2732 5503 2823 5558 alii
2849 5505 3065 5559 codices
3098 5505 3329 5570 habent;
3357 5511 3409 5556 et
3438 5503 3585 5573 quod

2013 5592 2211 5647 augere
2237 5577 2306 5647 ad
2335 5576 2794 5631 immortalitatem
2820 5583 2872 5627 et
2903 5573 3259 5647 divinitatem
3276 5575 3436 5628 addat
3459 5575 3584 5647 τοὺς

2011 5644 2392 5718 δρεπομένους,
2425 5663 2511 5718 eos
2542 5647 2630 5717 qui
2655 5652 2894 5718 carpant,
2922 5659 3034 5718 non
3058 5646 3153 5712 qui
3174 5644 3409 5710 videant,
3437 5644 3586 5718 quod

2013 5713 2275 5772 remotius
2303 5725 2389 5771 est
2418 5717 2485 5770 ad
2512 5713 2911 5785 metaphoram.
2930 5713 3137 5769 Vitiosa
3169 5730 3397 5782 prorsus
3440 5713 3589 5769 Alla-

2017 5788 2077 5840 tii
2105 5787 2268 5853 edita,
2290 5802 2359 5843 ex
2388 5788 2589 5844 nostris
2619 5784 2980 5841 emendanda.
3011 5786 3299 5844 COIBEFIS.
