4140 6478
535 441 636 494 145

1514 438 1570 497 S.
1616 437 1944 497 METHODII
1986 437 2295 496 EPISCOPI
2335 439 2421 494 ET
2462 439 2821 497 MARTYIHS

3684 451 3781 505 Hi

531 577 637 628 que
667 560 777 613 haec
799 558 1060 613 Jercmias
1088 557 1321 629 quodam
1364 560 1487 617 loco
1520 578 1794 628 seorsum,
1823 563 2010 633 procul
2043 562 2100 614 al:

2208 563 2531 634 οἰκουμένης
2583 560 2743 628 οἶδεν,
2801 564 2928 618 ἔνθα
2977 566 3104 629 τοὺς
3158 565 3614 639 ἐξολισθήσαντας
3676 569 3785 621 τῶν

532 653 663 706 orbe
695 659 883 705 nostro
918 653 1092 706 sensit
1123 653 1416 709 exsistere.
1449 653 1541 709 Sic
1572 669 1808 726 namque
1857 655 1957 720 ait,
2013 670 2108 709 eos

533 743 824 813 deplorans
884 743 974 813 qui
1023 743 1166 797 beati
1206 744 1354 799 illius
1393 744 1493 801 aevi
1532 745 1695 801 bonis
1733 744 2050 800 exciderunt
2093 763 2104 798 :

534 833 733 890 Discite
754 834 844 888 ubi
885 837 953 889 sit
985 834 1289 904 prudentia,
1314 835 1405 890 ubi
1428 837 1496 890 sit
1524 837 1710 900 virtus,
1739 835 1830 889 ubi
1855 837 1923 890 sit
1958 836 2110 890 intelo

531 927 695 982 lectus
717 934 997 986 :utsciatis
1027 928 1210 993 simul,
1240 928 1331 980 ubi
1356 928 1424 981 sit
1461 928 1735 999 longitudo
1757 928 1879 992 uiue
1899 937 1947 982 et
1967 929 2108 992 vita;

528 1019 620 1074 ubi
645 1021 714 1074 sit
746 1021 919 1073 lumen
966 1021 1238 1075 oculorum
1283 1030 1336 1074 et
1385 1036 1511 1090 pax.
1552 1021 1686 1089 Quis
1717 1023 1912 1077 invenit
1939 1021 2110 1076 locum

527 1112 643 1181 ejus
663 1116 686 1168 ?
705 1122 754 1166 et
787 1115 903 1183 quis
945 1114 1161 1167 intravit
1191 1114 1244 1166 in
1268 1111 1545 1168 thesauros
1581 1131 1763 1169 eorum
1787 1115 1834 1147 η
1857 1118 1882 1172 7
1909 1114 1970 1169 In
2011 1114 2110 1169 ho»

531 1222 651 1260 rum
683 1221 873 1276 nempe
914 1206 1204 1262 thesauros
1238 1207 1501 1276 ingressa:
1529 1208 1792 1279 virgines,
1843 1206 2107 1263 virtutum

532 1293 772 1348 rationes
796 1293 1118 1363 decerpunt;
1138 1295 1326 1350 multis
1342 1309 1406 1350 ac
1420 1296 1557 1352 bene
1577 1297 1847 1352 ordinatis
1870 1296 2110 1369 irrigatae

531 1386 850 1448 luminibus,
901 1386 1213 1442 aﬂundente
1255 1388 1363 1445 illis
1393 1387 1503 1445 Deo
1529 1389 1696 1446 fontis
1735 1390 1911 1447 instar
1936 1429 1953 1456 ,
2015 1391 2108 1460 qui

529 1479 788 1535 szeculum
825 1478 975 1542 illud,
1013 1479 1165 1534 nullo
1191 1496 1430 1551 unquam
1453 1496 1656 1538 occasu
1691 1481 2107 1554 exstinguendis

528 1571 826 1627 luminibus
875 1569 1213 1640 Splendidius
1253 1571 1510 1628 illustret.
1563 1572 1657 1628 lla:
1693 1589 2110 1646 porro.semper

527 1665 725 1720 choros
766 1671 934 1734 agunt
970 1664 1268 1720 modulatis
1312 1665 1545 1723 vocibus
1588 1665 1876 1724 laudantes
1911 1666 2104 1724 Deum.

525 1756 910 1811 Circumlusus
935 1770 1170 1827 namque
1192 1757 1301 1813 illis
1329 1772 1423 1814 aer
1446 1774 1618 1829 purus
1645 1767 1751 1825 est,
1768 1768 1822 1816 et
1849 1775 1959 1832 quo
1975 1761 2107 1818 solis

524 1848 701 1902 orbita
735 1861 1015 1917 nunquam
1045 1847 1356 1903 invehatur.

2211 656 2442 709 αἰωνίων
2493 657 2599 728 (15)
2650 657 2868 726 ἀγαθῶν
2917 656 3274 722 κατοικτίζων
3326 658 3504 728 λέγει·
3556 661 3785 716 Μάθετε

2210 748 2328 802 ποῦ
2348 749 2478 803 ἐστι
2513 752 2828 819 φρόνησις,
2866 751 2984 804 ποῦ
3020 752 3192 805 ἐστιν
3230 752 3434 820 ἰσχὺς,
3465 752 3582 806 ποῦ
3614 754 3786 808 ἐστιν

2209 841 2249 908 ἠ
2290 841 2574 907 σύνεσις,
2612 839 2720 894 τοῦ
2764 841 2984 911 γνῶναι
3049 842 3170 912 ἅμα
3223 843 3342 897 ποῦ
3386 843 3520 897 ἐστι
3558 863 3782 914 μακρο-

2211 934 2414 1000 ϐἰωσις
2445 935 2542 987 καί
2577 933 2710 1001 ζωὴ,
2739 932 2857 987 ποῦ
2889 934 3018 988 ἐστι
3062 932 3188 1004 φῶς
3214 932 3536 1003 ὀφθαλμῶν
3564 935 3662 988 καί
3702 937 3782 988 εἰ-

2201 1025 2396 1095 ρήνη·
2450 1027 2541 1092 τίς
2585 1022 2723 1094 εὗρε
2766 1027 2954 1080 τόπον
3001 1024 3226 1094 αὐτῆς,
3276 1026 3314 1094 ἢ
3360 1026 3452 1091 τίς
3498 1023 3786 1094 εἰσῆλθεν

2208 1120 2296 1185 εἰς
2356 1119 2698 1187 θησαυροὺς
2764 1119 2994 1182 nimim;
3056 1117 3272 1170 Τούτων
3322 1113 3416 1171 οὖν
3470 1116 3784 1182 διελθούσας

2210 1206 2289 1270 εἰς
2314 1207 2440 1270 τοὺς
2465 1205 2772 1277 θησαυροὺς
2798 1206 3279 1278 άποκαρπεύεσθαι
3304 1206 3494 1277 λόγους
3524 1207 3633 1260 τῶν
3664 1209 3786 1279 ἀρε-

2209 1299 2316 1354 τῶν
2342 1301 2441 1363 τὰς
2462 1299 2781 1372 παρθένους,
2805 1300 3085 1364 εὐτάκτοις
3118 1300 3258 1369 φωσὶ
3285 1301 3376 1354 καὶ
3407 1299 3619 1364 πολλοῖς
3653 1318 3784 1353 κατ-

2209 1391 2532 1463 αρδομένας,
2565 1391 2602 1446 ἂ
2646 1391 2800 1462 δίκην
2835 1392 3014 1462 πηγῆς
3045 1392 3235 1456 αὐταῖς
3264 1393 3292 1445 ὁ
3320 1390 3450 1455 Θεὸς
3489 1392 3783 1462 ἀνερεύγε-

2208 1501 2318 1549 ται,
2380 1483 2752 1554 καταλάμπων
2814 1483 3024 1536 ἐκεῖνον
3071 1483 3160 1535 τὸν
3212 1483 3384 1536 αἰῶνα
3439 1482 3611 1550 φωσὶν
3656 1482 3783 1535 ἁδύ-

2208 1593 2319 1640 τοις
2344 1575 2456 1647 (14)
2474 1592 2487 1605 ·
2511 1577 2566 1628 αἱ
2593 1576 2649 1629 δὲ
2676 1575 2992 1646 χορεύουσιν
3015 1574 3270 1645 ἐμμελῶς
3304 1576 3660 1645 γεραίρουσαι
3691 1573 3785 1627 τὸν

2207 1669 2358 1723 Θεόν.
2394 1667 2755 1739 Περικέχυται
2784 1667 2894 1740 γάρ
2919 1667 3111 1732 αὐταῖς
3138 1667 3246 1741 ἀὴρ
3272 1667 3530 1741 καθαρὸς,
3571 1668 3667 1722 καὶ
3706 1667 3781 1740 μὴ

2209 1761 2680 1832 καθιππευόμενος
2707 1761 2862 1832 ἡλίῳ.

656 1979 786 2036 Car.
817 1978 901 2033 IV.
935 1981 1236 2037 Pura'nesis
1268 1983 1337 2036 ad
1366 1985 1716 2056 virginitatem
1750 1987 2111 2043 excolendam.
2149 1985 2473 2058 Proponitur
2513 1987 2856 2044 excutiendas
2888 1987 3034 2042 locus
3064 1984 3226 2054 Apoc.
3251 1999 3349 2048 xu,
3381 1983 3502 2040 1-6.

592 2128 747 2184 Nunc
779 2146 930 2201 ergo,
964 2130 1225 2202 virgines,
1262 2131 1598 2202 incorrupta:
1648 2132 1922 2189 castitatis
1955 2131 2098 2198 ﬁliae,

2274 2135 2388 2188 Νῦν
2435 2130 2549 2200 οὖν,
2595 2127 2642 2188 ὧ
2687 2131 2970 2205 παρθένοι,
2990 2129 3344 2203 σωφροσύνης
3384 2128 3652 2201 ἀχράντου
3687 2126 3783 2182 θυ-

521 2224 589 2280 de
622 2225 734 2276 vita
775 2224 936 2278 bonis
978 2223 1234 2279 omnibus
1284 2222 1464 2289 beata,
1501 2222 1676 2295 deque
1713 2225 1980 2280 caelorum
2014 2240 2104 2282 re-

524 2332 631 2387 gno
664 2315 1088 2372 studium‘nobis
1113 2322 1198 2371 est
1231 2322 1286 2370 et
1319 2316 1620 2371 contentio.
1651 2314 1747 2371 Eia
1775 2316 1830 2371 in
1854 2318 2100 2373 eamdem

526 2409 862 2464 intemerata:
894 2407 1225 2478 virginitatis
1282 2406 1501 2462 laudem
1529 2421 1655 2462 cum
1683 2407 1961 2478 prioribus
2003 2423 2100 2464 vos

523 2513 743 2569 quoque
789 2498 956 2552 alacri
1005 2498 1188 2552 animo
1223 2498 1560 2569 conspirate,
1611 2514 1805 2568 parum
1841 2507 2100 2556 curantes

523 2591 628 2647 hoc
658 2590 914 2646 saeculum
945 2603 1009 2642 ac
1033 2588 1320 2643 mundum.
1368 2587 1486 2643 Non
1520 2603 1713 2658 parum
1745 2589 1889 2645 enim
1924 2589 1992 2645 ad
2021 2589 2101 2646 fe-

524 2685 784 2737 licitatem
817 2681 1092 2751 vitamque
1118 2681 1271 2736 curis
1321 2680 1546 2735 liberam
1575 2681 1917 2751 incorruptio
1963 2695 2097 2737 con-

523 2775 675 2828 ducit
722 2787 787 2827 ac
819 2772 1163 2835 castimonia,
1195 2770 1396 2841 quippe
1418 2784 1540 2841 quae
1577 2785 1798 2827 carnem
1819 2771 1987 2825 humo
2022 2771 2099 2827 le-

520 2881 677 2933 vaus,
701 2865 988 2920 sublimem
1014 2863 1142 2918 ferri
1161 2861 1346 2927 faciat,
1370 2861 1490 2932 ejus
1504 2862 1674 2918 nimio
1700 2863 2096 2920 exsiccatohu-

521 2970 674 3011 more
723 2955 977 3024 luteoque
1006 2966 1270 3024 expresso
1309 2951 1570 3022 pondere,
1602 2953 1810 3024 majore
1844 2954 2097 3010 trahendi

522 3049 574 3101 vi
622 3062 687 3102 ac
717 3047 1067 3117 impulsione.
1115 3043 1304 3117 Neque
1340 3061 1441 3102 vos
1471 3045 1595 3100 ullae
1619 3046 1874 3102 audiendi
1905 3049 2096 3105 sordes

521 3146 772 3210 repentes
820 3138 876 3192 in
926 3147 1126 3192 terram
1160 3137 1489 3208 deprimant.
1521 3135 1708 3208 Neque
1726 3152 1933 3193 mceror
1964 3154 2098 3209 gau-

520 3233 669 3286 dium
693 3231 1000 3302 interpolet,
1039 3231 1329 3301 ipsasqua:
1351 3230 1670 3286 melioribus
1692 3231 1963 3294 nitantur,
1994 3232 2095 3286 eli-

522 3326 656 3380 dens
675 3342 800 3397 spes
834 3344 846 3379 :
881 3324 976 3380 sed
1006 3325 1154 3378 nulla
1197 3323 1520 3380 morositate
1562 3323 1880 3395 ingruentes
1911 3325 1965 3378 in
1997 3339 2096 3380 vos

520 3418 703 3474 clades
734 3417 1042 3487 damnaque
1073 3416 1332 3480 excutite,
1357 3416 1527 3471 nullis
1556 3415 1755 3471 mentis
1779 3415 1974 3471 faciem
2006 3415 2093 3470 fu-

2209 2226 2460 2298 γατέρες,
2515 2224 2656 2296 ὑπερ
2697 2224 2843 2296 ζωῆς
2895 2225 3025 2296 ἡμῖν
3078 2221 3311 2292 ἀφθόνου
3356 2222 3452 2275 καὶ
3508 2220 3782 2291 βασιλείας

2205 2319 2451 2389 οὐρανῶν
2481 2319 2514 2390 ἠ
2547 2317 2767 2389 σπουδή.
2800 2318 2896 2380 Εἰς
2921 2317 3018 2388 τὴν
3045 2315 3216 2386 αὐτὴν
3251 2313 3410 2380 δόξαν
3439 2313 3538 2384 τῆς
3559 2313 3781 2381 ἁγνείας

2208 2412 2302 2466 καὶ
2335 2413 2494 2484 ὑμεῖς
2524 2411 2822 2482 προθύμως
2847 2413 2968 2474 ταῖς
3009 2408 3116 2480 πρὸ
3149 2407 3303 2478 ὑμῶν
3345 2407 3780 2477 συμφρονήσατε,

2205 2503 2360 2573 ὀλίγα
2411 2504 2766 2573 φροντίσασαι
2815 2501 2909 2555 τοῦ
2972 2500 3109 2572 βίου.
3167 2500 3243 2554 Οὐ
3293 2499 3401 2570 γάρ
3459 2499 3652 2570 μικρὸν
3703 2501 3783 2561 εἰς

2198 2593 2489 2667 ῥᾳστώνην
2517 2594 2795 2665 ἀφθαρσία
2827 2594 2922 2646 καὶ
2955 2592 3168 2661 ἁγνεία,
3190 2589 3446 2662 ἀνωφερῆ
3474 2590 3572 2660 τὴν
3602 2589 3781 2660 σάρκα

2206 2689 2342 2760 πρὸς
2375 2687 2507 2757 ὐψος
2546 2687 2794 2760 αίρουσα,
2826 2686 2922 2739 καὶ
2964 2683 3028 2738 τὸ
3070 2684 3344 2754 κάθυγρον
3381 2681 3550 2752 αὐτῆς
3584 2681 3784 2750 ἀναξη-

2207 2781 2465 2853 ραίνουσα
2515 2780 2608 2834 καὶ⁹
2650 2778 2894 2850 πηλῶδες
2944 2775 3127 2850 βάρος,
3177 2775 3307 2846 ὀλκῇ
3359 2773 3592 2846 μείζονι·
3647 2772 3783 2843 μηδὲ

2207 2871 2438 2944 βριθέτω
2470 2872 2568 2942 τῆς
2611 2872 2781 2942 ἀκοῆς
2819 2872 2848 2924 ὁ
2901 2869 3092 2941 ῥύπος,
3139 2869 3320 2942 ῥέπων
3369 2867 3448 2930 εἰς
3491 2864 3589 2937 τὴν
3635 2865 3780 2936 τῆν’

2207 2965 2343 3036 μηδέ
2373 2964 2786 3036 μετακοσμείτω
2813 2961 2958 3034 λύπη
2990 2963 3087 3033 τὴν
3116 2961 3310 3033 χαρὰν,
3343 2962 3651 3031 ἐκτήκουσα
3682 2956 3785 3022 τάς

2205 3058 2296 3111 ἐπὶ
2347 3060 2458 3120 τοῖς
2507 3056 2812 3129 κρείττοσιν
2859 3055 3112 3120 ἐλπίδας·
3153 3054 3289 3110 ἀλλὰ
3343 3052 3594 3125 ἀτρύχως
3643 3051 3782 3104 ἀπο-

2205 3148 2415 3202 σείεσθε
2463 3147 2562 3211 τὰς
2609 3146 3108 3219 ἐπισυμόαινούσας
3166 3148 3294 3216 ὑμῖν
3347 3143 3652 3214 συμφορὰς,
3704 3142 3779 3213 μὴ

2204 3237 2452 3292 θολοῦσαι
2491 3239 2640 3307 γόοις
2678 3237 2771 3291 τὸν
2803 3235 3080 3307 λογισμόν.
3129 3234 3351 3288 Νικάτω
3391 3232 3495 3304 γὰρ
3525 3235 3558 3303 ή
3597 3231 3782 3293 πίστις

2204 3330 2402 3402 πάντη,
2445 3331 2540 3383 καὶ
2579 3329 2902 3383 ἀπωθείσθω
2938 3329 3000 3382 τὺ
3048 3327 3165 3396 φῶς
3211 3327 3379 3396 αὐτῆς
3412 3325 3480 3378 τὰ
3507 3325 3782 3396 φερόμενα

2203 3420 2296 3474 τοῦ
2339 3419 2578 3490 πονηροῦ
2629 3419 2760 3492 περὶ
2808 3420 2907 3490 τὴν
2961 3419 3191 3489 καρδίαν
3239 3417 3520 3486 φάσματα.
3569 3415 3782 3486 Ὥσπερ

517 3519 797 3568 nestantes
821 3510 1066 3581 querulis
1105 3509 1418 3580 gemitibus.
1451 3507 1646 3564 Vincat
1676 3523 1906 3580 prorsus
1942 3509 2096 3571 ﬁdes,

2205 3513 2310 3584 γάρ
2351 3513 2480 3566 ὅταν
2523 3513 2557 3584 ἠ
2593 3512 2789 3583 σελήνη
2823 3513 2915 3564 τὸν
2951 3509 3180 3584 οὐρανὸν
3224 3508 3417 3579 αἴγλης
3457 3505 3783 3578 ἐκλάμψασα

517 3606 746 3676 ejusque
775 3605 979 3667 lumen,
1014 3617 1136 3674 quae
1161 3603 1308 3657 circa
1339 3616 1436 3657 cor
1458 3602 1712 3665 volitant,
1746 3603 1876 3656 mali
1925 3602 2100 3657 hostis

521 3695 666 3750 taeda
694 3696 988 3750 simulacra
1028 3693 1283 3764 depellat.
1329 3691 1625 3760 Nimirum,
1660 3701 1722 3748 ut
1751 3694 1973 3764 quando
2009 3710 2100 3750 se-

519 3805 707 3845 renam
724 3797 936 3843 noctem
959 3789 1085 3842 luna
1107 3789 1264 3858 plena
1285 3789 1593 3852 illustrans,
1608 3784 1798 3843 aliusis
1811 3789 1880 3842 ab
1898 3803 2101 3844 occasu

519 3883 706 3937 densis
733 3881 976 3951 atrisque
1030 3881 1267 3937 nubibus
1299 3882 1364 3937 ad
1397 3889 1616 3952 tempus
1660 3881 1954 3944 occulitur,
1997 3895 2100 3935 nec

520 3983 704 4026 tamen
735 3969 1011 4038 aufertur;
1041 3971 1239 4041 quippe
1257 3972 1440 4026 statim
1468 3973 1520 4025 vi
1549 3970 1699 4026 venti
1740 3970 1962 4025 dimatis
1999 3985 2098 4023 nu-

520 4065 703 4128 bibus,
744 4064 891 4119 clara
913 4064 1117 4117 mundo
1149 4063 1270 4119 luce
1299 4063 1587 4118 redditur:
1645 4061 1727 4116 sic
1765 4069 1819 4116 et
1865 4076 1984 4124 vos,
2016 4061 2100 4114 lu-

517 4172 637 4212 cem
657 4155 985 4226 virginitatis
1009 4155 1360 4212 ostendentes
1388 4153 1612 4219 mundo,
1637 4153 1741 4208 etsi
1763 4155 2030 4224 angustiis
2047 4161 2102 4208 et

518 4250 798 4306 laboribus
813 4250 1110 4314 vexamini,
1142 4265 1231 4314 ne,
1265 4263 1475 4320 quaeso.
1499 4247 1766 4325 virgines,
1787 4246 2100 4302 fatiscentes

517 4360 670 4416 spem
691 4352 930 4400 vestram
959 4343 1198 4413 abjicite.
1223 4342 1412 4398 Aderit
1437 4357 1564 4396 mox
1587 4340 1850 4411 Spiritus,
1885 4340 1978 4410 qui
2006 4355 2101 4394 ne-

518 4436 769 4507 quissimi
799 4435 965 4490 dilllet
1000 4435 1212 4499 nubila,
1246 4435 1292 4490 si
1319 4449 1418 4490 vos
1449 4432 1910 4504 quemadmodum
1933 4431 2102 4486 Mater

519 4537 729 4590 vestra,
763 4543 883 4595 quae
905 4527 959 4580 in
991 4527 1128 4581 cuclo
1157 4528 1301 4597 parit
1335 4526 1642 4581 masculum
1683 4523 1982 4595 Virginem,
2019 4524 2101 4577 in-

521 4616 660 4672 fensi
693 4617 887 4688 anguis
935 4616 1163 4672 insidias
1197 4617 1421 4672 minime
1465 4607 1724 4671 timeaiis.
1754 4615 1831 4671 De
1865 4631 1972 4685 qua
2001 4629 2101 4685 ego

521 4707 752 4764 muliere
801 4707 1115 4764 distinctius
1147 4709 1302 4764 vobis
1329 4706 1482 4778 loqui
1519 4705 1803 4773 constitui,
1847 4705 2009 4777 idque
2041 4710 2101 4760 ut

522 4813 678 4870 agam
705 4797 866 4853 modo
891 4808 1104 4869 tempus
1133 4797 1321 4869 exigit.

2203 3605 2486 3679 πληρώσῃ,
2520 3606 2615 3660 καὶ
2653 3607 2761 3668 πᾶς
2788 3605 2816 3656 ὁ
2853 3603 2962 3676 ἀὴρ
3004 3603 3214 3674 αἴθριος
3256 3601 3482 3672 γεηθῇ,
3529 3599 3683 3668 ἄφνω
3722 3597 3782 3651 δὲ

2200 3697 2417 3766 νεφέλαι
2455 3696 2619 3749 ποθὲν
2661 3697 2726 3749 ἐκ
2753 3696 2996 3766 δυσμῶν,
3044 3693 3455 3766 ὐποδραμούσαι
3494 3691 3778 3760 βάσκανοι,

2200 3790 2260 3843 τὺ
2291 3790 2404 3858 φῶς
2448 3790 2618 3859 αὐτῆς
2660 3789 2796 3861 πρὸς
2843 3789 3027 3858 ὀλίγον
3072 3786 3516 3850 ἐπισκιάζουσιν,
3559 3783 3620 3836 οὐ
3673 3782 3782 3854 μὴν

2199 3881 2592 3952 ἀφαιροῦνται,
2637 3881 2732 3935 ἆτε
2769 3881 2970 3944 εὐθέως
3009 3882 3075 3951 τῇ
3127 3879 3272 3950 ῥύμῃ
3322 3876 3416 3930 τοῦ
3472 3876 3782 3947 πνεύματος

2200 3973 2602 4044 ἐξωθούμεναι,
2628 3972 2771 4026 οὕτω
2809 3972 2873 4043 δὴ
2901 3974 2996 4025 καὶ
3025 3973 3204 4042 ὑμεῖς,
3237 3973 3294 4024 ἐν
3317 3971 3397 4042 τῷ
3426 3971 3616 4042 κόσμῳ
3649 3971 3785 4041 λάμ-

2203 4084 2399 4120 πουσαι
2436 4069 2534 4138 τὴν
2585 4067 2828 4134 ἁγνείαν,
2882 4065 2987 4118 ὑπὸ
3041 4064 3269 4134 θλίψεων
3319 4065 3631 4137 ὀχληθεῖσαι
3684 4065 3782 4119 καὶ

2201 4160 2400 4221 πόνων,
2432 4153 2477 4211 ὦ
2509 4157 2787 4228 παρθένοι,
2831 4157 2905 4228 μὴ
2941 4155 3207 4209 ὀκλάσατε
3242 4156 3377 4228 πρὸς
3407 4157 3505 4220 τάς
3535 4156 3778 4220 ἐλπίδας.

2215 4249 2568 4315 Ἑξωθοῦνται
2607 4248 2717 4320 γάρ
2744 4248 2824 4320 τῷ
2868 4248 3149 4319 Πνεύματι
3193 4249 3262 4302 τὰ
3304 4251 3367 4302 ἐκ
3411 4247 3502 4301 τοῦ
3537 4249 3779 4320 πονηροῦ

2202 4322 2358 4414 νέφη,
2393 4342 2488 4396 ἐάν
2526 4341 2714 4414 ὥσπερ
2755 4344 2788 4412 ἡ
2825 4342 3024 4412 Μήτηρ
3051 4340 3205 4410 ὑμῶν
3239 4341 3334 4393 καὶ
3367 4340 3558 4410 ὑμεῖς,
3589 4341 3623 4410 ὴ
3649 4356 3778 4407 γενο

2202 4435 2349 4489 νῶσα
2381 4435 2470 4489 τὸν
2515 4434 2719 4506 ἄρσενα
2761 4433 3036 4506 Παρθένον
3079 4435 3137 4486 ἐν
3173 4432 3250 4504 τῷ
3280 4433 3514 4504 οὐρανῷ,
3562 4432 3636 4503 μὴ
3674 4431 3783 4484 δει-

2201 4529 2423 4599 λιάσητε
2472 4527 2714 4599 λοχῶντα
2767 4527 2863 4582 καὶ
2910 4525 3268 4597 ἐφεδρεύοντα
3309 4525 3401 4578 τὸν
3449 4526 3604 4595 ὅφιν·
3649 4525 3782 4595 περὶ

2200 4615 2267 4693 ἦς
2301 4619 2412 4690 ἐγὼ
2451 4624 2588 4692 πρὸς
2622 4620 2765 4690 ὑμᾶς
2792 4618 3054 4690 ἀμηγέπη
3077 4616 3481 4688 διεξελεύσομαι
3508 4615 3741 4686 δηλοῦσα
3759 4629 3776 4644 ⁶

2201 4711 2390 4785 καιρὸς
2426 4711 2534 4783 γὰρ
2572 4710 2640 4765 τὰ
2671 4710 2787 4765 νῦν.

595 4889 814 4962 Signum
836 4907 1086 4961 magnum
1137 4890 1386 4958 apparuit
1434 4888 1492 4942 in
1535 4888 1687 4952 cocto,
1735 4886 1811 4940 ait
1859 4883 2097 4940 Joannes

2269 4892 2377 4947 Kal
2423 4891 2589 4960 ὤφθη
2634 4890 2788 4961 μέγα
2833 4907 3090 4959 σημειον
3133 4888 3204 4943 ἐν
3253 4888 3334 4954 τῷ
3385 4885 3640 4955 οὐρανῷ,
3678 4886 3780 4956 τὴν

520 4983 883 5054 Apocalypsin
911 4997 1177 5038 enarrans
1204 4981 1271 5048 ‘9,
1300 4982 1488 5036 mulier
1517 4981 1713 5034 amicta
1741 4978 1869 5044 sole,
1892 4988 1941 5032 et
1971 4978 2096 5032 luna

523 5079 615 5131 sub
637 5077 852 5146 pedibus
888 5076 1039 5144 ejus;
1069 5084 1118 5129 et
1144 5075 1200 5128 in
1229 5078 1398 5144 capite
1426 5075 1540 5143 ejus
1589 5090 1788 5127 corona
1820 5073 2097 5127 stellarum

513 5170 828 5225 duodecim:
879 5177 928 5223 et
961 5171 1017 5222 in
1047 5177 1195 5221 utero
1227 5169 1420 5222 habens
1472 5167 1739 5219 clamabat
1773 5165 2095 5233 parturiens,

517 5273 568 5317 et
592 5263 929 5317 cruciabatur
955 5270 1014 5316 ut
1034 5271 1263 5332 pareret.
1292 5259 1361 5314 Et
1385 5261 1554 5314 visum
1577 5269 1657 5313 est
1693 5257 1840 5312 aliud
1888 5259 2096 5327 signum

520 5356 577 5409 in
608 5355 768 5411 calo:
804 5364 854 5410 et
884 5371 999 5410 ecce
1023 5353 1190 5408 draco
1221 5369 1443 5423 magnus
1475 5351 1649 5421 rufus,
1695 5349 1890 5403 habens
1921 5349 2097 5417 capita

525 5457 711 5514 septem
738 5457 786 5501 et
808 5463 1007 5502 cornua
1031 5445 1226 5513 decem,
1241 5455 1289 5498 et
1311 5445 1369 5498 in
1383 5443 1640 5512 capitibus
1657 5441 1770 5511 ejus
1783 5439 2088 5494 diademata

593 5605 638 5636 ⁸⁸
671 5604 803 5659 Bar.
832 5620 918 5671 Ill,
942 5603 1140 5667 14,15.
1219 5601 1262 5635 ⁸³
1303 5603 1462 5670 Apoc.
1504 5615 1605 5662 χιι,
1632 5599 1742 5653 1-6.

597 5717 707 5789 (l5)
736 5719 1028 5789 Δίων-ἰωνᾷ
1058 5717 1148 5771 Sic
1184 5731 1286 5771 nos
1325 5730 1450 5771 cum
1505 5713 1724 5776 Allatio,
1755 5724 1852 5780 pro
1885 5707 2093 5762 αἰώνων

525 5787 666 5862 quod
691 5787 784 5843 alii
817 5790 967 5862 dant.
989 5787 1147 5862 Εοιτ.
1178 5789 1415 5862 Parnm.
1481 5855 1493 5862 _
1543 5853 1562 5862 _
1623 5852 1633 5862 .
1808 5850 1822 5862 ‘
1929 5847 1955 5860 ,,

596 5861 704 5934 (14)
736 5859 934 5912 Φωσίν
981 5861 1236 5934 ἀδύτοις.
1285 5857 1451 5934 Pallp
1481 5852 1727 5934 inferius,
1775 5850 1834 5901 τὸ
1881 5847 2094 5934 (pii)qu

525 5924 819 6000 ἁνέσπερον
848 5939 1024 5999 vocat,
1065 5931 1245 5983 lumen
1297 5924 1438 5996 quod
1494 5925 1639 5978 nulla
1690 5937 1793 5975 nox
1840 5924 2090 5989 excipiat,

2215 4981 2580 5053 Ἀποκάλυψιν
2618 4982 2647 5034 ὁ
2700 4980 2952 5050 Ἰωάννης
3001 4978 3361 5050 ἐξηγούμενος
3399 4977 3576 5044 λέγει,
3619 4977 3776 5046 γυνὴ

2203 5072 2672 5143 περιϐεϐλημένη
2708 5072 2816 5127 τὸν
2863 5072 3068 5139 iiwa
3116 5072 3215 5124 καὶ
3256 5071 3294 5137 ἡ
3343 5067 3579 5135 σελήνη
3627 5071 3776 5122 ὑπο--

2203 5163 2358 5218 κάτω
2389 5163 2509 5216 τῶν
2550 5163 2748 5218 ποδῶν
2795 5161 3018 5230 αὐτῆς·
3067 5161 3164 5214 καὶ
3202 5159 3301 5212 ἐπὶ
3349 5157 3459 5225 τῆς
3509 5157 3780 5226 κεφαλῆς

2202 5253 2389 5323 αὐτῆς
2418 5255 2715 5324 στέφανος
2737 5255 3008 5322 ἀστέρων
3049 5251 3303 5303 δώδεκα·
3339 5249 3436 5303 καί
3470 5248 3539 5301 ἐν
3567 5250 3775 5318 γαστρί

2203 5344 2434 5414 ἔχουσα
2487 5345 2678 5415 κράζει
2716 5346 3021 5400 ὠδίνουσα
3061 5341 3160 5395 καὶ
3199 5338 3644 5408 ,ϐασανιζομένη
3687 5356 3782 5393 τε-

2203 5438 2351 5492 κεῖν.
2396 5437 2507 5493 Καί
2552 5437 2717 5507 ῶςρθη
2768 5438 2924 5492 ἄλλο
2973 5432 3224 5503 σημεῖον
3265 5432 3336 5486 ἐν
3380 5431 3467 5499 τῷ
3510 5429 3777 5498 οἰιοανῷσ

2202 5705 2384 5760 nullus
2426 5719 2658 5760 occasus
2701 5702 3049 5771 exstinguat;
3082 5714 3183 5753 nec
3212 5713 3273 5753 re
3303 5696 3385 5754 sic
3419 5698 3565 5753 clara
3602 5700 3779 5768 potuit

2201 5776 2381 5831 doceri
2414 5775 2717 5836 Possinius,
2749 5783 2807 5826 ut
2850 5771 3261 5826 inaccessibilem
3290 5771 3455 5823 lucem
3483 5785 3636 5836 suam
3668 5784 3778 5825 me-

2203 5847 2325 5902 liori
2365 5847 2469 5902 alia
2495 5862 2628 5902 voce
2666 5834 2854 5914 reique
2884 5843 3152 5913 apposita,
3183 5848 3433 5896 mutaret.
3475 5834 3773 5888 (Sonam-1s.
