4140 6412
377 334 397 390 l
419 333 481 390 1.5

1464 319 1848 380 CONVIVIUM
1887 313 2121 374 DECEM
2160 304 2522 366 VIRGINUM.

3525 291 3626 342 146

374 448 469 501 καὶ
516 444 645 500 ἰδοὺ
685 443 921 513 δράκων
965 440 1190 512 πιπέρός
1233 440 1440 511 μέγας,
1487 439 1643 509 ἔχων
1687 437 1949 505 κεφαλὰς

2054 433 2276 494 septem;
2307 430 2356 474 et
2385 417 2556 472 cauda
2580 432 2679 470 sua
2705 411 2942 467 trahebat
2967 408 3174 463 tertiant
3204 413 3408 476 portent
3449 401 3629 456 stelln'

373 537 523 592 ἑπτὰ
551 537 649 592 καὶ
681 535 899 604 κέρατα
929 535 1095 598 δέκα,
1135 532 1235 587 καί
1269 533 1369 586 ἐπὶ
1401 533 1506 598 τὰς
1542 529 1809 598 κεφαλὰς
1841 529 1945 580 αὺ-

372 629 481 684 τοῦ
510 628 660 683 ἐπτὰ
688 627 1046 698 διαδήματασ
1094 626 1195 680 καὶ
1225 627 1264 694 ἡ
1295 625 1444 691 οὐρὰ
1468 621 1653 678 αὑτοῦ
1686 622 1854 687 σύρει
1881 617 1949 670 τὸ

373 722 578 788 τρίτον
622 718 805 790 μέρος
858 718 979 772 τῶν
1035 716 1307 785 ἀστέρων
1350 715 1457 770 τοῦ
1510 709 1809 782 οὐρανοῦ,
1850 709 1949 762 καί

371 807 594 863 ἔϐαλεν
623 807 844 873 αὐτοὺς
867 809 953 872 εἰς
985 805 1098 874 τὴν
1123 803 1274 874 γῆν·
1304 801 1404 855 καὶ
1436 803 1470 855 ὁ
1504 798 1738 868 δράκων
1772 796 1950 863 ἐστη-

375 917 485 955 κεν
529 899 783 954 ἐνώπιον
822 896 931 966 τῆς
958 895 1245 967 γυναικὸς
1269 892 1377 964 τῆς
1401 893 1757 964 μελλούσης
1789 890 1951 943 ἐκτε-

377 995 524 1056 κεῖν,
553 995 654 1046 ἵνα
684 991 830 1044 ὅταν
857 989 1024 1060 τέκῃ,
1057 989 1123 1043 τὸ
1158 988 1373 1043 τέκνον
1399 985 1588 1054 αὐτῆς
1616 982 1947 1052 καταφάγῃ.

377 1085 486 1140 Καὶ
528 1082 732 1136 ἔτεκεν
779 1081 914 1135 υἱὸν
957 1079 1214 1148 ἄρσενα,
1255 1076 1324 1143 ὃς
1359 1077 1568 1147 μέλλει
1616 1075 1952 1146 ποιμαίνειν

380 1171 577 1228 πάντα
620 1170 690 1224 τὰ
736 1171 878 1238 ἔθνη
918 1170 989 1223 ἐν
1033 1167 1233 1238 ῥάϐδῳ
1284 1166 1531 1242 σιδηρᾷ·
1577 1167 1674 1220 καὶ
1712 1164 1950 1234 ἡρπάγη

383 1264 449 1318 τύ
490 1262 705 1316 τέκνον
753 1260 944 1330 αὐτῆς
990 1261 1138 1330 πρὸς
1167 1261 1273 1316 τὸν
1319 1260 1486 1324 Θεὸν,
1518 1261 1616 1312 καὶ
1656 1257 1807 1329 πρὸς
1846 1255 1954 1310 τὸν

377 1359 594 1425 θρόνον
628 1354 845 1409 αὐτοῦ’
886 1354 984 1408 καί
1020 1355 1059 1422 ἡ
1097 1354 1251 1424 γυνὴ
1287 1355 1509 1423 ἔφυγεν
1545 1354 1634 1417 είς
1665 1349 1780 1417 τὴν
1817 1350 1952 1416 ἕρη-

373 1465 508 1517 μον,
533 1447 684 1499 ὅπου
707 1447 831 1514 ἔχει
864 1444 994 1498 ἐκεῖ
1012 1446 1198 1498 τόπον
1218 1441 1660 1514 ἡτοιμασμένον
1688 1439 1803 1494 ὑπὸ
1844 1437 1951 1492 τοῦ

379 1540 548 1605 Θεοῦ,
573 1540 673 1593 ἵνα
693 1539 823 1592 ἐκεῖ
842 1537 1138 1608 τρέφωσιν
1155 1537 1264 1610 (15)
1289 1536 1483 1605 αὐτὴν
1510 1535 1734 1605 ἡμέρας
1755 1532 1952 1603 χιλίας

376 1630 686 1696 διακοσίας
718 1628 1035 1696 ἐξήκοντα.
1068 1628 1149 1682 Τά
1194 1630 1292 1699 μὲν
1338 1625 1433 1682 οὖν
1468 1627 1596 1698 περὶ
1627 1626 1726 1697 τῆς
1765 1642 1953 1694 γυναι-

378 1726 473 1789 κὸς
509 1724 858 1796 ἱστορούμενα
896 1725 989 1778 καὶ
1020 1721 1115 1776 τοῦ
1143 1723 1454 1796 δράκοντος,
1491 1722 1568 1785 ὡς
1607 1722 1666 1774 ἐν
1695 1721 1950 1790 ἐπιτομῇ,

2054 532 2170 570 rum
2192 513 2330 574 cali,
2359 520 2408 565 et
2439 507 2584 562 misit
2599 523 2688 560 eas
2725 506 2777 558 in
2813 513 3009 558 terram
3029 514 3048 553 :
3078 509 3127 554 et
3155 498 3316 552 draco
3339 496 3482 552 stetit
3507 503 3628 548 ante

2053 605 2317 660 mulierem
2346 617 2460 672 qua:
2487 607 2605 654 erat
2634 597 2879 668 paritura
2907 635 2922 660 ,
2962 601 3017 647 ut
3043 608 3162 647 cum
3189 589 3506 659 peperisset,
3561 589 3628 654 fi-

2050 698 2180 755 lium
2198 697 2311 758 eius
2335 695 2627 749 devoraret.
2667 689 2735 743 Et
2759 687 2954 758 peperit
2979 686 3152 756 ﬁlium
3182 681 3500 742 masculum,
3538 679 3628 748 qui

2052 803 2287 848 recturus
2329 797 2442 845 erat
2474 801 2650 841 omnes
2689 791 2862 854 gentes
2908 780 2965 833 in
3012 780 3157 848 virga
3209 775 3380 844 ferrea
3412 790 3429 827 :
3460 783 3509 826 et
3539 788 3628 825 ra-

2052 896 2171 956 ptus
2199 890 2277 938 est
2304 881 2448 951 ﬁlius
2478 877 2593 948 ejus
2624 875 2692 930 ad
2724 874 2890 929 Deum
2917 879 2968 926 et
3006 871 3074 924 ad
3108 869 3353 922 thronum
3385 866 3530 935 eius:
3573 875 3623 919 et

2053 979 2240 1033 mulier
2269 976 2399 1046 fugit
2425 973 2478 1028 in
2507 968 2868 1029 solitudinem,
2900 964 2989 1018 ubi
3018 960 3241 1017 habebat
3276 959 3448 1012 locum
3475 972 3628 1026 para-

2054 1086 2165 1126 tum
2196 1087 2229 1124 a
2250 1069 2377 1132 Deo,
2408 1074 2465 1119 ut
2496 1064 2568 1118 ibi
2597 1067 2824 1132 pascant
2850 1073 2966 1112 eam
2996 1054 3176 1108 diebus
3200 1051 3346 1105 mille
3393 1049 3628 1103 ducentis

2054 1161 2348 1233 sexaginta.
2389 1158 2516 1213 Haec
2568 1155 2642 1211 ibi
2698 1149 3014 1208 summatim
3064 1146 3130 1201 de
3161 1143 3388 1198 muliere
3419 1148 3473 1195 et
3502 1140 3628 1194 dra-

2053 1270 2208 1309 cone.
2264 1251 2470 1307 [lorum
2497 1263 2629 1304 vero
2665 1243 2995 1302 solutionem
3048 1236 3293 1292 nancisci
3339 1233 3630 1302 verbisque

2053 1363 2343 1417 exponere,
2373 1345 2550 1414 majus
2598 1340 2730 1412 quid
2763 1345 2848 1393 est
2881 1350 3046 1406 quam
3077 1347 3176 1403 pro
3216 1336 3404 1384 nostra
3460 1326 3631 1380 facul-

2053 1446 2183 1494 tate.
2237 1437 2560 1492 Audendum
2619 1442 2837 1495 tamen,
2883 1427 2951 1482 de
2999 1425 3092 1479 illo
3138 1422 3289 1478 fretae
3337 1420 3430 1490 qui
3466 1418 3632 1487 jussit

2054 1530 2288 1586 scrutari
2325 1529 2643 1600 Scripturas
2689 1525 2757 1576 ³ο.
2802 1521 2976 1591 Cujus
3025 1516 3310 1572 sententia:
3343 1513 3391 1568 si
3437 1521 3492 1568 et
3533 1527 3632 1567 vos

2052 1623 2208 1687 estis,
2238 1621 2376 1676 nihil
2398 1619 2625 1677 verebor
2667 1617 2735 1671 ad
2770 1629 2888 1670 rem
2928 1611 3169 1684 aggredi.
3212 1608 3448 1664 Omnino
3486 1606 3632 1661 enim

2054 1715 2378 1788 ignoscetis,
2407 1714 2455 1771 si
2502 1711 2832 1784 exquisitam
2862 1707 2982 1778 ejus
3022 1705 3126 1760 loci
3178 1701 3618 1773 intelligentiam,

373 1815 526 1880 τέλος
545 1793 687 1887 ἔχει·
727 1793 860 1886 περὶ
887 1812 945 1867 δὲ
974 1811 1070 1866 τοῦ
1230 1811 1478 1866 ἐπίλυσιν
1509 1809 1688 1864 αὐτῶν
1730 1808 1949 1881 ἀνεύρα-

2055 1825 2154 1881 pro
2193 1806 2397 1879 ingenii
2425 1803 2690 1860 tenuitate
2713 1814 2824 1854 non
2851 1796 2987 1853 satis
3009 1793 3228 1863 assequi
3253 1793 3486 1847 valeam.

381 1909 505 1964 σθαι
543 1910 638 1964 καὶ
670 1911 864 1977 εἰπεῖν,
901 1908 1145 1981 μεῖζονῆ
1190 1906 1314 1962 καθ’
1376 1907 1559 1978 ἡμᾶς’
1603 1906 1754 1977 ὅμως
1815 1905 2136 1978 τολμητέον,
2197 1900 2568 1957 πιστεύσασαν
2606 1895 2687 1968 τῷ
2731 1892 3044 1948 κελεύσαντι
3075 1889 3174 1953 τὰς
3215 1887 3432 1959 Γραφάς
3481 1888 3633 1955 ἐρευ-

375 2005 492 2075 νᾷν.
520 1999 696 2058 Είοῦν
729 2004 823 2058 καὶ
873 2002 1021 2075 σφῷν
1049 1979 1431 2076 τρὶ-λεγόμενα
1468 2001 1733 2068 συνδοκεῖ,
1773 2001 2006 2074 χαλεπὸν
2059 2000 2212 2054 οὐδὲν
2256 1999 2358 2070 ήδη
2415 1992 2745 2048 στείλασθαι.
2799 1988 3026 2050 Πάντως
3072 1985 3184 2057 γὰρ
3237 1979 3630 2053 συγγνώσεσθε,

375 2097 514 2168 πρὸς
571 2095 670 2166 τὴν
718 2094 1003 2166 ἀκρίϐειαν
1054 2093 1155 2166 τῆς
1203 2094 1426 2167 Γραφῆς
1475 2093 1571 2150 ἐὰν
1610 2093 1686 2167 μὴ
1726 2092 1938 2166 δυνηθῶ
1962 2092 2264 2165 διαρκέσαι.

913 2211 1041 2270 CAP.
1069 2211 1136 2270 ν.
1171 2211 1370 2268 Mulier
1391 2211 1604 2283 pariens
1625 2212 1819 2282 infesto
1845 2209 2092 2275 dracone,
2132 2208 2372 2264 Ecclesia
2402 2225 2415 2261 :
2447 2206 2562 2274 ejus
2591 2202 2764 2258 cultus
2801 2208 2851 2256 et
2883 2199 3075 2271 gratia.

456 2329 524 2383 ἸΙ
558 2327 783 2398 ὀφθεῖσα
826 2329 1266 2403 περιϐεϐλημένη
1293 2329 1384 2383 τὸν
1412 2327 1564 2400 ἣλιον
1597 2331 1656 2383 ὲν
1682 2327 1762 2400 τῷ
1792 2328 1955 2400 ούρα-

376 2421 453 2493 νῷ
475 2421 634 2492 γυνὴ,
671 2421 767 2475 καὶ
804 2423 1067 2492 στέφανον
1096 2423 1161 2476 ὲκ
1183 2421 1293 2476 τῶν
1323 2423 1567 2496 ἀστέρων
1597 2421 1952 2493 περικειμένη

375 2513 602 2577 δώδεκα,
618 2507 687 2586 ἧς
713 2513 813 2585 τὴν
843 2515 1004 2586 ἕδραν
1029 2509 1178 2586 εἶχεν
1204 2517 1238 2588 ὴ
1268 2515 1470 2588 σελήνη
1497 2514 1635 2586 πρὸς
1664 2517 1776 2579 τοῖς
1802 2513 1952 2578 ποσὶ,

379 2606 475 2658 καὶ
522 2605 788 2661 ὠδίνουσα
833 2608 929 2663 καὶ
983 2605 1380 2681 βασανιζομένη
1423 2610 1624 2677 τεκεῖν,
1672 2607 1811 2679 αὕτη
1859 2624 1956 2661 κυ-

380 2698 513 2773 ρίως
560 2700 697 2765 ἐστὶ,
744 2699 886 2754 κατά
916 2699 1009 2753 τὸν
1050 2700 1252 2772 ἀκριϐῆ
1281 2700 1459 2770 λόγον,
1487 2703 1522 2772 ή
1556 2700 1740 2772 μήτηρ
1770 2701 1802 2770 ἠ
1813 2697 1950 2770 μῶν,

377 2783 424 2845 ὦ
450 2791 726 2863 παρθένοι,
754 2791 982 2863 δύναμίς
1007 2809 1092 2856 τις
1120 2787 1254 2846 οὖσα
1275 2793 1399 2848 καθ’
1425 2792 1624 2865 ἑαυτὴν
1652 2793 1816 2867 ἑτέρα
1843 2793 1952 2846 τῶν

376 2883 614 2937 τέκνων·
641 2883 708 2955 ἣν
740 2885 829 2937 ὁτὲ
869 2885 968 2956 μὲν
1011 2885 1364 2958 Ἰερουσαλὴμ
1396 2887 1444 2940 οἱ
1478 2886 1774 2958 προφῆται,
1810 2884 1953 2940 κατά

376 2975 476 3046 τὴν
512 2974 731 3044 σύνοψιν
759 2973 868 3028 τῶν
909 2973 1756 3047 ἐπιφερομένων,ότὲδὲνύμῳην,
1779 2976 1869 3032 ὁτὲ
1894 2976 1950 3030 δὲ

379 3066 514 3120 Σιὼν
542 3066 686 3138 ὅρος,
718 3066 808 3120 ὁτὲ
835 3066 892 3122 δὲ
920 3067 1047 3120 ναὸν
1076 3068 1169 3122 καὶ
1195 3070 1399 3140 σκηνὴν
1429 3068 1565 3122 Θεοῦ
1595 3069 1946 3140 κεκλήκασιν.

2059 2323 2112 2396 ζ
2132 2323 2265 2391 Quae
2292 2319 2543 2392 apparuit
2574 2317 2630 2372 in
2654 2316 2795 2372 coelo
2824 2313 3021 2368 amicta
3047 2309 3162 2366 sole
3193 2308 3386 2362 mulier
3409 2346 3422 2367 ,
3467 2314 3518 2357 et
3542 2319 3631 2360 co-

2061 2429 2252 2470 ronam
2296 2412 2506 2468 habens
2555 2408 2839 2468 stellarum
2873 2402 3159 2460 duodecim
3182 2440 3196 2466 ,
3231 2398 3318 2453 cui
3355 2398 3420 2451 ad
3469 2396 3634 2466 pedes

2062 2507 2192 2562 luna
2223 2503 2492 2567 subsidet,
2517 2515 2639 2571 quae
2677 2497 2913 2569 parturit
2938 2504 2993 2553 et
3015 2492 3295 2550 cruciatur
3335 2496 3394 2544 ut
3427 2487 3631 2558 pariat,

2060 2601 2180 2671 ipsa
2209 2597 2428 2670 proprie
2448 2601 2556 2660 est,
2589 2599 2782 2650 exacta
2822 2589 2936 2646 veri
2977 2587 3190 2643 ratione
3229 2598 3295 2639 ac
3331 2581 3635 2651 intelligen—

2059 2693 2159 2759 tia,
2191 2705 2225 2747 ο
2255 2689 2514 2761 virgines,
2558 2694 2734 2743 mater
2766 2691 2955 2740 nostra
2976 2722 2990 2746 ,
3032 2692 3230 2748 nempe
3257 2676 3432 2731 virtus
3488 2689 3636 2742 qua:-

2059 2785 2187 2841 dam
2211 2785 2266 2840 in
2290 2799 2350 2840 se
2379 2783 2499 2854 ipsa
2532 2796 2598 2836 ac
2626 2793 2754 2834 vere
2781 2776 3056 2833 exsistens
3088 2786 3121 2826 a
3159 2769 3286 2825 ﬁliis
3325 2766 3586 2823 distincta
3618 2785 3632 2819 :

2057 2893 2221 2950 quam
2255 2877 2548 2948 prophetae,
2568 2887 2668 2944 pro
2691 2874 2990 2940 conspectu
3012 2879 3077 2920 ac
3106 2865 3424 2934 argumento
3445 2871 3636 2914 eorum

2059 2947 2180 3041 qua:
2207 2947 2478 3032 feruntur,
2505 2961 2834 3038 quandoque
2850 2957 3070 3031 quidem
3089 2951 3426 3041 Hierusalem
3450 2947 3637 3019 appel-

2057 3040 2194 3128 lant,
2216 3058 2496 3117 interdum
2525 3070 2656 3112 vero
2680 3053 2971 3124 Sponsam,
2995 3043 3299 3116 aliquando
3320 3040 3451 3096 Sion
3481 3053 3636 3093 mon-

389 3159 452 3212 Ἦ
475 3130 585 3232 γὰρ
607 3130 1023 3230 παρωρμημένη
1046 3130 1374 3227 φωτίζεσθαι
1395 3159 1623 3231 δύναμις
1642 3160 1700 3213 ἐν
1826 3176 1949 3231 προ-

2055 3165 2198 3222 tem,
2239 3163 2634 3219 nonnunquam
2677 3143 2939 3214 templum
2971 3148 3027 3196 et
3059 3134 3475 3193 tabernaculum
3516 3130 3629 3185 Dei.

376 3249 542 3320 φήτῃ,
585 3247 836 3311 Φωτίζου
857 3287 872 3313 ,
911 3249 1246 3320 κεκραγότος
1287 3250 1422 3322 αὐτῇ
1465 3250 1558 3303 τοῦ
1606 3249 1952 3321 Πνεύματος,

387 3341 802 3412 Ἰερουσαλήμο
842 3341 974 3410 ἣκει
1013 3340 1124 3410 γάρ
1157 3357 1274 3396 σου
1311 3341 1376 3396 τὸ
1413 3341 1560 3411 φῶς,
1595 3343 1691 3397 καὶ
1730 3344 1770 3411 ἡ
1804 3341 1956 3407 δόξα

376 3435 598 3502 Κυρίου
625 3434 725 3488 ἐπὶ
763 3433 838 3488 σὲ
872 3435 1303 3490 ἀνατέταλκεν.
1347 3434 1504 3491 Ἰδοὺ
1543 3437 1806 3504 καλύψει
1842 3435 1953 3504 (16)

377 3527 602 3592 σκότος
637 3525 739 3582 καὶ
771 3527 996 3596 γνόφος
1033 3525 1178 3595 γῆν·
1217 3527 1476 3595 καλύψει
1505 3527 1600 3580 ἐπ’
1639 3527 1816 3596 ἔθνη·
1856 3528 1956 3582 ἐπὶ

377 3616 446 3668 δὲ
479 3616 554 3670 σὲ
591 3615 925 3686 φανήσεται
951 3618 1186 3685 Κύριος,
1220 3617 1319 3671 καὶ
1345 3619 1384 3687 ἠ
1419 3618 1572 3682 δόξα
1606 3619 1826 3688 Κυρίου
1855 3619 1956 3673 ἐπὶ

376 3707 452 3759 σὲ
482 3709 829 3778 ὀφθήσεται.
858 3709 969 3763 Καὶ
990 3709 1389 3777 πορεύσονται
1408 3708 1689 3775 ,ϐασιλεῖς
1713 3708 1792 3775 τῷ
1811 3711 1956 3778 πυρί

377 3818 516 3865 σου,
557 3800 655 3854 καὶ
694 3798 838 3869 ἔθνη
871 3799 948 3869 τῇ
987 3801 1362 3870 λαμπρότητι
1404 3815 1542 3856 σου.
1589 3799 1955 3871 Ἀνάϐλεψον

376 3895 579 3960 κύκλῳ
618 3892 743 3960 τοῖς
790 3892 1118 3963 ὀφθαλμοῖς
1161 3909 1298 3958 σου,
1342 3891 1441 3948 καὶ
1478 3892 1569 3947 ἵδε
1605 3893 1956 3965 συνηγμένα

375 3985 651 4041 τὰτέκνα
682 3999 820 4040 σου.
852 3985 1076 4040 Ἥκασι
1101 3983 1324 4052 πάντες
1353 3988 1406 4040 ol
1443 3987 1564 4041 υἱοί
1589 4001 1706 4042 σου
1735 3989 1954 4058 μακρό-

373 4082 499 4143 θεν,
538 4076 636 4131 καὶ
674 4079 734 4130 αὶ
777 4077 1097 4148 θυγατέρες
1141 4090 1259 4131 σου
1298 4076 1392 4130 ἐπ’
1432 4075 1607 4148 ὤμων
1652 4079 1951 4148 ἀρθήσον-

373 4185 500 4223 ται·
529 4167 674 4223 ἔστιν
708 4170 742 4240 ἡ
784 4167 1099 4241 Ἐκκλησία,
1130 4161 1200 4240 ἦς
1232 4167 1300 4221 τὰ
1331 4167 1498 4222 τέκνα
1531 4170 1792 4224 πασσυδεὶ
1833 4171 1953 4243 ἥξει

377 4260 517 4333 μετά
561 4260 660 4333 τὴν
705 4260 1022 4326 ἀνάστασιν,
1067 4258 1333 4314 πάντοθεν
1379 4260 1516 4330 πρὸς
1568 4261 1740 4334 αὐτὴν
1787 4280 1953 4317 κατα-

374 4355 594 4420 θέοντα,
629 4355 765 4426 αὐτῇ
789 4370 802 4384 ·
849 4352 1113 4425 δεχομένη
1158 4370 1219 4406 τε
1269 4354 1332 4408 τὸ
1381 4354 1497 4426 φῶς
1538 4356 1599 4409 τὺ
1630 4354 1950 4429 ἀνέσπερον,

2057 3246 2192 3302 Nam
2231 3261 2354 3316 quae
2393 3243 2568 3299 virtus
2609 3237 2792 3295 studet
2830 3234 3092 3304 cupitque
3131 3225 3432 3284 illuminari
3489 3223 3634 3294 apud

2057 3338 2402 3409 prophetam,
2434 3334 2708 3389 clamante
2736 3328 2804 3383 ad
2829 3340 2947 3380 cam
2983 3321 3191 3394 Spiritu
3210 3318 3632 3385 “,Illuminare,

2055 3428 2384 3490 illuminare,
2425 3420 2784 3485 Hierusalem,
2815 3417 2940 3486 quia
2971 3413 3104 3468 venit
3147 3411 3322 3465 lumen
3357 3417 3540 3469 tuum,
3585 3415 3636 3459 et

2054 3521 2228 3592 gloria
2255 3516 2469 3572 Domini
2493 3529 2647 3582 super
2669 3521 2714 3566 te
2742 3517 2859 3563 orta
2881 3515 2979 3562 est.
3009 3503 3141 3559 Ecce
3163 3503 3385 3557 tenebra:
3402 3500 3634 3568 operient

2057 3591 2253 3666 terram
2277 3648 2293 3674 ,
2323 3617 2374 3663 et
2405 3607 2577 3676 caligo
2613 3600 2878 3672 populos:
2924 3613 3081 3666 super
3129 3605 3177 3650 te
3215 3601 3390 3648 autem
3438 3591 3634 3645 orietur

2056 3702 2314 3757 Dominus
2340 3740 2354 3765 ,
2388 3709 2436 3755 et
2466 3696 2639 3768 gloria
2664 3695 2778 3765 ejus
2822 3693 2877 3746 in
2910 3701 2958 3745 te
2985 3688 3260 3745 videbitur.
3295 3684 3365 3740 Et
3393 3681 3634 3743 ambula-

2056 3795 2182 3850 bunt
2210 3809 2352 3862 reges
2383 3792 2437 3844 in
2468 3790 2663 3844 lumine
2700 3797 2811 3853 tuo,
2843 3795 2890 3840 et
2911 3793 3087 3856 gentes
3113 3782 3169 3836 in
3191 3779 3464 3849 splendore
3487 3787 3632 3831 ortus

2056 3888 2152 3941 tui.
2203 3885 2342 3940 Leva
2374 3884 2427 3938 in
2478 3882 2705 3937 circuitu
2745 3879 2925 3933 oculos
2955 3887 3106 3942 tuos,
3149 3883 3199 3928 et
3235 3873 3349 3928 vide
3390 3881 3432 3925 :'
3456 3887 3634 3926 omnes

2054 3977 2145 4031 isti
2175 3976 2477 4046 congregati
2506 3981 2664 4037 sunt;
2697 3979 2944 4025 venerunt
2970 3966 3083 4021 tibi.
3124 3963 3259 4018 Filii
3291 3963 3368 4017 tui
3389 3963 3453 4018 de
3485 3963 3636 4030 longe

2054 4072 2257 4124 venient
2277 4109 2292 4133 ,
2324 4077 2372 4123 et
2389 4068 2517 4137 ﬁlice
2543 4079 2646 4120 tua:
2677 4079 2833 4133 super
2857 4063 3102 4114 humeros
3133 4055 3517 4117 sustollentur;
3550 4059 3635 4107 est

2055 4161 2323 4224 Ecclesia,
2359 4160 2520 4230 cujus
2554 4157 2649 4212 lilii
2692 4169 2890 4225 magno
2924 4151 3167 4220 undique
3206 4162 3478 4203 concursu
3511 4151 3634 4215 post

2055 4254 2516 4310 resurrectionem
2553 4249 2858 4312 venientes,
2884 4247 2938 4301 in
2969 4244 3090 4315 ejus
3115 4240 3392 4298 conﬂuent
3425 4239 3629 4293 sinum.

2057 4346 2183 4402 Πωο
2207 4346 2490 4406 nimirum,
2523 4349 2805 4410 suscepto,
2839 4337 2987 4409 quod
3030 4335 3241 4390 nullum
3284 4331 3436 4387 novit
3471 4343 3632 4383 occa-

372 4447 472 4518 τὴν
498 4422 858 4524 λαμπρότητα
895 4422 1356 4518 στολῆς-σχήματι
1390 4422 1949 4519 περιϐεϐλημένητοῦ

2058 4454 2202 4504 sum,
2245 4438 2470 4500 lumine,
2515 4436 2662 4491 velut
2701 4434 2863 4494 stola,
2911 4428 3074 4484 Verbi
3115 4426 3404 4498 splendore
3443 4422 3632 4476 induta

373 4515 545 4607 Λόγου
572 4515 789 4608 *ἥδεταιξ
821 4537 968 4609 Ποίῳ
996 4515 1106 4610 γάρ
1310 4515 1730 4612 τιμαλφεστέρῲ
1761 4515 1949 4614 κόσμῳ

2058 4534 2288 4588 laetatur.
2346 4529 2466 4596 Quo
2522 4529 2668 4583 enim
2728 4525 2836 4579 alio
2875 4520 3191 4594 pretiosiori
3243 4515 3634 4589 speciosiorive

369 4625 406 4698 ἢ
446 4627 757 4697 τιμιωτέρῳ
799 4626 898 4698 τὴν
944 4626 1261 4695 βασίλισσαν
1315 4626 1523 4700 ἔπρεπε
1575 4625 1945 4698 κοσμηθεῖσαν

372 4714 875 4787 νυμφαγωγηθῆναι
904 4714 982 4786 τῷ
1004 4716 1215 4788 Κυρίῳ,
1245 4717 1360 4786 φῶς
1389 4718 1465 4781 ὡς
1501 4717 1717 4788 ἱμάτιον
1751 4716 1946 4771 λαϐοῦ-

371 4823 505 4872 σαν;
547 4805 626 4859 διὸ
667 4807 761 4859 καὶ
812 4806 981 4879 αὐτὴν
1016 4807 1122 4861 ὑπὸ
1164 4809 1259 4862 τοῦ
1303 4808 1517 4882 Πατρός
1550 4808 1942 4882 ἀνακληθῆναι.

376 4899 484 4952 Ἴθε
515 4898 646 4970 γὰρ,
695 4897 966 4952 ἀναϐᾶσαι
1001 4898 1081 4969 τῷ
1126 4899 1271 4972 λόγῳ
1291 4943 1304 4966 ,
1339 4899 1607 4956 θεάσασθε
1638 4899 1828 4972 ὥσπερ
1849 4898 1948 4964 τὰς

372 4991 508 5064 πρὸς
555 4992 732 5063 γάμον
765 4989 1066 5064 παρθένους
1086 5032 1101 5059 ,
1135 4995 1369 5060 γυναῖκα
1403 4991 1645 5062 μεγάλην
1664 5030 1678 5056 ,
1708 4991 1918 5062 καθαρὸ

371 5086 466 5138 καὶ
507 5084 771 5158 ἄχραντον
813 5083 932 5138 ὅλον
978 5085 1073 5138 καὶ
1119 5085 1346 5156 μόνιμον
1393 5086 1618 5149 κάλλος,
1667 5086 1761 5137 καὶ
1794 5083 1944 5136 οὐδὲν

370 5177 759 5248 ἐλαττούμενον
782 5179 880 5250 τῆς
904 5177 1289 5250 λαμπρότητος
1317 5179 1424 5231 τῶν
1455 5177 1670 5248 φώτων,
1697 5176 1944 5231 ἀποστίλ-

351 5271 599 5356 ϐουσαν*
645 5273 739 5324 καὶ
766 5273 890 5326 ἀντὶ⁹
930 5271 1032 5344 μὲν
1078 5271 1294 5340 στολῆς,
1326 5273 1456 5326 αὐτὸ
1487 5272 1602 5342 φῶς
1635 5271 1945 5344 ἠμφιεσμέ-

371 5379 469 5435 νην
489 5380 502 5393 ·
530 5362 650 5417 ἀντὶ
673 5362 730 5418 δὲ
761 5362 924 5417 λίθων
951 5362 1170 5435 τιμίων,
1203 5364 1434 5435 ἀστράσι
1470 5364 1714 5436 φαιδροῖς
1737 5365 1837 5438 τὴν
1863 5382 1948 5418 κε-

440 5521 489 5554 ⁵⁹
526 5519 691 5577 Joan.
724 5537 778 5588 v,
806 5519 894 5577 39.
971 5521 1016 5553 ⁵¹
1058 5519 1174 5575 Isa.
1207 5537 1296 5585 ιιι,
1333 5521 1467 5577 1ο4.’

2049 4633 2245 4680 ornatu
2277 4629 2550 4694 comptam
2590 4619 2818 4676 decebat
2843 4630 3099 4687 sponsam
3136 4611 3370 4668 Domino
3396 4608 3628 4667 adduci.

2051 4719 2235 4773 lumen
2265 4716 2409 4772 sicut
2433 4713 2824 4770 vestimentum
2863 4716 3084 4764 nactam
3108 4747 3125 4774 ,
3161 4707 3322 4776 cujus
3352 4711 3407 4760 et
3445 4703 3627 4759 cultus

2051 4810 2225 4883 gratia
2248 4808 2316 4863 ad
2348 4805 2470 4863 Filii
2500 4806 2723 4877 nuptias
2753 4820 2783 4858 a
2816 4801 2980 4857 Patre
3003 4798 3322 4855 vocaretur?
3343 4795 3440 4852 Eia
3463 4795 3627 4865 agite,

2051 4908 2263 4958 ratione
2301 4901 2501 4956 comite
2531 4896 2916 4962 ascendentes,
2953 4891 3098 4948 haud
3137 4907 3297 4948 secus
3327 4905 3391 4944 ac
3437 4887 3631 4958 nuptui

2050 4993 2342 5050 Iradendas
2381 4991 2620 5061 virgines
2660 4995 2826 5058 atque
2877 4985 3148 5040 thalamos
3205 4987 3585 5052 exspectantes
3612 5019 3626 5043 ,

2054 5089 2332 5144 mulierem
2380 5100 2630 5157 magnam
2663 5081 3001 5152 conspicite,
3055 5092 3247 5149 puram
3296 5074 3537 5142 undique
3575 5079 3630 5127 ct

2054 5182 2316 5236 illibatam
2360 5178 2754 5248 stabilemque,
2797 5190 2900 5231 nec
2937 5173 3237 5244 quidquam
3278 5166 3417 5222 lucis
3461 5165 3630 5220 radiis

2055 5272 2320 5343 imparem
2359 5271 2662 5325 vibrantem
2704 5263 3168 5338 pulchritudinem
3204 5280 3218 5316 :
3253 5266 3310 5315 et
3350 5274 3449 5328 pro
3489 5258 3628 5313 stola

2056 5361 2309 5436 quidem,
2352 5361 2471 5432 ipsa
2509 5360 2632 5415 luce
2670 5357 2962 5423 vestitam;
3002 5354 3102 5427 pro
3139 5349 3412 5420 lapidibus
3449 5357 3630 5403 autem

444 5677 555 5747 (15)
592 5677 909 5761 Tpsfgciomr.
937 5674 1030 5761 Sic
1059 5677 1220 5761 ambo
1253 5676 1611 5761 manuscripti
1643 5685 1695 5761 et
1717 5677 1936 5757 Optiunc
2045 5675 2246 5729 Luna.

371 5763 600 5817 qumque
628 5747 900 5804 editiones
944 5747 1299 5817 Apocalypsis
1342 5763 1440 5802 xu.
1474 5747 1537 5810 li;
1578 5747 1721 5802 unde
1765 5749 1936 5817 corri-

372 5815 558 5891 gendae
616 5819 868 5875 videntur
900 5815 1004 5873 illai
1041 5815 1164 5887 (ιιιιὲ
1190 5815 1395 5886 legunt
1433 5817 1788 5886 ὲκτρέφωσιν.
1838 5815 1934 5871 En.

2117 5747 2226 5815 (lli)
2282 5746 2418 5800 Ἰδοὺ
2461 5746 2594 5798 καλ.
2629 5741 2766 5797 Sixl.
2800 5751 2853 5815 et
2881 5743 3055 5815 Alex_.,
3099 5741 3226 5794 Ἰδοὺ
3256 5737 3440 5802 σκότος
3471 5734 3634 5792 καὶά-

2158 5817 2257 5887 γῆν
2300 5818 2390 5870 καὶ
2439 5815 2633 5884 γνόφος
2686 5815 2770 5865 ἐπ’
2808 5814 2956 5884 ἔθνη.
2987 5811 3154 5868 ΟΑιι.
