4140 6422
569 359 676 415 14⁵1

1575 357 1634 415 s.
1674 322 2002 415 nemon"
2040 357 2346 417 EPISCOPI
2383 358 2472 413 ET
2513 356 2872 413 MARTYRIS

3700 356 3806 412 “8

570 475 847 548 pretiosis,
879 471 1291 544 splendentibus
1320 473 1492 529 stellis
1522 473 1733 528 circum
1762 482 1925 544 caput
1965 489 2120 527 orna-

2237 472 2408 545 φαλὴν
2460 473 2897 543 κεκοσμημένην.
2962 472 3026 522 '0
3076 468 3184 540 γὰρ
3232 469 3364 540 ἡμῖν
3414 469 3597 543 ἐσθὴς,
3645 472 3805 528 τοῦτο

571 577 704 620 tam.
763 565 918 630 Quod
946 563 1092 617 enim
1134 565 1294 619 nobis
1358 565 1560 630 vestis,
1603 566 1708 620 hoc
1767 566 1846 620 illi
1896 566 2021 634 lux;
2079 575 2120 621 el

2236 566 2420 636 ἐκείνῃ
2459 565 2606 633 φῶς·
2647 565 2676 617 ὃ
2719 564 2776 616 δὲ
2815 566 2947 634 ἡμῖν
2990 562 3189 634 χρυσὸς
3237 564 3270 633 ἢ
3324 563 3602 632 διαφανεῖς
3645 564 3803 632 λίθοι,

567 656 711 727 quod
734 655 894 710 nobis
924 670 1119 709 aurum
1144 663 1238 710 aut
1267 654 1525 725 pellucidi
1555 656 1749 725 lapilli,
1779 657 1884 712 hoc
1904 658 1982 711 illi
2010 658 2135 713 stel-

566 747 648 801 la.
676 743 857 799 Stella:
882 761 1012 799 vero
1042 760 1154 800 non
1176 745 1430 815 vulgares
1458 745 1565 800 illa:
1590 762 1711 816 qua:
1736 746 1791 800 in
1814 747 2131 818 aspectabili

563 839 683 894 sita:
709 845 838 892 sunt
869 839 1011 901 loco,
1050 837 1142 891 sed
1178 837 1296 890 alia;
1326 836 1574 907 quaedam
1627 838 1867 907 potiores
1899 837 2129 892 lucidio-

563 945 794 1001 resque,
826 931 963 985 adeo
996 939 1054 983 ut
1090 930 1173 984 ha:
1206 943 1342 998 quas
1378 929 1675 993 cernimus,
1699 929 1836 983 nihil
1865 928 1971 983 nisi
2011 929 2131 982 illa-

563 1035 688 1075 rum
730 1021 886 1090 picta:
924 1021 1186 1091 imagines
1225 1034 1289 1074 ac
1332 1017 1647 1090 imperfecta
1688 1020 1982 1075 simulacra
2010 1035 2133 1076 esse

562 1112 874 1167 videantur.

2234 655 2392 708 τοῦτο
2420 656 2601 725 ἐκείνῃ
2640 654 2709 707 τὰ
2744 656 2919 725 ἄστρα
2938 671 2951 684 ·
2986 654 3163 725 ἄστρα
3194 654 3272 718 δὲ,
3303 654 3401 725 οὐχ
3441 657 3601 709 όποῖα
3630 655 3805 710 ταῦτα

2234 750 2301 802 τὰ
2332 752 2389 802 ἐν
2426 748 2502 819 τῷ
2538 748 2718 819 ὁρατῷ
2750 749 2978 819 κείμενα
3028 748 3199 819 τόπῳ,
3246 748 3384 802 ἀλλά
3417 765 3539 802 τινα
3570 750 3807 819 κρείττω

2238 843 2331 895 καὶ
2357 842 2793 913 εὐφεγγέστερα·
2824 840 2965 894 ὥστε
2993 840 3205 904 εἰκόνας
3235 842 3456 895 ἐκείνων
3485 840 3685 913 μᾶλλον
3718 859 3805 896 νο-

2240 932 2492 1002 μίζεσθαι
2527 933 2701 986 ταῦτα
2725 933 2819 986 καὶ
2850 934 3258 1005 ἀπεικάσματα.

558 1230 696 1285 Car.
742 1227 833 1286 Vl.
876 1229 1126 1284 Ecclesiae
1156 1245 1339 1300 opera,
1377 1230 1616 1300 ﬁliorum
1660 1233 1717 1284 in
1765 1230 2023 1300 baptismo
2079 1230 2406 1315 parturitio.’
2443 1228 2597 1283 Luna
2639 1231 2695 1284 in
2737 1232 2995 1299 baptismo
3021 1244 3063 1282 :.
3077 1230 3423 1299 plenilunium
3447 1227 3648 1284 Christi
3677 1247 3806 1300 pas-

2104 1319 2292 1359 stoms.

632 1392 751 1448 1am
774 1394 916 1449 lunae
930 1394 1125 1449 mulier
1151 1396 1405 1452 insistere
1431 1398 1650 1453 dicitur.
1675 1397 1840 1453 Luna:
1859 1399 2127 1470 symbolo,

564 1487 807 1551 illorum,
840 1487 894 1540 ni
918 1486 1096 1552 fallor,
1130 1487 1413 1558 designata
1446 1490 1570 1557 ﬁde,
1598 1490 1694 1560 qui
1732 1505 1828 1559 per
1852 1492 2128 1544 lavacrum

563 1594 595 1632 a
625 1577 973 1647 corruptione
1001 1578 1371 1634 mundantur:
1410 1590 1694 1651 propterea
1721 1581 1869 1652 quod
1890 1581 2013 1651 ejus
2035 1583 2122 1635 lu-

562 1685 686 1725 men
726 1684 880 1739 aqua:
917 1669 1111 1739 tepidas
1148 1687 1318 1741 prope
1376 1673 1534 1727 aliine
1567 1673 1837 1740 videatur,
1875 1674 2130 1744 quodque

2303 1397 2599 1467 Βεῦηκέναι
2621 1414 2679 1449 τε
2709 1397 2803 1448 ἐπὶ
2837 1397 3086 1467 σελήνην,
3127 1396 3203 1459 ὡς
3238 1394 3499 1467 ἡγοῦμαι,
3526 1396 3806 1467 τροπικῶς

2229 1491 2328 1560 τὴν
2369 1490 2551 1543 πίστιν
2598 1488 2705 1541 τῶν
2755 1486 3274 1558 ἀποκαθαιρομένων
3319 1487 3417 1557 τὴν
3460 1486 3666 1558 φθορὰν
3726 1486 3808 1557 τῷ

2229 1582 2437 1655 λουτρῷ
2479 1582 2674 1650 λέγων.
2719 1581 2807 1634 διὰ
2846 1581 2909 1633 τὸ
2960 1579 3340 1652 προσεοικέναι
3385 1578 3447 1631 τὸ
3487 1578 3602 1647 φῶς
3635 1579 3809 1649 αὐτῆς

2233 1674 2434 1745 μᾶλλον
2467 1672 2618 1726 ὕδατι
2648 1671 2877 1743 χλιαρῷ,
2909 1672 3004 1723 καὶ
3036 1673 3214 1724 πᾶσαν
3243 1669 3301 1737 ἐξ
3333 1671 3502 1741 αὐτῆς
3533 1670 3807 1741 ἠρτῆσθαι

561 1775 625 1813 ex
663 1762 789 1814 luna
830 1760 1054 1815 humida
1092 1762 1273 1817 omnis
1314 1763 1622 1818 substantia
1662 1761 1910 1832 pendeat.
1955 1762 2120 1832 Super

2228 1764 2327 1833 τὴν
2364 1761 2537 1832 ὑγρὰν
2563 1760 2771 1815 οὐσίαν.
2827 1761 3157 1830 Ἐφέστηκεν
3194 1757 3286 1813 οῦν
3319 1762 3412 1813 ἐπὶ
3440 1760 3539 1830 τῆς
3569 1761 3806 1826 πίστεως

559 1852 743 1906 lunam
772 1852 955 1922 itaque
976 1860 1288 1923 sortemque
1312 1860 1552 1909 nostram
1581 1869 1645 1908 ac
1677 1855 1997 1909 electionem
2022 1862 2120 1907 stat

2234 1854 2329 1906 καὶ
2367 1851 2719 1922 προσλήψεως
2760 1849 2916 1921 ήμῶν
2957 1850 3123 1920 (Ιηή
3178 1851 3490 1921 Ἐκκλησία,
3520 1850 3660 1903 κατὰ
3703 1850 3806 1923 τὴν

559 1941 824 2009 Ecclesia,
862 1959 961 2013 pro
989 1945 1132 1999 lunae
1160 1946 1319 2015 quasi
1340 1953 1657 2016 conspectu,
1691 1947 1910 2001 interim
1941 1955 2128 2017 partu-

558 2036 707 2090 riens
736 2037 916 2106 quoad
958 2037 1246 2093 intraverit
1275 2038 1556 2108 plenitudo
1593 2040 1871 2108 gentium,
1913 2055 1977 2094 ac
2016 2042 2129 2095 ani-

554 2129 726 2182 males
767 2129 823 2182 in
853 2129 1130 2198 spiritales
1162 2146 1528 2201 regenerans;
1559 2147 1671 2203 quo
1708 2131 1829 2203 ipso
1863 2144 1917 2188 ct
1954 2143 2127 2189 mater

555 2230 660 2275 est.
697 2219 765 2275 Ut
793 2223 937 2276 enim
970 2224 1183 2288 mulier,
1221 2225 1439 2279 informi
1464 2224 1565 2278 viri
1592 2232 1849 2295 suscepto
1879 2226 2122 2290 semine,

555 2314 708 2361 certo
763 2311 1032 2365 mensium
1066 2312 1198 2368 orbe
1238 2315 1508 2383 integrum
1563 2314 1837 2371 hominem
1891 2318 2128 2386 concipit

555 2407 825 2470 partuque
852 2392 1112 2467 eﬂ’undit,
1149 2403 1402 2459 similiter
1430 2413 1487 2461 et
1515 2407 1642 2476 quis
1683 2407 1885 2463 dixerit
1909 2424 2005 2463 eos
2031 2409 2126 2479 qui

553 2493 623 2547 ad
667 2492 902 2549 Verbum
952 2495 1301 2567 confugiant,
1353 2497 1612 2555 Ecclesia
1672 2510 1829 2557 utero
1866 2504 2127 2557 continue

552 2588 945 2657 concipiendos
984 2600 1039 2645 et
1069 2590 1137 2645 ad
1173 2591 1382 2648 Christi
1421 2593 1838 2652 similitudinem
1872 2595 2127 2651 formam-

550 2693 659 2746 que
686 2677 1017 2747 elﬁngendos
1050 2682 1216 2737 certis
1268 2691 1574 2754 temporum
1608 2686 1881 2756 periodis,
1938 2688 2125 2743 beato-

550 2785 673 2824 rum
702 2770 918 2825 illorum
942 2774 1266 2828 saeculorum
1286 2774 1436 2833 cives
1452 2779 1722 2846 praestari.
1748 2776 1928 2845 Quare
1947 2790 2126 2835 astare

550 2864 698 2918 illam
728 2865 946 2919 lavacro
984 2880 1211 2921 necesse
1240 2878 1325 2922 est
1344 2908 1360 2932 ,
1392 2883 1488 2925 eos
1516 2881 1865 2941 generantem
1896 2873 1991 2942 qui
2031 2873 2125 2928 illo

550 2954 917 3026 intinguntur.
986 2955 1100 3012 Hoc
1136 2958 1280 3013 enim
1321 2959 1485 3015 modo
1521 2968 1575 3015 et
1609 2962 1805 3035 σελήνη
1847 2964 1866 3033 (
1901 2964 2004 3019 hoc
2041 2973 2126 3019 est

552 3045 702 3116 luna)
734 3056 964 3103 vocatur
991 3064 1055 3104 ea
1084 3066 1248 3121 quam
1272 3052 1418 3108 circa
1443 3053 1719 3108 lavacrum
1757 3055 1968 3111 obtinet
2004 3058 2121 3124 vis,

549 3139 809 3209 quoniam
839 3139 957 3195 νέον
982 3142 1144 3207 σέλας
1167 3143 1375 3215 (novum
1396 3144 1607 3201 scilicet
1627 3145 1815 3219 jubar)
1850 3149 2119 3214 renovati,

549 3233 641 3301 qui
673 3241 1063 3304 regenerantur
1096 3236 1223 3306 (hoc
1250 3243 1356 3300 est,
1388 3254 1573 3292 novam
1609 3238 1807 3311 lucem)
1835 3251 2113 3311 spargunt.

550 3320 706 3379 Unde
738 3332 793 3378 et
817 3323 1165 3392 νεοφὼτιστοι
1196 3326 1397 3393 (recens
1430 3327 1639 3382 scilicet
1668 3327 1984 3402 illuminati)
2024 3345 2121 3400 per

546 3416 836 3486 quamdam
899 3417 1443 3473 circumlocutionem
1511 3429 1776 3475 vocantur
1824 3440 1839 3476 :
1880 3437 1989 3493 qua
2038 3422 2122 3476 ni-

545 3509 746 3563 :tirum
792 3508 1038 3579 spiritale
1064 3509 1174 3565 illis
1206 3510 1565 3579 plenilunium
1625 3512 1927 3567 secundum
1988 3528 2121 3585 pas-

550 3600 726 3655 sionis
766 3600 1050 3671 periodum
1089 3614 1155 3655 ac
1194 3602 1627 3657 recordationem
1669 3617 1885 3674 semper
1919 3619 2122 3659 novum

545 3691 799 3757 exhibet,
830 3691 1008 3763 quoad
1036 3698 1091 3748 et
1118 3691 1422 3763 perfectum
1450 3694 1634 3750 lumen
1673 3711 1883 3767 magna;
1903 3696 2010 3753 diei
2042 3697 2118 3751 illi

548 3784 783 3839 oriatur.

2232 1945 2331 2015 τῆς
2370 1944 2598 2014 σελήνης
2632 1942 2872 2013 σύνοψιν,
2919 1943 3185 2012 μέχριπερ
3214 1941 3280 1996 ἂν
3322 1942 3539 2015 εἰσέλθῃ
3572 1943 3633 1995 τὸ
3674 1943 3809 2016 πλή-

2236 2054 2394 2107 ρωμα
2439 2036 2546 2088 τῶν
2593 2034 2792 2098 ἐθνῶν,
2838 2035 3100 2089 ὠδίνουσα
3139 2036 3232 2088 καὶ
3284 2035 3631 2103 ἀναγεννῶσα
3675 2037 3807 2102 τοὺς

2231 2127 2492 2198 ψυχικοὺς
2519 2129 2599 2190 είς
2626 2126 3028 2197 πνευματικούς
3045 2143 3059 2156 ο
3096 2126 3215 2179 καθ’
3239 2126 3297 2178 ὃν
3316 2126 3473 2194 λόγον
3494 2126 3589 2179 καὶ
3621 2127 3805 2199 μήτηρ

2233 2221 2398 2272 ἐστίν.
2433 2220 2643 2290 Ὥσπερ
2671 2218 2781 2290 γὰρ
2828 2218 3035 2287 σποράν
3076 2219 3267 2290 ἀνδρὸς
3306 2220 3629 2290 ἀμόρφωτον
3667 2222 3802 2273 ὑπο-

2230 2311 2496 2383 δεξαμένη
2534 2313 2692 2384 γυνὴ,
2733 2313 3001 2384 περιόδοις
3040 2311 3242 2383 χρόνων
3271 2312 3555 2383 ἄνθρωπον
3580 2312 3805 2382 όλόκλητ-

2236 2421 2326 2474 ρον
2359 2403 2589 2457 άποκύει
2609 2421 2622 2434 ο
2655 2403 2829 2477 ταύτῃ
2865 2403 2931 2475 δὴ
2963 2404 3057 2456 καὶ
3087 2403 3213 2467 τοὺς
3256 2403 3698 2474 προσφεύγοντας
3725 2404 3807 2474 τῷ

2232 2496 2409 2566 Λόγῳ,
2437 2498 2659 2567 φήσειεν
2697 2496 2764 2550 άν
2787 2514 2893 2560 τις,
2929 2495 3294 2549 συλλαϐοῦσαν
3326 2498 3412 2550 ἀεὶ
3441 2496 3539 2567 τὴν
3578 2498 3807 2568 Ἐκκλη-

2233 2589 2374 2653 σίαν,
2409 2591 2503 2642 καὶ
2530 2589 2630 2660 τὴν
2672 2588 2793 2643 καθ’
2832 2588 3089 2659 ὁμοίωσιν
3124 2588 3269 2642 ίδέαν
3303 2590 3500 2664 αρτ-οὺς
3543 2592 3636 2643 καὶ
3669 2591 3807 2662 μόρ-

2232 2698 2403 2750 φωσιν
2433 2681 2745 2753 μορφοῦσαν
2774 2681 2867 2734 τοῦ
2898 2681 3155 2751 Χριστοῦ,
3184 2681 3451 2752 περιόδοις
3476 2682 3682 2753 χρόνων
3705 2698 3806 2734 πο-

2230 2771 2379 2834 λίτας
2421 2772 2703 2844 μακαρίων
2735 2772 2957 2825 ἐκείνων
2999 2769 3210 2825 αἰώνων
3243 2773 3590 2843 ἐργάζεσθαι.
3639 2773 3809 2830 Ὅθεν

2231 2864 2290 2928 ἐξ
2330 2865 2575 2936 ἀνάγκης
2610 2864 2777 2934 αὐτὴν
2819 2863 3111 2933 ἐφεστάναι
3146 2865 3227 2918 δεῖ
3270 2865 3348 2936 τῷ
3399 2866 3626 2938 λουτρῷ,
3675 2869 3805 2933 τοὺς

2230 2955 2554 3027 λουομένους
2604 2955 2898 3023 γεννῶσαν.
2937 2956 3122 3026 Τούτῳ
3154 2955 3263 3027 γάρ
3306 2958 3502 3028 σελήνη
3542 2959 3802 3030 κέκληται

2229 3046 2308 3117 τῷ
2335 3046 2523 3116 τρόπῳ
2552 3048 2585 3118 ή
2614 3047 2741 3117 περὶ
2770 3047 2829 3098 τὸ
2851 3047 3073 3118 λουτρὸν
3103 3048 3273 3116 αὐτῆς
3301 3048 3578 3118 ὲνέργεια’
3612 3052 3805 3124 ἐπειδὴ

2231 3137 2350 3191 νέον
2379 3137 2536 3201 σέλας
2560 3138 2979 3203 ἅνανεασθέντες
3012 3142 3062 3194 οί
3088 3139 3521 3211 άναγεννώμενοι
3554 3142 3804 3214 λάμπου-

2227 3244 2332 3293 σιν,
2370 3229 2401 3282 ὅ
2440 3230 2556 3282 ἐστι
2586 3230 2704 3284 νέον
2743 3229 2891 3298 φῶς·
2942 3236 2959 3254 ‘
3004 3231 3126 3286 ὅθεν
3178 3234 3270 3287 καὶ
3305 3233 3652 3302 νεοφώτιστοι
3700 3252 3805 3288 κα-

2225 3317 2463 3384 λοῦνται,
2499 3322 2967 3391 παραφραστικῶς
2996 3322 3092 3394 τήν
3128 3325 3504 3395 πνευματικὴν
3534 3324 3805 3396 πανσέλη-

2227 3428 2316 3465 νον
2343 3414 2525 3476 αὐτοῖς
2554 3413 2652 3483 τὴν
2677 3413 2920 3484 περίοδον
2946 3414 3039 3468 τοῦ
3073 3415 3278 3479 πάθους
3309 3417 3402 3469 καὶ
3431 3416 3529 3486 τὴν
3559 3416 3806 3487 ἀνάμνη-

2229 3519 2333 3567 σιν,
2365 3504 2491 3557 νέαν
2528 3505 2615 3556 ἀεὶ
2640 3505 3111 3576 παραφαινούσης,
3145 3505 3254 3558 ἔστ’
3289 3506 3355 3559 ἂν
3381 3508 3413 3576 ή
3446 3506 3589 3578 αὐγὴ
3619 3507 3713 3560 καὶ
3739 3506 3810 3561 τὺ

2229 3595 2344 3665 φῶς
2375 3596 2437 3649 τὸ
2473 3595 2676 3651 τέλειον
2700 3598 2956 3672 ἀνατείλῃ
2986 3599 3083 3669 τῆς
3124 3598 3365 3669 μεγάλης
3392 3599 3625 3670 ἡμέρας.

932 3901 1063 3957 CAP.
1090 3901 1203 3959 VII.
1232 3903 1473 3961 Mulieris
1494 3916 1680 3975 partus
1702 3907 1759 3961 in
1785 3907 2127 3980 Apocalypsi,
2162 3927 2265 3965 non
2315 3912 2426 3980 ipse
2451 3911 2672 3976 Christi,
2704 3911 2793 3964 sed
2821 3910 3057 3979 ﬁdelium
3086 3909 3139 3961 in
3166 3908 3403 3964 lauacro.

622 4015 717 4071 Sin
741 4033 869 4073 vero
896 4019 1021 4090 quis
1043 4018 1240 4092 (neque
1270 4024 1415 4078 enim
1449 4039 1612 4094 grave
1634 4026 1707 4080 sit
1736 4027 1911 4095 palam
1938 4027 2118 4083 denuo

548 4110 718 4183 loqui)
756 4127 898 4183 aegre
936 4112 1119 4169 ferens
1153 4115 1317 4171 dictis
1354 4117 1578 4185 objiciat
1621 4139 1633 4172 :
1673 4118 1806 4185 Quae
1842 4128 1927 4175 est
1965 4121 2115 4187 haec,

544 4218 816 4273 quamque
846 4205 913 4260 ad
947 4215 1183 4262 mentem
1221 4206 1519 4279 Scriptura;
1553 4210 1719 4277 hujus
1756 4213 2045 4281 expositio,
2086 4229 2120 4268 ο

543 4297 801 4367 virgines,
836 4314 961 4354 cum
993 4300 1182 4370 utique
1200 4302 1558 4375 Apocalypsis
1580 4305 1886 4359 masculum
1916 4307 1985 4361 ab
2017 4305 2122 4361 Ec~

542 4390 710 4445 clesia
742 4393 988 4460 generari
1019 4392 1245 4447 deﬁniat
1278 4414 1290 4449 :
1327 4411 1423 4451 vos
1455 4404 1635 4450 autem
1662 4398 1828 4452 istum
1857 4398 2116 4454 Ecclesia:

542 4490 758 4550 partum
788 4482 869 4536 sic
912 4483 1366 4553 interpretamini,
1392 4494 1451 4541 ut
1483 4487 1539 4540 in
1570 4487 1637 4542 iis
1670 4488 1763 4557 qui
1807 4504 1903 4558 per
1931 4490 2116 4560 bapti-

543 4588 729 4628 smum
763 4586 1157 4645 regenerantur
1184 4578 1397 4648 impleri
1428 4580 1708 4635 doceatis?
1751 4581 1880 4635 huic
1919 4582 1993 4634 ita
2031 4597 2117 4637 re-

542 4666 975 4735 spondebimus:
1014 4669 1180 4740 Atqui
1229 4687 1297 4727 ne
1344 4673 1475 4739 tibi,
1511 4674 1855 4744 vitilitigator
1889 4683 2112 4745 argute,

538 4756 702 4813 facile
726 4758 893 4814 fuerit
929 4763 1238 4827 ostendere,
1264 4763 1548 4821 Christum
1582 4781 1707 4822 esse
1746 4766 1913 4822 istum
1954 4768 2113 4837 cujus

611 4891 724 4972 (in?)
761 4894 894 4972 _K¢_zl_
923 4898 1330 4968 προσλήψεως
1381 4901 1571 4971 ἡμῶν.
1624 4900 1739 4955 Vox
1787 4902 2110 4972 theologica,

537 4964 605 5043 de
643 4963 848 5043 Christi
883 4963 1121 5022 humana
1151 4963 1377 5024 'hatura
1407 4963 1620 5042 "saepius
1653 4982 1936 5042 usurpata,
1970 4963 2116 5042 "quat

538 5034 617 5088 sic
646 5049 675 5086 a
713 5034 889 5112 Verbo
911 5047 1213 5112 assumpta,
1232 5056 1459 5112 nosque
1498 5034 1554 5096 in
1587 5043 1699 5097 illa.
1729 5034 1936 5112 llicqué
1956 5034 2113 5109 adeo,

538 5114 721 5192 nostra
760 5106 890 5192 ﬁdes
915 5115 973 5192 et
1002 5106 1327 5192 πρόσληψις,
1362 5106 1548 5192 fideles
1592 5121 1720 5192 sunt
1748 5126 1801 5168 et
1822 5106 1914 5192 qiui
1954 5106 2115 5192 Chrif

537 5176 956 5255 sto-accedunt,
1008 5176 1239 5253 ejusque
1280 5197 1400 5255 sors
1441 5192 1496 5238 et
1524 5185 1813 5239 hzereditas
1840 5176 2115 5255 'baptismi

537 5245 844 5325 initiatione
868 5245 1236 5325 numquam
1283 5252 1423 5307 luna:
1453 5256 1699 5325 symbolo
1721 5245 1994 5325 designari
2016 5272 2114 5310 au-

536 5322 655 5397 ctor
677 5325 763 5371 est
795 5317 1125 5397 Methodius,
1145 5322 1218 5397 ob
1245 5317 1508 5397 aquagun't
1538 5340 1661 5397 cum
1690 5326 1811 5395 ejus
1842 5317 1967 5397 luce
1980 5327 2114 5397 galli-

537 5392 760 5441 nitatem
796 5403 862 5443 ac
887 5392 1371 5451 necessitudinem.
1393 5392 1733 5450 Fallentihus
1768 5396 1943 5450 oculis
1977 5395 2113 5451 Pos-

535 5457 867 5536 sininsacsi
890 5473 1035 5518 esset
1058 5463 1397 5536 προλήψεως,
1422 5473 1472 5519 et
1500 5468 1929 5535 persuasionem;
1959 5468 2114 5521 item-

534 5543 639 5606 que
664 5528 1276 5606 Allatius,_anteccpta'm
1308 5528 1957 5606 animoinformationem,
1983 5553 2107 5590 cum

534 5598 694 5651 ambo
740 5598 1032 5667 ediderint,
1070 5598 1215 5675 quod
1251 5607 1355 5661 loci
1394 5608 1534 5661 ratio
1565 5598 1827 5677 postulat,
1866 5626 1905 5661 π
1976 5609 2107 5678 σλή-

534 5665 698 5732 ψεως.
733 5667 944 5727 Fefellit
970 5675 1033 5727 τὸ
1065 5677 1323 5732 πίστεως.
1354 5679 1510 5732 quasi
1536 5694 1596 5732 ea
1633 5693 1766 5732 voce
1801 5624 2106 5732 Metmidius

532 5665 698 5748 ιξεως.
733 5667 944 5727 Fefellit
970 5665 1033 5727 τδ
1065 5665 1323 5740 πίστεως,
1354 5679 1510 5748 quasi
1536 5665 1596 5733 ea
1633 5693 1766 5733 voce
1801 5665 1906 5732 Met

535 5736 659 5818 ﬁdei
687 5754 1004 5818 assensum,
1044 5759 1152 5818 non
1179 5736 1327 5815 ipsos
1371 5736 1543 5817 inagis
1585 5748 1769 5803 ﬁdeles
1815 5749 2103 5818 signiticet,

531 5822 595 5862 ea
624 5808 883 5882 baptismi
909 5808 1254 5886 intinctione,
1288 5819 1447 5889 quasi
1460 5808 1807 5889 parturiente
1834 5808 2100 5886 Ecclesia,

2306 4027 2430 4081 Ἐὰν
2474 4027 2530 4080 δέ
2579 4044 2659 4089 τις
2712 4025 2900 4095 (οὐδὲν
2945 4024 3052 4095 γάρ
3102 4023 3336 4093 χαλεπὸν
3378 4022 3458 4097 ἔτι
3499 4022 3803 4095 διαρρήδην

2221 4118 2413 4185 εἰπεῖν)
2444 4118 2826 4188 ἀγανακτήσας
2865 4115 3048 4186 φράσῃ
3088 4115 3223 4186 πρὸς
3260 4115 3329 4168 τὰ
3366 4115 3651 4185 εἰρημένα,
3686 4115 3801 4169 Καὶ

2222 4210 2338 4274 πῶς
2388 4212 2516 4280 ὑμῖν
2562 4212 2595 4280 ή
2655 4209 2933 4280 ἐξήγησις,
2982 4202 3027 4261 ὦ
3079 4207 3361 4279 παρθένοι,
3410 4209 3617 4277 γίνεται
3657 4208 3803 4263 κατὰ

2221 4303 2345 4357 νοῦν
2376 4303 2475 4373 τῆς
2505 4301 2746 4374 Γραφῆς,
2776 4301 2936 4353 ὁπότε
2988 4302 3022 4370 ή
3066 4300 3163 4370 μὲν
3202 4300 3566 4369 Ἀποκάλυψις
3595 4300 3804 4372 ἄρσενα

2227 4399 2323 4468 τὴν
2368 4394 2691 4465 Ἐκκλησίαν
2724 4393 3015 4465 διορίζεται
3049 4395 3263 4465 γεννᾷν,
3293 4394 3449 4463 ὑμεῖς
3473 4393 3529 4445 δὲ
3558 4393 3665 4446 ἀπὺ
3689 4395 3802 4446 τῶν

2219 4487 2632 4557 ἁπολουομένων
2669 4484 3042 4557 παρειλήφατε
3083 4484 3181 4548 τὰς
3214 4484 3573 4556 τελεσφόρους
3601 4484 3801 4549 ὠδῖνας

3759 4572 3789 4595 τ

2224 4581 2392 4650 αὐτῆς
2440 4578 2774 4650 πληροῦσθαι
2826 4578 3151 4648 λουομέναςς
3212 4576 3468 4646 λέξομεν·
3536 4576 3697 4639 Ἀλλ’,
3751 4576 3800 4631 ὦ

2225 4671 2487 4739 φιλαίτιε,
2525 4669 2637 4721 ἀλλ’
2673 4669 2795 4723 οῦδὲ
2825 4686 2906 4721 σοι
2955 4670 3213 4740 πάρεστιν
3242 4668 3505 4732 ἐπιδεῖξαι
3543 4668 3633 4723 τὸν
3670 4670 3798 4741 Χρι·

2227 4763 2347 4816 στὸν
2391 4762 2551 4815 αὐτὸν
2601 4756 2739 4813 εἶναι
2772 4761 2864 4814 τὸν
2905 4759 3261 4831 γεννώμενον.
3307 4760 3482 4813 Πάλαι
3534 4760 3642 4831 γὰρ
3690 4762 3801 4831 πρὸ

2218 4900 2440 4956 Christo
2488 4905 2842 4951 renascentes
2878 4916 2891 4950 :
2928 4912 3092 4966 quam
3140 4895 3369 4967 proinde
3412 4895 3697 4951 ministros
3739 4906 3799 4953 et

2219 4970 2578 5025 hierarchiam
2636 4969 2998 5037 perlicientem
3054 4968 3334 5037 intelligat,
3383 4981 3479 5020 seu
3539 4966 3799 5022 sacerdo-

2218 5042 2381 5095 talem
2411 5040 2678 5103 ordinem,
2728 5040 2780 5092 in
2837 5038 3099 5108 apostolis
3132 5037 3577 5108 cmptumrginque
3605 5051 3799 5091 eorum

2220 5111 2637 5167 successoribus
2696 5110 2750 5162 in
2792 5106 2950 5164 linem
2996 5124 3170 5179 usque
3221 5106 3422 5179 mundi
3445 5106 3795 5179 duraturum.

2222 5182 2388 5235 Lunai
2417 5183 2520 5235 ista
2564 5181 2878 5249 metaphora
2910 5186 2965 5234 et
2995 5177 3258 5250 etymum
3280 5177 3497 5250 longius
3529 5178 3798 5250 arcessita

2222 5254 2476 5329 videntur
2501 5268 2515 5303 :
2541 5246 2821 5329 planiora“
2840 5265 2963 5320 qua:
2993 5246 3156 5303 habet
3205 5247 3531 5329 Dionysius,
3558 5246 3635 5329 De
3662 5247 3797 5329 περ.

2220 5323 2444 5399 hieran,
2482 5317 2603 5393 ca'p.
2641 5323 2695 5382 5,
2733 5317 2970 5399 aliique,_
2992 5334 3272 5399 exponens
3316 5317 3463 5399 quod
3498 5319 3573 5399 ita
3616 5318 3797 5399 baptif

2221 5410 2373 5450 smus
2427 5388 2598 5447 lumen
2643 5388 2890 5456 vocatur,
2923 5388 3153 5460 ejusque
3185 5388 3341 5445 ritus"
3362 5388 3708 5460 illuminatio,
3738 5398 3798 5460 et

2219 5465 2312 5535 qui
2333 5465 2425 5520 illo
2457 5464 2820 5535 intinguntur,
2847 5458 3021 5516 recens
3044 5458 3354 5535 illuminari,
3380 5458 3565 5535 Graece
3596 5459 3798 5535 νεοφὼ-

2215 5529 2405 5599 τιστοι,
2444 5529 2713 5605 (ιυοιῑρει
2747 5539 3151 5605 sacramentum
3198 5530 3319 5605 ﬁdei
3351 5531 3631 5605 primaque
3666 5529 3798 5583 illu-

2216 5599 2480 5686 minatio,
2497 5613 2550 5658 et
2580 5620 2687 5686 qua
2711 5604 2778 5657 ad
2793 5606 3040 5686 _reliquas
3070 5601 3246 5686 idonei
3282 5599 3666 5686 reddimuriin
3694 5614 3801 5652 cu-

1948 5671 2106 5733 odiiis
2210 5678 2302 5746 jus
2341 5677 2514 5746 ipsius
2538 5671 2617 5729 rei
2670 5671 2974 5746 symbolum
3021 5687 3185 5746 super
3206 5671 3549 5746 baptizandis
3581 5672 3798 5746 lampas

2216 5740 2553 5807 accenditur,
2588 5740 2715 5800 sive'
2737 5745 2901 5798 etiam
2945 5740 3206 5812 gestanda
3250 5742 3357 5793 illis
3392 5741 3644 5796 traditur.
3682 5740 3795 5795 Sed

2215 5819 2329 5874 haec
2351 5817 2579 5873 alterius
2602 5816 2699 5871 otii
2731 5822 2895 5887 atque
2927 5829 3123 5885 operae.
3161 5814 3451 5870 υοιοεειε.
