4140 6414
400 331 501 390 H9

1485 329 1868 387 CONVIVIUM
1908 328 2139 386 DECEM
2177 327 2537 384 VlRGINUM.

3540 332 3643 387 150

392 445 495 517 τῆς
535 444 952 516 Ἀποκαλύψεως
980 443 1338 516 ἐπεπλήρωτο
1369 446 1665 516 μυστήριον
1688 446 1789 515 τῆς
1819 447 1966 500 ἐναν-

2073 441 2371 512 Scriptura:
2395 441 2576 497 verbis
2598 447 2787 512 partus
2812 442 3099 498 referatur.
3126 440 3338 497 Dudum
3373 444 3645 515 siquidem

393 533 729 606 θρωπήσεως
755 533 850 587 τοῦ
880 534 1077 603 Λόγου.
1119 536 1179 586 Ὀ
1207 533 1264 587 δὲ
1305 533 1579 604 Ἰωάννης,
1615 534 1743 605 περί
1770 534 1971 605 παρόν-

391 641 502 678 των
534 624 629 677 καὶ
666 624 964 695 μελλόντων
1017 624 1302 695 θεσμῳδεί.
1360 624 1420 676 Ὀ
1461 623 1518 676 δὲ
1567 624 1824 695 Χριστὸς,
1865 625 1970 678 πά-

394 717 483 770 λαι
524 716 770 790 κυηθεὶς,
804 720 905 789 οὐχ
938 717 1221 790 ἡρπάσθη,
1250 717 1413 771 ὁπότε
1444 717 1663 789 ἐτέχθη,
1697 719 1833 790 πρὸς
1876 720 1968 775 τὸν

394 807 584 880 θρόνον
622 808 718 863 τοῦ
776 809 933 873 Θεοῦ,
974 809 1124 880 φόϐῳ
1167 809 1262 865 τοῦ
1308 809 1384 881 μή
1430 810 1772 882 λυμήνασθαι
1806 811 1969 866 αὐτὸν

392 900 485 953 τὸν
527 901 681 970 ὄφιν·
725 901 861 955 ἀλλὰ
905 901 994 955 διὰ
1034 901 1190 956 τοῦτο
1233 902 1519 975 ἐγεννήθη,
1564 903 1658 956 καὶ
1702 904 1968 976 κατῆλθεν

396 991 559 1057 αὐτὸς
586 993 695 1049 ἀπὸ
719 992 827 1047 τῶν
855 993 1062 1065 θρόνων
1086 994 1181 1052 τοῦ
1209 996 1444 1067 Πατρός,
1472 997 1562 1051 ἵνα
1589 998 1680 1052 τὸν
1703 998 1970 1073 δράκοντα

395 1084 747 1158 χειρώσηται,
788 1085 976 1157 μείνας
1034 1087 1391 1160 ἐπιτρέχοντα
1449 1090 1516 1160 τῇ
1573 1090 1754 1162 σαρκί.
1807 1091 1968 1144 Ὥστε

395 1174 611 1247 ἀνάγκη
651 1175 934 1246 ὁμολογεῖν
962 1176 1028 1250 δὴ
1074 1178 1171 1231 καὶ
1214 1178 1295 1243 σὲ,
1320 1176 1419 1250 τὴν
1464 1177 1788 1248 Ἐκκλησίαν
1829 1175 1967 1234 εἶναι

393 1267 492 1339 τὴν
541 1266 834 1323 ὠδίνουσαν
872 1270 967 1323 καὶ
1024 1260 1301 1338 γεννῶσαν
1353 1270 1483 1333 τοὺς
1532 1270 1969 1342 ἀπολουτρουμέ-

393 1376 518 1423 νους
556 1358 666 1430 (18)
691 1377 705 1390 ⁸
748 1359 825 1425 ῶς
851 1379 953 1415 που
995 1361 1089 1416 καὶ
1119 1362 1177 1416 ὲν
1223 1361 1418 1441 Ἡσαΐᾳ
1449 1362 1511 1415 τὺ
1544 1362 1770 1434 Πνεῦμα
1798 1381 1963 1434 φησι·

392 1453 542 1519 Πρὶν
567 1450 681 1519 τὴν
717 1452 1062 1509 ὠδίνουσαν
1096 1453 1291 1508 τεκεῖν
1328 1452 1427 1507 καὶ
1456 1454 1600 1523 πρὶν
1626 1455 1827 1509 ἐλθεῖν
1862 1456 1968 1509 τὸν

392 1542 583 1596 πόνον
626 1542 744 1598 τῶν
777 1544 1005 1599 ὠδίνων
1025 1586 1039 1611 ,
1077 1545 1353 1616 ἐξέφυγε,
1380 1547 1479 1600 καὶ
1522 1546 1730 1601 ἔτεκεν
1755 1546 1962 1615 ἄρσεν.

396 1634 491 1700 Τίς
516 1633 748 1702 ἢκουσε
778 1637 1046 1699 τοιοῦτο;
1083 1638 1183 1691 καὶ
1224 1638 1316 1704 τις
1351 1638 1612 1707 ἑώρακεν
1650 1638 1870 1705 οὗτως;
1896 1640 1967 1692 Et

390 1722 603 1779 ὤδινεν
634 1728 672 1795 ἠ
701 1727 778 1797 γῆ
802 1728 871 1782 ἐν
894 1728 997 1796 μιᾷ
1024 1728 1231 1799 ἡμέρᾳ,
1251 1730 1347 1783 καὶ
1364 1732 1417 1783 εὶ
1439 1730 1771 1801 ἐγέννησεν
1790 1729 1966 1795 ἔθνος

2070 544 2198 590 ante
2226 534 2609 606 Apocalypsim
2639 534 2924 605 impletum
2956 541 3040 591 est
3060 533 3460 594 lncarnationis
3478 535 3641 593 Verbi

2069 626 2410 698 mysterium.
2434 623 2608 680 Porro
2632 623 2875 682 Joannes
2913 624 2982 681 de
3018 625 3088 682 iis
3124 625 3366 695 loquitur
3400 644 3521 697 quae
3561 629 3644 684 vel

2069 726 2201 773 tunc
2222 717 2415 774 ﬁerent
2437 718 2522 773 vel
2541 732 2663 789 quae
2694 717 2823 772 olim
2844 724 3107 774 eventura
3143 725 3350 774 essent.
3374 715 3644 774 Praeterea

2068 810 2344 877 Christus,
2368 810 2574 867 dudum
2598 816 2915 880 conceptus,
2943 818 3232 880 postquam
3253 809 3448 866 deinde
3479 819 3644 865 natus

2068 911 2172 970 est,
2206 918 2316 958 non
2349 913 2434 958 est
2457 912 2643 972 raptus
2668 901 2736 956 ad
2770 901 3026 956 thronum
3065 900 3184 966 Dei,
3225 909 3374 955 metu
3412 918 3480 956 ne
3510 902 3642 973 quid

2071 996 2148 1051 illi
2176 1011 2334 1051 noxa:
2363 994 2638 1065 serpentis
2667 993 2793 1049 dolo
2832 991 3126 1049 inferretur
3154 1012 3167 1046 :
3199 993 3331 1063 quin
3363 994 3545 1063 potius
3584 994 3643 1048 in

2070 1087 2174 1143 hoc
2195 1088 2372 1157 ipsum
2403 1094 2563 1141 natus
2588 1094 2694 1150 est,
2721 1092 2778 1139 et
2800 1101 2831 1141 e
2854 1083 3034 1141 Patris
3064 1084 3181 1155 ipse
3196 1085 3395 1140 throno
3414 1084 3644 1141 descen-

2070 1177 2170 1240 dit,
2215 1185 2273 1231 ut
2302 1176 2560 1232 draconis
2585 1179 2642 1231 in
2674 1190 2895 1231 carnem
2926 1184 3181 1246 suscepto
3222 1176 3429 1231 insultu
3457 1191 3521 1231 ac
3553 1182 3639 1232 to-

2070 1269 2263 1334 lerato,
2303 1268 2561 1324 draconis
2592 1268 2881 1338 potiretur.
2924 1266 3105 1334 Quare
3144 1275 3197 1324 te
3225 1283 3444 1339 quoque
3482 1266 3642 1322 fateri

2070 1375 2292 1415 necesse
2324 1370 2408 1415 cst
2428 1400 2443 1423 ,
2473 1359 2773 1414 Ecclesiam
2805 1374 2928 1415 esse
2961 1374 3083 1429 quae
3120 1359 3357 1430 parturit
3397 1374 3460 1416 ac
3501 1361 3644 1430 parit

2070 1468 2168 1508 eos
2193 1453 2284 1522 qui
2313 1469 2379 1507 ex
2429 1454 2646 1507 lavacro
2692 1452 3107 1522 suscipiuntur,
3167 1454 3246 1507 uti
3304 1454 3464 1509 etiam
3499 1455 3644 1524 apud

2068 1545 2263 1600 Isaiam
2322 1544 2557 1616 Spiritus
2594 1546 2830 1616 quodam
2877 1544 2999 1600 loco
3035 1544 3169 1600 dicit
3197 1546 3283 1600 "z
3318 1544 3645 1616 Priusquam

2069 1637 2399 1705 parturiret,
2458 1636 2687 1704 peperit;
2740 1645 2789 1690 et
2826 1646 3104 1707 antequam
3155 1637 3384 1691 venirent
3435 1635 3642 1693 dolores

2068 1738 2275 1799 partus,
2310 1731 2524 1800 e/fugit,
2552 1739 2601 1785 et
2648 1730 2849 1799 peperit
2898 1729 3212 1785 masculum.
3266 1732 3398 1796 Quis
3443 1731 3646 1787 audivit

389 1816 652 1884 εἰσάπαξ
658 1818 711 1885 ,ὅ
716 1835 763 1873 τι
772 1820 881 1874 ὡδί
882 1836 1033 1889 νησε
1048 1822 1219 1885 Σιὼν,
1239 1823 1336 1875 καὶ
1351 1823 1555 1877 ἔτεκεν
1569 1822 1819 1891 ἅρσενα;
1834 1824 1966 1876 Τίνα

2071 1839 2304 1892 unquam
2347 1821 2490 1878 tale?
2528 1831 2622 1876 aut
2646 1823 2763 1892 quis
2798 1820 2929 1874 vidit
2958 1822 3079 1875 huic
3119 1824 3336 1880 simile?
3387 1823 3644 1896 Nunquid

391 1908 651 1979 ἐξέφυγεν
672 1928 686 1978 ;
709 1906 745 1984 ἦ
763 1912 858 1981 (al.
875 1913 939 1983 ἢ)
965 1914 1181 1978 πάντως
1202 1915 1291 1968 τὸν
1307 1914 1594 1987 δράκοντα,
1620 1915 1706 1969 ἵνα
1726 1916 1961 1988 γεννήσῃ

2068 1916 2321 1983 parturiit
2347 1924 2490 1968 terra
2522 1915 2577 1969 in
2600 1913 2684 1968 die
2716 1932 2825 1969 una
2845 1918 2869 1971 ?
2893 1932 2955 1969 ac
2980 1917 3026 1970 si
3050 1926 3252 1988 gentem
3295 1917 3455 1971 simul
3491 1932 3645 1986 pepe-

388 2000 480 2053 τὸν
509 2001 635 2057 λαὸν
662 2005 695 2076 ή
737 2004 900 2077 νοητὴ
933 2004 1091 2071 Σιὼν,
1122 2007 1214 2060 τὸν
1260 2008 1483 2080 ἄρσενα,
1515 2006 1607 2061 τὸν
1636 2007 1746 2062 τῶν
1783 2024 1965 2078 γυναι-

388 2093 553 2148 κείων
585 2096 774 2151 παθῶν
807 2099 901 2153 καὶ
934 2099 1033 2170 τῆς
1065 2099 1338 2163 ἐκλύσεως
1365 2101 1445 2165 εἰς
1479 2100 1579 2173 τὴν
1611 2100 1838 2173 ἑνότητα
1865 2099 1962 2154 τοῦ

388 2187 594 2260 Κυρίου
613 2192 1025 2262 καταντήσαντα
1048 2194 1139 2246 καὶ
1155 2192 1616 2266 ἀπαρσενωθέντα
1644 2195 1711 2266 τῇ
1736 2192 1960 2265 σπουδῇ.

2069 2010 2232 2072 rerit,
2295 2008 2422 2077 quia
2462 2008 2713 2076 parturiit
2764 2007 2925 2072 Sion,
2967 2018 3015 2063 et
3066 2011 3260 2079 peperit
3302 2010 3642 2067 masculum?

2069 2096 2243 2165 Quem
2282 2097 2515 2171 effugit?
2551 2114 2664 2154 non
2715 2114 2847 2155 sane
2884 2101 3049 2155 alium
3089 2116 3253 2172 quam
3311 2102 3643 2168 draconem,

2070 2200 2133 2247 ut
2185 2192 2445 2262 populum
2504 2193 2810 2248 masculum
2875 2201 3089 2263 pareret
3147 2194 3410 2264 spiritalis
3470 2194 3641 2261 Sion;

387 2284 480 2353 qui
544 2285 803 2340 nimirum
851 2303 918 2343 ex
961 2289 1321 2345 muliebribus
1378 2290 1528 2347 vitiis
1578 2289 1798 2360 vitaque
1854 2287 2120 2344 solutiore
2158 2286 2228 2342 ad
2271 2285 2487 2342 Domini
2555 2287 2822 2342 unitatem
2881 2287 3457 2359 necessitudinemque
3514 2304 3644 2344 eva-

387 2378 561 2444 serit,
584 2396 650 2437 ac
675 2382 894 2438 virtutis
920 2392 1275 2441 concertante
1299 2385 1483 2440 studio
1508 2385 1741 2440 masculi
1762 2385 1961 2441 robore
1990 2383 2355 2454 promoverit.

840 2495 971 2552 Car.
994 2495 1130 2553 Vlll.
1164 2496 1375 2555 Fideles
1398 2500 1457 2555 in
1485 2500 1746 2570 baptismo
1772 2514 1970 2565 mares,
2000 2496 2219 2554 Christo
2259 2499 2596 2570 conﬁgurati.
2632 2498 2838 2565 Sancti,
2864 2500 2963 2569 ipsi
2986 2498 3224 2556 Christi.’

459 2613 721 2685 Λέγωμεν
746 2609 839 2668 οῦν
862 2615 1022 2671 πάλιν
1053 2616 1113 2682 ἐξ
1138 2618 1314 2690 ἀρχῆς
1341 2618 1827 2684 ἐπαναποδίσασαι,
1867 2617 1964 2689 μέ-

382 2722 585 2778 χριπερ
612 2705 678 2760 ἂν
712 2706 947 2778 καθεξῆς
991 2709 1129 2779 πρὸς
1170 2710 1230 2763 τὸ
1260 2710 1412 2774 τέλος
1445 2710 1710 2782 ἔλθωμεν,
1738 2708 1966 2781 ἐξηγού-

386 2813 544 2866 μεναι
562 2795 632 2850 τὰ
657 2798 938 2869 εἰρημένα.
974 2798 1174 2852 Σκόπει
1205 2796 1298 2854 οὖν
1328 2800 1422 2854 ἐάν
1450 2818 1564 2865 πως
1588 2802 1684 2855 καὶ
1718 2801 1800 2854 σοὶ
1832 2800 1963 2871 δοκῇ

384 2888 523 2959 πρὸς
562 2888 802 2956 εὐδοξίαν
851 2892 881 2944 ὁ
933 2892 1088 2961 λόγος
1133 2893 1497 2970 πληροῦσθαι..
1537 2891 1681 2963 Ἐγὼ
1723 2893 1832 2964 γὰρ
1874 2892 1966 2945 τὸν

384 2982 585 3056 ἄρσενα
627 2982 798 3056 ταύτῃ
831 2986 1026 3057 γεννᾷν
1056 2986 1309 3059 εἰρῆσθαι
1346 2987 1552 3059 νομίζω
1587 2987 1687 3059 τὴν
1729 2987 1961 3061 Ἐκκλη-

386 3074 539 3128 σίαν·
585 3075 772 3149 ἐπειδὴ
813 3077 940 3141 τοὺς
977 3079 1328 3152 χαρακτῆρας
1375 3079 1468 3133 καὶ
1516 3081 1616 3152 τὴν
1649 3081 1962 3137 ὲκτύπωσιν

385 3168 479 3222 καὶ
515 3168 618 3239 τὴν
659 3168 1005 3240 ἁρῤενωπίαν
1057 3169 1153 3224 τοῦ
1183 3170 1420 3239 Χριστοῦ
1453 3172 1961 3244 προσλαμϐάνουσιν

382 3259 436 3310 οί
463 3257 841 3331 φωτιζόμενοι,
870 3261 968 3333 τῆς
995 3260 1118 3314 καθ’
1146 3261 1405 3333 ὁμοίωσιν
1435 3264 1651 3337 μορφῆς
1688 3266 1753 3319 ἐν
1780 3267 1963 3331 αὐτοῖς
1991 3246 2033 3303 C

386 3353 796 3423 ἐκτυπουμένης
825 3352 920 3407 106
949 3354 1122 3423 Λόγου
1144 3394 1159 3418 ,
1193 3354 1287 3408 καὶ
1320 3356 1377 3408 ὲν
1404 3356 1589 3420 αὐτοῖς
1617 3358 1965 3430 γεννωμένης

384 3441 528 3496 κατὰ
549 3441 649 3513 τὴν
676 3444 877 3514 ἀκριϐῆ
903 3444 1103 3512 γνῶσιν
1135 3445 1229 3498 καὶ
1252 3445 1434 3500 πίστιν
1455 3462 1471 3478 ·
1492 3445 1636 3501 ὥστε
1662 3450 1721 3502 ὲν
1753 3450 1967 3521 ἑκάστῳ

386 3534 679 3603 γεννᾶσθαι
734 3535 824 3589 τὸν
868 3536 1102 3606 Χριστὸν
1138 3535 1363 3607 νοητῶς.
1411 3537 1521 3591 Καὶ
1573 3538 1665 3592 διὰ
1719 3539 1876 3594 τοῦτο
1929 3543 1963 3611 ή

399 3624 697 3697 Ἐκκλησία
736 3628 958 3697 σπαργᾷ
989 3629 1084 3681 καὶ
1113 3627 1313 3692 ὠδίνει,
1351 3629 1622 3701 μέχριπερ
1654 3629 1721 3685 ἂν
1763 3632 1792 3684 ό
1833 3633 1968 3703 Χρι-

386 3716 512 3780 στὸς
536 3719 599 3772 ὲν
622 3719 755 3788 ἡμῖν
801 3718 1064 3790 μορφωθῇ
1086 3717 1387 3790 γεννηθεὶς,
1416 3721 1564 3784 ὅπως
1602 3721 1830 3786 ἕκαστος
1860 3721 1967 3776 τῶν

383 3811 577 3879 ἁγίων,
611 3810 689 3881 τῷ
715 3810 963 3883 μετέχειν
993 3812 1254 3885 Χριστοῦ,
1290 3816 1523 3887 Χριστὸς
1549 3817 1806 3889 γεννηθῇ.
1829 3818 1966 3872 Καθ’

380 3900 443 3953 ὃν
475 3899 630 3969 λόγον
683 3901 779 3954 καὶ
824 3900 889 3955 ἐν.
932 3918 1036 3954 τινι
1069 3902 1261 3975 Γραφῇ
1311 3903 1567 3976 φέρεται·
1605 3904 1702 3974 Μὴ
1729 3905 1970 3974 ἄψησθε

384 3991 504 4046 τῶν
538 3992 799 4062 χριστῶν
819 4011 960 4062 μου,
988 3993 1087 4048 καὶ
1116 3994 1188 4048 ἐν
1217 3995 1342 4060 τοῖς
1372 3995 1706 4065 προφήταις
1737 4014 1856 4065 μου
1878 3996 1966 4065 μὴ

383 4087 817 4155 πονηψεύησθε.
865 4086 1041 4140 Οἱονεὶ
1085 4086 1318 4159 χριστῶν
1356 4089 1656 4157 γεγονότων
1688 4086 1795 4140 τῶν
1827 4086 1966 4140 κατὰ

388 4178 678 4251 μετουσίαν
714 4177 809 4231 τοῦ
857 4176 1175 4249 Πνεῦματος
1215 4179 1295 4241 εἰς
1333 4178 1567 4252 Χριστὸν
1597 4177 1964 4250 βεϐαπτισμέ-

381 4289 523 4327 νων·
570 4271 983 4343 συμϐαλλούσης
1014 4271 1248 4325 ἐνταῦθα
1280 4270 1379 4342 τὴν
1413 4273 1470 4324 ἐν
1519 4270 1598 4343 τῷ
1640 4272 1797 4343 Λόγῳ
1838 4272 1968 4344 τρά-

384 4383 548 4420 νωσιν
591 4366 702 4438 (19)
749 4365 929 4420 αὐτῶν
976 4366 1069 4420 καὶ
1121 4364 1543 4436 μεταμόρφωσιν
1593 4365 1694 4437 τῆς
1740 4365 1967 4435 Ἐκκλη-

386 4457 529 4521 σίας.
566 4457 783 4511 Βεϐαιοί
821 4456 878 4510 δὲ
910 4457 1002 4512 καὶ
1041 4454 1215 4512 ταῦτα
1256 4454 1497 4519 Παῦλος,
1530 4453 1778 4530 φανερῶς
1820 4454 1964 4511 διδά-

389 4566 556 4614 σκων,
590 4548 721 4603 ἔνθα
764 4547 924 4621 φησί·
963 4547 1187 4603 Τούτου
1230 4547 1407 4616 χάριν
1452 4546 1698 4616 κάμπτω
1744 4546 1819 4601 τὰ
1864 4547 1962 4617 γό-

2136 2617 2397 2673 Dicamus
2429 2633 2559 2690 ergo
2598 2619 2712 2675 haec
2746 2634 2939 2676 rursus
2964 2618 3177 2683 eadem,
3202 2626 3257 2672 ct
3279 2619 3350 2673 ab
3369 2618 3525 2674 initio
3554 2634 3644 2673 re-

2067 2717 2369 2776 sumentes,
2399 2711 2660 2766 continua
2684 2711 2827 2769 serie
2850 2712 2920 2768 ad
2945 2712 3104 2767 linem
3136 2725 3311 2782 usque
3328 2711 3647 2766 distinctius

2066 2804 2421 2860 deducamus.
2461 2802 2695 2859 Attende
2743 2802 2939 2874 igitur,
3021 2818 3202 2859 annon
3284 2803 3365 2859 sic
3423 2802 3521 2857 tibi
3577 2800 3646 2855 ad

2067 2905 2273 2953 rectam
2303 2904 2358 2951 et
2388 2894 2722 2967 probabilem
2754 2895 3079 2950 sententiam
3114 2896 3269 2950 locus
3316 2895 3406 2950 hic
3446 2893 3646 2964 exponi

2069 2989 2339 3046 videatur.
2364 2986 2485 3059 Ego
2520 2987 2668 3043 enim
2708 2986 2812 3041 hac
2837 2986 2905 3043 de
2961 3002 3127 3042 causa
3167 2987 3368 3041 dietum
3393 2986 3647 3041 existimo

2067 3082 2214 3154 gigni
2246 3096 2450 3137 marem
2475 3081 2543 3136 ab
2565 3079 2830 3148 Ecclesia,
2864 3080 3008 3149 quod
3042 3095 3236 3149 nempe
3256 3080 3294 3132 ii
3326 3080 3420 3147 qui
3446 3079 3647 3134 illumi-

2069 3181 2291 3234 nantur,
2321 3172 2525 3229 Christi
2582 3171 2909 3226 lineamenta
2940 3164 3275 3241 effigiemque
3314 3186 3380 3226 ac
3436 3163 3645 3226 virilem

2066 3281 2193 3321 vere
2220 3265 2463 3319 animum
2497 3270 2889 3335 aspectumque
2920 3269 3228 3325 assumunt,
3255 3260 3412 3317 Verbi
3442 3262 3642 3326 forma,

2070 3371 2193 3427 quae
2241 3355 2541 3411 secundum
2577 3353 2989 3411 similitudinem
3035 3361 3142 3416 est,
3200 3353 3308 3407 illis
3353 3354 3644 3423 impressa,

2068 3457 2123 3505 et
2151 3460 2247 3519 per
2272 3456 2478 3503 certam
2523 3446 2815 3504 scientiam.
2843 3444 3112 3516 ﬁdemque
3137 3445 3192 3499 in
3224 3447 3304 3500 eis
3339 3448 3645 3516 progenita,

2069 3543 2146 3597 ita
2182 3550 2239 3597 ut
2276 3542 2332 3596 in
2362 3554 2691 3611 unoquoque
2714 3537 3034 3608 spiritaliter
3088 3544 3347 3593 nascatur
3370 3536 3644 3607 Christus.

2068 3632 2146 3688 Ac
2177 3643 2460 3703 propterea
2511 3630 2756 3686 Ecclesia
2812 3630 2959 3685 velut
3013 3628 3186 3685 fervet
3240 3636 3525 3701 turgctque
3581 3644 3646 3684 ac

2069 3724 2303 3794 parturit
2331 3722 2399 3790 ⁸³,
2422 3722 2596 3777 donec
2648 3720 2912 3775 formetur
2951 3720 3007 3774 in
3054 3720 3215 3775 nobis
3244 3721 3460 3790 genitus
3487 3720 3650 3776 Chri-

2069 3827 2189 3874 stus
2214 3834 2228 3869 :
2258 3832 2366 3887 quo
2396 3816 2654 3870 nimirum
2685 3814 2917 3884 quisque
2940 3820 3279 3877 sanctorum,
3303 3828 3410 3883 qua
3436 3814 3650 3872 ratione

2068 3909 2271 3966 Christi
2335 3906 2605 3977 particeps
2667 3913 2780 3968 est,
2835 3904 3090 3960 Christus
3148 3914 3427 3959 nascatur.
3482 3902 3649 3959 Juxta

2070 4015 2231 4070 quem
2261 4012 2484 4054 sensum
2508 3996 2563 4050 in
2591 3996 2827 4067 quadam
2856 3994 3141 4065 Scriptura
3171 3995 3374 4069 dicitqr
3406 3996 3454 4028 ⁸⁸
3486 4014 3500 4051 :
3539 3994 3649 4049 No-

2071 4094 2163 4147 lite
2184 4102 2393 4162 tangere
2426 4090 2648 4144 christos
2676 4104 2837 4153 meos,
2860 4097 2910 4142 et
2936 4088 2991 4140 in
3019 4087 3280 4157 prophetis
3322 4088 3451 4142 meis
3487 4088 3649 4143 nolite

2071 4184 2373 4255 malignari.
2406 4181 2690 4251 Tanquam
2740 4180 2931 4234 christi
2966 4180 3261 4243 evaserint,
3296 4178 3531 4249 Spiritus
3563 4179 3647 4234 in-

2068 4277 2219 4331 dulto
2242 4273 2591 4337 commercio,
2621 4271 2713 4341 qui
2743 4271 2797 4325 in
2849 4270 3127 4325 Christum
3177 4268 3433 4341 baptizatl
3480 4276 3644 4335 sunt;

2069 4384 2199 4423 suas
2233 4367 2319 4420 hic
2349 4364 2593 4419 Ecclesia
2644 4362 2961 4418 conferente
3007 4369 3187 4430 partes
3240 4360 3307 4414 ad
3337 4375 3527 4415 eorum
3588 4361 3644 4414 in

2070 4456 2247 4517 Verbo
2275 4455 2421 4511 clara
2452 4453 2688 4524 imagine
2711 4451 2939 4522 elligiem
2993 4461 3046 4507 et
3079 4449 3644 4507 transformationem.

2068 4549 2368 4604 Confirmat
2416 4554 2596 4601 autem
2624 4554 2679 4601 et
2705 4545 2819 4603 haec
2847 4544 3050 4599 Paulus
3071 4587 3084 4611 ,
3114 4544 3293 4614 palam
3339 4541 3540 4598 docens
3574 4543 3645 4589 "1

384 4639 538 4696 νιιτά
566 4658 687 4710 μου
710 4614 861 4709 πρὸξ·
887 4640 994 4694 τὸν
1027 4639 1176 4695 Θεὸν
1202 4614 1582 4707 καὶῗηατέριι,
1614 4638 1683 4704 ἐξ
1707 4634 1778 4694 οὗ
1801 4614 1966 4694 πάσα

2072 4637 2247 4707 Hujus
2272 4637 2346 4691 rei
2374 4636 2553 4707 gratia
2579 4635 2732 4705 flecto
2760 4651 2930 4705 genua
2952 4651 3068 4688 mea
3099 4633 3167 4688 ad
3211 4632 3379 4689 Deum
3407 4633 3642 4696 Patrem,

384 4731 602 4800 πατριὰ
646 4732 717 4785 ἐν
758 4729 992 4799 οὐρανῷ
1024 4731 1126 4786 καὶ
1170 4730 1270 4785 ἐπὶ
1307 4730 1421 4801 γῆς
1461 4728 1830 4800 ὀνομάζεται,
1865 4730 1967 4784 ἵνα

384 4823 470 4891 δεῖ)
512 4824 672 4896 ὑμῖν,
706 4824 858 4879 κατὰ
913 4823 1021 4878 τὸν
1071 4824 1338 4878 πλοῦτον
1401 4821 1508 4890 τῆς
1554 4826 1965 4892 χρηστότητος

458 4966 505 4998 ⁸³
543 4964 661 5021 Isa.
692 4980 840 5029 LXVI,
868 4963 920 5028 7,
943 4963 997 5019 8.
1073 4962 1120 4995 ⁸³
1160 4961 1283 5018 Gal.
1316 4978 1390 5026 iv,
1432 4961 1518 5017 l9.

459 5106 573 5178 (l8)
603 5101 1240 5173 Ἀπολουτρουμένους.
1256 5101 1510 5169 Allatius,
1528 5101 1790 5173 ἀπολυτρ.
1815 5100 1963 5159 COI-

461 5247 574 5319 (l9)
612 5242 930 5319 Τὴνέντῶ
965 5243 1133 5319 ᾼόγῳ
1181 5240 1499 5319 τράνωσιν.
1542 5242 1654 5319 Leo
1684 5241 1852 5319 Allat.
1875 5242 1963 5319 vi-

387 5312 568 5375 detur'
609 5312 809 5388 legisse
854 5314 1154 5388 τελείωσιν,
1197 5327 1322 5388 cum
1347 5313 1719 5388 perfectionem
1760 5312 1959 5388 reddit,

387 5389 513 5469 etsi
534 5383 906 5469 reprziasentat
924 5392 979 5442 et
1006 5386 1122 5469 ipse
1150 5383 1440 5469 τρᾲνωσιν,
1472 5399 1590 5469 nec
1608 5385 1775 5469 νοεῖτε
1798 5384 1962 5469 ullius

396 5453 643 5514 lectionis
668 5456 935 5519 meminit,
974 5453 1055 5510 uti
1095 5453 1198 5510 nec
1230 5454 1431 5523 Lupar.
1468 5453 1729 5510 Methodii
1762 5453 1958 5509 editor.

389 5528 637 5584 Placeret
683 5528 816 5581 illud
860 5525 1158 5587 τελείωσιν,
1191 5526 1236 5581 si
1265 5525 1483 5595 codices
1509 5524 1959 5594 sull'ragarentur,

391 5607 445 5654 ct
498 5598 605 5654 nisi
662 5597 813 5653 brevi
871 5605 997 5668 post
1024 5596 1237 5668 eadem
1266 5610 1396 5650 voce
1425 5595 1616 5668 eodem
1649 5595 1762 5668 fere
1795 5610 1961 5668 sensu

393 5678 556 5741 atque
583 5669 674 5745 [lic
695 5664 957 5745 uteretur,
984 5667 1082 5738 τὴν
1113 5666 1421 5745 ὲκτύπωσιν
1442 5666 1535 5720 καὶ
1566 5665 1663 5745 τῂν
1683 5664 1958 5745 ὲκτράνω-

396 5735 482 5793 σικί
524 5737 620 5793 τοῦ
679 5738 852 5806 Λόγου
876 5778 891 5803 ,
935 5735 1319 5805 expressionem
1378 5745 1429 5791 et
1472 5735 1958 5805 manifestationem

409 5810 578 5878 l'crbi,
605 5811 696 5867 ubi
728 5810 956 5865 Allatius
984 5807 1262 5878 imaginem
1285 5807 1483 5877 reddit,
1513 5806 1799 5865 Possinius
1848 5806 1960 5875 for-

1628 4961 1675 4993 ”
1710 4960 1859 5016 Psal.
1888 4976 1996 5024 Civ,
2027 4960 2114 5015 l5.

2072 4744 2137 4782 ex
2162 4742 2262 4798 quo
2305 4727 2474 4781 omnis
2498 4725 2788 4794 paternitas
2816 4725 2868 4777 in
2895 4725 3035 4778 caelis
3058 4731 3108 4778 et
3134 4724 3191 4777 in
3217 4732 3360 4777 terra
3402 4723 3645 4777 nomina-

2074 4831 2159 4873 tur
2181 4836 2199 4872 :
2231 4827 2287 4872 ut
2313 4819 2396 4872 det
2420 4817 2562 4872 vobis
2585 4815 2869 4871 secundum
2890 4816 3105 4873 divitias
3127 4815 3380 4870 bonitatis
3408 4830 3520 4867 sua:
3540 4814 3645 4867 vir-

2192 4957 2238 4988 "
2279 4953 2473 5024 Ephes.
2509 4967 2592 5018 tu,
2619 4951 2803 5007 ιιι-17.

2071 5115 2234 5157 mam.
2270 5096 2360 5153 Sic
2403 5111 2534 5169 ergo
2559 5095 2736 5169 Abicit)
2773 5096 2836 5169 έν
2861 5094 3021 5166 Λόγῳ
3050 5094 3320 5169 τράνωσις
3361 5094 3453 5169 καὶ
3479 5111 3648 5164 μετα-

2071 5171 2375 5244 μόρφωσις,
2411 5163 2574 5244 νιξᾡὶ
2608 5163 3326 5244 imit'atio,__qua_eiusclare
3353 5163 3646 5244 (ἐμπεριε-

2062 5232 2160 5298 ἑτέ
2178 5232 2481 5303 reddimus,
2512 5237 2798 5307 formaque
2826 5232 2975 5291 illius
3004 5232 3329 5307 iinbuimur._
3360 5232 3647 5293 Possinius

2066 5312 2352 5383 transitum
2413 5309 2470 5362 in
2535 5304 2760 5383 lierbuin
2810 5307 3021 5383 reddit;
3065 5305 3261 5383 viderit
3479 5322 3644 5383 quam

2065 5394 2233 5438 recte.
2268 5379 2382 5450 Vox
2410 5377 2605 5449 τρανός
2632 5385 2688 5450 et
2722 5374 3054 5450 τρανωτικός
3081 5390 3147 5450 ac
3169 5374 3379 5447 τρξινόω
3402 5375 3473 5450 in_
3492 5374 3649 5450 i_heo-
3684 5383 3711 5408 ⁸

2067 5453 2229 5522 logia
2265 5444 2526 5522 Gregorio
2550 5518 2560 5522 _
2572 5444 2805 5522 aliisque
2853 5444 3142 5522 familiaris
3177 5444 3387 5522 {utque
3425 5446 3647 5522 γλῶσσα

2069 5516 2285 5607 τρανός,
2311 5516 2500 5603 lingua
2525 5516 2749 5607 diserta,
2774 5532 2894 5585 quae
2921 5516 3122 5595 mentis
3150 5530 3311 5607 sensa
3340 5517 3487 5607 clar‘e
3516 5517 3642 5572 red-

2069 5586 2185 5657 dit,
2209 5586 2290 5648 sic
2310 5591 2366 5645 in
2396 5586 2632 5658 imagine
2663 5595 2717 5641 et
2744 5586 3103 5658 expressione
3143 5586 3417 5657 ductaque
3447 5586 3644 5651 forma,

2068 5665 2130 5718 τὸ
2160 5661 2353 5734 τρανόν
2383 5670 2437 5716 et
2466 5656 2753 5734 τρόινωσις,
2808 5656 2972 5711 semel
3010 5657 3291 5734 etiterurn
3325 5656 3646 5726 usurpatum

2070 5727 2583 5857 Methodio,lnquasi
2626 5730 2772 5785 clara
2802 5727 3084 5796 expressio
3120 5728 3409 5800 lucidaque
3440 5742 3640 5798 reprac-

2070 5804 2320 5857 sentatio.
2422 5841 2435 5856 .

2070 5804 2320 5863 sentatio.
2359 5804 2435 5857 In.
