4150 6408
546 297 642 350 151

1505 300 1566 360 S.
1609 302 1944 361 METHODII
1989 301 2298 360 EPISCOPI
2341 302 2428 356 ET
2468 300 2829 358 MARTYRIS

3709 314 3812 368 153

543 427 654 472 tute
706 417 1042 470 corroborari
1093 435 1182 487 per
1214 418 1472 488 Spiritum
1526 425 1694 490 ipsius
1734 426 1786 478 in
1817 427 2096 479 interioren

2221 423 2426 486 αὐτοῦ,
2457 422 2704 494 δυνάμει
2734 421 3166 492 κραταιωθῆναι
3195 423 3294 478 διὰ
3330 425 3437 479 τοῦ
3462 429 3800 498 Haedum-oc

541 509 831 571 hominem;
879 509 1120 564 habitare
1153 509 1424 568 Christum
1463 531 1554 583 per
1588 517 1744 584 fidem
1775 518 1830 570 in
1873 517 2116 571 cordibus

541 603 746 657 vestris.
775 601 983 654 Etenim
1022 617 1250 660 necesse
1277 615 1394 670 est,
1447 607 1500 661 in
1529 619 1970 679 regeneratorum
1998 610 2116 663 ani-

540 695 664 758 mis,
700 693 862 747 veluti
892 694 1059 766 sigilli
1095 698 1224 760 ritu,
1248 696 1486 754 Verbum
1521 701 1767 758 veritatis
1807 702 2035 772 exprimi
2063 710 2117 758 et

533 781 826 839 edormari.

2222 513 2410 567 αὐτοῦ
2456 519 2542 580 είς
2596 516 2702 568 τὸν
2752 515 2874 569 ἔσω
2918 515 3252 583 ἄνθρωπον,
3291 518 3650 587 κατοικῆσαι
3698 523 3805 574 τὸν

2222 607 2480 675 Χριστὸν
2502 607 2601 661 διὰ
2641 606 2750 675 τῆς
2779 608 3039 674 πίστεως
3067 607 3136 660 ἐν
3158 607 3286 673 ταῖς
3316 612 3587 678 καρδίαις
3613 612 3800 681 ὑμῶν.

2228 701 2323 762 Ei;
2388 699 2496 770 γὰρ
2562 698 2660 762 τὰς
2727 699 3186 768 ἀναγεννωμένων
3259 698 3436 769 ψυχὰς
3505 702 3803 772 ἀναγκαῖον

2226 790 2691 862 ἐξομοργνύμενον
2737 788 3102 843 ἐκτυποῦσθαι
3157 788 3251 844 τὸν
3301 790 3475 859 Λόγον
3512 790 3614 862 τῆς
3666 793 3804 866 ἀλη-

2225 881 2395 944 Θείας.

893 990 1024 1046 Car.
1061 989 1149 1046 IX.
1185 991 1360 1048 Filius
1399 993 1518 1060 Dei,
1543 996 1632 1064 qui
1657 996 1766 1063 ipse
1787 1011 1986 1064 semper
2015 1004 2107 1060 sit,
2133 994 2286 1050 hodie
2317 995 2551 1066 gignitur
2571 995 2624 1047 in
2658 994 2852 1046 animis
2889 1009 3144 1063 sensuque
3181 994 3440 1062 ﬁdelium.

607 1113 832 1168 Videtur
862 1124 1042 1194 autem
1078 1118 1159 1171 vel
1192 1119 1423 1173 maxime
1448 1135 1750 1191 congruere
1796 1136 1921 1174 cum
1955 1121 2096 1174 dicti:

2290 1120 2474 1172 Ἔοικε
2501 1117 2557 1170 δὲ
2582 1120 2693 1180 τοῖς
2719 1116 3029 1188 εἰρημένοις
3062 1117 3156 1170 καὶ
3187 1117 3346 1171 τοῦτο
3374 1119 3606 1189 μάλιστα
3635 1139 3803 1194 προσ-

533 1209 693 1279 eique
725 1209 882 1264 alline
929 1189 1072 1275 esse,
1109 1212 1251 1281 quod
1300 1229 1364 1267 ex
1399 1228 1629 1282 persona
1686 1213 1865 1268 Patris
1893 1212 2096 1269 Christt

2217 1210 2450 1264 εοικέναι
2483 1209 2576 1262 καὶ
2618 1211 2950 1280 συμφωνεῖν,
2973 1208 3034 1261 τὸ
3069 1211 3562 1281 χρησμῳδούμενον
3592 1189 3799 1268 ἄνωθεν

531 1303 772 1357 venienti
803 1303 870 1357 ad
897 1302 1189 1358 Jordanem
1225 1315 1283 1358 ut
1337 1321 1477 1375 aqua
1534 1307 1882 1369 lustraretur,
1909 1323 1940 1362 e
1973 1309 2096 1363 σωκ

2216 1302 2275 1368 ἐξ
2303 1301 2469 1356 αὐτοῦ
2500 1301 2594 1354 τοῦ
2643 1301 2855 1372 Πατρὸς
2907 1299 2986 1370 τῷ
3020 1301 3242 1372 Χριστῷ
3274 1302 3368 1354 ἐπὶ
3396 1303 3488 1356 τὸν
3535 1305 3797 1376 ἁγνισμὸν

531 1395 813 1447 oraculum
846 1393 1106 1456 defertur,
1143 1394 1316 1450 Filius
1369 1413 1511 1451 meus
1557 1414 1610 1450 es
1667 1406 1770 1450 tu:
1827 1397 1937 1468 Ego
1963 1398 2096 1452 Ιιοιίὶι

2213 1395 2401 1464 ἥκοντι
2434 1393 2528 1447 τοῦ
2578 1392 2917 1463 66a10c;(20)
2965 1393 3022 1444 ἐν
3063 1392 3141 1464 τῷ
3191 1394 3460 1466 Ἰορδάνῃ·
3508 1398 3640 1462 Υἱός
3677 1415 3799 1466 μου

528 1484 684 1552 genui
709 1495 756 1537 te
789 1485 854 1536 ³⁸.
888 1484 1300 1541 Observandum
1360 1489 1502 1541 enim
1533 1497 1636 1553 est,
1670 1487 1862 1543 Filium
1895 1491 2096 1559 quideu

2212 1481 2271 1539 εἴ
2302 1484 2413 1539 σὺ·
2451 1483 2567 1553 ἐγὼ
2603 1483 2871 1553 σήμερον
2903 1482 3236 1551 γεγέννηκά
3263 1499 3356 1537 σε.
3376 1485 3800 1558 Παρατηρητέον

531 1588 690 1626 suum
719 1589 840 1627 esse
871 1573 1150 1628 indeﬁnite
1176 1575 1581 1645 pronuntiasse,
1610 1583 1664 1630 et
1690 1578 1808 1630 sine
1843 1576 1950 1630 ulla
1986 1587 2115 1631 tem-

528 1665 678 1738 poris
727 1667 1232 1724 determinatione:
1285 1687 1339 1723 es
1399 1670 1563 1732 enim,
1615 1670 1712 1732 ait,
1765 1684 1874 1723 non
1931 1677 2112 1724 autem

2212 1578 2340 1647 γὰρ,
2369 1577 2448 1630 ὅτι
2472 1577 2530 1630 τὸ
2565 1577 2663 1646 μὲν
2693 1577 2821 1629 Υἰὸν
2849 1575 3014 1630 αὐτοῦ
3037 1571 3176 1628 εῖναι
3200 1577 3466 1648 ἀορίστως
3486 1579 3799 1650 ἀπεφήνατο

2213 1671 2306 1722 καὶ
2337 1669 2611 1740 ἀχρόνως·
2641 1669 2714 1722 Εἴ
2761 1668 2871 1740 γὰρ
2925 1667 3074 1740 αὐτῷ
3121 1669 3246 1738 ἐφη,
3289 1669 3383 1723 καὶ
3419 1671 3491 1738 έού
3528 1671 3793 1740 Γέγονας·

527 1758 702 1822 fuisti,
739 1769 832 1814 aut
863 1761 1037 1815 factus
1062 1778 1152 1828 es;
1211 1761 1558 1832 signiﬁcans,
1616 1776 1714 1815 nec
1758 1775 1882 1815 cum
1918 1775 2096 1814 recent

2215 1761 2494 1832 ἐμφαίνων
2561 1761 2697 1832 μήτε
2758 1761 3069 1833 πρόσφατον
3127 1762 3290 1816 αὐτὸν
3346 1765 3628 1833 τετυχέναι
3697 1768 3796 1838 τῆς

524 1860 689 1915 esset,
740 1852 795 1905 in
849 1850 1190 1921 adoptionem
1245 1867 1369 1906 eum
1419 1850 1540 1904 Filii
1600 1851 1818 1905 venisse
1870 1869 1883 1904 :
1938 1864 2114 1919 neque

523 1959 720 2000 rursus
754 1960 879 1999 cum
910 1952 1036 1998 ante
1058 1944 1383 2006 exstitisset,
1418 1943 1765 2014 postmodum
1808 1942 1968 1996 ﬁnem
2017 1957 2110 1995 ac-

521 2040 735 2109 cepisse
769 2057 780 2090 :
815 2037 908 2093 sed
939 2039 1031 2107 qui
1077 2045 1201 2090 ante
1232 2037 1450 2107 genitus
1481 2039 1569 2098 sit,
1629 2036 1879 2093 eumdem
1907 2043 1960 2090 et
1998 2034 2113 2090 fore

519 2140 574 2186 et
601 2146 742 2186 esse.
771 2129 925 2196 Quod
950 2145 1075 2184 vero
1102 2130 1273 2194 addit,
1305 2129 1413 2200 Ego
1436 2129 1588 2184 hodie
1607 2131 1761 2200 genui
1783 2139 1848 2192 te,
1872 2129 1973 2182 hoc
2004 2128 2109 2182 sibi

520 2222 676 2278 vult:
711 2221 815 2286 Qui
847 2230 973 2274 ante
1007 2221 1207 2277 saecula
1264 2221 1487 2290 illisque
1543 2219 1821 2289 antiquior
1865 2218 1918 2272 in
1953 2217 2110 2272 caelis

519 2333 665 2378 eras,
701 2317 846 2372 volui
881 2325 935 2371 et
985 2315 1190 2369 mundo
1235 2315 1494 2386 gignere:
1524 2314 1628 2368 hoc
1676 2321 1781 2377 est,
1839 2313 1932 2383 qui
1983 2319 2108 2367 ante

521 2409 743 2478 ignotus
783 2423 941 2470 cras,
995 2408 1050 2460 in
1090 2407 1371 2462 hominum
1415 2406 1784 2476 cognitionem
1837 2405 2108 2462 adducere

521 2510 685 2572 teque
713 2501 820 2555 illis
848 2499 1221 2555 manifestare.
1264 2498 1509 2570 Denique
1564 2499 1764 2569 quibus
1794 2499 2108 2554 hominibus

520 2595 751 2649 necdum
799 2609 997 2650 sensus
1047 2594 1231 2649 illatus
1273 2601 1358 2648 est
1412 2591 1767 2646 multiformis
1827 2589 2105 2660 sapientiae

519 2684 636 2747 Dei,
668 2686 735 2741 iis
767 2686 1000 2741 necdum
1025 2687 1279 2741 Christus
1311 2692 1474 2740 natus
1498 2690 1603 2747 est,
1623 2683 1866 2738 nondum
1894 2683 2104 2738 scilicet

515 2782 770 2853 cognitus
799 2789 905 2842 est.
939 2781 1178 2835 nondum
1217 2779 1623 2842 manifestatus,
1657 2777 1899 2833 nondum
1936 2793 2104 2848 appa-

515 2874 648 2927 ruit.
677 2872 732 2927 Si
772 2889 904 2927 vero
934 2873 1206 2928 senserint
1239 2880 1294 2926 et
1348 2873 1450 2942 ipsi
1508 2871 1827 2941 mysterium
1875 2873 2097 2942 gratiae,

516 2974 649 3019 tunc
677 2975 730 3020 et
759 2966 886 3027 illis,
908 2981 1032 3019 cum
1065 2963 1530 3018 fuerintconversi
1551 2962 1820 3032 ﬁdemque
1850 2977 2100 3032 suscepe—

512 3059 648 3121 rint,
697 3073 802 3127 qua
836 3057 1064 3112 scientia
1089 3071 1154 3111 ac
1195 3055 1551 3124 intelligentia
1580 3053 1875 3117 donantur,
1909 3051 2095 3109 nasci-

515 3158 625 3204 tur.
657 3123 837 3215 Quare
868 3149 995 3202 hinc
1025 3123 1412 3202 convenienter
1441 3145 1708 3211 Ecclesia,
1751 3145 1808 3199 in
1844 3144 1953 3200 illis
1998 3145 2092 3214 qui
2124 3123 2166 3179 δ

515 3243 819 3298 lustrantur
849 3241 958 3312 (qui
985 3242 1182 3295 scilicet
1220 3241 1480 3309 baptismo
1532 3240 1826 3309 tinguntur)
1849 3237 2089 3298 Verbum

511 3335 814 3390 masculum
846 3349 1062 3403 semper
1107 3334 1343 3390 formare
1373 3349 1436 3387 ac
1465 3335 1688 3404 gignere
1739 3333 1963 3388 dicitur.
2025 3330 2092 3385 Et

509 3429 728 3498 quidem
763 3428 1027 3482 hactenus
1060 3428 1127 3482 de
1182 3427 1330 3483 illius
1370 3435 1528 3498 partu
1570 3443 1670 3498 pro
1706 3426 1969 3482 facultate
2008 3424 2094 3480 di-

509 3529 657 3575 ctum
683 3521 776 3576 sit.
828 3519 1091 3590 Deinceps
1140 3521 1205 3576 de
1237 3522 1496 3587 dracone,
1529 3521 1705 3592 deque
1738 3522 1863 3578 aliis
1910 3522 1967 3576 in
2000 3521 2092 3575 illa

511 3609 796 3680 Scriptura
849 3615 1184 3676 memoratis,
1235 3613 1368 3668 ﬁdes
1421 3613 1702 3669 liberanda
1765 3622 1870 3669 est.
1911 3613 2092 3680 Quare

510 3703 710 3759 iterum
760 3719 1022 3758 conemur
1075 3719 1183 3768 ea,
1241 3722 1274 3760 ο
1329 3707 1606 3777 virgines,
1675 3708 1870 3778 quovis
1928 3706 2090 3762 modo

509 3806 803 3861 exponere.
837 3792 972 3846 nihil
1004 3794 1351 3864 aenigmatum
1383 3797 1756 3868 magnitudine
1779 3796 2090 3852 autobscu-

2217 1853 2508 1917 υἱοθεσίας,
2538 1854 2676 1924 μήτε
2703 1848 2769 1907 αὖ
2803 1853 3248 1926 προΰπάρξαντα,
3281 1855 3418 1926 μετὰ
3450 1855 3621 1910 ταῦτα
3646 1859 3797 1922 τέλος

2213 1943 2535 2014 ἐσχηκέναι·
2593 1945 2733 1998 ἀλλὰ
2785 1945 3256 2018 προγεννηθέντα,
3309 1946 3403 2000 καὶ
3436 1946 3656 2001 ἔσεσθαι
3701 1951 3796 2002 καὶ

2212 2032 2350 2090 εἶναι
2380 2035 2472 2090 τὸν
2505 2037 2688 2091 αὐτόν.
2723 2039 2796 2092 Τὸ
2843 2039 2921 2101 δὲ,
2963 2039 3110 2108 Ἐγὼ
3151 2039 3421 2108 σήμερον
3465 2041 3797 2112 γεγέννηκὰ

2210 2143 2304 2192 σε,
2336 2127 2418 2180 ὅτι
2453 2128 2696 2200 Προόντα
2730 2129 2828 2200 ήδη
2859 2129 2964 2201 πρὸ
2994 2129 3105 2181 τῶν
3136 2129 3348 2184 αἰώνων
3387 2133 3444 2184 ἐν
3480 2135 3591 2196 τοῖς
3628 2134 3793 2205 οὐρα-

2209 2221 2340 2286 νοῖς,
2376 2219 2674 2291 ἐϐουλήθην
2707 2221 2801 2273 καὶ
2840 2219 2917 2291 τῷ
2952 2221 3142 2292 κόσμῳ
3178 2223 3460 2293 γεννῆσαι·
3491 2224 3518 2277 ὃ
3550 2224 3613 2295 δή
3652 2228 3791 2291 ἐστι,

2212 2310 2445 2383 πρόσθεν
2466 2312 2829 2382 ἀγνοούμενον
2854 2313 3140 2384 γνωρίσαι.
3179 2315 3396 2384 Ἀμέλει
3419 2319 3530 2379 τοῖς
3567 2317 3792 2386 μηδέπω

2207 2404 2316 2458 τῶν
2351 2404 2654 2475 ἀνθρώπων
2689 2404 3117 2477 συνῃσθημένοις
3144 2407 3244 2479 τὴν
3278 2406 3663 2461 πολυποίκιλον
3703 2425 3791 2462 σο-

2208 2499 2336 2566 φίαν
2379 2497 2475 2551 τοῦ
2504 2497 2641 2551 Θεοῦ
2667 2501 2696 2552 6
2733 2499 2964 2568 Χριστὸς
3006 2498 3219 2552 οὐδέπω
3249 2501 3606 2571 γεγέννηται·
3655 2503 3792 2574 ὅπερ

2206 2590 2354 2643 ἐστὶν
2374 2628 2389 2654 ,
2418 2589 2631 2643 οὐδέπω
2669 2588 2917 2659 ἐγνώσθη
2936 2629 2950 2654 ,
2984 2588 3194 2643 οὐδέπω
3233 2590 3617 2661 πεφανέρωται.
3639 2631 3654 2654 ,
3695 2592 3786 2644 οὐ-

2203 2683 2353 2736 δέπω
2384 2683 2579 2753 ἐφάνη.
2613 2684 2673 2736 Εί
2705 2682 2761 2736 δὲ
2799 2681 3071 2736 αἴσθοιντο
3112 2683 3208 2736 καὶ
3248 2677 3392 2736 οὗτοι
3437 2683 3537 2754 τῆς
3569 2683 3788 2755 χάριτος

2203 2775 2264 2828 τὸ
2301 2777 2598 2848 μυστήριον
2620 2815 2636 2840 ,
2669 2775 2789 2828 τότε
2841 2773 2905 2844 δὴ
2945 2775 3040 2827 καὶ
3087 2774 3298 2838 αὐτοῖς,
3327 2775 3488 2827 ὁπότε
3532 2775 3788 2845 ἐπέστρε-

2200 2865 2310 2936 ψαν
2341 2869 2434 2920 καὶ
2469 2869 2815 2931 ἐπίστευσαν,
2851 2865 2992 2919 κατὰ
3025 2865 3123 2936 τὴν
3157 2865 3358 2935 γνῶσιν
3392 2867 3487 2920 καὶ
3518 2867 3616 2938 τὴν
3664 2867 3788 2919 σύν-

2201 2976 2317 3013 εσιν
2338 2962 2611 3028 γεννᾶται.
2640 2949 2732 3012 Διὸ
2770 2958 3157 3030 προσηκόντως
3191 2957 3440 3011 ἐντεῦθεν
3475 2961 3507 3029 ή
3552 2959 3782 3030 Ἐκκλη-

2204 3053 2294 3106 σία
2316 3053 2408 3106 τὸν
2431 3053 2634 3124 ἄρσενα
2662 3052 2833 3121 Λόγον
2867 3054 2925 3104 ἐν
2968 3052 3080 3114 τοῖς
3118 3050 3494 3121 ἁγνιζομένοις
3520 3054 3610 3105 ἀεὶ
3650 3071 3783 3124 μορ-

2201 3145 2335 3216 φοῦν
2377 3146 2592 3215 λέγεται
2639 3146 2733 3198 καὶ
2779 3144 2994 3214 γεννᾷν.
3028 3143 3138 3196 Καὶ
3177 3143 3246 3196 τὰ
3277 3144 3376 3215 μὲν
3415 3144 3480 3214 δὴ
3515 3145 3643 3217 περ)⁵
3675 3145 3786 3198 τῶν

2200 3239 2404 3293 ὠδίνων
2447 3239 2615 3310 αὐτῆς
2661 3240 2742 3302 είς
2769 3238 2997 3309 δύναμιν
3029 3233 3274 3309 εἴρηται·
3317 3239 3387 3291 τὰ
3427 3239 3483 3293 δὲ
3515 3240 3643 3312 περὶ
3687 3239 3783 3292 τοῦ

2200 3330 2492 3401 δράκοντος
2525 3328 2620 3382 καὶ
2651 3327 2760 3381 τῶν
2782 3328 2956 3382 ἄλλων
2987 3328 3113 3400 τῇδε
3151 3326 3534 3398 μταὸλητέον.
3573 3329 3786 3384 Οὐκοῦν

2203 3420 2524 3493 πειρώμεθα
2551 3421 2711 3474 πάλιν
2742 3419 2916 3483 ἄλλως
2948 3421 3012 3488 γέ
3041 3437 3158 3484 πως
3180 3420 3395 3491 δηλοῦν,
3417 3417 3461 3475 ὦ
3502 3422 3782 3494 παρθένοι,

2203 3514 2371 3586 μηδὲν
2410 3513 2794 3568 ἀποδειλιῶσαι
2827 3513 2962 3583 πρὸς
2997 3513 3060 3566 τὸ
3111 3513 3340 3583 μέγεθος
3377 3515 3485 3568 τῶν
3527 3518 3784 3587 αἰνιγμάο

2198 3624 2308 3662 των
2339 3605 2442 3678 τῆς
2467 3606 2528 3661 ,Γ
2532 3607 2747 3679 ραφῆς·
2783 3607 2832 3660 εί
2863 3606 2920 3659 δέ
2973 3623 3028 3659 τι
3067 3605 3325 3660 δύσκολον
3367 3608 3631 3678 ἐμπίπτει
3671 3613 3782 3674 τοῖς

2197 3702 2416 3770 λόγοις,
2476 3699 2586 3770 ἐγὼ
2640 3699 2802 3756 πάλιν
2849 3701 2993 3772 ὑμᾶς
3055 3699 3246 3773 ὥσπερ
3305 3703 3552 3773 ποταμὸν
3609 3703 3780 3757 διαϐι-

2200 3795 2373 3849 ϐάσω.

513 3885 673 3940 ritate
725 3885 1018 3941 deterritas.
1071 3887 1226 3954 Quod
1283 3889 1329 3944 si
1374 3891 1506 3960 quid
1561 3892 1878 3962 perplexum
1925 3899 2020 3946 aut
2067 3889 2293 3945 difﬁcile
2352 3888 2651 3953 inciderit,
2704 3902 2808 3960 ego
2852 3902 3074 3944 rursum
3127 3887 3283 3944 vobis
3337 3890 3496 3959 quasi
3556 3897 3777 3960 pontem

511 3987 775 4044 sternam,
832 3989 924 4036 aut
971 3985 1251 4054 portitoris
1298 3986 1455 4056 quasi
1510 3987 1688 4043 ollicio
1721 3998 1874 4043 trans
1905 4002 2120 4042 amnem
2151 3986 2372 4041 veham.

509 4099 640 4153 Car.
682 4098 745 4154 Χ.
783 4099 980 4164 Draco,
1009 4099 1271 4157 diabolus.
1302 4101 1506 4168 Stellio,
1538 4102 1787 4158 draconis
1819 4105 1992 4158 cauda
2013 4104 2143 4158 cazlo
2182 4119 2443 4161 excusem.
2475 4100 2731 4156 heretici.
2768 4098 3049 4155 Trinitatis
3079 4101 3306 4165 numeri,
3332 4099 3386 4154 id
3423 4111 3500 4154 est
3536 4116 3774 4170 persona:

1681 4185 1971 4230 numerata:
1993 4193 2011 4230 :
2041 4177 2184 4229 circa
2213 4191 2327 4237 eos,
2357 4188 2580 4228 errores.

581 4288 756 4343 Draco
791 4290 902 4356 ille,
940 4307 1190 4362 magnus,
1223 4293 1400 4356 rufus,
1435 4301 1710 4358 versutus,
1761 4294 2083 4361 multiﬁdus,

508 4384 799 4454 scpticcps,
827 4385 1102 4456 corniger,
1135 4387 1352 4441 tertiam
1386 4387 1610 4443 trahens
1647 4388 1928 4442 stellarum
1963 4404 2090 4460 par»

508 4486 641 4540 ιθιιι,
673 4478 727 4528 ιιι
752 4476 968 4532 insidiis
997 4478 1218 4532 latitans
1257 4488 1315 4533 ut
1347 4479 1591 4537 mulieris
1621 4480 1976 4550 parturientis
2020 4481 2083 4536 ﬁ-

575 4630 624 4662 "
662 4628 814 4684 Psal.
843 4645 903 4696 ιι,
932 4631 1020 4689 l7.

2272 4294 2332 4345 Ὀ
2363 4291 2601 4362 δράκων,
2645 4293 2674 4344 6
2714 4291 2922 4362 μέγας,
2953 4292 2984 4344 6
3022 4291 3257 4364 πυρρὸς,
3291 4292 3320 4343 6
3353 4290 3710 4362 πολύτροπος,
3741 4291 3774 4342 6

2191 4383 2543 4454 πολυσχιδὴς,
2582 4383 2611 4435 6
2645 4383 3042 4452 ἐπτακέφαλος,
3069 4386 3098 4436 6
3139 4383 3498 4455 κερασφόρος,
3535 4384 3564 4435 6
3592 4381 3772 4453 σύρων

2190 4481 2254 4534 τὸ
2283 4481 2464 4552 τρίτον
2491 4477 2599 4532 τῶν
2639 4476 2910 4549 ἀστέρων,
2948 4478 3007 4540 ὃς
3034 4478 3180 4530 ἐστιν
3214 4476 3538 4547 ἐφεδρεύων,
3586 4475 3671 4530 ἵνα
3707 4473 3771 4530 τὺ

578 4784 831 4872 (’20)Ἐπὶ
854 4787 960 4872 tot:
978 4787 1276 4872 dxeram-ir
1292 4789 1392 4872 tat”;
1415 4789 1835 4872 ﬁdaroc.Nolim
1862 4792 2081 4872 σφάλμα
2117 4797 2155 4848 ῐ)
2188 4801 2334 4872 runt.
2395 4791 2580 4872 δορυ..
2619 4809 2701 4853 ιιι,
2754 4793 2943 4872 ἐὰνμή
2991 4808 3074 4855 τις
3112 4791 3343 4872 γεννηθῇ
3393 4790 3631 4872 ᾇνωθεγ,
3675 4793 3764 4872 alii

508 4856 611 4931 hoc
648 4858 980 4931 μνημονικόν
1009 4856 1281 4914 Μοιὴοάὶο
1319 4862 1471 4925 dare,
1506 4862 1663 4930 quasi
1693 4862 1855 4915 verba
1883 4856 2018 4931 p'sal:
2045 4879 2078 4914 ιι

507 4926 624 4995 ipsa
663 4930 974 4995 evangelica
1031 4931 1462 4998 putaveritzsed
1515 4926 1696 4985 malim
1748 4932 1849 4985 sibi
1883 4926 2085 4986 'indul-

507 4998 669 5060 sisse,
697 5005 756 5052 ut
813 5000 1132 5068 prophetica
1170 5001 1358 5063 verba,
1389 5003 1458 5056 de
1480 5001 1701 5056 Christo
1730 5004 1812 5056 sic
1833 5004 1991 5069 quasi
2016 5020 2077 5056 ex

507 5082 645 5146 aqua
679 5078 960 5146 nascente,
994 5081 1314 5140 exponeret,
1344 5073 1618 5146 quomodo
1647 5073 1812 5146 etiam
1841 5074 2082 5128 Ecclesia

507 5138 562 5190 in
592 5138 710 5207 ejus
765 5141 931 5193 natali
978 5157 1038 5195 ea
1067 5138 1319 5209 usurpat,
1364 5138 1510 5196 velut
1555 5142 1623 5196 de
1661 5159 1728 5196 eo
1765 5144 1908 5199 dicta
1949 5147 2081 5207 sint,

504 5219 873 5282 aeternamque
895 5213 1015 5280 ejus
1031 5213 1367 5267 nativitatem
1389 5222 1442 5266 et
1461 5215 1835 5282 temporalem,
1859 5225 2085 5282 paterno

503 5280 659 5355 quasi
677 5283 1148 5355 oraculp_soncnt.
1187 5283 1280 5345 T6,
1312 5283 1516 5355 ἄνωθεν
1563 5280 2075 5355 χρησμῳδούμενον,

417 5353 422 5358 ’
504 5350 648 5426 quod
683 5350 1200 5426 reddit’_Possinius,
1237 5354 1512 5426 oraculum
1547 5350 1841 5424 antiquum,
1885 5350 2073 5426 parum

505 5420 645 5493 mihi
696 5423 1132 5493 ecclesiasticum
1189 5425 1403 5479 videtur
1463 5434 1515 5476 et
1550 5420 1899 5493 appositum:
1940 5426 2074 5478 Nam

505 5491 647 5558 quod
677 5492 879 5546 ἄνωθεν
907 5493 1046 5548 dixit
1074 5494 1395 5556 Methodius.
1421 5495 1472 5548 id
1497 5491 1684 5548 Matth.
1712 5497 2008 5560 m,ctMar.
2036 5511 2074 5556 ι,

583 5561 846 5636 οὐρανῶν.
888 5563 1030 5636 Luc.
1089 5581 1174 5627 ιιι,
1206 5567 1265 5632 ἐξ
1301 5565 1554 5636 οὐρανοῦ,
1581 5583 1608 5618 e
1636 5569 1798 5630 ca’lis,
1835 5567 1898 5620 de
1925 5567 2074 5630 caelo,

505 5631 780 5695 dixerunt,
809 5634 1039 5704 indeque
1083 5631 1383 5706 delapsmu'
1423 5637 1640 5691 (lhristo
1671 5646 1949 5706 paternam
1981 5653 2078 5692 vo—

505 5716 620 5779 cent
647 5712 749 5779 ;_ut
780 5706 852 5779 sit
894 5707 1208 5760 adverbium
1248 5708 1370 5766 loci,
1415 5725 1520 5760 non
1545 5709 1828 5775 temporis.
1862 5724 1924 5760 ac
1956 5708 2080 5760 ἀντὶ

494 5775 947 5847 $05,06pav/JOav,
978 5785 1034 5829 ut
1078 5779 1162 5831 hic
1209 5779 1460 5841 sumitur,
1486 5779 1629 5846 quod
1660 5787 1712 5831 et
1735 5780 1824 5832 alii
1855 5787 2076 5835 notave-

2185 4864 2374 4924 denuo,
2399 4863 2512 4925 alii,
2557 4862 2693 4917 forte
2741 4861 2958 4924 melius,
2995 4881 3022 4917 e
3076 4861 3340 4930 supernis,
3384 4864 3497 4916 sive
3541 4861 3604 4914 de
3636 4865 3766 4916 cwlo

2185 4935 2442 5002 (superna
2475 4933 2684 4987 scilicet
2717 4941 2771 4986 et
2799 4948 2861 4987 ex
2887 4933 3073 4987 divino
3096 4933 3303 4986 semine
3333 4933 3634 5001 nativitate)
3669 4949 3765 4986 ex-

2187 5011 2488 5072 posuerunt
2525 5005 2656 5057 :ubi
2713 5013 2890 5057 tamen
2957 5005 3095 5057 ratio
3142 5003 3322 5071 aliqua
3358 5012 3446 5073 est,
3477 5003 3555 5056 sic
3590 5020 3760 5073 expo-

2185 5075 2370 5135 nendi,
2406 5074 2457 5127 id
2514 5083 2599 5129 est
2645 5075 2834 5133 denuo,
2887 5075 3031 5143 quod
3083 5075 3155 5127 ita
3215 5089 3402 5127 crasse
3435 5072 3763 5130 Nicodemus

2187 5145 2464 5198 Dominica
2521 5145 2684 5199 verba
2747 5145 3093 5206 intellexerit,
3143 5158 3206 5196 ac
3247 5144 3404 5212 quasi
3448 5160 3642 5197 novam
3694 5161 3761 5200 ex

2187 5225 2342 5269 utero
2374 5216 2522 5270 senis
2577 5215 2814 5269 hominis
2857 5216 3212 5284 nativitatem
3249 5215 3475 5275 diceret,
3509 5232 3617 5268 non
3643 5231 3763 5284 quae

2185 5301 2249 5339 ex
2286 5285 2394 5340 Deo
2433 5294 2578 5340 esset
2629 5302 2691 5338 ac
2740 5286 3034 5354 spiritalis;
3071 5283 3216 5354 quod
3249 5286 3328 5337 sic
3367 5285 3625 5339 adverbio
3656 5283 3760 5342 loci

2187 5372 2284 5424 pro
2303 5363 2489 5410 nostra
2529 5355 3291 5427 ruditate,_prweunte'diyino
3326 5358 3569 5427 oraculo,
3597 5361 3763 5427 expli-

2185 5441 2309 5481 care
2338 5427 2604 5498 cogimur.
2636 5426 2743 5480 Nec
2773 5425 3014 5481 Joannes
3035 5425 3182 5481 aliud
3210 5426 3436 5498 voluerit
3466 5425 3759 5484 Dominum

2184 5499 2388 5554 dixisse
2414 5495 2538 5553 eam
2585 5498 2926 5552 nativitatem
2955 5513 3116 5566 quam
3145 5495 3289 5566 quod
3324 5496 3439 5567 ipse
3469 5514 3585 5552 eam
3621 5500 3760 5554 dixit

2183 5586 2304 5639 cap.
2329 5586 2366 5635 ι,
2401 5570 2466 5622 ἐκ
2488 5569 2580 5622 τοῦ
2606 5568 2762 5630 Θεοῦ,
2788 5583 2851 5639 ea:
2881 5567 3028 5630 Deo;
3063 5583 3184 5638 quae
3217 5567 3333 5639 ipsa
3365 5569 3602 5623 secunda
3638 5573 3758 5639 qui-

2185 5637 2306 5694 dem
2336 5647 2493 5694 estet
2521 5655 2687 5694 nova:
2720 5638 2813 5694 sed
2849 5654 2912 5691 ea
2950 5637 3102 5709 voce,
3140 5654 3247 5691 non
3279 5637 3331 5691 id
3362 5639 3535 5706 primo
3567 5637 3742 5709 impor

2189 5719 2303 5763 tare
2333 5709 2564 5771 videtur,
2589 5709 2736 5778 quod
2762 5707 2998 5763 secunda
3023 5716 3076 5761 et
3100 5723 3235 5763 nova
3261 5719 3365 5770 est,
3391 5709 3484 5762 sed
3507 5707 3654 5778 quod
3678 5724 3729 5762 ta

2190 5783 2254 5835 lis
2278 5781 2505 5851 originis
2534 5785 2617 5851 (ex
2644 5779 2752 5834 Deo
2780 5780 2987 5834 scilicet
3013 5788 3064 5834 et
3086 5797 3116 5834 e
3139 5780 3315 5851 cwlis)
3339 5787 3438 5835 est.
3465 5779 3735 5837 (Συ-ηυξ
