4150 6454
417 361 524 417 153

1481 369 1866 428 CONVIV'IUM
1907 367 2135 425 DECEM
2175 367 2536 426 VIRGINUM.

3573 371 3677 426 154

411 478 599 532 τέκνον
633 480 728 550 τῆς
759 479 1055 552 ὼδινούσης
1082 484 1337 552 γυναικὸς
1363 487 1676 561 καταφάγῃ,
1708 490 1737 542 6
1760 487 1980 542 διάϐολος

2103 486 2233 540 lium
2263 486 2505 551 devoret,
2534 484 2789 540 diabolus
2829 482 2918 538 hic
2971 489 3078 547 est,
3128 483 3184 538 in
3234 483 3338 539 hoc
3371 484 3585 539 locatus
3617 502 3682 542 ac

410 568 567 636 οὗτός
609 575 755 626 ἐστιν
795 575 824 626 6
864 574 1181 646 ἐνεδρεύων,
1215 579 1244 630 6
1281 577 1452 648 λοχῶν
1493 578 1835 650 λυμήνασθαι
1882 579 1992 632 τῶν

411 663 791 734 φωτισθέντων
832 664 924 718 τὸν
957 667 1350 737 χριστόληπτον
1382 669 1526 734 νοῦν,
1564 671 1658 724 καὶ
1694 671 1794 740 τὴν
1827 670 1990 724 ἐκτύ-

411 769 584 810 πώσιν
611 757 705 809 καὶ
741 758 1011 828 τράνωσιν
1042 759 1141 830 τὴν
1169 762 1228 814 ὲν
1269 763 1451 825 αὐτοῖς
1479 761 1869 832 ἀποτεχθεῖσαν
1895 761 1989 816 τοῦ

408 848 584 916 Λόγου
607 864 619 879 ·
652 849 766 903 ἀλλ’
794 851 1014 921 ἀστοχεῖ
1041 852 1134 905 καὶ
1178 853 1474 923 σφάλλεται
1517 855 1618 925 τῆς
1645 855 1844 926 ἄγρας,
1878 855 1992 909 ἄνω

408 939 546 1011 πρὸς
597 940 730 1011 ὕψος
771 940 1169 1014 ἁρπαζομένων
1199 944 1306 999 τῶν
1348 945 1805 1017 ἁναγεννωμένων
1855 947 1991 1019 πρὸς

405 1033 499 1086 τὸν
533 1032 724 1104 θρόνον
771 1034 866 1087 τοῦ
909 1035 1066 1089 Θεοῦ.
1115 1039 1181 1090 Ὃ
1226 1036 1288 1108 δή
1322 1039 1502 1103 ἐστιν,
1555 1039 1668 1092 ἄνω
1714 1040 1841 1110 περὶ
1890 1038 1990 1110 τὴν

407 1121 559 1177 θείαν
604 1125 796 1195 ἕδραν,
836 1126 931 1181 καὶ
965 1129 1065 1199 τὴν
1109 1129 1531 1184 ἀσκανδάλιστον
1577 1131 1842 1184 ὑπόϐασιν
1890 1133 1989 1202 τῆς

405 1216 686 1287 ἀληθείας,
711 1218 929 1291 αἴρεται
956 1221 1018 1274 τὸ
1044 1222 1300 1294 φρόνημα
1328 1224 1435 1277 τῶν
1473 1225 1986 1290 άνακαινισθέντων,

405 1305 474 1358 τὰ
499 1307 614 1360 ἐκεῖ
648 1307 864 1378 βλέπειν
900 1313 996 1365 καὶ
1033 1311 1100 1366 τὰ
1131 1314 1247 1366 ἐκεῖ
1295 1313 1662 1383 φαντάζεσθαι
1709 1317 1986 1386 παιδαγω-

405 1400 708 1470 γουμένων,
741 1402 829 1458 ἴνα
859 1404 937 1475 μὴ
957 1405 1210 1477 ἀπατηθῇ
1235 1407 1372 1477 πρὸς
1406 1407 1498 1460 τοῦ
1539 1409 1831 1480 δράκοντος
1873 1410 1986 1482 βρί-

405 1494 588 1558 θοντος
619 1497 788 1552 κάτω.
825 1498 900 1552 Οὐ
929 1497 1037 1571 γὰρ
1067 1499 1216 1570 αὐτῷ
1244 1500 1403 1572 θέμις
1433 1503 1560 1566 τοὺς
1589 1502 1701 1556 ἀνω
1733 1503 1987 1568 νεύοντας

406 1589 500 1640 καὶ
530 1588 828 1658 βλέποντας
852 1593 1131 1662 ἀφανίσαι.
1160 1597 1223 1648 υἱ
1255 1595 1312 1648 δὲ
1337 1595 1564 1669 ἀστέρες
1595 1596 1754 1660 εἰσὶν,
1785 1595 1880 1661 οὒς
1909 1598 1987 1670 τῷ

405 1681 502 1750 τῆς
531 1681 701 1753 οὐρᾶς
723 1683 878 1755 ἄκρῳ
911 1685 1050 1740 κατά
1092 1688 1334 1759 κορυφῆς
1365 1689 1740 1760 ἐφαπτόμενος
1782 1691 1861 1753 είς
1888 1690 1987 1761 τὴν

403 1777 506 1846 γῆν
541 1778 818 1849 κατασπᾷ,
849 1778 960 1832 τῶν
986 1779 1250 1850 αἱρέσεων
1271 1782 1327 1832 αἱ
1369 1781 1691 1852 συστροφαί.
1727 1782 1986 1853 Ἀστέρας

2100 579 2364 644 insidens,
2395 586 2454 632 ut
2480 593 2670 633 eorum
2695 576 2788 647 qui
2825 577 3117 631 illuminati
3171 586 3302 632 sunt
3328 577 3550 633 Christo
3593 578 3699 649 af-'

2098 672 2280 727 ﬂatam
2307 673 2552 728 destruat
2581 681 2850 738 mentem,
2899 669 3175 739 Verhique
3223 670 3280 724 in
3329 670 3412 724 eis
3460 680 3700 762 enatam.

2099 763 2329 818 formam
2389 779 2453 818 ac
2502 762 2730 834 effigiem
2782 761 3103 832 lucidosque
3150 760 3273 830 ejus
3333 760 3713 842 characteres}

2098 856 2331 910 aholeat.
2359 854 2559 912 Verum
2589 855 2796 913 frustra
2850 864 2952 921 est,
2994 853 3298 924 praedaeque
3344 855 3422 909 illi
3451 865 3682 912 conatus

2099 949 2152 1002 in
2196 963 2414 1003 cassum
2455 948 2676 1012 cedunt,
2741 948 2888 1018 quod
2929 947 2980 1002 hi
3027 946 3123 1016 qui
3180 957 3590 1016 regenerantur,
3621 947 3680 1003 in

2097 1039 2328 1094 sublime
2355 1039 2641 1109 rapiuntur
2661 1039 2729 1094 ad
2766 1037 2860 1094 Dei
2898 1037 3174 1093 thronum.
3207 1036 3322 1092 l-loc
3349 1046 3454 1106 est,
3488 1054 3680 1094 eorum

2095 1148 2250 1188 meos
2279 1141 2334 1188 et
2361 1134 2622 1204 cogitatio
2669 1133 2763 1203 qui
2817 1132 3062 1188 renovati
3125 1139 3293 1197 sunt,
3323 1131 3680 1203 caelestiaque

2095 1225 2279 1280 animo
2302 1225 2600 1280 informare
2623 1225 2880 1289 instituti,
2913 1225 3020 1281 alte
3051 1225 3260 1280 circum
3318 1224 3558 1280 divinam
3590 1242 3680 1281 se-

2094 1316 2217 1372 dem
2251 1333 2317 1372 ac
2347 1317 2671 1374 inoffensam
2700 1319 2946 1373 veritatis
2994 1317 3203 1382 basim,
3265 1317 3552 1382 attollitur,
3607 1334 3678 1374 ne

2093 1408 2352 1466 draconis
2377 1409 2432 1463 in
2468 1419 2669 1464 terram
2704 1410 2981 1481 gravantis
3023 1425 3088 1464 ac
3148 1411 3443 1465 detinentis
3487 1409 3678 1466 fraude

2093 1500 2329 1572 doloque
2353 1502 2716 1573 decipiantur.
2743 1502 2862 1557 Non
2890 1502 3036 1558 enim
3088 1501 3172 1559 fas
3202 1503 3280 1557 illi
3315 1510 3400 1558 est
3450 1510 3508 1556 ut
3552 1503 3678 1560 illos

2093 1595 2308 1665 perdat,
2333 1596 2425 1666 qui
2459 1596 2686 1652 intentis
2717 1609 2938 1650 sursum
2968 1593 3166 1648 animis
3188 1593 3257 1647 ad
3285 1593 3530 1648 ccelestia
3558 1593 3676 1648 eni-

2095 1697 2308 1744 tuntur.
2333 1688 2515 1744 Stellae
2547 1707 2701 1754 vero,
2724 1703 2863 1760 quas
2893 1701 3106 1742 summa
3152 1686 3326 1741 cauda
3352 1685 3518 1742 draco
3542 1703 3676 1742 con-

2096 1780 2332 1851 tingens,
2385 1782 2441 1835 in
2489 1788 2692 1835 terram
2741 1779 3047 1850 praecipites
3089 1777 3349 1842 detrahit,
3405 1779 3676 1834 haaresum
3741 1830 3749 1840 ,

401 1867 510 1939 γὰρ
546 1872 877 1934 σκοτεινούς,
911 1871 1188 1942 ἀμυδροὺς
1235 1873 1329 1926 καὶ
1353 1875 1856 1945 ταπεινοστρεφεῖς,
1890 1873 1980 1937 τὰς

2090 1887 2360 1942 perversae
2422 1882 2585 1928 seetaa
2637 1879 2787 1928 sunt.
2849 1869 3048 1926 Stellas
3097 1877 3278 1923 autem
3331 1870 3672 1935 tenebrosae,

402 1961 749 2026 ἐπισυνόδους
783 1961 891 2017 τῶν
929 1964 1251 2035 ἑτεροδόξων
1289 1959 1435 2019 εἶναι’
1462 1966 1763 2037 φραστέον
1798 1965 1986 2036 ἐπειδὴ

401 2053 510 2107 τῶν
562 2056 830 2127 οὐρανίων
872 2059 1233 2128 ἐπιστήμονες
1282 2054 1422 2113 εἶναι
1464 2060 1529 2133 δὴ
1571 2060 1849 2130 βούλονται
1893 2060 1988 2113 κα)⁵

401 2145 578 2208 αὐτοὶ,
607 2149 702 2201 καὶ
733 2148 813 2212 είς
837 2149 1071 2220 Χριστὸν
1104 2152 1549 2218 πεπιστευκέναι,
1581 2153 1676 2206 καὶ
1703 2153 1802 2224 τὴν
1824 2152 1988 2224 ἕδραν

401 2236 546 2308 ἔχειν
593 2241 692 2311 τῆς
723 2240 905 2313 ψυχῆς
936 2243 996 2297 ἐν
1043 2247 1156 2307 τοῖς
1208 2244 1491 2316 οὐρανοῖς,
1537 2246 1631 2299 καὶ
1666 2245 1988 2317 πλησιάζειν

400 2332 512 2392 τοῖς
540 2330 780 2402 ἄστροις,
810 2333 886 2396 ὼς
920 2333 1101 2402 φωτὸς
1142 2336 1329 2390 τέκνα.
1375 2337 1535 2390 Ἀλλά
1560 2337 1983 2410 κατασύρονται,

400 2421 494 2474 τοῦ
537 2422 828 2494 δράκοντος
887 2427 1260 2491 ἐκσεισθέντες
1296 2432 1416 2493 ταῖς
1467 2429 1721 2494 πλοκαῖς,
1773 2431 1854 2484 ὅτι
1909 2431 1984 2503 μὴ

397 2512 507 2566 τῶν
529 2514 809 2585 τριγώνων
827 2519 960 2570 εἴσω
981 2517 1083 2588 τῆς
1106 2520 1388 2584 εὐσεϐείας
1407 2521 1644 2583 ἔστησαν
1666 2523 1983 2592 σχημάτων,

401 2605 725 2671 πταίσαντες
773 2609 944 2681 αὐτῆς
992 2613 1122 2684 περὶ
1170 2613 1269 2684 τὴν
1318 2613 1597 2686 ὀρθόδοξον
1649 2613 1979 2686 θρησκείανο

398 2696 521 2750 ὅθεν
554 2700 648 2753 καὶ
679 2702 862 2772 τρίτον
895 2704 1002 2758 τῶν
1033 2706 1281 2777 ἀστέρων
1309 2706 1620 2778 ἐκλήθησαν
1657 2707 1842 2778 μέρος,
1872 2701 1983 2762 οἷον

401 2792 529 2863 περὶ
579 2792 672 2846 ἕνα
706 2793 814 2848 τῶν
853 2797 1104 2868 ἀριθμῶν
1149 2800 1248 2870 τῆς
1305 2798 1533 2870 Τριάδος
1570 2799 1979 2870 διεσφαλμένοι,

395 2885 485 2938 ὁτὲ
527 2887 624 2956 μὲν
650 2888 742 2940 τὸν
792 2890 886 2942 τοῦ
921 2891 1170 2963 Πατρδς,
1203 2891 1280 2956 ὡς
1333 2892 1652 2958 Σαϐέλλιος,
1683 2892 1844 2947 αὐτὸν
1889 2895 1982 2949 τὸν

398 2976 821 3051 Παντοκράτορα
843 2979 957 3051 (2|)
984 2982 1142 3048 λέξας
1167 2984 1494 3038 πεπονθέναι
1513 3001 1528 3015 ο
1564 2986 1654 3038 ὁτὲ
1681 2985 1737 3039 δὲ
1768 2987 1860 3040 τὸν
1883 2988 1979 3042 τοῦ

397 3069 549 3136 Υίοῦ,
583 3071 659 3136 ὡς
701 3074 993 3146 Ἀρτεμᾶς,
1030 3075 1126 3128 καὶ
1154 3077 1204 3130 οἱ
1246 3077 1466 3150 δοκήσει
1498 3079 1660 3133 αὐτὸν
1692 3079 1978 3152 ἀποφηνά-

399 3166 925 3268 μενοιῂπεφυκέναιο
970 3169 1061 3222 ὁτὲ
1102 3168 1160 3221 δὲ
1209 3170 1338 3243 περ)¹
1381 3171 1474 3225 τὸν
1501 3172 1598 3226 τοῦ
1637 3174 1976 3245 Πνεύματος,
2005 3211 2048 3268 c

393 3254 469 3318 ὡς
535 3256 851 3324 Ἐϐιοναῖοι,
906 3259 966 3324 ἐξ
1022 3261 1156 3324 ίδίας
1187 3261 1454 3333 κινήσεως
1503 3266 1631 3328 τοὺς
1695 3267 1980 3337 προφήτας

391 3345 748 3418 λελαληκέναι
805 3352 1256 3420 φιλονεικοῦντες.
1314 3356 1642 3427 Μαρκίωνος
1709 3357 1817 3428 γὰρ
1882 3358 1978 3411 καὶ

392 3441 770 3511 Οὐαλεντίνου,
793 3448 1016 3502 καὶτῶν
1045 3465 1113 3501 πε
1122 3451 1175 3521 pl.
1195 3450 1287 3505 τὸν
1315 3451 1623 3507 Ἐλκεσαῖον
1647 3454 1741 3506 καὶ
1762 3452 1976 3518 ἄλλους,

393 3531 559 3586 καλὸν
588 3535 722 3605 μηδὲ
759 3539 1151 3610 μνημονεῦσαι.

2087 1962 2374 2028 obscuras,
2423 1963 2480 2017 in
2514 1962 2741 2016 humilia
2776 1961 3040 2030 dejectas,
3086 1961 3464 2015 conventicula
3523 1959 3680 2014 hete-

2087 2051 2416 2107 rodoxorum
2449 2061 2596 2106 recte
2623 2051 2926 2106 dixerimus
2969 2070 2982 2105 :
3033 2052 3254 2122 quando
3305 2060 3360 2108 et
3408 2052 3513 2121 ipsi
3559 2065 3678 2106 coe-

2087 2143 2304 2198 lestium
2369 2159 2553 2198 rerum
2615 2143 2718 2198 sibi
2781 2144 3068 2198 scientiam
3126 2145 3432 2209 vindicant,
3499 2151 3554 2198 et
3618 2145 3676 2199 in

2085 2237 2367 2294 Christum
2399 2254 2460 2295 se
2493 2238 2798 2294 credidisse
2822 2240 3151 2311 gloriantur,
3186 2239 3588 2307 stationemque
3620 2238 3674 2291 in

2086 2329 2242 2385 ctelis
2274 2329 2475 2385 habere
2517 2338 2683 2400 atque
2732 2329 2875 2384 inter
2928 2336 3078 2386 astra
3128 2331 3377 2392 versari,
3431 2337 3490 2383 ut
3537 2330 3676 2385 lucis

2087 2424 2247 2480 filios.
2285 2421 2485 2478 Verum
2525 2423 2889 2477 detrahuntur
2940 2424 3199 2480 draconis
3251 2424 3469 2479 excussi
3523 2422 3677 2478 flexi-

2085 2518 2209 2582 bus,
2241 2517 2386 2587 quod
2415 2517 2562 2571 intra
2587 2516 2950 2590 triangulares
2973 2516 3194 2587 pietatis
3225 2516 3427 2586 figuras
3459 2532 3569 2570 non
3614 2533 3675 2573 se

2083 2609 2496 2672 continuerunt,
2523 2607 2875 2677 prolabentes
2898 2623 2966 2662 ex
3000 2609 3120 2678 ipsa
3174 2614 3229 2662 et
3258 2623 3323 2662 ex
3364 2607 3674 2662 orthodoxo

2084 2697 2180 2754 Dei
2211 2699 2359 2752 cultu
2385 2698 2786 2753 exorbitantes.
2827 2696 2982 2754 Unde
3010 2707 3066 2753 et
3115 2699 3275 2752 tertia
3319 2714 3448 2768 pars
3489 2699 3676 2752 stella-

2083 2806 2206 2845 rum
2237 2791 2417 2846 vocati
2447 2797 2598 2856 sunt,
2631 2791 2798 2846 veluti
2848 2790 2998 2845 circa
3044 2807 3213 2845 unum
3262 2807 3328 2846 ex
3384 2789 3673 2848 Trinitatis

2083 2884 2330 2940 numeris
2387 2885 2727 2940 deerrantes.
2779 2884 3089 2954 Aliquando
3123 2884 3343 2955 quidem
3387 2883 3533 2938 circa
3567 2883 3672 2937 Pa-

2081 2983 2207 3048 tris,
2243 2991 2304 3038 ut
2335 2981 2628 3047 Sabellius,
2653 2984 2746 3052 qui
2782 2981 2961 3052 ipsum
2987 2979 3424 3050 Omnipotentem
3448 2995 3670 3050 passum

2081 3075 2358 3142 asseruit;
2387 3073 2685 3144 aliquando
2705 3088 2835 3128 vero
2866 3073 3013 3128 circa
3039 3070 3184 3137 Filii,
3218 3078 3279 3125 ut
3306 3069 3578 3133 Artemas,
3616 3075 3673 3123 et

2081 3169 2175 3239 qui
2221 3167 2372 3223 nudo
2396 3175 2617 3238 spectro
2649 3181 2748 3222 seu
2783 3165 3106 3235 apparentia
3156 3178 3280 3218 eum
3319 3169 3505 3216 natum
3547 3177 3673 3218 esse

2081 3260 2382 3326 dixerunt;
2429 3257 2760 3330 quandoque
2819 3257 2969 3311 circa
3035 3253 3278 3325 Spiritus
3340 3253 3552 3316 sancti,
3610 3259 3672 3306 ut

2083 3351 2347 3417 Ebionazi,
2391 3352 2485 3420 qui
2520 3349 2814 3421 prophetas
2846 3353 2996 3400 motu
3041 3343 3264 3413 proprio
3307 3343 3520 3397 locutos
3548 3356 3672 3396 esse

2083 3445 2444 3501 contendunt.
2502 3439 2798 3496 Marcionis
2848 3437 2996 3492 enim
3045 3443 3100 3490 et
3145 3432 3456 3496 Valentini,
3513 3431 3670 3484 Elce-

2084 3538 2289 3607 saeique
2327 3545 2382 3590 et
2412 3535 2676 3598 aliorum,
2709 3530 2977 3601 optimum
3026 3527 3192 3584 fuerit
3238 3541 3307 3582 ne
3351 3522 3671 3580 meminisse

2085 3630 2327 3701 quidem.

396 3755 526 3810 CAP.
565 3755 896 3838 Xl._Mulier
919 3777 1047 3838 cum_
1075 3754 1190 3830 ﬁlio
1240 3765 1478 3838 masculo
1530 3766 1586 3819 in
1615 3766 1842 3832 deserto,
1873 3767 2138 3824 Ecclesia.
2181 3767 2480 3838 Virginum,
2523 3773 2930 3838 sanctorumque
2952 3753 3666 3838 _desertu‘m.‘Numerorum

465 3830 715 3895 Ρενίεειίο
739 3827 1222 3911 αςμημιςιετίονιιιη.
1256 3835 1469 3911 Senarii
1497 3837 1780 3911 inqualitas
1810 3827 1858 3892 et
1883 3839 2158 3911 perfectio.
2211 3827 2474 3894 Se'narius
2501 3838 2555 3890 in
2585 3827 2856 3890 Christum
2887 3833 3110 3885 relatus.
3151 3827 3238 3882 Ea:
3267 3827 3364 3881 hoc
3409 3828 3535 3880 item
3565 3841 3667 3880 nu-

464 3914 604 3951 mero
639 3900 822 3953 mundi
843 3903 1040 3955 creatio
1064 3914 1114 3956 et
1134 3902 1416 3960 harmonia
1445 3900 1565 3960 tota'
1584 3909 1837 3977 conﬂata.

473 4015 537 4067 'H
569 4011 626 4067 δὲ
674 4015 917 4082 γεννῶσα
954 4018 1048 4071 καὶ
1089 4021 1400 4091 γεννήσασα
1432 4011 1523 4077 τὸν
1555 4025 1874 4097 ἀρρενωπὸν
1913 4028 1974 4080 ὲν

388 4110 509 4170 ταῖς
542 4107 792 4179 καρδίαις
819 4109 928 4164 τῶν
965 4113 1329 4168 πιστευόντων
1355 4116 1546 4186 Λόγον,
1579 4118 1672 4172 καὶ
1707 4119 1974 4193 ἄχραντος

389 4199 482 4252 καὶ
508 4201 885 4272 ἀϐλαϐὴς-ἀπὸ
911 4203 1005 4256 τοῦ
1027 4203 1192 4276 θηρὸς
1217 4207 1317 4279 τῆς
1341 4209 1512 4280 ὀργῆς
1535 4211 1615 4275 είς
1645 4209 1745 4282 τὴν
1767 4211 1974 4283 ἔρημον

388 4291 879 4364 παραγεγενημένη
902 4336 917 4360 ,
952 4296 985 4364 ἡ
1022 4295 1205 4368 μήτηρ
1240 4295 1396 4368 ήμῶν
1445 4301 1625 4365 ἐστιν,
1661 4301 1738 4365 ὡς
1780 4303 1973 4356 ἀποδε-

385 4385 658 4459 δώκαμεν,
691 4391 725 4459 ἡ
763 4389 1080 4462 Ἐκκλησία.
1118 4393 1185 4446 Ἠ
1209 4393 1266 4446 δὲ
1287 4392 1516 4467 ἔρημος,
1547 4399 1628 4460 εἰς
1650 4397 1717 4469 ἣν
1741 4397 1974 4452 ὲλθοῢσα

385 4480 644 4550 τρέφεται
672 4481 771 4544 τὰς
798 4482 978 4552 χιλίας
1017 4485 1110 4537 καὶ
1142 4485 1422 4552 διακοσίας
1457 4488 1671 4559 ἡμέρας
1702 4490 1797 4544 καὶ
1840 4489 1968 4561 ἐξή-

385 4583 570 4644 κοντα..
592 4570 625 4638 ἡ
657 4569 840 4622 κακῶν
865 4570 963 4643 ἕρη
973 4591 1072 4642 μσς
1093 4574 1308 4646 ἀληθῶς
1330 4578 1424 4630 καὶ
1447 4578 1640 4646 ἄγονος
1663 4580 1753 4632 καὶ
1782 4580 1970 4652 στείρα

387 4660 615 4732 φθορᾶς,
652 4663 744 4714 καὶ
784 4663 1139 4735 δυσπρόσιτος
1175 4667 1267 4720 καὶ
1298 4667 1564 4731 δύσϐατος
1592 4671 1706 4732 τοῖς
1735 4669 1969 4734 πολλοῖς,

385 4750 665 4822 εὐκαρπος
699 4753 776 4817 δὲ,
808 4755 900 4807 καὶ
945 4755 1184 4822 εὐϐοτος,
1233 4760 1327 4812 καὶ
1364 4759 1617 4831 εὐθαλὴς,
1654 4760 1748 4814 καὶ
1790 4761 1975 4814 εὐεπί-

387 4843 548 4908 ϐατος
576 4844 771 4913 ἁγίοις,
801 4847 894 4899 καὶ
923 4848 1203 4919 πλήθουσα
1238 4853 1429 4921 σοφίας
1459 4855 1552 4907 καὶ
1599 4855 1973 4925 βλαστάνουσα

388 4934 554 5008 ζωὴν,
587 4937 719 4991 αὐτὸ
757 4937 820 5010 δὴ
848 4937 1007 4993 τοῦτο
1029 4941 1130 5012 τῆς
1171 4944 1397 5016 Ἀρετῆς
1430 4947 1546 4999 ἐστι
1583 4947 1643 5001 τὺ
1685 4948 1972 5004 κάλλιστον

386 5029 480 5080 καὶ
520 5027 890 5102 καλλίδενδρον
918 5030 1014 5084 καὶ⁴
1060 5033 1386 5090 καλλίπνουν
1417 5038 1646 5109 χωρίον’
1682 5039 1812 5095 ἔνθα
1845 5041 1970 5107 Ἐξ-

383 5119 601 5190 ηγέρθη
637 5125 670 5176 ὁ
710 5125 908 5189 νότος,
957 5125 1056 5178 καὶ
1103 5126 1468 5183 διέπνευσεν
1516 5132 1817 5202 ὀβοῤῥᾶς,
1870 5133 1970 5187 καί

376 5210 589 5278 ῥέουσι
625 5213 696 5268 τὰ
743 5213 1052 5285 ἀρώματα,
1107 5220 1201 5272 καὶ
1262 5222 1439 5276 πάντα
1486 5223 1596 5277 τῶν
1651 5224 1969 5298 ἀμϐροσίων

387 5304 742 5376 πεπλήρωται
771 5307 1000 5380 δρόσων,
1038 5311 1307 5368 ἀθανάτου
1337 5315 1483 5387 ζωῆς
1523 5317 1783 5387 βλάσταις
1822 5319 1969 5390 ἀμα-

387 5395 601 5466 ράντοις
633 5402 1068 5472 κατεστεμμένα,
1099 5406 1179 5469 εἰς
1206 5405 1235 5460 ὃ
1267 5407 1434 5477 ἐσμεν
1458 5409 1620 5479 ἡμεῖς
1647 5405 1968 5478 ἀνθολογοῦ-

456 5552 501 5584 ⁸⁷
543 5551 702 5610 Cant.
734 5571 818 5624 Iv,
854 5558 944 5614 16.

458 5711 570 5782 (21)
603 5713 1074 5785 Παντοκράτοριι.
1117 5715 1209 5771 Sic
1269 5716 1500 5774 Allatius
1549 5726 1604 5774 et
1647 5716 1956 5776 Possinius.

391 5783 573 5852 Neque
603 5785 765 5837 aliam
817 5783 988 5840 fuisse
1045 5788 1332 5843 lectionem
1366 5789 1572 5843 codicis
1603 5790 1956 5844 Mazariniaui

389 5863 572 5911 mouet
588 5855 764 5913 editor
797 5854 1096 5927 Lupareus.
1136 5857 1494 5916 Comhetisius
1527 5868 1708 5918 tamen
1740 5861 1960 5931 Πατέρα

2147 4028 2279 4095 Qum
2306 4035 2487 4082 autem
2521 4024 2663 4096 parit
2688 4023 3004 4094 peperitque
3037 4020 3094 4074 in
3128 4020 3366 4076 ﬁdelium
3404 4019 3664 4077 cordibus

2077 4117 2316 4174 Verbum
2348 4117 2674 4178 masculum,
2709 4114 3079 4184 inviolataque
3131 4120 3184 4168 et
3217 4113 3382 4166 illaesa
3412 4128 3440 4164 a
3475 4112 3666 4168 bestiae

2075 4211 2156 4266 ira
2200 4211 2256 4265 in
2287 4209 2566 4265 desertum
2591 4205 2818 4271 secedit,
2874 4214 3050 4260 mater
3078 4213 3268 4260 nostra
3320 4211 3425 4265 est,
3461 4204 3539 4256 uti
3566 4220 3664 4258 ex-

2076 4302 2385 4373 posuimus,
2432 4301 2487 4355 id
2517 4307 2603 4355 est
2629 4298 2895 4354 Ecclesia.
2931 4297 3218 4354 Desertum
3251 4311 3380 4351 vero
3410 4297 3464 4349 in
3511 4298 3661 4366 quod

2077 4395 2300 4457 veniens
2326 4391 2570 4464 pascitur
2596 4392 2714 4448 dies
2734 4393 2880 4448 mille
2911 4391 3178 4445 ducentos
3201 4387 3506 4458 sexaginta,
3535 4404 3662 4444 vere

2077 4503 2107 4541 a
2132 4486 2290 4542 malis
2313 4485 2592 4541 desertum
2621 4492 2676 4539 et
2697 4484 3087 4540 infecundum:
3116 4481 3321 4537 sterilis
3352 4479 3660 4548 corruptio-

2072 4579 2180 4644 nis,
2216 4592 2318 4633 nec
2349 4577 2502 4633 ferax
2539 4584 2683 4632 terra
2712 4575 3000 4630 noxiorum
3031 4574 3370 4644 germinum;
3423 4571 3660 4628 diﬂicilis

2073 4671 2224 4725 aditu
2257 4673 2470 4734 eadem,
2493 4684 2595 4724 nec
2625 4666 2910 4724 commode
2942 4667 3077 4722 satis
3124 4667 3286 4736 vulgo
3339 4664 3656 4729 calcabilis;

2073 4763 2327 4810 caeterum
2357 4753 2608 4825 frugibus
2639 4751 3023 4822 fructibusque
3044 4751 3195 4814 felix,
3213 4749 3348 4820 quin
3365 4755 3419 4803 et
3437 4747 3660 4817 pascuis

2074 4853 2381 4918 abundans,
2412 4859 2468 4906 et
2491 4864 2706 4905 ammne
2734 4848 2935 4904 florens
2970 4846 3268 4918 perviaque
3305 4843 3532 4907 sanctis,
3557 4859 3655 4897 co-

2073 4950 2162 5016 pia
2193 4945 2506 5000 redundans
2542 4941 2841 5012 sapientize,
2878 4956 2941 4994 ac
2991 4938 3304 5012 germinans
3325 4937 3527 4990 vitam:
3565 4934 3657 4990 hic

2076 5040 2194 5109 ipse
2214 5043 2300 5094 est
2323 5038 2379 5092 in
2397 5051 2506 5106 quo
2537 5050 2751 5096 sumus.
2783 5033 3208 5104 pulcherrimus,
3233 5028 3658 5100 speciosissimis

2075 5131 2368 5186 umbrosus
2434 5128 2588 5184 silvis
2638 5126 3092 5195 suavissimisque
3150 5123 3342 5177 halans
3393 5121 3653 5186 ﬂoribus,

2073 5222 2310 5278 Virtutis
2339 5223 2551 5278 hortus.
2577 5219 2679 5288 lbi,
2708 5219 2940 5274 surrexit
2961 5217 3175 5283 Auster,
3200 5223 3250 5269 et
3273 5214 3423 5284 ﬂavit
3441 5213 3652 5284 Aquilo,

2071 5325 2119 5372 et
2168 5316 2340 5385 ﬂuunt
2384 5325 2630 5368 aromata
2656 5312 2733 5381 ⁵τ;
2771 5309 3172 5378 ambrosiisque
3198 5305 3379 5362 omnia
3437 5305 3656 5359 roribus

2072 5409 2315 5478 madent,
2361 5405 2685 5462 immortalis
2735 5404 2862 5459 vitae
2915 5415 3133 5471 semper
3159 5397 3466 5454 virentibus
3498 5412 3658 5452 coro-

2071 5722 2239 5778 tutius
2285 5737 2410 5778 esse
2475 5718 2761 5786 legendum
2814 5715 3050 5786 advertit
3084 5716 3141 5770 in
3194 5711 3553 5773 emendandis
3581 5712 3648 5768 ad

2068 5793 2271 5850 calcem
2299 5804 2429 5849 tom.
2458 5784 2738 5844 lAuctarii
2765 5788 2958 5844 noviss.
2982 5784 3153 5842 ϐΑιι..
