4150 6422
510 358 621 419 185

1455 356 1513 415 S.
1556 355 1888 413 ΜΕἸἮΟΒΙῙ
1927 354 2238 412 EPISCOPI
2274 354 2364 411 ET
2401 353 2768 411 MABTYRIS

3639 360 3757 417 {‘56

510 489 635 535 nata
664 477 879 549 plantis.
906 474 1025 542 Quo
1051 475 1108 529 in
1135 474 1294 532 horto
1318 475 1429 545 iam
1453 491 1553 533 nos
1585 493 1773 532 sumus
1795 476 1957 531 ﬂores
1986 456 2065 531 le—

2167 493 2255 529 σαι
2285 473 2394 529 ’νῦν
2443 476 2535 529 καὶ
2588 475 2877 529 πλέκουσαι
2910 476 2977 547 τῇ
3021 472 3306 546 βασιλίσσῃ
3351 476 3453 530 τδν
3503 476 3744 555 ἁλουργῆ

510 577 719 639 gentes,
749 575 802 622 et
830 583 896 621 ex
942 566 1010 621 iis
1050 581 1376 636 purpuream
1426 566 1694 637 longeque
1734 566 2069 636 splendidam

510 659 804 729 impollutis
829 657 1011 727 digitis
1035 656 1237 727 reginae
1282 665 1526 713 texentes
1546 657 1872 728 virginitatis
1912 671 2072 712 coro-

506 766 655 807 nam.
695 748 858 803 Verbi
890 749 1034 803 enim
1074 762 1299 818 sponsa,
1335 747 1553 802 virtutis
1594 756 1822 803 ornatur
1876 747 2070 802 fructi-

507 842 629 897 bus.
661 839 805 897 Mille
864 856 1028 911 porro
1056 840 1276 896 ducenti
1332 840 1614 910 sexaginta
1644 839 1761 895 dies
1802 856 1895 911 per
1931 856 2070 910 quos

508 936 597 990 hic
625 950 935 999 versamur,
964 933 1144 990 Patris
1170 941 1275 1003 est,
1304 950 1339 989 o
1364 933 1623 1004 virgines,
1652 940 1706 987 et
1731 930 1851 987 Filii
1871 939 1925 986 et
1948 930 2072 1002 Spi-

505 1028 646 1084 ritus
679 1028 854 1084 sancti
885 1027 1025 1082 citra
1063 1041 1278 1081 omnem
1308 1026 1585 1096 ambagem
1611 1031 1800 1079 exacta
1838 1025 2071 1094 optima-

505 1135 615 1191 que
643 1120 1022 1190 intelligentia,
1051 1133 1159 1189 qua
1192 1116 1389 1187 gaudet
1420 1125 1592 1173 mater
1614 1124 1817 1181 nostra,
1848 1133 1944 1187 per
1967 1117 2071 1171 hoc

506 1223 723 1283 tempus
752 1226 1052 1282 augescens
1089 1216 1251 1280 atque
1277 1209 1577 1274 exsultans,
1603 1209 1730 1264 dum
1765 1210 1819 1263 in
1849 1209 2071 1264 restitu-

506 1304 656 1360 tione
705 1319 968 1360 novorum
1007 1303 1347 1365 saeculorum,
1405 1302 1460 1356 in
1491 1303 1806 1357 concionem
1851 1316 1970 1371 quae
2013 1302 2068 1356 in

505 1397 662 1453 ctelis
687 1404 771 1452 est
799 1396 1042 1459 veniens,
1080 1410 1188 1450 non
1219 1395 1331 1464 jam
1357 1410 1453 1465 per
1483 1396 1719 1449 rationes
1765 1394 2072 1462 mentisque

505 1488 848 1543 contentioso
895 1493 1093 1542 conatu
1127 1485 1180 1541 id
1214 1486 1353 1556 quod
1381 1495 1482 1552 est,
1536 1484 1924 1548 considerabit,
1973 1483 2068 1539 sed

505 1581 653 1636 clare
679 1588 734 1635 et
761 1579 1070 1650 conspicue,
1107 1594 1216 1634 una
1265 1593 1390 1632 cum
1440 1576 1661 1634 Christo
1709 1575 1777 1630 ad
1812 1575 2069 1631 interiora

506 1667 765 1730 admissa,
796 1667 1140 1737 inspectabit.
1183 1665 1520 1722 Millenarius
1548 1666 1767 1736 quippe,
1792 1681 1854 1720 ex
1884 1672 2069 1720 cente-

506 1760 661 1814 nario
707 1759 888 1814 decies
922 1759 1280 1829 multiplieato
1306 1766 1585 1821 constans,
1617 1757 1914 1828 perfectum
1964 1773 2066 1811 nu-

2173 568 2433 637 στέφανον
2479 568 2573 620 καὶ
2634 567 2948 638 ἔκλαμπρον
2992 567 3092 637 τῆς
3147 567 3444 639 παρθενίας
3499 570 3746 635 ἀθίκτοις

2168 654 2471 718 δακτύλοις.
2511 655 2733 726 Ἀρετῆς
2770 655 2880 725 γὰρ
2912 657 3195 723 κοσμεῖται
3228 660 3460 727 καρποῖς
3487 660 3521 730 ή
3554 657 3743 730 νύμφη

2168 747 2263 802 τοῦ
2296 749 2492 817 Λόγου.
2536 748 2603 801 Δί
2648 748 2706 801 δὲ
2744 747 2909 818 χίλιαι
2953 749 3048 801 καὶ
3088 748 3358 803 διακόσιαι
3408 751 3613 821 ἡμέραι
3646 752 3744 806 καὶ

2170 839 2448 912 ἐξήκοντα,
2472 839 2539 904 ἀς
2567 840 2753 893 ἐνθάδε
2782 839 2949 909 ἐσμὲν
2974 841 3055 903 είς
3079 840 3393 911 ἐπιδημίαν,
3422 843 3456 911 ή
3491 842 3620 914 περὶ
3644 843 3741 896 τοῦ

2168 931 2381 1002 Πατρός
2413 934 2591 998 ἐστιν,
2636 924 2682 984 ὦ
2714 929 3004 1003 παρθένοι,
3045 932 3142 985 καὶ
3186 930 3282 985 τοῦ
3334 933 3464 986 Υίοῦ
3498 934 3592 988 καὶ
3643 934 3743 988 τοῦ

2168 1023 2483 1094 Πνεύματος
2532 1024 2649 1077 κατ’
2683 1023 2897 1077 εὐθεῖαν
2947 1022 3180 1094 ἁκριὸὴς
3227 1023 3338 1094 (22)
3394 1025 3491 1078 καὶ
3539 1025 3738 1098 ἀρίστη

2170 1114 2400 1179 σύνεσις,
2432 1107 2466 1187 ᾖ
2498 1113 2728 1185 γέγηθεν
2767 1113 2923 1185 ήμῶν
2951 1115 2985 1185 ή
3028 1114 3207 1185 μήτηρ
3247 1114 3605 1187 αὐξανομένη,
3642 1116 3739 1170 καὶ

2167 1204 2458 1275 ἀγάλλεται
2503 1208 2713 1259 τουτονὶ
2755 1206 2849 1260 τὸν
2907 1206 3099 1277 χρόνον
3120 1247 3136 1272 ,
3193 1206 3463 1278 μέχριπερ
3506 1206 3574 1261 ἀν
3635 1208 3737 1279 τῆς

2168 1297 2657 1360 ἀποκαταστάσεως
2686 1297 2796 1371 (2'5)
2840 1297 2951 1351 τῶν
3001 1297 3203 1352 καινῶν
3247 1298 3491 1363 αἰώνων,
3525 1301 3605 1363 είς
3634 1300 3737 1371 τὴν

2166 1389 2361 1461 ἀγυριν
2383 1389 2610 1442 ἐλθοῦσα
2641 1389 2781 1442 κατά
2810 1390 2936 1454 τοὺς
2965 1391 3245 1461 οὐρανοὺς,
3288 1392 3481 1461 μηκέτι
3511 1392 3578 1445 δι’
3611 1394 3733 1445 ἑπι-

2169 1484 2381 1555 στήμης
2425 1485 2869 1552 κατασκέπτηται
2930 1482 2996 1536 τὸ
3031 1484 3152 1548 Ὃν,
3202 1482 3337 1537 ἀλλά
3375 1483 3586 1554 τρανῶς
3630 1483 3734 1537 ἑπ-

2165 1576 2399 1646 οπτεύσῃ
2433 1576 2653 1647 Χριστῷ
2685 1575 3030 1630 ωνεισόᾶσα.
3065 1575 3145 1629 Τά
3182 1577 3292 1648 γὰρ
3322 1576 3487 1647 χίλια,
3521 1579 3579 1630 ὲν
3605 1577 3735 1631 ἑκα-

2164 1667 2378 1721 τοντάσι
2454 1665 3023 1730 δεκαπλασιασθέντα,
3087 1666 3289 1721 τέλειον
3339 1667 3569 1740 ἀριθμὸν
3637 1667 3732 1722 καὶ

2166 1758 2345 1830 πλήρη
2406 1758 2679 1829 περιέχει’
2723 1757 2765 1810 ’ὃ
2814 1758 2879 1829 δή
2943 1760 3057 1812 ἐστι
3111 1758 3376 1829 σύμόολον
3429 1758 3595 1813 αὑτοῦ
3632 1759 3728 1814 τοῦ

506 1866 712 1906 merum
761 1858 816 1906 et
868 1851 1086 1921 plenum
1117 1852 1402 1906 continet:
1436 1851 1579 1921 quod
1626 1858 1709 1905 est
1760 1849 2064 1920 symbolum

2166 1847 2394 1918 Πατρός,
2428 1848 2521 1900 τοῦ
2551 1848 2643 1917 ἀφ’
2677 1847 2873 1901 ἑαυτοῦ
2905 1847 3403 1921 δημιουργήσαντος
3429 1850 3522 1903 καὶ
3552 1850 3730 1921 ἑαυτῷ

503 1942 700 2007 Patris,
732 1943 824 2012 qui
877 1958 944 1998 ex
994 1958 1054 1998 se
1083 1944 1202 2013 ipso
1251 1957 1431 1998 rerum
1483 1943 1622 1997 hanc
1664 1941 2066 1996 universitatem

502 2032 765 2099 condidit,
818 2041 873 2089 et
902 2033 955 2086 in
982 2048 1042 2088 se
1068 2033 1186 2103 ipso
1231 2033 1472 2089 continet
1518 2049 1582 2087 ac
1613 2038 1918 2086 conservat.
1953 2029 2067 2084 Du-

500 2132 658 2180 centa
687 2140 838 2191 vero,
865 2140 929 2178 ex
956 2123 1168 2179 duobus
1200 2123 1454 2193 perfectis
1489 2138 1747 2178 numerus
1773 2120 2065 2185 conﬂatus,

502 2217 808 2288 symbolum
833 2225 919 2271 est
952 2216 1187 2286 Spiritus
1212 2219 1385 2272 sancti
1408 2258 1422 2280 ,
1445 2225 1715 2287 quatenus
1749 2217 1795 2271 is
1822 2213 1944 2269 Filii
1967 2231 2057 2270 no-

503 2313 588 2366 bis
618 2325 681 2364 ac
707 2309 885 2365 Patris
907 2308 1109 2364 notitiae
1138 2316 1326 2364 auctor
1353 2309 1589 2364 exsistit.
1620 2307 1859 2376 Denique
1904 2321 2064 2362 sexa-

502 2403 653 2473 ginta
676 2401 949 2456 senarium
974 2416 1259 2455 numerum
1294 2400 1349 2455 in
1369 2400 1663 2455 decadibus
1698 2399 1877 2461 habet,
1892 2413 2067 2468 eoque

504 2492 807 2562 symbolum
834 2490 1035 2546 Christi
1063 2499 1148 2547 est
1183 2510 1198 2548 :
1235 2491 1439 2546 idcirco
1475 2490 1765 2557 nimirum,
1798 2490 1941 2560 quod
1973 2506 2066 2545 se-

504 2583 691 2637 narius
720 2597 982 2638 numerus
1015 2598 1082 2636 ex
1104 2583 1311 2636 unitate
1342 2580 1711 2652 progrediens,
1735 2596 1799 2635 ex
1830 2581 2064 2651 propriis

502 2671 847 2741 componitur
869 2671 1134 2741 partibus,
1154 2671 1227 2724 ita
1259 2678 1318 2725 ut
1348 2670 1400 2725 in
1421 2686 1487 2724 eo
1508 2671 1639 2724 nihil
1669 2669 1883 2724 deﬁciat
1904 2679 2065 2726 autve

504 2762 765 2817 redundet
800 2783 813 2817 :
849 2764 903 2817 iu
950 2778 1078 2818 suas
1118 2763 1261 2817 enim
1305 2770 1487 2831 partes
1516 2763 1789 2817 resolutus
1826 2763 2066 2832 comple-

504 2859 613 2907 tur.
655 2852 921 2907 Nimirum
970 2854 1016 2908 si
1053 2869 1146 2908 sex
1186 2856 1241 2906 in
1282 2852 1418 2907 alios
1455 2862 1616 2921 atque
1664 2852 1799 2908 alios
1827 2853 2064 2922 mquales

503 2959 761 3001 numeros
793 2946 1089 3010 dividatur,
1140 2959 1364 2999 necesse
1390 2952 1475 2999 est
1502 2961 1571 2999 ex
1618 2945 1809 3000 iisdem
1864 2944 2062 3000 iterum

499 3036 709 3105 junctis
727 3039 1019 3108 segmentis
1039 3037 1286 3092 eumdem
1331 3052 1612 3091 numerum
1643 3037 1904 3107 reparari.
1944 3036 2065 3091 Pri-

505 3143 653 3183 mum
681 3129 897 3199 quidem
929 3130 976 3184 si
1004 3129 1214 3184 medius
1241 3128 1530 3194 dividatur,
1559 3130 1662 3184 tria
1693 3129 1892 3197 eilicit;
1943 3145 2066 3184 rur-

505 3238 601 3278 sus
623 3224 670 3278 si
702 3224 758 3277 in
788 3230 902 3278 tres
928 3232 1110 3293 partes
1137 3222 1427 3287 dividatur,
1475 3220 1638 3276 emcit
1678 3219 1821 3288 duo;
1870 3220 1917 3277 si
1968 3219 2065 3276 de-

505 3314 670 3384 nique
725 3315 781 3369 in
814 3331 908 3369 sex
941 3322 1122 3385 partes
1153 3314 1541 3377 distribuatur,
1574 3311 1865 3382 unicuique
1920 3311 2063 3381 parti

505 3408 681 3463 solum
712 3408 895 3463 unitas
914 3408 1190 3477 competit;
1224 3408 1474 3477 idemque
1505 3421 1697 3461 rursus
1733 3406 1789 3460 in
1822 3406 2064 3474 seipsum

503 3499 793 3570 colligitur.
815 3497 949 3553 Nam
972 3500 1029 3554 in
1054 3500 1137 3554 bis
1173 3500 1298 3566 tria,
1327 3508 1409 3554 ter
1427 3499 1557 3561 duo,
1582 3497 1759 3553 sexies
1784 3512 1949 3550 unum
1979 3494 2064 3550 di-

504 3590 675 3655 visus,
697 3590 1005 3659 conjunctis
1038 3590 1177 3644 inter
1216 3605 1275 3644 se
1305 3590 1479 3644 tribus
1514 3598 1568 3643 et
1616 3588 1828 3643 duobus
1856 3596 1908 3643 et
1933 3602 2062 3650 uno,

506 3695 697 3735 rursus
726 3681 1000 3735 senarium
1030 3680 1296 3749 integrum
1328 3680 1559 3749 perficit.
1582 3677 1881 3734 Perfectum
1918 3677 2062 3733 enim

506 3772 817 3826 necessario
845 3779 949 3835 est,
972 3770 1234 3840 quidquid
1261 3784 1433 3838 neque
1460 3770 1565 3824 alio
1604 3769 1671 3824 ad
1714 3769 1798 3823 sui
1827 3768 2066 3838 complev

507 3871 744 3916 mentum
775 3870 911 3933 eget,
948 3877 1049 3916 nec
1077 3877 1311 3933 unquam
1350 3862 1614 3918 redundat
1663 3861 1944 3931 majusque
1978 3875 2065 3914 se-

506 3953 626 4022 ipso
691 3961 796 4008 est.
854 3953 1100 4008 Aliorum
1172 3961 1351 4008 autem
1421 3967 1768 4007 numerorum
1843 3948 2066 4020 quidam

506 4046 630 4116 plus
662 4060 823 4115 quam
873 4046 1101 4116 perfecti
1140 4054 1300 4112 sunt,
1332 4055 1391 4100 ut
1437 4043 1825 4099 duodenarius.
1890 4041 2065 4095 Media

503 4137 705 4207 quippe
738 4153 863 4207 pars
892 4137 1011 4207 ejus
1031 4138 1280 4192 senarius
1309 4145 1414 4202 est,
1439 4134 1596 4190 tertia
1624 4149 1749 4188 vero
1775 4139 2067 4202 quaterna.

504 4232 640 4292 rius,
666 4237 857 4299 quarta
896 4230 1185 4293 tertiarius,
1239 4235 1394 4284 sexta
1443 4226 1708 4289 binarius,
1748 4223 2065 4278 duodecima

505 4321 704 4376 unitas.
760 4320 883 4375 llaec
913 4329 1091 4375 autem
1123 4321 1177 4375 in
1209 4336 1330 4391 quae
1358 4316 1721 4373 duodenarius
1755 4323 1931 4385 potest
1982 4314 2066 4369 di-

502 4413 637 4477 vidi,
667 4414 711 4469 si
744 4430 937 4469 rursus
961 4414 1015 4468 in
1044 4430 1103 4469 se
1133 4420 1549 4484 componantur,
1567 4411 1835 4465 excedunt
1862 4408 2068 4463 duode-

2167 1938 2593 2010 ωγκρατοῦντος
2629 1940 2690 1993 τὸ
2726 1942 2864 1993 πᾶνο
2902 1941 2971 1993 τά
3013 1940 3071 1994 δὲ
3120 1940 3372 1995 διακόσια
3412 1942 3504 1995 τὸν
3536 1944 3601 1995 ὲκ
3635 1943 3729 1996 δύο

2164 2027 2380 2082 τελείων
2406 2028 2653 2100 ἀριθμῶν
2681 2029 3122 2101 συνεζευγμένον,
3162 2030 3191 2083 ὃ
3215 2032 3279 2102 δή
3309 2032 3424 2085 ἐστι
3464 2031 3731 2103 σύμϐολον

2163 2121 2257 2174 τοῦ
2291 2122 2444 2191 ἁγίου
2488 2122 2834 2194 Πνεύματος,
2867 2123 3005 2177 καθὸ
3044 2124 3143 2195 τῆς
3186 2124 3442 2193 γνώσεώς
3489 2128 3605 2180 ἐστι
3632 2125 3728 2181 τοῦ

2164 2212 2295 2267 Υἱοῦ
2356 2214 2514 2268 τοῦτο
2569 2216 2663 2268 καὶ
2713 2216 2806 2269 τοῦ
2856 2216 3069 2286 Πατρὸς
3118 2220 3481 2288 περιεκτικόν.
3531 2220 3612 2274 Τά
3669 2219 3729 2274 δὲ

2164 2306 2446 2378 ἐξήκοντα,
2469 2308 2559 2361 τὸν
2593 2308 2653 2372 ἓξ
2680 2309 2908 2380 ἀριθμὸν
2939 2311 2997 2362 ὲν
3026 2309 3246 2364 δεκάσιν
3280 2311 3415 2382 ἔχει,
3439 2312 3470 2365 δ
3509 2313 3574 2383 δή
3610 2315 3729 2368 ἐστι

2166 2400 2429 2471 σύμϐολον
2479 2401 2573 2455 τοῦ
2624 2402 2891 2473 Χριστοῦ’
2927 2403 3221 2476 ἐπειδήπερ
3276 2408 3306 2458 ό
3355 2403 3464 2458 τῶν
3506 2403 3566 2469 ἓξ
3621 2405 3730 2459 ἀπὸ

2167 2494 2389 2564 μονάδος
2436 2493 2641 2565 προῖὼν
2695 2495 2925 2567 ἀριθμὸς
2980 2498 3045 2549 ὲκ
3075 2496 3182 2550 τῶν
3237 2497 3380 2551 ίδίων
3426 2498 3728 2552 συντίθεται

2166 2585 2367 2658 μερῶν,
2398 2587 2538 2642 ὥστε
2566 2589 2702 2659 μήτε
2744 2589 2953 2643 λείπειν
2988 2591 3045 2643 ὲν
3081 2589 3258 2661 ἑαυτῷ
3288 2607 3363 2655 τι,
3400 2592 3536 2660 μήτε
3572 2590 3730 2643 πλεο-

2163 2676 2370 2742 νάζειν
2403 2681 2483 2742 είς
2513 2679 2582 2733 τὰ
2629 2680 2821 2733 ἑαυτοῦ
2850 2680 2961 2752 γὰρ
2996 2681 3136 2753 μέρη
3185 2681 3545 2752 ἀναλυόμενος
3594 2698 3732 2751 συμ-

2165 2770 2486 2841 πληροῦται.
2519 2766 2644 2825 Οἴον
2670 2770 2760 2824 τὸν
2784 2771 2844 2836 ἒξ
2874 2773 2953 2836 είς
2988 2772 3078 2825 ῐσα
3114 2773 3251 2845 μέρη
3291 2773 3349 2839 ὲξ
3373 2773 3501 2826 ἰσων
3540 2773 3731 2843 τεμνό-

2167 2879 2325 2932 μενον
2379 2861 2589 2933 μερῶν,
2619 2862 2830 2935 ἀνάγκη
2880 2863 2981 2933 τὴν
3023 2865 3190 2935 αὐτὴν
3227 2867 3292 2919 ἐκ
3326 2865 3435 2920 τῶν
3484 2867 3731 2937 διαμερι-

2167 2953 2400 3008 σθέντων
2462 2955 2767 3025 τμημάτων
2831 2955 2992 3009 πάλιν
3046 2957 3318 3028 ποσότητα
3371 2957 3727 3029 πληροῦσθαι.

2165 3045 2388 3116 Πρῶτον
2413 3046 2521 3116 γὰρ
2565 3046 2760 3117 μέρος,
2803 3046 2943 3100 κατὰ
3002 3045 3161 3116 μέσον
3191 3045 3563 3117 διαιρούμενος
3589 3049 3735 3100 ποιεί

2163 3137 2254 3191 τὸν
2279 3139 2434 3209 τρία⁸
2470 3134 2590 3192 εἶτα
2618 3140 2696 3201 είς
2719 3138 2846 3210 τρία
2878 3137 3249 3209 διαιρούμενος
3276 3138 3439 3209 μέρη,
3473 3143 3616 3192 ποιεῖ
3639 3140 3732 3194 τὸν

2162 3226 2284 3282 δύο·
2318 3227 2436 3282 εἶτα
2467 3231 2546 3293 εἰς
2569 3229 2628 3295 ἒξ
2660 3230 2955 3300 μερισθεὶς,
2999 3232 3142 3284 ποιεῖ
3173 3229 3265 3283 τὸν
3293 3229 3408 3294 ἕνα,
3452 3232 3546 3284 καὶ
3592 3247 3731 3301 συμ-

2164 3319 2464 3392 πληροῦται
2520 3320 2681 3374 πάλιν
2712 3323 2791 3385 εἰς
2835 3321 3043 3375 ἑαυτόν.
3076 3322 3170 3386 El;
3202 3322 3310 3394 γάρ
3351 3322 3433 3385 δὶς
3471 3322 3598 3393 τρία
3635 3322 3735 3378 καὶ

2163 3411 2281 3482 τρὶς
2304 3411 2397 3464 δύο
2428 3411 2521 3464 καὶ
2554 3410 2740 3475 ἑξάκις
2787 3411 2845 3465 έν
2884 3411 3255 3483 διαιρούμενος
3276 3452 3291 3477 ,
3337 3412 3731 3482 συντιθεμένων

2163 3502 2270 3555 τῶν
2300 3501 2466 3574 τριῶν
2486 3504 2580 3555 καὶ⁹
2608 3502 2717 3556 τῶν
2743 3503 2836 3556 δύο
2858 3504 3061 3557 καὶτοῦ
3084 3504 3221 3569 ἑνὸς,
3245 3504 3406 3557 πάλιν
3432 3503 3734 3576 ἀναπληροῖ

2162 3594 2254 3647 τὸν
2282 3593 2360 3658 ἓξ.
2380 3593 2595 3647 Τέλειον
2623 3594 2679 3648 δὲ
2697 3596 2803 3648 πᾶν
2825 3594 2885 3660 ἐξ
2912 3595 3152 3666 ἀνάγκης
3182 3596 3297 3649 ἐστὶ
3319 3596 3379 3649 τὸ
3403 3597 3540 3667 μήτε
3562 3613 3731 3667 προσ-

2162 3685 2414 3755 δεόμενον
2445 3687 2524 3748 είς
2573 3685 2967 3757 συμπλήρωσιν
3001 3686 3188 3757 ἐτέρου
3209 3723 3225 3751 ,
3261 3686 3398 3756 μήτε
3440 3684 3731 3747 πλεονάζον

2164 3776 2355 3830 ἑαυτοῦ
2409 3776 2645 3832 πώποτε.
2704 3777 2825 3831 Τῶν
2878 3778 2935 3831 δὲ
2988 3778 3160 3833 ἄλλων
3218 3777 3469 3850 ἀριθμῶν
3523 3779 3571 3831 oi
3630 3777 3734 3848 μὲν

2166 3870 2495 3942 ὑπερτέλειοι
2543 3873 2699 3936 εἰσιν,
2742 3870 2817 3935 ὡς
2849 3873 2877 3924 ό
2908 3868 3136 3924 δώδεκα.
3171 3869 3246 3922 Τὸ
3284 3870 3394 3941 γὰρ
3419 3870 3531 3922 ῐσον
3564 3868 3730 3925 αὐτοῦ

2169 3963 2329 4033 μέρος
2369 3961 2439 4015 τὰ
2470 3962 2549 4029 ἒξ,
2583 3963 2675 4015 καὶ
2721 3962 2782 4015 τὸ
2816 3962 2996 4033 τρίτον
3027 3961 3096 4015 τά
3134 3962 3395 4032 τέσσαρα,
3430 3963 3522 4015 καὶ⁸
3560 3965 3620 4015 τὸ
3643 3962 3735 4016 τέ-

2164 4071 2361 4125 ταρτον
2393 4053 2460 4107 τά
2502 4054 2651 4125 τρία,
2698 4054 2791 4107 καὶ
2821 4053 2881 4105 τὸ
2913 4052 3069 4105 ἕκτον
3099 4053 3166 4106 τὰ
3199 4052 3310 4115 δύο,
3344 4052 3435 4106 καὶ
3484 4053 3547 4107 τὸ
3571 4053 3732 4108 δωδέ-

2165 4160 2327 4198 κατον
2358 4143 2419 4196 τὸ
2466 4143 2543 4197 ἓν.
2577 4144 2671 4207 El;
2702 4142 2738 4197 ἀ
2765 4142 2985 4196 δύναται
3032 4139 3375 4213 μερίζεσθαι,
3412 4143 3730 4198 συντεθέντα

2166 4233 2558 4305 ὑπερϐάλλουσι
2611 4234 2700 4288 τὸν
2751 4232 2995 4300 δώδεκα,
3046 4235 3107 4287 οὐ
3157 4235 3491 4305 τηρήσαντος
3540 4234 3731 4288 ἑαυτὸν

2168 4327 2279 4379 ίσον
2310 4328 2422 4390 τοῖς
2450 4326 2613 4379 αὑτοῦ
2649 4325 2889 4397 μέρεσιν,
2921 4325 2997 4389 ὡς
3043 4327 3071 4379 ό
3101 4325 3180 4392 ἒξ.
3212 4327 3274 4378 Ol
3318 4325 3374 4378 δὲ
3408 4326 3729 4392 ὑποτέλειοι,

2164 4417 2241 4481 ὡς
2266 4421 2294 4471 ό
2313 4417 2473 4472 ὀκτώ.
2507 4417 2578 4471 Τὸ
2618 4417 2726 4489 γὰρ
2753 4417 2922 4487 ἥμισυ
2953 4416 3116 4469 αὑτοῦ
3148 4416 3213 4469 τὰ
3241 4417 3498 4488 τέσσαρα,
3544 4418 3638 4472 καὶ
3669 4417 3731 4471 τὸ

504 4506 740 4569 narium,
788 4507 883 4576 qui
918 4522 976 4561 se
1014 4505 1239 4576 proinde
1279 4522 1384 4560 non
1426 4512 1602 4559 servat
1644 4502 1902 4573 aequalem
1948 4501 2064 4555 suis

2168 4509 2423 4581 τέταρτον
2447 4509 2514 4562 τὰ
2538 4508 2650 4571 δύο,
2682 4507 2775 4560 καὶ
2802 4505 2863 4559 τὸ
2893 4507 3076 4575 ὄγδοον
3101 4508 3160 4559 τὸ
3188 4507 3262 4561 ἒν.
3296 4509 3388 4571 Εἰς
3413 4508 3447 4562 ἃ
3474 4510 3730 4579 τέμνεται

506 4597 772 4666 partibus,
806 4598 950 4652 sicut
988 4599 1255 4652 senarius.
1302 4597 1405 4651 Alii
1445 4595 1781 4666 imperfecti,
1819 4602 1875 4648 ut
1912 4602 2065 4648 octo-

504 4689 711 4744 uarius.
741 4688 912 4758 llujus
936 4690 1078 4743 enim
1101 4690 1401 4754 dimidium,
1432 4689 1842 4760 quaternarius;
1874 4698 2065 4757 quarta

506 4795 635 4835 vero
682 4795 828 4850 pars,
860 4782 1143 4850 binarius;
1187 4789 1398 4847 octava,
1446 4782 1647 4837 unitas.
1697 4780 1755 4834 In
1807 4795 1945 4850 quas
1978 4780 2064 4833 di-

465 4934 491 4981 ‘D
578 4933 689 5005 (2‘2)
703 4938 839 4990 Κατ’
854 4936 1089 4993 εὐθεῖαν
1111 4937 1376 5005 ἀκριϐής.
1397 4937 1562 5003 Quasi
1585 4947 1727 4990 recta
1754 4952 1817 4990 ac
1849 4938 2062 5003 directe,

506 5020 591 5069 ac,
625 5008 769 5076 quod
805 5008 1116 5070 reddebam,
1161 5010 1297 5061 citra
1322 5024 1524 5062 onmem
1548 5009 1838 5076 ambagem.
1863 5006 2067 5076 Nempe

505 5077 885 5149 xat‘_ta_OOeIav_,
924 5078 1476 5149 ειὼευόί,γραμμήν,
1502 5077 1665 5149 idest
1687 5077 1890 5149 lineam
1906 5094 1929 5149 ί
1956 5094 2067 5149 non

505 5147 648 5267 aliud
663 5145 967 5229 Possinius,
982 5145 1264 5231 secundum
1282 5145 1473 5200 rectum
1491 5146 1666 5233 ﬁdem.
1685 5145 1878 5200 Dicunt
1892 5147 2065 5202 Graeci

544 5216 664 5267 dem
689 5216 873 5267 όοθήν.
907 5217 1140 5267 blncaue
1182 5218 1293 5267 IIIIS
1340 5217 1654 5267 όοθοτοιιειν
1680 5226 1733 5267 et
1764 5216 2060 5267 όοθοδοξία.

544 5216 664 5289 dem
689 5216 873 5289 ὀρθήν,
892 5217 1140 5289 hincque
1181 5218 1308 5289 illis
1340 5217 1654 5289 ὀρθοτομεζν
1680 5226 1733 5272 et
1756 5216 2060 5289 opﬁoaoﬁla,

506 5286 652 5357 ac‘si
690 5286 822 5355 quid
854 5286 1127 5357 ejusmodi
1156 5296 1262 5350 est,
1297 5286 1700 5357 ipseque’adeo
1736 5286 2060 5357 Apostolus:

441 5386 452 5427 ι
507 5352 742 5427 εὐθεῖαν,
773 5352 1071 5427 nunquam.
1102 5352 1397 5427 COIBEFlS.

570 5423 682 5493 (23)
699 5423 1010 5495 Μέχριπερ.
1022 5466 1058 5481 ..
1077 5425 1181 5493 τῆς
1192 5424 1746 5493 ἀποκαταστάσεως.
1764 5424 1853 5481 Sic
1867 5426 2065 5496 ubique

507 5491 695 5549 Patres
723 5491 1169 5550 ἀποκατάστασιν
1206 5507 1421 5562 vocant,
1460 5498 1620 5566 quasi
1667 5491 2063 5565 reparationem

507 5571 704 5628 status,
733 5572 788 5620 et
823 5566 878 5639 in
912 5568 1178 5639 integrum
1210 5567 1645 5639 restitutionem;
1676 5581 1812 5639 sano
1843 5566 2063 5639 quidem

506 5648 693 5695 sensu,
754 5636 846 5704 qui
904 5636 1048 5691 sana'
1090 5638 1226 5698 fide.
1274 5638 1482 5706 lapsum
1516 5636 1733 5705 quidem
1788 5636 2062 5689 hominem

508 5712 831 5775 agnoscunt,
879 5707 974 5761 sed
1023 5706 1215 5761 Adami
1260 5707 1723 5775 praevaricatione,
1754 5721 1862 5775 qua
1905 5706 2062 5759 nobis

509 5773 712 5829 amissa
746 5776 1011 5834 rectitudo
1051 5773 1314 5833 naturalis
1354 5785 1407 5832 et
1438 5775 1530 5831 Dei
1560 5776 1731 5847 gratia
1761 5773 1960 5847 jusque
1993 5775 2061 5831 ad

2171 4600 2333 4671 μέρη,
2380 4599 2699 4653 συντεθέντα
2754 4600 2898 4651 ποιεῖ
2938 4598 3027 4651 τὸν
3060 4597 3235 4664 ἑπτὰ,
3272 4600 3365 4652 καὶ
3421 4600 3731 4671 προσδεῖται

2171 4689 2394 4759 μονάδος
2429 4690 2510 4753 εἰς
2537 4688 2633 4760 τήν
2678 4686 2871 4741 ἑαυτοῦ
2911 4688 3331 4761 συμπλήρωσιν·
3369 4691 3466 4760 οὐχ
3498 4691 3573 4754 ὡς
3611 4694 3640 4744 ὁ
3671 4690 3732 4755 ἓξ

2170 4778 2436 4841 παντοίως
2458 4777 2632 4848 ἑαυτῷ
2666 4777 2727 4829 σύ
2736 4794 2951 4848 μειςωνος
2978 4774 3071 4831 ὢν.
3099 4778 3188 4830 Διὸ
3213 4776 3304 4830 καὶ
3337 4776 3614 4848 ἀναφορὰν
3650 4779 3731 4842 είς

2168 4938 2401 5009 gloriam
2422 4933 2980 5009 ;_quorum_perfecta
3011 4931 3307 5009 restitutio.
3344 4932 3571 5001 ipsaque
3611 4933 3722 5003 glo-

2168 5004 2247 5061 ria
2279 5022 2343 5060 ac
2373 5005 2466 5059 Dei
2494 5006 2769 5075 possessio
2791 5007 2855 5075 in
2878 5004 2983 5057 ﬁne
3015 5004 3174 5057 nobis
3204 5011 3588 5075 exspectetur;
3621 5019 3730 5059 non

2167 5071 2757 5147 Origcnianoidelirio,
2767 5074 3038 5147 cujusque
3070 5071 3535 5147 prepriodelicto,
3577 5081 3734 5128 ante-

2207 5140 2328 5199 ua'm
2350 5144 2516 5198 animi
2545 5140 2866 5214 corporibus
2888 5140 3263 5213 alligarentur.
3304 5140 3438 5214 Non;
3461 5150 3585 5211 apte
3600 5158 3731 5213 ergo

2209 5216 2472 5276 ossinius.
2522 5212 2685 5269 donec
2736 5212 3085 5267 instituantur
3114 5227 3245 5264 nova
3278 5212 3518 5273 swcula;
3570 5212 3729 5265 resti-

2168 5296 2385 5340 tuantur
2412 5285 2663 5347 dixisset,
2718 5285 2869 5338 nullo
2902 5282 3148 5353 periculo
3188 5280 3444 5353 Methodii
3486 5282 3730 5350 phrasim

2166 5363 2409 5417 secutus,
2443 5370 2547 5424 qua
2593 5355 2795 5409 Christi
2830 5350 3003 5424 gratia
3033 5350 3338 5424 reparativa
3386 5359 3440 5424 et
3479 5353 3731 5405 sanativa

2167 5430 2300 5494 (non
2333 5420 2656 5494 ipsa—prima
2682 5466 2697 5489 ,
2747 5420 3031 5494 primaque
3080 5421 3175 5474 Dei
3220 5420 3543 5475 liberalitate
3590 5436 3730 5494 con-

2165 5492 2341 5567 cessa)
2356 5492 2588 5567 ejusque
2617 5492 2884 5550 terminus
2918 5492 3221 5547 indicatur:
3241 5506 3359 5567 _nec_
3382 5506 3483 5567 nos
3515 5492 3731 5560 sapien-

2166 5561 2332 5621 tiores
2360 5561 2616 5619 Patribus
2666 5581 2879 5627 sumus,
2906 5570 2965 5617 ut
2995 5576 3185 5616 eorum
3218 5561 3547 5630 theologicas
3571 5575 3733 5617 voces

2165 5635 2440 5690 communi
2493 5650 2594 5688 usu
2650 5636 2806 5689 tritas
2836 5674 2851 5697 ,
2907 5648 3007 5687 nec
3052 5631 3308 5685 Ecclesia:
3350 5646 3579 5700 usquam
3630 5631 3734 5685 im-

2166 5705 2442 5827 probaias,
2492 5720 2849 5775 respuamus,
2909 5712 3237 5772 nostrasque
3281 5702 3388 5757 illis
3433 5701 3735 5758 substitua-

2167 5791 2305 5827 IllllS.
2361 5790 2417 5827 Ι).

2167 5791 2305 5831 111113.
2341 5790 2417 5831 ΙΙ).
