4150 6398
374 332 479 391 £57

1443 339 1831 397 CONVIVIUM
1870 339 2103 397 DECEM
2141 335 2505 395 VIRGINUM.
3518 331 3624 389 158

367 457 459 517 τὸν
493 460 620 516 Υῖὸν
665 463 922 536 ἀνείληφε
975 462 1069 518 τοῦ
1100 458 1257 528 Θεοῦ,
1290 461 1398 515 ἀπὸ
1426 461 1522 515 τοῦ
1580 460 1943 534 πληρώματος

2069 462 2199 516 Visus
2227 468 2412 531 partes
2458 458 2507 513 si
2552 472 2750 514 rursus
2778 471 2847 513 ex
2901 456 3037 528 ipsis
3061 462 3444 529 componatur,
3490 458 3627 512 nihil

367 553 467 624 τῆς
499 553 748 625 θεότητος
777 558 859 621 είς
892 555 984 610 τὸν
1018 554 1132 626 βίον
1164 553 1500 624 ἐληλυθότος.
1536 556 1809 619 Κενωθεὶς
1836 555 1944 627 γάρ

2069 553 2155 606 nisi
2190 552 2560 621 septenarium
2607 549 2788 606 reddit
2830 568 2845 604 :
2889 550 3142 621 indigens
3175 551 3405 614 unitate,
3456 559 3517 605 ut
3555 550 3627 605 ad

370 647 464 699 καὶ
512 645 610 718 τὴν
673 648 884 720 μορφὴν
930 646 1023 701 τοῦ
1082 645 1268 699 δούλου
1313 644 1667 717 προσλαϐὼν,
1719 648 1798 709 εἰς
1849 646 1946 717 τὴν

372 737 565 792 ἑαυτοῦ
592 738 904 809 τελειότητα
931 738 1092 791 πάλιν
1118 735 1475 806 ἀνεπληρώθη
1513 736 1607 788 καὶ
1636 735 1735 807 τὴν
1765 734 1943 801 ἀξίαν.

370 828 543 892 Αὐτὸς
570 829 679 902 γὰρ
707 831 766 883 ὲν
788 829 962 900 ἑαυτῷ
989 827 1360 900 σμικρυνθεὶς,
1385 827 1479 879 καὶ
1507 828 1566 879 ὲν
1595 829 1707 890 τοῖς
1753 825 1946 879 ἑαυτοῦ

372 918 595 991 μέρεσιν
627 920 932 986 άναλυθεὶς,
962 923 1026 974 ὲκ
1058 920 1158 991 τῆς
1198 918 1387 973 ἑαυτοῦ
1443 918 1801 990 σμικρότητος
1854 916 1948 971 καὶ

369 1010 476 1063 τῶν
510 1011 703 1065 ἑαυτοῦ
735 1011 917 1084 μερῶν
946 1013 1025 1075 είς
1084 1010 1184 1082 τὴν
1207 1008 1596 1080 συμπλήρωσιν
1641 1009 1801 1062 πάλιν
1847 1008 1949 1080 τὴν

371 1102 565 1156 ἑαυτοῦ
593 1104 768 1158 καὶτὸ
804 1102 1031 1175 μέγεθος
1071 1103 1329 1175 κατέστη,
1353 1103 1605 1158 οὐδέποτε
1628 1101 1724 1156 τοῦ
1746 1102 1949 1165 τέλειος

372 1190 513 1248 εἶναι
548 1195 824 1266 μειωθείς.

2050 643 2132 698 sui
2160 642 2618 711 complementum
2654 640 2972 712 perveniat:
3010 656 3117 695 non
3176 642 3335 711 plane
3365 657 3433 696 ex
3477 641 3656 727 omni‘j

2049 741 2202 800 parte
2224 731 2330 786 sibi
2354 731 2459 801 ipsi
2497 745 2829 795 consonans,
2874 739 2932 784 ut
2982 731 3255 785 senarius.
3286 724 3666 800 Quapropter‘l

2050 824 2140 877 hic
2187 822 2255 877 ad
2284 822 2484 877 Filium
2507 821 2605 878 Dei
2651 822 2906 887 refertur,
2958 821 3053 892 qui
3092 835 3123 874 a
3156 820 3494 892 plenitudine
3539 820 3629 876 di-

2054 915 2295 970 vinitatis
2347 915 2404 969 in
2439 916 2703 970 mundum
2742 915 2971 970 venerit.
3021 914 3347 969 Exinanitus
3392 913 3539 968 enim
3574 921 3631 968 et

2054 1007 2228 1061 forma
2283 1007 2426 1062 servi
2486 1013 2743 1077 suscepta
2778 1006 2849 1072 ⁸³,
2917 1007 2975 1061 in
3032 1020 3190 1061 suam
3250 1019 3449 1060 rursus
3506 1018 3635 1073 per—

2054 1098 2342 1153 fectionem
2380 1112 2448 1153 ac
2483 1097 2801 1170 dignitatem
2834 1098 3154 1169 plenissime
3197 1096 3489 1153 restitutus
3518 1102 3624 1152 est.

2055 1189 2176 1260 lpse
2200 1191 2346 1246 enim
2386 1192 2443 1246 in
2480 1207 2543 1249 se
2580 1191 2700 1261 ipso
2736 1190 3062 1258 diminutus,
3102 1196 3159 1247 et
3186 1191 3246 1253 in
3278 1195 3462 1261 partes
3498 1204 3631 1246 suas

376 1287 648 1342 resolutus
677 1304 745 1344 ex
771 1304 872 1344 sua
903 1288 1266 1344 diminutione
1319 1287 1545 1359 suisque
1592 1287 1860 1358 partibus,
1914 1286 1971 1339 in
2008 1284 2404 1356 plenitudinem
2458 1300 2655 1345 rursus
2708 1286 2948 1358 priorem
2975 1300 3042 1342 ac
3078 1284 3509 1356 magnitudinem
3543 1299 3635 1341 re-

374 1391 596 1454 paratus
619 1392 704 1440 est
727 1402 742 1440 :
779 1399 1056 1456 nunquam
1078 1384 1400 1448 diminutas,
1426 1393 1485 1438 ut
1502 1383 1775 1455 perfectus
1798 1398 1908 1438 non
1933 1389 2100 1438 esset.

465 1482 627 1536 Ἀλλά
646 1483 740 1537 καὶ
764 1485 799 1555 ή
823 1482 918 1538 τοῦ
941 1483 1147 1553 κόσμου
1172 1482 1350 1546 κτίσις
1384 1484 1450 1536 ὲκ
1488 1480 1682 1535 τούτου
1709 1480 1959 1551 φαίνεται

374 1578 523 1631 πᾶσα
553 1575 883 1647 συγκειμένη
907 1572 1001 1629 τοῦ
1035 1573 1272 1647 ἀριθμοῦ
1310 1575 1405 1627 καὶ
1444 1574 1544 1645 τῆς
1576 1572 1863 1645 ἁρμονίας,
1899 1573 1957 1627 ἐν
2000 1624 2008 1633 ,

2137 1477 2245 1534 Sed
2273 1485 2328 1534 et
2360 1479 2552 1535 mundi
2584 1480 2792 1537 creatio
2817 1488 2874 1537 et
2919 1481 3205 1536 harmonia
3251 1494 3320 1536 ex
3375 1479 3481 1534 hoc
3507 1479 3635 1534 'nu—

2062 1585 2216 1625 mero
2250 1579 2364 1625 tota
2386 1570 2620 1626 conﬂata
2648 1571 2887 1628 videtur.
2928 1570 3037 1628 Sex
3066 1573 3270 1643 quippe
3295 1571 3508 1626 dierum
3537 1585 3637 1626 nu-
3658 1562 3673 1579 ’

376 1666 436 1733 ἒξ
465 1668 700 1740 ἡμέραις
725 1667 1052 1739 ποιήσαντος
1083 1666 1177 1719 τοῦ
1204 1664 1338 1721 Θεοῦ
1366 1666 1456 1719 τὸν
1483 1666 1709 1735 οὐρανὸν
1737 1664 1830 1718 καὶ
1856 1662 1956 1734 τὴν

2069 1676 2214 1716 mero
2247 1661 2391 1717 Deus
2422 1663 2622 1717 caelum
2645 1672 2700 1718 et
2732 1671 2937 1719 terram
2966 1663 3213 1719 condidit
3249 1670 3304 1719 et
3329 1677 3392 1718 ea
3432 1676 3554 1733 quae
3575 1661 3635 1716 in

375 1761 500 1833 γῆν,
530 1763 626 1816 καὶ.
654 1761 722 1815 τά
753 1762 813 1815 ὲν
841 1762 1025 1826 αὐτοῖς
1043 1778 1058 1792 ·
1092 1760 1191 1831 τῆς
1226 1759 1515 1830 ποιητικῆς
1544 1758 1825 1828 δυνάμεως
1856 1756 1951 1811 τοῦ

2069 1753 2141 1809 eis
2173 1760 2338 1819 sunt;
2369 1755 2646 1809 senarium
2670 1755 2727 1808 in
2761 1769 2821 1810 se
2840 1769 3128 1810 numerum
3158 1754 3473 1809 continente
3489 1766 3641 1809 crea-

377 1851 550 1921 Λόγου
575 1852 668 1905 τὸν
685 1851 744 1919 ἒξ
772 1851 1189 1924 ἐμπεριέχοντος
1207 1849 1459 1922 ἀριθμὸν,
1492 1848 1614 1903 καθ’
1644 1848 1704 1900 ὃν
1736 1850 1770 1919 ή
1799 1846 1955 1919 τριὰς

377 1944 643 2015 σωμάτων
670 1944 787 1998 ἐστί
814 1945 1092 2015 ποιητική.
1126 1944 1318 2014 Μῆκος
1347 1943 1457 2013 γάρ
1499 1942 1594 1995 καὶ
1620 1939 1820 2003 πλάτος
1861 1940 1956 1993 καὶ

378 2038 541 2111 βάθος
575 2040 734 2111 σῶμα
764 2040 1075 2112 ἐργάζεται.
1111 2039 1172 2093 '0
1219 2039 1279 2091 δὲ
1319 2036 1380 2101 ἓξ
1424 2038 1490 2090 ὲκ
1536 2034 1645 2089 τῶν
1675 2032 1956 2106 τριγώνων

377 2133 494 2187 ἐστὶ
540 2133 914 2204 συγκείμενος.
962 2134 1072 2187 Καὶ
1117 2130 1247 2202 περὶ
1299 2130 1398 2201 μὲν
1445 2128 1651 2182 τούτων
1694 2127 1807 2182 οὑκ,
1841 2126 1956 2180 ἐστι

379 2224 568 2297 καιρὸς
603 2226 827 2296 πρέπων
871 2226 929 2277 ὲν
963 2223 1043 2295 τῷ
1086 2222 1315 2296 παρόντι
1364 2220 1651 2288 διεξελθεῖν
1689 2219 1757 2272 δι’
1799 2220 1958 2289 άκριο

379 2317 552 2380 ϐείας,
589 2316 676 2370 ἵνα
709 2316 804 2389 μὴ,
832 2317 894 2371 τὸ
920 2315 1284 2390 προκείμενον
1304 2315 1584 2381 ἐάσαντες,
1602 2313 1671 2368 τά
1703 2312 1956 2384 πάρεργα

383 2425 697 2481 σκοπωμεν.

2063 1844 2219 1899 tricis
2248 1844 2471 1901 virtutis
2515 1844 2754 1910 ratione,
2786 1845 2843 1898 in
2866 1859 2977 1915 qua
3017 1844 3295 1900 ternarius
3342 1856 3637 1913 corporum

2062 1935 2287 1991 effector
2317 1951 2383 1992 ac
2412 1951 2613 2006 parens
2672 1944 2947 1992 censetur.
2980 1935 3289 2008 Longitudo
3322 1936 3523 2007 quippe
3581 1941 3640 1991 et

2062 2026 2294 2083 latitudo
2347 2034 2405 2083 et
2471 2026 2818 2098 profunditas
2876 2043 3078 2099 corpus
3140 2027 3401 2084 eﬁiciunt.
3464 2027 3640 2084 Porro

2064 2118 2316 2174 senarius
2363 2133 2433 2175 ex
2473 2118 2708 2190 trigonis
2774 2129 2860 2176 est
2905 2119 3265 2190 compositus.
3319 2119 3398 2174 Ac
3439 2120 3507 2175 de
3551 2120 3641 2176 his

2063 2210 2288 2281 quidem
2324 2211 2471 2267 haud
2523 2219 2893 2284 opportunum
2943 2213 3000 2267 in
3048 2227 3292 2282 praesens
3342 2219 3642 2283 aptumque

2062 2303 2377 2359 accuratius
2433 2304 2744 2361 disserendi
2791 2314 3046 2374 tempus;
3103 2319 3173 2358 ne
3231 2303 3440 2359 omisso
3492 2304 3640 2373 quod

2070 2393 2152 2448 rei
2183 2402 2347 2464 caput
2375 2409 2440 2449 ac
2456 2395 2759 2465 principale
2791 2401 3169 2465 argumentum
3190 2403 3298 2459 est,
3341 2392 3399 2446 in
3431 2392 3499 2447 iis
3521 2407 3644 2462 quae

2068 2486 2308 2541 secunda
2358 2494 2486 2542 sunt
2527 2502 2592 2543 ac
2638 2495 2999 2544 consectanea
3041 2486 3280 2543 studium
3309 2499 3644 2557 operamque

2070 2584 2336 2636 teramus.

453 2696 584 2751 CAP.
619 2695 735 2752 XII.
764 2697 848 2752 Ad
873 2700 1228 2755 imitationem
1255 2699 1506 2755 Ecclesiae
1534 2700 1591 2754 in
1618 2696 1903 2753 solitudine
1920 2694 2156 2767 degenti:
2188 2708 2239 2753 et
2260 2700 2547 2756 draconem
2578 2702 2899 2772 superantis,
2920 2709 3275 2771 provocamur
3307 2699 3552 2770 virgines.

454 2809 662 2863 Οὐκοῦν
689 2809 846 2881 δεῦρο
873 2813 952 2875 εἰς
995 2811 1094 2884 τὴν
1126 2812 1330 2884 ἔρημον
1360 2814 1591 2868 ἐλθοῦσα
1626 2812 1833 2884 ταύτην
1866 2808 1960 2863 καὶ

385 2899 578 2968 ἄγονον
619 2903 804 2955 κακῶν
855 2905 889 2973 ή
935 2904 1232 2977 Ἐκκλησία
1282 2905 1539 2978 τρέφεται
1562 2946 1577 2971 ,
1618 2903 1960 2977 πτερουμὲνη

2139 2813 2196 2866 In
2226 2815 2369 2871 hanc
2393 2817 2558 2888 igitur
2581 2818 2851 2874 malorum
2890 2816 3132 2873 sterilem
3161 2814 3513 2873 solitudinem
3550 2828 3646 2870 ve-
3746 2881 3752 2888 .

2069 2907 2227 2962 niens
2258 2907 2505 2965 Ecclesia
2554 2911 2822 2981 pascitur,
2855 2911 3114 2978 celsaque
3164 2908 3292 2963 coeli
3334 2904 3643 2978 petentibus

385 2996 497 3057 τοῖς
533 2995 920 3068 οὑρανοπόροις
951 2999 1050 3070 τῆς
1090 3000 1390 3072 παρθενίας
1420 3002 1663 3071 πτεροῖς,
1691 2997 1757 3062 ἃς
1781 2997 1961 3054 ἀετοῦ

2069 3001 2378 3071 grandescit
2421 3003 2756 3075 virginitatis
2801 3004 2925 3069 alis,
2965 3018 3105 3075 quas
3138 3000 3422 3072 Scriptura
3462 3000 3508 3032 ⁸³
3530 3015 3647 3053 ma-

381 3085 651 3157 μετάλου
679 3089 976 3160 πτέρυγας
1010 3092 1039 3144 ὁ
1067 3092 1224 3161 λόγος
1252 3093 1377 3165 ἔφη,
1398 3093 1666 3165 νικήσασα
1704 3092 1797 3145 τὸν
1818 3091 1960 3161 ὅφιν,

2069 3108 2182 3161 gnw
2211 3093 2405 3162 aquin
2436 3094 2555 3149 alas
2610 3095 2990 3165 nuncupavit:
3025 3101 3181 3164 parta
3231 3093 3347 3164 jam
3400 3090 3469 3148 de
3522 3106 3642 3149 ser-

389 3180 485 3233 καὶ
512 3179 614 3251 τῆς
646 3181 1049 3256 πληροσελήνου
1083 3186 1185 3256 τῆς
1224 3185 1426 3256 εαυτῆς
1463 3185 1561 3249 τὰς
1594 3184 1824 3254 νεφέλας
1864 3183 1964 3247 τὰς

387 3268 778 3343 δυσχειμέρους
800 3274 1189 3346 άπεωσαμένη.
1206 3275 1426 3330 Τούτων
1451 3275 1559 3347 γάρ
1581 3275 1737 3346 χάριν
1761 3271 1965 3345 μεταξὺ

387 3361 591 3425 πάντες
617 3360 763 3418 οὗτοι
792 3365 1214 3438 παρηνέχθησαν
1232 3368 1401 3436 λόγοι,
1430 3366 1771 3429 διδάσκοντες
1800 3365 1964 3435 ὑμᾶς,

389 3444 437 3505 ὦ
485 3452 940 3525 καλλιπάρθενοι,
974 3458 1116 3512 κατὰ
1155 3459 1356 3530 κράτος
1397 3458 1680 3530 μιμεῖσθαι
1724 3458 1822 3530 τὴν
1866 3474 1970 3529 μη-

391 3541 545 3615 τέρα,
589 3544 663 3616 μὴ
700 3546 1081 3603 ὲπιθολοῦσθαι
1112 3549 1170 3603 δὲ
1191 3553 1314 3615 ταῖς
1339 3550 1597 3624 άχθηδόσι
1621 3550 1716 3604 καὶ
1742 3552 1971 3623 τροπαῖς

393 3635 489 3688 καὶ
521 3635 730 3708 θλίψεσι
759 3639 855 3693 τοῦ
902 3640 1039 3712 βίου,
1077 3642 1165 3697 ῐνα
1209 3627 1581 3717 συνεισελθητε
1615 3641 1810 3715 γαῦροι
1853 3641 1970 3714 μετ’

393 3729 566 3800 αὐτῆς
597 3732 678 3795 είς
703 3732 796 3786 τὸν
823 3734 1085 3804 νυμφῶνα
1104 3774 1120 3800 ,
1156 3737 1598 3807 παραφαίνουσαι
1628 3738 1728 3803 τὰς
1751 3737 1971 3808 λαμπά-
2006 3805 2011 3811 ι

392 3818 507 3884 δας.
533 3822 624 3894 Μὴ
650 3817 744 3877 οὗν
779 3825 1192 3897 ἀποδειλιάσητε
1234 3828 1372 3902 πρὸς
1399 3828 1499 3892 τὰς
1548 3829 1828 3901 μεθοδείας
1879 3830 1975 3884 καὶ

392 3911 646 3978 διαϐολάς
685 3914 782 3969 τοῦ
823 3917 1020 3991 θηρὸς,
1063 3918 1198 3974 ἀλλὰ
1246 3921 1531 3995 καρτερῶς
1572 3924 1972 3978 ὲνσκευάσασθε

394 4006 535 4077 πρὸς
564 4007 665 4080 τὴν
695 4008 897 4082 μάχην,
951 4011 1051 4084 τὴν
1082 4011 1248 4084 κόρυν
1294 4012 1390 4066 τοῦ
1426 4014 1694 4086 σωτηρίου
1742 4016 1837 4070 καὶ
1882 4016 1975 4071 τὸν

395 4097 622 4172 θώρακα
673 4103 771 4157 καὶ
816 4104 917 4168 τὰς
974 4105 1243 4177 κνημῖδας
1285 4103 1708 4178 ὲξωπλισμέναι.
1756 4108 1976 4180 Μυρίαν

398 4190 507 4263 γὰρ
537 4191 686 4262 αὐτῷ
729 4195 1069 4267 κατάπληξιν
1116 4194 1391 4268 παράξετε
1425 4197 1566 4268 μετὰ
1597 4198 1794 4253 πολλοῦ
1834 4200 1899 4273 λή
1908 4219 1976 4273 μ-

396 4287 570 4353 ’ματος
603 4286 696 4338 καὶ
727 4286 1007 4357 εὐψυχίας.
1038 4286 1475 4359 προσϐάλλουσαι
1494 4305 1507 4317 ·
1551 4288 1674 4343 οὐδὲ
1720 4292 1978 4363 στήσεται

2070 3195 2227 3256 pente
2249 3187 2503 3252 victoria,
2535 3202 2600 3242 ac
2640 3203 2741 3243 suo
2778 3187 3080 3258 plenilunio
3112 3186 3452 3242 brumalibus
3482 3185 3646 3240 nubi-

2070 3277 2174 3333 bus
2209 3276 2537 3348 infestisque
2565 3277 2834 3348 disjectis.
2878 3277 3086 3333 Horum
3119 3279 3262 3332 enim
3290 3277 3487 3348 gratia,
3506 3292 3646 3346 quos

2068 3364 2339 3420 hactenus
2375 3366 2765 3436 impendimus,
2801 3382 2993 3422 omnes
3029 3366 3146 3420 hia
3180 3367 3341 3421 nobis
3365 3381 3648 3423 sermones

2072 3455 2269 3526 prolati
2302 3462 2432 3511 sunt
2461 3475 2474 3511 :
2511 3456 2863 3514 adhortantes
2891 3472 3011 3522 vos,
3035 3472 3069 3511 ο
3109 3457 3340 3528 egregiae
3383 3457 3647 3527 virgines,

2074 3554 2133 3602 ut
2158 3549 2288 3604 totis
2312 3547 2524 3605 viribus
2553 3556 2785 3604 matrem
2815 3549 3128 3615 imitemini,
3151 3564 3261 3604 nec
3297 3548 3487 3603 mundi
3520 3563 3639 3603 mo-

2074 3640 2247 3697 lestiis
2297 3640 2577 3712 variisque
2616 3648 2670 3697 et
2718 3640 2934 3698 amictis
2982 3641 3107 3697 vitae
3157 3641 3402 3708 casibus,
3446 3642 3648 3698 mentis

2075 3747 2331 3788 serenum
2359 3732 2624 3802 turbetis;
2663 3740 2725 3788 ut
2763 3748 2872 3788 una
2908 3748 3032 3788 cum
3067 3733 3159 3787 illa
3192 3734 3551 3798 exsultantes,
3583 3747 3650 3787 ac

2075 3825 2322 3882 lucentes
2350 3824 2700 3896 praeferentes
2718 3825 3019 3896 lampades,
3039 3826 3097 3881 in
3124 3826 3423 3879 thalamum
3450 3823 3653 3895 Sponsi

2075 3919 2339 3975 subeatis.
2368 3917 2448 3974 Ne
2499 3933 2631 3990 ergo
2685 3928 2909 3990 propter
2952 3918 3132 3973 varias
3181 3917 3453 3989 serpentis
3503 3924 3651 3972 artes

2075 4009 2306 4080 ejusque
2332 4007 2636 4062 calumnias
2665 4007 2908 4062 animum
2941 4006 3348 4077 despondeatis,
3379 4004 3475 4061 sed
3513 4020 3655 4076 prae-

2077 4111 2265 4175 parate
2296 4119 2390 4157 vos
2413 4102 2614 4158 acriter
2641 4101 2710 4157 ad
2742 4116 3002 4173 pugnam,
3036 4102 3244 4174 galeam
3277 4102 3470 4156 salutis
3494 4109 3549 4156 et
3568 4101 3653 4157 lo-

2077 4196 2272 4258 ricam,
2301 4201 2417 4249 tum
2454 4209 2681 4248 crurum
2719 4185 3099 4263 femorumque
3145 4208 3296 4247 arma
3334 4192 3534 4247 bellica
3566 4192 3653 4247 in-

2078 4288 2306 4344 dutae“.
2352 4286 2733 4342 Incredibilem
2776 4286 2923 4341 enim
2952 4285 3029 4339 illi
3076 4292 3358 4355 stuporem
3384 4283 3649 4350 afl'eretis,

398 4374 637 4440 πάντως,
661 4377 727 4429 ὲκ
747 4376 841 4431 τοῦ
870 4378 1179 4450 κρείττονος
1205 4378 1473 4451 όρῶνζτάς
1504 4380 1830 4449 ἀντιπάλους
1872 4402 1970 4438 πα-

2080 4381 2212 4437 dum
2246 4396 2441 4453 magno
2461 4381 2519 4435 in
2554 4381 2733 4451 ipsum
2764 4379 2947 4434 animo
2980 4379 3315 4450 robustaque
3340 4377 3652 4433 constantia

401 4468 843 4540 ρατεταγμέναςυ
903 4469 1019 4524 ἀλλ’
1082 4471 1312 4527 αὐτόθεν
1374 4471 1611 4545 ἅρασθαι
1660 4474 1770 4529 τῶν
1832 4476 1970 4532 ἑπτά

2081 4474 2323 4530 irruetis.
2375 4472 2564 4543 Neque
2618 4472 2843 4528 omnino
2894 4470 3184 4527 sustinebit
3237 4470 3522 4541 impetum,
3555 4469 3651 4540 qui

400 4560 794 4632 παλαισμάτων
818 4563 962 4635 ὑμᾶς
996 4568 1339 4639 συγχωρήσει
1372 4565 1443 4621 τὰ
1479 4568 1727 4640 ἀριστεῖα
1749 4571 1777 4623 ό
1810 4572 1971 4626 πολυ-

402 4651 637 4723 κέφαλος
670 4654 762 4708 καὶ
790 4656 1219 4729 πολυπρόσωπος
1257 4656 1382 4729 θήρ.

2081 4568 2177 4624 Dei
2202 4568 2363 4638 jussu
2394 4564 2670 4636 ductuque
2707 4563 3007 4620 instructas
3045 4570 3207 4634 atque
3241 4563 3516 4618 accinctas
3549 4560 3649 4616 ad-

2082 4675 2301 4717 versum
2332 4674 2392 4716 se
2423 4658 2721 4730 procedere
2751 4657 2897 4712 acies
2942 4656 3143 4712 videat.
3178 4654 3286 4712 Sed
3328 4656 3511 4712 statim
3544 4654 3651 4708 tul-

406 4750 520 4804 lere
552 4763 651 4803 vos
706 4747 1066 4803 certaminum
1123 4754 1331 4819 septem
1389 4748 1572 4820 opima
1598 4751 1781 4844 .spolia
1812 4756 2166 4829 praemiaque,
2220 4751 2506 4822 multiceps
2558 4757 2613 4804 et
2656 4747 2971 4804 multifrons
3008 4747 3185 4805 bestia
3232 4747 3421 4803 volens
3457 4747 3649 4805 nolens

404 4841 562 4897 feret.

369 4922 383 5002 ζ
477 4976 709 5045 Πρόσθε
728 4973 885 5029 λέων
904 4972 1038 5045 (24),
1069 4973 1276 5030 ὄπιθεν
1307 4974 1377 5029 δὲ
1401 4973 1652 5047 δράκων,
1672 4975 1878 5047 μέσση
1913 4977 1982 5032 δὲ

479 5118 685 5173 Δεινὸν
718 5116 1136 5187 ἀποπνείουσα
1166 5117 1353 5186 πυρὸς
1373 5117 1559 5187 μένος
1591 5045 1942 5186 άῶᾘξεῖρ.

478 5190 589 5244 Kal
615 5188 730 5258 τὴν
747 5186 866 5258 μὲν
897 5187 1266 5257 κατέπεφνεν
1279 5190 1312 5242 ὁ
1336 5188 1826 5331 Βελλεροφόῖξῃὲ
1844 5188 1979 5312 ἐΰν

1742 5277 1778 5327 η

2115 4979 2316 5035 Fronte
2341 4980 2443 5048 leo,
2472 4976 2744 5050 caudaque
2760 4975 2944 5042 draco,
2973 4972 3244 5045 mediaque
3262 4972 3512 5028 chimaera

2119 5117 2224 5175 Ore
2252 5131 2459 5171 vomens
2486 5114 2645 5169 strvis
2666 5110 2909 5167 incendia
2939 5109 3117 5165 lurida
3136 5108 3369 5179 ﬂammis
3392 5123 3412 5162 :

2119 5188 2190 5243 Et
2216 5188 2369 5242 illam
2412 5183 2621 5257 quidem
2656 5181 3007 5253 Bellerophon
3050 5178 3317 5236 sustulit:
3351 5178 3488 5232 hanc
3531 5191 3653 5231 vero

479 5415 527 5448 ⁸⁸
563 5414 711 5471 Phil.
736 5431 800 5484 ιι,
824 5414 877 5470 7.
954 5414 1000 5447 ⁸⁸
1037 5413 1229 5469 Ezech.
1257 5429 1390 5480 xvn,
1432 5413 1487 5471 '5.
1563 5414 1609 5445 °°
1652 5412 1843 5485 Ephes.
1878 5429 1954 5479 v1,
1991 5413 2081 5469 17.

413 5661 443 5700 Β
484 5575 598 5650 (24)
625 5576 861 5646 Πρόσθε
893 5579 956 5631 .1.
989 5575 1150 5634 Hom.
1212 5574 1379 5632 Iliad.
1419 5575 1480 5641 Ζ,
1513 5573 1638 5636 181.
1684 5572 1807 5629 190.
1837 5572 1983 5628 (low

447 5662 583 5700 sus.

447 5662 583 5703 EI-‘IS.

485 5718 599 5782 (25)
633 5715 1017 5787 Κατέπεφνεν
1052 5721 1085 5772 ό
1125 5717 1631 5787 Βελλεροφόντης,
1667 5711 1984 5787 LeonisAAl-

420 5786 535 5846 latii
564 5782 879 5859 lectionem,
903 5788 1080 5860 ipsam
1106 5782 1469 5858 laborantem,
1489 5782 1636 5858 quod
1664 5787 1786 5842 loco
1811 5787 1840 5838 ό
1864 5782 1990 5841 Βελ-

2088 5567 2414 5644 λεροφόντης
2432 5570 2600 5644 esset,
2616 5566 2645 5618 ὁ
2671 5560 2937 5644 Περσεύς,
2957 5561 3177 5644 praefixa
3204 5558 3368 5644 etiam
3387 5556 3654 5644 particula

2088 5631 2318 5713 πρίνίιίι
2351 5631 2675 5716 explendum
2713 5631 2991 5715 metrum,
3016 5632 3099 5688 sic
3125 5631 3273 5686 nulla
3304 5631 3378 5711 vi,
3403 5631 3637 5709 exigenn

2091 5710 2270 5766 fabula
2294 5724 2390 5764 seu
2422 5707 2673 5767 historia,
2712 5703 3014 5759 emendavi.
3050 5701 3233 5767 Longe
3255 5713 3400 5755 enim
3446 5696 3636 5752 distat.

2057 5858 2067 5868 θ
2094 5781 2326 5839 Perseus
2354 5784 2409 5834 et
2429 5775 2803 5847 Bellerophon,
2833 5773 3140 5843 diversique
3159 5769 3377 5830 illorum
3404 5769 3646 5832 labores,
