4150 6418
512 316 617 374 159

1465 315 1524 375 8.
1567 316 1897 374 METIIODII
1931 317 2240 376 EPISCOPI
2277 318 2364 373 ET
2392 315 2752 374 MABTYRIS

3661 321 3764 375 160

541 432 786 492 Christus
810 449 901 489 rex
922 449 942 488 :
965 432 1148 487 multis
1170 434 1357 505 quippe
1379 435 1543 489 exitio
1583 435 1708 504 fuit.
1739 453 1830 490 nec
1861 436 2058 505 ferendi

2249 435 2503 504 Χριστὸς
2532 433 2687 499 ἅναξ
2710 451 2722 463 ι
2760 430 3030 497 πολλοὺς
3084 431 3194 501 γὰρ
3241 432 3580 505 ἁπώᾴεσεν,
3617 434 3763 488 οὐδέ

1731 509 1808 560 uis
1831 518 1942 560 erat

1731 509 1808 560 uis
1831 518 1942 560 erat

541 574 714 642 Quam
746 588 810 628 ex
840 573 984 644 genis
1020 589 1236 628 noxiam
1260 589 1500 643 spumam
1524 506 1825 640 eructiiimt;
1951 549 1965 572 ’

504 711 607 766 nisi
639 707 978 781 proﬂigatam
1007 708 1260 764 Christus
1279 710 1432 777 prius
1455 707 1802 770 debellasset,
1823 722 2079 776 prorsus-

500 819 608 872 que
653 801 931 856 inﬁrmam
981 811 1146 873 atque
1183 808 1554 872 contemptam
1583 799 1768 868 .nobis
1802 799 2077 855 reddidis-

499 904 603 951 εει.

2248 577 2487 644 Mm"
2536 575 2606 629 ἐκ
2654 575 2882 645 γενύων
2919 573 3113 642 ἀφρὸν
3154 502 3688 643 ἐρευγοιλξξαέτίῖη’

2184 713 2234 765 εἰ
2268 709 2342 784 μὴ
2385 711 2650 784 πρότερον
2697 711 2932 776 ἐκλύσας
2975 711 3143 784 αὐτὴν
3185 714 3612 784 κατειργάσατο,
3666 715 3761 767 καὶ

2184 803 2383 874 ἀσθενῆ
2417 805 2512 857 καὶ
2537 804 3012 875 εὐκαταφρόνητον
3037 805 3169 874 ἡμῖν
3209 803 3497 868 παντελῶς
3535 805 3759 874 ἐποίησε

2183 895 2442 967 Χριστός.

497 1012 630 1069 CAP.
658 1011 800 1070 Xlll.
830 1013 1026 1071 Bestia
1048 1015 1355 1070 diademata
1384 1026 1603 1086 septem,
1627 1017 1842 1090 oictrige
1871 1015 2122 1090 castitate
2176 1016 2432 1090 tollenda.
2469 1017 2730 1090 Draconis
2758 1033 2958 1072 cornua
2990 1016 3189 1083 decem,
3223 1017 3486 1090 Decalogo
3517 1019 3758 1087 opposita

1588 1089 1736 1144 vitia.
1770 1085 1900 1140 Fati
1923 1087 2118 1154 opinio,
2152 1088 2353 1140 malum
2384 1089 2696 1143 maximum.

568 1198 750 1265 Quare
782 1201 1029 1256 masculo
1059 1202 1352 1272 sobrioque
1401 1210 1685 1273 assumpto
1717 1204 1921 1267 animo,
1958 1201 2072 1256 fru-

497 1298 609 1346 Itra
646 1291 880 1362 ringenti
910 1293 1099 1348 bellua:
1129 1307 1191 1347 ac
1213 1296 1439 1349 tumenti
1465 1310 1616 1348 arma
1648 1295 1922 1366 opponite.
1943 1293 2072 1365 Ejus

496 1382 632 1436 nihil
665 1384 1162 1453 oppugnationibus
1183 1385 1377 1449 cedite,
1411 1397 1571 1440 autve
1597 1386 1723 1441 hinc
1750 1388 2068 1454 turbemini,

495 1474 641 1543 quod
673 1473 1022 1529 ferocientem
1051 1475 1304 1531 videatis.
1342 1475 1618 1531 Inﬁnitam
1648 1477 1794 1533 enim
1819 1477 2070 1536 referetis

497 1567 747 1634 g'oriam,
784 1566 828 1621 si
861 1566 1086 1620 victoria
1113 1567 1316 1637 potitae,
1343 1584 1481 1639 quas
1510 1577 1686 1640 gestat
1730 1578 1937 1642 septem
1969 1585 2068 1626 co-

501 1672 663 1710 ronas
686 1672 750 1710 ac
778 1656 1110 1723 diademata,
1134 1660 1202 1713 ab
1238 1659 1329 1714 illa
1361 1661 1734 1728 abstuleritis;
1770 1663 1838 1718 de
1867 1662 2066 1732 quibus

497 1747 653 1801 nobis
683 1757 961 1804 certamen
999 1765 1062 1804 ac
1092 1750 1237 1804 lucta
1278 1753 1559 1822 pr0posita
1587 1762 1692 1821 est,
1718 1762 1777 1808 ut
1812 1754 2072 1825 magister

497 1850 680 1895 noster
700 1839 901 1897 Paulus
927 1842 1113 1898 tradit.
1147 1843 1280 1910 Quae
1307 1847 1453 1901 enim
1474 1847 1745 1903 debellato
1773 1849 1924 1917 prius
1951 1848 2071 1903 dia-

489 1930 636 1996 bolo,
669 1942 873 2003 septem
917 1934 1097 2004 capita
1129 1941 1423 2002 necaverit,
1452 1948 1658 2009 septem
1701 1939 1920 1995 virtutis
1974 1956 2071 1995 co-

491 2039 654 2080 ronas
697 2026 1052 2096 adipiscetur,
1088 2038 1294 2098 septem
1341 2029 1554 2100 magnis
1581 2029 1865 2101 perfuncta
1898 2031 2068 2087 casti-

491 2117 618 2170 tatis
640 2118 1059 2174 certaminibus.
1094 2118 1272 2190 Caput
1294 2121 1440 2176 enim
1472 2122 1732 2178 draconis
1762 2130 1847 2178 est
1870 2123 2065 2177 intem-

490 2211 736 2278 perantia
767 2218 820 2264 et
852 2212 1049 2278 luxus;
1073 2213 1167 2282 qui
1189 2213 1294 2268 hoc
1319 2222 1484 2284 caput
1513 2215 1868 2286 confregerit,
1897 2217 2066 2272 casti-

489 2301 617 2355 tatis
642 2316 844 2355 corona
868 2304 1174 2358 ornabitur.
1209 2305 1382 2376 Caput
1411 2314 1497 2362 est
1517 2314 1571 2362 et
1603 2307 1837 2378 ignavia,
1879 2306 2067 2361 fracti-

491 2406 597 2460 que
627 2393 796 2446 animi
825 2394 1058 2449 imbellis
1087 2411 1288 2464 pavor;
1331 2399 1425 2465 qui
1476 2398 1579 2454 hoc
1629 2399 1765 2469 pede
1811 2416 2065 2470 premens

490 2482 718 2548 eliserit,
749 2498 1006 2538 coronam
1031 2485 1242 2542 auferet
1277 2488 1542 2558 martyrii.
1585 2487 1763 2559 Caput
1797 2499 1957 2546 estet
1982 2491 2067 2545 in-

2248 1203 2366 1268 Διὸ,
2401 1203 2574 1274 θυμὸν
2598 1204 2803 1276 άρῤενα
2831 1201 3092 1255 λαϐοῦσαι
3121 1203 3217 1255 καὶ
3246 1203 3503 1272 νήφοντα,
3537 1203 3756 1258 ἐναντία

2177 1294 2334 1348 θέσθε
2379 1292 2456 1364 τῷ
2489 1294 2617 1364 θηρὶ
2657 1293 2954 1364 σφριγῶντι
2992 1292 3061 1345 τὰ
3101 1293 3271 1346 ὅπλα·
3310 1293 3429 1363 μηδ’
3471 1295 3758 1366 ὑποχωρή-

2176 1404 2308 1459 σητε
2358 1387 2419 1440 τὸ
2451 1386 2706 1448 σύνολον,
2753 1387 2836 1454 ἐφ’
2879 1380 2962 1449 οἷς
3007 1385 3332 1456 θρασύνεται
3365 1386 3750 1457 ταραχθεῖσαι·

2180 1479 2372 1551 μυρίον
2401 1478 2511 1550 γὰρ
2534 1477 2683 1543 ἐξετε
2708 1477 2886 1540 κλέος,
2918 1477 3014 1531 ἐὰν
3048 1477 3282 1548 ἀφέλητε
3312 1480 3602 1549 νικήσασαι
3627 1480 3755 1542 τοὺς

2173 1574 2259 1626 ἐπ’
2286 1570 2449 1625 αὐτοῦ
2480 1570 2776 1640 στεφάνους
2805 1569 2966 1633 ἐπτά,
2999 1569 3068 1622 δι’
3097 1568 3192 1632 οὓς
3217 1572 3246 1622 ὁ
3275 1568 3422 1638 ἀγὼν
3457 1572 3588 1640 ἡμῖν
3622 1571 3756 1642 πρό-

2173 1682 2350 1719 κειται
2377 1664 2472 1717 καὶ
2503 1665 2536 1735 ἡ
2562 1664 2729 1735 πάλη,
2761 1662 2901 1716 κατά
2927 1663 3020 1715 τὸν
3051 1662 3368 1716 διδάσκαλον
3413 1664 3642 1717 Παῦλον.
3689 1667 3750 1718 Ἡ

2171 1759 2280 1830 γὰρ
2329 1756 2814 1827 καταγωνισαμένη
2865 1755 2957 1808 τοῦ
3003 1755 3251 1809 διαϐόλου
3310 1757 3572 1828 πρότερον
3593 1796 3607 1820 ,
3657 1759 3752 1812 καὶ

2170 1848 2495 1920 νεκρώσασα
2526 1847 2624 1912 τὰς
2663 1847 2803 1900 ἐτττά
2839 1846 3101 1916 κεφαλὰς,
3137 1847 3244 1901 τῶν
3290 1848 3430 1901 ἐπτά
3471 1851 3754 1918 στεφάνων

2169 1941 2268 2010 τῆς
2319 1941 2523 2011 ἀρετῆς
2573 1939 2846 2012 ἐγκρατὴς
2903 1939 3142 2007 γίνεται,
3202 1941 3472 2011 μεγάλους
3533 1942 3751 2009 ἀγῶνας

2167 2030 2503 2102 διαθλήσασα
2524 2031 2619 2101 τῆς
2656 2031 2899 2098 ἁγνείας.
2929 2031 3154 2102 Κεφαλὴ
3181 2033 3288 2103 γὰρ
3322 2032 3417 2085 τοῦ
3459 2033 3749 2106 δράκοντός

2167 2125 2315 2177 ἐστιν
2351 2125 2384 2193 ἡ
2413 2122 2654 2194 ἀκρασία
2692 2124 2850 2194 καὶὴ
2899 2125 3118 2197 τρυφή·
3154 2127 3183 2178 ὁ
3209 2124 3414 2196 ταύτην
3450 2127 3750 2192 συνθλάσας

2166 2215 2440 2269 ἀναδεῖται
2491 2216 2583 2270 τὸν
2627 2217 2890 2287 στέφανον
2945 2218 3048 2287 τῆς
3094 2218 3464 2290 σωφροσύνης.
3520 2220 3745 2290 Κεφαλή

2165 2309 2280 2361 ἐστι
2316 2311 2410 2363 καὶ
2440 2311 2472 2380 ἡ
2505 2309 2676 2362 δειλία
2711 2311 2804 2363 καὶ
2833 2311 2867 2381 ἠ
2911 2309 3142 2382 θρύψις·
3188 2313 3217 2364 ὁ
3250 2310 3454 2382 ταύτην
3498 2313 3748 2384 πατήσας

2163 2402 2254 2454 τὸν
2277 2402 2540 2471 στέφανον
2570 2404 2872 2474 ἀναιρεῖται
2900 2404 2992 2458 τοῦ
3029 2405 3346 2476 μαρτυρίου.
3375 2405 3598 2478 Κεφαλή
3628 2407 3746 2460 ἐστι

2165 2495 2259 2545 καὶ
2284 2495 2316 2564 ἡ
2346 2494 2572 2546 ἀπιστία
2604 2495 2753 2566 καὶὴ
2784 2494 2957 2562 ἀνοια,
2986 2497 3080 2549 καὶ
3101 2496 3167 2548 τὰ
3197 2496 3329 2550 ἀλλα
3356 2497 3616 2561 ὡσαύτως
3646 2498 3746 2569 τῆς

490 2573 724 2628 ﬁdelitas
755 2582 810 2628 et
841 2577 1094 2644 stultitia,
1119 2588 1174 2634 et
1216 2580 1424 2650 reliqua
1456 2581 1508 2635 id
1538 2598 1711 2653 genus
1741 2584 2067 2654 improbita-

488 2658 559 2721 tis
590 2675 868 2729 monstra:
898 2670 991 2739 qui
1016 2686 1078 2724 ea
1117 2671 1413 2728 confecerit
1436 2688 1500 2727 ac
1531 2675 1851 2744 perdiderit,
1881 2677 2062 2746 opima

484 2755 552 2810 de
584 2758 692 2814 illis
723 2759 962 2816 victoria
993 2765 1215 2832 praemia
1241 2767 1562 2837 reportabit,
1597 2769 1895 2826 multifario
1927 2786 2058 2824 con-

2161 2773 2378 2844 τρόπως
2418 2774 2882 2844 ἐκκεραῖξομένης
2922 2772 3018 2826 τοῦ
3064 2773 3356 2845 δράκοντος
3399 2775 3499 2844 τῆς
3539 2775 3736 2846 ἰσχύος.

486 2860 607 2906 lusa
633 2854 874 2922 potentia
913 2855 1192 2913 draconis.
1229 2858 1363 2919 Nam
1389 2868 1441 2915 et
1472 2860 1658 2917 decem
1695 2879 1901 2918 cornua
1936 2881 2058 2920 acu-

2161 2866 2272 2921 Καὶ
2295 2864 2403 2936 γὰρ
2442 2864 2536 2918 καὶ
2556 2863 2625 2916 τὰ
2655 2863 2786 2917 δέκα
2828 2864 3035 2934 κέρατα
3082 2865 3172 2917 καὶ
3208 2865 3431 2936 κέντρα,
3469 2864 3612 2936 άπερ
3649 2864 3744 2919 ἐπὶ

485 2942 663 3012 leique
687 2961 809 3015 qua:
833 2945 887 3000 in
919 2948 1190 3017 capitibus
1214 2950 1356 3006 ferre
1379 2952 1547 3007 draco
1579 2954 1759 3010 dictus
1799 2963 1904 3020 est,
1927 2972 2058 3011 con-

2161 2961 2278 3022 ταῖς
2303 2956 2560 3026 κεφαλαῖς
2588 2956 2782 3027 ἐλέχθη
2811 2957 3017 3028 φέρειν,
3035 2957 3090 3008 αἱ
3111 2957 3242 3010 δέκα
3262 2956 3560 3019 ἀντιθέσεις
3583 2957 3740 3020 εἰσὶν,

485 3035 654 3089 traria
677 3037 863 3092 decem
900 3037 1168 3112 Decalogo
1195 3052 1518 3114 argumenta
1547 3054 1695 3110 sunt,
1725 3062 1758 3102 ο
1785 3049 2057 3118 pneclara:

2161 3045 2202 3104 ὦ
2236 3048 2672 3120 καλλιπάρθενοι,
2710 3047 2803 3100 τοῦ
2841 3047 3166 3115 Δεκαλόγου,
3210 3041 3295 3109 αἷς
3330 3047 3742 3117 ἀνακερατίζειν

484 3125 747 3198 virgines,
775 3132 972 3200 quibus
1010 3135 1244 3190 arietare
1291 3138 1582 3209 acriusque
1613 3147 1796 3208 petere
1823 3155 1886 3195 ac
1922 3140 2058 3210 deji-

2165 3142 2320 3195 εῐωθε
2372 3141 2465 3194 καὶ
2512 3138 2725 3209 βάλλειν
2775 3138 2870 3201 τὰς
2921 3137 3028 3190 τῶν
3087 3137 3351 3192 πλείστων
3398 3138 3601 3209 ψυχάς
3633 3141 3737 3207 τῇ,

485 3232 608 3274 cere
642 3221 998 3290 plurimorum
1056 3227 1266 3283 animos
1314 3231 1638 3297 consuevit;
1681 3248 1876 3302 nempe
1923 3232 2055 3289 huic

2177 3232 2560 3305 Ἀγαπήσεις,
2594 3231 2804 3302 ἐντολῇ,
2837 3229 2942 3283 τὸν
2973 3231 3191 3297 Κύριόν
3226 3247 3376 3293 σου,
3420 3231 3488 3284 τὰ
3520 3231 3740 3285 ἐναντία

481 3322 751 3383 praecepto
781 3333 793 3369 :
830 3315 1024 3388 Diliges
1059 3318 1344 3373 Dominum
1365 3321 1530 3376 Deum
1565 3335 1710 3376 tuum
1739 3325 1805 3388 ⁶¹,
1836 3340 1900 3379 ac
1929 3326 2058 3379 reli-

2166 3326 2375 3399 φρονῶν
2408 3325 2502 3378 καὶ
2542 3324 2974 3393 τεκταινόμενος,
3004 3322 3098 3376 καὶ
3130 3325 3242 3386 τοῖς
3283 3323 3408 3392 ἑξῆς
3449 3324 3740 3395 νομοθετή-

482 3405 604 3473 quis
620 3405 877 3478 deinceps
907 3411 1179 3467 mandatis
1208 3414 1482 3468 contraria
1517 3415 1734 3486 sapiens
1760 3417 2058 3486 ipse,aliis-

2167 3436 2321 3492 μασι.
2373 3417 2469 3470 Ἰδέ
2497 3416 2606 3487 γὰρ
2654 3415 2820 3486 κέρας
2868 3414 3033 3467 αύτοῦ
3086 3415 3346 3485 διάπυρον
3379 3418 3473 3468 καὶ
3522 3417 3736 3488 πικρὸν,

481 3511 587 3565 que
634 3499 926 3557 obtruderc
978 3511 1252 3575 satagens.
1305 3504 1435 3561 Vide
1496 3508 1642 3561 enim
1695 3509 1842 3564 illius
1883 3525 2055 3564 cornu

2162 3511 2260 3582 τὴν
2296 3508 2585 3580 πορνείαν,
2627 3498 2671 3574 ᾧ
2716 3506 2841 3570 τοὺς
2887 3504 3201 3575 ἀκράτορας
3253 3505 3463 3574 βάλλει·
3521 3507 3594 3559 ίδέ
3641 3508 3739 3562 τὴν

483 3589 603 3657 igne
627 3607 920 3649 accensum
945 3611 1008 3649 ac
1042 3599 1462 3669 amarulentum,
1485 3600 1924 3668 fornicationem,
1943 3620 2053 3673 quo

2161 3605 2426 3678 μοιχείαν,
2455 3602 2532 3654 ἰδὲ
2561 3600 2621 3654 τὺ
2650 3599 2864 3670 ψεῦδος,
2893 3598 2966 3652 ἰδὲ
2993 3597 3089 3669 τὴν
3121 3597 3502 3669 φιλαργυρίαν,
3539 3599 3612 3650 ἰδὲ
3638 3600 3738 3670 τὴν

483 3680 908 3750 intemperantes
939 3686 1060 3740 ferit
1091 3708 1103 3742 :
1141 3690 1260 3744 vide
1289 3691 1640 3758 adulterium,
1677 3694 1797 3750 vide
1829 3695 2053 3750 menda-

2161 3696 2379 3768 κλοπὴν,
2426 3694 2520 3748 καὶ
2550 3692 2619 3746 τά
2666 3691 2802 3746 ἄλλα
2844 3689 3056 3754 τούτοις
3094 3689 3300 3758 ἀδελφὰ
3339 3691 3432 3742 καὶ
3477 3691 3733 3759 συγγενῆ,

482 3773 648 3838 cium,
684 3775 806 3831 vide
849 3781 1150 3845 avaritiam,
1193 3783 1314 3838 vide
1367 3785 1596 3851 furtum,
1632 3796 1794 3858 atque
1841 3789 2051 3859 reliqua

2161 3790 2322 3843 Βπὸσα
2393 3783 2812 3857 ύπερισχύουσιν
2875 3782 3020 3853 ἀμφὶ
3079 3784 3202 3844 ταῖς
3249 3781 3507 3848 κεφαλαῖς
3568 3780 3734 3835 αὐτοῦ

482 3862 567 3918 bis
594 3880 850 3936 germana
877 3879 930 3922 et
971 3869 1182 3940 aflinia,
1211 3883 1411 3944 quanta
1459 3876 1607 3932 circa
1648 3878 1793 3934 illius
1827 3878 2054 3950 parrici-

2161 3879 2270 3942 ταῖς
2319 3871 2784 3950 άνθρωποκτόνοις
2845 3869 3162 3940 πεφυκότα·
3221 3867 3288 3933 ἀς
3321 3870 3475 3940 ὑμεῖς
3516 3887 3734 3944 συμμμ-

2164 2587 2423 2658 πονηρίας
2471 2587 2946 2659 πλεονεκτήματαο
2983 2590 3012 2640 ὁ
3044 2589 3215 2641 ταῦτα
3267 2591 3745 2661 κατεργασάμενος

2163 2680 2257 2734 καὶ
2287 2679 2492 2733 ἀνελὼν
2518 2679 2618 2744 τὰς
2650 2681 2737 2734 ἐπ’
2779 2683 2962 2744 αὐτοῖς
2992 2681 3157 2752 τιμὰς
3189 2682 3546 2754 ἀποφέρεται,
3584 2683 3745 2736 πολυ-

553 4011 598 4044 ⁶¹
638 4011 796 4067 Deut.
830 4029 906 4080 vr,
930 4013 986 4070 5.

481 4170 564 4224 vel
594 4171 728 4235 veri,
755 4171 839 4250 vel
869 4172 1012 4228 ﬁcti:
1050 4189 1150 4250 nec
1179 4181 1326 4250 tanta
1372 4173 1625 4250 Methodii
1669 4175 2041 4250 ἀνιστορησία,

483 4249 542 4294 ιιι
562 4258 680 4318 qua;
702 4243 864 4318 unius
889 4247 1131 4318 sunt_(re
1149 4247 1227 4318 sic
1249 4246 1396 4318 trita,
1427 4255 1479 4300 et
1507 4247 1570 4318 in
1594 4249 1790 4318 patria,
1817 4243 2045 4318 cui'ipse

484 4312 696 4387 przefuit
736 4312 1070 4387 episcopusi
1101 4316 1392 4387 tribuerit:
1427 4316 1522 4371 sed
1569 4312 1856 4387 antiquarii
1895 4312 2041 4374 istud

486 4384 720 4458 plagium
744 4385 959 4458 l'uit,iut
985 4397 1043 4458 et
1069 4386 1212 4458 quod
1237 4385 1532 4458 Vaticanus
1548 4384 2043 4458 antiquarius,ipse

488 4453 792 4541 ridiculus;
807 4453 1104 4541 subdidit,w
1128 4457 1485 4541 ξ’(ατέτ-..εςεξνῇ¹
1521 4453 1732 4541 ῌατρδς
1756 4453 2044 4541 τεράτέσσι
2078 4486 2122 4540 D
2153 4460 2308 4541 lisse}
2333 4477 2348 4523 ;

488 4524 722 4600 πιθήσας
750 4526 982 4600 Χριστὸς
1022 4526 1204 4600 άναξῂ·
1238 4524 1394 4596 quasi
1428 4524 1679 4584 Christus
1710 4524 1842 4600 vere
1874 4531 2047 4600 ipsius

487 4595 756 4668 chimaera:
782 4595 1018 4668 domitor
1041 4595 1201 4652 fuerit
1229 4595 1456 4668 eamque
1485 4599 1768 4661 occiderit,
1799 4595 1912 4654 non
1925 4601 2045 4654 dia-

488 4665 671 4740 bolum
719 4673 774 4720 et
804 4667 1120 4740 draconem,
1159 4671 1318 4740 cujus
1346 4665 1434 4724 ille
1459 4679 1586 4740 typo
1611 4671 1924 4724 chimaeram
1955 4685 2048 4725 as-

487 4736 657 4810 sumit
685 4756 697 4790 :
723 4737 824 4810 qui
845 4753 1039 4810 sensus
1065 4736 1435 4806 perabsurdus
1465 4736 1569 4802 est,
1601 4756 1710 4810 quo
1739 4740 1902 4795 etiam
1938 4741 2050 4794 hiat

484 4807 681 4878 oratio,
713 4807 1021 4864 desiderata
1043 4812 1210 4864 altera
1238 4820 1388 4878 parte
1423 4807 1746 4868 adversante
1772 4829 1784 4865 :
1820 4827 1942 4864 nam
1964 4811 2047 4875 τὸ,

483 4877 583 4952 τὴν
613 4877 872 4952 μὲν,ξτὴνί
895 4878 950 4932 δέ
969 4881 1205 4950 postulat
1226 4877 1339 4935 sive
1363 4882 1525 4952 etiam
1556 4881 1646 4934 τὸν
1672 4881 1766 4952 δέ,
1783 4881 1925 4952 quod
1953 4881 2052 4935 ha-

489 4948 667 5022 buerit
696 4949 876 5022 Allatii
899 4948 1103 5022 codex;
1136 4962 1326 5019 cstque
1364 4951 1586 5010 indicio,
1629 4951 1773 5022 quod
1801 4948 2046 5006 'mascu-

488 5017 600 5091 lino
619 5035 816 5089 genere
847 5017 1202 5091 ἐρευγόμενον
1236 5017 1416 5086 habet,
1443 5023 1600 5090 quasi
1628 5017 1916 5078 referendo
1959 5024 2050 5075 τὸν

484 5090 755 5159 δράκοντα
787 5100 841 5162 et
865 5090 1174 5148 diabolum:
1210 5107 1374 5160 quam
1406 5093 1690 5150 lectionem
1718 5095 1899 5148 minus
1925 5108 2051 5162 pro-

490 5162 582 5215 bat
609 5162 786 5215 editor
818 5161 1044 5232 Lupar.,
1094 5178 1194 5233 ego
1224 5163 1396 5230 magis
1441 5164 1633 5232 probo,
1664 5161 1955 5233 malimque
1983 5164 2049 5218 ad

491 5245 610 5304 eam
641 5233 830 5304 omnia
852 5233 1126 5304 componi,
1154 5233 1256 5304 etsi
1288 5233 1544 5304 feminine
1570 5234 1697 5288 ferri
1726 5242 1923 5302 potest,
1942 5249 2049 5302 qua

487 5301 772 5357 Chimaerae
805 5301 998 5372 figura,
1030 5303 1232 5359 Christi
1270 5303 1336 5358 de
1371 5303 1604 5358 dracone
1641 5315 1694 5360 et
1726 5301 1943 5359 diabolo
1961 5301 2052 5357 ivi-

493 5373 723 5426 ctoriam
754 5374 1036 5441 describit,
1070 5375 1163 5445 qui
1208 5374 1279 5445 sit
1308 5376 1538 5444 mystica
1566 5374 1852 5430 Chimzera.
1880 5373 2052 5428 Porro

490 5445 759 5498 Chimaera
813 5459 970 5500 mons
999 5443 1162 5500 est'in
1214 5443 1377 5514 Lycia
1428 5445 1755 5515 ignivomus,
1799 5446 1853 5498 in
1898 5445 2051 5514 cujus

493 5515 776 5585 cacumine
811 5515 993 5572 leones
1023 5517 1360 5578 habitarent,
1401 5516 1453 5569 in
1495 5515 1671 5569 medio
1710 5517 1800 5570 ubi
1835 5516 2051 5585 pascuis

495 5584 756 5657 abundat,
779 5600 957 5657 caprae
981 5603 996 5652 ;
1030 5586 1085 5640 in
1115 5585 1410 5657 radicibus,
1439 5584 1918 5657 serpentes,quem
1934 5585 2054 5638 Bel-

497 5655 754 5723 lerophon
804 5656 1154 5712 habitabilem
1201 5655 1546 5723 reddiderit;
1594 5655 1830 5725 hincque
1880 5657 2052 5725 poetis

496 5727 804 5781 edomuisse
826 5725 1149 5782 Chimaeram
1164 5735 1464 5781 monstrum
1487 5743 1582 5796 per
1610 5727 1843 5796 fabulam
1872 5725 2051 5780 dictus

500 5799 590 5854 sit.
625 5796 868 5852 Meminit
894 5799 1055 5853 etiam
1085 5798 1204 5869 ejus
1240 5797 1438 5854 montis
1463 5795 1717 5868 ignivomi
1747 5795 2051 5851 Methodius

2153 4178 2297 4247 apud
2326 4175 2695 4247 Epiphanium
2735 4171 2895 4247 I_.__De
2922 4171 3338 4247 resurrectione,
3398 4172 3731 4247 plantasque

2153 4241 2298 4302 haud
2336 4241 2524 4317 procul
2558 4247 2628 4317 ab
2652 4243 3190 4317 ebullientibusejus
3224 4241 3456 4317 ﬂammis
3477 4241 3727 4317 miratur.

2153 4317 2292 4372 Nota
2321 4313 2426 4371 alia
2459 4316 2525 4370 de
2559 4314 2997 4384 Bellerophonte,
3034 4313 3285 4382 datisque
3327 4314 3522 4368 litteris
3546 4324 3604 4368 ut
3631 4332 3729 4369 oc—

2152 4387 2447 4452 cideretur,
2508 4403 2632 4441 cum
2677 4384 3006 4456 impudicam
3048 4385 3332 4437 mulierem
3384 4398 3414 4436 a
3470 4400 3529 4438 se
3567 4401 3729 4455 repu-

2401 4473 2512 4541 qua_
2547 4467 2728 4538 tamen
2757 4455 3387 4541 'molition_ets_ic.elegos
3433 4462 3722 4541 evaserit";

2153 4529 2297 4583 haud
2322 4524 2548 4600 proinde
2572 4527 2923 4600 importunus
2951 4526 3036 4580 vel
3060 4525 3265 4600 Christi
3293 4524 3524 4600 figt|_ne,_
3538 4527 3618 4580 vel
3661 4529 3727 4580 li-

2152 4600 2234 4653 bri
2267 4594 2586 4669 argumento
2615 4594 2681 4669 de
2706 4596 3014 4669 virginitate
3041 4604 3094 4652 et
3121 4594 3469 4669 castimonia.
3491 4594 3725 4653 Perseus

2153 4670 2288 4724 nihil
2317 4665 2610 4740 ejusmodi,
2623 4668 2775 4740 _ipse
2798 4665 3020 4721 Danaes
3049 4681 3112 4721 ac
3145 4665 3295 4740 Jogis
3347 4675 3538 4740 stupro
3589 4683 3722 4740 conf

2151 4737 2363 4810 ceptus,
2394 4751 2447 4796 et
2471 4741 2563 4810 qui
2592 4737 3173 4810 Medusamlunamex
3201 4737 3567 4806 Gorgonibus,
3601 4737 3720 4792 orci

2151 4805 2534 4882 cly'peojtectu's
2551 4809 2830 4882 occiderit.
2856 4806 2958 4862 Ubi
2983 4805 3135 4863 lovis
3155 4805 3496 4882 assumptum
3520 4822 3722 4882 nomen

2152 4878 2217 4935 ad
2245 4878 2529 4952 tegendam
2548 4880 2706 4952 proci
2744 4893 3055 4952 personamJ
3083 4879 3177 4948 qui
3207 4878 3324 4931 auri
3360 4879 3407 4952 vi
3443 4880 3719 4952 corruptis

2152 4948 2496 5012 custodibus,
2546 4948 2600 5004 in
2642 4948 2826 5004 arcem
2876 4965 2982 5020 qua
3021 4948 3207 5004 Danae
3254 4949 3560 5020 tenebatur,
3613 4950 3718 5003 sibi

2153 5023 2293 5074 viam
2329 5021 2516 5075 fecerit
2538 5017 3236 5090 puellamque—corruperit.
3277 5017 3718 5088 Facessantergo

2153 5090 2506 5161 impudicitiae
2527 5090 2795 5161 exempla,
2832 5107 2900 5146 ne
2918 5107 3026 5144 non
3051 5090 3312 5145 illustrari
3337 5091 3590 5160 splendor
3613 5093 3720 5143 vir-

2155 5159 2400 5232 ginitatis
2427 5159 2930 5232 perorante‘Thecla
2951 5161 3163 5231 virgine
3190 5159 3488 5229 earumque
3513 5161 3718 5232 princi-

2153 5229 2240 5301 pe,
2272 5229 2539 5297 videatur,
2572 5230 2667 5287 sed
2713 5229 2905 5286 foedari
2944 5251 2957 5286 :
2993 5229 3357 5300 maneantque
3407 5244 3527 5300 qua:
3562 5230 3718 5284 forti-

2154 5303 2362 5358 tudinis
2377 5319 2529 5373 :eque
2542 5318 2606 5356 ac
2621 5303 2890 5357 castitatis
2905 5303 3124 5373 illustre
3139 5301 3413 5373 specimen
3453 5301 3712 5373 habeant,

2152 5375 2202 5428 ei
2232 5369 2458 5444 prorsus
2498 5374 2732 5444 gemina,
2765 5373 2912 5443 quod
2957 5373 3026 5427 de
3073 5369 3265 5444 divino
3305 5369 3563 5444 losepho,
3595 5372 3714 5439 ipso

2153 5441 2352 5520 Christi
2381 5441 2548 5517 figura
2581 5441 2860 5520 praenobili
2886 5484 2901 5508 ,
2942 5441 3389 5520 sacris_oracu_lis
3431 5442 3716 5520 olinlpro-

2154 5515 2323 5568 ditum
2351 5511 2442 5571 est
2469 5533 2482 5571 :
2517 5511 2663 5584 quod
2724 5515 2900 5584 ipsum
2938 5511 3075 5584 forte
3102 5512 3272 5567 Graeci
3306 5512 3360 5565 in
3389 5527 3488 5566 suo
3543 5511 3713 5566 Belle-

2155 5586 2418 5654 rophonte
2443 5583 2832 5655 repraesentare
2866 5583 3157 5645 voluerint,
3185 5589 3241 5655 ut
3273 5589 3402 5636 sunt
3443 5591 3628 5655 nostra
3658 5590 3713 5636 et

2155 5653 2307 5711 sacra
2342 5653 2766 5726 longe—profanis
2789 5653 3101 5709 Graecorum
3133 5653 3463 5722 antiquiora,
3496 5654 3712 5722 illisque

2156 5728 2480 5794 praeiverunt
2515 5746 2527 5780 :
2557 5741 2662 5795 qua
2700 5726 2768 5778 de
2808 5741 2868 5779 re
2897 5740 3020 5779 cum
3040 5732 3264 5795 veteres
3295 5732 3408 5778 tum
3439 5731 3492 5780 et
3520 5738 3710 5778 recen-

2154 5793 2320 5854 tiores
2343 5793 2641 5853 luculenter
2675 5804 2998 5869 tractavcre.
3026 5793 3314 5850 COIBEI‘IS.
