4150 6404
441 353 538 410 {Ci
1496 358 1878 417 CONVIVIUM
1921 359 2148 417 DECEM
2191 360 2552 418 VIRGINUM.
3593 373 3696 428 162

434 470 702 541 χήσαντος
729 472 964 544 Χριστοῦ
992 474 1416 546 ὲκκερατσασαι,
1454 478 1688 550 λήψεσθε
1715 482 1827 543 τοῖς
1865 481 2003 534 κατὰ
2035 486 2073 543 Α

2058 487 2080 543 ι
2114 477 2268 534 diosa
2295 479 2476 549 capita
2510 488 2693 546 enata,
2721 479 2926 552 ingenti
2949 481 3191 552 potentia
3215 485 3512 552 prtevalent
3539 504 3552 540 :
3575 504 3697 559 quae

433 562 528 614 τοῦ
548 562 839 634 δράκοντος
859 568 1273 640 κατανθεμῶσαι
1297 575 1716 644 στεφανώμασιν
1736 573 1890 644 ὑμῶν
1916 573 2014 636 τὰς

2113 571 2160 625 si
2188 587 2306 636 vos,
2342 571 2564 627 Christo
2594 573 2818 642 auspice
2847 587 2911 627 ac
2940 573 3214 643 adjutore,
3247 576 3526 643 eliseritis,
3555 579 3697 634 divi-

433 654 583 720 θείας
605 659 864 726 κεφαλάς.
897 661 957 713 Ἢ
969 660 1192 734 μέτερον
1216 662 1324 734 γὰρ
1347 663 1662 737 προκρίνειν
1684 666 1751 719 τὰ
1777 666 2011 737 κρείττω

2110 679 2178 717 na
2210 665 2386 734 capita
2416 673 2619 730 vestra,
2638 665 2758 735 ejus
2773 666 3017 720 victoria:
3041 667 3266 736 praemio
3291 667 3502 726 floridis
3530 684 3695 726 exor-

433 747 528 801 καὶ
556 751 882 821 προτάσσειν
901 770 914 783 ·
947 753 1052 824 πρὸ
1086 754 1194 808 τῶν
1227 757 1476 827 γηγενῶν
1503 756 1613 829 (26)
1635 759 2008 830 αὐτοκράτορα

2110 767 2238 812 nata
2268 759 2489 813 coronis
2522 758 2792 814 referetis.
2820 757 3078 813 Nostrum
3106 761 3252 815 enim
3287 769 3393 826 est,
3427 772 3487 816 ut
3519 764 3693 819 virtu-

431 840 526 894 καὶ
549 843 892 909 αὐτεξούσιον
917 844 1010 898 τὸν
1052 846 1311 918 λογισμὸν
1351 849 1638 921 εἰληφότας
1657 891 1671 915 ,
1708 852 1803 904 καὶ
1831 852 2009 922 πάσης

2108 859 2218 906 tein
2270 850 2625 919 praeferamus
2673 851 2984 922 potiorique
3048 852 3168 907 loco
3215 853 3536 919 habeamus,
3597 858 3689 927 qui

430 932 679 1006 ἀνάγκης
728 937 916 1000 ἐκτὸς,
962 941 1042 1002 εἰς
1083 939 1146 992 τὸ
1191 941 1600 1008 αὑτοδεσπότως
1630 945 1902 1017 αἱρεῖσθαι
1939 943 2008 997 τά

2107 958 2220 1012 prae
2251 942 2540 1013 terrigenis
2570 952 2806 998 mentem
2847 943 3074 998 liberam
3111 960 3175 998 ac
3201 946 3415 1000 arbitrii
3448 947 3686 1002 faculta-

429 1025 756 1097 ἀρέσκοντα,
789 1029 850 1082 οὐ
902 1029 1250 1097 δουλεύοντας
1299 1036 1607 1110 εἱμαρμένῃ
1649 1039 1744 1091 καὶ
1793 1037 2003 1107 τύχαις.

2111 1043 2220 1089 tem
2254 1037 2389 1090 nulli
2414 1037 2705 1090 obnoxiam
2733 1037 3071 1100 necessitati,
3098 1053 3127 1091 a
3171 1037 3280 1094 Deo
3313 1042 3460 1094 nacti
3489 1042 3687 1107 simus,

440 1119 525 1182 Ὠς
553 1121 654 1173 οὐκ
693 1121 978 1193 ἄνθρωπος
1019 1125 1184 1178 αὑτοῦ
1219 1126 1408 1199 κύριος
1441 1129 1618 1183 ἔσοιτο
1654 1131 1748 1182 καὶ
1778 1129 2003 1198 ἀγαθὸς,

2111 1138 2170 1183 ιιι
2199 1132 2360 1202 pleno
2389 1131 2513 1202 jure
2545 1147 2610 1186 ac
2647 1124 2898 1197 arbitrio,
2933 1149 3055 1202 quae
3086 1133 3328 1198 libuerit,
3374 1135 3490 1190 hmc
3520 1137 3689 1207 eliga~

430 1213 476 1264 εί
513 1212 589 1284 μὴ
631 1213 710 1284 τῷ
763 1214 1086 1289 ἀνθρωπείῳ
1132 1219 1534 1292 παραδείγματι
1585 1222 1863 1294 χρώμενος
1908 1222 2004 1276 τοῦ

2107 1240 2252 1287 mus,
2281 1241 2380 1278 nec
2415 1223 2528 1278 fato
2571 1224 2667 1278 ulli
2717 1239 2780 1278 ac
2829 1213 3062 1279 fortunae
3089 1226 3417 1283 serviamus.
3455 1226 3688 1285 Proinde

427 1303 684 1375 Χριστοῦ,
719 1307 814 1359 καὶ
841 1308 977 1379 πρὸς
1008 1312 1214 1364 ἐκεῖνον
1242 1311 1432 1366 ἑαυτὸν
1478 1313 1785 1385 ζωγραφῶν
1818 1315 2006 1368 κάκεί-

2105 1331 2267 1370 nemo
2313 1315 2396 1372 sui
2457 1315 2715 1370 dominus
2758 1315 3048 1384 bonusque
3102 1316 3396 1383 exstiterit,
3429 1317 3535 1373 nisi
3593 1320 3687 1390 qui

426 1415 515 1451 νον
539 1401 873 1472 μιμούμενος
897 1401 1100 1472 βιώσει.
1130 1404 1356 1457 Πάντων
1380 1404 1489 1476 γὰρ
1521 1405 1707 1459 κακῶν
1747 1406 2004 1477 μέγιστον

2104 1407 2346 1462 humano
2379 1407 2586 1461 Christi
2636 1422 2772 1462 usus
2817 1407 3087 1476 exemplo,
3121 1423 3289 1478 seque
3330 1408 3397 1462 ad
3444 1410 3596 1464 illum
3628 1419 3688 1465 ut

425 1488 664 1560 ἔμφυτον
691 1495 804 1558 τοῖς
838 1495 1053 1558 πολλοῖς
1081 1494 1142 1547 τὸ
1165 1495 1264 1560 τὰς
1311 1497 1490 1560 αἰτίας
1533 1496 1643 1550 τῶν
1668 1497 2002 1570 ἁμαρτημά-

2105 1498 2459 1569 archetypum
2490 1496 2752 1568 cﬂingens
2780 1512 2846 1551 ac
2879 1497 3056 1567 ipsum
3089 1498 3288 1553 imitari
3313 1501 3564 1568 studens,
3597 1502 3683 1558 vi-

423 1597 531 1632 των
566 1583 644 1645 εἰς
670 1582 768 1648 τὰς
806 1585 916 1637 τῶν
958 1585 1204 1656 ἀστέρων
1251 1587 1492 1658 κινήσεις
1535 1588 1861 1660 ἀναφέρειν,
1909 1589 2003 1642 καὶ

2103 1597 2215 1644 tam
2249 1591 2642 1660 composuerit.
2684 1589 2939 1643 Omnium
2985 1604 3220 1659 namque
3252 1593 3520 1646 malorum
3569 1608 3685 1648 ina-

423 1671 516 1724 τὸν
576 1674 687 1744 βίον
733 1675 891 1744 ἡμῶν
946 1675 1284 1740 οἰακίζεσθαι
1335 1679 1435 1749 τῆς
1481 1679 1826 1751 εἱμαρμένης
1884 1683 2005 1744 ταῖς

2103 1681 2308 1734 ximum
2336 1681 2614 1750 plerisque
2655 1679 2881 1734 insitum
2916 1680 3060 1734 istud
3096 1681 3188 1744 sit,
3221 1682 3369 1752 quod
3415 1685 3683 1739 scelerum

326 1781 328 1784 '
423 1763 688 1834 ἀνάγκαις
711 1766 912 1836 λέγειν,
944 1768 1193 1839 καθάπερ
1217 1770 1264 1822 οἱ
1297 1769 1434 1841 μετά
1455 1770 1770 1837 ἀλαζονείας
1804 1771 1965 1844 πολλῆ

2044 1832 2073 1848 η
2104 1790 2303 1830 causas
2341 1773 2406 1828 ad
2455 1773 2736 1828 stellarum
2789 1781 2970 1826 motus
3022 1773 3288 1837 referunt,
3321 1785 3683 1848 asseruntque

423 1831 1015 1933 ἀστεροσκοπησαντεςθ
1052 1831 1276 1936 ὑπονοίᾳ
1298 1831 1413 1936 ’γὰρ
1443 1831 1641 1936 μᾶλλον
1685 1867 1718 1937 ἢ
1865 1831 1998 1938 φρὶξἐ
2032 1831 2062 1886 Ε

2042 1832 2074 1886 Β
2102 1867 2268 1920 vitam
2293 1874 2536 1921 nostram
2574 1865 2668 1920 fati
2699 1865 3125 1921 necessitatibus
3149 1868 3463 1937 gubernari,
3495 1831 3681 1940 quein-

425 1954 535 2006 νεῖν
565 1955 1008 2019 πεπιστευκότες,
1033 1956 1061 2008 ὃ
1097 1957 1299 2029 μεταξὺ
1331 1959 1430 2028 τῆς
1466 1957 1724 2029 ἀληθείας
1750 1958 1868 2012 ἐστὶ
1902 1960 1996 2013 καὶ

2101 1958 2392 2013 admodum
2428 1958 2519 2012 isti
2564 1958 2768 2011 faciunt
2803 1958 3233 2025 arrogantissimi
3269 1959 3515 2014 siderum
3577 1961 3679 2016 ob-

424 2045 516 2098 τοῦ
548 2045 792 2115 ψεύδους,
811 2048 944 2101 πολὺ
971 2049 1071 2120 τῆς
1099 2049 1206 2102 τῶν
1230 2049 1398 2113 ὅντως
1430 2049 1595 2103 ὄντων
1622 2049 1750 2115 θέας
1794 2051 1998 2122 ἐξηπα-

2100 2059 2428 2105 servatores.
2463 2049 2676 2119 Quippe
2728 2063 2866 2102 vana
2927 2049 3114 2119 potius
3172 2051 3488 2119 suspicione
3518 2067 3679 2121 quam

418 2137 846 2209 τήθησαν.“0οεν
868 2143 914 2194 εί
934 2141 1186 2223 παρείης,
1205 2135 1250 2196 ὧ
1273 2141 1484 2214 Ἀρετὴ,
1499 2143 1874 2214 πληρωθέντος
1893 2144 1994 2216 ἤδη
2035 2207 2046 2217 θ

2039 2207 2046 2217 ,
2099 2149 2250 2197 recta
2299 2155 2603 2212 securaque
2633 2141 2924 2211 prudentia
2957 2141 3024 2196 de
3072 2141 3238 2197 rebus
3285 2143 3678 2212 conjectantes,

421 2245 511 2298 μοι
537 2229 631 2282 τοῦ
665 2230 844 2299 λόγου,
871 2231 928 2284 δν
958 2233 1094 2303 αὑτὴ
1123 2232 1483 2303 προσέταξας,
1506 2232 1781 2298 δέσποινα,
1821 2234 1994 2306 ρηθῆ-

2099 2249 2272 2304 eaque
2308 2231 2453 2298 freti,
2505 2235 2652 2304 quod
2701 2234 2846 2288 inter
2896 2234 3182 2288 veritatem
3238 2248 3301 2288 ac
3336 2236 3676 2290 mendacium

416 2337 524 2386 ναι,
557 2324 888 2394 πειράσομαι
925 2323 987 2395 δὴ
1009 2325 1565 2398 ,συναγωνιζομένης
1600 2311 1692 2380 σου
1736 2327 1830 2381 καὶ
1858 2344 1996 2398 συμ-

2099 2327 2339 2381 medium
2381 2335 2486 2390 est,
2519 2341 2551 2380 a
2585 2341 2712 2380 vera
2745 2341 2928 2380 rerum
2970 2325 3284 2394 cognitione
3322 2326 3481 2396 longe
3521 2328 3680 2382 aber-

416 2414 718 2485 πνεούσης,
769 2416 903 2486 πρὸς
939 2418 1067 2480 τοὺς
1103 2417 1531 2488 χαλεπαίνοντας
1572 2418 1668 2470 καὶ
1710 2419 1990 2491 ἀμφισϐη-

2097 2427 2313 2474 rarunt.
2345 2418 2526 2486 Quare
2557 2419 2601 2475 si
2638 2418 2976 2490 permiseris,
3006 2434 3039 2472 o
3070 2419 3254 2483 Arete,
3292 2420 3546 2474 absoluto
3565 2421 3676 2490 jatn

414 2505 640 2570 τοῦντας
680 2507 755 2573 ὡς
791 2509 891 2561 ούκ
933 2508 1109 2581 ἀληθῆ
1153 2509 1416 2581 λέγομεν,
1459 2509 1803 2575 αὐτεξούσιον
1853 2505 1990 2564 εἶναι

2096 2511 2227 2565 mihi
2259 2526 2529 2574 sermone,
2551 2527 2714 2582 quem
2745 2511 2886 2579 ipsa,
2915 2510 3160 2574 domina,
3194 2520 3252 2566 ut
3279 2511 3536 2566 haberem
3578 2514 3679 2565 im-

415 2598 720 2666 φάσκουσαι
743 2600 833 2654 τὸν
865 2600 1170 2674 ἄνθρωπον,
1195 2601 1698 2674 διευκρινήσασθαι,
1737 2603 1818 2655 ὅτι

2103 2603 2331 2670 perasti,
2364 2603 2640 2668 conabor,
2668 2602 2962 2671 adjuvante
2995 2609 3070 2664 te,
3110 2603 3276 2656 alium
3311 2603 3571 2657 inchoare
3613 2618 3679 2659 ac

413 2692 998 2760 pertexere,adversus
1027 2709 1122 2749 eos
1149 2694 1241 2764 qui
1267 2709 1409 2765 aegre
1442 2693 1646 2758 ferunt,
1673 2709 1774 2750 nec
1818 2693 2008 2750 faciles
2069 2710 2359 2750 assensum
2425 2693 2864 2760 accommodant,
2896 2694 3042 2764 quod
3082 2695 3358 2750 hominem
3403 2695 3560 2751 liberi
3589 2712 3680 2752 ar-

416 2783 561 2838 bitrii
603 2784 862 2842 facultate
889 2789 1173 2857 prmditum
1195 2805 1319 2845 esse
1347 2789 1582 2845 dicimus
1605 2808 1618 2857 ;
1641 2806 1779 2860 quos
1802 2806 1998 2862 nempe
2031 2791 2221 2862 liquet,

452 2874 587 2946 (27)
637 2877 876 2948 Σφῇσιν
925 2881 1369 2950 ἀτασθαλίῃσιν
1399 2881 1740 3006 eam:qu
1786 2883 1951 2954 ἄλγε’

1644 2970 1878 3006 νουσιν.

1874 2884 1951 2954 γε’
2167 2882 2422 2956 Nequitia
2455 2885 2557 2938 sibi
2583 2883 2781 2938 damna
2808 2901 2924 2950 sua,
2942 2893 3259 2954 mortemque
3291 2901 3468 2940 creare
3495 2901 3513 2939 :

1681 2971 1878 3018 ουσιν,

1569 2953 1886 3025 [ἐχουσιν,

411 3037 725 3111 αἱρούμενοι
749 3041 817 3094 τὰ
847 3042 981 3113 ἡδέα
1013 3043 1120 3114 πρὸ
1144 3043 1252 3096 τῶν
1281 3043 1686 3117 συμφερόντων.
2020 3104 2050 3117 η

1681 2970 1878 3018 ουσιν,

1645 2973 1686 3098 ἓ.
2020 3104 2054 3117 Α
2089 3038 2292 3110 quippe
2319 3040 2412 3110 qui
2447 3039 2627 3094 dulcia
2668 3055 2780 3110 prae
2806 3039 3034 3095 utilibus
3065 3039 3284 3109 eligant.

481 3104 681 3184 ᾸΡΪΕΤ.
715 3104 880 3185 Ἀλλά
914 3104 1143 3205 πάρείμι
1168 3133 1262 3186 καὶ
1291 3104 1729 3204 συναγωνίζομαι
1749 3151 1762 3165 ο
1790 3133 1987 3198 τελέως
2015 3104 2056 3161 C
2107 3104 2120 3110 -

2035 3104 2056 3161 Ῐ·
2107 3104 2122 3110 ⁷
2407 3133 2540 3203 Age,
2572 3104 2830 3203 perinitto
2849 3131 2996 3202 quod
3033 3104 3218 3194 vis,vet
3251 3146 3336 3186 me
3358 3130 3674 3186 certaminis

409 3221 518 3294 γὰρ
561 3223 590 3275 ὁ
623 3222 779 3292 λόγος
828 3227 1231 3298 κεκοσμήσεται
1259 3224 1354 3278 καὶ
1394 3225 1600 3280 τούτων
1643 3227 1984 3298 προσαφθέν-

2092 3226 2296 3282 sociam
2348 3243 2417 3281 en
2453 3226 2549 3280 tibi
2607 3225 2797 3281 offero.
2843 3225 2982 3278 Nam
3034 3224 3136 3277 hac
3197 3223 3454 3292 adjuncta
3507 3239 3669 3294 quam

406 3329 534 3367 των.
2089 3318 2365 3389 polliceris
2410 3317 2805 3386 disputatione,
2840 3314 3111 3368 illustrior
3152 3313 3520 3382 omnibusque
3565 3329 3671 3367 nu-

2087 3412 2252 3465 meris
2275 3411 2547 3475 absoluta,
2573 3419 2664 3465 tua
2688 3408 2881 3465 evadet
2909 3407 3104 3462 oratio.

405 3518 538 3575 CAP.
561 3517 702 3575 XIV.
729 3520 1232 3577 Matltematicorum
1271 3521 1514 3577 doctrina
1548 3540 1651 3578 non
1680 3527 2244 3597 prorsussperuenda,
2283 3526 2518 3597 quandiu
2540 3525 2594 3578 in
2621 3533 2889 3578 astrorum
2920 3530 3162 3576 uersatur
3189 3519 3400 3574 notitia.
3451 3519 3667 3573 Duode-

1505 3602 1608 3647 cim
1639 3595 1845 3647 zodiaci
1871 3596 2047 3666 signa,
2078 3595 2302 3650 nomina
2324 3597 2576 3666 mythica.

473 3711 680 3764 ΘΕΚΛ.
715 3709 885 3763 Πάλιν
909 3707 1002 3765 οὖν
1035 3710 1100 3782 δὴ
1129 3709 1344 3782 πρῶτον
1375 3710 1731 3782 περὶτούτων
1766 3712 1845 3774 εἰς
1882 3711 1976 3764 δύ-

2154 3712 2400 3770 THECL.
2426 3711 2791 3772 Resumamus
2819 3711 2987 3782 igitur
3015 3709 3083 3766 de
3117 3709 3205 3765 bis
3239 3725 3571 3775 sermonem,
3605 3723 3659 3768 ct

401 3819 566 3873 ναμιν
600 3803 863 3872 εἴπωμεν,
883 3801 980 3872 τὴν
1006 3802 1260 3872 γοητείαν
1293 3801 1491 3864 αὐτῶν,
1522 3796 1662 3874 ὲφ’ᾖ
1691 3801 1980 3873 θρασύνον-

2085 3813 2211 3859 ante
2248 3805 2430 3858 omnia
2460 3804 2816 3874 imposturam
2857 3803 3088 3856 istorum
3119 3800 3458 3875 detegamus,
3491 3803 3580 3871 qui
3606 3819 3665 3857 se

401 3913 510 3960 ται,
540 3894 950 3965 γυμνώσαντες,
966 3895 1041 3958 ὡς
1077 3894 1254 3964 μόνων
1304 3895 1709 3965 κατειληφότων
1749 3895 1807 3961 ἐξ
1852 3897 1980 3948 οἵων

2084 3896 2318 3967 gloriose
2373 3902 2673 3958 ostentant,
2725 3903 2986 3964 tanquam
3027 3893 3128 3948 soli
3185 3902 3527 3962 compertum
3565 3893 3661 3948 ha-

392 3989 428 4042 ὸ
457 3988 682 4061 οὐρανὸς
720 3988 1057 4058 κεκόσμηται
1090 3986 1385 4058 σχημάτων
1405 4027 1420 4052 ,
1449 3986 1626 4041 ’κατά
1669 3986 1770 4051 τὰς
1809 3987 1978 4056 Δίγυ-

2085 3989 2250 4044 beant
2291 3989 2492 4059 quibus
2551 3988 2750 4042 cmlum
2807 3985 2999 4058 ﬁguris
3053 3986 3446 4051 concinnetur,
3503 3987 3660 4057 juxta

399 4081 570 4134 πτίων
599 4079 692 4134 καὶ
716 4079 999 4134 Χαλδαίων
1025 4079 1634 4162 ὑποθέσεις..Φάσκουσι
1658 4079 1766 4152 γὰρ
1787 4079 1976 4152 ὥσπερ

2086 4077 2438 4150 Egyptiacas
2469 4085 2526 4134 et
2548 4076 2874 4133 Chaldaicas
2907 4075 3258 4147 hypotheses.
3317 4077 3484 4132 Aiunt
3513 4081 3657 4134 enim

399 4175 636 4246 σφαίρας
667 4174 920 4244 εὐτόρνου
959 4167 1220 4244 στροφαῖς
1248 4171 1646 4235 ἀπεικάζεσθαι
1679 4171 1776 4244 τὴν
1815 4190 1973 4244 περι-

2083 4173 2270 4228 orbem
2300 4171 2511 4233 mundi,
2536 4171 2761 4241 sphaera:
2782 4186 2935 4227 more
2969 4172 3262 4235 versatilis,
3289 4173 3497 4242 rapidis
3525 4189 3651 4230 con-

395 4268 619 4340 φέρειαν
657 4265 752 4319 τοῦ
791 4265 1020 4335 κόσμου,
1055 4265 1154 4335 τῆς
1196 4263 1299 4334 γῆς
1346 4263 1574 4336 κέντρου
1610 4265 1706 4319 καὶ
1746 4266 1972 4337 σημείου

2084 4261 2437 4317 versionibus
2459 4260 2781 4332 circumagi,
2805 4271 2952 4326 terra
2983 4262 3157 4316 centri
3183 4270 3237 4316 et
3259 4263 3444 4330 puncti
3473 4263 3652 4318 locum

394 4363 557 4416 τόπον
582 4361 832 4434 ἐχούσης.
855 4361 1167 4432 Περιφορᾶς
1192 4359 1303 4432 (28)
1327 4358 1437 4432 γὰρ
1460 4356 1627 4429 οὔσης
1655 4357 1970 4429 σφαιρικῆς,

2077 4357 2376 4410 obtinente.
2405 4354 2543 4409 Cum
2572 4355 2741 4418 enim,
2778 4355 2952 4420 aiunt,
2986 4353 3372 4409 circumflexus
3408 4355 3645 4412 circula-

465 4498 576 4571 (26)
610 4497 1003 4571 Hpozcio'o'str-
1037 4493 1148 4563 πρὸ
1182 4493 1621 4571 τῶνχηγενῷγ.
1656 4491 1968 4571 Lectionem
2001 4510 2046 4566 ι)
2076 4491 2316 4571 reliquas
2370 4489 2708 4571 animantes,
2745 4489 2910 4544 infert
2940 4488 3182 4571 ‘Thec'la,
3221 4489 3492 4560 virginum
3529 4508 3653 4571 esse

392 4559 671 4624 All‘ati’ani'
699 4568 903 4622 codicis
948 4559 1168 4636 sequor,
1222 4563 1316 4636 sed
1342 4559 1470 4618 non
1505 4563 1626 4633 ejus
1663 4563 1972 4636 distinctio-
2002 4559 2031 4566 ’

2011 4559 2038 4566 ⁷
2074 4559 2391 4636 προκρίνειν
2418 4561 2511 4636 καὶ
2542 4559 2868 4632 προτάσσειν
2895 4559 2966 4613 τὰ
2993 4560 3255 4632 κρείττω,
3287 4559 3540 4636 (μιαί-νοις
3569 4567 3650 4621 sic

392 4656 538 4696 nem.
589 4638 701 4692 Nec
739 4647 888 4692 certe
925 4633 1042 4706 ipsa
1067 4646 1190 4706 apta
1219 4635 1435 4690 videtur
1460 4634 1802 4706 constructio
1833 4649 1972 4705 προ-
2073 4633 2631 4706 absolute,__virtutem
2666 4641 2856 4706 sonat,
2906 4645 3007 4686 nec
3056 4646 3280 4706 necesse
3310 4633 3646 4706 quibusnam

391 4713 613 4766 τάσσειν
661 4708 765 4777 πρὸ
801 4707 909 4760 τῶν
937 4701 1204 4777 γηγενῶν,
1239 4705 1456 4760 terrenis
1490 4705 1630 4777 hisce
1649 4701 1968 4773 prwponere,

2073 4703 2306 4772 κρείττω
2332 4702 2499 4777 dicat,
2526 4701 2852 4777 exprimere,
2876 4701 3167 4777 cumsatis
3195 4703 3559 4777 intelligatur;
3590 4715 3647 4760 ιη

393 4788 453 4856 ut
480 4770 834 4856 ipse__ret_ldit,_
855 4770 1337 4856 vacante-omnino
1366 4770 1771 4856 praepositione,
1802 4789 1969 4856 quam
2072 4770 2248 4856 neque
2275 4788 2400 4856 cum
2429 4770 2569 4856 [)cus
2602 4771 2664 4824 τὸ
2696 4774 2940 4856 κρεῖττον
2970 4770 3643 4856 όξείριτ,,θιίιιμῖιάρἰρικ

393 4841 532 4906 forte
562 4849 863 4905 eliminavit
895 4846 1199 4911 Possinius,
1243 4841 1494 4916 sive—qui
1537 4846 1683 4900 illius
1710 4841 1968 4916 Methodii
2073 4841 2367 4916 §equentia
2413 4843 2575 4916 etiam
2621 4841 2771 4896 nullo
2803 4857 2971 4916 sensu
2994 4842 3062 4916 _i_n
3092 4841 3294 4916 _Vatic.,
3321 4844 3396 4908 ὡς
3427 4846 3526 4899 οὐκ
3554 4848 3646 4901 ἄν-

391 4923 613 4978 editioni
646 4918 883 4992 praefuit,
916 4927 976 4972 ut
997 4917 1188 4971 eodem
1218 4932 1281 4972 ac
1309 4919 1400 4972 ille
1420 4911 1590 4971 sensu
1621 4915 1887 4992 redderet,
1914 4922 1969 4969 et
2070 4911 2564 4992 Optorio¢._saniora
2591 4913 2823 4992 mutuati
2848 4928 2915 4968 ex
2944 4911 3162 4992 Allat'lo.
3194 4915 3482 4970 Conens.

392 4994 609 5063 quidem
639 4978 929 5063 verborum
963 5003 1610 5063 pompa,_prwponereque
1643 4987 1862 5063 meliora
1887 5002 1968 5040 se-

1496 5004 1610 5056 sque
1643 4987 1862 5063 meliora
1887 5002 1968 5040 se-
2105 4978 2116 4984 ’
2283 4981 2717 5063 ξ-φῇσινηειολ
2736 4983 2951 5063 Ὀδ-υσσ.
2983 4979 3050 5043 Α,
3085 4978 3135 5063 7_.

389 5051 682 5133 q'uioribus,
736 5051 980 5133 calestiaf
1013 5051 1230 5112 terrenis
1271 5075 1288 5112 :
1324 5051 1489 5133 quasi
1525 5051 1814 5133 γηγενεῖς,
1850 5057 1966 5125 ipsa

2140 5051 2251 5133 (28)
2287 5051 2642 5133 Ιᾏεριεροοέηῑςἶ
2676 5052 2832 5120 Quod
2862 5053 3131 5133 ita_scmel
3164 5060 3218 5108 et
3247 5052 3442 5133 iterum
3478 5055 3642 5123 paulo

392 5123 605 5189 terrena
633 5123 763 5196 sint,
800 5130 867 5184 τὰ
895 5131 1076 5212 γῄῖνα,
1112 5144 1238 5212 non_
1264 5123 1566 5210 terrigenae,
1590 5123 1696 5209 orti
1726 5143 1753 5181 e
1789 5123 1964 5212 terra;
2065 5131 2190 5210 post
2234 5123 2450 5194 legitur,
2496 5123 2721 5212 omnino
2769 5123 3170 5212 emendandum
3217 5124 3374 5176 velim
3415 5141 3642 5212 περιφε-

389 5194 798 5274 comparatione
847 5194 1057 5274 scilicet
1103 5200 1170 5274 ad
1224 5194 1521 5274 hominem,
1551 5197 1734 5274 _cujus
1779 5198 1964 5274 divina
2069 5195 2247 5274 ρείαςς
2278 5210 2344 5248 ex
2376 5210 2481 5264 qua
2515 5195 2594 5274 sic
2628 5196 2885 5274 rotunda,
2910 5194 3338 5274 habereterratu
3370 5194 3637 5274 rationem

387 5263 545 5343 origo
579 5283 682 5339 est,
731 5288 839 5342 qua
874 5269 1144 5343 Aetliberi
1174 5269 1388 5343 arbitrii
1423 5263 1964 5343 facultatepraaditus
2065 5263 2236 5343 centri
2263 5279 2345 5343 ⁸ξιο
2384 5263 2571 5335 puncti
2611 5265 2764 5343 aiunt
2815 5263 3185 5343 mathematici
3225 5267 3641 5343 quos_exagitat

387 5333 507 5408 est:
517 5343 611 5397 Dei
641 5333 850 5398 scilicet
871 5341 1105 5411 insignis
1133 5340 1401 5409 imagine;
1435 5347 1493 5411 ut
1520 5339 1663 5411 sicut
1692 5333 1780 5411 ille
1804 5339 1963 5411 αύτο-
2067 5333 2401 5411 Μειιιυιιὶιιεξ
2422 5351 2598 5411 exque
2643 5335 2730 5388 illa
2765 5333 3028 5411 caelorum
3059 5333 3519 5411 orbespenderc,
3543 5337 3637 5406 qui

384 5404 644 5476 δέσποτος
685 5413 953 5477 absolute,
985 5404 1080 5466 'sic
1111 5418 1167 5467 et
1200 5404 1362 5464 homo
1391 5404 1492 5464 Sub
1522 5407 1632 5464 Deo
1666 5409 1736 5462 sit
1763 5415 1816 5463 ιιι
1848 5409 1963 5477 ipse

2064 5407 2144 5460 sic
2177 5406 2362 5459 mundi
2401 5405 2560 5477 quasi
2594 5405 2916 5476 περιφέρεια
2945 5404 3089 5477 ᾃείηι,
3125 5405 3381 5477 ambitus,
3413 5404 3639 5460 circuiu-

383 5473 794 5547 αύτοδέσποτος,
827 5473 957 5538 tunc
978 5483 1233 5547 maxime,
1259 5495 1380 5534 cum
1405 5495 1534 5534 suas
1562 5480 1616 5532 in
1640 5477 1807 5533 Deum
1831 5473 1961 5532 con-
2060 5477 2250 5544 ﬂexus,
2292 5485 2365 5538 et,
2399 5473 2457 5530 ut
2475 5476 2638 5545 vulgo
2664 5473 3375 5547 vocant,circumferentia:
3403 5490 3465 5528 ac
3500 5493 3637 5545 prte-

383 5555 488 5610 fert
519 5545 766 5609 rationes
784 5545 853 5608 ac
877 5554 1062 5624 pietati
1095 5545 1300 5616 studet,
1331 5550 1408 5604 uti
1437 5565 1574 5619 quas
1600 5548 1800 5624 Thecla
1832 5551 1962 5624 allo-
2061 5556 2208 5602 terea
2245 5557 2445 5601 terram
2483 5547 2647 5624 _cmlis
2689 5545 3053 5624 antiquiorem
3080 5559 3223 5624 esse,
3262 5545 3339 5624 uti
3371 5556 3635 5624 punctum

381 5627 570 5695 quitur
614 5625 852 5694 virgines
872 5615 893 5697 ξ
925 5623 1136 5697 γηγενῆ
1175 5637 1304 5697 ergo
1342 5615 1750 5697 comparatione
1779 5620 1958 5697 homi-
2061 5633 2124 5671 ac
2158 5627 2428 5678 centrum,
2466 5615 2631 5697 ducto
2664 5616 2828 5697 circa
2853 5615 3030 5697 ipsum
3063 5615 3402 5697 orbc,__prius
3432 5617 3632 5697 intelli:

380 5685 532 5754 num.
566 5685 775 5764 reliqua
797 5685 1052 5748 animalia
1073 5685 1306 5758 sunt,in
1330 5685 1535 5764 quibus
1547 5691 1736 5764 nullus
1760 5689 1958 5744 mentis
2059 5697 2495 5764 gatur,_necesse
2523 5694 2627 5741 est.
2676 5685 2831 5764 Quod
2874 5685 3061 5764 ipsum
3095 5685 3314 5764 refellit,
3351 5686 3630 5764 communi

381 5782 596 5830 sensus,
629 5755 722 5820 aut
753 5780 877 5820 vera
907 5764 1068 5827 ratio,
1101 5771 1161 5818 ttt
1191 5755 1405 5834 quasi'a
1434 5777 1493 5816 se
1525 5761 1614 5834 illa
1639 5760 1912 5834 ducantur
1940 5776 1951 5810 :
2057 5757 2551 5834 etiamGraecorum
2572 5758 2879 5834 sapientum
2902 5755 3330 5834 existimatione,
3355 5755 3508 5834 Nihil
3531 5767 3630 5834 ter-

377 5853 500 5908 qum
530 5825 683 5893 liberi
725 5837 862 5891 ratio
899 5844 1002 5892 est.
1045 5825 1120 5889 Ex
1158 5825 1249 5889 ill'a
1281 5849 1410 5905 ergo
1438 5831 1760 5887 excellentia
1791 5842 1958 5898 supra
2058 5845 2301 5882 reuorum
2336 5825 2897 5882 caelestibus—nobilius
2933 5842 3047 5880 esse
3086 5836 3177 5880 aut
3218 5827 3501 5897 antiquius.
3538 5825 3630 5882 Sic
