4150 6478
475 379 587 437 165

1418 371 1479 429 S.
1515 370 1845 429 ΜΕΤΗοοΠ
1880 368 2187 427 Εριεοορι
2227 368 2316 423 ΕΤ
2352 368 2711 426 MARTYRIS

3609 379 3711 436 164

476 494 559 550 ris
584 492 676 555 sit,
704 488 933 547 servatis
960 503 1175 558 semper
1198 486 1392 544 iisdem
1423 488 1661 558 partium
1708 487 2032 552 intervallis,

2144 486 2351 557 ἀνάγκη
2375 526 2391 552 ,
2444 487 2618 556 φασὶ,
2669 487 2808 541 κατά
2858 486 2957 551 τὰς
2997 487 3188 558 ὁμοίας
3249 486 3557 557 διαστάσεις
3602 493 3714 549 τῶν

477 585 712 641 mediam
756 581 988 650 hujusce
1024 594 1205 636 rerum
1239 579 1612 635 universitatis
1633 588 1834 635 terram
1857 578 2044 634 consi-

482 677 612 731 dere
656 687 880 727 necesse
908 680 1014 738 est,
1044 672 1193 725 circa
1223 687 1386 741 quam
1415 672 1534 740 ipso
1565 671 1836 726 seniorem
1879 668 2045 723 verti-

480 761 815 819 turcaalum.
870 759 1006 814 Nam
1055 760 1103 814 si
1159 775 1224 814 ex
1264 766 1466 829 puncto
1496 766 1552 814 et
1596 765 1786 814 centro
1827 764 2045 812 constat

478 855 703 928 sphaerae
730 851 1180 915 circumductus,‘
1209 851 1304 921 qui
1344 851 1531 921 utique
1565 851 1717 907 orbis
1748 865 1871 907 esse
1893 851 2045 906 vide-

458 944 571 1003 'tur
599 953 656 1002 et
685 945 961 1001 circulus:
985 957 1109 998 cum
1140 942 1255 997 ﬁeri
1285 957 1393 998 non
1416 942 1589 1013 possit
1615 952 1673 997 ut
1701 943 2045 1014 sinepuncto

476 1038 723 1093 circulus
757 1036 1122 1097 describatur,
1160 1049 1259 1087 nec
1291 1033 1534 1090 circulus
1561 1049 1683 1090 esse
1712 1037 1886 1105 possit
1916 1037 2046 1090 abs-

477 1145 585 1201 que
634 1138 859 1200 puncto,
900 1118 1122 1198 quinam
1178 1125 1297 1180 ﬁeri
1350 1133 1562 1196 potest,
1599 1126 1772 1191 aiunt,
1816 1133 1876 1179 ut
1934 1140 2043 1180 non

479 1221 736 1275 omnibus
763 1220 913 1290 prior
944 1226 1087 1272 terra
1112 1216 1403 1279 exstiterit,
1427 1216 1657 1286 ejusque
1684 1217 1855 1285 ipsius
1875 1215 2043 1271 chaos

480 1319 536 1366 et
562 1310 925 1383 profundum?
952 1308 1115 1362 Plane
1138 1308 1282 1361 enim
1319 1307 1372 1361 in
1406 1309 1609 1363 erroris
1640 1306 1968 1377 profundum
1990 1316 2044 1362 et

480 1404 651 1459 chaos
681 1402 864 1459 miseri
907 1400 1144 1471 prolapsi
1198 1410 1343 1455 sunt.
1381 1399 1534 1466 Quod
1585 1417 1700 1453 cum
1751 1399 1913 1454 Deum
1953 1416 2041 1452 co-

481 1498 800 1568 gnovissent,
828 1513 931 1549 non
968 1496 1105 1549 sicut
1142 1494 1304 1548 Deum
1335 1495 1782 1564 gloriﬁcaverunt.
1806 1505 1897 1548 aut
1918 1512 2044 1565 gra-

485 1590 591 1643 tias
622 1597 869 1659 egerunt;
892 1585 980 1640 sed
1019 1595 1342 1640 evanuerunt
1379 1587 1433 1639 in
1478 1585 1879 1657 cogitationibus
1907 1590 2040 1651 suis,

482 1686 535 1732 et
563 1678 898 1731 obscuratum
942 1684 1020 1729 est
1057 1675 1308 1743 insipiens
1356 1691 1446 1727 cor
1483 1691 1660 1729 eorum
1681 1676 1757 1739 ⁶¹;
1807 1676 1890 1729 vel
1940 1675 2043 1730 hoc

481 1769 722 1824 maxime
749 1768 896 1838 quod
927 1783 1117 1823 eorum
1170 1766 1447 1837 sapientes
1473 1766 1607 1819 nihil
1638 1781 1761 1822 esse
1810 1765 2042 1821 terrenis

2144 580 2324 664 αὐτῶν
2367 580 2534 633 ὅντων
2579 580 2992 652 διαστημάτων,
3025 581 3199 651 μέσην
3241 581 3336 634 τοῦ
3388 587 3590 650 παντὸς
3613 588 3715 659 τὴν

2145 675 2250 745 γῆν
2282 673 2588 744 τυγχάνειν,
2623 674 2751 743 περὶ
2803 673 2870 743 ἢν
2900 674 2929 725 6
2958 673 3185 744 οὐρανὸς
3217 676 3545 747 περιδίνεται
3578 696 3713 751 προ-

2145 765 2468 838 γενεστέραν
2497 761 2682 819 οὖσαν.
2724 765 2790 817 Εἰ
2818 766 2927 836 γὰρ
2964 767 3029 817 ὲκ
3077 766 3303 836 σημείου
3349 768 3443 821 καὶ
3487 770 3713 841 κέντρου

2146 857 2467 929 περιφέρεια
2499 856 2848 926 συνέστηκεν.
2881 856 2910 908 ὃ
2934 854 2998 927 δὴ
3023 856 3220 921 κύκλος
3243 858 3353 928 (29)
3388 855 3525 913 εἶναι
3566 861 3718 916 δοκεῖ

2148 949 2423 1020 (ἀδύνατον
2467 948 2523 1002 δὲ
2568 948 2737 1019 χωρὶς
2781 948 3006 1019 σημείου
3054 950 3456 1022 περιγραφῆναι
3493 953 3711 1018 κύκλον,

2147 1040 2343 1095 κύκλον
2386 1040 2431 1093 δ’
2459 1039 2677 1093 ἔσεσθαι
2717 1038 2975 1092 ἀδύνατον
3018 1039 3145 1093 ἄνευ
3195 1041 3467 1112 σημείου),
3498 1043 3616 1107 πῶς
3647 1045 3711 1099 οὐ

2146 1132 2253 1202 πρὸ
2275 1133 2489 1187 πάντων
2517 1134 2550 1201 ἡ
2574 1132 2666 1202 γῆ,
2685 1131 2838 1201 φησι,
2863 1132 3178 1201 συνέστηκε,
3201 1132 3376 1185 καὶτὸ
3401 1134 3522 1188 κατ’
3545 1134 3714 1207 αὐτὴν

2147 1224 2275 1294 χάος
2303 1223 2394 1277 καὶ
2417 1222 2613 1292 βάθος;
2644 1223 2735 1286 Εἰς
2762 1221 2924 1291 βάθος
2951 1223 3059 1293 γὰρ
3093 1223 3187 1275 καὶ
3217 1224 3349 1294 χάος
3379 1225 3548 1290 ὅντως
3577 1244 3712 1281 κατ-

2145 1313 2448 1383 ωλίσθησαν
2463 1314 2509 1365 οἰ
2525 1313 2754 1383 σχέτλιοι
2767 1312 2991 1383 πλάνης.
3011 1312 3077 1366 Οἳ
3091 1313 3187 1382 (al.
3207 1314 3332 1380 ὃτι),
3346 1317 3591 1384 γνόντες
3607 1318 3714 1372 τὸν

2148 1408 2322 1470 Θεὸν,
2356 1408 2467 1475 οὐχ
2506 1406 2586 1472 ὡς
2621 1406 2768 1458 Θεὸν
2798 1405 3102 1469 ἐδόξασαν
3148 1406 3187 1473 ἢ
3229 1409 3712 1477 εὐχαρίστησαν,

2144 1496 2281 1550 ἀλλ’
2328 1492 2780 1563 ἐματαιώθησαν
2816 1493 2886 1546 ἐν
2937 1490 3062 1558 τοῖς
3118 1492 3561 1563 διαλογισμοῖς,
3613 1496 3712 1550 και

2142 1588 2465 1654 ἐσκοτίσθη
2498 1588 2537 1653 ἠ
2563 1586 2857 1651 ἀσύνετος
2888 1583 3083 1639 αὐτῶν
3126 1584 3337 1652 καρδία
3355 1600 3369 1615 ’
3418 1585 3512 1639 καὶ
3540 1586 3714 1641 ταῦτα

2145 1680 2239 1732 καὶ
2281 1678 2390 1731 τῶν
2420 1680 2550 1750 παρ’
2583 1678 2767 1742 αὐτοῖς
2820 1677 3115 1749 εἰρηκότων
3160 1677 3337 1746 σοφῶν
3359 1721 3374 1741 ,
3427 1677 3502 1743 ὡς
3562 1679 3712 1734 οὐδὲν

2159 1770 2467 1841 Ὀλυμπίων
2527 1769 2871 1841 ἐντιμότερον
2935 1767 3164 1840 γηγενὲς
3213 1767 3246 1838 ἢ
3322 1770 3709 1842 πρεσϐύτερον.

478 1858 536 1913 ἱη
554 1859 717 1915 rebus
738 1835 1054 1915 cielestibus
1078 1835 1317 1914 nobilius
1348 1864 1442 1911 aut
1464 1858 1738 1928 antiquius
1763 1858 2036 1913 dixerunt.

2146 1835 2307 1911 Ὅθεν
2336 1861 2433 1912 οὐκ
2474 1859 2562 1911 ἀεὶ
2598 1835 2793 1923 παῖδες.
2820 1835 3067 1923 ὅντωςνοί
3108 1835 3342 1933 Χριστὸν
3365 1835 3707 1929 -ὲγνωκάτες,

476 1948 646 2008 Plane
678 1952 846 2023 igitur
870 1966 980 2006 non
1014 1966 1233 2022 semper
1256 1950 1408 2025 pueri
1447 1951 1540 2017 qui
1575 1950 1854 2005 Christum
1879 1965 2044 2021 agno-

478 2058 630 2108 vere,
658 2043 809 2098 velut
839 2040 1013 2097 Graaci
1042 2041 1136 2112 qui
1184 2039 1381 2095 fabulis
1411 2041 1593 2109 potius
1633 2056 1698 2095 ac
1753 2040 2043 2111 ﬁgmentis,

477 2149 642 2205 quam
676 2132 1005 2189 eruditionis
1045 2140 1164 2188 arte
1197 2132 1303 2187 ulla
1335 2139 1429 2185 aut
1461 2131 1717 2187 facundia
1760 2134 2043 2189 veritatem

480 2220 813 2288 obruentés,
843 2221 1599 2298 humanasque-calamitates
1637 2222 1793 2277 caelis
1835 2222 2046 2278 adscri-

477 2313 692 2378 bentes,
724 2327 827 2368 nec
847 2313 1197 2377 erubescunt,
1213 2312 1342 2367 dum
1363 2320 1524 2368 terra;
1552 2312 1812 2367 ambitum
1837 2329 2047 2383 geome-

479 2406 638 2460 tricis
681 2405 918 2460 inventis
946 2404 1246 2475 ﬁgurisque
1276 2403 1683 2472 describentes,
1705 2405 1902 2461 caelum
1944 2406 2046 2461 do-

478 2504 629 2563 cent,
671 2498 963 2553 volucrum
992 2498 1414 2568 natatiliumque
1454 2513 1517 2552 ac
1554 2498 1894 2580 terrestrium
1924 2500 2044 2554 ani-

486 2591 713 2645 malium
762 2590 1074 2646 simulacris
1135 2599 1388 2644 ornatum
1440 2605 1595 2653 esse,
1656 2590 2045 2661 stellarumque

477 2682 771 2756 qualitates
799 2685 883 2749 fex
926 2682 1230 2754 priscorum
1276 2681 1553 2736 hominum
1589 2681 1834 2737 cladibus
1867 2698 1930 2738 ac
1959 2684 2045 2737 in-

478 2773 736 2832 fortuniis
769 2773 1027 2831 habuisse
1070 2782 1250 2830 ortum
1280 2792 1294 2827 :
1324 2774 1458 2828 adeo
1489 2780 1548 2827 ut
1584 2788 1650 2829 ex
1697 2774 1888 2829 horum
1928 2791 2048 2832 sen-

476 2868 668 2932 tentia,
696 2866 799 2938 ipsi
827 2867 1165 2937 planetarum
1196 2873 1377 2920 motus
1414 2880 1481 2919 ex
1513 2864 1782 2933 ejusmodi
1809 2868 2048 2938 corpori-

477 2956 584 3013 bus
605 2957 897 3027 pendeant.
921 2954 1129 3028 Gyrare
1157 2953 1411 3010 videlicet
1439 2955 1585 3009 circa
1611 2957 1894 3029 signorum
1917 2960 2049 3012 duo-

478 3050 947 3121 decimvnaturam
969 3047 1155 3102 stellas
1186 3046 1358 3110 aiunt,
1396 3047 1584 3116 rapida
1617 3049 1825 3104 zodiaci
1853 3050 2044 3105 circuli

2144 1947 2393 2020 καθάπερ
2417 1948 2694 2017 Ἕλληνες,
2725 1948 2798 2011 οἳ,
2829 1947 3017 2019 μύθοις
3048 1949 3244 2019 μᾶλλον
3277 1952 3369 2004 καὶ
3401 1951 3710 2021 πλάσμασιν

2145 2039 2178 2110 ἢ
2214 2039 2375 2110 τέχνῃ
2408 2039 2516 2092 τῶν
2543 2039 2716 2107 λόγων
2747 2040 2845 2111 τὴν
2868 2041 3122 2111 ἀλήθειαν
3148 2041 3445 2112 χώσαντες,
3471 2044 3567 2097 καὶ
3596 2046 3709 2107 τοῖς

2142 2132 2390 2204 οὐρανοῖς
2422 2132 2520 2195 τὰς
2548 2131 2656 2184 τῶν
2702 2132 3003 2204 ἀνθρώπων
3047 2135 3529 2207 προσαρμόσαντες
3576 2152 3710 2206 συμ-

2145 2222 2343 2295 φοράς,
2400 2223 2552 2276 οὐδὲν
2598 2223 2941 2295 αἰσχύνονται
2974 2227 3415 2298 καταγράφοντες
3464 2228 3563 2299 τὴν
3609 2228 3708 2298 τῆς

2142 2315 2464 2386 οἰκουμένης
2494 2315 2797 2388 περιφορὰν
2822 2321 3212 2388 γεωμετρικοῖς
3251 2319 3565 2391 θεωρήμασι
3613 2320 3710 2372 καὶ

2146 2411 2409 2477 σχήμασι,
2443 2406 2539 2459 καὶ
2575 2406 2668 2460 τὸν
2706 2407 2932 2477 οὐρανὸν
2959 2406 3195 2471 εἰδώλοις
3232 2410 3451 2481 πτηνῶν
3482 2410 3575 2463 καὶ
3612 2427 3708 2480 νη-

2144 2495 2289 2548 κτῶν
2322 2496 2417 2550 καὶ
2441 2497 2709 2568 χερσαίων
2750 2497 3125 2569 εἰσηγούμενοι
3173 2500 3578 2571 κεκοσμῆσθαι,
3614 2499 3709 2553 καὶ

2146 2586 2244 2650 τὰς
2280 2588 2569 2658 ποιότητας
2613 2589 2722 2642 τῶν
2762 2589 3006 2663 ἀστέρων
3039 2592 3103 2643 ὲκ
3131 2590 3237 2643 τῶν
3287 2592 3413 2662 περί⁸
3437 2591 3563 2654 τοὺς
3606 2592 3707 2660 ἀρ-

2144 2676 2330 2748 χαίους
2375 2678 2691 2748 ἀνθρώπους
2736 2681 3025 2752 συμφορῶν
3064 2679 3521 2747 κατεσκευάσθαι,
3566 2680 3705 2733 ὥστε

2144 2770 2242 2833 τὰς
2268 2770 2375 2823 τῶν
2398 2771 2680 2842 πλανητῶν
2708 2772 2889 2835 αὐτοῖς
2914 2774 3151 2845 κινήσεις
3174 2773 3240 2827 ὲκ
3259 2773 3513 2826 τοιούτων
3541 2772 3696 2845 ἠρτῆ-

2148 2860 2270 2915 σθαι
2304 2864 2602 2934 σωμάτων·
2637 2862 2963 2918 είλίσσεσθαι
2995 2866 3101 2937 γὰρ
3144 2866 3272 2937 περὶ
3312 2864 3410 2937 τὴν
3458 2865 3563 2918 τῶν
3608 2865 3710 2918 δώ-

2145 2953 2270 3010 δεκα
2306 2952 2510 3018 ζωδίων
2544 2951 2703 3022 φύσιν
2736 2954 2870 3022 φασὶ
2926 2954 3052 3018 τοὺς
3084 2956 3340 3028 ἀστέρας,
3387 2956 3710 3026 ἑλκομένους

2144 3041 2238 3095 τοῦ
2280 3039 2543 3105 ζωδιακοῦ
2574 3041 2773 3095 κύκλου
2812 3045 2878 3113 τῇ
2919 3044 3079 3114 φορᾷ,
3108 3044 3181 3107 ὼς
3214 3044 3309 3098 καὶ
3343 3044 3431 3097 διὰ
3467 3046 3708 3116 συγκρά-

480 3149 689 3197 tractas
732 3138 1042 3210 vertigine:
1089 3147 1252 3208 atque
1289 3152 1356 3192 ex
1404 3137 1598 3192 harum
1656 3142 2042 3210 temperatione

2148 3147 2284 3194 σεως
2320 3130 2497 3184 αὐτῶν
2546 3132 2771 3205 ὁρᾶσθαι
2800 3133 2867 3187 τὰ
2910 3135 3273 3188 ἀποϐαίνοντα
3307 3134 3541 3200 πολλοῖς,
3567 3136 3710 3190 κατά

480 3230 755 3302 provideri
790 3206 912 3300 quae
939 3229 1098 3299 vulgo
1126 3206 1386 3283 eventura
1423 3235 1552 3283 sunt
1585 3246 1599 3281 :
1628 3243 1727 3298 pro
1745 3206 1930 3283 earum
1960 3231 2042 3285 in-

2144 3222 2242 3284 τάς
2289 3222 2425 3293 πρὸς
2452 3222 2713 3293 ἀλλήλους
2741 3224 2922 3278 αὐτῶν
2975 3226 3266 3295 συναφείας
3304 3243 3364 3279 τε
3405 3226 3497 3281 καὶ
3536 3228 3709 3299 ἀπορ-

479 3330 566 3377 ter
589 3336 649 3378 se
674 3321 892 3377 diversa
917 3319 1263 3385 cohaerentia,
1295 3319 1513 3389 alioque
1560 3324 1615 3373 et
1660 3319 1769 3374 alio
1816 3321 2042 3391 inﬂuxu,

478 3419 712 3482 ortuque
739 3418 793 3467 et
816 3425 1043 3465 occasu.

548 3502 684 3559 Cum
711 3502 858 3558 enim
887 3503 1088 3557 emtum
1136 3515 1299 3556 omne
1352 3501 1409 3555 in
1439 3498 1627 3555 orbem
1658 3501 2041 3572 conglobatum

477 3596 571 3661 sit,
616 3603 915 3666 centroque
957 3609 1022 3649 ac
1052 3600 1258 3663 puncto
1288 3600 1436 3647 terra
1462 3599 1669 3657 utatur,
1711 3599 1771 3645 ut
1812 3592 1893 3646 illi
1927 3592 2044 3647 exi-

477 3686 726 3750 stimant,
754 3683 903 3755 quod
932 3697 1123 3738 omnes
1151 3682 1309 3737 lineae
1332 3688 1495 3736 rectae
1513 3680 1582 3736 ab
1611 3682 1819 3737 ambitu
1851 3683 1906 3736 in
1934 3694 2041 3737 ter-

479 3790 597 3830 ram
636 3774 965 3839 incidentes,
993 3774 1140 3829 inter
1176 3788 1237 3828 se
1271 3773 1511 3843 aequales
1543 3772 1673 3840 sint,
1708 3775 1777 3828 ab
1806 3775 2043 3829 ambien-

480 3868 628 3921 tibus
663 3866 842 3936 ipsum
889 3867 1112 3923 circulis
1167 3867 1413 3924 dominio
1462 3874 1719 3941 praevalet
1763 3886 2039 3942 :quorum

479 3957 816 4014 meridianus
843 3957 986 4015 inter
1005 3960 1272 4016 maximos
1303 3965 1558 4020 emineat.
1601 3964 1683 4020 Ab
1716 3963 1819 4018 hoc
1848 3979 2043 4019 secun-

480 4048 586 4104 dus
615 4049 707 4115 sit,
733 4051 827 4121 qui
861 4057 917 4105 et
966 4049 1082 4120 ipse
1126 4051 1180 4106 in
1229 4061 1414 4122 partes
1455 4057 1691 4126 aequales
1721 4055 2035 4111 universum

476 4151 647 4207 secet,
672 4157 833 4212 quem
864 4142 1200 4198 horizontem
1237 4145 1315 4215 (id
1361 4155 1447 4201 est
1484 4148 1768 4217 finitorem)
1797 4154 2032 4202 vocant:

483 4233 676 4289 tertius
709 4234 809 4291 hos
830 4236 1189 4300 intersecans,
1212 4236 1628 4307 aequinoctialis.
1660 4237 1890 4293 Istorum
1915 4252 2039 4309 por-

484 4339 546 4379 ro
582 4325 709 4381 hinc
749 4324 875 4382 inde
904 4325 972 4380 ad
1016 4326 1189 4381 latera
1218 4327 1413 4397 tropici
1448 4328 1578 4393 duo,
1611 4330 1835 4384 aestivus
1872 4338 1925 4383 et
1955 4328 2038 4383 hi-

484 4413 718 4483 bernus;
752 4415 840 4472 hic
865 4432 898 4472 a
930 4415 1334 4488 Septentrione,
1352 4420 1444 4475 ille
1473 4420 1543 4474 ab
1573 4420 1796 4477 Austro.
1829 4420 1909 4475 Ad
1935 4423 2035 4475 hos

550 4571 599 4605 ⁶²
631 4570 784 4626 Rom.
814 4586 856 4638 l,
883 4572 975 4629 21.

2144 3313 2313 3385 ροίας,
2342 3314 2603 3378 ἀνατολάς
2633 3333 2691 3369 τε
2720 3316 2813 3369 καὶ
2842 3315 3039 3381 δύσεις.

2209 3496 2562 3571 Σφαιροειδὴς
2613 3495 2722 3569 γὰρ
2769 3495 3027 3568 ὑπάρχων
3074 3498 3102 3550 6
3150 3498 3258 3560 πᾶς
3294 3497 3522 3570 οὐρανὸς
3546 3541 3560 3562 ,
3613 3500 3709 3553 καὶ

2139 3591 2350 3664 κέντρῳ
2404 3592 2497 3645 καὶ
2538 3590 2748 3662 σημείῳ
2792 3592 2913 3644 κατ’
2952 3593 3148 3655 αὐτοὺς
3183 3594 3250 3662 τῇ
3294 3594 3366 3664 γῇ
3407 3590 3706 3663 χρώμενος,

2140 3683 2228 3737 διὰ
2250 3684 2310 3736 τὺ
2332 3683 2509 3746 πάσας
2548 3683 2654 3735 ἀπὸ
2681 3683 2779 3753 τῆς
2815 3684 3168 3755 περιφερείας
3194 3683 3301 3754 (30)
3340 3682 3440 3746 τάς
3473 3700 3706 3755 προσπι-

2144 3778 2382 3841 πτούσας
2435 3776 2645 3841 εὐθείας
2688 3778 2780 3829 ὲπὶ
2808 3776 2906 3848 τὴν
2939 3777 3045 3847 γῆν
3083 3779 3202 3840 ῐσας
3243 3777 3501 3848 ἀλλήλαις
3546 3773 3705 3840 εἰναι,

2147 3871 2254 3926 ἀπὸ
2279 3870 2387 3924 τῶν
2424 3869 2785 3941 περιεχόντων
2814 3868 2977 3922 αὐτὸν
3023 3868 3305 3939 διακρατεῖ
3351 3868 3567 3923 κύκλων
3588 3887 3600 3900 ·
3633 3866 3709 3924 ὧν

2150 3961 2350 4033 μείζων
2407 3960 2503 4031 μὲν
2546 3960 2575 4011 6
2629 3957 2993 4030 μεσημερινὸς
3032 3958 3213 4010 δοκεῖ⁸
3250 3957 3344 4011 καὶ
3386 3958 3632 4033 δεύτερος
3679 3962 3709 4013 6

2141 4055 2222 4116 εἰς
2255 4052 2344 4105 ίσα
2372 4052 2582 4120 τέμνων
2618 4050 2778 4121 μέρη,
2810 4048 3141 4118 καλούμενος
3172 4049 3368 4120 ὁρίζων
3389 4067 3403 4081 ⁸
3439 4053 3620 4122 τρίτος
3650 4054 3708 4106 δὲ

2144 4148 2173 4199 6
2209 4145 2429 4207 τούτους
2470 4140 2784 4211 ὲπιδιαιρῶν
2823 4140 3160 4213 ἰσημερινός·
3208 4142 3339 4212 παρ’
3380 4143 3614 4215 ἑκάτερα
3652 4143 3708 4197 δὲ

2143 4236 2331 4291 τούτου
2379 4234 2628 4306 τροπικοὶ
2661 4232 2774 4297 δύο,
2804 4230 3014 4304 θερινὸς
3050 4232 3145 4285 καὶ
3172 4234 3511 4304 χειμερινὸς⁹
3554 4234 3647 4287 καὶ
3680 4236 3708 4288 6

2148 4328 2244 4399 μὲν
2290 4326 2426 4396 πρὸς
2470 4326 2582 4388 τοῖς
2612 4321 2875 4394 ἀρκτίοις,
2901 4324 2930 4376 6
2969 4321 3026 4376 δὲ
3051 4322 3190 4394 πρὸς
3233 4325 3345 4387 τοῖς
3375 4324 3572 4388 νοτίοις
3614 4324 3711 4395 μέ-

2145 4435 2281 4490 ρεσι.
2301 4417 2515 4471 Τούτων
2531 4417 2560 4470 6
2580 4414 2867 4486 λεγόμενος
2881 4412 3044 4479 ἄξων,
3062 4414 3190 4485 περὶ
3216 4414 3273 4468 ὃν
3299 4414 3360 4468 αϊ
3380 4432 3439 4468 τε
3461 4417 3706 4488 Ἀρκτοι,

481 4689 627 4762 enim
645 4697 799 4762 certe
828 4706 1022 4748 sensus
1048 4691 1305 4762 postulat,
1330 4688 1683 4762 habebatque
1699 4686 1821 4742 Vat.
1849 4694 1903 4762 et
1928 4695 2043 4741 red-
2073 4700 2119 4760 ι)
2145 4687 2490 4762 συνέστηκεν,
2524 4688 2594 4745 ad
2632 4690 2860 4762 alterum
2886 4687 3030 4760 quod
3057 4703 3187 4762 mox
3216 4685 3710 4762 s_ubseq_qitur,_i_n-

481 4760 619 4815 didit
644 4758 950 4825 Possinius,
984 4757 1089 4818 etsi
1121 4762 1280 4831 longo
1313 4757 1604 4815 verborum
1636 4757 2036 4831 circumductu,

482 4832 769 4902 nihilipso
798 4834 1124 4902 necessario.
1162 4827 1521 4902 Allatiovero
1554 4830 1648 4902 qui
1675 4827 1937 4899 γηγενοῦς
1965 4830 2040 4883 le-

520 4910 595 4971 οι.
618 4899 737 4954 ἀντὶ
757 4901 850 4954 τοῦ
869 4903 1118 4971 γηγενές,
1146 4900 1453 4957 contrarius
1480 4899 1702 4954 omnino
1721 4914 1914 4953 sensus
1935 4907 2040 4963 est,

542 4971 636 5025 ihil
656 4986 828 5026 rerum
845 4971 1128 5026 caelestium
1156 4972 1372 5026 terrenis
1397 4972 1509 5025 esie
1534 4972 1812 5039 pretiosius
1831 4978 1922 5021 aut
1943 4985 2043 5021 an-

484 5042 713 5112 tiquius;
746 5044 891 5112 quod
927 5043 1110 5098 nescio
1142 5057 1210 5095 an
1244 5042 1338 5095 ulli
1369 5038 1645 5109 sapientiae
1679 5038 1835 5112 laude
1861 5039 2041 5112 aliqua

482 5110 687 5167 Graecis
717 5110 989 5168 celebrato
1024 5113 1081 5166 in
1121 5121 1357 5167 mentem
1399 5112 1627 5173 venerit,
1662 5117 1755 5163 aut
1793 5110 1867 5161 ita
1900 5110 2039 5162 scri-

521 5182 672 5237 serit.
699 5183 859 5238 Certe
884 5199 994 5238 non
1018 5181 1251 5246 Platoni,
1281 5197 1389 5234 non
1416 5180 1689 5234 Aristoteli
1717 5179 1903 5232 aliisve
1929 5180 2043 5248 phi-

521 5196 672 5237 sertt.
699 5196 859 5238 uerte
884 5199 994 5238 non
1018 5196 1251 5246 l’lalonl,
1281 5197 1389 5234 non
1416 5196 1689 5234 Al‘lSlOlell
1717 5196 1903 5232 auisve
1929 5196 2037 5248 pm-

480 5196 763 5321 fosophis;
794 5270 894 5308 nec
923 5269 1020 5323 par
1063 5252 1297 5323 videtur,
1336 5250 1572 5323 leviével
1618 5249 1911 5323 antiquarii
1955 5251 2037 5302 vel

480 5319 841 5378 exsc'ribentis
871 5319 1045 5393 lapsu,
1082 5331 1175 5375 aut
1206 5321 1365 5375 etiam
1394 5319 1818 5393 fallente‘oculo,
1845 5321 1898 5372 in
1926 5326 2037 5393 tam

482 5392 639 5445 devia
663 5388 1010 5462 interpretem
1039 5394 1145 5462 agi,
1176 5403 1270 5445 aut
1291 5406 1352 5446 ea
1375 5391 1583 5461 magnis
1602 5389 1852 5462 Patribus
1874 5388 2041 5443 ascri-

481 5462 759 5533 berepqute
784 5460 941 5533 nemo
961 5460 1107 5518 sana:
1128 5460 2033 5533 mentis‘somniaveritrthuasris.

552 5528 674 5603 (@9)‘
710 5535 770 5584 ’Ὀ
803 5532 878 5601 δὴ
911 5535 1233 5603 animum}.
1260 5549 1310 5586 τ.
1337 5531 1386 5585 λ.
1431 5528 1816 5603 Suppletauhic
1850 5530 2038 5603 mutila

480 5600 805 5655 ex'Leontio
835 5611 889 5657 et
911 5601 1119 5657 Joanne
1145 5601 1335 5656 Rerum
1368 5600 1642 5656 sacrarum
1674 5601 1764 5655 lib.
1803 5616 1856 5652 ιι.
1896 5601 2040 5651 Alla-

482 5672 592 5744 tius
611 5681 664 5744 et
680 5671 962 5728 Possinius
980 5689 1046 5727 ex
1068 5672 1361 5744 βούλει..
1386 5673 1706 5744 περιφέρεια
1723 5670 2036 5744 συνέστηκεν

484 5742 585 5813 ual
598 5743 658 5795 τὸ
682 5743 798 5795 κατ’
832 5744 997 5813 αὐτὴν
1023 5743 1172 5813 χάος.
1194 5741 1468 5797 Nimirum
1489 5741 1745 5796 librarius
1772 5741 1918 5793 illius
1945 5755 2039 5813 co-

483 5811 623 5869 dicis
651 5810 975 5884 cxscriptor',
1013 5810 1201 5867 oculos
1239 5822 1556 5868 convertens
1599 5830 1627 5865 ιι
1660 5814 1839 5881 priore
1873 5810 2036 5862 vcrl-o

2144 4756 2403 4813 termedia
2428 4762 2706 4829 praeteriit.
2740 4756 2993 4830 Idemque
3020 4759 3209 4812 vitium
3246 4759 3299 4811 in
3330 4756 3572 4830 codicem
3598 4756 3711 4830 lia-

2141 4826 2482 4901 zartnianuiu
2532 4832 2827 4901 irrepsisse
2859 4826 3073 4901 videtur
3104 4847 3117 4882 :
3146 4843 3321 4901 neque
3363 4828 3509 4882 enim
3546 4826 3713 4896 hujus

2142 4900 2455 4953 omissionis
2478 4899 2722 4955 meminit
2750 4900 2927 4955 editor
2958 4899 3252 4969 Lupareus.
3280 4900 3358 4952 lo.

2214 4970 2325 5040 (30)
2368 4969 2500 5022 Ἀπὸ
2522 4969 2627 5038 τῆς
2648 4967 3054 5039 περιφερείαςξ
3071 4969 3134 5022 Et
3152 4970 3239 5023 hic
3266 4967 3604 5040 ineptissime
3623 4985 3712 5021 πε-

2144 5038 2374 5110 ριφορᾶς
2401 5049 2538 5102 erat,
2572 5038 2811 5110 mihique
2846 5040 3165 5095 mutandum
3188 5039 3421 5110 indulsi:
3451 5038 3713 5110 graviori-

2143 5108 2247 5181 que
2266 5108 2461 5181 mendo
2476 5110 2706 5166 Allatius
2724 5108 2909 5174 πάσας
2937 5111 3034 5174 τὰς
3057 5109 3377 5181 περιφοράς,
3401 5108 3542 5181 ac_si
3567 5124 3717 5178 περι-

2144 5177 2307 5251 ᾠοραί
2338 5180 2491 5233 linea:
2515 5189 2719 5244 essent,
2746 5197 2865 5251 quae
2889 5183 2968 5235 sic
2997 5177 3155 5235 recta:
3175 5177 3419 5251 aequales
3435 5177 3575 5251 sint,
3603 5177 3713 5251 non

2144 5248 2438 5303 circulares
2470 5252 2570 5319 ipsi
2598 5248 2779 5307 motus
2799 5260 2853 5306 et
2885 5251 3137 5305 lationes.
3175 5248 3252 5303 Ex
3281 5265 3347 5302 eo
3376 5248 3542 5317 igitur
3568 5249 3713 5317 quod

2145 5320 2225 5373 sic
2258 5320 2405 5372 circa
2439 5328 2635 5374 terram
2666 5333 2725 5375 ut
2758 5331 3003 5375 centrum
3035 5321 3231 5374 coelum
3267 5334 3429 5372 omne
3458 5320 3711 5377 volvitur.

2142 5388 2369 5460 cujusin
2386 5406 2503 5444 eam
2528 5400 2583 5444 ut
2603 5393 2670 5445 ad
2703 5401 2949 5446 centrum
2969 5393 3203 5460 aequales
3224 5391 3336 5443 sint
3354 5389 3527 5460 linere,
3553 5396 3718 5457 atque

2144 5460 2280 5513 adeo
2305 5459 2620 5533 inﬂuentize,
2646 5463 2760 5533 ἀπὸ
2786 5462 2899 5533 τῶν
2926 5458 3285 5533 περιεχόντων
3307 5459 3468 5533 αὑτὸν
3487 5458 3713 5533 διακρα-

2144 5534 2229 5583 τεῖ
2254 5530 2462 5585 κύκλων
2492 5532 2659 5602 (quod
2688 5534 2867 5602 ipsum
2890 5532 2960 5584 ita
2988 5529 3271 5602 emendavi
3289 5530 3430 5602 om)
3461 5529 3711 5602 continet,

2146 5603 2471 5665 dominatur,
2496 5598 2787 5669 inﬂuant-iis
2811 5602 2962 5671 regit,
2984 5618 3017 5654 a
3038 5600 3250 5654 circulis
3280 5600 3450 5667 ipsum
3480 5598 3715 5671 ambien-

2144 5672 2283 5751 tibus
2303 5687 2470 5751 :_quae
2503 5668 3011 5751 mathematicorum
3050 5671 3300 5751 doctrina
3320 5677 3458 5751 _tain
3504 5668 3716 5751 erudite

2144 5739 2416 5795 Metltodio
2452 5743 2742 5809 explicata,
2791 5756 2956 5812 quam
3008 5743 3208 5798 misere
3240 5739 3502 5794 Vaticano
3546 5740 3716 5792 inter-

2143 5813 2279 5882 preti
2308 5813 2601 5880 discerpta.
2643 5812 2716 5865 Ιι).
3722 5822 3727 5843 ³
