4150 6454
430 373 538 441 tos
1489 385 1869 445 couvmuu
1907 386 2136 443 DECEM
2176 364 2535 447 vutomu'u.
2746 380 2747 383 ‘
3566 397 3672 454 tce

423 505 456 559 ὅ
497 521 559 558 τε
598 503 858 578 ἀρκτικὸς
891 506 1090 574 ἔξωθεν
1141 506 1279 578 ἔχων
1335 507 1427 561 τὸν
1471 509 1746 580 τροπικόν.
1798 507 1904 564 Καὶ
1949 527 1983 564 α

2107 512 2342 580 pertinet
2388 512 2482 583 qui
2539 512 2659 567 axis
2705 513 2925 578 dicitur,
2954 512 3103 570 circa
3156 530 3316 586 quem
3348 522 3672 588 torquentur

429 596 528 667 μὲν
564 597 811 669 Ἀρκτοι,
858 600 985 672 περὶ
1013 597 1181 662 αὑτὰς
1213 598 1571 670 στρεφόμεναι
1603 600 1698 653 καὶ¹
1721 598 1980 671 βρίθουσα

2106 600 2260 659 Ursa:
2290 618 2354 659 ac
2384 605 2624 660 circulus
2660 606 2922 671 arcticus,
2952 613 3106 661 extra
3141 623 3303 677 quem
3343 613 3557 678 positus
3589 618 3672 664 est

421 688 516 741 τὸν
544 688 633 743 διὰ
668 690 778 744 τῶν
810 689 987 746 πόλων
1028 690 1213 757 ἄξονα,
1244 691 1343 763 τὴν
1389 691 1485 745 τοῦ
1525 690 1727 755 παντὸς
1758 693 1983 765 ἀπεργά-

2102 694 2367 762 tropicus.
2404 694 2470 748 Et
2512 694 2663 751 Ursae
2695 696 2914 766 quidem
2971 712 3094 753 sese
3136 705 3329 752 mutuo
3369 714 3504 770 gyro
3548 715 3670 769 pero

425 778 610 846 ζονται
654 782 868 855 κίνησιν
917 783 1123 853 κόσμου
1146 822 1162 847 ,
1224 783 1366 838 κατὰ
1406 783 1505 848 τὰς
1549 782 1794 856 ἀλλήλων
1848 783 1983 849 ἰξύας

2104 792 2268 856 petuo
2302 794 2617 857 sequentes,
2657 789 2818 859 quasi
2868 788 3084 858 pondus
3128 791 3271 846 mole
3315 805 3415 846 sua
3460 800 3670 847 motum

424 870 647 959 ἔχουσα-ι
681 874 780 938 τὰς
816 874 1078 944 κεφαλὰς,
1114 875 1210 930 καὶ
1262 877 1520 949 ἄχραντοι
1550 876 1644 931 τοῦ
1688 877 1810 931 καθ’
1851 879 1983 949 ἡμᾶς

2100 878 2221 933 orbi
2280 880 2539 935 universo
2592 880 2932 951 imprimunt,
2987 880 3146 951 cujus
3196 884 3345 937 velut
3401 884 3670 953 gravitate

420 964 698 1036 ’ὁρίζοντος
730 962 906 1020 οὖσαι.
1280 974 1293 985 '

2100 971 2249 1028 circa
2282 972 2466 1042 polum
2496 988 2759 1045 axemque
2783 983 2996 1030 rotatur
3025 994 3038 1030 :
3064 992 3260 1047 nempe
3294 977 3485 1041 altera,
3512 977 3668 1047 juxta

422 1059 650 1117 alterius
678 1062 796 1129 ilia,
823 1063 1004 1133 capita
1046 1063 1314 1120 habentes
1340 1082 1355 1131 ;
1390 1064 1614 1120 intactae
1641 1078 1796 1136 teque
1820 1064 1992 1121 amba:
2021 1081 2052 1121 a
2085 1067 2414 1138 pervadente
2435 1069 2622 1124 orbem
2645 1068 2735 1124 cui
2758 1084 2861 1125 nos
2911 1069 3239 1136 insistimus,
3293 1070 3503 1126 circulo
3551 1070 3669 1125 ﬁni.

423 1163 565 1213 tore.

495 1250 600 1305 Τὸν
627 1252 893 1319 ζωδιακὸν
916 1253 973 1307 δὲ
1004 1255 1223 1310 πάντων
1254 1255 1590 1325 ἐφάπτεσθαι
1619 1256 1727 1319 τῶν
1754 1257 1989 1322 κύκλων,

422 1341 581 1415 λοξὴν
624 1346 942 1418 ποιούμενον
990 1348 1089 1421 τὴν
1142 1351 1383 1419 κίνησιν⁸
1436 1346 1577 1405 εἷναί
1625 1369 1685 1404 τε
1733 1353 1791 1405 ἐν
1844 1350 1993 1422 αὐτῷ

425 1435 631 1500 ζωδίων
660 1438 913 1511 ἀριθμὸν,
943 1441 979 1496 ἃ
1009 1442 1252 1496 καλεῖται
1287 1442 1732 1515 δωδεκατημόρια
1765 1442 1990 1508 δώδεκα,

424 1528 533 1582 ἀπὸ
579 1530 751 1601 Κριοῦ
775 1530 874 1603 τὴν
915 1532 1090 1605 ἀρχὴν
1126 1534 1316 1605 ἔχοντα
1350 1534 1510 1608 μέχρι
1544 1536 1651 1589 τῶν
1691 1537 1930 1608 Ἰχθύων,
1958 1536 1996 1590 ἃ

424 1620 844 1693 κατηστερίσθαι
897 1627 1223 1697 παριστᾶσιν
1276 1628 1558 1699 ἐχεμύθοις
1621 1628 1853 1693 αἰτίαις’
1902 1629 1995 1683 τὸν

427 1702 534 1781 μὲν
555 1712 725 1782 Κριὸν
754 1705 1052 1784 φάσκοντες
1071 1718 1162 1771 τὸν
1188 1718 1288 1790 τὴν
1317 1719 1515 1793 Ἕλλην
1543 1714 1685 1775 εἶναι
1707 1721 1805 1793 τὴν
1842 1721 1995 1776 Ἀθά-

429 1817 631 1873 μαντος
660 1804 1047 1877 διακομίσαντα
1077 1811 1170 1863 καὶ
1197 1809 1400 1883 Φρύξον
1445 1814 1527 1877 εἰς
1567 1812 1797 1877 Σκύθας*
1829 1813 1891 1867 τὸ
1935 1814 1993 1868 δὲ

424 1892 730 1965 Βούκρανον
761 1898 841 1962 εἰς
867 1898 1030 1971 τιμὴν
1059 1900 1202 1966 Διὸς,
1232 1901 1325 1955 τοῦ
1354 1902 1452 1975 τὴν
1477 1903 1748 1976 Εὐρώπην
1776 1904 1991 1978 Ταύρου

421 1985 919 2058 διαπραιώσαντος
949 1993 1029 2056 εἰς
1055 1992 1153 2065 τὴν
1182 1996 1436 2068 Κρήτηνο
1470 1997 1561 2051 καὶ
1597 1997 1690 2051 τὸν
1722 1997 1991 2070 καλούμε-

418 2094 514 2132 νον
532 2079 601 2133 δὲ
627 2080 892 2147 Γαλαξίαν
919 2083 1138 2150 κύκλον,
1177 2086 1236 2150 ὃς
1264 2088 1364 2159 τὴν
1396 2088 1571 2159 ἀρχὴν
1614 2088 1724 2143 ἀπὸ
1748 2088 1841 2143 τοῦ
1868 2107 1991 2144 συν-

422 2171 622 2245 δέσμου
668 2174 776 2228 τῶν
827 2176 1047 2248 Ἰχθύων
1078 2176 1170 2231 ἐπὶ
1214 2177 1305 2232 τὸν
1339 2179 1510 2251 Κριὸν
1552 2183 1717 2244 ποιεῖ,
1746 2180 1854 2235 ἀπὸ
1880 2181 1988 2236 τῶν

420 2258 520 2329 τῆς
559 2260 738 2332 ’Ἥρας
784 2262 972 2332 μαζῶν
1015 2263 1273 2336 Ἠρακλεῖ
1303 2265 1640 2338 προχὺθῆναι
1671 2266 1827 2336 λόγος
1864 2269 1987 2335 Διὸς

410 2352 633 2418 τταγαῖς.
672 2352 831 2406 Ὥστε
863 2353 984 2407 κατ’
1013 2355 1212 2419 αὐτοὺς
1240 2355 1347 2427 πρὸ
1370 2356 1469 2427 τῆς
1492 2356 1761 2430 Εὐρώπης
1788 2359 1820 2431 ἦ
1846 2354 1987 2430 Φρύέ-

421 2439 536 2508 ξου,
576 2441 669 2495 καὶ
717 2445 829 2497 τοῖν
870 2444 1232 2517 Διοσκούροιν,
1264 2447 1357 2500 καὶ¹
1388 2447 1500 2500 τῶν
1541 2447 1714 2501 ἄλλων
1756 2448 1981 2514 ζωδίων,

410 2528 529 2583 ’τῶν
564 2529 621 2597 ἐξ
676 2530 977 2603 ἀνθρώπων
1040 2534 1134 2587 καὶ
1183 2533 1364 2607 θηρῶν
1428 2538 1982 2609 καταπερισθέντων,

420 2622 576 2679 οὔπω
625 2626 836 2695 γένεσις
881 2623 983 2700 ἦν*
1028 2628 1164 2683 ἀλλὰ
1219 2631 1388 2702 χωρὶς
1442 2632 1709 2700 γενέσεως
1753 2632 1985 2686 ἐϐίωσαν

419 2716 579 2788 ήμῶν
610 2718 659 2770 οἰ
697 2718 1057 2790 παλαιότεροι.
1102 2722 1504 2793 Ἐπιχειρητέον
1535 2723 1645 2796 γὰρ
1689 2724 1885 2795 μήπως
1922 2724 1985 2778 τὸ

418 2806 611 2877 ψεῦδος
664 2809 992 2883 ἰσχύσωμεν,
1034 2810 1221 2884 ὥσπερ
1275 2814 1467 2886 ἰατροὶ,
1509 2819 1823 2890 φαρμάκοις
1871 2817 1981 2871 τῶν

416 2897 594 2966 λόγων
623 2901 992 2972 ἀμϐλύναντες
1009 2904 1270 2977 ἰατρικοῖς
1290 2907 1501 2974 σϐέσαι,
1525 2908 1650 2977 τῇδε
1680 2909 1977 2964 σκοποῦσαι

417 2989 518 3062 τὴν
548 2991 820 3064 ἀλήθειαν.

2164 1253 2283 1310 Jam
2336 1254 2613 1311 zodiacum
2649 1271 2746 1327 per
2771 1272 2962 1313 omnes
3001 1272 3061 1312 se
3086 1257 3366 1329 porrigere
3391 1262 3629 1318 circulos
3647 1302 3666 1330 ,

2096 1360 2298 1416 eosque
2331 1346 2579 1415 amplexu
2607 1347 2940 1416 contingere,
2963 1347 3185 1417 obliquo
3205 1348 3313 1403 late
3338 1356 3519 1405 meatu
3538 1366 3667 1423 pro-

2098 1437 2377 1492 cedentem
2410 1457 2422 1491 :
2468 1452 2698 1508 esseque
2733 1438 2786 1492 in
2810 1439 2914 1500 illo
2938 1438 3256 1493 animalium
3287 1440 3532 1511 insignes
3554 1442 3667 1497 for-

2097 1543 2239 1595 mas,
2268 1544 2388 1599 qure
2419 1529 2572 1599 signa
2597 1529 2886 1584 duodecim
2929 1537 3213 1595 vocantur,
3250 1530 3316 1585 ab
3357 1531 3539 1588 Ariete
3563 1533 3667 1588 du-

2096 1627 2184 1675 cto
2213 1620 2483 1691 principio
2505 1621 2560 1675 in
2581 1619 2768 1676 Pisces
2800 1620 3105 1677 desinentia
3133 1640 3146 1676 :
3198 1638 3318 1692 quae
3337 1623 3393 1677 in
3424 1624 3666 1680 siderum

2092 1712 2404 1783 pervenisse
2424 1727 2648 1767 censum
2675 1719 2920 1780 narrant,
2939 1711 3202 1768 fabulosis
3222 1728 3287 1767 ex
3304 1713 3509 1768 causis.
3526 1712 3661 1769 Nam

2091 1803 2330 1859 Arietem
2364 1804 2516 1859 illum
2556 1804 2734 1874 ipsum
2777 1819 2901 1860 esse
2945 1804 3099 1859 aiunt
3131 1804 3221 1875 qui
3259 1803 3448 1860 Hellen
3495 1806 3669 1861 Atha~

2093 1895 2294 1950 mantis
2336 1894 2500 1949 ﬁliam
2528 1910 2653 1950 cum
2700 1895 2916 1967 Phryxo
2942 1911 3038 1969 per
3067 1895 3226 1952 Ponti
3253 1895 3450 1952 fretum
3481 1905 3666 1955 trans-—

2094 1988 2242 2044 vexit
2289 1989 2357 2043 ad
2416 1987 2668 2060 Scythas.
2713 1987 2881 2043 Tauri
2912 1996 3113 2060 caput,
3144 1987 3295 2046 Jovis
3333 1991 3508 2061 gratia
3536 1992 3663 2046 coeli

2095 2079 2303 2136 honore
2350 2094 2415 2135 ac
2459 2083 2693 2137 statione
2741 2081 3001 2136 donatum
3037 2121 3053 2145 ,
3089 2060 3235 2153 quod
3273 2083 3322 2139 is
3350 2060 3457 2137 illa
3488 2083 3663 2139 forma

2092 2167 2346 2244 Europen
2379 2173 2435 2227 in
2463 2172 2682 2228 Cretam
2713 2174 3007 2244 trajecerit.
3031 2172 3289 2230 Lacteum
3317 2191 3536 2246 quoque
3556 2177 3665 2230 cir-

2091 2265 2277 2320 culum
2311 2265 2526 2320 initium
2559 2264 2850 2320 ducentem
2875 2281 2906 2319 a
2929 2265 3074 2320 nodo
3099 2264 3362 2333 Piscium,
3383 2266 3512 2321 hinc
3541 2282 3663 2323 sese

2089 2357 2328 2414 Arietem
2376 2373 2569 2414 versus
2615 2358 3002 2429 porrigentem,
3046 2372 3078 2411 a
3124 2355 3355 2412 lunonis
3401 2357 3664 2414 uberibus

2090 2450 2382 2505 candorem
2437 2449 2639 2504 habere
2680 2454 3006 2513 memorant,
3049 2462 3175 2503 cum
3222 2450 3338 2502 haec
3374 2446 3663 2503 Herculem

2090 2541 2296 2597 lactare
2316 2539 2469 2596 Jovis
2504 2540 2751 2611 imperiis
2784 2539 2974 2594 adacta
3003 2546 3167 2595 esset.
3203 2537 3390 2609 Itaque
3407 2538 3564 2610 juxta
3590 2539 3661 2592 il-

2090 2633 2195 2699 los,
2237 2640 2364 2688 ante
2398 2632 2651 2703 Europen
2676 2639 2731 2688 et
2752 2632 3028 2704 Phryxum
3055 2640 3109 2687 et
3134 2632 3413 2697 Castores,
3446 2632 3663 2702 aliaque

2093 2733 2284 2796 postea
2314 2725 2369 2780 in
2414 2725 2699 2780 zodiacum
2720 2740 2787 2779 cx
2817 2724 3130 2779 hominibus
3159 2730 3251 2777 aut
3295 2723 3484 2779 bestiis
3528 2739 3662 2779 con—

2090 2818 2326 2882 stellata,
2360 2818 2511 2873 nulla
2543 2817 2723 2871 adhuc
2753 2822 2872 2871 erat
2898 2817 3098 2872 natalis
3118 2814 3384 2883 fatalitas;
3437 2823 3492 2872 et
3541 2816 3662 2870 sine

2083 2906 2306 2963 fortuna
2362 2908 2624 2963 nascendi
2660 2906 2914 2961 vixerunt
2946 2905 3107 2977 primi
3150 2905 3227 2960 illi
3260 2905 3435 2960 nostri
3466 2899 3662 2976 proge-

2082 3002 2307 3058 nitores.
2336 3000 2534 3069 Quaeso
2561 3001 2730 3066 enim,
2754 3001 3092 3071 argumentis
3120 3006 3412 3062 tentemus,
3454 2995 3501 3052 si
3545 3010 3658 3064 quo

417 3082 582 3137 modo
611 3083 771 3139 liceat
789 3085 1124 3142 medicorum
1159 3100 1312 3144 more
1339 3086 1652 3145 salubribus
1688 3101 2002 3146 sermonum
2039 3092 2321 3158 remediis,
2368 3091 2641 3148 mendacii
2702 3089 2812 3145 vim
2869 3102 3241 3161 compressam
3273 3088 3657 3157 exstinguere,

403 3177 548 3233 hinc
574 3177 687 3233 fere
713 3179 1027 3235 adoriendo.

417 3294 547 3351 CAP.
571 3295 688 3352 XV.
720 3296 1040 3367 Argumenta
1069 3316 1103 3355 a
1133 3298 1236 3370 [uti
1276 3307 1329 3355 et
1366 3289 1612 3374 genes'eos
1639 3302 1890 3424 nzvitatc.
1922 3300 2155 3357 Aureum
2186 3315 2367 3424 gelngs,
2403 3297 2566 3368 prisci
2600 3295 2854 3351 homines.
2883 3295 3209 3365 Argumenta
3239 3292 3494 3348 adversus
3536 3310 3659 3348 ma-

1650 3382 1667 3424 ι
1705 3383 1976 3424 ειηαιιοοε.
2006 3388 2135 3424 sane
2174 3387 2275 3424 σοι
2314 3387 2369 3423 a.

1650 3382 1976 3437 thematicos,
2006 3388 2135 3428 sane
2174 3382 2369 3425 soluta.

488 3485 554 3539 Εἰ
581 3488 831 3556 κρεῖσσον
857 3483 924 3559 ἦν
954 3487 1014 3541 τὸ
1046 3488 1151 3542 ὑπὸ
1179 3489 1390 3558 γένεσιν
1418 3485 1557 3544 εἶναι
1601 3492 1727 3554 τοὺς
1777 3489 1983 3562 ἀνθρώ-

2161 3488 2219 3543 Si
2250 3487 2445 3543 melius
2478 3493 2615 3552 erat,
2651 3500 2685 3540 o
2714 3482 2927 3548 miseri,
2953 3481 3106 3537 nasci
3125 3480 3376 3537 homines
3406 3467 3657 3539 subditos

421 3594 577 3643 πούς,
623 3572 669 3633 ὦ
717 3580 973 3649 σχέτλιοι,
1006 3579 1100 3633 τοῦ
1150 3582 1224 3651 μὴ
1259 3577 1420 3645 εἶναι,
1449 3583 1515 3637 δι’
1549 3583 1616 3654 ἢν
1655 3584 1835 3638 αἰτίαν
1882 3584 1985 3637 οὐκ

413 3669 666 3736 αὐτόθεν,
718 3670 811 3740 ἀφ’
857 3663 1030 3740 οὗπερ
1067 3668 1169 3738 ἔφυ
1217 3669 1278 3724 τὸ
1319 3670 1474 3740 γένος
1502 3673 1611 3726 τῶν
1661 3672 1982 3745 ἀνθρώπων,

417 3763 634 3832 γένεσις
661 3760 760 3833 ἦν;
789 3762 853 3815 Εἰ
888 3760 945 3814 δὲ
974 3755 1064 3833 ἦν,
1097 3762 1182 3826 τίς
1209 3763 1243 3833 ἡ
1273 3762 1431 3836 χρεία
1453 3760 1561 3813 τῶν
1583 3757 1841 3825 ὑπόγυιον
1858 3773 1983 3811 κατ-

415 3855 846 3928 αστερισθέντων
869 3896 885 3922 ,
935 3852 1515 3926 Δέοντος,”Καρκίνου,
1545 3853 1811 3925 Διδύμων,
1834 3855 1984 3927 Παρ-

417 3943 593 4011 θένου,
636 3942 873 4016 Ταύρου,
922 3945 1119 4015 Ζυγοῦ,
1160 3947 1450 4017 Σκορπίου,
1500 3945 1693 4017 Κριοῦ,
1733 3947 1979 4014 Τοξότου,

428 4033 669 4106 Ἰχθύων,
715 4035 1015 4108 Αίγόκερω,
1063 4036 1368 4109 Ὑδροχόου,
1420 4038 1691 4112 Περσέως,
1742 4040 1981 4094 Κασσιο-

406 4128 596 4194 πείας,
625 4129 882 4201 Κηφέως,
914 4129 1192 4201 Πηγάσου,
1231 4131 1453 4203 Ὕδρου,
1507 4131 1776 4204 Κόρακος,
1830 4134 1981 4205 Κρα-

362 4274 363 4277 η
412 4220 600 4293 τῆρος,
644 4221 846 4292 Δύρας,
897 4223 1217 4294 Δράκοντος,
1269 4226 1364 4277 καὶ
1410 4224 1519 4278 τῶν
1564 4225 1760 4289 ἄλλων,
1795 4224 1853 4291 ἐξ
1903 4217 1978 4279 ὧν

416 4310 724 4382 εἰσηγεῖσθε
752 4312 1272 4384 κατακοσμηθέντας
1313 4314 1439 4379 τοὺς
1473 4313 1701 4380 πολλοὺς
1732 4314 1981 4388 κατειλη-

416 4403 572 4473 φέναι
620 4402 720 4474 τὴν
763 4402 1146 4475 μαθηματικὴν
1195 4402 1419 4474 ταύτην,
1472 4403 1670 4475 μᾶλλον
1711 4404 1769 4458 δὲ
1815 4422 1981 4460 κατα-

415 4492 716 4566 θεματικὴν
753 4492 1094 4565 πρόγνωσιν;
1138 4493 1295 4546 Ἤτοι
1324 4487 1417 4546 οὖν
1468 4493 1565 4547 καὶ
1613 4494 1706 4546 ἐπὶ
1730 4493 1837 4547 τῶν
1883 4493 1981 4564 ἐμ-

415 4584 652 4658 προσθεν
683 4583 894 4655 γένεσις
916 4580 1005 4656 ἦν,
1029 4584 1123 4638 καὶ
1151 4583 1377 4656 μάταιος
1408 4584 1442 4656 ὴ
1470 4582 1673 4639 τούτων
1698 4584 1976 4648 σύστασις*

412 4678 447 4750 ἢ
484 4678 587 4732 οὐκ
620 4671 709 4749 ἦν,
743 4677 839 4731 καὶ¹
886 4676 966 4740 εἰς
1010 4677 1109 4748 τὴν
1159 4676 1447 4749 κρείσσονα
1504 4677 1837 4731 κατάστασιν
1886 4676 1980 4730 καί¹

412 4769 684 4841 διαγωγὴν
717 4770 745 4823 ὁ
772 4768 905 4833 Θεὸς
927 4769 1019 4822 τὸν
1053 4769 1165 4839 βίον
1195 4768 1513 4840 μετέστησε,
1537 4768 1646 4822 τῶν
1675 4766 1978 4840 ἔμπροσθεν

2084 3582 2253 3637 natali
2284 3580 2554 3644 fatalitati,
2573 3593 2736 3649 quam
2763 3577 2831 3631 ab
2859 3576 2951 3630 illa
2977 3574 3202 3642 liberos,
3226 3574 3417 3646 quidni
3447 3576 3516 3631 ab
3535 3576 3657 3646 ipso

2083 3673 2335 3746 protinus
2381 3670 2571 3735 initio,
2610 3685 2737 3724 cum
2776 3668 3014 3740 primum
3053 3667 3301 3722 homines
3327 3681 3449 3723 esse
3480 3681 3657 3738 cmpe-

2082 3772 2233 3832 runt,
2285 3761 2482 3819 natalis
2530 3761 2623 3816 illa
2660 3761 2775 3830 jam
2819 3757 3056 3815 fatalitas
3094 3758 3238 3812 fuit?
3272 3757 3431 3824 Quod
3452 3758 3498 3812 Si
3541 3758 3655 3829 jam

2082 3861 2235 3919 erat,
2267 3854 2398 3925 quid
2427 3853 2538 3908 illis
2569 3866 2740 3923 opus,
2767 3867 2890 3924 qua;
2928 3865 3078 3905 nunc
3110 3863 3303 3903 recens
3333 3847 3476 3902 inter
3507 3857 3655 3903 astra

2082 3948 2288 4005 relata:
2319 3944 2449 4009 Leo,
2467 3944 2697 4007 Cancer,
2718 3942 2957 4009 Gemini,
2977 3940 3166 4013 Virgo,
3197 3938 3434 4003 Taurus,
3466 3939 3651 4006 Libra,
3723 3949 3730 3957 ‘

2084 4034 2364 4106 Scorpius,
2392 4035 2572 4098 Aries,
2620 4033 2971 4104 Sagittarius,
3007 4031 3219 4109 Pisces,
3249 4029 3649 4099 Capricornus,

2080 4127 2379 4200 Aquarius,
2423 4126 2691 4190 Perseus,
2727 4125 3043 4195 Cassiepea,
3075 4123 3346 4194 Cepheus,
3371 4120 3650 4193 Pegasus,

2080 4220 2284 4295 Hydra,
2310 4221 2543 4286 Corvus,
2574 4219 2786 4284 Crater,
2820 4218 2983 4289 Lyra,
3009 4215 3216 4279 Draco,
3265 4223 3319 4270 et
3350 4214 3455 4269 alia
3498 4216 3651 4285 ejus-

2078 4313 2262 4378 modi,
2319 4327 2552 4382 quorum
2583 4309 3060 4367 observationibus
3101 4306 3348 4363 eruditos
3377 4321 3489 4361 non
3515 4322 3654 4377 pau-

2080 4416 2175 4459 cos
2201 4402 2410 4458 docetis
2438 4400 2878 4458 mathematicam
2912 4400 3071 4455 istam
3100 4398 3250 4470 (imo
3286 4397 3469 4468 potius
3501 4407 3652 4454 cata-

2077 4494 2424 4550 thematicam
2450 4494 2695 4565 dirisque
2714 4492 2968 4547 omnibus
2998 4488 3403 4560 devovendam)
3431 4504 3649 4560 praeno-

2077 4588 2282 4643 tionem
2324 4595 2516 4643 nactos
2552 4586 2716 4642 esse?
2759 4585 2869 4639 Aut
2905 4584 3071 4658 igitur
3128 4585 3426 4655 primorum
3483 4584 3646 4640 etiam

2077 4679 2390 4735 mortalium
2433 4693 2549 4734 aevo
2576 4678 2775 4735 natalis
2804 4678 2917 4748 jam
2945 4684 3066 4733 erat
3094 4675 3363 4744 fatalitas;
3392 4675 3648 4747 proinde-

2078 4782 2184 4838 que
2226 4769 2436 4825 inutilis
2474 4769 2577 4823 fuit
2614 4769 2732 4827 haec
2762 4769 3080 4825 animalium
3111 4770 3168 4824 in
3192 4771 3363 4826 etelos
3387 4770 3596 4825 evectio
3626 4786 3644 4822 :

413 4840 970 4935 χείρονανβιωσόιντων
1003 4860 1212 4930 χρόνον.
1259 4858 1419 4913 Ἀλλὰ
1464 4858 1744 4931 κρείττους
1786 4858 1837 4911 οἰ
1869 4873 1975 4910 πα-

2085 4864 2172 4912 aut
2193 4873 2324 4915 sane
2349 4874 2460 4914 non
2487 4867 2640 4926 erat,
2674 4846 2873 4932 resque
2930 4859 3076 4917 Deus
3125 4862 3392 4917 humanas
3438 4858 3647 4915 meliori

410 4952 680 5024 λαιότεροι
739 4949 849 5003 τῶν
901 4947 1026 5003 νῦν·
1076 4949 1200 5003 ὅθεν
1251 4950 1347 5006 καὶ
1390 4948 1624 5022 χρυσοῦν
1674 4948 1977 5021 ἐκλήθησαν

412 5045 589 5114 γένος.
612 5043 728 5098 Οὐκ
756 5043 865 5116 ἄρα
887 5042 922 5114 ἡ
954 5039 1186 5111 γένεσις.

2080 4956 2225 5004 statu
2249 4950 2479 5006 subinde
2503 4953 2752 5015 mutavit,
2785 4967 2851 5007 ac
2880 4953 3091 5023 potiore
3126 4953 3518 5026 gubernatione
3543 4956 3645 5008 do-

2082 5041 2267 5107 navit,
2314 5057 2440 5098 cum
2474 5043 2642 5113 prisci
2681 5045 2779 5100 aevi
2817 5044 3068 5101 homines
3098 5046 3546 5101 miserabiliorem
3572 5045 3650 5101 vi—

411 5146 522 5193 tam
567 5136 886 5196 duxissent,
934 5134 1100 5205 Atqui
1144 5134 1356 5191 felicior
1395 5134 1611 5190 illorum
1655 5132 1787 5200 fuit,
1845 5145 2009 5204 quam
2062 5140 2252 5190 nostra
2295 5142 2555 5206 nepotum
2601 5137 2882 5193 conditio:
2931 5137 3077 5195 unde
3107 5145 3164 5194 et
3201 5150 3425 5192 aureum
3474 5148 3650 5206 genus

412 5235 721 5289 audierunt.
749 5229 867 5286 Non
924 5243 1055 5301 ergo
1090 5237 1176 5286 est
1204 5231 1398 5286 natalis
1437 5229 1697 5286 fatalitas.

481 5324 545 5376 Εἰ
592 5324 621 5377 δ
662 5322 833 5394 ἥλιος,
880 5321 1237 5376 καθιππεύων
1282 5321 1409 5386 τοὺς
1457 5320 1689 5384 κύκλους
1726 5319 1837 5393 (51)
1880 5322 1977 5376 καὶ

411 5417 869 5490 ἐπιπορευόμενος
918 5415 1155 5487 ἐτησίοις
1204 5415 1274 5470 τὰ
1316 5415 1481 5481 ζώδια
1534 5414 1823 5487 περιόδοις,
1875 5415 1976 5481 τὰς

479 5552 593 5625 (3i)
618 5551 993 5625 Καθιππεύων
1006 5553 1133 5625 τοὺς
1147 5552 1400 5625 κύκλους.
1416 5551 1783 5625 Perequjtuns,
1800 5549 1979 5625 obiens

410 5620 594 5681 zonas.
620 5623 824 5704 Insigni
844 5622 1129 5704 Possinius
1160 5623 1447 5704 μαθήσεως
1470 5620 1726 5704 captaa;
1746 5662 1761 5687 ,
1810 5620 1979 5704 cingo!

408 5692 804 5766 supercquitans
833 5692 1060 5766 circulos
1074 5733 1104 5766 ,_
1143 5692 1303 5766 quasi
1336 5692 1528 5766 circuli
1548 5692 1605 5747 et
1625 5692 1777 5766 zonae
1796 5731 1814 5757 ,
1846 5692 1980 5747 illis-

406 5762 513 5835 que
536 5762 786 5833 ascriptae
798 5765 987 5835 stella,
1004 5764 1108 5835 soli
1131 5762 1369 5835 subsint,
1385 5764 1606 5832 haecque
1628 5762 1710 5817 sol
1731 5764 1787 5835 in
1808 5776 1978 5832 equo-

405 5833 530 5893 rum
559 5849 766 5892 morem
793 5833 1103 5904 inscendat,
1129 5833 1471 5905 subindeque
1499 5835 1603 5889 alia
1624 5842 1680 5890 et
1707 5833 1815 5888 alia
1852 5847 1976 5887 mu-

2153 5313 2212 5371 Si
2232 5316 2315 5372 sol
2330 5317 2677 5388 perequitans
2694 5318 2948 5383 circulos,
2970 5323 3025 5371 et
3038 5315 3234 5370 annuis
3263 5314 3419 5385 signa
3450 5316 3647 5375 obiens

2081 5407 2320 5480 periodis
2339 5447 2354 5475 ,
2387 5408 2717 5465 mutationes
2741 5409 2921 5474 etﬁcit,
2953 5407 3448 5477 conversionesque
3469 5414 3647 5468 statas

2084 5556 2181 5616 tet,
2215 5548 2297 5604 uti
2338 5548 2450 5604 fere
2478 5561 2756 5611 cursores,
2789 5561 2887 5617 per
2914 5545 3051 5617 alias
3084 5545 3326 5617 aliasque
3357 5544 3643 5617 stationes.

2081 5613 2294 5703 At‘quis
2313 5620 2478 5674 solem
2499 5619 2766 5703 planelam
2786 5613 3016 5676 nesciat,
3047 5613 3306 5703 stellifero
3333 5616 3453 5703 orbi
3488 5616 3648 5684 longe

2082 5684 2409 5759 subjectum,
2425 5684 2629 5759 quique
2650 5686 2786 5740 adeo
2802 5701 2912 5739 non
2935 5686 3329 5759 superequitet,
3353 5684 3447 5739 sed
3471 5700 3649 5759 magis

2078 5753 2388 5829 subequitet
2428 5753 2686 5820 circulos,
2719 5764 3122 5829 rwrcunatque
3154 5753 3376 5829 oblique
3416 5753 3520 5821 sub
3563 5753 3648 5810 eis

2079 5824 2322 5903 gyrando
2345 5829 2560 5901 aliaque
2585 5843 2653 5885 ex
2683 5824 2806 5883 aliis
2834 5827 2990 5897 signa
3024 5824 3286 5899 legendot
3318 5824 3605 5880 (Ζοιιιιεειε.
