4150 6450
478 347 577 404 167

1403 341 1464 399 S.
1507 342 1839 400 METRODII
1879 343 2188 404 EPISCOPI
2229 347 2315 405 ΕΤ
2361 347 2724 405 MARTYKIS

3644 349 3749 404 168

480 473 782 538 temporum
823 463 1063 532 reducit;
1097 462 1322 534 quinam
1347 475 1477 535 ergo
1497 502 1514 528 ,
1545 438 1637 533 qui
1674 471 1962 535 antequam
1989 466 2064 521 si-

2170 445 2470 538 μεέαϐολάς
2505 466 2758 520 ἀποτελεῖ
2787 466 2883 519 καὶ
2915 463 3012 528 τάς
3042 464 3252 535 τροπὰς
3287 463 3396 516 τῶν
3434 463 3665 536 καιρῶν,
3699 465 3749 518 oi

481 575 583 631 gna
607 559 660 612 in
687 558 824 612 cmlo
841 556 1264 622 collocarentur,
1296 555 1474 626 iisque
1497 556 1630 610 illud
1649 566 2058 626 perornaretur,

479 652 822 714 exstiterunt,
866 648 1048 704 vivere
1087 657 1413 720 potuerunt;
1445 665 1570 702 cum
1601 649 1832 704 necdum
1863 659 2059 717 aestas,

477 751 795 803 autumnus,
831 740 1028 805 hiems,
1056 757 1152 796 ver
1173 740 1409 796 discreta
1425 747 1632 808 essent,
1656 755 1887 810 quorum
1921 749 2064 795 tem-

480 842 734 906 peratura
767 833 1016 904 corporis
1063 833 1273 888 indoles
1300 841 1532 904 augetur
1555 847 1620 886 ac
1673 832 2064 887 conﬁrmatur?

477 927 639 998 Atqui
657 927 932 996 vixerunt,
957 926 1418 998 longaevioresque
1439 940 1503 980 ac
1529 924 1870 980 robustiores
1895 924 2066 980 duras

480 1030 632 1084 runt,
664 1037 828 1092 quam
854 1020 950 1090 qui
1001 1034 1148 1074 nunc
1193 1019 1428 1073 vivimus
1457 1037 1471 1073 :
1502 1018 1665 1072 simili
1697 1019 1907 1072 ratione
1949 1025 2062 1071 tum

479 1129 699 1184 quoque
731 1112 841 1168 Deo
875 1121 1120 1183 tempora
1147 1112 1487 1182 disponente.
1520 1109 1637 1164 Non
1666 1110 1834 1188 igitur
1863 1110 2063 1163 cmlum

479 1204 815 1275 ejuscemodi
837 1205 1024 1276 ﬁguris
1043 1219 1106 1258 ac
1131 1218 1227 1275 per
1244 1219 1338 1258 eas
1360 1202 1697 1269 occasiones,
1721 1201 1950 1258 subinde
1980 1201 2065 1254 in-

484 1298 828 1352 terstinctum
855 1310 919 1350 ac
952 1295 1221 1348 variatum
1252 1295 1374 1349 fuit.

557 1384 615 1440 Si
647 1386 730 1442 sol
758 1394 812 1441 et
837 1385 968 1438 luna
995 1399 1057 1438 ac
1085 1385 1256 1440 stellae
1277 1384 1396 1439 aliae
1416 1392 1694 1455 astraque,
1711 1383 1776 1439 ad
1803 1384 2066 1454 temporis

483 1477 902 1550 distinguendos
951 1476 1361 1547 servandosque
1389 1492 1646 1531 numeros
1663 1477 1730 1540 ⁸³,
1765 1487 1820 1530 et
1847 1476 1912 1529 ad
1941 1475 2066 1530 cmli

484 1579 738 1626 ornatum
761 1571 1019 1641 vicesque
1048 1576 1435 1639 tempestatum
1461 1567 1797 1623 inducendos
1825 1567 2064 1627 condita.

483 1663 668 1717 divina
702 1669 849 1726 sunt,
887 1673 941 1717 et
975 1677 1138 1732 quam
1171 1677 1271 1731 pro
1315 1661 1553 1714 humana
1595 1645 1907 1715 conditione
1930 1675 2069 1730 prae-

483 1755 782 1822 stantiora;
814 1754 1127 1810 necessario
1147 1753 1223 1819 lit,
1248 1753 1682 1823 praestantiorem
1706 1753 1819 1807 haec
1849 1768 2067 1823 quoque

480 1848 648 1901 vitam
685 1856 740 1903 et
775 1847 992 1902 beatam
1018 1855 1184 1916 atque
1211 1846 1584 1916 tranquillam,
1608 1847 1872 1916 longeque
1895 1845 2063 1914 justi—
2095 1835 2137 1890 Β

481 1941 570 1996 tite
585 1955 649 1994 ac
667 1939 882 1995 virtutis
905 1940 1147 2006 dotibus,
1172 1947 1364 1994 nostra
1382 1939 1485 1993 hac
1503 1939 1802 2000 meliorem,
1829 1938 2025 2009 degere
2046 1957 2059 1993 :

481 2047 604 2102 qua:
631 2029 1223 2101 composito'l'elicique
1258 2037 1410 2083 motu
1446 2044 1505 2084 se
1536 2037 1806 2084 moveant.
1845 2027 1939 2082 Sin
1973 2044 2064 2083 au-

481 2131 591 2178 tem
631 2121 958 2177 mortalibus
1001 2119 1239 2175 cladium
1281 2120 1661 2190 malorumque
1705 2121 2060 2175 consiliorum

482 2221 734 2270 auctores
755 2223 904 2280 sunt,
935 2221 1241 2284 vacantque
1263 2213 1619 2283 impudicitiis
1650 2229 1715 2268 ac
1737 2215 1860 2269 vita:
1890 2224 2064 2268 muta-

482 2307 726 2363 tionibus
762 2306 1100 2379 tragicisque
1129 2305 1352 2361 casibus
1393 2304 1739 2374 ingerendis;
1771 2306 1931 2376 plane
1964 2307 2066 2361 mi-

483 2399 803 2456 serabiliore
834 2398 1150 2455 hominibus
1175 2405 1321 2453 sorte
1347 2405 1498 2462 sunt,
1529 2415 1651 2468 qua:
1674 2400 1726 2453 in
1753 2407 1955 2454 terram
1983 2398 2064 2454 fa-

487 2491 734 2561 talesque
753 2505 816 2545 ac
843 2489 1082 2546 nefarios
1119 2497 1275 2546 actus
1308 2489 1608 2556 attendant,
1638 2506 1737 2544 nec
1767 2490 2062 2560 quidquam

489 2584 683 2640 melius
703 2583 861 2640 nobis
883 2583 1047 2639 vitam
1070 2592 1284 2654 regant,
1307 2581 1748 2654 quandoquidem
1777 2583 1846 2638 ab
1873 2598 2061 2639 eorum

483 2673 704 2732 deﬂuxu
731 2691 797 2731 ac
823 2683 976 2732 motu
1005 2683 1196 2731 nostra
1225 2674 1496 2746 dependet
1511 2675 1644 2730 vita.

2167 559 2276 630 πρὸ
2321 557 2415 611 τοῦ
2464 555 2958 628 καταστερισθῆναι
2997 554 3066 608 τά
3101 553 3266 618 ζώδια
3300 555 3606 624 γεγονότες,
3655 559 3750 610 καὶ

2163 650 2506 720 κοσμηθῆναι
2550 648 2758 711 τούτοις
2799 649 2890 701 τὸν
2945 646 3194 719 οὐρανὸν,
3262 647 3381 710 πῶς
3429 647 3747 720 διήρκεσαν,

2165 739 2392 812 μηδέπω
2435 740 2646 811 θέρους,
2701 739 3042 811 μετοπώρου,
3097 738 3388 810 χειμῶνος,
3429 739 3592 812 ἔαρος
3636 740 3751 795 δια-

2163 832 2524 905 κεκριμένων,
2559 832 2624 885 δι’
2647 824 2722 886 ὧν
2753 833 2786 902 ή
2824 831 2917 884 τοῦ
2953 830 3203 902 σώματος
3237 830 3462 896 αὔξεται
3498 833 3593 886 καὶ
3621 851 3750 902 συγ-ι

2164 928 2444 998 κρατεῖται
2478 925 2676 994 φύσιςς
2731 923 2876 977 Ἀλλ·
2905 922 3228 994 ἐξήρκεσαν.
3263 923 3358 978 καὶ
3388 925 3751 996 πολυχρονιώ-

2164 1037 2312 1091 τεροι
2349 1019 2607 1088 γεγόνασι
2652 1018 2748 1071 καὶ
2798 1015 3218 1088 ῥωμαλεώτεροι
3271 1017 3424 1088 παρά
3469 1019 3596 1082 τοὺς
3627 1019 3745 1081 νῦν,

2163 1109 2367 1178 ὁμοίως
2398 1110 2493 1162 καὶ
2521 1108 2643 1162 τότε
2665 1107 3039 1171 διευθύναντος
3065 1108 3190 1171 τοὺς
3219 1110 3445 1176 καιροὺς
3468 1109 3561 1162 τοῦ
3589 1109 3745 1164 Θεοῦ.

2167 1202 2280 1254 υύκ
2312 1201 2420 1272 ἄρα
2450 1202 2514 1255 ἐκ
2543 1201 2801 1256 τοιούτων
2831 1203 2861 1255 ὁ
2893 1201 3119 1272 οὐρανὸς
3149 1200 3498 1256 πεποίκιλται
3533 1203 3748 1274 σχημά-

2165 1309 2293 1346 των.

2237 1388 2300 1440 El
2343 1387 2372 1439 ὁ
2413 1386 2562 1458 ἣλιος
2603 1388 2698 1441 καὶ
2729 1388 2762 1459 ἡ
2801 1387 2996 1460 σελήνη
3033 1386 3126 1440 καὶ
3155 1388 3224 1441 τά
3271 1387 3408 1444 ἄλλα
3451 1389 3647 1461 ἀστρα,
3681 1389 3748 1445 τά

2166 1480 2245 1544 είς
2269 1479 2546 1552 διορισμὸν
2571 1481 2662 1534 καὶ
2691 1479 2938 1552 φυλακὴν
2967 1480 3218 1552 ἀριθμῶν
3236 1481 3428 1551 χρόνου
3461 1481 3745 1550 γεγονότα,

2167 1573 2262 1626 καὶ
2289 1573 2491 1644 κόσμον
2537 1572 2792 1645 ούρανοῦ,
2827 1574 2920 1627 καὶ
2951 1573 3158 1644 τροπὰς
3206 1572 3435 1644 καιρῶν,
3470 1573 3589 1626 θεῖά
3630 1575 3746 1627 ἐστι

2167 1667 2262 1720 καὶ
2295 1667 2526 1738 κρείττω
2559 1667 2666 1720 τῶν
2697 1667 2998 1739 ἀνθρώπων
3017 1708 3033 1731 ,
3079 1668 3292 1737 ἀνάγκη
3323 1667 3417 1720 καὶ
3461 1668 3749 1738 κρείττονα

2172 1759 2287 1830 βίον
2337 1760 2430 1813 καὶ
2471 1760 2741 1832 μακάριον
2781 1760 2924 1813 αὑτά
2966 1760 3060 1812 καὶ
3102 1759 3401 1830 εἰρηνικὸν,
3438 1760 3532 1813 καὶ
3567 1759 3747 1832 πολλῷ

2164 1850 2259 1904 τοῦ
2289 1851 2555 1924 ἡμετέρου
2581 1852 2697 1922 βίου
2718 1851 3098 1905 διαλλάττοντα
3118 1850 3433 1922 δικαιοσύνῃ
3456 1852 3550 1904 καὶ
3577 1853 3747 1924 ἀρετῇ

2162 1943 2390 2012 διάγειν,
2424 1945 2716 2015 κινούμενα
2745 1945 2960 2016 κίνησιν
2991 1943 3251 1998 εὗτακτον
3297 1944 3392 1998 καὶ
3420 1944 3711 2016 εὐδαίμονα
3730 1961 3743 1974 ·

2165 2039 2213 2089 εί
2241 2036 2296 2089 δὲ
2319 2036 2427 2089 τῶν
2461 2037 2672 2107 θνητῶν
2703 2036 2989 2107 συμφορὰς
3018 2036 3110 2089 καὶ
3153 2035 3566 2107 κακοφροσύνας
3612 2035 3751 2089 αύτά

2164 2128 2525 2191 τεκταίνεται,
2571 2129 2666 2182 καὶ
2708 2131 2923 2200 ἐνεργεῖ
2965 2128 3092 2201 περὶ
3125 2130 3223 2193 τάς
3269 2128 3556 2198 ἀσελγείας
3588 2128 3750 2198 ἀσχο-

2165 2219 2420 2292 λούμενα,
2472 2221 2568 2274 καὶ
2607 2219 2705 2284 τὰς
2751 2221 3052 2292 μεταϐολάς
3095 2221 3189 2275 καὶ
3222 2221 3426 2292 τροπάς
3469 2219 3563 2273 τοῦ
3599 2219 3745 2290 βίου,

2167 2311 2276 2384 ἀρα
2319 2310 2624 2384 ἀθλιώτερα
2653 2311 2763 2364 τῶν
2807 2311 3110 2383 ἀνθρώπων
3155 2313 3324 2376 ἐστὶν,
3371 2313 3451 2375 είς
3495 2312 3595 2381 τὴν
3641 2310 3748 2379 γῆν

2172 2403 2458 2474 βλέποντα,
2487 2403 2584 2456 καὶ
2613 2402 2713 2466 τὰς
2745 2403 3045 2473 ἐπικήρους
3067 2403 3162 2456 καὶ
3185 2404 3458 2474 ἀθέσμους
3489 2401 3740 2473 πράξεις,

2171 2494 2268 2548 καὶ
2307 2495 2476 2566 μηδὲν
2520 2497 2765 2566 κρεῖττον
2813 2494 2921 2548 τῶν
2957 2494 3260 2566 ἀνθρώπων
3310 2495 3582 2562 διάγοντα,
3631 2493 3748 2562 είγι

2168 2588 2268 2658 τῆς
2297 2587 2517 2642 ἐκείνων
2545 2587 2844 2660 ἀπορροίας
2871 2588 2966 2642 καὶ
2989 2589 3257 2660 κινήσεως
3294 2589 3323 2642 ό
3351 2588 3618 2660 ἡμέτερος
3649 2587 3748 2659 ἧρ-

2167 2696 2327 2751 τηται
2359 2679 2490 2750 βίος.

1219 2789 1352 2846 CAP.
1385 2787 1527 2845 XVI.
1556 2789 1685 2844 Alia
1723 2791 1997 2859 complura
2019 2791 2075 2844 in
2103 2793 2310 2850 eosdem
2343 2796 2744 2852 mathematicos
2773 2797 2994 2850 intorta.

558 2871 695 2942 Cum
722 2885 908 2942 nullus
937 2885 1145 2958 absque
1173 2885 1377 2958 praevio
1405 2885 1725 2956 cupiditatis
1749 2885 1942 2941 all‘ectu
1972 2901 2066 2941 ac-

421 3017 423 3019 -
484 2987 580 3035 tus
609 2978 734 3045 ﬁat,
765 2993 942 3049 neque
966 2993 1098 3034 vero
1136 2978 1412 3050 cupiditas
1451 2977 1671 3033 aliunde
1699 2979 1772 3032 sit
1802 2993 1964 3048 quam
1997 2979 2066 3033 ab

2241 2893 2307 2946 Εί
2333 2895 2484 2946 πᾶσα
2517 2893 2716 2965 πρᾶξις
2745 2893 2916 2964 χωρὶς
2944 2891 3238 2962 ἐπιθυμίας
3269 2893 3332 2946 ού
3366 2893 3594 2962 γίνεται,
3624 2895 3748 2949 οὐδὲ

2173 2985 2279 3057 μὴν
2311 2985 2574 3056 ἐπιθυμία
2615 2986 2782 3058 χωρὶς
2813 2987 3023 3050 ἐνδείας
3042 3002 3056 3016 ·
3102 2985 3347 3049 ἀνενδεὲς
3373 2985 3428 3038 δὲ
3460 2985 3521 3039 τὸ
3549 2987 3703 3039 Θεῖον
3728 3004 3740 3015 ·

487 3067 824 3138 indigentia;
889 3066 1032 3123 Deus
1083 3076 1265 3123 autem
1288 3068 1405 3138 ipse
1466 3068 1671 3122 nullius
1717 3076 1904 3137 egeat,
1964 3081 2064 3122 nec

2169 3078 2489 3150 ἀνεννόητον
2536 3079 2646 3150 ἀρα
2693 3077 2992 3150 πονηρίας·
3046 3078 3142 3131 καὶ
3192 3079 3240 3132 εί
3285 3080 3318 3149 ἡ
3374 3077 3482 3131 τῶν
3529 3079 3747 3150 ἄστρων

484 3157 713 3231 proinde
738 3158 907 3214 ullius
947 3166 1138 3214 auctor
1162 3168 1256 3214 aut
1285 3160 1629 3215 machinator
1660 3160 1946 3230 pravitatis
1971 3176 2067 3214 ex-

485 3253 680 3319 sistat;
701 3267 936 3322 cumque
959 3267 1153 3308 rursus
1182 3251 1424 3307 siderum
1448 3261 1640 3306 natura
1662 3252 1860 3306 divina:
1889 3251 2066 3307 allinis

483 3344 557 3398 sit
591 3343 782 3413 illique
804 3344 1037 3399 vicinior
1063 3345 1287 3415 '(nempe
1317 3344 1752 3416 praestantiorum
1784 3344 2066 3398 hominum

480 3438 683 3492 virtute
731 3437 1138 3509 prastantior),
1175 3453 1278 3493 nec
1319 3438 1440 3509 ipsa
1484 3439 1627 3492 mala
1659 3438 1950 3494 molientur
1972 3445 2068 3493 aut

483 3531 668 3600 aliquo
695 3529 1042 3602 indigebunt.

551 3619 840 3686 Praterea,
868 3637 1030 3677 nemo
1054 3637 1242 3678 eorum
1264 3621 1468 3693 quibus
1490 3631 1670 3678 ratum
1699 3631 1785 3684 est
1809 3623 1980 3680 solem
2011 3633 2068 3680 et

482 3711 669 3767 lunam
707 3720 761 3768 et
803 3714 990 3768 stellas
1013 3712 1230 3768 divinas
1258 3727 1348 3768 res
1379 3728 1523 3777 esse,
1555 3722 1644 3768 eat
1674 3713 1919 3784 profecto
1945 3714 2069 3769 inﬁ—

483 3808 611 3872 tias,
635 3807 823 3876 procul
855 3806 1020 3862 etiam
1050 3822 1081 3860 a
1105 3807 1312 3862 malitia
1337 3806 1452 3862 hate
1475 3805 1792 3880 abhorrere,
1821 3816 1874 3864 et
1903 3823 1932 3861 a
1965 3817 2070 3864 ter-

422 3923 424 3926 ·
485 3915 744 3956 renorum
771 3900 986 3954 actibus
1010 3910 1218 3954 remota
1247 3916 1391 3965 esse,
1423 3901 1478 3955 in
1497 3915 1619 3972 qua:
1647 3915 1747 3955 nec
1774 3901 2068 3970 voluptatis

485 3992 722 4058 all'ectio,
753 4007 854 4048 nec
878 3992 1084 4050 doloris
1105 3993 1266 4048 cadat
1295 4013 1308 4049 :
1341 4010 1444 4050 nec
1466 3997 1610 4051 enim
1634 3995 1946 4050 coelestibus
1974 4011 2068 4066 pu-

487 4084 667 4140 dcnda
697 4084 812 4139 haec
842 4084 1114 4141 desideria
1143 4094 1466 4157 competunt
1494 4095 1550 4142 et
1581 4088 1936 4144 exsecrandae
1977 4103 2070 4158 ap-

487 4177 794 4248 petitiones.
823 4177 879 4232 Si
911 4186 1092 4234 autem
1117 4187 1272 4235 extra
1293 4195 1357 4236 ea
1382 4191 1531 4244 sunt,
1558 4197 1659 4235 nec
1681 4181 1789 4236 ulla
1817 4182 2069 4237 laborant

484 4279 744 4342 egestate,
770 4272 902 4343 quid
934 4287 1119 4329 causae
1147 4280 1233 4328 est
1262 4288 1362 4328 cur
1393 4274 1720 4329 mortalibus
1750 4289 1939 4329 eorum
1970 4289 2070 4328 au-

482 4373 667 4422 ctores
704 4367 834 4430 sint,
880 4381 1002 4437 qua:
1035 4381 1138 4422 nec
1181 4367 1289 4422 illis
1339 4367 1617 4422 arrideant
1645 4375 1700 4422 et
1750 4377 1904 4423 extra
1947 4383 2066 4439 quae

486 4456 662 4527 posita
692 4457 960 4512 nobiliore
990 4457 1172 4513 indole
1198 4467 1455 4528 praestent

557 4545 621 4600 Hi
655 4562 821 4618 porro
843 4545 937 4616 qui
960 4545 1232 4602 hominem
1264 4547 1478 4602 arbitrii
1510 4545 1767 4600 facultate
1789 4559 1897 4600 non
1925 4561 2064 4615 prae-

484 4638 658 4695 ditum
690 4654 812 4695 esse
833 4646 1118 4705 statuunt,
1155 4639 1251 4696 sed
1283 4639 1578 4694 inevitabili
1609 4639 1705 4692 fati
1736 4639 2062 4694 necessitate

481 4733 763 4804 iussisque
796 4748 906 4788 non
935 4735 1158 4806 scriptis
1187 4733 1320 4790 ferri
1347 4734 1542 4804 agique
1569 4733 1863 4788 humanam
1893 4732 2058 4786 vitam

486 4825 752 4891 sentiunt,
787 4825 843 4880 in
866 4825 1042 4897 ipsum
1065 4827 1215 4897 impii
1250 4841 1315 4881 ac
1334 4825 1522 4897 injurii
1540 4831 1668 4882 sunt
1685 4822 1877 4888 Deum,
1895 4838 2060 4894 quem

485 4920 756 4975 malorum
817 4919 1181 4976 humanorum
1237 4927 1517 4976 auctorem
1544 4925 1599 4975 et
1625 4918 1935 4974 ellectorem
1975 4917 2060 4972 la-

482 5013 655 5069 ciunt.
701 5011 758 5067 Si
792 5009 938 5068 enini
968 5011 1210 5069 siderum
1238 5014 1559 5070 universum
1589 5012 1913 5067 circularem
1943 5025 2062 5065 mo-

483 5111 634 5168 tum,
686 5103 830 5159 Deus
871 5103 1023 5174 ipse,
1065 5119 1171 5174 qua
1203 5117 1365 5158 nemo
1396 5101 1663 5172 sapientia
1707 5100 1857 5156 dicat
1884 5108 1978 5154 aut
2004 5099 2058 5153 vi

480 5194 681 5250 mentis
708 5195 994 5266 intelligat,
1030 5193 1306 5248 modulate
1338 5191 1643 5263 dispensat,
1677 5189 1918 5246 universi
1945 5189 2058 5242 cla-

483 5304 607 5343 vum
624 5289 932 5345 rectissime
948 5289 1288 5359 gubernans;
1315 5293 1461 5341 astra
1475 5299 1603 5341 vero
1623 5284 1739 5338 vitii
1761 5289 1924 5354 atque
1946 5281 2058 5336 vir-

479 5381 617 5437 tutis
644 5381 938 5452 qualitates
975 5385 1227 5435 humanm
1254 5379 1380 5433 vitae
1415 5379 1690 5448 ingerunt,
1720 5391 1841 5447 qua:
1865 5373 2057 5430 videli-

478 5483 567 5529 cet
601 5475 943 5530 necessitatis
962 5471 1198 5528 vinculis
1225 5469 1472 5525 homines
1503 5469 1556 5523 in
1585 5483 1649 5523 ea
1679 5468 1922 5530 trahant,
1949 5466 2052 5520 uti-

481 5583 588 5638 que
643 5567 913 5621 malorum
963 5574 1242 5622 auctorem
1283 5579 1347 5619 ac
1388 5562 1654 5634 originem
1684 5560 1853 5616 Deum
1886 5558 2049 5613 ascri-

483 5657 649 5720 bunt;
689 5657 933 5711 omnium
986 5664 1168 5711 tamen
1197 5654 1440 5726 judicio,
1473 5653 1678 5708 nullius
1727 5665 1883 5705 noxa:
1917 5649 2058 5705 Deus

484 5755 676 5802 auctor
701 5753 812 5801 est.
846 5745 1181 5816 Explodatur
1206 5761 1336 5816 ergo
1365 5744 1544 5799 fatalis
1573 5741 1889 5798 necessitas.

552 5864 596 5894 ⁸³
627 5860 754 5915 Gen.
781 5876 819 5925 ι,
853 5860 942 5917 17.

2168 3171 2332 3241 φύσις
2373 3171 2652 3243 ἐγγυτέρω
2694 3170 2950 3224 τέτακται
2979 3169 3136 3233 Θεοῦ,
3173 3168 3436 3241 κρείττων
3472 3165 3606 3222 οὖσα
3644 3169 3744 3238 τῆς

2165 3263 2276 3317 τῶν
2302 3261 2632 3333 κρειττόνων
2642 3259 2942 3334 ἀνθρώπων
2967 3259 3196 3332 ἀρετῆς·
3227 3257 3522 3328 ἀνεννόητα
3548 3257 3747 3318 κακίας

2167 3355 2286 3409 ἐστὶ
2309 3355 2404 3410 καὶ
2433 3355 2652 3426 ἀνενδεῆ
2685 3354 2754 3408 τὰ
2783 3353 2978 3424 ἄστρα.

2240 3622 2350 3679 Καὶ
2381 3621 2576 3684 ἄλλως,
2619 3618 2726 3682 πᾶς
2770 3617 2901 3689 ἡμῖν
2942 3614 3267 3686 ὁμολογήσει
3293 3610 3402 3666 τῶν
3437 3611 3746 3681 πεπεισμέ-

2167 3734 2274 3770 νων
2300 3715 2391 3768 τὸν
2437 3713 2586 3784 ἥλιον
2634 3711 2728 3763 καὶ
2769 3708 2868 3779 τὴν
2913 3707 3142 3778 σελήνην
3196 3705 3290 3759 καὶ
3337 3705 3463 3767 τοὺς
3510 3702 3745 3774 ἀστέρας

2167 3805 2305 3862 εἶναι
2336 3807 2473 3871 θεῖα,
2512 3803 2605 3858 καὶ
2646 3801 2862 3872 μακρὰν
2896 3797 3204 3869 ἀπῳκίσθαι
3238 3795 3454 3859 κακίας,
3499 3795 3592 3847 καὶ
3634 3793 3743 3846 τῶν

2167 3897 2416 3969 γηγενῶν
2460 3893 2712 3966 πράξεων
2757 3891 3082 3946 ἀνεπίδεκτα
3126 3887 3330 3950 πάθους
3376 3886 3571 3957 ἡδονῆς
3619 3886 3746 3938 ὄντα

2167 3988 2262 4042 καὶ
2285 3985 2486 4056 λύπης·
2518 3984 2579 4037 οῦ
2605 3982 2714 4054 γὰρ
2742 3982 3022 4052 προσεῖναι
3049 3981 3161 4041 τοῖς
3191 3976 3460 4049 οὐρανίοις
3491 3976 3747 4038 τοιαύτας

2166 4078 2373 4153 ὀρέξεις
2409 4076 2718 4148 βδελυκτάς.
2764 4075 2827 4126 Εἰ
2858 4072 2915 4125 δὲ
2961 4069 3164 4124 τούτων
3207 4069 3365 4131 ἐκτὸς
3395 4068 3490 4121 καὶ
3522 4067 3745 4139 ἀνενδεῆ

2167 4171 2468 4242 πεφύκασι,
2501 4169 2617 4234 πῶς
2648 4169 2760 4231 τοῖς
2788 4163 3116 4236 ἀνθρώποις,
3155 4162 3191 4216 ἃ
3225 4161 3300 4233 μὴ
3337 4161 3490 4214 αὐτοὶ
3528 4159 3749 4231 βούλον-

2166 4281 2278 4328 ται,
2313 4263 2408 4316 καὶ
2438 4254 2511 4316 ὧν
2539 4258 2695 4322 ἐκτός
2722 4258 2848 4322 εἰσι,
2885 4252 3285 4315 τεκταίνονται;

2241 4530 2303 4586 Οἱ
2333 4528 2389 4582 δὲ
2421 4524 2728 4598 ὁριζόμενοι
2755 4522 2846 4576 τὸν
2878 4520 3174 4592 ἄνθρωπον
3209 4517 3282 4589 μὴ
3321 4512 3458 4570 εἶναι
3493 4515 3747 4580 αὐτεξού-

2171 4641 2305 4687 σιον,
2343 4618 2456 4673 ἀλλ’
2489 4617 2754 4685 ἀνάγκαις
2795 4613 3059 4683 ἀφύκτοις
3106 4608 3458 4681 Εἱμαρμένης
3498 4608 3748 4676 λέγοντες

2168 4710 2503 4778 οἰακίζεσθαι
2542 4708 2636 4762 καὶ
2679 4705 2949 4778 ἀγράφοις
2986 4701 3424 4773 προστάγμασιν,
3473 4701 3551 4762 είς
3585 4697 3748 4752 αὑτὸν

2167 4810 2425 4869 ἀσεϐοῦσι
2463 4807 2553 4860 τὸν
2591 4803 2746 4867 Θεὸν,
2795 4797 3126 4872 παρεκτικὸν
3175 4795 3337 4850 αὑτὸν
3382 4793 3489 4846 τῶν
3537 4791 3747 4862 ἀνθρω-

2169 4904 2339 4958 πίνων
2374 4899 2558 4955 κακῶν
2585 4895 2678 4948 καὶ
2712 4891 2939 4964 ποιητὴν
2966 4887 3367 4960 είσηγούμενοι.
3406 4885 3467 4937 Εί
3500 4883 3610 4954 γὰρ
3636 4882 3748 4934 τῶν

2169 4997 2413 5068 ἀστέρων
2462 4995 2679 5049 ἃπασαν
2722 4985 2987 5056 κυκλικὴν
3035 4983 3245 5053 κίνησιν
3279 4976 3531 5049 ἐμμελῶς
3583 4975 3746 5068 αύτὸς

2166 5091 2430 5163 ἀφράστῳ
2469 5085 2630 5157 σοφίᾳ.
2681 5083 2775 5136 καὶ
2819 5076 3123 5147 ἀνεννοήτῳ
3161 5073 3357 5133 διέπει,
3403 5067 3746 5123 κατευθύνων

2164 5162 2256 5238 Στὸν
2286 5182 2449 5238 οἴακα
2484 5181 2584 5252 τῆς
2615 5174 2940 5247 οἰκουμένης
2961 5188 2973 5200 ·
3008 5171 3058 5223 oi.
3100 5169 3156 5222 δὲ
3187 5165 3416 5236 ἀστέρες
3459 5163 3558 5226 τὰς
3590 5162 3743 5215 ποιό-

2165 5296 2332 5351 τητας
2362 5277 2462 5348 τῆς
2498 5274 2695 5337 κακίας
2732 5269 2826 5325 καὶ
2855 5269 2958 5340 τῆς
2989 5263 3191 5337 ἀρετῆς
3219 5259 3498 5314 ἐκτελοῦσι
3517 5257 3594 5327 τῷ
3618 5257 3742 5351 βίῳ,

2165 5349 2409 5442 ἀνάγκης
2434 5369 2652 5440 δεσμοῖς
2680 5366 2804 5428 τοὺς
2829 5359 3150 5431 ἀνθρώπους
3174 5355 3420 5414 ἕλκοντες
3443 5354 3521 5415 εἰς
3549 5349 3738 5402 ταῦτα·

2163 5465 2334 5520 αἴτιον
2361 5461 2470 5516 τῶν
2499 5459 2682 5514 κακῶν
2714 5457 2804 5510 τὸν
2843 5453 2976 5507 Θεὸν
3015 5448 3405 5518 ἀποφαίνονται
3437 5447 3531 5498 καὶ
3561 5445 3738 5513 δίτηψ

2165 5557 2278 5611 ἀλλ’
2313 5555 2553 5618 ἀναίτιος
2586 5554 2718 5606 πᾶσι
2753 5549 2934 5619 πάσης
2984 5541 3188 5615 βλάϐης
3221 5543 3250 5595 ὁ
3287 5537 3439 5602 Θεός.
3484 5537 3598 5591 Οὐκ
3634 5536 3744 5609 ἄρα

2167 5652 2399 5720 γένεσις.
