4150 6400
362 375 461 432 169
1428 373 1807 432 CONVIVIUM
1849 371 2077 430 DECEM
2114 369 2474 427 VIRGINUM.
3478 380 3580 435 {70

424 494 539 556 Πᾶς
567 492 712 556 ὅστις
737 491 840 546 κᾶν
875 490 1048 563 βραχὺ
1080 489 1298 553 συνετὸς
1316 489 1638 562 ὁμολογήσει
1660 490 1751 545 τὸν
1780 491 1910 544 Θεὸν

2080 483 2338 556 Quisquis
2359 484 2443 541 vel
2471 485 2694 540 minima
2722 486 2852 541 boni
2874 502 3069 543 sensus
3102 491 3365 560 particula
3396 508 3583 566 asper-

353 584 575 652 ἀγαοδν,
623 583 847 648 δίκαιον,
897 583 1077 652 σοφὸν,
1129 579 1322 651 ἀληθῆ,
1355 580 1648 652 ὠφέλιμον,
1680 581 1911 636 ἀναίτιον

2020 590 2113 632 sus
2129 585 2231 640 est,
2255 574 2512 631 fatebitur
2528 577 2710 632 statim
2727 576 2937 632 Numen
2951 579 3190 635 divinum
3215 582 3415 639 bouum
3438 601 3579 650 esse,

354 676 559 740 κακῶν,
586 676 930 747 ἀσύμπλοκον
952 676 1173 740 πάθους,
1203 676 1297 730 καὶ
1324 676 1430 729 πᾶν
1456 676 1507 729 εἴ
1530 693 1583 728 τι
1611 674 1719 746 ('52)
1740 674 1911 728 τοιοῦ-

2014 668 2221 737 justum
2241 707 2255 734 ,
2293 668 2512 737 sapiens
2533 708 2548 733 ,
2577 684 2740 724 verax
2764 710 2778 735 ,
2808 686 2991 725 rerum
3029 673 3354 731 utilitatibus
3383 692 3584 734 consu—

351 786 462 826 τον.
492 770 603 823 Καὶ
627 770 676 822 εί
700 770 747 822 οἱ
776 768 971 822 δίκαιοι
998 767 1282 841 κρείσσους
1311 768 1416 822 εἰσὶ
1437 769 1546 822 τῶν
1578 768 1797 831 ἀδίκων,
1826 769 1911 822 καὶ

2016 758 2155 822 lens,
2191 758 2612 831 haudquaquam
2645 762 2910 816 malorum
2944 771 3221 820 auctorem
3243 809 3258 833 ,
3287 768 3454 824 nullis
3482 770 3585 825 im~

352 860 497 915 ἐστιν
524 862 707 925 αὐτοῖς
736 862 770 931 ἡ
805 860 987 914 ἀδικία
1014 859 1273 930 βδελυκτή
1294 877 1307 890 ’
1339 859 1520 931 χαίρει
1553 859 1610 912 δὲ
1638 860 1666 912 6
1693 858 1824 921 Θεὸς
1849 860 1911 929 τῇ

2016 850 2275 919 plicatum
2305 852 2519 906 vitiosis
2551 852 2866 919 affectibus,
2903 869 2965 910 ac
2996 857 3040 911 si
3066 858 3194 926 quid
3223 859 3341 928 ejus
3370 862 3585 928 generis

349 955 665 1028 δικαιοσύνῃ
709 953 913 1017 δίκαιος
944 952 1069 1018 ὢν,
1132 953 1371 1025 στυγητὴ
1423 951 1569 1022 αὐτῷ
1622 953 1657 1022 ὴ
1714 951 1911 1016 ἀδικία,

2016 953 2119 997 est.
2148 940 2265 996 Jam
2294 943 2340 998 si
2363 945 2561 1013 etjuSIi
2580 946 2830 1002 meliores
2852 948 3073 1019 injustis
3105 959 3252 1017 sunt,
3278 953 3466 1023 eisque
3489 970 3586 1010 ex-

353 1047 590 1102 ὲναντίον
629 1042 762 1101 οὖσα
801 1048 893 1100 καλ⁵
937 1044 1128 1118 ἐχθρὸν
1171 1047 1237 1117 τῇ
1278 1044 1587 1116 δικαιοσύνῃ
1611 1061 1624 1076 ο
1666 1045 1763 1097 οὐκ
1809 1044 1911 1115 69a

2017 1034 2310 1088 secrationi
2343 1035 2610 1105 iujustitia
2663 1037 2924 1106 habetur;
2958 1040 3225 1113 Dcusque,
3259 1044 3458 1115 quippe
3488 1046 3583 1116 qui

350 1137 560 1203 ἀδικίας
589 1137 757 1202 αἴτιος
785 1138 813 1192 6
840 1137 990 1203 Θεός.

420 1403 483 1456 Εἰ
511 1402 572 1455 τὸ
606 1400 848 1471 ὠφελοῦν
878 1402 1092 1464 πάντως
1123 1401 1270 1456 ἐστὶν
1297 1400 1494 1469 ἀγαθόν
1512 1417 1526 1431 ο
1559 1400 1830 1472 ὠφέλιμον
1858 1402 1913 1456 δὲ

353 1492 673 1565 σωφροσύνη
716 1493 809 1546 καὶ
854 1492 1007 1560 οἴκῳ,
1056 1493 1150 1548 καὶ⁸
1196 1492 1293 1563 βίῳ
1334 1494 1428 1547 καὶ
1467 1492 1674 1562 φίλοις’
1714 1493 1914 1561 ἀγαθὸν

354 1586 462 1658 ἀρα
482 1587 626 1641 ἐστὶν
654 1589 685 1657 ἡ
726 1585 1065 1658 σωφροσύνη.
1109 1587 1218 1639 Καὶ
1258 1588 1306 1640 εί
1337 1588 1370 1658 ἡ
1405 1584 1724 1659 σωφροσύνη
1756 1587 1914 1654 φύσει

349 1676 571 1747 ἀγαθὸν,
595 1677 854 1732 ἀκολασία
878 1677 934 1730 δὲ
959 1678 1197 1732 ἐναντίον
1232 1678 1570 1751 σωφροσύνῃ·
1596 1678 1656 1731 τὸ
1684 1679 1741 1732 δὲ
1766 1681 1916 1731 ὲναν-

347 1769 459 1825 τίον
499 1769 576 1842 τῷ
608 1769 793 1841 ἀγαθῷ
834 1770 1027 1824 κακόν·
1074 1770 1241 1824 κακὸν
1284 1771 1389 1843 ἀρα
1421 1772 1454 1842 ἡ
1489 1771 1769 1825 ἀκολασία.
1804 1772 1913 1824 Καὶ

2010 1125 2193 1194 justus
2216 1126 2309 1191 sit,
2328 1129 2525 1198 gaudet
2550 1131 2793 1200 justitia;
2824 1133 2984 1203 plane
3010 1134 3333 1202 injustitiam
3362 1155 3581 1196 exosam

2016 1214 2201 1281 habet,
2227 1233 2348 1287 qua:
2374 1217 2601 1288 justitiae
2630 1220 2970 1287 adversetur,
3001 1223 3178 1294 sitque
3210 1225 3288 1279 illi
3321 1227 3539 1283 inimica
3567 1245 3582 1282 :

2016 1322 2126 1362 non
2157 1317 2240 1364 est
2275 1310 2439 1381 igitur
2465 1310 2608 1369 Deus
2634 1324 2826 1368 auctor
2860 1315 3160 1385 injustitim.

2089 1398 2147 1453 Si
2198 1401 2344 1470 quod
2395 1402 2682 1459 utilitatem
2719 1413 2965 1475 prmstat,
2998 1410 3184 1480 utique
3226 1413 3426 1469 bonum
3457 1424 3582 1474 est:

2014 1498 2234 1563 prmstat
2249 1505 2426 1550 autem
2450 1498 2678 1552 castitas
2700 1506 2753 1554 et
2774 1499 2959 1555 domui
2984 1510 3036 1557 et
3060 1506 3264 1560 mundo
3280 1516 3334 1562 et
3354 1509 3546 1566 amicis
3566 1531 3580 1567 :

2016 1584 2161 1638 bona
2208 1587 2395 1656 utique
2441 1597 2525 1644 est
2562 1591 2808 1646 castitas.
2858 1593 3013 1659 Quod
3036 1594 3084 1650 si
3111 1606 3303 1655 natura
3332 1600 3472 1656 bona
3501 1608 3587 1658 est

2014 1676 2255 1741 castitas,
2277 1678 2514 1735 castitati
2537 1695 2666 1735 vero
2682 1681 2894 1736 luxuria
2909 1687 3180 1741 contraria
3203 1696 3305 1755 est,
3325 1691 3377 1746 id
3404 1702 3584 1749 autem

2014 1773 2099 1823 est
2124 1770 2348 1836 malum,
2377 1771 2522 1840 quod
2552 1773 2695 1828 bono
2725 1777 3057 1831 contrarium
3079 1786 3183 1845 est,
3211 1782 3455 1852 sequitur
3470 1799 3589 1839 ma-

346 1863 397 1916 εί
432 1862 466 1929 ἡ
494 1861 758 1917 ἀκολασία
799 1860 957 1931 φύσει
999 1859 1187 1924 κακὸν,
1216 1861 1356 1914 κατά
1384 1860 1676 1914 ἀκολασίαν
1707 1859 1763 1914 δὲ
1800 1878 1911 1932 μοι-

2019 1858 2125 1913 lam
2144 1875 2267 1917 esse
2289 1862 2578 1917 luxuriam.
2600 1863 2753 1931 Quod
2782 1866 2826 1921 si
2857 1868 3072 1923 luxuria
3089 1882 3283 1927 natura
3305 1876 3446 1929 mala
3469 1882 3585 1945 est;

346 1956 490 2027 χεῖαι
552 1954 790 2022 γίνονται
831 1954 925 2008 καὶ
976 1952 1174 2007 κλοπαὶ
1217 1952 1311 2006 καὶ¹
1358 1953 1519 2025 ὀργαὶ
1576 1953 1669 2008 καὶ
1725 1953 1908 2022 φόνοι·

348 2046 504 2115 φύσει
534 2046 641 2117 ἄρα
671 2045 836 2098 κακόν
863 2047 1007 2098 ἐστιν
1032 2047 1059 2098 ὁ
1093 2043 1388 2107 ἀκόλαστος
1418 2042 1548 2113 βίος.
1581 2042 1654 2096 Τὸ
1682 2043 1737 2096 δὲ
1759 2043 1912 2097 Θεῖον

348 2136 532 2191 κακῶν
560 2137 910 2210 ἀσύμπλοκον
940 2136 1201 2207 πέφυκεν.
1239 2136 1350 2189 Οὐκ
1374 2134 1482 2207 ἄρα
1514 2135 1725 2204 γένεσις

416 2317 481 2370 Et
512 2318 561 2370 οἱ
597 2315 870 2389 σώφρονες
903 2316 1143 2387 βελτίους
1182 2317 1288 2370 εἰσὶ
1331 2315 1440 2369 τῶν
1486 2317 1758 2390 ἀκρατῶν,
1819 2320 1910 2372 καὶ

347 2407 493 2462 ἐστιν
533 2409 715 2471 αὐτοῖς
747 2410 780 2479 ή
820 2409 1057 2480 ἀκρασία
1086 2408 1344 2479 βδελυκτὴ
1365 2426 1378 2438 ·
1418 2408 1597 2481 χαίρει
1623 2409 1679 2462 δὲ
1720 2410 1748 2461 6
1780 2402 1911 2474 Θεὸς

345 2505 409 2574 τῇ
439 2501 780 2574 σωφροσύνῃ,
810 2500 996 2555 παθῶν
1030 2501 1345 2573 ἀνεννόητος
1383 2500 1456 2554 ῶν
1476 2518 1489 2532 ·
1536 2501 1775 2573 στυγητὴ
1802 2501 1911 2575 69a

346 2592 539 2665 καὶτῷ
564 2592 681 2665 Θεῷ
708 2597 741 2665 ἡ
780 2594 1039 2666 ἀκρασία.
1082 2594 1203 2647 Ὅτι
1228 2595 1286 2648 δὲ
1318 2597 1350 2666 ἡ
1387 2593 1530 2648 κατά
1555 2592 1911 2665 σωφροσύνην

345 2683 569 2756 πρᾶξις,
604 2683 771 2757 ἀρετὴ
811 2681 965 2752 οὖσα,
995 2685 1258 2756 κρείττων
1295 2686 1411 2738 ἐστὶ
1440 2685 1538 2755 τῆς
1569 2682 1711 2738 κατά
1740 2684 1911 2754 ἀκρα-

347 2774 485 2839 σίαν,
517 2774 714 2836 κακίας
743 2771 931 2845 ούσης,
969 2774 1159 2845 μαθεῖν
1190 2773 1336 2827 ἔστιν
1359 2773 1466 2828 ἀπὸ
1500 2772 1778 2844 βασιλέων,
1803 2772 1910 2826 ἀπὸ

344 2864 641 2937 ἀρχόντων,
676 2865 786 2917 ἀπὸ
829 2864 1163 2937 στρατηγῶν,
1202 2865 1309 2919 61:6
1347 2863 1639 2935 γυναικῶν,
1673 2864 1781 2919 61:6
1819 2864 1909 2917 τὲ-

347 2974 508 3023 κνων,
534 2957 644 3011 ἀπὸ
664 2957 914 3022 πολιτῶν,
946 2958 1053 3011 61:6
1075 2958 1368 3025 δεσποτῶν,
1398 2958 1506 3012 ἀπὸ
1530 2957 1775 3023 οἰκετῶν,
1801 2957 1909 3010 ἀπὸ

345 3050 727 3120 παιδαγωγῶν,
756 3049 862 3104 61:6
897 3050 1227 3104 διδασκάλων
1250 3068 1263 3082 ’
1312 3051 1542 3116 ἕκαστος
1566 3052 1674 3123 γάρ
1703 3050 1908 3105 τούτων

346 3144 439 3196 καλ¹
460 3142 636 3217 ἐαυτῷ
658 3144 750 3197 καὶ
776 3142 852 3214 τῷ
878 3142 1038 3213 κοινῷ
1065 3142 1338 3214 ὠφέλιμος
1363 3143 1570 3212 γίνεται
1593 3144 1904 3216 σωφρονῶν*

2012 1968 2109 2023 per
2138 1969 2256 2009 eam
2289 1967 2469 2012 autem
2504 1957 2640 2013 ﬁunt
2692 1960 2957 2016 adulteria
2979 2002 2992 2023 ,
3029 1961 3207 2029 furta,
3233 1965 3447 2037 jurgia,
3479 1982 3589 2024 cae--

2011 2044 2146 2100 des:
2199 2054 2394 2103 natura
2436 2064 2565 2120 ergo
2619 2052 2820 2107 malum
2862 2055 3086 2109 estvita
3120 2046 3398 2114 luxuriosa
3419 2067 3471 2115 et
3501 2062 3588 2115 in-

2011 2140 2340 2205 temperans.
2394 2136 2647 2193 Divinum
2689 2148 2869 2197 autem
2910 2140 3122 2199 Numen
3152 2147 3308 2202 malis
3339 2149 3587 2220 implica-

2014 2231 2127 2279 tum
2159 2243 2269 2282 non
2299 2236 2404 2285 est.
2433 2225 2772 2300 Explodatur
2799 2247 2931 2303 ergo
2960 2232 3142 2290 fatalis
3173 2240 3491 2297 necessitas.

2086 2315 2141 2370 Si
2168 2320 2307 2373 casti
2342 2320 2596 2376 meliores
2623 2333 2752 2377 sunt
2776 2322 3105 2390 luxuriosis,
3135 2326 3350 2398 illisque
3377 2331 3586 2387 abomi-

2010 2407 2210 2464 nahilis
2251 2419 2336 2466 est
2391 2411 2630 2477 luxuria,
2667 2412 2974 2485 gaudetque
3026 2415 3169 2472 Deus
3200 2420 3482 2488 castitate,
3526 2422 3584 2478 in

2010 2514 2173 2570 quem
2221 2501 2369 2555 nulla
2419 2502 2580 2556 cadat
2625 2503 2916 2561 libidinosa
2950 2522 3014 2561 ac
3043 2509 3173 2563 vitio
3205 2509 3415 2567 haerens
3438 2514 3588 2585 cogi-

2011 2588 2164 2652 tatio,
2217 2603 2383 2645 exosa
2432 2592 2622 2663 utique
2657 2594 2822 2648 etiam
2872 2593 2984 2651 Deo
3032 2596 3427 2655 incontinentia
3475 2609 3582 2660 est.

2010 2678 2183 2734 Porro
2212 2682 2483 2737 actionem
2517 2700 2638 2754 quae
2665 2700 2732 2740 ex
2768 2689 2984 2743 ratione
3022 2692 3291 2749 castitatis
3324 2696 3388 2750 iit
3426 2695 3586 2767 (quae

2010 2779 2154 2826 certe
2192 2772 2367 2828 virtus
2404 2774 2522 2846 est)
2563 2777 2830 2845 potiorem
2864 2794 2988 2835 esse
3019 2781 3109 2834 illa
3136 2798 3254 2851 qua:
3294 2798 3363 2838 ex
3392 2785 3586 2842 incon-

2010 2861 2235 2917 tinentia
2283 2871 2369 2920 est
2405 2872 2461 2920 et
2493 2866 2560 2919 ad
2591 2868 2781 2922 vitium
2812 2871 3051 2938 pertinet
3081 2891 3095 2926 :
3129 2873 3428 2945 intelligere
3456 2878 3585 2934 licet

2009 2969 2076 3009 ex
2104 2956 2342 3025 regibus,
2373 2972 2439 3012 ex
2464 2959 2700 3029 politicis
2716 2967 2769 3016 et
2794 2961 3125 3021 militaribus
3149 2967 3582 3037 magistratibus,

2008 3060 2076 3100 ex
2127 3047 2446 3104 mulieribus
2468 3090 2483 3115 ,
2516 3066 2580 3106 ex
2611 3051 2828 3117 liberis,
2855 3069 2922 3109 ex
2948 3056 3178 3122 civibus,
3205 3073 3272 3114 ex
3308 3059 3454 3115 heris
3473 3100 3492 3127 ,
3517 3077 3586 3116 ex

2012 3134 2252 3205 famulis,
2279 3155 2343 3195 ex
2379 3140 2708 3214 paedagogis,
2746 3159 2813 3199 ex
2843 3148 3119 3218 magistris
3151 3169 3165 3204 :
3205 3152 3586 3225 unusquisque

346 3236 745 3290 ἀκολασταίνων
766 3236 842 3299 δὲ,
879 3236 971 3288 καὶ
996 3235 1171 3307 ἑαυτῷ
1198 3236 1291 3289 καὶ
1314 3236 1391 3308 τῷ
1425 3235 1586 3308 κοινῷ
1620 3236 1901 3309 βλαϐερός.

2014 3231 2157 3285 enim
2207 3232 2403 3287 horum
2458 3242 2564 3288 tam
2616 3235 2722 3289 sibi
2776 3252 2939 3306 quam
2971 3240 3190 3309 publico
3212 3223 3508 3317 utilisiest,
3536 3246 3586 3302 si

345 3327 456 3380 Καὶ
478 3329 525 3380 εἰ
552 3326 666 3380 ἔστι
698 3326 931 3398 διαφορά
961 3344 1045 3390 τις
1072 3328 1324 3382 κιναίδων
1353 3329 1446 3381 καὶ
1472 3328 1751 3399 ἀνδρείων,
1780 3329 1912 3382 ἀκο-

343 3415 555 3472 λάστων
603 3415 698 3468 καὶ
742 3416 1032 3488 σωφρόνων
1057 3433 1070 3446 ·
1119 3417 1212 3469 καὶ
1255 3415 1371 3469 ἔστι
1417 3417 1683 3489 κρείσσων
1727 3418 1759 3487 ἡ
1806 3416 1912 3470 τῶν

344 3507 603 3580 ἀνδρείων
638 3507 731 3561 καὶ
766 3507 1074 3576 σωφρόνων,
1115 3507 1312 3578 χείρων
1335 3507 1391 3561 δὲ
1424 3508 1587 3578 ἡτῶν
1622 3508 1908 3561 ὲναντίωψ

345 3599 395 3652 oi
425 3599 483 3652 δὲ
509 3599 607 3667 τῆς
638 3597 951 3669 κρείσσονος
984 3597 1149 3665 ἐγγύς
1180 3599 1286 3650 εἰσι
1333 3597 1426 3650 καὶ
1454 3597 1594 3667 φίλοι
1636 3595 1791 3662 Θεοῦ,
1822 3598 1914 3651 καὶ

344 3691 395 3744 οἱ
425 3691 524 3762 τῆς
551 3690 791 3762 χείρονος
835 3689 1050 3762 μακρὰν
1078 3691 1172 3743 καὶ
1203 3689 1418 3761 ἐχθροί·
1463 3690 1510 3742 οἱ
1549 3688 1796 3757 λέγοντες
1823 3688 1916 3758 γέ-

343 3797 489 3838 νεσιν
513 3782 571 3836 τὸ
602 3783 731 3835 αὐτὸ
761 3782 858 3853 τὴν
891 3782 1101 3837 ἀδικίαν
1132 3778 1269 3837 εἶναι
1302 3783 1395 3835 καὶ
1423 3782 1521 3855 τὴν
1547 3782 1910 3853 δικαιοσύνην,

343 3874 405 3928 οὐ
432 3874 751 3945 διορίζονται
784 3874 1048 3928 κιναιδίαν
1077 3876 1169 3927 καὶ
1200 3874 1472 3946 ἀνδρείαν,
1506 3874 1776 3946 ἀκρασίαν
1819 3875 1913 3928 καὶ

346 3965 717 4038 σωφροσύνην,
747 3967 883 4037 ὅπερ
912 3965 1187 4019 ἀδύνατον.
1228 3967 1291 4019 Et
1322 3967 1429 4038 γὰρ
1461 3965 1538 4036 τῷ
1563 3964 1717 4036 κακῷ
1744 3967 1913 4033 τάγα-

346 4056 451 4112 06v
473 4058 732 4123 ἐναντίον,
761 4058 823 4111 τὸ
849 4059 907 4111 δὲ
936 4059 1120 4113 ἄδικον
1147 4058 1316 4111 κακόν
1337 4075 1349 4088 ο
1388 4058 1544 4111 τοῦτο
1572 4058 1628 4111 δὲ
1669 4057 1911 4112 ἐναντίον

345 4149 423 4221 τῷ
441 4150 630 4221 δικαίῳ
646 4166 659 4179 ·
686 4149 747 4202 τὸ
767 4150 822 4202 δὲ
842 4150 1063 4216 δίκαιον,
1094 4150 1316 4220 ἀγαθόν·
1340 4149 1400 4202 τὸ
1415 4149 1469 4202 δὲ
1489 4148 1690 4218 ἀγαθὸν
1718 4148 1911 4220 ἐχθρὸν

343 4242 439 4297 τοῦ
474 4242 641 4297 κακοῦ
660 4258 673 4272 ·
709 4241 959 4312 ἀνόμοιον
997 4242 1054 4295 δὲ
1081 4241 1142 4295 τὸ
1172 4243 1342 4297 κακὸν
1374 4241 1450 4313 τῷ
1476 4238 1662 4310 ἀγαθῴ
1682 4257 1694 4269 ·
1726 4239 1911 4311 ἕτερον

346 4334 455 4407 ἄρα
485 4334 545 4388 τὸ
572 4334 777 4388 δίκαιον
806 4332 900 4386 τοῦ
927 4333 1135 4388 ἀδίκου.
1183 4336 1298 4388 Οὐκ
1336 4334 1443 4406 ἄρα
1473 4335 1644 4396 αἴτιος
1670 4330 1855 4385 κακῶν
1883 4333 1912 4385 6

346 4427 501 4491 Θεὸς,
530 4427 649 4481 οὐδὲ
680 4427 859 4498 χαίρει
890 4430 1000 4490 τοῖς
1025 4430 1233 4491 κακοῖς.
1270 4427 1344 4480 Οὐ
1378 4427 1689 4498 συνίστησιν
1717 4425 1913 4488 αὐτοὺς

346 4521 377 4573 6
413 4520 605 4589 Λόγος,
634 4519 837 4588 ἀγαθὸς
869 4518 963 4573 ῶν.
998 4518 1068 4573 Εἴ
1091 4519 1198 4572 εἰσι
1226 4519 1283 4573 δὲ
1320 4520 1544 4591 πονηροί
1572 4535 1734 4583 τινες,
1771 4515 1911 4570 κατὰ

2016 3330 2203 3379 castus
2237 3325 2343 3390 sit;
2397 3327 2482 3380 sin
2515 3325 2860 3393 luxuriosus,
2898 3335 3011 3382 tam
3047 3331 3151 3384 sibi
3183 3348 3344 3402 quam
3367 3337 3585 3404 publico

2014 3415 2234 3471 noxius.
2261 3414 2327 3469 Et
2352 3418 2398 3471 si
2428 3424 2510 3472 est
2542 3417 2840 3473 discrimen
2868 3420 3140 3488 quoddam
3173 3423 3316 3480 inter
3347 3427 3586 3486 cinaedos

2014 3507 2272 3577 virosque
2303 3507 2471 3562 fortes
2493 3548 2509 3573 ,
2542 3509 2794 3578 interque
2818 3510 3122 3581 impudicos
3151 3522 3204 3568 et
3238 3525 3442 3584 castos,
3472 3527 3586 3577 est—

2016 3615 2122 3670 que
2146 3602 2337 3657 melior
2366 3602 2587 3657 fortium
2618 3613 2781 3675 atque
2808 3613 3083 3661 castorum
3116 3610 3298 3679 natio,
3346 3611 3588 3668 deterior

2014 3707 2144 3747 vero
2189 3709 2376 3748 eorum
2407 3696 2500 3766 qui
2550 3697 2911 3752 adversantur
2943 3718 2956 3753 :
2993 3699 3259 3770 siquidem
3296 3704 3458 3758 etiam
3488 3706 3584 3776 qui

2013 3786 2185 3852 partis
2217 3787 2459 3842 melioris
2506 3796 2653 3854 sunt,
2703 3789 2813 3845 Deo
2841 3790 3004 3845 vicini
3039 3792 3196 3864 eique
3227 3796 3390 3850 amici
3421 3805 3583 3866 sunt;

2015 3877 2113 3946 qui
2139 3893 2265 3932 vero
2297 3879 2363 3933 ad
2395 3881 2702 3950 sequiorem
2745 3883 3058 3952 pertinent,
3113 3887 3271 3957 longe
3305 3903 3332 3942 a
3366 3887 3477 3945 Deo
3508 3892 3588 3947 di-

2014 3974 2195 4033 stant,
2225 3978 2436 4025 etsunt
2474 3972 2679 4027 inimici
2713 3992 2725 4028 :
2761 3974 2855 4044 qui
2884 3975 3073 4031 dicunt
3122 3980 3289 4034 natali
3324 3979 3586 4039 fataiitate
3684 3987 3699 4001 ’·

2012 4059 2239 4130 perinde
2275 4062 2598 4131 injustitiam
2629 4072 2791 4135 atque
2811 4065 3083 4135 justitiam
3123 4068 3315 4136 afﬂari,
3339 4088 3448 4127 non
3471 4075 3586 4131 dis-

2010 4150 2267 4221 tinguunt
2300 4152 2634 4208 cinaedorum
2669 4155 2951 4211 mollitiem
2995 4174 3025 4212 a
3056 4156 3403 4225 fortitudine,
3429 4170 3483 4217 et
3509 4163 3588 4218 lu-

2011 4242 2224 4296 xuriam
2246 4257 2275 4296 a
2310 4246 2593 4301 castitate:
2622 4260 2743 4316 quae
2782 4252 2842 4300 ut
2886 4247 2942 4301 in
2962 4263 3130 4302 unum
3158 4256 3441 4319 cogantur,
3467 4252 3586 4309 ﬁeri

2010 4347 2122 4387 non
2155 4340 2355 4404 potest.
2395 4334 2453 4390 Si
2503 4336 2649 4391 enim
2697 4337 2903 4392 bonum
2928 4340 3070 4394 maio
3101 4342 3439 4396 contrarium
3465 4352 3582 4411 est,

2012 4425 2277 4499 injustum
2318 4437 2499 4486 autem
2544 4431 2745 4487 malum
2787 4440 2871 4489 est
2906 4453 2918 4488 :
2950 4434 3156 4500 ethoc,
3186 4443 3338 4505 justo
3368 4450 3586 4493 contra-

2009 4519 2154 4575 rium
2181 4540 2193 4575 :
2219 4537 2385 4594 porro
2404 4522 2551 4594 quod
2569 4522 2803 4593 justum,
2828 4524 2971 4580 idem
2998 4525 3232 4582 bonum:
3257 4528 3460 4583 bonum
3487 4545 3584 4585 au-

346 4609 551 4666 ἐνδειαν
607 4611 818 4684 φρενῶν
860 4612 995 4665 εἰσιν
1035 4605 1177 4665 οὗτοι
1225 4610 1473 4683 πονηροὶ,
1527 4611 1621 4664 καὶ⁹
1664 4610 1725 4663 οὐ
1770 4608 1911 4664 κατά

2015 4619 2124 4669 tem
2155 4613 2441 4670 inimicum
2473 4616 2617 4671 malo
2645 4635 2659 4672 :
2708 4616 2974 4673 dissimile
3010 4633 3139 4674 vero
3166 4621 3366 4675 malum
3396 4622 3539 4677 bono
3567 4640 3581 4676 :

345 4703 576 4774 γένεσιν.

2019 4704 2167 4760 aliud
2200 4706 2424 4762 omnino
2445 4707 2551 4762 erit
2578 4707 2845 4780 longeque
2863 4708 3136 4765 diversum
3152 4712 3363 4781 justum
3398 4714 3467 4768 ab
3495 4713 3582 4768 in-

343 4795 513 4869 justo.
544 4795 661 4850 Non
690 4795 855 4867 igitur
886 4805 1078 4850 auctor
1106 4795 1371 4850 malorum
1412 4794 1555 4851 Deus
1577 4834 1592 4859 ,
1627 4811 1730 4851 nec
1753 4796 1913 4852 malis
1946 4796 2266 4854 delectatur.
2290 4799 2476 4870 Neque
2507 4801 2648 4857 ratio
2676 4802 2798 4858 illos
2841 4803 3214 4873 commendat,
3262 4820 3383 4875 quae
3440 4805 3585 4862 bona

348 4893 439 4949 sit.
475 4892 632 4960 Quod
654 4895 698 4948 si
731 4891 951 4963 quidam
980 4892 1109 4946 mali
1141 4902 1303 4957 sunt,
1360 4892 1558 4948 mentis
1584 4893 1763 4964 inopia
1789 4895 1919 4949 mali
1960 4902 2108 4961 sunt,
2139 4911 2249 4950 non
2280 4899 2446 4951 natali
2471 4898 2581 4952 ulla
2611 4897 2893 4954 fatalitate.

418 4987 654 5058 Σερῇσιν
703 4988 1147 5056 ἀτασθαλίῃσιν
1184 4986 1520 5056 ὑπέρμορον
1551 4986 1714 5057 ἄλγε’
1742 4989 1915 5058 ἕχον-

342 5098 444 5148 πες
476 5083 606 5155 (55).

415 5174 480 5227 Εἰ
508 5174 566 5229 δὲ
609 5173 812 5228 ἀνελεῖν
835 5189 975 5238 τινα,
1017 5173 1111 5227 καὶ
1154 5171 1297 5244 φόνῳ
1332 5171 1429 5237 τάς
1461 5176 1648 5245 χεῖρας
1681 5175 1911 5245 αἱμάξαι

343 5264 556 5335 γένεσις
581 5265 904 5337 ἐργάζεται·
939 5262 1096 5318 τοῦτο
1132 5263 1191 5316 δὲ
1219 5262 1380 5334 νόμος
1416 5263 1634 5330 κωλύει,
1668 5264 1911 5329 κολάζων

343 5356 472 5418 τοὺς
511 5354 833 5426 ἀλάστορας,
879 5355 972 5408 καὶ
1014 5353 1080 5407 δι’
1127 5351 1355 5424 ἀπειλῆς
1398 5354 1673 5426 ἀπείργων
1702 5352 1772 5408 τά
1810 5355 1911 5427 τῆς

344 5446 607 5517 γενέσεως
635 5446 874 5518 δόγματα
900 5463 914 5477 ·
959 5443 1069 5501 οἷον
1104 5446 1165 5500 τὸ
1196 5446 1471 5519 ἀδικῆσαι,
1503 5444 1909 5518 μοιχεύσασθαι,

345 5537 560 5609 κλέψαι,
588 5538 1000 5610 φαρμακεῦσαι·
1025 5539 1267 5593 ἐναντίον
1289 5540 1398 5612 ἄρα
1421 5540 1450 5593 6
1481 5539 1641 5610 νόμος
1668 5537 1908 5608 γενέσει.

349 5629 488 5684 Ὅσα
529 5630 626 5702 μὲν
653 5630 762 5702 γὰρ
797 5632 1008 5700 γένεσις
1045 5631 1232 5703 ὥρισε,
1264 5630 1436 5686 ταῦτα
1474 5631 1636 5704 νόμος
1677 5629 1909 5685 κωλύει·

420 5765 531 5839 (32)
560 5765 629 5821 ΕΙ
651 5783 726 5820 τι.
751 5767 830 5839 ita
851 5766 1018 5839 codex
1039 5766 1241 5822 Mazar.
1270 5776 1325 5822 et
1344 5766 1594 5824 Allatius.
1617 5762 1904 5822 Possinius

348 5835 587 5906 vero,“
616 5852 720 5891 ms.
753 5835 902 5902 Vat.,
933 5838 962 5901 ὃ
990 5854 1062 5892 τι.
1086 5838 1376 5893 Couasrls.

665 5931 941 5998 Ρηιιοι..
972 5933 1089 5998 Gn.
1124 5933 1356 5997 XVIII.
1462 5973 1465 5976 ‹

2093 4987 2357 5061 Nequitiis
2398 4992 2499 5046 sibi
2530 4991 2729 5045 damna
2769 4993 2880 5046 suis
2912 4998 3227 5071 mortemque
3254 4997 3508 5048 creantes.

2089 5166 2147 5225 Si
2189 5170 2462 5226 hominem
2509 5169 2819 5226 interﬁcere
2865 5178 2919 5224 et
2960 5183 3108 5225 caece
3140 5182 3335 5223 manus
3383 5180 3582 5223 cruen-
3673 5215 3677 5220 .

2014 5268 2151 5326 tare,
2189 5263 2388 5318 natalis
2421 5261 2658 5319 fatalitas
2688 5262 2890 5334 adigit;
2916 5261 3060 5317 idem
3087 5268 3270 5315 autem
3302 5260 3389 5313 lex
3408 5266 3578 5323 vetat,

2013 5354 2225 5410 sicariis
2254 5354 2518 5424 supplicia
2550 5354 2874 5414 decernens,
2900 5350 3173 5420 minisque
3194 5349 3451 5420 gravibus
3479 5348 3577 5402 de-

2017 5455 2230 5503 terrens
2254 5448 2322 5502 ab
2354 5447 2422 5502 iis
2449 5462 2568 5517 quae
2608 5445 2808 5501 natalis
2859 5441 3098 5498 fatalitas
3135 5442 3402 5512 injungit;
3449 5447 3579 5510 puta

2016 5539 2083 5594 ab
2109 5539 2309 5610 injuria
2347 5539 2645 5601 inferenda,
2690 5537 2760 5590 ab
2800 5533 3093 5598 adulterio,
3140 5547 3172 5586 a
3207 5531 3377 5597 furto,
3420 5546 3453 5586 a
3490 5545 3581 5587 ve-

2019 5631 2229 5686 neficiis
2274 5650 2287 5685 :
2324 5630 2597 5686 contraria
2647 5642 2776 5700 ergo
2822 5624 3023 5682 natalis
3079 5622 3318 5683 fatalitas
3365 5632 3420 5683 et
3466 5623 3582 5684 leX.

2081 5761 2194 5835 (55)
2230 5761 2482 5834 Σφῇσιν.
2529 5760 2737 5816 Ὀδυσσ.
2769 5754 2838 5825 Α,
2873 5754 2924 5812 7.

3293 5921 3343 5993 ,ὃ
