4150 6420
590 385 686 440 Πι

1563 381 1622 439 S.
1663 379 1992 437 METHODH
2032 378 2337 436 EPlSCOPl
2376 378 2463 433 ET
2507 376 2866 433 MARTYRIS

3698 381 3803 437 179.

587 503 932 570 Quaecunque
967 500 1109 555 enim
1140 500 1338 557 natalis
1378 499 1614 558 l‘atalitas
1644 502 1856 565 statuit,
1902 502 1983 556 lex
2016 516 2127 572 pro-

2240 502 2338 556 ὅσα
2370 501 2427 555 δὲ
2460 501 2620 570 νόμος
2645 498 2862 561 κωλύει,
2899 496 3076 553 ταῦτα
3098 497 3309 567 γένεσις
3345 503 3513 554 ποιεῖν
3540 498 3802 572 βιάζεται·

585 596 770 657 bibet;
804 608 1145 662 quaecunque
1178 608 1308 647 vero
1341 594 1427 648 lex
1470 594 1741 664 prohibet,
1778 594 1974 647 natalis
2005 592 2144 646 fata-

584 686 705 739 litas
731 684 909 738 facere
940 684 1110 754 adigit
1143 703 1156 740 :
1191 684 1506 740 adversaria
1541 700 1667 755 ergo
1698 686 1863 739 natali
1890 685 2140 739 fatalitati

581 778 685 831 lex.
719 775 777 831 Si
806 785 987 832 autem
1031 778 1106 831 illi
1150 778 1485 842 adversaria,
1519 793 1628 833 non
1659 777 1827 847 igitur
1856 792 1953 847 per
1984 784 2141 831 nata-

576 870 684 925 lem
740 871 1060 926 t'atalitatem
1112 871 1496 942 legumlatores
1548 880 1756 942 agunt,
1805 871 2003 940 quippe
2045 869 2137 939 qui

575 962 854 1016 contraria
898 961 1065 1015 natali
1111 961 1364 1015 fatalitati
1411 962 1728 1024 sanciendo,
1770 961 2014 1016 eamdem
2045 959 2141 1013 de-

579 1062 821 1109 struunt.
883 1054 990 1108 Aut
1045 1054 1210 1125 igitur
1268 1053 1468 1108 natalis
1526 1053 1830 1107 admittitur
1878 1051 2136 1116 fatalitas,

577 1148 837 1216 nullaque
859 1147 1038 1217 legum
1063 1155 1179 1201 erat
1203 1145 1505 1202 necessitas
1533 1164 1544 1197 :
1576 1151 1668 1198 aut
1698 1145 1842 1216 leges
1865 1150 2013 1207 sunt,
2039 1159 2139 1199 nec

577 1256 647 1295 ex
679 1241 849 1294 natali
890 1241 981 1294 illa
1013 1238 1299 1302 fatalitate,
1333 1245 1387 1291 et
1416 1237 1573 1309 quasi
1622 1237 1713 1291 illa
1742 1245 1963 1292 auctore
1989 1244 2134 1291 sunt.

580 1333 746 1403 Atqui
775 1331 891 1388 ﬁeri
918 1347 1025 1386 non
1056 1338 1237 1400 potest
1273 1338 1331 1385 ut
1365 1330 1572 1399 absque
1599 1328 1690 1383 illa
1718 1327 1844 1398 quis
1877 1336 2139 1383 nascatur

576 1434 673 1481 aut
706 1424 910 1495 aliquid
941 1433 1215 1494 operetur.
1253 1421 1386 1475 Nam
1420 1436 1488 1476 ne
1517 1420 1749 1491 digitum
1774 1419 1993 1490 quidem
2018 1418 2137 1474 sine

578 1518 691 1573 fato
722 1534 880 1588 posse
909 1517 1141 1586 aliquem
1175 1530 1391 1570 movere
1433 1515 1607 1569 aiunt.
1643 1513 1719 1567 Ex
1755 1513 1921 1567 natali
1952 1513 2137 1582 itaque

579 1611 840 1666 fatalitate
873 1610 1071 1679 illaque
1098 1615 1324 1663 auctore
1359 1607 1471 1661 nati
1504 1606 1908 1678 legumlatores,
1936 1604 2133 1669 Minos,

574 1702 769 1767 Draco,
816 1700 1118 1773 Lycurgus,
1172 1698 1360 1763 Solon,
1411 1697 1701 1762 Zaleucus,
1746 1695 1891 1767 leges
1937 1710 2134 1750 sanxe-

571 1803 701 1851 runt
740 1795 1089 1866 prohibentes
1134 1791 1420 1855 adulteria,
1469 1789 1666 1852 caedes,
1706 1788 1956 1857 injurias,
1989 1788 2135 1856 rapi-

2248 592 2503 664 πολέμιον
2532 591 2638 663 ἄρα
2656 589 2866 659 γενέσει
2887 589 3067 660 νόμος.
3101 591 3165 643 Εἰ
3191 591 3246 644 δὲ
3263 590 3537 662 πολέμιον,
3567 592 3666 645 οὐκ
3693 591 3801 663 ἀρα

2241 682 2380 737 κατὰ
2404 682 2615 751 γένεσιν
2642 682 2691 735 οἰ
2718 680 3003 751 νομοθέται
3025 697 3039 710 ·
3070 682 3137 734 τὰ
3169 681 3276 754 γὰρ
3304 681 3521 736 ἐναντία
3548 683 3805 753 δογματί-

2241 775 2422 840 ζοντες
2467 774 2700 842 γενέσει,
2735 773 2948 843 γένεσιν
2985 773 3222 827 λύουσιν.
3262 776 3419 827 Ἤτοι
3462 770 3556 829 οὖν
3587 774 3803 843 γένεσίς

2239 869 2373 933 ἐστι,
2412 868 2504 921 καὶ
2543 868 2643 920 οὐκ
2675 867 2844 939 ἐχρῆν
2874 862 3012 921 εἶναι
3037 866 3233 938 νόμους
3252 884 3265 898 ·
3298 868 3332 939 ἦ
3358 871 3461 922 εἰσι
3506 869 3680 939 νόμοι,
3710 869 3803 923 καὶ

2238 961 2336 1013 οὐκ
2376 961 2482 1013 εἰσὶ
2512 959 2652 1013 κατά
2681 960 2911 1029 γένεσιν.
2968 959 3106 1012 Ἀλλ’
3137 962 3414 1031 ἀμήχανον
3454 961 3623 1033 χωρὶς
3648 961 3804 1028 γενέ-

2241 1068 2377 1115 σεως
2405 1050 2568 1121 φῦναί
2600 1068 2739 1113 τινα,
2774 1052 2867 1104 καὶ
2893 1050 3289 1122 διαπράξασθαί
3316 1068 3388 1105 τι·
3412 1052 3533 1105 οὐδὲ
3558 1051 3665 1124 γάρ
3709 1052 3800 1107 τὸν

2237 1142 2491 1197 δάκτυλον
2541 1142 2737 1208 ἐξεῖναί
2783 1160 2912 1212 φασι
2957 1145 3126 1215 χωρὶς
3181 1144 3533 1217 Εἱμαρμένης
3582 1144 3800 1214 κινῆσαι

2236 1252 2360 1288 τινι.
2395 1235 2552 1289 Κατά
2584 1236 2796 1304 γένεσιν
2825 1236 2932 1307 ἄρα
2974 1237 3069 1290 καὶ
3104 1237 3288 1300 Μίνως
3316 1236 3408 1289 καὶ
3438 1236 3665 1307 Δράκων
3707 1237 3801 1290 καὶ

2236 1327 2547 1397 Λυκοῦργος
2588 1328 2681 1381 καὶ
2709 1327 2882 1381 Σόλων
2919 1329 3013 1381 καὶ
3055 1328 3322 1391 Ζάλευκος
3350 1328 3636 1399 νομοθέται
3669 1329 3801 1399 φύν-

2235 1436 2344 1484 τες,
2367 1420 2676 1486 διετάξαντο
2694 1420 2818 1484 τοὺς
2841 1419 3057 1490 νόμους,
3080 1419 3511 1491 ἀπαγορεύοντες
3535 1420 3798 1492 μοιχείας,

2237 1514 2448 1583 φόνους,
2481 1512 2621 1583 βίας,
2664 1513 2938 1585 ἁρπαγὰς,
2978 1512 3203 1581 κλοπὰς,
3233 1514 3308 1577 ὡς
3338 1512 3435 1566 οὐκ
3480 1513 3647 1566 ὄντων
3678 1511 3800 1566 τού-

2234 1623 2342 1659 των
2369 1607 2463 1659 καὶ
2494 1605 2789 1676 γινομένων
2815 1606 2957 1659 κατά
2981 1605 3213 1674 γένεσιν.
3250 1606 3313 1659 Εἰ
3344 1605 3401 1658 δὲ
3424 1604 3565 1658 κατά
3587 1604 3799 1673 γένεσιν

2234 1697 2326 1770 καὶ
2372 1695 2563 1765 ταῦτα,
2616 1698 2677 1751 οὐ
2722 1696 2864 1765 κατά
2901 1698 3113 1767 γένεσιν
3161 1699 3210 1751 οἰ
3248 1696 3425 1768 νόμοι.
3483 1697 3558 1751 Ού
3592 1695 3700 1769 γὰρ
3731 1695 3799 1751 ἂν

2234 1789 2371 1861 αὐτὴ
2391 1790 2481 1859 ἀφ’
2513 1789 2713 1861 ἑαυτῆς
2738 1791 2990 1862 ἀνῃρεῖτο
3016 1790 3250 1861 γένεσις,
3278 1790 3413 1861 αὐτὴ
3445 1791 3641 1862 ἑαυτὴν
3666 1790 3801 1844 ἀκυ-

574 1903 696 1951 nas,
732 1887 903 1952 furta;
928 1886 1074 1941 haud
1100 1885 1264 1940 dubie
1300 1882 1569 1945 arbitrati,
1594 1896 1771 1951 neque
1791 1894 1931 1943 esse,
1956 1894 2127 1948 neque

2238 1880 2424 1954 ροῦσα,
2458 1881 2552 1936 καί⁵
2579 1882 2717 1954 αὐτὴ
2747 1883 2913 1954 ἑαυτῇ
2954 1883 3269 1955 μαχομένη·
3298 1884 3391 1936 καὶ
3423 1881 3657 1936 ἐνταῦθα
3698 1881 3799 1953 μὲν

574 1980 689 2036 ﬁeri
730 1981 856 2035 talia
882 1994 978 2050 per
1017 1978 1254 2033 natalem
1289 1974 1630 2029 fatalitatem.
1663 1970 1761 2027 Sin
1790 1979 1972 2028 autem
2018 1972 2132 2027 haec

569 2088 786 2143 quoque
825 2088 920 2143 per
960 2071 1193 2126 natalem
1232 2067 1551 2123 fatalitatem
1579 2106 1593 2131 ,
1651 2079 1760 2119 non
1809 2073 1940 2121 sunt
1986 2066 2132 2137 leges

569 2180 668 2235 per
695 2165 929 2219 natalem
961 2162 1282 2217 fatalitatem
1313 2179 1327 2216 :
1360 2174 1539 2229 neque
1567 2158 1711 2227 enim
1735 2159 1855 2229 ipsa
1878 2173 1936 2214 se
1958 2159 2129 2228 ipsam

570 2257 771 2312 natalis
804 2255 1040 2309 fatalitas
1084 2254 1411 2315 destrueret,
1438 2252 1556 2321 ipsa
1603 2251 1708 2305 sibi
1753 2250 2132 2305 auctoritatem

568 2351 884 2412 detrahens,
934 2361 999 2400 ac
1026 2360 1209 2401 secum
1258 2344 1378 2414 ipsa
1424 2359 1675 2415 pugnans
1708 2363 1719 2397 :
1750 2343 1878 2397 hinc
1910 2341 2125 2412 quidem

568 2440 716 2512 leges
754 2448 1019 2504 statuens,
1052 2437 1318 2493 adulteria
1357 2438 1639 2507 cazdesque
1671 2436 2039 2506 prohibentes,
2076 2442 2131 2490 et

2231 1975 2694 2045 ἀπαγορευτικοὺς
2722 1974 2967 2046 μοιχείας
2988 1976 3082 2028 καὶ
3104 1976 3278 2044 φόνων
3299 1974 3495 2044 νόμους
3516 1973 3794 2045 τιθεμένη,

2233 2067 2325 2119 καὶ
2345 2066 2727 2138 τιμωρουμένη
2794 2068 2887 2120 καὶ
2933 2066 3331 2139 ὲπεξερχομένη
3389 2067 3515 2131 τοὺς
3570 2065 3793 2131 κακούς’

2232 2156 2465 2212 ἐνταῦθα
2496 2157 2554 2211 δὲ
2588 2159 2780 2228 φόνους
2810 2161 2904 2213 καὶ
2941 2161 3183 2231 μοιχείας
3218 2159 3578 2233 ἐργαζομένη.
3638 2157 3799 2214 Ἀλλά

2231 2250 2388 2305 τοῦτο
2425 2252 2706 2309 ἀδύνατον.
2747 2254 2913 2308 Οὐδὲν
2950 2255 3058 2327 γὰρ
3091 2255 3375 2309 ἀλλόκοτον
3407 2255 3537 2309 αὐτὸ
3580 2252 3796 2320 ἑαυτοῦ,

2233 2346 2325 2397 καὶ
2350 2344 2481 2397 αὐτὸ
2505 2344 2681 2416 ἐαυτῷ
2704 2346 3155 2417 ἀπεχθανόμενον,
3187 2347 3279 2401 καὶ
3304 2347 3431 2401 αὐτὸ
3448 2348 3606 2401 ἑαυτὸ
3630 2363 3799 2401 κατα-

2234 2434 2379 2500 λύον,
2413 2438 2505 2491 καὶ
2534 2437 2857 2509 ἀσύμφωνον
2891 2440 3020 2493 αὐτὸ
3044 2437 3235 2510 ἐαυτῷ.
3264 2440 3376 2493 Οὐκ
3404 2440 3511 2512 ἄρα
3536 2440 3767 2509 γένεσις.

566 2535 841 2590 ulciscens
863 2533 1127 2603 malisque
1150 2532 1421 2587 mulctans
1467 2532 1658 2585 talium
1681 2531 1973 2586 criminum
2023 2545 2147 2586 reos
2184 2549 2198 2584 ε
2241 2531 2461 2587 aliunde
2498 2541 2677 2588 autem
2709 2533 2777 2588 ad
2825 2534 3002 2590 caedes
3035 2545 3196 2606 atque
3242 2536 3505 2591 adulteria
3543 2536 3796 2592 homines

567 2631 826 2703 adigens;
857 2630 1001 2701 quod
1026 2630 1140 2685 tieri
1164 2630 1315 2685 nullo
1347 2628 1506 2683 modo
1536 2635 1734 2699 potest.
1787 2626 1931 2682 Niltil
1954 2628 2097 2682 enim
2149 2643 2178 2681 a
2210 2644 2268 2683 se
2314 2629 2434 2699 ipso
2482 2630 2717 2686 alienum
2755 2641 2920 2703 atque
2970 2634 3292 2696 abhorrens.
3349 2635 3635 2707 ipsumque
3689 2634 3795 2691 sibi

566 2725 671 2796 ipsi
714 2724 999 2780 adversum
1041 2737 1104 2777 ac
1147 2737 1206 2777 se
1244 2720 1554 2782 destruens,
1604 2719 1815 2789 sibique
1864 2717 2292 2774 dissentaneum.
2334 2716 2489 2773 Nulla
2522 2730 2605 2776 est
2641 2721 2805 2791 igitur
2839 2722 3038 2777 natalis
3064 2722 3319 2779 fatalitas.

638 2820 695 2875 Si
745 2834 841 2891 per
881 2817 1115 2872 natalem
1158 2814 1485 2871 fatalitatem
1519 2811 1871 2883 ﬁtquidquid
1911 2812 2129 2865 tandem

563 2921 671 2980 est,
717 2926 820 2967 nec
859 2910 978 2965 sine
1021 2908 1112 2962 illa
1155 2907 1448 2978 quidquam
1490 2920 1716 2977 prorsus
1765 2903 1999 2966 exsistit,
2036 2917 2128 2957 ne-

565 3017 721 3058 cesse
749 3007 833 3057 est
857 3008 909 3055 et
940 3000 1111 3069 legem
1144 2999 1234 3053 illa
1275 3005 1497 3053 auctore
1526 3010 1669 3052 esse.
1705 2993 1868 3063 Atqui
1899 2994 1984 3047 lex
2010 3007 2129 3047 eam

566 3095 728 3159 tollit,
761 3108 882 3164 quae
926 3091 1134 3147 addisci
1177 3092 1434 3146 virtutem
1479 3104 1543 3143 ac
1593 3086 1811 3143 suaderi
1841 3101 2004 3155 posse
2031 3083 2132 3139 do—

565 3193 706 3253 ceat,
756 3182 1137 3253 diligentiaque
1175 3197 1237 3235 ac
1271 3179 1575 3235 attentione
1619 3192 1738 3234 eam
1785 3177 2123 3247 comparari;
2153 3215 2195 3272 Ο

563 3274 725 3336 vitari
767 3294 985 3350 quoque
1028 3292 1187 3348 posse
1241 3276 1453 3340 vitium,
1506 3281 1560 3329 et
1608 3289 1677 3328 ex
1720 3270 2125 3341 indisciplinata

559 3382 742 3428 mente
764 3370 1037 3442 proﬁcisci
1063 3387 1078 3437 ;
1115 3367 1263 3422 nulla
1292 3381 1421 3437 ergo
1445 3372 1530 3421 est
1567 3363 1770 3418 natalis
1792 3362 2050 3417 latalitas.

631 3464 689 3519 Si
718 3472 777 3517 ιιι
816 3463 907 3517 alii
934 3462 1071 3516 alios
1101 3460 1298 3530 injuria
1328 3457 1646 3525 atliciamus,
1675 3471 1738 3511 ac
1762 3455 2004 3511 vicissim
2036 3453 2123 3509 af-

559 3556 827 3618 ﬁciamur,
875 3560 1096 3623 praestat
1144 3551 1342 3606 natalis
1398 3548 1676 3613 fatalitas,
1733 3545 1865 3618 quid
1910 3545 2123 3616 legibus

557 3648 739 3719 opus?
770 3646 868 3700 Sin
906 3654 1086 3699 autem
1115 3658 1180 3697 eo
1219 3644 1365 3713 leges
1394 3647 1640 3711 spectant
1670 3647 1729 3693 ut
1757 3638 2122 3709 delinquenti-

547 3738 663 3793 bus
690 3751 850 3808 poena
881 3722 1214 3805 imponatur,
1250 3732 1363 3787 Deo
1403 3733 1511 3787 illis
1542 3732 1861 3804 providente
1896 3731 1989 3802 qui
2031 3731 2119 3785 in-

548 3830 701 3900 juria
746 3827 1016 3882 laeduntur
1053 3842 1067 3878 :
1101 3838 1232 3879 sane
1266 3824 1556 3892 praestabat
1598 3821 1749 3876 fatali
1794 3823 2120 3878 necessitate

462 3973 473 3985 ,
556 3920 734 3975 malos
765 3933 875 3974 non
900 3917 1036 3983 ﬁeri,
1069 3929 1230 3986 quam
1260 3914 1351 3969 ubi
1379 3912 1506 3969 facti
1526 3922 1675 3979 sunt,
1699 3913 1911 3985 legibus
1935 3928 2121 3968 emen-

558 4013 699 4071 dari.
732 4012 892 4081 Atqui
933 4007 1079 4065 Deus
1119 4008 1294 4061 bonus
1338 4013 1423 4061 est
1460 4012 1514 4060 et
1558 4004 1801 4075 sapiens,
1840 4003 2005 4076 idque
2032 4004 2118 4058 fa-—

561 4110 713 4167 ciens
742 4107 888 4180 quod
921 4104 1286 4179 praestabilius
1317 4104 1426 4172 sit;
1455 4104 1603 4159 nulla
1645 4118 1777 4175 ergo
1801 4112 1885 4160 est
1920 4104 2118 4162 natalis

559 4199 816 4255 fatalitas.

625 4294 733 4348 Aut
770 4290 1109 4349 educationis
1154 4304 1323 4360 genus
1352 4290 1730 4360 contractique
1778 4304 1979 4355 mores,
2020 4305 2116 4346 seu

553 4387 761 4442 imbuta
793 4385 1025 4446 indoles,
1052 4398 1233 4437 causae
1255 4390 1382 4437 sunt
1405 4396 1786 4453 peccatorum;
1821 4390 1915 4436 aut
1948 4382 2116 4437 animi

553 4476 1012 4548 perturbationes,
1055 4482 1108 4528 et
1138 4488 1257 4542 quae
1295 4488 1392 4543 per
1421 4489 1622 4544 corpus
1656 4472 1925 4529 desideria
1958 4488 2115 4530 exer-

2299 2811 2362 2865 Εἰ
2393 2814 2535 2867 κατά
2577 2814 2786 2884 γένεσιν
2818 2817 2923 2869 πᾶν
2951 2816 2979 2869 ὃ
3000 2834 3052 2868 τι
3071 2816 3265 2869 ποτῶν
3300 2817 3529 2885 γίνεται,
3559 2820 3652 2872 καί
3677 2819 3794 2873 ἔστι

2225 2903 2347 2974 δίχα
2378 2905 2641 2973 γενέσεως
2671 2906 2820 2960 οὐδέν
2839 2924 2853 2939 ο
2893 2908 3102 2980 ἀνάγκη
3139 2909 3230 2962 καὶ
3259 2908 3349 2962 τὸν
3391 2910 3553 2980 νόμον
3586 2911 3793 2979 γενέσει

2227 2998 2528 3068 γεγονέναι.
2589 2999 2749 3053 Ἀλλά
2790 3001 2952 3072 νόμος
2988 3002 3200 3070 γένεσιν
3246 3002 3478 3075 ἀναιρεῖ,
3539 3004 3792 3077 διδακτὴν

2224 3093 2492 3147 διδάσκων
2522 3093 2620 3165 τὴν
2664 3094 2882 3165 ἀρετὴν,
2907 3096 3001 3149 καί
3050 3092 3109 3160 ἐξ
3151 3095 3465 3167 ἐπιμελείας
3503 3114 3793 3170 προσγινο-

2230 3180 2425 3252 μένην·
2468 3181 2706 3254 φευκτὴν
2752 3183 2809 3236 δὲ
2843 3182 2941 3254 τὴν
2968 3184 3182 3249 κακίαν,
3213 3187 3306 3238 καὶ
3339 3186 3398 3252 ἐξ
3439 3187 3792 3253 ἀπαιδευσίας

2228 3272 2523 3344 φυομένην.
2552 3274 2663 3327 υύκ
2692 3273 2799 3346 ἄρα
2827 3275 3061 3344 γένεσις.

2294 3459 2358 3512 Εἰ
2398 3459 2459 3512 τὸ
2488 3458 2747 3530 ἀλλήλους
2787 3460 2993 3515 ἀδικεῖν
3032 3463 3125 3517 καὶ
3164 3464 3226 3517 τὸ
3265 3465 3355 3518 ὐπ’
3406 3466 3647 3537 ἀλλήλων
3682 3467 3792 3522 ἀδι-

2225 3550 2436 3604 κεῖσθαι
2469 3551 2681 3621 γένεσις
2726 3556 2889 3619 ποιεῖ,
2933 3554 3017 3619 τίς
3049 3555 3207 3629 χρεία
3251 3557 3560 3630 νόμωνςιΕἰ
3601 3557 3658 3611 δὲ
3701 3559 3791 3613 ἵνα

2222 3644 2346 3708 τοὺς
2410 3646 2823 3717 ἁμαρτάνοντας
2885 3647 3216 3719 ἀμύνωνται,
3276 3650 3650 3720 φροντίζοντος
3693 3649 3789 3704 τοῦ

2220 3734 2354 3789 Θεοῦ
2375 3736 2484 3790 τῶν
2514 3737 2881 3809 ἀδικουμένων
2901 3755 2916 3770 ·
2955 3740 3174 3810 ἄμεινον
3206 3735 3274 3811 ἦν
3301 3742 3502 3805 κακοὺς
3527 3740 3603 3813 μὴ
3636 3742 3791 3814 ποιῆ-

2221 3835 2311 3873 σαι
2354 3820 2476 3874 καθ’
2535 3822 2897 3893 εἰμαρμένην,
2935 3822 2969 3893 ἢ
3028 3824 3167 3894 μετά
3213 3823 3275 3876 τδ
3312 3824 3557 3894 ποιῆσαι,
3601 3826 3787 3896 νόμοις

2220 3912 2668 3984 ἐπανορθοῦσθαι.
2712 3913 2849 3967 Ἀλλ’
2886 3913 3087 3982 ἀγαθὸς
3127 3916 3155 3966 ὁ
3189 3913 3321 3979 Θεὸς
3356 3916 3450 3968 καὶ
3480 3916 3661 3986 σοφὸς,
3691 3915 3782 3972 κα*

2218 4003 2287 4058 τὰ
2310 4004 2547 4058 κοείσσω
2572 4004 2758 4060 ποιῶν.
2789 4005 2902 4059 Οὐκ
2928 4004 3035 4077 ἄρα
3067 4004 3298 4068 γένεσις.

2291 4293 2447 4346 Ἤτοι
2488 4291 2790 4364 ἀνατροφαὶ
2838 4292 2933 4344 καὶ
2974 4291 3042 4344 τὰ
3081 4289 3178 4362 ἔθη
3220 4290 3327 4344 τῶν
3372 4291 3783 4364 ἁμαρτημάτων

2217 4387 2352 4440 εἰσὶν
2374 4385 2544 4449 αἴτια,
2576 4385 2611 4456 ἢ
2641 4383 2708 4437 τὰ
2742 4381 2887 4453 πάθη
2917 4382 3015 4453 τῆς
3047 4381 3246 4452 ψυχῆς,
3276 4382 3369 4435 καὶ
3393 4382 3446 4434 αἰ
3477 4381 3565 4436 διά
3593 4381 3781 4455 σώμα-

2216 4500 2309 4547 τος
2344 4481 2649 4552 ἐπιθυμίαι.
2694 4480 2982 4551 Ὅπότερον
3013 4479 3059 4532 δ’
3103 4479 3169 4533 ἂν
3197 4471 3459 4548 τούτωνῇ
3495 4477 3555 4530 τὸ
3582 4476 3776 4539 αἴτιον,

553 4578 765 4632 centur,
823 4582 917 4623 seu
971 4565 1314 4635 cupiditates.
1355 4563 1631 4636 Quidquid
1689 4574 1869 4621 autem
1918 4566 2112 4621 horum

2227 4571 2296 4640 δίς
2324 4574 2390 4630 ἂν
2420 4569 2454 4645 ᾗ
2495 4572 2688 4637 αἴτιον,
2715 4571 2846 4634 Θεὸς
2877 4570 3136 4633 ἀναίτιος.

551 4676 718 4717 causa
747 4660 838 4721 sit,
874 4666 1019 4713 certe
1049 4657 1191 4713 Deus
1213 4665 1404 4712 auctor
1426 4674 1489 4714 ac
1511 4673 1674 4713 causa
1706 4659 1928 4714 minime
1950 4659 2038 4714 sit.

623 4752 680 4808 Si
708 4752 905 4807 melius
935 4752 1240 4821 estjustum
1271 4767 1392 4807 esse
1413 4766 1576 4821 quam
1601 4750 1891 4820 injustam,
1923 4750 2113 4821 quidni

547 4845 675 4901 talis
723 4843 791 4898 ab
846 4844 967 4913 ipso
1018 4844 1270 4913 protinus
1311 4853 1434 4897 ortu
1485 4857 1660 4912 exque
1714 4841 1898 4912 genesi
1951 4842 2114 4897 homo

547 4936 812 4993 creatur?
842 4934 941 4990 Sin
975 4946 1155 4991 autem
1188 4943 1397 5005 postea,
1434 4942 1493 4988 ut
1518 4934 1586 4989 ad
1610 4934 1889 4989 meliorem
1920 4932 2113 4988 evadat

548 5030 782 5099 frugem.
807 5028 1113 5098 disciplinis
1142 5027 1360 5097 cogitur
1385 5037 1548 5097 atque
1571 5025 1783 5096 legibus
1819 5044 1831 5079 :
1861 5026 2021 5095 plane
2052 5032 2113 5079 ut

546 5122 755 5177 arbitrii
786 5120 1041 5175 facultate
1070 5120 1333 5190 praeditus
1362 5120 1431 5174 iis
1462 5120 1676 5190 cogitur
1708 5124 1762 5173 et
1790 5118 2108 5188 castigatur,

545 5226 654 5266 non
690 5213 836 5267 velut
868 5210 962 5282 qui
989 5213 1164 5266 malus
1190 5225 1222 5264 a
1254 5218 1447 5264 natura
1478 5211 1569 5265 sit.

618 5298 677 5354 Si
698 5302 847 5366 mali,
878 5302 1045 5357 natali
1076 5299 1360 5364 fatalitate,
1394 5299 1731 5354 ineluctabili
1757 5298 2111 5370 providentia:

545 5392 765 5448 decreto
813 5394 941 5447 mali
981 5401 1304 5456 nascuntur,
1353 5391 1502 5446 omni
1555 5393 1715 5460 culpa
1747 5401 1967 5453 vacant,
2008 5407 2109 5446 nec

544 5482 693 5553 digni
730 5491 860 5540 sunt
902 5484 996 5555 qui
1043 5485 1222 5554 legum
1266 5484 1445 5554 poenis
1476 5493 1867 5551 coerceantur;
1907 5485 2107 5554 quippe

545 5575 639 5642 qui
664 5574 846 5629 vivant
887 5583 947 5630 ut
991 5576 1101 5631 illis
1135 5590 1166 5629 a
1193 5583 1391 5630 natura
1420 5583 1795 5645 comparatum
1823 5584 1943 5639 est;
1978 5591 2103 5630 nam

543 5688 644 5728 nec
677 5688 734 5727 se
757 5674 905 5743 ipsos
928 5682 1139 5728 mutare
1165 5682 1481 5744 potuerunt.

614 5763 850 5831 Rursus,
902 5766 947 5820 si
991 5765 1140 5830 boni,
1171 5780 1237 5819 eo
1278 5764 1424 5835 quod
1464 5764 1615 5824 iuxta
1658 5773 1909 5819 naturam
1948 5777 2100 5818 suam

542 5860 663 5914 vita;
695 5858 930 5913 rationes
956 5856 1271 5925 instituunt,
1306 5857 1464 5914 laude
1491 5858 1638 5927 digni
1663 5865 1810 5923 sunt,
1847 5843 1977 5911 cum~
2000 5870 2102 5909 ua-

2283 4756 2346 4809 Ei
2388 4752 2640 4825 κρεῖσσόν
2679 4751 2795 4805 ἐστι
2831 4749 2892 4803 τὸ
2922 4749 3127 4803 δίκαιον
3162 4743 3298 4799 εἶναι
3323 4744 3417 4799 τοῦ
3452 4743 3660 4807 ἀδίκου,
3690 4739 3777 4794 διὰ

2213 4847 2265 4901 τί
2300 4846 2539 4908 τοιοῦτος
2585 4841 2807 4897 αὐτόθεν
2843 4841 2871 4892 ὁ
2898 4838 3182 4911 ἄνθρωπος
3223 4835 3330 4890 ἀπὸ
3376 4833 3475 4903 τῆς
3512 4830 3777 4901 γενέσεως

2214 4939 2273 4992 οὐ
2315 4938 2550 5009 γίνεται;
2597 4935 2660 4987 Εἰ
2688 4934 2745 4987 δὲ
2791 4932 3032 5003 ὕστερον,
3075 4931 3222 4992 ὅπως
3263 4925 3500 4998 ἀμείνων
3550 4922 3772 4993 γενηθῇ,

2215 5028 2600 5100 σωφρονίζεται
2646 5026 2926 5098 μαθήμασι
2957 5023 3051 5077 καὶ
3089 5022 3300 5092 νόμοις·
3331 5017 3406 5081 ὡς
3434 5015 3775 5080 αὐτεξούσιος

2212 5123 2319 5194 ἄρα
2361 5117 2768 5192 σωφρονίζεται,
2797 5117 2890 5172 καὶ
2913 5117 3013 5171 οὐκ
3037 5118 3102 5168 ὲκ
3126 5112 3339 5183 φύσεως
3369 5107 3445 5161 ὣν
3480 5106 3669 5171 κακός.

2281 5304 2343 5357 Εἰ
2368 5304 2417 5355 οἱ
2444 5300 2667 5373 πονηροὶ
2692 5298 2914 5371 ιτονηρολ⁵
2937 5294 3078 5350 κατά
3102 5292 3312 5361 γένεσιν
3333 5289 3488 5358 φύσει
3512 5285 3775 5366 Προνοίιις

2207 5399 2417 5465 ταγαῖς,
2451 5395 2549 5448 οὐκ
2574 5394 2680 5445 εἰσὶ
2720 5389 2957 5463 μεμπτοὶ
2988 5387 3083 5439 καὶ
3115 5384 3253 5450 ἄξιοι
3287 5380 3553 5451 τιμωρίας
3582 5378 3680 5449 τῆς
3711 5379 3775 5430 ἐκ

2207 5490 2313 5543 τῶν
2360 5489 2559 5560 νόμων,
2603 5486 2803 5550 ζῶντες
2844 5483 2962 5537 κατ’
3004 5477 3171 5549 αὐτὴν
3206 5475 3305 5547 τὴν
3345 5473 3552 5528 οἰκείαν
3590 5471 3771 5541 φύσινο

2206 5583 2327 5635 ἐπεὶ
2354 5581 2427 5652 μὴ
2457 5578 2765 5649 δεδύνηνται
2794 5570 3211 5643 μεταϐληθῆναι.

2274 5758 2383 5810 Καὶ
2415 5755 2621 5818 ἄλλως·
2651 5753 2701 5805 εἰ
2739 5752 2788 5803 οἰ
2835 5748 3028 5818 ἁγαθοὶ
3066 5745 3207 5800 κατὰ
3234 5745 3332 5815 τὴν
3366 5740 3575 5797 οἰκείαν
3612 5736 3773 5810 φύσιν

2205 5850 2405 5916 ζῶντές
2443 5852 2581 5901 εἰσιν
2622 5845 2914 5909 ὲπαινετοὶ,
2949 5834 3052 5914 τῆς
3092 5839 3357 5911 γενέσεως
3396 5834 3561 5906 οὔσης
3593 5831 3773 5894 αἰτίας
