4150 6444
365 443 470 499 175

1450 436 1835 494 CONVIVIUM
1874 436 2103 493 DECEM
2144 434 2504 491 VIRGINUM.

3517 435 3621 489 174

360 558 456 614 τοῦ
490 554 625 613 εἶναι
656 559 782 623 τοὺς
818 558 1074 627 ἀγαθους’
1120 558 1244 611 οὐδὲ
1285 559 1337 610 οἰ
1369 558 1595 629 πονηροὶ
1631 558 1760 629 ἄρα,
1807 556 1947 613 κατά

2059 555 2180 609 talis
2202 554 2442 610 fatalitas
2480 555 2589 611 illis
2618 564 2811 611 auctor
2836 555 2905 611 sit
2930 564 2991 609 ut
3023 556 3151 610 boni
3180 555 3291 610 sint
3318 573 3331 610 :
3365 555 3526 625 plane
3557 572 3626 611 ne

361 651 459 725 τὴν
506 652 712 707 οἰκείαν
756 653 919 722 φύσιν
966 652 1188 718 ζῶντες,
1236 650 1498 705 αἰτιατέοι
1552 649 1702 720 παρὰ
1742 650 1946 721 ’δικαίῳ

366 747 547 817 κριτῇ.
608 744 717 798 Καὶ⁵
774 746 824 797 εί
869 744 973 815 χρὴ
1025 743 1321 814 διαρρήδην
1360 743 1554 803 εἰπεῖν,
1600 743 1629 793 ὁ
1663 740 1804 793 κατά
1845 742 1944 813 τὴν

365 834 673 906 προσοῦσαν
702 834 850 906 αὑτῷ
875 834 1034 903 φύσιν
1058 833 1165 898 ζῶν
1193 832 1346 886 οὐδὲν
1375 831 1699 904 ἁμαρτάνει.
1739 833 1811 886 Οὺ
1835 831 1943 903 γὰρ

364 925 556 980 ἑαυτὸν
585 925 806 996 ἐποίησε
837 924 1097 987 τοιοῦτον,
1148 923 1261 978 ἀλλ’
1304 926 1336 994 ἠ
1377 923 1711 996 εἱμαρμένη·
1756 926 1849 978 καὶ
1875 926 1942 996 ζῇ

365 1017 507 1073 κατά
542 1017 641 1088 τὴν
676 1017 877 1089 ταύτης
919 1016 1154 1088 κίνησιν,
1198 1016 1461 1087 ἀγόμενος
1484 1015 1744 1085 ἀφύκτοις
1778 1016 1943 1085 ἀνάγ-

366 1122 512 1174 καις.
562 1109 749 1173 Οὐδεὶς
793 1105 886 1163 οὖν
935 1109 1125 1171 κακός.
1182 1107 1321 1161 Ἀλλ’
1367 1108 1475 1161 εἰσί
1529 1107 1716 1161 κακοί·
1756 1110 1869 1162 ’καὶ
1908 1110 1941 1179 ἡ

371 1201 469 1271 μὲν
510 1200 679 1254 κακία
709 1201 905 1274 ψεκτὴ,
934 1202 1029 1255 καὶ
1062 1199 1233 1272 ἐχθρά
1252 1198 1489 1270 τῷξθεῷ,
1515 1198 1591 1263 ὡς
1618 1200 1943 1273 συνέστησεν

367 1293 397 1345 ὁ
420 1292 606 1362 λόγος·
656 1296 689 1364 ἡ
717 1294 773 1348 δέ
820 1293 984 1367 ἀρετὴ
1015 1292 1317 1365 προσφιλὴς
1352 1292 1448 1345 καὶ
1486 1293 1766 1365 ἐπαινετὴ,
1807 1292 1941 1347 Θεοῦ

368 1384 717 1450 διατάξαντος
753 1385 917 1457 νόμον
942 1386 1187 1458 τιμωρὸν
1224 1382 1430 1438 κακῶν.
1461 1384 1574 1437 Οὐκ
1612 1384 1720 1455 ἄρα
1755 1386 1947 1457 εἱμαρ-

372 1478 531 1549 μένη.

2050 646 2177 699 mali
2204 646 2449 716 quidem,
2486 646 2580 716 qui
2626 646 2729 716 ipsi
2756 662 2978 717 quoque
3009 649 3089 703 sic
3128 649 3316 703 vivant
3349 656 3407 702 ut
3434 663 3625 702 earum

2047 743 2246 791 natura
2277 744 2445 808 atque
2476 738 2692 794 indoles
2723 741 2922 809 poscit,
2955 740 3216 810 culpandi
3241 749 3403 795 erunt
3426 755 3456 794 a
3480 739 3628 808 justo

2042 830 2248 899 judice.
2280 830 2516 895 Etenim,
2553 832 2599 886 si
2639 832 2787 887 clare
2820 833 3153 903 loquendum
3185 839 3291 895 est,
3324 834 3417 904 qui
3447 834 3521 887 ita
3546 833 3631 887 vi-

2049 923 2122 976 vit
2160 930 2219 977 ut
2262 923 2341 976 illi
2387 939 2455 978 ex
2492 931 2690 979 natura
2730 926 2965 981 inditum
3000 932 3106 992 est,
3143 926 3278 979 nihil
3307 925 3424 996 ipse
3452 926 3633 982 delin-

2050 1014 2190 1084 quit.
2222 1013 2341 1069 Non
2377 1016 2523 1070 enim
2556 1016 2671 1087 ipse
2696 1032 2756 1072 se
2793 1018 2995 1087 ipsum,
3036 1018 3131 1072 sed
3160 1017 3330 1073 fatum
3355 1020 3517 1073 talem
3547 1018 3631 1075 fe-

2050 1108 2123 1161 cit
2150 1127 2162 1160 :
2198 1122 2375 1177 exque
2397 1108 2750 1165 illiuS'motus
2782 1110 3158 1180 compulsione
3180 1111 3333 1178 vivit,
3361 1110 3633 1167 inelucta—

2048 1198 2144 1254 bili
2198 1201 2528 1257 necessitate
2579 1208 2808 1279 tractus.
2851 1200 3023 1257 Nemo
3070 1202 3235 1272 igitur
3291 1209 3377 1257 est
3429 1203 3629 1259 malus.

2051 1291 2215 1361 Atqui
2274 1293 2401 1346 mali
2450 1300 2597 1347 sunt.
2637 1292 2703 1346 Et
2762 1293 2972 1348 malitia
3027 1292 3248 1363 quidem
3300 1293 3632 1364 vitupcriuni

2052 1384 2239 1448 habet,
2272 1399 2337 1439 ac
2376 1382 2488 1439 Deo
2520 1384 2741 1439 inimica
2788 1390 2895 1450 est,
2918 1391 2979 1438 ut
3023 1383 3279 1453 superius
3313 1383 3492 1439 evici:
3525 1382 3633 1438 vir-

2053 1482 2147 1530 tus
2177 1490 2311 1529 vero
2340 1476 2591 1530 amabilis
2628 1482 2683 1530 et
2715 1475 2875 1531 laude
2908 1475 3091 1545 digna,
3133 1489 3258 1530 cum
3289 1473 3434 1531 Dens
3459 1476 3634 1547 legem

2052 1565 2386 1621 ulciscendis
2407 1566 2566 1621 malis
2591 1566 2959 1621 constituerit.
2990 1564 3110 1620 Non
3141 1565 3309 1637 igitur
3327 1574 3413 1623 est
3437 1565 3633 1623 fatum.

1036 1681 1167 1738 CAP.
1203 1681 1370 1738 XVII.
1403 1682 1843 1751 Concupiscentia
1874 1684 2056 1738 carnis
2079 1691 2128 1738 et
2156 1678 2374 1752 spiritus
2401 1700 2418 1737 :
2452 1684 2638 1737 vitium
2659 1693 2709 1736 et
2737 1684 2923 1738 virtus.

440 1799 552 1854 Καὶ
576 1801 629 1854 τί
656 1800 908 1856 τοσοῦτον
954 1802 1399 1875 ἐπιδιατρίϐουσα
1435 1805 1549 1859 τοῖς
1576 1802 1838 1872 ἐλέγχοις,
1879 1802 1955 1865 εἰς

2131 1800 2200 1854 Αι
2238 1801 2368 1870 quid
2423 1800 2523 1870 ego
2581 1799 2915 1870 stringendis
2956 1798 3312 1854 elenchorum
3363 1797 3639 1854 machinis

374 1894 549 1965 μῆκος
576 1892 753 1961 ἐξάγω
776 1894 866 1947 τὸν
897 1893 1075 1963 λόγον,
1103 1895 1174 1949 τὰ
1197 1895 1597 1967 ἀναγκαιότερα
1622 1895 1759 1966 πρὸς
1782 1894 1954 1948 πειθὼ

373 1986 467 2040 xa‘t
508 1986 902 2054 συγκατάθεσιν
946 1986 1041 2040 τοῦ
1094 1988 1463 2059 συμφέροντος
1510 1987 1815 2058 ἐκθεμένη;
1859 1986 1955 2040 καὶ

372 2076 640 2148 πρόδηλον
684 2078 841 2142 πᾶσι,
888 2078 983 2131 καὶ
1027 2078 1087 2142 ἐξ
1128 2078 1344 2144 ὀλίγων,
1390 2079 1488 2149 τὴν
1532 2077 1832 2146 διαφωνίαν
1859 2076 1953 2131 τοῦ

369 2168 712 2239 τεχνήματος
745 2169 923 2223 αὐτῶν
952 2170 1386 2242 ἐξεργασαμένη,
1414 2169 1553 2224 ὥστε
1580 2171 1767 2243 διορᾷν
1815 2170 1955 2237 ἐξεῖ-

372 2275 460 2313 ναι
490 2260 584 2312 καὶ
623 2260 1049 2315 ἐπαισθάνεσθαι
1080 2261 1179 2331 τὴν
1219 2261 1429 2331 πλάνην
1477 2261 1578 2333 ῆδη
1618 2262 1714 2315 καὶ
1739 2261 1954 2332 παιδίῳ,

370 2349 448 2415 ὡς
477 2353 562 2422 ἐφ’
590 2355 721 2424 ἡμῖν
748 2355 864 2407 ἐστι
895 2355 957 2408 τὸ
986 2354 1387 2424 διαπράξασθαι
1414 2354 1475 2407 τὸ
1502 2354 1684 2417 καλὸν,
1723 2353 1756 2424 ἢ
1781 2354 1842 2407 τὸ
1866 2372 1958 2407 κα-

372 2443 490 2506 κὸν,
525 2445 619 2497 καὶ
649 2445 749 2498 οὐκ
794 2447 852 2500 ἐν
886 2448 999 2508 τοῖς
1038 2445 1288 2517 ἀστράσι.
1338 2443 1442 2497 Δύο
1486 2443 1592 2515 γὰρ
1643 2446 1861 2515 κινήσεε
1899 2446 1956 2498 ἐν

372 2535 506 2608 ἡμῖν
525 2536 701 2602 ἐστὸν,
726 2537 988 2609 ἐπιθυμία
1005 2539 1277 2606 πεφυκότε
1292 2538 1407 2609 (54)
1429 2538 1629 2610 σαρκὸς
1646 2537 1739 2591 καὶ
1753 2536 1953 2607 ψυχῆς,

371 2624 688 2699 διαφέρετον
714 2627 984 2699 ἀλλήλοιν
1013 2627 1134 2681 ὅθεν
1169 2628 1265 2680 καὶ⁸
1296 2626 1391 2680 δύο
1418 2626 1650 2697 λαϐέτην
1685 2625 1918 2693 όνόματε
1937 2640 1953 2655 ·

370 2719 406 2793 ἡ
437 2719 536 2790 μὲν
570 2720 679 2791 γὰρ
714 2720 1003 2811 ἀρετῆς,.ἡ
1025 2720 1082 2772 δὲ
1116 2719 1334 2783 κακίας.
1374 2720 1494 2771 Δεῖν
1519 2717 1576 2770 δὲ
1602 2719 1668 2787 τῇ
1696 2714 1956 2787 καλλίστῃ

372 2814 469 2867 καὶ
516 2815 729 2883 χρηστῇ
773 2814 869 2866 καὶ
916 2812 1199 2867 πείθεσθαι
1242 2812 1344 2883 τῆς
1389 2812 1592 2884 ἀρετῆς
1634 2813 1845 2882 ἀγωγῇ,
1888 2811 1957 2865 τὰ

375 2903 630 2977 βέλτιστα
658 2904 765 2975 πρὸ
796 2904 904 2958 τῶν
947 2903 1165 2973 φαύλων
1191 2905 1573 2976 αἱρουμένους.
1633 2903 1793 2957 Ἀλλά
1829 2903 1958 2976 περὶ

373 2994 581 3048 τούτων
610 2995 730 3059 ἅλις
767 2997 891 3068 ἤδη,
923 2997 1015 3050 καὶ
1042 2996 1219 3065 ἐφέξω
1242 2996 1332 3051 τὸν
1362 2996 1537 3065 λόγον.
1568 2994 1829 3067 Αἰδοῦμαι
1849 2994 1957 3065 γὰρ

378 3085 519 3156 μετά
560 3089 687 3151 τοὺς
722 3087 821 3159 τῆς
868 3089 1087 3156 ἁγνείας
1130 3088 1344 3157 λόγους,
1388 3088 1483 3141 καὶ
1518 3086 1955 3158 ἐγκαλύπτομαι,

2059 1891 2268 1947 diutius
2299 1892 2585 1957 immorer,
2638 1907 2764 1946 cum
2798 1892 2866 1947 ad
2897 1892 3237 1948 suadendum
3275 1906 3341 1945 ac
3377 1899 3640 1962 praestan-

2057 1986 2186 2041 dum
2234 1999 2519 2041 assensum
2575 1984 2751 2055 magis
2788 1985 3101 2041 necessaria
3150 1984 3639 2056 commodioraque

2058 2078 2360 2145 ediderim;
2390 2078 2637 2149 artisque
2669 2078 2981 2135 vanissima:
3021 2093 3051 2131 a
3092 2077 3302 2147 se.ipsa
3335 2077 3639 2134 dissensio-

2057 2187 2205 2236 nem,
2242 2172 2494 2243 quamvis
2516 2172 2708 2241 paucis
2738 2186 2805 2226 ex
2833 2171 3107 2241 capitibus
3143 2170 3351 2224 nemini
3385 2185 3496 2224 non
3517 2182 3640 2225 ma-

2056 2261 2315 2317 nifestam
2372 2261 2709 2317 reddiderim
2751 2281 2765 2316 :
2812 2272 2871 2317 ut
2929 2261 3043 2331 jam
3100 2261 3638 2331 errorem_istorum

2059 2355 2222 2425 plane
2260 2356 2466 2410 sentire
2497 2369 2563 2409 ac
2607 2354 2917 2424 perspicere
2955 2354 3040 2408 vel
3072 2352 3224 2423 pueri
3270 2354 3517 2423 possint;
3553 2354 3641 2408 in-

2064 2447 2439 2516 telligereque,
2470 2449 2527 2499 in
2574 2453 2766 2501 nostra
2803 2444 3030 2499 omnino
3058 2444 3223 2499 situm
3254 2444 3430 2500 libera
3460 2442 3635 2499 facul-

2056 2545 2171 2593 tate
2199 2554 2343 2602 esse,
2371 2554 2479 2593 non
2508 2546 2688 2593 autem
2728 2537 2783 2591 in
2828 2537 3022 2601 stellis,
3061 2536 3267 2591 bonum
3303 2546 3398 2589 aut
3434 2537 3639 2592 malum

2057 2629 2307 2685 efﬁcere?
2339 2629 2457 2686 Duo
2485 2631 2687 2701 quippe
2715 2637 2897 2684 motus
2942 2629 2997 2683 in
3029 2629 3191 2684 nobis
3220 2634 3369 2692 sunt,
3402 2634 3636 2698 uterque

2057 2721 2504 2791 concupiscentia
2546 2722 2754 2785 vocati;
2784 2722 2958 2775 altera
2998 2720 3207 2785 carnis,
3256 2720 3428 2775 altera
3474 2720 3640 2791 spiri-

2058 2821 2153 2869 tus
2180 2813 2227 2845 “
2252 2832 2265 2867 :
2303 2814 2448 2869 unde
2480 2819 2536 2867 et
2565 2813 2882 2868 nominibus
2908 2811 3386 2877 discriminantur,
3415 2811 3639 2867 virtutis

2058 2914 2224 2978 atque
2254 2906 2391 2961 vitii.
2420 2903 2611 2976 Operm
2639 2906 2877 2977 pretium
2902 2915 3083 2960 autem
3129 2913 3213 2961 est
3236 2912 3296 2959 ut
3328 2904 3638 2974 pulcherri-

2057 3014 2160 3054 mae
2204 3006 2260 3054 et
2308 3014 2490 3058 aureae
2527 3000 2967 3069 obtemperemus
3015 2997 3239 3052 virtutis
3282 2995 3639 3058 institutioni,

2060 3090 2267 3161 Optima
2309 3106 2410 3161 pro
2454 3091 2632 3155 malis,
2663 3097 2719 3145 et
2758 3105 2879 3161 quae
2907 3089 3033 3144 vitae
3066 3089 3329 3153 haereant,
3362 3086 3634 3158 eligendo.

373 3179 475 3244 τὰς
512 3179 622 3233 τῶν
671 3181 1087 3254 μετεωρολόγων
1129 3181 1162 3252 ἢ
1209 3181 1624 3253 ματαιοσκόπων
1662 3178 1955 3252 ἀνθρώπων

2069 3180 2177 3239 Sed
2202 3181 2271 3238 de
2304 3183 2396 3238 his
2421 3183 2535 3253 jam
2566 3183 2720 3240 satis.
2743 3181 2963 3239 Tenebo
2989 3181 3134 3237 enim
3164 3197 3251 3238 me
3273 3197 3342 3237 ne
3366 3182 3523 3252 plura
3556 3180 3643 3235 di—

375 3272 800 3344 ἀναγκαζομένη
841 3273 996 3338 δόξας
1033 3272 1427 3345 ἐξηγήσασθαι,
1462 3272 1512 3326 οἳ
1551 3274 1646 3326 τὸν
1682 3271 1783 3342 τῆς
1820 3270 1955 3343 ζωῆς

2069 3287 2211 3339 cam,
2242 3274 2573 3330 verecundia
2604 3275 2841 3347 quadam
2875 3273 3062 3339 ducta,
3095 3289 3165 3329 ne
3197 3274 3462 3330 hactenus
3494 3273 3645 3328 habi-

378 3364 498 3436 μετ’
538 3366 766 3437 οἰήσεως
806 3365 1159 3419 ἀναλίσκουσι
1198 3366 1409 3437 χρόνον,
1442 3364 1679 3435 οὐδενὶῆ
1713 3363 1961 3435 μυθικοῖς

375 3456 804 3544 ἐνδιατρίϐοντες
826 3459 1127 3531 πλάσμασι.
1172 3460 1358 3515 Ταῦτά
1395 3478 1475 3515 σοι
1520 3461 1616 3514 καὶ
1645 3459 1754 3513 τῶν
1771 3459 1958 3544 θημῶν,

377 3539 426 3599 ὦ
457 3547 711 3601 δέσποινα
751 3550 967 3620 Ἀρετὴ,
988 3550 1095 3603 ἀπὸ
1116 3550 1425 3623 θεορῤήτων
1460 3539 1961 3622 συγκαθυφασμένα

378 3636 578 3708 λόγων,
601 3640 1053 3711 προσκομιζέσθω
1088 3640 1158 3694 τὰ
1186 3641 1358 3714 δῶρα.

2066 3373 2155 3423 tos
2180 3366 2247 3422 de
2272 3366 2593 3437 virginitate
2614 3381 2918 3431 sermones,
2946 3366 3051 3421 hac
3076 3381 3271 3436 parum
3305 3375 3644 3437 congruente

2065 3474 2336 3531 nugarum
2376 3459 2896 3514 commemoratione
2941 3457 3332 3512 contaminem.
3384 3455 3452 3509 Et
3495 3465 3645 3511 certe

2066 3549 2257 3620 pudet,
2288 3548 2437 3619 quod
2480 3548 2767 3604 hominum
2813 3556 3180 3603 meteororum
3228 3547 3645 3617 cmlestiumque

2068 3641 2356 3696 scientiam
2390 3639 2510 3711 (seu
2539 3641 2715 3711 magis
2746 3641 2965 3696 inanem
3012 3639 3477 3711 observationem)
3516 3653 3646 3709 pro-

381 3732 677 3801 ﬂtentium,
702 3738 989 3808 opiniones
1016 3737 1222 3793 referre
1273 3752 1499 3794 necesse
1557 3738 1880 3807 habuerim;
1917 3738 2014 3809 qui
2061 3738 2319 3794 videlicet
2363 3737 2495 3793 solis
2542 3737 2741 3792 fabulis
2774 3744 2938 3807 atque
2975 3735 3249 3807 ﬁgmentis
3282 3735 3474 3790 dantes
3514 3747 3648 3804 ope-

381 3845 521 3894 ram,
563 3832 713 3887 inani
761 3831 909 3888 fastu
958 3848 1023 3887 ac
1050 3832 1335 3902 jactantia,
1371 3834 1495 3889 vitae
1527 3841 1745 3904 tempus
1799 3835 2108 3891 insumunt.
2145 3835 2324 3904 Atque
2350 3833 2468 3889 haec
2497 3832 2597 3888 tibi
2637 3848 2667 3886 a
2692 3831 2873 3898 nobis,
2908 3846 2942 3886 ο
2970 3830 3190 3886 domina
3235 3831 3419 3893 Arete,
3442 3842 3511 3884 ex
3561 3826 3649 3884 di-

379 3925 526 3984 vinis
552 3934 806 3982 contexta
827 3929 1191 3995 sermonibus,
1216 3945 1283 3985 en
1311 3930 1407 3986 tibi
1429 3932 1697 3987 sistantur
1717 3931 1884 3985 dona.

453 4020 747 4076 ΕΥΒΟΥΛ.
832 4022 920 4085 Ὠς
969 4022 1089 4076 λίαν
1134 4024 1508 4093 ἀγωνιστικῶς
1561 4028 1594 4098 ἠ
1641 4026 1819 4080 Θέκλα
1870 4024 1964 4080 καὶ

384 4110 630 4176 ἐνδόξως,
666 4107 711 4166 ὦ
749 4114 1048 4186 Γρηγόριον
1068 4133 1083 4182 ;
1226 4110 1231 4115 ’

454 4202 740 4256 ΓΡΗΓΟΡ.
777 4203 841 4257 Τί
878 4201 991 4269 οὖν,
1038 4205 1071 4276 ἢ
1102 4206 1272 4277 αὐτῆς
1307 4207 1524 4278 ἐκείνης
1552 4206 1829 4278 ἀκηκόεις,
1862 4208 1962 4279 ρύ-

382 4293 481 4366 δην
508 4295 601 4347 καὶ
632 4294 872 4366 εὐτρόχῳ
893 4299 958 4368 τῇ
983 4296 1197 4370 γλώττῃ
1228 4296 1365 4369 μετὰ
1392 4297 1591 4369 πολλῆς
1621 4298 1840 4369 χάριτος
1867 4297 1963 4351 καὶ

2142 4019 2393 4075 EUBUL.
2437 4022 2611 4088 Quam
2637 4019 2982 4091 pugnaciter,
3019 4033 3053 4074 ο
3082 4018 3425 4092 Gregorium,
3450 4035 3650 4092 quam-

2070 4128 2176 4183 que
2206 4114 2494 4183 magnilice
2518 4114 2820 4185 disputavit
2843 4112 3081 4168 Thecla?

2140 4203 2347 4259 GREG.
2380 4204 2521 4271 Quid
2572 4205 2618 4260 si
2671 4219 2788 4260 eam
2840 4204 3015 4274 ipsam
3049 4203 3270 4272 copiosa
3294 4202 3648 4274 versatilique

2069 4297 2399 4367 eloquentia,
2454 4312 2576 4350 cum
2636 4309 2846 4349 summa
2903 4293 3076 4365 gratia
3114 4300 3169 4348 et
3196 4293 3475 4361 voluptate
3512 4307 3649 4348 con~

383 4384 579 4456 ἡδονῆς
619 4386 1035 4459 διαλεγομένης;
1076 4388 1216 4443 ὥστε
1263 4390 1570 4461 ἀγασθῆναι
1601 4408 1723 4445 τινα
1767 4389 1955 4463 προσέ-

2064 4388 2280 4458 juncta,
2332 4385 2723 4442 edisserentem
2758 4384 3064 4441 audiisses?
3097 4389 3156 4437 ut
3183 4381 3535 4437 admirationi
3562 4390 3648 4437 at-

384 4492 579 4547 χοντα,
609 4476 704 4530 καὶ
740 4478 838 4548 τῆς
885 4480 1096 4551 μορφῆς
1136 4480 1474 4553 ἐπανθούσης
1505 4484 1620 4545 τοῖς
1658 4482 1856 4551 λόγοις,
1884 4481 1955 4546 ὡς

2063 4478 2416 4536 tendentibus
2431 4487 2595 4543 esset,
2615 4476 2871 4548 splendor
2887 4477 3032 4531 omni
3049 4482 3243 4532 ornatu
3256 4473 3647 4530 elllorescentis

385 4566 706 4631 ἐνδιαθέτως
737 4569 831 4622 καὶ
863 4567 941 4638 τῷ
968 4569 1080 4623 όντι
1115 4571 1534 4643 φανταζομένως
1559 4575 1688 4644 περὶ
1716 4567 1790 4628 ὧν
1823 4576 1966 4646 ἀφη-

385 4661 534 4726 γεῖτο
586 4658 832 4726 διετέλει,
891 4661 1427 4736 ὑπερυθραινομένης
1484 4667 1620 4740 αὐτῇ
1678 4669 1818 4723 αἰδοῖ
1867 4670 1966 4742 τῆς

386 4744 590 4908 ἴρεως·
634 4747 732 4819 ὅλη
770 4747 879 4821 γὰρ
908 4747 1046 4805 εἷναι
1081 4753 1290 4823 πέφυκε
1328 4752 1499 4827 λευκὴ
1542 4757 1636 4810 καὶ
1679 4757 1838 4829 σῶμα
1871 4760 1965 4813 καὶ

435 4840 594 4910 υχήν.

470 4857 594 4910 χην.

457 5019 753 5074 ΕΥΒΟΥΛ.
805 5020 1032 5092 Ὀρθῶς,
1060 5016 1104 5075 ὧ
1135 5024 1455 5098 Γρηγόριον,
1491 5029 1664 5083 ταῦτα
1713 5032 1839 5101 φῂς,
1873 5031 1967 5085 καὶ

388 5108 539 5165 οὐδὲν
569 5111 747 5166 αὐτῶν
773 5112 986 5183 ψεῦδος.
1017 5114 1227 5183 Ἔγνων
1256 5116 1364 5188 γὰρ
1392 5119 1486 5171 καὶ
1521 5118 1628 5172 ἀπὸ
1651 5120 1759 5174 τῶν
1793 5119 1967 5175 ἄλλων

388 5200 893 5276 ἀνδραγαθημάτων
942 5205 1104 5277 μῆτιν
1148 5207 1337 5280 αὐτῆς,
1373 5210 1466 5262 καὶ
1513 5209 1689 5279 λέγειν
1715 5213 1825 5285 ,ὅσα
1875 5214 1969 5268 καὶ

463 5359 510 5390 ⁸⁵
541 5357 659 5416 ϐαι.
693 5378 749 5428 v,
777 5363 866 5419 17.

464 5514 577 5590 (54)
608 5518 932 5585 Πεςρυκότε.
968 5518 1060 5574 Sic
1085 5518 1379 5590 aliquando
1410 5535 1475 5575 ex
1502 5521 1818 5590 conjectura
1844 5539 1966 5579 cor-

392 5587 704 5661 rigebamus
756 5591 1051 5661 πεφυκότες
1110 5587 1190 5644 υι“
1218 5605 1415 5661 genere
1468 5587 1792 5656 congrueret
1839 5610 1963 5648 cum

393 5656 541 5732 diiali
574 5656 913 5732 praecedente
939 5656 1359 5732 ἐπιθυμίαξδθά
1394 5671 1536 5731 post,
1574 5660 1854 5717 Mazarino
1880 5679 1969 5718 co—

393 5727 515 5800 dice
549 5737 604 5782 et
625 5729 779 5800 ipso
801 5731 1073 5798 πεφυκότε
1107 5727 1450 5800 praeferente,
1482 5734 1966 5788 animadvertimus

394 5797 681 5873 ejusmodi
708 5797 1061 5873 σολοικοφανῆ
1107 5797 1346 5873 antiquis
1384 5817 1491 5857 non
1539 5804 1852 5873 displicere.
1887 5801 1967 5858 Ita

394 5863 621 5924 Photius
646 5869 824 5940 primo
854 5863 1194 5926 Bibliotheca:
1226 5863 1338 5927 suae
1369 5874 1558 5931 codice
1586 5863 1778 5931 scribit
1797 5872 1965 5945 αὐξη-

2071 4570 2363 4636 dictionis;
2397 4572 2473 4625 ita
2517 4585 2585 4625 ex
2617 4569 2799 4623 animo
2850 4584 2914 4623 ac
2962 4568 3164 4625 mentis
3192 4582 3356 4639 penu,
3388 4566 3646 4636 verisque

2067 4663 2400 4735 imaginibus
2458 4675 2766 4718 sermonem
2820 4659 3265 4729 exsequebatur,
3322 4657 3392 4713 de
3443 4657 3646 4729 quibus

2069 4758 2438 4813 narrationem
2477 4755 2811 4820 instituerat,
2832 4767 2959 4809 cum
2984 4752 3200 4807 interim
3230 4751 3379 4806 illius
3423 4765 3647 4823 quoque

2067 4849 2236 4905 facies
2265 4848 2335 4903 ob
2365 4846 2751 4903 verecundiam
2783 4846 2984 4901 rubore
3025 4843 3468 4901 suﬂ‘underetur:
3527 4849 3644 4896 tota

2066 4955 2301 5010 namque
2333 4946 2388 4995 et
2414 4954 2644 5011 corpore
2658 4946 2712 4995 et
2739 4938 2922 4993 animo
2943 4938 3182 4993 candore
3207 4934 3535 4992 collucebat.

2140 5029 2391 5085 EUBUL.
2448 5030 2614 5087 Recte
2652 5032 2769 5087 haec
2804 5029 3009 5096 ell‘aris,
3066 5029 3409 5102 Gregorium,
3468 5039 3648 5098 neque

2069 5124 2159 5179 hic
2182 5124 2451 5181 mendacii
2484 5126 2747 5196 prehendi
2776 5127 3003 5195 poteris.
3027 5124 3164 5181 Novi
3194 5124 3337 5181 enim
3363 5130 3418 5179 et
3441 5137 3507 5177 ex
3542 5132 3648 5177 ce-

2069 5216 2205 5272 teris
2227 5215 2462 5272 heroicis
2492 5218 2630 5272 actis
2668 5216 2818 5272 lllius
2862 5217 3187 5291 sapientiam
3209 5257 3223 5283 ,
3254 5224 3309 5273 et
3360 5228 3480 5286 quae
3509 5228 3646 5284 qua-

2070 5527 2273 5582 θέντων
2306 5528 2673 5599 παραδόσεων.
2709 5529 2881 5595 Quem
2916 5528 2973 5582 in
3005 5528 3186 5582 locum
3219 5526 3563 5583 Hmschelius
3589 5525 3648 5599 in

2068 5596 2615 5671 notissui‘s'similia
2659 5599 3013 5671 probatorum
3060 5608 3348 5671 auctorum
3398 5596 3646 5665 exempla

2069 5669 2297 5740 colligit.
2337 5668 2507 5725 Paulo
2553 5667 2678 5740 post
2717 5667 2827 5723 δεῖν
2874 5668 3109 5739 positum
3136 5682 3238 5737 pro
3264 5667 3365 5740 δεῖ,
3410 5675 3468 5740 ut
3504 5679 3648 5740 saepe

2069 5733 2290 5797 alias'in
2319 5740 2424 5797 hoc
2459 5733 2623 5813 opc're
2656 5733 2956 5797 inﬁnitivus
2979 5751 3078 5808 pro
3106 5733 3382 5809 praesenti.
3412 5734 3512 5789 En.
3538 5733 3646 5789 Lu-

2070 5823 2191 5864 PAR.
