4150 6402
555 380 656 438 Ιῖὃ

1546 385 1603 438 S.
1646 383 1979 441 METHODII
2023 383 2331 441 EPISCOPI
2370 384 2459 441 ET
2502 387 2860 445 MARTYRIS

3696 398 3799 454 176

550 507 729 577 liaque
757 505 904 559 illam
930 519 1188 576 perorare
1217 502 1529 572 contigerit,
1560 502 1880 559 excellentis
1911 518 2113 571 semper

2226 495 2317 557 οἷα
2368 503 2750 575 κατώρθωσεν,
2795 508 3236 580 ὑπερὸαλλούσης
3285 510 3504 585 ἀγάπης
3543 512 3802 581 ἐπίδειξιν

551 602 604 655 in
655 599 933 654 Christum
982 596 1270 652 charitatis
1317 600 1644 651 documenta
1688 595 2125 650 luculentissima

545 691 727 747 edenti
750 709 763 745 :
792 697 963 759 utque
986 689 1154 742 decus
1179 701 1285 740 una
1316 687 1633 757 multiplicis
1658 687 1904 758 martyrii
1924 685 2124 755 sacpius

547 779 760 835 iteratis
793 778 1095 848 ingentium
1135 775 1494 831 certaminum
1524 776 1691 830 claris
1727 776 1972 831 victoriis
2002 775 2124 845 glo-

544 872 693 928 riose
715 871 923 933 tulerit,
953 871 1009 923 in
1031 869 1228 938 quibus
1254 876 1309 923 et
1336 867 1756 937 magnanimitas
1776 866 2122 937 aggrediendi

544 972 600 1019 et
630 965 794 1018 ardor
822 978 936 1017 rem
976 962 1219 1032 gerendi,
1257 960 1409 1031 paria
1454 960 1697 1023 luerunt,
1728 958 2121 1030 magnitudini-

544 1074 653 1129 que
678 1055 1035 1111 consiliorum
1066 1062 1121 1108 et
1152 1054 1369 1117 mentis,
1389 1070 1453 1107 ex
1482 1069 1636 1124 inquo
1660 1068 1874 1122 semper
1902 1066 2124 1121 respon-

544 1150 625 1205 dit
658 1149 888 1204 ﬁrmitas
916 1148 1192 1216 roburque
1232 1148 1498 1215 corporis.

615 1239 824 1296 GREG.
862 1239 1159 1296 Verissime
1192 1250 1243 1293 et
1274 1248 1330 1292 tu
1364 1253 1587 1302 narras;
1641 1237 1739 1291 sed
1783 1252 1850 1291 ne
1902 1236 1990 1291 bis
2021 1235 2122 1288 im-

544 1351 842 1393 moremur.
876 1333 1010 1389 Nam
1040 1335 1107 1389 de
1131 1333 1328 1386 talibus
1377 1338 1432 1385 et
1470 1331 1606 1385 alias
1634 1345 1797 1399 smpe,
1829 1345 1956 1384 cum
1987 1329 2121 1384 lice-

540 1429 646 1493 bit,
679 1442 839 1499 agere
888 1428 1030 1480 inter
1062 1440 1160 1479 nos
1188 1424 1508 1494 poterimus.
1554 1422 1711 1476 Nunc
1756 1430 1882 1477 ante
1937 1420 2122 1475 omnia

540 1520 771 1576 reddere
810 1534 896 1573 me
947 1517 1045 1571 tibi
1088 1518 1264 1579 decet,
1301 1532 1440 1586 quos
1481 1514 1740 1585 promisi,
1786 1513 2121 1583 reliquarqu

542 1628 760 1686 quoque
795 1611 1064 1682 virginum
1113 1624 1415 1675 sermones,
1458 1609 1718 1663 nimirum
1750 1605 2002 1678 Tysianae
2018 1604 2123 1659 Do-

541 1706 887 1775 mninzeque:
928 1704 1010 1757 ba:
1038 1702 1306 1772 siquidem
1339 1709 1549 1756 restant
1583 1701 1730 1756 solae.
1760 1697 1829 1753 Ut
1864 1699 2031 1769 igitur
2058 1696 2122 1750 ﬁ-

541 1815 665 1856 nem
688 1796 904 1853 dicendi
931 1795 1131 1850 Thec-la
1157 1794 1304 1857 fecit,
1333 1794 1400 1847 iis
1428 1802 1535 1847 tam
1574 1793 1761 1847 multis
1792 1806 1910 1862 qua:
1930 1804 2111 1844 recen-

2229 597 2522 669 ποιουμένη
2577 598 2830 669 Χριστῷ’
2886 600 2981 652 καὶ
3050 599 3126 664 ὡς
3178 602 3483 675 διαπρεπὴς
3543 606 3801 672 πολλάκις

2226 686 2398 759 ἐφάνη
2428 692 2539 754 τοῖς
2579 692 2836 761 μεγάλοις
2871 694 2964 746 καὶ
2998 694 3231 767 πρώτοις
3264 694 3446 760 ἄθλοις
3483 697 3799 766 ὑπαντῶσα,

2224 779 2331 833 τῶν
2373 783 2666 854 μαρτύρων
2707 783 2826 855 ἴσην
2873 788 2938 856 τῇ
2986 785 3263 858 προθυμίᾳ
3295 785 3393 859 τὴν
3427 788 3662 861 σπουδὴν
3709 807 3802 846 κε-

2225 870 2490 941 κτημένη,
2519 872 2612 924 καὶ
2644 875 2708 944 τῇ
2753 874 2902 945 ἀκμῇ
2929 873 3039 928 τῶν
3073 875 3454 949 βουλευμάτων
3476 878 3577 952 τὴν
3608 876 3801 955 ῥώμην

2222 981 2317 1017 του
2349 981 2619 1035 σωματος.

2293 1251 2579 1305 ΓΡΗΓΟΡ.
2628 1251 2989 1324 ’Λληθὲστατα
3026 1255 3119 1307 καὶ
3150 1254 3213 1306 σὺ
3247 1253 3350 1323 φῄς
3370 1269 3385 1284 °
3406 1251 3543 1307 ἀλλά
3575 1250 3650 1325 μὴ
3679 1251 3798 1307 δια-

2221 1342 2516 1413 τρίϐωμεν.
2559 1343 2776 1397 Τούτων
2818 1345 2926 1415 γὰρ
2970 1345 3094 1415 πέρι
3140 1346 3233 1399 καὶ
3277 1345 3385 1399 τῶν
3432 1341 3588 1408 αὖθις
3643 1345 3797 1401 ἔσται

2223 1432 2482 1498 πολλάκις
2511 1437 2657 1505 ἡμᾶς
2686 1436 3047 1500 διαλέξασθαι.
3082 1436 3196 1492 Νῦν
3228 1437 3283 1490 δὲ
3316 1436 3532 1509 πρῶτον
3560 1438 3656 1491 καὶ
3687 1436 3800 1493 τῶν

2223 1524 2351 1596 ἑξῆς
2391 1526 2672 1595 παρθένων
2712 1527 3024 1596 ὲξαγγείλαί
3068 1546 3135 1600 με
3166 1529 3248 1582 δεῖ
3285 1546 3367 1581 σοι
3406 1529 3531 1592 τοὺς
3579 1529 3795 1598 λόγους,

2223 1617 2407 1681 καθὼς
2441 1620 2712 1691 ὑπέστην
2752 1619 2949 1690 μᾶλλον
2981 1620 3037 1672 δὲ
3072 1620 3343 1689 Τυσιανῆς
3377 1620 3471 1673 καὶ
3496 1618 3793 1693 Δομνίνης·

2222 1703 2381 1765 αὗται
2427 1712 2535 1783 γὰρ
2575 1713 2655 1765 ἔτι
2709 1712 3134 1783 περιλείπονται.
3189 1715 3276 1777 Ὠς
3307 1710 3401 1767 οὖν
3440 1712 3798 1769 ἀπεπαύσατο

2223 1805 2318 1859 καὶ
2361 1806 2394 1874 ἡ
2428 1798 2603 1859 Θὲκλα
2646 1807 2882 1861 τοσαῦτα
2920 1806 3176 1871 εἰποῦσα,
3214 1806 3317 1877 ἔφη
3354 1806 3653 1875 προστάξαι
3699 1807 3797 1881 τὴν

540 1891 625 1948 sui
659 1888 950 1960 peroratis,
994 1885 1262 1942 referebat
1293 1884 1601 1954 Tbeopatra
1654 1884 1952 1968 imperasse
1983 1881 2113 1936 Are-

2235 1873 2457 1966 Ἀρετὴν
2496 1897 2529 1965 ἡ
2579 1894 2864 1967 Θεοπάτρα
2912 1898 2978 1966 τῇ
3012 1873 3266 1966 Τυσιανῇ
3303 1873 3520 1964 λέγειν·
3570 1873 3669 1968 τὴν

541 1992 631 2039 ten
674 1981 947 2055 Tysianze,
979 1987 1039 2035 ut
1075 1980 1265 2053 locum.
1310 1977 1501 2033 orandi
1543 1962 1794 2048 capei'et;
1826 1976 1960 2030 bant
1993 1988 2123 2029 vero

539 2074 714 2131 levius
740 2070 1113 2129 subridentem
1140 2078 1266 2125 ante
1287 2068 1463 2140 ipsam
1494 2078 1864 2138 progressam,
1906 2066 1963 2121 in
2005 2066 2118 2120 haec

536 2166 703 2222 verba
732 2164 957 2220 dixisse.

977 2331 1437 2428 ORATIO
1521 2337 1687 2423 IX.

1165 2461 1491 2518 TYSIANA.

2223 1986 2595 2057 μειδιάσασαν,
2632 1985 2940 2060 ἔμπροσθεν
2966 1987 3136 2057 αὐτῆς
3162 1987 3470 2060 παρελθεῖν,
3493 1988 3587 2043 καὶ¹
3607 1989 3791 2059 φάναι.

2732 2338 3098 2426 ΛΟΓΟΣ
3155 2340 3266 2430 Θ.

2850 2464 3175 2522 ΤΥΣῙΑΝΗ.

536 2560 670 2635 αλιι.
777 2555 1036 2635 castitas,
1067 2555 1182 2635 veri.
1210 2553 1549 2635 tabernaculi
1577 2561 1795 2635 ornatus
1823 2550 2267 2635 prteCIipuus..Ad
2302 2552 2770 2635 tabernaculorum
2805 2554 2999 2635 festum
3029 2556 3417 2635 celebrandum,
3458 2570 3651 2631 septem
3679 2560 3793 2619 dies

614 2629 797 2685 indicti
830 2625 1061 2704 Juda'is,
1094 2623 1221 2704 quid
1252 2625 1571 2704 signiﬁcent.
1617 2620 1910 2704 S_eptenarii
1952 2621 2118 2704 hujus
2147 2623 2346 2675 incerta
2387 2638 2596 2677 summa
2625 2640 2643 2679 .“
2673 2642 2764 2679 nec
2802 2620 2902 2680 ulli
2935 2627 3115 2698 liquet,
3141 2631 3353 2699 quando
3385 2620 3568 2701 futura
3606 2633 3792 2690 mundi

607 2700 993 2757 consummatio
1015 2691 1116 2752 sitf
1140 2691 1327 2748 Mundi
1357 2691 1563 2763 fabrica
1590 2695 1877 2747 etiamnum
1901 2691 2208 2761 completur.

604 2796 651 2852 0
700 2793 903 2857 Arete,
938 2790 1334 2846 amabilissima
1387 2788 1719 2860 virginitatis
1768 2788 2108 2842 amatoribus

531 2886 807 2960 gloriatio,
844 2898 946 2955 ego
974 2896 1192 2952 quoque
1232 2880 1492 2934 auxilium
1519 2888 1671 2932 tuum
1716 2879 1769 2932 in
1804 2894 1914 2933 rem
1946 2892 2109 2948 quam

529 2980 714 3049 jubes,
748 2975 1014 3045 imploro:
1047 2987 1116 3026 ne
1146 2972 1277 3024 mihi
1300 2970 1447 3041 quod
1466 2969 1641 3024 dicam
1661 2971 1823 3032 desit,
1843 2969 2111 3024 exhausto

2286 2783 2357 2840 Ὦ
2414 2789 2629 2861 Ἀρετὴ,
2673 2792 2972 2863 παρθενίας
3019 2796 3276 2867 ἐρασταῖς
3315 2797 3616 2869 ἐπέραστον
3658 2799 3793 2854 καύ-

2214 2899 2367 2952 χημα
2410 2882 2539 2954 (55),
2574 2884 2729 2953 κάγὼ
2763 2887 3290 2960 συναντιληιζιομένην
3324 2909 3412 2962 μοι
3444 2893 3791 2965 παραστῆναι

2218 2990 2274 3026 σε
2321 2977 2642 3044 παρακαλῶ,
2689 2980 2881 3051 μήπως
2912 2980 3175 3053 ἀπορήσω
3219 2982 3414 3052 λόγων,
3444 2984 3539 3039 ἅτε
3584 2985 3794 3040 πολλῶν

536 3078 616 3124 tot
644 3077 866 3139 tamque
910 3064 1150 3137 copiosis
1192 3064 1423 3118 aliorum
1463 3064 1803 3119 orationibus
1850 3064 2111 3134 subjectae

2217 3068 2318 3139 ἤδη
2376 3070 2468 3122 καὶ
2524 3072 2878 3126 παντοδαπῶν
2932 3074 3255 3143 εἰρημένων.
3307 3075 3399 3128 Διὸ
3445 3077 3539 3131 καὶ
3588 3096 3790 3150 παραι-

533 3160 870 3217 laudationis
905 3167 1249 3230 argumento.
1287 3156 1468 3222 Quare
1497 3157 1551 3210 in
1582 3156 1863 3226 prommiis
1904 3169 2111 3210 sermo-

535 3256 729 3326 nisque
766 3252 1232 3310 insinuationibus
1270 3261 1482 3320 tempus
1508 3248 1758 3320 equidem
1783 3263 2114 3319 operamque

533 3364 643 3405 non
663 3346 908 3419 perdam,
934 3360 1002 3400 ne
1027 3344 1154 3399 dum
1177 3342 1509 3398 exornandis
1527 3356 1648 3411 qua:
1676 3340 1784 3396 illis
1808 3346 2114 3409 congruant

531 3452 738 3495 morazn
772 3444 1014 3499 traxero,
1045 3433 1188 3505 quod
1221 3434 1554 3503 praecipuum
1579 3438 1664 3486 est
1707 3429 1979 3495 eiabatur,
2014 3442 2110 3481 ac-

531 3530 776 3587 cessoria
807 3542 1214 3599 supervacanee
1243 3524 1508 3595 captanti,
1540 3523 1676 3579 adeo
1706 3522 1965 3577 nimirum
1993 3521 2108 3591 glo-

530 3624 702 3687 riosa,
723 3622 1090 3692 praeclaraque
1112 3634 1177 3673 ac
1206 3618 1491 3689 magnitica
1524 3632 1614 3671 res
1642 3623 1728 3671 est
1750 3613 2060 3684 virginitas.

604 3714 770 3777 Deus,
805 3728 929 3767 cum
952 3709 1294 3767 celebranda:
1320 3725 1463 3764 verae
1494 3707 1806 3763 festivitatis
1836 3704 2113 3761 Taberna.

530 3806 780 3861 culorum
810 3804 955 3860 veris
979 3802 1241 3858 lsraelitis
1267 3802 1570 3872 legitimum
1593 3802 1759 3856 ritum
1790 3802 1846 3856 in
1866 3800 2111 3857 Levitico

529 3896 934 3968 praescriberet,
976 3911 1087 3965 pra:
1130 3895 1357 3964 reliquis
1389 3893 1764 3949 exornandum
1806 3894 2004 3963 cuique
2027 3901 2110 3946 ta-

533 3988 884 4043 bernaculum
942 4002 1102 4043 suum
1142 3989 1394 4042 castitate
1434 3986 1628 4041 sancit.
1678 3986 1960 4055 Apponam
1991 3985 2107 4057 ipsa

532 4078 831 4152 Scriptura:
852 4081 1037 4144 verba,
1073 4096 1137 4135 ex
1160 4079 1361 4149 quibus
1387 4079 1509 4135 sine
1532 4080 1639 4133 ulla
1661 4078 1999 4135 dubitatione
2019 4081 2109 4136 de-

528 4174 927 4230 monstrabitur
972 4186 1137 4244 quam
1182 4170 1292 4226 Deo
1345 4170 1676 4229 conveniens
1727 4171 1914 4243 illique
1950 4187 2107 4229 acce-

527 4273 682 4338 ptum
733 4268 805 4323 sit
840 4269 943 4322 hoc
983 4264 1317 4336 virginitatis
1370 4280 1591 4319 tnunus.
1650 4266 1848 4333 Quinto
1904 4268 2105 4321 decimo

492 4421 500 4429 ,
527 4361 614 4418 die
638 4363 828 4417 mensis
842 4364 1052 4431 septimi
1061 4403 1074 4424 ,
1097 4362 1309 4433 quando
1329 4360 1821 4417 consummaueritis
1837 4361 2103 4431 genimina

2214 3162 2412 3233 τοῦμαι
2439 3163 2507 3217 τὰ
2531 3164 2864 3235 προαμιιῦδη
2895 3165 3065 3219 ταῦτα
3094 3167 3187 3220 καὶ
3209 3173 3792 3239 προκατασκευαστικά

2213 3251 2322 3306 τῶν
2355 3252 2547 3321 λόγων,
2581 3256 2666 3308 ἵνα
2698 3256 2793 3327 μὴ,
2839 3256 3160 3328 χρονίζουσα
3196 3262 3541 3330 προσήκοντα
3583 3261 3788 3326 τούτοις

2214 3344 2518 3415 ὲιραρμόττε
2528 3362 2595 3409 ιν,
2618 3346 2792 3399 αὐτῶν
2814 3346 3033 3399 ὲκπέσω
3057 3346 3163 3399 τῶν
3190 3349 3563 3421 προκειμένων
3581 3367 3594 3379 °
3619 3350 3791 3417 οὕτως

2213 3433 2418 3501 ἔνδοξόν
2451 3437 2596 3489 ἐστιν
2623 3438 2655 3507 ἡ
2692 3437 2957 3509 παρθενία
2987 3438 3080 3492 καὶ
3113 3439 3291 3511 τίμιον
3327 3441 3419 3494 καὶ
3452 3441 3790 3513 μεγαλοπρε-

2213 3524 2333 3589 πές.

2293 3706 2352 3758 Ὁ
2400 3706 2532 3770 Θεὸς
2574 3708 2673 3780 τὴν
2723 3710 2916 3780 ἑορτὴν
2962 3710 3060 3780 τῆς
3106 3710 3491 3781 Σκηνοπηγίας
3524 3709 3790 3764 διδάσκων

2211 3799 2308 3869 τῆς
2343 3798 2605 3870 ἀληθινῆς
2633 3802 2759 3865 τοὺς
2794 3800 3081 3872 ἀληθινοὺς
3124 3803 3483 3874 Ἰσραηλίτας,
3525 3804 3641 3868 πῶς
3670 3804 3791 3875 ἑορ-

2209 3892 2392 3958 τάζειν
2439 3896 2522 3948 δεῖ
2563 3896 2655 3949 καὶ
2694 3898 2880 3967 τιμᾷν,
2913 3897 2971 3950 ὲν
3015 3894 3092 3967 τῷ
3137 3896 3422 3962 Λευῖτικῷ
3471 3898 3766 3970 παρίστησι

2212 3989 2412 4059 μᾶλλον
2448 3990 2554 4043 τῶν
2586 3988 2762 4043 ἄλλων
2809 3990 3000 4061 ἁγνείᾳ
3047 3990 3270 4059 φάσκων
3300 3989 3409 4043 δεῖν
3444 3990 3544 4061 τὴν
3587 3992 3783 4046 ὲαυτοι

2209 4081 2413 4152 σκηνὴν
2458 4080 2689 4134 ἕκαστον
2740 4082 2984 4151 κοσμεῖν.
3031 4080 3427 4151 Παραθήσομαι
3477 4080 3535 4134 δὲ
3584 4081 3679 4135 καὶ
3719 4080 3790 4138 τὰ

2206 4174 2313 4227 ἀπὸ
2333 4174 2433 4244 τῆς
2464 4173 2707 4245 Γραφῆς,
2750 4171 2843 4240 ἀφ’
2872 4167 2946 4228 ὧν
2982 4171 3479 4244 ἀναμφισϐητήτως
3506 4172 3788 4243 δειχθήσε-

2206 4284 2295 4321 ται
2336 4267 2519 4333 πᾶσιν,
2542 4266 2666 4318 ὅσον
2686 4265 2780 4319 καὶ
2811 4263 2931 4335 Θεῷ
2962 4263 3267 4337 πρόσφορον
3294 4267 3408 4318 ἐστι
3437 4266 3530 4320 καὶ
3557 4282 3790 4338 προσφι-

2205 4359 2296 4423 λὲς
2321 4359 2386 4413 τὸ
2414 4356 2748 4430 κατόρθωμα
2773 4355 2930 4411 τοῦτο
2959 4357 3059 4428 τῆς
3104 4357 3346 4427 ἁγνείας.
3385 4357 3498 4411 Kal
3534 4356 3608 4427 τῇ
3643 4374 3787 4411 πεν-

529 4466 708 4519 terrae,
758 4454 949 4523 festum
988 4454 1319 4509 celebrabitis
1371 4452 1602 4507 Domino
1641 4462 1836 4523 septem
1867 4452 2051 4509 diebus
2084 4471 2102 4508 :

2212 4449 2595 4519 τεκαιδεκάτῃ
2624 4449 2817 4520 ἡμέρᾳ
2847 4448 2953 4503 τοῦ
2973 4450 3167 4520 μηνὸς
3203 4450 3311 4506 τοῦ
3337 4450 3610 4522 ἑϐδόμου,
3641 4451 3788 4506 ὅταν

527 4555 576 4600 et
599 4545 684 4599 die
709 4554 891 4600 octavo
914 4546 1015 4600 erit
1043 4548 1262 4618 requies.
1302 4544 1367 4600 Et
1396 4547 1612 4601 sumetis
1644 4545 1727 4599 die
1753 4546 1924 4615 primo
1984 4548 2103 4617 fru-

533 4644 678 4689 ctum
690 4632 819 4705 ligni
836 4638 1145 4705 speciosum,
1161 4649 1210 4694 et
1234 4638 1474 4709 spatulas
1496 4639 1819 4709 palmarum,
1849 4649 1899 4692 et
1921 4654 2100 4693 ramos

526 4726 656 4795 lignt
679 4726 894 4791 densos,
921 4737 970 4782 et
993 4728 1204 4795 salices,
1235 4740 1285 4783 et
1306 4747 1485 4785 ramos
1513 4731 1638 4802 agni
1660 4730 1723 4785 de
1757 4739 2009 4794 torrente,
2030 4729 2100 4782 ad

527 4817 819 4872 lartandum
849 4834 1027 4874 coram
1064 4820 1286 4877 Domino
1315 4821 1425 4877 Deo
1452 4834 1623 4877 uestro
1673 4832 1865 4891 septem
1914 4821 2096 4875 diebus

525 4912 652 4963 anni
681 4926 700 4965 :
734 4910 1027 4981 legitimum
1059 4914 1431 4984 sempiternum
1460 4916 1525 4985 _in
1558 4915 1829 4985 progenies
1872 4923 2096 4968 vestras.

522 5001 703 5057 Mense
730 5003 949 5073 septimo
979 5004 1307 5062 celebrabitis
1338 5007 1723 5062 solemnitatem
1752 5006 1934 5059 istam.
1968 5005 2099 5075 Sep-

521 5105 623 5149 tem
644 5093 827 5150 diebus
858 5096 913 5150 in
942 5098 1297 5153 tabernaculis
1347 5097 1683 5152 habitabitis.
1716 5095 1907 5151 Omnis
1956 5095 2099 5149 indi-

518 5205 650 5258 gena
688 5190 745 5244 in
774 5188 950 5245 Israel
999 5191 1263 5246 habitabit
1300 5192 1357 5244 in
1387 5187 1745 5244 tabernaculis
1776 5205 1795 5241 :
1826 5198 1885 5241 ut
1928 5189 2098 5243 sciant

516 5283 786 5352 progenies
809 5294 1016 5348 vestrte,
1047 5284 1185 5354 quod
1219 5285 1273 5337 in
1304 5280 1660 5337 tabernaculis
1700 5278 1941 5334 habitare
1964 5281 2100 5350 fece-

518 5377 621 5429 rim
644 5378 785 5445 ﬁlios
810 5375 1004 5440 Israel,
1028 5393 1148 5431 cum
1168 5376 1439 5430 educerem
1474 5391 1560 5428 eos
1586 5372 1650 5429 de
1673 5383 1814 5427 terra
1851 5372 2095 5445 .Egypti.

519 5466 632 5538 Ego
658 5466 917 5524 Dominus
956 5468 1099 5523 Deus
1122 5476 1289 5522 vester
1320 5466 1387 5519 ⁸⁸.

2205 4542 2620 4612 συντελέσητε
2657 4541 2731 4596 τὰ
2761 4540 3105 4613 γεννήματα
3136 4540 3244 4611 τῆς
3289 4540 3422 4612 τῆς,
3471 4541 3788 4611 ἐορτάσετε

2204 4636 2401 4703 Κυρίῳ
2429 4634 2581 4690 ἑπτὰ
2601 4634 2854 4707 ἡμέρας·
2889 4635 2991 4690 καὶ
3011 4632 3087 4703 τῇ
3114 4633 3305 4705 ἡμέρᾳ
3332 4632 3407 4702 τῇ
3432 4633 3614 4703 ὀγδόῃ
3642 4632 3788 4688 ἀνά-

2204 4744 2430 4796 παυσις
2487 4731 2678 4785 ἔσται.
2737 4729 2849 4785 Καὶ
2893 4729 3170 4800 λήψεσθε
3219 4727 3295 4797 τῇ
3350 4726 3551 4797 πρώτῃ
3596 4727 3789 4797 ἡμέρᾳ

2203 4822 2438 4891 καρπὸν
2471 4822 2663 4888 ξύλου
2689 4821 2925 4891 ὡραῖον,
2963 4821 3064 4876 καὶ
3093 4821 3442 4890 κάλλυντρα
3474 4820 3783 4889 φοινίκων,

2201 4916 2301 4971 καὶ
2330 4915 2596 4982 κλάδους
2630 4916 2823 4982 ξύλου
2863 4914 3092 4982 δασεῖς,
3133 4914 3231 4969 καὶ
3256 4913 3436 4981 ὶτέας,
3462 4913 3560 4966 καὶ
3598 4911 3786 4983 ἄγνου

2202 5006 2467 5075 κλάδους
2496 5008 2566 5062 ἐκ
2604 5007 2947 5079 χειμάρρου,
2984 5006 3395 5079 εὐφρανθῆναι
3431 5006 3633 5061 ἔναντι
3666 5009 3784 5060 Κυ-

2195 5100 2333 5169 ρίου
2361 5099 2467 5154 τοῦ
2505 5099 2652 5154 Θεοῦ
2686 5099 2855 5171 ὑμῶν
2884 5100 3036 5156 ἑπτὰ
3073 5098 3300 5171 ἡμέρας
3329 5098 3437 5152 τοῦ
3465 5094 3747 5151 ἐνιαυτοῦ
3766 5112 3797 5187 fl

2200 5193 2455 5260 νόμιμον
2480 5192 2722 5248 αἰώνιον
2744 5196 2831 5261 εις
2854 5193 2960 5262 τὰς
2979 5194 3188 5265 γενεὰς
3212 5190 3398 5262 ὑμῶν.
3430 5190 3528 5243 Ἐν
3542 5188 3623 5255 τῷ
3635 5185 3782 5258 μηνὶ

2201 5282 2284 5349 τῷ
2312 5283 2539 5354 ἑϐδόμῳ
2564 5286 2882 5355 ἐορτάσετε
2923 5286 3140 5357 αὐτήν.
3172 5287 3276 5341 Ἐν
3293 5281 3550 5352 σκηναῖς
3586 5266 3792 5336 κατοι-’

2204 5374 2424 5443 κήσετε
2453 5379 2605 5434 ἑπτὰ
2636 5382 2882 5451 ἡμέρας.
2911 5378 3040 5447 Πᾶς
3078 5380 3387 5448 αὐτόχθων
3423 5377 3494 5431 ἐν
3536 5371 3789 5444 Ἰσραὴλ

2206 5470 2680 5541 κατοικήσουσιν
2716 5474 2788 5528 ἐν
2828 5472 3110 5540 σκηναῖς,
3149 5470 3311 5539 ὅπως
3347 5469 3560 5523 ιδωσιν
3593 5468 3654 5520 al
3686 5482 3783 5536 τε·

516 5566 646 5620 νεαὶ
679 5564 867 5632 ὑμῶν,
897 5562 988 5619 ὅτι
1032 5565 1103 5619 ἐν
1132 5560 1391 5631 σκηναῖς
1422 5560 1725 5628 κατῴκισα
1750 5564 1893 5631 τοὺς
1924 5562 2095 5628 υἱοὺς
2140 5564 2394 5637 Ἰσραὴλ,
2426 5570 2495 5623 ἐν
2526 5569 2840 5640 ἐξαγαγεῖν
2865 5587 2941 5640 με
2979 5567 3135 5640 ὑμᾶς
3166 5568 3234 5623 ἐκ
3294 5564 3405 5637 γῆς
3457 5563 3782 5637 Αιγυπτον.

531 5662 678 5728 Ἐγὼ
708 5663 924 5730 Κύριος
962 5663 993 5713 ό
1032 5656 1176 5723 Θεὸς
1210 5655 1393 5726 ὑμῶν.

577 5778 622 5810 ετ
650 5776 813 5832 Leuit.
848 5789 1004 5836 nul,
1035 5772 1223 5827 5945.

591 5875 701 5946 (35)
730 5876 1040 5942 Καύχημα.
1072 5869 1162 5925 Sic
1194 5869 1444 5925 Allatius.
1477 5866 1600 5925 Vat.
1627 5869 1799 5925 codex
1830 5876 1883 5925 et
1917 5866 2105 5925 Possin

2212 5906 2219 5932 .
2252 5867 2466 5931 κάλλος.
2500 5866 2791 5924 Conscius.
