4150 6402
383 348 490 406 177

1479 342 1864 401 CONVIVIUM
1903 341 2132 398 DECEM
2174 339 2532 397 VIRGINUM.

3537 342 3647 400 1Ἰύ

454 466 676 532 Πάντως
705 466 1068 540 ὑπολήψονται
1112 466 1222 537 (56)
1253 469 1300 520 οἱ
1357 465 1596 519 Ἰουδαῖοι
1641 465 1815 537 (ψιλῷ
1859 467 1949 537 τῆς

2129 461 2228 518 Hic
2246 478 2468 533 prorsus
2484 460 2653 517 Judaei
2682 461 2850 534 (circa
2868 460 3067 516 nudam
3088 460 3385 530 Scripturse
3405 462 3639 518 litteram

380 558 605 632 Γραφῆς
634 557 713 629 τῷ
743 568 1032 631 γραμματι
1069 557 1507 629 περιπετόμενοι,
1538 556 1727 628 ῶσπερ
1770 557 1863 609 καὶ
1892 556 1961 609 τὰ

380 650 690 722 καλούμενα
733 649 931 719 φύκια,
969 647 1077 701 τῶν
1108 647 1355 718 λαχάνων
1399 649 1512 710 τοῖς
1547 646 1785 716 φύλλοις,
1822 643 1961 700 ἀλλὰ

382 742 458 817 μὴ
488 747 601 807 τοῖς
631 742 815 796 ἄνθεσι
842 741 936 795 καὶ
968 742 1219 812 καρποῖς,
1252 739 1327 804 ὡς
1353 740 1387 809 ἡ
1420 737 1706 809 μέλισσα,)
1736 737 1960 802 τούτους

376 835 506 900 τοὺς
537 836 730 905 λόγους
762 835 855 887 καὶ
889 832 989 897 τὰς
1021 830 1338 903 νομοθεσίας
1376 831 1505 903 περὶ
1535 831 1742 901 σκηνῆς
1771 830 1957 883 τοιαύ-

377 945 497 1001 της,
532 928 649 992 οἵας
676 920 821 981 οὗτοι
853 926 1242 991 τεκταίνονται,
1279 924 1547 995 λελέχθαι,
1583 924 1658 988 ὡς
1689 924 1784 977 τοῦ
1819 923 1955 977 Θεοῦ

379 1020 659 1091 χαίροντος
696 1020 817 1081 ταῖς
859 1016 1119 1087 ὲξιτήλοις
1153 1017 1653 1087 κατακοσμήσεσιν,
1689 1008 1777 1077 αἷς
1804 1013 1958 1067 αὐτοὶ

378 1109 850 1182 κατακοσμοῦντες
870 1106 1292 1173 συσκευάζουσιν
1315 1110 1379 1161 ὲκ
1402 1108 1512 1161 τῶν
1536 1105 1872 1179 ἀκροδρύων,
1893 1106 1954 1158 οὐ

379 1203 775 1277 συνῃσθημένοι
820 1202 925 1256 τῶν
963 1202 1263 1274 μελλόντων
1300 1201 1522 1271 ἀγαθῶν
1550 1201 1642 1257 τὸν
1693 1200 1952 1254 πλοῦτονο

374 1296 449 1361 ῶς
483 1290 624 1368 αὖρα
669 1296 842 1349 ταῦτα
882 1296 977 1349 καὶ
1030 1296 1180 1349 σκιαὶ
1213 1294 1630 1365 φασματώδεις,
1684 1290 1953 1366 προεξαγ-

375 1386 659 1456 γέλλουσαι
701 1386 801 1458 τὴν
830 1386 1125 1440 ἀνάστασιν
1159 1387 1253 1439 καὶ
1284 1384 1447 1456 πῆξιν
1478 1383 1572 1437 τοῦ
1606 1383 1955 1448 πεπτωκότος

372 1483 453 1544 ei;
480 1480 582 1551 γῆν
616 1479 771 1551 ἡμῶν
808 1479 1183 1551 σκηνώματοςο
1219 1479 1247 1533 ὃ
1269 1482 1336 1551 τῇ
1365 1478 1567 1553 ἑϐδόμῃ
1596 1477 1956 1549 χιλιονταετη-

375 1574 480 1647 ρὶδι
524 1573 684 1627 πάλιν
731 1572 996 1628 ἀθάνατον
1036 1573 1423 1645 ἀπειληφότες,
1475 1573 1806 1646 ὲορτάσομεν
1854 1574 1953 1644 τὴν

374 1663 616 1737 μεγάλην
666 1663 856 1735 ἑορτὴν
894 1664 994 1734 τῆς
1039 1662 1295 1735 ἀληθινῆς
1351 1663 1731 1735 Σκηνοπηγίας
1775 1666 1833 1717 ἐν
1882 1665 1949 1734 τῇ

371 1761 532 1830 καινῇ
580 1758 674 1811 κα)⁸
719 1756 899 1829 ἀλύτῳ
940 1756 1115 1810 κτίσει
1151 1757 1285 1828 (57),
1333 1756 1790 1810 συντελεσθέντων
1842 1756 1952 1810 τῶν

2063 555 2378 617 volitantes,
2405 555 2552 609 velut
2577 554 2688 609 fuci
2720 554 2869 608 circa
2898 554 3107 609 olerum
3139 554 3293 609 folia:
3321 570 3430 609 non
3451 556 3642 626 utapis

2062 648 2210 703 circa
2237 646 2397 703 llores
2447 653 2501 702 et
2531 646 2743 701 fructus
2772 648 2921 716 Operi
2958 646 3170 718 sedula)
3219 646 3639 711 existimabunt,

2060 740 2225 795 verba
2259 738 2374 793 hac
2426 738 2632 808 hasque
2676 736 3119 808 prmscriptiones
3150 737 3216 791 ad
3261 738 3382 806 ejus
3424 739 3634 808 generi:

2058 832 2471 888 tabernaculum
2496 840 2763 902 spectare,
2781 832 2943 901 quale
2962 832 3063 901 ipsi
3089 838 3451 887 construunt:
3480 831 3639 901 quasi

2060 926 2204 982 Deus
2235 926 2470 981 exilibus
2521 926 2640 981 istis
2694 924 2970 980 frondium
3031 938 3420 993 ramorumque
3473 938 3641 978 orna.

2058 1018 2257 1073 mentis
2282 1016 2470 1088 qualia
2502 1017 2579 1071 illi
2605 1033 2670 1071 ex
2689 1016 2984 1071 arboribus
3009 1016 3373 1079 concinnant,
3401 1015 3642 1071 delecte-

2059 1117 2169 1171 tur,
2190 1123 2301 1162 non
2334 1108 2699 1178 intelligentes
2725 1108 3036 1161 futurorum
3064 1106 3335 1161 bonorum
3370 1106 3594 1162 divitias
3621 1124 3636 1160 :

2056 1209 2111 1257 et
2148 1200 2254 1257 ista
2283 1202 2417 1256 nihil
2448 1216 2569 1257 esse
2593 1203 2700 1257 nisi
2732 1202 2903 1257 levem
2926 1215 3115 1255 auram
3136 1199 3470 1271 umbrasque
3500 1202 3639 1256 ima-

2058 1296 2300 1367 ginarias
2330 1298 2754 1367 praenuntiantes
2773 1295 3254 1359 resurrectionem,
3274 1295 3640 1350 erectionem-

2057 1408 2164 1462 que
2198 1394 2446 1449 stabilem
2492 1392 2635 1463 lapsi
2673 1392 2829 1462 prius
2859 1391 2913 1444 in
2946 1396 3151 1443 terram
3181 1389 3356 1444 nostri
3382 1389 3641 1444 taberna-

2057 1486 2166 1541 culi
2204 1505 2219 1541 :
2281 1488 2427 1557 quod
2487 1488 2720 1557 septimo
2758 1486 2978 1540 demum
3010 1484 3318 1539 millenario
3366 1499 3637 1539 annorum

2057 1594 2252 1635 rursus
2298 1580 2605 1634 immortale
2640 1586 3005 1641 resumentes,
3040 1592 3291 1648 magnam
3323 1592 3468 1632 verre
3502 1574 3638 1632 Sce-

2056 1672 2298 1742 nopegiae
2327 1672 2749 1734 solemnitatem,
2799 1670 2853 1723 in
2905 1684 3046 1725 nova
3077 1685 3141 1723 ac
3166 1668 3449 1723 insolubili
3483 1684 3640 1723 crea-

2056 1764 2226 1830 tione,
2274 1761 2669 1819 consummatis
2726 1762 3085 1832 collectisque
3144 1768 3307 1816 terrae
3342 1760 3635 1823 fructibus,

370 1850 470 1920 τῆς
498 1850 602 1920 γῆς
632 1849 880 1922 καρπῶν,
911 1850 1006 1903 καὶ
1033 1848 1143 1902 τῶν
1174 1848 1475 1921 ἀνθρώπων
1504 1847 1699 1920 μηκέτι
1722 1848 1949 1916 γεννών-

2054 1858 2488 1923 celebrabimus;
2542 1857 2761 1911 nemine
2814 1854 3097 1909 hominum
3153 1855 3389 1925 amplius
3430 1863 3523 1908 aut
3556 1854 3640 1924 gi-

369 1960 476 1996 των
503 1942 596 1996 καὶ
625 1942 975 2013 γεννωμένων
995 1960 1009 1973 ο
1042 1941 1180 1996 ἀλλὰ
1212 1939 1664 2005 καταπαύσαντος
1706 1940 1814 1994 ἀπὸ
1843 1937 1950 1994 τῶν

370 2034 544 2109 ἔργων
579 2036 679 2107 τῆς
709 2035 1067 2106 κοσμοποιίας
1102 2035 1194 2089 τοῦ
1230 2035 1385 2089 Θεοῦ,

454 2127 673 2198 Ἐπειδὴ
713 2125 821 2198 γὰρ
856 2127 914 2179 ἐν
961 2122 1022 2191 ἓξ
1061 2126 1293 2199 ἡμέραις
1341 2129 1369 2181 ό
1410 2127 1541 2191 Θεος
1582 2127 1950 2182 κατεσκεύασε

368 2222 459 2276 τὸν
495 2220 724 2293 οὐρανὸν
751 2221 845 2273 καὶ
878 2220 978 2291 τὴν
1010 2220 1139 2291 γῆν,
1174 2221 1266 2272 καὶ
1298 2219 1610 2272 συνετέλεσε
1652 2221 1829 2274 πάντα
1860 2222 1951 2274 τὸν

372 2316 592 2387 κόσμον,
637 2314 734 2368 καὶ
778 2314 1091 2368 κατέπαυσε
1128 2316 1193 2386 τῇ
1240 2313 1423 2386 ἡμέρα
1464 2318 1530 2387 τῇ
1588 2315 1791 2388 ἐϐδόμῃ
1845 2316 1953 2369 ἀπὸ

369 2407 472 2462 τῶν
499 2408 674 2482 ἔργων
700 2405 864 2460 αὐτοῦ
895 2400 970 2461 ὧν
996 2407 1241 2477 ἐποίησε,
1274 2407 1367 2460 καὶ
1397 2407 1660 2477 εὐλόγησε
1693 2408 1791 2481 τὴν
1818 2410 1953 2480 ἠμέ-

373 2517 470 2573 ραν
502 2501 600 2571 τὴν
629 2499 884 2572 ἑϐδόμη-ρ,
921 2501 1016 2553 καὶ
1040 2500 1264 2570 ἡγίασεν
1298 2500 1469 2569 αὑτήν
1490 2516 1504 2530 υ
1535 2498 1783 2553 ἐντεῦθεν
1813 2518 1952 2571 συμ-

369 2593 598 2658 6ολικῶς
630 2592 708 2664 τῷ
742 2596 871 2666 μηνὶ
903 2592 1135 2664 ἑϐδόμῳ,
1164 2592 1366 2647 ὁπόταν
1397 2593 1496 2665 ἤδη
1524 2593 1950 2647 συντελεσθῶσιν

366 2686 418 2742 οἱ
444 2686 645 2757 καρποὶ
672 2686 770 2756 τῆς
792 2684 916 2754 γῆς,
942 2682 1219 2756 ἑορτάζειν
1246 2684 1701 2756 προστασσόμεθα
1725 2685 1805 2756 τῷ
1834 2687 1948 2738 Κυ-

370 2779 501 2851 ρὶῳο
536 2778 564 2831 ὃ
598 2778 661 2849 δή
695 2764 862 2841 ἐστιν,
897 2776 1097 2829 ὁπόταν
1124 2778 1152 2829 ὁ
1198 2775 1403 2846 κόσμος
1435 2770 1589 2839 οὗτος
1626 2774 1948 2847 συντελεσθῇ

366 2874 433 2944 τῇ
470 2871 671 2942 ἐεδόμῃ
719 2868 1197 2940 χιλιονταετηρξδι·
1243 2869 1353 2932 ὅτε,
1387 2867 1462 2930 ὠς
1506 2865 1721 2938 ἀληθῶς
1751 2868 1780 2919 ὁ
1818 2866 1952 2931 Θεὸς

370 2964 693 3027 συντελέσας
715 2962 814 3034 τὴν
843 2962 1189 3033 οἰκουμένην,
1220 2962 1305 3031 ἐφ’
1333 2963 1462 3033 ἡμῖν
1490 2959 1946 3032 εὐφρανθήσεται.

367 3056 481 3114 Νῦν
506 3056 613 3129 γὰρ
642 3054 825 3127 ἀκμὴν
847 3055 928 3108 ἔτι
950 3054 1019 3109 τὰ
1047 3054 1223 3109 πάντα
1254 3054 1672 3126 δημιουργεῖται
1696 3056 1762 3125 τῇ
1792 3054 1949 3125 διαρ-

2051 1958 2249 2023 gnente
2275 1958 2371 2005 aut
2399 1950 2491 2021 qui
2521 1950 2799 2021 gignatur,
2834 1947 2926 2003 sed
2960 1947 3070 2003 Deo
3087 1946 3200 2017 jam
3227 1948 3386 2018 plene
3408 1945 3638 2002 feriante

2051 2058 2083 2098 a
2108 2044 2297 2099 mundi
2324 2043 2545 2100 fabrica:
2564 2058 2749 2114 opere.

2120 2137 2389 2204 Quoniam
2427 2138 2572 2193 enim
2607 2136 2752 2193 Deus
2778 2153 2874 2192 sex
2897 2137 3090 2193 diebus
3121 2137 3322 2192 calum
3349 2146 3404 2192 et
3430 2145 3635 2193 terram

2053 2227 2352 2285 fabricatus
2377 2238 2485 2293 est,
2521 2244 2585 2283 ac
2634 2228 2898 2283 mundum
2933 2228 3249 2283 universum
3279 2227 3533 2290 absolvit,
3556 2242 3639 2283 re-

2050 2322 2365 2393 quicvitque
2391 2322 2478 2377 die
2496 2322 2729 2391 septimo
2755 2320 2822 2374 ab
2839 2319 3096 2390 operibus
3114 2319 3231 2375 suis
3257 2334 3378 2388 quae
3408 2318 3634 2386 fecerat,

2050 2424 2105 2469 et
2153 2413 2433 2468 benedixit
2467 2413 2556 2469 die
2599 2412 2855 2483 septimo,
2904 2418 2955 2467 et
2988 2411 3348 2467 sanctiﬁcavit
3386 2426 3511 2467 eum
3545 2411 3633 2468 ":

2050 2505 2176 2560 inde
2192 2505 2495 2577 symbolice
2515 2519 2702 2559 mense
2732 2504 2987 2575 septimo,
3007 2504 3227 2574 quando
3239 2505 3351 2570 jam
3375 2519 3636 2559 consum-

2051 2597 2183 2651 mati
2216 2596 2541 2667 collectique
2571 2603 2697 2652 sunt
2732 2595 2943 2653 fructus
2972 2604 3153 2653 teme.
3182 2595 3345 2652 ferias
3379 2596 3636 2668 agereju-

2049 2686 2244 2742 bemur
2277 2685 2541 2753 Domino;
2574 2685 2677 2739 hoc
2708 2694 2791 2740 est
2821 2700 2949 2740 cum
2986 2686 3224 2740 mundus
3252 2683 3371 2753 ipse
3398 2683 3636 2752 septimo

2052 2792 2321 2833 annorum
2358 2778 2667 2834 millenario
2714 2786 3130 2833 consummatus
3163 2775 3327 2832 fuerit
3357 2792 3372 2826 :
3410 2774 3635 2846 quando

2051 2871 2195 2928 Deus
2225 2873 2479 2928 absoluto
2510 2888 2637 2928 vere
2684 2870 2873 2926 mundi
2913 2885 3099 2942 Opere,
3136 2870 3192 2924 in
3222 2869 3382 2926 nobis
3427 2867 3636 2923 lzetabi-

2050 2973 2141 3021 tur
2169 2967 2236 3021 ⁸⁷.
2269 2966 2431 3022 Nunc
2462 2966 2608 3022 enim
2633 2967 2813 3021 adhuc
2842 2967 3025 3021 omnia
3049 2971 3381 3036 praepotente
3403 2971 3538 3017 nutu
3569 2961 3634 3016 il-

2052 3055 2158 3139 lius
2189 3066 2550 3122 procreantur
2572 3096 2587 3121 ,
2620 3071 2950 3125 omnemque
2982 3055 3179 3111 mentis
3212 3056 3510 3126 cogitatum
3539 3067 3635 3107 su-

368 3151 454 3202 κεῖ
489 3147 738 3220 βουλήσει
784 3144 951 3200 αὐτοῦ
999 3147 1094 3200 καὶ
1139 3147 1442 3218 ἀνεννοήτῳ
1475 3145 1725 3217 δυνάμει,
1760 3146 1946 3201 ἀναδι-

2053 3144 2278 3217 ροιόιηθ
2300 3147 2620 3218 potentiain
2640 3148 2817 3204 lucem
2848 3148 3108 3209 eduntur,
3140 3153 3287 3201 terra
3320 3145 3426 3199 huc
3455 3148 3635 3214 usque

366 3238 566 3309 δούσης
613 3237 693 3291 ἔτι
726 3237 824 3307 τῆς
862 3236 966 3306 γῆς
1000 3237 1127 3300 τοὺς
1161 3237 1442 3309 καρποὺς,
1476 3236 1571 3290 καὶ
1602 3236 1709 3290 τῶν
1742 3236 1950 3291 ὑδάτων

367 3327 747 3400 συναγομένων
774 3329 851 3392 εἰς
886 3327 987 3391 τὰς
1021 3329 1371 3397 συναγωγάςο
1403 3330 1496 3383 καὶ
1534 3328 1630 3383 τοῦ
1660 3329 1840 3398 φωτὸς
1866 3329 1948 3384 ἔτι

363 3418 823 3493 διαχωριζομένου
843 3460 858 3486 ,
890 3421 984 3474 καὶ
1009 3419 1102 3473 τοῦ
1132 3418 1368 3492 ἀριθμοῦ
1397 3419 1507 3472 τῶν
1534 3417 1836 3491 ἀνθρώπων
1868 3419 1947 3473 ἔτι

367 3511 870 3586 δημιουργουμένου
895 3529 908 3542 ·
946 3509 1160 3564 καὶτοῦ
1203 3510 1352 3582 ἡλίου
1396 3512 1476 3576 εἰς
1520 3510 1695 3582 ἀρχὰς
1726 3510 1951 3565 ἀνατέλ-

367 3606 551 3671 λοντος
570 3606 666 3675 τῆς
686 3605 920 3677 ἡμέρας,
943 3604 1036 3657 καὶ
1063 3603 1162 3674 τῆς
1188 3602 1415 3673 σελήνης
1440 3603 1521 3666 εἰς
1545 3602 1721 3675 ἀρχὰς
1744 3602 1824 3656 ἔτι
1848 3604 1948 3675 τῆς

368 3698 592 3762 νυκτός·
629 3697 724 3752 καὶ
760 3696 869 3751 τῶν
899 3696 1246 3768 τετραπόδων
1284 3696 1378 3750 καὶ
1410 3694 1614 3766 θηρίων
1654 3696 1749 3749 καὶ
1782 3696 1948 3767 ἑρπε-

367 3793 476 3844 τῶν
503 3793 568 3844 ὲκ
594 3790 695 3860 τῆς
728 3790 833 3860 γῆς
862 3787 1277 3858 ἀναδιδομένων,
1321 3789 1412 3841 καὶ
1446 3787 1663 3859 πτηνῶν
1707 3789 1801 3842 καὶ
1847 3806 1945 3861 νη-

368 3881 512 3937 κτῶν
546 3884 611 3936 ἐκ
641 3881 739 3953 τῆς
778 3881 950 3953 ὑγρᾶς
976 3878 1182 3943 οὐσίας.
1216 3879 1348 3934 Τότε
1384 3879 1448 3953 δὴ
1473 3880 1675 3935 ὁπόταν
1702 3880 1948 3935 συντελε-

429 4042 476 4075 ⁸⁶
498 4038 629 4095 Gen.
663 4055 722 4104 ιι,
755 4038 806 4093 1.
877 4037 920 4069 ⁸⁷
949 4035 1099 4093 Psal.
1133 4051 1254 4101 cm,
1289 4036 1379 4091 51.

438 4155 552 4228 ('56)
582 4154 823 4228 Πάντως
847 4152 1289 4228 ὑπολήψφτται.
1313 4152 1428 4208 Meo
1450 4148 1694 4228 periculo
1714 4146 1940 4228 mutavi,

367 4224 512 4301 quod
535 4224 842 4301 ediderunt
865 4239 947 4301 ac
986 4224 1341 4301 reddiderunt
1381 4224 1547 4301 ambo
1575 4224 1943 4301 interpretes,

369 4291 588 4362 πάντες.
637 4296 749 4350 Nec
790 4295 936 4350 enim
986 4295 1068 4349 sic
1117 4296 1349 4349 inscitus
1380 4291 1798 4362 Methodiuﬁs,‘ut
1828 4304 1947 4343 om—

366 4373 518 4426 nium
551 4359 618 4423 id
657 4367 970 4423 .Iudmorum
1009 4365 1157 4430 velit,
1207 4382 1316 4421 non
1363 4365 1588 4420 omnino
1632 4359 1945 4416 Judaeorum

365 4442 565 4513 quibus
583 4440 810 4513 necdum
827 4436 1229 4513 aﬂ‘ulsitlumen
1246 4435 1468 4513 Christi.
1494 4435 1716 4513 unaque
1734 4432 1847 4485 haec
1868 4430 1947 4483 illi

2056 3238 2270 3295 fructus
2298 3240 2635 3310 producente
2657 3240 3081 3310 aquisqueintra
3110 3253 3209 3294 sua
3240 3235 3635 3308 conceptacula

2055 3340 2108 3387 et
2141 3337 2364 3401 paratos
2396 3331 2636 3386 alveolos
2666 3344 2725 3385 se
2751 3329 3143 3399 recipientibus
3182 3347 3194 3383 :
3234 3327 3373 3382 lucis
3412 3339 3635 3396 quoque

2054 3421 2327 3479 divisione
2359 3438 2390 3477 a
2418 3422 2663 3479 tenebris
2702 3422 2967 3477 hactenus
2997 3421 3252 3485 durante,
3294 3432 3637 3488 numeroque

2056 3519 2263 3569 statuto
2287 3512 2573 3569 hominum
2597 3512 2841 3568 nondum
2870 3510 3109 3581 expleto,
3130 3509 3226 3566 sed
3254 3509 3378 3564 aliis
3400 3508 3637 3577 aliisque

2054 3603 2298 3674 quotidie
2333 3602 2402 3658 ad
2431 3617 2703 3658 summam
2733 3601 3116 3658 absolvendam
3136 3597 3631 3657 subnascentibus:

2053 3697 2170 3754 sole
2191 3712 2409 3767 quoque
2431 3695 2541 3750 diei
2567 3696 2734 3760 ortui,
2757 3704 2810 3751 et
2836 3696 2961 3749 luna
2975 3694 3154 3750 noctis
3173 3691 3630 3764 praesidentibus:

2050 3808 2082 3848 e
2116 3800 2263 3846 terra
2287 3790 2415 3846 item
2437 3789 2835 3861 prodeuntibus
2857 3787 3302 3860 quadrupedibus
3331 3783 3634 3855 bestiisque

2051 3891 2107 3939 et
2139 3881 2449 3953 reptilibus,
2482 3882 2906 3954 volucribusque
2935 3890 2990 3938 et
3016 3881 3335 3937 natatilibus
3356 3894 3423 3935 ex
3451 3875 3635 3933 humi—

3420 4016 3447 4041 ο

2051 4154 2436 4226 cepturospos
2462 4148 2614 4226 dicit,
2648 4150 2899 4226 aiwvtgu;
2924 4154 3130 4226 σκηνὰς
3150 4153 3332 4209 οὐκέτι
3365 4152 3630 4226 θνηξομέ-

2054 4235 2149 4299 νας
2183 4216 2218 4341 2
2246 4217 2623 4302 λυθησομένας
2660 4222 2741 4284 εἰς
2772 4222 2876 4293 γῆν
2907 4216 3161 4296 χώματος
3187 4244 3200 4281 :
3234 4240 3355 4294 quae
3390 4216 3633 4293 es't'e'jus

2054 4287 2145 4341 lnc
2220 4288 2375 4341 λυτοε
2416 4299 2650 4341 creatio:
2694 4292 2811 4341 insa
2844 4292 3062 4341 ἄλυπος.
3111 4299 3164 4341 in
3215 4296 3303 4341 his
3341 4294 3629 4341 duntaxat-

2054 4287 2145 4341 hic
2184 4287 2378 4352 ἄλυτος
2416 4287 2650 4354 creatio;
2694 4287 2811 4362 ipsa
2833 4287 3065 4359 ἄλυπος,
3110 4287 3165 4350 in
3214 4287 3303 4351 bis
3341 4287 3629 4360 duntaxat,

2055 4374 2286 4441 quorunm
2310 4368 2687 4441 eruntprnata
2709 4364 3081 4441 tabernacula,
3106 4375 3160 4441 et
3179 4368 3273 4437 qui
3295 4367 3442 4441 digni
3471 4374 3635 4441 erunt

2056 4446 2181 4483 cum
2214 4429 2437 4506 Christo
2477 4430 2679 4506 feriari.
2718 4447 2994 4503 praeeunte
3032 4429 3240 4503 judicio
3274 4457 3286 4492 :
3319 4429 3443 4492 aliis
3471 4437 3633 4506 plena

368 4501 491 4584 apta
517 4510 817 4591 expressio,
860 4506 1271 4594 τζκαλούμενα
1303 4506 1492 4588 φύκια,
1533 4501 1822 4594 facitque;
1853 4516 1946 4594 1:0-

2054 4508 2354 4594 ιοηιηοηξοὶ
2408 4501 2483 4557 De
2529 4501 3131 4594 se'ptinto'millenario,
3177 4524 3286 4579 quo
3315 4501 3633 4589 suscitanda

366 4573 525 4639 cent:
553 4573 739 4635 notum
767 4578 961 4635 insecti
988 4573 1183 4647 genus,
1216 4573 1396 4649 ipsum
1426 4573 1595 4649 iners,
1636 4583 1691 4630 et
1709 4573 1836 4649 apis
1866 4573 1949 4649 ia-

365 4654 592 4710 boribus
644 4650 920 4705 inl‘estum.
970 4643 1343 4711 A'llatiusfrc‘t
1390 4647 1701 4717 καλούμενα
1754 4643 1943 4716 ψυχία,

369 4724 676 4793 redditque,
721 4737 841 4793 quis
879 4718 1097 4793 psychia
1142 4733 1539 4793 nuncupqmusg
1570 4720 1635 4793 in
1687 4733 1798 4787 quo
1835 4730 1945 4769 non

368 4797 503 4852 satis
543 4788 706 4847 laudo
735 4788 848 4844 'viri
882 4788 1221 4859 religionem.
1267 4789 1482 4844 Nullius
1529 4788 1619 4843 hic
1652 4802 1848 4843 sensus
1883 4801 1948 4859 ea

366 4881 494 4931 vox,
542 4880 645 4919 nec
688 4862 796 4917 nisi
846 4856 1011 4931 pueri
1043 4860 1430 4926 exscribentis,
1474 4859 1771 4931 seuretiam‘
1802 4856 1949 4931 anti-

366 4928 544 5008 quarii
579 4933 822 5005 σφάλμα.
846 4928 1084 5001 Ψυχεῖα,
1117 4947 1213 4986 seu
1235 4934 1406 5008 etiam
1458 4930 1714 5008 deﬂoret
1745 4928 1947 5008 ψυγεία

365 4998 475 5064 alio
517 4998 788 5076 spectant,
834 4998 1132 5076 necZ'sunt_
1160 4998 1499 5060 animalium.
1537 4998 1643 5057 sed
1692 4998 1820 5064 loCi,
1862 4998 1947 5054 vel

364 5079 530 5134 etiam
549 5070 781 5131 Tomenti
814 5071 1055 5127 nomina.
1094 5070 1382 5128 COIBEFIS.

439 5148 549 5219 (57)
576 5147 685 5201 Καὶ
740 5143 1203 5219 ἁλύζῳατΙσ-ει.
1260 5141 1327 5219 iit
1376 5141 1482 5203 hic,
1515 5139 1942 5219 _I_neo_pe_riculo,

366 5211 545 5290 ἀλύτῴ
569 5227 718 5271 muto
742 5231 842 5287 pro
871 5212 1080 5284 ἀλύπῳ.
1114 5211 1189 5266 De
1213 5211 1551 5290 tabernaculi
1573 5213 1717 5290 enim
1743 5211 1951 5290 instau-

365 5282 581 5346 ratione
618 5282 802 5343 seruio
840 5293 947 5341 est.
982 5282 1043 5338 et
1082 5298 1221 5337 nova
1248 5286 1524 5338 creatione
1573 5282 1639 5335 ad
1685 5297 1847 5352 quam
1883 5282 1946 5334 τὸ

366 5362 581 5423 ἄλυτον,
609 5360 725 5413 sive
754 5355 1091 5410 ἁκατάλυτον
1128 5369 1226 5424 per
1265 5369 1326 5409 se
1367 5358 1598 5424 spectat,
1634 5355 1947 5424 oppositum

365 5432 444 5504 τῷ
464 5426 937 5504 καταπεπτωκότι,
965 5426 1258 5504 insolubile
1285 5435 1338 5504 et
1354 5423 1696 5504 immorlalc,
1721 5423 1942 5504 mortali

365 5495 426 5558 et'
458 5503 506 5555 ei
539 5498 683 5570 quod
726 5497 952 5570 decidit,
983 5498 1152 5570 Amos
1185 5512 1261 5560 Ix,
1309 5496 1367 5549 11
1393 5512 1408 5561 ;
1437 5495 1570 5570 Act._
1593 5510 1682 5556 xv,
1714 5495 1945 5570 16,_non

366 5574 439 5627 ita
471 5573 531 5625 τὸ
557 5565 782 5632 ἄλυπον,
806 5568 901 5623 sed
929 5567 1091 5637 quasi
1121 5583 1189 5622 ex
1215 5565 1571 5637 consequenti
1594 5583 1612 5637 γε
1638 5571 1692 5619 et
1724 5573 1782 5619 ut
1800 5567 1948 5637 Apo-

368 5645 540 5700 stolus
590 5641 827 5710 loquitur
877 5636 1038 5710 Hebr.
1087 5653 1185 5701 vn,
1238 5637 1325 5699 16,
1370 5636 1510 5710 κατὰ
1535 5636 1947 5710 ,δύναμιν-,ζωῆς

367 5706 725 5774 ἀκαταλύτου,
769 5708 1056 5764 secundum
1087 5711 1330 5763 virtutem
1372 5709 1491 5761 vitae
1528 5706 1849 5765 insolubilis.
1882 5706 1947 5759 ac

366 5788 499 5840 sicut
527 5784 637 5837 die:
669 5780 1016 5851 mternitatis:
1057 5779 1235 5843 καθὼς
1266 5781 1321 5833 αἱ
1352 5778 1559 5851 ,ἡμέραι
1592 5776 1941 5851 τοῦεαίῶνος.

366 5858 531 5912 Amos
563 5860 782 5910 citatus.
823 5849 917 5908 Sic
958 5852 1073 5921 ipse
1115 5846 1481 5921 postmodum
1507 5846 1814 5905 Methodius
1855 5863 1944 5902 re-

2054 4579 2241 4625 nostra
2281 4573 2634 4629 tabernacula
2665 4589 2729 4629 ac
2773 4576 3008 4632 futuram
3042 4573 3499 4635 resurrectionem
3535 4593 3634 4632 au-

2053 4651 2284 4721 gurat_ur
2316 4643 2622 4721 Metltndius
2656 4660 2723 4700 ex
2748 4649 3008 4719 mysterio
3037 4659 3089 4705 et
3119 4652 3305 4721 requie
3333 4650 3441 4721 diei
3469 4650 3636 4713 septi-

2052 4714 2446 4792 mae,_huma_na
2487 4714 2822 4792 conjectura
2842 4728 2944 4792 est,
2986 4722 3073 4775 cui
3108 4714 3222 4792 ipse
3252 4720 3516 4792 Dominus
3539 4735 3634 4792 oc-

2050 4785 2243 4866 currit,
2291 4786 2420 4839 dum
2464 4795 2679 4866 tempus
2708 4789 2858 4866 illud
2910 4785 3154 4866 ignotum
3200 4807 3323 4866 esse
3367 4790 3631 4866 decrevit,

2049 4858 2278 4932 ejusque
2304 4858 2582 4932 noscendi_
2605 4858 2951 4915 desiderium'
2973 4863 3026 4916 in
3062 4864 3325 4930 apostolis
3348 4860 3629 4932 repressit.

2049 4926 2212 5008 Certe
2240 4929 2534 5008 qupdillos
2569 4928 2710 5008 licus
2750 4933 2965 5008 celavit,
3012 4926 3248 4987 humana
3290 4926 3490 5008 temere
3520 4930 3634 4985 dis-

2050 4998 2219 5067 quirit
2242 4998 2527 5053 sedulitas.
2574 4999 2715 5055 Fore
2757 5002 2875 5057 dies
2906 5002 3029 5059 illos
3062 5020 3170 5057 nun
3209 5020 3334 5059 cum
3374 5002 3634 5057 observa-

2050 5071 2220 5142 tione,
2248 5068 2363 5142 ipse
2386 5068 2651 5125 Dominus
2682 5074 3035 5142 praemonuit;
3069 5075 3164 5129 sed
3189 5084 3319 5129 tunc
3346 5087 3469 5127 cum
3496 5072 3634 5128 nihil

2049 5139 2288 5212 mundus
2320 5140 2387 5194 de
2420 5142 2529 5195 illis
2569 5139 2852 5212 cogitabit,
2897 5146 2991 5198 sed
3025 5139 3179 5201 totus
3213 5144 3445 5199 terrenis
3474 5143 3633 5199 addi—

2048 5217 2171 5265 ctus
2201 5211 2326 5274 erit,
2358 5212 2436 5265 uti
2469 5228 2529 5267 se
2559 5211 2733 5268 resin
2764 5213 3208 5280 diluvioJiabuit.
3235 5214 3491 5270 Nostrum
3523 5223 3629 5279 est,

2048 5289 2108 5336 ut
2140 5281 2261 5349 ejus
2293 5280 2560 5355 adventus
2592 5288 2999 5355 exspectatione
3028 5301 3240 5354 semper
3272 5284 3527 5354 suspensi
3557 5286 3636 5340 si-

2049 5368 2193 5416 mus,
2230 5352 2376 5422 quod
2413 5354 2516 5409 etsi
2547 5352 2917 5409 forte‘mundi
2954 5352 3492 5412 consun'nnationos
3521 5370 3636 5411 non

2048 5422 2450 5496 apprehendet;
2500 5432 2557 5479 at
2602 5425 2969 5494 apprehendet
3016 5428 3262 5496 proxima
3307 5442 3479 5491 mors,
3524 5439 3635 5496 qua

2048 5495 2267 5549 demum
2312 5496 2541 5549 subruta
2585 5505 2772 5551 nostra
2814 5495 3188 5564 tabernacula,
3223 5498 3277 5552 id
3309 5495 3636 5553 iiaticiscen-

2048 5573 2157 5629 tur,
2191 5573 2248 5618 ut
2276 5566 2361 5619 vel
2400 5566 2465 5619 ad
2507 5567 2672 5619 vitam
2718 5567 2932 5628 ἄλυτον,
2981 5573 3062 5621 vel
3115 5570 3183 5622 ad
3215 5578 3448 5622 mortem
3480 5570 3673 5627 teter-3

2048 5651 2260 5710 nosque
2284 5637 2571 5710 cruciatus
2592 5638 2702 5710 sint
2732 5635 3054 5710 reparanda,
3084 5654 3194 5710 quo
3223 5647 3467 5709 tempore
3493 5639 3638 5696 Deus

2047 5708 2352 5830 praetipivit,
2388 5723 2450 5762 ac
2482 5708 2574 5763 ubi
2599 5708 2711 5779 jam
2739 5709 3041 5764 electorum
3075 5708 3314 5766 mundus
3337 5708 3636 5767 absolutus

2047 5794 2125 5830 ert
2159 5821 2171 5830 .
2222 5794 2252 5830 D

2047 5780 2171 5833 erit.
2198 5780 2252 5833 lo
