4150 6408
538 319 645 379 1⁸79

1522 317 1578 373 8.
1618 315 1945 373 uernoou
1987 314 2292 372 EPISCOPI
2324 314 2415 369 ET
2454 296 2811 369 MARTYRIS

3671 314 3774 371 180

536 435 608 491 da
646 434 971 492 substantia.
1006 432 1160 489 Tunc
1192 450 1324 490 vero
1337 450 1461 490 cum
1492 444 1869 491 consummata
1900 435 2103 492 fuerint

2208 435 2408 488 σθῶσιν
2436 437 2485 489 οἰ
2517 437 2719 507 καιροὶ,
2753 437 2847 489 καί
2886 435 3153 489 παύσεται
3194 437 3222 489 ό
3252 434 3384 499 Θεὸς
3416 431 3776 507 ἐργαζόμενος

539 536 744 584 statuta
779 535 1044 596 tempora,
1079 542 1143 581 ac
1191 528 1487 582 creationis
1534 543 1672 598 opus
1698 528 1801 582 hoc
1840 528 2108 582 adornare

537 618 682 675 Deus
713 618 1030 684 cessaverit,
1056 618 1286 687 septimo
1311 633 1723 687 mensc,magna
1749 618 2107 673 resurrectio-

538 711 625 764 nis
653 709 761 773 die,
798 708 997 764 festum
1033 707 1263 763 Domino
1307 709 1694 764 celebrandum
1727 709 1984 764 indicitur
2008 726 2109 766 no-

535 807 665 857 stne
681 797 1051 870 Scenopegize,
1073 800 1230 870 cujus
1253 800 1497 869 symbola
1523 816 1588 855 ac
1606 801 1808 872 figurae,
1830 802 1972 856 dicta
1992 802 2106 856 haec

537 893 591 946 in
620 890 893 946 Levitico:
927 907 1048 962 quae
1069 892 1261 948 sedulo
1280 892 1688 962 investigantes,
1716 893 1913 947 nudam
1935 893 2106 962 ipsam

536 983 821 1039 veritatem
855 983 1286 1049 consideremus,
1321 999 1499 1054 opera:
1544 987 1775 1054 pretium
1832 992 1936 1039 est.
1980 983 2107 1037 Παῖς

535 1075 705 1142 enim,
734 1075 910 1144 inquit
935 1075 1001 1139 ⁸⁸,
1037 1077 1245 1144 sapiens
1275 1075 1515 1142 audiens,
1547 1076 1835 1143 sapientior
1868 1076 1989 1137 erit,
2022 1076 2107 1128 in-

539 1167 832 1237 telligetque
886 1166 1197 1236 parabolam
1225 1175 1273 1218 et
1298 1166 1574 1221 obscurum
1606 1182 1890 1221 sermonem
1914 1182 1931 1219 :
1960 1165 2105 1219 dicta

537 1275 738 1329 quoque
767 1260 1081 1328 sapientium
1108 1268 1155 1313 et
1181 1258 1485 1328 wnigmata.

606 1349 787 1415 Quare
835 1350 1031 1419 pudeat
1060 1348 1297 1415 Judzeos,
1328 1349 1471 1419 quod
1504 1346 1806 1418 profundos
1856 1346 2104 1417 Scriptu-

537 1458 722 1497 rarum
749 1458 943 1498 sensus
972 1456 1081 1495 non
1110 1448 1415 1511 penetrant,
1441 1440 1824 1494 existimantes
1838 1440 1975 1493 nihil
1996 1438 2102 1494 nisi

536 1536 840 1605 corporalia
887 1534 1020 1605 legis
1053 1548 1115 1587 ac
1151 1533 1536 1603 prophetarum
1580 1533 1819 1587 oraculis
1848 1533 2101 1586 contine-

536 1628 583 1681 ri
616 1627 852 1698 ;quippe
882 1627 1114 1682 terrenis
1135 1626 1238 1696 ipsi
1274 1626 1437 1680 rebus
1459 1625 1760 1687 inhiantes,
1786 1623 2103 1693 potioreque

535 1718 658 1771 loco
697 1716 887 1771 mundi
940 1717 1155 1771 divitias
1182 1756 1196 1779 ,
1227 1731 1391 1786 quam
1426 1715 1594 1769 animi
1626 1715 1941 1771 thesaurum
1974 1729 2103 1767 cen-

2209 526 2411 596 ταύτην
2438 527 2535 598 τὴν
2569 527 2762 590 κτίσιν,
2796 526 2873 597 τῷ
2903 525 3114 596 ἑϐδόμῳ
3143 527 3290 595 μηνὶ,
3326 528 3391 595 τῇ
3439 524 3648 597 μεγάλῃ
3677 522 3779 594 τῆς

2208 617 2557 682 ἀναστάσεως
2597 618 2800 687 ἡμέρᾳ,
2839 617 2998 687 ἑορτὴ
3046 619 3424 688 συγκροτεῖται
3465 616 3543 687 τῷ
3589 614 3778 687 Κυρίῳ

2207 709 2305 779 τῆς
2333 708 2711 781 Σκηνοπηγίας
2743 710 2774 778 ἡ
2785 707 2920 778 μῶν,
2950 702 3017 778 ἦς
3050 709 3185 762 εἰσιν
3223 709 3281 759 ἐν
3308 706 3386 777 τῷ
3413 706 3680 777 Λευῖτικῷ
3708 705 3780 759 τὰ

2208 802 2473 870 λεγόμενα
2513 800 2755 870 σύμϐολα
2795 802 2888 854 καὶ
2932 800 3126 853 τύπον
3178 800 3214 854 ἃ.
3244 799 3631 870 ὲξιχνεύοντας,
3671 816 3778 871 χρη

2208 895 2348 946 νοεῖν
2378 891 2475 961 τὴν
2516 893 2773 963 ἀλήθειαν
2808 893 3040 963 γυμνήν.
3092 890 3216 946 Τῶν
3245 892 3310 945 δὲ
3345 891 3454 963 γὰρ
3485 892 3775 957 ἀκούσας,

2209 985 2362 1055 φησί,
2401 983 2614 1051 σοφὸς,
2645 982 2982 1052 σοφώτερος
3017 982 3218 1037 ἔσται’
3258 983 3467 1052 νοήσει
3494 999 3558 1035 τε
3591 997 3778 1049 παρα-

2207 1076 2397 1143 ϐολὴν
2447 1078 2544 1130 καὶ
2591 1076 2911 1131 σκοτεινὸν
2956 1077 3170 1145 λόγον·
3206 1076 3421 1145 ῥήσεις
3465 1092 3531 1131 τε
3569 1074 3779 1146 σοφῶν

2206 1165 2304 1219 καί
2329 1166 2662 1236 αἰνίγματα.

2279 1341 2442 1394 Ὅθεν
2486 1338 2926 1410 αἰσχυνέσθωσαν
2966 1342 3015 1393 οἰ
3071 1340 3331 1401 Ἰουδαῖοι,
3374 1338 3443 1393 τά
3485 1338 3626 1410 βάθη
3667 1337 3778 1393 τῶν

2206 1433 2435 1505 Γραφῶν
2475 1433 2550 1503 μὴ
2585 1432 2998 1504 συνῃσθημένοι,
3028 1434 3122 1487 καὶ
3165 1434 3339 1485 πάντα
3376 1431 3662 1502 σωματικὰ
3685 1433 3779 1486 τὸν

2206 1526 2367 1595 νόμον
2394 1523 2685 1594 ἡγούμενοι
2725 1524 2819 1576 καί
2861 1524 2986 1586 τοὺς
3019 1524 3301 1594 προφήτας
3337 1523 3639 1593 εἰρηκέναι’
3682 1523 3779 1577 ἅτε

2206 1616 2312 1668 τῶν
2344 1615 2621 1685 κωμικῶν
2644 1614 2940 1685 ἐφιέμενοι,
2968 1616 3061 1668 καί
3090 1616 3181 1668 τὸν
3205 1615 3400 1678 ἔξωθεν
3426 1615 3654 1669 πλοῦτον
3680 1615 3777 1669 τοῦ

2209 1706 2336 1776 περὶ
2386 1704 2563 1774 ψυχὴν
2623 1705 3024 1775 προκρίνοντες.
3073 1705 3471 1775 Διαιρουμένων
3518 1705 3625 1777 γὰρ
3668 1706 3780 1760 τῶν

534 1824 765 1879 sumque
791 1810 1074 1864 habentes.
1105 1809 1239 1863 Cum
1264 1810 1407 1862 enim
1430 1809 1628 1863 divina:
1663 1806 1975 1877 Scriptura,
2000 1805 2104 1861 hoc

2206 1795 2435 1870 Γραιρῶν
2464 1796 2544 1858 εἰς
2574 1795 2662 1847 τὸν
2698 1812 2760 1846 πε
2772 1794 2824 1862 pl
2858 1794 2966 1846 τῶν
3001 1795 3409 1865 παρῳχηκότων
3439 1796 3531 1849 καὶ
3560 1795 3782 1866 μελλόν-

531 1898 723 1955 divisa:
774 1902 907 1966 sint,
944 1908 1003 1954 ut
1036 1901 1155 1956 alia;
1179 1902 1575 1970 praeteritarum
1606 1914 1810 1962 rerum,
1842 1898 1961 1951 aliae
2010 1908 2129 1951 ea-‘

531 2005 654 2046 rum
694 2008 816 2062 qua:
847 2001 974 2048 sunt
1004 1992 1198 2046 futurm
1242 2001 1425 2063 typum
1456 1992 1780 2057 exhibeant;
1811 1990 1993 2044 miseri
2025 1989 2101 2043 illi

535 2082 862 2147 resilientes,
892 2082 1196 2138 futurorum
1220 2087 1418 2149 tiguras
1440 2091 1625 2154 agunt,
1649 2097 1711 2135 ac
1733 2081 1776 2135 si
1796 2080 1908 2151 jam
1929 2089 2105 2135 trans-

534 2175 747 2231 iissent.
805 2174 961 2231 Velut
1004 2177 1166 2231 etiam
1225 2177 1280 2230 in
1313 2177 1452 2246 Agni
1501 2174 1894 2236 immolatione,
1943 2173 2104 2242 cujus

532 2267 852 2337 mysterium
879 2267 931 2320 in
963 2270 1077 2322 sola
1116 2268 1490 2322 recordatione
1518 2264 1858 2321 liberationis
1888 2270 2103 2333 patrum

532 2369 597 2408 ex
625 2354 862 2427 Egypto
891 2360 1155 2422 sentiunt,
1182 2366 1313 2412 tunc
1355 2356 1516 2422 facta,
1568 2355 1788 2427 quando
1827 2354 2105 2426 percussis

533 2445 916 2517 primogenitis
946 2447 1189 2520 Egypti,
1222 2450 1423 2504 servati
1458 2458 1587 2504 sunt
1633 2448 1756 2518 ipsi,
1792 2447 2107 2517 superlimi-

534 2539 764 2595 naribus
787 2539 1074 2595 domorum
1109 2556 1331 2596 suarum
1356 2541 1622 2611 sanguine
1644 2540 1963 2594 rubricatis.
1994 2538 2106 2595 Nec

534 2630 843 2702 intelligunt
874 2647 938 2687 eo
966 2633 1127 2687 etiam
1168 2632 1484 2704 praesignari
1521 2647 1710 2686 necem
1748 2630 1974 2694 Christi,
2011 2645 2107 2685 cu-

529 2720 623 2790 jus
652 2722 915 2792 sanguine
948 2724 1293 2777 communita:
1323 2723 1515 2777 animat
1567 2738 1631 2777 ac
1669 2724 2024 2793 consignatae,
2050 2723 2108 2777 in

533 2810 684 2865 orbis
717 2810 1160 2883 conﬂagratione,
1190 2826 1253 2866 ac
1280 2812 1677 2883 primogenitis,
1705 2812 1828 2868 ﬁliis
1865 2809 2103 2877 Satanae,

534 2900 907 2956 internecione
965 2900 1180 2967 deletis,
1234 2901 1301 2956 ab
1337 2903 1417 2955 ira
1458 2901 1842 2967 servabuntur,
1899 2902 2106 2972 angelis

537 2991 809 3046 ultoribus
840 2994 1217 3048 reverentibus
1266 2993 1436 3048 divini
1472 2992 1758 3064 sanguinis
1782 2993 2106 3063 impressum

541 3081 650 3138 illis
684 3082 947 3154 sigillum.

2203 1904 2307 1939 των
2341 1884 2529 1947 τύπον,
2562 1884 3010 1955 ἀποπηδήσαντες
3041 1884 3090 1934 οἰ
3127 1884 3377 1953 σχέτλιοι,
3412 1885 3520 1939 τῶν
3556 1884 3779 1955 μελλόν-

2202 1994 2309 2031 των
2341 1975 2417 2039 ὠς
2446 1974 2854 2045 παρῳχηκότων
2881 1976 2979 2045 ήδη
3018 1975 3231 2028 τελοῦσι
3262 1978 3385 2040 τοὺς
3413 1976 3645 2040 τύπουςο
3679 1995 3781 2032 κα-

2204 2065 2378 2136 θάπερ
2406 2066 2499 2119 καὶ
2534 2066 2624 2118 ἐπὶ
2650 2066 2747 2135 τῆς
2778 2064 2873 2118 τοῦ
2907 2065 3179 2136 προϐάτου
3213 2069 3446 2139 σφαγῆς,
3473 2069 3777 2143 ἀνάμνησιν

2203 2157 2301 2227 τῆς
2324 2157 2443 2210 κατ’
2479 2156 2751 2225 Αἴγυπτον
2784 2156 2889 2210 τῶν
2922 2159 3171 2230 πατέρων
3201 2160 3379 2212 αὐτῶν
3410 2162 3780 2237 γεγενημένης

2207 2250 2478 2320 σωτηρίας
2508 2249 2802 2319 ἡγούμενοι
2852 2249 3017 2320 μόνην
3065 2247 3204 2304 εἶναι
3243 2251 3303 2304 τὸ
3349 2254 3641 2324 μυστήριον
3682 2254 3776 2308 τοῦ

2205 2342 2478 2413 προϐάτου
2504 2357 2516 2370 υ
2561 2340 2743 2404 ὁπότε,
2797 2343 3225 2412 πατασσομένων
3265 2343 3372 2396 τῶν
3421 2346 3779 2415 πρωτοτόκων

2204 2436 2303 2505 τῆς
2333 2435 2632 2503 Αἰγύπτου,
2663 2433 2815 2485 αὐτοὶ
2837 2433 3192 2505 διεσώθησαν,
3216 2434 3313 2498 τὰς
3336 2435 3493 2506 φλιάς
3514 2436 3622 2490 τῶν
3650 2454 3781 2506 σφε-

2205 2526 2378 2597 τέρων
2419 2525 2582 2579 οἴκων
2617 2522 2953 2593 φοινίξαντες
2985 2524 3062 2595 τῷ
3094 2527 3286 2596 αἵματι
3310 2544 3324 2557 ο
3360 2528 3460 2581 ούκ
3491 2528 3570 2580 ἔτι
3598 2528 3651 2581 δὲ
3684 2529 3779 2582 καὶ

2206 2617 2304 2687 τῆς
2332 2616 2543 2686 σφαγῆς
2568 2616 2736 2669 τύπον
2767 2617 3043 2687 ἡγήσαντο
3071 2617 3227 2671 τοῦτο
3259 2618 3659 2690 προδηλωτικδν
3687 2637 3780 2689 γε·

2206 2710 2417 2777 γονέναι
2459 2707 2715 2779 Χριστοῦ,
2740 2702 2800 2760 οὗ
2836 2710 2892 2761 αἱ
2928 2708 3437 2779 κατησφαλισμέναι
3463 2709 3541 2780 τῷ
3588 2710 3781 2782 αἵματι

2208 2800 2298 2854 καὶ
2338 2798 2751 2871 σφραγισθεῖσαι
2786 2799 2974 2869 ψυχαὶ,
3014 2800 3110 2869 τῆς
3143 2800 3466 2871 οἰκουμένης
3507 2803 3779 2873 ὲκπυρουο

2213 2892 2397 2963 μένης,
2430 2890 2653 2944 καὶτῶν
2701 2891 3059 2961 πρωτοτόκων
3092 2890 3546 2963 ὀλοθρευομένων,
3573 2893 3781 2947 τέκνων

2208 2982 2300 3035 τοῦ
2345 2982 2557 3036 Σατανᾶ
2604 2980 2737 3051 (58).
2786 2979 3250 3051 περισωθήσονται
3293 2981 3395 3051 τῆς
3440 2982 3629 3052 ὀργῆς,
3671 2981 3781 3036 τῶν

2208 3071 2593 3143 τιμωρητικῶν
2626 3071 2869 3138 ἀγγέλων
2900 3072 3396 3143 ἐκτραπησομένων
3421 3072 3518 3143 τὴν
3547 3072 3656 3127 ἀπὸ
3684 3072 3781 3127 τοῦ

2206 3163 2435 3232 αἵματος
2461 3163 2545 3213 ἐπ’
2573 3162 2755 3222 αὐτοῖς
2783 3160 3242 3231 ὲκτετυπωμὲνην
3274 3162 3561 3231 σφραγῖδα.

537 3274 665 3355 car.
700 3274 764 3331 Il.
795 3277 1020 3348 Figura,
1054 3283 1266 3353 imago;
1291 3285 1482 3339 veritas
1514 3304 1532 3341 :
1568 3286 1671 3351 lex,
1707 3287 1906 3357 gratia,
1946 3283 2139 3355 gloria.
2183 3277 2355 3333 Homo
2398 3276 2712 3330 immortalis
2752 3276 2992 3330 conditus
3020 3290 3039 3327 :
3062 3291 3202 3329 mors
3229 3275 3430 3330 iurata
3468 3274 3783 3332 destruendo

2036 3365 2265 3421 peccato.

605 3464 673 3519 Et
699 3466 812 3522 haec
842 3468 1070 3538 exempli
1097 3484 1263 3526 causa
1285 3471 1454 3534 dicta.
1479 3472 1547 3527 ad
1570 3471 2053 3528 demonstrandum
2084 3509 2098 3534 ,

533 3558 751 3614 Iudaeos
775 3561 903 3614 hinc
933 3562 1188 3616 nimirum
1215 3579 1311 3634 spe
1347 3565 1617 3621 excidisse
1644 3564 1950 3620 futurorum
2006 3566 2104 3620 bo-

537 3667 755 3717 norum,
785 3651 927 3720 quod
956 3667 1018 3707 ea
1045 3668 1166 3723 qua:
1201 3661 1477 3722 tractant,
1520 3656 1719 3727 ﬁguras
1766 3656 2104 3713 solummodo

536 3755 722 3795 rerum
742 3741 853 3809 jam
883 3751 1158 3811 gestarum
1178 3759 1301 3800 esse
1325 3747 1665 3815 existimant;
1689 3748 1819 3803 dum
1847 3764 1947 3804 nec
1970 3750 2105 3819 ligu-

536 3848 650 3893 ras.
683 3832 1012 3904 imaginum;
1062 3851 1162 3891 nec
1190 3837 1470 3908 imagines,
1501 3840 1746 3895 veritatis
1776 3843 2108 3911 praenuntias

536 3940 658 3979 esse
685 3935 987 3996 agnoscunt
1014 3926 1079 3983 ⁸³.
1129 3926 1261 3982 Nam
1291 3930 1376 3984 lex
1404 3930 1620 4000 quidem
1648 3932 1900 4002 imaginis
1934 3934 2102 4004 ligura

535 4026 621 4071 est
652 4025 707 4072 et
760 4019 973 4085 umbra,
1025 4036 1219 4090 nempe
1266 4019 1577 4092 Evangelii;
1622 4024 1868 4078 veritatis
1922 4033 2102 4079 autem

536 4108 736 4180 imago,
764 4126 955 4179 nempe
1000 4110 1368 4182 Evangelium.
1408 4112 1581 4167 Prisci
1631 4114 1776 4168 enim
1820 4115 1897 4169 illi
1931 4114 2103 4169 homi-

533 4215 631 4255 nes
660 4208 824 4272 atque
854 4202 939 4256 lex
982 4201 1239 4258 Ecclesia:
1284 4202 1443 4259 nobis
1476 4202 1819 4257 characteres
1848 4219 2103 4273 praanun-

534 4289 758 4354 tiavere,
798 4289 1042 4347 Ecclesia
1071 4307 1199 4347 vero
1232 4294 1378 4362 ipsas
1434 4302 1785 4362 reprasentat
1835 4308 2101 4348 novorum

538 4385 862 4438 saeculorum
897 4384 1119 4440 formas.
1172 4383 1323 4440 Unde
1374 4393 1428 4440 et
1481 4401 1620 4450 nos,
1682 4387 1773 4456 qui
1822 4385 2102 4440 Christum

535 4470 899 4539 suscepimus,
931 4471 1229 4533 dicentem.
1262 4471 1375 4543 Ego
1410 4490 1526 4528 sum
1559 4475 1751 4529 veritas
1766 4474 1812 4505 "°
1833 4514 1848 4537 ,
1886 4475 2104 4531 umbras

2274 3464 2384 3520 Καὶ
2425 3462 2596 3517 ταῦτα
2649 3462 2748 3534 μὲν
2788 3462 2863 3527 ὡς
2905 3463 2999 3516 ἐπὶ
3046 3461 3487 3535 παραδείγματος
3520 3463 3780 3535 εἰρήσθω,

2205 3555 2574 3624 δεικνυούσης,
2605 3554 2713 3618 ὅτι,
2748 3553 2815 3607 τὰ
2846 3554 3089 3623 παρόντα
3128 3552 3329 3617 τύπους
3359 3553 3647 3625 ἡγούμενοι
3673 3553 3783 3610 τῶν

2208 3647 2305 3718 ἤδη
2333 3646 2630 3714 γεγονότων
2665 3645 2715 3695 οἰ
2755 3642 3015 3706 Ἰουδαῖοι,
3048 3641 3149 3711 τῆς
3182 3642 3393 3707 ἐλπίδος
3422 3643 3528 3697 τῶν
3560 3642 3781 3713 μελλόνο

2207 3755 2312 3790 των
2355 3734 2645 3800 ἐξώκειλαν
2677 3734 2785 3804 (59)
2816 3733 3053 3802 ἀγαθῶν,
3102 3732 3234 3803 μηδὲ
3272 3735 3397 3797 τοὺς
3440 3733 3647 3799 τύπους.
3673 3733 3784 3791 τῶν

2210 3830 2431 3883 εἰκόνων
2466 3826 2817 3897 βουληθέντες
2848 3823 2983 3880 εἶναι
3018 3826 3602 3898 προκαταγγελτικοὺς,
3648 3826 3783 3897 μηδὲ

2207 3923 2303 3986 τὰς
2333 3921 2545 3982 εἰκόνας
2584 3919 2682 3989 τῆς
2705 3917 2977 3988 ἀληθείας.
3021 3919 3079 3972 'O
3117 3920 3213 3989 μὲν
3250 3918 3354 3989 γὰρ
3388 3917 3551 3988 νόμος
3580 3918 3679 3988 τῆς
3711 3921 3784 3972 ει-

2209 4015 2361 4077 κόνος
2386 4013 2502 4065 ἐστὶ
2522 4011 2691 4073 τύπος
2718 4011 2812 4065 καί
2841 4011 2995 4076 σκιὰ,
3026 4011 3271 4063 τουτέστι
3297 4010 3390 4063 τοῦ
3413 4010 3742 4079 Εύαγγελίου
3760 4029 3774 4043 ·

2209 4102 2326 4174 ἠδὲ
2369 4099 2553 4165 εἰκὼν,
2588 4099 2647 4152 τὸ
2689 4100 3037 4169 Εύαγγέλιον,
3073 4101 3242 4170 αὐτῆς
3277 4100 3374 4170 τῆς
3412 4100 3688 4170 ἀληθείας.
3719 4102 3782 4154 Ol

2209 4195 2316 4266 γὰρ
2359 4192 2701 4261 παλαιότεροι
2734 4193 2882 4244 καὶὸ
2929 4191 3091 4262 νόμος
3130 4191 3256 4255 τοὺς
3310 4193 3407 4262 τῆς
3460 4191 3784 4262 Ἐκκλησίας

2210 4284 2634 4357 προεξήγγειλαν
2662 4285 2792 4354 ἡμῖν
2816 4282 3247 4354 προφητεύοντες
3274 4284 3642 4355 χαρακτῆρας
3668 4285 3701 4354 ή
3725 4284 3783 4338 δὲ

2221 4378 2518 4448 Ἐκκλησία
2544 4379 2669 4441 τοὺς
2697 4376 2805 4428 τῶν
2836 4376 3035 4429 καινῶν
3068 4375 3298 4431 αἰώνων.
3334 4376 3495 4429 Ὅθεν
3523 4378 3704 4447 ἡμεῖς,
3732 4379 3781 4430 οἰ

2210 4471 2299 4524 τὸν
2344 4468 2563 4522 εἰπόντα
2605 4468 2859 4539 Χριστὸν,
2920 4466 3058 4538 Ἐγώ
3106 4470 3220 4538 εἰμι
3254 4469 3292 4536 ἡ
3327 4466 3597 4537 ἀλήθεια,
3627 4467 3784 4533 δεξά-

534 4559 756 4627 quidem
804 4567 860 4613 et
910 4560 1109 4631 ﬁguras
1150 4562 1352 4619 scimus
1394 4563 1663 4619 desiisse:
1702 4564 1769 4618 ad
1821 4564 2104 4619 veritatem

2213 4580 2383 4634 μενοι,
2414 4562 2512 4625 τὰς
2554 4563 2652 4633 μὲν
2686 4560 2843 4625 σκιὰς
2880 4562 2975 4615 καί¹
3004 4563 3129 4624 τοὺς
3151 4561 3350 4625 τύπους
3382 4560 3540 4631 ἴσμεν
3567 4577 3783 4614 πεπαυ-

538 4655 718 4703 autem
739 4647 1081 4713 festinamus,
1111 4652 1349 4707 illustres
1374 4653 1544 4718 ipsius
1567 4655 1831 4724 imagines
1860 4668 2105 4723 praenun-

538 4741 757 4796 tiantes.
789 4739 873 4793 Ea:
897 4752 1047 4809 parte
1088 4743 1231 4798 enim
1265 4745 1461 4809 adhuc,
1492 4754 1542 4799 et
1568 4746 1727 4799 veluti
1780 4761 1872 4814 per
1916 4761 2098 4815 specu-

535 4830 646 4887 lum
675 4836 1037 4903 cognoscimus
1096 4837 1173 4903 ⁷¹;
1218 4837 1361 4906 quod
1418 4837 1648 4893 necdum
1706 4838 1913 4893 venerit
1958 4838 2101 4908 quod

597 5009 642 5040 ⁸⁸
670 5008 828 5065 Prov.
854 5026 894 5078 ι,
929 5010 982 5074 5,
1012 5010 1066 5067 6.
1145 5012 1188 5042 θ’
1223 5010 1383 5066 Hebr.
1413 5027 1467 5077 χ,
1498 5013 1550 5066 1.

604 5184 716 5261 (ὃβ)
752 5188 981 5261 Τέχνων
1015 5191 1119 5245 τοῦ
1146 5190 1398 5245 Σατανᾶ.
1428 5189 1503 5245 Ita
1526 5202 1673 5246 recte
1710 5192 1972 5261 Allatius;
2003 5209 2104 5250 nec

532 5255 677 5323 quod
727 5258 883 5314 aliter
933 5261 1162 5316 suadeat
1206 5263 1502 5330 quidquam
1550 5271 1652 5316 est.
1698 5262 1818 5318 Filii
1864 5255 2098 5327 Satanae,

532 5340 725 5404 omnes
770 5330 1010 5404 reprobi,
1050 5332 1383 5395 imitatione;
1420 5332 1530 5404 ipsi
1558 5333 1774 5403 [Egypti
1821 5350 1883 5387 ac
1916 5336 2101 5393 inundi

532 5400 917 5475 pri_i_nogcniti,_
930 5411 1079 5475 extra
1113 5413 1313 5456 sortem
1360 5402 1590 5475 liljorum
1632 5400 1720 5457 Diri
1750 5405 1975 5473 ejusque
2004 5420 2102 5474 po-

532 5465 681 5545 puli;
727 5465 836 5545 per
884 5469 977 5545 ριιὶ
1029 5473 1187 5545 iram,
1248 5488 1354 5545 non
1396 5471 1627 5545 Satanae,
1670 5465 2101 5545 exterriti-nandi;

535 5536 797 5610 quidquid
828 5540 1085 5595 absurde
1134 5542 1416 5598 Possinius
1461 5544 1723 5610 junxcrit,
1767 5544 1859 5597 τοῦ
1893 5536 2105 5601 Σατανᾶ

533 5609 997 5686 περισωθήσονται
1018 5614 1324 5686 τῆςὲόργῆς,
1360 5609 1702 5668 servabuntur
1733 5613 1797 5667 ab
1829 5616 1912 5686 ira”
1940 5614 2103 5686 Sata-

534 5689 636 5751 nie.
665 5675 823 5737 Nam,
855 5695 1007 5748 rogo,
1041 5675 1320 5751 quis-eum
1343 5686 1547 5741 docuit.
1583 5695 1677 5738 aut
1711 5687 1872 5739 etiam
1900 5685 2103 5739 Metho-

534 5746 706 5813 dium,
735 5746 1208 5808 exterminatorem
1239 5756 1491 5825 angelum
1519 5754 1775 5811 Satanam
1803 5754 1991 5821 fuisse,
2017 5755 2103 5812 vel

1629 5013 1672 5042 ⁷ο
1699 5009 1858 5066 Joan.
1887 5028 1998 5078 xw,
2039 5011 2121 5066 16.

2212 4654 2431 4725 μένους·
2471 4653 2563 4705 ἐπὶ
2599 4653 2657 4706 δὲ
2691 4653 2788 4723 τὴν
2831 4651 3086 4723 ἀλήθειαν
3129 4651 3449 4721 σπεύδομεν,
3484 4650 3582 4714 τὰς
3622 4653 3781 4722 ὲναρ-

2206 4748 2323 4813 γεῖς
2350 4745 2517 4815 αὐτῆς
2549 4744 2761 4807 εἰκόνας
2799 4743 3383 4814 προκαταγγέλλοντες.
3429 4745 3531 4796 Ἐκ
3556 4741 3779 4812 μέρους

2208 4835 2317 4907 γὰρ
2343 4834 2442 4899 ἔτι,
2469 4834 2565 4888 καὶ
2594 4835 2674 4901 ὡς
2694 4833 2767 4888 δι’
2795 4836 3089 4903 ἐσόπτρου
3119 4833 3503 4904 γινώσκομεν·
3536 4833 3659 4887 ἐπεὶ
3685 4851 3782 4906 μη-

2198 5014 2242 5044 ⁷¹
2282 5012 2307 5065 Ι
2338 5013 2459 5067 Cor.
2491 5029 2612 5079 xm,
2642 5013 2728 5068 12.

2208 5196 2329 5263 ejus
2382 5197 2723 5251 ministrum?
2773 5194 2955 5250 Potuit
3002 5196 3142 5251 Deus
3189 5205 3243 5250 et
3293 5210 3389 5265 per
3441 5209 3535 5250 eos
3570 5193 3778 5265 ulcisci

2220 5267 2538 5336 IEgyptum;
2570 5276 2623 5319 at
2650 5265 2929 5334 Scriptura
2964 5282 3072 5320 non
3102 5264 3344 5335 loquitur
3362 5264 3530 5336 Deum
3558 5264 3776 5329 fecisse,

2212 5352 2311 5389 nec
2356 5340 2421 5391 ad
2464 5337 2793 5392 Methodium
2823 5337 3084 5391 attinebat
3119 5335 3429 5391 istiusmodi
3475 5336 3776 5399 insinuare,

2209 5407 2292 5459 vel
2325 5407 2549 5462 alterius
2576 5422 2736 5476 quam
2770 5405 2882 5469 Dei,
2917 5407 3013 5461 ira:
3041 5407 3388 5460 meminisse:
3419 5421 3526 5475 qua
3553 5407 3668 5475 ipsa
3692 5421 3781 5459 re-

2207 5476 2362 5556 probi
2391 5479 2608 5556 aeternis
2630 5479 2804 5556 pmnis
2829 5479 2882 5531 in
2909 5477 3119 5546 judicio
3146 5476 3485 5556 addicentur,
3518 5482 3779 5530 evacuato

2205 5546 2316 5614 jam
2340 5547 2488 5600 omni
2514 5546 2817 5617 principatu
2848 5556 2902 5601 et
2932 5555 3217 5617 potestate,
3248 5546 3447 5617 singuli
3472 5561 3571 5615 pro
3597 5555 3778 5601 reatus

2210 5617 2402 5670 merito
2433 5616 2728 5684 illi’pmuas
2755 5616 2965 5684 dantes.
2996 5616 3285 5671 COIIBEF'IS.

2280 5688 2389 5755 (59)
2436 5682 2808 5755 Ἐξὼχειλᾳν.
2846 5682 3006 5741 Vocis
3039 5686 3200 5755 hujus
3229 5688 3313 5741 hic
3336 5688 3481 5741 clara
3509 5685 3775 5754 acceptio,

2149 5824 2159 5829 _
2207 5752 2379 5827 quam
2420 5770 2583 5826 supra
2625 5752 2988 5823 vindicamus,
3037 5752 3199 5812 ut'sit
3224 5759 3482 5825 excidere,
3517 5752 3777 5813 frustrata
