4150 6430
402 303 500 360 {8!

1481 305 1858 363 CONVIVIUM
1901 305 2126 362 DECEM
2164 307 2539 367 VIRGINUM.‘

3521 310 3624 366 182

399 419 545 475 δέπω
567 419 627 473 τὸ
655 420 856 473 τέλειον
885 414 1017 491 ἧκεν
1044 420 1064 493 (
1105 423 1137 493 ἡ
1178 421 1421 492 βασιλεία
1447 420 1555 476 τῶν
1587 424 1827 495 οὐρανῶν
1866 424 1958 478 καὶ

2062 425 2358 494 perfectum
2387 434 2471 481 est
2500 425 2776 496 (nimirum
2806 426 3066 483 calorum
3095 441 3318 498 regnum
3352 434 3407 483 et
3438 444 3624 483 resur-

397 514 432 584 ἡ
466 511 811 580 άνάστασις,)
847 514 925 579 είς
970 515 1133 584 ἡμᾶς,
1170 514 1268 568 ὅτε
1314 516 1745 587 καταργήσεται
1794 518 1859 570 τὸ
1891 519 1958 571 ἐκ

391 602 635 674 μέρους.
684 604 816 657 Τότε
863 606 970 678 γὰρ
1022 609 1077 661 αί
1134 609 1329 679 σκηναὶ
1390 610 1686 681 πήγνυνται
1744 611 1959 664 πάντων

400 696 576 768 ἡμῶν,
601 699 783 765 ὁπότε,
809 701 915 753 τῶν
944 700 1112 754 ὀστῶν
1140 702 1597 776 συγκολλωμένων
1621 706 1716 760 καὶ
1753 723 1961 780 συμπη-

398 787 680 857 γνυμένων
728 792 847 853 ταῖς
887 791 1094 862 σαρξὶν,
1135 792 1417 849 ἀνίσταται
1467 794 1643 866 σῶμα.
1701 796 1832 850 Τότε
1864 797 1960 869 τὴν

399 877 610 951 ἡμέραν
660 880 759 951 τῆς
807 884 982 952 χαρᾶς
1033 883 1361 956 ἑορτάζομεν
1403 887 1593 958 Κυρίῳ
1634 887 1956 960 εἰλικρινῶς,

397 970 559 1023 ὁπότε
578 970 678 1035 τὰς
701 973 904 1044 σκηνάς
927 975 1174 1041 αἰωνίους
1200 978 1608 1050 ἀποληψόμεθα,
1629 981 1810 1035 οὐκέτι
1836 980 1960 1052 θνη-

400 1059 631 1132 ξομένας
675 1064 707 1136 ἢ
743 1063 1115 1137 λυθησομένας
1144 1070 1222 1132 είς
1254 1070 1358 1140 γῆν
1405 1070 1678 1141 χώματος.
1709 1068 1820 1149 ΪΗν
1853 1073 1960 1145 γὰρ

396 1154 551 1226 ἡμῶν
586 1157 679 1209 καὶ
708 1157 940 1229 πρόσθεν
966 1160 1212 1224 ἄπτωτος
1249 1163 1283 1231 ἡ
1315 1164 1486 1234 σκηνή
1527 1162 1638 1235 (40)
1658 1182 1671 1194 ·
1703 1148 1840 1219 ἀλλᾶ
1874 1165 1959 1219 διὰ

396 1246 494 1318 τὴν
548 1246 855 1319 παράϐασιν
891 1250 1153 1325 ἐσαλεύθη
1198 1254 1292 1306 καὶ
1328 1253 1536 1326 ὲκλίθη,
1592 1255 1684 1309 τοῦ
1730 1256 1864 1309 Θεοῦ
1900 1257 1962 1310 τὸ

394 1337 696 1408 ἁμάρτημα
716 1338 971 1405 λύσαντος
995 1340 1226 1412 θανάτῳ,
1253 1344 1337 1397 ἵνα
1363 1343 1458 1415 μὴ,
1483 1343 1762 1409 ἀθανάτως
1782 1346 1962 1416 ἁμαρ-

394 1431 562 1496 τωλὸς
588 1434 616 1487 ὁ
640 1433 922 1506 ἄνθρωπος
949 1433 1047 1498 dav;
1075 1435 1255 1508 ζώσης
1280 1441 1337 1490 ὲν
1365 1437 1512 1508 αὐτῷ
1536 1437 1637 1508 τῆς
1666 1439 1959 1509 ἁμαρτίας,

395 1524 628 1588 αἰωνίως
652 1526 975 1598 κατάκριτος
998 1527 1219 1599 γενηθῇ.
1244 1529 1348 1582 Καὶ
1373 1530 1460 1583 διὰ
1483 1529 1640 1584 τοῦτο
1658 1534 1750 1586 καὶ
1769 1531 1961 1603 τέθνη-

395 1632 490 1669 κεν
526 1616 587 1669 ού
631 1617 921 1689 γενόμενος
957 1617 1147 1691 θνητὸς
1191 1620 1224 1692 ἢ
1278 1621 1534 1694 φθαρτὸς,
1580 1623 1675 1677 καὶ
1718 1624 1960 1696 διεκρίθη

394 1708 493 1779 τῆς
523 1708 779 1781 σαρκὸςή
809 1710 975 1782 ψυχὴ,
1009 1711 1094 1764 ἵνα
1119 1713 1365 1784 νεκρωθῇ
1395 1714 1482 1769 διὰ
1518 1714 1610 1769 τοῦ
1645 1714 1873 1771 θανάτου
1900 1719 1961 1772 τὸ

2058 519 2249 587 rectio)
2281 517 2489 590 quando
2525 518 2864 574 evacuabitur
2894 518 3029 589 quod
3069 534 3133 573 ea:
3174 528 3322 587 parte
3346 529 3445 575 est.
3471 518 3625 576 Tunc

2059 614 2201 667 enim
2233 610 2387 665 firma
2413 612 2531 667 basi
2579 611 2835 680 erigenda
2868 611 3109 666 omnium
3138 618 3388 667 nostrum
3442 612 3626 669 taber-

2058 703 2273 767 nacula,
2311 702 2550 773 quando,
2584 702 2777 757 iterum
2831 701 3178 773 agglutinatis
3233 708 3288 756 et
3324 703 3625 772 compactis

2059 809 2184 849 cum
2223 810 2387 850 carne
2413 794 2652 859 ossibus,
2682 800 2929 863 resurget
2979 807 3200 862 corpus.
3243 790 3397 846 Tunc
3428 792 3622 848 festam

2059 884 2242 957 gaudii
2270 886 2444 942 lucem
2473 887 2685 942 sincere
2722 883 2951 938 Domino
3005 882 3437 948 celebrabimus,
3497 897 3622 937 cum

2057 986 2261 1035 aeterna
2288 979 2637 1034 tabernacula
2663 978 3054 1048 receperimus,
3084 993 3192 1033 non
3240 976 3473 1046 amplius
3501 990 3623 1029 mo-

2058 1069 2231 1124 ritura
2258 1076 2351 1124 aut
2376 1068 2719 1124 dissolvenda
2752 1068 2806 1121 in
2847 1067 3124 1137 pulverem
3180 1065 3375 1121 tumuli
3396 1065 3463 1117 7'.
3492 1062 3627 1117 Erat

2059 1162 2201 1217 enim
2232 1168 2479 1215 nostrum
2511 1159 2772 1214 immobili
2800 1160 2950 1229 prius
2996 1166 3138 1215 statu
3175 1157 3341 1212 ﬁxum
3371 1155 3626 1210 taberna-

2059 1253 2240 1306 culum
2272 1272 2285 1306 :
2316 1253 2409 1307 sed
2457 1267 2553 1321 per
2584 1246 3071 1323 transgressionem
3100 1257 3329 1315 motum,
3358 1256 3411 1304 et
3438 1248 3493 1302 in
3521 1255 3627 1302 ter—
3671 1283 3673 1286 ι

2057 1363 2173 1402 ram
2197 1347 2515 1401 inclinatum
2540 1354 2658 1413 est;
2691 1346 2800 1401 Deo
2826 1361 2923 1416 per
2950 1352 3174 1400 mortem
3200 1350 3481 1414 peccatum
3510 1340 3624 1397 dis-

2059 1441 2320 1507 solvente,
2346 1455 2414 1495 ne
2445 1440 2767 1495 immortalis
2805 1440 2967 1495 homo
3004 1445 3257 1510 peccator
3303 1436 3514 1504 vivens,
3542 1435 3625 1490 vi-

2058 1539 2216 1587 vente
2244 1532 2299 1586 in
2325 1547 2390 1587 eo
2420 1540 2643 1602 peccato
2667 1573 2678 1594 ,
2709 1530 2767 1585 in
2795 1530 3183 1602 sempiternum
3212 1525 3500 1582 maledicto
3526 1525 3626 1579 ob-

2061 1624 2256 1678 noxius
2278 1622 2436 1678 foret.
2466 1621 2759 1692 Propterea
2781 1622 2942 1676 etiam
2992 1628 3218 1674 mortem
3268 1617 3439 1680 obiit,
3498 1630 3622 1671 cum

2060 1718 2222 1772 morti
2244 1716 2514 1772 obnoxius
2541 1725 2761 1771 creatus
2785 1729 2897 1769 non
2927 1712 3117 1768 fuisset
3139 1717 3234 1765 aut
3255 1709 3623 1780 corruptioni:

395 1798 765 1871 παράπτωμα,
797 1802 990 1873 μηκέτι
1009 1802 1300 1874 δυνάμενον
1324 1805 1422 1877 ζῇν
1464 1807 1522 1860 ἐν
1552 1807 1629 1879 τῷ
1658 1809 1956 1882 τεθνηκότι.

2062 1812 2416 1883 sejunctaque
2440 1819 2525 1868 est
2553 1826 2583 1865 a
2612 1824 2777 1864 carne
2801 1807 3003 1870 anima,
3019 1813 3077 1859 ut
3104 1803 3350 1860 interiret
3373 1817 3469 1872 per
3487 1816 3629 1856 mor-

397 1888 579 1952 Ὅθεν,
603 1890 960 1957 ἀποθανόντος
990 1894 1082 1947 τοῦ
1119 1895 1561 1968 παραπτώματος
1582 1902 1675 1954 καὶ
1704 1902 1959 1974 διεφθαρ-

398 1980 579 2051 μένου,
603 1983 761 2038 πάλιν
781 1984 1042 2054 ἀθάνατος
1063 1990 1375 2064 ἀνίσταμαι,
1405 1984 1505 2047 καῖ
1524 1994 1675 2065 ὑμνῶ
1693 1995 1783 2049 τὸν
1803 1996 1955 2061 Θεὸν,

395 2075 484 2128 τὸν
510 2076 598 2131 διὰ
629 2078 857 2134 θανάτου
890 2082 958 2135 τὰ
994 2083 1159 2138 τέκνα
1187 2088 1251 2139 ὲκ
1293 2086 1522 2141 θανάτου
1562 2087 1826 2154 σώζοντα·
1864 2090 1958 2143 καὶ

390 2166 636 2238 έορτάζω
662 2171 907 2242 νομίμως
929 2174 1096 2245 αὐτῷ,
1127 2180 1447 2248 κοσμήσασα
1470 2179 1569 2251 τὴν
1605 2180 1809 2251 σκηνήν
1835 2196 1955 2250 μου,

392 2257 490 2331 τὴν
520 2261 715 2333 σάρκα,
750 2267 862 2327 τοῖς
902 2265 1103 2330 καλοῖς,
1132 2267 1319 2341 ὥσπερ
1337 2270 1498 2324 κάκεῖ
1526 2274 1645 2336 ταῖς
1679 2270 1961 2341 πενταφώ-

336 2424 341 2431 ι
391 2366 505 2416 τοις
531 2356 585 2407 αι
621 2357 877 2427 παρθένοι
909 2359 1187 2431 λαμπάσιν
1221 2362 1352 2433 (41).
1742 2362 1749 2367 ⁷

2060 1915 2168 1961 tem
2203 1911 2506 1976 peccatum,
2539 1917 2649 1957 non
2679 1899 2867 1956 valens
2894 1897 3125 1967 amplius
3155 1896 3210 1951 in
3233 1894 3515 1951 demortuo
3545 1893 3630 1950 vi-

2065 2016 2206 2058 vere.
2241 1998 2395 2054 Unde
2421 2007 2634 2053 mortuo
2666 2001 2890 2066 peccato
2921 2001 2975 2050 et
2999 1998 3274 2062 corrupto,
3303 2003 3496 2044 rursus
3523 1986 3628 2041 im-

2062 2094 2310 2150 mortalis
2336 2108 2584 2162 resurgo,
2612 2090 2891 2162 Deumque
2919 2087 3080 2144 laudo
3101 2126 3115 2151 ,
3137 2085 3231 2157 qui
3268 2099 3364 2154 per
3393 2088 3625 2137 mortem

2061 2186 2200 2241 lilios
2231 2202 2262 2240 a
2296 2195 2471 2241 morte
2498 2184 2730 2240 liberet:
2762 2183 2925 2253 inque
2951 2181 3070 2252 ejus
3098 2180 3360 2233 honorem
3389 2176 3629 2247 legitime

2060 2278 2203 2334 diem
2240 2277 2439 2333 festum
2464 2277 2677 2333 celebro
2698 2316 2713 2338 ,
2758 2290 2960 2329 ornans
3005 2270 3414 2328 tabernaculum
3446 2280 3628 2323 meum

2061 2372 2301 2442 (carnem
2335 2369 2564 2439 scilicet)
2586 2368 2839 2438 operibus
2870 2367 3049 2428 bonis,
3070 2372 3128 2419 ut
3154 2371 3209 2419 et
3230 2363 3342 2417 illic
3366 2360 3627 2433 virgines,

2062 2465 2302 2537 quinque
2330 2464 2673 2519 lucernarum
2697 2461 2947 2516 accensis
2976 2455 3319 2527 lampadibus
3347 2453 3416 2509 "'.

847 2599 992 2657 Cu.’
1015 2600 1102 2657 Ill.
1139 2603 1412 2672 Quomodo
1440 2620 1495 2659 se
1522 2605 1738 2676 quisque
1764 2604 1832 2659 ad
1863 2604 2101 2675 futuram
2137 2603 2570 2659 resurrectionem
2600 2616 2906 2672 comparare
2933 2597 3136 2652 debeat.

493 2734 865 2809 Εξεταζομένη
905 2741 969 2809 τῇ
1010 2741 1202 2814 πρώτῃ
1242 2741 1342 2812 τῆς
1374 2740 1722 2806 ἀναστάσεως
1756 2741 1959 2815 ἡμέρᾳ,

392 2830 444 2882 εί
471 2830 621 2900 φέρω
649 2827 715 2881 τὰ
752 2831 1196 2902 προστεταγμένα
1215 2849 1229 2862 ·
1262 2834 1311 2886 εί
1339 2817 1688 2905 κεκόσμημαι
1719 2835 1833 2897 τοῖς
1863 2832 1962 2902 τῆς

397 2919 597 2991 ἀρετῆς
650 2923 905 2990 καρποῖς·
955 2923 1001 2975 εί
1048 2924 1160 2986 τοῖς
1205 2923 1418 2988 κλάδοις
1459 2925 1556 2994 τῆς
1604 2925 1826 2994 ἁγνείας
1863 2941 1960 2978 κα-

396 3000 777 3082 τασκιάζομαι.
802 3012 928 3065 Νόει
958 3012 1066 3085 γάρ
1105 3030 1195 3084 μοι
1233 3015 1331 3085 τὴν
1362 3015 1658 3070 ἀνάστασιν
1687 3011 1825 3070 εἶναι
1860 3014 1958 3086 τὴν

396 3105 786 3176 σκηνοπηγίαν.
816 3105 945 3157 Νόει
980 3122 1068 3177 μοι
1108 3107 1203 3160 καὶ
1232 3106 1301 3159 τὰ
1328 3107 1408 3170 είς
1439 3108 1536 3180 τὴν
1566 3106 1813 3161 σύνθεσιν
1853 3124 1958 3160 πα-

2135 2742 2318 2796 Prima
2350 2739 2770 2797 resurrectionis
2798 2736 2887 2793 die
2917 2736 2972 2790 in
3011 2748 3237 2790 examen
3273 2732 3527 2800 adducta,
3559 2747 3632 2789 an

2066 2845 2130 2887 ea
2163 2830 2382 2886 aﬂeram
2410 2845 2531 2901 qua:
2552 2837 2683 2884 sunt
2704 2830 2966 2898 imperata
2995 2845 3007 2878 :
3041 2840 3108 2880 an
3132 2824 3350 2880 virtutis
3372 2823 3630 2893 operibus

2064 2922 2319 2979 decorata
2352 2923 2485 2986 sim,
2522 2937 2591 2977 an
2636 2919 2804 2976 ramis
2845 2917 3117 2974 castitatis
3156 2931 3372 2987 opacer.
3418 2914 3630 2986 Reputa

2062 3014 2205 3069 enim
2232 3012 2710 3076 resurrectionem,
2740 3009 3075 3064 tabernaculi
3129 3008 3457 3063 erectionem
3486 3021 3628 3062 esse.

2061 3103 2270 3175 Reputa
2293 3119 2411 3176 quae
2430 3105 2486 3159 in
2509 3102 2841 3159 tabernaculi
2867 3100 3316 3172 compositionem
3343 3114 3634 3156 assumun-

396 3196 846 3268 ραλαμϐανόμενα
887 3199 984 3269 τῆς
1029 3198 1236 3270 σκηνῆς
1273 3198 1373 3263 τὰς
1419 3199 1645 3269 πράξεις
1687 3196 1824 3254 εἶναι
1865 3201 1961 3271 τῆς

2062 3204 2172 3261 tur,
2196 3196 2421 3267 justitiae
2442 3210 2564 3251 esse
2587 3209 2769 3265 opera.
2809 3192 2975 3247 Sumo
3002 3193 3168 3264 igitur
3190 3191 3363 3262 prima
3398 3190 3486 3245 die
3508 3206 3630 3259 qua:

389 3284 751 3359 δικαιοσύνης.
791 3287 1067 3359 Λαμεάνω
1098 3284 1190 3343 οὖν
1227 3292 1293 3361 τῇ
1337 3291 1516 3364 ἡμέρᾳ
1554 3294 1626 3368 τῇ
1672 3291 1862 3365 πρώτῃ
1888 3292 1957 3345 τὰ

395 3377 838 3448 ὑποτεταγμένα·
867 3381 1030 3433 οἱονεὶ
1066 3383 1131 3451 τῇ
1171 3381 1359 3452 ἡμέρᾳ.
1466 3384 1742 3454 κρίνομαι,
1777 3384 1825 3436 εί
1861 3383 1959 3455 τὴν

397 3466 599 3538 σκηνὴν
628 3468 910 3540 ὲκόσμησά
944 3486 1045 3540 μου
1078 3474 1190 3535 τοῖς
1218 3473 1709 3545 προστεταγμένοις
1729 3490 1742 3503 ·
1791 3475 1838 3527 εί
1871 3475 1962 3527 εύ-

399 3559 675 3628 ρίσκονται
712 3560 881 3614 ταῦτα
908 3563 966 3614 ὲν
1011 3562 1171 3634 αὐτῇ,
1214 3563 1356 3635 ἅπερ
1401 3564 1632 3618 ἐνταῦθα
1668 3566 1765 3636 μὲν
1796 3567 1855 3619 ὲν
1886 3566 1962 3637 τῷ

396 3649 587 3721 κόσμῳ
617 3651 919 3721 κτήσασθαι
957 3656 1440 3726 προστασσόμεθα·
1472 3659 1588 3711 ἐκεῖ
1623 3658 1680 3712 δὲ
1723 3658 1961 3730 προσφέ-

397 3757 512 3811 ρειν
534 3741 612 3813 τῷ
640 3742 778 3819 Θεῷ.
814 3745 922 3796 Ἴτε
960 3743 1087 3815 γὰρ,
1126 3745 1219 3798 καὶ
1251 3745 1320 3799 τὰ
1362 3746 1487 3818 ἑξῆς
1520 3747 1959 3819 ἐπισκεψώμεθα.

463 3834 573 3888 Καὶ
601 3834 873 3904 λήψεσθε
904 3837 1136 3904 ἑαυτοῖς
1165 3837 1240 3907 τῇ
1280 3839 1496 3908 πρώτῃ,
1535 3841 1718 3913 φησὶν,
1754 3839 1960 3912 ἡμέρῃ,

395 3932 629 3996 καρπὸν
654 3928 844 3993 ξύλου
863 3928 1100 3997 ὡραῖον,
1120 3930 1221 3983 καί
1244 3931 1510 3999 κλάδους
1536 3931 1728 3998 ξύλου
1754 3933 1962 4000 δασεῖς

391 4018 496 4074 καὶ
529 4018 704 4086 ἰτέας,
742 4019 842 4073 καὶ
878 4019 1064 4089 ἄγνου
1094 4020 1359 4089 κλάδους
1392 4024 1461 4077 ἐκ
1488 4024 1826 4094 χειμάρῤου,
1864 4027 1963 4080 εὐο

393 4111 727 4180 φραγ-θῆναι
750 4112 1025 4166 ἐναντίον
1050 4113 1270 4181 Κυρίου
1295 4114 1401 4168 τοῦ
1425 4116 1572 4171 Θεοῦ
1598 4116 1784 4186 ὑμῶν.
1819 4118 1964 4189 Καρ-

394 4201 495 4256 πὸν
527 4202 856 4274 ὡραιότατον
900 4203 1053 4269 ξύλου
1100 4207 1149 4259 οἱ
1189 4206 1287 4277 τὴν
1334 4208 1561 4278 καρδίαν
1602 4209 1964 4282 ἀπερίτμητοι

408 4293 645 4347 Ἰουδαῖοι
672 4294 760 4349 διὰ
790 4296 851 4349 τὸ
888 4297 1113 4367 μέγεθος
1140 4299 1202 4353 τὸ
1236 4300 1443 4372 κίτριον
1478 4301 1737 4373 ἡγοῦνται
1765 4303 1964 4373 τυγχά-

395 4402 535 4440 νειν·
576 4387 696 4441 οὐδὲ
727 4390 1155 4457 ὲγκαλύτπονται
1193 4393 1385 4464 κιτρίῳ
1417 4392 1508 4447 τὸν
1544 4395 1675 4447 Θεὸν
1715 4393 1961 4465 λέγοντες

393 4477 674 4550 τιμᾶσθαι,
709 4474 753 4548 ᾧ
798 4480 866 4534 τὰ
902 4482 1204 4555 τετράποδα
1236 4484 1411 4537 πάντα
1439 4485 1537 4556 τῆς
1572 4485 1674 4557 γῆς
1701 4487 1800 4539 οὐκ
1823 4487 1961 4542 είσὶν

2062 3290 2403 3356 subduntur,
2442 3301 2635 3356 nempe
2665 3302 2773 3356 quo
2795 3284 2883 3340 die
2911 3287 2966 3339 in
3000 3283 3209 3354 judicio
3238 3284 3424 3346 sistor,
3474 3282 3520 3337 si
3549 3291 3634 3334 ta-

2060 3382 2414 3438 bernaculum
2442 3395 2623 3434 meum
2659 3379 2941 3449 praeceptis
2965 3376 3152 3431 ornavi
3180 3395 3193 3430 :
3227 3376 3273 3430 si
3305 3376 3421 3429 haec
3449 3376 3505 3428 in
3536 3374 3630 3428 illo

2061 3472 2416 3527 inveniuntur
2447 3485 2565 3541 quae
2583 3468 2672 3523 hic
2703 3468 2755 3522 in
2781 3468 2981 3523 smculo
3015 3480 3333 3536 comparare
3353 3464 3630 3534 jubemur,

2065 3578 2129 3619 ac
2151 3564 2224 3618 ibi
2252 3562 2445 3619 oti‘erre
2476 3562 2603 3617 Deo.
2631 3559 2787 3631 Agite
2819 3559 2985 3625 enim,
3017 3565 3071 3613 et
3109 3574 3228 3629 qua:
3258 3556 3517 3627 deinceps
3545 3546 3635 3611 se-

2065 3664 2304 3726 quuntur
2333 3654 2765 3711 consideremus.

2135 3836 2382 3900 Sumetis,
2416 3834 2623 3907 inquit,
2675 3834 2818 3888 vobis
2875 3834 3049 3903 prima
3088 3832 3174 3887 die
3219 3832 3451 3901 fructum
3503 3829 3635 3900 ligni

2064 3933 2376 3999 speciosam,
2406 3940 2455 3985 et
2482 3946 2656 3985 ramos
2679 3929 2808 4000 ligni
2839 3927 3027 3982 densos
3049 3967 3064 3993 ,
3103 3934 3153 3982 et
3177 3925 3364 3981 salices
3383 3964 3398 3989 ,
3425 3933 3473 3979 et
3511 3923 3634 3994 agni

2065 4040 2241 4080 ramos
2266 4025 2330 4079 de
2368 4033 2610 4092 torrente,
2650 4023 2719 4078 ad
2742 4022 3029 4078 [tutandum
3056 4038 3231 4076 coram
3257 4020 3482 4074 Domino
3523 4017 3634 4073 Deo

2065 4110 2233 4172 oestro
2265 4118 2331 4171 ⁷⁵.
2355 4116 2612 4173 Fructum
2650 4117 2784 4190 ligni
2812 4117 3233 4188 pulcherrimum
3264 4112 3636 4169 incircumcisi

2065 4207 2230 4264 corde
2260 4206 2453 4274 Judaei,
2480 4208 2549 4264 ob
2571 4208 2656 4263 sui
2689 4207 3137 4279 magnitudinem,
3165 4196 3364 4260 citrum
3392 4220 3515 4260 esse
3544 4219 3635 4257 ar-

2064 4303 2367 4369 bitrantur;
2418 4318 2594 4374 neque
2640 4317 2737 4359 eos
2789 4302 2957 4374 pudet
3011 4299 3220 4363 dicere,
3273 4297 3441 4354 Deum
3493 4297 3638 4352 citro

2065 4394 2215 4449 coli:
2247 4394 2335 4450 cui
2383 4410 2453 4451 ne
2500 4395 2681 4450 omnia
2711 4394 2930 4466 quidem
2981 4401 3140 4448 terrm
3191 4388 3541 4461 quadrupeda
3578 4388 3639 4444 in

2065 4485 2443 4543 holocaustum
2492 4486 2615 4558 ipso
2636 4485 2859 4557 dignum
2897 4482 3229 4550 suﬂ'ecerint,
3265 4488 3361 4536 aut
3397 4480 3532 4553 thus.
3577 4478 3641 4537 in

460 4634 512 4667 "
539 4632 680 4689 Dan.
717 4651 813 4701 xu,
838 4634 891 4689 2.
936 4638 980 4669 ⁷³
1006 4636 1201 4692 Matth.
1232 4655 1358 4705 xxv,
1390 4640 1440 4693 7.
1521 4640 1568 4672 7‘
1585 4640 1750 4695 Leuit.
1776 4658 1935 4706 mn,
1972 4618 2064 4697 4.0.

394 4790 607 4847 scilicet
634 4806 750 4861 spe,
776 4793 1087 4867 metaphora
1115 4795 1330 4849 illorum
1360 4797 1451 4866 qui
1483 4812 1543 4853 sc
1571 4806 1786 4867 portum
1812 4812 1962 4853 asse-
1994 4801 2040 4859 υ
2066 4799 2163 4861 ve;
2191 4795 2542 4866 recipienﬂns.
2587 4806 2810 4867 corpora
2838 4794 2893 4846 in
2931 4792 3303 4867 sempiternum
3335 4788 3635 4867 conjuncta,

395 4870 554 4938 cutos
573 4870 847 4938 putantes,
881 4864 976 4938 illo
998 4865 1307 4935 impingunt
1326 4864 1394 4922 ac
1417 4864 1666 4938 pereunt,
1698 4884 1797 4923 seu
1826 4884 1965 4923 nau-

395 4932 627 4999 lragium
656 4932 881 4988 iaciunt.
938 4932 1224 4992 Constans.

607 5000 1011 5085 rga-nciam)on
1048 5008 1108 5085 ἠ·
1128 5007 1350 5074 σκηνή.
1378 5007 1565 5085 Refert
1593 5007 1701 5085 Leo
1729 5009 1964 5085 Allatius

395 5072 674 5129 Michaelis
708 5074 890 5148 Glycae
918 5072 1245 5148 epistdlam,‘
1269 5072 1374 5147 qua
1411 5079 1486 5133 ait
1514 5083 1747 5148 probare
1776 5081 1962 5136 multis

394 5148 708 5221 sanctorum
733 5144 1127 5221 ‘dictis,_l'uisse
1152 5144 1424 5221 hominem
1449 5144 1630 5221 animo
1655 5158 1709 5221 et
1722 5165 1962 5221 corpore

393 5221 638 5296 creatum
660 5214 1057 5296 _iui_mort_alem,
1106 5217 1307 5287 quibus
1350 5220 1466 5288 ipse
1498 5214 1962 5296 Metllodium'ad:

388 5283 591 5353 jungit,
622 5283 673 5353 id
706 5286 853 5341 clare
887 5287 994 5342 hoc
1040 5283 1161 5342 loco
1203 5283 1556 5344 asseréntem.
1614 5289 1680 5342 Et
1726 5301 1875 5346 certe
1909 5291 1963 5345 id

393 5352 963 5434 docere._Metltodiu_tri
1007 5360 1195 5434 negari
1231 5375 1354 5434 non
1371 5367 1578 5429 potest;
1622 5369 1819 5434 atgqua
1855 5363 1960 5414 im-

393 5425 745 5499 mortalitate,
780 5443 881 5481 nec
909 5430 1025 5497 ipse
1053 5425 1189 5484 satis
1216 5425 1470 5499 explicat,
1498 5446 1599 5485 nec
1629 5425 1958 5487 alii'Patres.

396 5492 540 5577 Sane
568 5494 885 5577 si‘ammoe
906 5492 947 5570 η’
975 5500 1170 5577 σκηνῇ,
1188 5571 1200 5577 _
1219 5492 1363 5577 unde
1384 5492 1536 5577 quod
1570 5502 1817 5577 corruit?
1852 5503 1960 5558 nisi

394 5564 540 5635 quod
556 5565 797 5647 subjecta
809 5564 997 5647 μεἱηί
1013 5564 1239 5647 arbitrio
1250 5570 1297 5638 ej
1301 5588 1370 5647 us
1384 5564 1781 5647 immortalitas,
1796 5588 1958 5643 quam

394 5643 636 5720 servaret
663 5638 711 5693 si
743 5638 930 5720 vellet,
956 5649 1092 5720 utet
1121 5641 1267 5720 fecit.
1296 5641 1416 5720 Non
1439 5650 1554 5720 erat
1585 5658 1717 5720 ergo
1735 5638 1961 5720 iminor-

395 5707 578 5789 talitas
614 5707 770 5789 quasi
814 5710 1077 5789 positiva,_
1111 5718 1164 5766 et
1199 5727 1264 5766 ex
1296 5707 1957 5789 principiisiﬁtrinsecis,

396 5779 573 5846 qualis
594 5779 698 5834 erit
727 5793 758 5833 a
787 5783 1209 5850 resurrectione,
1244 5779 1337 5856 per
1362 5779 1521 5854 quain
1546 5786 1795 5848 αἰωνίους
1831 5802 1961 5856 σκη-

2073 4859 2174 4923 nec
2202 4859 2440 4937 unquam
2476 4859 2906 4937 intermbritura,
2929 4864 3020 4937 sed
3047 4862 3202 4932 quasi
3230 4868 3415 4932 parata
3439 4859 3643 4937 extrin-

2073 4953 2198 4994 sece
2228 4929 2428 5007 Deique
2458 4950 2703 4999 munere,
2720 4936 2819 5007 qui
2852 4929 3124 4988 hominem
3157 4929 3435 5007 creaverat
3455 4939 3514 4983 ut
3539 4929 3644 5007 iui-

2071 5007 2317 5062 mortalis
2340 4997 2522 5072 esset;
2554 5013 2608 5059 et
2639 4997 2881 5075 qui'ipse
2917 5013 3141 5075 mortem
3170 5019 3273 5075 non
3294 5002 3444 5075 fecit,
3477 5007 3535 5075 ut
3558 4997 3643 5059 di—

2072 5080 2215 5134 citur
2264 5076 2391 5148 Sap.
2440 5092 2481 5138 ι,
2510 5070 2614 5130 ⁷1⁵5.
2655 5070 3047 5146 ’(Σοιῐεηιεηιίιι
3097 5073 3348 5148 Methodii
3403 5070 3643 5125 inductae

2064 5150 2277 5205 mortis.
2307 5145 2368 5202 ut
2396 5162 2461 5202 ea
2484 5153 2768 5216 peccatum
2804 5145 3131 5208 moreretur,
3154 5146 3208 5197 in
3244 5145 3296 5197 vi
3329 5155 3641 5216 congruen-

2063 5223 2150 5276 tia:
2184 5219 2345 5281 valet,
2398 5211 2508 5272 non
2543 5218 2779 5272 rationis
2807 5230 2929 5288 quae
2969 5224 3148 5288 cogat,
3199 5229 3323 5288 cum
3369 5211 3644 5288 praecipue

2060 5298 2247 5347 reatus
2285 5290 2459 5359 culpze
2497 5304 2605 5341 non
2642 5288 2695 5341 in
2730 5281 2959 5357 corpore
2989 5281 3081 5359 sit,
3106 5286 3216 5359 sed
3250 5284 3305 5338 ἱ-ιι
3334 5281 3518 5337 animo
3546 5281 3643 5352 qui

2062 5356 2395 5416 immortalis
2405 5367 2488 5415 est
2506 5377 2520 5423 ;
2539 5366 2593 5413 et
2612 5374 2773 5427 quem
2795 5356 2973 5426 ipsum
2995 5356 3198 5410 aboleri
3222 5369 3448 5410 necesse
3469 5359 3641 5418 esset,

2063 5440 2123 5485 ut
2162 5431 2317 5502 quasi
2357 5430 2560 5502 abolito
2598 5430 2867 5502 subjecto,
2903 5428 3109 5483 aboleri
3138 5434 3419 5502 peccatum
3453 5438 3645 5502 cense-

2068 5494 2219 5557 retur
2268 5517 2333 5554 ac
2380 5500 2629 5554 deiicere.
2677 5494 2794 5570 Alia
2822 5515 2953 5570 ergo
2982 5494 3274 5570 quaerenda
3305 5494 3639 5570 peccati_de-

2068 5573 2319 5635 structio,
2371 5570 2536 5624 animi
2590 5570 2645 5624 in
2686 5569 2855 5623 Deum
2888 5565 3252 5623 conversione
3278 5565 3332 5623 et
3370 5565 3646 5621 inlusione

2068 5644 2274 5765 ggatliaa,
2300 5650 2474 5765 Iextra
2517 5654 2678 5709 quam
2722 5641 2869 5694 nulla
2904 5640 3152 5708 corporis
3183 5654 3332 5694 mors
3359 5644 3641 5709 peccatum

2068 5730 2098 5765 a
2140 5722 2267 5765 oet.
2324 5729 2376 5765 ι).

2068 5715 2267 5769 abolet.
2300 5715 2376 5766 In.

2140 5785 2251 5857 (41)
2289 5783 2421 5850 Ταῖς
2449 5780 2918 5852 πενταερώτοις...
2953 5781 3245 5851 λαμπάσι.
3286 5778 3488 5849 Nempe
3527 5791 3646 5832 om-
