4150 6438
384 332 489 392 185

1426 331 1807 392 CONVIVIUM
1844 333 2076 392 DECEM
2104 332 2463 393 VIRGINUM.

3520 337 3620 396 186

382 455 733 543 Εὐαγγέλιονε
780 456 1015 521 Ἐκεῖνος
1042 453 1141 528 μὲν
1173 454 1281 529 γάρ
1301 454 1472 523 τύπος
1497 475 1583 523 τις
1607 455 1677 531 ἦν
1705 459 1799 514 καὶ
1826 476 1924 514 σκιε

2026 460 2226 533 ﬁgura
2269 460 2519 532 quadam
2562 465 2681 517 erat
2730 468 2785 517 et
2817 458 3008 515 umbra
3049 458 3355 516 futurarum
3401 474 3616 530 rerum;

381 548 490 605 τῶν
543 547 843 621 μελλόντων
884 547 1222 620 πραγμάτων
1247 562 1263 576 ·
1304 545 1464 602 τοῦτο
1500 547 1558 602 δέ
1588 548 1816 622 ἀλήθεια
1856 567 1924 604 κα

2052 554 2400 626 Evangelium
2434 562 2613 610 autem
2646 554 2847 609 veritas
2877 561 2982 619 est,
3013 560 3067 609 et
3100 552 3225 608 vita:
3266 553 3461 625 gratia.
3491 551 3620 609 Pul-

382 642 528 715 ζωῆς
568 642 748 715 χάρις.
813 643 1024 715 Ὠραῖος
1060 637 1129 715 ἦν
1160 641 1269 697 τῶν
1315 641 1610 715 προφητῶν
1650 644 1679 697 ό
1709 644 1946 716 καρπόςο

381 737 495 793 ἀλλ’
527 737 628 807 οὐχ
659 735 829 800 οὓτως
867 736 1086 807 ὡραῖος,
1119 735 1194 800 ὡς
1225 738 1254 789 ὁ
1285 735 1346 802 ἐξ
1389 735 1555 790 αὐτοῦ
1601 735 1950 809 γεωργούμε-

378 842 489 891 νος,
520 825 623 896 τῆς
653 824 980 897 ἀφθαρσίας.

2048 646 2181 701 cher
2209 653 2327 702 erat
2346 644 2730 716 praphetarum
2762 643 2996 709 fructus,
3014 643 3109 700 sed
3139 658 3248 698 non
3280 643 3354 698 ita
3372 644 3616 714 pulcher,

2051 750 2110 796 ut
2139 742 2237 812 qui
2281 755 2348 796 ex
2404 741 2525 810 ipso
2566 739 2786 812 legitur,
2813 737 3238 808 incorruptionir
3270 736 3505 799 fructus.

377 942 506 1001 CAP.
538 943 628 1000 IV.
663 945 811 1002 Mens
838 945 1140 1018 depurgatis
1163 947 1301 1002 vitiis
1326 949 1695 1017 perspicacior.
1742 950 1919 1003 Animi
1943 957 2161 1004 ornatus
2186 965 2247 1003 ac
2271 949 2521 1002 virtutum
2552 946 2729 1002 series.
2760 944 3009 1018 Charitas
3032 943 3194 1000 densa
3221 953 3272 1000 et
3292 944 3613 1015 constipata:

901 1015 1159 1083 Cas'titas,
1190 1015 1421 1073 omnium
1448 1015 1744 1089 postremus
1772 1030 2012 1076 ornatus.
2054 1019 2173 1089 Ipse
2194 1019 2523 1073 matrimonii
2562 1015 2906 1089 castigandus
2935 1033 3086 1072 usus.

446 1130 557 1184 Καὶ
585 1129 857 1200 λήψεσθε
882 1132 1116 1200 ἑαυτοῖς
1143 1131 1217 1202 τῇ
1253 1132 1451 1203 πρώτῃ
1493 1134 1681 1204 ἡμέρᾳ
1709 1134 1941 1202 καρπὸν

377 1223 567 1289 ξύλου
603 1225 835 1295 ὡραῖον,
870 1227 965 1280 καὶ
1023 1225 1368 1294 κάλλυντρα
1415 1227 1727 1295 φοινίκων·
1768 1226 1940 1296 λέγων

374 1315 472 1388 τὴν
495 1315 723 1388 ἄσκησιν
749 1317 856 1370 τῶν
885 1316 1043 1371 θείων
1073 1315 1429 1389 μαθημάτων,
1450 1311 1530 1380 οἷς
1554 1316 1940 1389 ἐκκαθαίρεται

374 1410 469 1461 καὶ
501 1411 782 1479 κοσμεῖται
827 1409 968 1481 ψυχὴ
1000 1409 1205 1464 νικῶσα
1245 1409 1313 1463 τά
1358 1408 1523 1480 πάθη,
1560 1409 1940 1480 ἀποσαρουμέ-

373 1517 476 1554 νων
501 1501 607 1573 (44)
639 1501 698 1567 ἐξ
728 1504 895 1575 αὐτῆς
935 1503 1029 1556 καὶ
1070 1502 1474 1574 ἐκϐαλλομένων
1521 1502 1630 1557 τῶν
1690 1505 1939 1575 ἁμαρτη-

376 1593 579 1664 μάτων.
608 1596 700 1648 Δεῖ
733 1595 840 1668 γάρ
873 1595 1144 1670 καθαροὺς
1183 1596 1277 1650 καὶ
1308 1597 1754 1669 κεκοσμημένους
1784 1597 1938 1668 ἦκειν

370 1686 450 1748 εἰς
477 1685 574 1758 τὴν
605 1686 816 1759 ἑορτὴν,
855 1688 1040 1761 ὥσπερ
1077 1690 1372 1762 κοσμήτρῳ
1399 1692 1516 1753 ταῖς
1547 1690 1811 1761 ἀσκήσεσι
1845 1690 1938 1744 καὶ

2117 1132 2185 1187 Et
2230 1134 2443 1188 sumetis
2480 1132 2623 1187 vobis
2652 1134 2824 1201 prima
2858 1132 2941 1187 die
2992 1132 3221 1202 fructum
3256 1133 3386 1205 ligni
3415 1134 3616 1204 specio-

2045 1241 2193 1289 sum,
2225 1234 2272 1279 et
2305 1224 2548 1293 spatulas
2600 1224 2900 1292 palmarum
2947 1223 3012 1277 δί.
3068 1222 3269 1295 Nempe
3301 1224 3612 1282 divinarum

2045 1315 2456 1385 disciplinarum
2516 1315 2956 1369 exercitationem
3012 1313 3368 1384 signiﬁcans,
3412 1316 3612 1387 quibus

2046 1407 2374 1462 emnndatur
2394 1414 2448 1460 et
2470 1412 2696 1461 ornatur
2723 1406 2938 1460 animus
2964 1405 3216 1460 vitiorum
3232 1405 3426 1472 victor,
3450 1423 3609 1464 ever-

2032 1499 2165 1553 ‘ritis
2194 1514 2260 1553 ex
2287 1503 2404 1569 ipsa
2425 1497 2724 1569 ejectisque
2744 1497 2999 1568 peccatis.
3023 1495 3252 1554 Mundos
3277 1499 3422 1555 enim
3446 1509 3612 1571 atque

2043 1598 2268 1647 ornatos
2295 1591 2364 1644 ad
2411 1591 2609 1644 festum
2646 1591 2832 1645 venire
2892 1604 3119 1645 necesse
3169 1596 3289 1657 est,
3348 1597 3608 1662 tanquam

2041 1684 2332 1756 mangonio
2365 1684 2599 1754 quodam
2624 1724 2639 1748 ,
2697 1681 2970 1754 religiosis
2998 1683 3257 1752 operibus
3283 1682 3610 1755 virtutisque

373 1774 624 1847 μελέταις
668 1779 768 1850 τῆς
796 1779 995 1851 ἀρετῆς
1040 1781 1628 1852 πεφιλοπονουμένους·
1658 1783 1738 1836 ὅτι
1788 1783 1924 1854 μελέ⁴

2040 1776 2316 1833 exercitiis
2341 1777 2625 1848 magniﬁce
2651 1785 2897 1848 comptos
2925 1792 2988 1832 ac
3018 1778 3306 1848 expolitos.
3342 1777 3605 1834 Laborio-

367 1884 485 1931 ταις
531 1870 805 1936 ἐπιπόνοις
858 1873 952 1926 καὶ
998 1874 1259 1944 ἀσκήσεσι
1311 1874 1705 1946 καθαιρόμενος
1741 1877 1769 1928 ὁ
1814 1874 1935 1940 νοῦς

366 1962 471 2016 τῶν
527 1964 997 2019 ἐπικαλυπτόντων
1052 1966 1213 2020 αὑτὸν
1256 1966 1478 2021 ἀλλοίων
1524 1967 1893 2039 διανοημάτων
1917 2009 1933 2034 ,

365 2051 642 2127 όξυδερκεῖ
679 2056 814 2128 πρὸς
867 2058 967 2128 τὴν
997 2057 1272 2129 ἀλήθειαν.
1311 2058 1576 2132 Καθάπερ
1598 2061 1691 2113 καὶ
1728 2063 1759 2132 ὴ
1793 2062 1935 2134 χήρα

364 2146 454 2200 τὸν
474 2147 771 2220 κοδράντην
791 2150 848 2202 ἐν
875 2152 986 2213 τοῖς
1017 2150 1365 2220 Εὑαγγελίοις
1393 2151 1680 2224 ἀνεύρατο,
1714 2152 1850 2223 μετὰ
1872 2153 1933 2205 τὸ

367 2240 608 2311 σαρῶσαι
641 2241 730 2294 τὸν
757 2237 903 2295 οἷκον
932 2241 1026 2297 καὶ
1061 2243 1214 2313 ῥίψαι
1245 2242 1313 2296 τά
1343 2243 1564 2315 κόπρια,
1607 2243 1676 2296 τὰ
1714 2244 1935 2296 ἐπισκο-

361 2332 557 2388 τοῦντα
586 2336 679 2388 καὶ
709 2334 1047 2390 καλύπτοντα
1073 2335 1219 2408 πάθη
1246 2336 1343 2409 τὴν
1373 2336 1568 2408 ψυχὴν,
1601 2335 1671 2389 τά
1698 2336 1806 2390 ἀπὸ
1831 2336 1930 2408 τῆς

363 2424 608 2497 θρύψεως
638 2427 793 2500 ἡμῶν
827 2430 920 2483 καὶ
947 2430 1047 2501 τῆς
1078 2431 1335 2501 ἀμελείας
1367 2429 1719 2502 πληθύνοντα.

431 2612 544 2666 Καὶ
572 2613 749 2668 τοίνυν
774 2617 802 2668 ό
833 2613 1146 2679 σπουδάζων
1175 2617 1255 2680 εἰς
1297 2615 1395 2687 τὴν
1426 2615 1616 2687 ἑορτὴν
1646 2615 1753 2669 τῶν
1788 2616 1928 2687 Σκη-

362 2703 466 2757 νῶν
504 2706 725 2761 ἐκείνων
749 2707 969 2777 φθάσαι,
1002 2709 1096 2763 καὶ
1123 2711 1234 2774 τοῖς
1268 2709 1444 2778 ἁγίοις
1489 2709 1928 2781 σνγκαταλεχοῆ-

360 2814 483 2863 ναι,
518 2798 732 2869 πρῶτον
760 2800 848 2854 τὸν
881 2800 1078 2873 ὡραῖον
1113 2801 1213 2874 τὴν
1256 2802 1436 2856 πίστιν
1472 2802 1761 2874 κτησάσθω
1793 2821 1927 2876 καρ-

358 2889 460 2944 πόν
484 2907 498 2920 ’
532 2887 651 2945 εἶτα
676 2891 751 2946 τὰρ
788 2892 1112 2966 κάλλυντρα,
1141 2893 1239 2966 τὴν
1285 2896 1513 2966 ἄσκησιν
1556 2896 1648 2949 καὶ
1698 2894 1925 2968 μελέτην

356 2982 465 3036 τῶν
500 2983 761 3055 Γραφῶν·
802 2981 920 3040 εἶτα
951 2987 1079 3052 τοὺς
1130 2987 1416 3061 ἐριθηλέας
1464 2986 1660 3061 ἐφεξῆς
1698 2988 1926 3055 κλάδους

356 3072 455 3143 τῆς
483 3073 704 3182 ἀγάπης
726 3077 826 3182 καὶ
859 3076 1058 3143 δασεῖς,
1091 3077 1185 3142 οὒς
1213 3079 1305 3132 καὶ
1340 3079 1477 3151 μετὰ
1516 3078 1586 3133 τὰ
1615 3079 1924 3151 κάλλυντρα
1948 3126 1991 3182 C

356 3168 641 3238 παρεγγυᾷ
681 3165 1082 3239 λαμϐάνεσθαι,
1127 3169 1352 3235 κλάδους
1395 3170 1575 3236 δασεῖς
1619 3171 1920 3226 εὐθυϐολὼ-

355 3274 512 3321 τατα,
540 3258 638 3329 τὴν
662 3259 883 3331 ἀγάπην
913 3260 1125 3331 φράσας
1147 3278 1160 3292 ·
1188 3261 1249 3315 τὸ
1277 3261 1385 3334 γὰρ
1404 3262 1537 3317 δασὺ
1568 3264 1921 3336 κατάκαρπον

353 3348 472 3401 ὅλον
508 3350 625 3403 ἐστὶ
668 3350 763 3403 καὶ
804 3352 1023 3417 πυκνὸν,
1055 3352 1218 3423 μηδὲν
1247 3353 1458 3426 ψιλὸνῆ
1497 3354 1739 3409 διάκενον
1777 3355 1919 3427 ἔχον,

353 3441 489 3495 άλλά
517 3442 691 3495 πάντα
741 3444 1165 3516 πεπληρωμένον
1189 3485 1203 3509 ,
1240 3448 1336 3501 καὶ
1384 3449 1510 3512 τοὺς
1540 3449 1789 3520 ὄρπηκας
1827 3450 1922 3503 κα)⁵

353 3531 423 3586 τὰ
449 3532 692 3605 στελέχη.
724 3534 975 3590 Τοιοῦτον
1002 3534 1108 3608 γάρ
1139 3537 1338 3610 ἐστινὴ
1369 3539 1577 3610 ἀγάπη,
1616 3539 1922 3613 μηδαμόθεν

354 3623 614 3689 ύπόκενος
639 3624 672 3697 ἢ
702 3624 949 3697 ἄκαρπος
977 3623 1129 3681 οὖσα.
1153 3624 1233 3682 Ἦ
1266 3630 1395 3701 γὰρ,
1424 3631 1533 3685 ἐὰν
1565 3632 1827 3702 πωλήσω
1850 3633 1924 3689 τὰ

350 3715 700 3785 ὑπάρχοντά
727 3735 866 3788 μου,
899 3719 995 3773 καὶ
1030 3719 1201 3775 δώσω
1240 3721 1497 3793 πτωχοῖς
1517 3741 1530 3754 ·
1564 3725 1665 3779 καὶ
1709 3725 1818 3780 ἐὰν
1855 3724 1922 3780 τὸ

349 3810 523 3881 σῶμα
560 3830 679 3882 μου
717 3814 861 3882 πυρὶ
914 3814 1239 3884 παραδώσω
1263 3856 1278 3881 ,
1330 3817 1429 3872 καὶ
1468 3819 1577 3873 ἐὰν
1618 3821 1923 3891 τοσαύτην

349 3905 579 3973 πίστιν,
599 3903 754 3959 ὥστε
776 3905 883 3976 ὄρη
903 3904 1214 3977 μεθιστᾷν,
1241 3908 1567 3980 κτήσωμαι,
1589 3909 1830 3981 ἀγάπην
1854 3910 1923 3965 δὲ

346 3998 430 4071 μὴ
466 4000 582 4069 ἔχω
603 4037 619 4062 ,
670 3997 849 4054 οὐδέν
880 4001 1016 4071 εὶμι.
1065 4001 1274 4073 Ἀγάπη
1327 4001 1437 4075 ἄρα
1473 4003 1534 4057 τὸ
1565 4004 1920 4075 κατάκαρπόν

349 4093 465 4145 ἐστι
506 4093 600 4145 καὶ
637 4090 932 4147 δασύτατον
981 4091 1133 4174 ξύλον
1172 4095 1410 4161 πάντων,
1443 4096 1477 4168 ἡ
1536 4096 1784 4168 γέμουσα
1827 4099 1921 4153 καὶ

351 4185 752 4257 πεπληρωμένη
786 4184 892 4241 τῶν
920 4187 1179 4259 χαρίτων.

418 4359 552 4417 Εἶτα
591 4362 647 4415 τί
680 4363 1201 4437 παραλαμϐάνεσθαι
1251 4365 1498 4437 βούλεται
1549 4385 1644 4422 και
1691 4366 1915 4439 ἓτερον;

2038 1869 2115 1925 sis
2145 1870 2289 1924 enim
2320 1868 2373 1923 id
2421 1884 2594 1941 genus
2624 1871 3063 1926 exercitamentis
3090 1870 3387 1941 depurgata
3411 1887 3566 1928 mens
3588 1912 3606 1941 ,

2036 1982 2067 2021 a
2097 1966 2434 2021 diversarum
2464 1966 2852 2036 cogitationum
2885 1965 3031 2019 illam
3078 1964 3490 2020 obtundentium
3524 1962 3609 2018 of-

2036 2058 2157 2113 fusa
2189 2057 2404 2126 nebula,
2434 2066 2593 2113 acute
2607 2059 2884 2113 veritatem
2917 2056 3109 2113 cernit.
3146 2055 3237 2111 Uti
3255 2057 3416 2112 etiam
3442 2056 3609 2111 vidua

2036 2149 2089 2204 in
2122 2149 2427 2222 Evangeliis
2457 2150 2502 2182 ”
2538 2149 2893 2219 quadrantem
2946 2149 3181 2213 invenit,
3233 2163 3357 2203 cum
3383 2148 3606 2205 domum

2032 2242 2327 2298 everrisset
2355 2251 2409 2297 et
2437 2243 2628 2297 sordes
2677 2242 2958 2311 ejecisset;
3008 2241 3137 2295 vitia
3169 2242 3378 2298 scilicet
3406 2241 3606 2298 obscu—

2032 2338 2209 2390 rantia
2242 2336 2480 2390 animum
2521 2350 2584 2389 ac
2629 2335 2997 2398 obnubentia,
3047 2350 3168 2405 quae
3217 2350 3312 2406 per
3359 2342 3602 2390 nostram

2031 2428 2313 2484 mollitiem
2345 2444 2409 2483 ac
2440 2428 2745 2484 socordiam
2778 2427 2984 2499 ingenti
3022 2427 3180 2482 nobis
3212 2434 3392 2499 segete
3440 2442 3599 2498 auge-

2030 2530 2208 2577 scunt.

2099 2610 2203 2677 Qui
2254 2611 2420 2683 igitur
2465 2611 2532 2666 ad
2567 2610 3070 2666 Tabernaculorum
3124 2610 3342 2666 illorum
3401 2609 3601 2666 festum

2028 2706 2178 2776 cupit
2235 2705 2498 2770 evadere,
2561 2705 2727 2776 inque
2775 2712 3087 2761 sanctorum
3127 2720 3351 2762 censum
3405 2702 3604 2761 referri

2026 2798 2227 2863 studet,
2255 2801 2490 2869 primum
2531 2799 2836 2869 speciosum
2866 2796 3103 2853 fructum
3131 2836 3147 2863 ,
3195 2797 3249 2852 id
3295 2803 3380 2853 est
3414 2795 3598 2864 ﬁdem,

2028 2888 2133 2944 sibi
2187 2898 2465 2960 comparet
2502 2909 2515 2946 :
2575 2898 2690 2944 tum
2754 2889 3000 2961 Spatulas
3026 2930 3041 2955 ,
3083 2895 3345 2943 attentam
3390 2888 3602 2944 scilicet

2028 2982 2438 3053 Scripturarum
2471 2983 2872 3038 meditationem
2911 2998 2975 3038 ac
3013 2982 3068 3036 in
3113 2981 3192 3037 eis
3244 2978 3599 3035 exercitatio-

2027 3090 2188 3130 nem:
2228 3081 2419 3145 postea
2466 3074 2572 3130 late
2607 3074 2924 3132 frondentes
2955 3073 3261 3145 densosque
3318 3071 3600 3128 charitatis

2025 3182 2230 3231 ramos,
2262 3182 2401 3238 quos
2434 3175 2554 3238 post
2580 3168 2821 3238 spatulas
2853 3166 3006 3237 jubet
3033 3167 3207 3232 sumi;
3247 3180 3432 3221 ramos
3461 3164 3596 3221 den-

2025 3274 2117 3315 sos
2140 3260 2423 3330 aptissime
2449 3260 2772 3315 charitatem
2805 3274 3044 3326 vocans;
3080 3258 3226 3330 quod
3258 3260 3400 3314 enim
3426 3259 3595 3314 dense

2022 3354 2181 3418 viret,
2215 3353 2327 3408 fere
2355 3352 2497 3408 idem
2526 3353 2746 3422 copiose
2788 3352 3132 3407 fructuosum
3167 3359 3451 3421 totumque
3474 3351 3594 3406 fru-

2025 3444 2255 3517 giferum
2283 3452 2388 3509 est,
2411 3443 2549 3499 nihil
2600 3445 2741 3500 exile
2788 3457 3196 3514 exsuccumque
3227 3443 3464 3507 habens,
3498 3441 3597 3501 sed

2024 3541 2206 3596 omnia
2240 3540 2420 3610 plena,
2444 3549 2498 3595 et
2522 3552 2706 3594 ramos
2741 3546 2795 3592 et
2825 3524 3072 3591 truncos.
3101 3533 3252 3590 Talis
3282 3534 3484 3605 quippe
3512 3541 3599 3592 est

2024 3632 2297 3695 charitas,
2337 3632 2484 3686 nulla
2518 3639 2672 3702 parte
2711 3643 2884 3685 vacua
2919 3634 3014 3682 aut
3048 3628 3406 3683 infructuosa.
3457 3627 3595 3683 Nam

2023 3727 2071 3781 si
2099 3724 2374 3785 vendidero
2412 3740 2589 3779 omnes
2612 3722 2893 3793 facultates
2916 3736 3061 3776 meas
3082 3761 3097 3785 ,
3130 3730 3180 3775 ct
3204 3720 3520 3775 distribuere
3540 3722 3596 3777 in

2022 3819 2164 3873 cibos
2189 3832 2514 3888 pauperum;
2546 3825 2597 3870 et
2626 3817 2676 3871 si
2702 3831 2893 3886 corpus
2924 3830 3096 3869 meum
3141 3815 3249 3884 igni
3282 3812 3594 3878 tradidero;

2020 3912 2143 3966 etsi
2171 3919 2374 3964 tantam
2419 3910 2577 3980 ﬁdem
2614 3907 2844 3964 habuero
2884 3916 2943 3961 ut
2997 3915 3197 3962 montes
3229 3908 3590 3977 transferam,

2022 4004 2331 4059 charitatem
2365 4012 2670 4075 autemnon
2704 4001 2956 4068 habuero,
2985 4000 3118 4055 nihil
3146 4016 3264 4055 sum
3296 4000 3363 4056 ⁸³.
3391 3999 3591 4055 (Σιππίο-

2020 4108 2104 4154 tas
2138 4098 2304 4169 igitur
2331 4097 2496 4153 arbor
2531 4105 2617 4153 est
2649 4096 2918 4151 fructibus
2966 4095 3124 4165 longe
3168 4093 3443 4149 uberrima
3471 4106 3593 4147 om-

2019 4190 2280 4260 niumque
2335 4188 2696 4257 densissima;
2756 4188 2951 4259 gratiis
2983 4187 3193 4243 scilicet
3221 4185 3438 4242 abunde
3469 4199 3594 4241 sca-

2019 4291 2141 4339 tens
2174 4282 2350 4353 iisque
2377 4283 2557 4353 plena.

2091 4371 2299 4428 Exinde
2326 4372 2459 4442 quid
2486 4378 2541 4428 et
2569 4371 2715 4427 aliud
2747 4386 2848 4427 nos
2891 4378 3009 4427 vult
3040 4370 3359 4427 assumere?
3384 4367 3591 4430 Ramos

347 4457 473 4521 τοὺς
502 4456 727 4521 κλάδους
769 4459 1012 4525 ἱτεῒνους,
1064 4462 1218 4531 φησὶ,
1257 4460 1354 4533 τὴν
1398 4461 1739 4533 δικαιοσύνην
1788 4460 1919 4515 κλά-

2026 4465 2233 4522 scilicet
2262 4464 2490 4520 salicum
2514 4504 2529 4528 ,
2577 4465 2685 4521 isto
2711 4464 2958 4536 symbolo
2981 4464 3249 4535 justitiam
3295 4462 3588 4534 indicans;

346 4549 469 4615 δους
513 4551 738 4616 ἰτεῖνους
779 4551 1116 4624 κικλήσκων,
1150 4552 1268 4607 ἀνθ’
1297 4546 1372 4607 ὧν
1418 4554 1469 4607 οἱ
1500 4552 1728 4619 δίκαιοι,
1773 4553 1915 4608 κατά

346 4642 437 4697 τὸν
465 4644 770 4715 προφήτην,
804 4645 885 4712 ὡς
922 4644 1229 4714 ἀναμέσων
1260 4645 1477 4713 ὕδατος
1508 4646 1914 4703 ἀνατέλλουσι

346 4741 578 4809 χόρτος,
603 4739 700 4793 καὶ
727 4739 805 4805 ὡς
829 4737 953 4795 ἰτέα
971 4738 1070 4793 ἐπὶ
1085 4741 1420 4810 παραρρέον
1439 4739 1614 4808 ὕδωρ,
1632 4740 1914 4806 θάλλοντες

346 4829 422 4901 τῷ
452 4830 613 4901 λόγῳ.
635 4830 745 4883 Καὶ
767 4830 860 4883 ἐπὶ
880 4832 1034 4896 πᾶσι,
1055 4833 1179 4896 τοὺς
1207 4831 1455 4901 άγνίνους
1483 4831 1914 4902 ἐπικοσμοῦντας

345 4916 442 4989 τὴν
482 4918 687 4991 σκηνὴν
736 4917 1165 4991 παρακελεύεται
1213 4919 1615 4993 προσφέρεσθαι
1663 4921 1909 4988 κλάδους,

468 5074 510 5106 ⁸¹
544 5073 709 5130 Levit.
740 5091 897 5141 mu,
922 5075 1009 5130 40.

436 5189 526 5266 44)
566 5192 1111 5266 Ἀποσιιρουμένων.
1148 5192 1249 5250 Hic
1284 5196 1433 5265 item,
1478 5210 1600 5252 meo
1636 5196 1904 5266 periculo,

344 5261 498 5315 vocis
540 5270 840 5341 monstrum
874 5261 1057 5333 ejicio,
1103 5266 1249 5341 quod
1289 5261 1492 5341 attinet
1533 5266 1612 5341 ad_
1636 5261 1905 5341 :Methodii

345 5336 1250 5408 ρνοροειιοιιι,ἀποσαρκουμένων.
1279 5336 1471 5393 Conati
1523 5337 1745 5408 quidem
1781 5336 1906 5408 red-

345 5403 474 5456 dere
503 5400 881 5473 LeorAllatius,
916 5400 949 5459 a
988 5400 1097 5461 suis
1134 5410 1381 5463 carnibus
1425 5400 1687 5473 divu'lsis;
1720 5407 1907 5462 Possi-

346 5473 494 5560 nius,
519 5472 729 5527 evulsis.
762 5473 962 5530 Verum
996 5493 1104 5558 non
1129 5479 1245 5535 haec
1274 5480 1423 5560 illius
1449 5481 1601 5560 vo-cis
1630 5472 1905 5560 acceptio,

344 5542 440 5597 sed
464 5543 519 5595 in
548 5559 757 5597 carnem
789 5550 1061 5605 concretis.
1098 5558 1158 5604 ut
1190 5566 1315 5604 cum
1338 5550 1564 5605 cicatrix
1593 5542 1906 5611 obducitur,

343 5620 398 5667 et
421 5628 555 5691 caro
585 5615 863 5691 enascitur
886 5637 907 5675 ι,
919 5618 1067 5691 quod
1093 5636 1255 5676 nemo
1280 5636 1389 5675 non
1412 5620 1577 5687 videt,
1604 5634 1908 5691 quamnon

343 5683 1027 5761 aptejungatur_ejectioni
1059 5699 1429 5760 peccatorum.
1470 5683 1574 5747 Est
1609 5683 1741 5761 ergo
1775 5689 1909 5743 ἀπο-

344 5755 707 5832 σαρουμένων,
745 5757 822 5832 ita
852 5768 907 5832 ut
936 5755 1243 5815 everrantur
1262 5771 1475 5832 peccata
1500 5771 1551 5819 et
1580 5755 1906 5832 ejiciantur;

342 5825 455 5881 sive
477 5825 712 5881 everritis
746 5829 1021 5902 ejectisqtte
1046 5825 1310 5901 peccatis;
1340 5848 1503 5906 quam
1558 5825 1906 5904 pestmodum

1120 5077 1166 5110 ⁸³
1200 5076 1373 5136 Marc.
1411 5094 1512 5144 xu,
1543 5079 1635 5135 42.
1712 5079 1760 5112 ⁸³
1800 5077 1830 5133 1
1870 5078 1998 5136 Cor.

2021 4557 2227 4613 idcirco
2277 4556 2538 4612 nimirum
2588 4556 2731 4627 quod
2772 4555 2946 4626 justi,
3005 4562 3063 4610 ut
3096 4562 3286 4612 auctor
3334 4562 3419 4614 est
3460 4571 3590 4630 pro-

2020 4649 2182 4721 pheta
2223 4648 2302 4713 ”,
2349 4650 2486 4704 velut
2516 4666 2733 4720 gramen
2774 4650 2911 4705 inter
2947 4665 3111 4720 aquas
3154 4649 3491 4720 germinant,
3538 4659 3589 4706 οι

2019 4738 2174 4808 quasi
2197 4737 2337 4792 satia:
2354 4738 2516 4807 juxta
2549 4739 2987 4808 prteterﬂuentem
3016 4754 3207 4810 aquam
3228 4779 3243 4804 ,
3289 4739 3458 4796 verbo
3488 4739 3591 4796 do-

2020 4829 2307 4902 ctrinaque
2338 4831 2612 4888 ﬂorentes.
2645 4831 2897 4885 Omnium
2929 4830 3164 4902 denique
3197 4831 3436 4900 cumulo,
3460 4831 3588 4904 agni

2020 4922 2233 4978 arboris
2253 4938 2437 4978 ramos
2464 4924 2531 4978 ad
2555 4923 2966 4978 tabernaculum
2990 4923 3465 4982 condecorandum
3490 4926 3585 4995 ju-

2030 5056 2153 5144 ιιιιι,
2183 5076 2239 5143 2,
2270 5078 2325 5133 '5.
2405 5079 2453 5111 “
2482 5078 2598 5134 Isa.
2635 5095 2783 5154 μιν,
2810 5079 2867 5135 4.

2011 5209 2198 5266 vocem
2219 5209 2288 5266 ex
2316 5190 2609 5266 Evangelia
2644 5193 2699 5250 in
2725 5193 2902 5250 vidua:
2925 5192 3172 5266 exemplo
3196 5190 3414 5259 repetit,
3441 5188 3589 5266 pera

2011 5265 2072 5337 το
2100 5263 2343 5337 σαρῶσαι
2371 5260 2686 5337 τὸνίόἷκονς
2721 5274 2999 5337 postquam
3044 5260 3255 5316 domum
3287 5262 3580 5337 everrisset.

2014 5334 2115 5390 Ubi
2149 5331 2265 5405 pari
2293 5336 2507 5392 inscitia
2538 5337 2593 5392 in
2621 5331 2905 5407 Vulgatain
2944 5331 3471 5407 irrepseratevertitl
3486 5346 3586 5407 pro

2012 5401 2239 5479 averrit,
2259 5407 2355 5462 sed
2380 5407 2692 5479 emendavit
2721 5401 3071 5479 sequentium
3111 5402 3397 5479 sedulitas.
3430 5401 3586 5457 Facit

2013 5477 2160 5547 quod
2190 5475 2496 5533 Methodius
2526 5478 2594 5532 ad
2621 5473 2816 5532 vocem
2841 5474 3147 5547 κάλλυντρα
3175 5473 3389 5547 alludit,
3417 5488 3582 5543 quam

2017 5544 2323 5620 [lesychius
2360 5547 2562 5620 aliique
2594 5547 2806 5612 σπάθας
2833 5544 3146 5620 exponunt,
3179 5544 3337 5620 quasi
3375 5559 3582 5620 scopas.

2015 5612 2343 5691 Plutarchus
2377 5619 2434 5691 in
2463 5612 2712 5691 Dionys.,
2754 5612 2999 5691 σαίρούσι
3036 5615 3094 5669 δὲ
3122 5612 3438 5691 καλλύντρῳ
3471 5612 3586 5691 τινὶ

2016 5692 2115 5762 τὴ]
2132 5689 2336 5762 οἰκίαν,
2371 5687 2591 5762 domum
2604 5682 2814 5762 'scopis
2842 5682 3073 5762 verrunt.
3110 5682 3436 5762 Claraer'go
3471 5682 3580 5739 Me-

2016 5755 2189 5816 th'odii
2218 5775 2394 5824 mens,
2429 5759 2519 5814 cui
2548 5759 2628 5816 sic
2670 5755 2841 5816 illusit
2880 5755 3132 5819 inficetus
3161 5757 3343 5816 scriba
3368 5755 3585 5827 alioque

2018 5830 2269 5889 detorsit.
2306 5829 2593 5887 Cousms.
