4150 6474
510 326 618 386 187

1449 330 1507 384 S.
1552 328 1883 386 METHODII
1922 330 2230 388 EPISCOPI
2258 332 2346 387 ET
2382 329 2738 387 MARTYRIS

3639 325 3742 380 188

512 445 606 504 bet
627 446 827 512 aﬂ'erri,
853 446 996 517 quod
1018 462 1210 518 nempe
1240 448 1405 504 arbor
1435 450 1553 506 haec
1583 453 1703 523 ipso
1730 455 1950 509 nomine
1982 470 2074 509 ca-

2201 454 2266 508 ἱιὰ
2306 456 2367 508 τὺ
2399 454 2717 527 φερώνυμον
2747 448 2886 507 εἶναι
2930 451 2989 505 τδ
3018 448 3231 520 δένδρον
3271 448 3370 517 τῆς
3407 445 3656 514 ἁγνείας,
3697 439 3744 514 ᾧ

517 538 826 593 stimoniam
887 535 1120 611 referat;
1183 538 1343 607 cujus
1393 549 1862 598 auctoramentum
1918 544 2081 600 dictis

516 630 741 699 reliquis
777 637 1155 684 ornamentum
1183 645 1247 685 ac
1275 630 1442 687 decus
1484 642 1723 703 praestat.
1783 634 1923 689 Eant
1968 636 2081 706 jam

515 720 701 776 lascivi
723 722 838 791 qui,
865 737 1087 776 suarum
1134 722 1417 778 libidinum
1468 726 1612 781 {teda
1656 729 1962 799 mancipia,
1993 745 2085 784 ca-

518 815 758 871 stitatem
781 814 1055 885 rejiciunt.
1088 815 1192 882 Qui
1219 818 1363 872 enim
1388 817 1478 871 ﬁat
1513 826 1572 872 ut
1598 834 1721 873 cum
1753 818 1975 875 Christo
2015 823 2083 877 ad

517 907 714 963 festum
744 906 1151 979 ingrediantur,
1209 910 1300 981 qui
1337 896 1606 968 castitatis
1649 914 1818 969 ramis
1870 913 2083 985 (deifica

518 996 611 1053 illa
644 998 910 1069 beataque
959 1000 1175 1073 arbore)
1210 1001 1620 1058 tabernaculum
1667 1021 1824 1061 suum
1852 1022 1961 1061 non
1995 1022 2087 1060 or-

519 1090 806 1145 naveriut?
833 1106 939 1162 qua
968 1108 1158 1149 omnes
1190 1092 1510 1150 festinantes
1555 1096 1621 1151 ad
1663 1098 1809 1151 illam
1865 1098 2089 1155 celebri-

521 1188 686 1237 tatem
719 1197 783 1237 ac
824 1184 1066 1253 nuptiale
1108 1184 1414 1240 convivium
1467 1189 1709 1258 succingi
1755 1197 1968 1259 oportet
2023 1206 2086 1246 ac

522 1272 739 1328 lumbos
762 1274 1104 1330 obumbrare.
1155 1275 1312 1347 Agite
1343 1277 1509 1342 enim,
1538 1278 1779 1348 pulchra:
1806 1280 2044 1352 virgines
2068 1320 2083 1346 ,

526 1362 864 1435 Scripturam
894 1365 1067 1436 ipsam
1111 1373 1163 1421 et
1196 1368 1447 1422 mandata
1466 1370 1835 1440 considerate;
1865 1390 1971 1444 qua
1998 1390 2087 1431 ra-

522 1455 674 1512 tione
690 1457 758 1511 ad
780 1472 966 1512 earum
989 1474 1110 1528 quae
1137 1458 1296 1514 dictae
1324 1469 1452 1515 sunt
1475 1462 1737 1519 virtutum
1759 1464 2088 1523 ciliciorum-

526 1567 635 1622 qne
664 1553 995 1617 coronidem,
1030 1554 1338 1609 castitatem
1382 1555 1600 1613 divinus
1645 1574 1825 1615 sermo
1876 1576 2089 1618 assum-

525 1648 715 1720 pserit,
749 1646 1040 1703 ostendens
1071 1662 1234 1717 quam
1265 1648 1357 1701 illa
1385 1649 1574 1705 deceat
1591 1655 2046 1710 resurrectionem
2070 1695 2086 1721 ,

524 1754 796 1812 quamque
817 1738 883 1793 ad
907 1738 1053 1792 illam
1086 1738 1396 1809 expetibilis
1422 1741 1493 1796 sit
1520 1760 1532 1795 :
1563 1756 1627 1798 ac
1658 1745 1775 1799 sine
1799 1745 1889 1799 illa
1915 1746 2088 1801 nemi-

525 1847 649 1888 nem
687 1838 991 1902 compotem
1037 1829 1176 1885 t‘orte
1208 1832 1634 1901 promissionum
1662 1856 1675 1890 :
1705 1851 1866 1907 quam
1895 1837 2091 1892 eximie

522 1924 756 1980 colimus
800 1940 905 1981 nos
954 1927 1322 1998 virginitatem
1380 1931 1676 2001 professae,
1708 1940 1763 1988 et
1812 1932 2089 1988 oﬂ'erimus

523 2015 775 2077 Domino.
813 2015 1087 2089 Usurpant
1107 2036 1354 2092 quoque,
1404 2023 1496 2094 qui
1525 2039 1647 2079 cum
1680 2024 1795 2080 suis
1824 2024 2089 2080 uxoribus

524 2117 675 2166 caste
703 2111 914 2175 vivunt,
942 2120 996 2167 et
1030 2114 1195 2168 veluti
1222 2115 1365 2169 circa
1395 2125 1669 2180 truncum,
1711 2116 1942 2171 humiles
1970 2116 2090 2186 ejus

523 2202 779 2259 castitate
806 2203 1043 2259 nitentes
1075 2203 1257 2261 ferunt
1282 2209 1531 2263 surculos
1555 2248 1571 2273 ,
1624 2208 1768 2263 haud
1825 2209 2089 2275 valentes,

523 2296 983 2367 quemadmodum
1033 2312 1153 2363 nos,
1190 2298 1257 2351 ad
1295 2301 1538 2355 excelsos
1582 2315 1914 2371 magnosque
1947 2301 2093 2357 illius

526 2404 713 2444 ramos
745 2387 998 2452 evadere,
1030 2404 1094 2443 ac
1117 2391 1200 2444 vel
1233 2406 1326 2445 eos
1352 2393 1709 2462 contingere:
1745 2394 1958 2451 tametsi
1991 2395 2094 2448 mi-

527 2494 730 2546 nores,
759 2488 813 2535 et
835 2480 939 2550 ipsi
964 2480 1196 2535 otl'erunt
1226 2482 1495 2538 castitatis
1536 2484 1807 2538 surculos.
1862 2483 1929 2537 At
1973 2484 2098 2538 libi-

531 2573 730 2638 dinosi,
756 2573 929 2630 effuso
979 2574 1181 2643 impetu
1215 2573 1556 2644 indulgentes
1583 2576 1849 2641 lasciviae,
1880 2578 2097 2632 etiamsi

531 2682 640 2722 non
678 2665 1036 2733 fornicentur,
1066 2667 1159 2723 sed
1184 2665 1351 2721 licitis
1379 2667 1594 2736 quidem
1614 2668 1868 2739 legitima:
1888 2670 2094 2733 uxoris,

532 2757 810 2813 indomitae
852 2768 1029 2814 tamen
1057 2761 1510 2831 concupiscentia:
1556 2771 1724 2823 aestu,
1762 2761 2099 2832 amplexibus

531 2848 769 2904 assidui:
806 2850 1080 2919 quomodo
1108 2849 1250 2906 diem
1269 2851 1465 2907 festum
1493 2851 1685 2922 agent?
1708 2852 1980 2921 quomodo
2007 2853 2099 2907 lm-

529 2940 832 2994 tabuntur?
872 2942 967 3010 qui
998 2942 1408 2997 tabernaculum
1449 2957 1631 3008 suum,
1664 2942 1716 2996 id
1750 2950 1855 3007 est,
1881 2956 2100 2997 carnem

534 3046 714 3095 suam,
748 3033 872 3102 agni
902 3034 1104 3100 ramis,
1148 3035 1340 3090 habitu
1378 3034 1585 3091 scilicet
1635 3034 1940 3099 castitatis,
1992 3050 2103 3089 non

532 3125 959 3194 exornaverint;
992 3141 1167 3197 neque
1212 3126 1481 3182 audierint
1529 3135 1875 3192 monentem,
1909 3136 1968 3180 ut
2011 3126 2102 3198 qui

536 3213 725 3270 habent
746 3232 956 3288 uxores,
990 3227 1240 3291 tanquam
1272 3235 1364 3275 nos
1403 3218 1649 3276 habentes
1678 3221 1785 3274 sint
1819 3220 1888 3275 ⁸⁸.

2184 549 2607 618 κατακοσμεῖται
2637 546 2705 599 τὰ
2736 542 3125 617 προειρημένα.
3166 540 3502 613 Ἐρῤέτωσαν
3536 539 3585 592 ot
3613 539 3745 593 ἁκο-

2184 638 2559 701 λασταίνοντες
2593 637 2716 703 νῦν,
2767 638 2859 690 καὶ
2894 634 2981 689 διὰ
3018 634 3116 697 τὰς
3156 631 3362 686 ἑαυτῶν
3414 630 3743 703 ἡδυπαθείας

2185 731 2405 799 ἁγνείαν
2459 729 2932 799 ἁποδιωθούμενοι.
2982 725 3106 789 Πῶς
3149 724 3259 796 γὰρ
3302 725 3381 787 είς
3409 726 3506 794 τὴν
3553 724 3741 795 ἑορτὴν

2187 824 2677 878 συνεισελεύσονται
2725 819 2976 893 Χριστῷ,
3013 819 3086 890 μὴ
3134 819 3505 889 κοσμήσαντες
3535 817 3742 870 ἑαυτῶν

2185 917 2282 989 τὴν
2338 917 2540 987 σκηνὴν
2572 914 2781 976 κλάδοις
2820 912 3060 981 ἁγνείας,
3106 910 3183 981 τῷ
3216 908 3444 980 θεοποιῷ
3492 909 3743 981 μακαρίῳ

2188 1010 2337 1080 φυτῷ
2357 1026 2371 1073 ;
2392 1008 2439 1074 ᾧ
2465 1010 2588 1072 τοὺς
2615 1009 2693 1070 εἰς
2717 1006 2814 1077 τὴν
2842 1006 3035 1076 άγυριν
3065 1002 3385 1065 σπεύδοντας
3410 1001 3621 1071 ἐκείνην
3649 999 3743 1055 καὶ

2184 1103 2275 1155 τὸν
2304 1102 2477 1173 γάμον
2524 1098 2827 1153 ἀναδεῖσθαι
2871 1097 2950 1150 δεῖ
3002 1095 3096 1150 καὶ
3144 1091 3601 1159 κατασκιάζεσθαι
3647 1091 3745 1155 τὰς

2184 1191 2409 1261 ὀσφύας.
2444 1192 2551 1245 Ἰτε
2581 1191 2708 1261 γὰρ,
2732 1188 3161 1259 καλλιπάρθενοι,
3200 1187 3297 1257 τὴν
3331 1185 3549 1258 Γραφὴν
3578 1184 3744 1256 αὐτὴν

2187 1285 2552 1356 ἐπισκέψασθε
2579 1285 2674 1337 καὶ
2700 1283 2797 1347 τὰς
2828 1280 3066 1345 ἐντολὰς,
3098 1280 3233 1344 πῶς,
3260 1280 3334 1342 ὡς
3368 1280 3460 1332 ὲπ¹ι
3502 1279 3749 1350 συμπλη-

2192 1379 2440 1450 ρώματος
2483 1378 2592 1430 τῶν
2644 1374 3050 1449 προειρημένων
3097 1373 3530 1444 κατορθωμάτων
3576 1369 3746 1442 παρέ-

2188 1472 2348 1526 λαϐεν
2376 1472 2404 1523 ὁ
2436 1472 2591 1539 λόγος
2622 1469 2720 1541 τὴν
2743 1466 2985 1537 ἁγνείαν,
3003 1466 3265 1519 διδάσκων
3293 1466 3416 1518 ὅσον
3443 1462 3748 1536 διαπρεπὴς

2190 1567 2285 1620 καὶ
2339 1562 2661 1636 τριπόθητος
2711 1560 2862 1615 ἔσται
2903 1564 2970 1632 τῇ
3006 1560 3330 1623 ἀναστάσει,
3376 1556 3469 1610 καὶ
3512 1556 3594 1608 ὅτι
3637 1573 3745 1625 χω-

2196 1655 2400 1729 ρὶςμὸ)
2420 1655 2585 1724 αὐτῆς
2612 1652 2785 1715 οὐδεὶς
2809 1650 3056 1715 τεύξεται
3084 1648 3190 1702 τῶν
3219 1642 3664 1714 ὲπαγγελμάτων·
3681 1641 3749 1713 ἢν

2192 1748 2484 1820 ἐξαιρέτως
2502 1743 2847 1815 γεωργοῦμεν
2872 1744 3032 1813 ἡμεῖς
3073 1742 3127 1794 αί
3158 1736 3611 1810 παρθενεύουσαι,
3657 1731 3754 1785 καὶ

2124 1823 2164 1879 Β
2194 1842 2573 1912 προσφέρομεν
2622 1837 2831 1910 Κυρίῳ.
2882 1834 3131 1907 Χρῶνται
3174 1832 3230 1885 δὲ
3270 1832 3362 1884 καὶ
3389 1829 3438 1881 ot
3481 1827 3616 1899 πρὸς
3654 1823 3754 1887 τάς

2190 1934 2398 1989 ἑαυτῶν
2453 1930 2767 2000 ἁγνεύοντες
2810 1926 3071 1997 γαμετὰς,
3112 1924 3204 1979 καὶ
3261 1922 3448 1992 ὥσπερ
3494 1918 3637 1990 ἀμφὶ
3692 1915 3760 1969 τὸ

2193 2026 2437 2095 στέλεχος
2470 2022 2680 2085 κλῶνας
2729 2020 2896 2090 αὐτῆς
2938 2018 3160 2089 φέρουσι
3201 2013 3602 2085 βλαστήσαντας
3645 2024 3755 2061 σω-

2192 2119 2483 2192 φροσύνην,
2527 2116 2632 2169 τῶν
2672 2114 2782 2168 ἁνω
2818 2111 2891 2183 μὴ
2946 2108 3320 2179 ἐφικνούμενοι
3369 2104 3464 2158 καὶ
3507 2100 3757 2175 μεγάλων

2193 2213 2361 2282 αὐτῆς
2392 2208 2685 2278 ἐπιψαῦσαι
2726 2204 2953 2267 κλάδων,
2986 2201 3235 2270 καθάπερ
3270 2200 3459 2270 ἡμεῖς·
3499 2196 3667 2266 ὅμως,
3705 2193 3755 2245 εί

2194 2307 2286 2361 καὶ
2321 2303 2566 2375 μικροὺς,
2600 2298 2749 2353 οὐδὲν
2793 2292 2958 2367 ἧσσον
2985 2294 3349 2366 προσφέρουσι
3378 2289 3442 2359 δὴ
3467 2288 3561 2342 καὶ
3606 2284 3759 2339 αὐτοὶ

2195 2400 2405 2462 κλῶνας
2452 2397 2686 2465 ἁγνείας.
2732 2395 2793 2446 Ui
2846 2392 2902 2445 δὲ
2940 2384 3479 2461 οἰστρηλατούμενοι,
3531 2378 3631 2433 κᾶν
3683 2376 3760 2451 μὴ

2197 2491 2586 2565 πορνεύσωσιν,
2620 2485 2753 2539 ἁλλὰ
2791 2483 2883 2537 καὶ
2916 2483 2995 2544 είς
3037 2479 3202 2550 μόνην
3244 2476 3338 2528 καὶ
3368 2472 3584 2565 ἔννομον
3613 2469 3762 2565 ἀδια-

2200 2561 2398 2648 στδλως
2443 2577 2827 2651 ἐπιμίγνυσθαι
2876 2573 3170 2640 θελγόντων
3201 2566 3465 2638 γαμετὴν,
3498 2561 3613 2625 πῶς
3642 2561 3769 2631 ἑορ-

2197 2678 2489 2738 τάσουσιν;
2550 2669 2664 2732 πῶς
2706 2664 3205 2739 εὐφρανθήσονταις
3270 2659 3342 2730 μὴ
3388 2655 3763 2724 κοσμήσαντες

2198 2771 2296 2841 τὴν
2321 2766 2523 2838 σκηνὴν
2543 2760 2748 2816 ἑαυτῶν
2773 2758 2869 2829 τὴν
2895 2756 3071 2828 σάρκα
3096 2756 3205 2815 τοῖς
3229 2750 3441 2811 κλάδοις
3459 2748 3555 2818 τῆς
3575 2746 3762 2841 ἄγνου,

2204 2835 2337 2934 μηδὲ
2394 2835 2809 2915 εἰσακούσαντες
2864 2847 2954 2903 τοῦ
3003 2846 3291 2919 εἰρημένου
3320 2883 3335 2908 ,
3368 2843 3501 2934 “Ira
3557 2837 3653 2892 καὶ
3709 2835 3775 2889 οι·

2202 2927 2445 3023 ἔχοντες
2477 2946 2787 3021 γυναῖκας,
2817 2943 2896 3008 ὠς
2933 2943 2987 2995 ot
3020 2934 3104 3009 μὴ
3130 2936 3373 3008 ἔχοντες
3393 2927 3541 2996 ὦσι;

1623 3336 1752 3393 CAP.
1789 3337 1856 3394 ν.
1892 3337 2208 3409 Mysterium
2233 3331 2717 3390 tabernaculorum.

608 3424 905 3500 Propterea
923 3445 1034 3502 prae
1062 3431 1288 3503 reliquis
1317 3434 1594 3500 omnibus,
1628 3434 1714 3488 his
1738 3434 1831 3505 qui
1852 3433 2107 3490 certami-

2274 3428 2373 3483 Διὰ
2395 3425 2554 3481 τοῦτο
2587 3424 2803 3477 πάντων
2833 3418 3065 3492 μάλιστα
3096 3416 3218 3477 τοὺς
3243 3411 3350 3465 τῶν
3373 3407 3595 3477 ἀγώνων
3624 3407 3776 3476 ἐφιε-

535 3520 697 3579 nibus
720 3497 942 3579 inhiant
965 3497 1396 3597 quique-ingenti
1422 3535 1549 3583 sunt
1573 3497 1777 3593 animo,
1803 3527 1941 3583 citra
1980 3541 2099 3581 om-

2209 3522 2419 3595 μένους,
2442 3519 2534 3573 καὶ
2569 3515 2776 3589 μεγάλῃ
2807 3511 3063 3584 φρονήσει
3089 3506 3420 3580 χρωμένους,
3438 3500 3534 3597 τὴν
3555 3497 3779 3597 ἁγνείαν

534 3629 661 3671 nem
701 3617 1100 3673 cunctationem
1127 3618 1409 3673 colendam
1438 3634 1561 3676 esse
1614 3620 1944 3688 castitatem,
1977 3628 2101 3676 tan-

535 3723 702 3779 quam
742 3724 952 3765 summe
978 3711 1163 3766 utilem
1191 3719 1246 3767 et
1272 3712 1596 3782 gloriosam,
1661 3715 1976 3784 pronuntio.
2042 3711 2104 3769 In

540 3813 685 3855 novo
728 3800 872 3856 enim
902 3810 957 3856 et
987 3802 1351 3860 indissolubili
1383 3805 1619 3870 mundo,
1655 3806 1906 3877 quisquis
1939 3805 2105 3862 casti-

540 3891 738 3947 moniae
782 3893 951 3947 ramis
978 3902 1202 3952 ornatus
1237 3906 1484 3967 repertus
1530 3913 1640 3953 non
1670 3898 1853 3964 fuerit,
1885 3914 1987 3953 nec
2018 3913 2107 3952 re-

543 3984 724 4055 quiem
771 3996 1167 4067 consequetur,
1212 3996 1273 4043 nt
1331 3990 1423 4059 qui
1466 3990 1558 4045 Dei
1594 3989 1908 4044 mandatum
1954 3990 2109 4059 juxta

540 4076 714 4147 legem
744 4077 965 4135 minime
987 4078 1324 4150 impleverit;
1358 4096 1534 4153 neque
1568 4082 1849 4144 interram
1874 4083 2108 4154 promis-

541 4183 659 4225 sam
686 4170 1037 4241 ingredietur,
1054 4173 1251 4243 quippe
1279 4174 1373 4244 qui
1397 4174 1595 4230 festum
1615 4174 2108 4232 Tabernaculorum

544 4277 652 4317 non
678 4273 802 4318 ante
829 4265 1202 4321 celebraverit.
1243 4267 1323 4321 illi
1371 4269 1516 4322 enim
1564 4270 1829 4324 duntaxat
1856 4268 2110 4341 qui‘Sce-

543 4355 827 4426 nopegiam
856 4354 1053 4411 festum
1081 4357 1313 4427 egerint,
1338 4357 1405 4412 ah
1430 4358 1498 4412 iis
1532 4374 1651 4429 quae
1696 4369 1893 4416 vocant
1924 4360 2109 4415 taberc

616 4472 663 4505 ⁸⁸
699 4471 727 4525 I
760 4470 883 4528 Cor.
924 4488 1024 4539 vn,
1068 4473 1159 4530 29.

617 4584 730 4655 (45)
765 4586 948 4653 Χωρὶς
992 4585 1177 4654 αὐτῆς
1208 4588 1407 4655 οὐδεὶς
1436 4589 1722 4653 τεύξεται.
1752 4587 1829 4641 De
1859 4588 2110 4643 castitate

545 4656 891 4729 communius
935 4657 1077 4711 dicta
1106 4659 1193 4713 hic
1225 4674 1404 4715 sermo
1453 4659 1750 4721 Methodio,
1798 4660 2112 4729 qualemet

547 4726 840 4800 conjuguni
872 4741 992 4783 esse
1026 4743 1250 4785 necesse
1279 4731 1352 4785 sit
1383 4748 1397 4784 :
1430 4746 1551 4800 quae
1580 4738 1633 4785 et
1668 4732 1781 4799 ipsa
1815 4726 1946 4785 'Deo
1988 4728 2110 4798 pla-

2207 3591 2436 3686 ἁμελητί
2472 3629 2613 3683 φημι
2642 3609 2750 3662 δεῖν
2783 3608 2878 3660 καὶ
2909 3605 3094 3676 τιμᾷν,
3119 3602 3193 3664 ὡς
3214 3595 3639 3668 ὠφελιμωτάτην
3678 3591 3785 3686 καὶ

2207 3683 2468 3775 ἐπίδοξον.
2488 3707 2574 3759 Ἐν
2596 3703 2704 3774 γὰρ
2721 3704 2785 3773 τῇ
2806 3700 2966 3769 καινῇ
2989 3697 3083 3750 καὶ
3102 3693 3279 3763 ἀλύτῳ
3296 3686 3614 3759 κτίσειμδ),
3628 3686 3687 3748 ὃς
3704 3683 3773 3738 ἂν

2207 3803 2427 3873 ἁγνείας
2452 3800 2526 3872 μὴ
2549 3799 2743 3870 εὑρεθῇ
2772 3792 2985 3855 κλάδοις
3007 3786 3433 3879 κεκοσμημένος,
3444 3782 3511 3879 οὐ
3530 3779 3774 3879 τεύξεται

2208 3871 2306 3968 τῆς
2338 3871 2718 3953 ἀναπαύσεως,
2739 3887 2813 3959 μὴ
2841 3882 3132 3956 πληρώσας
3163 3880 3260 3948 τὴν
3289 3872 3618 3972 ἐντολὴν-τοῦ
3637 3871 3774 3972 Θεοῦ

2211 3967 2355 4044 κατὰ
2396 3987 2486 4040 τὸν
2531 3985 2721 4054 νόμον
2757 3978 2878 4032 οὐδὲ
2925 3976 3005 4038 είς
3035 3973 3133 4044 τὴν
3167 3973 3267 4042 γῆν
3299 3967 3621 4038 ὲπιδημήσει
3674 3967 3774 4031 τῆς

2210 4078 2561 4148 ἐπαγγελίας,
2605 4074 2678 4144 μὴ
2726 4068 2988 4142 ἑορτάσας
3037 4064 3253 4137 πρῶτον
3301 4060 3399 4126 τὰς
3441 4058 3661 4130 σκηνάς.
3709 4054 3773 4148 Cl

2210 4144 2342 4239 γὰρ’
2368 4144 2730 4237 έορτάσαντες
2780 4160 2928 4230 μόνοι
2980 4153 3078 4227 τὴν
3120 4151 3499 4225 Σκηνοπηγίαν
3552 4150 3629 4212 είς
3676 4144 3775 4217 τὴν

2211 4262 2372 4330 ἁγίαν
2405 4258 2721 4328 καταίρουσι
2754 4253 2875 4323 γῆν,
2906 4247 3293 4319 ἁπαιρούμενοι
3315 4245 3421 4300 ἀπὸ
3451 4242 3557 4296 τῶν
3583 4240 3777 4294 καλου-

2215 4357 2388 4428 μένων
2417 4352 2658 4424 Σκηνῶν,
2690 4347 2798 4401 ἔστ’
2823 4344 2889 4400 ἂν
2921 4345 2999 4407 εἰς
3019 4344 3109 4396 τὸν
3138 4340 3273 4395 νεὼν
3304 4339 3578 4410 φθάσωσιν
3604 4333 3775 4388 ἐλθεῖν

2215 4583 2418 4640 Christi
2463 4583 2781 4645 thalamum,
2812 4580 2894 4635 vel
2945 4579 3085 4633 inter
3128 4574 3464 4631 concubinas
3503 4578 3601 4627 aut
3646 4570 3778 4627 ado-

2214 4656 2568 4718 lescentulas,
2597 4653 2874 4707 dedeceat.
2900 4650 3187 4704 COIBEFIS.

2288 4726 2400 4796 (46)
2425 4714 2773 4796 Kal:de
2800 4722 3011 4777 κτίσει.
3049 4720 3113 4773 Ει
3138 4719 3242 4796 hi_c_
3257 4730 3493 4796 quoque,
3520 4714 3663 4769 haud
3686 4727 3776 4766 se-

546 4789 687 4859 ceat,
718 4789 825 4871 etsi
854 4812 963 4852 non
994 4814 1058 4871 ea
1096 4802 1415 4871 excellentia
1447 4789 1564 4870 'qua
1604 4789 1891 4871 virginitas
1924 4822 1939 4854 :
1965 4789 2109 4871 jam-
2141 4802 2185 4856 D
2211 4789 2314 4871 cus
2347 4789 2410 4851 ac
2440 4794 2466 4866 ς
2496 4811 2513 4848 ι
2548 4789 2991 4871 hu_jus_0rat._1_x_.
3026 4799 3142 4846 not.
3174 4790 3264 4852 '57,
3301 4789 3375 4871 ita
3417 4799 3646 4871 repono,
3678 4798 3782 4871 pr?

547 4883 655 4939 que
684 4867 852 4921 altera
887 4870 1151 4935 oratione,
1180 4867 1635 4941 quidquid—hinc
1684 4867 1925 4941 scrupuli
1956 4867 2110 4923 vide-

547 4941 709 5012 batur
738 4953 804 5012 ex
827 4940 1125 5009 superioris
1148 4940 1413 4997 Marcellae
1444 4942 1752 5012 profusiore
1780 4940 2110 5011 virginitatis

546 5009 879 5081 laudatione,
910 5020 1220 5076 exemerat;
1252 5009 1551 5081 seduloque
1575 5029 1689 5067 rem
1718 5009 2021 5067 maritalem
2043 5027 2110 5066 ex

550 5079 646 5134 Dei
685 5081 942 5152 mandato
983 5083 1368 5152 etlegitimam
1417 5079 1541 5138 esse
1602 5084 1918 5139 ostenderat
1963 5102 1974 5135 :
2020 5082 2112 5137 hic

549 5152 724 5205 solum
772 5150 1163 5205 moderandum
1217 5153 1363 5205 illius
1406 5169 1565 5207 usum
1618 5154 1900 5216 admonet,
1943 5168 2011 5207 ne
2058 5162 2112 5207 et

548 5222 659 5275 illis
696 5236 792 5290 pro
817 5237 917 5276 suo
948 5224 1166 5277 mozlulo
1212 5222 1353 5277 desit
1384 5225 1653 5281 castitatis
1694 5232 2107 5289 ornamentum;

550 5293 636 5345 sin
672 5300 730 5344 ut
757 5293 869 5360 ipsa
900 5292 1007 5345 alta
1038 5294 1220 5357 arbor,
1255 5302 1310 5345 at
1338 5305 1486 5349 certe
1513 5302 1571 5348 ut
1600 5297 1960 5349 adnascentes
1989 5308 2111 5347 sur-

550 5362 681 5436 _culi,
715 5364 803 5417 cui
834 5371 887 5436 et
921 5362 1021 5431 ipsi
1042 5368 1222 5436 animo
1250 5365 1508 5436 conjuges
1538 5364 1859 5432 adiciantur,
1891 5365 1993 5419 etsi
2023 5378 2117 5417 eos

546 5428 736 5507 jugum
774 5428 1011 5507 trahere,
1042 5432 1158 5507 ipsa
1188 5428 1690 5507 statuisrnvtacessitas
1720 5428 1885 5507 cogit,
1910 5443 1963 5490 et
1997 5440 2123 5507 pro-

550 5502 620 5576 lis
664 5517 819 5557 amor
834 5505 981 5576 eqvel
1020 5502 1182 5558 etiam
1214 5506 1376 5575 (quod
1410 5507 1773 5572 inﬁrmorum)
1794 5502 1937 5576 'ipsa
1960 5502 2118 5575 cupi-

552 5573 727 5650 ditas;
761 5574 846 5627 cui
876 5574 978 5650 ipsi
1003 5590 1124 5650 sua:
1147 5573 1558 5650 praescribendae
1583 5579 1751 5650 leges,
1783 5573 1858 5633 ne
1882 5578 1966 5650 vel
1992 5573 2119 5630 cun-

548 5642 751 5712 jugalis
779 5646 1048 5700 castitatis
1079 5642 1255 5702 metas
1272 5648 1558 5713 excedens,
1580 5642 1921 5702 in'cﬂ'renem
1954 5647 2114 5700 luxu-

556 5714 704 5789 riam
740 5723 1081 5789 uestrumque
1114 5726 1320 5789 vergat,
1354 5733 1508 5773 novae
1540 5719 1843 5774 creationis
1868 5723 1922 5771 et
1964 5717 2112 5789 inso-

556 5783 740 5840 lubilis
761 5783 1116 5842 tabernaculo
1145 5783 1288 5845 haud
1308 5791 1443 5845 satis
1469 5796 1844 5861 comparatum
1875 5797 1927 5843 et
1951 5788 2110 5859 quale

2209 4868 2422 4937 ἀλύπῳ,
2441 4854 2659 4919 "mundo
2706 4861 3001 4939 insolubiti,
3054 4877 3150 4939 seu
3198 4854 3497 4939 creatione,
3526 4869 3647 4939 quae
3676 4854 3781 4908 erit

2218 4924 2527 4993 communis
2571 4936 2825 4991 omnibus
2862 4924 3175 5001 iudicandis
3209 4951 3219 4985 :
3256 4945 3365 4984 non
3413 4924 3782 5001 ipsa'ﬂumg

2216 5008 2409 5072 κτίσις,
2454 5008 2620 5061 omnis
2662 5021 2845 5075 expers
2862 4992 3078 5057 Vdoloris
3132 5003 3327 5075 creatio
3356 5006 3410 5053 et
3434 4992 3654 5075 'statns,

2218 5080 2325 5134 illis
2359 5066 2599 5149 propria,
2630 5066 2862 5149 quorum
2903 5074 3253 5149 tabernacula
3291 5072 3522 5149 inventa
3556 5066 3782 5149 fuerint

2216 5141 2410 5220 ornata
2442 5141 2703 5220 virtutum
2737 5146 2907 5220 cultu,
2946 5147 3120 5220 prima
3147 5143 3234 5220 die
3270 5141 3640 5220 ScenOpegire,
3668 5141 3783 5220 sive

2216 5218 2674 5275 Resurrcctionis.
2710 5218 2763 5273 id
2803 5225 2908 5280 est,
2941 5208 3089 5286 ἐντῇ
3132 5214 3330 5286 κρίσει,
3362 5212 3413 5264 in
3444 5208 3668 5279 judicio,
3702 5208 3780 5259 uti

2220 5292 2443 5362 exponit
2475 5291 2590 5360 ipse
2617 5289 2942 5362 Methodius.
2981 5285 3107 5362 Vult
3138 5285 3267 5362 ergo
3294 5296 3485 5336 omnes
3510 5288 3641 5334 tunc
3664 5291 3783 5362 sus-

2225 5349 2510 5424 cit’andos;
2529 5375 2592 5414 ac
2624 5362 2761 5414 forte
2796 5358 3182 5413 discretionem
3205 5349 3484 5410 honorum
3518 5367 3550 5424 ιι
3597 5349 3781 5409 malis,

2227 5430 2547 5486 feriantibus
2588 5432 2745 5485 bonis
2789 5444 2913 5484 cum
2956 5427 3181 5500 Christo
3222 5427 3275 5479 in
3316 5433 3461 5477 terra
3519 5423 3784 5500 hactenus

2225 5504 2561 5565 constitutis,
2593 5503 2764 5555 donec
2808 5500 3097 5570 impleatur
3128 5497 3347 5570 illorum
3363 5497 3780 5570 _sc_pt_enarium3

2224 5576 2376 5644 quasi
2409 5574 2463 5628 iu
2489 5563 2936 5647 tabernaculiset
2958 5578 3245 5647 antequam
3281 5563 3456 5647 iunci
3480 5563 3785 5647 domum“?

2223 5635 2463 5700 sanctam
2490 5643 2764 5698 civitatem
2801 5642 2876 5709 (id
2912 5646 2996 5694 est
3026 5641 3081 5693 in
3104 5635 3305 5710 'cmlos)
3341 5635 3781 5710 introducantur.

2220 5716 2356 5837 Qui:
2400 5714 2773 5837 fuitlveterum
2802 5705 3111 5787 simplicior
3151 5709 3444 5778 theologia,
3499 5719 3607 5761 non
3650 5705 3785 5756 satis

2220 5804 2317 5837 nm
2360 5794 2466 5837 ata.
2534 5800 2586 5837 ι).

2219 5788 2466 5858 probata.
2510 5788 2586 5841 In.
