4150 6432
394 333 497 389 189

1433 339 1812 398 CONVIVIUM
1849 338 2078 397 DECEM
2115 339 2470 398 VIRGINUM.

3504 336 3608 393 190

386 454 482 508 καὶ
503 452 603 524 τὴν
628 452 782 507 πόλιν
812 451 906 507 τοῦ
924 453 1088 518 Θεοῦ,
1122 453 1201 517 είς
1227 452 1326 526 τὴν
1357 453 1574 525 μείζονα
1606 458 1700 510 καὶ.
1735 456 1941 521 ἐνδοξο-

2047 456 2234 512 uacula
2279 455 2505 526 profecti
2532 494 2549 520 ,
2598 453 2665 510 ad
2712 461 2956 512 sanctam
2996 451 3333 509 contendunt
3367 458 3607 520 terram,

371 545 551 617 -τέραν
583 544 952 615 προκόψαντες
986 544 1179 617 χαρὰν,
1214 543 1393 608 καθὼς
1422 546 1515 599 καὶ
1543 548 1590 599 οἱ
1638 548 1796 600 τύποι
1826 565 1948 601 συν-

393 637 621 701 ιστᾶσιν,
653 637 704 690 ot
748 638 1029 707 γεγονότες
1069 638 1161 690 ἐπὶ
1222 636 1506 690 Ἰουδαίων.
1565 638 1770 711 Ὠσπερ
1801 639 1944 712 γάρ,

389 726 692 792 ἐξελθόντες
724 728 829 782 τῶν
853 729 992 799 ὅρων
1021 728 1242 782 ἐκείνων
1261 727 1357 798 τῆς
1385 727 1683 796 Αἰγύπτου,
1708 728 1948 784 ὥδευσαν

389 818 625 890 πρῶτον,
669 820 761 873 καὶ
801 816 963 890 ἦλθον
995 820 1074 882 είς
1104 818 1203 882 τὰς
1233 817 1443 889 Σκηνὰς
1461 859 1475 883 ,
1510 820 1761 873 κάκεῖθεν
1807 820 1949 874 ἀπά-

388 927 582 983 ραντες
628 912 805 977 πάλιν,
839 908 1000 982 ἦλθον
1044 914 1125 975 είς
1161 911 1258 983 τὴν
1305 913 1409 983 γῆν
1448 914 1547 984 τῆς
1587 911 1944 981 ἐπαγγελίας·

386 1001 529 1056 οὕτω
577 1002 641 1073 δὴ
691 1004 785 1055 καὶ
831 1005 1010 1073 ἡμεῖςι
1063 1004 1357 1058 Ὀδεύσασα
1401 1004 1509 1077 γὰρ
1558 1006 1804 1060 ἐντεῦθεν
1856 1006 1949 1060 καὶ

385 1093 668 1159 ἐξελθοῦσα
687 1093 841 1162 κάγὼ
864 1096 961 1166 τῆς
980 1094 1255 1163 Αἰγύπτου
1276 1096 1463 1151 τούτου
1492 1097 1587 1150 τοῦ
1623 1097 1760 1167 βίου,
1798 1097 1951 1167 ἔρχο-

388 1202 485 1256 μαι
512 1183 724 1255 πρῶτον
755 1185 834 1247 είς
871 1183 966 1255 τὴν
993 1186 1305 1252 ἀνάστασιν,
1339 1188 1438 1259 τὴν
1469 1187 1725 1258 ἀληθινὴν
1752 1189 1950 1258 Σκηνο-

384 1272 613 1344 πηγίανο
646 1273 805 1327 κάκεῖ
829 1278 940 1338 τοῖς
986 1278 1214 1348 καρποῖς
1247 1276 1344 1347 τῆς
1383 1278 1581 1349 ἀρετῆς
1609 1276 1824 1348 πήξασα
1850 1276 1948 1347 τὴν

386 1366 590 1435 σκηνήν
631 1382 730 1437 μου
784 1369 1239 1439 κεκοσμημένην,
1267 1371 1333 1440 τῇ
1386 1366 1577 1442 πρώτῃ
1616 1369 1718 1439 τῆς
1757 1368 1949 1441 ἑορτῆς

382 1458 728 1522 ἀναστάσεως
758 1460 958 1532 ἡμέρᾳ,
992 1464 1056 1533 τῇ
1090 1461 1288 1532 κρίσει,
1325 1460 1663 1533 συνεορτάζω
1702 1460 1780 1532 τῷ
1816 1463 1949 1533 Χρι-

385 1549 495 1621 στῷ
527 1549 627 1621 τὴν
656 1552 1115 1625 χιλιονταετηρίδα
1150 1556 1250 1625 τῆς
1282 1554 1656 1619 ἀναπαύσεως,
1685 1554 1784 1619 τὰς
1810 1555 1950 1609 ἑπτὰ

382 1642 719 1713 καλουμένας
747 1644 996 1715 ἡμέρας,
1033 1644 1100 1698 τὰ
1133 1645 1377 1701 σάϐϐατα
1429 1645 1497 1700 τά
1538 1646 1784 1715 ἀληθινά.
1817 1645 1949 1702 Εἶτα

381 1728 539 1797 αὖθις
602 1734 839 1806 ἑπομένη
887 1735 963 1806 τῷ
1018 1737 1398 1806 διεληλυθότι
1458 1739 1599 1805 τοὺς
1656 1740 1949 1808 οὐρανσὺς

394 1821 588 1895 Ἰησοῦ,
622 1824 852 1897 ἔρχομαι
894 1827 1074 1894 πάλιν,
1104 1829 1355 1902 καθάπερ
1387 1820 1646 1897 κάκεῖνοι,
1683 1807 1820 1901 μετά
1849 1833 1947 1904 τὴν
1982 1807 2021 1861 Β

380 1915 683 1972 ἀνάπαυσιν
715 1919 816 1990 τῆς
841 1921 1240 1994 Σκηνοπηγίας,
1267 1925 1346 1987 είς
1375 1922 1474 1994 τὴν
1506 1924 1609 1995 γῆν
1641 1924 1740 1994 τῆς
1773 1926 1948 1994 ὲπαγ-

380 2009 596 2078 γελίας,
626 2013 753 2076 τοὺς
781 2013 1042 2085 οὐρανοὺς
1060 2053 1075 2077 ,
1115 2015 1173 2068 ἐν
1201 2018 1427 2085 σκηναῖς
1462 2014 1535 2086 μὴ
1567 2017 1911 2086 ἀπομείνασα
1930 2056 1946 2081 ,

380 2100 626 2154 τουτέστι
684 2101 779 2155 τοῦ
838 2102 1195 2175 σκηνώματός
1247 2122 1347 2175 μου
1422 2105 1496 2177 μὴ
1560 2107 1950 2178 ἀπομείναντος

380 2197 622 2252 τοιούτου
641 2215 655 2229 ο
693 2198 828 2253 ἀλλὰ
861 2199 997 2271 μετὰ
1036 2199 1133 2272 τὴν
1177 2201 1638 2274 χιλιονταετηρίδα
1680 2201 1949 2275 μεταϐλη-

384 2287 569 2353 θέντος
598 2291 707 2344 ἀπὸ
751 2291 847 2345 τοῦ
873 2294 1147 2363 σχήματος
1194 2292 1288 2346 τοῦ
1335 2292 1673 2365 ἀνθρωπίνου
1725 2293 1947 2364 καὶτῆς

380 2380 584 2452 φθορᾶς
610 2381 741 2454 (47),
776 2384 855 2445 εις
881 2382 1166 2452 ἀγγελικὺν
1198 2384 1421 2455 μέγεθος
1445 2384 1539 2437 καὶ
1567 2384 1759 2447 κάλλος
1777 2401 1791 2414 ⁸
1817 2384 1948 2438 ἔνθα

378 2472 562 2528 λοιπὸν
582 2474 699 2529 ἀπὸ
724 2475 830 2529 τοῦ
846 2475 1193 2545 θαυμαστοῦ
1215 2475 1326 2542 τῆς
1344 2475 1583 2545 σκηνῆς
1610 2477 1665 2530 αί
1690 2476 1946 2548 παρθένοι

377 2568 564 2620 τόπου
587 2607 602 2629 ,
660 2567 797 2637 μετά
828 2567 889 2619 τὸ
950 2566 1402 2639 συμπερασθῆναι
1458 2569 1557 2640 τὴν
1612 2568 1804 2641 ἑορτὴν
1850 2570 1948 2641 τῆς

379 2659 750 2726 ἀναστάσεως,
778 2661 858 2723 εἰς
902 2658 973 2713 τὰ
1004 2659 1173 2731 μείζω
1212 2661 1304 2714 καὶ
1335 2661 1565 2732 κρείττω
1601 2661 1944 2733 διερχόμεθα,

377 2752 464 2816 εὶς
495 2749 602 2804 τὸν
644 2747 814 2805 οἷκον
856 2751 1042 2806 αὐτὸν
1090 2751 1475 2807 ἀναϐαίνουσαι
1516 2752 1606 2807 τὸν
1636 2753 1778 2824 ὑπὲρ
1822 2753 1948 2817 τοὺς

376 2839 640 2914 οὐρανοὺς
684 2841 790 2896 τοῦ
837 2843 1005 2908 Θεοῦ,
1053 2844 1123 2897 ὲν
1169 2842 1338 2913 φωνῇ
1387 2843 1799 2914 ἀγαλλιάσεως
1848 2845 1946 2899 καὶ

377 2932 889 3005 ὲξομολογήσεως,
918 2935 1111 3004 ἤχους
1137 2936 1514 3006 ἐορτάζοντος
1532 2977 1547 3002 ,
1573 2937 1752 3003 καθώς
1785 2956 1946 3012 φησιν

1289 3023 1317 3048 1'

378 3026 408 3080 ό
448 3025 755 3099 ψαλμῳδός.
802 3029 986 3100 Τούτῳ
1042 3027 1197 3099 κάγὼ
1218 3070 1234 3095 ,
1283 3025 1329 3083 ὦ
1389 3031 1612 3102 Ἀρετὴ,
1655 3031 1798 3086 κατὰ
1847 3033 1947 3104 τὴν

2046 548 2219 603 donec
2251 549 2348 603 illo
2377 548 2669 612 evaserint,
2697 558 2758 602 ut
2786 548 2842 600 in
2877 546 3137 617 templum
3181 544 3384 617 Deique
3411 546 3607 600 civita-

2046 648 2154 695 tem
2200 639 2606 711 ingrediantur;
2660 639 2728 694 ad
2788 639 2963 708 majus
3013 638 3222 693 scilicet
3278 637 3609 707 majorisque

2047 733 2315 790 claritatis
2342 733 2597 805 gaudium
2627 733 2967 804 proﬁcientes
2987 771 3002 796 ,
3057 730 3202 786 sicut
3231 729 3415 801 figurae
3466 729 3610 784 indi-

2048 833 2173 881 cant
2196 841 2315 896 quae
2350 827 2403 880 in
2441 825 2641 883 Iudaeis
2678 826 2827 897 prius
2870 831 3282 895 praecesserunt.
3338 822 3609 889 Quemad-

2048 915 2265 970 modum
2296 916 2439 973 enim
2470 917 2725 973 lsraelitae
2743 933 2806 974 ex
2827 915 3044 987 Egypti
3072 914 3268 970 ﬁnibus
3291 914 3399 968 illis
3426 926 3609 983 egres-

2049 1008 2117 1070 si,
2140 1017 2392 1079 suscepto
2420 1010 2655 1079 primum
2698 1009 2911 1071 itinere,
2941 1009 2997 1061 in
3035 1005 3411 1062 Tabernacula
3453 1002 3609 1074 (Soc-

2048 1098 2166 1152 cotlt
2207 1098 2417 1154 Hebraei
2449 1099 2664 1172 vocant)
2716 1105 2983 1154 venerunt
3011 1097 3091 1162 ⁸⁸,
3128 1096 3365 1165 hincque
3412 1108 3609 1149 rursus

2048 1187 2297 1259 profecti,
2331 1198 2595 1245 venerunt
2630 1190 2686 1243 in
2729 1199 2931 1244 terram
2970 1186 3394 1259 promissionis:
3432 1186 3507 1239 ita
3555 1190 3610 1240 et

2048 1296 2169 1336 nos.
2198 1280 2331 1335 Nam
2362 1290 2417 1337 et
2448 1298 2548 1352 ego
2590 1283 2693 1337 iter
2741 1282 2967 1345 habens,
3007 1296 3182 1350 exque
3210 1278 3399 1333 mundi
3442 1278 3608 1346 hujus

2050 1373 2284 1444 Egypto
2315 1388 2555 1443 egressa,
2585 1373 2742 1428 venio
2768 1372 3005 1442 primum
3027 1371 3093 1425 ad
3125 1357 3606 1431 resurrectionem,

2048 1480 2168 1535 quae
2197 1480 2322 1519 vera
2348 1463 2683 1535 Scenopegia
2714 1470 2796 1518 est
2823 1482 2835 1517 :
2873 1471 2927 1517 et
2974 1463 3046 1518 ibi
3095 1462 3363 1517 fructibus
3392 1461 3611 1517 virtutis

2048 1564 2324 1612 exstructo
2386 1557 2739 1626 Specioseque
2805 1561 2997 1607 ornato
3054 1552 3404 1607 tabernaculo
3458 1566 3609 1619 meo,

2048 1648 2224 1717 prima
2263 1645 2385 1701 festi
2414 1646 2832 1703 resurrectionis
2858 1644 2965 1708 die,
2997 1659 3116 1714 qua:
3141 1643 3257 1698 dies
3289 1652 3371 1699 est
3393 1642 3608 1711 judicii,

2051 1742 2215 1796 simul
2252 1756 2376 1795 cum
2402 1738 2621 1794 Christo
2649 1738 3011 1793 millenarium
3043 1751 3310 1791 annorum
3361 1735 3609 1806 requiei,

2050 1833 2296 1898 celebro;
2326 1847 2451 1907 quae
2491 1839 2696 1901 septem
2736 1830 2991 1884 dicuntur
3022 1830 3160 1894 dies,
3190 1843 3317 1883 vera
3353 1826 3612 1881 nimirum

2051 1921 2306 1978 Sabbata.
2357 1923 2485 1978 lude
2523 1939 2716 1978 rursus
2745 1921 2873 1977 Jcsu
2910 1936 3127 1988 comes,
3184 1920 3273 1991 qui
3323 1918 3613 1985 penetrauit

2048 2018 2203 2070 cmlos
2231 2016 2274 2049 ⁸⁷
2300 2019 2382 2084 (ut
2412 2023 2465 2072 et
2496 2016 2570 2069 illi
2601 2024 2722 2086 post
2757 2016 3106 2088 Scenopegiat
3142 2013 3386 2083 requiem
3416 2012 3471 2066 in
3502 2020 3614 2066 ter-

2048 2124 2162 2164 ram
2186 2109 2586 2179 promissionis)
2610 2109 2663 2163 in
2689 2111 2857 2166 caelos
2890 2109 3070 2172 venio,
3104 2122 3211 2161 non
3237 2120 3523 2162 remanens
3554 2104 3613 2159 in

2046 2201 2436 2265 tabernaculis,
2463 2200 2567 2256 hoc
2587 2208 2692 2266 est,
2732 2217 2842 2255 non
2866 2206 3177 2255 remanente
3209 2212 3328 2252 meo
3359 2211 3611 2267 corpore,

2047 2296 2207 2367 quale
2234 2296 2387 2366 prius
2433 2303 2550 2350 erat
2574 2310 2585 2346 :
2627 2293 2723 2350 scd
2755 2303 2877 2364 post
2906 2293 3052 2347 mille
3079 2306 3344 2346 annorum
3374 2290 3612 2360 spatium

2047 2394 2275 2452 mutato,
2308 2404 2376 2443 ex
2402 2388 2624 2442 humani
2656 2386 2833 2441 forma
2862 2385 3109 2454 corporis
3146 2391 3201 2438 et
3222 2381 3573 2451 corruptione
3594 2418 3611 2444 ,

2047 2480 2103 2534 in
2124 2481 2419 2550 angelicam
2451 2479 2646 2534 molem
2674 2486 2729 2533 et
2750 2476 3207 2548 pulchritudinem
3234 2492 3248 2528 :
3281 2474 3372 2529 ubi
3396 2474 3613 2529 demum

2047 2586 2148 2626 nos
2178 2571 2418 2641 virgines
2465 2588 2496 2625 a
2549 2570 2670 2624 loco
2715 2568 3042 2623 tabernaculi
3072 2565 3438 2630 admirabilis,
3484 2580 3615 2620 con-

2048 2670 2319 2718 summato
2347 2662 2460 2731 jam
2485 2661 2901 2718 resurrectionis
2923 2661 3083 2724 festo,
3113 2659 3181 2714 ad
3202 2659 3409 2728 majora
3428 2666 3483 2713 et
3503 2672 3618 2715 me-

2048 2753 2182 2808 liora
2208 2752 2583 2816 transibimus,
2615 2753 2668 2806 in
2700 2753 2869 2821 ipsam
2903 2751 3116 2805 domum
3145 2749 3244 2804 Dei
3277 2749 3615 2819 supracmle-

2048 2854 2185 2902 stem
2226 2846 2600 2907 ascendentes,
2639 2846 2694 2898 in
2722 2861 2840 2898 uoce
2854 2842 3219 2897 exsuttationis
3250 2851 3296 2895 et
3323 2839 3608 2910 confessio—

2047 2939 2152 3003 nis,
2180 2939 2297 2993 soni
2330 2938 2666 3008 festivitatem
2712 2938 2935 3006 agentis,
2967 2943 3025 2989 ut
3068 2932 3388 2989 Psalmodus
3418 2933 3494 2988 ait
3542 2932 3608 2986 ".

2047 3030 2163 3087 Hoc
2190 3031 2308 3102 ipsa
2335 3047 2574 3101 quoque,
2597 3046 2631 3086 ο
2659 3029 2880 3085 domina
2908 3031 3091 3092 Arete,
3124 3026 3490 3097 qualicunque
3512 3025 3620 3085 elap

378 3118 656 3191 ἐμαυτῆς,
722 3119 1013 3185 δέσποινα,
1077 3118 1337 3192 δύναμιν,
1403 3120 1679 3193 δωροῦμαι
1744 3138 1806 3176 σε
1870 3122 1947 3195 τῷ

2049 3124 2300 3181 boratum
2326 3122 2610 3192 facultate,
2643 3137 2743 3193 pro
2764 3137 2987 3179 munere
3014 3120 3227 3192 peplum
3256 3119 3445 3177 odero.

379 3207 587 3280 πέπλῳ.

450 3363 499 3397 ⁸⁸
532 3363 697 3421 Num.
742 3382 907 3431 xxxv,
951 3365 1003 3421 5.
1078 3367 1123 3399 ⁸⁷
1157 3363 1320 3423 Henr.
1349 3382 1424 3435 tv,
1459 3366 1547 3422 14.
1615 3365 1663 3398 ⁸⁸
1690 3365 1845 3422 Psal.
1878 3379 1993 3432 xu,
2027 3366 2083 3424 3.

452 3540 563 3611 (47)
607 3543 718 3598 Καὶ
761 3543 874 3612 τῆς
914 3541 1157 3612 φθορᾶς.
1212 3541 1437 3599 Videtur
1490 3542 1797 3600 Methodius
1852 3545 1944 3599 ad-

380 3612 595 3685 mittere
620 3615 701 3668 sic.
728 3615 1455 3685 suscitatrorumisanetorum
1484 3629 1715 3685 corpora
1742 3613 1943 3685 nedum

381 3682 671 3753 malorum,
722 3682 1058 3753 corruptioni
1092 3684 1324 3739 obnoxia
1348 3724 1362 3746 ,
1394 3691 1449 3753 et
1486 3682 1721 3738 humana
1770 3684 1943 3737 forma

380 3765 502 3818 qua:
541 3752 598 3806 in
639 3752 936 3824 angelicam
968 3753 1196 3809 formam
1230 3752 1490 3824 mutanda
1512 3755 1641 3820 sint,
1667 3761 1944 3824 transacto

377 3822 791 3890 septenariofet
820 3839 942 3876 cum
978 3826 1029 3877 in
1061 3834 1321 3878 secretam
1351 3822 1446 3877 Dei
1474 3825 1652 3879 aulam
1679 3823 1755 3891 (id
1775 3829 1859 3879 est
1887 3823 1943 3877 in

378 3892 571 3963 cmlos)
602 3894 952 3964 recipientur.
978 3892 1110 3959 Qua:
1145 3909 1254 3948 non
1297 3893 1431 3964 satis
1459 3895 1730 3964 cohazrere
1755 3893 1943 3947 viden-

380 3970 470 4034 tur
499 3977 623 4016 cum
653 3963 1045 4033 superioribus,
1070 3973 1124 4018 et
1144 3979 1303 4034 nova_
1302 3963 1393 4016 illa
1417 3971 1580 4034 atque
1599 3963 1778 4034 ἀλύτῳ
1792 3978 1946 4017 crea-

379 4033 548 4097 tione,
584 4039 642 4086 ut
665 4032 777 4102 jam
807 4033 1217 4104 explicavimus.
1263 4032 1331 4086 Et
1368 4032 1518 4090 certe
1547 4049 1668 4104 qua:
1708 4032 1785 4104 ibi
1815 4047 1941 4088 cor-

379 4105 580 4173 ruptio,
606 4117 729 4173 eum
751 4104 913 4158 nulla;
936 4103 1047 4172 jam
1081 4112 1239 4158 erunt
1264 4103 1642 4173 generationes
1666 4142 1680 4167 ,
1716 4103 1793 4157 uti
1827 4105 1942 4172 ipse

380 4170 686 4228 Methodius
708 4243 719 4244 ί
738 4170 961 4239 indicat,
992 4174 1086 4228 sed
1114 4170 1326 4229 summa
1355 4177 1595 4244 requies,
1625 4174 1681 4227 in
1714 4173 1823 4244 illis
1846 4170 1941 4242 qui

378 4256 443 4315 ea
471 4244 659 4311 requie
691 4243 839 4315 digni
865 4250 1025 4315 erunt
1049 4244 1072 4297 ?
1095 4259 1325 4315 quorum
1348 4242 1660 4315 felicitatem
1675 4243 1941 4315 abjectius

380 4311 519 4383 forte
544 4328 612 4367 ex
641 4311 942 4383 usu'quasi
1000 4311 1236 4367 humano
1293 4312 1559 4370 intellexit
1611 4311 1936 4379 Methodius,

378 4382 608 4437 necdum
635 4384 743 4439 illis
772 4382 913 4438 bona
943 4384 1186 4439 caelestia
1219 4384 1551 4444 consecutis,
1577 4391 1670 4437 aut
1701 4383 1791 4437 Dei
1806 4399 1940 4437 con-

380 4462 570 4521 spectu
602 4452 840 4519 donatis,
868 4454 1012 4523 quod
1061 4454 1193 4509 ﬁdes
1248 4468 1356 4507 non
1399 4454 1636 4508 admittit
1668 4472 1681 4508 :
1715 4468 1840 4508 cum
1871 4453 1943 4508 sit

380 4523 470 4577 ille
490 4533 813 4593 sanctorum
842 4533 1036 4589 ccetus,
1067 4539 1174 4578 non
1213 4523 1300 4577 cui
1325 4523 1566 4580 haereant
1595 4531 1941 4593 peccatorum

379 4591 589 4656 sordes,
616 4606 711 4661 per
729 4608 822 4674 eas
851 4593 1015 4674 ferias
1038 4595 1336 4674 expiandas.
1362 4591 1766 4674 Denique—dura
1788 4608 1945 4674 pror-

380 4677 477 4735 sus
527 4664 861 4735 propositio,
883 4664 1016 4735 Ἀπὸ
1046 4662 1138 4720 τοῦ
1173 4668 1450 4735 σχήματος
1480 4662 1575 4717 τοῦ
1592 4662 1941 4735 ἀνθρωπίνου

377 4733 474 4787 καὶ
506 4731 717 4805 φθορᾶς
742 4735 821 4805 εἰς
844 4734 1128 4801 ἀγγελικὸν
1157 4731 1383 4805 μέγεθος
1417 4735 1509 4789 καὶ
1536 4731 1764 4805 κάλλος.Δ
1783 4731 1942 4788 Certe

379 4817 522 4873 :egre
554 4802 1116 4874 intelligittlrrabolita
1160 4802 1385 4858 humani
1432 4805 1679 4874 corporis
1740 4802 1938 4868 forma,

380 4874 617 4929 transire
638 4875 693 4926 in
728 4873 1026 4944 angelicam
1049 4875 1475 4944 magnitudinem
1498 4873 1553 4929 et
1573 4874 1790 4935 molem,
1808 4875 1941 4944 quin

380 4944 661 4998 aboleatur
684 4942 867 5025 carnis
899 4943 1015 5025 ipsa
1044 4942 1370 5025 substantia,
1397 4953 1451 5001 et
1481 4944 1576 5025 ﬁant
1600 4959 1807 5025 corpus
1834 4942 1940 4998 hu-

379 5028 623 5085 manum,
662 5014 821 5083 quale
852 5013 1018 5083 prisci
1047 5015 1144 5079 illi,
1170 5016 1459 5085 pluresque
1489 5015 1600 5077 alii,
1633 5013 1940 5084 angelicum

377 5084 861 5155 existimaverunt;
895 5099 1093 5152 corpus
1131 5085 1292 5138 ᾶῦλον
1322 5084 1385 5139 et
1410 5085 1690 5155 spiritale;
1747 5100 1940 5155 nempe

379 5153 815 5226 subtilissimum,
845 5169 968 5226 aere
985 5169 1123 5224 puro
1152 5155 1420 5226 igneoque
1435 5153 1773 5219 concretum,
1792 5153 1940 5226 quod

378 5223 558 5295 ipsum
591 5230 755 5278 tanta:
792 5223 1249 5295 molis,’etsup‘ra
1277 5223 1940 5295 humanammolem‘Me-

377 5292 599 5366 thodius
626 5295 857 5366 voluerit
893 5314 905 5349 :
936 5295 1029 5365 qui
1053 5292 1196 5350 forte
1230 5310 1386 5350 error
1432 5294 1533 5349 fuit
1560 5294 1809 5366 Eutychii
1845 5311 1940 5365 pa-

377 5362 633 5436 triarcha:
678 5362 1288 5436 Constantinopolitani,
1323 5381 1387 5420 ex
1423 5365 1509 5421 his
1533 5362 1681 5436 ipsis
1700 5362 1939 5421 fontibus

378 5432 628 5500 haustus,
655 5449 822 5506 aquo
849 5432 1142 5506 Gregorius
1195 5434 1495 5497 Romanus,
1527 5432 1821 5506 hominem,
1858 5438 1942 5505 ip-

377 5519 502 5560 sum
531 5504 834 5561 sanctitatis
853 5504 979 5561 luce
997 5508 1227 5573 clarum,
1257 5507 1548 5560 revocavit.
1572 5504 1702 5559 Esto
1731 5521 1795 5561 ea
1829 5504 1940 5561 sint

377 5578 693 5647 angelorum
732 5590 982 5644 corpora,
1035 5579 1181 5647 quod
1210 5584 1264 5632 et
1293 5575 1531 5647 Joannes
1587 5574 1939 5631 Thessaloni-

378 5646 562 5717 censis
594 5646 656 5698 in
678 5660 752 5697 vn
782 5648 990 5716 synodo
1015 5646 1210 5711 sensit,
1249 5654 1413 5717 atque
1448 5646 1575 5700 lunc
1598 5646 1756 5716 pictis
1789 5647 1938 5699 colo-

378 5708 553 5788 ribus,
583 5708 963 5788 repraesentari
996 5733 1160 5788 posse
1191 5708 1414 5788 angelos
1429 5708 1640 5788 statuit,
1675 5731 1779 5788 nec
1789 5717 1935 5770 clare

379 5783 659 5843 hactenus
673 5785 918 5843 Ecclesia
948 5783 1291 5859 ofoscripsit‘,
1326 5787 1446 5858 ipso
1477 5784 1709 5843 Doctore
1755 5785 1933 5858 Ange-

2052 3543 2159 3598 lico
2181 3549 2404 3598 auctore
2449 3542 2503 3597 in
2562 3540 2903 3612 expositione
2956 3555 2971 3593 ι
3020 3537 3254 3612 Decret.,
3289 3534 3435 3612 unde
3459 3534 3618 3612 quod

2050 3613 2290 3667 humana
2320 3628 2549 3683 corpora
2578 3606 2926 3683 proillorum
2960 3609 3100 3683 mole
3125 3606 3398 3683 [ungenda
3428 3606 3617 3683 sititet

2050 3683 2346 3755 dilatanda.
2375 3675 2547 3755 Erunt
2571 3675 2800 3755 quidem
2841 3681 2930 3735 illa
2938 3679 3085 3755 suis
3117 3678 3337 3755 dptibus
3369 3675 3614 3755 praedita,

2049 3752 2288 3824 subtilia,
2325 3754 2508 3824 agilia,
2548 3746 2625 3824 ac
2669 3751 2919 3824 silibet,
2937 3748 3089 3802 Pauli
3120 3746 3324 3824 phrasi,
3374 3746 3617 3824 πνευμα-

2047 3822 2196 3889 τικά,
2227 3816 2448 3893 σονρόνα
2475 3822 2797 3893 spiritantia,
2830 3819 2848 3872 l
2881 3816 3135 3893 σοι-.-κνῆ
3151 3817 3245 3872 sed
3267 3817 3475 3893 integra
3497 3816 3618 3869 illo-

2047 3888 2187 3946 rum’
2211 3888 2540 3956 substantia,
2576 3907 2704 3946 vere
2734 3891 2851 3960 ipsa
2881 3889 3140 3960 carnibus
3190 3888 3524 3960 ossibusque
3551 3899 3616 3940 ac

2049 3963 2372 4018 humoribus
2396 3970 2672 4025 concreta,
2709 3955 2966 4028 nulloque
3013 3958 3124 4028 jam
3153 3957 3298 4028 cibo,
3349 3965 3407 4010 ut
3446 3955 3614 4009 vitam

2048 4040 2327 4098 tueantur,
2365 4030 2795 4091 statuminanda,
2847 4025 3024 4096 quam
3057 4025 3198 4098 forte
3246 4027 3464 4098 illorum
3495 4038 3620 4077 cor-

2048 4095 2354 4173 ruptionem
2407 4103 2706 4173 arbitratus
2729 4110 2814 4173 est
2866 4095 3190 4173 Methodius,
3228 4111 3348 4173 Pro‘
3362 4095 3465 4173 illo
3507 4108 3617 4173 suo

2048 4163 2381 4228 sabbatismo
2406 4182 2459 4226 et
2481 4171 2783 4225 millenaria
2809 4169 2997 4238 requie
3023 4169 3085 4238 in,
3106 4163 3273 4238 terra.
3307 4164 3374 4217 Et
3409 4171 3556 4238 certe
3568 4163 3617 4217 si

2047 4242 2224 4296 adhuc
2258 4243 2604 4297 necessarius
2627 4240 2735 4295 illis
2753 4232 2930 4302 cibus,
2955 4237 3183 4291 necdum
3207 4235 3363 4304 plene
3391 4232 3616 4304 depulsa

2047 4313 2347 4381 corruptio,
2402 4313 2633 4381 necdum
2678 4323 2971 4381 corporum
3021 4302 3302 4381 beatorum
3335 4302 3613 4356 attributa:

2046 4375 2229 4446 dotes,
2281 4382 2459 4436 adhuc
2491 4382 2574 4435 vel
2610 4375 2823 4447 frugum
2855 4377 2940 4433 vel
2976 4375 3331 4447 animantium
3386 4386 3616 4447 genera—
3698 4378 3704 4383 ’

2046 4445 2245 4514 tiones,
2277 4452 2421 4506 unde
2451 4466 2549 4520 pro
2581 4466 2644 4505 eo
2675 4445 2818 4503 statu
2858 4449 2967 4520 illis
3001 4445 3349 4520 sulliciatur.’
3385 4446 3612 4520 Arrepta

2050 4523 2216 4578 semel
2235 4509 2470 4576 humani
2530 4535 2724 4575 sensus
2781 4509 3280 4590 simplicitatehejus
3307 4513 3619 4590 statusiipi-

2050 4593 2236 4655 nione,
2267 4606 2329 4647 ea
2361 4594 2479 4660 ipsa
2510 4590 2750 4660 proclive
2778 4579 3073 4660 fuit-multa
3113 4579 3618 4660 divinare._qu_ihus

2047 4679 2150 4718 nos
2184 4650 2409 4718 solidior
2427 4650 2694 4731 theologia
2708 4659 2937 4731 exemit;
2970 4670 3089 4725 quae
3110 4650 3616 4731 necangelisaliam

2047 4734 2252 4787 tribuat
2280 4732 2475 4786 molem
2509 4720 2935 4801 qua‘mgvirtutis,
2961 4720 3179 4801 quaeis
3202 4720 3387 4801 liceat,
3414 4720 3612 4801 majori

2049 4802 2314 4858 minorive
2357 4790 2544 4871 spatio.
2565 4798 2856 4871 applicari;
2917 4790 3019 4851 nec
3071 4795 3320 4849 homines
3350 4808 3380 4871 ᾳ
3408 4790 3618 4860 judicio

2046 4874 2320 4937 admittat,
2383 4862 2490 4925 nisi
2549 4862 2654 4925 aut'
2696 4862 2884 4922 beatus
2934 4880 3163 4934 corpore
3192 4871 3246 4937 et
3281 4862 3465 4916 animo
3490 4873 3618 4912 cum

2045 4942 2266 4997 Christo
2286 4935 2594 5012 regnantes,
2621 4939 2778 5012 eique
2797 4937 3041 5012 _in_caalis
3071 4935 3331 5012 asseclas,
3372 4938 3471 5012 aut.
3490 4942 3616 4982 cum

2047 5013 2266 5068 diabolo
2294 5005 2579 5080 et'angelis
2627 5005 2747 5077 ejus
2794 5007 3021 5080 inierim
3059 5005 3334 5080 addictos,
3370 5005 3618 5066 utrisque

2047 5084 2158 5138 vita
2187 5076 2505 5138 insolubili:
2535 5080 2581 5135 si
2610 5076 2791 5133 tamen
2828 5078 2939 5131 vita
2971 5076 3445 5137 dicenda,eorum,
3466 5081 3618 5138 quos

2047 5153 2133 5239 ibi
2149 5137 2296 5210 mors
2324 5153 2602 5234 depascet,
2624 5146 3093 5239 ipsanimmortalis
3110 5144 3428 5225 nullumque
3453 5137 3616 5239 iipem

2047 5224 2298 5278 habitura
2351 5216 2590 5277 miseria.
2646 5216 3008 5289 Ἀνθρώπινον
3057 5216 3243 5289 σχῆμα
3301 5216 3616 5289 oppositum

2050 5295 2309 5364 angelica:
2338 5293 2468 5347 moli
2500 5299 2554 5346 et
2599 5286 2980 5364 magnitudini,
3017 5286 3301 5364 nesci_o_an
3334 5286 3618 5364 apte‘satts

2049 5353 2288 5418 habitum
2318 5365 2626 5424 humanum,
2658 5353 2985 5428 superiores
3028 5353 3393 5428 reddiderint,
3424 5356 3480 5404 et
3508 5362 3617 5401 non

2046 5434 2501 5503 Clarium-humani
2527 5426 2757 5498 corporis
2782 5426 3166 5503 [orma(totuui
3186 5426 3363 5493 ipsum
3390 5432 3614 5503 corpus2

2045 5507 2206 5575 quale
2257 5493 2635 5575 hominisest,
2666 5493 2794 5575 ante
2823 5512 2941 5553 eam
2977 5493 3333 5575 mutationem
3358 5505 3434 5575 ac
3459 5493 3617 5575 quasi

2045 5564 2212 5631 {otius
2243 5575 2477 5629 hominis
2499 5564 2691 5645 θέωσιν
2710 5572 2744 5645 )_
2764 5583 2795 5621 a
2826 5582 2911 5622 me
2941 5564 3225 5645 redditum
3256 5564 3328 5617 sit
3358 5570 3399 5645 ς.
3422 5564 3620 5645 innqua

2046 5628 2371 5702 nonvr'video
2407 5628 2471 5699 ut
2516 5628 2818 5699 Methodius
2863 5652 2972 5693 non
3021 5631 3427 5691 exorbitaverit.
3472 5628 3620 5684 Con-

2046 5732 2215 5772 BEFIS-
