4150 6426
535 307 633 366 191

1472 308 1533 370 S.
1575 309 1904 369 METHODII
1943 312 2251 371 EPISCOPI
2282 314 2370 371 ET
2409 311 2766 371 MARTYRIS

3675 309 3781 364 192

601 426 849 484 EUBUL.
886 426 1114 483 Multum
1143 435 1317 486 astuo
1335 429 1476 501 apud
1508 445 1616 498 me,
1669 447 1703 487 o
1749 430 2085 503 Gregorium,

2272 434 2563 489 ΕΥΒΟΥΛ.
2603 433 2740 487 Δίαν
2767 428 3004 500 ἀγωνιῶ,
3034 420 3080 482 ὧ
3113 427 3431 500 Γρηγὸριον,
3463 428 3581 481 κατ’
3610 427 3775 498 ἐμαυ-

531 529 788 593 reputans
817 536 1027 577 mecum
1058 522 1113 576 in
1143 532 1347 594 quanta
1379 526 1579 580 mentis
1603 524 1877 581 anxietate
1904 542 1999 597 per
2022 527 2099 581 is-

532 622 639 667 tam
674 629 985 669 sermonum
1038 614 1211 669 vicem
1240 614 1511 670 Domnina
1535 624 1868 683 versaretur,
1892 618 2007 688 ipsa
2039 618 2097 674 in

529 706 841 776 praecordiis
868 705 1162 769 ﬂuctuans.
1198 724 1263 764 ac
1291 710 1416 779 jure
1441 719 1688 766 metuens
1724 726 1793 766 ne
1824 712 1928 767 sibi
1955 726 2096 783 aqua

528 797 777 859 haereret,
826 799 1181 871 jejuniusque
1233 802 1437 872 aliquid
1490 804 1716 873 reliquis
1770 803 2094 875 virginibus,

523 906 650 946 cum
684 891 791 947 illa:
808 900 959 947 tanta
988 893 1097 963 jam
1125 894 1314 965 sicque
1335 897 1485 950 varia
1517 907 1906 968 occupassent,
1964 915 2096 969 per-

523 997 730 1040 oraret.
762 982 824 1040 Si
844 1001 974 1057 ergo
999 1002 1108 1041 non
1139 987 1505 1045 dissimulavit
1542 992 1705 1046 talem
1752 992 1898 1048 hunc
1927 994 2095 1048 animi

527 1074 615 1128 sui
646 1082 874 1142 motum,
910 1092 1008 1148 age
1039 1085 1093 1131 et
1146 1077 1293 1133 istud
1337 1094 1559 1155 quoque
1618 1084 1878 1154 transige.
1926 1082 2097 1137 Miror

524 1170 670 1223 enim
705 1169 751 1224 si
784 1170 916 1239 quid
939 1169 1191 1226 habuerit
1212 1171 1357 1243 quod
1387 1172 1615 1240 diceret,
1650 1175 1902 1231 ultimum
1930 1185 2096 1231 nacta

524 1257 762 1313 habendi
789 1262 1061 1317 sermonis
1087 1262 1290 1319 locum.

596 1350 800 1407 GREG.
822 1351 1117 1408 Turbatam
1140 1371 1275 1412 sane
1294 1357 1466 1428 ipsam
1488 1359 1748 1430 majorem
1770 1359 1825 1415 in
1849 1360 2092 1427 modum,

523 1458 559 1497 o
582 1442 895 1513 Eubulium,
918 1448 1052 1503 dixit
1087 1450 1219 1504 mihi
1246 1450 1577 1523 Theopatra,
1610 1469 1720 1508 non
1778 1461 1965 1509 tamen
2014 1454 2097 1509 la-

524 1537 749 1595 borasse
778 1542 1000 1610 penuria
1032 1547 1442 1602 sermonum.ln
1470 1563 1588 1603 eam
1617 1564 1767 1619 ergo,
1800 1554 2094 1619 postquam

522 1625 759 1699 Tysiana
790 1631 950 1686 ﬁnem
980 1632 1128 1700 fecit,
1168 1636 1369 1705 injecto
1419 1638 1583 1693 Arete
1632 1638 1818 1702 oculo,
1868 1637 1981 1707 Age
2035 1644 2092 1690 tu

521 1734 759 1791 quoque,
798 1723 895 1788 ait,
952 1724 1083 1790 ﬁlia,
1122 1742 1427 1782 sermonem
1461 1728 1648 1793 redde,
1695 1735 1754 1781 ut
1781 1728 2093 1782 convivium

2205 529 2304 601 τὴν
2332 528 2443 600 (48)
2476 525 2796 597 ὲννοουμὲνη
2822 562 2836 587 ,
2871 521 3040 594 ὁποίῳ
3091 519 3305 593 θορύϐῳ
3348 519 3443 573 νῦν
3482 517 3592 592 ἄρα
3625 520 3658 590 ἡ
3686 521 3783 573 Δο-

2209 622 2368 693 μνίνα
2421 616 2511 691 ἦν,
2565 616 2980 690 ταρασσομένης
3034 613 3171 684 αὐτῇ
3221 612 3321 682 τῆς
3376 612 3636 682 καρδίας,
3685 610 3781 664 καὶ

2205 710 2541 781 φοϐουμένης
2573 710 2646 781 μὴ
2681 707 2936 779 ἀπορήσῃ
2982 705 3190 774 λόγων,
3226 705 3320 758 καὶ
3358 703 3694 775 ἐνδεέστερόν
3724 720 3778 759 τι

2202 804 2311 857 τῶν
2341 803 2515 858 ἄλλων
2551 792 2834 874 παρθένων
2890 800 3295 871 ἀποφθέγξηται
3317 839 3332 866 ,
3372 797 3646 852 τοσούτων.
3677 796 3778 868 ἤδη

2203 895 2474 967 ῥηθέντων
2519 896 2598 959 εἰς
2628 894 2689 947 τὸ
2738 892 3091 967 προκείμενον
3124 894 3218 947 καὶ
3256 890 3533 947 ποικίλων.
3582 890 3645 943 Et
3685 885 3778 944 οὖν

2202 985 2422 1054 εὔδηλος
2456 986 2671 1055 ἐγένετο
2696 986 3049 1057 κεκινημένη,
3073 985 3205 1057 φέρε
3231 985 3328 1039 καὶ
3356 982 3515 1037 τοῦτο
3535 982 3776 1054 περαίω-

2203 1095 2313 1131 σον.
2356 1077 2630 1149 Θαυμάζω
2655 1078 2763 1152 γὰρ
2795 1077 2848 1131 ετ
2878 1096 2931 1131 τι
2959 1078 3114 1149 ἔσχεν
3146 1079 3341 1141 εἰπεῖν,
3368 1075 3649 1130 τελευταῖα
3686 1092 3776 1131 κε-

2202 1171 2550 1243 κληρωμένη.

2269 1353 2555 1406 ΓΡΗΓΟΡ.
2598 1350 2939 1424 Τεταράχθαι
2987 1351 3086 1422 μὲν
3116 1349 3319 1423 αὐτὴν,
3357 1344 3403 1405 ὦ
3449 1350 3772 1421 Εὺὸούλιον,

2201 1450 2293 1503 καὶ
2321 1446 2667 1519 σφόδρα,ἒςρη
2702 1463 2789 1517 μοι
2820 1445 3182 1517 ήῸεοπάτρω
3214 1447 3275 1499 οὐ
3313 1447 3418 1517 μὴν
3439 1446 3775 1518 ὴπορηκέναι

2199 1538 2390 1607 λόγων.
2428 1537 2582 1591 Μετὰ
2612 1536 2674 1590 τὸ
2707 1536 3020 1591 παύσασθαι
3047 1536 3147 1607 τὴν
3185 1536 3480 1608 Τυσιανὴν,
3509 1539 3541 1608 ἡ
3580 1540 3773 1611 Ἀρετὴ

2200 1629 2288 1683 τὸν
2316 1628 2591 1698 ὀφθαλμὸν
2631 1630 2713 1693 είς
2743 1628 2911 1699 αὐτὴν
2957 1628 3321 1694 ἐπιϐαλοῦσα,
3358 1629 3527 1701 Δεῦρο
3570 1628 3635 1699 δὴ
3680 1629 3777 1683 καὶ

2201 1720 2460 1793 θύγατερ,
2496 1721 2621 1792 ἔφη,
2664 1720 2756 1773 τὸν
2804 1720 2960 1789 λόγον
3002 1720 3221 1786 ἀπόδος,
3262 1720 3349 1773 ἵνα
3400 1719 3774 1791 πληρώσωμεν

519 1813 667 1867 omni
692 1827 755 1867 ex
792 1822 947 1884 parte
974 1816 1271 1886 perfectum
1310 1821 1701 1889 compleamus.
1754 1818 1853 1875 His
1899 1820 2085 1874 erube-

2194 1815 2380 1885 ἐντελῆ
2408 1815 2504 1886 τὴν
2537 1816 2789 1885 εὐωχίαν.
2815 1815 2924 1884 Τὴν
2949 1810 3041 1867 οὖν
3065 1814 3348 1885 Δομνίναν,
3372 1813 3774 1886 ὲρυθριάσασαν

522 1918 686 1959 scens
717 1902 1006 1971 Domnina,
1038 1908 1235 1978 vixque
1265 1917 1384 1980 post
1412 1912 1625 1983 longam
1657 1927 1865 1966 moram
1897 1911 2089 1967 oculos

518 1996 837 2068 vultumque
870 2000 1087 2066 tollens,
1123 2017 1536 2073 exsurgensque
1581 2004 1648 2059 ad
1699 2005 1969 2059 orandum
2028 2017 2088 2057 se

517 2087 700 2152 vertit,
735 2104 799 2144 ac
832 2087 1124 2159 Sapientiae
1176 2109 1415 2163 prmsens
1470 2095 1735 2151 auxilium
1786 2095 2091 2165 imploran-

513 2175 666 2232 dum.
701 2177 816 2245 Qua
849 2182 1096 2236 oratione
1132 2184 1447 2250 perfuncta,
1482 2187 1653 2242 visam
1689 2182 1871 2243 aiebat
1904 2189 2090 2243 subito

515 2285 711 2325 novam
760 2282 999 2330 creatam
1058 2276 1362 2343 audaciam,
1413 2288 1468 2335 et
1521 2280 1761 2335 divinam
1794 2280 2089 2352 quamdam

515 2360 777 2419 incidisse
802 2363 1089 2434 ﬁduciam;
1124 2381 1296 2437 eaque
1326 2366 1521 2423 fretam
1546 2369 1779 2425 dixisse.

974 2606 1630 2704 ORATWO'X.

1128 2755 1458 2813 DOilNlNA.

2199 1908 2449 1972 ἐπιπολὺ,
2476 1907 2627 1978 μόλις
2655 1907 2965 1968 ἀνανεῦσαι,
2986 1908 3078 1959 καὶ
3109 1907 3187 1969 είς
3213 1905 3376 1977 εὐχὴν
3403 1904 3774 1969 ὲξαναστᾶσαν

2195 2001 2506 2072 τραπῆναι,
2563 2001 2656 2054 καὶ
2708 2001 2893 2054 καλεῖν
2926 2001 3025 2071 τὴν
3080 2000 3281 2069 Σοφίαν
3329 1999 3672 2071 παραστῆναι
3721 1999 3771 2053 οι

2194 2092 2407 2164 βοηθόν.
2465 2093 2750 2167 Εὑξαμὲνῃ
2793 2093 2851 2146 δὲ
2901 2094 3061 2164 αὐτῇ,
3111 2093 3308 2164 θάρσος
3357 2093 3522 2162 φησὶν
3569 2089 3772 2155 εὐθέως

2194 2185 2540 2255 ἐγγίνεσθαι,
2569 2186 2663 2239 καί
2693 2202 2778 2249 τις
2801 2184 2971 2257 αὐτὴν
3003 2184 3121 2239 θεία
3165 2185 3423 2256 ἀνακωχὴ
3463 2180 3767 2248 κατέλαϐε,

2193 2279 2285 2332 καὶ
2318 2278 2443 2350 ἔφη.

2117 2505 2190 2519 ..-

2715 2610 3077 2698 ΛΟΓΟΣ
3153 2611 3217 2693 L

2802 2759 3135 2813 ΔΟΜΝΙΝΑ.

1053 2876 1184 2931 Ωιι».
1214 2876 1256 2935 l.
1291 2878 1420 2933 Sola
1448 2877 1612 2948 efﬁcit
1636 2896 1699 2934 ac
1721 2888 1943 2950 prestat
1970 2880 2214 2947 castitas,
2246 2891 2305 2936 ut
2327 2882 2508 2936 anima
2540 2878 2905 2935 laudatissima
2929 2880 3267 2951 gubernetur.

582 2987 630 3051 0
649 2994 833 3057 Arete,
865 2995 1086 3052 omissis
1116 3006 1172 3053 et
1208 3012 1311 3068 ego
1341 2998 1693 3055 exordiorum
1727 3002 2072 3073 ambagibus,

2252 2998 2323 3056 Ὦ
2368 3003 2591 3075 Ἀρετὴ,
2625 3002 2812 3069 κάγὼ,
2842 2999 3223 3074 παραλείζκασα
3265 2997 3364 3061 τὰς
3400 2995 3763 3071 μακρολογίας

513 3084 764 3152 protinus
793 3099 907 3140 rem
943 3086 1115 3156 ipsam
1151 3088 1370 3157 aggredi
1415 3091 1662 3145 conabor
1695 3106 1795 3160 pro
1842 3091 2078 3157 viribus,

2188 3095 2295 3149 τῶν
2331 3094 2820 3167 προεξηγημάτων,
2857 3095 2937 3156 εἰς
2970 3091 3109 3144 αὑτᾶ
3138 3089 3207 3143 τὰ
3257 3088 3591 3161 προκείμενα
3619 3086 3762 3142 κατ-ἰ

515 3191 583 3231 ne
606 3177 672 3231 iis
704 3177 1043 3234 immorando
1061 3196 1181 3251 qua:
1200 3190 1352 3235 extra
1372 3197 1483 3237 rem
1508 3191 1658 3250 sunt,
1688 3184 1902 3254 longius
1919 3199 2082 3254 quam

512 3282 613 3338 pro
658 3284 846 3324 earum
902 3272 1114 3326 ratione
1157 3287 1219 3325 ac
1260 3289 1399 3343 pene
1444 3275 1722 3345 superﬂue
1775 3277 2083 3330 orationem

511 3361 745 3415 traham.
787 3361 1023 3418 Numero
1074 3366 1221 3420 enim
1259 3366 1314 3419 in
1369 3383 1564 3437 magna
1596 3367 1900 3437 prudentim
1927 3376 2083 3439 parte

510 3467 619 3508 non
651 3453 931 3525 indulgere
954 3456 1137 3512 verbis
1177 3458 1414 3513 inaniter
1462 3475 1625 3515 aures
1681 3461 2077 3525 mulcentibus,

509 3545 848 3619 diﬁ'undique
895 3548 1150 3617 dicendo,
1210 3559 1499 3622 antequam
1552 3553 1619 3607 ad
1679 3563 1847 3624 caput
1902 3554 2125 3625 ipsum.

512 3641 722 3709 (ιιιωεὶιί
749 3644 1035 3707 veniatur;
1076 3642 1172 3699 sed
1199 3660 1265 3699 ex
1299 3646 1419 3715 ipso
1448 3647 1633 3700 statim
1668 3657 1874 3717 puncto
1929 3664 2082 3719 quaa-

511 3733 710 3790 stionis
743 3736 1001 3807 incipere.
1030 3736 1169 3793 llinc
1211 3738 1375 3808 igitur
1411 3741 1599 3796 ordior
1633 3760 1646 3797 :
1686 3751 1901 3814 tempus
1936 3745 2082 3799 enim

510 3832 617 3882 est.

581 3917 727 3973 Nihil
755 3927 865 3976 tam
894 3923 1153 3992 prodesse
1190 3924 1394 3979 homini
1426 3924 1492 3979 ad
1525 3926 1863 3983 honestatem
1889 3943 1952 3984 ac
1971 3929 2084 3983 vir-

514 4013 645 4067 tutis
672 4012 896 4078 bonum,
928 4029 961 4069 ο
985 4015 1227 4072 illustres
1256 4017 1511 4086 virgines,
1540 4020 1739 4089 poterit
1767 4037 1932 4092 quam
1989 4038 2082 4078 ca-

508 4104 691 4160 stitas.
730 4104 800 4160 Ut
830 4108 975 4163 enim
1007 4124 1220 4164 summa
1273 4111 1560 4165 honestate
1612 4126 1677 4166 ac
1705 4113 2081 4170 laudatissime

507 4199 844 4269 gubernetur
873 4202 1072 4267 anima,
1104 4210 1273 4273 utque
1300 4220 1331 4259 a
1364 4207 1521 4263 malis
1553 4216 1607 4262 et
1646 4208 2081 4279 inquinamentis

507 4304 642 4360 pura
675 4294 877 4347 mundo
912 4296 1156 4351 solvatur
1184 4313 1247 4352 ac
1274 4299 1601 4365 dimittatur,
1636 4301 1752 4356 sola
1780 4302 1895 4356 haec
1918 4300 2080 4356 eﬂicit

505 4396 572 4437 ac
600 4392 839 4455 praestat.
869 4386 946 4441 Ex
973 4404 1083 4459 quo
1112 4390 1379 4462 siquidem
1424 4394 1678 4450 Christus
1703 4409 1822 4449 eam
1847 4408 1946 4449 nos
1979 4409 2044 4448 co
2065 4423 2078 4434 -

2190 3189 2417 3259 δύναμιν
2454 3188 2627 3241 εἰπεῖν
2675 3185 3041 3257 πειράσομαι’
3076 3184 3163 3237 ἵνα
3192 3182 3256 3254 δὴ
3294 3181 3389 3253 μὴ,
3414 3181 3493 3253 τῷ
3526 3181 3762 3255 μηκύνεο

2190 3282 2311 3335 σθαι
2341 3282 2410 3335 τὰ
2444 3281 2712 3353 πάρεργα,
2749 3280 2970 3332 πλείονα
2992 3278 3181 3351 χρόνον
3211 3270 3285 3330 ὧν
3319 3276 3482 3329 ἕνεκα
3510 3276 3761 3344 λέγονται

2190 3373 2473 3445 παράσχω.
2509 3371 2775 3443 Ἡγοῦμαι
2809 3370 2916 3441 γὰρ
2948 3370 3203 3441 μέγιστον
3240 3366 3404 3439 μέρος
3447 3368 3761 3438 φρονήσεως

2187 3460 2323 3518 εἶναι
2356 3465 2417 3519 τὸ
2451 3465 2526 3537 μὴ
2582 3464 2826 3537 μακροὺς
2858 3465 2921 3516 ὲκ
2956 3461 3216 3533 περιόδων
3245 3461 3352 3532 πρὸ
3400 3460 3506 3514 τῶν
3547 3461 3760 3531 ἐρωτη-

2187 3557 2383 3611 θέντων
2434 3556 2697 3611 ποιεῖσθαι
2732 3557 2857 3619 τους
2900 3554 3110 3624 λόγους,
3144 3552 3443 3625 κηλοῦντας
3487 3553 3556 3608 τὰ
3608 3548 3756 3607 ὦτα·

2185 3651 2298 3705 ἀλλ’
2328 3650 2552 3704 αὐτόθεν
2597 3650 2797 3712 εὐθέως
2835 3649 2963 3720 περὶ
2996 3649 3116 3701 ὅτου
3146 3647 3204 3701 τὸ
3239 3645 3572 3719 ἐπερώτημά
3609 3647 3760 3700 ἐστιν

2184 3745 2465 3819 ἄρχεσθαι.
2500 3744 2591 3798 Διὸ
2619 3742 2827 3798 ἐνθένδε
2858 3742 3040 3811 κάγώ’
3075 3742 3264 3813 καιρὸς
3293 3741 3422 3812 γάρ.

2256 3924 2421 3978 Οὐδὲν
2450 3921 2621 3986 οὓτως
2659 3919 2849 3990 ὀνῆσαι
2877 3918 3161 3990 δυνήσεται
3195 3920 3330 3990 πρὸς
3373 3917 3435 3970 τὸ
3474 3916 3637 3972 καλὸν
3664 3917 3756 3972 τὸν

2183 4018 2465 4089 ἄνθρωπον
2488 4056 2502 4079 ,
2543 4011 2589 4069 ὧ
2645 4013 3060 4085 καλλιπάρθενοι
3083 4054 3098 4079 ,
3145 4015 3220 4077 ὼς
3266 4012 3474 4083 ἁγνεία.
3526 4013 3599 4067 Τὸ
3647 4014 3756 4086 γὰρ

2183 4107 2441 4162 κάλλιστα
2475 4106 2569 4159 καὶ
2598 4104 2796 4177 ἄριστα
2823 4102 3305 4175 διακυϐερνηθῆναι
3330 4103 3424 4174 τὴν
3443 4103 3642 4175 ψυχὴν,
3660 4103 3755 4158 καὶ

2183 4200 2410 4271 κηλίδων
2465 4199 2558 4253 καὶ
2614 4197 2934 4269 μιασμάτων
2972 4195 3219 4268 καθαρὰν
3268 4194 3602 4266 ἀπολυθῆναι
3658 4193 3752 4249 τοῦ

2181 4294 2416 4364 κόσμου,
2471 4292 2605 4363 μόνη
2657 4292 2800 4343 ποιεῖ
2845 4288 3005 4342 τοῦτο
3054 4288 3147 4342 καὶ
3202 4286 3495 4360 ἐργάζεται
3539 4286 3750 4355 ἁγνεία.

2195 4385 2309 4454 Ἀφ’
2336 4377 2397 4437 οὗ
2430 4383 2538 4456 γὰρ
2558 4384 2585 4435 ὁ
2615 4382 2848 4453 Χριστὸς
2878 4380 3154 4433 ἐδίδασκεν
3182 4379 3351 4451 αὐτὴν
3373 4379 3561 4433 ἀσκεῖν
3584 4380 3752 4450 ἡμᾶς,

508 4472 619 4528 lere
649 4474 855 4539 docuit,
878 4479 1501 4555 excellentissimamque
1528 4486 1679 4541 illius
1704 4483 2074 4555 pulchritudi-

2187 4476 2276 4531 καὶ
2308 4476 2576 4547 ἐμήνυσεν
2618 4475 2747 4545 ἡμῖν
2781 4473 2841 4526 τὸ
2887 4470 3292 4543 ἀνυπέρϐλητον
3323 4471 3518 4536 κάλλος
3560 4472 3751 4543 αὐτῆς,

506 4582 629 4621 nem
675 4568 907 4639 aperuit,
956 4586 1181 4643 regnum
1208 4575 1409 4632 diaboli
1442 4579 1782 4635 destructum
1810 4584 1914 4640 est,
1948 4591 2074 4630 cum

506 4659 659 4730 prius
691 4662 1003 4718 universum
1049 4666 1332 4723 hominum
1366 4686 1539 4742 genus
1569 4671 1844 4741 captivum
1889 4668 2076 4723 trahe-

576 4795 689 4875 (4_8)
711 4797 846 4850 Κάπ’
869 4797 1147 4868 ἐμαυτήν.
1176 4799 1314 4857 Hinc
1345 4802 1514 4875 liquet
1538 4803 1826 4859 Eubulium
1850 4804 2077 4875 perinde

505 4866 720 4945 feminae
754 4866 1039 4945 personam
1082 4866 1210 4927 esse
1250 4888 1313 4928 ac
1366 4866 1685 4945 Gregorium
1720 4893 1733 4929 :
1768 4866 1887 4929 .ne'c
1921 4882 2074 4929 tanta

503 4940 737 5015 puellam
767 4939 909 5015 apud
923 4942 1108 5015 _virum
1134 4945 1427 5015 deponere,
1464 4939 1726 5000 decorum
1752 4945 1929 4999 visum
1967 4945 2076 5001 Me-

502 5010 692 5085 thodio
722 5013 812 5064 cui
838 5012 904 5085 in
918 5010 1221 5083 Symposio
1240 5014 1532 5085 virginum.
1561 5030 1860 5085 earumque
1890 5017 2076 5071 habito

502 5080 786 5156 rciatoque
825 5080 1117 5156 colloquio,
1168 5080 1366 5156 magna
1415 5085 1638 5155 pudoris
1670 5095 1723 5143 et
1764 5080 2071 5142 honestatis

504 5166 668 5205 sexus
700 5152 944 5207 habenda
969 5152 1071 5210 fuit
1103 5152 1578 5212 ratiofCoueens.

576 5223 685 5293 (49)
720 5221 816 5291 Μὴ
867 5221 988 5279 τῶν
1031 5225 1438 5295 παλαιοτέρων
1485 5225 1636 5280 τινά.
1675 5225 1819 5282 Dura
1853 5228 1966 5282 haec
2017 5238 2076 5283 ut

505 5300 723 5356 sonant,
756 5309 857 5366 nec
890 5295 1153 5366 Apostolo
1180 5298 1283 5349 ’aut
1334 5297 1455 5353 ﬁdei
1483 5313 1725 5353 consona
1756 5316 1770 5364 ;
1801 5300 2072 5354 neminem

506 5373 749 5418 veterum
809 5362 1263 5439 Deo'placuisse.
1319 5367 1480 5423 Certe
1518 5362 1843 5439 placuerunt
1895 5369 2072 5433 multi,

504 5449 812 5509 magnaque
838 5440 1124 5493 sanctitate
1171 5438 1527 5500 claruerunt,
1547 5449 1605 5493 ut
1631 5449 1683 5495 et
1718 5442 1823 5503 his,
1849 5439 1942 5509 qui
1971 5441 2074 5495 sub

505 5506 680 5628 gratia
702 5508 911 5573 vivunt,
939 5509 1189 5578 exemplo
1211 5523 1332 5564 csse
1365 5512 1609 5579 possint:
1640 5511 1714 5564 uti
1747 5506 1909 5565 etiam
1933 5508 2077 5563 Pau-

529 5591 593 5628 us
608 5578 856 5628 exemnlo
872 5580 1144 5628 nroducit.
1164 5595 1301 5628 quos
1324 5588 1505 5628 lanth
1533 5591 1782 5628 numerat
1807 5581 1873 5628 ad
1907 5579 2067 5628 Hebr-

529 5578 856 5650 usexemplo
872 5580 1144 5650 producit,
1164 5595 1301 5649 quos
1324 5578 1505 5636 tantos
1533 5591 1782 5636 numerat
1807 5581 1874 5634 ad
1907 5579 2067 5634 Hebr.

511 5642 1137 5721 I.Glosseiua'Possinii,
1171 5642 1311 5721 omni
1355 5667 1419 5705 ea:
1449 5663 1637 5721 parte:
1683 5653 1830 5706 velut
1856 5650 2074 5720 placue-

506 5715 619 5769 rint
645 5719 875 5791 quidem
910 5734 973 5774 ac
994 5721 1127 5789 justi
1162 5720 1381 5779 fuerint.
1421 5715 1515 5778 sed
1549 5738 1657 5777 non
1700 5715 1928 5791 prorsus
1962 5721 2075 5791 pla-

504 5789 740 5857 cuerint,
766 5805 828 5844 ac
863 5794 1062 5861 partim
1088 5791 1246 5862 justi,
1274 5792 1476 5863 partim
1529 5789 1841 5863 peccatores
1874 5789 2073 5848 fuerint

2178 4567 2484 4640 ήβασιλεία
2541 4566 2634 4620 τοῦ
2688 4564 2924 4637 πονηροῦ
2977 4564 3254 4637 καθῃρέθη
3279 4604 3295 4629 ,
3351 4565 3616 4637 πρότερον
3665 4562 3755 4618 ἀεὶ

2179 4659 2384 4722 πάντας
2408 4657 2895 4729 αἰχμαλωτίζοντος
2923 4658 3017 4710 καὶ
3038 4657 3413 4728 δουλουμένου·
3436 4656 3513 4721 ὡς
3539 4656 3615 4727 μὴ
3634 4654 3748 4727 (49)

2175 4797 2398 4861 et’mali,
2430 4811 2530 4851 nos
2574 4812 2630 4850 1n
2675 4796 2793 4865 lege
2826 4797 3015 4865 gratiae
3072 4810 3179 4850 non
3215 4797 3392 4851 simus
3424 4813 3439 4862 ;
3503 4796 3747 4865 antiquis

2178 4869 2385 4922 sanctis
2417 4868 2675 4934 injurium
2701 4876 2807 4927 est,
2840 4868 3084 4936 nihilque
3130 4866 3567 4921 accommodum.
3601 4866 3748 4922 Nus-

2175 4955 2340 5008 quam
2368 4939 2450 4992 vel
2476 4939 2582 4991 illis
2609 4939 2690 4991 vel
2718 4938 2875 4991 nobis
2904 4939 3217 4998 defuerunt,
3237 4939 3441 5007 quibus
3456 4953 3565 4992 non
3597 4938 3746 4992 omni

2176 5025 2242 5064 ex
2276 5017 2428 5079 parte
2457 5008 2681 5077 perfecti
2716 5023 2907 5079 sumus
2932 5052 2947 5073 ,
2980 5008 3222 5078 quandiu
3252 5009 3421 5062 vitam
3460 5008 3745 5062 mortalem

2176 5078 2407 5133 vivimus
2436 5098 2448 5133 :
2479 5080 2667 5148 sicque
2695 5093 2796 5132 nec
2824 5078 3059 5133 dilectus
3092 5079 3396 5147 discipulus
3420 5079 3741 5149 placuisset,

2176 5152 2268 5219 qui
2302 5165 2361 5205 se
2388 5151 2502 5219 ipse
2526 5165 2589 5203 ac
2619 5150 2857 5218 reliquos
2891 5149 3076 5205 ﬁdeles
3124 5151 3411 5218 agnoscit,
3452 5165 3560 5203 non
3590 5151 3741 5203 omni

2175 5237 2241 5276 ex
2275 5221 2673 5292 partejustum.
2710 5220 2803 5274 sed
2831 5228 3110 5290 peccatum
3168 5220 3365 5292 habere
3391 5239 3406 5281 :
3434 5234 3498 5273 ac
3529 5220 3621 5289 qui
3649 5234 3744 5273 ne-

2176 5291 2401 5360 gaverit,
2435 5292 2786 5361 quantumvis
2816 5292 3118 5361 apostolus,
3146 5298 3201 5345 et
3239 5291 3290 5343 in
3326 5291 3588 5361 apostolis
3610 5305 3748 5358 pra:-

2176 5363 2430 5427 dilectus,
2467 5365 2648 5432 ipsum
2677 5377 2735 5416 se
2769 5362 3053 5432 seducere,
3077 5368 3130 5414 et
3151 5362 3431 5416 veritatem
3456 5362 3511 5415 in
3545 5376 3612 5415 eo
3634 5376 3744 5432 non

2176 5449 2299 5489 esse
2343 5431 2507 5488 sentit
2538 5432 2590 5497 (1
2615 5431 2776 5487 Joan.
2811 5451 2848 5498 ι,
2886 5432 2962 5502 8).
2995 5431 3275 5486 Neminem
3322 5447 3450 5497 ergo
3470 5431 3746 5502 placuisse

2175 5504 2371 5559 dixerit
2420 5503 2744 5559 Methodius.
2799 5501 3096 5572 Scriptum
3148 5502 3355 5572 phrasi,
3405 5502 3552 5570 quod
3583 5501 3744 5572 pauci

2178 5576 2503 5645 placuerint.
2536 5577 2790 5645 quodque
2819 5576 2854 5628 ii
2881 5576 2983 5643 ipsi
3006 5573 3099 5645 qui
3128 5573 3474 5645 placuerunt,
3517 5587 3645 5645 non_
3672 5587 3743 5627 ex

2178 5642 2311 5716 legis
2342 5646 2535 5701 merito
2556 5642 2909 5716 placuerunt,
2940 5643 3036 5699 sed
3060 5642 3141 5697 ex’
3176 5643 3377 5699 Christi
3404 5645 3600 5716 gratia,
3626 5642 3742 5711 jam

2176 5714 2290 5771 tum
2316 5734 2379 5772 ex
2412 5718 2515 5773 ﬁde
2542 5714 2838 5786 operanteL
2852 5716 2939 5786 cui
2962 5723 3145 5769 tantas
3173 5721 3486 5786 sanctorum
3508 5714 3745 5769 virtutes

2176 5805 2239 5846 ac
2272 5786 2516 5846 facinora
2551 5783 2777 5844 ascribit
2812 5783 3015 5842 Paulus
3043 5786 3247 5843 relatus
3278 5785 3346 5841 ad
3378 5783 3655 5849 Hebraeos,
3685 5791 3741 5838 et
