4150 6412
416 401 516 457 195

1499 390 1881 451 CONVIVIUM
1912 391 2140 449 DECEM
2174 388 2528 448 VIRGINUM.

409 523 519 576 τῶν
554 519 924 594 παλαιοτέρων
970 518 1262 593 εὐάρεστον
1300 518 1579 589 γεγονέναι
1610 518 1801 591 Κυρίῳ
1829 516 1940 572 τινὰ

2045 563 2054 579 ,
2080 522 2165 572 ret
2194 522 2249 572 et
2276 515 2553 573 addiceret
2607 534 2620 570 :

3548 400 3650 457 194

2675 513 2811 572 adeo
2838 522 2900 571 ut
2929 514 3114 571 nullus
3147 515 3514 587 antiquiorum
3538 518 3649 576 Do-

407 613 543 668 άλλά
572 613 779 679 πάντας
808 613 1234 687 ὲπικρατηθῆναι
1283 614 1635 685 πταίσμασιν,
1668 614 1731 667 ού
1769 612 1940 684 σφόδρ

2078 608 2228 664 mino
2256 610 2544 679 placuerit,
2579 607 2676 665 sed
2705 623 2896 665 omnes
2924 609 2981 664 iu
3028 608 3361 667 oﬁ‘ensiones
3392 612 3644 671 incurre-

404 705 501 761 τοῦ
538 705 702 777 νόμου
743 708 843 778 τῆς
876 706 1079 779 φθορᾶς
1113 705 1442 778 ἀρκέσαντος
1481 704 1839 777 ἐλευθερῶσαι
1869 704 1937 777 τὴ

2076 702 2222 769 rint;
2255 718 2378 757 cum
2412 703 2499 757 lex
2530 716 2640 757 non
2670 703 2791 774 ipsa
2822 703 2977 759 valde
3008 703 3077 758 ad
3105 703 3448 759 liberandum
3471 720 3646 776 genus

403 797 830 872 άνθρωπότητα,
872 798 1060 870 μέχρις
1098 799 1131 869 ἡ
1166 796 1433 869 παρθενία
1473 796 1829 868 διαδεξαμένη
1875 796 1940 850 τὸ

2075 795 2374 850 humanum
2405 810 2437 849 a
2466 796 2821 866 corruptione
2845 796 2990 867 potis
3019 794 3202 861 fuerit,
3250 795 3427 852 donec
3474 798 3646 869 virgi-

402 891 586 962 νόμον,
619 890 854 963 Χριστοῦ
896 893 1092 959 ταγαῖς
1126 891 1234 943 τῶν
1268 888 1568 961 ἀνθρώπων
1597 888 1963 944 ὲῦασίλευσεν.

401 983 478 1036 Οὐ
507 982 615 1055 γὰρ
641 982 706 1036 ἂν
734 982 905 1046 οὕτως
937 984 984 1036 οἱ
1036 980 1269 1055 πρόσθεν
1298 984 1378 1046 είς
1418 981 1596 1053 μάχας
1635 983 1730 1036 καὶ
1752 983 1964 1052 φόνους,

400 1074 494 1128 καὶ
542 1073 748 1145 ἔρωτας
796 1074 891 1129 καὶ
938 1073 1377 1146 είδωλολατρείας
1424 1073 1803 1128 συνελαύνοντο
1840 1074 1966 1127 πολ-

2074 888 2222 945 nitas
2254 888 2357 959 legi
2386 888 2709 954 succedens,
2752 888 2961 944 Christi
3007 888 3268 959 auspiciis
3310 895 3365 945 et
3406 890 3646 947 decretis

2074 979 2326 1035 homines
2374 981 2605 1051 imperio
2654 982 2921 1051 regendos
2964 983 3231 1054 suscepit.
3283 981 3471 1054 Neque
3510 998 3644 1040 vero

2070 1074 2231 1144 primi
2262 1074 2545 1128 hominum
2577 1074 2714 1129 adeo
2748 1073 2803 1129 in
2837 1089 3048 1146 pugnas
3080 1082 3134 1132 et
3174 1076 3371 1144 credes,
3406 1078 3463 1133 in
3490 1094 3641 1137 amo-

398 1165 574 1231 λάκις,
606 1168 654 1220 εί
686 1162 754 1238 ἧν
786 1166 1027 1238 αύτοῖςὴ
1060 1170 1125 1220 ἐκ
1156 1166 1264 1220 τῶν
1297 1168 1476 1237 νόμων
1508 1166 1789 1238 αὐτάρκης
1827 1166 1940 1238 πρὸς

2069 1183 2159 1223 res
2212 1175 2266 1223 et
2315 1160 2588 1235 libidines,
2639 1167 2918 1223 idolorum
2953 1170 3400 1241 superstitiosum
3428 1173 3637 1228 cultum

399 1260 670 1331 σωτηρίαν
699 1258 1029 1329 δικαιοσύνη.
1060 1259 1195 1312 Νυνὶ⁸
1214 1258 1271 1313 δὲ
1294 1259 1415 1313 τότε
1447 1259 1545 1330 μὲν
1574 1258 1836 1330 μεγάλαις
1869 1259 1963 1312 καὶ

398 1349 616 1415 πολλαῖς
647 1350 903 1415 πολλάκις
937 1349 1257 1421 ὲνεφύροντο
1296 1352 1603 1423 συμφοραῖς
1624 1367 1635 1379 ·
1674 1350 1766 1419 ἀφ’
1803 1342 1865 1402 οὗ
1903 1348 1960 1403 δὲ

393 1440 627 1515 Χριστὸς
654 1441 1059 1514 ὲνηνθρώπησε,
1090 1442 1185 1495 καὶ
1212 1442 1480 1514 παρθενίᾳ
1522 1441 1620 1513 τὴν
1654 1441 1834 1512 σάρκα
1867 1457 1958 1494 κο-

395 1538 609 1608 σμήσας
632 1535 887 1601 ῶπλισεν,
907 1539 936 1591 ὁ
962 1523 1341 1608 ὠμοτύραννος
1364 1535 1546 1607 ἄρχων
1574 1534 1675 1604 τῆς
1690 1533 1958 1606 ἀκρασίας

392 1629 580 1701 ᾑρέθη,
613 1629 709 1682 καὶ
755 1629 946 1701 εἰρήνη
979 1629 1073 1681 καὶ
1119 1628 1299 1693 πίστις
1349 1630 1577 1700 κρατεῖ,
1618 1626 1798 1680 οὐκέτι
1849 1627 1958 1682 τῶν

391 1718 690 1791 ἀνθρώπων
720 1720 981 1785 ὡσαύτως
1004 1720 1355 1793 τρεπομένων
1388 1722 1467 1783 είς
1496 1717 1952 1791 είδωλολατρείαν,

386 1809 577 1884 ῶσπερ
606 1813 700 1867 καὶ
724 1812 909 1867 πάλαι.

2068 1259 2375 1330 praecipites
2398 1260 2597 1331 saepius
2629 1260 3025 1327 cucurrissent,
3078 1262 3125 1318 si
3167 1261 3383 1332 justitia
3409 1278 3531 1334 quae
3568 1279 3635 1319 ex

2065 1352 2277 1424 legibus
2305 1361 2444 1418 erat,
2472 1353 2745 1410 sulliciens
2765 1355 2846 1411 eis
2879 1354 3072 1411 fuisset
3118 1355 3185 1410 ad
3226 1358 3478 1413 salutem.
3498 1342 3633 1414 ‘Jam

2064 1459 2217 1512 vero,
2250 1453 2382 1501 tunc
2406 1446 2626 1517 quidem
2657 1447 2870 1518 magnis
2898 1447 3047 1519 ipsos
3067 1449 3385 1520 crebrisque
3414 1450 3635 1507 calami-

2066 1540 2270 1595 tatibus
2298 1541 2568 1597 immistos
2614 1540 2783 1597 fuisse
2817 1540 3063 1598 videmus
3112 1561 3125 1597 :
3179 1558 3244 1599 ex
3279 1559 3389 1614 quo
3449 1551 3631 1601 autem

2062 1630 2319 1688 Christus
2378 1632 2700 1688 incarnatus
2751 1641 2856 1698 est,
2915 1644 2969 1689 et
3020 1634 3333 1705 virginitate
3378 1645 3631 1692 ornatam

2062 1738 2283 1779 carnem
2316 1726 2580 1792 armavit;
2610 1723 2850 1803 crpdelis
2882 1733 3147 1796 tyrannus
3198 1728 3632 1798 intemperantia:

2060 1816 2315 1888 princeps
2346 1817 2597 1872 sublatus
2649 1825 2751 1882 est,
2787 1827 2843 1874 et
2884 1833 2991 1889 pax
3020 1818 3263 1890 ﬁdesque
3310 1819 3476 1891 viget,
3516 1834 3628 1874 non

2058 1911 2171 1982 jam
2185 1918 2244 1967 ut
2257 1920 2382 1967 ante
2397 1912 2451 1967 in
2464 1913 2670 1968 cultum
2688 1914 2952 1969 idolorum
2969 1929 3143 1986 prono
3155 1915 3393 1972 humano
3406 1928 3625 1989 genere.

803 2048 930 2106 CAP.
956 2049 1022 2105 ll.
1047 2048 1220 2105 Locus
1248 2049 1379 2106 Jud.
1410 2068 1486 2117 Ix,
1513 2051 1667 2116 8-15,
1685 2065 1967 2121 expensus.
2009 2047 2276 2104 Arborum
2300 2066 2467 2121 regem
2501 2051 2887 2120 exposcentium
2922 2050 3200 2122 allegoria.

464 2189 605 2244 Ἀλλ’
637 2189 724 2244 ἵνα
769 2189 844 2263 μὴ
874 2188 1009 2257 δόξω
1050 2206 1160 2243 τισι
1198 2188 1541 2260 σοφίζεσθαι,
1573 2190 1668 2245 καὶ
1707 2190 1816 2244 ἀπὸ
1846 2189 1940 2245 τῶι

2131 2187 2242 2245 Sed
2272 2194 2343 2245 ne
2373 2190 2463 2245 cui
2512 2191 2704 2247 videar
2732 2192 3033 2262 sophistica
3066 2194 3305 2263 grassari
3351 2202 3489 2261 arte,
3521 2211 3624 2251 ex-

381 2284 608 2339 είκότων
631 2282 1025 2355 τεκμαίρεσθαι
1064 2280 1237 2336 ταῦτα
1281 2283 1375 2335 καὶ¹
1412 2282 1714 2355 φληναφᾷν,
1747 2283 1811 2337 ἐκ
1854 2282 1953 2354 τῆς

349 2409 353 2413 -
380 2376 612 2441 παλαιᾶς
638 2377 785 2446 ὑμῖν,
804 2369 847 2427 ὦ
864 2374 1149 2447 Παρθένοι,
1175 2374 1330 2443 κάγὼ
1352 2374 1659 2446 παρέξομαι
1678 2372 1953 2445 Διαθήκης

378 2467 647 2541 ἔγγραφον
678 2467 1035 2539 προφητείαν,
1067 2465 1142 2531 ὼς
1167 2466 1337 2538 ἀληθῆ
1359 2466 1523 2536 λέγω,
1558 2466 1685 2530 τοὺς
1710 2466 1913 2539 Κριτάς
1931 2482 1946 2497 ⁸

377 2560 505 2615 ἔνθα
540 2559 789 2631 φανερῶς
817 2561 850 2630 ή
896 2557 1138 2628 βασιλεία
1183 2558 1284 2628 τῆς
1314 2558 1535 2626 ἁγνείας
1566 2558 1665 2630 ἤδη
1710 2575 1950 2630 προκατ-

375 2650 626 2722 ήγγελτο.
656 2649 793 2719 Φησὶ
833 2649 971 2720 γάρ·
1008 2648 1384 2717 Πορευόμενα
1430 2646 1846 2715 ἐπορεύθησαν
1878 2644 1950 2699 τὰ

374 2741 531 2808 ξύλα
554 2742 660 2796 τοῦ
690 2741 896 2810 χρίσαι
922 2740 1014 2809 ἐφ’
1039 2738 1267 2793 ἑαυτῶν
1292 2739 1586 2805 βασιλέα·
1631 2738 1730 2793 καὶ
1777 2734 1949 2793 εἷπον

369 2832 451 2904 τῇ
479 2833 681 2900 Ἐλαίᾳ
700 2849 712 2863 ·
755 2833 1139 2886 Βασίλευσον
1163 2831 1255 2901 ἐφ’
1285 2829 1461 2902 ἡμᾶς.
1495 2832 1603 2885 Kal
1640 2828 1808 2886 εἶπεν
1836 2832 1945 2885 αὐ-

370 2934 496 3002 τοῖς
524 2937 563 3005 ἠ
592 2933 817 2988 Ἐλαὶαο
850 2932 1093 3003 Ἀφεῖσα
1129 2932 1243 3001 τὴν
1273 2929 1522 3000 πιότητά
1547 2949 1687 3001 μου,
1713 2931 1794 3001 ἢν
1812 2933 1944 2987 ἐδό-

372 3029 563 3094 ξασεν
586 3031 618 3081 ό
637 3025 781 3092 Θεὸς
808 3026 903 3079 καὶ
928 3029 979 3080 οἱ
1002 3023 1315 3093 ἄνθρωποι,
1333 3022 1598 3093 πορευθῶ
1611 3022 1817 3094 ᾅρχειν
1827 3023 1946 3077 τῶν

368 3120 602 3188 Eiidem;
630 3119 727 3175 Kal
757 3116 928 3173 εἷπον
944 3118 1014 3172 τὰ
1030 3117 1186 3183 ξύλα
1204 3115 1399 3172 πάντα
1422 3115 1497 3187 τῇ
1512 3116 1676 3186 Συκῇ
1691 3134 1703 3146 ·
1739 3117 1939 3185 Δεῦρο,

364 3215 746 3280 ,ϐασίλευσον
774 3214 865 3283 ἐφ’
903 3213 1079 3284 ἡμᾶς.
1109 3214 1217 3268 Kal
1252 3210 1419 3268 εἶπεν
1448 3213 1651 3280 αὐτοῖς
1685 3215 1723 3282 ἡ
1754 3213 1938 3283 Συκῆ’

378 3307 615 3375 Ἁφεῗσα
628 3306 742 3375 τὴν
762 3306 1102 3377 γλυκύτητά
1118 3325 1236 3377 μου
1252 3307 1351 3361 καὶ
1380 3306 1445 3361 τὸ
1462 3306 1727 3376 γέννημα
1742 3325 1858 3377 μου
1873 3306 1940 3360 τὸ

364 3397 612 3467 ἀγαθὸν,
640 3398 907 3467 πορευθῶ
944 3399 1152 3469 ἄρχειν
1187 3398 1306 3452 τῶν
1349 3400 1551 3464 ξύλων
1571 3416 1590 3464 ;
1634 3395 1742 3453 Keil
1771 3396 1943 3452 εἷπον

365 3489 439 3543 τὰ
467 3489 626 3553 ξύλα
662 3489 738 3558 τῇ
770 3489 1057 3560 Ἄμπέλῳ·
1090 3492 1472 3545 Βασίλευσον
1496 3493 1589 3560 ἐφ’
1619 3489 1794 3560 ἡμᾶς.
1829 3489 1937 3544 Kal

2055 2297 2164 2352 que
2192 2282 2573 2353 probabilibus
2627 2283 2743 2338 haec
2800 2283 3121 2353 coniectari,
3158 2301 3222 2340 ac
3249 2300 3388 2341 vana
3414 2287 3624 2358 jactare

2051 2389 2152 2445 pro
2180 2375 2391 2438 solidis,
2426 2390 2494 2431 ex
2534 2377 2700 2431 veteri
2752 2376 2929 2439 vobis,
2961 2392 2995 2431 o
3023 2378 3285 2448 virgines,
3315 2387 3370 2435 et
3393 2395 3493 2453 ego
3521 2380 3625 2438 Te-

2050 2475 2341 2533 stamento,
2380 2469 2642 2538 scriptam
2669 2468 3035 2539 prophetiam,
3081 2471 3201 2540 ejus
3247 2488 3407 2543 quam
3438 2481 3623 2530 statuo

2048 2559 2298 2614 veritatis
2323 2558 2684 2615 indubitatum
2701 2562 3095 2629 testimonium,
3122 2579 3186 2619 ex
3209 2564 3347 2619 libro
3365 2563 3618 2622 Judieum

2048 2650 2295 2718 aﬂ‘eram,
2330 2653 2422 2708 ubi
2454 2654 2601 2709 clare
2631 2655 2901 2712 castitatis
2944 2672 3171 2728 regnum
3206 2659 3334 2713 olim
3373 2659 3617 2715 futurum

2046 2745 2541 2814 praenuntiabatur.
2564 2744 2655 2801 Sic
2681 2748 2825 2801 enim
2853 2748 3049 2819 legitur
3075 2749 3120 2782 ⁸⁹
3157 2768 3170 2803 :
3205 2748 3394 2806 Eundo
3415 2753 3620 2808 iverunt

2049 2837 2213 2908 ligna,
2247 2847 2306 2891 ut
2330 2847 2578 2910 ungerent
2615 2856 2771 2909 super
2794 2857 2849 2894 se
2882 2857 3050 2911 regem
3078 2858 3096 2896 :
3126 2843 3471 2913 dixeruntque
3495 2843 3618 2900 Oli—

2045 2946 2121 2984 va:
2147 2945 2166 2983 :
2199 2928 2378 3000 Regna
2408 2946 2565 3000 super
2584 2948 2704 2988 nos.
2738 2931 2807 2986 Et
2832 2933 2968 2987 dixit
2990 2935 3065 2989 eis
3099 2934 3252 2990 Oliva
3285 2952 3303 2990 :
3362 2934 3616 3007 Nunquid

2046 3023 2411 3088 derelinquens
2469 3023 2834 3095 pinguedinem
2875 3043 3047 3080 meam
3100 3044 3257 3098 quam
3300 3028 3614 3099 gloriﬁcavit

2045 3115 2189 3171 Deus
2212 3126 2261 3172 et
2285 3116 2539 3177 homines.
2564 3117 2648 3172 ibo
2672 3127 2728 3171 ut
2760 3118 2915 3188 lignis
2945 3120 3227 3189 imperem?
3260 3120 3618 3193 vixeruntque

2046 3209 2190 3277 ligna
2217 3210 2461 3264 universa
2493 3208 2562 3263 ad
2584 3207 2771 3263 Ficum
2806 3226 2824 3264 :
2862 3210 3010 3274 Veni,
3040 3229 3201 3282 regna
3222 3228 3376 3282 super
3403 3231 3518 3268 nos.
3544 3213 3616 3269 Et

2043 3300 2181 3354 dixit
2212 3302 2288 3356 eis
2316 3299 2478 3355 Ficus
2516 3317 2536 3356 :
2568 3300 2825 3372 Nunquid
2874 3301 3237 3373 derelinquens
3288 3305 3614 3362 dulcedinem

2042 3411 2211 3448 meam
2231 3403 2279 3448 et
2311 3394 2549 3464 genimen
2600 3410 2771 3448 meum
2805 3393 3016 3457 bonum,
3051 3394 3134 3449 ibo
3166 3406 3222 3449 ut
3253 3398 3411 3468 lignis
3444 3400 3614 3470 impe-

2042 3486 2195 3540 rem?
2226 3484 2293 3538 Et
2322 3485 2571 3540 dixerunt
2593 3485 2735 3556 ligna
2767 3483 2835 3538 ad
2880 3484 3046 3539 Vitem
3068 3502 3086 3538 :
3113 3485 3287 3556 Regna
3311 3502 3465 3556 super
3493 3506 3608 3546 nos.

363 3576 533 3636 εἶπεν
571 3582 776 3649 αὐτοῖς
803 3584 841 3650 ἠ
868 3583 1187 3652 Ἀμπελοςο
1220 3583 1455 3652 Ἀφεῖσα
1481 3582 1588 3636 τὸν
1610 3580 1778 3636 οἶνόν
1794 3600 1935 3651 μου,

2045 3576 2114 3631 Et
2173 3576 2311 3632 dixit
2349 3578 2424 3633 eis
2483 3576 2618 3632 Vitis
2666 3592 2685 3631 :
2732 3575 2989 3646 Nunquid
3023 3576 3384 3649 derelinquens
3434 3580 3610 3637 vinum

365 3671 479 3740 τὴν
504 3674 888 3743 εὐφροσύνην
913 3674 1032 3727 τῶν
1052 3676 1396 3744 ἀνθρώπων,
1427 3676 1695 3746 πορευθῶ
1731 3675 1939 3745 ἄρχειν

363 3762 482 3816 τῶν
502 3762 737 3827 linitur;
766 3764 874 3817 Kal
897 3761 1069 3818 εἷπον
1090 3766 1162 3820 τὰ
1178 3765 1334 3830 ξύλα
1352 3767 1502 3836 πρὸς
1526 3767 1640 3836 τὴν
1660 3765 1931 3835 Ῥάμνον·

362 3854 567 3923 Δεῦρο,
590 3846 976 3920 ,βασίλευσον
1021 3857 1114 3926 ἐφ’
1155 3856 1331 3927 ἡμᾶς.
1378 3859 1488 3914 Kal
1515 3856 1685 3914 εἶπεν
1717 3864 1755 3931 ἡ
1808 3862 1937 3916 Ῥά-

356 3963 510 4019 prec
540 3947 689 4016 πρὸς
728 3946 801 4002 τὰ
854 3948 1045 4013 ξύλα·
1095 3952 1163 4003 El
1208 3950 1279 4004 ἐν
1320 3951 1570 4019 ἀληθείᾳ
1621 3952 1817 4021 χρίετέ
1860 3970 1936 4021 με

360 4038 531 4109 ὑμεῖς
555 4042 642 4106 εὶς
661 4040 928 4105 ,ϐασιλέα
953 4042 1047 4111 ἐφ’
1070 4040 1247 4111 ὑμᾶς,
1285 4042 1479 4107 δεῦτε,
1511 4045 1834 4099 steatomate
1865 4046 1936 4100 ἐν

359 4129 436 4200 τῇ
461 4130 660 4201 σκέπῃ
693 4148 850 4201 μου’
901 4135 953 4187 ει
991 4132 1099 4203 μὴ,
1127 4133 1346 4203 ἐξέλθῃ
1387 4135 1507 4204 πῦρ
1546 4137 1616 4190 ἐκ
1644 4135 1753 4204 τῆς
1806 4138 1934 4192 Ῥά-

355 4240 535 4294 grav,
565 4225 662 4278 καὶ
695 4224 1009 4295 καταφάγῃ
1039 4225 1145 4292 τὰς
1173 4225 1425 4295 κέδρους
1454 4228 1561 4283 τοῦ
1580 4228 1860 4287 Λιϐάνου.

431 4316 617 4371 Ταῦτα
635 4316 692 4371 δὲ
715 4318 798 4371 ὅτι
827 4317 899 4389 μὴ
934 4318 1062 4391 περὶ
1092 4317 1263 4385 ξύλων
1287 4318 1396 4375 τῶν
1425 4322 1490 4374 ὲκ
1517 4322 1619 4394 γῆς
1647 4322 1934 4394 φυομένων

361 4409 552 4482 ἐλέχθη
573 4452 588 4478 ,
643 4410 827 4480 σαφές.
876 4412 950 4465 Οὐ
1004 4412 1112 4483 γάρ
1162 4415 1220 4466 ὲν
1254 4414 1466 4478 ἑαυτοῖς
1513 4414 1583 4469 τὰ
1628 4414 1820 4487 δένδρα
1865 4415 1932 4470 τὰ

358 4501 543 4573 ἀψυχα
597 4504 1041 4574 χειροτονήσοντα
1094 4502 1318 4574 βασιλέα
1384 4507 1714 4580 συνήρχοντο
1735 4547 1750 4572 ,
1814 4511 1933 4573 ταῖς

361 4592 539 4667 ῥίζαις
588 4597 669 4658 είς
700 4592 798 4666 τὴν
844 4594 949 4665 γῆν
997 4596 1487 4668 κατεστηλωμένα·
1537 4599 1672 4653 ἀλλὰ
1715 4601 1933 4666 πάντως

358 4685 488 4758 περὶ
515 4684 702 4756 ψυχῶν
738 4687 1025 4758 ἱστορεῖται
1055 4689 1228 4743 ταῦτα
1246 4730 1261 4755 ,
1306 4689 1363 4744 αἶ
1394 4690 1502 4763 πρὸ
1531 4693 1630 4762 τῆς
1661 4693 1931 4766 ὲνανθρω-

357 4779 577 4851 πήσεως
604 4778 700 4832 τοῦ
738 4779 997 4853 Χριστοῦ,
1044 4781 1560 4856 καθυλομανήσασαι
1596 4790 1709 4850 τοῖς
1749 4804 1930 4860 παρα-

2041 3686 2211 3724 meum
2236 3669 2376 3740 quod
2404 3678 2483 3724 est
2510 3668 2700 3724 lwtitia
2741 3668 3035 3734 hominum,
3067 3668 3151 3722 ibo
3179 3679 3237 3723 ut
3263 3671 3511 3739 imperem
3540 3673 3613 3727 li-

2038 3764 2195 3833 gnis?
2229 3761 2587 3832 Dixeruntque
2614 3762 2756 3832 ligna
2785 3760 2854 3815 ad
2882 3760 3223 3816 Rhamnum:
3265 3762 3413 3827 Veni,
3442 3781 3604 3836 regna

2036 3869 2192 3922 super
2215 3871 2329 3909 nos.
2358 3853 2425 3906 Et
2459 3854 2594 3906 dixit
2625 3851 2895 3907 Rhamnus
2918 3852 2987 3906 ad
3014 3853 3195 3925 ligna:
3230 3853 3292 3910 Si
3314 3855 3367 3908 in
3394 3857 3613 3912 veritate

2035 3946 2229 4015 ungitis
2253 3962 2333 3999 me
2372 3945 2425 3999 in
2462 3960 2651 4015 regem,
2678 3946 2865 4011 venite,
2904 3944 3153 4015 conﬁdite
3192 3947 3246 4000 in
3287 3949 3610 4022 protectione

2034 4056 2188 4103 mea;
2218 4040 2302 4094 sin
2331 4030 2528 4103 minus,
2559 4038 2860 4110 egrediatur
2881 4040 3016 4111 ignis
3045 4040 3110 4095 de
3131 4038 3391 4105 Rhamno,
3429 4050 3479 4097 et
3513 4042 3610 4100 de-

2034 4141 2173 4187 voret
2206 4130 2390 4187 cedrus
2419 4130 2631 4186 Libani.

2101 4309 2276 4366 Porro
2291 4310 2407 4367 haec
2435 4309 2504 4365 de
2534 4310 2827 4367 arboribus
2855 4325 2888 4366 e
2916 4317 3062 4366 terra
3080 4310 3438 4368 nascentibus
3457 4311 3603 4369 dicta

2029 4421 2143 4460 non
2174 4420 2319 4469 esse,
2355 4406 2529 4461 cuivis
2567 4404 2917 4460 manifestum
2949 4411 3055 4461 est.
3082 4403 3267 4476 Neque
3294 4404 3440 4460 enim
3469 4406 3606 4463 stir-

2031 4514 2128 4570 pes
2154 4498 2424 4555 inanimes
2454 4499 2513 4553 in
2541 4499 2834 4555 concilium
2855 4499 2975 4571 cogi
2998 4506 3246 4570 potuere,
3270 4498 3447 4570 deque
3474 4514 3604 4572 rege

2031 4587 2283 4658 eligendo
2327 4587 2650 4652 deliberare,
2683 4602 2806 4659 qua:
2849 4588 2975 4645 altis
3020 4589 3138 4644 solo
3171 4588 3450 4646 radicibus
3482 4588 3604 4646 ﬁxa

2032 4680 2295 4737 haereant.
2326 4678 2564 4735 Omnino
2587 4688 2769 4735 autem
2801 4681 2918 4736 haec
2946 4682 3014 4736 de
3037 4680 3324 4738 animabus
3348 4682 3602 4739 institute

2030 4773 2281 4829 narratio
2311 4782 2417 4841 est,
2447 4787 2569 4844 qua:
2601 4780 2728 4828 ante
2755 4771 2959 4829 Christi
2980 4771 3440 4841 incarnationem,
3474 4788 3602 4846 gra-

357 4870 634 4943 πτώμασι,
682 4875 972 4945 προσιᾶσιν
1009 4870 1188 4930 οἶκτον
1231 4878 1411 4933 αὐτῶν
1452 4879 1698 4947 ἀξιοῦσαι
1744 4881 1928 4937 λαβεῖν
1959 4913 2004 4968 D
2031 4866 2154 4923 vius
2180 4865 2398 4922 delictis
2417 4865 3058 4938 eluxuriataa,suppliees
3106 4867 3173 4925 ad
3223 4866 3394 4923 Deum
3445 4882 3603 4925 acce-

356 4963 448 5017 τὺν
477 4965 629 5031 Θεὸν,
664 4967 757 5020 καὶ
785 4965 1098 5037 βασιλεῦσαι
1129 4969 1220 5024 τὸν
1240 4970 1389 5025 ἔλεον
1418 4973 1512 5027 καὶ
1539 4974 1636 5046 τὴν
1659 4974 1929 5043 εὐσπλαγ-

359 5055 533 5126 χνίαν,
570 5056 637 5129 ἠν
674 5057 891 5121 Ἐλαίας
921 5057 1076 5130 τύπῳ
1106 5061 1413 5133 παρέλαϐεν
1448 5065 1482 5135 ὴ
1510 5064 1722 5136 Γραφὴ,
1753 5064 1840 5119 διὰ
1866 5065 1928 5119 τὸ

354 5145 571 5217 ἀρωγὸν
613 5147 674 5200 τὸ
704 5147 883 5203 ἔλαιον
915 5149 1180 5220 σωμάτων
1217 5146 1377 5217 εἶναι,
1408 5155 1503 5207 καὶ
1535 5154 1792 5227 λυτήριον
1825 5173 1926 5209 κα·-

359 5236 543 5307 μάτων
567 5238 661 5291 καὶ
681 5238 880 5303 πόνων,
918 5238 1094 5309 φωτός
1117 5256 1175 5292 τε
1207 5243 1556 5313 παρεκτικόν.
1596 5244 1789 5316 Ἑλαίῳ
1814 5243 1924 5316 γὰρ

357 5328 756 5400 καταρδόμενον
766 5331 892 5406 ⁴πᾶν
916 5329 978 5383 τὸ
1004 5329 1273 5402 λυχνιαῑον
1295 5331 1515 5401 αὒξεται
1539 5335 1698 5400 σέλας
1714 5352 1729 5367 ·
1761 5335 1924 5408 λυτή-

413 5483 461 5517 ⁸⁹
487 5482 619 5539 .Iud.
642 5499 720 5550 sx,
744 5483 899 5541 8-15.

355 5655 461 5713 qua
492 5640 704 5711 ipsaad
745 5638 953 5713 Novum
972 5643 1084 5712 jam
1120 5642 1526 5699 Testamentum
1559 5641 1915 5713 spectabant:

355 5712 718 5786 insinuatque
752 5712 1076 5786 Methodius,
1112 5714 1331 5786 quibus
1376 5712 1672 5786 subdit.:06
1693 5712 1922 5786 ,σφοδρά

352 5797 447 5835 του
484 5780 652 5858 νόμου
704 5783 768 5858 ex
805 5781 904 5852 τῆς
948 5780 1163 5858 φθορᾶς
1191 5782 1525 5858 ἀρκέσαντος
1559 5780 1920 5858 ἐλευθερῶσαι

353 5861 450 5925 την
477 5852 891 5925 ἀνθρωπότητα,
916 5852 1033 5908 cum
1058 5852 1141 5910 lea:
1167 5852 1270 5910 non
1297 5853 1448 5910 valde
1472 5856 1610 5925 potis
1632 5852 1818 5924 [αἰτέει
1850 5852 1920 5910 ad

2033 4962 2172 5017 dunt
2213 4974 2279 5015 ac
2334 4960 2678 5016 clementiam
2719 4969 2950 5032 rogant;
3001 4960 3500 5032 misericordiaque
3533 4975 3600 5017 ac

2034 5053 2278 5111 lenitatis
2310 5052 2542 5123 imperio
2570 5052 2706 5124 regi,
2738 5068 2901 5124 quam
2956 5051 3241 5125 Scriptura
3291 5052 3395 5110 sub
3442 5053 3602 5111 olive

2031 5149 2203 5219 ﬁgura
2231 5147 2521 5218 expressit,
2558 5147 2884 5219 efﬂagitant;
2919 5148 3127 5204 idcirco
3154 5146 3599 5217 nimirum,quod

2028 5242 2206 5297 oleum
2233 5240 2462 5295 multum
2491 5240 2667 5310 prosit
2688 5240 3031 5311 corporibus,
3067 5239 3391 5309 laboresque
3414 5253 3477 5293 ac
3498 5238 3599 5294 do-

2028 5334 2175 5390 lores
2217 5332 2503 5400 dissolvat,
2559 5337 2615 5388 et
2670 5331 2740 5387 ad
2790 5332 2977 5388 iumen
3029 5329 3278 5386 sutiiciat.
3320 5328 3598 5402 Quidquid

2028 5642 2358 5698 liberandum
2406 5628 2697 5699 humanum
2754 5660 2916 5714 genus
2962 5632 3005 5699 al
3044 5644 3378 5714 corruptione
3411 5660 3433 5703 :
3486 5643 3598 5704 hoc

2027 5728 2139 5770 uno
2165 5714 2677 5788 conducens.‘quod
2710 5714 2778 5771 ad
2811 5715 3089 5788 Christum
3119 5717 3396 5788 dirigeret,
3442 5718 3601 5788 ejus-

2027 5799 2136 5856 que
2159 5800 2266 5841 una
2299 5787 2475 5858 gratia
2496 5785 2784 5843 liberatum
2818 5787 2886 5842 iri
2914 5786 3185 5845 hominem
3210 5785 3448 5845 doceret.
