4150 6472
509 423 620 479 195

1482 414 1539 472 S.
1584 411 1912 471 METHODII
1947 409 2250 467 EPISCDPI
2290 409 2377 464 ET
2416 408 2776 465 MARTYRIS

3638 409 3740 466 196

507 555 653 596 enim
681 540 1022 593 lucernarum
1065 535 1289 591 luminis
1318 542 1424 599 est,
1457 534 1511 589 id
1539 551 1668 590 vero
1707 535 1925 589 trrorati
1957 534 2061 589 olei

2170 546 2271 601 ριοι
2307 528 2364 581 δὲ
2405 542 2624 592 παντως
2651 529 2747 583 καὶ
2791 529 2840 581 οἱ
2885 528 2977 583 τοῦ
3015 528 3152 582 Θεοῦ
3183 528 3457 601 οἰκτιρμοί.
3486 526 3741 591 θανάτου,

508 632 708 704 pabulo
759 628 1087 685 concrescit.
1139 628 1231 684 Dei
1278 642 1496 698 quoque
1554 642 1781 697 prorsus
1838 627 2061 682 misera.

506 724 685 778 tiones
716 729 945 776 mortem
989 728 1043 776 et
1074 729 1295 791 peccata
1342 720 1668 783 dissolvunt,
1720 719 2063 788 humanoque

504 813 689 886 generi
713 813 953 883 proclive
986 813 1346 883 opitulantur,
1397 826 1465 866 ac
1516 812 1773 866 alimenta
1824 810 2064 881 praebent

505 905 613 961 luci
659 906 864 961 cordis.
919 905 1019 970 Ac,
1068 922 1273 975 quaeso,
1309 905 1654 961 considerate
1688 921 1814 959 num
1847 904 1991 973 leges
2032 918 2063 957 a

504 992 682 1063 primo
704 994 921 1048 homine
943 994 1164 1049 condito
1197 994 1264 1047 ad
1294 993 1575 1050 Christum
1611 995 1866 1063 deinceps
1916 992 2065 1047 Scri-

507 1094 670 1156 ptura
690 1086 800 1140 illis
815 1086 997 1141 verbis
1027 1085 1332 1157 significare
1354 1085 1609 1148 voluerit,
1641 1085 1842 1156 quibus
1875 1084 2064 1138 diabo-

508 1179 596 1233 lus
625 1179 917 1233 contrariis
949 1178 1218 1249 figmentis
1259 1177 1555 1232 humanum
1604 1193 1774 1248 genus
1828 1176 2060 1232 seduxit.

507 1270 587 1325 Ac
617 1269 805 1325 Ficum
846 1269 1060 1339 quidem
1114 1276 1382 1339 pmcepto
1433 1269 1787 1338 comparavit,
1834 1269 1979 1338 quod
2008 1270 2064 1323 in

508 1358 764 1433 paradiso
794 1361 976 1415 datum
1007 1370 1090 1416 est
1120 1361 1346 1423 homini,
1377 1361 1525 1430 quod
1570 1360 1617 1414 is
1644 1362 1923 1422 seductus,
1962 1377 2065 1414 nu—

507 1452 733 1509 ditatem
766 1453 898 1507 ticus
943 1452 1087 1507 foliis
1113 1453 1354 1507 contexit
1380 1453 1448 1507 '°.
1498 1452 1671 1507 Vitem
1694 1462 1873 1508 autem
1906 1454 1974 1508 ad
2008 1452 2063 1507 id

507 1544 716 1609 retulit,
750 1542 892 1613 quod
934 1542 1126 1596 diluvii
1155 1550 1395 1612 tempore
1445 1542 1557 1598 Noe
1612 1542 1798 1597 datum
1847 1550 1950 1606 est,
2000 1557 2065 1597 eo

508 1633 653 1704 quod
683 1633 774 1686 ille
805 1632 931 1686 vino
958 1632 1190 1702 sopitus,
1218 1633 1415 1687 irrisus
1454 1639 1537 1686 est
1580 1632 1647 1683 9‘.
1682 1630 1832 1685 Oliva
1868 1630 2068 1686 Mosai-

509 1739 628 1780 cam
652 1724 822 1793 legem
857 1722 1147 1793 significat,
1177 1723 1359 1778 datam
1383 1724 1437 1777 in
1460 1722 1701 1791 deserto;
1751 1724 1896 1794 quod
1925 1724 2067 1778 vide-

508 1816 635 1872 licet
682 1814 1000 1885 prophetica
1060 1816 1253 1886 gratia,
1314 1825 1562 1872 sanctum
1622 1819 1812 1888 utique
1859 1818 2061 1881 oleum,

2170 621 2262 673 καὶ
2301 621 2507 692 ἀρωγοὶ
2540 621 2637 691 τῆς
2669 620 3105 693 ἀνθρωπότητος,
3141 621 3235 674 καὶ
3262 619 3356 673 τοῦ
3390 619 3489 689 τῆς
3517 619 3743 691 καρδίας

2169 712 2344 780 φωτὸς
2372 712 2672 783 θρεπτικοί.
2711 713 2817 765 Καὶ
2861 711 3228 782 ἐπισκέψασθε
3266 713 3473 783 μήποτε
3505 710 3604 773 τὰς
3633 711 3744 765 ἀπὸ

2168 802 2260 856 τοῦ
2309 804 2731 876 πρωτοπλάστου
2789 804 2947 875 μέχρι
2997 804 3091 857 τοῦ
3141 804 3377 876 Χριστοῦ
3425 803 3661 875 καθεξῆς
3707 805 3743 875 ἡ

2169 892 2358 965 Γραφὴ
2388 892 2707 963 νομοθεσίας
2760 892 2939 963 δηλοῖ,
2973 887 3048 947 ὧν
3091 894 3121 945 ὁ
3164 893 3407 957 διάϐολος
3456 893 3745 963 άντίμιμος

2170 983 2477 1056 ἐξηπάτησε
2512 985 2788 1056 πλάσμασι
2808 987 2868 1038 τὸ
2887 986 2992 1039 τῶν
3010 987 3105 1040 ἀνθ
3114 986 3308 1059 ρώπων
3326 988 3499 1055 γένος’
3519 986 3617 1057 τὴν
3644 986 3744 1058 μὲν

2169 1079 2345 1149 Συκῆν
2378 1078 2752 1142 άπεικάζουσα
2781 1080 2845 1148 τῇ
2874 1077 3015 1131 κατά
3043 1079 3131 1131 τὸν
3166 1079 3488 1150 παράδεισον
3529 1078 3745 1152 δοθείσῃ

2168 1169 2244 1240 τῷ
2272 1169 2540 1240 ἀνθρώπῳ
2561 1169 2744 1239 ἐντολῇ
2762 1186 2774 1198 ·
2807 1170 2992 1240 ἐπειδὴ
3015 1170 3111 1241 τὴν
3139 1171 3417 1241 γύμνωσιν
3445 1171 3744 1242 ἀπατηθεὶς

2168 1258 2323 1325 οὗτος
2367 1262 2617 1326 πετάλοις
2657 1262 2969 1331 ἀπεκάλυψε
3002 1264 3190 1329 συκῆς.
3225 1263 3336 1334 Τὴν
3363 1263 3422 1315 δὲ
3448 1263 3742 1334 Ἄμπελον,

2167 1357 2232 1424 τῇ
2262 1353 2351 1405 ἐπὶ
2380 1353 2472 1405 τοῦ
2503 1353 2885 1423 κατακλυσμοῦ
2911 1353 2989 1423 τῷ
3015 1353 3158 1415 Νῶε,
3187 1354 3272 1406 διὰ
3300 1355 3361 1407 τὸ
3392 1354 3518 1425 οἴνῳ
3549 1371 3743 1426 κοιμη-

2170 1444 2361 1510 θέντα,
2406 1445 2783 1517 χλευασθῆναι.
2820 1446 2928 1516 Τὴν
2972 1446 3029 1499 δὲ
3071 1446 3321 1511 Ἐλαίαν,
3364 1452 3430 1518 τῇ
3473 1450 3613 1502 κατὰ
3645 1448 3743 1520 τὴν

2168 1537 2372 1609 ἔρημον
2404 1538 2480 1608 τῷ
2511 1540 2760 1592 Μωῦσεῖ·
2800 1535 2983 1610 ὲπεὶδὴ
3009 1540 3068 1591 τὸ
3098 1540 3341 1610 χάρισμα
3368 1541 3429 1593 τὸ
3473 1558 3741 1614 προφητι-

2170 1631 2285 1693 κὸν,
2309 1630 2485 1683 ἔλαιον
2514 1630 2575 1682 τὸ
2608 1631 2781 1699 ἆγιον,
2808 1631 3196 1701 ἀνομησάντων
3221 1632 3421 1691 αὐτῶν,
3442 1632 3745 1688 ἐκλελοίπει

2168 1721 2268 1791 τῆς
2299 1722 2679 1793 κληρονομίας.
2717 1721 2827 1792 Τὴν
2853 1722 2909 1775 δὲ
2964 1723 3227 1792 Ῥάμνον,
3272 1725 3334 1794 τῇ
3370 1724 3462 1776 ἐπὶ
3501 1725 3746 1797 σωτηρίᾳ

2167 1811 2262 1864 τοῦ
2302 1812 2506 1882 κόσμου
2545 1814 2658 1876 τοῖς
2701 1813 3048 1877 άποστόλοις’
3087 1814 3271 1886 ἐπειδὴ
3305 1815 3412 1887 γὰρ
3457 1816 3526 1869 δι’
3562 1817 3744 1872 αὐτῶν

509 1906 771 1977 improbis
825 1908 1044 1962 illorum
1091 1908 1303 1964 actibus
1358 1910 1426 1964 ab
1475 1910 1794 1965 haereditate
1832 1910 1907 1980 (id
1937 1918 2014 1964 est
2045 1926 2066 1962 α

2177 1901 2533 1975 ἐδιδάχθημεν
2585 1904 2839 1973 ἁγνείαν,
2886 1900 2953 1976 ἦς
3004 1905 3275 1976 ἀπατηλὸν
3327 1907 3494 1979 μόνης
3526 1909 3744 1965 εἴδωλον

506 1998 732 2069 Judwis)
783 1997 1062 2058 defecerit.
1115 1997 1360 2071 Denique
1414 2001 1700 2056 rhamnum
1746 2018 1856 2056 non
1885 2003 2065 2072 inepte

507 2100 673 2157 refert
726 2101 795 2155 ad
842 2116 963 2156 eam
1014 2102 1182 2173 legem
1217 2117 1336 2173 qua:
1385 2104 1647 2173 apostolis
1692 2102 1815 2159 data
1863 2111 1947 2160 est
1996 2104 2064 2160 ad

506 2202 695 2256 mundi
756 2203 1009 2268 salutem,
1060 2204 1190 2273 quia
1251 2220 1347 2273 per
1393 2205 1611 2259 illorum
1667 2205 2062 2261 institutionem

507 2290 871 2362 virginitatem
893 2292 1204 2360 didicimus,
1228 2295 1389 2363 cujus
1421 2295 1584 2350 unius
1615 2295 1778 2350 inane
1806 2310 1871 2350 ac
1899 2295 2064 2350 fallax

508 2384 859 2439 simulacrum
892 2384 1141 2440 diabolus
1159 2394 1369 2440 struere
1386 2386 1650 2457 nequivit.
1677 2384 1884 2441 Idcirco
1903 2387 2067 2442 etiam

509 2483 745 2546 quatuor
773 2476 972 2530 tradita
1006 2484 1135 2531 sunt
1166 2476 1476 2548 Evangelia,
1513 2477 1660 2547 quod
1704 2477 1847 2534 Deus
1874 2488 2069 2549 quater

510 2567 749 2622 humano
775 2569 959 2638 generi
988 2568 1196 2625 faustas
1219 2570 1339 2626 illas
1362 2572 1803 2627 annuntiationes
1835 2574 2065 2640 miserit,

510 2686 575 2725 ac
597 2672 875 2741 quaternis
905 2674 1260 2744 promulgatis
1284 2674 1495 2745 legibus
1524 2674 1703 2744 ipsum
1726 2677 2021 2733 instituerit
2049 2697 2062 2733 :

509 2779 739 2834 quarum
775 2771 1015 2834 tempora
1046 2781 1113 2820 ex
1139 2765 1412 2821 fructuum
1444 2766 1760 2824 diversitate
1787 2769 2069 2839 perspicue

510 2872 829 2920 noscuntur.
854 2864 988 2920 Nam
1029 2866 1179 2931 ﬁcus,
1211 2868 1355 2938 quod
1396 2869 1524 2924 mite
1577 2886 1640 2925 ac
1681 2872 1838 2926 dulce
1866 2871 2068 2927 formo-

512 2982 743 3037 sumque
779 2982 1001 3037 pomum
1049 2978 1150 3036 est,
1186 2969 1408 3025 delicias
1436 2971 1674 3041 paradisi
1708 2972 1939 3042 vitaeque
1968 2988 2067 3027 vo-

511 3069 759 3141 luptaria:
791 3077 1163 3139 repraesentat,
1207 3071 1262 3124 in
1317 3088 1423 3141 qua
1478 3071 1640 3127 homo
1689 3082 1816 3127 ante
1857 3074 2067 3143 lapsum

513 3159 634 3215 fuit.
654 3157 797 3215 Sane
824 3176 929 3215 non
951 3177 1097 3227 raro,
1125 3169 1183 3215 ut
1210 3170 1397 3231 postea
1428 3163 1954 3231 demonstrabimus,
1999 3165 2065 3219 ﬁ-

2167 1995 2266 2047 ούκ
2302 1996 2518 2066 ἴσχυσεν
2546 2001 2575 2051 ό
2605 1997 2848 2061 διάϐολος
2882 1998 3163 2052 σκευάσαι.
3193 1999 3291 2053 Διά
3323 2000 3482 2053 τοῦτο
3512 2003 3605 2055 καὶ
3634 2003 3742 2056 Εὐ-

2165 2087 2395 2155 αγγέλια
2429 2089 2539 2160 (50)
2570 2089 2805 2161 τέσσαρα
2833 2091 3212 2163 παραδέδοται,
3235 2093 3490 2163 τετράκις
3514 2094 3745 2164 εὐαγγε-

2166 2178 2456 2251 λισαμένου
2479 2182 2571 2235 τοῦ
2593 2183 2727 2236 Θεοῦ
2761 2184 2870 2255 τὴν
2898 2184 3310 2255 ἀνθρωπάτητα,
3346 2188 3440 2239 καὶ
3471 2188 3743 2257 παιδαγω-

2165 2272 2430 2342 γήσαντος
2459 2275 2719 2346 τέσσαρσι
2757 2277 2960 2345 νόμοις,
2989 2269 3062 2328 ὧν
3097 2278 3147 2329 οἱ
3178 2279 3359 2348 καιροὶ
3406 2280 3593 2347 σαφῶς
3634 2281 3747 2335 ἀπὸ

2167 2362 2264 2432 τῆς
2288 2364 2665 2436 διαφορότητος
2696 2366 2975 2437 δηλοῦνται
3003 2367 3110 2419 τῶν
3135 2369 3380 2438 καρπῶν.
3412 2370 3476 2423 Ἦ
3508 2374 3605 2439 μὲν
3633 2372 3745 2446 γάρ

2170 2456 2326 2526 συκῆ,
2360 2456 2445 2509 διά
2476 2460 2574 2527 τὴν
2598 2458 2895 2526 γλυκασίαν
2928 2460 3020 2513 καὶ
3046 2460 3135 2513 τὸν
3159 2461 3457 2532 ὡραϊσμὸν,
3492 2464 3588 2534 τὴν
3614 2480 3746 2535 τρυ-

2169 2547 2275 2619 φὴν
2320 2548 2416 2619 τὴν
2471 2550 2575 2619 πρὸ
2629 2550 2725 2619 τῆς
2779 2551 3139 2620 παραϐάσεως
3180 2553 3236 2604 ἐν
3288 2552 3595 2624 παραδείσῳ
3645 2552 3742 2608 τοῦ

2168 2639 2452 2711 ἀνθρώπου
2487 2641 2779 2711 παρίστησι
2807 2643 3196 2713 γεγενημένην.
3232 2645 3386 2696 Ἔστι
3412 2645 3519 2715 γάρ
3557 2646 3646 2698 ὅτε
3675 2646 3742 2718 δὴ

2168 2733 2261 2785 καὶ
2320 2732 2523 2803 σφόδρα
2578 2733 2857 2804 πολλαχῶς
2888 2735 2988 2805 τῆς
3045 2736 3217 2805 συκῆς
3270 2736 3360 2788 τὸν
3413 2737 3623 2809 καρπὸν
3679 2737 3744 2793 τὸ

2168 2822 2391 2893 Πνεῦμα
2414 2824 2475 2876 τὸ
2502 2824 2653 2892 ἆγιον
2676 2826 2769 2878 ἐπὶ
2794 2826 2887 2878 τοῦ
2922 2826 3224 2895 κρείττονος
3253 2827 3539 2897 λαμϐάνει,
3561 2829 3742 2894 καθὼς

2169 2915 2522 2985 ἀποδείξομεν
2561 2916 2805 2989 ὕστερον.
2847 2918 2910 2971 Ἦ
2941 2918 2996 2971 δὲ
3029 2918 3269 2989 ἄμπελος
3303 2919 3390 2973 διὰ
3434 2920 3531 2992 τὴν
3566 2921 3743 2989 ἱλαρό-

2166 3022 2304 3076 τητα
2337 3006 2433 3077 τὴν
2476 3010 2540 3061 ὲκ
2587 3009 2680 3061 τοῦ
2732 3010 2909 3073 οίνου,
2959 3011 3054 3063 καὶ
3101 3012 3202 3081 τὴν
3249 3010 3586 3082 εὐφροσύνην
3632 3012 3743 3065 τῶν

2171 3097 2579 3167 περισωθέντων
2605 3099 2705 3168 τῆς
2734 3099 2905 3171 ὀργῆς
2938 3100 3030 3153 καὶ
3072 3099 3163 3153 τοῦ
3205 3100 3612 3172 κατακλυσμοῦ,
3645 3099 3743 3172 τὴν

2170 3188 2279 3241 ἀπὸ
2307 3189 2400 3242 τοῦ
2427 3190 2588 3258 φόϐου
2624 3193 2715 3244 καὶ
2746 3193 2843 3262 τῆς
2875 3193 3173 3265 φροντίδος,
3207 3194 3305 3265 τὴν
3330 3196 3411 3257 είς
3441 3196 3540 3267 τὴν
3566 3195 3743 3267 χαράν

512 3268 611 3309 cus
659 3253 899 3309 fructum
936 3251 1171 3323 Spiritus
1200 3263 1424 3311 sanctus
1472 3256 1528 3309 in
1588 3256 1805 3313 virtutis
1858 3265 2061 3327 partem

2170 3280 2344 3333 αὐτῶν
2386 3251 2684 3353 μεταϐολὴν
2737 3251 3054 3338 αἰνίσσεται.
3212 3251 3274 3338 δέ
3319 3251 3614 3355 ὲλάίαίδίά
3641 3251 3746 3344 ⁸τὸν

512 3344 676 3398 sumit
698 3344 761 3399 ”.
793 3340 932 3399 Vitis
964 3355 1139 3398 autem
1169 3353 1389 3415 propter
1433 3337 1559 3400 vini'
1598 3346 1924 3401 hilaritatem
1969 3361 2060 3401 eo-

512 3453 738 3509 rumque
761 3438 999 3493 laetitiam
1028 3436 1176 3509 quia
1212 3438 1401 3493 diluvii
1432 3439 1534 3503 ira,
1567 3439 1662 3494 Dei
1707 3440 2064 3511 indulgentia,

511 3544 793 3595 evaserant
822 3537 892 3602 ⁹³,
924 3545 1164 3593 mutatos
1194 3537 1413 3592 illorum
1453 3537 1665 3595 animos
1695 3554 1724 3592 a
1754 3540 1946 3596 timore
1971 3557 2068 3596 an—

2168 3371 2376 3442 καρπὺν
2408 3372 2500 3425 τοῦ
2535 3374 2737 3437 ἐλαίου,
2780 3375 2876 3445 τὴν
2907 3375 3303 3446 εύσπλαγχνίαν
3337 3378 3429 3430 τοῦ
3468 3377 3602 3431 Θεοῦ
3638 3396 3746 3450 μη-

2172 3462 2305 3527 νύει,
2338 3463 2497 3517 πάλιν
2528 3465 3016 3538 ἀνεξικακήσαντος
3050 3468 3185 3537 μετά
3217 3469 3305 3520 τὸν
3331 3469 3741 3539 κατακλυσμὸν,

2173 3554 2279 3607 τῶν
2322 3555 2622 3627 ἀνθρώπων
2662 3557 3041 3627 ἐκτραπέντων
3091 3560 3169 3622 είς
3214 3559 3511 3630 ἀθεότητα,
3561 3559 3744 3615 δοῦναι

513 3637 710 3707 xiaque
731 3651 863 3691 cura
912 3636 970 3690 in
1013 3636 1271 3706 gaudium
1301 3637 1537 3691 obscure
1569 3636 1865 3708 significat.
1916 3639 2066 3696 Oliva

2174 3646 2335 3717 νόμον
2363 3650 2454 3702 καὶ
2481 3650 2876 3720 ἐμφανισθῆναι
2919 3668 3047 3714 τισι,
3078 3652 3173 3704 καὶ
3200 3650 3387 3723 ὥσπερ
3414 3651 3746 3706 ἀποσϐεννυ-

515 3743 696 3801 porro,
746 3736 968 3799 propter
1012 3728 1116 3782 olei
1170 3727 1317 3797 quod
1361 3727 1613 3797 producit
1664 3737 1932 3796 naturam,
1976 3731 2066 3788 Dei

2179 3738 2344 3810 μένην
2368 3740 2466 3811 ἠδη
2493 3742 2589 3811 τὴν
2617 3742 2789 3810 αὐγὴν
2819 3742 2915 3812 τῆς
2942 3741 3144 3812 ἀρετῆς
3166 3743 3328 3813 ἐλαίῳ
3358 3743 3599 3798 λιπᾶναι.

515 3823 945 3880 misericordiam
975 3823 1253 3893 designat;
1302 3823 1393 3892 qui
1418 3824 1612 3877 iterum
1636 3832 1759 3895 post
1797 3825 2083 3893 diluvium,
2129 3834 2303 3889 versis
2356 3834 2410 3888 in
2461 3836 2793 3905 impietatem
2841 3837 3175 3900 hominibus,
3220 3840 3486 3907 patienter
3534 3838 3739 3899 tulerit.

517 3926 576 3973 ut
623 3919 793 3989 legem
848 3918 1025 3983 daret,
1080 3932 1144 3972 ac
1194 3932 1253 3974 se
1300 3916 1626 3987 quibusdam
1675 3919 2072 3990 manifestaret,
2130 3925 2347 3999 iamque
2406 3944 2574 4000 prope
2625 3931 3078 4001 exstinguendam
3141 3934 3361 3988 virtutis
3409 3934 3586 3989 lucem
3634 3932 3744 3989 olei

517 4013 846 4086 pinguedine
866 4012 1077 4069 foverit.

515 4130 645 4189 CAP.
682 4129 770 4186 Ill.
798 4130 1068 4186 Rhamnus
1092 4141 1141 4186 et
1164 4148 1354 4203 agnus,
1387 4135 1651 4188 castitatis
1682 4134 1996 4259 symbollum.
2023 4135 2265 4258 Quatrvzr
2286 4134 2595 4258 Εραησείὶα,
2625 4136 2681 4189 id
2708 4144 2806 4200 est,
2838 4136 3237 4205 prwdicationes
3265 4136 3370 4191 sive
3390 4138 3523 4210 teges
3548 4140 3619 4194 ad
3650 4159 3742 4197 sa-

1906 4218 2046 4259 utem
2084 4222 2164 4259 ms
2193 4223 2206 4258 t
2234 4222 2331 4259 uen
2358 4223 2431 4259 es.

1906 4218 2046 4260 utem
2084 4218 2431 4260 ιηδιιιιιεηιεε.

584 4317 867 4378 Rhamnus
899 4330 1104 4387 autem,
1132 4323 1273 4379 idem
1306 4323 1400 4394 qui
1435 4339 1607 4395 agnus
1657 4332 1760 4391 est,
1789 4341 1898 4396 quo
1922 4333 2066 4380 utro-

2258 4325 2321 4378 'H
2348 4326 2405 4379 δὲ
2438 4326 2666 4397 Ῥάμνος
2686 4328 2780 4381 καὶ
2804 4327 2997 4394 ’Δγνος
3021 4327 3187 4389 ἐστὶν,
3208 4326 3297 4395 ὑφ’
3317 4320 3392 4380 ὧν
3421 4328 3518 4398 μὲν
3540 4330 3745 4400 ῥάμνος

515 4428 622 4483 que
652 4414 961 4483 promiscue
982 4416 1199 4473 nomine
1219 4416 1343 4472 aliis
1375 4417 1607 4487 aliisque
1634 4425 1880 4472 vocatur.
1913 4416 2066 4472 Forte

2178 4416 2525 4486 καλούμενος,
2551 4418 2637 4485 ὑφ’
2670 4410 2745 4470 ὧν
2771 4416 2829 4470 δὲ
2858 4416 3019 4484 ἄγνος
3037 4431 3051 4445 ’
3094 4416 3187 4468 καὶ
3216 4416 3356 4486 τάχα
3386 4415 3474 4468 διά
3515 4416 3577 4469 τὸ
3612 4433 3745 4486 συγ-

515 4506 679 4560 etiam
735 4506 880 4575 quod
942 4507 1127 4576 planta
1176 4508 1291 4563 haec
1339 4508 1640 4579 virginitati
1671 4506 1846 4563 aﬂinis
1886 4509 1979 4573 sit,
2013 4515 2066 4563 ut

2180 4511 2333 4579 γενὲς
2365 4510 2528 4580 φυτὸν
2572 4510 2728 4564 τοῦτο
2766 4512 2833 4581 τῇ
2883 4508 3147 4579 παρθενίᾳ
3197 4509 3525 4578 πεφυκέναι,
3573 4509 3749 4585 ταύτῃ

517 4598 783 4653 rbamnus
814 4607 868 4653 et
908 4614 1080 4671 agnus
1114 4608 1526 4672 nuncuparetur
1555 4600 1788 4656 obtinuit
1839 4618 1853 4654 :
1893 4601 2066 4656 rham-

2183 4602 2385 4674 ῥάμνος
2413 4601 2506 4655 καὶ
2542 4601 2704 4670 άγνος
2738 4598 3179 4671 προσηγορεύθη·
3221 4601 3424 4670 ῥάμνος
3450 4600 3566 4669 μὲν,
3592 4599 3746 4672 παρὰ

519 4706 629 4746 nus
655 4690 895 4760 quidem,
923 4702 1146 4763 propter
1186 4693 1522 4749 soliditatem
1544 4698 1600 4747 et
1626 4691 1890 4747 adversus
1920 4692 2074 4748 volu-

518 4788 697 4853 ptates
734 4780 1039 4838 firmitatem
1067 4802 1080 4836 :
1107 4798 1276 4853 agnus
1304 4797 1455 4848 vero,
1484 4781 1587 4837 hoc
1614 4790 1696 4838 est
1725 4791 1896 4847 casta,
1928 4784 2073 4854 quod

518 4873 645 4928 talis
671 4887 880 4943 semper
909 4873 1088 4929 duret.
1124 4873 1263 4929 Hinc
1304 4882 1359 4929 et
1386 4872 1557 4927 Etiam
1588 4888 1618 4927 a
1642 4873 1779 4928 facie
1806 4872 2073 4931 Jezabelis

520 4965 763 5021 mulieris
809 4963 1102 5035 fugientem
1156 4963 1438 5035 Scriptura
1471 4964 1638 5020 refert
1666 4966 1712 4998 “
1741 4966 1808 5021 ad
1857 4967 2073 5022 rhamni

518 5055 754 5127 primum
788 5056 1034 5111 umbram
1068 5056 1384 5119 secessisse,
1436 5054 1617 5124 ibique
1643 5055 1955 5111 exauditum
1980 5072 2073 5112 ro-

519 5149 622 5203 bur
650 5148 944 5218 accepisse,
978 5162 1043 5202 ac
1065 5148 1245 5202 cibum
1273 5147 1572 5217 sumpsisse
1596 5166 1608 5201 :
1640 5149 1785 5219 quod
1816 5150 2073 5203 nimirum

519 5239 569 5294 ei
600 5239 694 5311 qui
718 5239 959 5294 libidinis
989 5238 1124 5309 fugit
1151 5246 1403 5303 (nstrum,
1436 5254 1603 5309 seque
1644 5254 1674 5292 a
1702 5240 1930 5295 muliere
1961 5240 2074 5294 exi-

522 5334 641 5398 mit,
674 5333 778 5388 boc
804 5340 909 5398 est,
950 5347 982 5388 a
1005 5333 1300 5403 voluptate,
1344 5331 1580 5403 hospitio
1601 5332 1675 5388 sit
1695 5346 1760 5387 ac
1784 5332 2079 5387 umbracu-

2175 4693 2236 4747 τὸ
2265 4693 2575 4764 στερέμνιον
2606 4692 2701 4745 καὶ
2734 4690 2996 4762 καρτερὸν
3035 4689 3168 4761 πρὸς
3202 4690 3300 4755 τὰς
3329 4690 3550 4761 ἡδονάς·
3581 4690 3743 4759 ἄγνος

2172 4786 2262 4848 δὲ,
2320 4786 2467 4857 παρά
2519 4784 2577 4838 τὸ
2620 4783 2909 4848 διαπαντὸς
2964 4784 3229 4851 ἁγνεύειν.
3289 4782 3449 4835 Ὅθεν
3498 4782 3593 4836 καὶ
3651 4779 3745 4836 τὸν

2186 4879 2368 4933 Ἠλίαν
2397 4880 2460 4932 ὲκ
2489 4877 2778 4949 προσώπου
2802 4878 2899 4947 τῆς
2939 4876 3169 4930 Ἰεσάεελ
3198 4877 3450 4944 γυναικὸς
3474 4874 3743 4945 φεύγοντα

2173 4969 2331 5039 λόγος
2365 4968 2469 5022 ὑπὸ
2498 4969 2699 5039 ῥάμνον
2728 4967 2898 5021 ὲλθεῖν
2937 4968 3170 5040 πρῶτον,
3202 4969 3295 5022 καὶ
3325 4966 3747 5021 είσακουσθέντα

2174 5057 2453 5129 ἐνισχῦσαι
2487 5059 2578 5111 καὶ
2603 5056 2785 5110 λαϐεῖν
2810 5059 3033 5130 τροφὴν,
3051 5060 3133 5112 ὅτι
3161 5059 3267 5112 τῶν
3304 5058 3608 5128 φευγόντων
3632 5056 3745 5128 (51)

2176 5145 2411 5221 οἶστρον,
2441 5151 2536 5203 καὶ
2565 5148 2661 5220 τὴν
2686 5152 2936 5217 γυναῖκα,
2963 5149 3059 5221 τὴν
3087 5151 3301 5222 ἡδονὴν,
3325 5150 3383 5203 τὸ
3403 5147 3748 5217 καταγώγιον

2179 5240 2271 5294 καὶ
2301 5242 2334 5311 ἡ
2367 5239 2561 5310 σκέπη,
2594 5239 2653 5291 τὸ
2685 5240 2781 5311 τῆς
2816 5241 3034 5307 ἁγνείας
3072 5239 3369 5310 ἐϐλάστησε
3404 5238 3556 5306 ξύλον
3580 5280 3595 5303 ,
3639 5240 3746 5293 ἀπὸ

2180 5332 2277 5403 τῆς
2311 5331 2611 5405 παρουσίας
2643 5331 2737 5384 τοῦ
2779 5331 3176 5403 άρχιπαρθένου
3223 5330 3455 5402 Χριστοῦ
3500 5330 3743 5402 βασιλεῦ

574 5490 619 5521 ὀ
649 5486 775 5543 Gen.
805 5500 892 5555 tu,
922 5485 973 5542 7.
1042 5489 1083 5523 "
1118 5486 1244 5542 Gen.
1275 5503 1349 5551 ιι,
1372 5487 1460 5541 22.
1532 5489 1577 5521 "
1599 5486 1714 5542 Jer.
1743 5503 1862 5553 vnt,
1908 5474 2009 5543 l5.
2068 5486 2116 5519 "
2139 5484 2278 5543 Joel.
2305 5504 2367 5552 tt,
2401 5487 2491 5542 22.
2564 5487 2613 5520 “
2637 5486 2739 5541 III
2763 5487 2891 5559 Reg.
2922 5504 3035 5552 ιιι,
3067 5487 3121 5542 4.

591 5644 701 5715 (50)
731 5645 1081 5720 Etim-regna.
1133 5644 1276 5720 ‘Av'cl.
1303 5643 1415 5720 τοῦ,
1446 5642 1791 5720 κηρύγματα,
1820 5643 2071 5712 ρνωάὶεα-

525 5712 705 5797 tiones,
738 5712 879 5797 leges
904 5712 974 5769 'ad
1003 5717 1227 5797 salutem
1260 5712 1936 5797 ins-timentes:'Cou'asrts.

596 5785 706 5855 (51)
741 5783 862 5839 Τῶν
890 5785 1246 5855 φευγόντων.
1280 5784 1530 5851 Allatius,
1564 5784 1652 5838 τὸν
1679 5784 1963 5854 φεύγοντα.
1997 5783 2078 5839 Ad

2183 5658 2339 5713 quem
2380 5642 2556 5697 locum
2586 5642 2701 5713 haec
2725 5641 2902 5697 editor
2932 5641 3208 5711 Lupareus
3244 5661 3256 5696 :
3292 5641 3408 5695 Τῶν
3440 5639 3747 5713 φευγόντων

2182 5709 2505 5784 rescriptum
2549 5728 2611 5767 ex
2630 5711 2866 5784 gPhotio.
2909 5709 3041 5767 Nam
3093 5720 3280 5770 noster
3331 5709 3564 5770 habebat
3609 5709 3746 5784 πρὸς

2182 5783 2273 5837 τὸν
2301 5781 2584 5852 φεύγοντα.
2616 5781 2783 5838 ϐλιι..
