4150 6440
340 454 351 460 ,
412 396 516 453 197
1493 396 1626 453 (ὶοΝ
1636 396 1877 454 VIVIUM
1908 398 1979 453 ΒΕ

1998 398 2140 453 CEM
2179 396 2541 456 VIRGINUM.
3530 408 3635 465 198

357 493 360 497 ’
411 529 509 567 σαν
530 513 638 567 τῶν
663 512 980 586 ἀνθρώπων.
1002 515 1121 569 Τῶν
1145 516 1253 587 γὰρ
1275 516 1503 587 πρώτων
1528 517 1972 586 ἀδυνατησάντων

2003 522 2046 578 Α
2074 516 2159 582 Ιο;
2193 531 2313 586 qua:
2338 533 2369 571 a
2394 515 2597 572 Christi
2638 515 2907 588 virginum
2935 515 3201 588 principis
3250 519 3484 577 adventu
3536 522 3637 579 ho—

411 607 578 662 σῶσαι
623 607 1072 680 νομοθετημάτων
1124 608 1217 663 τὸν
1244 608 1560 680 ἄνθρωπον,
1608 610 1713 663 τῶν
1743 610 1833 663 ἐπὶ
1874 609 1966 663 τοῦ

2072 604 2279 658 minum
2306 605 2535 676 imperio
2562 604 2754 675 potita,
2787 606 2949 661 arbor
2975 607 3319 677 germinavit.
3351 608 3486 667 Nam
3509 629 3634 669 cum

419 699 588 770 Ἀδὰμ
620 701 715 755 καὶ
761 701 853 755 τοῦ
889 701 1039 768 Νῶε,
1082 702 1173 754 καὶ
1215 701 1322 755 τῶν
1349 703 1441 755 ἐπὶ
1468 701 1561 755 τοῦ
1599 702 1904 767 Μωῡσέως,
1934 706 1966 775 ἡ

2070 694 2217 766 leges
2232 694 2447 763 Adami,
2468 706 2520 752 et
2546 696 2662 753 Noe
2691 696 3003 770 Moysisque
3030 702 3369 770 temporibus
3390 704 3532 769 latae,
3553 720 3638 760 sa-

405 792 548 847 κατά
576 793 641 848 τὸ
688 794 1018 863 Εὐαγγὲλιω
1045 794 1216 847 ἔσωσε
1253 796 1385 866 μόνη
1420 795 1704 867 νομοθεσία
1738 796 1964 860 πάντας.

2071 785 2238 841 lutem
2262 786 2469 841 homini
2497 796 2757 858 praestare
2783 789 3177 859 nequivissent,
3202 792 3318 846 sola
3347 792 3436 848 lex
3462 808 3632 850 evan-

2069 878 2240 948 gelica
2270 887 2499 936 cunctos
2522 882 2703 938 salvos
2740 880 2890 937 fecit.

484 966 550 1020 Ἦ
581 968 691 1039 γὰρ
738 969 885 1039 συκῆ
916 969 1086 1042 ταύτῃ
1139 970 1356 1039 λέγεται
1401 970 1474 1042 μὴ
1523 972 1832 1042 βασιλεῦσαι
1860 973 1967 1028 τῶν

2138 967 2266 1024 Haec
2297 972 2440 1026 enim
2489 988 2655 1029 causa
2685 982 2770 1029 est
2820 989 2921 1029 cur
2949 973 3086 1030 ﬁcus
3119 975 3374 1031 arborum
3404 992 3633 1048 regnum

400 1057 597 1126 ξύλων,
656 1059 765 1113 τῶν
810 1060 1110 1133 ἀνθρώπων
1156 1063 1486 1134 νοουμένων
1525 1065 1694 1136 συκῆς
1744 1067 1832 1128 δὲ,
1868 1067 1967 1136 τῆς

2067 1060 2211 1131 (quae
2233 1064 2492 1118 nimirum
2524 1065 2753 1135 spiritali
2778 1082 2966 1131 sensu,
3003 1067 3283 1135 homines;
3322 1067 3457 1125 ﬁcus
3476 1083 3630 1135 vero,

402 1153 620 1224 ἐντολῆς
641 1172 655 1185 ·
687 1154 805 1208 ἀνθ’
842 1147 915 1208 ὧν
942 1156 970 1207 6
998 1155 1278 1226 ἄνθρωπος
1323 1156 1460 1227 μετά
1494 1157 1554 1210 τὸ
1587 1160 1769 1210 πεσεῖν
1810 1159 1964 1231 ἧθελε

2067 1155 2384 1210 mandatum
2432 1156 2792 1228 intelligatur)
2857 1174 2968 1214 non
3026 1160 3331 1215 obtinuisse
3391 1160 3628 1217 dicatur.

403 1247 564 1301 πάλιν
590 1247 696 1302 ἀπὸ
724 1249 824 1318 τῆς
850 1249 1051 1319 ἀρετῆς
1078 1250 1470 1319 βασιλεύεσθαι,
1508 1252 1600 1305 καὶ
1623 1254 1723 1324 τῆς
1758 1253 1966 1326 ἀφθαρ-

2066 1244 2270 1319 Nempe
2283 1249 2505 1318 optabat
2519 1250 2679 1305 homo
2691 1257 2813 1320 post
2824 1266 3008 1306 casum
3023 1252 3206 1313 etiam,
3225 1252 3446 1307 virtutis
3457 1252 3629 1324 impe-

396 1340 521 1404 σίας
547 1340 644 1395 τοῦ
687 1342 1010 1414 παραδείσου
1057 1344 1155 1414 τῆς
1198 1345 1408 1416 τρυφῆς
1455 1345 1528 1417 μὴ
1576 1346 1961 1418 ἀποϐληθῆναι.

2067 1340 2149 1393 rio
2171 1342 2390 1410 subjici,
2420 1357 2520 1398 nec
2543 1343 2613 1398 ah
2641 1344 3047 1413 incorruptione
3068 1344 3305 1413 paradisi
3335 1346 3629 1417 voluptatis

406 1433 549 1487 Ἀλλ’
579 1435 921 1507 ἀπεκρούσθη
971 1435 1239 1508 παραϐὰς,
1289 1438 1383 1490 καὶ
1406 1438 1682 1511 ἀπεϐλήθη
1726 1439 1962 1511 μακρὰν,

2065 1432 2210 1501 ejici.
2251 1433 2387 1502 Ejus
2420 1440 2602 1491 tamen
2623 1436 2779 1502 illud,
2811 1436 3280 1507 praevaricationis
3330 1448 3507 1503 reatu,
3542 1455 3631 1496 re-

394 1527 473 1594 ὡς
505 1526 579 1600 μὴ
606 1528 1026 1599 δυνάμενος.ύπὸ
1043 1530 1141 1600 τῆς
1169 1528 1474 1601 ἀφθαρσίας
1497 1530 1596 1596 ἔτι,
1618 1532 1752 1603 μηδὲ
1771 1532 1963 1606 χωρῶν

2063 1525 2282 1594 pulsum
2305 1526 2631 1582 desiderium
2656 1546 2671 1596 ;
2710 1528 2934 1600 ipseque
2955 1530 3146 1600 procul
3168 1530 3487 1586 exturbatus
3507 1540 3626 1600 est;

399 1620 794 1694 βασιλεύεσθαι.
831 1622 941 1676 Καὶ
993 1622 1208 1694 πρῶτον
1258 1623 1403 1695 αὐτῷ
1430 1624 1491 1677 τὸ
1521 1625 1781 1696 κήρυγμα
1826 1625 1963 1696 μετὰ

2064 1627 2124 1671 ut
2153 1619 2247 1689 qui
2275 1618 2538 1692 deinceps
2566 1622 2635 1676 ab
2669 1622 3081 1694 incorruptione
3119 1622 3235 1692 regi
3265 1638 3376 1678 non
3419 1631 3626 1695 pesset,

395 1714 492 1787 τὴν
513 1715 818 1787 παράϐασιν
846 1714 1120 1786 πέμπεται
1151 1716 1212 1769 τὸ
1238 1716 1324 1769 διὰ
1352 1715 1492 1769 Νῶε·
1516 1716 1581 1770 ἵν’
1612 1716 1705 1771 ἐὰν
1727 1717 1957 1789 πρόσχῃ,

2060 1727 2164 1767 nec
2193 1713 2312 1783 ejus
2338 1729 2511 1785 capax
2545 1715 2935 1772 dominationis
2982 1725 3149 1773 esset.
3199 1715 3494 1787 Primaque
3548 1718 3627 1774 illi

393 1805 496 1861 κᾶν
520 1805 693 1878 τούτῳ
724 1807 960 1878 σωθῆναι
992 1808 1091 1878 τῆς
1118 1808 1388 1880 ἁμαρτίας
1417 1807 1628 1884 ἰσχύσῃ,
1654 1810 1957 1864 ἀνάπαυσιν

2064 1813 2188 1877 post
2214 1808 2730 1878 transgressionem,
2755 1824 2878 1880 quae
2911 1824 3006 1877 per
3030 1807 3143 1864 Noe
3165 1815 3332 1873 esset,
3362 1809 3630 1879 praedica-

390 1899 865 1970 ἀπαγγελλόμενον
890 1898 988 1972 τὴν
1017 1900 1124 1953 ἀπὸ
1149 1901 1255 1954 τῶν
1283 1899 1468 1955 κακῶν
1487 1901 1580 1954 καὶ
1602 1902 1958 1972 εὐφροσύνην,
1992 1907 2029 1962 Β

1992 1907 2034 1962 Β
2064 1896 2141 1951 ιίο
2168 1896 2434 1965 mittitur;
2498 1899 2587 1953 cui
2635 1899 2682 1954 si
2739 1898 3044 1954 attenderet
3073 1898 3338 1964 animum,
3382 1906 3566 1968 posset
3595 1913 3627 1953 a

387 1993 440 2045 εί
460 1992 756 2064 ἀσκησαιεν
798 1992 929 2046 αὐτὸ
963 1991 1100 2046 κατά
1134 1993 1351 2065 κράτος.
1386 1994 1595 2066 Ὠσπερ
1627 1995 1719 2048 καὶ
1752 1990 1892 2048 οἶνον
1918 1996 1953 2066 ἡ

2061 1996 2284 2059 peccato
2331 1991 2542 2045 servari
2595 2005 2611 2045 :
2656 1991 2860 2062 quippe
2915 2005 3041 2045 cum
3076 1991 3168 2044 illa
3202 1991 3560 2046 cessationem
3595 2004 3627 2045 a
3690 2004 3700 2009 ‘

391 2083 632 2155 ἄμπελος
660 2084 1049 2153 ἐπαγγέλλεται
1074 2087 1264 2156 γεννᾷν
1291 2087 1401 2150 τοῖς
1426 2087 1652 2141 ἀσκοῦσι
1674 2088 1768 2142 καὶ
1790 2089 1953 2160 ὲργα-

2057 2081 2215 2136 malis
2236 2082 2587 2154 laetitiamque
2601 2084 2945 2153 promitteret
2973 2084 3043 2148 θ’,
3071 2083 3119 2139 si
3141 2082 3397 2140 omnibus
3416 2082 3625 2138 viribus

389 2176 654 2247 ζομένοις.
708 2176 867 2232 Ἀλλά
888 2178 982 2232 καὶ
1012 2177 1172 2231 τοῦτο
1205 2178 1305 2231 οὐκ
1343 2178 1654 2232 ἐϐασίλευσε
1693 2179 1753 2232 τὸ
1793 2196 1954 2250 νομο-

2055 2187 2175 2227 eam
2205 2175 2555 2231 excoluisset.
2584 2174 2740 2229 Haud
2770 2191 2932 2232 secus
2955 2191 3021 2232 ac
3049 2177 3202 2243 vitis,
3235 2177 3503 2232 edendum
3526 2177 3624 2232 abs

388 2269 599 2342 θέτημα
635 2271 733 2342 τῆς
759 2270 1190 2342 ἀνθρωπότητος,
1218 2271 1301 2324 ὅτι
1338 2270 1412 2343 μὴ
1446 2268 1775 2343 ἐπείσθησαν
1808 2270 1955 2342 αὐτῷ

2057 2277 2117 2318 se
2148 2264 2336 2320 vinum
2367 2265 2513 2321 haud
2556 2267 2704 2321 inani
2745 2283 2842 2338 spe
2887 2268 3198 2338 pollicetur,
3248 2270 3296 2325 si
3345 2272 3470 2341 quis
3503 2286 3624 2326 eam

387 2361 779 2434 κηρυσσομένῳ
822 2363 1123 2425 σπουδαίως
1162 2364 1296 2436 πρὸς
1342 2363 1436 2417 τοῦ
1466 2363 1609 2416 Νῶε.
1663 2363 1823 2417 ’Δλλά
1860 2365 1954 2418 καὶ

2055 2355 2198 2409 colat
2228 2371 2293 2410 ac
2322 2357 2507 2412 labore
2527 2365 2798 2414 exerceat.
2834 2360 3031 2414 Verum
3064 2376 3133 2416 ne
3156 2360 3273 2436 haec
3303 2362 3523 2432 quidem
3537 2362 3623 2417 lex

389 2454 525 2525 μετὰ
560 2454 620 2508 τὸ
656 2455 969 2525 συνέχεσθαι
1013 2455 1111 2527 ἤδη
1153 2455 1245 2509 καὶ
1288 2456 1570 2525 πνίγεσθαι
1618 2458 1729 2522 τοῖς
1770 2457 1952 2511 ὕδασιν

2055 2461 2219 2516 super
2247 2447 2497 2507 homines
2518 2450 2786 2518 regnavit,
2818 2452 2961 2522 quod
3015 2453 3066 2508 ei
3116 2454 3368 2510 homines
3395 2454 3623 2525 obsequi

387 2547 619 2620 ἤρξαντο
673 2548 948 2619 μετανοεῖν
973 2587 986 2611 ,
1058 2547 1152 2602 καὶ
1220 2549 1644 2617 ἐπαγγέλλεσθαι
1693 2551 1951 2624 παρέχειν

2053 2545 2402 2602 recusarunt,
2434 2539 2540 2594 etsi
2570 2555 2690 2595 eam
2714 2540 2829 2598 Noe
2854 2553 3078 2601 strenue
3098 2545 3486 2617 promulgaret.
3515 2546 3626 2602 (Ἰαξι

385 2643 611 2705 ἑαυτοὺς
665 2640 1120 2712 πεισθησομένους
1160 2644 1281 2706 ταῖς
1329 2641 1586 2705 ἐντολαῖς.
1651 2642 1810 2695 Ὅθεν
1858 2643 1951 2697 καὶ

2053 2635 2231 2684 terum
2286 2632 2446 2687 malis
2477 2632 2691 2700 domiti,
2722 2643 2777 2692 et
2802 2646 3089 2708 postquam
3119 2639 3361 2709 undique
3387 2639 3623 2694 circum-

386 2734 851 2808 ύπερηφανοῦνται
902 2734 1276 2806 βασιλεύεσθαι
1316 2735 1468 2805 (52),
1520 2736 1795 2792 τουτέστιν
1847 2736 1952 2790 ὑπὸ

2051 2722 2200 2776 venti
2231 2723 2389 2792 aquis
2422 2725 2846 2796 suil'ocarentur,
2902 2736 3187 2801 coeperunt
3238 2730 3504 2802 poenitere
3559 2745 3623 2786 ac

379 2810 478 2885 τοῦ
547 2828 898 2900 κηρύγματος
974 2828 1442 2901 ύπερηφανοῦνται
1497 2827 1803 2900 βοηθεῖσθαι
1852 2828 1952 2899 τῆς

2053 2817 2304 2886 polliceri
2333 2818 2483 2874 dicto
2517 2835 2576 2876 se
2616 2820 2904 2878 audientes
2935 2823 3049 2879 fore
3079 2831 3133 2879 et
3160 2826 3435 2895 parituros
3465 2840 3624 2880 man-

383 2922 635 2993 ὲντολῆς,
695 2922 1223 2994 ἀνταποκρινομὲνου
1257 2919 1351 2975 τοῦ
1397 2920 1711 2991 Πνεύματος
1770 2923 1951 2987 αὐτοῖς

2053 2909 2221 2968 datis.
2254 2912 2524 2979 Quocirca
2579 2913 2806 2983 spretim
2854 2914 3200 2984 rejiciuntur,
3264 2932 3332 2972 ne
3376 2915 3621 2971 mandati

380 3015 475 3068 καὶ
497 3010 863 3079 ὀνειδίζοντος,
903 3013 1089 3086 ὥσπερ
1131 3013 1453 3085 κατέλειψαν
1496 3009 1577 3079 οἷς
1612 3014 1891 3068 ἐκέλευσεν
1922 3017 1951 3068 6

2051 3005 2441 3075 praedicatione
2466 3005 2761 3077 juventur;
2786 3008 3151 3078 respondente
3174 3009 3283 3065 illis
3326 3007 3533 3081 Spiritu
3556 3024 3621 3066 ac

370 3104 512 3167 Θεὸς
554 3102 889 3175 ἀνθρώποις·
931 3100 1001 3157 Ὦ
1039 3104 1402 3176 ἀτεράμονες,
1454 3104 1665 3177 βοηθεῖν
1716 3106 1812 3178 μὲν
1855 3108 1950 3160 καὶ

2050 3099 2435 3168 exprobrante,
2468 3098 2612 3169 quod
2644 3099 3086 3171 dereliquissent,
3140 3093 3353 3173 quibus
3378 3103 3623 3175 iusserat

380 3196 574 3265 σώζειν
625 3198 845 3262 τούτους
881 3199 975 3252 καὶ¹
1020 3196 1347 3269 εὐφραίνειν,
1391 3193 1502 3251 οἷον
1548 3199 1642 3252 τὸν
1685 3196 1808 3251 Νῶε
1855 3200 1949 3253 καὶ
1980 3254 2016 3269 Α

1980 3254 2016 3269 Α
2050 3188 2196 3245 Deus
2232 3196 2291 3244 ut
2320 3190 2428 3247 illis
2462 3206 2619 3261 opem
2645 3191 2868 3257 ferrent,
2899 3194 3242 3266 salutemque
3269 3210 3332 3251 ac
3378 3197 3619 3253 laetitiam

377 3254 505 3357 τοὺς
535 3293 630 3346 σὺν
652 3291 820 3362 αὐτῷ,
855 3281 992 3344 ἔλθω
1024 3254 1307 3361 βοηθῆσαι,
1340 3293 1452 3354 τοῖς
1486 3291 1798 3363 φρονήσεως
1822 3292 1949 3361 ὑμῖν
1976 3254 2016 3310 C

1983 3254 2017 3310 θ
2052 3290 2403 3353 praestarent;
2466 3284 2581 3340 Noe
2622 3286 2832 3341 scilicet
2879 3286 3056 3342 virum
3113 3254 3363 3344 sanctum
3393 3290 3622 3362 ejusque

378 3385 646 3456 ἀκάρποις
675 3382 768 3436 καὶ
794 3381 971 3454 ξηρῶν
994 3381 1162 3447 ξύλων
1180 3382 1331 3435 οὐδὲν
1362 3383 1661 3448 ἀπεοικὸσι,
1686 3383 1946 3455 πρότερον

2053 3377 2391 3447 progeniem.
2433 3376 2515 3431 Ad
2550 3393 2645 3432 vos
2680 3378 2961 3443 nimirum,
2992 3394 3024 3434 ο
3058 3388 3436 3444 contumaces,
3469 3383 3621 3438 nullo

373 3474 457 3545 μὴ
504 3472 823 3526 πιστεύσασι
877 3490 966 3543 μοι
1022 3471 1346 3543 κηρύσσοντι
1388 3472 1543 3541 φύξιν
1585 3472 1695 3525 τῶν
1745 3472 1944 3543 παρόν-

2050 3470 2354 3540 prudentiae
2388 3467 2568 3525 fructu
2598 3470 3033 3537 commendatos,
3087 3485 3245 3540 opem
3295 3470 3450 3526 vobis
3480 3472 3618 3525 alla-

368 3577 520 3631 wv;
2049 3571 2228 3627 turus,
2256 3561 2503 3630 veniam;
2535 3571 2590 3617 et
2635 3562 2728 3634 qni
2759 3579 2789 3617 a
2836 3562 3000 3634 lignis
3029 3562 3201 3618 aridis
3244 3562 3381 3617 nihil
3411 3561 3622 3618 dili‘era-

2046 3657 2148 3723 tis;
2180 3656 2274 3727 qui
2306 3656 2460 3726 prius
2487 3656 2807 3728 praedicanti
2841 3657 2975 3712 mihi
3024 3673 3054 3712 a
3102 3656 3337 3713 terrenis
3380 3670 3617 3713 avocan-

2044 3749 2174 3804 dum
2206 3749 2471 3815 animum,
2510 3748 2668 3805 (idem
2697 3764 2807 3806 non
2837 3748 3236 3806 adhibueritis?

792 3909 923 3966 CAP.
964 3909 1053 3966 IV.
1082 3909 1193 3966 Lex
1230 3911 1437 3966 inutilis
1483 3911 1553 3967 ad
1584 3912 1829 3967 salutem.
1868 3911 2151 3967 Castitatis
2191 3920 2459 3981 postrema
2499 3911 2584 3965 lea:
2618 3911 2712 3965 sub
2745 3912 2957 3966 rhamm‘
2995 3911 3185 3977 specie.

441 4047 551 4102 Καὶ
607 4046 672 4119 δὴ
737 4044 832 4100 καὶ
877 4043 1083 4099 τούτων
1147 4044 1289 4098 οὔτω
1353 4044 1771 4112 ἀπαξιωθέντων
1838 4045 1939 4116 τῆς

2114 4044 2324 4116 Hisque
2358 4045 2493 4100 adeo
2512 4046 2677 4101 etiam
2709 4061 2807 4117 per
2832 4048 2980 4102 hunc
3031 4045 3253 4101 modum
3300 4061 3332 4101 a
3364 4047 3614 4122 benignae

310 4214 313 4217 η
370 4140 524 4204 θείας
552 4138 896 4212 κηδεμονίας,
930 4138 1024 4192 καὶ⁵
1067 4136 1226 4192 πάλιν
1256 4138 1354 4209 τῆς
1398 4137 1810 4210 ἀνθρωπότητος
1859 4139 1940 4201 είς

2044 4137 2137 4193 Dei
2165 4138 2522 4205 providentiae
2550 4155 2681 4195 cura
2717 4138 3010 4205 abdicatis,
3070 4154 3134 4194 ac
3174 4156 3370 4197 rursus
3422 4151 3611 4212 postea

367 4232 581 4304 πλάνην
611 4228 931 4301 κεχυμένης,
962 4224 1119 4292 αὖθις
1145 4230 1174 4282 6
1202 4227 1332 4292 Θεὸς
1369 4227 1654 4282 ἀπέστειλε
1694 4226 1939 4298 βασιλεύ-

2045 4226 2283 4283 humano
2308 4244 2505 4301 genere
2537 4229 2593 4284 in
2624 4244 2842 4285 errores
2879 4230 3085 4297 ell'uso;
3118 4246 3239 4300 qua:
3268 4246 3494 4303 regnum
3515 4234 3612 4289 ob-

370 4340 532 4380 σοντα
554 4323 738 4394 νόμον,
768 4323 861 4375 καὶ
886 4321 1262 4393 ὑπομνήσοντα
1280 4319 1622 4392 δικαιοσύνην
1650 4321 1744 4374 ἐπὶ
1769 4322 1935 4375 Μωῦ-

2044 4318 2239 4375 tineret
2258 4334 2322 4373 ac
2345 4319 2578 4388 justitiae
2596 4329 2989 4387 commoneret,
3012 4321 3114 4377 sub
3134 4320 3316 4393 Moyse
3338 4323 3603 4394 principe,

370 4419 529 4483 σέως.
560 4419 623 4473 Οἱ
653 4418 730 4483 δὲ,
757 4415 983 4488 ’μακρὰν
1013 4415 1106 4469 καὶ
1139 4412 1312 4485 τούτῳ
1356 4412 1567 4484 χαίρειν
1595 4414 1934 4484 φράσαντες,

2044 4426 2076 4467 a
2106 4410 2218 4473 Deo
2249 4414 2338 4469 lex
2365 4413 2533 4470 missa
2552 4420 2659 4470 est.
2691 4411 2894 4470 Verum
2922 4414 2980 4469 hi
3008 4429 3228 4486 quoque
3257 4415 3447 4471 eadem
3482 4431 3611 4487 pro-

369 4514 451 4578 et;
498 4509 936 4580 εἰδωλολατρείαν
991 4507 1346 4579 μετέστησαν.
1397 4505 1557 4560 Ὅθεν
1601 4509 1631 4559 ὁ
1672 4505 1803 4569 Θεὸς
1859 4506 1940 4569 εἰς

2045 4506 2136 4564 cul
2170 4506 2351 4563 valere
2373 4506 2550 4581 jussa,
2589 4507 2860 4566 idolorum
2884 4508 3058 4566 cultui
3087 4507 3452 4569 adhaeserunt.
3468 4508 3608 4566 Hinc

453 4714 666 4788 "‘Gen.
697 4730 754 4779 v,
792 4712 883 4768 29.

439 4899 550 4983 (52)
569 4896 1127 4983 ’Ὑπερηςρανοῦτται
1147 4899 1598 4983 βασιλεύεσθαι.
1623 4900 1789 4983 Qu_asi
1811 4916 1936 4983 con-
1971 4904 2012 4958 D
2039 4916 2078 4983 Ρ·

1971 4904 2012 4958 D
2039 4899 2423 4983 prtedicatione
2449 4899 2555 4955 alio
2553 4906 2815 4983 “torquet.
2849 4898 2940 4955 Sic
2968 4900 3111 4983 enim
3140 4899 3229 4983 ille
3250 4898 3395 4983 hunc
3424 4899 3602 4955 locum

368 4970 564 5042 tempta
590 4971 901 5040 rejiciuntur
921 4985 983 5023 ne
998 4970 1209 5037 imperio
1235 4982 1501 5040 regantur,
1532 4978 1672 5025 etne
1694 4970 1930 5026 fructum
2039 4970 2429 5040 interpretatur
2455 4989 2469 5024 :
2501 4988 2519 5021 ι
2552 4970 2757 5042 Rejecti
2782 4979 2961 5026 tamen
2980 4979 3112 5042 sunt
3138 4978 3192 5027 et
3217 4971 3413 5042 spreti,
3429 4984 3606 5040 neque

367 5057 436 5098 ex
467 5039 851 5113 praedicatione
882 5039 1509 5113 consequantur;qnam
1545 5041 1751 5110 pridem
1781 5058 1933 5113 spre—
2037 5039 2200 5110 digni
2219 5042 2317 5096 visi
2349 5041 2587 5113 suntqui
2620 5039 2936 5110 regerentur
2955 5041 3047 5096 illo
3081 5039 3329 5110 imperio,
3362 5039 3416 5094 id
3439 5039 3604 5113 e_st,a

368 5109 500 5175 tam,
528 5112 639 5167 Noe
662 5112 962 5166 fabricante
982 5125 1188 5172 arcam,
1213 5109 1498 5182 aquis'jam
1529 5109 1716 5166 diluvii
1736 5109 1930 5183 pressi,
2038 5109 2373 5183 promulgata
2408 5109 2529 5166 illis
2546 5112 2661 5181 lege
2683 5109 3043 5183 juvarentur:
3079 5109 3435 5183 res’ponsante
3468 5109 3604 5183 ipsis

371 5198 493 5237 sera
525 5183 843 5253 paenitentia
885 5183 1229 5252 amplexuros
1270 5198 1329 5237 se
1357 5181 1774 5253 pollicebantur.
1809 5182 1933 5237 Haec
2041 5181 2339 5253 Spiritu'et
2379 5183 2763 5253 exprobrante,
2810 5182 2955 5252 quod
2990 5182 3355 5251 neglexissent
3395 5181 3600 5234 'monita

369 5252 1003 5323 certe’Methodiimens,
1032 5266 1192 5322 quam
1229 5260 1282 5306 et
1325 5252 1498 5323 magis
1523 5253 1782 5315 declarat,
1812 5268 1934 5323 quas
2038 5252 2226 5310 eorum
2258 5254 2349 5323 qui
2380 5252 2657 5323 Deijussu
2689 5268 2753 5308 ac
2793 5254 2961 5309 missu
3001 5253 3066 5304 ad
3111 5253 3258 5322 ipsos
3302 5257 3601 5319 venerant;

368 5321 639 5394 sequitur,
669 5321 904 5394 Spiritus
957 5321 1130 5394 sancti
1175 5321 1540 5394 esprohratio,
1596 5324 1672 5378 illi
1721 5321 1933 5394 gemina
2038 5333 2204 5394 atque
2234 5321 2410 5380 ai‘ente
2436 5343 2449 5377 :
2474 5322 2599 5378 lllos
2634 5324 2874 5392 quidem,
2903 5339 2936 5379 o
2958 5321 3330 5394 contumaces.
3351 5329 3603 5394 quos‘re-

366 5388 514 5463 quod
545 5388 772 5448 habetur
799 5390 957 5447 Prov.
983 5409 1021 5456 ι,
1048 5393 1119 5446 24
1152 5411 1165 5446 :
1199 5388 1337 5459 Quia
1362 5395 1558 5455 vocavi,
1586 5405 1635 5464 et
1660 5388 1930 5460 renuistis,
2032 5388 2243 5464 jec'istis
2267 5394 2622 5463 irrisistisque
2649 5388 2906 5447 salutaria
2946 5393 3097 5447 vobis
3135 5388 3455 5464 suadentes;
3487 5388 3600 5444 Noe

367 5461 496 5524 etc.,
524 5479 616 5534 ego
643 5478 839 5534 quoque
869 5465 923 5517 in
950 5464 1165 5518 interim
1189 5473 1356 5518 vestro
1385 5464 1580 5519 ridebo.
1612 5463 1742 5531 Quae
1770 5465 1931 5519 mina:
2033 5461 2286 5521 videlicet
2315 5480 2379 5519 ac
2410 5461 2551 5519 lilios
2578 5463 2716 5532 ejus,
2764 5478 2864 5534 ego
2904 5463 2958 5517 in
2988 5464 3092 5517 hoc
3132 5461 3450 5534 discrimine
3483 5476 3604 5516 ser-

366 5543 422 5589 et
454 5532 576 5590 illos
622 5532 862 5600 manent,
892 5537 997 5605 iqui
1048 5550 1150 5590 nec
1194 5534 1308 5605 lege
1332 5537 1537 5605 gratiae,
1573 5535 1749 5604 quoad
1781 5536 1926 5598 licet,
2037 5538 2177 5591 vabo
2225 5544 2279 5592 et
2325 5535 2672 5597 consolabor,
2721 5532 2865 5587 ultro
2912 5534 2981 5605 iis
3014 5532 3594 5605 suppetiasgveniens:

363 5605 543 5674 juvari
582 5606 821 5660 student.
875 5602 1138 5672 Quocirca
1187 5602 1295 5660 no'n
1337 5602 1480 5661 bene
1525 5602 1797 5676 (Allatius)
1836 5611 1927 5676 qui
2035 5624 2132 5663 vos
2161 5616 2339 5661 autem
2370 5606 2540 5660 malas
2579 5605 2821 5676 arbores,
2851 5604 3022 5676 “nullo
3072 5602 3369 5676 prudentiae
3415 5606 3597 5676 fructu

370 5671 555 5731 vocem
598 5671 1063 5746 ὑπερηφανοῦνται
1111 5676 1284 5731 active
1333 5671 1542 5740 reddit,
1579 5671 1927 5746 superbientes
2035 5679 2463 5738 commendatas,
2514 5682 2567 5730 et
2612 5674 2748 5728 nihil
2784 5671 3160 5746 ditl‘erentes‘ga
3201 5672 3362 5744 lignis
3404 5673 3595 5739 aridis,

365 5747 640 5819 imperium
668 5743 829 5815 supra
853 5756 1175 5819 seposcunt,
1208 5753 1336 5819 etc.,
1362 5747 1470 5819 imo
1488 5743 1851 5819 certe'rejecti
1873 5757 1927 5803 et
2033 5763 2253 5819 pessum
2277 5749 2373 5811 ire,
2410 5754 2467 5801 nt
2493 5746 2739 5819 coepistis
2762 5753 2817 5819 et
2840 5743 2988 5814 digni
3017 5744 3172 5819 estis,
3199 5743 3393 5819 patiar,
3422 5758 3598 5819 quan-

366 5814 530 5885 spreti
574 5826 723 5889 sunt,
757 5833 858 5874 nec
891 5817 1197 5889 digni_visi,
1243 5818 1335 5887 qui
1382 5818 1475 5872 illo
1522 5814 1744 5889 imperio
1776 5834 1929 5889 rege-
2032 5814 2104 5874 do
2131 5819 2285 5883 mihi,
2317 5831 2475 5889 antea
2500 5814 2828 5889 praedicanti;
2849 5816 3194 5889 praesentium
3220 5814 3487 5871 malorum
3510 5814 3590 5870 fu-

364 5899 570 5945 rentur.
593 5887 712 5945 Non
740 5888 874 5945 bene
900 5885 1026 5945 item
1049 5885 1330 5945 Possinius
1357 5903 1477 5960 qua:
1503 5888 1570 5945 de
1599 5885 1713 5947 Noe
1745 5885 1925 5961 spreta
2029 5905 2171 5957 qam,
2212 5889 2371 5946 ﬁdem
2405 5885 2661 5944 adhibere
2685 5887 2957 5943 noluistis.
2990 5905 3009 5940 ι
3043 5886 3331 5944 Counsns.
