4150 6468
501 386 609 444 199

1446 382 1506 439 S.
1549 381 1882 440 ΜΕΤΗΟΒΙΙ
1922 381 2232 438 EPISCOPI
2274 381 2361 437 ET
2406 377 2766 438 MARTYRIS

3621 386 3727 441 200

499 502 646 561 Deus
666 503 768 559 hos
802 518 1019 576 quoque
1040 502 1096 558 in
1128 503 1303 560 caedes
1338 512 1559 560 mutuas
1589 503 1832 567 tradidit,
1878 503 2060 576 fugas-

2172 503 2549 577 ὶλληλοφονίας
2589 506 2683 559 καὶ
2709 504 2984 575 δρασμοὺς
3022 504 3116 557 καὶ
3155 460 3528 575 αἰχμαλωσίας
3560 506 3731 577 παρέ-

501 612 608 668 que
639 612 701 650 ac
732 601 1076 667 captivitates
1127 615 1140 651 :
1187 597 1304 668 lege
1350 613 1468 669 ipsa
1497 598 1655 668 quasi
1686 598 1955 654 sentiente
2000 611 2064 651 ac

501 685 727 752 fatente,
758 704 818 744 se
839 687 949 743 illis
977 688 1205 743 salutem
1228 695 1487 758 praestare
1513 703 1623 743 non
1654 704 1838 759 posse.
1862 685 2065 757 Nempe

500 780 660 835 malis
688 780 859 835 attriti
883 789 1046 852 atque
1074 780 1280 843 aﬁlicti,
1316 780 1533 852 lugubri
1553 792 1708 852 gestu
1733 795 1796 835 ac
1818 780 2062 849 planctu,

501 869 701 926 iterum
746 888 806 927 se
869 873 1142 929 mandatis
1210 873 1570 928 obsecuturos
1633 872 2063 942 pollicebantur;

500 964 681 1039 quoad
710 963 854 1020 Deus
881 974 1136 1035 quartum
1174 966 1464 1022 miseratus
1507 964 1806 1028 hominem,
1845 963 2068 1019 castita—

499 1062 610 1111 tem
637 1071 809 1129 regno
834 1058 1128 1128 potituram
1155 1059 1373 1130 legavit,
1411 1073 1573 1129 quam
1627 1056 1907 1127 Scriptura
1933 1071 2068 1111 con-

503 1157 797 1219 sequenter
827 1151 1115 1207 rhamnum
1143 1153 1497 1222 nuncupavit.
1522 1150 1648 1206 Haec
1680 1149 1853 1221 rigide
1885 1155 2068 1204 auste-

501 1259 670 1313 reque
722 1244 1027 1314 absumptis
1076 1244 1447 1315 voluptatibus
1477 1242 1641 1298 etiam
1676 1240 2063 1303 comminatur,

502 1336 610 1390 nisi
634 1337 683 1391 ei
710 1351 901 1392 omnes
936 1337 1309 1392 indubitanter
1338 1337 1620 1399 obediant,
1664 1344 1719 1391 et
1750 1335 1804 1389 in
1839 1333 2069 1389 veritate

503 1427 569 1482 ad
602 1428 773 1498 ipsam
804 1430 1083 1492 accedant,
1133 1429 1247 1501 igni
1280 1438 1727 1498 consumpturam
1757 1428 2066 1482 universos.

503 1520 626 1576 Non
661 1522 803 1576 enim
828 1522 987 1574 aliam
1012 1530 1201 1591 postea
1236 1522 1477 1577 futuram
1510 1521 1682 1591 legem
1731 1527 1826 1573 aut
1864 1515 2072 1572 doctri-

503 1627 653 1676 nam,
684 1612 777 1668 sed
805 1612 1072 1681 judicium
1093 1621 1146 1669 et
1171 1614 1372 1684 ignem.
1399 1611 1475 1667 Ea
1496 1612 1911 1669 denuntiatione
1922 1609 2071 1678 juste

502 1704 760 1773 deinceps
814 1704 977 1760 homo
1024 1721 1185 1777 agere
1221 1706 1408 1777 coepit,
1452 1715 1505 1761 et
1548 1704 1660 1760 Deo
1695 1703 1920 1758 ﬁrmiter
1952 1716 2071 1756 cre-

2160 598 2301 652 δωκε
2333 598 2426 653 καὶ
2445 597 2685 663 τούτους,
2727 598 3152 667 ἀποδοξήσαντος
3185 598 3389 662 αὐτοὺς
3415 598 3606 663 σώζειν
3636 598 3730 653 τοῦ

2161 690 2353 761 νόμου·
2387 690 2459 755 οἶ,
2489 691 2627 762 μετά
2648 691 2709 745 τὸ
2733 691 3083 763 συνελαθῖψαι
3116 693 3229 755 τοῖς
3269 694 3477 756 κακοῖς,
3504 690 3731 746 ποτνιώ-

2165 800 2315 855 μενοι
2354 783 2512 837 πάλιν
2543 782 2936 854 ἐπηγγέλλοντο
2970 782 3281 853 πειθαρχεῖν
3302 784 3421 845 ταῖς
3457 782 3725 848 ἐντολαῖς·

2166 876 2356 947 μέχρις
2388 877 2417 929 6
2453 875 2604 939 Θεὸς,
2637 874 2892 945 τέταρτον
2921 874 3252 944 κατελεήσας
3292 875 3381 929 τὸν
3411 874 3728 947 ἄνθρωπον,

2161 965 2261 1036 τὴν
2328 965 2569 1034 Ἀγνείαν
2633 966 2917 1020 ἀπέστειλε
2968 964 3318 1035 βασιλεῦσαι,
3372 967 3437 1037 ἢν
3500 967 3731 1038 Ῥάμνον

2165 1057 2468 1122 ἀκολούθως
2508 1058 2763 1113 ἐκάλεσεν
2798 1059 3059 1130 ήΓραφή.
3092 1060 3269 1123 Ἦτις,
3303 1058 3731 1114 καταναλώσασα

2164 1146 2262 1211 τὰς
2307 1148 2533 1220 ἡδονὰς,
2592 1149 2684 1203 καὶ
2724 1149 3064 1220 ἀπειλήσασα
3113 1149 3333 1215 λοιπὸν,
3380 1152 3428 1203 εί
3470 1151 3543 1222 μὴ
3592 1152 3730 1225 αὐτῇ

2166 1238 2365 1303 πάντες
2393 1240 2776 1304 ἀνενδοιάστως
2810 1241 2904 1293 καὶ
2939 1243 2995 1294 ὲν
3039 1240 3265 1313 ἀληθείᾳ
3314 1243 3731 1314 προσέρχοιντο,

2166 1332 2297 1403 πυρὶ
2354 1332 2798 1404 καταδαπανήσαι
2851 1334 3074 1397 πάντας.
3124 1334 3236 1387 Οὐκ
3294 1334 3373 1388 ἔτι
3430 1336 3538 1409 γὰρ
3594 1338 3734 1408 μετά

2165 1424 2369 1496 ταύτην
2407 1424 2622 1479 ἔσεσθαι
2675 1424 2901 1496 νόμονῆ
2952 1425 3294 1480 διδασκαλίαν
3347 1429 3555 1500 ἑτέραν,
3597 1430 3735 1488 ἀλλά

2168 1515 2347 1585 κρίσιν
2378 1515 2470 1568 καὶ
2514 1514 2643 1587 πῦρ.
2679 1515 2788 1570 Καὶ
2829 1515 2917 1570 διά
2966 1516 3122 1570 τοῦτο
3179 1518 3360 1571 λοιπὸν
3409 1520 3733 1576 ἀπεντεῦθεν

2169 1606 2576 1678 δικαιοπραγεῖν
2625 1609 2653 1660 6
2707 1607 2988 1679 ἄνθρωπος
3041 1607 3261 1679 ἤρξατο,
3314 1611 3406 1664 καὶ
3458 1613 3735 1669 πιστεύειν

2173 1696 2401 1768 βεϐαίως
2444 1699 2520 1770 τῷ
2569 1699 2715 1770 Θεῷ,
2760 1702 2852 1753 καὶ
2898 1699 3281 1772 ἀποσχίζεσθαι
3329 1703 3422 1757 τοῦ
3466 1703 3733 1759 διαϐόλου.

501 1796 630 1853 dere
662 1814 829 1868 seque
852 1814 884 1853 a
913 1799 1133 1853 diabolo
1155 1799 1468 1870 abiungere.
1504 1796 1595 1852 Sic
1631 1797 1981 1853 utilissimum
2006 1809 2070 1848 ac

2172 1788 2356 1852 Οὕτως
2387 1789 2806 1861 ὠφελιμώτατον
2834 1792 2925 1844 καὶ
2970 1792 3181 1863 ἀρωγὸν
3219 1795 3576 1867 κατεπέμφθη
3622 1799 3736 1861 τοῖς

501 1890 743 1947 salutare
792 1889 935 1947 Deus
977 1890 1292 1945 hominibus
1345 1890 1496 1945 misit
1544 1876 1829 1956 auxilium,
1877 1901 2072 1956 nempe

2172 1879 2478 1951 ἀνθρώποις
2523 1882 2731 1951 ἁγνεία.
2770 1884 2951 1954 Μάνης
2988 1861 3095 1955 έάρ
3125 1885 3297 1954 αὐτῆς
3327 1861 3613 1958 ἀντίμιμον
3635 1889 3737 1945 οὐκ

502 1985 838 2039 castitatem.
889 1982 1161 2038 Nimirum
1204 1998 1312 2037 una
1363 1982 1478 2037 haec
1523 1988 1629 2043 est,
1670 1995 1832 2051 quam
1865 1978 2068 2033 imitari

2176 1972 2390 2043 ίσχυσεν
2425 1974 2757 2045 ἐργάσασθαι
2784 1976 2917 2046 πρὸς
2941 1976 3154 2047 ἀπάτην
3192 1977 3221 2029 6
3264 1977 3523 2049 διάϐολος,
3550 1982 3737 2058 ὥσπερ

497 2084 617 2132 arte
640 2077 780 2130 mala
817 2076 1047 2146 ejusque
1078 2074 1329 2147 efﬁngere
1382 2074 1739 2130 simulacrum
1786 2072 1853 2127 ad
1908 2071 2070 2127 sedu—

2174 2065 2396 2119 καὶτῶν
2418 2066 2591 2121 ἄλλων
2620 2067 3090 2141 νομοθετημάτων.

498 2167 757 2232 cendum,
782 2168 1036 2223 diabolus
1070 2168 1292 2224 minime
1325 2167 1522 2238 potuit,
1565 2166 1709 2221 sicut
1752 2165 1810 2219 in
1839 2163 1963 2218 aliis
1991 2163 2068 2219 le-

500 2260 660 2332 gibus
685 2276 807 2317 sese
839 2275 928 2316 res
959 2260 1247 2315 habuerat.

954 2378 1081 2433 Cn.
1118 2376 1180 2433 V.
1217 2377 1429 2431 Diaboli
1460 2375 1653 2432 (amula
1672 2376 1727 2429 in
1757 2374 1998 2429 omnibus
2025 2369 2353 2441 malignitas.
2391 2368 2509 2422 Duo
2535 2385 2726 2440 genera
2751 2371 2949 2441 ﬁcuum
2989 2382 3039 2427 et
3072 2376 3278 2430 vitium.

573 2501 711 2558 Cum
745 2498 890 2557 enim
927 2500 1083 2563 ﬁcus,
1120 2498 1199 2552 uti
1244 2498 1513 2561 dicebam,
1547 2511 1652 2566 qua
1686 2502 1908 2566 praestat
1960 2492 2075 2548 fru-

501 2604 626 2654 ctus
673 2593 961 2651 dulcedine
1011 2594 1409 2666 elegantiaque,
1456 2593 1774 2647 deliciarum
1830 2587 2072 2662 paradisi

500 2696 631 2761 typo
680 2693 993 2743 assumatur
1026 2701 1040 2737 :
1078 2685 1240 2740 rebus
1269 2685 1346 2738 illi
1379 2682 1591 2737 aemulis
1637 2680 1922 2737 seductum
1972 2680 2073 2734 ho-

503 2780 706 2837 minem
739 2778 991 2834 diabolus
1022 2777 1203 2848 praada
1235 2775 1399 2844 cepit,
1445 2773 1574 2828 dum
1623 2771 1766 2825 nuda
1824 2771 2072 2841 corporis

501 2873 625 2946 ejus
654 2872 869 2928 fruticis
900 2870 1045 2925 foliis
1075 2876 1364 2938 contegere
1389 2864 1662 2936 persuasit
1688 2883 1700 2917 :
1730 2863 1833 2917 hoc
1878 2878 2073 2933 nempe

504 2981 692 3039 agens,
724 2972 783 3020 ut
806 2964 1044 3018 molliter
1073 2961 1265 3017 scabra
1299 2959 1384 3013 ﬁci
1434 2958 1586 3022 folia,
1620 2956 1953 3029 proritandze
1979 2971 2070 3011 es-

504 3065 630 3114 sent
664 3056 896 3112 libidini.
931 3056 1039 3110 Eos
1069 3069 1262 3108 rursus
1293 3052 1387 3122 qui
1424 3066 1490 3106 ex
1518 3050 1724 3105 diluvio
1770 3049 2071 3103 incolumes

2242 2490 2355 2560 Τῆς
2386 2489 2495 2562 γὰρ
2540 2490 2728 2561 συκῆς,
2757 2492 2832 2556 ὡς
2861 2492 3015 2563 ἔφην,
3045 2493 3132 2549 διὰ
3177 2496 3273 2567 τὴν
3317 2496 3612 2566 γλυκασίαν
3642 2499 3737 2555 τοῦ

2172 2581 2384 2653 καρποῦ
2418 2581 2512 2636 καὶ
2543 2583 2634 2637 τὸν
2663 2582 2939 2655 ὡραϊσμὸν
2964 2586 3021 2637 ἐν
3046 2584 3197 2658 τύπῳ
3220 2587 3316 2658 τῆς
3341 2589 3397 2641 ἐν
3427 2590 3739 2664 παραδείσῳ

2171 2671 2381 2742 τρυφῆς
2430 2671 2894 2743 παραληφθείσης,
2928 2677 3041 2737 τοῖς
3068 2675 3375 2745 ἀντιμίμοις
3405 2677 3571 2747 αύτῆς
3599 2679 3738 2732 ἀπο-

2174 2764 2529 2836 ϐουκολήσαςι
2551 2765 2640 2817 τὸν
2691 2764 2973 2837 ἄνθρωπον
3000 2769 3028 2821 6
3058 2767 3299 2833 διάϐολος
3348 2771 3605 2843 ήγρευσε,
3636 2771 3738 2845 τὴν

2172 2857 2441 2929 γύμνασιν
2475 2857 2708 2927 καλύψαι
2740 2859 2933 2923 πείσας
2963 2859 3056 2913 τοῦ
3087 2863 3333 2933 σώματος
3365 2864 3613 2929 πετάλοις
3647 2881 3742 2919 συ-

2174 2950 2309 3021 κῆς’
2356 2950 2384 3002 ὅ
2434 2949 2685 3013 ὲστι,.διά
2731 2951 2792 3004 τὸ
2841 2954 3177 3023 κνησμῶδες,
3224 2959 3401 3027 τρυφῇ
3454 2957 3736 3029 φιληδόνῳ.

2173 3042 2311 3105 Τοὺς
2336 3041 2393 3095 δὲ
2424 3060 2489 3095 πε
2501 3042 2823 3113 ρισωθέντας
2848 3041 3003 3109 αὖθις
3029 3048 3091 3100 ἐκ
3111 3046 3201 3101 τοῦ
3225 3048 3625 3120 κατακλυσμοῦ,
3651 3049 3741 3106 διὰ

506 3148 742 3214 fuerant,
781 3148 851 3203 ob
877 3146 1175 3213 spiritalem
1220 3144 1636 3213 laetitiatyitem,
1676 3158 1781 3197 non
1820 3141 2072 3197 dissimili

2173 3132 2272 3203 τὴν
2303 3132 2401 3203 τῆς
2440 3135 2809 3205 πνευματικῆς
2830 3136 3160 3207 εύφροσύνης
3185 3137 3442 3209 ἄμπελον,
3465 3139 3741 3214 ἀντιμίμῳ

507 3249 641 3314 potu
685 3240 985 3297 inebriatos
1018 3239 1229 3306 derisit,
1270 3236 1489 3293 virtutis
1534 3236 1712 3293 denuo
1757 3236 2073 3290 indumento

504 3333 777 3391 hominem
819 3332 1053 3387 nudans.
1106 3329 1345 3401 Indeque
1386 3329 1732 3385 manifestius
1779 3329 1883 3384 erit
1928 3326 2071 3400 quod

501 3429 648 3485 dico.

573 3488 900 3576 Adv’ersaria
944 3525 1187 3590 potestas
1232 3531 1448 3587 semper
1480 3514 1698 3571 virtutis
1743 3528 1807 3568 ac
1846 3512 2073 3583 iustitiae

506 3612 743 3682 speciem
783 3612 1101 3680 cultumque
1148 3607 1456 3670 aemulatur,
1490 3622 1597 3662 non
1628 3612 1686 3659 ut
1727 3611 1977 3659 exerceat
2006 3602 2072 3657 ad

393 3712 400 3719 '
506 3704 781 3774 pietatem,
812 3701 906 3758 sed
939 3708 997 3754 ut
1037 3700 1279 3754 fraudem
1311 3699 1474 3754 faciat
1502 3708 1555 3753 et
1589 3698 1935 3754 simulatione
1964 3697 2076 3751 elu-

505 3793 618 3848 dat.
646 3792 717 3847 Ut
743 3794 887 3848 enim
919 3807 1015 3847 eos
1040 3793 1132 3861 qui
1184 3800 1413 3846 mortem
1462 3791 1696 3861 fugiant,
1737 3790 1804 3845 ad
1838 3798 2070 3845 mortem

509 3884 765 3939 illecebra
802 3884 1003 3952 capiat,
1047 3880 1476 3937 immortalitatis
1517 3883 1756 3938 exterius
1794 3880 2073 3937 coloribus

508 3975 747 4031 fucatur.
794 3974 972 4045 Atque
1017 3974 1142 4027 hinc
1190 3981 1294 4038 est,
1331 3980 1392 4028 ut
1438 3971 1575 4027 ﬁcus
1605 3980 1698 4026 aut
1729 3973 1853 4028 vitis
1900 3969 2074 4025 videri

504 4068 655 4134 velit,
677 4073 731 4123 et
762 4081 883 4138 quae
931 4065 1237 4120 dulcedinis
1268 4080 1331 4121 ac
1365 4065 1567 4120 lzetitiae
1597 4063 1828 4119 fecunda
1875 4079 2073 4135 parens

504 4159 752 4223 exsistat,
786 4156 1182 4213 translormans
1214 4171 1274 4211 se
1312 4155 1369 4212 in
1405 4154 1655 4226 angelum
1684 4154 1823 4211 lucis
1843 4154 1910 4221 ",
1936 4154 2075 4209 mul-

504 4257 700 4321 tosque
732 4248 1014 4320 religionis
1045 4247 1225 4318 specie
1255 4246 1580 4317 illaqueans.

577 4342 697 4399 Duo
725 4343 869 4398 enim
900 4358 1022 4398 esse
1064 4355 1264 4413 genera
1310 4339 1509 4397 ﬁeuum
1541 4339 1843 4413 vitiumque
1883 4341 1937 4396 in
1984 4354 2074 4395 sa-

504 4436 616 4491 cris
656 4435 855 4491 litteris
882 4435 1207 4506 reperimus.
1262 4431 1425 4487 Ficus
1464 4433 1649 4501 bonas,
1696 4433 1859 4489 bonas
1895 4432 2068 4497 valde,
2105 4475 2147 4530 Β

505 4536 561 4584 et
583 4529 716 4598 ﬁcus
748 4544 986 4592 amaras,
1011 4544 1226 4581 amaras
1258 4525 1409 4582 ualde
1430 4528 1496 4581 ³⁷.
1543 4524 1739 4580 Vinum
1787 4526 2070 4596 laniﬁcam

506 4638 597 4676 cor
631 4620 996 4688 hominum”;
1033 4627 1106 4684 et,
1155 4621 1330 4674 uinum
1378 4620 1608 4689 furorem
1661 4618 1982 4681 draconum,
2022 4627 2072 4672 et

507 4713 739 4782 furorem
765 4711 1004 4782 aspidum
1029 4712 1376 4767 insanabilem
1400 4714 1468 4767 θ’.
1496 4711 1694 4767 Verum
1725 4727 1793 4766 ex
1826 4726 1934 4781 quo
1958 4710 2071 4780 jam

507 4807 734 4863 castitas
807 4806 1087 4861 hominum
1154 4806 1443 4877 imperium
1521 4805 1679 4868 iniit,
1733 4803 2073 4874 deprehensa

509 4900 664 4957 fraus
689 4909 777 4956 est
819 4907 983 4970 atque
1031 4900 1265 4963 devicta,
1292 4906 1570 4956 evertente
1612 4900 1759 4954 illam
1798 4898 2072 4970 virginum

504 4990 752 5063 principe
779 4988 1000 5046 Christo
1034 5006 1304 5061 :veraque
1337 4990 1472 5046 adeo
1522 4990 1659 5046 ﬁcus
1686 5000 1741 5046 et
1786 5004 1914 5045 vera
1944 4988 2075 5043 vitis

506 5077 866 5143 fructiﬁcant,
910 5085 1198 5148 postquam
1246 5079 1303 5134 in
1345 5094 1537 5135 omnes
1582 5080 1756 5135 evasit
1804 5078 2073 5135 castitatis

506 5168 840 5234 dominatus,
882 5170 960 5225 uti
1002 5179 1057 5226 et
1081 5169 1200 5225 Joel
1252 5170 1519 5241 propheta
1567 5171 1806 5227 ominate
1858 5185 2073 5224 annun-

505 5262 626 5330 tiat,
646 5262 887 5333 Conﬁde,
914 5272 1077 5327 terra,
1097 5262 1307 5327 dicens,
1324 5262 1494 5333 gaude
1523 5272 1572 5317 et
1591 5265 1793 5328 lictore,
1821 5263 2071 5333 quoniam

508 5356 869 5425 magniﬁcavit
906 5355 1165 5411 Dominus
1201 5364 1260 5410 ut
1299 5356 1513 5427 faceret.
1561 5354 1845 5427 Conﬁdite,
1883 5371 2073 5426 pecora

507 5449 700 5518 campi,
717 5449 967 5519 quoniam
987 5451 1350 5520 germinat-unt
1380 5453 1550 5520 campi
1585 5448 1912 5512 solitudinis,
1942 5465 2074 5519 quo-

506 5539 656 5595 niam
695 5541 894 5612 lignum
919 5542 1098 5598 attulit
1125 5542 1357 5614 fructum
1382 5560 1555 5611 suum,
1587 5544 1707 5598 vilis
1736 5553 1787 5598 et
1820 5544 1951 5612 ﬁcus
1980 5541 2073 5597 de-

507 5628 696 5687 derunt
732 5635 974 5690 virtutem
1006 5652 1177 5692 suam.
1206 5635 1277 5691 Et
1305 5636 1408 5706 ﬁlii
1440 5634 1588 5707 Sion,
1608 5638 1869 5694 cxsnltate
1896 5644 1946 5690 et
1977 5635 2072 5689 ιω-

594 5817 641 5850 ⁹⁸
671 5816 735 5875 ιι
760 5818 884 5876 Cor.
908 5836 986 5887 ιι,
1021 5823 1109 5879 ιι.
1206 5822 1252 5856 ’⁷
1278 5822 1393 5883 Jer.
1420 5842 1570 5895 xxxv,
1595 5828 1648 5883 5.

2174 3225 2376 3295 πόματι
2430 3224 2683 3295 μεθύσας,
2720 3228 3080 3297 κατεχλεύασε
3128 3230 3308 3294 πάλιν,
3344 3233 3742 3305 ἀπογυμνώσας

2172 3318 2263 3370 τὸν
2295 3316 2576 3388 ἄνθρωπον
2618 3318 3038 3391 ἀρετῆς.Ἔσται
3082 3323 3139 3377 δὲ
3182 3325 3512 3400 σαφέστερον
3542 3329 3744 3400 μᾶλλον

2173 3409 2419 3462 ἐντεῦθεν
2446 3410 2475 3463 ὃ
2512 3409 2671 3479 λέγω.
3606 3414 3611 3419 ’

2257 3501 2322 3555 ἸΙ
2365 3502 2710 3573 ἀντικειμένη
2755 3504 2980 3575 δύναμις
3012 3507 3095 3561 ἀεὶ
3138 3514 3383 3582 μιμεῖται
3418 3513 3516 3584 τῆς
3541 3515 3746 3588 ἀρετῆς

2173 3594 2390 3665 καὶτῆς
2431 3595 2771 3667 δικαιοσύνης
2812 3598 2878 3652 τά
2922 3601 3194 3671 σχήματα,
3228 3604 3289 3657 ού
3331 3604 3466 3676 πρὸς
3512 3607 3744 3678 ἄσκησιν

2175 3686 2311 3741 κατά
2340 3686 2616 3759 ἀλήθειαν,
2645 3689 2778 3743 ἀλλά
2802 3692 2936 3763 πρὸς
2956 3694 3169 3768 ἀπάτην
3199 3698 3289 3750 καὶ
3314 3699 3742 3770 ὑπόκρισιν.Ἵνα

2175 3779 2284 3851 γὰρ
2311 3780 2535 3854 δελεάσῃ
2568 3782 2702 3854 πρὸς
2725 3783 2952 3837 θάνατον
2977 3788 3104 3850 τοὺς
3141 3788 3436 3857 φεύγοντας
3467 3791 3559 3845 τὸν
3587 3792 3745 3845 Θάναά

2172 3891 2283 3939 τον,
2315 3874 2607 3941 ἀθανασίας
2654 3877 2848 3945 ἔξωθεν
2881 3878 3275 3945 καλλωπίζεται
3323 3889 3741 3956 σχηματισμοῖς.

2174 3966 2283 4019 Καὶ
2329 3966 2499 4039 ταύτῃ
2538 3968 2674 4039 συκῆ
2707 3969 2953 4038 βούλεται
2985 3970 3294 4041 νομίζεσθαι
3340 3975 3432 4027 καὶ
3480 3976 3741 4047 ἄμπελος,

2174 4061 2269 4113 καὶ
2299 4060 2612 4133 γλμκύτητα
2653 4065 2748 4116 καὶ¹
2796 4063 3376 4139 εύφροσύνηνγεννᾷν,
3406 4070 3486 4132 είς
3514 4070 3744 4140 ἄγγελον

2178 4154 2758 4227 μετασχηματιζομένη
2799 4158 2995 4227 φωτὸς,
3027 4159 3117 4211 καὶ
3164 4163 3510 4233 προσχήματι
3558 4163 3742 4218 θεοσε-

2176 4244 2328 4310 ϐείας
2353 4246 2677 4312 δελεάζουσα
2706 4248 2953 4314 πολλούς.

2246 4338 2349 4393 Δύο
2373 4340 2480 4412 γὰρ
2505 4338 2641 4394 εῖναι
2667 4341 2926 4414 διαφορὰς
2957 4345 3164 4399 συκέων
3191 4347 3281 4400 καὶ
3310 4349 3567 4419 ἀμπέλων
3593 4352 3744 4424 εύρί-

2177 4448 2376 4505 σκομεν
2408 4435 2466 4487 ἐν
2500 4437 2617 4499 ταῖς
2646 4436 2904 4507 Γραςραῖς.
2932 4437 3095 4493 Σῦκα
3128 4438 3196 4493 τὰ
3227 4442 3477 4509 χρηστὰ,
3513 4446 3748 4513 χρηστά

2178 4526 2352 4581 λίαν·
2383 4529 2497 4594 καὶ,
2543 4529 2705 4585 σῦκα
2729 4530 2800 4584 τὰ
2830 4532 3027 4598 πικρὰ,
3057 4533 3235 4601 πικρὰ
3254 4536 3413 4587 λίαν.
3450 4531 3627 4589 οἶνον
3650 4539 3747 4591 εὐ-

2178 4620 2505 4688 φραίνοντα
2551 4620 2799 4690 καρδίαν
2843 4622 3182 4692 ἀνθρώπων,
3224 4628 3315 4679 καὶ
3349 4622 3514 4681 οἶνον
3559 4629 3747 4699 θυμὸν

2180 4711 2518 4780 δρακόντων
2542 4714 2638 4767 καὶ
2679 4714 2869 4784 θυμὸν
2903 4716 3175 4771 ἀσπίδων
3214 4718 3479 4773 ἀνίατον.
3499 4720 3635 4774 Ἀλλ’
3653 4723 3745 4792 ἀφ’

2178 4799 2239 4858 οὒ
2272 4804 2455 4858 λοιπὸν
2495 4805 2840 4861 ἐϐασίλευσεν
2870 4808 3060 4873 ἁγνεία
3103 4809 3209 4863 τῶν
3240 4810 3562 4883 ἀνθρώπων,
3596 4813 3749 4883 ἐλέγ-

2180 4894 2282 4967 χθη
2318 4896 2351 4966 ἡ
2385 4895 2560 4967 πλάνη
2608 4897 2704 4951 καὶ
2735 4899 3033 4971 νενίκηται,
3060 4900 3151 4954 τοῦ
3179 4901 3577 4974 ἀρχιπαρθένου
3610 4905 3748 4977 Χρι-

2183 4990 2310 5041 στοῦ
2340 4988 2815 5061 καταστρέψαντος
2842 4991 3013 5063 αύτήν
3036 5008 3049 5022 ’
3076 4996 3171 5046 καὶ
3194 4995 3226 5063 ή
3250 4992 3475 5064 ἀληθινή
3497 4995 3631 5064 συκῆ
3655 4995 3750 5049 καὶ

2180 5081 2214 5151 ἡ
2248 5080 2471 5152 ἀληθινὴ
2501 5082 2742 5153 ἄμπελος
2764 5085 3191 5157 καρποφοροῦσι,
3225 5085 3363 5156 μετά
3393 5085 3454 5139 τὸ
3480 5087 3751 5158 κρατῆσαι

2179 5172 2397 5227 πάντων
2438 5174 2678 5243 ἁγνείαν,
2729 5176 2976 5249 καθάπερ
3005 5179 3098 5230 καὶ
3130 5176 3280 5249 Ἰωήλ
3298 5179 3327 5230 6
3354 5179 3638 5250 προφήτης
3664 5178 3753 5233 εὑ-

2180 5264 2543 5335 αγγελίζεταιο
2581 5267 2815 5336 Θάρσει,
2844 5268 2942 5338 τῆ,
2984 5268 3176 5337 λέγων,
3205 5268 3299 5321 καὶ
3322 5269 3487 5337 χαῖρε
3514 5270 3611 5323 καὶ
3648 5271 3750 5323 εὐ-

2178 5359 2454 5428 φραίνου,
2485 5360 2573 5415 ὅτι
2592 5361 2921 5433 ἐμεγάλυγε
2949 5364 3163 5431 Κύριος
3185 5361 3291 5416 τοῦ
3316 5362 3581 5431 ποιῆσαι.
3608 5365 3753 5431 Θαρ-

2179 5451 2360 5516 σεῖτε,
2393 5453 2582 5523 κτήνη
2609 5455 2713 5510 τοῦ
2739 5456 2972 5521 πεδίου,
3005 5456 3094 5510 ὅτι
3131 5455 3512 5525 βεϐλάστηκε
3545 5456 3617 5509 τὰ
3646 5471 3750 5510 πε-

2178 5545 2277 5600 δία
2309 5547 2417 5617 τῆς
2440 5549 2665 5618 ἐρήμου
2690 5589 2704 5614 ,
2741 5549 2830 5603 ὅτι
2864 5549 3056 5614 ξύλον
3102 5548 3318 5620 ἤνεγκε
3365 5550 3473 5604 τὸν
3521 5548 3754 5619 καρπὸν

2176 5638 2362 5693 αὑτοῦ
2385 5657 2397 5670 ·
2434 5640 2700 5711 ἄμπελος
2728 5643 2825 5696 καὶ
2850 5622 3015 5712 (Iunii
3037 5641 3265 5697 ἔδωκαν
3292 5643 3406 5711 τὴν
3446 5641 3627 5713 ίσχὺν
3646 5641 3752 5703 αὑ-

1745 5827 1791 5861 ⁹⁸
1827 5825 1980 5889 Ριοί.
2009 5843 2125 5896 cut,
2162 5827 2249 5885 l5.
2316 5832 2360 5864 ”
2383 5828 2540 5886 Deut.
2576 5844 2747 5898 nm,
2776 5828 2863 5885 33.
