4150 6436
515 363 624 421 203

1410 360 1470 419 S.
1513 361 1850 419 METHODll
1883 364 2198 422 EPISCOPI
2233 366 2320 422 ET
2361 368 2722 426 MARTYRIS

3661 380 3771 434 204

515 481 604 538 Dei
641 481 816 536 oleum
855 477 1295 542 subministrent,
1330 487 1391 533 ut
1432 479 1631 536 divina:
1675 481 1858 537 lumen
1889 483 2069 554 cogni-

2179 484 2584 557 δορυφοροῦσας
2617 487 2707 540 τὸν
2736 487 2867 542 Θεόν
2886 505 2900 518 ⁸
2937 490 2992 543 αί
3023 489 3081 543 ἐν
3108 488 3188 561 τῷ
3218 490 3352 563 οἴκῳ
3380 492 3510 565 περὶ
3542 492 3602 547 τὸ
3628 494 3773 563 σχοί-

509 575 675 628 tionis
705 572 918 626 habeat.
952 569 1070 625 Duo
1103 585 1341 642 namque
1371 571 1509 626 rami
1534 571 1768 627 duarum
1796 575 2088 641 olivarum,

510 666 594 719 lex
635 670 764 718 sunt
811 671 866 717 et
899 663 1182 733 prophetae
1207 664 1357 717 circa
1408 662 1712 719 funiculum
1757 665 2090 724 haereditatis

506 765 812 819 versantes,
846 771 1082 825 quorum
1109 766 1299 811 auctor
1323 755 1579 812 Christus
1610 766 1665 812 et
1695 755 1935 829 Spiritus
1961 775 2089 814 san-

505 854 662 915 ctus;
696 863 822 903 cum
850 849 1086 904 necdum
1119 850 1224 921 ipsi
1258 850 1495 905 fructum
1542 852 1814 921 integrum
1863 853 2088 907 harum-

504 955 613 1012 que
655 942 967 1012 plantarum
1023 942 1451 1013 magnitudinem
1510 957 1707 1013 capere
1759 958 2082 1015 possemus,

503 1033 828 1104 priusquam
880 1034 1110 1089 castitas
1143 1035 1329 1089 mundi
1376 1035 1744 1106 principatum
1792 1036 2083 1106 arriperet,

502 1142 742 1197 eumque
786 1128 1017 1199 imperio
1071 1136 1329 1200 regeret:
1375 1128 1471 1183 sed
1522 1129 1765 1198 ipsarum
1817 1128 2085 1182 duntaxat

502 1233 713 1285 ramos,
746 1220 918 1291 legem
950 1220 1159 1276 scilicet
1187 1228 1240 1276 et
1269 1220 1584 1291 prephetas,
1616 1227 1778 1290 atque
1799 1219 1852 1274 id
1876 1220 2085 1275 medio-

502 1310 695 1376 criter,
726 1313 925 1382 saepius
954 1312 1210 1367 nimirum
1244 1312 1506 1383 prolapsi,
1534 1311 1591 1365 in
1615 1319 1958 1366 antecessum
1989 1326 2085 1367 cx-

500 1405 796 1460 coluimus.
829 1404 964 1472 Quis
1010 1407 1156 1462 enim
1197 1406 1478 1462 Christum
1526 1412 1621 1459 aut
1652 1404 1915 1474 Spiritum
1958 1421 2085 1476 per-

500 1495 645 1552 fecte
677 1512 939 1567 unquam,
977 1497 1083 1552 nisi
1113 1496 1238 1551 vitae.
1278 1496 1433 1567 prius
1458 1495 1726 1551 munditia
1763 1493 1957 1561 fretus,
1990 1509 2084 1549 ca-

498 1603 629 1659 pere
653 1590 868 1658 potuit?
894 1589 1026 1656 Qlue
1046 1590 1192 1647 enim
1216 1589 1285 1644 ad
1311 1589 1539 1660 gloriam
1565 1587 1987 1643 desiderabilem
2017 1602 2082 1641 ac

497 1680 785 1734 amabilem
818 1694 847 1732 a
874 1696 1046 1749 puero
1069 1680 1313 1735 animum
1344 1684 1617 1749 prmparat
1650 1676 1991 1739 exercitatio,
2028 1687 2083 1730 et

496 1770 645 1826 hunc
674 1771 750 1825 illi
784 1772 991 1827 cultum
1028 1787 1154 1827 cum
1195 1772 1308 1826 otio
1353 1777 1530 1824 tutum
1562 1769 1843 1839 importat,
1887 1782 1951 1822 ac
1982 1782 2081 1837 pro

2194 595 2360 648 νισμα
2406 578 2493 632 διὰ
2534 579 2643 633 τῶν
2685 579 2895 635 κλάδων
2927 581 3351 655 ἐπιχορηγοῦσαι
3381 582 3443 637 τὸ
3468 601 3771 656 πνευματι-

2193 668 2285 720 κὸν
2317 668 2494 723 ἔλαιον
2525 670 2619 723 τοῦ
2648 670 2805 737 Θεοῦ,
2835 671 2920 725 ίνα
2946 672 3062 741 φῶς
3094 672 3190 744 ἐχῃ
3226 672 3376 737 θείας
3400 673 3674 743 γνώσεως.
3706 677 3771 729 Ol.

2189 760 2297 831 γὰρ
2323 761 2415 815 δύο
2439 761 2621 816 κλάδοι
2666 763 2774 817 τῶν
2813 762 2905 817 δύο
2941 763 3161 832 ἐλαιῶν,
3190 767 3219 818 ό
3246 766 3409 837 νόμος
3449 768 3556 821 cici.
3588 767 3685 822 καὶ
3721 771 3771 822 ot

2190 852 2485 922 προφῆται,
2508 855 2556 906 οἱ
2584 871 2648 906 πε
2659 854 2710 926 pl.
2736 854 2796 908 τὸ
2827 854 3114 927 σχοίνισμα
3134 857 3233 926 τῆς
3261 857 3628 929 κληρονομίας
3650 860 3772 913 ἐπι-

2187 943 2499 1014 κληθέντες,
2531 943 2624 1008 οὒς
2656 946 2988 1017 ὲδλάστησεν
3010 951 3038 1001 ό
3076 947 3310 1018 Χριστὸς
3334 950 3429 1002 καὶ
3465 950 3524 1003 τὺ
3545 950 3773 1023 Πνεῦμα

2186 1034 2245 1088 τὸ
2274 1034 2449 1102 ἅγιον,
2485 1036 2639 1088 οἷπω
2678 1034 2995 1106 δυναμένων
3020 1034 3177 1107 ἡμῶν
3204 1038 3450 1110 χωρῆσαι
3494 1039 3587 1093 τὸν
3635 1059 3773 1113 καρ-

2187 1124 2286 1177 πὸν
2331 1125 2471 1189 ὅλον,
2507 1125 2601 1179 καὶ
2647 1126 2706 1179 τὸ
2748 1126 2977 1197 μέγεθος
3005 1126 3114 1179 τῶν
3153 1128 3333 1198 φυτῶν
3380 1129 3605 1195 τούτων,
3640 1133 3772 1203 πρὶν

2185 1216 2348 1288 ἄρξαι
2368 1216 2463 1270 τοῦ
2492 1218 2698 1289 κόσμου
2740 1220 2834 1273 καὶ
2875 1219 3192 1289 βασιλεῦσαι
3226 1221 3322 1293 τὴν
3348 1222 3599 1290 ἁγνείαν·
3636 1225 3772 1281 ἀλλὰ

2183 1310 2310 1372 τοὺς
2344 1308 2572 1375 κλάδους
2599 1311 2780 1364 αὐτῶν
2816 1311 2997 1382 μόνον,
3028 1313 3119 1366 τὸν
3153 1313 3335 1384 Νόμον
3365 1315 3527 1370 οἱονεὶ
3550 1318 3643 1372 καὶ
3659 1318 3771 1391 ίτὴν

2184 1402 2540 1471 προφητείαν,
2584 1403 2814 1475 πρόσθεν
2843 1407 3289 1478 ἐγεωργήσαμεν,
3338 1410 3632 1466 καὶταῦτα
3667 1430 3770 1483 με-

2181 1493 2369 1564 τρίως,
2404 1494 2661 1558 πολλάκις
2688 1494 3142 1568 διολισθήσαντες.
3172 1500 3269 1563 Τίς
3316 1500 3427 1574 γὰρ
3472 1503 3710 1575 Χριστὸν
3734 1505 3769 1577 ἢ

2182 1584 2243 1637 τὸ
2271 1584 2496 1655 Πνεῦμα
2527 1585 2731 1639 τέλειον
2762 1586 2949 1657 ἴσχυσε
2977 1590 3223 1661 χωρῆσαι
3254 1609 3404 1661 ποτε,
3458 1594 3534 1665 μὴ
3595 1596 3769 1650 καθα-

2186 1676 2381 1746 ρεύσας
2413 1676 2669 1748 πρῶτον;
2714 1677 2778 1730 Ἡ
2806 1677 2912 1749 γὰρ
2955 1679 3092 1750 πρὸς
3138 1680 3379 1746 εὐδοξίαν
3425 1684 3770 1758 ἐπιθυμητήν

2181 1785 2241 1819 τε
2276 1769 2368 1822 καὶ
2396 1769 2630 1841 ἐραστὴν
2664 1772 2728 1824 ἐκ
2781 1770 2986 1824 παίδων
3043 1773 3386 1848 ἐργαζομένη
3441 1777 3540 1849 τὴν
3589 1778 3770 1850 ψυχὴν

494 1862 708 1933 exiguis
734 1862 1016 1918 laboribus
1045 1863 1296 1933 ingentes
1320 1878 1447 1933 spes
1482 1862 1785 1932 ingenerat,
1821 1859 1940 1930 ipsa
1966 1858 2069 1913 haec

2182 1858 2435 1928 ἄσκησις,
2471 1860 2565 1913 καὶ
2611 1859 2704 1912 τὸν
2736 1860 2942 1931 κόσμον
2987 1863 3129 1933 αὐτῇ
3166 1863 3355 1918 τοῦτον
3385 1867 3524 1937 μετὰ
3555 1867 3769 1939 ῥᾳστώ-

494 1964 579 2010 est
605 1954 672 2009 de
700 1969 805 2024 qua
830 1955 1067 2026 agimus,
1110 1955 1574 2009 immortalitatem
1622 1952 1947 2024 corporibus
1973 1965 2075 2005 no-

493 2043 625 2098 stris
654 2042 927 2107 tribuens,
960 2044 1188 2100 castitas
1215 2063 1227 2098 :
1254 2059 1419 2115 quam
1450 2058 1647 2099 omnes
1678 2044 1930 2098 lubenter
1975 2042 2074 2097 ho-

492 2135 669 2191 mines
704 2136 960 2191 omnibus
992 2136 1289 2201 anteferre,
1337 2145 1393 2191 et
1426 2150 1592 2207 super
1623 2134 1809 2190 omnia
1849 2132 2075 2189 laudare

492 2224 688 2281 decet:
725 2227 863 2283 alios
896 2228 1139 2298 quidem,
1188 2228 1335 2298 quod
1371 2244 1469 2299 per
1515 2243 1635 2284 eam
1688 2227 1754 2282 ad
1804 2226 2072 2282 honorem

493 2318 808 2388 nuptiarum
838 2334 964 2373 cum
997 2318 1176 2375 Verbo
1208 2317 1477 2389 assumpti
1511 2323 1662 2381 sunt,
1697 2314 1929 2371 colendo
1961 2315 2075 2370 vir-

491 2410 811 2479 ginitatem;
839 2412 976 2467 alios
1004 2419 1208 2477 autem,
1240 2410 1388 2482 quod
1417 2426 1513 2481 per
1559 2410 1706 2465 illam
1747 2409 1817 2463 ab
1845 2423 1910 2464 ea
1940 2408 2076 2464 libe—

491 2503 593 2556 rati
627 2502 738 2559 siut
761 2504 1177 2560 maledictione:
1215 2504 1382 2559 Terra
1410 2519 1486 2569 es,
1508 2511 1559 2557 et
1591 2503 1647 2556 in
1680 2510 1877 2557 terram
1903 2516 2076 2556 rever-

490 2594 614 2647 teris
634 2596 674 2647 ν.

558 2684 659 2741 llic
689 2696 793 2751 est,
838 2701 872 2741 ο
903 2686 1088 2751 Arete,
1135 2701 1297 2757 quem
1331 2701 1361 2739 a
1397 2701 1484 2741 me
1524 2684 1793 2757 exegisti,
1835 2698 1937 2754 pro
1987 2682 2072 2737 vi-

489 2777 626 2833 rium
677 2793 925 2835 mearum
956 2779 1243 2843 tenuitate,
1277 2777 1561 2833 absolutus
1591 2792 1772 2835 sermo
1803 2777 1871 2832 de
1896 2774 2068 2847 virgi-

488 2867 690 2936 nitate;
733 2883 896 2939 quem
932 2874 1080 2938 peto,
1110 2882 1145 2922 o
1186 2866 1431 2931 domina,
1475 2866 1581 2922 etsi
1627 2864 1920 2921 mediocris
1953 2863 2071 2918 exi-

489 2958 664 3027 lisque
689 2958 781 3021 sit,
808 2956 1052 3028 benigno
1073 2963 1260 3012 tamen
1289 2971 1320 3010 a
1357 2969 1447 3011 me
1474 2954 1717 3027 accipias
1744 2953 1949 3020 animo,
1973 2950 2068 3008 cui

490 3047 741 3104 ultimum
783 3047 1079 3120 assignasti
1104 3047 1300 3104 orandi
1333 3046 1537 3103 locum.

909 3266 1374 3364 ORATIO
1443 3272 1623 3361 XI.

1136 3416 1389 3476 ABETE.

2177 1966 2274 2019 νης
2303 1949 2663 2003 ἀϐασάνιστον
2697 1952 2815 2004 ἐκεῖ
2839 1952 3252 2024 διακομίζουσα,
3295 1957 3387 2010 καὶ
3437 1958 3650 2030 μικρῶν
3680 1962 3768 2012 αἱ-

2179 2039 2416 2110 ρουμένη
2466 2039 2643 2093 πόνων
2692 2041 2934 2112 μεγάλας
2965 2043 3209 2111 ἐλπίδας,
3245 2048 3392 2101 ἐστὶν
3426 2050 3458 2120 ἡ
3502 2048 3767 2105 ἀθανατο-

2178 2130 2329 2194 ποιὸς
2376 2130 2484 2185 τῶν
2547 2133 2813 2203 σωμάτων
2856 2134 3013 2206 ἡμῶν
3059 2137 3270 2206 ἁγνεία,
3314 2140 3383 2211 ἢν
3427 2140 3509 2195 δεῖ
3556 2143 3768 2208 πάντας

2176 2221 2428 2293 ἀσμένως
2452 2222 2771 2295 ἀνθρώπους
2798 2229 3069 2299 προτιμᾷν
3097 2230 3188 2282 καὶ
3216 2232 3386 2284 αίνείν
3404 2249 3417 2261 ·
3468 2234 3596 2297 τοὺς
3643 2235 3766 2306 μὲν,

2177 2314 2260 2365 ὅτι
2297 2313 2364 2366 δι’
2393 2311 2562 2385 αὐτὴν
2594 2317 3140 2390 ἐνυμφαγωγήθησαν
3173 2320 3250 2392 τῷ
3282 2322 3439 2393 Λόγῳ
3467 2324 3767 2396 παρθενίαν

2180 2405 2549 2476 ἀσκήσαντες·
2584 2408 2711 2469 τοὺς
2739 2408 2817 2471 δὲ,
2844 2409 2926 2461 ὅτι
2977 2410 3116 2481 πρὸς
3168 2413 3338 2484 αὐτῆς
3388 2413 3765 2489 ἠλευθερώθη-

2182 2512 2282 2549 σαν
2314 2496 2434 2567 τῆς,
2475 2494 2568 2565 Γῆ
2615 2492 2689 2562 εἴ,
2719 2498 2819 2552 καὶ
2860 2502 2947 2566 είς
2976 2499 3096 2570 γῆν
3121 2502 3454 2573 ἀπελεύσῃ,
3496 2510 3765 2582 κατακρίο

2182 2603 2339 2651 σεως.

2251 2671 2439 2743 Οὗτος,
2479 2673 2525 2733 ὦ
2571 2678 2784 2751 Ἀρετὴ,
2824 2682 2920 2734 καὶ
2967 2681 2996 2733 ό
3045 2685 3175 2757 παρ’
3205 2686 3343 2759 ἐμοῦ
3397 2706 3499 2755 σοι,
3530 2691 3763 2747 καθόσον

2175 2765 2286 2837 ἐγὼ
2316 2766 2572 2838 δύναμαι,
2602 2766 2757 2837 λόγος
2788 2769 2931 2843 ὑπὲρ
2959 2772 3182 2840 ἁγνείας
3201 2791 3214 2805 ·
3256 2775 3314 2831 ὃν
3342 2776 3498 2843 ἀξιῶ,
3533 2779 3635 2834 κᾶν
3666 2782 3761 2853 μέ-

2174 2874 2323 2933 τριος
2368 2854 2425 2932 ᾖ,
2456 2860 2732 2925 δέσποινα,
2764 2862 2858 2914 καὶ
2901 2862 3101 2931 ὀλίγος.
3133 2866 3521 2940 προθυμότατά
3569 2889 3631 2927 σε
3676 2873 3761 2927 δέρ

2175 2951 2370 3020 ξασθαι
2402 2955 2532 3025 παρ’
2568 2952 2726 3025 ἐμοῦ,
2754 2953 3072 3010 τελευταίαν
3106 2959 3280 3013 εἰπεῖν
3306 2962 3610 3034 ᾑρημένην.

2098 3256 2143 3312 θ
2664 3263 3034 3352 ΛΟΓΟΣ
3106 3268 3217 3353 ΙΑ
3251 3332 3273 3350 .

2837 3412 3090 3469 ΔΡΕΤΗ.

850 3506 982 3594 Cn;
1014 3534 1057 3593 Ι.
1091 3536 1212 3593 Veri
1244 3539 1466 3611 virgines
1493 3547 1543 3594 et
1564 3540 1722 3606 casti,
1753 3541 1932 3609 pauci.
1961 3536 2225 3603 Castitas,
2256 3543 2539 3589 certamen.
2572 3531 2788 3598 Thecla,
2812 3531 3073 3603 virginum
3097 3531 3356 3601 princeps.

550 3655 773 3726 Accipio
820 3656 1073 3726 equidem
1122 3657 1494 3729 (respondisse
1539 3661 1742 3716 Areten
1792 3661 2066 3717 referebat

483 3742 813 3818 Theopatra)
843 3755 898 3799 et
945 3754 1116 3800 totam
1147 3749 1316 3817 probo
1344 3765 1409 3806 ac
1436 3751 1619 3806 laudo.
1649 3750 1864 3823 Optime
1891 3754 2061 3817 enim,

484 3837 586 3893 etsi
625 3853 736 3891 non
783 3838 857 3891 ita
906 3838 1074 3904 clare,
1126 3848 1381 3896 caeterum
1417 3841 1619 3913 ingenii
1669 3845 1721 3899 vi
1770 3845 2067 3915 solertique

483 3933 672 4005 o‘pera,
711 3946 835 4002 qua:
869 3930 1013 3985 dicta
1061 3940 1218 3985 erant
1265 3934 1597 4004 suscipiens,
1652 3947 1942 4006 prosecuta
1977 3954 2061 4004 es,

485 4040 594 4081 non
624 4023 842 4079 inanem
876 4022 1254 4079 dcmulccndis
1295 4025 1522 4080 auribus
1561 4027 1839 4080 instruens
1878 4021 2069 4093 volup-

556 4179 578 4211 '
602 4177 729 4235 Gen.
772 4197 856 4246 Ill,
890 4180 980 4236 i9.

481 4296 617 4351 satis
668 4313 733 4351 ex
784 4296 1049 4367 dignitate
1082 4294 1405 4367 divinarum
1462 4306 1859 4367 personarum,
1917 4292 2063 4367 quod

480 4368 637 4438 quasi
671 4361 870 4438 servili
892 4361 1470 4438 ιιιοτθᾼδορυφοροῦσαι
1492 4362 1583 4415 τὸν
1615 4361 1767 4438 Θεόν,
1813 4361 2065 4438 satellitio

480 4435 563 4492 illi
609 4437 844 4502 adstare,
891 4437 981 4492 hic
1035 4435 1445 4500 describuntur,
1505 4447 1571 4487 ac
1622 4435 1769 4488 unde
1824 4435 2063 4488 lucernis

2250 3656 2411 3711 Ἀλλὰ
2440 3656 2690 3728 δέχομαι,
2724 3653 2823 3725 τὴν
2869 3653 3093 3727 Ἀρετὴν
3121 3655 3154 3725 ἡ
3185 3654 3469 3726 Θεοπάτρα
3516 3655 3618 3727 ἔφη
3653 3657 3754 3727 φά-

2167 3767 2277 3815 ναι,
2306 3751 2400 3803 καὶ
2434 3750 2614 3802 πᾶσαν
2649 3746 2858 3800 ἐπαινῶ
2895 3745 3034 3815 (54).
3068 3744 3350 3816 Κράτιστα
3392 3745 3501 3818 γὰρ
3525 3745 3611 3818 δὴ,
3648 3746 3755 3800 κᾶν

2167 3841 2309 3895 οῦτω
2366 3841 2441 3913 μὴ
2477 3838 2748 3910 φανερῶς,
2786 3836 2923 3890 ἀλλὰ
2955 3835 3091 3907 μετὰ
3128 3836 3364 3908 σπουδῆς
3397 3837 3466 3891 τὰ
3495 3836 3752 3908 λεχθέντα

2168 3934 2431 4006 δεχομένη
2462 3928 2862 4000 διεξελήλυθας,
2897 3928 2958 3981 οὐ
2990 3928 3363 4000 γλυκυμυθίαν
3396 3929 3531 4000 πρὸς
3559 3929 3752 4002 τέρψιν

2167 4028 2277 4081 τῶν
2308 4028 2613 4082 ἀκουόντων
2653 4022 3128 4094 συσκευασαμένη,
3176 4022 3312 4076 ἀλλὰ
3343 4024 3479 4094 πρὸς
3516 4024 3751 4096 ἐπανόρ-

2169 4293 2338 4367 docti,
2373 4309 2474 4349 nec
2503 4292 2913 4367 nonBabbini,
2940 4294 3073 4367 duos
3113 4296 3255 4364 ﬁlios
3301 4297 3657 4367 pinguedim's,
3687 4308 3749 4354 ut

2168 4366 2218 4439 οἱ
2258 4363 2457 4431 0‘,vel,
2492 4373 2551 4418 ut
2568 4365 2687 4439 alii,
2715 4365 2837 4439 olei,
2879 4366 2961 4420 vel
2988 4363 3310 4431 splendoris,
3340 4363 3745 4439 ατίλπνότητος,

2169 4432 2355 4488 Jesum
2390 4435 2731 4490 sacerdotem
2779 4437 3225 4503 interpretantur,
3258 4447 3312 4492 et
3353 4432 3749 4494 Zorobabeleni

480 4509 660 4563 oleum
691 4513 945 4578 suppetat
965 4522 1029 4561 ac
1059 4506 1409 4578 candelabro,
1439 4502 1897 4578 subministrare:
1924 4505 2064 4575 σχοί-
2094 4514 2140 4571 D
2168 4506 2511 4578 principem;
2537 4507 2627 4575 qui
2660 4504 2840 4569 ambo,
2870 4502 3008 4560 alter
3029 4508 3376 4569 sacerdotali,
3422 4510 3560 4578 alter
3583 4513 3745 4578 quasi

479 4592 651 4647 νισμα
683 4572 949 4645 funiculus
982 4576 1330 4638 Itwreditatis,
1365 4572 1698 4649 ipsi_Judaai,
1722 4576 1867 4629 circa
1899 4572 2059 4644 quem
2166 4572 2370 4649 regali,—
2407 4572 2860 4649 unctioneuncti
2914 4586 3119 4649 essent,
3177 4592 3240 4649 ac
3294 4580 3457 4633 etiam
3503 4572 3748 4649 Spiritus

479 4645 604 4703 dum
664 4649 821 4701 oliva:
882 4662 980 4717 per
1040 4662 1225 4701 ramos
1276 4645 1645 4717 suos(legem
1701 4660 1765 4698 ac
1829 4649 2062 4716 prophe-

478 4729 586 4783 tas,
614 4732 847 4788 quorum
883 4715 1143 4788 auctores
1174 4724 1324 4783 sunt;
1360 4715 1846 4788 subministrantes
1875 4715 2058 4788 oleum

478 4785 732 4861 spiritale
761 4786 840 4910 ag
887 4787 1008 4858 Θεῷ
1030 4788 1276 4910 ίΥδόὶιυῐη
1306 4785 1445 4855 erat)
1479 4785 1566 4839 ἵνα
1612 4786 1726 4853 φῶς
1771 4786 1874 4859 ἔχῃ
1910 4787 2060 4851 θείας

478 4858 753 4910 γνώσεως.
838 4874 921 4910 eo.
946 4867 1005 4910 ut
1068 4859 1263 4910 ivinam
1294 4857 1571 4910 scientiam
1593 4855 1802 4910 habeat.
1837 4866 1905 4910 Al.
1930 4860 2057 4910 auis

475 4855 753 4929 γνώσεως,
786 4855 921 4921 Deo,
946 4855 1005 4911 ut
1030 4855 1263 4912 divinam
1294 4857 1571 4929 scientiam
1593 4855 1905 4929 habeatfnt
1930 4860 2057 4928 quis

475 4926 559 4985 Sic
600 4938 814 5001 putrem
856 4943 1077 5001 sensum
1100 4943 1171 4982 ac
1214 4928 1501 5001 lectionem
1545 4926 1720 5001 ferat?
1758 4927 1822 4981 Et
1873 4926 2053 4983 tamen

474 4998 626 5071 nulla
655 4998 1130 5071 animadrersione
1160 4999 1421 5071 praeteriit
1462 4998 1654 5071 ambos
1699 4998 2050 5071 interpretes.

476 5069 648 5125 Nemo
679 5085 813 5125 sane
840 5068 1010 5134 dicat,
1041 5066 1247 5124 inferre
1290 5066 1488 5123 Filium
1517 5078 1571 5123 et
1619 5066 1883 5137 Spiritum
1917 5084 2049 5124 san-

475 5152 648 5203 ctum.
684 5155 781 5210 per
807 5139 979 5210 legem
1016 5148 1132 5262 διὸ)

475 5210 808 5262 coanitionis
838 5211 1043 5262 lumen.
1127 5211 1132 5262 i

474 5208 808 5280 cognitionis
838 5208 1043 5265 lumen.
1082 5208 1375 5264 Videbatur
1400 5208 1478 5280 τῷ
1510 5208 1624 5279 λαῷ
1650 5210 2043 5280 reponendum,

471 5283 686 5351 populo,
724 5282 817 5350 qui
857 5282 972 5351 ipse
1003 5280 1314 5351 funiculus;
1350 5282 1443 5351 sed
1483 5280 1681 5334 minori
1704 5282 2043 5351 mutatione,

2166 4646 2340 4699 sancti
2372 4647 2563 4715 gratiis
2593 4645 2818 4699 delibuti
2845 4662 2863 4712 ς
2889 4646 3049 4700 ambo
3082 4648 3326 4717 praeclari
3358 4649 3461 4702 viri
3496 4645 3560 4703 et'
3580 4657 3743 4703 utra-

2161 4731 2269 4785 que
2299 4724 2568 4785 potestate
2594 4717 2894 4786 principes,
2918 4718 3006 4785 qui
3040 4718 3294 4787 praesidio
3325 4717 3503 4773 forent
3530 4720 3746 4775 instau-

2160 4786 2335 4840 rando
2361 4786 2658 4861 templo_ac
2700 4787 3014 4861 reipublicae
3037 4787 3353 4861 _ltttlt£0t‘tlllt
3395 4792 3740 4861 reparandae,

2160 4864 2513 4925 astarentque
2558 4856 2896 4913 Dominatori
2957 4859 3225 4913 universae
3285 4856 3477 4925 terrae,
3533 4860 3743 4918 divinis

2158 4926 2436 5000 mandatis
2488 4942 2703 5000 semper
2755 4927 2929 4998 parati
2977 4930 3355 4999 obtemperare
3396 4946 3407 4981 :
3447 4945 3543 4999 per
3594 4946 3739 5000 quos

2156 4996 2569 5071 candelabrum,
2588 4996 2771 5071 ipsum
2784 5000 3089 5063 funiculus,
3112 4996 3373 5071 et'p‘opuli
3398 4996 3736 5071 simbolum,

2153 5068 2274 5121 oleo
2302 5065 2372 5121 ad
2403 5066 2587 5123 lumen
2609 5065 2686 5123 _et
2726 5070 3030 5125 claritatem
3073 5065 3579 5136 non—deficermur,
3616 5065 3738 5129 sive

1136 5140 1412 5211 rophetas,
1444 5138 1556 5211 Deo
1584 5149 1638 5211 et
1672 5137 1821 5193 Patri
1851 5140 2051 5211 divina:
2151 5138 2314 5211 etiam
2339 5137 2406 5191 ad
2432 5137 2532 5211 Dei
2555 5139 2947 5209 cognitionem.
2979 5140 3544 5211 sacerdotismaximc
3563 5156 3736 5211 opera

2151 5206 2229 5260 illi
2260 5206 2657 5279 praestandam}
2686 5218 2849 5279 atque
2878 5212 3042 5264 etiam
3076 5223 3106 5261 a
3132 5210 3396 5279 principe,
3428 5206 3617 5279 quoad
3649 5215 3733 5267 ci-

2146 5279 2297 5351 yilia,
2334 5280 2453 5348 ipsa
2477 5281 2532 5332 in
2564 5278 2732 5351 Deum
2763 5277 2954 5351 relata,
2984 5286 3045 5331 ut
3068 5277 3185 5351 erat
3218 5277 3320 5334 Dei
3347 5277 3482 5351 ipsis
3512 5281 3731 5351 legibus

472 5346 1097 5422 nullaque-tautologia,
1131 5349 1226 5402 τοῦ
1272 5349 1429 5422 Θεοῦ,
1464 5351 1665 5406 scribo.
1699 5349 1905 5422 Nempe
1929 5346 2041 5422 Dei
2146 5346 2401 5422 instituta
2433 5349 3093 5422 respublicaaelectoque
3122 5349 3189 5422 in
3235 5346 3511 5406 eatn’rem
3557 5346 3730 5409 Zoro-

472 5417 658 5503 οἰοιιηῖ
680 5417 1200 5503 subministrabant,
1216 5420 1555 5503 _ut.ha_beret
1590 5417 1878 5503 σχοινισμόι
1902 5421 2042 5494 (ipse
2144 5417 2335 5503 habete
2370 5428 2430 5503 ut
2460 5417 2723 5503 templum
2748 5417 3077 5503 absolueret:
3112 5418 3400 5503 genam-us.

472 5490 732 5615 Bopulus)
779 5491 979 5547 divinae
1024 5490 1352 5571 cognitionis
1388 5494 1567 5546 lumen
1598 5490 1749 5546 {hoc
1792 5490 2039 5547 enim‘cx

523 5579 604 5615 eo.
640 5564 842 5615 Illoque
884 5570 1109 5615 auctore
1136 5561 1440 5615 mfercbant
1469 5562 1672 5615 Judaais
1707 5565 1789 5615 lex
1831 5572 1885 5615 et
1911 5577 2038 5615 nro-

2213 5491 2325 5560 (54)
2366 5491 2477 5561 Kal
2510 5488 2716 5546 πᾶσαν
2735 5490 2980 5561 ἐπαινῶ.
3022 5488 3180 5542 Nulla
3233 5490 3322 5546 hic
3365 5507 3505 5561 opus
3534 5507 3728 5547 emen-

534 5559 604 5623 :2),
640 5559 842 5631 illoque
884 5559 1114 5616 auctore
1136 5561 1440 5616 inferebant
1469 5562 1672 5617 Judazis
1707 5565 1789 5616 lex
1831 5572 1885 5616 et
1910 5577 2038 5631 pro—
2132 5559 2380 5619 (latione.
2415 5560 2491 5616 De
2513 5575 2622 5614 una
2652 5576 2833 5615 sermo
2854 5559 3140 5623 Domnina,
3166 5575 3329 5629 quam
3348 5559 3721 5631 perorantem,

472 5633 667 5705 phetaz.
696 5630 763 5685 Si
778 5631 1067 5705 Dionysius
1100 5630 1371 5705 Methodio
1392 5645 1582 5705 auctor
1604 5634 1705 5687 fuit
1730 5633 1896 5700 hujus
1911 5630 2037 5688 sen-

2139 5633 2369 5687 aliarum
2423 5646 2576 5686 more
2602 5633 2764 5686 Arele
2792 5639 3081 5701 coronat;
3110 5644 3185 5701 ac
3230 5642 3565 5701 argumento
3615 5634 3725 5689 rite

472 5699 678 5763 icntiae,
712 5699 971 5771 antiquus
1005 5704 1239 5772 scriptor
1265 5713 1369 5766 est,
1400 5712 1454 5758 et
1490 5704 1572 5758 vel
1605 5699 2030 5773 apostolicorum
2135 5702 2473 5773 defunctam,
2500 5702 2686 5757 laudat
2713 5721 2724 5755 :
2757 5700 2819 5754 τὸ
2839 5700 3041 5766 πάσας
3057 5699 3238 5754 Allatii
3266 5699 3583 5760 mendosum
3610 5712 3720 5760 est.

474 5773 893 5842 temporumch
941 5774 1047 5845 his
1075 5771 1396 5828 vicinorum.
1430 5779 1505 5828 Ac
1557 5771 1776 5845 quidem
1827 5775 1902 5827 illi
1949 5775 2031 5830 sic
2134 5771 2208 5828 In.

474 5858 680 5910 eosque
729 5856 953 5900 secutus
1003 5842 1316 5901 Maximus:
1364 5842 1698 5902 recentiores
1747 5861 1875 5901 vero
1925 5846 2026 5900 viri
