4150 6408
422 362 527 421 205

1475 371 1857 432 CONVlVlUM
1895 366 2122 431 DECEM
2160 361 2523 432 VtaGINUM.

3546 386 3652 443 906

420 478 585 534 θωσιν
637 479 937 555 ὑπόμνημα
983 486 1077 540 καὶ
1129 488 1307 560 νῆψιν.
1350 491 1677 563 Προτάττειν
1725 492 1834 565 γὰρ
1880 493 1978 547 τῶν

2085 498 2274 558 tatem,
2301 493 2394 549 sed
2438 492 2507 547 ad
2535 496 2747 548 morum
2782 494 3177 550 correctionem
3208 504 3271 552 ac
3302 490 3650 560 sobrietatem

419 571 566 642 ἐμῶν
598 573 1039 648 ἐπιτηδευμάτων
1068 580 1286 649 ἁγνείαν
1309 584 1337 635 ὁ
1358 582 1527 652 λέγων
1552 582 1661 638 δεῖν
1685 585 1780 638 καί⁵
1811 587 1988 640 ἀσπά-

419 662 604 727 ζεσθαι
634 666 856 739 πρώτην
878 669 984 723 τῶν
1015 670 1208 736 ἄλλων,
1232 673 1407 744 ὀρθῶς
1434 676 1861 748 παρακελεύεται
1880 695 1893 707 ·
1921 679 1987 749 ἢν

415 755 580 825 τιμᾷν
622 756 720 825 μὲν
753 756 1027 829 νομίζουσι
1063 761 1154 813 καὶ
1183 760 1505 832 θεραπεύειν
1547 765 1752 830 πολλοὶ,
1785 768 1986 837 τιμῶσι

415 843 462 896 δ’
491 845 679 917 αὐτὴν,
704 848 778 912 ὡς
806 850 935 905 ἔπος
968 853 1158 917 εἰπεῖν,
1198 853 1383 923 ὀλίγοι.
1421 857 1495 909 Ού
1523 857 1631 929 γὰρ
1660 861 1859 913 ὁπόταν
1887 861 1985 931 τὴν

417 934 611 990 ἑαυτοῦ
646 939 822 1009 σάρκα
848 942 947 1012 τῆς
982 945 1121 999 κατά
1167 949 1447 1002 συνουσίαν
1495 949 1751 1016 ἄγευστον
1796 953 1986 1024 ἡδονῆς

418 1027 762 1101 φιλοτιμῆται
796 1037 983 1103 τηρεῖν
1023 1036 1325 1108 ἄνθρωπος,
1371 1040 1481 1094 τῶν
1520 1041 1693 1097 ἄλλων
1742 1046 1815 1115 μὴ
1847 1063 1983 1116 κρα-

415 1118 544 1184 τῶν,
576 1121 795 1189 ἁγνείαν
827 1127 977 1194 τιμᾷ.
997 1127 1273 1198 ’Δτιμάξει
1310 1130 1407 1200 μὲν
1451 1128 1543 1186 οὖν
1578 1134 1744 1204 αὐτὴν
1786 1137 1984 1205 μᾶλλον

415 1212 514 1282 οὐχ
539 1214 733 1282 ἥκιστα
763 1215 1050 1285 βαναύσοις
1079 1222 1411 1293 ἐπιθυμίαις,
1443 1225 1633 1296 ἡδονὰς
1664 1229 1985 1284 ἀντικαταλ-

416 1300 739 1374 λασσόμενος
778 1307 1007 1378 ἡδοναῖς.
1034 1313 1168 1365 Οὑδέ⁹
1208 1331 1272 1382 γε
1294 1316 1421 1368 ὅταν
1452 1316 1585 1386 πρὸς
1621 1319 1719 1383 τὰς
1748 1320 1853 1388 ἔξω
1886 1324 1983 1392 μὲν

415 1394 709 1466 ἐπιθυμίας
744 1398 969 1472 διαπονῇ
1004 1404 1284 1475 καρτερῶν
1314 1446 1328 1469 ,
1373 1408 1736 1481 ύπεραίρηται
1777 1413 1834 1465 δὲ
1884 1431 1984 1482 φυ-

418 1487 716 1559 σιούμενος,
741 1487 891 1561 αὑτῷ
915 1492 977 1563 δὴ
1007 1494 1181 1566 τούτῳ
1204 1496 1281 1568 τῷ
1307 1498 1562 1555 δύνασθαι
1591 1502 1700 1557 τῶν
1724 1505 1823 1574 τῆς
1852 1523 1984 1577 σαρ-

415 1583 511 1643 κὸς
560 1581 998 1652 ὑπεκκαυμάτων
1042 1591 1281 1658 κρατεῖν,
1316 1592 1409 1644 καὶ
1458 1594 1665 1658 πάντας
1711 1597 1786 1660 ὡς
1833 1599 1981 1653 οὐδὲν

416 1672 732 1740 ὲξουδενῶν,
785 1677 996 1747 ἡγεῖται
1051 1680 1270 1747 ἁγνείαν
1316 1685 1515 1754 τιμᾷν·
1576 1688 1828 1758 ἀτιμάζει
1874 1691 1982 1763 γὰρ

416 1763 583 1835 αὐτὴν
627 1764 861 1837 ὑϐρίζων
907 1769 936 1820 ό
978 1768 1414 1846 ὑψηλοφροσύνῃ,
1442 1774 1517 1845 τῷ
1555 1776 1615 1829 τὸ
1646 1778 1742 1847 μὲν
1786 1779 1981 1845 ἔξωθεν

2090 583 2425 638 luculentum
2459 592 2871 640 monumentum
2910 601 3139 656 ponens.
3184 587 3290 654 Qui
3318 593 3461 648 enim
3492 607 3653 651 caete—

2086 677 2165 733 ris
2191 678 2328 733 meis
2363 676 2557 734 studiis
2584 693 2649 734 ac
2681 678 2869 734 ofﬁciis
2898 681 3315 750 praeponendam
3345 686 3651 743 castitatem

2086 767 2244 822 docet
2267 777 2319 822 et
2346 784 2457 837 pra:
2485 769 2609 823 aliis
2637 769 2868 838 primam
2901 773 3354 841 amplectendam,
3385 785 3533 832 recte
3558 779 3655 833 ad-

2087 864 2271 911 monet
2298 876 2310 910 :
2341 873 2504 927 quam
2547 873 2606 913 se
2631 859 2811 914 colere
2847 867 2903 912 et
2934 863 3226 918 observare
3250 864 3405 918 multi
3434 866 3651 935 quidem
3701 910 3708 921 .

2085 946 2419 1012 existimant,
2457 955 2512 1000 at
2545 955 2692 1003 certe
2733 949 2919 1002 colunt
2959 950 3140 1019 pauci,
3170 958 3226 1005 ut
3255 953 3421 1008 verbo
3450 955 3654 1011 dicam.

2083 1035 2204 1091 Non
2235 1040 2380 1092 enim
2429 1039 2744 1111 quicunque
2777 1056 2931 1097 suam
2961 1057 3179 1096 carnem
3216 1058 3247 1097 a
3274 1046 3489 1102 venerei
3523 1062 3656 1102 con-

2083 1146 2304 1199 gressus
2333 1133 2610 1202 voluptate
2635 1135 2916 1189 continere
2955 1135 3246 1201 studuerit,
3276 1137 3384 1191 nisi
3414 1139 3653 1210 reliquos

2085 1220 2310 1278 allectus
2351 1232 2621 1292 coerceat,
2657 1226 2919 1281 continuo
2966 1227 3274 1283 castitatem
3323 1229 3472 1284 colit.
3510 1229 3652 1297 Quin

2084 1316 2266 1385 potius
2309 1316 2608 1386 ignominia
2652 1318 2926 1383 traducit,
2968 1334 3093 1373 cum
3138 1321 3257 1390 ejus
3307 1321 3654 1392 professione

2083 1414 2361 1477 suscepta,
2394 1408 2634 1464 sordidis
2668 1410 3023 1466 nihilominus
3067 1410 3308 1482 indulget
3342 1415 3655 1485 cupiditati-

2082 1496 2207 1563 bus,
2258 1499 2565 1569 voluptates
2602 1516 2667 1555 ac
2714 1501 2968 1558 libidines
2996 1503 3364 1573 voluptatibus
3408 1521 3655 1562 commu-

2082 1597 2205 1645 tans
2252 1604 2315 1644 ac
2360 1591 2698 1647 libidinibus.
2735 1591 2920 1664 Neque
2944 1594 2989 1649 si
3013 1595 3403 1665 cupiditatibus
3434 1599 3651 1669 quidem

2083 1695 2340 1736 sensuum
2374 1680 2588 1737 fortiter
2630 1684 2923 1751 obstiterit,
2960 1685 3110 1739 inani
3151 1694 3331 1742 autem
3369 1689 3540 1760 gloria
3571 1678 3654 1745 fa-

2083 1782 2280 1844 stuque
2296 1773 2571 1840 efferatur,
2589 1775 2694 1830 hoc
2711 1776 2829 1845 ipso
2845 1777 2989 1847 quod
3008 1778 3149 1847 potis
3165 1779 3236 1833 sit
3248 1780 3655 1838 exardescentis

412 1852 507 1907 τοῦ
528 1855 751 1918 πίνακος
780 1857 1058 1931 καθαίρειν
1086 1861 1292 1933 καὶτῆς
1320 1865 1628 1936 παροψίδος,
1661 1868 1759 1939 τὴν
1787 1870 1978 1940 σάρκα,

2085 1864 2141 1918 in
2165 1880 2224 1922 se
2251 1865 2493 1922 libidinis
2519 1876 2684 1923 aestus
2710 1868 3070 1937 comprimere
3098 1908 3113 1933 ,
3143 1878 3482 1942 cunctosque
3514 1863 3657 1930 nihil

412 1942 474 1998 τὸ
506 1944 695 2016 σῶμα·
730 1948 826 2018 τὴν
856 1949 912 2001 δὲ
941 1950 1167 2020 καρδίαν
1216 1951 1368 2023 τύφῳ
1413 1954 1651 2008 σίνεσθαι
1695 1958 1788 2011 καὶ
1837 1958 1984 2027 φιλο-

414 2035 632 2107 κρατίᾳ.
668 2039 801 2092 Οὐδέ
830 2057 893 2110 γε
922 2043 1083 2096 ὁπότε
1112 2043 1463 2115 ἐναϐρύνεται
1501 2062 1584 2111 τις
1607 2049 1868 2120 χρήμασι,
1903 2068 1984 2104 τι-

417 2129 524 2198 μᾷν
557 2130 724 2202 αὐτὴν
756 2131 1073 2198 σπουδάζει·
1107 2134 1361 2208 ἀτιμάζει
1393 2138 1490 2209 μὲν
1516 2134 1606 2192 οὖν
1628 2141 1824 2204 παντὸς
1850 2142 1983 2212 μᾶλ-

411 2216 501 2272 λον
526 2219 583 2272 δὲ
614 2215 787 2286 οὗτος.
821 2226 1126 2297 προκρίνων
1161 2229 1328 2299 αὐτῆς
1353 2229 1529 2298 ὀλίγον
1559 2232 1768 2305 κέρδος,
1794 2230 1863 2305 ἧς
1892 2235 1984 2286 οὑ-

411 2309 498 2363 δὲν
529 2312 777 2377 ἀντάξιον
814 2332 920 2367 των
951 2319 1008 2370 ἐν
1039 2316 1116 2388 τῷ
1143 2318 1243 2390 βίῳ
1284 2320 1498 2389 τιμίων.
1536 2323 1650 2393 Πᾶς
1684 2324 1793 2396 γὰρ
1821 2325 1982 2380 πλοῦο

410 2414 501 2466 τος
532 2403 787 2460 ἐνώπιον
813 2408 1024 2478 αὐτῆς,
1043 2412 1136 2464 καὶ
1157 2412 1390 2481 χρυσὸς
1417 2413 1496 2480 ὡς
1521 2414 1761 2485 ψάμμος
1788 2420 1978 2488 ὀλίγηι

414 2498 549 2552 οὐδέ
580 2516 644 2568 γε
672 2501 699 2552 ό
727 2502 914 2555 ἑαυτὸν
937 2503 1228 2576 ὑπερφυῶς
1256 2507 1556 2579 ἡγούμενος
1589 2509 1778 2579 φιλεῖν,
1806 2514 1898 2565 καὶ
1920 2507 1980 2566 τὸ

413 2592 589 2663 ἐαυτῷ
620 2594 765 2665 μόνῳ
790 2596 1069 2668 συμφέρον
1107 2598 1420 2663 σπουδάζων
1450 2606 1690 2666 σκοπεῖν,
1726 2604 1980 2676 ἄφροντις

411 2684 469 2738 δὲ
500 2685 609 2738 τῶν
635 2685 881 2755 πλησίον,
907 2689 1128 2756 ἁγνείαν
1163 2693 1297 2762 τιμᾷ
1315 2708 1329 2722 ·
1362 2693 1618 2764 ἀτιμάζει
1641 2695 1739 2766 μὲν
1764 2692 1856 2750 οὖν
1882 2699 1981 2751 αύ-

409 2777 508 2849 τὴν
550 2778 643 2832 καὶ
687 2774 871 2842 οὗτος·
919 2781 1051 2834 πολὺ
1101 2784 1210 2854 γὰρ
1250 2782 1491 2839 λείπεται
1533 2786 1641 2840 τῶν
1671 2789 1788 2840 κατ’
1822 2789 1978 2854 ἀξίαν

407 2870 737 2941 ὁμιλούντων
769 2873 927 2944 αὐτῇ,
948 2874 1026 2945 τῷ
1070 2875 1166 2947 τὴν
1205 2877 1426 2948 ἀγάπην
1450 2879 1619 2950 αὐτῆς
1652 2883 1745 2935 καὶ
1775 2883 1837 2935 τὸ
1861 2882 1979 2952 φιλ-

409 2960 690 3032 άνθρωπον
737 2963 1101 3036 λωϐήσασθαι.
1150 2967 1223 3019 Οὐ
1271 2966 1380 3039 γὰρ
1422 2966 1548 3040 τῇδε
1599 2971 1695 3041 μὲν
1727 2973 1979 3042 ἁγνεύον-

406 3067 506 3116 τας
537 3053 885 3125 παρθενεύειν
922 3057 1019 3121 δεῖ,
1052 3059 1175 3131 τῇδε
1206 3058 1262 3112 δὲ
1308 3061 1794 3134 κακοπραγοῦντας
1822 3068 1979 3138 χραί-

405 3141 591 3197 νεσθαι
623 3146 715 3198 καὶ
742 3146 1181 3202 ἀκολασταίνειν·
1213 3149 1331 3202 οὐδὲ
1359 3150 1487 3222 τῇδε
1522 3151 1619 3222 μὲν
1646 3153 1976 3223 ἐπαγγέλλε-

409 3235 533 3289 σθαι
586 3236 906 3308 καθαρεύειν
937 3238 1030 3293 καὶ
1065 3243 1380 3310 σωφρονεῖν,
1416 3241 1543 3313 τῇδε
1570 3242 1626 3296 δὲ
1658 3243 1980 3310 μολύνεσθαι

406 3321 501 3380 καὶ
545 3327 908 3401 ἁμαρτάνειν·
950 3328 1059 3381 οὐδ’
1090 3325 1155 3382 αὖ
1198 3332 1264 3401 τῇ
1316 3331 1414 3401 μὲν
1459 3331 1739 3402 ὁμολογεῖν
1771 3334 1844 3407 μὴ
1883 3353 1981 3389 πε-

406 3414 750 3489 φροντικέναι
784 3420 892 3472 τῶν
916 3421 1212 3491 κοσμικῶν,
1244 3425 1311 3493 τῇ
1339 3424 1395 3477 δὲ
1422 3424 1648 3479 κτᾶσθαι
1678 3428 1770 3480 καὶ
1800 3428 1858 3482 ἐν
1882 3429 1980 3482 αὑ-

402 3506 518 3571 τοῖς
543 3504 884 3573 ὲξετάζεσθαι
911 3509 1019 3578 (55)
1045 3526 1058 3538 ·
1096 3509 1231 3563 ἀλλά
1278 3512 1453 3566 πάντα
1480 3502 1547 3566 τά
1598 3514 1732 3585 μέλη
1773 3514 1977 3587 φθορᾶς

404 3594 742 3665 ἀκοινώνητα
786 3596 878 3649 καὶ
903 3597 1076 3668 ἀμιγῆ
1107 3601 1312 3669 τηρεῖν,
1349 3600 1410 3653 οὐ
1444 3601 1603 3671 μόνον
1631 3602 1699 3656 τὰ
1727 3603 1975 3676 κνησμώο

402 3684 468 3757 δη
500 3685 594 3738 καὶ
624 3686 1061 3752 συνουσιαστικὰ,
1092 3687 1204 3740 ἀλλ’
1234 3689 1334 3761 ἤδη
1365 3692 1458 3745 καὶ
1488 3693 1556 3746 τὰ
1582 3693 1786 3747 τούτων
1820 3696 1974 3767 ὲνερ-

403 3777 637 3849 γέστερα
661 3778 791 3850 (56).
838 3779 1019 3851 Χλεύη
1050 3780 1157 3853 γὰρ
1191 3781 1261 3836 τά
1294 3784 1393 3854 μὲν
1416 3784 1517 3855 τῆς
1548 3786 1976 3860 παιδοποιήσεως

401 3863 609 3942 ὄργανα
648 3874 833 3943 τηρεῖν
876 3874 1140 3945 παρθένα,
1167 3875 1264 3948 τὴν
1292 3877 1347 3930 δὲ
1369 3877 1613 3947 γλῶτταν
1646 3874 1719 3951 μή
1749 3883 1936 3952 τηρεῖν
1958 3898 1973 3913 ·

401 3960 436 4033 ἢ
468 3964 567 4035 τὴν
599 3962 847 4033 γλῶσσαν
876 3965 973 4036 μὲν
1005 3970 1190 4037 τηρεῖν
1222 3968 1511 4039 παρθένον,
1553 3970 1650 4042 τὴν
1678 3971 1733 4025 δὲ
1764 3974 1972 4044 ὅρασιν,

400 4051 435 4127 ἢ
456 4055 552 4127 τὴν
569 4056 756 4128 ἀκοὴν,
777 4057 809 4129 ἢ
829 4057 925 4121 τὰς
940 4062 1128 4131 χεῖρας
1150 4059 1222 4131 μὴ
1242 4064 1446 4133 τηρεῖν·
1465 4065 1513 4114 εἰ
1532 4061 1596 4134 [Ῑ.
1611 4063 1668 4136 ἦ]
1684 4064 1855 4120 ταῦτα
1878 4068 1976 4136 μὲν

401 4145 545 4216 ἔχειν
572 4149 666 4201 καὶ
692 4152 877 4219 τηρεῖν
907 4150 1170 4222 παρθένα,
1200 4151 1303 4223 τὴν
1333 4153 1558 4224 καρδίαν
1586 4155 1642 4207 δὲ
1669 4156 1744 4227 μὴ
1767 4161 1973 4229 τηρεῖν,

399 4238 514 4292 ἀλλ’
541 4239 906 4311 ὲταιρίζεσθαι
935 4240 1089 4312 τύφῳ
1118 4242 1210 4296 καὶ
1238 4242 1412 4314 θυμῷ.

2084 1954 2268 2019 faciat,
2300 1967 2446 2011 recte
2475 1964 2766 2012 censeatur
2793 1958 3101 2013 castitatem
3133 1960 3349 2018 colere:
3380 1978 3543 2033 quam
3567 1980 3655 2020 su-

2084 2046 2284 2116 perbiae
2302 2048 2552 2117 contagie
2572 2048 2840 2105 dedecore
2860 2049 3044 2105 verius
3065 2038 3259 2119 afficit;
3290 2069 3485 2125 nempe
3508 2045 3653 2126 quod

2083 2140 2324 2194 exterius
2354 2148 2440 2195 est
2470 2141 2645 2196 lancis
2673 2150 2727 2196 et
2759 2142 3067 2212 paropsidis
3091 2144 3394 2202 emundans
3430 2147 3497 2213 ³⁸,
3530 2161 3653 2202 car-

2082 2244 2205 2284 nem
2228 2229 2480 2286 videlicet
2502 2245 2568 2286 ac
2591 2245 2821 2302 corpus;
2860 2233 3101 2288 animum
3132 2249 3262 2290 vero
3287 2238 3518 2295 tumoris
3540 2253 3656 2293 am-

2081 2322 2415 2394 bitionisque
2460 2325 2716 2381 sordibus
2758 2326 3071 2396 inquinans.
3119 2328 3187 2382 At
3229 2345 3406 2400 neque
3433 2329 3481 2386 si
3530 2332 3655 2401 quis

2080 2417 2437 2488 pecuniarum
2468 2418 2770 2489 cupiditate
2798 2426 3010 2488 captus,
3045 2435 3236 2476 earum
3270 2424 3427 2494 cOpia
3453 2424 3655 2495 gloria-

2082 2520 2190 2578 tur,
2222 2512 2269 2565 is
2298 2526 2417 2565 eam
2451 2513 2630 2567 colere
2660 2511 2946 2582 magnifice
2978 2515 3191 2582 studet;
3224 2515 3321 2571 sed
3347 2530 3447 2585 pro
3477 2505 3655 2571 omni-

2078 2600 2182 2656 bus
2231 2602 2531 2672 despicatui
2566 2603 2750 2666 habet,
2796 2604 3006 2658 lucrum
3047 2606 3300 2676 exiguum
3336 2609 3414 2662 illi
3461 2610 3655 2679 praefe-

2080 2709 2227 2758 rens,
2263 2696 2352 2750 cui
2388 2705 2568 2752 tamen
2612 2697 2750 2751 nihil
2779 2697 3146 2766 comparabile
3174 2706 3278 2760 est,
3316 2711 3504 2755 eorum
3532 2718 3655 2772 qua

2080 2785 2136 2842 in
2177 2788 2288 2841 vita
2328 2790 2384 2842 in
2417 2789 2590 2858 pretio
2618 2788 2909 2844 habentur.
2946 2787 3149 2845 Omnes
3184 2790 3329 2844 enim
3359 2792 3562 2848 divitia:
3599 2803 3655 2850 et

2079 2895 2270 2933 aurum
2296 2879 2350 2933 in
2372 2890 2645 2950 conspectu
2666 2880 2813 2935 illius
2836 2897 3001 2935 arena
3042 2892 3119 2937 est
3145 2884 3337 2955 exigua
3362 2885 3428 2940 “.
3457 2884 3526 2939 At
3556 2900 3654 2941 ne-

2077 2982 2183 3039 que
2207 2970 2301 3040 qui
2341 2986 2399 3026 se
2430 2971 2606 3040 ipsum
2638 2985 2806 3042 supra
2828 2963 3050 3027 modum
3086 2976 3269 3030 amare
3294 2974 3654 3046 deprehendi-

2076 3071 2187 3126 tur,
2208 3062 2426 3133 etquod
2453 3063 2555 3119 sibi
2579 3064 2678 3118 soli
2707 3064 2930 3134 prodest
2952 3064 3114 3122 unice
3140 3066 3379 3124 intuetur
3399 3067 3454 3125 et
3473 3070 3652 3136 curat,

2076 3157 2466 3212 necessitatum
2512 3156 2747 3226 proximi
2797 3173 3061 3222 securus,
3114 3160 3423 3217 castitatem
3472 3154 3652 3222 colit:

2008 3226 2050 3284 (ἶ
2084 3243 2215 3313 quin
2262 3243 2379 3314 ispe
2430 3259 2649 3314 quoque
2696 3246 2924 3314 spernit.
2982 3246 3211 3302 Multum
3256 3251 3402 3305 enim
3449 3253 3657 3310 abillis

2086 3336 2241 3393 abest
2263 3330 2357 3407 qui
2381 3351 2480 3406 pro
2510 3336 2793 3408 dignitate,
2811 3338 2959 3393 illius
2978 3346 3210 3394 utuntur
3224 3336 3654 3409 necessitudine,

2082 3429 2177 3501 qui
2207 3429 2328 3499 ejus
2358 3429 2677 3483 cbaritatem
2706 3436 2761 3484 et
2788 3430 3220 3485 misericordiam
3254 3439 3308 3487 et
3343 3433 3656 3490 humanita-

2082 3528 2189 3575 tem
2235 3531 2266 3573 a
2312 3528 2372 3574 s‘e
2416 3516 2696 3591 repulerit.
2729 3520 2915 3590 Neque
2943 3522 3087 3576 enim
3128 3533 3335 3579 rectum
3368 3533 3473 3593 est,
3524 3522 3655 3583 hinc

2080 3611 2301 3682 quidem
2355 3613 2628 3669 castitatis
2679 3630 2781 3669 usu
2832 3612 3196 3686 virginitatem
3242 3618 3450 3686 colere;
3502 3617 3654 3674 illinc

2078 3719 2208 3760 vero
2249 3706 2431 3776 pravis
2471 3705 2808 3762 facinoribus
2839 3721 2902 3761 ac
2928 3707 3152 3763 libidine
3178 3711 3418 3763 animum
3446 3709 3656 3779 pollue-

2078 3810 2137 3848 re
2162 3815 2174 3851 :
2205 3812 2381 3867 neque
2410 3798 2538 3853 hinc
2570 3799 2786 3869 quidem
2818 3798 3060 3870 proﬁteri
3085 3800 3375 3870 puritatem
3401 3808 3454 3856 et
3477 3802 3656 3857 conti-

2078 3887 2343 3953 nentiam,
2378 3884 2529 3945 illinc
2561 3899 2742 3947 autem
2790 3891 3066 3963 inquinari
3107 3900 3271 3963 atque
3299 3893 3446 3948 vitiis
3472 3894 3656 3949 indul-

2079 3993 2225 4049 gere.
2273 3979 2458 4051 Neque
2491 3997 2705 4049 rursus,
2737 3982 2865 4038 hinc
2902 3983 3119 4054 quidem
3169 3983 3324 4037 fateri
3368 3984 3516 4041 haud
3546 3986 3652 4041 sibi

2080 4087 2228 4127 curae
2252 4087 2375 4128 esse
2404 4089 2495 4129 res
2526 4077 2736 4137 mundi,
2771 4077 2921 4132 illinc
2943 4086 3122 4132 autem
3153 4077 3409 4148 parandis
3441 4077 3653 4136 inhiare

2081 4180 2146 4219 ac
2180 4165 2237 4220 in
2282 4166 2391 4221 illis
2437 4168 2667 4223 versari.
2704 4168 2845 4234 Quin
2868 4170 3121 4224 membra
3151 4169 3335 4224 omnia
3383 4169 3452 4223 ab
3501 4172 3652 4227 omni

2082 4255 2288 4311 intacta
2307 4261 2657 4329 corruptione
2683 4260 2948 4315 servanda
2970 4276 3034 4316 ac
3056 4260 3419 4326 incommista,
3453 4276 3561 4316 non
3584 4278 3652 4318 ea

402 4328 668 4399 duntaxat
721 4348 841 4402 quae
875 4334 1144 4403 pruritum
1176 4333 1249 4388 ad
1300 4335 1577 4391 libidinem
1620 4338 1843 4405 habent,
1886 4360 2110 4416 remque
2154 4349 2458 4406 maritalem
2477 4328 2776 4421 exercent;
2827 4353 2923 4408 sed
2975 4367 3042 4408 ea
3094 4367 3309 4423 quoque
3334 4369 3453 4423 quae
3497 4353 3651 4409 hisce

406 4428 536 4474 sunt
573 4421 811 4492 ad-opus
843 4424 1155 4480 obeundum
1199 4428 1553 4497 promptiora.
1584 4429 1778 4512 .Plane
1809 4435 2077 4506 siquidem
2137 4439 2432 4497 ridiculum
2479 4442 2664 4510 fuerit,
2720 4421 3126 4516 procreationis
3163 4421 3397 4509 filiorum
3452 4446 3651 4500 instru-

404 4518 587 4566 menta
615 4512 824 4583 integra
845 4528 1064 4571 servare
1093 4530 1157 4571 ac
1190 4518 1529 4587 intaminata,
1561 4506 1669 4576 non
1697 4525 1824 4579 item
1869 4528 2150 4599 linguam;
2183 4541 2279 4589 aut
2328 4550 2547 4591 servare
2592 4537 2816 4608 quidem
2872 4539 3135 4611 linguam,
3198 4541 3416 4596 oculum
3468 4549 3647 4596 autem

402 4614 498 4661 aut
538 4622 700 4663 aures
731 4618 826 4663 aut
853 4625 1045 4667 manus
1077 4629 1419 4685 nequaquam
1451 4636 1463 4672 :
1501 4626 1596 4672 aut
1623 4618 1857 4692 denique
1903 4625 1994 4679 illa
2043 4642 2261 4701 quoque
2316 4632 2517 4690 habere
2547 4648 2612 4690 ac
2660 4650 2879 4692 servare
2922 4636 3168 4709 integra,
3205 4653 3314 4693 non
3358 4654 3492 4694 vero
3530 4639 3649 4693 aai-

399 4716 572 4767 mum,
604 4702 699 4757 sed
729 4703 881 4758 illum
912 4708 1168 4776 superbia
1212 4710 1403 4782 iraque
1431 4718 1801 4786 constuprari.

459 4856 502 4886 ⁸⁰
526 4849 720 4913 Matth.
753 4875 908 4925 mn,
940 4855 1030 4916 23.
1122 4864 1164 4895 ⁸¹
1208 4865 1336 4935 Sap.
1369 4883 1466 4933 \‘lt,
1498 4861 1553 4924 9;

472 4978 583 5059 (ἷξε)
622 4981 732 5059 Ιςᾳὶ
754 4981 825 5059 fit“
856 4982 1051 5059 αῠζρῖς
1088 4984 1477 5049 ἐξετάζεσθαι.
1510 4990 1579 5043 In
1613 4991 1722 5045 illis
1753 4997 1971 5059 t-ersari,

398 5063 465 5128 ac
486 5049 530 5103 si
562 5050 691 5128 quid
722 5051 994 5128 ejusmodi
1016 5069 1083 5109 eo
1102 5071 1278 5128 sensu
1312 5074 1413 5113 vox
1447 5061 1536 5114 illa
1567 5070 1744 5128 potest
1776 5049 1964 5119 reddii

395 5118 464 5200 de
491 5118 598 5188 qua
633 5118 790 5200 plura
818 5121 1068 5200 Budmus.
1098 5123 1309 5200 Passim
1336 5130 1390 5200 in.
1410 5118 1659 5185 conciliis
1680 5173 1694 5195 ,
1719 5118 1971 5200 οίὲξεταὲ

395 5186 614 5270 ζόμενοι
633 5186 908 5270 in_aliquo
935 5194 1105 5264 gradu
1144 5198 1226 5270 vel
1249 5198 1464 5270 ordine,
1513 5203 1604 5270 qui
1636 5186 1693 5255 in
1733 5186 1842 5258 illi;
1858 5186 1969 5259 πισ-

394 5266 544 5340 ινιεηιζ
570 5262 626 5313 in
660 5262 774 5332 ejus
820 5262 977 5340 censu
1011 5275 1134 5319 sunt
1162 5262 1598 5340 ε-εξεταζόμενος
1635 5274 1692 5325 ἐν
1735 5276 1848 5338 τοῖς
1882 5276 1974 5327 ιπ-

393 5331 593 5412 πικοίς,
629 5346 796 5412 eque_s
820 5332 1149 5412 Romanus._
1179 5331 1278 5391 Hic
1308 5331 1467 5412 ergo',
1499 5331 1882 5412 ἐξεταζόμενος
1913 5347 1972 5398 ὲν

391 5401 503 5474 τοῖς
525 5404 827 5474 κο-σμικοῖς.
862 5406 955 5474 qui
986 5406 1284 5460 mundanus
1317 5401 1399 5464 sit.
1421 5401 1482 5464 ac
1518 5401 1792 5467 sicani-aris
1823 5401 1973 5470 :vncc

391 5468 532 5524 bene
577 5468 884 5537 Possinius,
928 5477 1106 5531 studio
1139 5494 1315 5531 rerum
1364 5482 1757 5536 mundanarunt
1805 5468 1967 5538 nintid

360 5534 619 5622 iturbari.
656 5542 810 5622 quin
855 5534 1032 5599 reddit
1062 5548 1315 5622 Allatius
1349 5566 1458 5605 non
1517 5534 1778 5622 intelligo,
1806 5534 1969 5608 ’έΐέἱι

393 5610 725 5682 illisaliquid
762 5629 874 5666 esse
911 5617 1239 5673 contendere.
1282 5620 1569 5677 COIBEFIS.

464 5680 971 5764 (ὕθλτίιιτούτῳν
1018 5687 1428 5764 ἐνεργέσῡερα.
1485 5691 1712 5764 Videtur
1768 5694 1966 5764 legisse

391 5747 676 5832 Possinius
707 5747 1131 5832 extant-iorem;
1162 5747 1290 5811 dum
1328 5747 1489 5832 longa
1520 5747 1850 5831 paraphrasi
1893 5747 1965 5817 ita

391 5821 600 5875 reddit:
628 5822 765 5888 Quin
796 5821 969 5893 potius
1000 5821 1352 5900 publicarum,
1408 5821 1463 5885 d2
1495 5821 1571 5886 ita
1606 5821 1803 5900 dicant,
1833 5838 1883 5887 et
1913 5851 1968 5888 se

2005 5003 2050 5058 1)
2078 4997 2292 5078 honette
2311 5002 2689 5078 petulantiam
2742 5004 3091 5058 membrorum
3114 5045 3129 5071 ,
3159 5077 3163 5078 ν
3190 5011 3327 5072 ater,
3381 5007 3487 5078 qui
3501 5019 3554 5063 et
3580 5010 3648 5065 τὰ

2078 5066 2369 5145 κνησμώδη
2420 5068 2756 5145 reddiderat,
2807 5091 2868 5126 ea
2915 5091 3032 5145 quae
3059 5066 3229 5144 pudor
3259 5066 3414 5131 ιιεὶαιῖ
3445 5076 3675 5139 Verum.

2073 5136 2288 5205 quidem
2381 5141 2652 5216 utrisque_
2689 5147 2817 5216 haec
2845 5136 3105 5201 membris
3155 5157 3498 5216 competere;
3553 5152 3648 5206 sed

2072 5220 2183 5284 non
2211 5222 2275 5260 eo
2299 5219 2579 5284 comparat
2607 5210 2932 5275 Metliodius,
2955 5216 3098 5284 quod
3132 5216 3238 5270 alia
3262 5210 3521 5282 obscena,
3540 5222 3648 5276 alia

2073 5276 2322 5349 honesta,
2356 5276 2590 5349 hincque
2635 5291 2777 5336 tecta
2816 5284 2943 5343 alia.
2971 5276 3098 5338 'alia
3143 5294 3203 5339 ut
3233 5276 3522 5342 videantur
3550 5305 3649 5344 ex-

2074 5347 2281 5440 p'osita;
2314 5349 2409 5403 sed
2436 5347 2713 5440 quodlsi'c
2749 5355 2993 5422 exposita
3043 5363 3205 5425 atque
3239 5356 3487 5440 honesta,
3521 5372 3648 5440 pro-

2074 5417 2351 5497 cliviorem
2384 5417 2571 5497 actum
2595 5417 3150 5497 hahea_nt_itsitmque,
3183 5426 3383 5494 quibus
3420 5417 3649 5497 proinde

2071 5492 2343 5563 aequaaut
2365 5489 2537 5557 major
2559 5490 2805 5563 habenda
2823 5491 3124 5563 diligentia,
3158 5489 3217 5549 ut
3244 5507 3395 5550 casta
3420 5489 3551 5561 sint,
3581 5516 3648 5555 ne
3674 5498 3679 5503 ’

2071 5558 2201 5626 quid
2232 5558 2468 5632 habeant
2492 5562 2635 5628 quod
2670 5558 2948 5631 virginem'
2970 5564 3265 5632 dedeceat;
3299 5576 3357 5620 ut
3387 5580 3515 5623 sunt
3540 5558 3670 5623 lin-‘

2069 5643 2205 5706 ευρ,
2227 5629 2394 5694 oculi,
2438 5645 2664 5706 manus;
2701 5629 3054 5702 omniumque
3089 5629 3324 5695 tuaxime
3354 5637 3457 5706 ipsi
3480 5639 3676 5695 animi.

2070 5703 2267 5773 sensus
2312 5715 2375 5753 ac
2404 5703 2695 5773 cogitatus,
2725 5710 2876 5757 extra
2912 5718 3049 5773 quos
3090 5708 3269 5761 omnis
3320 5703 3424 5763 alia
3452 5718 3648 5764 emun-

2069 5768 2236 5833 datio,
2268 5772 2452 5824 carnis
2469 5768 2552 5824 est
2571 5768 3054 5844 etgcorporisfnon
3084 5774 3361 5834 interioris
3384 5778 3643 5844 hominis,

2067 5853 2233 5907 penes
2263 5855 2421 5909 quem
2446 5856 2569 5895 vera
2598 5842 2880 5912 virginitas
2900 5845 3244 5910 potissimum
3267 5848 3537 5903 consistit.
3565 5842 3640 5902 in.
3702 5910 3708 5915 κ
