4150 6424
467 405 573 459 2ίὶ7

1348 392 1405 449 S.
1447 385 1773 445 ME'I‘HODII
1807 380 2113 439 EPISCOPI
2143 381 2232 437 ΕΤ
2270 378 2626 436 MAR'IYRIS

3602 370 3710 426 208

539 521 771 576 Prorsus
806 519 951 574 enim
979 532 1156 587 operte
1182 511 1414 585 pretium
1437 515 1542 573 est,
1574 515 1633 562 ut
1660 507 1745 562 cui
1773 504 2042 558 constitu-

2216 503 2305 553 Δεῖ
2344 498 2451 570 γάρ
2487 498 2700 559 πάντως
2738 493 2829 547 τδν
2880 492 3140 565 μέλλοντα
3182 490 3255 563 μὴ
3295 487 3712 560 ἁμαρτήσεσθαι

467 620 581 665 tum
606 611 676 665 sit
695 626 764 665 ne
786 609 1011 665 colenda
1036 606 1289 662 castitate
1312 617 1341 655 a
1372 599 1651 671 proposito
1672 602 1840 659 erret,
1869 609 2042 649 mem-

472 708 567 760 bra
589 704 772 760 omnia
794 717 1096 771 sensusque
1124 712 1254 753 suos
1276 694 1508 749 mundos
1541 691 1902 757 astrictosque
1927 701 2017 742 ser

468 803 579 860 vet,
611 794 691 849 uti
729 795 846 848 fieri
876 794 929 847 in
959 791 1177 845 navium
1209 786 1409 840 tabulis
1439 783 1596 848 solet,
1626 795 1856 851 quarum
1878 778 2040 845 junc-

469 895 624 941 turas
677 882 933 940 navarelzi
970 881 1260 950 diligenter
1304 876 1643 947 agglutinant
1701 873 2037 939 astringunt-

469 993 596 1048 que,
628 989 828 1045 nequa
857 973 1059 1029 scilicet
1090 976 1314 1041 peccato
1354 982 1474 1023 sese
1505 962 1811 1019 infundenti
1845 962 1898 1015 in
1922 962 2035 1014 ani-

472 1082 623 1122 mum
664 1067 747 1120 via
784 1075 942 1134 atque
974 1063 1153 1117 aditus
1200 1065 1399 1131 pateat.
1442 1055 1577 1110 Nam
1611 1062 1669 1108 ut
1698 1053 2037 1108 nobilissima

469 1171 695 1229 qumque
724 1154 1283 1226 pnestantissimaque
1322 1148 1588 1220 professio
1616 1154 1719 1211 est,
1758 1146 1830 1198 ita
1864 1142 2040 1198 maxi-

469 1248 575 1303 mis
619 1248 1066 1318 gravissimisque
1114 1240 1505 1298 ofl‘ensionibus
1547 1238 1780 1293 obnoxia
1817 1244 1933 1302 est;
1977 1248 2040 1288 ac

467 1352 595 1394 vere
623 1337 767 1390 bono
795 1335 994 1389 malum
1027 1332 1198 1401 magis
1225 1330 1565 1390 adversatur,
1604 1339 1767 1396 quam
1802 1324 1853 1377 ei
1893 1320 2037 1392 quod

468 1445 569 1485 nec
604 1429 661 1482 in
689 1429 845 1483 bonis
888 1423 1280 1481 numerandum
1308 1429 1412 1475 est.
1447 1419 1597 1473 Multi
1629 1418 1811 1485 itaque
1841 1415 2039 1485 quibus

469 1538 792 1595 persuasum
821 1529 985 1586 esset,
1015 1520 1117 1573 hoc
1144 1515 1488 1587 potissimum
1524 1519 1781 1582 praestare
1809 1508 2039 1563 castita-

470 1627 601 1680 tem,
656 1626 714 1670 ut
764 1614 997 1669 ell‘renes
1047 1609 1373 1665 libidinosos
1403 1616 1570 1659 aestus
1617 1618 1679 1657 ac
1714 1601 2040 1672 cupiditates

470 1712 820 1778 comprimat,
871 1705 1081 1773 reliqua
1110 1701 1236 1755 vita:
1263 1698 1611 1754 institutione
1642 1696 1905 1764 neglecta,
1937 1691 2040 1745 bac

466 1815 684 1872 quoque
709 1795 1059 1859 exciderunt;
1091 1790 1290 1860 suique
1340 1787 1626 1843 dedecoris
1665 1792 1897 1856 partem,
1947 1796 2038 1837 re-

2140 592 2269 664 περὶ
2287 593 2384 663 τὴν
2411 591 2641 660 ἄσκησιν
2669 588 2768 657 τῆς
2795 584 3039 654 ἁγνείας,
3064 585 3131 638 τὰ
3163 582 3296 653 μέλη
3328 581 3504 634 πάντα
3529 579 3624 632 καὶ
3643 577 3714 631 τὰ

2138 684 2465 754 αἰσθητήρια
2487 682 2671 752 τηρεῖν
2693 677 2887 732 ἑαυτοῦ
2911 674 3126 746 καθαρά
3163 675 3259 727 καὶ
3287 670 3709 742 συνεσφιγμένα,

2138 775 2387 845 καθάπερ
2415 773 2477 845 δὴ
2508 774 2599 827 καὶ
2630 771 2847 834 πλοίων,
2872 764 2947 822 ὧν
2974 770 3023 821 οἱ
3054 767 3381 838 κυεερνῆται
3408 763 3506 826 τὰς
3538 764 3711 834 ἁρμο-

2137 867 2239 937 γὰς
2293 867 2601 934 σφίγγουσι,
2637 863 2770 934 πρὸς
2820 861 2880 915 τὸ
2933 862 3007 931 μὴ
3059 860 3206 930 σχεῖν
3261 857 3369 910 ἔσω
3414 855 3583 909 δίοδον
3614 855 3714 924 τὴν

2138 958 2411 1031 ἁμαρτίαν
2443 956 2884 1026 ὲπεισχεομένην.
2906 956 3033 1016 Τοῖς
3063 952 3171 1022 γὰρ
3193 949 3446 1021 μεγάλοις
3474 948 3533 1011 ἐξ
3555 946 3715 1014 ἀνάγ-

2140 1069 2240 1121 κης
2274 1046 2662 1119 ἐπιτηδεύμασι
2707 1044 2918 1116 μεγάλα
2974 1044 3069 1096 καὶ
3114 1041 3181 1094 τὰ
3240 1039 3554 1108 πταίσματα
3585 1052 3715 1106 συμ-

2140 1142 2341 1196 ϐαίνει·
2391 1142 2483 1195 καὶ
2513 1140 2591 1209 τῷ
2633 1138 2745 1191 ὄντι
2773 1136 2849 1207 τῷ
2880 1133 3068 1204 ἀγαθῷ
3104 1132 3303 1204 μᾶλλον
3334 1126 3715 1197 ἐναντιώτερον

2139 1234 2199 1286 τὸ
2228 1233 2396 1286 κακὸν
2427 1233 2459 1303 ἢ
2494 1230 2570 1302 τῷ
2600 1231 2674 1302 μὴ
2709 1227 2915 1298 ἀγαθῷ.
2946 1226 3138 1279 Πολλοὶ
3166 1220 3281 1289 οὖν,
3309 1220 3620 1289 δοξάζοντες
3656 1218 3719 1271 τὸ

2142 1329 2268 1398 περὶ
2296 1325 2392 1387 τὰς
2424 1323 2734 1395 οἰστρώδεις
2778 1322 3063 1392 καρτερεῖν
3110 1316 3403 1386 ἐπιθυμίας
3449 1307 3718 1382 εἶναιτὴν

2140 1419 2382 1487 ἁγνείαν,
2429 1416 2538 1468 τῶν
2587 1414 2757 1469 ἄλλων
2791 1410 3186 1481 ἀμελήσαντες,
3227 1406 3395 1477 αὐτῆς
3431 1404 3714 1466 ἔπταισαν,

2141 1510 2235 1564 καὶ
2278 1512 2389 1571 τοῖς
2433 1506 2605 1578 ὀρθῶς
2648 1504 2783 1574 πρὸς
2827 1502 2996 1573 αὐτὴν
3042 1498 3391 1570 ὡρμημένοις
3437 1494 3718 1566 προσῆςαν

2140 1602 2358 1670 ψόγους,
2402 1599 2478 1661 ὡς
2508 1600 2663 1668 ὑμεῖς
2696 1594 2979 1666 ὴλέγξατε,
3030 1593 3191 1662 νόμος
3219 1589 3307 1642 διὰ
3346 1589 3591 1641 πάντων·
3631 1585 3720 1637 αὑ-

2140 1693 2231 1744 ταὶ
2277 1691 2382 1763 γάρ
2432 1686 2857 1760 παρθενεύουσαι
2886 1685 2979 1738 καὶ
3006 1683 3152 1754 ἔργῳ
3194 1681 3289 1734 καὶ
3315 1680 3476 1749 λόγῳ.
3513 1677 3621 1729 Καὶ
3651 1679 3719 1729 τά

2146 1783 2242 1853 μὲν
2279 1781 2343 1852 δὴ
2372 1781 2471 1850 τῆς
2495 1771 2787 1850 παρθένου,
2833 1774 3081 1845 τηταπὴν
3122 1769 3264 1826 εἶναι
3307 1772 3603 1841 προσήκει,
3652 1768 3719 1820 δι-

469 1900 559 1950 cto
588 1892 654 1948 ad
679 1905 795 1947 eam
822 1886 1038 1942 tramite
1055 1884 1375 1946 nitentibus,
1394 1886 1769 1951 asperserunt,
1807 1876 1884 1931 uti
1917 1888 2035 1939 vos,

2144 1874 2375 1945 εγράφη·
2398 1873 2541 1942 ὑμᾶς
2566 1871 2621 1924 δὲ
2646 1869 2882 1941 διαρκῶς
2904 1864 3318 1936 ἀγωνισαμένοις
3344 1862 3422 1934 τῷ
3445 1862 3605 1931 λόγῳ,
3634 1859 3721 1913 αὐ-

467 2002 588 2059 qua:
613 1987 667 2039 in
688 1980 939 2038 omnibus
965 1976 1097 2032 estis
1128 1975 1340 2045 regula,
1369 1970 1759 2028 demonstratis
1797 1988 1811 2023 :
1840 1967 2039 2038 quippe

467 2058 590 2133 eum
620 2083 673 2129 et
703 2085 867 2143 opere
916 2076 971 2124 et
1018 2081 1292 2131 sermone,
1335 2079 1432 2121 seu
1474 2062 1783 2119 eruditione
1816 2058 2043 2130 virgini-

464 2176 578 2223 tate
616 2162 933 2236 perfunctte,
967 2158 1086 2229 ejus
1136 2158 1334 2212 decora
1364 2154 1725 2226 protuleritis.
1761 2151 1828 2206 Et
1871 2150 2041 2222 virgi-

446 2254 588 2315 ‘nem
613 2253 832 2325 quidem
857 2250 1071 2322 qualem
1094 2266 1217 2306 esse
1239 2249 1428 2306 deceat
1459 2245 1903 2318 perscripsimus.
1930 2242 2043 2324 Ἴος

2146 1969 2339 2039 τήκοος
2368 1965 2653 2035 γενομένη,
2688 1964 2868 2025 πάσας
2900 1960 3265 2030 ἀποφαίνομαι
3290 1958 3445 2026 νικᾷν
3475 1956 3567 2007 καὶ
3599 1951 3719 2006 στέ-

2142 2076 2255 2129 φω·
2286 2058 2497 2111 Θέκλαν
2540 2056 2596 2109 δὲ
2627 2055 2705 2127 τῷ
2742 2053 2947 2126 μείζονι
2992 2051 3239 2122 στειράνῳ
3279 2048 3376 2103 καὶ
3416 2045 3720 2117 δασυτέρῳ,

2141 2151 2217 2214 ὡς
2256 2149 2483 2223 πρώτην
2530 2148 2682 2220 ὑμῶν
2717 2147 2811 2201 καλ⁵
2847 2143 3421 2217 μεγαλοπρεπέστερον
3446 2136 3723 2208 ἐκλάμψαι

2146 2260 2263 2299 σαν.

466 2359 667 2414 autem,
697 2346 878 2417 amplo
907 2344 1121 2401 dicendi
1154 2345 1411 2400 facultate
1440 2343 1712 2399 celebrato
1745 2340 2045 2395 certamine
2082 2356 2202 2411 qua:
2250 2342 2367 2411 ipsa
2419 2340 2746 2404 audiverim,
2801 2336 3059 2393 victrices
3101 2347 3294 2388 omnes
3333 2328 3627 2402 pronuntio
3657 2341 3721 2379 ac

465 2457 667 2501 corona
701 2439 866 2495 dono.
919 2437 1177 2494 Tbeclatn
1214 2446 1399 2493 tamen
1452 2435 1649 2508 majori
1674 2433 2070 2507 floridiorique,
2103 2442 2163 2488 ut
2194 2434 2339 2489 inter
2363 2450 2461 2489 vos
2488 2434 2811 2504 principem,
2842 2445 2905 2485 ac
2934 2443 3055 2502 qua:
3103 2424 3539 2499 magnificentia:
3586 2435 3723 2475 cun-

465 2538 567 2594 ctis
596 2536 879 2591 claruerit.

446 2701 593 2759 CAP.
632 2696 698 2752 ll.
734 2697 929 2753 Thecla
957 2699 1205 2769 hymnum
1238 2700 1520 2768 composite
1547 2707 1785 2759 canente.
1816 2698 2032 2769 reiiytm:
2068 2695 2289 2766 virgines
2318 2694 2408 2769 illi
2452 2692 2748 2769 succinum.
2796 2686 3032 2744 Joannes
3060 2686 3327 2755 Baptista,
3358 2692 3567 2755 martyr
3604 2698 3725 2735 case

1421 2771 1612 2824 titulis.
1650 2764 2037 2832 Ecclcsia,'l)ei
2062 2764 2280 2837 sponsa,
2309 2767 2533 2826 intacta,
2575 2764 2741 2833 virgo.

531 2916 661 2971 Haec
698 2917 935 2970 locutam
978 2915 1194 2971 Aretem
1237 2916 1418 2971 aiebat
1453 2914 1783 2986 TheOpatra,
1809 2914 2043 2985 iussisse

465 3016 692 3063 cunctas
722 3020 1036 3083 assurgere,
1061 2991 1115 3060 et
1137 3005 1240 3060 sub
1267 3021 1406 3077 agno
1432 3013 1640 3063 stantes
1677 3005 1925 3077 factaque
1953 3019 2045 3059 co-

464 3113 623 3163 rona,
660 3099 862 3169 gratias
894 3097 1127 3153 Domino
1153 3113 1217 3153 ac
1244 3099 1435 3154 laudes
1476 3098 1658 3153 debita
1690 3097 2045 3153 veneratione

463 3190 690 3247 referre.
710 3189 966 3245 Theclam
997 3191 1290 3261 auspicari,
1314 3206 1377 3245 ac
1406 3191 1576 3247 choro
1599 3192 1812 3261 prasire.
1838 3191 1903 3248 Ut
1934 3189 2044 3262 igi-

464 3292 554 3336 tur
601 3288 1057 3347 assurrexerunt,
1123 3279 1379 3337 Tbeelam
1455 3282 1711 3335 narrabat
1771 3283 2042 3355 virginem

463 3372 701 3427 mediam
734 3389 762 3427 a
793 3371 999 3429 dextris
1034 3373 1231 3429 Aretes
1256 3381 1514 3438 stantem,
1546 3377 1848 3445 composite
1887 3391 2045 3432 cane-

465 3482 523 3520 re
553 3483 568 3520 :
603 3467 878 3537 reliquas.
918 3479 1046 3521 vero
1096 3465 1152 3520 in
1200 3462 1386 3518 orbem
1412 3500 1429 3527 ,
1478 3461 1634 3532 quasi
1672 3463 2042 3524 circumducto

464 3557 655 3655 choro,
692 3558 771 3613 illi
800 3558 1085 3614 succinere
1112 3572 1177 3611 ac
1206 3554 1561 3629 respondere.

1124 3687 1393 3760 Hypacoe.

541 3819 662 3880 Tibi
721 3839 807 3878 me
850 3839 1008 3877 servo
1055 3831 1286 3890 castam,
1337 3834 1391 3880 et
1433 3826 1806 3897 splendentem
1853 3835 2046 3883 tenens

464 3913 798 3987 lampadem,
828 3912 1066 3984 Sponse,
1100 3914 1202 3967 tibi
1231 3930 1481 3971 occurro.

1112 4019 1386 4107 Psalmus.

537 4163 787 4229 Coelitus,
840 4164 1111 4236 virgines,
1153 4167 1409 4224 clamoris
1455 4170 1749 4226 excitantis
1797 4176 2044 4225 mortuos

377 4310 384 4319 ,
468 4271 640 4313 sonus
663 4258 832 4322 venit,
862 4256 1074 4329 Sponso
1093 4259 1289 4329 jubcns
1323 4260 1487 4317 simul
1509 4276 1698 4317 omnes
1724 4262 1938 4317 obviam
1966 4260 2045 4317 ire

468 4350 523 4403 in
556 4350 712 4406 stolis
753 4350 892 4405 albis
917 4360 971 4405 et
1002 4352 1365 4422 lampadibus,
1396 4354 1659 4410 orientem
1685 4369 1899 4409 versus.
1933 4353 2045 4408 Ex-

466 4438 839 4507 pergiscimini
866 4439 1182 4512 priusquam
1216 4450 1448 4513 occupet
1477 4441 1621 4496 intra
1660 4449 1847 4512 portas
1880 4456 2044 4512 pene-

465 4537 614 4585 trare
638 4530 774 4587 ilex.

539 4620 660 4675 Tibi
712 4636 798 4674 me
842 4638 1001 4678 servo
1051 4632 1284 4690 castam,
1332 4632 1387 4680 et
1426 4623 1803 4695 splendentem
1854 4635 2043 4680 tenens
2076 4618 2125 4675 Β

463 4708 791 4780 lampadem,
828 4709 1057 4782 Sponse,
1088 4717 1188 4770 tibi
1218 4731 1470 4771 occurro.

537 4800 843 4855 Mortalium
872 4805 1121 4861 luctuosa
1146 4806 1309 4860 nimis
1335 4820 1568 4860 excussa
1592 4804 1869 4870 felicitate,
1894 4819 2043 4875 spre—

463 4892 642 4962 tisque
691 4892 814 4947 vita:
847 4895 1145 4951 luxuriosa:
1176 4896 1391 4951 deliciis
1436 4912 1750 4965 amoreque,
1784 4897 1892 4951 tuis
1938 4898 2040 4951 sub

465 4982 612 5037 ulnis
647 4981 947 5039 salutiferis
990 4986 1199 5057 protegi
1250 4985 1523 5051 desidero,
1576 4994 1630 5041 et
1681 4997 1826 5041 luam
1861 4988 2043 5043 ridere

462 5089 698 5143 semper,
729 5091 763 5129 ο
801 5075 984 5137 Beate,
1017 5078 1502 5147 pulchritudinem.

532 5162 654 5218 Tibi
713 5180 801 5220 me
854 5182 1012 5221 servo
1044 5179 1273 5231 castam,
1325 5178 1378 5223 et
1435 5169 1806 5239 splendentem
1850 5181 2040 5230 tenens

460 5257 786 5327 lampadem,
820 5257 1053 5330 Sponse,
1083 5262 1178 5315 tibi
1214 5277 1464 5317 occurro.

531 5346 759 5405 Relictis
802 5352 1113 5404 mortalium
1163 5353 1473 5421 nuptiarum
1510 5355 1645 5409 toris
1678 5369 1740 5409 ae
1777 5358 1960 5423 domo,
2006 5373 2039 5411 ο

458 5438 598 5506 Rex,
634 5451 857 5513 propter
882 5452 955 5509 te,
994 5446 1112 5499 auri
1140 5445 1298 5515 plena
1329 5447 1665 5503 intaminatis
1703 5448 1758 5503 in
1796 5449 2037 5505 restibus

457 5535 604 5597 veni.
649 5546 708 5590 ut
740 5545 794 5591 et
824 5553 928 5609 ego
961 5553 1070 5592 una
1099 5548 1278 5594 tecum
1317 5539 1457 5593 intra
1489 5541 1833 5599 beatissimos
1862 5543 2033 5597 tliala-

460 5641 581 5681 tnos
608 5629 880 5686 admittar.
1938 5666 1967 5693 ,

532 5714 653 5771 Tibi
708 5734 793 5774 me
848 5737 1007 5777 servo
1046 5732 1286 5787 castam,
1322 5733 1376 5779 et
1420 5727 1793 5798 splendentem
1846 5735 2036 5783 tenens

463 5811 789 5885 lampadem,
833 5811 1063 5885 Sponse,
1099 5816 1191 5873 tibi
1224 5833 1475 5880 occurro.

2221 2913 2406 2967 Ταῦτα
2436 2906 2529 2964 οἷον
2556 2906 2837 2969 εἰποῦσαν,
2870 2904 2972 2975 ἔφη
2997 2899 3251 2955 κελεῦσαι
3281 2897 3460 2959 πάσας
3490 2891 3720 2961 ἀναστῆ-

2150 3023 2235 3057 ναι
2277 3002 2375 3074 τὴν
2413 3000 2636 3074 Ἀρετὴν
2676 3000 2709 3070 ἡ
2761 2995 3068 3066 Θεοπάτρα,
3118 2992 3211 3046 καὶ
3256 2990 3435 3052 πάσας
3486 2986 3589 3040 ὑπὸ
3626 2984 3726 3054 τὴν

2151 3096 2312 3164 ἄγνον
2334 3072 2748 3164 εὐχαριστὴριον
2774 3090 2938 3159 ὕμνον
2967 3084 3284 3157 πρεπόντως
3308 3077 3627 3147 ἀναπέμψαι
3648 3072 3725 3143 τῷ

2153 3188 2340 3257 Κυρίῳ
2360 3203 2373 3216 ·
2406 3185 2651 3256 ἐξάρχειν
2689 3184 2744 3237 δὲ
2773 3181 2869 3253 τὴν
2905 3179 3114 3233 Θέκλαν
3146 3174 3241 3229 καὶ
3268 3167 3724 3245 πρυαφηγεῖσθαι.

2161 3280 2249 3346 Ὠς
2278 3275 2371 3333 οὖν
2395 3279 2722 3348 ἀνέστησαν,
2752 3273 2849 3345 τὴν
2874 3272 3075 3325 Θέκλαν
3112 3269 3283 3341 μέσην
3316 3265 3414 3337 μὲν
3442 3262 3549 3316 τῶν
3592 3278 3726 3332 παρ-

2151 3372 2338 3437 θένων,
2375 3372 2498 3441 ἔφη,
2533 3371 2595 3423 ὲκ
2642 3366 2831 3434 δεξιῶν
2873 3366 2929 3419 δὲ
2974 3364 3073 3434 τῆς
3114 3358 3336 3432 Ἀρετῆς
3373 3358 3594 3419 στᾶσαν,
3628 3370 3724 3406 κο-

2150 3458 2323 3538 σμίως
2350 3463 2570 3534 ψάλλειν
2590 3478 2602 3490 ’
2633 3460 2731 3522 τὰς
2763 3459 2819 3512 δὲ
2852 3455 3042 3519 λοιπὰς
3069 3456 3125 3507 ὲν
3153 3451 3355 3521 κύκλῳ,
3386 3447 3636 3518 καθάπερ
3666 3446 3723 3497 ἐν

2148 3554 2308 3629 χοροῦ
2341 3557 2580 3625 σχήματι
2612 3548 2901 3612 συστάσας,
2932 3543 3227 3599 ὑπακούειν
3255 3543 3413 3611 αὐτῇ.

2792 3679 3041 3744 Tarame
3053 3718 3065 3730 .

2230 3824 2471 3895 ’Λγνεύω
2505 3841 2607 3885 σοι,
2645 3822 2738 3874 καὶ
2776 3818 3066 3891 λαμπάδας
3112 3816 3451 3886 φαεσφόρους
3498 3809 3723 3885 κρατοῦ-

2152 3935 2240 3983 σα,
2270 3916 2509 3988 Νυμφιε,
2541 3913 2829 3968 ὑπαντάνω
2858 3927 2958 3963 σοι.

2806 4046 3071 4113 Ψαλμοῖς.

2223 4163 2481 4226 ’Δνωθεν,
2514 4159 2791 4232 παρθένοι,
2829 4156 2954 4226 βοῆς
2986 4155 3363 4226 ὲγερσίνεκρος
3406 4149 3537 4224 ἦχος
3564 4146 3721 4222 ἦλθε,

2150 4256 2387 4328 Νυμφίῳ
2413 4255 2585 4321 λέγων
2614 4248 2848 4304 πασσυδὶ
2879 4247 3202 4301 ὑπαντάνειν
3233 4245 3479 4300 λευκέσιν
3512 4246 3569 4297 ὲν
3595 4260 3719 4297 στο-

2150 4350 2267 4414 λαῖς
2314 4348 2409 4403 καὶ
2461 4344 2730 4417 λαμπάσι,
2783 4344 2918 4414 πρὸς
2962 4341 3246 4402 ἀνατολάς.
3278 4337 3545 4410 Ἔγρεσθε
3592 4337 3721 4407 πρὶν

2152 4442 2331 4512 φθάσῃ
2370 4441 2550 4512 μολεῖν
2575 4437 2707 4491 εἴσω
2730 4435 2909 4507 θυρῶν
2941 4433 3129 4500 Ἀναξ.

2229 4623 2467 4692 Ἀγνεύω
2497 4640 2601 4685 σοι,
2635 4620 2729 4675 καὶ
2771 4617 3056 4690 λαμπάδας
3102 4615 3443 4691 φαεσφόρους
3492 4610 3696 4683 κρατοῦ

2146 4733 2233 4779 σα,
2270 4714 2509 4783 Νυμιρίε,
2540 4710 2830 4765 ὑπαντάνω
2854 4724 2954 4761 σοι.

2214 4802 2431 4876 Βροτῶν
2465 4801 2890 4855 πολυστένακτον
2920 4797 3073 4851 ὄλϐον
3110 4795 3441 4866 ἐκφυγοῦσα,
3477 4794 3568 4847 καὶ
3600 4792 3714 4863 βίου

2140 4898 2353 4969 τρυφῆς
2382 4895 2593 4959 ἁδονάς,
2629 4896 2825 4968 ἔρωτα,
2858 4896 2977 4956 σαῖς
3003 4893 3092 4945 ὑπ’
3115 4890 3382 4961 ἀγκάλαις
3415 4888 3716 4960 ζωηφόροις

2144 4988 2294 5043 ποθῶ
2329 4987 2654 5055 σκέπεσθαι,
2686 4987 2780 5040 καὶ
2829 4985 3047 5056 βλέπειν
3089 4983 3151 5036 τὸ
3194 4982 3285 5035 σὸν
3315 4979 3509 5043 κάλλος
3538 4980 3716 5050 διηνε-

2144 5081 2275 5145 κῶς,
2304 5081 2529 5151 Μάκαρ.

2229 5172 2467 5241 ’Λγνεύω
2522 5190 2624 5237 σοι,
2656 5174 2748 5226 καὶ
2782 5170 3066 5243 λαμπάδας
3113 5168 3449 5238 φαεσφόρους
3493 5162 3716 5239 κρατοῦ-

2146 5282 2235 5327 σα,
2260 5263 2497 5333 Νυμφίε,
2529 5265 2821 5317 ὑπαντάνω
2854 5281 2953 5317 σοι.

2206 5357 2409 5429 Γάμων
2441 5356 2673 5411 λιποῦσα
2691 5358 2759 5410 τὰ
2779 5355 2947 5426 θνητὰ
2970 5354 3191 5422 λέκτρα,
3215 5351 3309 5404 καὶ
3332 5347 3712 5420 δόμον,Ἀναξ,

2141 5450 2227 5503 διὰ
2262 5451 2341 5515 σὲ,
2374 5448 2726 5521 πολύχρυσον,
2760 5445 2921 5520 ἦλθον
2948 5446 3195 5509 άσπίλοις
3225 5447 3281 5499 έν
3310 5447 3548 5516 εἵμασιν,
3570 5445 3717 5505 ὅπως

2142 5544 2331 5612 φθάσω
2363 5542 2518 5612 κάγὼ
2550 5543 2849 5595 πανολὸἱων
2895 5541 3152 5610 θαλάμων
3198 5541 3331 5592 εἴσω
3374 5540 3470 5593 σὺν
3513 5538 3594 5591 σοὶ
3629 5551 3719 5607 μο-

2144 5652 2277 5690 λειν.

2228 5725 2467 5794 ’Λγνεύω
2509 5742 2611 5787 σοι,
2648 5726 2742 5779 καὶ
2773 5723 3061 5794 λαμπάδας
3106 5723 3445 5794 φαεσφόρους
3494 5722 3717 5794 κρατοῦ-

2148 5837 2236 5881 σα,
2272 5819 2511 5879 Νυαςνὶε.
2540 5819 2829 5872 ὑπαντάνω
2866 5835 2966 5873 τοι.
