4150 6464
475 381 584 441 ⁸215

1436 383 1496 437 S.
1536 380 1866 437 METHODEI
1902 381 2207 437 EPISCOPI
2249 381 2333 435 ἰίΤ
2374 380 2732 436 ΜΑΚΤΫΠᾹΞ

3614 377 3719 435 116

550 493 755 550 GHEG.
793 494 936 550 Vexa
969 502 1027 548 ut
1050 493 1220 550 iibct:
1258 510 1355 566 per
1396 509 1484 550 me
1544 495 1690 551 licet.
1725 494 1837 565 Ego
1866 495 2011 550 enim

2121 544 2124 552 ,
2221 497 2259 547 Γ
2263 495 2417 549 ΡΙίΓ.
2471 493 2609 547 Ἀλλ’
2638 490 3037 561 ἀντιλαμϐάνου
3065 490 3171 561 ὅπη
3218 489 3314 544 καὶ
3361 488 3567 551 θέλεις’
3609 487 3723 559 ἑγὼ

481 586 790 652 Eubuliuui,
815 586 1031 641 abunde
1085 586 1219 640 mihi
1270 595 1557 658 suppetere
1588 588 1828 642 arbitror
1854 601 1962 657 quo
1996 594 2047 642 te

478 681 722 743 doceam,
754 690 1013 750 praestare
1038 696 1162 736 eum
1204 681 1296 752 qui
1331 698 1439 736 non
1487 680 1867 750 concupiscit:
1901 680 2047 751 quod

478 773 530 825 ni
556 781 729 835 tenes.
761 788 923 828 nemo
954 773 1058 828 erit
1085 775 1177 842 qui
1210 790 1317 828 non
1341 782 1553 844 arguat.

547 862 798 918 EUBUL.
828 862 1020 933 Papm!
1053 863 1273 919 Gaudeo
1307 866 1450 918 enim
1482 866 1811 934 respondere
1840 875 1890 920 te
1914 866 2044 919 mihi

473 955 781 1025 magniﬁce,
806 971 871 1011 ac
898 964 1101 1033 quanta
1129 958 1392 1028 sapientia
1423 957 1611 1012 afllnas
1642 965 1937 1015 ostentare.

541 1138 748 1195 GREG.
788 1140 1063 1199 Cavillari.
1087 1156 1150 1193 ac
1186 1155 1395 1194 mecum
1426 1140 1601 1209 joeari
1626 1140 1848 1205 videris,
1880 1158 1913 1195 ο
1938 1142 2043 1196 Eu-

471 1230 704 1285 bnlium.

543 1320 790 1376 EUBUL.
827 1321 964 1387 Quid
988 1323 1070 1391 ita
1106 1324 1274 1377 vero?

539 1411 747 1467 GiiEG.
787 1414 943 1479 Quod
972 1428 1079 1466 non
1110 1429 1256 1471 vere.
1291 1412 1388 1467 sed
1421 1413 1527 1467 mei
1580 1412 1762 1482 potius
1808 1411 2042 1467 irriden-

466 1503 552 1569 dJ:
593 1520 782 1567 causa,
816 1505 943 1558 talia
970 1520 1261 1559 memores-

539 1592 787 1650 EUBUL.
816 1594 963 1649 Bona
997 1596 1180 1658 verba,
1205 1608 1413 1665 quaeso,
1435 1612 1467 1649 ο
1497 1596 1652 1652 beata
1681 1616 1693 1650 :
1725 1603 1871 1651 tuam
1895 1596 2039 1651 enim

467 1688 1233 1758 prudentiam.exquisitmque
1261 1689 1539 1757 sapientia:
1567 1690 1698 1750 vim,
1746 1690 2037 1758 plurimum

467 1780 705 1834 admiror
732 1794 797 1833 ac
825 1779 968 1833 colo.
1008 1777 1134 1833 [hec
1164 1786 1345 1834 autem
1379 1795 1444 1834 eo
1475 1780 1590 1834 dixi
1619 1780 1765 1849 quod
1820 1780 1888 1835 de
1916 1780 2038 1850 qni-

2148 589 2256 660 γὰρ
2300 586 2517 652 ἱνακῶς,
2558 582 2603 640 ὦ
2646 586 2951 652 Εύὸούλιον,
2981 583 3184 650 διδάξαι
3225 600 3284 636 σε
3318 582 3446 654 ἔχω,
3492 583 3574 636 ὅτι
3623 582 3716 640 τοῦ

2148 678 2536 749 ἐπιθυμοῦντος
2563 678 2592 728 ὁ
2626 678 2699 749 μὴ
2726 676 3007 749 ἐπιθυμῶν
3033 676 3300 748 κρείσσων
3325 674 3439 727 ἐστι
3463 689 3476 703 ·
3510 674 3603 727 καὶ⁵
3631 675 3714 727 ού-

2145 771 2254 832 δεὶς
2284 771 2345 823 ού
2383 771 2455 841 μή
2490 786 2548 822 σε
2578 769 2794 842 ἐλέγξῃ.

2217 864 2508 917 ΕΥΒυΥΛ.
2552 862 2754 915 Βαϐαίῑ
2791 861 2981 931 Χαίρω
3011 857 3138 929 γὰρ,
3157 858 3237 910 ὅτι
3264 874 3352 932 μοι
3385 855 3717 927 μεγαλοερρῶ

2146 974 2251 1019 vo);
2283 954 2571 1028 ἀποκρίνῃ,
2603 955 2695 1007 καὶ
2721 952 2983 1015 δεικνύεις
3028 951 3150 1004 ὅσον
3199 948 3581 1018 πεπλούτηκας
3625 947 3716 1002 ἐπὶ

2146 1048 2327 1119 σοφίᾳ.

2215 1141 2411 1193 ΓΡΗΓ.
2453 1140 2693 1202 κωτίλος
2720 1139 2830 1209 (iii)
2863 1154 2965 1201 τις,
3000 1136 3075 1200 ὡς
3106 1135 3299 1201 ἔοικεν,
3327 1132 3612 1205 ἄνθρωπος
3636 1128 3715 1184 εἷ-

2143 1250 2231 1286 ναι
2256 1233 2453 1296 δοκεῖς,
2484 1226 2528 1284 ὦ
2565 1231 2877 1285 Εύὸούλιον.

2212 1325 2504 1377 ΕΥΒΟΥΛ.
2543 1324 2698 1386 Τίνος
2726 1322 2787 1391 δὴ
2820 1321 3007 1393 χάρινς

2212 1418 2408 1471 ΓΡΗΓ.
2455 1417 2574 1469 Ὅτι
2624 1414 2996 1485 τωθαζόμενος
3042 1429 3108 1484 με
3139 1410 3314 1465 ταῦτα
3358 1409 3534 1480 λέγεις
3577 1406 3714 1478 μάλ-

2140 1509 2250 1572 λον,
2278 1509 2311 1579 ἢ
2339 1507 2634 1578 ἀληθεύων.

2209 1598 2501 1651 ΕΥΒΟΥΛ.
2545 1597 2896 1667 Εύιρήμησον,
2929 1588 2974 1647 ὦ
3004 1592 3277 1666 μακαρίαο
3313 1587 3575 1660 θαυμάξω
3602 1587 3713 1659 γὰρ

2141 1692 2343 1763 σφόδρα
2388 1707 2482 1742 σου
2531 1688 2591 1741 τὸ
2631 1688 2845 1742 συνετὸν
2877 1687 2968 1740 καὶ
2999 1682 3368 1758 μεγαλόδοξον.
3387 1679 3529 1750 Ἐγὼ
3554 1679 3711 1733 τοῦτο

2140 1784 2294 1854 ἔφην,
2327 1785 2409 1836 ὅτι
2441 1783 2568 1853 περὶ
2592 1774 2665 1833 ὧν
2694 1779 2875 1832 πολλοὶ
2907 1780 3041 1850 πρὸς
3069 1780 3293 1839 ἑαυτοὺς
3319 1775 3574 1836 πολλάκις
3604 1774 3711 1841 ἀμ-

465 1871 566 1927 bus
600 1871 754 1925 multi
782 1871 1086 1941 sapientum
1119 1873 1319 1942 smpius
1355 1872 1587 1927 invicem
1618 1872 1941 1942 disceptant,
1975 1888 2017 1927 e:

2133 1872 2458 1946 ’φισϐητοῦσι
2488 1874 2661 1942 cocci,
2690 1872 2862 1926 ταῦτα
2887 1872 2946 1924 ού
2981 1871 3137 1942 μόνον
3167 1868 3491 1922 ἐπίστασθαι
3520 1868 3584 1920 σὺ
3621 1864 3711 1917 λέ-

464 1976 573 2021 non
599 1961 761 2015 modo
791 1962 933 2016 seire
965 1967 1019 2015 te
1045 1961 1205 2025 dicis,
1235 1976 1426 2016 verum
1448 1963 1611 2017 etiam
1635 1963 1771 2018 alios
1803 1970 1856 2018 te
1877 1978 2038 2032 posse

463 2050 658 2108 docere
684 2052 958 2121 gloriaris.

531 2137 735 2193 GREG.
766 2139 905 2194 Num
935 2140 1081 2195 enim
1129 2155 1277 2206 vere,
1308 2140 1417 2201 dic.
1452 2138 1632 2205 sodes,
1667 2140 1895 2197 moleste
1939 2141 2037 2196 ha-

462 2230 538 2283 be.
565 2265 580 2288 ,
625 2232 1117 2297 ρι’θεειιιτροιιιιιίιιο
1151 2232 1244 2301 qui
1275 2247 1383 2284 non
1408 2232 1821 2302 concupiscant,
1851 2233 1918 2289 iis
1941 2234 2036 2303 qui

461 2323 914 2392 concupiscentcs
960 2337 1081 2378 sese
1128 2324 1412 2376 continent
1462 2332 1516 2378 et
1569 2338 1599 2377 a
1643 2324 2035 2394 cupiditatibus

461 2416 807 2486 temperant?
827 2415 910 2469 An
939 2431 1164 2485 prorsus
1197 2431 1295 2484 per
1325 2414 1430 2470 ista
1457 2416 1588 2470 mihi
1619 2417 1834 2472 illudis?

532 2496 783 2557 EUBUL.
812 2503 929 2570 Qua
977 2521 1106 2561 vero
1148 2508 1358 2562 ratione
1405 2515 1625 2563 tentans
1670 2508 1867 2580 loquor
1913 2524 2036 2579 qua:

462 2594 675 2649 nescire
709 2610 793 2650 me
819 2595 1028 2651 fatear?
1062 2596 1167 2653 Sed
1198 2614 1315 2669 age,
1340 2600 1560 2669 loquere
1587 2598 1725 2668 jam,
1747 2600 2036 2670 sapientis~

461 2686 598 2739 sima
631 2704 645 2739 :
682 2685 735 2739 in
763 2702 998 2756 quonam
1027 2690 1320 2754 excellunt,
1350 2692 1444 2761 qui
1494 2706 1602 2745 non
1640 2693 2033 2763 concupiscen-

457 2782 541 2831 tes
570 2778 708 2833 casti
741 2785 902 2843 sunt,
935 2795 1102 2851 supra
1135 2782 1255 2838 illos
1303 2784 1399 2853 qui
1428 2784 1888 2853 concupiscentiae
1918 2786 2033 2840 col-

427 2927 431 2929 λ
457 2867 726 2924 luctantes
751 2868 1116 2939 virginitatem
1136 2874 1390 2927 servant?

525 2957 731 3013 GREG.
767 2956 825 3013 ln
852 2976 917 3015 eo
939 2963 1171 3030 primum
1195 2964 1337 3033 quod
1363 2966 1536 3033 ipsum
1559 2968 1798 3022 animum
1833 2984 2028 3039 purum

456 3048 677 3110 habent.
708 3066 772 3105 ac
804 3051 860 3105 in
897 3068 962 3107 eo
989 3050 1225 3123 Spiritus
1271 3068 1493 3110 sanctus
1540 3074 1753 3129 semper
1784 3061 2024 3124 habitat,

453 3154 614 3209 quem
645 3140 827 3196 nullus
849 3142 1114 3196 distrahat
1129 3144 1513 3214 cogitationum
1530 3158 1715 3211 astus,
1742 3166 2027 3205 seremus-

452 3244 561 3301 que
599 3235 796 3290 mentis
849 3235 1107 3305 impudici
1140 3248 1319 3293 motus
1367 3255 1669 3311 sensusque
1723 3244 1853 3297 nulli
1902 3243 2028 3297 inti-

2139 1987 2276 2041 γεις,
2305 1966 2439 2021 ἀλλά
2465 1967 2557 2020 καὶ
2587 1966 2855 2019 διδάσκειν
2880 1965 3064 2035 ἕτερον
3094 1961 3353 2034 σεμνύνῃ.

2208 2144 2403 2197 ΓΡΗΓ.
2445 2144 2515 2197 Σὺ
2567 2141 2677 2213 γὰρ
2719 2140 2778 2206 ἐξ
2822 2140 3097 2213 ἀληθείας.
3130 2138 3250 2192 εἰπέ
3284 2155 3395 2208 μοι,
3425 2137 3711 2208 δυσχεραί-

2137 2255 2267 2301 νεις,
2303 2239 2351 2289 εί
2388 2235 2732 2305 διαφέρουσιν
2777 2233 2911 2297 ὅλως
2941 2233 3052 2303 (6‘2)
3100 2232 3150 2283 oi
3198 2230 3273 2301 μὴ
3319 2228 3711 2299 ἐπιθυμοῦντες

2134 2329 2242 2384 τῶν
2271 2327 2679 2398 ἐπιθυμούντων
2717 2343 2775 2379 τε
2812 2326 2905 2380 καὶ
2944 2323 3427 2395 ἑγκρατουμένων;
3465 2323 3537 2376 Ἦ
3568 2321 3708 2378 πάν·

2134 2438 2245 2486 τως
2277 2421 2413 2491 τεμοῦ
2440 2420 2611 2474 ταῦτα
2645 2417 3040 2490 προσπαίζειςς

2209 2512 2499 2566 ΕΥΒΟΥΛ.
2542 2512 2653 2566 Καὶ
2685 2510 2803 2573 πῶς
2833 2506 3257 2579 ἁποπειρωμένη
3283 2506 3414 2576 (65),
3450 2506 3484 2577 ἢ
3511 2506 3707 2577 ὁμολο-

2134 2605 2216 2674 γῶ
2251 2603 2325 2677 μὴ
2356 2605 2551 2659 εἰδέναι
2576 2621 2591 2670 ;
2628 2604 2768 2658 Ἀλλ’
2800 2602 2892 2663 ἴθι,
2919 2602 3124 2673 φράσον
3154 2600 3296 2670 ἐμοὶ,
3320 2591 3365 2649 ὦ
3397 2598 3702 2668 σοφωτάτη,

2133 2698 2239 2752 τίνι
2271 2694 2615 2767 διαφέρουσιν
2648 2694 2699 2747 oi
2730 2693 2803 2763 μὴ
2838 2690 3230 2760 ἐπιθυμοῦντες
3262 2691 3357 2742 καὶ
3386 2687 3705 2756 ἁγνεύοντες

2132 2790 2239 2842 τῶν
2270 2788 2674 2859 ἐπιθυμούντων
2706 2802 2765 2839 τε
2796 2784 2890 2838 καὶ
2923 2782 3358 2854 παρθενευόντων

2201 2971 2395 3025 ΓΡῐῐΓ.
2435 2971 2552 3025 Ὀτι
2584 2969 2801 3040 πρῶτον
2847 2967 2948 3039 μὲν
2992 2964 3235 3037 καθαρὰν
3280 2964 3493 3034 ἔχουσιν
3529 2959 3702 3031 tif-civ

2128 3064 2225 3135 τὴν
2258 3063 2453 3134 ψυχὴν,
2485 3063 2577 3116 καὶ
2605 3064 2691 3115 ἀεὶ
2717 3061 2779 3114 τὸ
2811 3059 3033 3129 Πνεῦμα
3056 3059 3115 3112 τὸ
3137 3060 3290 3125 ἅγιον
3316 3059 3374 3110 ὲν
3403 3057 3537 3126 αὐτῇ
3571 3070 3703 3109 κατ-

2129 3157 2298 3217 οικεῖ,
2352 3153 2423 3224 μὴ
2460 3151 2884 3223 περιελκομένης
2923 3149 3092 3218 αὐτῆς
3138 3150 3233 3202 καὶ
3281 3144 3703 3217 ὲπιθολουμένης

2129 3245 2443 3316 φαντασίαις
2474 3244 2565 3297 καὶ
2594 3244 2869 3312 λογισμοῖς
2891 3241 3182 3312 ἀκρασίας,
3213 3239 3350 3292 ὥστε
3378 3240 3590 3309 καὶτῆς
3614 3241 3704 3293 ὲνν

448 3324 617 3390 ciant,
652 3331 710 3379 ut
738 3326 818 3380 vel
851 3342 914 3380 ea
958 3335 1111 3397 parte
1163 3328 1323 3382 ullam
1366 3347 1602 3401 unquam
1657 3333 1901 3386 incurrat
1948 3333 2017 3387 la-

2126 3340 2409 3411 θυμὴσεως
2436 3336 2836 3407 ἐπιλωϐηθῆναί
2868 3353 2996 3389 ποτε
3020 3352 3035 3366 ο
3067 3335 3180 3389 ἀλλ’
3203 3334 3338 3387 εἰσὶν
3362 3333 3697 3385 ἀνεπίδεκτοι

450 3416 569 3472 hem
597 3435 611 3472 :
642 3417 735 3487 qui
763 3420 1019 3473 nimirum
1047 3430 1158 3473 tum
1190 3436 1354 3477 carne
1388 3432 1501 3478 tum
1546 3426 1763 3491 animo,
1818 3427 2017 3482 sedatis

2124 3429 2300 3499 πάντη
2329 3428 2424 3481 καὶ
2449 3430 2590 3482 κατά
2615 3426 2713 3499 τὴν
2738 3427 2914 3497 σάρκα
2945 3426 3039 3480 καὶ
3060 3425 3155 3497 τὴν
3180 3425 3405 3497 καρδίαν
3431 3420 3574 3478 οὗτοι
3597 3424 3697 3495 τῆς

448 3507 732 3582 aﬂectibus
761 3524 826 3565 ac
855 3513 1151 3583 tranquillo
1176 3512 1452 3583 fruentes,
1503 3518 1858 3589 cupiditatem
1906 3535 2017 3575 om-

2124 3520 2439 3591 ὲπιθυμίας,
2472 3519 2710 3589 γαλήνην
2748 3518 2972 3586 ἄγοντες
3016 3517 3123 3570 τῶν
3155 3516 3511 3587 παθημάτων.
3547 3517 3610 3568 Οἱ
3638 3515 3696 3568 δὲ

446 3600 597 3654 nino‘
611 3616 721 3669 non
742 3601 1056 3677 admittunt.
1091 3604 1195 3671 Qui
1230 3623 1358 3663 vero
1386 3625 1646 3665 sensuum
1668 3611 1802 3666 visis
1831 3612 2019 3679 illecti,

446 3691 701 3755 obscenis
734 3693 918 3748 animo
967 3696 1296 3767 imaginibus
1327 3701 1616 3757 turbantur
1640 3740 1655 3766 ,
1708 3701 2020 3758 distillatio-

446 3797 680 3852 nemque
703 3786 844 3839 velut
882 3802 978 3855 per
1008 3789 1175 3845 rimas
1197 3789 1253 3844 in
1283 3805 1380 3845 cor
1411 3792 1686 3849 inﬂuentis
1703 3794 2020 3864 cupiditatis

444 3874 736 3943 recipiunt,
777 3879 1001 3946 perinde
1028 3882 1225 3950 saepius
1255 3882 1590 3952 polluuntur,
1620 3892 1919 3956 putantque
1959 3903 2019 3943 se

445 3965 618 4020 obniti
661 3973 821 4037 atque
854 3985 1036 4042 pugna
1069 3971 1310 4044 defungi,
1340 3989 1464 4029 cum
1496 3977 1679 4031 animo
1704 3978 2014 4033 vincantur.

516 4056 768 4115 EUBUL.
802 4060 943 4132 Ergo
969 4079 1134 4133 puros
1159 4080 1252 4120 eos
1280 4066 1525 4122 dicemus
1546 4068 1638 4139 qui
1666 4084 1859 4123 sereno
1894 4085 2020 4140 gau-

442 4148 640 4214 deant-,
681 4167 746 4207 ac
780 4156 978 4229 quibus
1012 4159 1281 4228 cupiditas
1316 4176 1412 4216 seu
1454 4160 1624 4216 libido
1658 4162 1795 4218 nihil
1847 4164 2017 4219 inter-

443 4245 658 4313 turbet?

512 4334 717 4391 GREG.
753 4337 971 4410 Utique.
1003 4339 1114 4399 Hos
1155 4345 1297 4400 enim
1325 4345 1483 4412 tales,
1507 4347 1602 4417 qui
1640 4355 1695 4403 et
1722 4347 1853 4404 deos
1882 4347 2014 4403 facit

441 4428 496 4501 in
523 4430 984 4500 beatitudinibus,
1016 4435 1320 4492 indubitata
1357 4448 1537 4495 mente
1581 4441 1866 4497 credentes
1890 4480 1905 4506 ,
1954 4442 2014 4495 li-

2121 3612 2208 3666 διὰ
2239 3610 2338 3681 τῆς
2366 3609 2539 3678 ὂψεως
2571 3608 2767 3676 ἔξωθεν
2793 3607 3166 3679 δελεαζόμενοι
3199 3611 3317 3671 ταῖς
3352 3606 3692 3677 φαντασίαις,

2120 3699 2213 3751 καὶ
2240 3696 2626 3769 ἐπεισρέουσαν
2649 3696 2923 3767 δεχόμενοι
2949 3696 3047 3767 τὴν
3076 3696 3367 3767 ἐπιθυμίαν
3393 3696 3548 3767 δίκην
3572 3694 3696 3765 ῥεύ-

2123 3807 2289 3860 ματος
2322 3792 2402 3853 εἰς
2432 3790 2532 3861 τὴν
2572 3790 2821 3861 καρδίαν,
2854 3789 3006 3842 οὐδὲν
3032 3784 3193 3860 ἦττον
3230 3787 3544 3860 μολύνονται
3567 3787 3696 3841 πολ-

2118 3881 2292 3945 λάκις,
2340 3884 2431 3936 καὶ
2476 3883 2784 3952 νομίζουσιν
2824 3881 3266 3950 ἀντιφιλονεικεῖν
3300 3883 3392 3934 καὶ
3427 3880 3693 3951 μάχεσθαι

2120 3973 2254 4043 πρὸς
2283 3972 2380 4035 τὰς
2408 3972 2619 4043 ἡδονὰς,
2650 3970 2951 4042 ἡττώμενοι
2976 3971 3067 4023 τὸν
3097 3970 3373 4041 λογισμόν.

2187 4065 2478 4118 ΕΥΒΟΥΛ.
2522 4065 2728 4118 Ούκούν
2761 4068 2885 4127 τοὺς
2908 4064 3146 4135 γαλήνην
3173 4066 3423 4132 ἄγοντας,
3470 4063 3564 4118 καὶ
3616 4062 3691 4134 μὴ

2113 4157 2525 4229 διοχλουμένους
2566 4158 2671 4210 ὑπὸ
2720 4157 2820 4226 τῆς
2863 4156 3192 4227 ἐπιθυμίας,
3240 4156 3465 4226 λέξομεν
3520 4155 3692 4211 καθα-

2115 4248 2272 4320 ρούς;

2183 4339 2379 4394 ΓΡΙΙΓ.
2422 4341 2532 4393 Καὶ
2579 4338 2741 4409 μάλα.
2770 4337 3005 4402 Τούτους
3050 4339 3156 4412 γὰρ
3206 4339 3479 4403 τοιούτους
3520 4342 3548 4393 ὀ
3596 4342 3689 4395 καὶ

2113 4432 2266 4496 θεοὺς
2295 4432 2381 4485 διὰ
2408 4432 2515 4484 τῶν
2541 4429 2903 4501 μακαρισμῶν
2923 4431 3028 4483 ἀπε
3039 4430 3367 4501 ργαζόμενσς
3386 4432 3511 4496 τοὺς
3528 4433 3685 4485 ἀνεν-

438 4520 567 4585 bere
590 4521 757 4577 Deum
800 4525 1016 4581 visuros
1062 4525 1205 4584 Deus
1238 4531 1555 4599 pronuntiat
1580 4534 1662 4586 ηε
1698 4533 1842 4603 quod
1874 4533 2007 4587 nihil

2121 4527 2370 4589 Βοιάστως
2433 4523 2582 4594 αὐτῷ
2631 4522 2980 4587 πιστεύοντας
3039 4523 3192 4587 Θεὸς,
3245 4523 3472 4592 δέεσθαι
3550 4524 3688 4595 μετὰ

435 4609 763 4675 obscuratis,
792 4624 885 4668 aut
913 4615 1114 4672 mentis
1158 4621 1373 4673 oculum
1401 4620 1699 4677 obturbans
1732 4622 1960 4678 aderunt
1987 4663 2003 4691 ,

509 4748 556 4791 8³
606 4746 798 4807 Halm.
829 4766 881 4817 v,
913 4750 967 4806 8.

433 4870 552 4945 ejus
570 4871 807 4945 sedicta
832 4882 1080 4927 astruere
1109 4889 1171 4926 ac
1201 4876 1510 4942 Opia‘onem
1536 4877 1748 4945 fulcire,
1766 4877 1968 4935 diceret
1993 4899 2005 4936 :

430 4943 612 5014 eisiis
642 4943 717 4995 illi
750 4942 889 5014 forte
920 4960 1119 5014 scopus
1149 4945 1534 5013 ἀίερυιειιιυιιξε
1560 4942 1810 5005 exsistat.
1832 4952 2003 5007 Cous.

502 5012 928 5083 (61)Κωτίλος.
968 5012 1043 5069 ita
1090 5012 1395 5083 Possinius.
1454 5018 1523 5070 At
1564 5019 1793 5076 Allatius
1846 5023 2008 5083 22w-

432 5082 641 5146 πτίλος,
666 5083 912 5136 mordax.
947 5083 1023 5139 lo.
1098 5082 1103 5089 ’
1845 5082 1852 5091 ’

502 5153 612 5225 (62)
632 5154 699 5206 Εὶ
729 5152 1115 5223 διαφέρουσιν
1137 5156 1310 5230 ὅῖὶως.
1343 5155 1484 5230 Bene
1518 5158 1820 5217 Possinius.
1870 5178 2006 5230 pra:-

431 5230 591 5301 δίαγε,
643 5240 752 5301 quo
787 5241 949 5301 sensu
986 5242 1117 5279 voce
1162 5227 1562 5301 διατορώτερον
1617 5247 1751 5286 usus
1800 5227 2003 5287 Paulus

435 5291 748 5373 llebr.rr{4,
782 5296 874 5350 ubi
935 5297 1163 5373 interpr.
1203 5291 1565 5373 diﬂ'e'rentiits;
1605 5302 1749 5371 quod
1799 5302 2002 5373 clarius

432 5361 646 5423 fuisset.
680 5369 1041 5433 pra‘stanlius,
1083 5361 1448 5429 'cxcell'éntius.
1492 5361 1637 5426 Bene
1665 5382 1842 5425 autem
1893 5370 2003 5427 Me-

431 5433 651 5511 thodius
685 5439 737 5487 in
764 5451 996 5505 persona
1026 5436 1270 5511 Gregorii
1304 5442 1507 5508 primas
1542 5442 1734 5495 tribuit
1788 5442 1873 5495 his
1907 5442 2002 5511 qui

431 5513 557 5583 sunt
578 5505 890 5583 depurgate
917 5505 1213 5569 mentisfct
1245 5505 1414 5579 ipsum
1448 5513 1625 5583 adepti
1660 5519 1787 5565 sunt
1811 5505 2005 5582 imper-

429 5573 772 5628 turbatidnis'
799 5590 999 5652 arcem,
1021 5590 1100 5652 Διιι
1132 5595 1235 5652 nec
1263 5573 1525 5652 janimus
1553 5573 1999 5652 cogitationibus,

429 5658 528 5713 nec
558 5657 757 5713 corpus
796 5644 937 5699 fmda
983 5648 1090 5700 ulla
1146 5649 1371 5704 libidine
1405 5644 1653 5711 sordeat:
1701 5653 1794 5707 sed
1854 5658 2002 5707 totus

428 5708 589 5794 homo
622 5708 712 5767 Dei
736 5714 1532 5794 habitaculumpacatissimam
1554 5708 1807 5794 exsistat,
1825 5735 1998 5794 quan-

427 5788 540 5857 tum
568 5799 675 5857 Aper
703 5788 802 5837 via:
835 5794 1033 5857 statum
1063 5788 1291 5857 ejusque
1341 5792 1729 5857 perfectionem
1763 5788 1995 5846 necdum

424 5854 731 5932 theiutam
763 5861 816 5910 ct
843 5856 897 5910 iu
936 5858 1169 5913 termino
1205 5854 1363 5925 licet;
1412 5864 1628 5916 tametsi
1676 5862 1779 5916 hoc
1816 5862 1991 5921 iosum

2117 4618 2425 4692 παρρησίας
2464 4615 2870 4685 ἀποφθέγγεται
2916 4616 3008 4669 τὸν
3055 4615 3187 4669 Θεόν
3213 4632 3226 4644 ·
3263 4616 3344 4668 ὄτι
3376 4615 3541 4685 μηδὲν
3570 4617 3690 4669 ἑπι-

2112 4886 2357 4935 evertere
2388 4878 2599 4932 videtur
2629 4877 2681 4932 in
2711 4891 2940 4947 persona
2973 4873 3189 4947 Eubulii
3227 4889 3242 4926 :
3276 4887 3398 4947 quae
3431 4871 3548 4941 ipsa
3570 4888 3678 4927 non

2109 4951 2342 5004 arduum
2372 4950 2685 5003 conciliare.
2707 4945 2869 5017 penes
2906 4946 3136 5001 arduum
3167 4961 3234 5001 ex
3274 4945 3491 5014 objecto
3530 4953 3584 5000 et
3612 4959 3681 5000 ex

2108 5020 2340 5091 subjecti
2370 5020 2796 5091 imperfectioue.
2831 5018 2906 5091 lo.

2178 5082 2288 5159 (65)
2322 5082 2462 5154 Πῶξ
2483 5088 2952 5159 ἁξτοπειρωιιένη.
2978 5085 3269 5159 Eubulium
3304 5082 3487 5159 refert,
3518 5100 3675 5159 _non_,

2109 5168 2168 5215 ut
2188 5154 2498 5223 PoSsinius,
2525 5154 2842 5229 Gregorium
2871 5175 2886 5222 ;
2919 5154 3061 5229 apud
3092 5172 3252 5226 quem
3302 5155 3440 5229 male
3481 5155 3563 5216 τὸ,
3609 5154 3676 5229 μὲ

2106 5230 2325 5287 εἰδέναι.
2380 5245 2496 5301 pro.
2552 5226 2865 5301 μὴέἱδὲναι.
2908 5226 3067 5301 Clara
3092 5226 3361 5280 sententia
3397 5227 3677 5301 :ostcndit

2106 5317 2215 5354 non
2250 5295 2490 5373 tentandi
2528 5295 2691 5373 emissi
2726 5300 3034 5373 percontari
3064 5311 3185 5366 quas
3226 5310 3284 5349 se
3328 5296 3541 5373 nescire
3596 5295 3677 5348 fa-

2104 5379 2312 5434 teatur;
2352 5372 2427 5424 uti
2471 5372 2632 5424 etiam
2677 5367 2911 5423 reddidit
2941 5371 3192 5425 Allatius.
3216 5367 3357 5435 apud
3405 5382 3564 5434 quem
3590 5374 3674 5418 est

2107 5438 2465 5495 masculinum
2498 5439 2947 5511 ἀποπειρώμενος
2978 5458 2990 5493 :
3030 5441 3109 5511 sic
3138 5439 3297 5511 etiam
3326 5450 3488 5511 supra
3544 5452 3672 5511 pro-

2106 5511 2336 5573 miscue,
2362 5513 2478 5565 sive
2515 5513 2583 5564 ah
2618 5505 2927 5580 aut'n'piario
2958 5517 3041 5563 est
3073 5510 3185 5580 haec
3216 5505 3532 5577 ἀδιαφορία.
3558 5506 3673 5580 sive

2106 5581 2175 5651 ab
2222 5585 2337 5651 ipso
2382 5581 2689 5647 Methodio;
2727 5577 2937 5633 ratione
2966 5594 2996 5631 a
3031 5595 3117 5633 me
3162 5578 3273 5651 jam
3302 5592 3367 5629 ex
3411 5577 3674 5651 Apostolo

2106 5645 2405 5715 insinuata,
2430 5653 2574 5721 quod
2604 5654 2655 5705 in
2679 5645 2931 5711 Christo.
2969 5658 3023 5702 et
3053 5656 3111 5701 ut
3151 5649 3234 5721 sis
3280 5661 3493 5721 sponsa
3513 5645 3673 5721 Chri-

2104 5725 2172 5775 sti
2195 5739 2259 5794 ae
2289 5715 2463 5794 virgo;
2497 5722 2719 5793 perinde
2754 5730 2859 5784 cs1,
2892 5721 3005 5776 sive
3033 5719 3308 5775 masculus
3334 5715 3446 5771 sive
3472 5715 3668 5771 femina

2102 5809 2196 5848 διε.
2229 5792 2301 5850 lo.
