4150 6408
374 379 478 425 ΞΠ

1467 351 1852 428 οοκιτινιωι
1892 368 2123 425 DECEM
2164 366 2527 426 vmcmuu.

3523 367 3630 421 218

379 485 604 541 σκοτοῦν
629 488 662 559 ἢ
689 488 1054 560 συνταράσσον
1078 489 1167 542 τὸν
1193 487 1468 559 ὀφθαλμὸν
1494 488 1593 558 τῆς
1616 485 1792 557 ψυχῆς
1819 485 1953 557 πρὸς

2065 498 2164 554 quo
2193 484 2376 538 minus
2420 483 2477 537 in
2528 479 2622 537 Dei
2673 478 2941 536 visionem
2974 480 3294 550 intendant;
3344 482 3441 539 sed
3484 485 3632 538 omni

377 579 475 651 τὴν
501 578 651 634 θείαν
683 580 1033 652 ἐπιφέρονται
1066 580 1323 654 θεωρίαν·
1349 579 1461 634 ἀλλ’
1494 580 1650 644 ἐκτὸς
1675 579 1955 648 γεγονότες

377 672 489 726 τῶν
518 671 750 744 ὀρέξεων
774 673 947 745 πάντη
978 672 1088 726 τῶν
1117 673 1417 743 κοσμικῶν,
1448 670 1544 743 τὴν
1584 670 1761 742 σάρκα
1787 670 1956 723 καθα-

384 763 482 836 ρὰν
526 764 585 818 οὐ
638 764 818 835 μόνον,
851 765 927 828 ὡς
966 764 1121 835 ἔφην,
1157 762 1357 835 μίξεως
1396 762 1676 835 τηροῦσιν,
1714 762 1827 816 ἀλλ’
1854 762 1954 833 ἤδη

379 855 473 909 καὶ
504 856 602 927 τὴν
629 858 856 928 καρδίαν
888 857 1234 911 ἀνεπίδεκτον
1266 856 1539 927 λογισμῶν
1578 855 1867 927 ἀκρασίας,
1898 858 1955 908 ὲν

379 941 413 1021 ᾖ
446 947 678 1018 μάλιστα
723 948 817 1001 καὶ
854 949 915 1002 τ’)
956 949 1132 1016 ἆγιον,
1160 948 1235 1012 ὼς
1263 950 1321 1001 ἐν
1349 947 1481 1018 ναῷ,
1516 947 1800 1000 κατοικοῦν
1828 949 1956 1001 ἁνα-

381 1039 613 1092 παύεται
639 1039 884 1110 Πνεῦμα.
1122 1021 1136 1036 ⁸

450 1128 742 1181 ΕΥΒΟΥΛ.
789 1130 919 1199 Ἔχε
968 1129 1052 1201 δή.
1098 1126 1263 1199 Οἶμαι
1312 1131 1418 1203 γὰρ
1468 1131 1561 1183 ἐπὶ
1607 1128 1704 1199 τὴν
1738 1126 1954 1199 εὕρεσιν

380 1220 488 1276 τῶν
516 1221 683 1285 ὄντως
707 1221 1029 1292 κρειττόνων
1058 1220 1343 1292 ὀρθότερον
1375 1223 1520 1293 ἡμᾶς
1549 1219 1795 1274 ἐντεῦθεν
1817 1219 1953 1272 διελ-

382 1312 512 1368 θεῖν.
545 1312 654 1367 Καί
686 1329 776 1384 μοι
802 1313 1037 1385 φράσον·
1074 1313 1255 1378 καλεῖς
1294 1331 1415 1371 τινα
1446 1313 1783 1388 κυϐερνήτην
1816 1314 1956 1382 ἀγαερ

382 1404 474 1459 θόν
494 1421 511 1470 ;

356 1540 359 1541 ν
452 1498 650 1552 ΓΡΗΓ.
696 1499 931 1567 Ἔγωγε.

454 1588 748 1645 ΕΥΒΟΥΛ.
790 1590 1025 1662 Πότερον
1052 1589 1144 1644 τὸν
1162 1591 1221 1644 ὲν
1254 1591 1516 1661 μεγάλαις
1535 1592 1630 1647 καὶ
1655 1592 1957 1663 ἀμηχάνοις

384 1679 762 1752 περισώσαντα
812 1681 1000 1748 ζάλαις
1047 1683 1108 1737 τὸ
1165 1684 1459 1759 σκάφος,ἢ
1509 1687 1599 1741 τὸν
1652 1687 1710 1740 ὲν
1746 1685 1957 1769 γαλήνῃ

382 1771 643 1844 νηνεμίᾳς

456 1954 497 2007 Γ
499 1954 652 2007 ΡΗΓ.
696 1955 799 2008 Τὸν
836 1955 893 2007 ὲν
929 1953 1191 2025 μεγάλαις
1220 1954 1314 2008 καὶ
1340 1954 1661 2026 ἀμηχάνοις.

456 2046 747 2101 ΕΥΒΟΥΛ.
788 2036 996 2100 Οὐκοῦν
1023 2047 1116 2099 καὶ
1144 2046 1319 2117 ψυχὴν
1341 2047 1438 2118 τὴν
1466 2049 1957 2123 περιαντλουμένην

384 2140 502 2202 ταῖς
524 2136 840 2210 τρικυμίαις
867 2138 975 2191 τῶν
1003 2136 1361 2208 παθημάτων,
1392 2140 1485 2193 καὶ
1515 2141 1587 2213 μὴ
1616 2142 1960 2213 ἀποκάμνον-

390 2249 487 2286 σαν
518 2232 551 2303 ἢ
582 2231 930 2303 ἐκλυομένην,
960 2231 1094 2286 ἀλλά
1126 2232 1188 2285 τὸ
1222 2232 1446 2302 σκάφος,
1479 2234 1577 2305 τὴν
1603 2236 1801 2307 σάρκα,
1834 2254 1958 2306 γεν-

386 2325 551 2389 ναίως
578 2326 657 2389 είς
685 2324 877 2396 λιμένα
904 2325 997 2378 τὸν
1029 2327 1129 2397 τῆς
1153 2326 1502 2399 σωφροσύνης
1530 2328 1956 2395 ἁπευθύνουσαν,

388 2416 612 2488 λέξομεν
640 2417 741 2486 τῆς
769 2420 825 2469 ἐν
854 2417 1004 2489 εὑδίᾳ
1032 2417 1389 2490 πλοῖζομένης
1418 2417 1700 2490 κρείττονα
1741 2421 1834 2474 καὶ
1874 2421 1961 2475 δο-

390 2507 720 2580 κιμωτέραν.

462 2691 659 2746 ΓΡΗΓ.
705 2691 963 2762 Λέξομεν.

463 2785 754 2838 ΕΥΒΟΥΛ.
798 2783 871 2838 Τὸ
902 2783 1011 2857 γάρ
1048 2783 1381 2856 ἁρμόζεσθαι
1412 2783 1547 2857 πρὸς
1588 2783 1687 2849 τὰς
1729 2782 1962 2855 ἐμϐολάς

392 2873 502 2928 τῶν
529 2891 812 2946 καταφυση
822 2875 1004 2945 μάτων
1022 2872 1115 2927 τοῦ
1143 2873 1378 2947 πονηροῦ
1406 2874 1734 2944 πνεύματος,
1766 2874 1859 2928 καὶ
1887 2873 1962 2945 μὴ

394 2967 878 3040 ἀπορῤἰπτεσθαιῆ
909 2965 1180 3030 νικᾶσθαι,
1211 2964 1345 3021 ἀλλά
1375 2967 1549 3021 πάντα
1577 2966 1712 3037 πρὸς
1732 2966 1963 3037 Χριστὸν

395 3058 743 3135 ἀνανεύοντα,
775 3057 1055 3131 καρτερῶς
1087 3058 1351 3129 μάχεσθαι
1371 3062 1489 3122 ταῖς
1516 3058 1750 3129 ἡδοναῖς,
1785 3055 1965 3128 μείζο-

2055 589 2237 629 rerum
2269 572 2611 629 saecularium
2641 570 2939 642 cupiditate
2960 571 3260 640 eliminata,
3284 573 3483 628 nedum
3510 587 3635 627 car-

2056 680 2179 720 nem
2206 704 2219 728 ,
2249 664 2329 719 uti
2358 662 2628 725 dicebam,
2658 679 2688 719 a
2723 662 3003 718 libidinosi
3031 678 3366 734 congressus
3396 666 3635 736 turpitu-

2055 755 2181 811 dine
2213 755 2509 811 immunem
2548 762 2805 821 servant;
2837 770 3024 809 verum
3059 756 3222 809 etiam
3249 764 3308 809 ut
3336 755 3521 810 condis
3544 769 3636 825 pec

2055 849 2263 904 netrale
2291 847 2371 918 (in
2403 864 2513 919 quo
2544 856 2597 904 et
2642 849 2897 902 maxime.
2925 856 2984 901 ut
3029 848 3085 902 in
3138 849 3361 917 templo,
3397 846 3636 917 Spiritus

2056 948 2280 995 sanctus
2309 939 2647 1011 conquiescit
2676 946 2730 994 et
2772 938 3003 1010 habitat)
3036 940 3203 994 nullis
3231 940 3489 995 obscenis
3541 954 3635 995 co-

2056 1032 2406 1103 gitationibus
2440 1040 2637 1102 pateat,
2667 1031 2857 1086 sedqu
2880 1040 3082 1085 navant
3115 1047 3357 1100 operam.

2130 1123 2382 1181 EUBUL.
2416 1122 2561 1180 Siste
2611 1125 2748 1193 jam.
2806 1122 2942 1178 Puto
2973 1125 3117 1178 enim
3166 1124 3233 1177 ad
3269 1123 3636 1196 investigatio.

2057 1228 2180 1272 nem
2206 1217 2329 1286 ejus
2374 1217 2520 1287 quod
2550 1232 2676 1272 vere
2728 1217 3077 1287 praestantius
3121 1224 3245 1279 est,
3284 1217 3485 1273 rectius
3533 1233 3635 1274 nos

2057 1308 2185 1365 hinc
2228 1325 2634 1381 progressurus.
2674 1308 2790 1375 Dic,
2818 1325 3025 1382 quaeso,
3057 1325 3225 1368 vocas
3265 1311 3500 1383 aliquem
3531 1312 3634 1368 bo-

2057 1417 2188 1458 num
2220 1402 2679 1473 gubernatorem?

2128 1492 2333 1550 GREG.
2372 1494 2535 1551 Sane.

2127 1583 2379 1641 EUBUL.
2433 1586 2606 1652 Quem
2655 1587 2830 1641 vero?
2865 1586 2948 1641 An
3000 1602 3124 1643 eum
3159 1587 3251 1658 qui
3313 1588 3368 1644 in
3420 1591 3635 1663 magnis

2058 1675 2664 1745 vehementissimisque
2695 1676 3111 1747 tempestatibus
3150 1691 3343 1732 navem
3379 1693 3635 1736 servave-

2062 1768 2165 1834 rit;
2198 1782 2268 1822 an
2298 1768 2394 1838 qui
2443 1766 2586 1823 idem
2641 1769 2698 1824 in
2746 1783 2940 1824 serena
2993 1770 3388 1840 tranquillitate
3419 1772 3636 1843 praesti-

1984 1826 2029 1884 B
2059 1826 2183 1915 terit
2200 1860 2223 1913 ?

2127 1951 2334 2007 GltEG.
2370 1949 2571 2021 Utique
2592 1951 2685 2022 qui
2720 1950 2775 2007 in
2810 1952 3023 2022 magnis
3059 1959 3114 2007 et
3137 1950 3344 2008 arduis.

2129 2043 2381 2100 EUBUL.
2406 2043 2574 2114 Igitur
2604 2051 2659 2098 et
2695 2043 2935 2098 animum
2971 2045 3131 2100 saevis
3160 2044 3631 2115 perturbationum

2058 2133 2314 2189 ﬂuctibus
2339 2134 2635 2202 jactatum,
2686 2147 2787 2188 nec
2824 2143 3109 2203 propterea
3158 2140 3413 2187 conatum
3444 2131 3636 2187 remit-

2059 2235 2260 2283 tentem
2294 2234 2389 2282 aut
2417 2226 2783 2290 fatiscentem,
2813 2225 2908 2281 scd
2925 2225 3172 2296 cymbam
3198 2264 3214 2287 ,
3261 2238 3478 2278 carnem
3524 2224 3634 2277 uti-

2059 2337 2184 2390 que,
2220 2320 2419 2374 invicta
2449 2317 2698 2389 generosi
2731 2316 2993 2387 propositi
3023 2316 3332 2370 constantia
3367 2315 3432 2368 ad
3465 2315 3635 2368 casti-

2059 2413 2187 2466 tatis
2222 2419 2438 2482 portum
2472 2410 2795 2480 dirigentem
2827 2448 2841 2471 ,
2906 2407 3341 2477 prmstantiorem
3387 2404 3635 2461 dicemus

2060 2505 2406 2575 probamque
2433 2503 2605 2571 magis
2636 2499 2872 2563 virtutis,
2901 2513 2991 2561 eo,
3022 2498 3115 2568 qui
3157 2498 3213 2552 in
3250 2497 3481 2552 malacia
3534 2511 3635 2568 pa—

2059 2596 2166 2650 cati
2188 2595 2355 2653 maris
2383 2607 2575 2649 secure
2595 2590 2943 2662 jucundeque
2972 2590 3207 2660 navigat,

2131 2684 2339 2739 GREG.
2386 2685 2663 2739 Dicemus.

2061 2783 2085 2829 1‘
2132 2777 2382 2834 EUBUL.
2410 2777 2544 2831 Nam
2572 2774 2741 2831 obniti
2769 2774 3131 2830 renitentibus
3171 2780 3458 2828 ventorum
3488 2768 3632 2825 ﬂati-

2060 2870 2187 2934 bus.
2210 2885 2349 2939 quos
2395 2875 2586 2923 contra
2638 2866 2881 2920 immittit
2938 2880 3171 2935 nequam
3224 2865 3493 2936 spiritus:
3531 2879 3635 2919 nec

2062 2961 2264 3018 inﬂecti
2293 2971 2473 3015 tamen
2505 2974 2742 3030 unquam
2766 2958 2993 3028 dejicive
3019 2967 3111 3013 aut
3140 2957 3310 3023 vinci;
3359 2955 3491 3027 quin
3536 2968 3636 3025 po-

2063 3055 2173 3109 tius
2204 3053 2387 3106 animo
2436 3064 2651 3119 semper
2697 3049 2752 3103 in
2780 3048 3058 3109 Christum
3120 3047 3366 3111 intento,
3424 3044 3639 3101 fortiter

393 3166 464 3204 να
491 3149 584 3205 τὸν
621 3150 840 3206 ἔπαινον
864 3151 1036 3224 φέρει,
1067 3150 1160 3206 τοῦ
1196 3152 1334 3226 μετὰ
1363 3150 1643 3224 ῥᾳστώνης
1675 3149 1962 3223 ἀχειμαστὶ

2069 3159 2374 3217 repugnare
2404 3141 2793 3212 voluptatibus.
2827 3142 3087 3211 majorem
3121 3138 3364 3210 profecto
3418 3137 3635 3195 laudem

394 3258 472 3296 πα
480 3241 837 3315 ρθενεύοντος.

467 3422 666 3481 ΓΡΗΓ.
709 3424 911 3475 Ἔοικε.

468 3513 762 3568 ΕΥΒΟΥΛ.
806 3514 871 3566 Τί
898 3513 954 3565 δὲ
987 3513 1080 3565 καὶ
1105 3514 1134 3566 ό
1159 3510 1363 3584 Κύριος
1385 3527 1400 3577 ;
1436 3511 1509 3565 Οὐ
1535 3509 1682 3564 δοκεῖ
1696 3508 1968 3563 δεικνύναι

396 3604 671 3678 διαφέρειν
699 3605 788 3658 τὸν
815 3604 1181 3676 ἐπιθυμοῦντα
1214 3602 1410 3674 μᾶλλον
1444 3603 1537 3657 καὶ
1572 3600 1970 3673 ἐγκρατεύοντα

398 3695 492 3761 τοῦ
526 3695 601 3769 μὴ
628 3694 1021 3768 ἐπιθυμοῦντός
1046 3713 1106 3749 τε
1139 3696 1234 3750 καὶ
1268 3694 1727 3768 παρθενεύοντοςς

468 3966 664 4021 ΓΡΗΓ.
707 3965 819 4020 Ποῦ
852 3966 949 4038 δή;

470 4055 762 4109 ΕΥΒΟΥΛ.
810 4054 976 4108 Ἔνθα
1025 4053 1114 4108 τὸν
1149 4054 1407 4126 φρόνιμον
1438 4051 1799 4124 παραϐάλλων
1829 4050 1972 4122 οἰκίᾳ

400 4146 1066 4220 τεθεμελιωμένῃκαλῶς,
1097 4146 1343 4200 ἄπτωτον
1384 4143 1547 4197 αὑτὸν
1592 4142 1969 4210 ἀποφαίνεται,

402 4238 479 4310 μὴ
506 4238 799 4309 δυνάμενον
832 4238 939 4291 ἀπὸ
967 4238 1061 4309 τῆς
1095 4237 1294 4308 βροχῆς
1319 4237 1413 4290 καὶ
1452 4235 1559 4288 τῶν
1593 4233 1851 4305 ποταμῶν
1878 4234 1973 4287 καὶ

401 4329 509 4383 τῶν
537 4330 752 4402 ἀνέμων
781 4330 1208 4401 καταϐληθῆναιο
1238 4331 1359 4392 ταῖς
1393 4328 1492 4399 μὲν
1525 4326 1862 4398 ἐπιθυμίαις,
1896 4326 1973 4390 ὡς

403 4422 593 4489 ἔοικεν,
625 4424 936 4489 ἀπεικάζων
976 4424 1101 4487 τοὺς
1127 4422 1432 4494 χειμῶναςο
1462 4424 1528 4492 τῇ
1564 4421 1620 4474 δὲ
1667 4420 1843 4494 πέτρᾳ
1875 4419 1974 4489 τὴν

2069 3237 2245 3303 aﬂ‘ert,
2270 3251 2431 3306 quam
2457 3235 2511 3288 in
2548 3248 2763 3289 amoeno
2786 3233 3049 3301 beatoque
3082 3230 3389 3301 tranquilla).
3411 3227 3639 3300 virgini-

2068 3331 2198 3385 tatis
2233 3335 2392 3398 portu
2418 3326 2686 3381 desidere.

2139 3417 2346 3474 GREG.
2380 3418 2616 3487 Apparet
2646 3414 2718 3468 ita
2739 3428 2882 3468 esse.

2139 3507 2393 3565 EUBUL.
2420 3505 2562 3573 Quid
2611 3519 2742 3560 vero
2765 3510 2820 3558 et
2858 3500 3162 3556 Dominus?
3206 3497 3399 3554 Nonne
3428 3496 3641 3555 videtur

2070 3602 2378 3661 ostendere.
2407 3614 2530 3655 eum
2557 3596 2650 3667 qui
2703 3594 3160 3665 concupiscentia:
3191 3601 3362 3648 oestro
3400 3590 3640 3660 jactatus

2069 3691 2460 3747 continentiam
2496 3694 2697 3750 teneat,
2726 3686 2883 3755 longe
2916 3683 2995 3737 illi
3026 3682 3361 3755 prateellere,
3391 3680 3485 3751 qui
3535 3680 3641 3733 bu-

2067 3784 2159 3855 jus
2186 3797 2377 3855 pugnae
2405 3794 2632 3836 securus
2656 3817 2672 3842 ,
2714 3777 3010 3848 sedataque
3053 3782 3147 3829 aut
3189 3772 3339 3829 nulla
3377 3770 3632 3842 concupi-

2072 3873 2300 3939 scentia,
2321 3872 2633 3941 virginitate
2666 3869 2907 3941 fulgeat?

2142 3964 2349 4019 GREG.
2380 3962 2481 4018 Ubi
2515 3978 2643 4018 vero
2666 3962 2780 4017 haec
2815 3960 3116 4016 Dominus?

2141 4054 2391 4111 EUBUL.
2452 4052 2554 4108 Ubi
2624 4055 2882 4109 nimirum
2960 4054 3256 4122 sapientem
3319 4062 3644 4120 comparans

2071 4164 2194 4205 cum
2217 4148 2380 4203 domo
2417 4147 2553 4202 bene
2576 4145 2823 4209 fundata,
2851 4144 3193 4200 inconcussa:
3220 4158 3338 4198 eam
3368 4144 3645 4199 ﬁrmitatis

2071 4256 2194 4295 csse
2222 4239 2505 4301 decernit,
2555 4252 2716 4307 quam
2758 4235 2964 4290 imbres
3014 4233 3284 4288 irruentes
3330 4239 3385 4286 ct
3421 4229 3645 4286 ﬂumina

2073 4339 2469 4400 ventorumque
2512 4330 2596 4385 vis
2629 4328 2865 4398 dejicere
2893 4341 3002 4382 non
3055 4325 3289 4396 potuerit
3324 4324 3390 4377 “.
3438 4322 3645 4393 Nempe

2073 4423 2178 4478 hoc
2212 4423 2401 4479 volens
2429 4440 2443 4476 :
2477 4435 2573 4491 per
2602 4426 2956 4490 tempestates
2988 4426 3285 4487 ventosque
3309 4425 3363 4472 et
3392 4414 3603 4486 pluvias
3626 4453 3644 4484 ,

404 4515 656 4587 ἀκίνητον
686 4516 931 4572 ἔνστασιν
977 4517 1071 4572 καὶ
1103 4517 1440 4571 ἀδιάπτωτον
1488 4516 1586 4587 τῆς
1630 4514 1806 4586 ψυχῆς
1842 4513 1962 4588 περὶ

2074 4514 2530 4587 concupiscentia:
2582 4522 2752 4569 aestus
2798 4511 3112 4584 designari;
3167 4516 3333 4581 petra:
3380 4524 3510 4565 vero
3546 4523 3648 4565 no-_

406 4605 500 4680 τὴν
528 4608 766 4680 ἁγνείαν.

472 4877 668 4932 ΓΡΗΓ.
724 4874 922 4947 Ἀληθῆ
951 4873 1127 4946 λέγειν
1156 4875 1351 4941 δόξαις.

472 4971 770 5025 ΕΥΒΟΥΛ.
811 4968 875 5021 Τί
911 4968 998 5021 δαὶ
1027 4968 1122 5021 καὶ
1144 4969 1352 5039 ἰατρόνς
1385 4971 1457 5024 Οὐ
1483 4969 1573 5024 τὸν
1592 4968 1970 5041 ὲπὶ’μεγάλαις

408 5064 504 5135 ήδη
546 5060 998 5133 δεδοκιμασμένον
1030 5060 1223 5124 νόσοις,
1259 5064 1352 5117 καὶ
1393 5063 1620 5127 πολλοὺς
1664 5062 1973 5134 ίασάμενον,

409 5157 623 5229 ἄριστον
658 5155 839 5217 καλεῖς
855 5171 869 5217 ;

475 5248 669 5302 ΓΡΗΓ.
715 5247 950 5316 Ἔγωγε.

475 5340 767 5394 ΕΥΒϋΥΔ.
811 5339 913 5391 Τὸν
944 5339 1000 5390 δὲ
1038 5338 1201 5399 μηδὲν
1250 5336 1472 5410 μηδέπω
1521 5335 1976 5409 διαπραξάμενον,

411 5432 543 5505 μηδὲ
571 5430 855 5496 νοσοῦντας
884 5432 1021 5497 ὅλως
1053 5433 1111 5502 έν
1139 5431 1326 5503 χερσὶν
1355 5430 1645 5502 ἐσχηκότα,
1683 5430 1742 5484 οὐ
1766 5429 1981 5492 πάντως

410 5523 711 5597 ἀδοκιμώτε
720 5540 810 5595 ρον
839 5523 919 5577 ἔτι
938 5540 954 5590 ;

514 5802 559 5851 ﬂ
599 5798 790 5853 Matth.
829 5815 925 5869 ru,
956 5798 1045 5867 24.

2079 4607 2246 4673 mine,
2281 4606 2611 4663 immobilem
2639 4604 2967 4675 virginitatis
2990 4604 3271 4675 proposito
3303 4602 3473 4659 animi
3508 4617 3647 4657 con-

2077 4698 2336 4752 stantiam
2367 4712 2432 4753 ac
2463 4695 2730 4753 castitatis
2760 4695 3148 4751 inconcussum
3196 4701 3439 4753 tenorem
3469 4693 3650 4749 decla-

2073 4790 2207 4845 rari.

2149 4881 2359 4941 GREG.
2399 4881 2580 4938 Videri
2613 4880 2793 4952 possis
2817 4896 2943 4936 vera
2987 4880 3188 4936 dicere.

2147 4975 2400 5031 EUBUL.
2450 4974 2592 5042 Quid
2646 4989 2777 5029 vero
2810 4981 2865 5028 et
2902 4973 3216 5029 medicum?
3256 4970 3341 5027 An
3380 4986 3493 5026 non
3525 4984 3648 5026 cum

2081 5083 2246 5124 vocas
2278 5067 2553 5138 habesque
2581 5066 2867 5137 optimum,
2894 5067 2985 5136 qui
3026 5066 3081 5121 in
3120 5065 3332 5137 magnis
3359 5064 3471 5134 jam
3505 5078 3652 5117 mor-

2080 5159 2165 5216 bis
2195 5158 2496 5230 pcriculum
2528 5157 2674 5223 fecit,
2698 5164 2752 5213 et
2780 5155 3032 5227 plurimis
3053 5156 3338 5212 sanitatem
3375 5151 3654 5210 restituit?

2155 5245 2362 5302 GBEG.
2400 5245 2682 5317 Equidem.

2154 5339 2400 5396 EUBUL.
2434 5339 2571 5393 Eum
2601 5346 2782 5392 autem
2814 5336 2906 5407 qui
2940 5335 3148 5390 nullum
3183 5335 3310 5391 dum
3358 5335 3445 5391 sui
3491 5349 3657 5405 expc-.-

2082 5433 2374 5489 rimcntum
2407 5429 2573 5493 dedit,
2612 5428 2887 5498 nullisque
2936 5442 3165 5498 prorsus
3206 5427 3425 5498 aegrotis
3454 5441 3654 5482 consu-

2085 5526 2208 5591 luit,
2240 5538 2422 5580 nonne
2450 5521 2628 5579 adbuc
2659 5519 2844 5580 minus
2892 5521 3115 5577 omnino
3167 5518 3655 5576 commendabilem

2086 5614 2263 5671 dicis?
