4150 6412
544 337 652 394 919

615 450 818 508 GREG.
851 450 1026 506 Certe.

613 542 861 598 EUBUL.
894 541 1036 612 Ergo
1088 551 1144 599 et
1201 546 1442 602 animum
1500 551 1592 620 qui
1641 553 1859 608 mollius
1908 570 2108 624 corpus

540 636 793 699 sustinet,
824 635 1054 706 ejusque
1076 637 1358 693 libidinum
1387 652 1520 696 aestu
1543 643 1911 718 aegritudines,
1939 649 2109 700 casti-

1420 341 1479 397 S.
1524 341 1853 401 METHODII
1892 343 2277 400 CONVIVIUM
2317 343 2544 397 DECEM
2586 343 2944 399 VIRGINUM.

2143 474 2186 524 Α
2288 461 2482 514 rear.
2525 462 2649 514 Ναί.

3685 353 3782 410 220

2287 553 2577 607 ΕΥΒυΥΛ.
2617 554 2822 607 Οὐκοῦν
2838 557 2934 609 καὶ
2960 554 3132 626 ψυχὴν
3161 556 3258 627 τὴν
3277 558 3606 629 ἀνεχομένην
3625 560 3778 632 ὑγρο-

2210 645 2368 716 τέρου
2401 645 2668 716 σώματος,
2700 650 2794 701 καὶ
2839 648 2938 712 τὰς
2987 649 3115 720 περὶ
3163 650 3358 720 ἡδονὰς
3408 651 3570 705 αὑτοῦ
3601 655 3778 720 νόσους

539 725 667 778 tatis
697 726 1110 783 medicamentis
1158 729 1292 784 lenit
1328 737 1382 785 et
1413 733 1601 796 sedat,
1645 737 1832 805 utique
1861 737 2076 793 dicamu

2210 741 2697 810 καταπραΰνουσαν
2723 741 3074 812 σωφροσύνης
3105 743 3434 812 φαρμάκοις,
3473 746 3775 815 ἰατρικωτέ-

539 815 759 870 medicae
791 816 1067 872 facultatis
1097 819 1306 876 laudem
1341 821 1481 878 ferre
1513 826 1794 895 majorem,
1825 845 1985 899 quam
2019 848 2077 887 cu

2212 846 2310 899 ραν
2339 829 2554 883 λεκτέον
2583 831 2680 902 τῆς
2707 833 2938 900 ὑγιεινὸν
2968 833 3186 886 διοικεῖν
3218 835 3638 907 κεκληρωμένης
3676 837 3754 889 σῶ

537 905 704 974 probe
737 923 933 962 sanum
971 925 1171 982 corpus
1224 929 1398 984 neque
1427 915 1572 972 vitiis
1599 920 1891 976 obnoxium
1915 923 2077 995 obtigi

2211 937 2286 990 μα
2316 923 2409 974 καὶ
2437 922 2645 987 ἀπαθές
2674 936 2688 985 ;

537 999 760 1064 regere?

606 1085 812 1144 GREG.
845 1090 1147 1149 Fatendum
1187 1103 1290 1150 est.

605 1179 857 1240 EUBUL.
887 1185 1028 1251 Quid
1058 1188 1182 1242 item
1213 1187 1268 1242 in
1312 1189 1498 1244 lucta?
1538 1189 1670 1248 Uter
1711 1197 1855 1267 pugil
1889 1199 2101 1264 melior,

533 1274 628 1341 qui
678 1290 903 1345 magnos
943 1289 996 1332 et
1034 1277 1206 1333 fortes
1231 1283 1456 1338 aamulos
1489 1286 1790 1354 experitur,
1827 1304 1890 1343 ac
1929 1294 2103 1348 conti-

2278 1102 2474 1154 ΓΡΗΓ.
2516 1105 2747 1156 Λεκτέον
2778 1105 2904 1176 γάρ.

2274 1193 2563 1248 ΕΥΒΟΥΛ.
2607 1195 2671 1248 Τί
2701 1195 2787 1249 δαὶ
2813 1197 2904 1248 καὶ
2929 1197 2987 1248 ἐν
3017 1196 3163 1268 πάλῃ
3185 1215 3198 1262 ;
3222 1197 3452 1265 Πότερον
3478 1197 3773 1270 παλαιστὴς

2202 1285 2462 1354 ἀμείνων,
2495 1289 2522 1340 ὁ
2554 1288 2954 1355 ἀνταγωνιστὰς
3004 1287 3140 1358 ἔχων
3191 1289 3460 1360 μεγάλους
3498 1290 3590 1345 καὶ
3625 1293 3772 1361 ισχυ-

533 1379 641 1419 nue
674 1366 818 1419 lucta
862 1367 1186 1439 defungens,
1230 1389 1340 1427 non
1385 1377 1691 1432 succumbit
1720 1395 1999 1450 unquam;
2031 1399 2077 1439 at

2205 1377 2350 1445 ρους,
2383 1378 2475 1430 καὶ
2501 1378 2884 1448 προσπαλαίων
2912 1381 2996 1432 ἀεὶ
3026 1380 3117 1436 καὶ
3144 1381 3217 1453 μὴ
3249 1381 3676 1453 καθαιρούμενος
3694 1401 3708 1414 ·
3738 1383 3772 1456 ἢ

533 1457 628 1526 qui
653 1457 818 1513 nullis
853 1459 1180 1518 adversariis
1209 1464 1486 1520 decertat?

603 1543 808 1600 GREG.
841 1547 1008 1606 Plane
1041 1555 1134 1622 qui
1165 1557 1461 1625 experitur.

599 1637 848 1695 EUBUL.
869 1643 992 1697 Ain‘
1014 1651 1071 1698 tu
1096 1647 1149 1700 in
1177 1648 1428 1717 palaestra
1449 1667 1664 1723 quoque
1687 1657 1944 1712 athletam
1969 1676 2097 1730 prae

527 1733 693 1790 stare,
719 1731 810 1799 qui
854 1734 1202 1793 adversarios
1228 1745 1657 1802 contranitentes
1689 1749 1958 1804 sustinet?

595 1819 802 1876 GREG.
835 1825 1073 1884 Necesse
1105 1839 1164 1884 ut
1193 1833 1431 1890 dicatur.

595 1909 844 1969 EUBUL.
891 1917 1126 1976 Necesse
1174 1923 1360 1994 igitur,
1395 1934 1450 1979 ut
1486 1934 1540 1981 et
1575 1930 1826 2000 quisquis
1870 1941 2090 1990 strenue

2198 1467 2226 1518 ὁ
2263 1467 2336 1537 μὴ
2372 1467 2508 1538 ἔχων
2534 1470 2937 1537 ἀνταγωνιστάς
2963 1489 2977 1536 ;

2269 1555 2465 1610 ΓΡΗΓ.
2508 1557 2671 1627 Δῆλον
2701 1559 2777 1622 ὡς
2803 1561 2831 1612 ὁ
2862 1560 3017 1630 ἔχων.

2268 1645 2560 1700 ΕΥΒΟΥΛ.
2606 1649 2715 1701 Καὶ
2742 1651 2799 1702 ἐν
2828 1651 2970 1721 πάλῃ
2997 1651 3106 1722 ἄρα
3149 1651 3510 1724 δοκιμώτερος
3534 1653 3769 1726 ἀθλητὴς

2195 1739 2224 1790 ὁ
2252 1737 2378 1800 τοὺς
2406 1738 2808 1806 ἀνταγωνιστὰς
2833 1741 3000 1811 ἐχων;

2127 1831 2169 1886 Β
2268 1826 2462 1880 ΓΡι-ιΓ.
2521 1829 2778 1897 Ἀνάγκη.

2263 1917 2556 1971 ΕΥΒΟΥΛ.
2597 1919 2805 1972 Οὐκοῦν
2855 1922 2948 1977 καὶ
2998 1919 3174 1992 ψυχὴν
3207 1920 3418 1992 ἀνάγκη
3468 1923 3617 1974 πᾶσα
3666 1922 3765 1993 τὴν

522 2004 782 2060 moliatur
819 2007 1082 2067 adversus
1123 2018 1580 2085 concupiscentiae
1626 2033 1838 2088 motus,
1887 2041 1987 2081 nec:
2032 2043 2077 2084 st

2193 2007 2592 2078 μηχανωμένην
2638 2008 2776 2080 πρὸς
2818 2010 2914 2074 τάς
2947 2011 3169 2079 ἐφόδους
3206 2013 3304 2083 τῆς
3345 2012 3655 2082 ἐπιθυμίας,
3689 2012 3763 2084 μὴ

521 2094 698 2166 abripi
732 2099 990 2166 patiatur,
1023 2103 1117 2159 sed
1151 2105 1206 2159 in
1246 2107 1534 2163 adversum
1571 2112 1752 2167 trahat
1781 2129 1845 2169 ac
1872 2117 2090 2172 obnita-

520 2193 632 2254 tur,
665 2189 860 2246 fortior
893 2193 1159 2262 videatur,
1192 2213 1356 2268 quam
1387 2201 1481 2272 qui
1523 2202 1643 2272 ejus
1672 2206 1876 2261 nullam
1918 2209 2089 2266 inter-

518 2277 866 2345 pellationem
902 2286 1120 2340 sentiat.

591 2363 796 2422 GREG.
830 2368 966 2426 Vera
995 2374 1155 2431 dicis.

590 2452 841 2512 EUBUL.
878 2459 1057 2527 Quid?
1088 2462 1326 2522 Fortiter
1353 2486 1412 2526 se
1443 2473 1642 2531 habere
1670 2477 1934 2536 adversus
1961 2497 2085 2552 pra-

513 2561 707 2601 vorum
750 2551 1043 2608 affectuum
1085 2571 1150 2611 ac
1199 2559 1482 2618 libidinum
1515 2564 1770 2637 impetus,
1803 2571 1872 2626 ad
1909 2551 2083 2644 majo-

513 2649 655 2702 rem,
688 2654 721 2694 ο
753 2639 1075 2714 Gregorium
1102 2687 1120 2715 ,
1164 2648 1503 2712 fortitudinis
1555 2659 1768 2717 laudem
1810 2639 2085 2734 pertinere

512 2729 835 2789 existimas?

585 2817 792 2879 GllEG.
831 2827 1138 2887 Admodum
1169 2849 1324 2892 sane.

585 2911 836 2971 EUBUL.
867 2919 1007 2976 Num
1042 2939 1173 2980 vero
1217 2926 1503 2999 fortitudo,
1543 2931 1766 2990 virtutis
1805 2938 1973 2994 robur
2016 2954 2080 2996 ac

513 3011 670 3056 tenor
690 3006 713 3058 ?

583 3094 788 3152 GBEG.
815 3098 998 3158 Plane.

581 3186 830 3248 EUBUL.
869 3193 1036 3264 Igitur
1082 3198 1128 3255 si
1158 3201 1374 3259 virtutis
1420 3209 1587 3263 robur
1629 3213 1920 3270 tolerantia
1967 3225 2073 3284 est,
2105 3180 2148 3238 α

511 3291 692 3336 nonne
721 3285 810 3349 qui
843 3288 1110 3346 molestiis
1143 3305 1430 3352 exercetur
1476 3303 1712 3368 animus,
1756 3305 2078 3381 fortiterque

509 3371 748 3428 tolerans
773 3379 1167 3446 cupiditatibus
1196 3396 1357 3458 atque
1387 3391 1534 3446 vitiis
1561 3395 1801 3461 obsistit,
1836 3399 1912 3453 illi
1940 3371 2076 3471 prae-

507 3466 652 3518 stare
685 3464 1026 3528 fortitudinis
1071 3475 1228 3532 laude
1277 3483 1550 3550 putandus
1591 3495 1696 3555 est,
1749 3491 1843 3560 qtti
1896 3464 2075 3552 nullas

504 3553 773 3622 ejusmodi
804 3563 1079 3621 molestias
1107 3573 1411 3638 persentit?

555 3645 778 3705 'GREG.
809 3651 1084 3714 Profecto.

576 3739 830 3834 F-JUBllL.
863 3748 1035 3818 Igitur
1071 3751 1120 3806 si
1163 3751 1379 3823 fortior,
1413 3759 1520 3815 erit
1553 3769 1608 3818 et
1633 3770 2001 3834 praestantior.

577 3828 783 3888 GREG.
821 3835 985 3893 Sane.

577 3920 830 3980 EUBUL.
866 3927 1057 3986 Melior
1089 3949 1219 4003 ergo
1257 3945 1310 3993 et
1345 3943 1694 4008 prastantior
1737 3955 1850 4011 est,
1899 3968 2074 4021 quan-

505 4019 622 4072 tum
653 4031 720 4071 ex
749 4019 909 4076 modo
935 4027 1217 4083 concessis
1251 4030 1532 4087 evidenter
1560 4037 1827 4106 sequitur,
1862 4019 1954 4112 qui
1987 4043 2073 4098 in-

503 4111 589 4160 ter
612 4112 1066 4181 concupiscentia
1091 4127 1257 4174 aestus
1291 4124 1681 4182 continentiam
1715 4111 1890 4194 tenet,
1907 4151 2072 4205 quam

502 4201 595 4267 qui
627 4203 776 4257 nulla
821 4207 1071 4274 pulsatus
1103 4210 1326 4269 libidine
1355 4213 1412 4269 in
1443 4217 1711 4276 castitatis
1749 4201 1943 4281 secure
1971 4242 2071 4282 ca-

499 4289 630 4372 stris
654 4303 841 4352 meret.

571 4402 777 4463 GREG.
822 4407 958 4465 Rem
993 4428 1198 4468 meram
1253 4417 1513 4489 loqueris.
1551 4421 1658 4480 Sed
1701 4426 1768 4481 de
1815 4428 1901 4485 his
1931 4431 2066 4488 alias

2189 2099 2648 2170 κατασπωμένην,
2689 2101 2802 2154 ἀλλ’
2830 2101 3192 2157 ἀνθέλκουσαν
3242 2106 3335 2157 καλ⁵
3381 2105 3763 2177 ἀντιτασσομέ-

2189 2204 2307 2261 νην,
2348 2190 2700 2263 ἰσχυροτέραν
2729 2194 3012 2264 φαίνεσθαι
3039 2197 3138 2268 τῆς
3165 2198 3239 2268 μὴ
3262 2197 3653 2268 ἐπιθυμούσης.

2259 2368 2456 2424 rpnr.
2508 2372 2728 2444 Ἀληθῆ.

2255 2461 2551 2518 ΕΥΒΟΥΛ.
2591 2465 2654 2517 Τί
2681 2465 2768 2522 δαί
2790 2483 2802 2530 ;
2834 2467 2893 2520 τὸ
2917 2467 3199 2539 καρτερῶς
3225 2469 3366 2538 ἔχειν
3395 2469 3530 2541 πρὸς
3555 2471 3651 2534 τὰς
3671 2472 3759 2543 ὁρ-

2189 2547 2316 2618 μὰς,
2350 2549 2667 2624 Γρηγόριον,
2702 2555 2808 2608 τῶν
2843 2556 3059 2624 φαύλων
3091 2558 3340 2629 ὀρέξεων,
3362 2558 3506 2613 δοκεῖ
3527 2576 3605 2614 σοι
3631 2561 3759 2628 μᾶλ-

2184 2637 2273 2692 λον
2293 2639 2542 2711 ἀνδρείας
2567 2639 2704 2697 εἶναι
2725 2663 2740 2707 ;

2251 2819 2447 2873 ΓΡΗΓ.
2490 2821 2600 2875 Καὶ
2634 2823 2848 2896 σφόδρα.

2251 2907 2546 2964 ΕΥΒΟΥΛ.
2598 2910 2662 2963 Ἡ
2691 2911 2748 2964 δὲ
2777 2911 2998 2984 ἀνδρεία
3027 2913 3164 2986 αὕτη
3197 2915 3426 2988 δύναμις
3457 2918 3694 2990 ἀρετῆς;

2251 3093 2448 3145 ΓΡΗΓ.
2490 3094 2675 3164 Δῆλον.

2252 3187 2544 3240 ΕΥΒΟΥΛ.
2587 3187 2793 3242 Οὐκοῦν
2823 3190 2872 3242 εἰ
2898 3189 3123 3261 δύναμις
3151 3193 3350 3266 ἀρετῆς
3382 3198 3527 3250 ἐστιν
3553 3201 3584 3269 ή
3614 3200 3749 3253 ὑπο-

2184 3278 2340 3350 μονὴ,
2372 3279 2404 3348 η
2433 3278 2780 3352 διοχλουμένη
2810 3282 2916 3353 ἄρα
2945 3283 3088 3354 ψυχὴ
3119 3287 3210 3338 καὶ
3240 3289 3581 3361 καρτεροῦσα
3617 3291 3752 3366 πρὸς

2179 3369 2276 3433 τὰς
2313 3370 2606 3442 ἐπιθυμίας
2634 3372 2972 3446 δυνατωτέρα
3002 3377 3247 3444 φαίνεται
3269 3380 3368 3451 τῆς
3393 3382 3466 3454 μὴ
3494 3383 3752 3455 ὀχλουμέο

2178 3477 2276 3532 νης
2319 3477 2332 3525 ἶ

2245 3664 2441 3721 ΓΡΗΓ.
2483 3668 2610 3724 Ναί.

2244 3755 2534 3810 ΕΥΒΟΥΛ.
2577 3759 2638 3811 Εἰ
2669 3759 2724 3812 δὲ
2751 3760 3114 3835 δυνατωτέρα,
3155 3764 3250 3819 καὶ
3274 3767 3540 3838 κρείσσων
3574 3768 3705 3841 (64).

2245 3845 2440 3901 ΓΡΗΓ.
2485 3849 2610 3902 Ναί.

2244 3937 2536 3994 ΕΥΒΟΥΛ.
2578 3943 2861 4014 Κρείσσων
2895 3945 3002 4018 ἄρα
3047 3950 3078 4018 ἡ
3128 3950 3468 4020 ἐπιθυμοῦσα
3511 3954 3606 4008 καὶ
3654 3955 3745 4022 ἐγ-

2173 4032 2543 4104 κρατευομένη
2576 4035 2672 4105 τῆς
2703 4036 2776 4106 μὴ
2802 4037 3170 4110 ἐπιθυμούσης
3198 4043 3364 4108 ἐστὶν,
3395 4047 3458 4097 ἐκ
3478 4045 3584 4098 τῶν
3608 4063 3746 4118 προι

2171 4122 2626 4194 ωμολογημένων,
2657 4129 2749 4181 καὶ
2782 4129 3272 4205 ἐγκρατευομένης.

2242 4414 2437 4471 ΓΡΗΓ.
2491 4417 2686 4490 Ἀληθῆ
2717 4419 2914 4488 λέγεις,
2947 4425 3041 4478 καὶ
3084 4426 3408 4499 ἐπιθυμήσω
3452 4430 3740 4502 πληρέστε-

499 4496 804 4555 absolutius
860 4509 1037 4558 tecum
1096 4522 1404 4567 sermonem
1453 4514 1704 4574 conferre
1752 4523 1947 4592 gestio.
2005 4523 2062 4579 Si

2176 4523 2262 4580 ρον
2296 4507 2376 4565 ἔτι
2405 4509 2758 4580 περὶτούτων
2789 4513 3125 4586 διαλεχθῆναί
3162 4496 3262 4573 cat.
3294 4496 3356 4574 Εί
3401 4519 3492 4577 οὖν
3537 4496 3618 4578 σοι
3652 4527 3737 4596 φί-

499 4588 683 4659 itaque
729 4593 827 4648 tibi
861 4610 1025 4666 grave
1073 4615 1184 4656 non
1217 4611 1324 4668 est,
1377 4622 1501 4664 cras
1530 4588 1808 4678 accedam,
1857 4615 1924 4671 de
1978 4618 2063 4677 bis

2176 4607 2271 4664 Ιιον,
2305 4599 2491 4673 αὔριον
2521 4601 2780 4673 ἀφίξομαι
2811 4607 2972 4660 πάλιν
2999 4610 3337 4685 ἀκουσομένη
3372 4614 3594 4671 τούτων.
3625 4588 3738 4670 Νῦν

497 4681 769 4740 auditura.
805 4686 961 4744 Nunc
1001 4693 1168 4759 enim,
1219 4703 1280 4749 ut
1309 4697 1481 4765 vides,
1530 4711 1742 4774 tempus
1789 4715 1874 4762 est
1919 4716 1978 4764 ut
2012 4717 2064 4768 et

2176 4692 2291 4764 γὰρ,
2321 4693 2397 4759 ὡς
2427 4697 2577 4767 ὁρᾷς,
2609 4694 2727 4768 ὥρα
2766 4697 2946 4754 λοιπὸν
2987 4704 3290 4776 τραπέσθαι
3326 4681 3428 4760 ⁷καὶ.
3478 4711 3605 4781 περὶ
3636 4712 3731 4764 τοῦ

495 4776 737 4832 animum
773 4780 842 4836 ad
870 4785 1157 4841 exterioris
1179 4787 1416 4848 hominis
1446 4803 1724 4854 vertamus
1753 4813 1962 4857 curam.

563 5001 680 5081 (ϐξ)
710 5003 1194 5081 Εὶ-δυνα-τωτέρα,
1221 5012 1314 5065 καὶ
1351 5015 1666 5081 κρείσσων.
1691 5016 1925 5074 Facilior
1950 5038 2068 5079 ma-

492 5073 596 5127 nus
631 5073 761 5128 dare
788 5074 1021 5157 Eubulio
1057 5073 1270 5134 videtur
1298 5073 1650 5157 Gregorium,
1701 5073 2064 5157 arguenti—ex

490 5158 600 5197 non
633 5158 796 5224 causa
843 5146 1202 5230 adﬁcaus‘amn;
1240 5146 1692 5230 quasifnimiru’m
1753 5146 1871 5230 ipsa
1905 5146 2067 5216 vitio;

490 5227 621 5294 rum
650 5214 732 5270 vis
759 5222 813 5294 et
846 5215 1122 5273 infestatio
1147 5221 1217 5276 sit
1244 5214 1460 5294 virtutis
1483 5226 1565 5280 vis
1607 5242 1672 5282 ac
1711 5214 1898 5294 robur,
1955 5214 2064 5287 non

491 5282 622 5355 quid
677 5285 1067 5352 extrinseeum,
1102 5305 1168 5344 ex
1221 5309 1279 5348 se
1320 5293 1395 5346 illi
1425 5295 1668 5352 ofliciens
1699 5282 2064 5355 acirerai'ioram

493 5354 731 5418 faciens;
776 5356 1061 5428 solaivero
1098 5363 1408 5426 occasione,
1462 5365 1762 5421 obnitentia
1802 5371 1967 5428 animi
2000 5354 2067 5426 ac

488 5428 860 5506 contentione,
893 5427 1112 5506 juvans,
1149 5431 1278 5485 dum
1331 5434 1446 5487 haec
1480 5451 1739 5506 superare
1789 5447 2062 5497 conatur:

490 5493 690 5580 quibus
717 5495 828 5562 jam
859 5493 1508 5580 superatisexpurgatus
1549 5493 1802 5580 'anitnus,
1835 5493 2066 5580 illisque

489 5561 960 5650 factus‘superior,
988 5570 1204 5625 virtutis
1238 5561 1613 5650 i'ter_giganteo
1636 5561 1880 5650 decurrit
1891 5561 2062 5650 pede,

489 5631 560 5685 ab
603 5631 904 5711 actiojteet
945 5653 1123 5708 pugna
1170 5631 1550 5711 cupidifafum,
1587 5647 1656 5701 ad
1686 5631 2066 5704 scientiam—et

490 5705 1119 5787 contemplationeztu'ae
1152 5705 1438 5787 rationem,
1495 5705 1769 5787 Deumque
1806 5721 2062 5784 evolans;

488 5785 559 5827 ne
590 5781 846 5842 reputans
870 5779 1108 5848 quidem,
1129 5797 1356 5850 quorum
1376 5784 1464 5838 vix
1488 5779 1764 5856 aspectum
1794 5787 1949 5856 ferat,
1973 5779 2062 5862 qui

2165 4784 2362 4850 ἔξωθεν
2395 4787 2652 4858 ἀσχολίαν
2684 4793 2832 4862 ἡμᾶς
2862 4793 3171 4866 ἀνθρώπου.

2166 5015 2349 5090 adhuc
2381 5015 2650 5090 incipiens
2693 5033 2768 5090 ac
2802 5021 2956 5090 quasi
3013 5022 3440 5080 rudimentarius
3485 5036 3590 5090 est,
3632 5045 3735 5085 nec

2168 5087 2382 5142 virtutis
2414 5089 2564 5158 lyceo
2604 5089 2737 5167 satis
2767 5087 3116 5167 eiercitatus.
3151 5091 3391 5167 Fallacia
3429 5087 3736 5167 ergo'con-

2167 5156 2448 5237 sequentis
2474 5165 2577 5212 est.
2613 5156 2780 5215 Plane
2825 5161 3092 5237 siquidem
3129 5165 3320 5237 melior
3342 5181 3419 5237 _ac
3469 5156 3733 5237 praestan-

2168 5229 2291 5302 lio_r,
2327 5229 2418 5302 qui
2449 5245 2514 5284 ex
2555 5243 2615 5283 se
2667 5236 2720 5302 et
2760 5229 3072 5302 _quapollet
3101 5232 3302 5289 virtute
3333 5229 3526 5291 fortior
3559 5247 3642 5293 est
3670 5254 3735 5294 ac

2167 5298 2460 5373 robustior,
2489 5314 2594 5352 non
2616 5301 2707 5373 qui
2738 5298 2998 5356 debiliore
3027 5303 3226 5373 virtute
3251 5307 3528 5373 graviores
3555 5309 3733 5364 insul-

2167 5379 2256 5423 tus
2287 5369 2510 5439 patitur,
2556 5371 2786 5423 necdum
2823 5387 2985 5426 ovare
3028 5371 3222 5426 doctus
3257 5369 3618 5441 victoria,sed
3650 5380 3734 5432 ni-

2165 5447 2287 5493 tens
2317 5441 2478 5506 serio,
2503 5441 2966 5510 perturbationum
2988 5457 3283 5511 oppressus
3325 5449 3577 5512 colluvie,
3642 5465 3730 5512 ne,

2168 5509 2436 5579 frequenti
2459 5526 2525 5564 eo
2551 5509 3037 5588 sgtugnaufragio
3062 5509 3332 5588 profundo
3351 5509 3731 5588 rlettiergaturﬁ

2166 5577 2406 5658 clamans
2428 5595 2550 5633 cum
2585 5577 2782 5634 Paulo:
2813 5577 3009 5658 fufe'lia:
3027 5577 3294 5658 egojtomo
3313 5587 3467 5658 liquis
3497 5577 3578 5643 me
3605 5577 3732 5643 (ibe:

2168 5650 2305 5730 nteit
2340 5652 2403 5704 de
2437 5665 2652 5730 corpore
2679 5655 2874 5730 _mortfs
2896 5650 3086 5730 hujus}!
3117 5653 3239 5708 Haec
3273 5650 3498 5714 infantia
3518 5675 3582 5714 ac
3607 5676 3729 5730 par-

2169 5722 2274 5775 vuli
2301 5729 2452 5786 tetas,
2475 5723 2564 5776 illa
2595 5721 2690 5775 viri
2723 5722 3000 5793 perfectio.
3031 5723 3300 5782 COIBEFIS
