4150 6430
555 360 658 417 259

1502 358 1558 413 S.
1602 355 1933 413 METHODII
1958 353 2261 411 EPISCOPI
2300 354 2389 411 ET
2427 355 2786 412 MAR'IYRIS

3688 362 3800 418 223

548 487 603 531 et
648 491 837 547 puram
886 486 935 532 et
981 476 1050 531 ab
1076 476 1234 531 omni
1269 482 1495 547 peccato
1522 474 1885 542 disjunctam;
1930 489 2124 547 conse-
2153 484 2201 534 Α
2228 490 2291 547 ηε
2309 486 2473 547 genus
2494 474 2781 547 humanum
2809 474 3034 547 liberare
3053 476 3190 545 potis
3213 485 3365 547 esset.
3406 472 3566 532 Hisce
3591 474 3771 547 Mctlio

546 544 774 617 quenter
807 546 1145 617 intelligitur,
1171 544 1294 601 cum
1319 544 1452 599 dicit
1476 554 1687 600 tantum
1719 554 1902 617 castos
1916 554 1981 617 et
2009 545 2120 617 vir-

545 613 699 687 gines
743 613 1023 687 possidere
1070 617 1484 688 promissiones,
1527 617 1629 669 sub
1661 616 1882 688 nomine
1914 613 2120 688 illo_in-

545 685 712 759 telligi
744 685 996 756 reliquos
1026 685 1237 750 omnes,
1273 687 1547 759 qui,_licet
1581 686 1819 752 virgines
1849 701 1955 739 non
1988 685 2118 759 sint,

545 773 646 811 nec
667 755 1047 813 castimoniam
1072 755 1361 820 coluerint,
1392 756 1612 811 fuerunt
1636 763 1817 809 tamen
1842 764 1897 811 et
1918 755 2123 809 sancti-

545 836 656 883 tate
685 830 826 893 vitae,
857 836 911 882 et
934 829 1134 898 pietate
1167 828 1223 898 in
1256 826 1448 891 Deum,
1477 835 1530 881 et
1556 825 1849 898 virtutibus
1878 824 2000 898 aliis
2030 826 2117 878 in-

544 900 738 952 structi
772 896 1163 966 atqueﬁrnati.
1194 896 1471 953 Justorum
1503 897 1670 957 enim,
1704 896 2118 965 quomodocun-

543 986 649 1037 que
678 968 809 1034 justi
842 976 990 1032 sunt,
1028 978 1113 1022 est
1142 983 1367 1037 regnum
1395 967 1682 1021 caelorum.

613 1041 730 1093 Col.
763 1038 885 1093 194.
904 1038 969 1091 Α.
988 1037 1121 1093 Cum
1150 1034 1254 1092 ηοή
1281 1040 1358 1091 ita
1375 1036 1644 1091 commode
1671 1036 1757 1090 tu:
1773 1052 1804 1090 α
1823 1034 2118 1103 corruptio-

2226 544 2300 597 dii
2326 545 2507 598 verbis
2536 545 2718 614 opinio
2742 544 3006 599 refellitur
3030 544 3478 609 asseverantium,
3498 556 3621 600 ante
3638 546 3783 601 Chri

2226 615 2296 686 sti
2325 614 2612 686 adventum
2637 616 2945 685 plerosque,
2981 632 3156 686 neque
3184 616 3469 672 aCbristo.
3496 632 3671 686 neque
3700 632 3789 685 per

2220 684 2527 756 Christum,
2544 684 2799 756 aeternam
2817 688 3048 741 salutem
3070 684 3421 745 consecutos.
3450 686 3524 742 De
3550 684 3656 756 qua
3680 684 3794 756 opi-

2222 755 2393 827 nione
2423 771 2536 827 nos
2568 756 2695 827 alibi
2730 755 2850 827 fuse
2880 756 3301 827 disputavimus,
3332 766 3385 811 et
3416 755 3689 825 quomodo
3719 755 3791 810 ’ea

2220 823 2576 894 intelligenda
2600 826 2689 889 sit,
2714 842 2782 881 ne
2810 823 3213 882 dit-ta'Patrum
3245 826 3299 880 id
3333 823 3634 881 assérentia
3661 841 3790 880 con-

2219 894 2479 967 demnare
2529 910 2811 967 cogamur.
2847 896 2979 953 Vide
3008 898 3173 967 etiam
3205 912 3327 967 qua:
3355 896 3424 949 de
3455 911 3790 966 paganorum

2220 964 2511 1044 animabus
2538 966 2691 1044 libris
2719 968 2958 1039 quinque
2986 964 3315 1024 Franciscus
3355 964 3562 1022 Gallius
3606 968 3792 1036 copio-

2218 1035 2436 1089 sissime
2461 1035 2740 1090 disseruit.

554 1228 3773 1259 ww:

1420 1388 1651 1475 ΤΟΥ
1701 1382 2040 1475 ΑΓΙΟΥ
2103 1384 2926 1475 ΙΕΡΟΜΑΡΤΥΡΟΣ

1571 1576 2746 1754 ΜΕΘΟΔΙΟΥ
2964 1753 2966 1756 ,

978 1854 1729 1994 ΕΚΛΟΓΑΙ
1799 1854 2096 1988 ΚΑΙ
2174 1855 2713 1995 ΛΟΓΟΙ
2778 1866 3309 1995 ΤΙΝΕΣ.

1305 2244 1988 2404 SANCTI
2069 2248 3019 2404 METHODII

1857 2527 2013 2618 MA
2031 2528 2470 2621 RTYBIS

847 2745 1600 2863 EXCERPTA
1676 2740 1847 2857 AC
1915 2741 2741 2861 ORATIONES
2783 2745 3452 2883 ALIQUOT.

1432 3095 1693 3181 ΠΕΡΙ
1744 3098 1973 3186 ΤΟΥ
2010 3087 2829 3187 ΑΥΤΕΞΟΥΣΙΟΥ.

2032 3283 2275 3346 LIBER

1470 3473 1619 3562 DE
1697 3459 2144 3567 LIBEBO
2213 3470 2842 3565 ARBITRIO.

521 3652 627 3704 Hoc
646 3654 857 3720 primum
883 3658 1175 3720 excerptum
1194 3653 1652 3720 Methodiauumddeg
1665 3654 1817 3720 libero
1838 3654 2061 3716 arbitrio,
2080 3657 2159 3720 pri

2164 3670 2273 3706 mus
2291 3656 2462 3707 Grece
2485 3657 2704 3719 vulgavlt
2720 3656 2936 3705 Joannes
2959 3654 3203 3719 Meursius
3221 3657 3280 3719 to
3304 3651 3566 3705 νοτίου-σπι
3587 3652 3779 3708 divino-

585 3715 693 3764 ruin
719 3715 873 3781 libro:
904 3715 1121 3781 Joannes
1143 3715 1530 3781 autey_1__I._amlus
1554 3718 1607 3767 V.
1628 3719 1679 3769 C.
1703 3715 2555 3781 Latinevertitfexcudendumque
2573 3715 2761 3768 curavit
2777 3719 2835 3781 jn
2858 3731 2945 3781 sua
2967 3718 3221 3781 luculenta
3241 3717 3626 3766 Meursianorum
3652 3731 3779 3781 ope-

583 3791 693 3824 rum
724 3777 1051 3844 eiulectlone,
1098 3783 1216 3826 tom.
1257 3776 1402 3839 Vill,
1446 3792 1558 3842 pag.
1592 3781 1821 3833 ἠδ-758.
1856 3780 1956 3831 Nos
2004 3776 2121 3829 vero
2155 3782 2369 3843 primum
2402 3776 2739 3844 interpretem
2765 3777 3115 3831 Combeﬁsium
3147 3779 3356 3842 ejusque
3390 3788 3532 3830 notas
3563 3776 3779 3829 exhibe-

582 3851 708 3887 mus.
743 3836 1032 3901 (Βλιιιιω.)

594 4084 767 4140 Senex
797 4083 1017 4154 quidem
1050 4082 1372 4150 ithacensis,
1403 4101 1553 4150 cum,
1602 4094 1661 4141 ut
1704 4087 1877 4144 Graeci
1932 4088 2091 4144 fabu-
2122 4095 2168 4151 Β

522 4177 735 4241 lantur,
792 4175 1086 4245 voluptatis
1134 4175 1355 4231 auditus
1411 4177 1796 4245 incontinens,
1843 4177 2097 4235 Sirenum

521 4275 742 4323 cantum
772 4266 960 4322 audire
984 4268 1165 4333 vellet,
1212 4268 1485 4341 navigavit
1511 4269 1729 4326 vinctus
1760 4271 1877 4341 ipse
1914 4272 1969 4325 in
2011 4270 2101 4328 Si-

469 4344 477 4353 ’
520 4360 725 4423 ciliam,
756 4360 1145 4430 sociorumque
1192 4360 1466 4416 obstruxit
1514 4376 1675 4418 aures
1721 4380 1734 4417 :
1779 4376 1891 4417 non
1937 4365 2098 4434 quasi

517 4451 606 4507 vel
632 4451 743 4507 illis
772 4451 1039 4508 invideret
1074 4452 1342 4517 auditum,
1395 4454 1476 4508 vel
1505 4468 1565 4508 se
1612 4453 1731 4523 ipse
1758 4453 1993 4511 vinculis
2030 4456 2099 4510 li-

519 4542 656 4597 bens
685 4542 972 4610 insereret,
1009 4545 1105 4601 sed
1142 4545 1286 4615 quod
1316 4546 1645 4601 cantilenam
1689 4547 1961 4617 ejusmodi
2000 4564 2099 4604 au-

520 4635 796 4691 dientibus
851 4652 1001 4692 mors
1047 4637 1268 4694 tandem
1314 4639 1643 4696 immineret.
1688 4639 1848 4697 Tales
1899 4642 2099 4713 quippe

520 4726 727 4783 Graecis
762 4737 891 4783 sunt
925 4728 1175 4786 Sirenum
1224 4730 1550 4801 voluptates.
1585 4733 1893 4798 Enimvero,
1926 4735 2098 4791 haud-

520 4837 794 4893 quaquam
823 4839 925 4894 ego
954 4824 1079 4881 talis
1107 4824 1374 4881 cantionis
1406 4824 1624 4883 auditor
1663 4827 1773 4896 lio;
1810 4845 1909 4885 nec
1941 4830 2096 4887 Sire-

520 4930 621 4971 nas
652 4914 878 4972 funebre
900 4931 1121 4973 carmen
1142 4917 1424 4974 hominum
1461 4919 1834 4985 concinentes,
1864 4939 2095 4993 quarum

521 5006 801 5062 silentium
834 5007 957 5078 plus
986 5023 1120 5063 voce
1149 5008 1464 5065 hominibus
1512 5012 1708 5081 prosit,
1731 5013 1921 5068 audire
1950 5014 2096 5071 desi-

521 5094 655 5152 dero
687 5117 700 5152 :
725 5098 889 5168 cupio
910 5104 1091 5153 autem
1120 5097 1303 5153 divina
1332 5098 1564 5169 quadam
1594 5117 1728 5157 voce
1759 5100 1899 5168 frui,
1937 5105 2096 5172 cujus

523 5188 720 5256 saepius
746 5189 973 5259 repetita
1002 5188 1209 5244 auditio
1256 5190 1586 5247 desiderium
1613 5195 1957 5262 accumulat;
1987 5212 2095 5253 nou

520 5281 671 5335 velut
710 5281 999 5353 impudicae
1026 5285 1177 5340 vocis
1218 5284 1469 5355 voluptas
1504 5288 1862 5357 superaverit,
1904 5286 1998 5343 scd
2037 5296 2098 5343 ut

521 5372 614 5441 qui
643 5384 984 5429 sacramenta
1017 5374 1200 5431 divina
1232 5376 1457 5431 habeam
1485 5378 1786 5443 addiscere,
1817 5387 1873 5434 et
1896 5379 1964 5434 ad
2000 5396 2097 5434 ex-

521 5472 791 5529 tremum,
823 5480 932 5519 non
982 5473 1237 5530 mortem,
1271 5467 1367 5521 sed
1414 5468 1645 5523 salutem
1697 5476 1953 5524 teternam
1996 5484 2093 5522 ex-

525 5562 783 5623 spectem.
810 5554 1088 5626 Siquidem
1120 5558 1419 5613 concinunt
1440 5560 1784 5627 cantilenam,
1811 5575 1918 5616 non
1943 5558 2092 5615 Grai-

523 5657 711 5698 corum
746 5644 967 5702 Sirenes
996 5646 1312 5713 mortiferae,
1352 5649 1446 5704 sed
1473 5648 1691 5704 divinus
1717 5649 1938 5719 quidam
1992 5665 2091 5702 au-

2280 4086 2340 4140 '0
2378 4085 2477 4157 μὲν
2511 4083 2909 4156 (1)Ἰθακήσιος
2939 4081 3137 4154 γέρων,
3172 4081 3310 4137 κατά
3328 4082 3418 4135 τὸν
3448 4081 3555 4136 τῶν
3585 4082 3776 4154 Ἐλλή-

2202 4197 2309 4234 νων
2347 4177 2538 4248 μῦθον,
2576 4176 2677 4247 τῆς
2701 4177 2972 4248 Σειρήνων
2999 4175 3319 4245 βουλόμενος
3340 4173 3570 4229 ἀκοῦσαι
3602 4174 3779 4245 ᾠδῆς,

2201 4269 2290 4324 διὰ
2309 4269 2405 4340 τήν
2422 4269 2524 4337 τῆς
2543 4269 2728 4340 φωνῆς
2752 4268 3049 4323 ἀκόλαστον
3076 4267 3290 4339 ἡδονήν,
3310 4265 3593 4340 δεσμώτης
3619 4266 3778 4321 ἔπλει

2200 4363 2280 4426 είς
2308 4360 2406 4434 τὴν
2444 4361 2713 4426 Σικελίαν,
2747 4362 2841 4415 καὶ
2873 4360 2972 4424 τὰς
3019 4359 3126 4414 τῶν
3175 4360 3406 4430 ἑταίρων
3447 4360 3781 4432 ἐνέφραττεν

2199 4453 2398 4517 ἀκοάς·
2433 4453 2537 4506 οὐκ
2580 4452 2805 4515 ἐκείνοις
2843 4452 3004 4505 ἕνεκα
3049 4452 3146 4522 τῆς
3177 4451 3492 4524 ἀκροάσεως
3539 4451 3774 4520 φθονῶν,

2198 4543 2321 4597 ούδέ
2355 4544 2547 4597 ἐαυτὸν
2585 4544 2769 4615 δεσμῷ
2819 4543 3162 4616 περιϐάλλειν
3202 4543 3514 4615 ἐπιθυμῶνο
3547 4545 3662 4600 ἀλλ’
3693 4547 3778 4599 δτι

2198 4635 2351 4700 τέλος
2386 4636 2486 4707 τῆς
2515 4636 2740 4691 ἐκείνων
2789 4635 2931 4707 ᾠδῆς
2963 4639 3075 4700 τοῖς
3122 4636 3379 4691 ἀκούουσι
3412 4637 3640 4701 θάνατος
3680 4634 3770 4710 ἦν.

2199 4730 2457 4788 Τοιαῦται
2489 4732 2597 4804 γὰρ
2626 4732 2756 4805 παρ’
2792 4731 3049 4804 Ἕλλησιν
3078 4731 3265 4802 ήδοναὶ
3303 4733 3593 4804 Σειρήνων.
3630 4733 3775 4801 Ἐγὼ

2197 4822 2275 4889 δὲ,
2321 4824 2575 4894 τοιαύτης
2609 4824 2709 4895 μὲν
2754 4823 2899 4894 ᾠδῆς
2927 4823 3202 4897 ἀκροατὴς
3247 4824 3307 4876 ού
3348 4824 3603 4894 γίνομαι·
3653 4824 3774 4879 οὐδὲ

2198 4916 2419 4971 ἀκούειν
2472 4916 2722 4989 ἐπιθυμῶ
2775 4917 3068 4989 Σειρήνων,
3125 4916 3409 4985 ἐπιτάφιον
3470 4915 3773 4988 ἀνθρώπων

2198 5009 2459 5081 ᾀδουσῶν,
2494 5002 2570 5062 ὧν
2607 5011 2641 5080 ή
2677 5007 2802 5079 σιγὴ
2854 5007 2955 5078 τῆς
2989 5006 3172 5077 φωνῆς
3225 5005 3531 5079 ἀνθρώποις
3575 5023 3769 5078 χρησι-

2202 5102 2423 5172 μωτέρα
2467 5101 2706 5171 γίνεταιο
2757 5099 2908 5163 θείας
2938 5099 2997 5154 δέ
3049 5116 3192 5164 τινος
3244 5098 3537 5153 ἀπολαύειν
3585 5097 3768 5168 φωνῆς

2197 5192 2449 5265 εὔχομαι,
2489 5190 2559 5266 ἧς
2607 5192 2709 5248 κᾶν
2746 5192 3005 5255 πολλάκις
3051 5190 3290 5255 ἀκούσω,
3338 5189 3499 5243 πάλιν
3548 5188 3768 5243 ἀκούειν

2197 5283 2445 5355 ἐπιθυμῶ
2465 5300 2478 5313 ·
2510 5285 2609 5337 οὐκ
2639 5283 2939 5337 ἀκολάστου
2975 5280 3161 5351 φωνῆς
3189 5280 3349 5351 ἡδονῇ
3394 5279 3764 5350 νενικημένος,

2197 5374 2332 5428 ἀλλά
2375 5375 2495 5428 θεῖα
2536 5374 2916 5444 διδασκόμενος
2949 5372 3250 5443 μυστήρια·
3294 5371 3389 5426 καὶ
3430 5369 3496 5423 ινδ
3526 5369 3677 5434 τέλος
3701 5369 3764 5422 οὐ

2198 5467 2446 5530 θάνατον,
2517 5466 2629 5520 ἀλλ’
2688 5465 2903 5519 αἰώνιον
2959 5463 3393 5534 ἀπεκδεχόμενιος
3468 5460 3762 5532 σωτηρίαν.

2202 5557 2420 5629 ’ᾼδουσι
2447 5556 2555 5629 γὰρ
2588 5557 2685 5629 τὴν
2714 5557 2855 5629 ᾠδὴν
2883 5556 2982 5626 οὐχ
3014 5556 3068 5608 αἱ
3119 5553 3481 5625 θανατηφόροι
3514 5551 3767 5623 Σειρῆνες

2211 5650 2494 5721 Ἑλλήνων,
2545 5651 2679 5704 ἀλλὰ
2721 5651 2861 5715 θεῖός
2896 5667 2978 5715 τις
3019 5648 3178 5720 χορὸς
3223 5645 3535 5721 προφητῶν,
3574 5645 3660 5713 ἐφ’
3692 5633 3767 5695 ὧν

602 5800 680 5873 (l)
715 5800 859 5855 Μέν.
900 5799 979 5855 ita
1020 5801 1395 5860 Combeﬁsius.
1443 5804 1713 5862 Meursius
1756 5814 1936 5863 tamen
1971 5804 2102 5862 edit.
2138 5804 2377 5864 Floreat.
2416 5809 2542 5881 μήν.
