4150 6422
392 378 494 434 241

1529 375 1657 430 LiB.
1697 375 1787 430 DE
1825 374 2075 433 LIBERO
2112 373 2465 432 ARBITRIO.

3539 378 3646 432 ἕω

393 501 493 554 οὐκ
522 499 636 554 ἔστι
679 500 1048 573 ἀποφράττειν
1076 499 1186 555 τῶν
1228 498 1458 571 ἑταίρων
1492 500 1593 565 τὰς
1623 501 1811 565 ἀκοὰς,
1848 500 1966 555 οὐδὲ

2070 507 2372 572 gustusque
2397 498 2598 553 chorus
2621 495 3007 567 prophetarum
3033 511 3047 559 ;
3073 493 3127 547 in
3152 493 3352 564 quibus
3373 510 3475 551 nec
3507 511 3648 567 opus

392 597 583 651 ἑαυτόν
614 612 725 648 τινι
745 595 929 667 δεσμῷ
962 594 1327 667 περιϐάλλειν,
1353 596 1629 651 δεδοικότα
1652 596 1753 668 τὴν
1780 598 1845 649 ὲκ
1868 597 1969 667 τῆς

2072 593 2237 649 fuerit
2286 599 2347 647 ut
2391 592 2515 662 quis
2570 590 2844 646 sociorum
2878 588 3098 643 obturet
3155 600 3345 650 aures,
3377 603 3554 660 neque
3586 595 3648 643 ut

391 689 709 759 ἀκροάσεως
739 690 1029 762 τιμωρίαν.
1063 687 1183 742 Τῶν
1214 689 1312 761 μὲν
1339 689 1446 762 γὰρ
1482 690 1621 761 μετά
1651 690 1752 760 τῆς
1783 690 1966 761 φωνῆς

2070 686 2208 755 ipse,
2242 683 2537 739 auditionis
2563 682 2773 737 veritus
2802 695 3041 751 poenam,
3079 677 3135 733 in
3170 679 3388 733 vincula
3414 694 3472 734 se
3516 694 3650 735 con-

391 784 420 835 ό
464 781 739 853 ἀκροατὴς
787 781 880 835 τοῦ
937 783 1034 852 ζῇν
1083 781 1353 837 παύεταιο
1398 783 1509 837 τῶν
1555 779 1612 836 δὲ
1643 783 1737 836 ἐπὶ
1786 783 1969 838 πλεῖον

391 873 630 937 ἀκούων,
682 872 776 926 τοῦ
813 872 1124 944 κρείττονος
1168 873 1464 927 ἀπολαύσει
1504 873 1639 945 βίου,
1676 873 1781 927 ὑπὸ
1822 873 1967 928 θείου

391 965 709 1037 Πνεύματος
761 964 1286 1036 χειραγωγούμενος.
1346 964 1556 1018 Ἦκέτω
1605 966 1785 1019 τοίνυν
1833 966 1970 1037 σύμ-

391 1074 520 1121 πας,
553 1058 649 1110 καὶ
678 1058 922 1111 ἀκουέτω
948 1057 1047 1128 τῆς
1086 1056 1237 1120 θείας
1265 1056 1425 1128 ᾠδῆς,
1461 1056 1628 1129 μηδὲν
1656 1057 1970 1128 πεφοϐημέ-

389 1167 499 1214 νος.
535 1151 648 1204 Οὐκ
673 1151 781 1204 εἰσὶ
805 1152 936 1223 παρ’
966 1152 1102 1222 ἡμῖν
1131 1152 1185 1204 αἱ
1219 1151 1371 1223 παρά
1401 1150 1653 1204 Σικελίαν
1689 1150 1964 1221 Σειρῆνες,

390 1241 511 1295 οὐδὲ
542 1241 611 1295 τά
655 1241 955 1307 Ὀδυσσέως
999 1240 1196 1312 δεσμά,
1237 1242 1297 1295 οὐ
1343 1243 1514 1314 κηρὸς
1559 1242 1859 1314 τηκόμενος
1888 1244 1968 1305 εἰς

390 1331 693 1405 ἀνθρώπων
739 1332 941 1396 ἀκοάς’
987 1331 1122 1386 ἀλλά
1157 1332 1372 1404 δεσμῶν
1422 1333 1519 1405 μὲν
1569 1334 1750 1397 ἄνεσις
1793 1334 1963 1399 πᾶσα,

390 1423 669 1496 ἐλευθερία
715 1425 760 1478 δ’
809 1426 979 1498 ἀκοῆς
1023 1424 1153 1495 παρ’
1195 1425 1410 1495 ἑκάστῳ
1456 1424 1565 1478 τῶν
1610 1425 1963 1497 προσιόντων.

390 1517 656 1589 Τοιαύτης
680 1515 789 1588 γάρ
821 1516 963 1589 ᾠδῆς
994 1516 1213 1571 ἀκούειν
1246 1515 1413 1583 ἄξιον,
1442 1516 1715 1580 τοιούτους
1744 1517 1968 1589 ᾄδοντας

389 1613 553 1683 ἔχειν,
582 1612 801 1667 εὐκτέον
833 1609 972 1666 εἷναί
1013 1630 1101 1685 μοι
1128 1611 1292 1666 δοκεῖ.
1328 1613 1391 1665 Ei
1416 1612 1472 1666 δέ
1501 1630 1584 1676 τις
1616 1613 1710 1667 καὶ
1736 1613 1829 1666 τοῦ
1857 1613 1967 1666 τῶν

386 1701 700 1780 ἀποστόλων
726 1701 888 1774 χοροῦ
915 1701 1135 1756 ἀκούειν
1169 1701 1364 1765 ἐθέλοι,
1394 1701 1617 1773 εὑρήσει
1654 1701 1754 1773 τὴν
1799 1701 1966 1774 αὐτὴν

385 1792 488 1862 τῆς
528 1791 673 1863 ᾠδῆς
708 1792 1046 1864 συμφωνίαν.
1097 1794 1157 1847 Oi
1208 1792 1305 1864 μὲν
1342 1792 1451 1864 γὰρ
1491 1793 1723 1865 προῇδον
1776 1811 1966 1865 μυστι-

2066 774 2283 847 iecerit.
2328 773 2443 830 illic
2501 772 2719 844 quidem
2748 772 2986 835 auditor,
3019 785 3143 824 mox
3198 776 3258 824 ut
3294 770 3525 835 audivit,
3566 772 3649 824 vi-

2068 883 2197 923 vere
2215 868 2449 934 desinit;
2484 866 2577 921 hic
2607 875 2808 930 autem,
2839 864 2931 935 qui
2988 862 3222 917 multum
3260 865 3520 931 audierit,
3556 866 3647 920 di.

2069 960 2197 1015 vino
2220 957 2424 1031 Spiritu
2448 958 2605 1023 duce,
2628 958 2753 1012 vitae
2773 957 3016 1013 melioris
3044 956 3357 1013 felicitatem
3379 960 3643 1030 acquiret.

2069 1049 2272 1107 Omnes
2307 1066 2439 1123 ergo
2467 1050 2628 1107 simul
2659 1051 2944 1116 accedant,
2976 1052 3328 1123 audiantque,
3361 1053 3500 1107 nihil
3555 1069 3648 1109 τος

2068 1142 2181 1207 riti,
2211 1143 2518 1198 cantionem
2567 1143 2828 1199 divinam.
2861 1142 3081 1199 Absunt
3129 1158 3161 1198 a
3203 1144 3364 1200 nobis
3424 1141 3648 1201 Sirenes

2071 1231 2293 1297 Siciliae,
2326 1232 2652 1306 Ulyssisque
2680 1236 2923 1301 vincula,
2951 1249 3017 1290 ac
3059 1248 3186 1291 cera
3214 1236 3470 1293 humanis
3500 1240 3649 1293 auri-

2069 1327 2174 1384 bus
2203 1328 2427 1399 liquata.
2464 1328 2654 1383 Potius
2685 1343 2814 1383 vero
2835 1326 3148 1383 omnimoda
3176 1329 3522 1385 vinculorum
3561 1345 3650 1386 re-

2069 1420 2282 1486 missio,
2312 1436 2556 1492 suusque
2602 1421 2740 1475 liber
2767 1422 2966 1490 cuique
2997 1419 3237 1485 auditus,
3273 1421 3448 1479 adest.
3479 1421 3651 1480 Plane

2069 1513 2215 1569 enim
2258 1521 2499 1569 meretur
2527 1513 2772 1568 auditum
2801 1514 3070 1584 ejusmodi
3101 1516 3307 1582 cantio,
3350 1516 3652 1587 deprecan-

2068 1606 2234 1678 dique
2274 1605 2531 1662 videntur
2559 1608 2754 1663 musici
2808 1608 2967 1664 tales.
3017 1606 3176 1675 Quod
3227 1610 3274 1665 si
3304 1610 3430 1679 quis
3482 1609 3649 1664 etiam

2069 1699 2442 1770 apostolorum
2478 1699 2704 1754 chorum
2744 1700 2877 1755 velit
2923 1699 3152 1766 audire,
3214 1701 3463 1757 eamdem
3514 1717 3652 1756 can-

2068 1790 2238 1846 tionis
2275 1790 2691 1847 consonantiam
2717 1789 2974 1847 oﬂ'endet.
2999 1790 3137 1846 Nam
3177 1793 3255 1847 illi
3292 1793 3513 1864 quidem
3557 1808 3653 1848 oc-

387 1884 500 1949 κῶς
529 1884 625 1957 τὴν
653 1884 805 1941 θείαν
841 1885 1181 1958 οἰκονομίαν·
1214 1888 1263 1940 οἱ
1302 1886 1346 1939 δ’
1391 1885 1606 1959 ᾄδουσιν
1637 1886 1966 1959 ἑρμηνεύον-

2065 1883 2210 1939 culte
2230 1882 2637 1953 praecinuerunt
2659 1882 3127 1955 dispensationem
3154 1883 3432 1953 divinam;
3463 1880 3519 1939 lii
3552 1901 3653 1938 au-

384 1996 476 2044 τες
505 1979 575 2037 τὰ
601 1980 695 2035 ὑπ’
721 1981 943 2035 ἐκείνων
985 1980 1262 2052 μυστικῶς
1289 1979 1699 2052 ἀπηγγελμένα.
1738 1980 1802 2032 Ὢ
1829 1996 1966 2051 συμ-

383 2071 562 2143 φώνου
589 2074 878 2146 ἁρμονίας,
914 2074 1020 2128 ὑπὸ
1048 2074 1194 2128 θείου
1220 2073 1538 2145 Πνεύματος
1565 2072 1962 2146 συγκειμένηςι

386 2166 455 2219 Ὢ
498 2166 665 2220 καλοῦ
711 2166 818 2222 τῶν
858 2167 1097 2239 ᾀδόντων
1136 2166 1205 2221 τὰ
1246 2165 1557 2239 μυστήριαί
1603 2165 1826 2231 Τούτοις
1870 2170 1967 2223 καὶ

385 2256 632 2328 συνᾴδειν
659 2256 909 2329 εὔχομαι.
948 2257 1204 2329 ’ᾼσωμεν
1242 2257 1530 2330 τοιγαροῦν
1556 2257 1651 2312 καὶ
1680 2259 1842 2330 ἡμεῖς
1866 2256 1981 2329 τὴν

380 2346 576 2417 ὁμοίαν
613 2347 775 2420 ᾠδὴν,
817 2348 1031 2402 καὶτὸν
1065 2349 1232 2419 ὕμνον
1262 2349 1674 2421 ἀναπέμψωμεν
1713 2347 1791 2420 τῷ
1826 2347 1966 2421 ἁγίῳ

381 2439 577 2512 Πατρὶ,
600 2438 877 2511 Πνεύματι
902 2439 1216 2508 δοξάζοντες
1243 2438 1473 2513 Ἰησοῦν,
1501 2441 1609 2496 τὸν
1627 2441 1698 2495 ἐν
1715 2443 1966 2507 κόλποις

380 2532 588 2586 αὑτοῦ.
637 2531 729 2604 Μὴ
769 2532 968 2606 φύγῃς,
1021 2532 1297 2606 ἄνθρωπε,
1348 2531 1516 2605 ὕμνον
1570 2534 1961 2606 πνευματικόν,

385 2623 520 2695 μηδὲ
547 2623 804 2694 ἀπεχθῶς
834 2623 968 2694 πρὸς
1000 2623 1098 2695 τὴν
1129 2623 1394 2696 ἀκρόασιν
1419 2622 1693 2694 διατεθῇς.
1724 2623 1964 2677 Θάνατον

379 2715 483 2773 οὐκ
511 2713 624 2786 ἔχει
644 2731 658 2746 ·
696 2697 970 2788 σωτηρίας
998 2715 1117 2768 ἐστὶ
1139 2715 1386 2788 διήγημα
1413 2715 1448 2786 ἠ
1492 2716 1623 2787 παρ’
1664 2716 1797 2786 ἡμῖν
1828 2715 1960 2787 ᾠδή.

392 2805 537 2875 Ἐγὼ
587 2807 685 2877 μὲν
722 2802 815 2861 οὖν
864 2807 967 2879 ἤδη
1014 2808 1109 2861 καὶ
1148 2807 1257 2861 τῶν
1307 2806 1629 2880 κρειττόνων
1671 2806 1964 2864 ἀπολαύειν

379 2895 547 2959 δοκῶ,
572 2898 701 2968 περὶ
730 2897 986 2952 τοιούτων
1013 2897 1392 2970 διαλεγόμενος
1410 2916 1425 2930 ι
1456 2901 1551 2954 καὶ
1587 2899 1841 2972 μάλιστα,
1872 2901 1964 2954 ὅτε

379 2991 411 3042 ό
438 2988 678 3053 τοιοῦτός
714 3007 804 3060 μοι
834 2989 1093 3062 πάρεστιν
1125 2990 1330 3047 ἀνθέων
1357 2990 1581 3063 λειμών·
1617 2992 1893 3046 τουτέστιν
1928 2994 1983 3064 ἡ·

379 3079 627 3151 ἡμετέρα
665 3078 901 3145 σύνοδος,
955 3079 1064 3136 τῶν
1115 3081 1234 3152 ἅμα
1277 3098 1338 3135 τε
1380 3083 1474 3136 καὶ
1517 3082 1824 3136 ἀκουόντων
1866 3081 1964 3135 καὶ

383 3170 717 3242 συνᾳδόντων
746 3171 816 3226 τά
841 3171 958 3225 θεῖα
989 3174 1282 3245 μυστήρια.
1325 3174 1443 3244 Ἐφ’
1471 3166 1547 3228 ὧν
1575 3174 1670 3228 καὶ
1693 3174 1754 3228 τὸ
1781 3173 1961 3243 λέγειν
1989 3210 2035 3277 C

380 3262 587 3336 θαρρῶ,
646 3265 728 3318 ὅτι
763 3282 854 3336 μοι
902 3266 1102 3331 παντὸς
1155 3266 1353 3336 φθόνου
1393 3265 1640 3340 καθαρὰς
1691 3267 1957 3338 παρέχετε

378 3355 479 3420 τὰς
510 3355 701 3422 ἀκοὰς,
735 3358 795 3410 ού
829 3356 921 3411 τὸν
960 3357 1120 3430 ζῆλον
1150 3358 1240 3412 τὸν
1286 3358 1380 3413 τοῦ
1410 3359 1550 3414 Κάῖν
1596 3357 1919 3430 μιμούμενοι
1943 3375 1957 3389 ο

377 3448 478 3518 οὐχ
505 3448 706 3518 ὁμοίως
733 3447 827 3503 τοῦ
868 3448 1041 3503 Ἠσαῦ
1068 3449 1355 3515 διώκοντες
1383 3451 1474 3505 τὸν
1503 3449 1751 3517 ἀδελφὸν,
1778 3452 1839 3504 οὐ
1865 3449 1960 3503 τοῦ

392 3540 589 3611 Ἰωσὴφ
637 3539 987 3604 ἐπαινοῦντες
1050 3540 1333 3612 ἀδελφοὺς,
1384 3544 1466 3596 ὅτι
1510 3543 1597 3612 ἐφ’
1645 3537 1728 3607 οἷς
1778 3541 1962 3611 ἔλεγεν

379 3632 602 3705 ἐμίσουν
635 3632 726 3687 τὸν
754 3631 983 3697 ἀδελφόν
1002 3649 1017 3662 ο
1046 3631 1185 3687 ἀλλά
1213 3633 1418 3689 τούτων
1457 3633 1714 3688 ἁπάντων
1750 3634 1962 3705 μακρὸν

379 3723 710 3793 ἀφεστῶτες,
758 3722 947 3795 διόπερ
999 3722 1229 3788 ἕκαστος
1279 3723 1433 3794 ὑμῶν
1486 3724 1549 3778 τὸ
1589 3723 1684 3777 τοῦ
1737 3722 1962 3796 πλησίον

379 3813 589 3886 νομίζει
632 3814 830 3883 λέγειν.
880 3816 992 3869 Καὶ
1032 3814 1120 3869 διά
1163 3815 1322 3869 τοῦτο
1367 3813 1528 3887 ζῆλος
1575 3816 1811 3889 πονηρὸς
1860 3815 1961 3870 οὐκ

382 3902 529 3958 ἔστιν
559 3908 616 3959 ὲν
652 3906 802 3977 ὑμῖν,
834 3903 904 3957 τὰ
949 3904 1313 3977 λείποντοίτῷ
1355 3905 1570 3978 ἀδελφῷ
1612 3905 1962 3980 ἀναπληροῦν

376 3996 735 4068 δεδεγμένοις.
771 3998 835 4050 Ὢ
878 3998 1245 4071 ἀκροατηρίου
1286 3998 1474 4064 καλοῦ,
1517 3999 1613 4052 καὶ
1660 4000 1961 4072 συμποσίου

378 4086 600 4158 σεμνοῦ,
630 4089 722 4142 καὶ
755 4091 1138 4162 πνευματικῶν
1170 4091 1514 4162 ὲδεσμάτωνῑ
1571 4093 1846 4160 Τοιούτοις
1876 4094 1963 4150 ἀεὶ

377 4182 619 4234 συνεῖναι
641 4180 868 4245 δικαίοις
903 4180 977 4255 (2)
1003 4181 1285 4256 εὐξαίμην.

449 4272 652 4326 ΟΥΑΛ.
682 4272 824 4338 Χθὲς
854 4273 914 4327 τὸ
940 4274 1166 4331 δειλινὸν
1194 4278 1533 4350 περιπατῶν,
1563 4273 1609 4334 ὧ
1631 4279 1776 4350 φίλε,
1806 4279 1960 4353 παρά

374 4365 470 4423 τὸν
494 4367 594 4438 τῆς
633 4367 907 4439 θαλάσσης
935 4370 1198 4441 αἰγιαλὸν,
1230 4373 1324 4427 καὶ
1343 4373 1510 4439 ὀξέως
1543 4393 1659 4440 πως
1697 4376 1960 4443 ἀτενίζων

376 4460 457 4524 είς
483 4459 673 4532 αὐτὴν,
721 4459 928 4533 ἐώρων,
959 4462 1265 4536 ὑπερϐολήν
1296 4482 1427 4529 τινα,
1464 4466 1616 4531 θείας
1651 4467 1956 4539 δυνάμεως,

2070 1978 2200 2044 tem,
2231 1975 2444 2031 occulte
2472 1974 2541 2029 ab
2569 1974 2678 2030 illis
2706 1976 3050 2042 annuntiata,
3081 1976 3328 2033 canendo
3351 1978 3648 2048 explicant.

2069 2064 2115 2121 Ο
2141 2082 2441 2123 consonam
2488 2068 2850 2134 harmoniam,
2881 2078 3240 2139 componente
3279 2070 3466 2127 divino
3524 2068 3652 2140 Spi-

2067 2158 2212 2214 ritu!
2249 2158 2565 2217 Odecorem
2588 2162 2901 2218 canentium
2932 2163 3026 2220 Dei
3067 2166 3442 2220 sacramenta!
3493 2161 3652 2220 Desi-

2068 2250 2227 2306 derat
2257 2252 2474 2308 animus
2504 2268 2611 2307 una
2643 2255 2953 2311 concinere.
2989 2244 3266 2313 Canamus
3288 2271 3418 2327 ergo
3458 2263 3512 2312 et
3544 2256 3651 2326 ipsi

2068 2338 2313 2399 eamdem
2336 2345 2669 2412 cantionem,
2699 2338 3069 2419 bymnumque
3089 2348 3475 2404 submittamus
3500 2347 3672 2403 Patri-

2068 2444 2289 2503 sancto;
2328 2435 2513 2493 Iesum
2545 2439 2634 2509 qui
2666 2438 2721 2491 in
2753 2437 2866 2507 ejus
2897 2439 3017 2492 sinu
3055 2449 3133 2493 est
3164 2440 3204 2505 ί,
3236 2437 3441 2510 Spiritu
3480 2440 3649 2512 glori-

2068 2527 2313 2585 ﬁcantes.
2346 2528 2641 2595 Ne,homo,
2669 2534 2944 2587 canticum
2970 2531 3215 2603 spiritale
3244 2532 3478 2605 fugeris,
3513 2549 3649 2589 neve

2067 2622 2404 2679 auditionem
2451 2622 2622 2681 fueris
2673 2633 2977 2683 aversatus.
3032 2625 3260 2683 Mortem
3314 2644 3425 2683 non
3462 2629 3645 2684 habet.

2069 2709 2274 2776 Salutis
2312 2715 2578 2780 narratio,
2628 2725 2817 2772 nostra
2855 2716 3037 2771 cantio
3070 2724 3175 2773 est.
3231 2716 3376 2775 Sane
3426 2719 3645 2789 quidem

2066 2802 2200 2858 mihi
2222 2804 2340 2875 ipse
2360 2806 2473 2877 jam
2498 2808 2689 2863 videor
2707 2807 3027 2864 melioribus
3061 2806 3190 2874 frui,
3222 2810 3316 2880 qui
3341 2810 3408 2865 de
3445 2810 3650 2866 talibus

2065 2893 2333 2951 disseram
2378 2913 2394 2952 :
2448 2895 2612 2968 idque
2659 2898 2714 2953 in
2754 2898 2969 2968 primis,
3025 2914 3149 2954 cum
3203 2900 3311 2955 tale
3336 2900 3646 2972 talibusque

2063 2983 2266 3042 ﬂorens
2296 2995 2509 3058 pratum
2540 3004 2724 3045 coram
2748 2988 2972 3046 habeam
2999 3009 3013 3045 :
3055 2989 3180 3045 dico
3200 2997 3378 3046 autem
3406 2998 3643 3046 vestram

2066 3079 2410 3148 concionem,
2436 3082 2528 3149 qui
2554 3088 2609 3136 et
2655 3081 2938 3137 auditores
2968 3089 3022 3137 ct
3058 3090 3418 3138 concentores
3459 3098 3648 3139 sacra-

2065 3180 2373 3228 mentorum
2422 3175 2729 3232 coelestium
2784 3155 3104 3233 considetis.
3137 3176 3430 3249 Propterea
3478 3179 3645 3233 etiam

2065 3266 2239 3322 audeo
2279 3267 2482 3335 dicere,
2537 3268 2682 3339 quod
2736 3268 2908 3327 livore
2959 3270 3110 3326 omni
3140 3271 3361 3326 mundis
3418 3271 3644 3326 auribus

2063 3357 2420 3423 auscultetis,
2470 3374 2574 3415 nec
2644 3359 2928 3416 Caininam
2995 3361 3393 3417 amulationem
3466 3363 3645 3417 imite-

2062 3450 2199 3504 mini
2227 3451 2271 3514 ',
2300 3458 2395 3505 aut
2424 3450 2567 3507 sicut
2595 3450 2740 3508 Esau
2771 3453 2794 3485 ³
2823 3452 3045 3509 fratrem
3076 3454 3514 3525 persequamini,
3559 3456 3657 3510 vel

2063 3540 2266 3600 fratres
2289 3541 2491 3614 Joseph
2519 3545 2542 3577 ⁸
2569 3545 2835 3616 probetis,
2888 3544 3046 3600 fratri
3092 3555 3317 3617 propter
3358 3561 3643 3603 sermones

2063 3634 2238 3706 ipsius
2278 3634 2565 3693 infensos:
2593 3637 2689 3694 sed
2721 3636 2789 3693 ab
2816 3636 2903 3694 his
2947 3638 3203 3695 omnibus
3250 3639 3409 3711 longe
3449 3640 3641 3696 remoti

2063 3727 2208 3791 sitis,
2238 3728 2683 3795 existimantibus
2717 3729 2947 3800 singulis
2978 3728 3337 3802 dicere,quod
3360 3732 3644 3802 proximus

2063 3804 2422 3887 dicit.'Quare
2451 3820 2614 3877 etiam
2645 3821 2990 3878 desideratur
3014 3822 3070 3877 in
3100 3823 3256 3879 vobis
3298 3824 3441 3878 mala
3481 3839 3645 3883 aemua.

2061 3910 2213 3976 latio,
2246 3911 2341 3983 qui
2370 3911 2556 3968 fratris
2588 3911 3234 3983 defectusadimplendos
3266 3914 3665 3985 suscepen‘tis.“

2062 4001 2107 4056 Ο
2129 4002 2413 4073 pulchram
2438 4005 2781 4071 concionem,
2802 4004 3205 4077 honestumque
3228 4005 3559 4071 convivium,
3586 4011 3644 4062 et

2062 4094 2377 4165 spirituales
2430 4096 2656 4166 epulas!
2693 4094 2917 4153 Talibus
2961 4111 3061 4168 ego
3088 4110 3305 4167 semper
3352 4098 3639 4165 interesse,

2060 4186 2258 4241 merito
2291 4187 2614 4257 optaverim.

2133 4275 2290 4333 VAL.
2318 4278 2417 4350 (4).
2439 4276 2600 4345 Cum,
2626 4277 2821 4347 amice,
2856 4276 2978 4334 heri
3014 4292 3159 4343 sero,
3186 4276 3255 4333 ad
3291 4278 3461 4335 maris
3485 4278 3659 4336 littus.

2062 4369 2423 4433 ambularem,
2453 4375 2617 4439 atque
2646 4367 2701 4423 in
2733 4368 2913 4438 ipsum
2945 4368 3117 4424 aciem
3149 4367 3432 4424 oculorum
3466 4369 3643 4425 inten-

2061 4458 2269 4519 derem,
2295 4457 2479 4513 statim
2514 4471 2595 4522 se,
2624 4455 2846 4513 virtutis
2869 4456 3067 4512 divinae
3083 4456 3421 4527 praestantia,
3440 4470 3669 4527 arsque.-

376 4552 472 4605 καὶ
510 4552 682 4625 σοφῆς
730 4553 1039 4626 ἐπιστήμης
1071 4553 1301 4628 τέχνην·
1345 4558 1398 4611 ετ
1427 4575 1490 4627 γε
1524 4560 1616 4614 καὶ
1655 4560 1852 4633 τέχνην
1896 4560 1958 4614 τὸ

2065 4552 2329 4624 sapientis
2371 4551 2635 4617 scientiae,
2686 4549 2891 4622 objecit
2931 4549 3106 4605 oculis
3137 4568 3151 4605 :
3187 4549 3236 4606 si
3282 4548 3502 4620 quidem
3548 4563 3657 4603 res.

376 4641 586 4696 τοιοῦτο
614 4643 797 4696 καλεῖν
828 4647 955 4717 χρή.
991 4646 1200 4718 Ὥσπερ
1232 4647 1343 4722 γὰρ
1365 4650 1394 4703 ό
1435 4651 1733 4724 Ὁμηρικὸς
1777 4653 1958 4725 στίχος

376 4734 672 4807 φθέγγεται
696 4736 920 4800 ἐκεῖνος·

2062 4644 2334 4716 ejusmodi
2369 4660 2460 4700 ars
2484 4643 2728 4702 vocanda
2754 4644 2844 4700 sit.
2879 4641 2952 4698 Ut
2979 4643 3125 4703 enim
3151 4642 3315 4705 habet
3332 4657 3526 4700 versus
3549 4641 3638 4696 ille

2062 4737 2384 4797 Homericus
2413 4757 2427 4793 :
3414 4738 3421 4745 ’

386 4845 487 4937 1.3g:
504 4845 571 4937 [δ’
596 4844 1038 4937 ἁγεμοέιίξήδύο
1062 4853 1294 4937 πόντος
1313 4854 1584 4937 ὀρίνετον
1601 4857 1946 4937 έχθυόεντα,

2065 4854 2206 4937 §icut
2243 4863 2419 4937 autern:
2452 4853 2589 4937 uenti
2617 4851 2723 4908 duo
2756 4859 2977 4937 ponium
3003 4858 3321 4934 commovent
3346 4851 3634 4921 piscesum,

375 4917 599 5008 βορέης
630 4918 728 5008 καὶ
758 4917 1044 4986 Ζέφυρος,
1078 4920 1221 4975 τώτε
1253 4917 1556 5046 ῒῆκηθετ
1586 4917 1774 4993 ᾶῆτον

402 4989 637 5041 Ελθόντ
680 4986 1010 5046 ἐξαπίνησ-
1031 4990 1243 5046 ἄμυδις
1319 4993 1351 5046 έ
1376 5011 1442 5046 τε
1472 5012 1632 5046 amna
1672 5001 1774 5046 κελ

402 4987 652 5041 Ελθόντ⁹
680 4986 1010 5057 ἐξαπίνης’-
1031 4990 1243 5057 ἄμυδις

374 5059 715 5125 Κορθύεται·
751 5059 990 5114 πολλὸν
1016 5059 1085 5115 δὲ
1111 5061 1303 5131 παρὲξ
1331 5064 1453 5124 ἅλα
1476 5059 1670 5135 φῦκος
1694 5068 1917 5137 ἔχευαν
1935 5087 1959 5105 ιχ

374 5235 517 5292 οὕτω
544 5256 637 5311 μοι
678 5242 773 5299 καὶ
818 5240 947 5312 χθὲς
986 5242 1265 5313 γεγονέναι
1299 5243 1465 5302 δοκεῖ.
1516 5247 1798 5318 Κορυφαίς
1840 5248 1972 5322 γὰρ».

1319 4993 1365 5065 ἐκ
1376 5011 1442 5053 τε
1472 4994 1632 5065 κῦμα
1672 4998 1977 5054 κελαινὸν

2055 4925 2256 4980 Boreas
2279 4933 2329 4977 et
2352 4921 2642 4993 Zephyrus,
2676 4920 2767 4994 qui
2793 4939 2822 4977 e
2855 4920 3084 4977 Thracia
3116 4922 3324 4994 spirant

2058 4994 2284 5050 ﬂuentes
2310 5003 2559 5063 repente:
2583 4994 2745 5049 simul
2773 5001 2950 5048 autem
2976 5001 3027 5048 et
3048 4994 3194 5047 unda
3215 4994 3371 5062 nigra

2061 5058 2381 5125 Attollitur.‘
2417 5064 2639 5119 multum
2681 5074 2857 5120 autem
2899 5072 3053 5118 extra
3093 5078 3240 5117 mare
3273 5058 3457 5202 lflgan:
3498 5058 3637 5129 fun-

3359 5148 3429 5185 un
3470 5145 3491 5195 ;

3359 5145 3491 5195 unt;

2058 5238 2136 5307 ita
2189 5255 2243 5304 et
2292 5248 2409 5307 beri
2468 5247 2621 5309 mihi
2658 5245 2775 5304 ﬁeri
2831 5245 3135 5301 videbatur.
3185 5242 3448 5299 Videbam
3488 5242 3636 5298 enim

451 5399 471 5432 ⁸
498 5397 662 5457 Joan.
690 5415 731 5467 1-,
766 5401 852 5458 18.
928 5403 950 5436 ⁸
984 5400 1114 5458 Gen.
1143 5419 1221 5469 tv,
1251 5402 1307 5460 5.
1386 5404 1409 5436 ⁸
1436 5402 1565 5459 Gen.
1599 5419 1773 5471 xxvu,
1804 5404 1893 5458 41.

2068 5420 2152 5460 en.
2182 5420 2393 5470 xxxvii,
2415 5404 2469 5459 4.

444 5551 520 5697 22)
555 5556 830 5622 Δικαίοις.
858 5556 1021 5613 Forte
1045 5560 1290 5625 δικαίως.

470 5627 523 5697 ’5)
562 5627 660 5697 pc
684 5625 736 5678 δ’
765 5626 863 5683 ἄν.
894 5627 1045 5684 Iliad.
1074 5646 1150 5695 ix,
1185 5630 1240 5685 4.

470 5625 523 5697 ’5)
562 5627 660 5697 pc
684 5625 736 5678 δ’
765 5626 863 5683 ἄν.
894 5627 1045 5684 Iliad.
1074 5646 1150 5695 ix,
1185 5630 1240 5685 4.

444 5695 521 5768 (4)
550 5695 692 5771 _V_u..
733 5697 1422 5771 Assttmptamipersonam
1456 5699 1821 5758 Valentiniani
1850 5721 1947 5763 seu

2057 5569 2113 5617 et
2141 5561 2444 5627 materiam,
2472 5577 2541 5618 ex
2568 5561 2726 5632 cujus
2753 5560 3104 5632 concretione
3130 5559 3273 5615 mala
3299 5560 3355 5616 in
3384 5559 3635 5632 homines

2057 5633 2429 5705 provenirent.
2479 5631 2604 5705 Agit
2637 5631 2921 5705 ’multis_in
2955 5631 3098 5705 hunc
3125 5646 3369 5705 errorem
3398 5631 3635 5705 lrenaeus

2056 5700 2150 5757 Iib.
2198 5718 2239 5758 ιι
2269 5700 2551 5757 Adversus"
2573 5703 2760 5758 nares.
2780 5716 2800 5765 ;
2839 5700 3211 5771 Tertullianus
3255 5703 3351 5759 lib.
3386 5703 3475 5759 De.
3490 5716 3631 5771 pra:-

372 5764 620 5850 Gnostici
658 5767 889 5850 inducit,
906 5764 1002 5837 qui
1017 5764 1206 5850 eadem
1228 5772 1790 5850 atqueManicltaeide
1811 5775 1947 5850 lnali
2054 5774 2304 5842 script.et
2320 5772 2519 5850 Contra
2531 5773 2889 5850 ΔΜανιξὶωιεηι.
2912 5770 3253 5829 Solidissime
3271 5775 3435 5829 etiam
3456 5764 3632 5842 Chr)-

377 5842 645 5909 principio
669 5846 930 5908 sentiret;
956 5842 1206 5909 ponendo
1235 5842 1539 5912 ingenitum
1570 5843 1717 5898 aliud
1747 5860 1778 5899 a
1811 5845 1942 5915 Deo,
2052 5853 2328 5901 sostomus
2352 5845 2499 5900 hom.
2526 5845 2561 5899 2
2584 5846 2638 5899 in
2667 5844 2785 5897 Act.
