4150 6408
500 314 599 369 2.ίό

1503 324 1560 379 S.
1605 326 1937 386 METIIODII
1969 330 2278 389 EPlSCOPI
2312 332 2398 386 ΕΤ
2435 331 2794 401 MARTYRIS

3648 336 3754 394 2H

496 430 691 486 [luctus
743 434 1017 489 montanis
1069 437 1382 504 superciliis
1436 442 1746 509 proximos,
1803 453 1968 515 atque
2016 456 2061 501 ut

2176 448 2349 520 ὀρέων
2379 449 2757 521 παραπλήσιον
2794 447 2978 520 ἐώρων
3016 447 3255 519 κύματα,
3304 450 3396 502 καὶ
3448 449 3558 522 (ὡς
3595 450 3751 522 λόγον

494 539 607 576 rem
631 524 831 592 dicam,
861 527 927 581 ad
954 527 1132 597 ipsum
1158 532 1527 603 perlingentes
1548 538 1746 593 caelum
1776 557 1788 593 :
1823 556 1921 595 nec
1946 542 2080 597 mihi

495 614 622 669 inde
651 616 800 671 aliud
832 622 1261 690 exspectandum
1290 629 1635 696 occurrebat,
1660 646 1823 701 quam
1857 642 1916 687 ut
1963 636 2084 689 uni-

493 721 704 762 versam
733 715 935 765 terram
973 714 1405 785 submergerent,
1453 721 1809 792 veniebatque
1847 723 1902 776 in
1932 739 2080 780 men-

489 807 600 855 tem
637 801 777 872 fugae
824 804 978 860 locus
1000 848 1015 872 ,
1068 817 1122 862 et
1168 822 1352 863 arcam
1383 809 1496 866 Noe
1526 813 1709 869 animo
1734 816 2073 886 et'ﬁngebam.

490 893 759 949 Caeterum
779 911 941 953 secus
965 905 1081 953 erat
1113 914 1179 953 ac
1200 902 1484 970 opinabar.
1525 903 1643 959 Mox
1677 908 1875 977 quippe
1899 924 2072 969 mare.

489 996 549 1039 ut
582 987 937 1054 intumuerat,
966 991 1022 1046 in
1044 1007 1103 1047 se
1125 992 1302 1062 ipsum
1334 997 1729 1065 resolvebatur,
1756 1016 1865 1055 non
1892 1008 2074 1058 trans-

475 1078 743 1161 ‘grediens
796 1080 974 1136 locum
1017 1099 1201 1149 suum,
1228 1087 1544 1153 rever-itum,
1575 1096 1634 1143 ut
1677 1092 1842 1146 verho
1869 1092 2069 1156 dicam,

488 1169 734 1226 divinum
781 1176 1099 1230 mandatum
1157 1178 1199 1232 '.
1254 1178 1333 1236 Ac
1392 1183 1872 1252 quemadmodum,
1924 1184 2067 1240 haud

476 1254 638 1353 liraro,
672 1282 865 1324 servus
895 1269 1093 1340 aliquis
1120 1281 1349 1343 cogente
1380 1275 1601 1331 domino
1646 1278 1876 1333 invitum
1908 1278 2068 1349 quid-

476 1361 612 1433 ;«lam
646 1358 823 1415 facere
847 1404 862 1428 ,
910 1364 1170 1420 mandato
1212 1367 1431 1436 quidem
1465 1370 1662 1426 timore
1698 1371 2020 1442 obsequitur
2052 1393 2064 1428 :

487 1464 590 1504 nec
615 1451 908 1522 quidquam
935 1461 1138 1520 tamen,
1158 1459 1303 1528 quod
1326 1460 1648 1517 reluctantia
1668 1464 1838 1518 sentit
1859 1464 2064 1529 animo,

474 1542 651 1631 laudet
691 1543 873 1599 dicere
905 1562 920 1600 :
956 1546 1051 1602 sed
1109 1549 1302 1619 plenus
1354 1551 1436 1607 ira
1468 1552 1725 1622 quadam,
1758 1570 1941 1610 secum
1970 1554 2067 1609 im-

476 1634 794 1690 ‘murmurat
826 1639 946 1694 :sic
978 1648 1126 1697 certe
1163 1650 1216 1697 et
1240 1644 1371 1698 mihi
1396 1644 1620 1701 videbar
1657 1647 1860 1714 videre,
1916 1648 2065 1703 velut

484 1726 682 1779 iratum
706 1743 875 1794 mare,
909 1746 1205 1804 secumque
1228 1735 1405 1806 ipsum
1433 1736 1695 1794 claudens
1731 1740 1868 1792 iram
1902 1754 1966 1793 ac
2004 1755 2064 1795 se

2186 537 2418 609 είπεῖν,)
2449 538 2612 593 αὐτοῦ
2645 538 3005 609 ἐφικνούμενα
3034 539 3127 592 τοῦ
3168 540 3396 612 ούρανοῦ
3424 558 3438 571 ·
3481 540 3542 595 τὸ
3577 541 3623 596 δ’
3662 544 3752 595 ἐν·

2182 627 2372 681 τεῦθεν
2400 628 2552 681 οὐδὲν
2592 628 2778 698 ἓτερον
2821 626 3161 700 προσεδόκων
3190 628 3224 697 ἢ
3265 627 3481 681 ἃπασαν
3523 627 3749 682 ἐπικλυ-

2183 719 2438 790 θήσεσθαι
2476 719 2573 791 τὴν
2604 718 2728 788 γῆν
2756 717 2847 771 καί
2885 735 2973 789 μοι
3010 718 3188 788 φυγῆς
3225 721 3284 771 ἐν
3322 717 3398 789 τῷ
3438 717 3519 771 νοῒ
3561 719 3746 783 τόπον,

2180 814 2274 866 καὶ
2305 812 2404 883 τὴν
2437 811 2529 866 τοῦ
2578 811 2703 866 Νῶε
2732 812 3060 866 ἀνέπλαττον
3089 811 3340 867 κιϐωτόν.
3375 812 3447 865 Τὸ
3479 812 3522 865 δ’
3548 813 3647 867 οὐκ
3678 809 3747 884 ἦν

2177 905 2207 958 ὃ
2239 904 2502 977 ἐνόμιζον.
2563 904 2722 958 Ἀλλά
2754 905 2863 977 γάρ
2894 904 3009 976 ἅμα
3035 901 3382 975 κυρτωθῆναι
3420 904 3520 974 τὴν
3549 903 3746 986 θάλασς-

2180 1015 2298 1063 σαν,
2345 998 2506 1052 πάλιν
2550 997 2805 1054 ἀνελύετο
2836 1000 2916 1061 εἰς
2946 998 3166 1066 ἑαυτὴν,
3200 997 3298 1068 οὐχ
3346 997 3748 1067 ὑπερϐαίνουσα

2173 1092 2265 1145 τὸν
2294 1093 2492 1147 οἰκεῖον
2531 1093 2716 1159 τόπον,
2753 1091 2849 1164 (ὠς
2898 1091 3026 1155 ἔπος
3067 1090 3285 1162 είπεῖν,)
3312 1090 3452 1144 θεῖόν
3485 1108 3539 1144 τι
3580 1093 3746 1163 πρόσ-

2172 1203 2361 1258 ταγμα
2412 1187 2787 1259 πεφοϐημένη.
2842 1187 2953 1241 Καὶ
3012 1186 3262 1260 καθάπερ
3315 1188 3572 1253 πολλάκις
3636 1188 3747 1244 τῶν

2170 1280 2396 1333 οἰκετῶν
2431 1298 2536 1346 τις,
2596 1279 2728 1333 ἀκον
2768 1298 2817 1333 τι
2869 1280 3005 1353 πρὸς
3040 1279 3134 1335 τοῦ
3179 1281 3437 1335 δεσπότου
3485 1283 3747 1354 πράττειν

2170 1373 2631 1446 ἀναγκαζόμενος,
2664 1372 2740 1444 τῷ
2777 1375 2871 1445 μὲν
2916 1373 3295 1445 προστάγματι
3325 1374 3413 1428 διὰ
3458 1374 3547 1427 τὸν
3581 1374 3746 1444 φόϐον

2169 1464 2447 1519 πείθεταυ
2489 1466 2519 1519 ὃ
2546 1466 2602 1519 δὲ
2648 1466 2869 1535 πάσχει,
2916 1464 3173 1536 πράττειν
3217 1465 3292 1536 μὴ
3343 1464 3530 1529 θέλων,
3566 1464 3745 1535 λέγειν

2166 1569 2220 1606 τι
2267 1554 2328 1607 ού
2364 1554 2572 1627 τολμᾷ*
2611 1552 2920 1627 τονθορύζει
2959 1553 3016 1606 δὲ
3055 1556 3112 1607 ἐν
3145 1554 3340 1625 ἐαυτῷ,
3387 1555 3559 1626 θυμοῦ
3601 1573 3745 1620 τινος

2166 1647 2576 1719 πληρούμενοςο
2613 1646 2754 1701 οὕτω
2803 1646 2893 1718 μοί
2932 1664 3048 1711 πως
3096 1646 3345 1718 ἐφαίνετο
3391 1648 3486 1701 καὶ
3519 1647 3616 1718 τὴν
3647 1647 3745 1701 θά-

2165 1738 2391 1806 λασσαν,
2429 1739 2671 1811 ὡσπερεὶ
2692 1738 3058 1811 θυμουμένην,
3085 1740 3178 1792 καὶ
3203 1740 3260 1794 ἐν
3282 1741 3444 1811 ἑαυτῇ
3478 1741 3743 1813 φράττου-

483 1820 794 1886 continens,
816 1823 1049 1880 veritum
1072 1823 1301 1882 Domino
1331 1829 1581 1899 prodere.
1615 1829 1741 1885 Haec
1762 1832 1835 1885 ita
1860 1830 2060 1886 haben-

2164 1849 2259 1886 σαν
2300 1832 2399 1904 τὴν
2427 1833 2617 1904 ὀργὴν,
2654 1831 2956 1904 κρατοῦσάν
2982 1848 3040 1884 τε
3065 1821 3370 1902 εαυτῆς,ού
3414 1832 3743 1904 βουλομένην

481 1908 579 1974 tia,
612 1912 832 1975 tacitus,
868 1914 1094 1972 intentis
1117 1919 1317 1986 oculis,
1350 1922 1599 1991 aspicere
1632 1937 1943 1992 coeperam;
1971 1937 2062 1977 vo-

480 2001 766 2075 lebamque
788 2007 986 2061 cmlum
1009 2009 1192 2065 animo
1216 2012 1418 2076 metiri,
1443 2022 1497 2068 et
1512 2013 1698 2069 orbem
1725 2013 1846 2083 ejus
1875 2032 1887 2068 :
1919 2029 2062 2085 quae-

478 2094 666 2150 rebam
719 2112 821 2168 ego
875 2100 1017 2156 unde
1045 2102 1311 2174 inciperet
1345 2121 1521 2174 quove
1565 2105 1840 2162 desineret
1869 2125 1881 2161 :
1910 2107 2059 2177 quali

479 2188 607 2244 item
650 2190 888 2246 cieretur
937 2203 1087 2251 motu
1127 2214 1140 2251 :
1200 2212 1327 2253 num
1360 2197 1669 2261 transitive,
1704 2198 1808 2254 hoc
1842 2206 1948 2265 est,
1990 2199 2059 2254 ab

478 2296 591 2336 uno
640 2282 693 2336 in
727 2284 893 2338 alium
928 2286 1144 2353 locum,
1186 2291 1273 2346 vel
1327 2290 1383 2344 in
1425 2291 1613 2346 orbem
1651 2290 1927 2347 ferretur:
1964 2292 2059 2349 sed

475 2378 533 2426 et
559 2373 834 2440 quomodo
856 2377 1040 2430 statim
1072 2378 1419 2434 eonsisteret.
1455 2379 1618 2449 Atqui
1650 2379 1814 2434 etiam
1843 2379 1911 2433 de
1945 2379 2060 2444 sole

476 2466 827 2539 quaerendum
865 2469 1168 2536 videbatur,
1231 2486 1342 2542 quo
1393 2470 1441 2526 is
1474 2470 1636 2527 modo
1664 2469 1952 2541 positionis
2002 2470 2060 2524 in

478 2561 620 2617 coelo
651 2562 847 2615 habeat
881 2583 893 2617 :
928 2564 1052 2634 quis
1081 2580 1211 2620 vero
1240 2564 1507 2621 terminus
1536 2564 1607 2624 sit
1631 2579 1827 2620 cursus
1859 2563 2008 2617 illius
2040 2579 2055 2617 :

477 2672 589 2725 quo
626 2656 752 2709 item
777 2655 927 2713 brevi
973 2664 1120 2713 esset
1175 2672 1580 2724 concessurus;
1637 2671 1701 2711 ac
1729 2670 1906 2726 neque
1941 2654 2059 2726 ipse

475 2747 913 2817 transgrediatur
944 2764 1166 2806 cursum
1201 2750 1517 2821 proprium:
1550 2749 1645 2804 sed
1675 2756 1729 2803 et
1758 2744 2069 2817 ipse,quod'

476 2854 666 2893 verum
718 2839 881 2895 liceat
933 2841 1103 2913 loqui,
1165 2840 1406 2897 melioris
1462 2847 1792 2911 praeceptum
1837 2836 2058 2908 aliquod

464 2922 796 2998 custodiat;
857 2942 1097 3004 tuncque
1148 2933 1309 2990 nobis
1361 2935 1694 3007 conspicuus
1759 2935 2056 3002 appareat.

476 3040 600 3078 cum
624 3033 707 3081 est
735 3041 1057 3083 concessum
1080 3044 1095 3093 ;
1131 3043 1351 3083 rursum
1383 3042 1533 3095 vero,
1558 3041 1657 3082 ceu
1676 3032 1903 3081 vocatus
1933 3022 2056 3080 abC'

464 3113 655 3185 cedat.
703 3113 923 3171 Interim
971 3131 1103 3189 ergo
1155 3118 1300 3173 dum'
1343 3118 1458 3173 haec
1516 3118 1765 3187 exquiro,
1806 3112 2055 3170 videbam

477 3206 611 3263 solis
629 3206 792 3277 jubar
816 3186 1086 3275 occidere,
1118 3211 1334 3281 dieique
1362 3211 1546 3266 lumen
1572 3186 1833 3273 deﬁcere;
1858 3221 1921 3261 ac
1949 3213 2061 3261 sta-
2087 3186 2130 3242 (ἶ

473 3298 573 3353 tim
602 3300 797 3357 adesse
829 3301 1104 3369 tenebras,
1148 3302 1442 3374 lunamque
1480 3304 1582 3360 soli
1612 3302 1905 3359 succedere
1943 3321 1956 3357 :
1993 3315 2057 3355 ac

474 3391 712 3461 primum
743 3393 964 3464 quidem
995 3396 1261 3449 minutam
1303 3397 1479 3465 oriri;
1509 3394 1855 3467 postmodum
1903 3410 2054 3459 vero,

478 3495 644 3538 cursu
699 3497 1127 3554 promoventem,
1160 3485 1354 3557 majori
1402 3487 1584 3558 specie
1641 3501 1928 3559 apparere.
1979 3485 2057 3539 Ac

474 3591 654 3646 neque
695 3576 763 3632 de
787 3577 876 3632 illa
907 3593 1151 3648 quarere
1174 3581 1479 3645 cessabant,
1504 3596 1838 3651 causamque
1877 3580 2057 3633 minu-

474 3668 643 3723 tionis
672 3675 727 3724 et
748 3670 1077 3727 accretionis
1105 3673 1427 3740 scrutabar;
1457 3673 1605 3743 quod
1638 3674 1755 3743 ipsa
1779 3672 2056 3728 nihilomi-

476 3776 584 3816 nus
608 3759 872 3815 circulum
895 3762 1104 3819 dierum
1132 3771 1312 3819 teneat
1332 3785 1345 3821 :
1363 3766 1597 3836 indeque
1622 3766 1754 3821 mihi
1781 3766 2055 3836 quandam

476 3852 715 3908 divinam
744 3852 1138 3923 providentiam
1169 3872 1233 3911 ac
1260 3857 1365 3911 vim
1387 3858 1673 3914 meliorum
1709 3858 1892 3914 omnia
1925 3873 2056 3913 con-

477 3943 765 4012 tinentem,
788 3962 949 4017 quam
985 3955 1037 4002 et
1072 3948 1237 4003 Deum
1255 3948 1381 4019 jure
1408 3949 1665 4016 dicimus,
1691 3950 1947 4019 colligere
1970 3950 2054 4003 vi-

476 4039 667 4096 debar.
695 4036 962 4095 Caeterum
1013 4056 1145 4096 vero
1189 4041 1330 4112 ccepi
1361 4041 1584 4097 laudare
1608 4039 1866 4112 Opiﬁcem
1893 4078 1909 4102 ,
1961 4039 2054 4109 qui

474 4138 678 4187 terram
712 4132 894 4200 ﬁxam,
921 4133 1345 4205 animaliumque
1390 4133 1727 4189 differentias
1769 4148 1833 4188 ac
1874 4134 2055 4189 varios

476 4223 784 4295 plantarum
817 4224 978 4283 ﬂores
1039 4227 1362 4297 aspicerem.
1420 4225 1741 4289 Enimvero,
1774 4225 2056 4297 haudqua-

472 4329 636 4386 quam
687 4316 905 4374 animus
956 4318 1011 4373 in
1066 4318 1217 4375 hisce
1252 4326 1306 4374 et
1341 4319 1475 4376 solis
1517 4320 1764 4375 constitit
1801 4339 1813 4374 :
1853 4318 1944 4373 sed
1987 4317 2055 4373 de

472 4420 692 4478 caetero,
710 4426 957 4482 quaerere
979 4412 1121 4483 coepi
1150 4413 1295 4468 unde
1323 4412 1439 4468 haec
1468 4414 1769 4468 constituta
1815 4418 2002 4467 essent
2038 4430 2051 4465 :

473 4518 605 4558 num
634 4520 701 4559 ex
738 4504 922 4575 aliquo
952 4505 1099 4574 quod
1121 4520 1335 4576 semper
1363 4506 1662 4561 coexsistat
1692 4504 1822 4573 Deo,
1857 4506 1939 4560 vel
1987 4520 2055 4560 ex

474 4597 597 4666 ipso
623 4597 849 4667 soloque
874 4595 1003 4663 Deo,
1036 4598 1182 4653 nulla
1206 4598 1256 4654 ei
1296 4615 1355 4654 re
1385 4598 2055 4663 coexsistente,consiste-

475 4697 617 4745 rent.
655 4690 787 4744 Nam
812 4691 948 4744 nihil
985 4707 1049 4746 ex
1088 4692 1259 4748 nihilo
1294 4692 1523 4761 fecisse,
1556 4693 1763 4748 ratione
1790 4709 1898 4748 non
1935 4708 2054 4748 om-

473 4784 605 4837 nino
652 4783 997 4854 improbabili
1046 4795 1365 4857 suppetente
1405 4786 1864 4842 considerandum
1896 4786 2047 4843 duxi.

473 4874 688 4931 llahent
709 4877 854 4932 enim
877 4893 997 4947 quae
1029 4878 1183 4946 ﬁunt,
1202 4895 1269 4936 ex
1299 4881 1480 4951 aliquo
1511 4881 1627 4936 ﬁeri
1675 4896 1739 4934 ac
1766 4879 2047 4935 constitui.

475 4967 742 5026 Similiter
796 4971 961 5026 etiam
1042 4988 1167 5028 vere
1219 4975 1511 5030 dicendum
1565 4974 1871 5040 videbatur,
1913 4974 2050 5029 nihil

473 5058 586 5115 Deo
613 5072 807 5132 praeter
837 5063 1018 5133 ipsum
1067 5066 1430 5134 coexsistcre;
1483 5082 1714 5137 esseque
1766 5083 1874 5130 res,
1933 5066 2053 5137 ipso

472 5160 693 5208 creante
725 5171 738 5208 :
772 5153 1042 5223 siquidem
1079 5155 1134 5211 id
1163 5164 1409 5213 suaserat
1442 5159 1780 5228 compositus
1807 5157 2052 5213 elemen-

472 5253 653 5298 torum
706 5246 876 5312 ordo,
929 5238 1244 5319 naturaeque
1301 5248 1356 5303 in
1405 5249 1485 5305 eis
1539 5250 1904 5304 concinnitas.
1963 5246 2055 5301 Sic

472 5352 634 5401 vero,
670 5339 807 5395 bene
859 5340 1121 5397 statuisse
1171 5342 1464 5407 arbitrans,
1492 5340 1738 5399 domum
1788 5340 2050 5397 redibam.

473 5424 763 5491 Caeterum,
796 5444 920 5483 cum
944 5431 1217 5501 sequenti,
1249 5447 1444 5503 nempe
1481 5431 1746 5487 hodierna
1773 5431 1883 5496 die,
1906 5432 2056 5487 exis-

476 5532 612 5584 sem,
640 5519 779 5575 duos
807 5521 1100 5589 quosdam,
1133 5522 1323 5579 eodem
1358 5539 1593 5595 genere,
1644 5524 1915 5593 homines,
1969 5524 2053 5580 in-

551 5721 600 5801 .“
643 5719 739 5775 Job
772 5738 998 5788 xxxviii,
1031 5723 1114 5779 il.

2160 1924 2240 1997 τῷ
2258 1925 2493 1999 δεσπότῃ
2516 1926 2746 1996 φανερὸν
2779 1924 2999 1996 ποιῆσαι
3028 1924 3118 1979 τὸν
3155 1924 3345 1996 θυμόν.
3379 1926 3565 1979 Ταῦτα
3599 1926 3742 1980 οὕτω

2160 2019 2419 2090 γινόμενα
2451 2019 2668 2073 σιωπῶν
2687 2020 2951 2084 ἀτενίζειν
2975 2018 3245 2091 ἠρχόμην,
3278 2018 3374 2071 καὶ
3397 2017 3486 2070 τὸν
3509 2016 3740 2088 οὐρανὸν

2161 2112 2256 2166 καὶ
2284 2112 2372 2165 τὸν
2404 2111 2601 2166 κύκλον
2629 2111 2814 2176 αὐτοῦ,
2851 2110 2928 2182 τῷ
2972 2110 3051 2165 νοῒ
3104 2112 3466 2181 καταμετρεῖν
3514 2108 3702 2180 ἤθελον
3722 2128 3737 2140 ο

2160 2202 2324 2257 πόθεν
2341 2220 2397 2256 τε
2414 2202 2662 2276 ἄρχεται,
2693 2203 2786 2256 καὶ
2815 2201 2918 2255 ποῦ
2940 2200 3264 2267 καταπαύει,
3290 2201 3583 2271 ἀνεζήτουν
3603 2198 3735 2268 ἐγάν

2161 2296 2319 2350 ποίαν
2339 2313 2397 2349 τε
2421 2298 2633 2368 κίνησιν
2662 2296 2773 2367 ἔχει
2792 2314 2805 2327 ·
2827 2295 3051 2367 πότερον
3065 2293 3163 2365 τὴν
3182 2293 3572 2366 μεταϐατικὴν,
3589 2312 3746 2349 τουτ-

2155 2390 2273 2442 έστι
2338 2388 2434 2460 τὴν
2461 2389 2568 2442 ἀπὸ
2596 2389 2759 2441 τόπου
2795 2391 2874 2451 εἰς
2912 2387 3096 2449 τόπον,
3135 2384 3287 2453 ἦτὴν
3327 2382 3511 2452 κύκλῳ
3539 2392 3736 2450 φορεῖν·

2161 2483 2281 2547 πῶς
2304 2481 2361 2535 δέ
2394 2482 2489 2535 καὶ
2512 2482 2610 2553 τὴν
2642 2481 2897 2551 ἐπίμονον
2924 2479 3078 2549 βάσιν
3119 2476 3251 2547 ἔχει.
3295 2476 3455 2529 Ἀλλὰ
3493 2476 3598 2547 μὴν
3642 2474 3741 2529 καὶ

2161 2575 2289 2646 περὶ
2305 2573 2396 2628 τοῦ
2413 2573 2565 2646 ἡλίου
2584 2575 2764 2642 ζητεῖν
2792 2571 2985 2636 ἐδόκει,
3009 2568 3090 2632 τίς
3107 2584 3167 2619 τε
3186 2569 3213 2620 ό
3232 2567 3428 2640 τρόπος
3451 2566 3614 2621 αὐτοῦ
3637 2565 3739 2637 τῆς

2160 2671 2219 2723 ἐν
2243 2667 2456 2741 οὐρανῷ
2486 2666 2687 2729 θέσεως
2706 2683 2718 2695 ·
2747 2663 2831 2728 τίς
2859 2663 2915 2717 δὲ
2939 2666 3031 2718 καὶ
3054 2666 3087 2736 ἡ
3122 2662 3366 2735 περίοδος
3387 2660 3485 2714 τοῦ
3508 2660 3733 2731 δρόμου·

2162 2760 2266 2815 ποῦ
2309 2759 2366 2812 δέ
2409 2760 2503 2815 κα.)⁸
2552 2759 2669 2829 μετ’
2709 2757 2885 2824 ὀλίγον
2932 2759 3119 2827 χωρεῖ,
3148 2755 3242 2809 καὶ
3278 2756 3357 2808 ὅτι
3412 2753 3546 2825 μηδὲ
3585 2746 3741 2814 οὗτος,

2161 2852 2493 2923 παρέρχεται
2523 2850 2612 2905 τὸν
2641 2850 2837 2907 οἰκεῖον
2881 2847 3078 2918 δρόμον
3141 2845 3274 2900 ἀλλά
3306 2846 3397 2899 καὶ
3428 2844 3609 2909 αὐτὸς,
3660 2843 3737 2907 ὡς

2161 2942 2369 2997 ἔνεστιν
2396 2943 2591 3005 εἰπεῖν,
2616 2939 2835 3011 ἐντολήν
2864 2956 2985 2992 τινα
3010 2938 3263 3007 φυλάττει
3288 2939 3612 3010 κρείττονος·
3641 2934 3740 2989 καὶ

2162 3034 2342 3105 φαίνει
2378 3034 2477 3104 μὲν
2503 3032 2625 3086 τότε
2652 3031 2781 3104 παρ’
2809 3033 2961 3104 ἡμῖν,
2993 3031 3080 3083 ὅτε
3115 3030 3322 3096 ἔξεστιν
3358 3027 3536 3096 αὐτῷ’
3573 3026 3740 3096 ἀπέρ-

2162 3144 2316 3199 χεται
2356 3125 2434 3189 δὲ,
2480 3123 2555 3188 ὡς
2594 3122 2951 3194 καλούμενος.
2998 3124 3105 3176 Καὶ⁵
3151 3122 3353 3176 τούτων
3397 3119 3579 3173 τοῖνυν
3637 3118 3741 3188 τὴν

2166 3220 2411 3288 ἐξέτασιν
2451 3215 2792 3287 ποιούμενος,
2845 3212 3029 3284 ἐώρων
3078 3213 3382 3283 παυόμενον
3419 3210 3516 3281 μὲν
3552 3208 3612 3261 τὸ
3643 3205 3738 3261 τοῦ

2164 3313 2316 3385 ἡλίου
2343 3310 2565 3381 φέγγος,
2598 3308 2877 3361 ἐπιλεῖπον
2913 3307 2969 3361 δὲ
3003 3306 3096 3359 καὶ
3130 3306 3229 3375 τῆς
3252 3304 3463 3375 ἡμέρας
3493 3302 3552 3355 τὸ
3585 3301 3736 3370 φῶς·

2164 3404 2367 3466 εὐθέως
2396 3401 2453 3455 δέ
2488 3399 2768 3470 γινόμενον
2800 3398 3008 3462 σκότος,
3045 3398 3138 3450 καὶ
3176 3395 3403 3465 σελήνην
3431 3390 3742 3462 διαδεχομέο

2164 3514 2261 3565 νην
2299 3494 2390 3547 τὸν
2433 3492 2613 3562 ἥλιον·
2656 3489 2747 3543 καὶ
2779 3488 2845 3541 τὰ
2880 3487 2979 3560 μὲν
3019 3486 3210 3560 πρῶτα
3237 3484 3491 3539 ἀνιοῦσαν
3529 3483 3739 3553 μείονα,

2168 3586 2463 3658 μετέπειτα
2503 3584 2560 3638 δὲ
2601 3582 3014 3654 προκόπτουσαν
3065 3578 3143 3651 τῷ
3189 3577 3393 3648 δρόμῳ,
3440 3573 3738 3645 φαντασίαν

2163 3681 2511 3752 παρέχουσαν
2558 3674 2823 3747 μείζονος.
2874 3673 2987 3726 Οὐκ
3034 3670 3316 3741 ἐπαυόμην
3358 3668 3414 3721 δὲ
3462 3667 3554 3721 καὶ
3610 3664 3740 3736 περὶ

2162 3774 2367 3843 ταύτης
2404 3770 2604 3843 ζητῶν,
2636 3769 2731 3822 καὶ
2763 3768 2861 3839 τὴν
2894 3766 3072 3819 αἰτίαν
3115 3764 3215 3834 τῆς
3255 3760 3597 3833 ἀφαιρέσεως
3644 3757 3740 3812 καὶ

2161 3866 2261 3938 τῆς
2292 3863 2635 3935 προσθέσεως
2684 3858 3022 3932 ἀνηρεύνων,
3052 3857 3135 3910 ὅτι
3172 3872 3231 3907 τε
3272 3855 3364 3907 καὶ
3419 3852 3555 3922 αὑτὴ
3583 3851 3741 3922 τηρεῖ

2161 3957 2252 4011 τὸν
2283 3955 2480 4010 κύκλον
2502 3952 2609 4006 τῶν
2645 3950 2900 4025 ἡμερῶν·
2935 3947 3027 4000 καί
3068 3962 3157 4018 μοι
3187 3944 3358 3998 ἐδόκει
3380 3943 3440 3995 τὸ
3467 3939 3735 4004 ἐντεῦθεν,

2160 4049 2236 4112 ὡς
2261 4046 2380 4100 θεία
2406 4063 2489 4109 τις
2520 4044 2753 4115 ὑπάρχει
2788 4039 3069 4109 οἰκονομία
3108 4037 3201 4090 καὶ
3227 4036 3453 4106 δύναμις
3494 4031 3710 4104 κρειττό
3736 4065 3740 4070 -

2161 4157 2287 4203 νων,
2322 4140 2356 4210 ἡ
2406 4137 2701 4208 συνέχουσα
2734 4134 2800 4187 τὰ
2845 4133 2961 4194 ὅλα,
3002 4130 3067 4201 ἣν
3100 4130 3196 4182 καὶ
3237 4127 3366 4179 Θεὸν
3408 4125 3629 4188 δικαίως
3671 4122 3738 4175 ἀν

2161 4231 2407 4302 εἴπομεν.
2466 4230 2576 4284 Καὶ
2622 4228 2687 4282 τὸ
2734 4224 2920 4280 λοιπὸν
2967 4223 3059 4276 τὸν
3105 4220 3446 4292 Δημιουργὸν
3495 4219 3737 4269 ἐπαινεῖν

2160 4326 2429 4397 ἠρχόμην,
2484 4323 2585 4393 τήν
2639 4338 2697 4374 τε
2736 4319 2840 4390 γῆν
2890 4318 3202 4386 πεπηγυῖαν
3238 4312 3402 4386 ὁρῶν,
3447 4311 3541 4370 καὶ
3584 4307 3738 4373 ζώων

2160 4415 2442 4487 διαφορὰς,
2491 4414 2586 4467 καὶ
2633 4410 2852 4465 ποικίλα
2893 4409 3073 4477 φυτῶν
3112 4406 3182 4459 τὰ
3226 4404 3591 4475 ἐξανθήματα.
3628 4401 3739 4470 Οὐχ

2162 4510 2346 4564 ἵστατο
2382 4508 2440 4562 δέ
2474 4525 2563 4579 μοι
2589 4506 2682 4559 ἐπὶ
2704 4503 2913 4568 τούτοις
2942 4503 3034 4556 καὶ
3065 4501 3245 4574 μόνοις
3278 4501 3307 4552 ὁ
3327 4496 3449 4561 νοῦς
3470 4514 3481 4526 ·
3512 4496 3647 4550 ἀλλὰ
3676 4494 3740 4548 τὸ

2159 4602 2364 4665 λοιπὸν,
2397 4599 2518 4655 ὅθεν
2553 4597 2725 4651 ταῦτα
2754 4596 2852 4668 τὴν
2892 4594 3152 4648 σύστασιν
3184 4593 3317 4665 ἔχει,
3355 4591 3537 4661 ζητεῖν
3569 4587 3737 4659 ἠρχό-

2164 4716 2304 4769 μην·
2337 4696 2564 4767 πότερον
2604 4693 2668 4747 ἐκ
2701 4709 2844 4755 τινος
2883 4691 3130 4753 συνόντος
3170 4690 3257 4748 ἀεὶ
3298 4688 3376 4759 τῷ
3418 4683 3555 4756 Θεῷ,
3595 4684 3628 4754 ἦ
3680 4681 3740 4746 ἐξ

2159 4790 2326 4845 αὐτοῦ
2367 4787 2462 4842 καὶ
2507 4786 2688 4857 μόνου,
2738 4783 3171 4855 συνυπάρχοντος
3215 4778 3365 4850 αὐτῷ
3407 4777 3637 4841 οὐδενός
3677 4774 3738 4828 τὸ

2160 4884 2267 4955 γὰρ
2301 4882 2360 4947 ἐξ
2384 4883 2484 4935 οὐκ
2514 4880 2664 4943 ὄντος
2697 4879 3053 4950 πεποιηκέναι
3082 4875 3234 4928 οὐδὲν
3270 4874 3490 4926 σκοπεῖν
3524 4887 3613 4941 μοι
3639 4885 3738 4923 κα-

2158 4975 2267 5039 λῶς
2320 4974 2516 5038 ἐδόκει,
2573 4971 2646 5043 μὴ
2705 4971 2884 5026 τέλεον
2934 4969 3200 5022 ἀπιθάνου
3256 4964 3594 5034 ὑπάρχοντος
3640 4957 3737 5014 τοῦ

2160 5069 2340 5137 λόγου.
2366 5066 2449 5120 Τὰ
2476 5066 2586 5137 γὰρ
2615 5064 2874 5134 γινόμενα
2900 5061 2960 5126 ἐξ
2981 5061 3148 5114 ὄντων
3177 5058 3386 5126 πέφυκε
3411 5054 3507 5125 τὴν
3542 5052 3738 5108 σύστα-

2163 5176 2249 5214 σιν
2297 5159 2459 5230 ἐχειν.
2495 5157 2607 5212 Καὶ
2650 5155 2849 5226 ὁμοίως
2890 5152 3103 5225 ἀληθῶς
3155 5150 3329 5203 ἐδόκει
3358 5146 3523 5218 μηδὲν
3555 5145 3737 5213 λέγειν

2160 5251 2249 5307 ἀεὶ
2282 5253 2520 5304 συνεῖναι
2550 5248 2627 5320 τῷ
2668 5247 2787 5318 Θεῷ
2818 5246 3003 5319 ἐτερόν
3037 5263 3088 5298 τι
3123 5243 3253 5314 παρ’
3299 5238 3635 5302 αὑτὸν,οάλλ⁹
3677 5236 3736 5304 ἐξ

2159 5345 2326 5400 αὐτοῦ
2366 5343 2437 5397 τά
2471 5343 2599 5397 δντα
2636 5340 2955 5411 γεγονέναι·
3002 5337 3097 5390 καὶ
3145 5334 3255 5406 γάρ
3293 5349 3411 5393 πως
3447 5330 3631 5384 ἔπειθέ
3668 5344 3736 5400 με

2159 5438 2251 5492 τὸν
2292 5437 2552 5493 εὔτακτον
2594 5434 2703 5488 τῶν
2737 5432 3036 5503 στοιχείων,
3069 5427 3165 5483 καὶ¹
3210 5429 3244 5499 ἡ
3293 5425 3422 5500 περὶ
3454 5425 3593 5479 αὐτὰ
3634 5422 3735 5491 τῆς

2161 5527 2374 5598 φύσεως
2397 5527 2683 5600 εὐκοσμία.
2710 5523 2923 5581 Obtinui.
2946 5520 3004 5576 δέ
3026 5533 3142 5585 πως
3166 5516 3224 5574 εὖ
3252 5516 3611 5573 διατεθεῖσθαι
3647 5529 3736 5568 νο-
