4150 6404
389 373 498 428 2ιὸ

1566 367 1697 424 LIB.
1738 368 1826 423 DE
1853 367 2102 424 ΗΒΕΒο
2140 363 2489 422 ARBITBIO.

3541 349 3647 405 2‘46

390 487 584 559 μίζων,
632 487 726 541 ἐπὶ
771 488 870 558 τὴν
921 487 1105 541 οἰκίαν
1147 485 1388 557 ἐχώρουν
1438 485 1537 555 τὴν
1584 484 1743 556 ἐμήν.
1798 484 1876 555 Τῇ
1921 483 1968 536 δ’

2082 497 2257 553 quam,
2292 477 2682 535 contendentes
2716 472 2969 536 invicem,
3002 483 3171 540 seque
3225 467 3488 524 conviciis
3515 480 3646 537 pro-

388 578 638 650 ὲπιούσῃ,
680 578 926 632 τουτέστι
964 580 1223 649 σήμερον,
1253 574 1422 628 ἐλθὼν
1465 575 1651 647 ἐώρων
1679 575 1772 630 δύο
1820 575 1970 640 τινας

388 673 669 743 ὁμογενεῖς
700 669 1051 742 (ἀνθρώπους
1080 669 1136 721 δὲ
1165 668 1308 737 λέγω
1328 709 1341 731 ,
1366 666 1383 737 )
1420 668 1971 739 διαπληκτιζομένους

389 764 482 817 καὶ
513 760 1043 833 διαλοιδορουμένους
1089 758 1341 826 ἀλλήλοις
1363 774 1377 788 ’
1418 757 1606 828 ἕτερον
1637 757 1680 810 δ’
1710 753 1776 810 αὖ
1812 757 1972 812 πάλιν

388 854 740 926 ἅφιματῶσαι
778 852 1109 923 βουλόμενον
1156 850 1247 903 τὸν
1296 848 1540 921 πλησίον·
1587 848 1686 920 ἤδη
1724 848 1780 901 δέ
1831 865 1974 909 τινες

389 946 486 1000 καὶ
535 944 836 1015 δεινότερον
884 942 1088 1013 τολμᾷν
1120 942 1373 1013 ἤρχοντο.
1434 941 1492 994 '0
1529 941 1625 1011 μὲν
1660 939 1769 1010 γὰρ
1808 938 1972 993 ἐσκύ-

389 1039 550 1093 λευσε
577 1038 791 1109 νεκρὸν,
823 1035 918 1089 καὶ
943 1034 1008 1087 τὸ
1037 1034 1279 1105 κρυφθὲν
1306 1033 1409 1104 ἤδη
1438 1032 1597 1103 σῶμα
1617 1035 1684 1102 τῇ
1713 1035 1783 1103 γῇ
1813 1031 1974 1085 πάλιν

391 1129 662 1182 ἐδείκνυεν
688 1127 845 1198 ἡλίῳ,
887 1122 980 1179 καὶ
1021 1124 1119 1196 τὴν
1150 1124 1344 1196 ὁμοίαν
1371 1123 1545 1188 οὕτως
1586 1122 1866 1195 ἐνύϐριζεν
1901 1124 1978 1176 εί-

391 1220 545 1282 κόνα,
580 1218 745 1290 βορὰν
773 1219 898 1271 κυσὶ¹
935 1215 1278 1270 καταλείπων
1306 1214 1398 1268 τὸν
1427 1214 1639 1285 νεκρόνο
1683 1216 1712 1267 6
1738 1214 1795 1266 δὲ
1827 1212 1977 1282 ξίφος

391 1309 653 1380 ἐγύμνου,
700 1308 799 1360 καὶ
831 1307 923 1359 ἐπὶ
952 1308 1045 1360 τὸν
1071 1307 1254 1376 ὅμοιον
1300 1302 1583 1373 ἄνθρωπον
1615 1301 1831 1373 ἐχώρει.
1867 1303 1978 1355 Καὶ⁸

391 1403 421 1454 6
472 1401 567 1471 μὲν
616 1402 764 1470 φυγῇ
818 1398 916 1469 τὴν
973 1396 1247 1469 σωτηρίαν
1283 1394 1528 1467 πορίζειν
1576 1394 1813 1465 ἢθελεν·Δ
1846 1395 1875 1446 ὁ
1920 1393 1978 1447 δὲ

392 1492 603 1547 διώκων
673 1493 785 1544 οὐκ·
845 1489 1100 1553 ἐπαύετο,
1168 1489 1289 1543 οὐδὲ
1367 1488 1463 1542 τοῦ
1521 1487 1693 1558 θυμοῦ
1740 1489 1979 1559 ’κρατεῖν

393 1583 573 1656 ἧθελε.
626 1566 737 1636 Κάι
766 1583 818 1635 τί
851 1582 933 1635 δεῖ
971 1581 1192 1635 πλείονα
1236 1581 1454 1650 λέγειν;
1502 1579 1639 1634 Ἀλλ’
1687 1580 1769 1633 ὅτι
1800 1580 1981 1651 χωρή-

395 1692 496 1739 σας
558 1677 643 1728 ἐπ’
711 1674 874 1728 αὐτὸν
938 1674 1140 1737 εὐθέως
1208 1673 1364 1727 ἔπαιε
1422 1671 1501 1743 τῷ
1571 1672 1734 1741 ξίφει.
1804 1673 1864 1724 '0
1924 1670 1979 1724 δὲ

395 1766 586 1836 ἱκέτης
644 1763 737 1820 τοῦ
795 1764 1022 1836 πλησίον
1076 1763 1306 1833 ἐγίνετο,
1364 1762 1460 1815 καὶ
1514 1764 1702 1833 χεῖρας
1768 1760 1978 1823 ἱκεσίας

394 1835 604 1926 ὤρεγε·
636 1854 730 1910 καὶ
761 1854 860 1925 τὴν
884 1835 1005 1925 έμὲν
1035 1853 1243 1923 ἐσθῆτα
1272 1852 1469 1905 διδόναι
1503 1851 1683 1923 ⁸ἔλθεελε,
1735 1851 1891 1922 μόνον
1923 1849 1979 1903 δὲ
2010 1835 2055 1893 Β

392 1944 455 1997 τὸ
481 1943 593 2015 ζῇν·
616 1943 760 2015 ἔχειν
784 1944 960 2014 ἠξίου.
1002 1944 1063 1997 '0
1092 1943 1150 1996 δὲ
1175 1943 1276 1996 οὐκ
1298 1941 1493 2015 ἔθραυε
1520 1943 1613 1994 τὸν
1644 1942 1837 2012 θυμὸν,
1869 1940 1979 1993 οὐδ’

394 2024 681 2102 quem»
726 2033 990 2105 ὁμογενῆ,
1038 2032 1163 2086 οὐδὲ
1203 2032 1395 2087 ἑαυτὸν
1426 2032 1516 2085 διὰ
1546 2034 1644 2104 τῆς
1689 2032 1892 2096 εἰκόνος
1923 2034 1981 2085 ἐν

364 2125 590 2199 ,ὲκείνῳ
617 2124 834 2195 βλέπειν
864 2125 1074 2196 ἤθελεν,
1102 2124 1215 2179 ἀλλ’
1245 2124 1321 2189 ὡς
1344 2125 1534 2195 ἄγριος
1563 2123 1686 2195 θὴρ,
1731 2124 1809 2195 τῷ
1838 2124 1980 2192 ξίφει

396 2218 495 2288 τῆς
527 2218 694 2290 βορᾶς
727 2220 948 2290 ἤρχετο.
999 2219 1138 2289 Ἤδη
1168 2218 1226 2271 δὲ
1251 2218 1347 2272 καὶ
1387 2218 1448 2271 τὸ
1480 2218 1657 2288 στόμα
1693 2216 1770 2289 τῷ
1808 2219 1982 2289 ὁμοίῳ

395 2307 707 2379 ⁴προσέφερε
738 2306 951 2379 σώματι
972 2324 988 2339 ο
1023 2305 1277 2369 τοσοῦτος
1308 2305 1418 2378 γὰρ
1453 2302 1521 2377 ἦν
1546 2305 1624 2376 τῷ
1653 2304 1829 2376 θυμῷ.
1869 2306 1982 2358 Καὶ

394 2392 465 2468 ἦν
517 2397 665 2464 ἰδεῖν,
711 2398 804 2452 τὸν
852 2397 951 2468 μὲν
989 2397 1339 2468 ἠδικημένον,
1387 2396 1478 2449 τὸν
1522 2396 1579 2449 δὲ
1624 2395 1810 2450 λοιπὸν
1851 2412 1982 2448 σκυ-

396 2483 642 2548 λεύοντα,
686 2484 782 2538 καὶ
816 2483 951 2556 μηδὲ
994 2487 1064 2555 γῇ
1112 2484 1453 2548 σκεπάζοντα
1492 2484 1554 2537 τὸ
1588 2483 1767 2556 σῶμα,
1803 2484 1832 2537 ὃ
1884 2484 1981 2554 τῆς

396 2575 624 2647 ἐσθῆτος
650 2575 955 2647 ἐγύμνωσε.
995 2576 1138 2647 Πρὸς
1187 2577 1243 2629 δὲ
1285 2576 1496 2640 τούτοις
1532 2577 1716 2647 ἕτερος
1750 2578 1978 2648 προσῆν,

396 2668 456 2731 ὃς
503 2667 597 2721 τοῦ
651 2667 878 2740 πλησίον
934 2671 1167 2737 γυναῖκα
1218 2670 1434 2734 παίζειν
1481 2669 1659 2740 ήθελε,
1706 2670 1981 2744 λῃστεύων

398 2761 578 2830 γάμον
608 2760 905 2831 ἀλλότριον,
938 2762 1033 2814 καλ⁸
1078 2762 1170 2814 ἐπὶ
1201 2761 1529 2832 παράνομον.
1550 2761 1737 2832 κοίτην
1769 2763 1982 2833 τραπῆ-

397 2870 488 2907 ναι
520 2854 842 2926 παρορμῶν,
884 2852 974 2906 τὸν
1016 2854 1373 2925 γεγαμηκότα
1408 2855 1630 2925 γνήσιον
1660 2854 1874 2927 πατέρα
1901 2855 1978 2925 (5)

399 2948 645 3017 γίνεσθαι
686 2947 881 3003 θέλων.
942 2947 1224 3002 Ἐντεῦθεν
1264 2948 1322 3001 δὲ
1360 2951 1480 3012 ταῖς
1508 2948 1840 3021 τραγῳδίαις
1890 2965 1984 3001 πι-

401 3040 613 3093 στεύειν
643 3040 916 3111 ηρχόμην,
957 3042 1053 3095 καὶ
1087 3040 1150 3093 τὸ
1181 3041 1467 3094 Θυέστειον
1510 3041 1727 3095 δεῖπνον
1768 3039 1981 3110 ἀληθῶς

400 3132 574 3186 ἐδόκει
604 3147 695 3203 μοι
723 3133 1045 3200 γεγονέναι·
1082 3133 1358 3187 πιστεύειν
1386 3133 1443 3187 δὲ
1471 3133 1566 3187 καὶ
1589 3135 1655 3205 τῇ
1691 3132 1980 3204 υίνομαίου
2011 3174 2052 3231 C

400 3224 707 3295 παρανόμῳ
740 3224 1023 3297 ἐπιθυμία,
1054 3227 1150 3279 καὶ
1172 3229 1237 3297 τῇ
1266 3225 1373 3279 τῶν
1400 3224 1644 3294 ἀδελφῶν
1676 3224 1765 3278 διὰ
1796 3224 1983 3294 ξίφους

400 3317 701 3390 φιλονεικίᾳ
730 3318 831 3372 οὐκ
856 3318 1124 3372 ἀπιστεῖν.
1156 3317 1439 3371 Τοσούτων
1466 3316 1646 3369 τοίνυν
1679 3317 1772 3370 καὶ
1802 3316 1982 3371 τοιού-

398 3424 507 3461 των
550 3408 748 3481 θεατὴς
786 3408 1075 3478 γενόμενος
1104 3408 1236 3477 ἐγὼ,
1289 3409 1450 3462 πόθεν
1490 3408 1663 3461 ταῦτα
1697 3407 1984 3478 ἀναζητεῖν

400 3502 652 3575 ἠρχόμην
674 3520 686 3532 ·
719 3502 803 3564 τίς
827 3501 884 3555 δὲ
909 3502 1004 3556 καὶ
1024 3505 1058 3574 ἡ
1088 3503 1186 3572 τῆς
1208 3503 1473 3573 κινήσεως
1502 3501 1680 3555 αὐτῶν
1700 3501 1866 3571 ἀρχὴ,
1889 3501 1985 3554 καὶ

399 3594 483 3657 τίς
516 3595 546 3646 ὁ
578 3593 815 3647 τοσαῦτα
838 3593 959 3647 κατ’
982 3591 1284 3665 ἀνθρώπων
1316 3594 1790 3664 μηχανησάμενος
1823 3591 1985 3645 πόθεν

400 3702 461 3737 τε
498 3688 532 3757 ἡ
566 3684 790 3756 εύρησις
828 3684 1028 3748 αὐτῶν,
1066 3685 1161 3738 καὶ
1204 3684 1289 3747 τίς
1321 3687 1350 3738 6
1397 3683 1600 3738 τούτων
1645 3684 1981 3747 διδάσκαλος.

402 3777 513 3831 Καὶ
540 3776 634 3830 τὸν
667 3779 764 3848 μὲν
791 3778 923 3831 Θεὸν
946 3777 1155 3830 τούτων
1184 3776 1413 3849 ποιητὴν
1450 3777 1629 3845 λέγειν
1661 3777 1866 3848 τολμᾷν
1887 3778 1985 3848 οὐχ

400 3863 512 3924 οἷόν
543 3887 602 3923 τε
628 3866 715 3941 ἢν,
750 3870 885 3924 ἀλλὰ
929 3869 1033 3942 μὴν
1064 3869 1185 3922 οὐδὲ
1236 3869 1294 3935 ἐξ
1334 3868 1499 3921 αὐτοῦ
1542 3868 1640 3939 τὴν
1687 3869 1984 3921 ὑπῧστασιν

401 3962 567 4033 ἔχειν,
600 3963 718 4015 οὐδὲ
743 3962 840 4035 τὴν
865 3962 960 4016 τοῦ
991 3958 1129 4016 εἶναι
1158 3960 1440 4015 σύστασιν.
1475 3959 1600 4023 Πῶς
1630 3960 1739 4031 γὰρ
1785 3954 1895 4013 οἷόν
1924 3976 1984 4012 τε

400 4050 471 4127 ἦν
500 4052 674 4107 ταῦτα
700 4056 828 4126 περὶ
859 4054 994 4107 Θεοῦ
1020 4056 1192 4120 νοεῖν;
1221 4053 1281 4117 ὃς
1321 4053 1418 4125 μὲν
1447 4052 1557 4124 γάρ
1583 4053 1731 4105 ἐστιν
1756 4050 1981 4120 ἀγαθὸς,

403 4146 498 4200 καὶ
534 4146 644 4201 τῶν
684 4147 1008 4218 κρειττόνων
1054 4144 1304 4217 ποιητὴς,
1353 4144 1462 4198 τῶν
1492 4145 1550 4198 δὲ
1588 4144 1806 4215 φαύλων
1836 4142 1984 4215 αύτῷ

403 4238 694 4311 πρόσεστιν
722 4238 872 4292 οὐδέν
890 4255 903 4268 ·
933 4238 1046 4291 ἀλλ’
1067 4237 1189 4293 οὐδὲ
1210 4240 1324 4301 τοῖς
1354 4237 1614 4301 τοιούτοις
1642 4236 1855 4309 χαίρειν
1888 4235 1985 4289 πέ.ὁ

296 4321 307 4327 ’
404 4349 594 4401 φυκεν·
642 4331 975 4403 ἀπαγορεύει
1015 4331 1072 4384 δὲ
1113 4331 1208 4385 καὶ
1238 4330 1338 4401 τὴν
1381 4330 1598 4399 γένεσιν
1638 4329 1849 4384 αὐτῶν
1892 4330 1984 4383 καὶ

401 4426 529 4489 τοὺς
580 4425 677 4495 μὲν
725 4425 1017 4496 χαίροντας
1060 4425 1270 4488 τούτοις
1319 4421 1727 4488 ἀποϐάλλεται,
1756 4424 1882 4486 τοὺς
1927 4421 2003 4483 δὲ,

477 4649 557 4721 (5)
586 4648 859 4721 FMO’tO‘r
883 4649 1124 4720 πατέρα.
1157 4651 1474 4711 Menuosnm
1519 4651 1815 4707 existimat.
1838 4650 1985 4709 hunc

402 4720 587 4793 iocum
632 4720 938 4793 Cotelerius
975 4724 1042 4775 ad
1083 4721 1337 4793 Clemeut.
1372 4722 1513 4778 hom.
1549 4738 1684 4786 xm,
1721 4721 1749 4793 §
1780 4721 1865 4787 t9,
1908 4721 1986 4775 le-

404 4791 749 4864 gendumque
791 4791 1070 4864 ἀγνήσιον,
1104 4792 1307 4864 νει-μὴ
1347 4795 1588 4864 γνήσιον,
1615 4791 1743 4863 ψιυὲ
1764 4793 1981 4864 quidem

405 4864 519 4916 sive
546 4862 724 4915 littera
755 4863 869 4915 sive
900 4861 1164 4931 particula
1196 4861 1353 4917 facile
1377 4861 1551 4932 potuit
1570 4861 1857 4919 excidisse.
1891 4861 1985 4915 Sic

404 4939 584 4986 autem
639 4932 818 4985 locum
867 4932 1141 5001 integrum
1187 4932 1636 4988 reddit:Aderat
1685 4934 1844 4996 alius,
1894 4932 1983 4995 qui

405 5003 634 5070 proximi
664 5002 824 5055 uxori
853 5003 1091 5069 cupiebat
1125 5001 1367 5066 illudere,
1420 5004 1650 5058 alienum
1706 5006 1985 5057 matrimo-

404 5071 552 5124 nium
582 5071 875 5141 praedatus,
917 5082 967 5126 et
1010 5072 1237 5125 incitans
1284 5089 1407 5126 eam
1445 5083 1502 5126 ut
1546 5074 1985 5130 att-concubitum

404 5142 654 5195 illicitum
687 5153 993 5210 verteretur,
1031 5158 1061 5196 ε
1099 5142 1293 5196 marito
1335 5144 1508 5198 volens
1560 5144 1733 5212 facere
1781 5156 1983 5213 patrem

404 5226 508 5266 non
542 5227 739 5267 verum.
771 5213 943 5269 αλιι..

476 5282 555 5353 (6)
587 5279 778 5367 Gladio
810 5285 1015 5367 laniare
1046 5285 1220 5353 capit.
1256 5286 1657 5367 T®_&i<peLrﬁ;
1690 5286 1856 5367 βορᾶς
1884 5289 1986 5367 ηρ-

403 5369 551 5423 χετο,
578 5354 728 5423 velut
759 5354 1060 5409 vorandum
1094 5354 1475 5413 conscin'dere.
1508 5354 1673 5412 Forte
1692 5354 1863 5412 etiam
1902 5354 1986 5413 ﬁt-

404 5422 510 5477 erit
553 5422 750 5508 εἴχετο.
804 5423 1157 5508 signiﬁcatur
1204 5442 1372 5508 supra
1424 5428 1721 5508 belluinam
1755 5426 1982 5508 feritas,

403 5509 511 5562 qua
539 5508 682 5567 saepe
712 5495 967 5551 homines
1000 5495 1290 5567 inhumani
1329 5500 1385 5553 in
1411 5514 1469 5553 se
1496 5498 1728 5553 invicem
1752 5497 1940 5554 furunt
1967 5541 1983 5567 ,

407 5572 467 5636 ut
494 5565 577 5636 _vel
606 5579 671 5618 os
696 5574 955 5636 tauquam
982 5566 1311 5624 devoraudis
1337 5568 1682 5632 admoveant,
1712 5575 1772 5623 ut
1801 5565 1986 5626 statim

404 5632 626 5714 additur
662 5632 902 5714 :j6-q16é
929 5637 1024 5689 καὶ
1061 5637 1123 5690 τὸ
1155 5638 1456 5714 στόμα-τῷ-
1477 5638 1648 5711 ὁμοίῳ
1680 5640 1985 5714 προσέφερε

406 5703 645 5788 σώματιζ
685 5703 1206 5788 Sic.'Maragnenses
1240 5703 1480 5788 barbari,
1511 5703 1633 5788 'non
1668 5703 1779 5764 tam
1811 5703 1987 5788 veniri

405 5774 570 5842 quam
619 5774 795 5830 furori
838 5774 1231 5843 exsaturanda,
1281 5780 1516 5835 laniatus
1567 5780 1773 5843 hostes,
1819 5781 1984 5836 etiam

406 5847 688 5902 stomacho
719 5853 1033 5919 rcspuente,
1066 5857 1357 5919 antequam
1389 5849 1526 5907 Galli
1554 5854 1729 5907 nostri
1761 5851 1989 5909 deduce.

2014 4587 2062 4645 ι)

2072 571 2384 629 scindentes
2414 568 2639 639 aspexi:
2677 566 2907 621 alterum
2944 564 3093 626 item,
3126 560 3218 629 qui
3254 560 3417 615 vellet
3452 575 3649 629 exspo-

2071 665 2207 721 liare
2234 663 2543 736 proximum
2575 679 2589 715 :
2626 658 2724 715 sed
2768 664 2836 713 ει·
2876 655 2970 725 qui
3006 655 3121 724 jam
3170 653 3391 722 gravius
3445 652 3651 722 aliquid

2072 770 2403 828 praesumere
2459 752 2784 822 inciperent.
2836 746 2937 802 Hic
2983 744 3253 815 siquidem
3309 741 3652 813 depmdatus

2072 856 2157 902 est
2182 855 2479 907 mortuum,
2518 853 2828 911 corpusque
2867 837 2980 908 jam
3011 845 3157 890 terra
3187 833 3515 888 occultatum
3552 834 3654 889 ite-

2074 953 2195 992 rum
2239 934 2483 991 exhibuit
2515 932 2619 989 soli
2644 950 2668 999 ;~
2712 939 2876 1002 atque
2908 930 3010 993 ita,
3044 935 3261 983 mortuo
3292 926 3522 981 canibus
3575 914 3655 979 la-

2075 1029 2285 1083 niatum
2335 1024 2747 1093 vorandumque
2794 1021 3007 1084 relicto,
3048 1026 3330 1089 cognatam
3363 1017 3655 1087 imaginem

2075 1118 2407 1176 contumelia
2452 1114 2651 1171 aﬂ'ecit.
2703 1112 2798 1168 Ille
2831 1120 3049 1176 autem,
3094 1108 3301 1164 nudato
3358 1110 3658 1178 strictoque

2077 1213 2276 1284 gladio,
2304 1212 2358 1266 in
2382 1209 2579 1265 similis
2602 1214 2815 1261 natura:
2848 1204 3119 1259 hominem
3148 1203 3330 1257 irruit.
3361 1201 3538 1271 Atque
3567 1199 3659 1253 hic

2076 1303 2296 1376 quidem
2334 1302 2551 1357 volebat
2590 1299 2715 1369 fuga
2747 1297 2909 1353 saluti
2964 1294 3251 1350 consulere
3302 1312 3314 1346 :
3370 1301 3427 1347 at
3469 1305 3658 1361 perse-

2077 1411 2274 1467 quens,
2327 1393 2463 1448 nihil
2491 1389 2809 1455 desistebat,
2846 1394 2941 1442 aut
2991 1389 3127 1441 iram
3162 1384 3434 1442 moderari
3472 1382 3659 1439 stude-

2080 1489 2194 1543 bat.
2225 1484 2370 1553 Quid
2402 1498 2532 1539 vero
2557 1495 2842 1537 necessum
2877 1485 2961 1535 est
2990 1479 3148 1549 plura
3168 1476 3392 1532 dicere?
3424 1473 3539 1530 Hoc
3570 1487 3661 1528 sa-

2079 1580 2186 1644 tis;
2239 1577 2540 1631 irruentem
2602 1574 2778 1636 illum,
2830 1569 3015 1626 statim
3042 1570 3274 1623 alterum
3306 1565 3487 1637 gladio
3517 1565 3665 1621 ceci-

2079 1671 2248 1726 disse.
2297 1671 2475 1738 Atque
2503 1667 2550 1722 is
2586 1665 2807 1736 quidem
2854 1662 3083 1733 supplex
3114 1662 3308 1717 orahat
3333 1662 3662 1730 proximum,

2080 1774 2385 1829 manusque
2411 1757 2685 1828 supplices
2714 1753 2989 1811 tendebat.
3020 1753 3096 1807 Ac
3126 1752 3346 1824 quidem
3403 1748 3666 1805 offerebat

2082 1859 2311 1918 vestem,
2336 1850 2622 1919 solumque
2668 1848 2794 1904 vitae
2844 1846 3225 1901 remissionem
3258 1844 3539 1915 poscebat.
3593 1844 3666 1897 At

2083 1945 2173 2000 ille
2197 1943 2436 2014 perstitit
2465 1940 2701 1996 infracto
2728 1939 2934 2003 animo,
2966 1952 3070 1992 nec
3116 1935 3307 1992 eodem
3358 1950 3543 1991 secum
3574 1949 3666 2005 ge-

2084 2051 2215 2090 nere
2240 2043 2325 2091 est
2349 2034 2679 2096 miseratus;
2713 2032 2796 2088 vel
2830 2046 2889 2088 se
2914 2032 3115 2101 ipsum,
3150 2030 3362 2083 ratione
3389 2026 3663 2096 imaginis,

2083 2128 2140 2183 in
2187 2142 2255 2184 eo
2304 2127 2481 2183 voluit
2527 2127 2835 2195 inspectare
2879 2143 2892 2178 :
2936 2124 3046 2177 imo
3092 2129 3350 2191 tauquam
3407 2118 3666 2173 immanis

2082 2219 2283 2283 bellua,
2311 2217 2491 2290 gladio
2517 2217 2726 2272 laniare
2745 2215 2912 2286 cmpit
2936 2214 3034 2285 (6).
3065 2212 3172 2267 Sed
3202 2220 3270 2267 etv
3287 2211 3422 2277 jam,
3445 2210 3666 2281 corpori

2084 2311 2169 2365 sui
2212 2310 2382 2365 simili
2432 2323 2496 2365 os
2557 2308 2917 2363 admoverat:
2954 2314 3105 2359 tanto
3159 2302 3432 2373 siquidem
3481 2301 3667 2358 furore

2081 2408 2381 2467 exarserat,
2408 2408 2635 2471 eratque
2656 2400 2862 2463 videre,
2895 2397 3129 2452 alterum
3158 2394 3379 2466 quidem
3409 2393 3666 2464 injuriam

2083 2512 2342 2569 passum;
2399 2499 2628 2551 alterum
2681 2509 2833 2560 vero,
2886 2491 3146 2561 deinceps
3195 2488 3545 2560 spoliantem,
3603 2500 3669 2542 ac

2083 2603 2259 2658 neque
2288 2594 2431 2642 terra
2455 2586 2787 2657 operientem
2815 2597 3037 2652 corpus,
3074 2580 3220 2652 quod
3251 2587 3404 2636 veste
3424 2577 3668 2634 nudave-

2082 2687 2189 2733 rat.
2220 2678 2302 2734 Ad
2356 2679 2473 2734 haec
2505 2688 2683 2733 autem
2714 2683 2833 2732 erat
2861 2675 3024 2738 alius,
3058 2674 3175 2744 qui,
3211 2671 3424 2727 furatus
3459 2671 3668 2725 alienas

2083 2772 2324 2842 nuptias,
2350 2771 2506 2825 uxori
2540 2769 2770 2840 proximi
2806 2766 3080 2831 illuderet,
3115 2764 3320 2835 quique
3352 2763 3537 2819 cubile
3562 2761 3670 2815 ini-

2082 2880 2251 2936 quum
2277 2879 2657 2935 perrumpens,
2687 2861 2944 2917 maritum
2977 2860 3277 2930 legitimum
3307 2865 3514 2929 patrem
3549 2855 3669 2910 fieri

2084 2957 2263 3013 velet.
2319 2955 2455 3010 Hinc
2500 2953 2787 3026 tragmdiis
2834 2952 2999 3008 etiam
3033 2952 3191 3007 ﬁdem
3241 2950 3444 3004 habere
3492 2946 3664 3016 cepi,

2084 3050 2380 3120 putavique
2431 3048 2604 3103 fuisse
2660 3060 2851 3101 revera
2902 3059 3117 3101 ccenam
3166 3042 3505 3115 Thyestaeam
3533 3040 3664 3113 (7):

2084 3140 2293 3196 credidi
2344 3155 2475 3196 vero
2508 3140 2708 3209 iniquae
2739 3136 3017 3192 (Enomaei
3067 3134 3348 3207 cupiditati
3401 3134 3521 3206 (8),
3565 3149 3667 3189 nec

2087 3233 2342 3289 fraternae
2372 3232 2450 3303 (9)
2475 3246 2569 3302 per
2602 3229 2807 3285 ferrum
2839 3228 3176 3284 contentioni
3207 3227 3367 3283 ﬁdem
3392 3227 3663 3283 subtraxi.

2086 3326 2388 3380 Tantarum
2422 3339 2552 3394 ergo
2599 3322 2902 3392 taliumque
2929 3335 3112 3376 rerum
3154 3325 3431 3389 spectator
3462 3317 3665 3381 factus.

2084 3416 2227 3487 ccepi
2270 3417 2553 3487 requirere
2607 3412 2750 3468 unde
2797 3413 2911 3467 haec
2953 3419 3138 3466 essent
3171 3429 3185 3465 :
3217 3409 3494 3480 quodnam
3540 3423 3671 3464 vero

2084 3512 2248 3566 etiam
2275 3525 2339 3566 ea
2392 3507 2721 3579 principium
2772 3505 3127 3567 habuissent;
3158 3503 3353 3573 quisve
3411 3510 3563 3556 tanta
3610 3503 3668 3558 in

2086 3598 2335 3654 homines
2366 3598 2588 3652 molitus
2609 3602 2757 3650 esset
2783 3613 2795 3649 :
2830 3594 2975 3649 unde
2992 3596 3154 3650 etiam
3178 3603 3369 3649 earum
3399 3593 3665 3660 inventio,

2086 3690 2277 3760 quisve
2324 3687 2512 3742 talium
2541 3687 2737 3743 doctor
2766 3686 2983 3746 fuisset.
3016 3686 3095 3740 Ac
3139 3685 3546 3756 nemo.quidem
3594 3695 3671 3740 ta-

2085 3783 2220 3836 lium
2253 3787 2533 3835 auctorem
2584 3777 2753 3833 Deum
2807 3777 3307 3843 habueritcdicere;
3354 3778 3450 3833 sed
3494 3793 3670 3848 neque

2085 3873 2154 3927 ah
2173 3886 2241 3927 eo
2279 3872 2501 3936 habere,
2537 3884 2646 3941 quo
2668 3870 2778 3925 sint
2808 3879 2862 3924 et
2890 3868 3214 3924 consistant.
3244 3868 3350 3935 Qui
3376 3868 3546 3932 enim,
3584 3876 3670 3923 ta-

2086 3965 2157 4019 lia
2204 3964 2274 4019 de
2323 3961 2436 4019 Deo
2480 3962 2721 4032 cogitare
2750 3960 3003 4016 licuerit?
3046 3959 3139 4031 qui
3187 3975 3321 4016 sane
3358 3961 3536 4017 bonus
3583 3970 3671 4016 est

2086 4066 2383 4127 auctorque
2412 4055 2737 4120 meliorum;
2764 4054 2852 4107 cui
2886 4067 2993 4108 nec
3017 4052 3316 4124 quidquam
3346 4053 3467 4107 vitii
3503 4053 3666 4119 insit;

2086 4152 2178 4209 sed
2203 4166 2381 4222 neque
2403 4150 2602 4205 talibus
2632 4153 2824 4217 suapte
2846 4147 2967 4217 ipse
2983 4155 3181 4202 natura
3211 4146 3448 4217 gaudere
3469 4147 3666 4216 possit,

2086 4244 2199 4299 ﬁeri
2226 4257 2354 4299 vero
2376 4242 2660 4313 prohibeat
2691 4256 2706 4293 :
2741 4238 2919 4309 iisque
2949 4239 3270 4308 gaudentes,
3306 4237 3551 4307 rejiciat;
3588 4237 3670 4292 l'u-

2085 4338 2293 4408 gien'es
2346 4346 2548 4392 autem.
2581 4341 2833 4403 acceptos
2861 4333 3080 4388 habeat.
3104 4329 3208 4397 Qut
3264 4344 3397 4386 vero
3431 4331 3666 4385 nouab-

2087 4429 2657 4495 surdum,_ut,eorum
2693 4425 2837 4481 Deus
2888 4430 3081 4486 auctor
3127 4423 3333 4485 audiat,
3392 4437 3514 4493 quae
3550 4422 3668 4501 ipse

2088 4660 2232 4720 rent,
2267 4669 2367 4709 ceu
2411 4653 2731 4725 praecipuas,
2759 4651 2979 4722 epulas,
3006 4648 3262 4725 convivio
3284 4647 3576 4725 .vorahaut,
3608 4656 3667 4701 ut

2087 4725 2143 4778 in
2183 4718 2448 4779 relatione
2487 4718 2671 4778 rerum
2723 4718 2965 4793 ipsorum
3006 4720 3273 4778 Claudius
3321 4718 3662 4778 Abbavilar.,

2086 4793 2218 4850 0rd.
2254 4793 2383 4864 Min.
2409 4795 2731 4864 capucinus.
2912 4862 2938 4864 Α
3049 4802 3054 4807 ’

2159 4864 2234 4934 (7)
2264 4855 2494 4934 Caenum.
2515 4863 2865 4933 Thyestazam.
2895 4862 2971 4916 Τὸ
2999 4860 3284 4918 Θυέστειον
3311 4859 3544 4915 δεῖπνον.
3576 4855 3669 4914 Sic

2085 4932 2243 4991 Ovid.
2276 4951 2345 4989 xv
2372 4932 2637 4989 Metamf:

2229 5002 2685 5074 NeveThyestazis
2714 5003 3035 5074 cumulemus
3066 5001 3263 5056 riscera
3291 5000 3504 5074 mensis.

2086 5073 2165 5198 2e
2197 5073 2300 5196 hac
2332 5073 2568 5146 Thyeste
2603 5084 2657 5131 et
2683 5076 2857 5129 Atreo
2887 5073 3076 5137 fratre,
3108 5074 3330 5128 Servius
3369 5073 3438 5124 ad
3478 5085 3495 5124 ι
3530 5074 3586 5124 et
3627 5083 3667 5124 ιι

2165 5162 2246 5198 ne:
2291 5185 2304 5197 .

2165 5162 2304 5198 rma.

2160 5217 2236 5286 (8)
2269 5214 2473 5286 Iniqua:
2523 5212 2799 5286 (Enoma’i
2846 5212 3143 5286 cupiditati.
3178 5210 3341 5286 Forte
3378 5208 3665 5264 Mnomai.

2086 5283 2225 5339 Fuit
2245 5291 2291 5341 is
2323 5285 2696 5356 Hippodamia:
2725 5283 2963 5356 pater.'a
2998 5285 3158 5356 cujus
3197 5283 3394 5336 marito
3434 5295 3669 5356 cum_s_e

2087 5349 2449 5411 occidendum
2490 5371 2553 5410 ex
2597 5349 2822 5410 oraculo
2864 5349 3171 5416 didicisset,
3212 5365 3385 5422 eaque
3416 5366 3445 5403 a
3481 5349 3668 5422 multis

2088 5429 2409 5493 ambiretur,
2455 5430 2738 5498 proposito
2790 5426 3091 5498 certamine
3117 5421 3346 5498 _curuli,
3403 5421 3666 5498 tredecim

2089 5499 2288 5568 occidit
2315 5499 2434 5568 ejus
2457 5494 2688 5568 'pro'cos,
2713 5499 2887 5568 donec
2910 5497 3089 5568 victus
3114 5495 3232 5568 ipse
3257 5503 3344 5551 est
3371 5501 3426 5568 et
3447 5494 3666 5547 occisus

2090 5584 2121 5622 a
2141 5565 2363 5639 Pelope,
2390 5565 2604 5622 Tantali
2636 5568 2767 5632 tilio,
2800 5566 3019 5638 Myrtilo
3052 5565 3239 5635 auriga
3267 5565 3444 5639 pretio
3472 5577 3666 5639 corru-

2090 5584 2121 5622 a
2142 5581 2363 5639 Pelope,
2390 5581 2604 5622 't‘antau
2636 5581 2767 5632 uno,
2800 5581 3019 5638 myrtuo
3052 5581 3239 5635 auriga
3264 5581 3444 5689 greuo
3472 5581 3663 5617 corru-

2090 5645 2184 5710 pto
2213 5649 2267 5701 et
2291 5639 2650 5710 subnectente
2674 5639 2920 5693 inﬁrmos
2947 5646 3237 5710 axes,_etc.
3305 5635 3447 5710 trab.
3481 5634 3518 5688 l.
3541 5648 3663 5687 vm.

2087 5704 2269 5764 Alium
2297 5708 2565 5765 Homerus
2592 5715 2982 5763 commemorat
3006 5707 3250 5761 occisum
3282 5707 3351 5761 ab
3381 5704 3632 5760 Hectore.

2160 5780 2238 5851 (9)
2269 5778 2381 5835 Nec
2408 5780 2681 5851 fraterne,
2729 5785 2835 5832 etc.
2867 5776 3094 5851 Videtur
3114 5776 3360 5851 Remum
3378 5786 3433 5832 et
3461 5774 3666 5851 Romu-

2090 5845 2229 5917 lum,
2256 5845 2487 5923 quorum
2513 5850 2647 5906 alter
2677 5854 2903 5904 mortem
2937 5848 3092 5904 fratri
3121 5847 3408 5914 conscivit,
3435 5845 3660 5901 referre.
