4150 6412
523 315 591 370 εςι
601 317 627 368 7

1502 323 1560 380 S.
1603 325 1934 384 METHODII
1972 331 2282 389 EPISCOPI
2320 335 2406 389 ΕΤ
2449 337 2804 395 MARTYRIS

3649 344 3752 402 2-48

524 446 808 490 aversatur
855 447 910 490 et
957 438 1247 508 repudiat?
1276 439 1462 510 Neque
1515 444 1659 498 enim
1707 463 1813 500 non
1861 450 2064 503 volucri

2195 455 2492 523 φεύγοντας
2521 458 2659 510 αὑτά
2692 457 2990 529 προσίεται.
3033 459 3140 511 Καὶ
3179 458 3295 522 πῶς
3327 460 3425 512 οὐκ
3455 459 3652 513 ἄτοπον
3688 459 3755 532 ἦν

522 541 664 589 esse,
695 527 741 581 si
765 527 982 595 quidem
1005 529 1216 597 primus
1240 531 1356 600 ipse
1389 532 1570 602 opifex
1604 535 1724 592 fuit.
1764 537 1888 594 V’ult
1925 542 2089 612 siqui-

520 616 641 670 dem
676 625 759 681 ut,
812 617 878 670 ad
927 617 1105 687 ipsum
1159 623 1498 686 accedentes.
1556 627 1731 697 ipsius
1786 631 2086 690 imitatores

521 706 670 761 ﬁant.
695 707 874 773 Quare
905 711 1142 766 alienum
1177 730 1206 767 a
1238 717 1448 773 ratione
1481 719 1628 784 duxi,
1670 724 1761 778 illa
1804 725 1913 783 Deo
1940 728 2087 786 alliu-

517 813 672 866 gere;
704 807 796 853 aut
820 809 1076 872 tanquam
1103 807 1171 859 ab
1199 822 1264 861 eo
1295 807 1434 863 facta
1456 811 1702 882 accipere
1731 836 1743 870 :
1775 834 2085 890 quanquam

519 887 753 942 maxime
811 894 1215 948 concedendum
1246 897 1317 951 sit
1364 899 1510 968 (l0),
1554 918 1713 970 posse
1763 887 1968 978 aliquid
2017 929 2084 966 ex

518 977 690 1032 nihilo
720 979 856 1042 ﬁeri,
891 983 937 1036 si
985 985 1203 1054 quidem
1244 986 1386 1044 Deus
1445 1000 1533 1060 (ex
1583 995 1694 1065 illo)
1750 977 1880 1053 fecit
1919 1003 2081 1058 mala.

517 1066 650 1121 Nam
682 1070 774 1138 qui
798 1069 925 1126 fecit
950 1089 1016 1128 ex
1050 1077 1239 1142 nihilo,
1290 1095 1396 1133 non
1425 1081 1537 1150 jam
1596 1087 1736 1140 ultra
1771 1089 1825 1143 in
1855 1091 2084 1148 nihilum

518 1163 803 1235 redigeret.
837 1167 1144 1238 iterumque
1174 1172 1495 1228 necessitate
1523 1176 1842 1245 dicendum,
1893 1183 2080 1250 fuisse,

520 1255 735 1322 quando
765 1255 907 1312 Deus
953 1260 1110 1313 malis
1162 1259 1546 1330 delectaretur,
1589 1283 1708 1336 qua:
1766 1272 1926 1327 modo
1974 1291 2081 1328 non

516 1349 748 1416 placent.
785 1349 965 1416 Quare
1011 1369 1118 1408 non
1177 1357 1431 1422 arbitror,
1491 1375 1649 1429 posse
1704 1361 1805 1416 hoc
1863 1365 1968 1418 dici
2015 1365 2084 1420 de

517 1439 650 1495 Deo.
682 1441 929 1497 Alienum
961 1447 1156 1516 quippe
1181 1455 1265 1503 est
1290 1450 1358 1504 ab
1387 1451 1507 1519 ejus
1537 1463 1752 1516 natura,
1790 1463 1847 1508 ut
1876 1456 1977 1511 hoc
2004 1458 2082 1513 illi

515 1537 820 1589 conveniat.
874 1535 1192 1594 Existimavi
1246 1557 1375 1612 ergo
1421 1560 1544 1599 esse
1593 1546 1796 1616 aliquid
1850 1552 1992 1618 quo:l
2032 1554 2082 1607 ei

515 1626 830 1690 coexsistat,
882 1627 1087 1682 dictum
1140 1634 1402 1698 materia;
1444 1651 1509 1690 ex
1565 1653 1668 1706 qua
1705 1639 1936 1708 sapienti
1967 1650 2084 1698 arte

513 1715 831 1772 discernens
865 1733 927 1772 ac
949 1719 1174 1788 pulchre
1205 1738 1499 1788 exornans,
1524 1742 1610 1782 res
1640 1730 1976 1798 condiderit;
2015 1750 2078 1788 ex

2193 547 2283 600 τὸν
2314 547 2444 601 Θεὸν
2475 547 2677 602 τούτων
2705 549 2882 615 λέγειν
2915 545 3052 602 εἶναι
3086 548 3435 622 δημιουργὸν,
3465 551 3554 605 τὸν
3586 551 3757 606 ταῦτα

2195 640 2620 710 παραιτούμενον
2640 658 2654 705 ;
2675 640 2806 694 Οὐδὲ
2830 642 2938 712 γάρ
2964 640 3028 694 ἂν
3057 640 3305 694 ἐϐούλετο
3336 641 3412 711 μὴ
3439 638 3577 694 εἶναι
3599 643 3753 706 αὐτὰ,

2192 734 2240 785 εί
2267 733 2477 803 πρῶτος
2507 734 2685 786 αὐτῶν
2717 734 2941 805 ποιητὴς
2972 735 3214 806 ὑπῆρχεν
3255 734 3434 797 αὐτός.
3481 735 3618 798 Ἰῖοὺς
3650 737 3756 805 γὰρ

2194 825 2514 895 προσιόντας
2534 824 2682 894 αὐτῷ
2704 825 2945 895 μιμητὰς
2961 825 3125 879 αὑτοῦ
3152 826 3394 895 γίνεσθαι
3415 825 3576 879 θέλει.
3597 824 3754 878 Ὅθεν

2192 916 2382 984 ἄλογον
2415 916 2588 982 ἔδοξεν
2615 914 2751 970 εἷναί
2788 935 2878 986 μοι
2923 917 3092 970 ταῦτα
3132 919 3466 988 προσάπτειν
3497 917 3574 987 τῷ
3615 917 3752 988 Θεῷ,

2191 1009 2224 1079 ἦ
2251 1009 2324 1072 ὡς
2349 1009 2404 1075 ἐξ
2437 1009 2598 1062 αὐτοῦ
2626 1011 2975 1076 γεγονότα....
3004 1012 3051 1063 εἰ
3078 1011 3172 1063 καὶ
3196 1011 3266 1064 τὰ
3297 1011 3528 1081 μάλιστα
3557 1027 3758 1079 συγχω-

2193 1099 2356 1170 ρῆσαι
2387 1100 2484 1163 δεῖ,
2517 1099 2576 1164 ἐξ
2600 1101 2698 1153 οὐκ
2718 1101 2884 1153 ὄντων
2905 1100 3124 1154 δυνατὸν
3146 1097 3283 1154 εἶναί
3305 1119 3356 1154 τι
3380 1101 3642 1170 γίνεσθαι,
3675 1103 3756 1155 δτι

2191 1192 2282 1243 καὶ
2309 1190 2376 1243 τὰ
2408 1192 2553 1245 κακά
2599 1191 2852 1262 ἐποίησεν
2899 1193 3058 1256 αύτός
3079 1210 3091 1221 ·
3133 1195 3162 1245 ὁ
3197 1193 3306 1265 γὰρ
3331 1195 3395 1245 ἐκ
3424 1192 3516 1245 τοῦ
3555 1193 3654 1246 οὐκ
3684 1187 3759 1244 εἷ-

2190 1298 2276 1332 ναι
2307 1283 2387 1344 είς
2418 1281 2478 1333 τὸ
2515 1278 2651 1334 εἶναι
2682 1282 2818 1335 αὐτὰ
2851 1287 3084 1353 ποιήσας
3123 1283 3224 1335 οὐκ
3272 1283 3339 1335 ἂν
3382 1284 3444 1335 ἐκ
3489 1281 3585 1334 τοῦ
3619 1277 3758 1334 εἶναι

2190 1373 2268 1434 είς
2291 1373 2352 1424 τὸ
2386 1374 2580 1444 μηκέτι
2612 1370 2748 1427 εἶναι
2781 1375 2938 1428 αύτά.
2972 1375 3139 1428 Πάλιν
3184 1375 3243 1428 τέ
3292 1392 3393 1426 που
3427 1375 3638 1445 ἀνάγκη
3672 1375 3760 1426 λέ-

2189 1479 2326 1531 γειν,
2359 1464 2435 1527 ὼς
2462 1461 2530 1535 ἦν
2564 1483 2691 1518 ποτε
2737 1466 2946 1537 καιρὸς,
2989 1462 3096 1518 ὅτε
3117 1469 3228 1529 τοῖς
3267 1467 3454 1528 κακοῖς
3484 1465 3698 1538 ἔχαιρεν
3731 1468 3760 1519 ὁ

2189 1557 2338 1618 Θεός·
2392 1558 2486 1611 νῦν
2517 1559 2572 1612 δὲ
2619 1560 2717 1612 ούκ
2757 1557 2891 1612 ἐστι.
2942 1560 3141 1630 Διόπερ
3185 1559 3446 1613 ἀδύνατον
3486 1556 3622 1613 εἶναί
3669 1579 3758 1631 μοι

2188 1647 2334 1701 δοκεῖ
2358 1647 2538 1716 λέγειν
2587 1649 2744 1702 τοῦτο
2786 1650 2915 1720 περὶ
2954 1649 3110 1704 Θεοῦ.
3169 1649 3456 1703 Ἀνοίκειον
3503 1651 3610 1721 γὰρ
3659 1651 3760 1720 τῆς

2190 1738 2403 1808 φύσεως
2458 1739 2621 1794 αὑτοῦ
2666 1740 2822 1794 τοῦτο
2875 1742 3272 1813 προσαρμόζειν
3332 1741 3498 1811 αὐτῷ.
3559 1741 3761 1812 Διόπερ

510 1827 617 1880 qua
652 1820 706 1867 et
746 1813 888 1867 mala
917 1815 1168 1870 videntur
1221 1827 1360 1874 orta.
1392 1821 1529 1875 Cum
1570 1821 1713 1876 enim
1753 1825 1842 1878 illa
1871 1833 1924 1880 et
1959 1827 2070 1882 sine

2181 1831 2327 1895 ἔδοξέ
2355 1832 2468 1902 (12)
2501 1850 2590 1903 μοι
2625 1834 2988 1903 συνυπάρχειν
3013 1851 3064 1886 τι
3098 1832 3244 1904 αὐτῷ
3276 1826 3320 1900 ᾧ
3347 1831 3582 1902 τοῦνομα
3614 1833 3756 1899 ὕλη,

510 1903 771 1969 qualitate
800 1913 854 1959 et
880 1904 1128 1964 informis
1151 1911 1476 1977 exsisteret;
1505 1913 1571 1967 ad
1600 1915 1714 1969 haec
1743 1933 1890 1982 vero,
1915 1920 2078 1976 etiam

510 1992 812 2048 inordinate
848 1994 1082 2050 ferretur
1116 1997 1320 2068 Deique
1351 2009 1467 2056 arte
1519 2003 1801 2076 indigeret,
1837 2024 1946 2064 non
1989 2011 2078 2065 in-

507 2085 644 2139 vidit
689 2086 836 2156 ipse,
867 2101 1043 2157 neque
1089 2089 1162 2144 ita
1195 2106 1408 2162 semper
1463 2097 1710 2165 permisit
1766 2098 1928 2166 ferri,
1981 2104 2078 2158 sed

508 2177 792 2233 elaborare
830 2179 1016 2249 cmpit,
1049 2182 1360 2252 optimaque
1404 2185 1474 2240 ab
1522 2188 1641 2256 ejus
1689 2192 1942 2259 pessimis
1992 2209 2079 2249 se-

509 2284 736 2323 cernere
789 2271 992 2339 voluit;
1045 2280 1207 2342 atque
1272 2273 1368 2339 ita,
1421 2294 1758 2351 quacunque
1793 2281 1961 2337 Deum
2010 2301 2078 2340 ex

507 2357 600 2412 illa
651 2373 943 2429 procreare
1002 2360 1260 2426 decebat,
1322 2367 1677 2433 procreavit;
1742 2385 2080 2441 quaecunque

505 2465 670 2514 vero,
740 2459 800 2504 ut
857 2453 1021 2508 verbo
1082 2451 1280 2521 dicam,
1341 2455 1530 2511 habuit
1583 2457 1910 2525 faaculenta,
1979 2477 2078 2517 ceu

505 2541 687 2612 inepta
708 2543 943 2614 Opiﬁcio,
971 2546 1152 2614 qualia
1185 2555 1363 2613 erant,
1404 2550 1538 2604 nihil
1568 2551 1669 2620 ipsi
1711 2553 1886 2618 utilia,
1918 2555 2074 2610 dere-

505 2633 666 2702 liquit
708 2653 720 2687 :
761 2651 826 2690 ex
869 2636 1068 2706 quibus
1115 2638 1276 2693 modo
1305 2640 1448 2709 apud
1496 2641 1747 2698 homines
1797 2646 1938 2698 mala
1991 2647 2077 2700 in-

502 2724 671 2782 ﬂuere
701 2728 814 2798 (li)
842 2728 1100 2785 arbitror.
1135 2727 1226 2784 Sic
1255 2731 1391 2786 bene
1420 2733 1593 2787 visum
1621 2743 1707 2790 est
1735 2737 1956 2791 sentire.
1991 2735 2074 2791 Tu

501 2832 668 2881 vero,
728 2821 935 2886 amice,
1008 2822 1053 2876 si
1107 2822 1238 2891 quid
1301 2823 1482 2878 minus
1547 2835 1694 2880 recte
1750 2827 1954 2881 dictum
1993 2829 2077 2882 vi-

501 2910 714 2976 deatur,
749 2929 1047 2984 suggerens
1084 2915 1338 2985 loquere;
1399 2917 1558 2986 plane
1607 2918 1752 2972 enim
1781 2935 1844 2975 ea
1887 2923 2077 2978 audire

500 3003 768 3060 desidero.

2185 1923 2242 1989 ἐξ
2274 1919 2340 1994 ἦς
2373 1924 2440 1978 τά
2469 1925 2596 1978 ὄντα
2624 1923 3053 1995 ἐδημιούργησε,
3085 1924 3250 1997 τέχνῃ
3286 1927 3420 1994 σοφῇ
3451 1923 3756 1996 διακρίνας,

2185 2017 2279 2070 καὶ
2325 2017 2696 2089 διακοσμήσας
2741 2016 2942 2080 καλῶς,
2987 2015 3047 2082 ἐξ
3094 2013 3162 2088 ἦς
3192 2019 3286 2071 καὶ
3327 2018 3395 2069 τά
3429 2018 3575 2071 κακά
3616 2015 3758 2070 εἶναι

2182 2107 2347 2161 δοκεῖ.
2385 2109 2600 2161 Ἀποίου
2624 2126 2682 2161 τε
2707 2108 2815 2179 γὰρ
2847 2109 2940 2162 καὶ
2957 2109 3363 2180 ἀσχηματίστου
3385 2109 3548 2178 οὔσης
3566 2108 3756 2179 αὐτῆς,

2185 2199 2321 2270 πρὸς
2342 2199 2399 2252 δέ
2437 2199 2647 2263 τούτοις
2667 2201 2761 2254 καὶ
2788 2200 3036 2265 ἀτάκτως
3066 2202 3390 2274 φερομένης,
3415 2201 3672 2271 δεομένης
3696 2216 3759 2252 τε

2182 2292 2280 2362 τῆς
2305 2291 2396 2344 τοῦ
2427 2292 2562 2346 Θεοῦ
2602 2292 2816 2363 τέχνης,
2853 2294 2952 2346 ούκ
2976 2293 3270 2365 ἐφθόνησεν
3301 2284 3476 2354 οὗτος,
3512 2290 3634 2344 οὔτε
3667 2290 3758 2343 διά

2181 2383 2380 2446 παντὸς
2429 2385 2717 2437 κατέλιπεν
2752 2385 2919 2455 αὐτὴν
2960 2384 3104 2438 οῦτω
3150 2385 3429 2455 φέρεσθαι,
3474 2383 3609 2436 ἀλλὰ
3657 2384 3756 2454 δη-

2182 2475 2460 2544 μιουργεῖν
2499 2475 2716 2544 ἦρχετο,
2749 2473 2842 2526 καὶ
2885 2473 2991 2525 ἀπὸ
3018 2471 3125 2526 τῶν
3167 2472 3454 2542 χειρίστων
3485 2471 3652 2539 αὐτῆς
3687 2471 3757 2525 τὰ

2178 2562 2439 2616 κάλλιστα
2460 2563 2763 2632 διακρίνειν
2787 2563 2964 2634 ήθελε’
2989 2563 3083 2615 καὶ
3106 2561 3278 2625 οὕτως
3301 2561 3390 2632 ἐδη
3401 2561 3750 2632 μιούργησεν,

2177 2654 2276 2706 ὅσα
2311 2653 2370 2718 ἐξ
2417 2655 2590 2724 αὐτῆς
2621 2655 2828 2726 ἥρμοζε
2875 2655 2994 2726 Θεῷ
3039 2654 3387 2726 δημιουργεῖν
3413 2670 3425 2683 ’
3461 2653 3530 2706 τὰ
3576 2652 3618 2704 δ’
3649 2653 3750 2705 ὃσα

2181 2745 2240 2810 ἐξ
2265 2745 2434 2814 αὐτῆς
2460 2746 2566 2814 (ὡς
2587 2746 2716 2809 ἐπος
2746 2746 2962 2817 είπεῖν,)
2983 2746 3233 2817 τρυγώδη
3250 2744 3532 2816 ἐτύγχανε,
3557 2743 3749 2807 ταῦτα,

2180 2836 2497 2906 ἀνάρμοστα
2529 2836 2657 2890 ὄντα
2702 2837 2838 2908 πρὸς
2875 2837 3255 2908 δημιουργίαν,
3293 2837 3368 2900 ὼς
3414 2832 3547 2906 εἶχε,
3593 2833 3753 2887 κατέ-

2177 2927 2323 2992 λιπε,
2348 2929 2466 2982 κατ’
2501 2927 2650 2981 οὐδὲν
2689 2928 2839 2999 αὐτῷ
2878 2930 3254 2999 προσήκοντα·
3291 2928 3351 2992 ἐξ
3381 2922 3454 2980 ὧν
3481 2927 3627 2980 δοκεῖ
3662 2943 3751 2996 μοι

2181 3017 2276 3070 νῦν
2317 3019 2466 3089 παρά
2497 3018 2805 3090 ἀνθρώποις
2846 3020 3091 3092 ἐπαίρειν
3123 3020 3190 3073 τά
3223 3021 3367 3073 κακά
3393 3019 3526 3089 (l3).
3566 3018 3752 3079 υῦτως

499 3099 645 3166 ἔδοξέ
673 3119 763 3172 μοι
791 3097 850 3156 εὖ
874 3100 1017 3172 ἔχειν
1043 3105 1276 3172 φρονεῖν.
1308 3104 1378 3156 Σὺ
1403 3104 1481 3168 δὲ,
1514 3099 1558 3157 ὧ
1591 3106 1730 3175 φίλε,
1756 3107 1809 3160 εἴ
1834 3108 1954 3162 τινά
1981 3127 2060 3163 σοι
2107 3112 2254 3168 δοκεῖ
2315 3115 2388 3186 μὴ
2415 3114 2594 3178 καλῶς
2618 3115 2872 3186 εἰρῆσθαι
2899 3115 3032 3188 πρὸς
3069 3114 3225 3186 ἐμοῦ,
3294 3114 3578 3184 ἀναφέρων
3601 3112 3747 3180 λέγε,

501 3197 594 3248 καὶ
627 3197 766 3250 πάνυ
793 3195 920 3266 περὶ
944 3195 1148 3250 τούτων
1171 3196 1385 3251 ἀκούειν
1412 3199 1582 3259 ποθῶ.

571 3285 780 3342 OBTH.
818 3286 1077 3357 Equidem
1109 3297 1384 3358 acceptam
1420 3291 1613 3358 habeo,
1639 3292 1830 3357 amice,
1873 3294 2070 3349 alacri-

2254 3295 2490 3352 ΟΡΘΟΔ.
2521 3295 2631 3366 Τὴν
2661 3297 2760 3366 μὲν
2785 3294 3094 3366 προθυμίαν
3132 3295 3464 3365 ἀποδέχομαι
3493 3293 3590 3365 τὴν
3627 3295 3746 3367 σὴν,

497 3385 663 3434 tatem
689 3386 857 3441 tuam,
876 3378 1222 3448 studiumque
1255 3381 1384 3436 illud
1423 3392 1572 3440 tuum
1594 3387 1738 3442 circa
1766 3387 2068 3444 doctrinam

499 3469 682 3524 laudo.
713 3469 869 3534 Quod
896 3483 1057 3539 porro
1091 3470 1163 3523 ita
1185 3471 1251 3526 dc
1281 3473 1444 3528 rebus
1477 3477 1800 3533 existimasti
1822 3519 1837 3541 ,
1890 3488 1948 3533 ιιι
1977 3496 2070 3537 eas

501 3560 644 3615 Deus
669 3576 736 3615 ex
763 3561 1072 3630 przejaccuti
1104 3563 1280 3634 aliqua
1305 3567 1612 3623 substantia
1638 3571 1927 3635 creaverit,
1960 3590 2068 3628 non

497 3666 726 3720 prorsus
752 3652 1208 3722 reprehenderim.
1271 3657 1478 3715 Revera
1510 3661 1653 3713 enim
1689 3660 1764 3715 ita
1797 3661 1978 3727 habet,
2010 3673 2069 3718 ut

497 3750 651 3798 ortus
679 3744 968 3809 malorum,
992 3745 1046 3800 in
1069 3746 1121 3800 id
1144 3765 1338 3804 sensus
1375 3751 1578 3805 multos
1619 3752 1916 3822 impulerit.
1946 3754 2072 3810 Ete-

496 3833 610 3888 nim
656 3841 782 3890 ante
840 3836 1052 3902 ambos,
1087 3839 1187 3893 viri
1242 3841 1423 3910 plures
1473 3843 1760 3898 sulIicienti
1797 3846 2064 3912 doctrina,

495 3927 788 3982 maximam
827 3944 889 3984 ea
942 3931 1008 3986 de
1057 3947 1116 3986 re
1147 3933 1500 4002 quaestionem
1540 3946 1844 3991 moverunt.
1883 3929 2069 4010 'Atquc

497 4017 589 4072 alii
613 4021 831 4090 quidem
855 4062 868 4087 ,
900 4023 996 4078 tibi
1031 4023 1230 4079 similia
1257 4026 1743 4096 existimaverunt;
1804 4030 1894 4083 alii
1938 4047 2067 4086 vero

497 4107 686 4174 Deum,
716 4127 904 4166 eorum
933 4122 1210 4169 auctorem
1248 4116 1690 4184 pronuntiarunt,
1729 4133 1964 4182 coaevam
2016 4121 2066 4175 ei

493 4202 854 4259 substantiam
905 4205 1187 4277 assignare
1245 4207 1450 4262 veriti:
1501 4208 1578 4262 illi
1635 4219 1860 4270 contra,
1920 4212 2063 4281 quod

493 4293 660 4349 Deum
691 4295 957 4349 malorum
986 4304 1262 4350 auctorem
1298 4297 1477 4352 dicere
1505 4310 1839 4364 vererentur,
1868 4316 2068 4357 conce-

493 4387 724 4442 dendam
758 4397 1016 4457 putarunt
1040 4390 1320 4444 materiam
1349 4406 1603 4445 coaevam.
1647 4393 1885 4464 Contigit
1909 4410 2060 4459 vero,

492 4489 552 4536 ut
573 4481 752 4536 neutri
789 4483 1088 4536 secundum
1119 4484 1231 4537 veri
1273 4483 1551 4539 scientiam
1585 4484 1750 4540 Deum
1785 4487 2060 4552 timentes,

492 4574 630 4627 bene
668 4571 926 4629 dixerint.
982 4574 1088 4627 Alii
1135 4582 1350 4638 autem,
1410 4577 1679 4647 principio
1743 4579 1942 4644 etiam,
1997 4579 2065 4635 de

2179 3383 2224 3441 ὧ
2262 3389 2400 3457 φίλε,
2437 3388 2529 3442 καὶ
2552 3387 2646 3441 σοῦ
2676 3388 2804 3458 περὶ
2826 3389 2916 3441 τὸν
2945 3388 3101 3456 λόγον
3134 3388 3364 3459 σπουδὴν
3390 3389 3616 3441 ἐπαινῶ·
3643 3389 3671 3442 δ
3692 3389 3749 3443 δὲ

2179 3482 2306 3553 περὶ
2332 3481 2439 3533 τῶν
2462 3481 2629 3533 ὄντων
2658 3479 2802 3533 οὕτω
2833 3479 3094 3550 διετέθης,
3127 3480 3202 3543 ὡς
3223 3481 3330 3552 ἄρα
3365 3480 3425 3543 ἐξ
3455 3481 3750 3551 ὑποκειμέ-

2177 3587 2273 3638 νης
2316 3570 2457 3632 τινὸς
2499 3569 2684 3631 οὐσίας
2720 3569 2892 3621 ταῦτα
2941 3567 3370 3638 ἐδημιούργησεν
3415 3571 3444 3622 ὁ
3490 3568 3642 3632 Θεὸς,
3682 3569 3744 3622 οὐ

2178 3662 2315 3714 πάνυ
2353 3678 2405 3714 τι
2450 3660 2756 3731 μέμφομαι.
2815 3660 2902 3724 Ὠς
2932 3659 3148 3729 ἀληθῶς
3192 3658 3300 3729 γὰρ
3340 3661 3374 3729 ἡ
3410 3659 3518 3712 τῶν
3562 3661 3747 3714 κακῶν

2177 3751 2386 3817 γένεσις
2413 3751 2538 3813 τοὺς
2565 3750 2789 3813 πολλοὺς
2812 3749 3121 3819 διατεθῆναι
3157 3753 3318 3803 ποιεῖ.
3355 3751 3463 3804 Καὶ
3496 3751 3604 3821 γὰρ
3639 3752 3746 3823 πρὸ

2178 3842 2268 3894 σοῦ
2296 3859 2354 3893 τε
2387 3841 2477 3895 καὶ
2507 3841 2640 3913 ἐμοῦ
2676 3842 2857 3896 πολλοί
2883 3859 3026 3903 τινες
3049 3841 3234 3912 ἄνδρες
3265 3843 3436 3895 ἱκανοὶ
3471 3846 3596 3914 περὶ
3624 3843 3747 3897 τού-

2174 3952 2264 3987 του
2309 3937 2406 4006 τὴν
2443 3935 2705 4006 μεγίστην
2751 3935 2972 4006 ζήτησιν
3019 3936 3358 4004 ἐποιήσαντο.
3402 3937 3510 3988 Καὶ
3553 3938 3601 3990 οἱ
3645 3937 3744 4006 μὲν

2175 4028 2372 4097 ὁμοίως
2398 4026 2712 4097 διετέθησάν
2742 4044 2824 4079 σοι
2845 4043 2858 4058 ο
2889 4029 2935 4079 οἱ
2978 4026 3024 4078 δ’
3053 4023 3116 4079 αὗ
3151 4027 3310 4078 πάλιν
3337 4027 3426 4080 τὸν
3454 4028 3586 4080 Θεὸν
3623 4029 3745 4082 τού-

2173 4133 2279 4168 των
2319 4115 2646 4187 δημιουργὸν
2689 4117 3052 4186 ἀπεφήναντο,
3093 4115 3384 4186 σνόγχρονον
3429 4118 3576 4188 αὐτῷ
3610 4119 3743 4170 ύπὸ-

2175 4223 2359 4260 στασιν
2405 4206 2583 4260 δοῦναι
2624 4206 3024 4276 πεφοϐημένοι·
3055 4209 3316 4270 κάκεῖνοι,
3356 4209 3420 4260 ἐκ
3451 4209 3543 4261 τοῦ
3577 4209 3744 4280 φοϐη-

2174 4298 2328 4369 θῆναι
2362 4299 2468 4352 τῶν
2510 4299 2693 4352 κακῶν
2733 4299 2962 4369 ποιητὴν
2997 4300 3169 4352 είπεῖν
3207 4300 3294 4352 τὸν
3324 4300 3477 4362 Θεὸν,
3513 4302 3743 4374 σύγχρο-

2172 4408 2259 4443 νον
2289 4390 2436 4460 αὐτῷ
2462 4389 2643 4443 δοῦναι
2676 4389 2773 4460 τὴν
2810 4389 2940 4460 ὕλην
2963 4389 3164 4454 ἔδοξαν.
3193 4392 3302 4444 Καὶ
3338 4393 3533 4463 συνέϐη
3561 4395 3740 4463 ἀμφο-

2171 4480 2366 4551 τέροις,
2418 4483 2481 4534 ἐκ
2536 4479 2630 4533 τοῦ
2691 4480 2764 4552 μὴ
2821 4484 2942 4535 κατ’
3000 4483 3306 4553 ἐπιστήμην
3365 4483 3458 4536 τοῦ
3511 4485 3740 4555 ἀληθοῦς

2173 4572 2473 4644 φοϐηθῆναι
2503 4572 2592 4624 τὸν
2619 4571 2770 4634 Θεὸν,
2802 4573 2860 4624 τὸ
2892 4573 2966 4644 μὴ
3000 4572 3177 4636 καλῶς
3209 4577 3404 4627 εἰπεῖν.
3442 4576 3651 4645 ’Έτεροι
3685 4576 3740 4628 δὲ

491 4679 555 4719 ea
604 4679 664 4719 re
706 4666 1057 4735 quazstionem
1109 4667 1385 4722 vitandam
1445 4669 1749 4733 duxerunt,
1797 4671 1945 4724 velut
1999 4687 2063 4725 ea

2179 4663 2264 4731 τὴν
2284 4662 2456 4733 ἀρχὴν
2476 4663 2569 4714 καὶ
2601 4663 2726 4733 περὶ
2749 4663 2839 4716 τοῦ
2862 4664 3100 4717 τοιούτου
3127 4665 3308 4733 ζητεῖν
3336 4671 3737 4738 παρῃτήσαντο,

490 4769 599 4809 non
635 4749 859 4807 haberet
894 4755 1074 4811 linem.
1115 4757 1380 4812 Caeterum
1420 4775 1528 4814 non
1568 4761 1698 4814 sinit
1755 4763 2060 4817 communis

490 4845 747 4901 amicitiae
783 4847 1062 4912 debitum,
1097 4856 1156 4902 ut
1207 4849 1324 4920 ipse
1373 4852 1623 4915 amoliar,
1681 4852 1771 4906 ubi
1825 4854 2060 4909 maxime

490 4937 619 5007 quid
664 4936 758 4991 tibi
800 4938 871 4992 sit
909 4938 1074 4992 animi
1133 4947 1190 4993 tu
1247 4941 1364 5011 ipse
1403 4945 1695 4999 annuntias
1732 4964 1744 4998 :
1778 4945 1922 5014 quod
1978 4947 2061 5000 ni-

489 5030 687 5084 mirum
758 5031 981 5086 miuime
1044 5039 1227 5087 teneat
1287 5036 1636 5106 praesumptio
1704 5037 2058 5108 (quanquam

559 5184 576 5248 ί
586 5181 672 5250 10)
703 5181 1017 5253 Quanquam
1043 5186 1271 5238 maxime
1301 5185 1683 5240 concedendum
1713 5190 1803 5252 sit,
1834 5198 1940 5245 etc.
1965 5189 2058 5244 Vi-

487 5251 645 5330 detur
686 5251 1093 5330 litteralminus
1125 5271 1298 5310 sana:
1338 5257 1442 5330 nisi
1476 5258 1552 5330 sit
1587 5260 1726 5313 ratio
1762 5251 2053 5330 peculiaris

486 5323 671 5377 clausa
699 5323 1027 5399 parenthesi,
1057 5340 1088 5379 a
1111 5341 1217 5396 qua
1246 5328 1429 5399 statim
1465 5328 1647 5382 redeat
1675 5333 1740 5384 ad
1763 5323 2050 5399 "probatio-

488 5407 609 5463 nem
635 5394 926 5461 prazmissa:
955 5394 1290 5463 illius,'quod
1317 5397 1456 5450 mala
1479 5413 1590 5452 non
1623 5394 1854 5454 debeant
1881 5401 2050 5455 tribui

488 5461 598 5541 Deo
628 5471 685 5541 u_t
719 5465 955 5541 auctori;
977 5467 1073 5541 qui
1102 5461 1219 5535 ipse
1247 5477 1435 5541 auctor
1462 5470 1750 5541 exsistens,
1785 5487 1892 5524 non
1924 5487 2049 5541 age-

487 5540 570 5586 ret
612 5533 679 5612 ad
728 5533 1011 5612 malorum'
1043 5533 1489 5612 destructionem.
1513 5538 1772 5612 _Voluerit
1805 5533 2053 5612 ergofad

489 5625 591 5656 ML:
623 5603 984 5677 incommoda,
1021 5623 1194 5677 neque
1225 5609 1326 5662 hoc
1366 5609 1546 5673 vitari,
1601 5621 1660 5662 ut
1704 5627 1771 5664 ne
1801 5603 2054 5666 dicantur

488 5680 740 5746 niala__cx_
769 5674 958 5746 nihilo,
999 5679 1044 5731 si
1081 5674 1303 5746 quidem
1333 5677 1474 5734 Deus
1508 5687 1589 5733 est
1617 5695 1804 5734 eorum
1841 5691 2050 5735 auctor.

472 5814 479 5823 ἢ
559 5743 669 5816 (Η)
711 5741 958 5812 Inﬂuere.
1004 5741 1296 5818 Ἐπὶρρεῐν.
1332 5747 1421 5803 Sic
1455 5748 1679 5806 Pbotius
1707 5771 1718 5806 :
1752 5767 1852 5806 vox
1883 5753 2052 5822 aptis-

2166 4753 2241 4816 ὡς
2270 4753 2368 4804 οὐκ
2402 4753 2615 4822 ἔχοντος
2651 4754 2804 4818 τέλος
2832 4755 2926 4808 τοῦ
2953 4756 3192 4808 τοιούτου
3231 4756 3556 4827 ζητήματος.
3607 4759 3735 4828 Ἑμέ

2168 4848 2225 4900 δὲ
2253 4847 2320 4900 τὰ
2349 4847 2501 4900 κοινά
2528 4847 2626 4917 τῆς
2659 4849 2794 4918 πρὸς
2831 4848 2889 4901 σὲ
2920 4848 3100 4917 φιλίας
3130 4849 3508 4920 παραιτεῖσθαι
3543 4851 3603 4901 τὸ
3643 4851 3738 4920 ζη-

2167 4939 2427 5007 τούμενον
2474 4939 2572 4992 οὐκ
2609 4939 2694 5009 ἐᾷ,
2748 4939 2841 4991 καὶ
2887 4939 3120 5008 μάλιστα
3158 4939 3244 4991 ὅτε
3290 4939 3387 5008 τὴν
3418 4939 3732 5008 προαίρεσιν

2166 5031 2527 5101 ἀπαγγέλλεις
2553 5034 2648 5104 τὴν
2683 5033 2810 5102 σήν·
2853 5031 2927 5094 ὡς
2975 5034 3034 5085 οὐ
3069 5031 3333 5103 προλήψει
3373 5031 3738 5101 κρατούμενος

2166 5189 2326 5252 sima,
2360 5188 2728 5260 significanda:
2757 5188 2830 5241 illi
2867 5189 2920 5243 in
2953 5206 3124 5258 genus
3156 5187 3451 5240 humanum
3480 5189 3623 5241 velut
3655 5190 3737 5240 in-

2161 5261 2392 5314 vectioni
2426 5261 2714 5321 malorum,
2751 5275 2816 5313 ex
2843 5260 3165 5328 contagione
3200 5261 3451 5312 materize.
3480 5260 3551 5311 Τὸ
3584 5262 3736 5312 ἐπαὶ-

2159 5347 2295 5400 ρειν,
2326 5330 2538 5385 videtur
2567 5330 2923 5386 mendosum;
2951 5331 3056 5383 nisi
3087 5329 3179 5393 sit,
3215 5328 3365 5396 oriri,
3393 5331 3592 5395 enasci,
3621 5347 3736 5383 sur-

2155 5417 2292 5470 gere.

2229 5453 2340 5540 (ιε)
2378 5453 2588 5538 Διόπερ
2620 5469 2709 5525 se.
2741 5468 2882 5540 haec
2918 5469 3087 5524 habes
3135 5468 3278 5539 apud
3321 5466 3572 5524 Photium
3604 5468 3726 5524 cod.

2161 5539 2410 5601 ccxxxvt,
2443 5542 2544 5596 sub
2577 5541 2694 5594 init.
2727 5539 2895 5594 GAlIL.

2235 5612 2346 5677 (l5)
2383 5611 2458 5665 Τὰ
2495 5610 2669 5665 κακά.
2725 5609 2841 5663 lluc
2902 5623 3070 5678 usque
3124 5608 3354 5678 primum
3400 5607 3727 5678 Photianu_m

2161 5672 2499 5750 excerptum.
2544 5681 2632 5735 ubi
2667 5688 2854 5734 tamen
2880 5672 3202 5750 itaell'ert'ur
3231 5680 3316 5735 hic
3345 5680 3497 5735 locus
3524 5697 3536 5734 :
3570 5679 3629 5746 ἐξ
3652 5672 3727 5731 ὦν

2159 5755 2304 5805 δοκεῖ
2331 5748 2418 5821 μοι
2454 5751 2546 5804 νῦν
2577 5751 2822 5820 ἐπιρρεῖν
2849 5748 2917 5802 τὰ
2945 5748 3107 5803 κακά.
3139 5748 3214 5803 In.
