4150 6468
474 414 577 470 εις)

1637 401 1764 456 LIB.
1804 401 1892 455 DE
1930 398 2178 455 LIBERO
2217 394 2566 451 ARBiTIiZO.

3614 388 3722 442 250

474 525 553 598 (εἰ
583 531 675 586 καὶ
706 532 773 584 τὰ
799 533 1030 600 μάλιστα
1061 534 1202 588 οὕτω
1242 551 1357 596 πως
1387 533 1446 596 ἐξ
1477 526 1550 585 ὧν
1577 531 1902 599 ὑπενόησας,
1931 527 2042 579 ἕδο-

2144 523 2412 584 maxime,
2475 536 2543 574 ex
2607 519 2676 572 iis
2731 531 2852 586 quae
2901 512 3302 576 considerasti,
3355 509 3429 564 ita
3480 523 3570 563 res
3625 508 3722 561 ha-

475 624 569 690 ξας
594 621 735 691 ἔχειν
769 623 836 675 τά
865 622 1228 693 πράγματα),
1265 621 1376 674 ἀλλ’
1413 622 1470 672 ὲν
1518 618 1781 688 ἐπιθυμίᾳ
1810 616 1908 686 τῆς
1947 613 2039 668 τοῦ

473 715 706 786 ἀληθοῦς
747 715 998 783 γνώσεως
1037 715 1365 769 καθεστάναι
1407 713 1604 782 λέγεις.
1638 710 1798 764 Ὅθεν
1842 707 2042 780 προθύ-

477 825 593 878 μως
625 805 780 874 κάγὼ
805 807 898 860 ἐπὶ
921 807 1010 860 τὸν
1041 808 1139 877 τῆς
1177 806 1456 879 ζητήσεως
1480 803 1829 875 τραπήσομαι
1860 800 2038 868 λόγον.

475 899 744 968 Βούλομαι
772 898 829 950 δὲ
857 899 950 951 καὶ
983 900 1190 950 τουτονὶ
1228 898 1318 951 τὸν
1349 899 1562 967 ἑταῖρον
1592 892 1864 966 ἀκροατὴν
1892 890 2043 960 γενέ-

475 993 598 1044 σθαι
626 991 732 1045 τῶν
762 991 1040 1061 ἡμετέρων
1074 989 1263 1058 λόγων.
1301 990 1408 1042 Καὶ
1440 988 1548 1058 γάρ
1577 987 1724 1039 δοκεῖ
1752 1001 1869 1046 πως
1903 983 2044 1036 κατά

472 1101 524 1136 τι
556 1082 684 1153 περὶ
726 1082 929 1134 τούτων
959 1081 1158 1150 ὁμοίως
1201 1097 1281 1133 σοι
1311 1077 1554 1144 δοξάζειν
1598 1077 1692 1131 καὶ
1732 1074 1926 1136 αὐτός’
1962 1073 2044 1126 διὸ

473 1173 647 1226 κοινὸν
679 1172 812 1243 πρὸς
854 1171 1196 1242 ἀμφοτέρους
1235 1171 1324 1222 τὸν
1363 1169 1518 1238 λόγον
1561 1165 1829 1221 ποιεῖσθαι
1863 1164 2045 1234 βούλο-

476 1279 592 1332 μαι.
623 1263 690 1314 Ἃ
719 1261 827 1332 γάρ
853 1261 916 1314 ἂν
940 1260 1146 1331 εἴποιμι
1172 1260 1308 1330 πρὸς
1337 1260 1395 1312 σὲ
1419 1259 1591 1322 οὕτως
1631 1257 1820 1327 ἔχοντα
1838 1296 1852 1320 ,
1873 1254 2043 1308 ταῦτα

473 1351 566 1403 καὶ
599 1351 733 1421 πρὸς
763 1349 948 1402 τοῦτον
990 1349 1190 1420 ὁμοίως
1216 1349 1373 1415 λέξω.
1405 1348 1473 1401 Εἴ
1502 1365 1584 1401 σοι
1629 1347 1804 1400 τοίνυν
1830 1345 2044 1417 ἀληθῶς

472 1440 717 1511 περὶτοῦ
748 1441 1053 1510 κρείττονος
1083 1441 1262 1509 λέγειν
1301 1440 1655 1510 εὐγνωμόνως
1699 1438 1860 1503 δοκῶ,
1894 1438 2042 1508 ’πρὸς

470 1533 696 1586 ἕκαστον
728 1533 1018 1604 ἀπόκριναι
1049 1525 1124 1585 ὧν
1155 1531 1342 1602 ἐρωτῶ
1362 1549 1374 1561 ·
1411 1535 1475 1585 ὲκ
1496 1531 1606 1602 γάρ
1637 1529 1842 1583 τούτων
1874 1531 2044 1600 γενή-

472 1642 622 1677 σεται
661 1626 756 1678 καὶ
790 1625 848 1677 σὲ
878 1625 975 1695 μὲν
1004 1625 1062 1677 τὸ
1093 1625 1287 1695 ἀληθὲς
1328 1623 1638 1694 μανθάνειν,
1678 1625 1823 1695 κάμὲ
1873 1623 1930 1676 δὲ
1968 1623 2042 1693 μὴ

475 1717 651 1788 μάτην
683 1719 806 1781 τοὺς
835 1718 1025 1786 λόγους
1063 1716 1330 1771 ποιεῖσθαι
1370 1718 1507 1788 πρὸς
1539 1717 1618 1770 σέ.

541 1811 743 1867 ΟΥΑΛ.
787 1811 970 1876 Ταῦθ’,
995 1813 1136 1883 άπερ
1164 1807 1343 1875 εἴπας,
1371 1811 1628 1882 πράττειν
1656 1809 1885 1880 ἑτοίμως
1915 1809 2041 1880 ἔχω.

2148 614 2275 667 bere
2309 612 2482 666 visum
2519 609 2663 677 sit),
2701 607 2794 663 sed
2827 605 3069 661 scientiae
3104 603 3220 658 veri
3258 600 3589 657 desiderium
3626 599 3722 654 ha-

2146 707 2290 761 beat.
2324 705 2503 770 Quare
2529 703 2691 756 etiam
2746 715 2845 769 ego
2896 698 3071 752 libens
3121 695 3427 764 alacrisque
3479 693 3546 747 ad
3577 708 3717 763 quae-

2149 795 2378 850 stionem
2412 791 2691 847 accedam.
2721 788 2905 842 Placet
2960 802 3110 853 vero,
3165 793 3226 840 ut
3283 796 3337 840 et
3376 785 3463 838 hic:
3515 785 3725 840 amicus

2149 894 2415 956 susceptae
2447 880 2840 952 disputationis
2870 878 3088 934 auditor
3149 878 3262 931 ﬁat.
3303 876 3438 930 Nam
3484 883 3538 931 et
3586 877 3723 946 ipse,

2147 978 2336 1033 eadem
2386 974 2783 1045 quadamtenus
2811 969 2909 1024 tibi
2941 970 3155 1023 videtur
3201 969 3457 1038 opinione
3501 987 3514 1021 :
3557 983 3728 1037 quare

2147 1071 2272 1125 volo
2333 1066 2610 1123 communi
2679 1079 2802 1118 cum
2858 1068 3089 1131 utroque
3151 1061 3394 1116 oratione
3457 1059 3724 1113 conferre.

2149 1159 2280 1225 Quae
2334 1158 2478 1214 enim
2541 1156 2639 1210 tibi
2697 1156 2779 1210 sic
2847 1153 3039 1208 atiecto
3097 1152 3368 1214 dixerim,
3430 1151 3616 1204 eadem
3675 1159 3730 1202 et

2151 1251 2228 1305 illi
2265 1249 2515 1306 similiter
2553 1248 2762 1303 dixero.
2807 1244 2863 1300 Si
2905 1247 3071 1317 igitur
3126 1260 3254 1300 vere
3301 1243 3398 1297 tibi
3441 1243 3628 1297 videor
3665 1256 3730 1293 ac

2151 1343 2363 1396 sincere
2400 1340 2546 1410 quod
2583 1349 2668 1394 est
2706 1339 2900 1394 melius
2938 1338 3148 1404 dicere,
3202 1334 3470 1406 responde
3507 1332 3574 1386 ad
3615 1335 3731 1386 sin—

2149 1433 2274 1503 gula
2327 1448 2450 1502 quae
2475 1439 2767 1502 percontor
2802 1446 2815 1481 :
2863 1429 2943 1484 sic
2971 1429 3116 1483 enim
3161 1428 3285 1492 ﬂet,
3316 1435 3375 1480 ut
3397 1434 3451 1480 et
3485 1426 3602 1494 ipse
3634 1425 3731 1478 ad-

2150 1519 2332 1574 discas
2362 1535 2570 1582 verum,
2631 1533 2734 1573 nec
2765 1532 2864 1588 ego
2895 1517 3100 1573 frustra
3146 1516 3424 1572 disserens
3460 1514 3729 1570 insumam

2151 1627 2455 1668 sermones.

2223 1795 2378 1851 VAL.
2412 1795 2729 1866 Promptum
2765 1795 2894 1849 mihi
2937 1801 3058 1858 est,
3087 1801 3147 1848 ut
3173 1809 3293 1866 qua:
3322 1794 3463 1849 dicis
3499 1793 3720 1848 faciam.

470 1902 580 1955 Καὶ
610 1901 695 1953 διά
723 1901 880 1954 τοῦτο
909 1901 1047 1972 μετά
1073 1901 1253 1971 πάσης
1292 1898 1596 1969 προθυμίας
1622 1898 1806 1950 ἐκεῖνα
1843 1897 2043 1950 πυνθά-

2147 1891 2328 1958 Quare
2384 1891 2532 1945 omni
2586 1890 2868 1944 alacritate
2923 1905 2985 1943 ea
3035 1899 3395 1960 percontare,
3427 1905 3494 1942 ex
3529 1889 3729 1958 quibus

469 2008 580 2054 νου,
610 1990 670 2055 ἐξ
702 1984 886 2062 ὧνπερ
914 1990 1152 2062 νομίζεις
1182 1988 1440 2042 δύνασθαί
1491 2004 1556 2059 με
1606 1988 1704 2058 τὴν
1738 1987 2044 2058 ἐπιστήμην

468 2083 562 2137 τοῦ
589 2083 893 2154 κρείττονος
926 2083 1135 2154 μαθεῖν.
1165 2083 1240 2135 Οὐ
1272 2082 1378 2153 γάρ
1410 2098 1500 2151 μοι
1546 2081 1608 2133 τὸ
1649 2081 1866 2151 νικῆσαι
1914 2081 2045 2150 πρό-

469 2192 642 2228 κειται
689 2174 893 2239 κακῶς,
941 2173 1075 2228 ἀλλά
1107 2173 1166 2227 τὸ
1197 2173 1393 2244 ἀληθὲς
1428 2171 1876 2244 ὲκμαθεῖν.”Οθεν
1920 2171 2042 2242 ἔχου

465 2267 526 2320 τὸ
552 2267 738 2322 λοιπὸν
763 2266 858 2319 τοῦ
897 2267 1076 2336 λόγου.

539 2358 774 2410 ΟΡΘΟΔ.
823 2359 943 2409 ’Ὁτι
1008 2357 1106 2427 μὲν
1163 2350 1255 2410 οὖν
1313 2355 1420 2427 (14)
1472 2356 1737 2426 ὑπάρχειν
1785 2356 2043 2410 ἀδύνατον

465 2447 704 2517 ἀγένητα
729 2447 821 2500 δύο
845 2447 983 2517 ἅμα,
1016 2447 1138 2501 οὐδέ
1167 2464 1225 2500 σε
1255 2448 1468 2516 ἀγνοεῖν
1493 2449 1718 2518 νομίζω,
1753 2450 1801 2500 εἰ
1848 2449 1942 2501 καὶ
1973 2449 2042 2501 τά

471 2539 703 2610 μάλιστα
725 2541 899 2603 δοκεῖς
925 2539 1212 2611 προλαϐὼν
1239 2539 1396 2592 τοῦτο
1422 2539 1828 2610 προτεθεικέναι
1860 2541 1936 2610 τῷ
1957 2540 2043 2592 λόί

467 2630 673 2702 γῷ.Ὤς
702 2631 916 2695 πάντως
956 2631 1015 2697 ἐξ
1044 2631 1290 2701 ἀνάγκης
1334 2631 1397 2684 τὸ
1434 2631 1622 2703 ἓτερον
1650 2632 1731 2684 δεῖ
1759 2631 1957 2701 λέγειν,
2003 2634 2037 2704 ἢ

465 2723 549 2777 ὅτι
578 2722 904 2794 κεχώρισται
931 2723 1031 2793 τῆς
1059 2722 1192 2792 ὕλης
1217 2725 1245 2776 ό
1264 2722 1414 2785 Θεὸς,
1442 2721 1475 2791 ἢ
1499 2718 1564 2776 αὖ
1599 2722 1782 2790 πάλιν,
1799 2725 1879 2777 ὅτι
1906 2724 2042 2793 ἀμέ-

473 2832 650 2886 ριστος
701 2816 869 2886 αὐτῆς
913 2815 1188 2884 τυγχάνει.
1220 2815 1284 2867 Ei
1322 2815 1418 2886 μὲν
1451 2810 1543 2867 οὖν
1571 2814 1810 2885 ὴνῶσθαί
1855 2832 1937 2878 τις
1966 2817 2041 2868 εί-

470 2911 592 2961 πεῖν
612 2907 749 2961 αὐτά
773 2907 966 2971 ἐθέλοι,
993 2908 1049 2960 ἓν
1068 2907 1129 2959 τὸ
1158 2907 1422 2977 ἀγένητον
1451 2905 1596 2971 λέξει
1613 2924 1626 2937 ·
1660 2907 1908 2978 (ἕκαστον
1933 2907 2041 2979 γάρ

467 2999 672 3052 τούτων
710 3000 872 3070 μέρος
903 2999 1054 3051 ἔσται
1085 2999 1178 3052 τοῦ
1211 2998 1502 3070 πλησίον·)
1533 2998 1776 3070 ἀλλήλων
1807 2999 1866 3053 δὲ
1896 3000 2038 3071 μέρη

467 3093 818 3162 τυγχάνοντα,
851 3093 950 3145 οὐκ
998 3091 1147 3144 ἔσται
1190 3078 1427 3161 ἀγένητα
1474 3089 1586 3153 δύο,
1615 3090 1727 3144 ἀλλ’
1757 3090 1815 3145 ἓν
1841 3093 1905 3144 ὲκ
1926 3091 2041 3145 δια-

469 3183 648 3254 φόρων
681 3183 950 3245 συνεστός.
982 3183 1114 3236 Οὐδὲ
1139 3182 1250 3254 γάρ
1279 3183 1370 3236 τὸν
1402 3181 1683 3251 ἄνθρωπον
1715 3182 1903 3254 ἔχοντα
1923 3183 2040 3237 διά-

469 3293 611 3346 φορα
641 3275 774 3348 μέλη
808 3277 1348 3346 κατακερματίζομεν
1376 3276 1455 3338 είς
1475 3274 1646 3329 πολλὰ
1667 3276 1888 3345 γενητά.
1908 3275 2044 3328 Ἀλλ’
2072 3260 2115 3318 C-

469 3369 525 3441 ἢ,
555 3370 628 3435 ὡς
661 3375 690 3424 ό
714 3371 869 3439 λόγος
900 3373 1139 3437 ἀπαιτεῖ,
1169 3371 1229 3424 ἓν
1255 3389 1306 3424 τι
1334 3373 1578 3442 γενητὸν,
1608 3371 1701 3425 τὸν
1739 3371 2043 3443 ἄνθρωπον,

471 3461 796 3531 πολυμερὲς,
845 3462 980 3532 πρὸς
1011 3461 1103 3514 τοῦ
1146 3461 1279 3514 Θεοῦ
1321 3461 1599 3530 γεγονέναι
1627 3462 1824 3532 φαμέν.
1861 3459 2046 3523 Οὕτως

469 3551 704 3621 ἀνάγκη,
733 3553 782 3604 εί
819 3551 917 3621 μὲν
961 3552 1032 3622 μὴ
1077 3551 1406 3623 κεχώρισται
1438 3553 1538 3621 τῆς
1571 3551 1703 3623 ὕλης
1737 3553 1767 3604 ό
1801 3551 1951 3614 Θεὸς,
1986 3549 2045 3603 ἓν

470 3642 529 3694 τὸ
555 3643 817 3712 ἀγένητον
849 3637 987 3694 εἶναι
1011 3642 1188 3712 λέγειν
1207 3659 1220 3672 ·
1249 3644 1298 3695 εί
1319 3643 1375 3696 δὲ
1399 3642 1731 3714 κεχωρίσθαι
1751 3643 1911 3713 φήσει
1936 3659 2040 3704 τις,

471 3733 683 3804 ἀνάγκη
718 3729 857 3786 εἶναί
902 3750 953 3786 τι
1007 3734 1066 3786 τὸ
1096 3734 1367 3804 ἀναμέσον
1395 3734 1739 3804 ἀμφοτέρων,
1773 3730 1910 3803 ὅπερ
1951 3735 2044 3785 xui.

469 3825 559 3878 τὸν
591 3826 865 3896 χωρισμὸν
895 3825 1072 3879 αὐτῶν
1103 3826 1391 3881 δείκνυσιν.
1411 3826 1692 3878 Ἀδύνατον
1713 3825 1824 3896 γὰρ
1852 3827 1909 3878 ὲν
1930 3825 2044 3879 δια-

457 3919 658 3994 στάσει
685 3917 968 3982 ὲξετάσθαι
989 3936 1041 3972 τι
1064 3916 1172 3972 ἀπό
1196 3936 1359 3983 τινος,
1389 3919 1486 3972 οὐκ
1517 3919 1664 3981 ὄντος
1689 3919 1895 3991 ἐτέρου,
1921 3919 2041 3972 καθ’

469 4008 500 4062 ὃ
527 4011 558 4080 ἡ
593 4010 868 4074 διάστασις
902 4012 1159 4084 ἐκατέρου
1199 4011 1609 4084 γίνεται.”οπερ
1635 4013 1694 4065 οὐ
1736 4014 1895 4085 μέχρι
1923 4012 2042 4067 τού-

468 4116 563 4154 του
589 4101 800 4155 ῖσταται
827 4103 921 4155 καὶ
958 4103 1140 4172 μόνου,
1169 4103 1304 4157 ἀλλά
1336 4106 1430 4156 καὶ
1475 4104 1742 4158 πλείστων
1775 4107 2042 4160 ὃσων.Ὂν

470 4193 578 4263 γὰρ
608 4193 699 4245 ἐπὶ
728 4193 834 4247 τῶν
866 4194 957 4248 δύο
987 4196 1263 4266 ἀγενήτων
1301 4197 1534 4267 εἴπαμεν
1559 4197 1733 4266 λόγον,
1766 4199 1952 4252 τοῦτον
1985 4196 2044 4264 ἐξ

470 4283 714 4354 ἀνάγκης
763 4286 962 4355 ὁμοίως
1013 4291 1335 4358 προχωρεῖν,
1370 4290 1416 4341 εἰ
1452 4289 1524 4341 τὰ
1577 4291 1813 4368 ἀγένητα
1862 4291 2039 4364 δοθείη

470 4375 613 4448 τρία.
652 4378 762 4429 Καὶ
787 4379 894 4449 γὰρ
923 4379 1051 4450 περὶ
1081 4379 1284 4434 τούτων
1309 4382 1536 4462 ὲροίμῃν
1581 4382 1668 4447 ἂν,
1717 4385 1764 4434 εί
1813 4382 2044 4454 κεχώρι-

471 4484 592 4521 σται
642 4469 734 4521 ἀπ’
765 4470 1088 4541 ἀλλήλων,ἢ
1130 4467 1195 4525 αὖ
1248 4472 1409 4525 πάλιν
1439 4475 1668 4526 ἕκαστον
1713 4474 1916 4544 ἥνωται
1966 4473 2042 4543 τῷ

469 4559 714 4630 πλησίον.
747 4562 808 4612 Ei
864 4563 960 4631 μὲν
1011 4561 1116 4634 γάρ
1168 4563 1407 4634 ἡνῶσθαί
1439 4583 1521 4628 τις
1551 4566 1723 4618 εἰπεῖν
1758 4565 1921 4631 θέλοι,
1948 4566 2038 4619 τὸν
2073 4598 2115 4651 D

467 4651 628 4703 αὐτὸν
656 4651 877 4704 ἀκούσει
891 4653 967 4724 τῷ
998 4654 1198 4726 πρώτῳ
1229 4654 1415 4724 λόγον’
1445 4659 1493 4709 εί
1525 4657 1568 4710 δ’
1600 4659 1665 4710 αὖ
1693 4657 1852 4711 πάλιν
1875 4677 2041 4728 κεχω-

469 4741 670 4813 ρίσθαι,
708 4743 767 4794 οὐ
805 4743 1056 4811 φεύξεται
1090 4747 1188 4820 τὴν
1221 4747 1279 4812 ἐξ
1312 4748 1557 4819 ἀνάγκης
1593 4749 1684 4803 τοῦ
1716 4747 2040 4820 χωρίζοντος

467 4835 892 4888 ἀπόστασιν.““Αν
917 4837 962 4890 δ’
994 4838 1101 4908 ἀρα
1123 4857 1206 4903 τις
1239 4840 1330 4894 καὶ
1347 4841 1529 4912 τρίτον
1551 4837 1687 4894 εἶναι
1716 4839 1858 4908 λέξοι
1885 4840 2040 4908 λόγον

465 4926 774 4997 ἁρμόζοντα
808 4929 935 4998 περὶ
973 4929 1081 4982 τῶν
1113 4932 1388 5002 ἀγενήτων
1416 4932 1684 5003 λελέχθαι,
1710 4933 1955 4986 τουτέστι
1979 4933 2039 4986 τὸ

470 5016 605 5088 μήτε
650 5019 980 5091 κεχωρίσθαι
1025 5021 1114 5074 τὸν
1155 5022 1286 5076 Θεὸν
1314 5025 1415 5094 τῆς
1441 5023 1594 5096 ὕλης,
1634 5027 1756 5097 μήτ’
1778 5022 1844 5080 αὖ
1879 5026 2040 5079 πάλιν

537 5152 649 5227 (id)
693 5154 811 5227 Ὅτι
850 5156 972 5227 μὲνΔ
1011 5150 1142 5210 οὖν.
1188 5155 1311 5210 Haec
1367 5156 1496 5224 item
1549 5167 1847 5212 occurrunt
1895 5159 2036 5227 apud

465 5221 715 5297 Phatium
764 5225 800 5278 l.
835 5221 909 5297 ὁρ
944 5225 1010 5280 iis
1058 5227 1241 5279 statim
1275 5221 1544 5295 subjecta,
1590 5245 1822 5297 quorum
1877 5221 2037 5283 modo

465 5293 832 5349 meminimus.
869 5295 1037 5350 GALL.

535 5362 651 5484 (15g
687 5361 827 5419 Sane
857 5366 1036 5435 igitur,
1071 5365 1212 5436 quod
1239 5365 1386 5420 nullo
1425 5368 1601 5430 modo,
1631 5376 1740 5423 etc.
1783 5369 1904 5420 ’Ότι
1937 5370 2036 5439 μὲν

535 5450 558 5483 ν
586 5433 621 5484 ἀ
653 5432 862 5484 ύνατον.
905 5435 1102 5484 lnoinil.
1151 5437 1240 5484 hic
1292 5436 1547 5484 Mellmdii
1597 5437 1846 5484 doctrina
1876 5481 1887 5484 _
1942 5440 2031 5484 ιιὴί

465 5427 558 5506 οὖν
586 5427 1102 5506 ἀδύνατον.”1ηρίρίἰ
1150 5437 1240 5490 hic
1291 5436 1547 5491 Methodii
1589 5427 1847 5492 doctrina
1875 5481 1889 5502 ,
1937 5427 2032 5493 ubi

467 5500 644 5576 Photii
697 5504 780 5576 vel
834 5500 1103 5576 interpres
1151 5507 1237 5561 vel
1287 5507 1592 5562 librarius:
1633 5508 1786 5573 Quod
1838 5500 1883 5562 si
1918 5511 2035 5575 ﬁeri

466 5572 611 5626 nullo
653 5572 1030 5656 modo_possit,
1063 5583 1195 5642 etc.,
1232 5577 1586 5632 conditionali
1627 5572 1834 5647 adjecta
1861 5572 2034 5633 totum

465 5658 687 5697 sensum
716 5657 1037 5701 pertinente.

536 5712 666 5789 (16)
683 5712 804 5789 Erit
837 5715 1091 5789 siquidem
1115 5716 1515 5789 unumquodque
1544 5716 1727 5772 horum
1757 5721 2035 5789 propinqui

461 5797 602 5855 pars.
647 5783 827 5855 Μέρος
856 5783 950 5837 τοῦ
977 5786 1219 5855 πλησίον.
1265 5783 1390 5840 Sola
1421 5783 1566 5842 enim
1595 5790 1661 5841 ad
1693 5783 1792 5843 hoc
1821 5783 2034 5845 videtur

466 5852 711 5910 sullicere
736 5852 933 5916 vaut;
983 5867 1037 5910 ct
1073 5852 1440 5914 ’continuilas.
1494 5857 1764 5929 lutei-pres
1801 5859 1977 5916 Photii
2016 5881 2027 5916 :

2152 1984 2437 2038 arbitraris
2467 1998 2628 2053 posse
2652 1998 2739 2036 me
2763 1982 2975 2036 discere
3006 1982 3152 2050 quod
3186 1990 3269 2037 est
3299 1982 3515 2035 melius.
3543 1979 3730 2050 Neque

2150 2075 2295 2130 enim
2335 2075 2674 2144 propositum
2729 2073 2905 2127 habeo
2949 2081 3008 2126 ut
3068 2073 3209 2128 male
3253 2073 3491 2135 vincam,
3541 2071 3635 2127 sed
3673 2081 3730 2126 ut

2149 2183 2338 2222 verum
2375 2167 2628 2222 edocear.
2659 2165 2780 2220 Jam
2813 2167 2997 2236 itaque
3026 2181 3335 2220 sermonem
3370 2180 3723 2235 prosequere.

2219 2368 2432 2424 ORTH.
2464 2367 2607 2424 Sane
2636 2370 2822 2440 igitur,
2855 2371 3001 2439 quod
3050 2369 3201 2423 nullo
3248 2370 3410 2424 modo
3451 2369 3564 2441 (l5)
3611 2371 3728 2426 ﬁeri

2150 2463 2345 2532 possit,
2379 2469 2438 2514 ut
2471 2463 2581 2514 sint
2633 2460 2742 2514 duo
2800 2461 2964 2515 simul
3007 2461 3269 2524 increata,
3299 2477 3399 2516 nec
3427 2469 3479 2514 te
3508 2461 3728 2530 quidem

2149 2552 2400 2622 ignorare
2428 2560 2581 2622 puto,
2619 2566 2936 2620 quanquam
2978 2551 3030 2606 id
3085 2551 3319 2606 maxime
3347 2551 3586 2606 videaris
3615 2568 3730 2606 ser-

2148 2659 2310 2697 mone
2343 2643 2454 2712 jam
2484 2643 2669 2697 habito
2693 2645 2976 2699 statuisse.
3003 2641 3171 2697 Plane
3195 2641 3463 2712 siquidem
3497 2646 3727 2697 duorum

2148 2735 2377 2788 alterum
2417 2748 2703 2788 necessum
2731 2733 2896 2789 fuerit
2922 2731 3136 2799 dicere;
3170 2734 3252 2788 vel
3277 2732 3424 2803 quod
3455 2731 3600 2789 Deus
3635 2749 3727 2788 se-

2147 2833 2371 2896 paratus
2392 2825 2458 2882 sit
2491 2841 2521 2879 a
2550 2826 2799 2889 materia,
2830 2827 2916 2881 vel
2949 2831 3140 2880 contra
3171 2825 3317 2894 quod
3347 2824 3612 2880 indivisus
3643 2824 3722 2878 illi

2147 2917 2438 2972 cohaereat.
2496 2914 2553 2970 Si
2593 2917 2718 2987 quis
2773 2917 2940 2986 igitur
2965 2917 3113 2971 unita
3145 2917 3277 2972 velit
3323 2917 3524 2980 dicere,
3558 2931 3728 2971 unum

2149 3006 2452 3062 increatum
2502 3007 2721 3062 dixerit.
2782 3006 2920 3078 (Erit
2980 3009 3248 3077 siquidem
3297 3008 3728 3077 unumquodque

2146 3098 2342 3152 horum
2371 3098 2658 3169 propinqui
2691 3113 2817 3168 pars
2834 3099 2992 3171 (16).)
3010 3099 3180 3154 Porro
3203 3116 3326 3170 quas
3347 3107 3476 3154 sunt
3494 3099 3728 3154 invicem

2147 3199 2352 3260 partes,
2386 3207 2496 3247 non
2526 3191 2636 3246 duo
2672 3192 2937 3254 increata,
2969 3193 3064 3247 sed
3095 3209 3263 3246 unum
3287 3192 3518 3246 diversis
3546 3191 3728 3246 consi-

2151 3289 2323 3346 stens,
2349 3283 2655 3338 increatum
2679 3289 2860 3339 erunt.
2894 3281 3030 3335 Nam
3061 3298 3236 3351 neque
3267 3282 3563 3346 hominem,
3593 3281 3727 3334 mul-

2149 3371 2218 3425 tis
2239 3379 2581 3427 constantem
2615 3373 2897 3436 membris,
2918 3371 3214 3426 dividimus
3244 3372 3300 3425 in
3322 3372 3488 3425 multa
3521 3378 3724 3426 creata.

2147 3461 2311 3526 Quin,
2349 3462 2423 3515 ita
2457 3463 2705 3533 exigente
2749 3462 2960 3515 ratione
2984 3501 2998 3523 ,
3045 3461 3340 3536 hominem,
3389 3475 3555 3513 unum
3595 3459 3726 3529 quid

2130 3559 2387 3606 'creatum
2445 3553 2702 3616 dicimus,
2741 3552 3036 3605 multarum
3099 3553 3356 3621 partium,
3393 3567 3424 3605 a
3482 3551 3592 3605 Deo
3647 3550 3727 3604 fa—

2145 3651 2314 3696 ctum.
2352 3642 2533 3712 Atque
2563 3643 2699 3695 adeo
2721 3656 2944 3695 necesse
2977 3650 3080 3704 est,
3107 3649 3164 3694 ut
3202 3641 3309 3695 nisi
3336 3640 3480 3696 Deus
3501 3655 3726 3710 separa-

2145 3745 2235 3791 tus
2261 3737 2334 3791 sit
2385 3752 2415 3790 a
2461 3735 2715 3801 materia,
2751 3751 2920 3788 unum
2975 3736 3277 3790 increatum
3310 3750 3432 3790 esse
3487 3734 3722 3790 dicatur.

2148 3823 2246 3878 Sin
2280 3841 2411 3880 vero
2445 3825 2619 3880 divisa
2653 3832 2707 3881 et
2732 3835 2983 3895 separata
3010 3826 3210 3895 aliquis
3241 3825 3461 3888 dixerit,
3495 3841 3723 3883 necesse

2144 3923 2229 3970 est
2254 3916 2592 3971 intercedere
2641 3917 2861 3987 aliquod
2893 3917 3152 3981 medium,
3179 3918 3323 3986 quod
3357 3925 3606 3987 separata
3631 3935 3726 3973 ex-

2145 4007 2350 4062 hibeat.
2384 4007 2747 4079 Nequitenim
2781 4009 2896 4064 ﬁeri
2945 4017 3018 4068 ut.
3050 4007 3254 4079 aliquid
3311 4009 3380 4063 ab
3427 4010 3612 4080 aliquo
3639 4011 3726 4064 di-

2145 4101 2296 4148 stans
2325 4097 2724 4159 consideretur,
2767 4097 2874 4152 uisi
2925 4098 3223 4153 exsisteute
3256 4098 3361 4152 alio
3420 4101 3722 4154 secundum

2145 4188 2290 4256 quod
2323 4187 2414 4241 ﬁat
2456 4188 2819 4244 discretorum
2853 4190 3139 4245 distantia.
3177 4189 3364 4256 Neque
3414 4191 3468 4245 id
3525 4193 3580 4247 in
3616 4210 3723 4248 uno

2145 4279 2250 4333 hoc
2281 4281 2507 4349 soloque
2528 4281 2695 4345 sistit,
2714 4282 2806 4336 sed
2835 4282 3148 4336 extenditur
3175 4282 3243 4335 ad
3261 4283 3545 4338 innumera
3574 4285 3725 4353 ejus-

2143 4371 2311 4424 modi.
2348 4369 2524 4436 Quam
2567 4373 2713 4426 enim
2764 4373 2820 4426 in
2877 4373 3094 4428 duobus
3149 4373 3407 4428 increatis
3456 4376 3720 4430 rationem

2143 4461 2404 4524 diximus,
2444 4464 2696 4518 similiter
2731 4473 2946 4534 oportet
2985 4466 3296 4535 procedere,
3323 4467 3368 4518 si
3393 4483 3721 4524 concessum

2145 4549 2305 4604 fuerit
2342 4552 2429 4605 illa
2459 4569 2581 4608 esse
2602 4555 2727 4608 tria.
2748 4553 2881 4609 Nam
2911 4565 2962 4610 et
2988 4557 3055 4611 de
3088 4556 3196 4612 illis
3219 4557 3546 4625 quaesierim,
3580 4559 3722 4613 sint-

2143 4657 2212 4697 ne
2232 4644 2300 4696 ab
2329 4643 2561 4698 invicem
2596 4653 2870 4715 separata,
2899 4648 2985 4702 vel
3027 4650 3452 4719 unumquodque
3497 4651 3722 4720 propin-

2141 4749 2250 4803 quo
2281 4735 2492 4788 unitum
2524 4736 2634 4791 sit?
2665 4737 2721 4790 Si
2749 4738 2968 4808 quidem
2999 4755 3128 4793 vero
3160 4742 3287 4794 velit
3311 4741 3507 4810 aliquis
3538 4741 3721 4796 dicere

2141 4826 2314 4892 unita,
2341 4827 2394 4884 id
2430 4829 2607 4897 ipsum
2657 4844 2721 4883 ac
2753 4831 2906 4900 prius
2943 4832 3231 4888 auditurus
3266 4841 3368 4888 est.
3403 4833 3497 4886 Sin
3527 4841 3718 4888 contra

2140 4917 2340 4972 dixerit
2373 4931 2646 4988 separata,
2683 4936 2793 4975 non
2830 4922 3070 4994 effugiet,
3097 4931 3157 4978 ut
3185 4940 3253 4979 ne
3283 4925 3597 4980 necessario
3624 4926 3722 4980 de-

2141 5007 2213 5061 sit
2255 5009 2398 5077 quod
2439 5020 2653 5080 separet
2701 5012 2836 5085 (l7).
2867 5013 3023 5081 Quod
3054 5016 3098 5068 si
3126 5017 3250 5084 quis
3300 5017 3464 5070 etiam
3496 5017 3712 5070 tertiam

2145 5159 2477 5232 Utraque-que
2507 5163 2642 5216 enim
2665 5179 2789 5232 pars
2823 5163 3009 5217 Iterum
3049 5167 3146 5218 erit
3181 5165 3336 5218 alteri
3365 5165 3575 5225 similis,
3607 5171 3714 5220 etc.

2139 5230 2349 5295 Quibus
2393 5230 2500 5286 inec
2550 5230 2881 5288 Methodium
2931 5234 3150 5297 reddit,
3200 5251 3298 5289 nec
3344 5234 3463 5302 ejus
3516 5235 3717 5288 rationi

2138 5302 2299 5372 aliam
2351 5303 2466 5370 ipse
2515 5303 2847 5372 probabilem
2877 5305 3158 5359 substituit
3191 5324 3203 5358 :
3231 5304 3535 5372 aliquorum
3568 5304 3714 5359 enim

2138 5371 2436 5443 similitudo
2461 5371 2568 5426 nOn
2600 5375 2798 5442 arguit,
2823 5390 2945 5429 esse
2967 5378 3195 5428 alterum
3228 5371 3432 5443 partem
3465 5375 3712 5429 alterius.

2138 5439 2294 5514 Quod
2338 5443 2410 5495 ibi
2450 5439 2724 5514 sequitur,"
2773 5445 2846 5496 ita
2898 5439 3614 5514 ρυιιειοιιόιιίηάλλήλων
3657 5443 3714 5496 δὲ

2139 5510 2279 5580 μέρη
2335 5510 2702 5584 τυγχάνοντα,
2758 5510 3050 5584 ἀγένητονο
3101 5512 3240 5584 ἀλλ’.
3293 5511 3392 5584 Ubi
3448 5510 3716 5581 interpres

2135 5591 2312 5652 partes
2347 5582 2483 5643 inter
2514 5599 2568 5634 se
2596 5599 2772 5650 pares,
2807 5582 2936 5643 etei,
2969 5583 3115 5652 quod
3149 5594 3329 5637 tamen
3365 5583 3528 5637 fuerit
3559 5599 3716 5638 men-

2136 5649 2618 5722 dumitypngraphi
2651 5667 2771 5720 pro,
2804 5649 3153 5719 partes—inter
3181 5670 3235 5706 se
3267 5663 3465 5722 partes,
3495 5662 3601 5709 etc.

2208 5721 2322 5785 (l7)
2368 5721 2488 5794 Non
2520 5723 2752 5794 e/fugiet,
2777 5730 2833 5794 ut
2865 5739 2927 5775 ne
2960 5721 3424 5794 necessario’desit
3461 5723 3598 5794 quod
3629 5739 3713 5777 se-

2134 5803 2303 5864 paret.
2343 5793 2434 5864 ΟὐΔ
2466 5791 2716 5864 φεύξεται
2759 5790 2857 5860 τὴν
2902 5792 2995 5844 τοῦ
3031 5793 3350 5864 χωρίζοντος
3392 5790 3709 5856 ἀπόστασιν,

2135 5862 2262 5932 quia
2305 5861 2563 5915 nimirum
2615 5861 2792 5931 ipsum
2826 5861 3125 5933 separatis,
3147 5873 3395 5934 oporteat
3430 5880 3552 5920 esse
3585 5864 3708 5914 uni-
