4150 6418
465 344 566 402 251

1448 347 1504 404 S.
1550 348 1880 405 METIIODH
1918 349 2226 406 EPISCOPI
2262 349 2349 404 ET
2392 346 2749 403 MARTYIUS

3608 342 3713 397 232

469 465 817 531 sententiam,
850 479 971 534 qua:
1015 465 1071 518 in
1112 464 1357 521 increata
1398 476 1683 536 congruat,
1713 468 1912 522 dictam
1941 487 2030 524 vo-

2148 470 2210 533 ὣς
2265 469 2403 540 μέρη
2459 466 2723 538 ἡνῶσθαι·
2753 460 2892 517 εἶναι
2923 464 3001 528 δὲ,
3037 462 3287 533 καθάπερ
3334 463 3392 514 ὲν
3427 461 3599 531 τόπῳ,
3644 467 3710 536 τῇ

468 557 668 621 luerit;
710 570 925 625 nempe,
978 570 1156 627 neque
1204 555 1372 612 Deum
1408 574 1438 612 a
1473 559 1700 613 materia
1728 571 2037 629 separatum

468 664 613 713 esse,
648 663 711 702 ac
735 663 911 719 neque
940 664 1162 703 rursum
1198 650 1357 703 ambo
1393 660 1452 704 ut
1483 660 1667 721 partes
1705 651 1850 706 uniri
1884 650 2035 723 (l8):

467 741 562 796 sed
596 756 718 799 esse
746 738 915 795 Deum
940 741 995 794 in
1026 741 1253 795 materia
1281 748 1340 793 ut
1363 742 1419 795 in
1448 742 1602 797 loco:
1625 743 2036 812 materiamque,

469 830 671 885 habere
704 831 759 884 in
802 828 913 885 Deo
964 832 1233 886 rationem
1276 832 1647 887 continentis:
1681 831 1895 886 noverit
1927 832 2038 895 ille,

469 921 606 987 fore,
639 923 764 978 utsi
794 923 1077 978 materiam
1100 922 1195 979 Dei
1230 926 1410 980 locum
1441 923 1760 991 dixerimus,
1785 939 2041 980 necessa-

467 1014 553 1070 rio
578 1015 743 1069 etiam
795 1014 1062 1071 dicendus
1107 1015 1180 1070 sit
1225 1015 1754 1085 comprehensibilis,
1792 1024 1847 1071 et
1879 1017 1972 1086 qui
2008 1030 2041 1070 ι

469 1106 702 1161 materia
730 1106 1237 1162 circumscribatur.
1268 1107 1410 1172 Quin
1439 1114 1494 1162 et
1519 1106 1707 1169 simili,
1736 1115 1900 1177 atque
1926 1121 2043 1160 ma-

468 1198 626 1262 teria,
660 1199 891 1265 ratione,
913 1197 1337 1253 circumferatur
1356 1204 1593 1267 oportet.
1623 1196 1732 1252 Nec
1759 1211 1892 1252 vero
1909 1211 2043 1252 con-

468 1291 665 1347 sistere
725 1296 926 1360 petest,
962 1296 1056 1342 aut
1085 1289 1142 1341 in
1201 1303 1262 1344 se
1310 1288 1429 1356 ipso
1459 1302 1699 1351 manere,
1744 1302 1809 1341 eo
1840 1294 2043 1341 temere

468 1390 638 1445 moto,
677 1381 733 1436 in
765 1395 874 1451 quo
917 1387 1022 1437 est.
1080 1378 1346 1434 Praeterea
1400 1378 1678 1434 fatendum
1730 1378 2041 1434 necessario

466 1481 571 1538 est,
603 1472 775 1528 fuisse
804 1472 971 1531 Deum
1017 1472 1075 1526 in
1117 1470 1502 1526 deterioribus.
1558 1468 1694 1524 Nam
1724 1468 1769 1525 si
1815 1469 2043 1525 materia

468 1562 797 1633 quandoque
840 1567 1035 1614 ornatu
1087 1560 1307 1628 caruit;
1357 1558 1499 1615 Deus
1543 1574 1703 1623 vero,
1737 1560 1927 1615 volens
1973 1560 2042 1615 ad

472 1659 672 1707 statum
703 1650 984 1706 meliorem
1011 1649 1279 1706 reducere
1300 1691 1315 1715 ,
1349 1661 1600 1705 ornatum
1627 1650 1861 1705 contulit
1895 1669 1907 1705 :
1940 1650 2043 1705 fuit

471 1741 784 1812 aliquando,
809 1756 935 1796 eum
972 1740 1116 1798 Deus
1154 1742 1210 1795 in
1245 1741 1514 1796 inornatis
1544 1741 1876 1811 incultisque
1903 1742 2044 1798 exsi-

2142 560 2241 632 ὕλῃ
2270 560 2363 614 τὸν
2405 560 2558 625 Θεὸν,
2586 560 2679 613 καὶ
2703 560 2801 631 τὴν
2832 557 2963 629 ὕλην
2992 558 3051 610 ὲν
3080 557 3156 626 τῷ
3187 555 3307 626 Θεῷ
3347 555 3408 607 τὸ
3452 556 3673 627 συνέχον
3694 572 3711 590 ο

2141 653 2408 718 ἀκουέτω,
2438 654 2542 717 ὅτι,
2568 652 2663 705 ὲάν
2690 652 2853 704 τόπον
2878 649 2971 703 τοῦ
2998 648 3131 703 Θεοῦ
3157 648 3253 720 τὴν
3282 646 3413 718 ὕλην
3444 647 3711 719 λέγωμεν,

2141 744 2201 809 ἐξ
2232 744 2476 816 ἀνάγκης
2514 744 2674 798 αὑτὸν
2703 743 2798 797 καὶ
2835 741 3080 814 χωρητὸν
3110 740 3285 809 λέγειν
3314 739 3414 803 δεῖ,
3450 741 3543 793 καὶ
3580 740 3714 811 πρὸς

2140 836 2239 906 τῆς
2273 835 2401 906 ὕλης
2436 836 2927 907 περιγραφόμενον.
2946 832 3107 886 Ἀλλά
3134 831 3239 904 μὴν
3266 832 3357 885 καὶ
3385 831 3585 902 ὁμοίως
3616 832 3712 884 αὑ-

2141 925 2233 979 τὸν
2258 929 2323 996 τῇ
2359 925 2458 997 ὕλῃ
2508 928 2755 991 ἀτάκτως
2799 925 3057 996 φέρεσθαι
3085 924 3181 977 δεῖ.
3230 923 3320 994 Μὴ
3351 923 3599 977 ἵστασθαι
3636 923 3710 988 δὲ,

2145 1016 2279 1088 μηδὲ
2308 1017 2487 1088 μένειν
2509 1017 2669 1070 αὑτὸν
2694 1019 2779 1086 ἐφ’
2805 1016 3018 1079 ἑαυτοῦ,
3043 1016 3276 1087 ἀνάγκη,
3306 1015 3397 1069 τοῦ
3422 1017 3478 1069 ὲν
3503 1010 3546 1084 ᾧ
3567 1017 3715 1070 ἐστιν

2142 1108 2329 1162 ἄλλοτε
2356 1108 2529 1173 άλλως
2565 1110 2884 1180 φερομένου.
2916 1108 3057 1179 Πρὸς
3085 1108 3140 1161 δὲ
3169 1108 3376 1171 τούτοις
3409 1108 3501 1161 καὶ
3523 1110 3580 1161 ὲν
3603 1108 3715 1179 χεί-

2145 1216 2263 1271 ροσι
2294 1200 2574 1268 γεγονέναι
2606 1202 2695 1254 τὸν
2726 1200 2856 1254 Θεὸν
2882 1203 3055 1253 εἰπεῖν
3082 1200 3315 1270 ἀνάγκη.
3349 1200 3413 1252 Εἰ
3439 1200 3549 1270 γάρ
3583 1216 3713 1253 ποτε

2142 1291 2380 1363 ἄκοσμος
2409 1288 2531 1364 ἦνή
2562 1291 2683 1363 ὕλη,
2714 1292 2988 1363 ἐκόσμησε
3018 1290 3075 1344 δὲ
3114 1291 3305 1362 αὐτὴν,
3331 1292 3410 1355 εἰς
3441 1291 3502 1344 τὸ
3532 1293 3715 1363 κρεῖτ-

2141 1399 2234 1436 τον
2259 1383 2455 1453 τρέψαι
2486 1383 2933 1456 προαιρούμενος,
2958 1379 3024 1454 ἦν
3054 1400 3184 1436 ποτε
3202 1384 3278 1436 ὅτ’
3299 1383 3357 1435 ὲν
3382 1382 3717 1453 ἀκοσμήτοις

2140 1468 2211 1545 ἦν
2235 1475 2264 1527 ό
2300 1473 2450 1538 Θεός.
2481 1475 2713 1538 Δικαὶως
2734 1474 2779 1527 δ’
2808 1474 2873 1527 ἂν
2903 1475 2998 1527 καὶ
3029 1472 3186 1526 τοῦτο
3212 1472 3459 1544 ἐροίμην,
3489 1473 3720 1543 πότερον

2143 1562 2382 1636 ἐπλήρου
2424 1565 2525 1637 τὴν
2570 1564 2702 1635 ὕλην
2731 1566 2761 1617 ό
2789 1564 2941 1629 Θεὸς,
2971 1564 3005 1636 ἢ
3037 1566 3094 1618 έν
3125 1564 3282 1635 μέρει
3314 1564 3420 1617 τινὶ
3459 1562 3556 1633 τῆς
3586 1562 3721 1633 ὕλης

2145 1656 2389 1727 ὑπῆρχεν
2423 1656 2611 1727 αὑτῆς.
2636 1658 2700 1710 Εἰ
2746 1656 2843 1727 μὲν
2874 1656 2983 1728 γὰρ
3030 1658 3087 1710 ὲν
3133 1655 3287 1728 μέρει
3316 1657 3425 1710 τινὶ
3462 1657 3557 1727 τῆς
3587 1653 3721 1727 ὕλης

2144 1750 2316 1801 εἰπεῖν
2342 1765 2427 1811 τις
2455 1747 2599 1801 θέλοι
2633 1749 2722 1801 τὸν
2763 1749 2916 1813 Θεὸν,
2960 1748 3207 1802 πλεῖστον
3247 1749 3369 1801 ὅσον
3399 1748 3722 1821 μικρότερον

471 1841 660 1890 steret.
686 1832 793 1888 Sed
812 1841 865 1889 et
880 1833 1009 1888 illud
1035 1834 1161 1904 jure
1187 1833 1491 1904 quazsierim
1526 1851 1541 1888 :
1571 1831 1838 1888 Totamnc
1870 1842 2041 1889 mate.

2148 1839 2305 1892 αὑτὸν
2349 1841 2448 1911 τῆς
2501 1839 2633 1911 ὕλης
2670 1840 2854 1908 λέγει·
2886 1839 2940 1893 εῐ
2959 1857 3022 1908 γε
3055 1840 3118 1912 δὴ
3176 1840 3337 1912 μέρος
3391 1841 3559 1911 αὑτῆς
3599 1840 3724 1894 ὅλον

468 1926 607 1981 riam
637 1925 780 1982 Deus
810 1933 1126 1997 occuparet,
1159 1940 1229 1980 an
1260 1927 1437 1981 solum
1478 1925 1532 1979 in
1566 1931 1721 1996 parte
1745 1926 1926 1995 aliqua
1956 1941 2047 1980 ex-

470 2018 878 2074 sisteret?Sane
903 2018 1142 2089 quidem,
1163 2019 1209 2074 si
1235 2018 1361 2089 quis
1389 2017 1557 2073 Deum
1574 2019 1627 2072 in
1651 2026 1804 2088 parte
1833 2026 2043 2072 tantum

470 2111 715 2165 materia:
736 2109 1009 2166 aﬂirmare
1049 2110 1209 2174 velit,
1237 2124 1498 2180 perquam
1533 2110 1907 2181 angustiorem
1938 2110 2042 2163 mi-~

469 2217 773 2273 noremque
808 2202 1036 2257 materia
1079 2201 1241 2265 dicit;
1270 2200 1490 2272 quando
1529 2216 1657 2272 pars
1694 2201 1816 2271 ejus
1867 2210 2042 2255 totum

471 2310 668 2365 capere
719 2295 915 2363 potuit.
950 2292 1046 2348 Sin
1092 2294 1289 2349 dixerit
1318 2309 1442 2349 esse
1496 2294 1551 2348 in
1585 2300 1721 2358 tota,
1767 2301 2045 2363 totamque

469 2387 782 2458 pervasisse
809 2387 1113 2451 materiam,
1147 2385 1425 2456 quomodo
1441 2401 1560 2442 eam
1579 2385 1880 2441 elaboravit
1895 2385 1911 2453 (
1924 2384 1939 2435 l
1953 2385 2043 2454 9)?

471 2476 709 2534 Net-csse
741 2486 825 2533 est
865 2478 1008 2532 enim
1043 2486 1101 2532 ut
1133 2479 1402 2543 dicamus,
1446 2478 1617 2533 fuisse
1662 2475 1829 2531 Deum
1860 2476 2045 2545 aliquo

470 2572 636 2628 modo
658 2573 713 2626 in
748 2587 808 2627 se
839 2579 1136 2627 retractum
1165 2581 1244 2637 ut,
1270 2570 1649 2626 contractione
1698 2568 1862 2632 facta,
1897 2569 2042 2624 illam

470 2673 681 2738 partem
712 2673 1079 2736 componeret,
1109 2679 1139 2718 a
1165 2680 1272 2736 qua
1307 2681 1367 2720 se
1394 2664 1749 2727 retraxisset;
1779 2663 1863 2718 vel
1879 2663 2043 2716 etiam

471 2774 581 2813 una
615 2773 737 2813 cum
768 2758 993 2813 materia
1027 2756 1325 2824 eﬂinxisse,
1355 2770 1466 2809 non
1518 2755 1804 2809 habentem
1865 2754 2043 2807 locum

469 2867 579 2921 quo
602 2866 660 2906 se
681 2851 898 2907 interim
922 2849 1212 2919 reciperet.
1232 2844 1290 2903 Si
1315 2862 1444 2901 vero
1477 2848 1601 2917 quis
1632 2853 1843 2899 asserat
1875 2852 2045 2899 mate-

468 2942 609 2997 riam
640 2941 694 2994 in
726 2939 837 2995 Deo
867 2939 1078 3002 fuisse,
1110 2936 1366 2992 similiter
1397 2933 1795 3005 exquirendum
1822 2940 1991 2989 restat
2025 2952 2037 2987 :

470 3041 654 3086 utrum
686 3031 917 3097 scilicet,
952 3028 1104 3087 velut
1135 3028 1256 3098 ipso
1299 3026 1478 3082 diviso
1518 3041 1547 3079 a
1579 3040 1638 3080 se
1668 3026 1786 3095 ipso
1821 3024 1955 3096 (20),
1978 3040 2043 3080 ac

470 3124 616 3179 sicut
656 3121 977 3177 animalium
1016 3132 1216 3191 genera
1257 3117 1310 3170 in
1358 3131 1483 3171 aere
1525 3118 1830 3183 exsistunt;
1865 3116 2043 3172 diviso

2147 1931 2392 2005 ἐχώρησε
2420 1933 2512 1986 τὸν
2540 1934 2693 1988 Θεόν.
2730 1934 2792 1986 El
2816 1933 2873 1987 δὲ
2898 1935 2955 1987 ἐν
2981 1933 3131 2007 πάσῃ
3163 1930 3300 1993 εἶναι
3335 1933 3501 2002 λέγοι,
3533 1936 3627 1987 καὶ
3652 1935 3725 1987 δι’

2144 2025 2273 2095 ὅλης
2300 2026 2675 2098 κεχωρηκέναι
2723 2027 2826 2097 τῆς
2866 2027 3017 2098 ὕλης,
3050 2027 3167 2091 πῶς
3205 2026 3407 2099 ταύτην
3436 2026 3727 2097 ἐδημιούρ-

2144 2133 2281 2188 γησε
2312 2117 2593 2187 φρασάτω.
2613 2117 2846 2189 Ἀνάγκη
2882 2117 2989 2191 γάρ
3022 2118 3283 2190 συστολὴν
3312 2137 3433 2173 τινα
3460 2119 3553 2173 τοῦ
3586 2118 3726 2172 Θεοῦ

2145 2206 2346 2276 λέγειν,
2382 2204 2450 2281 ἧς
2474 2209 2772 2282 γενομένης
2800 2210 3149 2283 ἐδημιούργει
3184 2213 3361 2264 ἐκεῖνο
3383 2212 3474 2280 ἀφ’
3503 2205 3562 2264 οὕ
3592 2211 3729 2264 ὑπε-

2146 2300 2412 2372 χώρησεν,
2444 2301 2476 2373 ἢ
2510 2302 2605 2355 καὶ
2634 2303 2794 2356 αὑτὸν
2847 2305 2912 2373 τῇ
2962 2301 3062 2373 ὕλῃ
3107 2302 3574 2373 συνδημιουργεῖν,
3624 2302 3728 2355 οὑκ

2146 2392 2337 2462 ἔχοντα
2366 2395 2767 2465 ὑποχωρήσεως
2795 2393 2980 2446 τόπον.
3015 2393 3078 2445 Et
3110 2392 3167 2446 δὲ
3208 2393 3307 2463 τὴν
3358 2392 3489 2463 ὕλην
3538 2395 3595 2446 ἐν
3644 2393 3727 2464 τῷ

2144 2484 2261 2554 Θεῷ
2298 2479 2434 2537 εἷναί
2478 2501 2561 2547 τις
2603 2483 2766 2547 λέξοι,
2788 2484 2989 2554 ὁμοίως
3017 2480 3289 2548 ἐξετάζειν
3333 2483 3444 2536 δεῖ·
3498 2483 3723 2555 πότερον

2144 2574 2221 2637 ὡς
2247 2574 2590 2644 διισταμένου
2616 2574 2779 2627 αὑτοῦ
2812 2575 2905 2639 ἀφ’
2928 2573 3143 2638 ἑαυτοῦ,
3174 2575 3265 2627 καὶ
3295 2572 3480 2646 ὥσπερ
3512 2576 3569 2633 ὲν
3601 2577 3723 2647 ἀέρι

2147 2666 2382 2737 ὑπάρχει
2428 2667 2582 2737 γένη,
2624 2665 3001 2737 διαιρουμένου
3029 2666 3124 2720 καὶ
3171 2666 3525 2738 μεριζομένου
3560 2666 3723 2720 αὑτοῦ

2145 2760 2226 2822 εἰς
2254 2757 2518 2829 ὑποδοχὴν
2546 2756 2653 2810 τῶν
2676 2758 2975 2827 γινομένων
3018 2759 3079 2811 ὲν
3125 2758 3291 2828 αὑτῷ,
3314 2758 3347 2829 ἢ
3377 2759 3541 2821 ὼςηὲν
3554 2760 3724 2831 τόπῳ,

2143 2850 2442 2913 τουτέστιν,
2470 2848 2659 2921 ὥσπερ
2689 2850 2747 2902 ὲν
2774 2852 2844 2919 γῇ
2885 2848 3030 2919 ὕδωρ
3055 2866 3068 2879 ·
3102 2851 3150 2903 εἰ
3185 2849 3283 2920 μὲν
3313 2849 3421 2922 γάρ
3453 2849 3722 2920 εἴποιμεν,

2146 2942 2221 3005 ὡς
2256 2942 2313 2995 ὲν
2343 2942 2488 3013 ἀέρι,
2526 2941 2784 3012 μεριστὸν
2827 2941 3040 3012 ἀνάγκη
3083 2941 3173 2995 τὸν
3214 2942 3345 2995 Θεὸν
3372 2944 3543 2996 εἰπεῖν
3564 2959 3575 2971 ·
3605 2945 3653 2996 εἰ
3679 2943 3723 2996 δ’

2146 3031 2334 3105 ῶσπερ
2360 3035 2418 3086 ὲν
2447 3036 2518 3103 γῇ
2549 3032 2693 3105 ὕδωρ
2712 3049 2725 3063 ·
2751 3028 2897 3104 ἦνηδὲ
2917 3032 3150 3096 ἄτακτος
3180 3034 3212 3103 ἡ
3237 3032 3334 3103 ὕλη
3366 3034 3459 3086 καὶ
3479 3034 3727 3104 ἀκόσμη-

2148 3139 2262 3186 τος,
2308 3123 2442 3194 πρὸς
2472 3122 2529 3175 δὲ
2557 3122 2768 3187 τούτοις
2796 3122 2992 3191 έχουσα
3021 3122 3117 3176 καὶ
3143 3123 3291 3177 κακά
3313 3140 3326 3153 ο
3358 3123 3449 3176 τὸν
3481 3124 3613 3177 Θεὸν
3640 3124 3728 3178 λέ-

469 3216 593 3288 ipso
621 3221 883 3287 sectoque
922 3208 992 3267 ad
1033 3225 1098 3267 ea
1143 3208 1494 3279 suscipienda
1526 3223 1647 3279 qua:
1691 3209 1746 3263 in
1776 3224 1841 3264 eo
1867 3218 1995 3263 sunt
2025 3228 2037 3264 :

2148 3231 2261 3283 γειν
2282 3214 2492 3285 ἀνάγκη
2553 3214 2717 3267 τόπον
2748 3210 2887 3267 εἶναι
2913 3215 3240 3285 ἀκοσμήτων
3266 3216 3360 3268 καὶ
3384 3215 3492 3268 τῶν
3517 3217 3724 3270 κακῶν.

468 3309 555 3364 vel
587 3308 734 3363 sicut
777 3305 836 3361 in
884 3303 1006 3359 loco
1052 3301 1158 3357 hoc
1206 3312 1311 3365 est,
1354 3318 1419 3356 eo
1450 3299 1612 3355 modo
1643 3316 1753 3371 quo
1798 3316 1938 3371 aqua
1987 3303 2043 3357 in

469 3403 618 3452 terra
656 3403 763 3452 est.
797 3391 856 3448 Si
884 3392 1103 3464 quidem
1134 3406 1200 3448 eo
1229 3391 1392 3446 modo
1447 3392 1749 3448 dixerimus
1794 3408 1903 3462 quo
1955 3408 2044 3449 res

471 3498 604 3547 sunt
631 3487 686 3542 in
710 3499 872 3557 aere;
897 3495 1119 3539 necesse
1142 3491 1248 3546 est,
1269 3490 1328 3537 ut
1355 3482 1521 3537 Deum
1555 3480 1882 3537 divisibilem
1904 3482 2047 3536 dica-

471 3596 619 3637 mus.
654 3577 753 3643 Sin
782 3584 963 3633 autem
1011 3591 1076 3632 eo
1125 3576 1286 3631 modo
1314 3592 1424 3648 quo
1453 3591 1593 3647 aqua
1622 3582 1708 3631 est
1746 3574 1801 3629 in
1842 3583 1988 3630 terra
2030 3594 2042 3629 :

473 3684 600 3728 cum
626 3666 855 3722 materia
881 3666 1149 3738 indigesta
1169 3674 1315 3722 esset
1340 3674 1393 3720 et
1425 3666 1905 3737 incomposita;ad
1936 3666 2049 3721 huic

471 3764 661 3826 etiam,
700 3760 844 3814 mala
873 3760 1216 3826 contineret;
1250 3759 1579 3814 necessitate
1640 3756 1953 3825 conﬁcitur,
1991 3767 2049 3813 ut

476 3893 593 3953 tum
633 3896 914 3959 extremis,
945 3911 1118 3967 coque
1166 3896 1273 3950 illis
1308 3894 1477 3967 idem,
1510 3894 1793 3967 identitate
1843 3893 2051 3967 scilicet

477 3968 712 4040 partium
766 3968 819 4040 in
871 3975 1005 4023 toto.
1031 3964 1233 4040 'PauJo
1260 3966 1417 4040 aliter
1457 3966 1723 4040 formatur
1750 3964 1864 4019 hate
1913 3966 2052 4040 ratio

477 4036 892 4109 Eiputhbotium
932 4060 945 4093 :
980 4046 1103 4106 post
1126 4037 1288 4092 verba
1318 4036 1462 4109 enim
1483 4051 1590 4109 non
1616 4036 1774 4109 longe
1800 4037 2052 4109 superius

474 4104 674 4180 posita,
712 4109 849 4180 ὅπερ
877 4104 1094 4163 καὶτὸν
1136 4106 1411 4180 χωρισμὸν
1452 4104 1631 4180 αὑτῶν
1660 4104 1897 4180 δείκνυσι
1930 4125 1941 4160 :
1978 4106 2049 4180 i_ta

477 4175 676 4248 arguit,
699 4175 855 4232 τοῦτο
883 4179 960 4243 δὲ,
984 4180 1100 4249 ἦτοι
1135 4175 1330 4249 ταυτὸν
1361 4176 1440 4240 ὃν,
1475 4177 1677 4249 ἥνωται
1706 4175 1921 4249 θατέρῳ
1946 4175 2052 4249 τῶν

474 4245 600 4321 δύοζ
638 4251 730 4302 καὶ
763 4251 976 4321 ἀνάγκη
1007 4245 1188 4302 ’πάλιν
1219 4247 1251 4319 ἢ
1298 4247 1556 4321 ἕνωσιν-ἢ
1590 4245 1868 4321 χωρισμὸν
1894 4245 2053 4321 πρὸς

475 4322 538 4374 τὸ
570 4319 755 4391 ἕτερον
789 4316 1377 4391 ζητεῖνῦΈνωσινγάρ
1422 4316 1682 4391 ἀδύνατον
1714 4316 1862 4391 ἰδεῖν3
1896 4317 2054 4391 εἴπερ

478 4385 900 4462 θατέρςρταυτὸν
923 4386 1060 4462 εἶναι
1088 4385 1446 4462 armasset
1471 4386 1678 4462 δέδοται
1694 4403 1705 4416 ·
1730 4385 1924 4462 ηνοῦτο

475 4452 747 4523 οὕτως’ἀν
776 4462 869 4514 καὶ
900 4462 961 4513 τὸ
992 4460 1051 4525 ἐξ
1075 4452 1269 4530 ἀρχῆς,
1297 4454 1341 4526 ᾧ
1369 4457 1564 4530 ταυτὸν
1592 4452 1727 4530 εἶναι
1753 4452 1919 4530 τοῦτο

2148 3305 2324 3377 Ὅπερ
2367 3306 2469 3358 οὑκ
2518 3304 2762 3375 εὕερημον
2803 3300 2947 3358 εἶναι
3000 3321 3089 3375 μοι
3136 3303 3300 3368 δοκεῖ,
3334 3305 3629 3374 ἐπισφαλὲς
3670 3308 3727 3360 δὲ

2151 3396 2554 3468 μᾶλλον.”Υλην
2604 3398 2713 3468 γάρ
2746 3393 3105 3462 εἶναινθέλεις,
3152 3397 3238 3451 ῖνα
3286 3395 3359 3467 μὴ
3386 3397 3495 3451 τῶν
3541 3398 3727 3452 κακῶν

2147 3490 2377 3559 ποιητὴν
2409 3490 2570 3562 εῖπῃς
2602 3490 2711 3542 τὸν.
2728 3489 2860 3542 Θεόν
2879 3507 2892 3519 ·
2920 3490 3014 3543 καὶ
3039 3489 3197 3543 τοῦτο
3221 3492 3411 3558 φυγεῖν
3443 3490 3731 3562 προαιρού-

2152 3598 2331 3651 μενος,
2365 3581 2568 3651 δοχεῖον
2601 3581 2761 3633 αὑτὸν
2793 3579 2899 3633 τῶν
2927 3579 3113 3633 κακῶν
3144 3575 3284 3634 εἶναι
3308 3580 3506 3648 λέγεις.
3539 3582 3603 3634 Εἰ
3629 3572 3728 3651 μὲν

2149 3670 2262 3734 οὖν,
2287 3674 2386 3745 τὴν
2414 3672 2545 3743 ὕλην
2578 3674 2642 3729 ὲκ
2666 3671 2773 3725 τῶν
2807 3672 2918 3743 (Ἡ)
2955 3672 3302 3725 ὑποστάντων
3333 3670 3573 3742 γενητῶν
3605 3672 3731 3724 ὑπο-

2150 3767 2305 3834 νοῶν,
2339 3765 2601 3837 ἀγένητον
2635 3764 2902 3836 ὑπάρχειν
2932 3763 3134 3832 ἔλεγες,
3159 3761 3327 3816 πολὺν
3355 3761 3421 3815 ἂν
3447 3763 3573 3835 περὶ
3602 3762 3731 3817 ταύρ-

2153 3901 2356 3975 [ὡς].ηὲν
2379 3901 2534 3975 μέρει
2561 3899 2819 3972 ἡνῶσθαι,
2855 3913 3049 3975 nempe
3090 3896 3260 3975 Deurn
3287 3896 3430 3975 uniri
3463 3897 3548 3950 vel
3578 3904 3644 3975 ut_
3670 3897 3728 3954 in

2154 3968 2306 4043 parte
2339 3991 2351 4027 :
2381 3968 2495 4035 'vel,
2531 3968 2594 4025 ut
2630 3986 2757 4043 pars
2787 3968 3169 4043 uniturparti.
3200 3968 3295 4043 Est
3328 3970 3496 4022 altera
3529 3968 3726 4043 proba-

2154 4038 2230 4097 iiu
2259 4043 2332 4113 ab
2360 4043 2531 4096 altero
2560 4038 2721 4113 modo
2752 4039 2994 4113 unionis,
3034 4054 3130 4109 per
3168 4038 3392 4113 modum
3436 4038 3675 4106 contigui
3708 4057 3721 4092 :

2153 4109 2425 4237 lrratique
2448 4120 2503 4167 ct
2533 4109 2685 4166 loci:
2725 4125 2846 4181 quae
2875 4119 2929 4165 et
2969 4110 3085 4179 ipsa
3117 4109 3185 4165 ad
3213 4109 3490 4163 hominem
3532 4123 3727 4177 proce-

2154 4200 2208 4237 (ι
2243 4225 2256 4236 .

2154 4185 2256 4237 (lit.

2228 4252 2339 4322 (l9)
2381 4250 2656 4322 Quomodo
2687 4267 2804 4304 eam
2847 4247 3174 4322 elaboravit?
3201 4246 3324 4312 Πῶς
3363 4246 3567 4316 ταύτην
3606 4246 3722 4319 ὲδη·

2158 4319 2478 4394 μιούργησε,
2498 4321 2856 4394 similitudine
2884 4319 3173 4394 artificum,
3201 4334 3340 4388 quos
3364 4324 3578 4388 Oportet
3606 4333 3728 4373 esse

2157 4389 2406 4447 nonnihil
2438 4394 2557 4447 loco
2589 4391 2858 4446 discretos
2887 4407 2914 4444 a
2948 4389 3175 4444 materia
3205 4404 3366 4458 quam
3392 4397 3728 4456 componunt

2154 4472 2210 4518 ct
2257 4463 2574 4533 perficiunt;
2622 4464 2704 4516 sic
2744 4461 3123 4533 Archimedes
3172 4458 3492 4533 nonnullum
3543 4459 3724 4533 locum

477 4532 565 4614 ρη.
591 4533 652 4614 ῌξ
683 4531 739 4583 δὲ
769 4526 1347 4614 κεχωρίσθαςάπαιτεῖ
1373 4528 1401 4578 ὁ
1425 4527 1789 4614 λόγρςηπάλιν
1813 4526 1874 4579 τὸ
1892 4527 2047 4614 χωρίς

2158 4526 2309 4589 extra
2336 4526 2652 4614 universum
2683 4531 2981 4610 quazrebat,
3032 4531 3127 4614 toti
3170 4530 3250 4614 illi
3296 4529 3492 4614 cientlo
3521 4536 3574 4582 ct
3601 4529 3729 4614 srde

477 4596 570 4667 ζον
593 4596 941 4671 ἀπαιτητέον,
964 4602 1067 4664 ἕως
1087 4599 1153 4654 ἂν
1178 4598 1575 4671 ἀπείρων-ἡμῖν
1595 4599 1868 4666 ἀγενήτων
1889 4596 2054 4667 ὲσμὸς

476 4674 750 4743 ἀναφανῇ.
787 4667 896 4743 Ego
927 4672 1008 4726 sic
1038 4667 1322 4743 redderem
1349 4688 1361 4722 :
1392 4667 1504 4743 (loc
1531 4679 1704 4721 autem
1734 4673 1949 4743 (nempe
1969 4682 2054 4743 se-

477 4737 873 4813 pardusfrelu't
910 4740 1048 4811 quod
1076 4742 1143 4793 sit
1176 4739 1311 4793 idem
1349 4738 1504 4813 alteri
1535 4745 1789 4801 duorum,
1830 4737 1911 4789 illi
1942 4738 2057 4813 rmi-

478 4807 591 4865 ium
613 4807 694 4866 est
714 4827 734 4865 :
776 4807 1087 4881 rursumque
1110 4826 1312 4865 necesse
1331 4810 1429 4881 erit
1451 4824 1682 4881 (μαντεῖε
1714 4819 1805 4861 aut
1836 4807 2055 4881 conjun-

476 4883 699 4939 ctionem
751 4893 843 4935 aut
890 4877 1272 4949 sepdrationem
1306 4880 1371 4934 ab
1405 4880 1590 4932 altera.
1625 4877 1876 4932 Unionem
1913 4879 2053 4931 enim

478 4954 672 5016 ridere,
706 4954 1027 5021 impossibile
1059 4953 1239 5021 fuerit,
1264 4952 1310 5004 si
1354 4950 1563 5020 quidem
1612 4965 1914 5021 concessum
1954 4957 2051 5021 est,

478 5041 589 5081 esse
626 5020 922 5078 idem’cum
966 5020 1154 5093 altera,
1185 5032 1234 5076 et
1272 5022 1356 5075 illi
1388 5022 1619 5093 unitum.
1641 5020 1901 5093 Sic_enim
1932 5020 2055 5071 uni.

481 5105 627 5149 retur
673 5096 831 5148 etiam
873 5090 1105 5162 primum
1147 5093 1303 5153 illud,
1329 5109 1444 5145 cum
1471 5108 1571 5162 quo
1604 5090 1746 5143 istud
1783 5090 1919 5143 idem
1943 5105 2054 5144 esse

480 5181 783 5221 concessum
804 5165 925 5235 fuit.
964 5163 1117 5229 Quod
1143 5165 1189 5217 si
1220 5166 1358 5216 ratio
1391 5163 1905 5235 docetseparotum:
1929 5175 2049 5212 rur-

478 5254 571 5293 sus
600 5230 939 5307 quwrendum
968 5245 1044 5289 est
1079 5250 1180 5307 quo
1204 5242 1496 5303 separetur,
1506 5230 1692 5307 _donec
1721 5232 2054 5307 inﬁnitarum

477 5300 827 5377 ingenuorum
855 5306 1002 5361 nobis
1032 5300 1182 5373 copia
1214 5300 1478 5377 occurrat.
1506 5300 1600 5377 Est
1634 5304 1748 5377 haec
1780 5302 2050 5377 ratio_sa-

478 5371 557 5433 tis
581 5378 753 5433 facilis
782 5384 834 5430 et
860 5371 1205 5443 consequens
1235 5393 1248 5428 :
1288 5371 1394 5428 nisi
1425 5372 1571 5442 quod
1619 5373 1820 5443 ubique
1874 5371 2053 5425 minus

480 5450 834 5518 probabiliter
862 5449 1077 5518 videtur
1099 5460 1431 5518 supponere,
1456 5444 1716 5518 distingui
1749 5443 1927 5518 aliqua
1960 5456 2055 5518 ne-

481 5512 742 5579 cessario.
775 5532 884 5571 non
919 5514 979 5573 se
1006 5512 1292 5587 ipty's,'sed
1324 5530 1419 5585 per
1451 5516 1577 5587 alia.
1611 5512 1761 5569 Valet
1788 5512 2057 5587 nihilomi-

481 5603 587 5643 nus
619 5589 708 5641 illa
739 5589 807 5642 ad
840 5583 1133 5651 hominem,
1167 5595 1221 5642 et
1251 5583 1532 5655 supposita
1572 5583 1878 5655 classa'illa
1909 5584 2055 5638 msti-

482 5658 722 5713 matione
754 5659 822 5715 de
851 5656 981 5721 Deo,
1019 5658 1073 5711 in
1106 5672 1211 5726 qua
1239 5652 1395 5711 erant
1427 5652 1815 5726 Valentiniani.

553 5727 666 5796 (18)
715 5727 791 5781 Ac
822 5743 980 5796 neque
1007 5723 1219 5780 rursum
1248 5727 1400 5781 ambo
1430 5735 1485 5779 ut
1514 5735 1691 5794 partes
1720 5724 1881 5796 uniri.
1912 5723 2052 5796 Μήτ’

485 5791 761 5867 αὖπάλιν,
793 5800 867 5862 ὡς
894 5791 1030 5869 μέρη
1056 5795 1289 5866 ἡνῶσθαι
1340 5791 1626 5862 Photiina,
1656 5795 1775 5867 μηδ’
1796 5791 1861 5851 αὖ
1898 5794 2053 5847 πάλιν

2157 4604 2444 4658 movendo.
2477 4598 2751 4671 Interpres
2799 4601 3002 4671 passim
3057 4601 3124 4652 τὸ
3165 4599 3516 4671 δημιουργεῖν
3552 4598 3728 4671 reddit

2155 4690 2355 4736 crearo,
2387 4674 2532 4742 quod
2566 4668 2820 4742 hocloco
2846 4687 2953 4742 non
2989 4668 3260 4740 congruit,
3290 4668 3386 4742 ubi
3433 4670 3611 4739 agitur
3660 4668 3729 4721 de

2157 4738 2482 4797 formatione
2511 4741 2770 4808 materiae,
2803 4740 3064 4794 adversus
3090 4738 3186 4795 eos
3211 4738 3506 4809 qui'ipsain
3539 4755 3568 4791 a
3593 4754 3652 4792 se
3675 4746 3729 4792 et

2156 4814 2451 4884 ingenitam
2486 4812 2759 4867 dicebant.
2790 4810 2857 4884 Ut
2883 4826 3012 4880 ergo
3047 4825 3153 4884 non
3179 4810 3404 4863 tulerint
3441 4824 3622 4884 aures,
3672 4815 3730 4861 ut

2160 4878 2314 4938 faber
2351 4883 2568 4938 dicatur
2593 4897 2777 4937 creare
2808 4878 3034 4951 ferrum.
3070 4882 3142 4934 ita
3177 4896 3352 4951 neque
3382 4886 3441 4934 ut
3470 4878 3634 4943 Deus,
3663 4893 3729 4933 eo

2157 4970 2345 5016 sensu,
2372 4953 2588 5008 dicatur
2617 4966 2804 5008 creare
2834 4950 3140 5005 materiam.

2227 5024 2338 5095 (20)
2385 5023 2530 5077 Velut
2559 5024 2671 5091 ipso
2693 5022 2861 5076 diviso
2890 5038 3003 5095 arae
3023 5023 3153 5095 ipso.
3171 5019 3330 5075 Velut
3352 5018 3405 5072 in
3431 5017 3733 5095 loco_com-_-

2156 5088 2391 5147 muni'et
2420 5088 2659 5163 proprio,
2696 5094 2987 5163 utAquovis
3020 5088 3180 5163 modo
3214 5098 3477 5163 sequatur
3521 5088 3728 5163 aliquid

2157 5159 2743 5219 absonum-vel'divisio
2760 5159 2850 5217 Dei
2872 5180 2891 5229 ;
2913 5162 2995 5216 vel
3020 5162 3226 5230 indigni
3250 5159 3303 5216 et
3325 5160 3522 5228 turpis.
3546 5175 3645 5213 ceu
3672 5159 3727 5212 in

2156 5250 2285 5289 vase
2308 5242 2362 5289 et
2386 5235 2505 5289 loco
2530 5234 2770 5303 proprio,
2795 5231 3155 5303 continentia,
3174 5246 3298 5303 cum
3330 5232 3529 5303 probro
3552 5231 3730 5303 couti-

2154 5306 2345 5361 uentis
2374 5324 2387 5358 :
2427 5304 2569 5358 unde
2597 5300 2742 5373 quod
2780 5303 3028 5373 sequitur
3057 5302 3092 5372 ἢ
3128 5300 3202 5364 ὡς
3226 5302 3282 5373 ὲν
3312 5300 3481 5369 τόπῳ,
3513 5300 3729 5373 videtur

2157 5375 2517 5447 supplendum
2543 5370 2727 5430 addito
2758 5370 2891 5443 εδεῳ,
2932 5372 3046 5447 nisi
3073 5370 3358 5447 legendum
3386 5378 3469 5424 est
3500 5370 3728 5441 ἀγγείῳ,

2156 5442 2319 5516 cujus
2340 5446 2690 5501 continentiae
2731 5442 3040 5516 exemplum
3067 5442 3247 5516 statim
3277 5442 3332 5495 in
3368 5449 3512 5494 terra
3542 5449 3729 5510 ponat,

2158 5511 2260 5573 hoc
2281 5525 2386 5580 est,
2412 5531 2540 5570 vase
2562 5524 2741 5570 terreo
2768 5523 2823 5569 et
2844 5511 2993 5567 fictili
3027 5511 3340 5567 continente
3357 5526 3553 5580 aquam
3585 5526 3730 5579 aqua

2156 5586 2514 5645 continentia.
2533 5600 2631 5640 vas
2658 5584 2881 5649 dicitur,
2899 5583 2984 5638 vel
3007 5582 3063 5637 in
3092 5582 3377 5648 honorem,
3407 5581 3497 5639 vel
3520 5581 3574 5637 in
3598 5597 3730 5636 con-

2157 5658 2458 5718 tumcliam.
2493 5655 2515 5712 ι
2546 5654 2688 5711 Tim.
2719 5670 2777 5709 tt.

2229 5729 2342 5798 (2|)
2397 5728 2489 5779 Ἐκ
2513 5723 2648 5781 τῶν.
2691 5723 2851 5781 Forte
2872 5722 2976 5789 ἔξω
3004 5722 3135 5777 τῶν.
