4150 6460
413 361 521 416 255

1575 364 1701 419 LIB.
1744 365 1832 420 DE
1867 365 2116 422 LIBERO
2154 363 2503 421 ARBITRIO.

3549 372 3657 430 234

408 497 507 550 της
537 478 879 551 ἐποιησάμην
905 480 1060 551 λόγον
1088 483 1167 547 εἰς
1194 481 1467 549 ἀπόδειξιν
1498 485 1593 538 τοῦ
1618 488 1698 540 ὅτι
1726 487 1986 543 ἀδύνατον

2095 487 2278 554 Deum,
2313 489 2490 542 locum
2521 485 2769 543 dicamus
2798 485 2912 559 (Ἡ)
2946 487 3435 559 incompositorum
3465 498 3519 546 et
3543 499 3661 545 tur-

408 571 674 643 ὑπάρχειν
720 573 888 646 αὑτὴν
940 574 1201 646 ἀγένητον
1222 593 1234 606 ³
1271 578 1393 629 ἐπεὶ
1421 577 1478 630 δὲ
1503 578 1602 650 τὴν
1642 579 1749 633 τῶν
1797 580 1979 633 κακῶν

406 663 620 732 γένεσιν
649 663 828 717 αἰτίαν
860 666 965 736 φῂς
1005 661 1141 719 εἶναι
1174 667 1277 736 τῆς
1310 667 1562 740 τοιαύτης
1589 669 1859 733 ὑπονοίας,
1893 669 1980 723 διὰ

405 752 561 807 τοῦτο
593 755 685 808 ἐπὶ
718 756 814 826 τὴν
862 755 1105 820 ἐξέτασιν
1149 756 1353 811 τούτων
1396 759 1646 831 ἔρχεσθαί
1694 779 1783 833 μοι
1814 762 1979 817 δοκεῖ.

404 846 642 917 Φανεροῦ
693 847 802 919 γὰρ
855 850 1139 920 γινομένου
1171 849 1265 903 τοῦ
1295 851 1478 920 λόγου,
1521 853 1643 908 καθ’
1671 854 1729 907 ὃν
1784 856 1984 926 τρόπον

406 938 523 990 ἐστὶ
567 939 636 992 τὰ
680 940 844 1002 κακὰ,
873 944 968 994 καὶ
1004 944 1085 996 ὅτι
1111 942 1208 1012 οὑχ
1235 936 1346 997 οἷόν
1369 961 1430 997 τε
1471 945 1619 998 ἐστὶν
1660 947 1829 999 αἴτιον
1875 945 1984 1001 τῶν

409 1029 594 1083 κακῶν
626 1033 801 1085 εἰπεῖν
826 1033 919 1085 τὸν
948 1033 1102 1098 Θεὸν,
1126 1035 1190 1087 ἐκ
1227 1033 1321 1087 τοῦ
1370 1034 1500 1105 ὓλην
1558 1035 1705 1106 αὑτῷ
1730 1035 1985 1089 ὑποτιθέ-

408 1135 494 1172 ναι
523 1120 621 1191 τὴν
660 1122 915 1193 τοιαύτην
953 1123 1228 1189 ὑπόνοιαν,
1273 1124 1611 1196 ἀναιρεῖσθαί
1663 1143 1752 1196 μοι
1801 1125 1981 1179 δοκεῖ·

407 1211 509 1275 ὅτι,
540 1214 589 1266 εί
638 1214 737 1277 τὰς
784 1216 1075 1287 ποιότητας
1135 1218 1208 1290 μὴ
1257 1217 1423 1282 οὔσας
1473 1217 1903 1291 ἐδημιούργησεν
1956 1223 1984 1274 ὁ

406 1300 559 1367 Θεὸς,
585 1305 678 1358 καὶ
704 1304 803 1370 τὰς
836 1307 1021 1372 οὐσίας
1052 1309 1269 1378 ὁμοίως.
1301 1311 1411 1381 Φῂς
1430 1310 1606 1363 τοίνυν
1631 1309 1821 1364 ἄποιον
1853 1309 1984 1381 ὓλην

409 1395 769 1467 συνυπάρχειν
811 1397 890 1469 τῷ
918 1398 1059 1471 Θεῷ,
1086 1400 1148 1469 ἐξ
1179 1397 1247 1473 ἦς
1276 1401 1376 1472 τὴν
1403 1400 1498 1454 τοῦ
1528 1400 1733 1472 κόσμου
1773 1400 1986 1470 γένεσιν

408 1484 835 1559 ἐδημιούργησεν
852 1507 867 1556 ;

2086 582 2257 651 pium,
2293 588 2456 650 atque
2494 579 2761 633 malorum
2797 598 2810 632 :
2842 581 2986 649 quod
3034 582 3217 637 minus
3273 582 3471 637 decens
3527 584 3660 638 mihi

2090 673 2324 735 videtur,
2345 672 2477 743 quin
2511 672 2674 725 etiam
2693 672 3080 741 periculosum.
3113 671 3248 726 Nam
3279 672 3402 727 ideo
3430 674 3511 728 vis
3538 689 3661 730 esse

2090 762 2399 826 materiam,
2444 768 2502 816 ut
2530 776 2598 816 ne
2635 759 2804 815 Deum
2838 762 3102 815 malorum
3125 772 3404 841 auctorem
3428 761 3662 815 affirma-

2088 854 2276 908 veris:
2311 867 2545 922 cumque
2587 851 2692 905 hoc
2742 852 2879 905 velis
2937 866 3151 916 cavere,
3204 861 3473 906 malorum
3530 867 3663 907 con-

2089 945 2454 1014 ceptaculum,
2485 959 2609 998 eum
2647 943 2805 1008 dicis.
2856 942 3014 1009 Quod
3076 944 3123 998 si
3173 944 3455 998 materiam
3507 953 3664 998 extra

2088 1036 2443 1092 subsistentia
2494 1042 2679 1089 creata
2725 1034 3068 1096 existimans,
3098 1034 3395 1089 increatam
3428 1035 3664 1089 dixisses

2089 1128 2378 1194 exsistere,
2392 1127 2601 1196 fmultis
2618 1125 2685 1181 de
2705 1141 2767 1181 ea
2793 1127 3010 1181 locutus
3025 1141 3224 1192 essem,
3250 1127 3528 1196 probando
3554 1143 3664 1180 non

2090 1235 2255 1290 posse
2286 1219 2426 1283 fieri,
2455 1226 2516 1274 ut
2540 1233 2604 1275 ea
2639 1220 2881 1273 increata
2922 1219 3012 1273 sit.
3043 1217 3182 1284 Quia
3215 1234 3345 1273 vero
3396 1220 3663 1273 malorum

2091 1317 2294 1375 ortum,
2351 1310 2687 1380 ejuscemodi
2733 1310 3008 1381 opinionis
3049 1309 3189 1366 dicis
3229 1324 3482 1374 causam,
3538 1326 3667 1380 pro-

2091 1407 2277 1470 pterea
2297 1400 2474 1456 visum
2504 1410 2610 1467 est,
2637 1412 2696 1455 ut
2727 1400 2796 1454 ad
2827 1403 3055 1457 istorum
3075 1415 3301 1455 examen
3326 1401 3662 1471 progrediar.

2092 1491 2382 1547 Declarato
2402 1493 2569 1557 enim,
2590 1490 2866 1561 quomodo
2900 1494 3033 1546 fiant
3059 1494 3222 1555 mala,
3245 1492 3498 1562 quodque
3525 1491 3669 1546 Deus

408 1580 674 1635 malorum
714 1594 906 1639 auctor
936 1585 1042 1642 dici
1099 1596 1353 1658 nequeat,
1416 1595 1741 1659 suggerente
1801 1588 2031 1644 materia
2082 1587 2354 1656 ejusmodi
2410 1588 2743 1658 opinionem,
2783 1588 2915 1642 mihi
2967 1586 3163 1643 confici
3216 1588 3451 1652 videtur,
3506 1596 3566 1643 ut
3617 1588 3667 1644 si

407 1668 552 1726 Deus
581 1673 870 1742 qualitates
903 1692 1024 1748 quae
1052 1694 1161 1734 non
1182 1681 1606 1746 erant,creavit,
1634 1680 1799 1736 simili
1820 1680 1987 1736 etiam
2011 1680 2228 1734 ratione
2262 1680 2607 1735 substantias
2648 1678 2870 1736 crearit.
2907 1678 3029 1732 Ain’
3059 1693 3190 1749 ergo
3248 1683 3531 1735 materiam
3571 1696 3670 1735 nu-

407 1765 531 1822 dam
564 1770 825 1839 qualitate
854 1781 907 1828 et
932 1775 1243 1843 informem,
1263 1776 1375 1833 Deo
1397 1778 1754 1844 coexsistere,
1773 1793 1839 1833 ex
1870 1792 1978 1848 qua
2011 1776 2273 1832 mundum
2301 1775 2611 1830 creaverit?

480 1859 683 1915 ΟΥΑΛ.
723 1863 878 1919 Οὖτω
911 1884 1001 1937 μοι
1031 1869 1198 1922 δοκεῖ.

479 1952 706 2006 υΡΘΟΔ.
755 1956 963 2010 Οὐκοῦν
1021 1962 1069 2012 εἰ
1111 1959 1301 2024 ἄποιος
1336 1959 1629 2032 ἐτύγχανεν
1656 1962 1690 2033 ἡ
1717 1960 1841 2033 ὕλη,
1892 1960 1987 2030 γέ-

407 2057 530 2109 γονε
561 2043 618 2096 δὲ
665 2045 869 2117 κόσμος
904 2050 1039 2121 πρὸς
1078 2051 1171 2104 τοῦ
1214 2051 1373 2119 Θεοῦ,
1403 2054 1464 2106 ὲν
1510 2053 1568 2106 δὲ
1608 2053 1687 2124 τῷ
1718 2054 1907 2125 κόσμῳ
1934 2056 1991 2108 αἱ

407 2135 720 2208 ’ποιότητες⁹
747 2139 857 2195 τῶν
881 2147 1181 2218 ποιοτήτων
1214 2147 1403 2217 γέγονε
1432 2147 1661 2219 ποιητὴς
1691 2150 1720 2202 ὁ
1738 2147 1889 2211 Θεός.

476 2327 680 2385 υΥΑΛ,
726 2328 914 2392 Οὕτως
937 2329 1072 2399 ἔχει.

475 2421 711 2475 ΟΡΘΟΔ.
768 2422 918 2474 Ἐπεὶ
956 2421 1010 2474 δέ
1044 2438 1138 2474 σου
1182 2420 1276 2475 καὶ
1306 2421 1555 2489 λέγοντος
1582 2420 1817 2493 πρόσθεν
1838 2423 1993 2492 ἡκου-

405 2531 485 2577 ον,
510 2514 585 2578 ὡς
613 2513 869 2568 ἀδύνατον
903 2513 962 2579 ἐξ
987 2514 1085 2566 οὑκ
1117 2513 1285 2567 ὄντων
1310 2512 1556 2581 γίνεσθαί
1582 2529 1654 2577 τι,
1690 2512 1826 2586 πρὸς
1851 2512 1992 2585 ἐρώ-

404 2623 563 2678 τησιν
597 2607 887 2678 ἀπόκριναι
914 2606 1014 2678 τὴν
1045 2606 1211 2677 ἐμήν’
1245 2605 1392 2659 δοκεῖ
1426 2623 1507 2659 σοι
1541 2604 1639 2669 τὰς
1664 2605 1759 2659 τοῦ
1785 2605 1991 2677 κόσμου

407 2698 698 2768 ποιότητας
731 2699 805 2771 μὴ
838 2699 897 2765 ἐξ
933 2680 1306 2768 ὑποκειμένων
1336 2699 1636 2770 ποιοτήτων
1677 2698 1989 2768 γεγονέναι;

479 2789 682 2842 οΥΑΛ.
711 2790 886 2843 Δοκεῖ.

482 2879 718 2933 ΟΡΘΟΔ.
758 2880 982 2953 Ἕτερον
1010 2881 1069 2934 δέ
1100 2898 1156 2935 τι
1188 2880 1340 2953 παρὰ
1377 2881 1477 2946 τὰς
1512 2880 1700 2946 οὑσίδς
1727 2881 1994 2955 ὑπάρχειν

410 2985 613 3033 αυταςς

484 3061 686 3119 ΟΥΑΛ.
724 3062 908 3127 Οὕτως
941 3062 1076 3134 ἔχει.

482 3154 717 3207 ΟΡΘΟΔ.
767 3153 977 3209 Οὐκοῦν
1015 3157 1065 3208 εἰ
1106 3155 1244 3227 μήτε
1275 3153 1335 3219 ἐξ
1377 3154 1752 3227 ὑποκειμένων
1779 3159 1995 3230 ποιοτή-

2023 1877 2066 1931 Β
2162 1867 2319 1925 VAL.
2359 1870 2435 1923 Ita
2465 1869 2599 1922 mihi
2636 1869 2869 1925 videtur.

2162 1959 2372 2015 ORTH.
2402 1959 2546 2031 Ergo
2581 1961 2627 2015 si
2659 1962 2888 2016 materia
2932 1961 3051 2017 sine
3083 1960 3345 2031 qualitate
3395 1969 3448 2016 et
3492 1961 3669 2015 infor-

2092 2054 2197 2110 mis
2226 2053 2364 2122 fuit,
2398 2055 2638 2110 mundus
2667 2071 2796 2110 vero
2827 2054 3005 2111 factus
3033 2062 3115 2111 est
3144 2069 3174 2108 a
3206 2054 3346 2122 Deo;
3384 2056 3436 2109 in
3464 2056 3668 2109 mundo
3754 2090 3757 2093 ν

2092 2152 2271 2200 autem
2302 2153 2431 2201 sunt
2460 2147 2782 2217 qualitates;
2818 2147 3004 2217 utique
3043 2147 3365 2217 qualitatum
3415 2145 3670 2201 conditor

2092 2236 2196 2292 fuit
2220 2237 2383 2294 Deus.

2166 2327 2324 2382 VAL.
2350 2329 2427 2383 lta
2458 2338 2563 2385 est.

2165 2418 2374 2476 OltTll.
2427 2420 2566 2486 Quia
2629 2435 2793 2490 porro
2850 2421 2907 2474 in
2964 2420 3343 2490 superioribus
3397 2419 3668 2474 dicentem

2094 2513 2301 2577 audivi,
2326 2528 2437 2568 non
2464 2527 2626 2582 posse
2666 2513 2872 2582 aliquid
2903 2529 2969 2569 ex
3019 2512 3192 2567 nihilo
3224 2510 3362 2576 fieri,
3399 2511 3671 2581 responde

2094 2605 2162 2660 ad
2194 2619 2370 2660 meam
2420 2605 2778 2675 qumstionem
2814 2603 3192 2661 :Videnturne
3240 2606 3338 2660 tibi
3380 2607 3671 2675 qualitates

2093 2697 2305 2760 mundi,
2332 2712 2399 2751 ex
2433 2711 2543 2750 non
2578 2696 2840 2767 subjectis
2873 2696 3231 2767 qualitatibus
3261 2695 3458 2751 factae?

2164 2787 2320 2844 VAL.
2365 2787 2654 2843 Videntur.

2164 2878 2377 2934 OBTH.
2427 2879 2492 2934 Et
2536 2880 2637 2935 has
2683 2895 2807 2935 esse
2843 2878 3053 2952 aliquid
3087 2877 3235 2934 aliud
3278 2893 3309 2933 a
3363 2878 3673 2934 substantia

2094 2972 2426 3027 existimas?

2166 3064 2325 3120 VAL.
2368 3066 2470 3129 Ita,
2500 3064 2671 3120 aliud.

2166 3155 2381 3212 ORTH.
2426 3156 2563 3212 Cum
2598 3170 2731 3226 ergo
2766 3154 2909 3211 Deus
2930 3155 3225 3226 qualitates
3249 3170 3313 3209 ex
3346 3169 3453 3208 non
3485 3152 3673 3221 subjea

410 3261 517 3298 των
549 3246 651 3309 τὰς
692 3247 980 3318 ποιότητας
1011 3224 1444 3318 ἐδημιούργησεν
1488 3249 1517 3301 ὁ
1551 3224 1717 3314 Θεὸς,
1759 3251 1896 3322 μήτε
1929 3224 1990 3305 ἐκ

2095 3247 2209 3304 etis
2232 3249 2588 3319 qualitatibus
2625 3224 2973 3315 condiderit,
3006 3263 3108 3302 nec
3143 3242 3248 3301 illae
3296 3246 3404 3302 sint
3427 3246 3583 3299 facta:
3600 3258 3671 3300 ex

405 3335 520 3390 τῶν
548 3337 744 3391 οὐσιῶν
783 3339 1108 3411 ὑπάρχουσι,
1135 3339 1214 3410 τῷ
1251 3337 1385 3410 μηδὲ
1409 3338 1596 3404 οὐσίας
1626 3340 1795 3406 αὑτὰς
1822 3338 1959 3395 εἶναι
1977 3358 1991 3372 ’

411 3429 478 3482 ὲκ
531 3429 604 3501 μὴ
658 3432 826 3485 ὄντων
885 3431 1055 3495 αὑτὰς
1101 3432 1207 3485 ὑπὸ
1268 3432 1404 3487 Θεοῦ
1450 3433 1729 3502 γεγονέναι
1784 3434 1996 3505 ἀνάγκη

412 3521 605 3578 εἰπεῖν.
646 3521 806 3575 Ὅθεν
850 3522 1118 3595 περιττῶς
1147 3523 1350 3588 ἐδόκεις
1383 3542 1473 3595 μοι
1502 3524 1707 3594 λέγειν,
1739 3525 1997 3579 ἀδύνατον

412 3610 654 3677 δοξάζειν
694 3612 752 3679 ἐξ
783 3612 882 3665 οὐκ
903 3612 1069 3665 ὄντων
1100 3613 1380 3681 γεγονέναι
1420 3632 1472 3668 τι
1507 3616 1644 3686 πρὸς
1683 3614 1779 3668 τοῦ
1833 3615 1992 3670 Θεοῦ.

426 3706 564 3760 Ἀλλ’
611 3706 640 3757 ὁ
677 3707 774 3777 μὲν
807 3705 934 3777 περὶ
963 3705 1155 3758 τούτου
1185 3705 1342 3775 λόγος
1370 3700 1471 3760 ὧδε
1506 3707 1696 3778 ἐχέτω.
1734 3709 1845 3762 Καὶ
1884 3708 1993 3782 γὰρ

413 3801 543 3870 παρ’
566 3801 697 3870 ἡμῖν
718 3798 933 3870 ὁρῶμεν
964 3797 1281 3872 ἀνθρώπους
1309 3799 1366 3866 ἐξ
1396 3801 1496 3854 οὑκ
1520 3799 1686 3854 ὄντων
1708 3799 1995 3866 ποιοῦντάς

411 3905 552 3953 τινα,
587 3891 636 3942 εἰ
684 3891 777 3944 καὶ
830 3890 898 3944 τὰ
935 3889 1168 3961 μάλιστα
1217 3890 1465 3946 δοκοῦσιν
1515 3885 1661 3947 οὑτοι
1713 3897 1886 3949 ποιεῖν
1934 3895 1995 3950 ἐν

413 3998 538 4038 τινι.
582 3979 706 4037 Οἷον
732 3983 825 4036 ἐπὶ
861 3982 971 4036 τῶν
1001 3983 1400 4056 ἀρχιτεκτόνων
1429 3985 1489 4039 τὸ
1522 3975 1874 4058 παράδειγμᾶ
1903 3988 1997 4042 λά-

415 4073 598 4147 ϐωμεν
619 4093 634 4107 ’
670 4077 765 4130 καὶ
794 4076 903 4148 γὰρ
922 4069 1067 4131 οὗτοι
1098 4076 1310 4131 ποιοῦσι
1334 4078 1521 4140 πόλεις
1555 4080 1655 4133 οὐκ
1678 4080 1743 4132 ἐκ
1767 4080 1992 4146 πόλεων,

415 4168 512 4223 καὶ
541 4170 704 4233 ναοὺς
727 4169 928 4240 ὁμοίως
950 4170 1050 4223 οὑκ
1083 4171 1147 4222 ὲκ
1175 4168 1316 4222 ναῶν
1342 4167 1475 4233 (22).
1526 4170 1781 4238 Ἁτελής.

765 4287 995 4343 ΛΟΙΠΑ
1045 4289 1149 4345 ΕΚ
1188 4289 1328 4343 ΤΩΝ
1360 4288 1641 4342 ΦΩΤΙΟΥ.

2095 3340 2585 3405 substantiis,cum
2619 3357 2728 3396 non
2761 3341 2872 3396 sint
2896 3340 3219 3394 substantiae
3252 3357 3265 3393 :
3296 3353 3522 3392 necesse
3567 3337 3675 3391 erit

2094 3430 2462 3504 dicere,_illas
2485 3447 2551 3486 ex
2596 3430 2769 3485 nihilh
2822 3428 3002 3499 aﬁDeo
3047 3437 3259 3483 creatas
3295 3441 3438 3486 esse.
3493 3426 3675 3492 Quare

2092 3525 2370 3581 videbaris
2419 3525 2693 3595 superﬂue
2728 3525 2933 3600 .dicere
2966 3538 3090 3578 esse
3138 3521 3492 3592 inopinabile,
3530 3518 3678 3590 quod

2096 3618 2241 3673 Deus
2270 3617 2478 3688 aliquid
2529 3633 2595 3673 ex
2647 3617 2818 3673 nihilo
2866 3616 3154 3672 creaverit.
3185 3615 3479 3669 Enimvero
3509 3629 3569 3668 ea
3604 3612 3676 3668 sit

2099 3710 2219 3780 ejus
2242 3710 2322 3764 rei
2360 3707 2586 3764 decisio.
2614 3707 2748 3763 Nam
2779 3708 2944 3763 etiam
2975 3707 3116 3779 apud
3154 3722 3273 3771 nos,
3307 3705 3553 3776 qumdam
3589 3705 3677 3759 vi-

2100 3804 2292 3859 demus
2338 3801 2620 3855 hominum
2661 3814 2829 3870 opera
2876 3798 2992 3854 lleri
3038 3814 3105 3853 ex
3140 3798 3332 3861 nihilo,
3365 3810 3674 3867 quanquam
3726 3818 3729 3819 ν

2102 3894 2206 3964 ipsi
2271 3892 2507 3949 maxime
2558 3891 2846 3947 videantur
2897 3890 3077 3945 facere
3132 3891 3186 3944 in
3248 3889 3452 3959 aliquo.
3506 3886 3574 3943 Ut
3629 3886 3679 3943 si

2102 3986 2411 4057 exemplum
2460 3985 2530 4040 ab
2582 3984 2899 4039 architectis
2936 3984 3222 4053 capiamus
3266 3999 3279 4034 :
3317 3997 3443 4037 nam
3489 3988 3545 4037 et
3597 3980 3679 4036 illi

2100 4075 2265 4131 nrbes
2294 4075 2538 4129 condunt
2591 4090 2654 4129 ex
2696 4089 2806 4130 non
2855 4074 3107 4140 urbibus,
3141 4081 3192 4128 et
3237 4073 3438 4144 templa
3469 4087 3538 4128 ex
3568 4084 3682 4127 non

2100 4169 2343 4240 templis.
2373 4167 2740 4239 Imperfectus.

2465 4280 2786 4348 RELIQUA
2829 4278 2932 4335 EX
2970 4278 3279 4335 PHOTIO.

1682 4405 1958 4479 (Biblioth.
2009 4400 2133 4458 cod.
2167 4397 2444 4470 ccxxxvr.)

489 4518 553 4572 El
580 4517 646 4583 δ’,
678 4518 759 4572 ὅτι
792 4518 1001 4583 τούτοις
1029 4518 1204 4573 οὐσίαι
1240 4518 1576 4583 ὑπόκεινται,
1617 4520 1717 4573 οἴει
1763 4518 1824 4584 ἐξ
1855 4514 1990 4587 (oux)

2180 4511 2335 4580 Quod
2369 4511 2437 4573 si,
2464 4510 2591 4581 quia
2624 4509 2711 4566 his
2765 4509 3088 4566 substantia:
3117 4506 3376 4578 subjectae
3402 4506 3532 4572 siut,
3563 4507 3683 4562 exi-

418 4608 589 4664 ὄντων
615 4609 726 4683 (25)
757 4611 926 4675 αὑτὰς
973 4613 1146 4666 ταῦτα
1195 4613 1368 4664 ποιεῖν
1388 4651 1403 4675 ,
1456 4611 1534 4684 τῷ
1576 4612 1718 4683 λόγῳ
1768 4609 1993 4681 σφάλλῃ.

420 4704 558 4758 osse
586 4703 691 4773 γὰρ
725 4705 758 4774 ἡ
787 4703 941 4757 οὐσία
973 4706 1119 4760 ἐστὶν
1149 4708 1182 4776 ἠ
1225 4705 1451 4759 ποιοῦσα
1476 4704 1574 4777 τὴν
1611 4704 1783 4767 πόλιν,
1811 4703 1844 4774 ἢ
1871 4703 1997 4765 τοὺς

420 4797 604 4861 ναοὺς,
630 4795 801 4868 ἀλλ’ἢ
843 4796 969 4867 περὶ
1001 4799 1101 4868 τὴν
1129 4797 1317 4852 οὐσίαν
1350 4798 1536 4868 τέχνη,
1567 4797 1601 4867 ἢ
1631 4798 1730 4850 οὑκ
1773 4795 1831 4862 ἐξ
1861 4796 1995 4849 ὑπο-

423 4889 681 4961 κειμένης
706 4887 853 4949 τινὸς
881 4888 1076 4959 τέχνης
1108 4891 1166 4941 ὲν
1203 4890 1325 4952 ταῖς
1356 4889 1566 4952 οὐσίαις
1600 4886 1809 4957 γίνεται
1832 4904 1846 4918 '
1878 4886 1996 4940 ἀλλ’

2105 4605 2301 4662 stimas
2338 4603 2479 4674 (eos)
2509 4617 2619 4657 non
2673 4601 2788 4656 haec
2821 4600 3111 4656 facere"ex
3143 4599 3337 4660 nihilo.
3374 4599 3539 4654 verbo
3578 4597 3680 4653 fal-

2102 4697 2256 4753 leris.
2281 4694 2469 4766 Neque
2499 4694 2644 4751 enim
2692 4693 2998 4749 substantia
3046 4691 3235 4747 condit
3284 4691 3555 4745 civitatem
3585 4696 3680 4744 aut

2101 4789 2323 4860 templa,
2363 4786 2459 4842 sed
2514 4802 2604 4842 ars
2643 4802 2765 4856 qua:
2789 4792 3042 4841 versatur
3074 4785 3222 4840 circa
3268 4780 3676 4838 substantiami

2096 4894 2289 4948 eaque,
2325 4893 2433 4932 non
2465 4893 2533 4932 ex
2555 4877 2800 4946 subjecta
2847 4876 3030 4946 aliqua
3062 4882 3179 4929 arte
3215 4889 3337 4944 qua:
3358 4873 3431 4929 sit
3463 4872 3518 4925 in
3543 4870 3679 4927 sub-

422 4979 486 5047 ἐξ
514 4982 615 5036 οὐκ
645 4979 813 5053 οὔσης
841 4982 899 5034 ἐν
930 4981 1121 5045 αὑταῖς
1155 4980 1382 5050 γίνεται.
1421 4980 1781 5051 Ἀπαντήσειν
1818 4979 1873 5033 δέ
1912 4996 1990 5050 μοι

2098 4972 2354 5037 stantiis,
2389 4970 2482 5026 sed
2507 4986 2570 5025 ex
2606 4986 2716 5024 non
2746 4978 2862 5024 arte
2884 4969 2938 5024 in
2984 4970 3113 5034 illis,
3146 4977 3481 5038 procreatur.
3517 4963 3680 5020 Vide-

423 5073 600 5138 δοκεῖς
628 5072 770 5127 οὓτω
796 5072 874 5145 τῷ
913 5072 1057 5144 λόγῳ
1074 5089 1088 5102 ·

497 5249 609 5318 (22)
638 5250 735 5304 Ἐκ
762 5248 945 5304 ναῶν.
983 5246 1102 5304 Huc
1139 5262 1316 5318 usque
1365 5245 1585 5318 Meursii
1633 5244 1820 5318 editio.
1856 5242 1998 5296 Pho-

422 5315 537 5375 tius
565 5322 743 5375 verol.
764 5336 813 5373 c.
841 5326 966 5390 post
992 5320 1157 5390 verba
1190 5315 1289 5372 οὖκ
1324 5319 1388 5371 ὲκ
1407 5317 1573 5390 ναῷν,
1597 5315 1785 5390 subdit
1810 5321 1996 5390 statim

468 5405 565 5461 me
602 5384 907 5461 sequuntur
949 5410 963 5446 τ
1012 5390 1076 5443 Et
1105 5389 1150 5442 δ’
1191 5390 1296 5453 ὅτι,
1334 5405 1389 5441 κ.
1420 5404 1472 5440 τ.
1495 5387 1551 5461 λλ.
1587 5386 1721 5461 Qua;
1774 5384 1994 5461 quidem

468 5407 549 5445 uae
602 5407 907 5461 sequuntur
949 5410 963 5446 τ
1013 5407 1076 5443 nt
1105 5407 1148 5442 0'
1191 5407 1296 5453 οτι,
1334 5407 1389 5441 κ.
1420 5407 1472 5440 τ.
1503 5407 1551 5440 Λ.
1587 5407 1719 5452 uua!
1774 5407 1994 5454 quluem

425 5407 781 5517 doctissimus
810 5461 1055 5524 Lamius,
1086 5474 1195 5513 una
1225 5475 1348 5514 cum
1383 5457 1546 5527 tertio
1576 5455 1757 5527 operis
1787 5455 1997 5527 Metho-

425 5532 573 5585 diani
597 5541 852 5602 excerpto
880 5546 945 5585 ex
971 5530 1160 5585 codice
1188 5526 1463 5602 Sirmondj
1489 5525 1789 5602 descripto,
1811 5525 1995 5602 hausit

423 5615 491 5655 ex
519 5602 666 5656 edito
694 5593 1122 5662 Gombelisiano,
1153 5607 1205 5655 et
1234 5601 1288 5654 in
1322 5597 1633 5669 praefatione
1660 5593 1726 5650 ad
1747 5593 1998 5669 v_ol._Vlll

424 5686 651 5740 aperum
698 5671 920 5729 Meursii
960 5671 1241 5735 exhibuit,
1278 5667 1403 5739 pag.
1441 5684 1567 5740 v-x.
1599 5680 1708 5737 quo
1736 5667 1996 5740 nimirum

425 5737 497 5865 :(I‘D
527 5743 716 5799 eodem
754 5741 990 5796 Meursio
1026 5737 1374 5797 Methodiana
1397 5739 1648 5810 evutgata
1676 5737 1993 5808 compleret.

451 5827 591 5865 ιιιι.

451 5837 469 5862 ι
481 5827 591 5868 κει..

1179 5072 1263 5125 ὅτι
1287 5072 1535 5145 τεχνίτης
1562 5074 1628 5145 τῇ
1659 5075 1718 5126 ὲν
1751 5074 1814 5144 τῇ
1848 5072 1990 5142 οὑσίς

2101 5064 2181 5119 ris
2215 5070 2392 5117 tamen
2421 5062 2497 5115 ita
2534 5062 2731 5116 rationi
2780 5077 2943 5131 posse
2987 5075 3276 5116 occurrere
3302 5077 3316 5112 :
3338 5069 3394 5113 ut
3419 5057 3679 5111 nimirum

2177 5237 2290 5310 (23)
2324 5234 2605 5310 Ἐξίούκ)
2632 5235 2843 5310 ὄντων.
2877 5235 3040 5310 Deest
3077 5235 3149 5310 μή
3170 5274 3185 5297 ,
3223 5239 3319 5310 aut
3348 5246 3680 5310 supervaca-

2103 5301 2357 5366 neum'rb
2384 5301 2501 5361 οὐκ.
2550 5301 2742 5360 Statim
2780 5320 2912 5360 vero
2953 5301 3093 5360 forte
3134 5301 3414 5373 legendum
3446 5301 3674 5367 αὐτούς,

2103 5390 2163 5436 ut
2193 5379 2463 5435 referatur
2504 5379 2573 5432 ad
2619 5377 2976 5443 architectos,
3028 5374 3097 5429 de
3140 5375 3341 5443 quibus
3374 5373 3536 5443 paulo
3575 5388 3673 5427 su-

2103 5465 2309 5593 p838.
2324 5517 2520 5593 Locum
2539 5518 2802 5593 dicamus.
2837 5515 3014 5568 Τόπον
3035 5511 3495 5593 εἶναιηΡιιοιί-ιιηε,
3520 5527 3677 5593 men-

2103 5584 2482 5654 dose,'al."ctov,
2526 5597 2636 5641 tota
2662 5586 2808 5641 enim
2843 5585 3244 5654 argumentatio
3276 5584 3331 5638 in
3361 5584 3612 5654 locoiest,
3641 5596 3673 5635 a

2105 5677 2212 5734 quo
2228 5653 2406 5730 arguit
2429 5659 2490 5734 ad
2510 5671 2761 5734 causam;
2780 5653 3083 5734 utquorum
3102 5654 3245 5710 Deus
3264 5653 3532 5734 nequierit
3554 5667 3677 5734 esse

2105 5721 2428 5787 causafuec
2454 5729 2793 5799 debeatiesse
2822 5721 2976 5783 locus
2997 5733 3052 5781 et
3082 5721 3553 5799 conceptaculum,
3589 5721 3675 5777 δοι

2106 5820 2248 5871 τερον
2301 5809 2359 5855 ut
2383 5800 2567 5856 statim
2586 5797 2860 5853 subditur.
