4150 6430
527 298 636 355 255

522 507 740 577 operari
770 506 904 581 (25).
940 509 1023 567 Ad
1050 513 1153 569 hoc
1181 521 1483 587 respondeo
1512 522 1731 596 :Neque
1757 528 1963 583 homini
1998 532 2096 586 ad-

520 599 676 654 nasci
706 612 879 656 artem
904 618 972 659 ex
1022 606 1271 677 subjecta
1319 624 1469 686 arte;
1505 631 1631 670 nam
1658 635 1837 690 neque
1868 625 2094 680 concedi

517 698 716 758 potest,
753 693 926 764 ipsam
950 698 1004 751 in
1039 714 1099 755 se
1147 702 1533 770 substantiam.
1582 719 1754 767 artem
1795 730 1937 770 esse.
1986 717 2092 773 Ars

512 782 660 837 enim
687 786 1069 846 accidentibus
1095 791 1441 862 adcensetur,
1485 799 1682 871 iisque.
1710 820 1940 875 quorum
1961 817 2091 866 tunc

512 873 586 928 sit
614 888 758 938 esse,
799 891 926 932 cum
983 879 1039 936 in
1090 882 1398 943 substantia
1428 890 1607 962 aliqua
1661 873 1947 964 procreata
1972 900 2089 957 fue—

509 965 644 1020 rint.
676 965 850 1025 Homo
904 972 1144 1042 quidem,
1180 977 1299 1033 sine
1345 981 1508 1037 etiam
1538 988 1836 1043 ’tectonica
1863 991 2029 1047 fuerit
2065 1011 2082 1046 :

507 1064 565 1110 at
595 1058 710 1125 illa,
742 1061 848 1116 nisi
890 1064 1045 1133 prius
1100 1070 1401 1127 exsistente
1456 1073 1695 1141 homine,
1754 1082 1905 1136 nulla
1956 1085 2081 1139 erit.

506 1147 689 1215 Quare
717 1152 1009 1211 dicendum
1041 1163 1378 1227 necessario,
1438 1165 1642 1224 habere
1682 1179 1829 1228 artes
1858 1183 2077 1243 natura,

505 1247 567 1294 ut
596 1257 660 1296 ex
689 1244 861 1301 nihilo
882 1246 1015 1303 tiant
1037 1250 1093 1304 in
1123 1251 1461 1313 hominibus.
1516 1258 1659 1331 Ergo
1697 1263 1745 1319 si
1777 1264 1851 1319 ita
1881 1267 2081 1324 habere

502 1335 850 1395 ostendimus
890 1339 948 1394 in
1005 1341 1362 1415 hominibus;
1395 1354 1668 1420 quomodo
1720 1371 1832 1411 non
1860 1374 2075 1429 aequum

500 1425 610 1477 erit
635 1425 838 1492 dicere,
873 1445 1034 1499 posse
1062 1448 1092 1487 a
1116 1433 1246 1500 Deo,
1274 1454 1383 1494 non
1437 1443 1613 1499 solum
1636 1425 1949 1516 qualitates,
1979 1456 2075 1509 sed

499 1521 555 1567 et
580 1515 935 1584 substantias,
967 1524 1083 1577 fieri
1118 1541 1185 1581 ex
1220 1529 1432 1585 nihilo?
1459 1531 1598 1589 Dum
1643 1515 1789 1593 enim
1813 1542 2075 1610 possibile

498 1602 713 1659 videtur
736 1614 796 1660 ut
823 1610 1039 1680 aliqqu
1077 1631 1145 1671 ex
1169 1618 1341 1675 nihilo
1371 1625 1483 1687 tiat,
1538 1641 1700 1696 posse
1728 1602 1893 1687 etiam
1940 1636 2073 1693 sub-

494 1698 729 1754 stantias
761 1716 827 1755 ex
855 1702 1030 1759 nihilo
1061 1708 1177 1763 fieri
1208 1716 1535 1772 ostenditur.

1515 312 1571 368 S.
1607 314 1942 375 METHODII
1980 320 2291 379 EPISCOPI
2330 322 2419 378 ΕΤ
2458 324 2816 385 MARTYRIS

526 414 789 472 artificem
840 428 960 477 arte
1014 437 1179 493 quam
1245 426 1301 481 in
1347 429 1656 489 substantia
1690 435 1909 501 haheat,
1940 439 2039 493 dic:

2145 441 2358 515 ιτέχνῃ
2388 448 2551 498 ποιεῖ.
2593 447 2739 518 Φημὶ
2796 447 2853 500 δὲ
2898 449 3034 521 πρὸς
3087 451 3278 520 τοῦτο,
3310 456 3394 511 ὅτι
3431 458 3555 514 οὐδὲ
3591 462 3609 514 ἑ

3665 347 3771 405 256

3591 466 3651 514 ἐν
3694 466 3771 537 τῷ

2197 533 2467 606 ἀνθρώπῳ
2495 537 2559 590 ἐκ
2585 554 2729 602 τινος
2761 540 3127 615 ὑποκειμένης
3159 546 3353 619 τέχνης
3386 533 3765 621 προσγίνεταινο

2194 625 2314 678 οὐδὲ
2345 626 2453 696 γὰρ
2505 628 2678 683 ἔνεστι
2721 632 2819 701 τὴν
2846 633 2933 703 ἐφ’
2967 636 3166 708 ἑαυτῆς
3224 639 3410 694 οὐσίαν
3441 642 3625 698 δοῦναι
3669 648 3768 718 τὴν

2192 716 2405 789 τέχνην.
2442 720 2562 773 Τῶν
2584 721 2692 793 γὰρ
2736 725 3155 797 συμϐεϐηκότων
3195 732 3332 795 ἐστὶ,
3374 735 3465 787 καὶ
3502 736 3611 789 τῶν
3644 716 3764 791 τότε

2189 805 2251 858 τὸ
2273 802 2412 862 εἶναι
2444 811 2675 881 ἐχόντων
2694 852 2709 876 ,
2748 814 2949 871 ὁπόταν
3002 820 3060 872 ὲν
3093 821 3248 893 οὐσίᾳ
3277 823 3383 876 τινὶ
3415 824 3658 897 γένηται.
3709 826 3763 883 Ὀ

2192 896 2293 966 μὲν
2322 900 2431 972 γὰρ
2461 902 2744 973 ἄνθρωπος
2775 907 2870 961 καὶ⁸
2904 910 3072 979 χωρὶς
3102 912 3202 983 τῆς
3236 896 3554 988 τεκτονικῆς
3584 919 3758 985 ἔσται,

2187 986 2299 1057 ἠδὲ
2325 990 2425 1043 οὐκ
2459 991 2632 1059 ἔσται,
2663 994 2759 1049 ἐὰν
2790 998 2864 1069 μὴ
2892 1000 3154 1074 πρότερον
3185 1003 3469 1076 ἄνθρωπος
3576 1009 3755 1078 Ὅθεν,

2183 1076 2283 1141 τὰς
2315 1080 2508 1149 τέχνας
2551 1085 2609 1151 ἐξ
2642 1087 2742 1139 οὐκ
2768 1087 2934 1144 ὄντων
2972 1093 3053 1154 εἰς
3094 1093 3413 1167 ἀνθρώπους
3456 1076 3757 1168 πεφυκέναι

2183 1169 2446 1240 γίνεσθαι,
2482 1176 2660 1247 λέγειν
2699 1182 3012 1251 ἀναγκαῖον.
3062 1187 3126 1241 Εἰ
3170 1190 3346 1243 τοίνυν
3384 1192 3541 1246 τοῦτο
3581 1196 3755 1262 οὕτως

2181 1261 2325 1333 ἔχειν
2361 1267 2449 1319 ἐπ’
2496 1270 2798 1343 ἀνθρώπων
2837 1276 3136 1349 ἐδείξαμεν,
3184 1282 3300 1346 πῶς
3352 1284 3471 1355 οὐκὶ
3507 1287 3753 1357 προσῆκε

2179 1353 2269 1407 τὸν
2312 1355 2442 1410 Θεὸν
2476 1361 2549 1431 μὴ
2580 1363 2757 1432 μόνον
2798 1367 3106 1438 ποιότητας,
3156 1373 3214 1438 ἐξ
3245 1375 3343 1427 οὐκ
3385 1353 3562 1431 ὄντων’
3585 1353 3752 1447 φάναι

2177 1444 2434 1502 δύνασθαι
2479 1456 2679 1519 ποιεῖν,
2713 1455 2848 1511 ἀλλὰ
2885 1459 2979 1512 καὶ
3018 1462 3236 1529 οὐσίας;
3277 1466 3350 1519 Τὸ
3389 1468 3498 1538 γὰρ
3529 1444 3752 1525 δυνατὸν

2178 1538 2411 1608 φανῆναι
2445 1543 2505 1597 τὸ
2531 1545 2776 1614 γίνεσθαί
2800 1567 2850 1602 τι
2879 1550 2939 1616 ἐξ
2964 1553 3063 1608 οὐκ
3083 1554 3271 1621 όντων,
3307 1558 3399 1612 καὶ
3438 1560 3535 1625 τὰς
3561 1563 3753 1628 οὐσίας

2174 1628 2346 1696 οὕτως
2371 1632 2515 1704 ἔχειν
2546 1637 2842 1696 δείκνυται.

566 1786 766 1845 lterum
800 1809 928 1850 vero
960 1796 1208 1855 instituta
1241 1804 1308 1859 de
1364 1807 1524 1865 malis
1578 1809 1876 1883 disputatio
1906 1834 2039 1874 resu

2236 1784 2407 1854 Πάλιν
2450 1787 2508 1843 δὲ
2547 1791 2870 1865 διαληπτέον
2917 1799 3025 1854 τῶν
3058 1802 3244 1857 κακῶν
3275 1804 3421 1876 πέρι.
3476 1808 3557 1862 Τὰ
3603 1812 3751 1868 κακὰ

493 1884 695 1934 matur.
730 1880 890 1950 Mala,
943 1895 1125 1944 utrum
1159 1893 1486 1954 substantiae
1535 1880 1795 1959 videntur
1817 1909 1902 1964 vel
1932 1925 2070 1981 qua-

391 2031 394 2034 ,
487 1967 667 2027 litates
697 1976 1169 2037 substantiarum?

557 2056 713 2117 VAL.
747 2063 902 2131 Quali
911 2078 1068 2128 tates.

553 2151 763 2212 ORTli.
800 2158 1025 2218 Materia
1053 2182 1200 2235 vero,
1242 2182 1431 2230 eratne
1477 2176 1600 2235 sine
1628 2182 1986 2251 qualitatibus
2008 2199 2064 2248 et

478 2243 770 2304 informis?

555 2335 711 2393 VAL.
746 2340 995 2404 Maxime.

546 2426 907 2492 ORTHJiaec
959 2455 1089 2511 ergo
1139 2446 1363 2502 nomina
1397 2449 1725 2510 substantia
1748 2455 2058 2531 junguntur

475 2533 544 2573 ex
578 2519 647 2577 iis
681 2538 801 2593 quae
834 2527 936 2598 ipsi
967 2533 1246 2593 accidunt.
1277 2536 1465 2610 Neque
1517 2543 1662 2597 enim
1695 2519 2054 2611 homicidium

469 2619 559 2665 est
587 2614 914 2686 substantia,
948 2638 1126 2695 neque
1153 2627 1451 2700 quidquam
1483 2631 1714 2689 aliorum
1750 2641 2048 2715 malorum;

471 2704 567 2759 sed
603 2712 989 2779 agnominatur
1021 2718 1090 2772 ab
1110 2722 1544 2789 operationibus.
1578 2721 1715 2781 Nam
1742 2746 1923 2802 neque
1950 2704 2053 2793 ho:-

467 2797 752 2859 micidium
783 2815 869 2861 est
890 2806 1094 2876 homo;
1127 2810 1224 2865 sed
1262 2810 1347 2873 is.
1394 2813 1465 2868 ob
1497 2815 1630 2874 illud
1677 2797 2049 2893 perpetratum

464 2890 704 2957 quadam
737 2897 885 2951 velut
929 2900 1170 2955 nominis
1202 2900 1525 2973 deflexione,
1579 2890 1854 2969 homicida
1878 2931 2049 2989 agno-

462 2979 735 3051 minatur;
767 2999 892 3039 cum
921 2986 1039 3056 ipse
1068 2990 1488 3065 haudquaquam
1536 3000 1608 3054 sit
1646 2979 2041 3083 homicidium]:

459 3077 650 3140 atque,
708 3080 768 3126 ut
824 3078 1151 3147 compendio
1182 3083 1400 3151 dicam,
1456 3089 1592 3143 nihil
1623 3093 1927 3165 quidquam
1974 3077 2043 3157 e—x

2172 1877 2398 1950 πότερον
2423 1882 2601 1939 οὐσίαι
2651 1903 2732 1942 σοι
2773 1888 3018 1947 δοκοῦσιν
3056 1889 3192 1949 εἶναι
3216 1935 3231 1961 ,
3266 1897 3299 1970 ἢ
3334 1899 3611 1972 ποιότητες
3656 1904 3752 1958 οὑ·-

2171 1984 2301 2022 σιων
2321 1986 2336 2035 ;

2238 2062 2443 2119 ΟΥΑΛ.
2478 2068 2555 2121 Ilo
2564 2070 2792 2143 ιότητες.

2236 2156 2471 2212 ΟΡΘυΔ.
2532 2160 2597 2215 'H
2648 2163 2705 2217 δὲ
2756 2163 2855 2237 ὕλη
2911 2165 3103 2235 ἄποιος
3160 2168 3230 2245 ἦν
3289 2175 3383 2229 καὶ
3437 2176 3748 2251 ἀσχημάτι-

2165 2260 2289 2310 στος
2311 2265 2326 2313 ς

2233 2338 2434 2395 ΟΥᾹΛ.
2478 2342 2654 2399 Οὕτω.

2231 2430 2467 2487 ΟΡΘΟΔ.
2511 2436 2819 2492 Πέπλεκται
2868 2441 2976 2513 ἄρα
3016 2444 3085 2499 τὰ
3126 2445 3366 2518 ὀνόματα
3431 2451 3603 2506 ταῦτα
3665 2457 3743 2528 τῇ·

2157 2516 2316 2589 οὐσίᾳ
2350 2521 2414 2574 ὲκ
2440 2522 2549 2578 τῶν
2589 2527 3011 2601 συμϐεϐηκότων
3034 2536 3192 2607 αὐτῇ.
3224 2516 3365 2592 Οὔτε
3392 2541 3500 2612 γάρ
3536 2545 3680 2597 ἐστιν

2156 2610 2317 2677 φόνος
2361 2614 2393 2683 ή
2439 2616 2617 2681 οὐσία,
2658 2618 2781 2674 οὔτε
2814 2639 2867 2675 τι
2899 2624 3005 2678 τῶν
3043 2627 3215 2682 ἄλλων
3252 2632 3437 2686 κακῶν
3456 2610 3481 2664 ⁵-
3510 2635 3625 2689 ἀλλ’
3668 2641 3733 2693 ὲκ

2153 2702 2261 2755 τῶν
2314 2705 2605 2778 ἐνεργειῶν
2653 2715 3113 2787 παρονομάζεται.
3154 2722 3291 2779 Οὔτε
3341 2727 3450 2799 γὰρ
3504 2730 3662 2798 φόνος
3702 2734 3732 2787 ό

2152 2792 2437 2867 ἄνθρωπος
2453 2817 2466 2830 ·
2495 2801 2629 2857 ἀλλὰ
2651 2805 2728 2878 τῷ
2754 2807 3112 2882 ὲνεργηκέναι
3137 2792 3361 2883 τοῦτον,⁷
3387 2792 3730 2893 παρῶνύμως

2150 2889 2345 2954 φονεὺς
2387 2896 2824 2967 παρονομάζεται
2848 2942 2862 2966 ,
2900 2903 2974 2975 μὴ
3017 2904 3092 2959 ὢν
3122 2909 3282 2979 φόνος
3336 2913 3530 2978 αὑτός·
3579 2915 3725 2984 οὔτε,

2150 2979 2450 3055 συλλήϐδην
2503 2989 2712 3055 είπεῖν,
2769 2992 2822 3045 τὶ
2869 2995 2976 3048 τῶν
3028 2999 3203 3055 ἄλλων
3253 3005 3439 3058 κακῶν
3493 3009 3641 3062 ἐστιν

2144 3071 2330 3125 οὐσία·
2374 3075 2511 3131 ἀλλὰ
2547 3079 2626 3152 τῷ
2671 3084 2875 3154 πρᾶξαί
2912 3102 2965 3141 τι
3008 3089 3117 3144 τῶν
3164 3095 3347 3149 κακῶν
3385 3100 3525 3172 κακὴ
3571 3071 3726 3169 λέγελ

458 3159 583 3216 aliis
638 3165 799 3220 malis
831 3175 916 3222 est
953 3171 1261 3231 substantia
1295 3196 1308 3233 :
1343 3179 1442 3235 sed
1488 3159 1671 3258 potest
1724 3159 1833 3242 dici
1867 3192 2032 3261 mala,

2145 3161 2268 3217 σθαι
2292 3163 2532 3224 δύναται.
2575 3171 2803 3244 Ὁμοίως
2842 3178 3157 3253 ἐπινόησον,
3191 3184 3246 3237 εἷ
3281 3204 3333 3240 τι
3373 3159 3556 3261 ἕτερον
3590 3159 3721 3245 ἀνα-

455 3251 609 3322 quod
661 3255 930 3313 malorum
981 3264 1260 3335 quidpiam
1290 3251 1712 3340 egerithSimili
1756 3280 1918 3337 modo
1946 3251 2038 3340 ra;

461 3344 751 3412 tiocinare,
791 3350 837 3405 si
863 3353 996 3422 quid
1039 3357 1187 3414 aliud
1232 3364 1478 3432 quod-sit
1523 3384 1691 3428 causa
1738 3378 2031 3446 malorum,

454 3445 637 3494 mente
659 3442 989 3504 confinxeris
1023 3466 1036 3501 :
1064 3466 1259 3523 nempe
1291 3457 1455 3512 etiam
1498 3461 1632 3518 illud
1662 3468 1865 3524 malum
1883 3485 2029 3540 esse,

453 3530 602 3629 quod
655 3532 972 3597 hominibus
1023 3556 1367 3617 cooperetur,
1405 3563 1460 3609 et
1498 3569 1755 3629 suggerat
1803 3570 1862 3617 ut
1886 3530 2030 3621 mala

454 3617 677 3677 faciant.
732 3626 829 3684 Est
856 3632 1000 3687 enim
1030 3644 1086 3690 et
1114 3639 1232 3709 ipse
1265 3644 1462 3713 malus,
1493 3617 1660 3706 obvea
1694 3668 1816 3723 quae
1874 3656 2026 3716 facit.

451 3708 748 3783 Propterea
771 3720 914 3776 enim
936 3724 1138 3783 dicitur
1175 3747 1299 3789 esse
1328 3708 1526 3806 malus,
1559 3708 1810 3814 quod-sit
1837 3758 2031 3809 auctor

450 3804 743 3914 rnalorum.
773 3809 965 3880 Porro,
995 3819 1141 3888 quod
1173 3824 1297 3893 quis
1347 3804 1519 3895 facit,
1543 3804 1653 3891 non
1690 3838 1806 3909 ipse
1829 3804 2033 3914 estqui

447 3892 602 3960 facit,
635 3900 728 3955 sed
751 3903 870 3973 ejus
904 3912 1147 3978 operatio
1168 3892 1201 3978 ,ί
1218 3918 1363 3975 unde
1385 3921 1491 3978 sibi
1543 3892 1848 3999 cognomen
1896 3892 2025 3993 ιηἸαιί

448 3988 690 4049 asciscit.
719 3992 854 4051 Nam
910 4002 956 4056 si
1018 4003 1073 4059 id
1123 4006 1305 4077 ipsum
1357 3988 1661 4078 dixerimus
1723 4039 1846 4082 esse
1878 4028 2025 4098 quod

445 4076 611 4149 facit;
641 4097 765 4140 cum
798 4087 962 4146 faciat
982 4076 1163 4153 caedes
1186 4108 1240 4156 et
1270 4102 1541 4164 adulteria
1590 4121 1644 4168 et
1693 4113 1800 4170 hoc
1851 4076 2023 4189 ggnus

444 4171 675 4241 similia,
704 4178 820 4249 ipse
852 4182 944 4239 illa
984 4188 1108 4244 erit.
1135 4191 1292 4258 Quod
1321 4197 1369 4254 si
1401 4200 1540 4271 ipse,
1589 4205 1683 4260 illa
1709 4217 1824 4274 est;

439 4357 603 4415 etiam
635 4361 749 4432 ipse
770 4366 970 4425 desinit
992 4388 1132 4431 esse.
1174 4377 1338 4465 Fiunt
1367 4394 1550 4442 autem
1579 4389 1695 4445 hazc
1734 4392 1803 4447 ab
1840 4357 2019 4451 hami-,-

439 4448 602 4509 nibus
630 4469 643 4505 :
672 4467 835 4514 erunt
870 4476 999 4534 ergo
1028 4458 1505 4533 hoxnines'horum
1539 4492 1828 4553 auctores;
1870 4494 1925 4542 et
1955 4496 2015 4543 ut

2139 3257 2393 3325 πλάττεις
2435 3264 2494 3317 ὲν
2533 3264 2611 3336 τῷ
2657 3266 2765 3339 νῷ,
2801 3272 2986 3325 κακῶν
3016 3278 3129 3339 τοῖς
3164 3278 3470 3351 ἀνθρώποις
3512 3282 3717 3353 αἴτιον,

2136 3348 2212 3414 ὡς
2242 3353 2463 3408 κάκεῖνο
2495 3357 2661 3411 κακὸν
2687 3358 2821 3429 (26),
2860 3363 2918 3416 ὲν
2950 3364 3029 3436 τῷ
3061 3368 3270 3433 τούτοις
3310 3373 3581 3446 ἐνεργεῖν,
3624 3378 3718 3433 καὶ

2137 3439 2458 3499 ὑποϐάλλειν
2504 3453 2677 3503 ποιεῖν
2731 3452 2798 3505 τὰ
2850 3456 3014 3510 κακά.
3050 3458 3203 3514 Ἐστι
3244 3460 3351 3535 γὰρ
3402 3439 3504 3518 ’κάι
3555 3469 3716 3535 αὐτὸς

2134 3532 2326 3600 κακὸς,
2360 3535 2420 3602 ἐξ
2450 3532 2525 3593 ὧν
2555 3545 2714 3597 ποιεῖ.
2745 3546 2844 3600 Διὰ
2868 3548 2977 3621 γὰρ
3006 3551 3163 3607 τοῦτο
3196 3555 3364 3620 κακὸς
3396 3554 3533 3613 εἶναι
3557 3559 3712 3630 λέγε-

2132 3640 2242 3692 ται,
2268 3626 2348 3681 ὅτι
2381 3630 2554 3704 (τῶν)
2597 3635 2783 3689 κακῶν
2827 3640 2941 3693 ἐστι
2972 3645 3233 3715 ποιητής·
3274 3645 3309 3700 ἃ
3342 3646 3399 3700 δέ
3431 3665 3515 3714 τις
3549 3626 3709 3717 ποιεῖ,

2130 3716 2231 3770 οὐκ
2263 3717 2409 3775 ἔστιν
2464 3724 2646 3789 αὐτὸς,
2691 3728 2806 3782 ἀλλ’
2848 3731 3097 3803 ἐνέργεια
3136 3736 3335 3800 αὐτοῦ,
3379 3739 3472 3809 ἀφ’
3510 3735 3584 3794 ὧν
3613 3743 3709 3815 τὴν

2131 3814 2502 3885 προσηγορίαν
2542 3817 2635 3871 τοῦ
2669 3820 2835 3886 κακὸς
2868 3823 2978 3897 (27)
3023 3826 3274 3896 λέγεσθαι
3308 3830 3592 3902 λαμϐάνει.
3644 3814 3707 3889 Ei

2129 3901 2423 3974 γὰρ,αὐτὸν
2461 3909 2709 3981 εἴποιμεν
2746 3909 2884 3968 εἶναι
2917 3915 2954 3969 ἃ
2984 3920 3155 3971 ποιεῖ·
3203 3924 3348 3974 ποιεῖ
3385 3901 3445 3975 δὲ
3477 3926 3702 3992 φόνους,

2128 3992 2221 4044 καὶ
2253 3996 2517 4065 μοιχείας,
2554 4001 2649 4053 καὶ
2680 4001 2779 4054 ὅσα
2812 4003 3003 4074 ὅμοια·
3033 4007 3195 4071 αὐτὸς
3235 4009 3385 4065 ἔσται
3420 4012 3609 4070 ταῦτα.
3639 4018 3703 4070 Et

2125 4080 2182 4134 δὲ
2211 4084 2372 4149 αὐτός
2401 4088 2516 4140 ἑστι
2549 4088 2749 4145 ταῦτα·
2782 4093 2871 4146 ὅτε
2897 4096 3126 4163 γίνεται,
3148 4099 3244 4170 τὴν
3274 4102 3531 4159 σύστασιν
3556 4106 3697 4178 ἔχει’

2122 4174 2183 4226 οὐ
2222 4177 2480 4247 γινόμενα
2518 4180 2596 4243 δὲ,
2634 4185 2725 4236 καὶ
2773 4184 2871 4238 τοῦ
2905 4181 3042 4242 εἶναι
3085 4192 3336 4247 παύεται.
3387 4196 3597 4252 Γίνεται
3642 4200 3699 4255 δὲ

2120 4265 2294 4323 ταῦτα
2339 4272 2474 4341 πρὸς
2506 4273 2838 4346 ἀνθρώπων·
2883 4279 3093 4336 ἔσονται
3119 4283 3226 4355 ἄρα
3272 4287 3477 4343 τούτων
3516 4294 3564 4344 οἱ
3605 4294 3697 4347 ἄν·

2122 4356 2328 4429 θρωποι
2377 4364 2633 4434 ποιηταὶ,
2685 4367 2779 4419 καὶ
2828 4367 2920 4421 τοῦ
2969 4366 3105 4425 εἶναι
3145 4374 3240 4427 καὶ
3292 4377 3387 4430 τοῦ
3434 4379 3508 4450 μὴ
3555 4377 3692 4437 εἶναι

2120 4448 2301 4504 αἴτιοι.
2344 4452 2480 4506 Ἀλλ’
2502 4456 2549 4508 εί
2581 4454 2641 4520 ἐξ
2681 4449 2755 4510 ὧν
2781 4458 2994 4530 ἐνεργεῖ
3024 4461 3272 4531 ἕκαστος,
3317 4448 3550 4541 ὑπάργει
3594 4489 3692 4527 κα-

436 4539 549 4650 sint
575 4545 661 4598 vel
685 4563 796 4604 non
811 4551 942 4622 sint,
973 4572 1173 4618 causae.
1199 4564 1363 4637 Atqui
1388 4570 1433 4625 si
1459 4572 1532 4627 ob
1548 4587 1613 4627 ea
1631 4591 1752 4645 quae
1776 4537 2010 4650 quisque

2145 4538 2241 4603 εός·
2270 4540 2306 4595 ἃ
2335 4543 2393 4596 δὲ
2422 4545 2651 4617 ἐνεργεῖ,
2676 4548 2850 4619 ἀρχὴν
2880 4550 2972 4603 τοῦ
3004 4548 3140 4608 εἶναι
3169 4537 3691 4634 λαμϐάνει-’νηρξατο

435 4627 590 4698 facit,
620 4637 797 4696 malus
818 4651 939 4713 est,
984 4663 1105 4719 quae
1132 4627 1315 4711 autem
1360 4657 1512 4725 facit,
1540 4627 1871 4735 principium
1903 4627 2005 4723 iia-

435 4721 601 4794 bent;
637 4743 977 4805 consequens
1008 4742 1084 4810 fit,
1118 4754 1176 4801 ut
1205 4759 1258 4804 et
1278 4749 1368 4807 ille
1397 4721 1627 4823 creperit
1652 4721 1775 4813 esse
1805 4762 2003 4827 malus,

432 4820 810 4894 cmperintque
837 4830 998 4887 etiam
1034 4834 1140 4892 ista
1191 4841 1355 4896 mala.
1386 4820 1545 4910 Quod
1590 4847 1637 4903 si
1669 4864 1854 4905 verum
1897 4864 2002 4917 est,

433 4922 594 4965 nemo
636 4913 803 4985 igitur
865 4931 992 4980 ante
1038 4943 1202 4987 omne
1246 4935 1577 5005 principium
1631 4946 2007 5015 aeternumque

428 5000 610 5059 malus
638 5014 744 5074 est,
777 5024 841 5065 ac
872 5028 1047 5085 neque
1075 5021 1215 5076 mala
1244 5000 1375 5080 sunt
1402 5026 1662 5084 increata.

499 5158 613 5281 5’25)
643 5160 712 5217 Ut
738 5166 986 5224 nimirum
1032 5175 1291 5243 artiﬁcem
1314 5187 1430 5232 arte
1449 5197 1607 5249 quam
1630 5183 1684 5237 in
1704 5183 2002 5242 substantia

532 5240 651 5281 eat.
706 5235 854 5281 dictu
901 5245 1109 5281 nnprnm'
1170 5249 1234 5281 ea
1272 5248 1330 5281 ξι.
1366 5252 1430 5281 ..α
1461 5251 1614 5281 mna...
1645 5254 1805 5281 -λ..-...
1839 5261 1979 5281 ---Α

428 5226 664 5337 gaudi;
706 5235 855 5337 dicas
901 5226 1431 5337 operari};

428 5294 735 5396 Nokn.ber_ie
780 5294 1071 5396 interpres
1093 5294 1321 5396 vlsho‘iii,’

429 5368 732 5466 substantia
769 5368 1039 5447 ῥεῖ-ἱδρυί
1069 5368 1451 5466 εηιηὶιμόοἶέι
1480 5368 1997 5466 qd;

428 5443 733 5528 queritur,
771 5443 903 5528 num
937 5443 1028 5509 a'rs
1049 5471 1116 5509 ex
1149 5443 1778 5528 praajacenterartre'iiat,
1810 5443 1868 5521 in
1899 5443 1996 5522 iia-

429 5507 620 5595 bente,
655 5507 737 5570 vel
775 5526 839 5595 _ut
877 5536 943 5577 ex
970 5507 1115 5595 arte
1140 5507 1996 5595 (ῖὺἔὶιῖἐἷίὶξᾲξῆδὲἱᾶιῖιῖῗᾶιίῖἓι·

430 5575 647 5674 habent,
683 5595 743 5639 ut
773 5575 1104 5674 istavsolutio
1131 5575 1989 5674 ἓῶἷιῖηᾶᾗὶῖῖἶὲιῖέ

431 5654 902 5738 tanquamverum
933 5664 1211 5738 accidens,
1234 5669 1383 5738 quod
1417 5654 1907 5738 tantum—sit,ch
1932 5654 1989 5733 iri

430 5719 739 5779 substantia
787 5726 968 5801 aliqua
1015 5719 1635 5812 fuerittactu—mgw

2116 4630 2365 4696 κάκεῖνος
2392 4629 2530 4689 εἶναι
2559 4638 2726 4702 κακός
2744 4656 2757 4669 ’
2795 4640 2999 4712 ἤρξατο
3023 4644 3078 4698 δὲ
3105 4648 3199 4700 καὶ
3224 4649 3395 4704 ταῦτα
3428 4654 3494 4705 τὰ
3520 4656 3684 4710 κακά.

2113 4719 2177 4771 Et
2210 4720 2254 4774 δ’
2284 4722 2454 4788 οὕτως
2488 4725 2620 4796 ἔχει,
2659 4729 2760 4784 οὐκ
2793 4730 2939 4786 ἐστιν
2970 4733 3219 4807 ἀνάρχως
3246 4756 3329 4805 τις
3353 4742 3540 4808 κακὸς,
3565 4745 3685 4800 οὐδὲ

2113 4810 2386 4886 ἀγέννητα
2416 4815 2484 4869 τὰ
2504 4818 2667 4872 κακά.

2106 5193 2363 5262 intendit,
2395 5207 2451 5253 ut
2478 5202 2809 5289 eoevincat,
2838 5220 3000 5289 posse
3029 5206 3198 5289 Deum
3226 5212 3430 5289 aliquid
3461 5218 3638 5289 majus
3658 5260 3673 5284 ,

2107 5279 2303 5353 nempe
2344 5283 2419 5350 ex.
2445 5270 2630 5353 _nihilo
2662 5270 3091 5353 etiam'subjecti
3136 5288 3189 5353 et
3240 5270 3675 5353 absolutej'nec

2108 5336 2283 5430 solum
2309 5338 2608 5430 accidentia
2632 5381 2648 5406 ,
2683 5345 2775 5400 sed
2810 5354 2865 5400 et
2880 5336 3475 5430 _suiis_tant.iasncreare,
3499 5336 3672 5430 eoque

2104 5418 2215 5497 non
2243 5406 2501 5497 habuisse
2533 5427 2672 5497 opus
2697 5406 3671 5497 materiaadjutrice?VReliq'tiavni'h-ii

2104 5474 2220 5555 fere
2250 5477 2464 5555 felicius
2499 5474 2711 5539 reddita
2733 5525 2750 5550 ,
2784 5487 2967 5540 conati
3010 5474 3213 5547 sumus
3241 5474 3671 5555 rééiiiBéFeTEi

2101 5545 2336 5625 quisque
2352 5549 2686 5634 adverterit,
2720 5545 2915 5612 collata
2939 5545 3539 5634 utraqueiversioneI-e't

2100 5621 2239 5684 ipsa,
2268 5626 2321 5672 et
2351 5621 2544 5674 textui.

2310 5689 2789 5772 {fdxeiro‘acaxdm
2818 5690 2916 5772 _Ai.
2949 5700 3202 5767 κάκεῖνος
3231 5708 3417 5772 κακός.

2191 5685 2281 5751 ‘26)
2310 5689 2561 5743 Κάκεῖνο
2582 5694 2789 5748 κακόν.
2827 5690 2865 5749 Α

2167 5685 2279 5827 ξεῖ)
2302 5761 2516 5826 Καλός.
2541 5760 2624 5816 Al.
2670 5764 2865 5821 κακοῦ.
