4150 6404
409 373 514 428 257

1568 368 1700 424 LIB.
1742 368 1830 421 DE
1869 365 2118 421 LIBERO
2156 363 2504 421 ARBlTlllO.

3543 373 3649 427 238

479 489 682 543 ΟΥΛΛ.
727 485 885 540 Ἀλλᾶ
919 486 1007 538 τὸν
1037 485 1132 554 μὲν
1163 483 1299 555 πρὸς
1332 483 1424 537 τὸν
1453 483 1639 554 ἕτερον
1664 483 1819 552 λόγον
1862 485 1966 536 ίκα·

2154 479 2310 535 VAL.
2335 480 2446 551 (‘28)
2479 479 2788 545 Enimvero,
2820 483 3018 550 amice,
3071 492 3391 554 praesentem
3425 486 3648 555 quidem

410 600 534 645 νιος,
584 577 628 635 ὦ
659 581 778 650 φίλε
802 622 816 645 ,
875 576 1229 647 πεποιηκέναι
1265 593 1355 646 μοι
1398 577 1591 639 δοκεῖς.
1625 577 1712 642 Ἐξ
1746 571 1820 629 ὧν
1868 575 1976 647 γὰρ

412 671 694 742 προλαϐὼν
718 671 882 724 ἔδωκε
907 669 984 740 τῷ
1012 669 1174 738 λόγῳ,
1199 668 1263 718 ὲκ
1283 666 1486 720 τούτων
1517 667 1766 734 συνάγειν
1792 665 1976 732 ἔδοξας

409 766 609 828 καλῶς.
652 765 737 827 Ὠς
762 764 976 836 ἀληθῶς
1005 762 1132 834 γὰρ,
1168 763 1216 814 εἰ
1247 762 1432 824 ἄποιος
1459 760 1746 830 ἐτύγχανεν
1779 762 1811 830 ή
1853 759 1973 829 ὕλη,

409 861 514 914 τῶν
545 860 602 912 δὲ
645 858 942 927 ποιοτήτων
981 853 1310 926 δημιουργὸς
1340 853 1368 904 ὁ
1407 853 1567 914 Θεός’
1609 853 1888 923 ποιότητες
1920 853 1976 906 δὲ

409 952 477 1005 τὰ
504 951 650 1004 κακὰ
671 969 684 980 ⁸
734 949 842 1002 τῶν
885 947 1069 1002 κακῶν
1096 947 1248 1001 ἔσται
1302 947 1529 1018 ποιητὴς
1559 948 1587 999 ὁ
1615 946 1767 1009 Θεός.
1823 948 1975 1016 Ἐμοὶ

405 1042 460 1094 δὲ
486 1040 678 1109 ψεῦδος
707 1039 870 1102 δοκεῖ,
907 1038 1003 1108 τὴν
1036 1037 1167 1108 ὕλην
1207 1035 1392 1089 ἄποιον
1445 1035 1650 1102 λέγειν·
1707 1034 1828 1087 οὐδὲ
1866 1033 1974 1104 γὰρ

406 1134 612 1187 ἔνεστιν
663 1133 836 1185 εἰπεῖν
891 1130 1020 1202 περὶ
1077 1129 1176 1198 τῆς
1216 1145 1360 1191 τινος
1418 1126 1641 1190 οὐσίας,
1703 1126 1778 1188 ὼς
1829 1124 1973 1177 ἔστιν

404 1229 612 1291 ἄποιος.
657 1224 818 1279 Ἀλλὰ
841 1225 968 1296 μὴν,
1003 1223 1098 1278 καὶ
1125 1223 1182 1275 ἐν
1205 1215 1249 1290 ᾧ
1279 1222 1466 1275 ἄποιον
1501 1216 1639 1272 εἶναι
1678 1217 1846 1287 λέγει,
1875 1218 1974 1291 τὴν

405 1319 663 1390 ποιότητα
710 1317 878 1384 αὐτῆς
908 1312 1047 1369 εἶναι
1101 1312 1356 1386 μηνύεις,
1407 1311 1564 1365 ὁποία
1609 1310 1756 1363 ἐστὶν
1804 1310 1838 1379 ὴ
1873 1308 1970 1380 ὕλη

402 1410 830 1482 διαγραφόμενος
849 1425 861 1437 ·
891 1408 1026 1476 ὅπερ
1058 1406 1174 1458 ἐστὶ
1214 1404 1494 1474 ποιότητος
1522 1397 1680 1465 εἶδος.
1714 1401 1894 1462 Ὅθεν,
1922 1398 1977 1451 εί

405 1520 486 1557 σοι
517 1503 667 1572 φίλον
691 1501 858 1567 ἐστὶν,
883 1500 1088 1554 ἄνωθεν
1128 1498 1295 1568 ἄρχου
1331 1496 1423 1550 τοῦ
1458 1495 1616 1564 λόγου
1637 1511 1650 1524 ·
1699 1495 1822 1564 ἐμοὶ
1862 1492 1972 1563 γὰρ

401 1596 436 1666 ἡ
468 1593 566 1665 ὕλη
597 1592 886 1662 ποιότητας
917 1591 1168 1661 ἁνάρχως
1200 1589 1340 1659 ἔχειν
1361 1588 1525 1640 δοκεῖ.
1558 1584 1713 1640 Οὕτω
1741 1583 1850 1654 γὰρ
1878 1583 1972 1636 καὶ

399 1685 469 1739 τὰ
516 1684 660 1738 κακὰ
707 1685 772 1738 ὲκ
827 1682 926 1752 τῆς
952 1680 1253 1751 ἀπορροίας
1300 1679 1468 1749 αὐτῆς
1522 1673 1660 1732 εἶναι
1709 1675 1872 1744 λέγω,
1923 1667 1969 1728 ὧ

402 1777 546 1848 φίλε.

467 2050 701 2105 ΟΡΘΟΔ.
755 2050 818 2103 Εἰ
867 2047 1091 2119 ἐμποιος
1141 2043 1209 2118 ἦν
1250 2046 1501 2117 ἀνάρχως
1544 2048 1576 2118 ἡ
1632 2044 1767 2117 ὕλη,
1825 2045 1970 2108 τίνος

399 2143 546 2215 (ἄρα)
571 2141 724 2195 ἔσται
758 2141 987 2212 ποιητὴς
1019 2143 1047 2194 ὁ
1086 2140 1252 2204 Θεός;
1300 2139 1426 2192 Εἴτε
1451 2139 1560 2210 γὰρ
1591 2137 1779 2199 οὐσίας
1811 2135 1968 2207 ἐροῦ-

401 2253 518 2306 μεν,
545 2237 793 2307 προεῖναί
821 2249 1029 2305 φαμεν⁸
1063 2233 1174 2286 εἴτε
1207 2229 1273 2286 αὖ
1309 2242 1618 2302 ποιότητας,
1645 2231 1738 2284 καὶ
1769 2229 1970 2292 ταύτας

396 2309 663 2398 ὑπάρχειν
731 2325 978 2396 λέγομεν.
1027 2325 1235 2379 Οὐκοῦν
1280 2325 1468 2388 οὐσίας
1517 2341 1576 2377 τε
1627 2323 1830 2393 οὕσης,
1876 2322 1970 2376 καὶ

397 2419 693 2489 ποιοτήτων
715 2457 730 2482 ,
784 2417 1037 2488 περιττὸν
1085 2412 1223 2470 εἷναί
1276 2434 1365 2488 μοι
1414 2415 1588 2479 δοκεῖ,
1639 2414 1970 2486 δημιουργὸν

395 2509 574 2578 λέγειν
609 2510 700 2562 τὸν
727 2509 878 2563 Θεόν.
919 2508 1077 2562 Ἀλλὰ
1109 2509 1404 2578 ἀπόκριναι
1449 2505 1828 2578 ἐρωτώμενος-ο
1862 2507 1967 2559 τίνι

393 2602 547 2673 τόπῳ
590 2601 913 2674 δημιουργὸν
945 2597 1082 2656 εἶναι
1117 2603 1222 2674 φῂς
1251 2601 1343 2654 τὸν
1373 2600 1536 2664 Θεόν;
1584 2600 1840 2671 πότερον,
1887 2601 1969 2654 ὄτι

393 2694 494 2758 τὰς
526 2694 712 2758 οὐσίας
742 2695 964 2766 ἔτρεψεν
992 2693 1205 2756 ὲκείνας
1230 2696 1310 2758 είς
1347 2693 1410 2747 τὸ
1449 2693 1646 2764 μηκέτι
1681 2693 1965 2763 ὑπάρχειν,

394 2788 559 2857 αἴπερ
581 2783 720 2858 ἦσαν
749 2803 877 2840 ποτε
895 2803 911 2816 ο
941 2787 974 2858 ἢ
1009 2787 1090 2839 ὅτι
1119 2786 1218 2849 τὰς
1253 2785 1352 2857 μὲν
1384 2785 1570 2850 οὐσίας
1590 2783 1841 2854 ἐφύλαξε,
1868 2785 1968 2850 τὰς

393 2879 450 2933 δὲ
477 2880 767 2951 ποιότητας
793 2879 995 2932 τούτων
1027 2878 1255 2950 ἔτρεφες

465 3063 668 3116 ΟΥΑΛ.
697 3062 828 3116 Dim
867 3081 956 3134 μοι
984 3063 1132 3118 δοκεῖ
1166 3063 1403 3136 ἀλλαγὴν
1430 3064 1628 3119 οὐσιῶν
1658 3064 1962 3134 γεγονέναι,

393 3151 528 3205 ἀλλὰ
551 3152 708 3224 μόνον
739 3156 1067 3226 ποιοτήτων·
1104 3156 1223 3209 καθ’
1247 3156 1314 3221 ἃς
1342 3157 1670 3229 δημιουργὸν
1705 3155 1843 3211 εἶναι
1875 3157 1964 3211 λέ-

391 3262 559 3317 γομεν
588 3246 678 3299 τὸν
710 3246 862 3303 Θεόν.
893 3249 1004 3301 Καὶ
1033 3247 1221 3320 ὥσπερ
1246 3251 1294 3302 εί
1323 3249 1472 3320 τύχοι
1498 3251 1676 3319 λέγειν
1713 3253 1778 3304 ὲκ
1801 3251 1964 3305 λίθων

388 3338 563 3391 οἰκίαν
616 3339 914 3406 γεγονέναι,
976 3340 1060 3410 ἐφ’
1105 3334 1180 3395 ὧν
1215 3341 1316 3395 οὐκ
1369 3343 1574 3397 ἔνεστιν
1620 3345 1827 3408 εἰπεῖν,
1886 3345 1964 3408 ὼς

387 3426 572 3479 οὐκέτι
621 3426 756 3480 λίθοι
806 3427 1022 3498 μένουσι
1063 3431 1128 3499 τῇ
1171 3431 1361 3501 οὐσίᾳ,
1406 3431 1551 3484 οίκία
1587 3431 1866 3503 λεγόμενοι
1913 3435 1961 3486 οἱ

388 3514 560 3570 λίθοι·
597 3519 663 3588 τῇ
716 3517 824 3587 γὰρ
863 3518 1105 3587 ποιότητι
1142 3519 1243 3588 τῆς
1299 3520 1600 3584 συνθέσεως
1642 3523 1742 3592 τὴν
1787 3523 1963 3577 οἰκίαν

390 3607 668 3675 γεγονέναι
699 3608 877 3678 φημί·
922 3608 1064 3662 οὕτω
1099 3627 1187 3680 μοι
1223 3611 1372 3665 δοκεῖ
1406 3615 1615 3668 καὶτὸν
1643 3615 1794 3679 Θεὸν,
1828 3619 1962 3672 ὐπο-

395 3699 660 3769 μενούσης
699 3700 801 3770 τῆς
844 3701 1062 3768 οὐσίας,
1093 3704 1302 3775 τροπήν
1340 3721 1464 3760 τινα
1510 3706 1619 3760 τῶν
1665 3710 1962 3780 ποιοτήτων

391 3789 560 3858 αὐτῆς
590 3791 977 3861 πεποιηκέναι,
1019 3792 1139 3845 καθ’
1183 3793 1249 3864 ἢν
1289 3795 1388 3864 τὴν
1430 3795 1582 3850 τοῦδε
1622 3797 1718 3852 τοῦ
1755 3799 1960 3871 κόσμου

390 3882 601 3948 γένεσιν
629 3883 765 3954 πρὸς
789 3884 881 3937 τοῦ
917 3883 1052 3938 Θεοῦ
1078 3886 1357 3954 γεγονέναι
1390 3889 1550 3960 φημί.

466 3975 702 4027 ΟΡΘΟΔ.
752 3975 985 4047 Πότερον
1009 3975 1103 4030 καὶ
1133 3977 1214 4029 σοὶ
1238 3977 1385 4032 δοκεί
1407 3978 1474 4032 τὰ
1507 3979 1651 4034 κακὰ
1677 3979 1960 4053 ποιότητες

388 4063 450 4115 οὐ
458 4063 584 4117 σιῶν
611 4059 746 4118 εἶναι
766 4083 781 4130 ;

461 4157 663 4209 ΟΥΑΛ.
692 4159 866 4212 Δοκεῖ.

461 4246 694 4300 ΟΡΘΟΔ.
739 4250 976 4306 Ἀνωθεν
1009 4252 1068 4306 δὲ
1107 4249 1247 4325 ἦσαν
1288 4257 1342 4309 αί
1385 4257 1666 4327 ποιότητες
1699 4253 1856 4313 αὗται
1902 4260 1960 4312 ὲν

385 4339 455 4408 τῇ
491 4338 610 4412 ὕλῃ,
639 4340 670 4411 ἣ
701 4341 873 4413 ἀρχὴν
900 4343 1056 4414 ἔσχον
1080 4344 1174 4398 τοῦ
1201 4342 1373 4414 εἷναι;

459 4429 662 4486 ΟΥΑΛ.
693 4432 936 4486 Συνείναι
963 4435 1106 4506 φημὶ
1137 4437 1415 4510 ἀγενήτως
1433 4441 1498 4510 τῇ
1535 4438 1634 4512 ὕλῃ
1665 4439 1867 4503 ταύτας
1894 4440 1957 4511 δὴ

387 4521 486 4586 τὰς
518 4525 828 4596 ποιότητας.
1037 4571 1043 4586 .
1105 4573 1110 4581 .

459 4617 693 4671 ΟΡΘΟΔ.
735 4619 869 4688 Οὐχὶ
907 4619 962 4674 δὲ
999 4621 1088 4674 τὸν
1127 4622 1258 4677 Θεὸν
1305 4623 1411 4694 φῂς
1448 4625 1657 4696 τροπήν
1700 4641 1820 4678 τινα
1849 4624 1959 4678 τῶν

387 4709 687 4777 ποιοτήτων
727 4710 1082 4779 πεποιηκέναι
1101 4729 1114 4777 ;

460 4800 662 4852 ΟΥΑΛ.
701 4799 870 4852 Τοῦτό
903 4818 1064 4871 φημι.

461 4892 695 4948 ΟΡΘΟΔ.
728 4893 823 4955 El;
851 4893 912 4946 τὸ
941 4897 1187 4963 κρεῖττον
1212 4912 1228 4962 ;

461 4984 663 5036 ΟΥΔΛ.
708 4984 862 5052 Ἐμοὶ
893 4984 1058 5040 δοκεῖ.

461 5079 694 5131 ΟΡΘΟΔ.
748 5078 957 5132 Οὐκοῦν
993 5080 1041 5132 εί
1076 5079 1356 5151 ποιότητες
1387 5081 1518 5152 ὕλης
1549 5082 1616 5136 τὰ
1655 5084 1822 5146 κακὰ,
1862 5081 1960 5146 τὰς

389 5169 447 5222 δὲ
478 5171 766 5241 ποιότητας
795 5171 966 5240 αὐτῆς
1007 5173 1087 5234 είς
1115 5171 1176 5224 τὸ
1207 5175 1449 5245 κρεῖττον
1477 5174 1702 5246 ἔτρεψεν
1729 5177 1758 5230 ὁ
1791 5175 1923 5240 Θεός
1944 5193 1956 5207 ·

389 5260 552 5316 πόθεν
571 5262 640 5316 τὰ
663 5262 807 5317 κακὰ
845 5261 1027 5334 ζητεῖν
1052 5263 1286 5334 ἀνάγκη.
1315 5266 1384 5318 Ἦ
1414 5265 1523 5338 γὰρ
1565 5268 1756 5331 πᾶσαι,
1792 5267 1961 5320 κακαὶ

458 5419 570 5492 (28)
598 5419 737 5477 Ἧι..
797 5417 1020 5476 Videtur
1068 5420 1160 5474 hic
1206 5435 1330 5476 esse
1372 5421 1568 5479 tertius
1622 5423 1957 5492 collocutor,

388 5491 557 5559 cujus
582 5492 782 5546 mentio
813 5493 971 5547 initio
1000 5492 1078 5556 fit,
1109 5498 1170 5544 ιιι
1204 5492 1392 5546 eadem
1418 5493 1607 5549 haeresi
1634 5491 1958 5558 laborantis,

388 5570 550 5629 atque
570 5559 988 5617 Valentinianus
1012 5562 1105 5632 qui
1139 5563 1360 5616 modum
1395 5563 1561 5617 alium
1594 5563 1781 5618 tuendi
1807 5579 1962 5617 erro-

389 5647 540 5704 rem.
594 5632 746 5704 socio
801 5648 939 5702 pene
979 5633 1218 5697 revicto,
1255 5641 1528 5704 suggerat.
1589 5633 1727 5700 Quia
1776 5641 1957 5688 tamen

389 5699 614 5757 Photius
639 5699 908 5769 ejusmodi
937 5718 1203 5772 personas
1250 5699 1384 5757 non'
1413 5699 1626 5767 refert,
1667 5704 1960 5758 maluimus

389 5773 620 5844 primum
658 5773 790 5844 illud
821 5789 1018 5844 nomen
1051 5774 1283 5844 retinere
1309 5790 1470 5844 quam
1510 5789 1574 5828 ex
1607 5774 1768 5828 nobis
1813 5774 1960 5827 aliud

387 5842 537 5896 darc.
573 5841 800 5898 Multum
841 5843 981 5902 lucis
1010 5842 1166 5901 all'ert
1197 5841 1478 5915 expressio
1516 5845 1876 5916 personarum
1903 5846 1958 5899 in

2083 573 2533 642 disputationem,
2576 573 2708 626 mihi
2742 581 2935 628 contra
2986 577 3152 630 alium
3185 580 3544 648 Opportunius
3571 583 3652 636 vi-

2081 667 2228 723 deris
2283 666 2604 722 instituisse.
2670 665 2824 722 Unde
2878 668 3023 723 enim
3081 671 3170 725 ille
3202 673 3354 742 prius
3395 675 3546 731 visus
3567 684 3652 732 est

2081 760 2319 814 orationi
2370 760 2692 824 concedere,
2719 759 2845 816 inde
2887 767 2944 815 tu
2998 761 3136 818 bene
3174 765 3324 821 visus
3347 781 3407 822 es
3429 770 3653 823 conclu-

2081 853 2229 907 dere.
2262 851 2396 908 Nam
2422 869 2610 908 verum
2655 852 2849 919 habet,
2887 856 3052 909 semel
3077 871 3362 922 concesso,
3389 874 3510 914 esse
3535 877 3652 914 ma-

2082 945 2273 998 teriam
2308 945 2427 1000 sine
2451 945 2711 1015 qualitate
2751 952 2805 1000 et
2860 945 3147 1002 informem
3175 991 3190 1015 ,
3230 946 3507 1022 Deumque
3528 969 3653 1009 esse

2081 1036 2406 1103 qualitatum
2464 1043 2784 1104 auctorem,
2847 1051 2911 1092 ac
2962 1040 3252 1109 qualitates
3290 1057 3414 1096 esse
3464 1046 3647 1112 mala;

2080 1125 2198 1181 fore
2219 1126 2385 1181 Deum
2414 1129 2681 1182 malorum
2731 1138 3028 1184 auctorem.
3063 1130 3132 1184 At
3181 1133 3315 1187 mihi
3345 1134 3540 1189 falsum
3570 1139 3651 1192 vi-

2085 1216 2246 1272 detur
2289 1235 2411 1275 esse
2455 1221 2739 1275 materiam
2790 1221 2909 1277 sine
2938 1223 3200 1292 qualitate
3255 1237 3307 1280 et
3339 1227 3647 1285 informem.

2079 1308 2155 1362 De
2199 1312 2348 1365 nulla
2401 1312 2547 1366 enim
2607 1313 2914 1368 substantia
2965 1315 3142 1383 possis
3203 1316 3472 1373 affirmare
3529 1336 3652 1377 esse

2077 1405 2358 1476 qualitatis
2387 1411 2682 1475 expertem.
2716 1403 2857 1471 Quin
2890 1405 2993 1460 hoc
3023 1406 3141 1475 ipso
3173 1408 3318 1477 quod
3368 1411 3487 1465 sine
3515 1427 3652 1481 qua-

2077 1496 2228 1550 litate
2265 1496 2426 1559 dicis,
2477 1496 2791 1566 qualitatem
2823 1497 2942 1567 ejus
2988 1497 3233 1553 declaras
3260 1538 3275 1564 ,
3331 1500 3650 1560 describens

2075 1588 2256 1657 qualis
2289 1587 2602 1643 sitmateria
2634 1607 2646 1642 :
2688 1587 2833 1657 quod
2860 1595 2946 1643 est
2968 1589 3214 1658 quaedam
3249 1593 3458 1660 species
3508 1611 3648 1665 qua-

2074 1679 2268 1734 litatis.
2302 1678 2506 1744 Quare,
2537 1678 2584 1733 si
2613 1677 2708 1732 tibi
2754 1679 2952 1748 placet,
3001 1680 3166 1735 altius
3193 1682 3378 1738 ordire
3409 1684 3652 1754 disputa-

2075 1769 2302 1822 tionem.
2335 1767 2466 1822 Mihi
2517 1767 2664 1822 enim
2717 1769 2948 1823 materia
3003 1770 3294 1840 qualitates
3336 1773 3404 1828 ab
3444 1782 3647 1830 azlcruo

1995 1862 2040 1918 B
2068 1860 2270 1914 habere
2323 1860 2557 1914 videtur.
2600 1857 2679 1913 Ita
2713 1861 2934 1930 quippe,
2977 1877 3010 1916 ο
3043 1863 3240 1929 amice,
3290 1872 3345 1918 et
3376 1867 3541 1932 mala,
3579 1869 3649 1924 ab

2071 1951 2192 2022 ejus
2219 1967 2343 2006 esse
2371 1950 2614 2016 deﬂuxu,
2647 1952 2966 2021 pronuntio.

2143 2042 2448 2100 ORTHOD.
2476 2041 2532 2097 Si
2553 2045 2783 2100 materia
2811 2046 2927 2102 suis
2957 2043 3149 2101 affecta
3181 2048 3538 2117 qualitatibus
3580 2051 3650 2106 ab

2071 2143 2278 2190 aeterno
2327 2133 2450 2199 fuit,
2501 2134 2661 2204 cujus
2721 2135 2826 2189 erit
2873 2143 3090 2191 creator
3119 2136 3300 2192 Deus?
3355 2136 3480 2194 Sive
3500 2139 3649 2194 enim

2072 2227 2412 2281 substantias
2437 2227 2760 2294 dixerimus,
2785 2227 2899 2297 jam
2934 2235 3060 2282 ante
3090 2227 3258 2284 fuisse
3275 2229 3648 2299 allirmamus;

2071 2321 2187 2373 sive
2209 2334 2404 2374 rursus
2423 2320 2737 2389 qualitates,
2768 2327 2821 2374 et
2854 2320 2976 2374 illas
3000 2321 3281 2376 exstitisse
3322 2324 3645 2381 asserimus.

2070 2408 2206 2463 Cum
2242 2426 2372 2482 ergo
2389 2411 2500 2466 sint
2532 2411 2650 2465 sine
2671 2409 2782 2466 Deo
2811 2419 2862 2465 et
2900 2411 3221 2467 substantia:
3248 2423 3301 2468 et
3335 2417 3648 2484 qualitates,

2071 2516 2534 2570 supervacaneum
2572 2502 2809 2566 videtur,
2873 2514 2931 2558 ut
2965 2503 3108 2560 Deus
3143 2505 3359 2560 dicatur
3409 2519 3644 2566 creator.

2069 2587 2338 2643 Caeterum
2371 2591 2714 2659 percontanti
2763 2592 3071 2662 responde:
3099 2593 3217 2661 Qua
3259 2599 3470 2654 ratione
3507 2600 3648 2658 dicis

2070 2677 2242 2733 Deum
2272 2695 2396 2736 esse
2429 2680 2793 2736 Creatorem?
2833 2681 2917 2737 An
2942 2685 3087 2753 quod
3143 2687 3478 2744 substantias
3528 2707 3648 2760 qum

2069 2770 2364 2839 aliquando
2393 2770 2635 2836 fuerunt,
2680 2771 2736 2825 in
2775 2772 3006 2827 nihilum
3059 2776 3362 2846 redegerit;
3397 2793 3465 2831 an
3500 2781 3649 2850 quod

2069 2859 2403 2916 substantias
2459 2862 2680 2931 quidem
2747 2865 3142 2934 conservarit,
3211 2868 3307 2923 sed
3354 2871 3648 2939 qualizates

2070 2967 2261 3008 carum
2284 2954 2551 3010 mutarit?

2138 3063 2297 3121 VAL.
2322 3066 2482 3122 Nulla
2545 3070 2681 3124 mihi
2733 3070 2952 3126 videtur
3013 3074 3448 3132 substantiarum
3502 3079 3648 3136 facta

2069 3158 2325 3222 mutatio,
2383 3160 2479 3215 sed
2522 3169 2737 3216 tantum
2795 3165 3144 3233 qualitatum,
3189 3185 3421 3239 quarum
3479 3188 3650 3230 causa

2071 3248 2241 3303 Deum
2275 3265 2398 3306 esse
2437 3261 2740 3308 creatorem
2791 3255 3046 3312 dicimus.
3097 3257 3162 3311 Et
3190 3265 3644 3330 quemadmodum

2071 3342 2115 3396 si
2154 3343 2278 3412 quis
2315 3345 2482 3408 dicat,
2541 3345 2739 3400 factam
2787 3362 2854 3400 ex
2907 3347 3180 3417 lapidibus
3237 3352 3498 3422 domum;
3536 3373 3654 3426 quo

2069 3445 2252 3490 tamen
2280 3437 2502 3492 minime
2520 3435 2684 3491 fuerit
2711 3440 3016 3508 negandum
3049 3440 3186 3512 (29),
3221 3458 3440 3502 manere
3468 3448 3655 3503 adhuc

2069 3524 2279 3594 lapides
2296 3529 2596 3584 secundum
2621 3531 3007 3594 substantiam,
3029 3534 3119 3603 qui
3138 3534 3396 3591 dicuntur
3414 3538 3642 3597 domus:

2069 3615 2290 3670 domum
2323 3618 2467 3672 enim
2508 3623 2925 3691 compositionis
2951 3626 3214 3693 qualitate
3249 3629 3371 3684 dico
3400 3629 3594 3686 factam
3625 3654 3646 3691 ι

2068 3703 2144 3757 ita
2172 3719 2390 3772 censeo,
2419 3706 2610 3776 Deum,
2637 3721 2891 3769 manente
2920 3715 3249 3782 substantia,
3287 3723 3647 3780 mutationem

2068 3797 2359 3865 quamdam
2403 3800 2728 3869 qualitatum
2761 3802 2978 3871 fecisse,
3009 3808 3224 3864 ratione
3270 3810 3429 3880 cujus
3482 3831 3646 3871 mun-

2067 3888 2198 3942 dum
2231 3903 2261 3942 a
2302 3888 2413 3943 Deo
2435 3902 2677 3946 creatum
2711 3893 2938 3951 aﬂirmo.

2107 3977 2441 4035 'ORTHOD.
2479 3980 2778 4037 Videturne
2821 3986 2984 4039 etiam
3014 3984 3112 4040 tibi
3140 3984 3282 4039 mala
3309 3987 3648 4044 substantia-

2065 4078 2190 4118 rum
2224 4077 2347 4118 esse
2380 4067 2708 4135 qualitates?

2141 4159 2296 4215 VAL.
2333 4161 2574 4216 Videtur.

2138 4251 2442 4308 ORTHOD.
2469 4252 2783 4310 Fueruntne
2829 4255 2912 4310 ha:
2968 4257 3262 4326 qualitates
3317 4259 3384 4312 ab
3431 4270 3644 4317 interno

2067 4344 2121 4398 in
2153 4345 2403 4409 materia,
2434 4359 2503 4398 an
2546 4344 2874 4414 principium
2904 4345 3119 4401 essendi
3150 4347 3497 4402 habuerunt?

2148 4436 2299 4490 VAL.
2337 4435 2530 4491 Fuisse
2585 4436 2686 4491 has
2715 4437 3002 4506 qualitates
3037 4439 3106 4492 ab
3125 4447 3328 4492 aeterno
3358 4456 3481 4494 cum
3514 4457 3638 4495 ma-

2065 4529 2202 4584 teria
2234 4528 2510 4584 existimo.

2132 4617 2344 4674 URTH.
2410 4617 2529 4674 Non
2581 4619 2866 4676 arbitraris
2922 4621 3280 4677 mutationem
3341 4624 3634 4692 quamdam

2059 4713 2383 4782 qualitatum
2415 4727 2538 4767 esse
2565 4727 2595 4764 a
2633 4711 2741 4766 Deo
2771 4711 3018 4767 factam?

2130 4804 2286 4859 VAL.
2311 4805 2560 4860 Arbitror
2581 4804 2803 4861 factam.

2131 4895 2342 4951 ORTH.
2379 4897 2436 4951 1n
2471 4897 2706 4954 melius?

2135 4987 2291 5044 VAL.
2318 4988 2448 5043 Mihi
2472 4989 2711 5048 videtur.

2131 5079 2342 5137 ORTH.
2376 5082 2434 5136 Si
2463 5097 2592 5152 ergo
2634 5081 2876 5138 materia:
2905 5082 3199 5154 qualitates
3257 5081 3400 5134 mala
3462 5089 3627 5147 sunt,

2059 5173 2205 5231 Deus
2260 5181 2438 5229 autem
2489 5189 2582 5230 eas
2637 5174 2691 5228 in
2731 5174 2924 5230 melius
2980 5173 3268 5239 convertit,
3320 5172 3632 5228 necessario

2061 5266 2412 5338 quaarendum
2443 5273 2548 5330 est,
2580 5266 2724 5322 unde
2769 5266 2911 5320 mala
2945 5265 3075 5320 sint.
3111 5265 3220 5318 Aut
3249 5263 3395 5318 enim
3441 5278 3634 5318 omnes

2063 5423 2264 5478 talibus
2297 5421 2547 5492 dialogis.

2134 5494 2246 5564 (29)
2281 5494 2397 5559 Quo
2452 5489 2626 5564 tamen
2673 5491 2886 5564 minime
2929 5489 3089 5564 fuerit
3134 5495 3424 5564 negandum
3449 5527 3485 5564 ,Α
3520 5493 3627 5541 etc.

2062 5559 2368 5631 Qu‘od'sola
2393 5563 2623 5616 mutatio
2665 5561 3019 5615 accidentalis
3052 5559 3346 5616 accesserit
3367 5599 3382 5620 ,
3420 5559 3636 5631 aliaquo

2061 5630 2271 5688 tantum
2290 5643 2344 5689 et
2373 5633 2477 5688 alia
2498 5631 2844 5700 compositio,
2865 5631 3014 5685 salva
3039 5631 3343 5687 substantia
3369 5630 3633 5700 lapidum.

2063 5707 2339 5774 lnterprcs
2387 5703 2564 5756 Photii
2614 5697 2787 5755 totum
2835 5703 3146 5772 oppositum
3194 5697 3482 5770 eXprimi't,
3535 5697 3635 5754 sed

2026 5815 2029 5818 -
2064 5776 2218 5832 nullo
2250 5791 2416 5832 sensu
2439 5783 2573 5832 satis
2597 5787 2858 5844 congruo.
