4150 6414
516 372 621 431 259

1493 371 1552 427 S.
1596 371 1926 428 ME‘I‘llODll
1964 370 2269 432 EPISCOPI
2310 371 2396 430 ET
2428 372 2785 432 MARTYRIS

3660 383 3766 441 260

518 508 644 547 cum
677 493 833 547 bona:
888 498 1096 558 essent,
1128 492 1181 547 in
1217 490 1415 546 melius
1466 498 1595 545 sunt
1642 507 1920 548 conversa:
1950 510 1964 547 :
1996 504 2074 546 aul

2191 489 2369 559 οὖσαι,
2404 496 2496 549 ἐπὶ
2536 496 2596 548 τὸ
2640 500 2886 568 κρεῖττον
2923 496 3271 567 ἐτράπησανο
3300 497 3333 569 ἥ
3387 499 3442 552 al
3474 500 3573 570 μὲν
3609 498 3764 558 οὖσαι

517 599 642 639 cum
679 585 798 639 alia:
850 583 1070 654 quidem
1107 584 1263 638 bona:
1319 591 1526 646 essent,
1564 582 1682 637 aliae
1723 584 1907 650 malae;
1937 584 2074 637 mala

2192 587 2468 649 κακαὶ,ἀί
2493 586 2549 641 δὲ
2589 589 2661 659 μή
2685 605 2698 618 ·
2738 590 2792 641 αί
2828 589 2927 658 μὲν
2963 588 3129 641 κοικσι)⁸
3170 590 3271 642 οὕκ
3316 591 3629 663 ἐτράπησαν
3673 596 3765 650 ἐπὶ

516 676 733 746 quidem
766 693 877 731 non
911 683 1039 730 sunt
1065 682 1285 730 mutatae
1318 674 1373 728 in
1422 673 1656 739 melius;
1682 674 1906 743 reliqua:
1936 689 2087 739 vero,

513 781 851 838 quaecunque
879 776 1034 821 erant
1078 764 1410 831 commodae,
1447 772 1674 820 ornatus
1721 778 1887 819 causa
1927 762 2089 821 aDeo

512 866 732 913 mutata:
768 865 916 913 sunt.

582 951 739 1007 VAL.
769 951 860 1005 Sic
890 966 991 1021 ego
1014 950 1129 1020 jam
1168 950 1295 1005 olim
1327 941 1655 1004 sentiebam.

578 1044 790 1100 OR’l‘ll.
842 1043 1127 1110 Quomodo
1173 1059 1303 1114 ergo
1359 1043 1531 1097 malas
1583 1042 1905 1112 qualitates,
1968 1055 2086 1097 uta

510 1139 778 1210 principio
810 1136 1049 1202 fuerunt,
1084 1135 1303 1191 relictas
1357 1134 1534 1189 dicis?
1578 1133 1672 1188 Vel
1727 1135 1819 1200 ita,
1868 1142 1928 1188 ut
1960 1150 2087 1205 pos-

510 1240 593 1288 set
629 1234 770 1286 Deus
798 1246 890 1285 eas
949 1228 1180 1294 tollere;
1220 1227 1305 1282 vel
1340 1235 1399 1280 ut
1440 1226 1674 1281 voluerit
1718 1226 1958 1296 quidem,
1988 1227 2084 1281 sed

509 1339 619 1378 non
650 1320 921 1392 potuerit?
953 1318 1012 1373 Si
1042 1319 1285 1388 potuisse
1318 1317 1421 1382 ais,
1471 1327 1525 1371 et
1556 1315 1821 1381 noluisse,
1861 1332 2084 1372 necesse

508 1426 592 1472 est
625 1421 683 1469 ut
718 1419 909 1467 auctor
938 1412 1131 1466 horum
1158 1410 1374 1464 dicatur
1411 1427 1425 1462 :
1456 1409 1601 1479 quod
1637 1409 1873 1479 potuerit
1907 1407 2085 1464 eﬂice«

508 1524 569 1562 re
592 1517 650 1561 ut
670 1523 779 1561 non
800 1510 985 1560 essent
1006 1503 1179 1569 mala;
1207 1509 1261 1557 et
1300 1509 1481 1556 tamen
1512 1500 1622 1567 illa,
1655 1508 1713 1554 ut
1751 1508 1928 1567 erant,
1961 1515 2085 1556 esse

508 1598 817 1673 permiserit
851 1615 864 1651 :
903 1596 1066 1667 idque
1099 1595 1352 1659 maxime,
1378 1601 1666 1664 postquam
1694 1595 1951 1663 ccepisset
1968 1607 2085 1646 ma-

506 1694 701 1747 teriam
756 1689 1010 1745 formare.
1050 1686 1109 1741 Si
1157 1687 1301 1742 enim
1355 1686 1561 1740 nullam
1600 1702 1829 1757 prorsus
1853 1686 1973 1756 ejus
2000 1702 2085 1741 ra-

505 1785 711 1838 tionem
763 1781 1071 1845 habuisset,
1097 1778 1271 1834 videri
1315 1779 1584 1848 potuisset
1636 1793 1745 1832 non
1768 1788 1958 1832 auctor
1987 1794 2081 1833 eo-

2189 676 2250 728 τὸ
2283 680 2558 747 κρεῖττον·
2596 680 2650 732 αῖ
2678 678 2733 731 δὲ
2762 678 2974 744 λοιπαὶ,
3012 680 3133 732 ὅσαι
3168 680 3411 752 διάφοροι
3452 683 3762 755 ἐτύγχανον⁹

2187 768 2288 840 τῆς
2315 769 2725 841 διακοσμήσεως
2756 770 2919 825 ἕνεκα
2944 772 3079 844 πρὸς
3103 772 3238 826 Θεοῦ
3265 774 3599 848 ἐτράπησαν.

2258 945 2461 1003 ΟΥΑΛ.
2491 948 2676 1013 Οὕτως
2705 950 2908 1005 ἀνωθεν
2931 949 3073 1023 εἶχον
3100 953 3231 1022 ἐγώ.

2257 1036 2494 1090 ΟΡΘΟΔ.
2546 1038 2671 1102 Πῶς
2712 1040 2890 1094 τοίνυν
2921 1043 3021 1106 τὰς
3053 1043 3161 1098 τῶν
3196 1045 3410 1114 φαύλων
3451 1050 3755 1123 ποιότητας,

2185 1126 2262 1189 ὡς
2291 1123 2460 1199 εἶχον,
2497 1130 2940 1187 καταλελοιπέναι
2981 1134 3197 1203 λέγεις;
3240 1139 3491 1211 Πότερον,
3525 1143 3761 1215 δυνάμε-

2185 1234 2275 1271 νον
2300 1218 2398 1289 μὲν
2419 1219 2633 1284 ὲκείνας
2668 1221 2876 1276 ἀνελεῖν
2900 1240 2914 1254 ⁸
2940 1224 2972 1295 ἢ
3001 1224 3325 1296 βουληθέντα
3354 1230 3471 1299 μὲν,
3502 1234 3575 1303 μὴ
3606 1232 3766 1290 δυνά.

2189 1326 2349 1380 μενον
2392 1310 2483 1377 δέ;
2518 1313 2581 1365 Εἰ
2610 1312 2710 1383 μὲν
2732 1314 2839 1386 γὰρ
2880 1314 3175 1388 δυνάμενον
3212 1318 3411 1389 λέγεις,
3448 1324 3521 1395 μὴ
3568 1324 3761 1399 βουλη-

2185 1401 2344 1455 θέντα
2387 1402 2443 1456 δὲ
2485 1405 2645 1458 αὑτὸν
2689 1405 2860 1460 αἴτιον
2906 1408 3109 1463 τούτων
3140 1410 3249 1481 (51)
3270 1429 3285 1442 ·
3340 1414 3421 1466 ὅτι
3466 1415 3764 1488 δυνάμενος

2184 1497 2406 1580 ποιῆσαι
2437 1496 2510 1568 μὴ
2537 1493 2677 1552 εἶναι
2704 1500 2869 1564 κακὰ,
2897 1502 3273 1575 συνεχώρησεν
3305 1507 3442 1561 αὕτὰ
3475 1511 3657 1580 μένειν
3684 1513 3763 1577 ὡς

2181 1578 2278 1653 ἦν·
2324 1586 2418 1639 καὶ
2451 1586 2683 1657 μάλιστα
2718 1590 2807 1643 ὅτε
2847 1590 3197 1665 δημιουργεῖν
3236 1595 3335 1667 τὴν
3371 1578 3502 1669 ὕλην
3536 1600 3759 1672 ἤρξατο.

2183 1674 2245 1726 Ei
2289 1673 2398 1748 γὰρ
2446 1678 2579 1749 μηδὲ
2613 1679 2750 1743 ὅλως
2798 1680 2990 1755 ἔμελεν
3025 1684 3173 1754 αὐτῷ
3216 1686 3316 1757 τῆς
3366 1688 3516 1761 ὕλης,
3559 1694 3658 1747 οὐκ
3692 1694 3762 1749 ἂν

2183 1763 2355 1858 αἴτιος
2399 1762 2500 1838 ἦν,
2537 1762 2612 1823 ὧν
2658 1771 3002 1844 συνεχώρησε
3058 1776 3257 1845 μένειν.
3301 1780 3452 1834 Ἐπεὶ
3492 1783 3549 1837 δὲ
3594 1786 3762 1858 μέρος

505 1889 627 1929 rum
656 1887 778 1943 quae
811 1870 1059 1942 permisit
1088 1884 1329 1925 manere.
1379 1867 1674 1939 Postquam
1720 1876 1920 1934 autem,
1957 1885 2074 1941 par-

2188 1857 2287 1926 μέν
2310 1874 2361 1910 τι
2389 1859 2560 1929 αὐτῆς
2591 1840 2936 1935 δημιουργεῖ,
2959 1840 3123 1937 μέρος
3154 1867 3211 1920 δέ
3233 1886 3285 1921 τι
3313 1871 3449 1942 αὐτῇ
3480 1874 3562 1945 ἐᾷ,
3594 1840 3762 1931 dubi:

505 1974 611 2023 tem
656 1964 875 2036 quidem
925 1961 1165 2017 materia:
1200 1959 1422 2015 format
1475 1969 1528 2015 et
1579 1959 1810 2030 perficit,
1869 1972 2078 2031 partem

502 2058 754 2129 negligit;
799 2070 923 2111 cum
954 2063 1008 2111 et
1057 2054 1205 2109 illam
1246 2059 1434 2123 posset
1497 2053 1555 2106 in
1600 2053 1797 2107 melius
1840 2060 2074 2120 mutare,

502 2150 637 2204 mihi
667 2147 885 2203 videtur
930 2146 1198 2201 malorum
1248 2159 1436 2209 causa,
1466 2145 1559 2214 qui
1592 2151 1798 2215 partem
1838 2145 2079 2199 materiae

502 2244 699 2298 malam
753 2240 1055 2310 reliquerit.
1111 2239 1349 2295 Alteram
1393 2253 1526 2308 ergo
1582 2245 1788 2307 partem
1834 2235 1888 2289 in
1914 2235 2078 2306 hujus

500 2336 729 2391 exitium
755 2325 1012 2387 formavit
1043 2350 1057 2386 :
1092 2332 1224 2394 imo,
1276 2339 1330 2385 et
1362 2330 1416 2383 in
1440 2329 1547 2382 hoc
1591 2330 1845 2391 maxime,
1867 2337 2075 2395 partem

500 2425 647 2481 hanc
694 2425 940 2480 materiae
969 2439 1133 2494 quam
1167 2421 1454 2493 disposuit,
1489 2434 1717 2491 quaeque
1746 2419 1859 2489 jam
1898 2418 2077 2488 perci-

503 2520 616 2591 piat
645 2519 911 2574 malornm
941 2515 1309 2578 incommoda,
1359 2514 1563 2583 injuria
1605 2512 1868 2568 all‘ecerit.
1904 2511 2077 2567 Ante-

503 2627 665 2680 qnain
695 2609 837 2664 enim
869 2614 1120 2662 ornatum
1153 2604 1418 2673 reciperet
1443 2601 1576 2673 (50),
1601 2601 1784 2655 nullus
1803 2599 1854 2654 ei
1889 2597 2076 2653 aderat

501 2704 771 2759 malorum
796 2715 994 2756 sensus
1026 2717 1041 2755 :
1074 2712 1223 2753 nunc
1243 2711 1394 2759 vero,
1431 2693 1602 2748 ambae
1656 2698 1837 2762 partes
1869 2691 2074 2745 malum

501 2795 764 2851 sentiunt.
807 2790 890 2847 Sit
911 2792 1009 2847 tibi
1037 2790 1107 2845 ab
1138 2788 1360 2844 homine
1385 2785 1716 2855 exemplum.
1744 2782 2073 2853 Priusquam

498 2887 643 2944 enim
678 2887 830 2941 fieret
882 2882 1107 2946 animal,
1159 2881 1307 2936 omni
1334 2893 1564 2950 prorsus
1606 2875 1879 2931 malorum
1906 2888 2072 2929 sensu

497 2980 749 3033 vacabat.
776 2975 856 3031 Ex
885 2992 994 3046 quo
1044 2981 1225 3029 autem
1259 2971 1468 3028 efﬁctus
1513 2970 1675 3025 homo
1698 2968 2073 3036 formatusque

498 3070 734 3140 imagine
760 3067 988 3123 ellicitur
1012 3081 1044 3120 ιι
1066 3064 1197 3130 Deo,
1229 3064 1392 3119 etiam
1423 3061 1791 3116 incumbentis
1824 3058 1952 3112 mali
1981 3073 2073 3112 ac-

498 3164 632 3232 cipit
659 3174 904 3217 sensum.
938 3158 1113 3227 Atque
1155 3156 1310 3219 adeo,
1345 3154 1491 3225 quod
1527 3151 1769 3207 materia:
1820 3150 1874 3203 in
1909 3151 2073 3204 bene-
2101 3196 2148 3260 Β

498 3256 604 3309 ficii
634 3262 840 3325 partem
864 3267 893 3306 a
928 3250 1041 3306 Deo
1070 3250 1325 3305 collatum
1351 3248 1513 3308 dicis,
1547 3245 1729 3316 potius
1754 3242 1822 3298 ad
1847 3242 2074 3298 exitium

496 3346 798 3402 accessisse
841 3340 1286 3414 deprehenditur.
1344 3337 1403 3393 Si
1434 3352 1562 3393 vero
1595 3334 1771 3401 dicas,
1822 3351 1932 3390 non
1976 3349 2076 3404 ρος

495 3439 669 3493 tuisse
697 3451 728 3490 a
760 3434 869 3490 Deo
898 3431 1105 3489 aboleri
1129 3431 1271 3486 mala
1306 3448 1321 3485 :
1361 3444 1488 3484 cum
1552 3426 1825 3497 ejusmodi
1871 3426 2075 3495 impos-

496 3531 754 3594 sibilitas,
780 3540 874 3583 aut
896 3534 1094 3581 natura
1126 3523 1461 3579 imbecillum
1501 3528 1717 3593 arguat,
1753 3527 1848 3574 aut
1875 3519 2074 3574 timore

494 3623 748 3676 vincente
793 3617 1005 3674 fortiori
1056 3616 1221 3671 alicui
1261 3615 1654 3684 mancipatum,
1716 3612 1839 3667 vide
1886 3620 2071 3665 utrum

495 3715 687 3767 horum
716 3708 1075 3778 omnipotenti
1103 3715 1158 3762 et
1181 3708 1328 3762 bono
1342 3706 1450 3762 Deo
1466 3708 1602 3763 velis
1626 3706 1919 3760 ascribere.
1934 3702 2071 3757 Por-

492 3817 558 3857 ro
586 3803 782 3855 iterum
837 3797 1130 3867 propositae
1161 3795 1310 3848 circa
1355 3793 1640 3848 materiam
1663 3790 1953 3862 quaastioni
1984 3805 2073 3844 re-

494 3892 723 3962 sponde.
753 3890 919 3946 Estne
940 3887 1165 3943 materia
1198 3886 1450 3956 simplex.
1484 3900 1556 3939 an
1579 3882 1911 3952 composita?
1937 3881 2072 3936 Nam

497 3986 545 4041 si
568 3983 797 4038 materia
821 3981 1051 4051 simplex
1078 3977 1180 4032 fuit
1235 3984 1291 4032 et
1320 3971 1634 4039 uniformis,
1677 3990 1801 4027 cum
1835 3972 2072 4026 mundus

444 4120 447 4123 .
494 4074 838 4146 compositus
871 4073 941 4128 sit
970 4079 1023 4126 et
1053 4086 1123 4124 ex
1153 4067 1387 4141 diversis
1433 4065 1762 4121 substantiis
1813 4070 2067 4127 constet,

495 4184 608 4223 non
634 4172 816 4237 potest
837 4164 946 4219 dici
976 4161 1156 4217 factus
1201 4176 1267 4217 ex
1299 4158 1557 4223 materia;
1590 4156 1734 4227 quod
1797 4171 1907 4211 non
1941 4168 2070 4224 pos-

494 4262 604 4317 sint
672 4274 793 4329 quae
853 4266 982 4313 sunt
1043 4255 1389 4325 composita,
1440 4265 1552 4305 uno
1611 4249 1795 4319 aliquo
1846 4242 2069 4302 informi

493 4353 773 4412 constitui.
826 4340 1201 4420 Compositum
1254 4346 1420 4409 enim,
1469 4341 1800 4414 simplicium
1852 4339 2067 4408 aliquo-

492 4462 616 4501 rum
678 4442 990 4499 mistionem
1048 4438 1274 4493 indicat.
1334 4434 1492 4501 Quod
1547 4434 1595 4489 si
1651 4433 1845 4488 iterum
1898 4435 2070 4483 mate-

2188 1962 2350 2039 μενος
2408 1949 2627 2004 κάκεῖνο
2658 1952 2879 2023 τρέπειν
2908 1955 2988 2019 εἰς
3038 1954 3099 2009 τὸ
3151 1962 3395 2029 κρεῖττον
3417 1980 3431 1994 ·
3466 1966 3637 2031 αἴτιός
3665 1987 3761 2039 μοι

2183 2037 2291 2091 τῶν
2321 2041 2504 2095 κακῶν
2537 2040 2748 2111 (δοκεῖ),
2781 2046 3094 2105 καταλιπὼν
3119 2051 3284 2122 μέρος
3325 2051 3457 2124 ὕλης
3500 2037 3755 2130 πονηρόν.

2196 2131 2312 2184 Ἐπ’
2338 2132 2545 2205 ὀλέθρῳ
2570 2131 2662 2191 οὖν
2683 2138 3079 2213 ἐδημιούργησε
3107 2142 3306 2215 μέρους
3325 2162 3339 2177 ’
3361 2146 3496 2202 ἀλλά
3527 2150 3633 2220 μὴν
3661 2153 3759 2206 καὶ

2182 2224 2250 2278 τὰ
2282 2226 2543 2295 μέγιστα,
2588 2231 2728 2284 κατὰ
2761 2233 2951 2300 τοῦτο,
2985 2235 3143 2289 τοῦτο
3167 2237 3230 2290 τὸ
3266 2239 3429 2311 μέρος
3468 2242 3760 2314 ἠδικῆσθαί

2186 2332 2275 2386 μοι
2302 2317 2466 2383 δοκεῖ,
2495 2321 2632 2393 ὅπερ
2674 2326 3045 2380 κατεσκεύασε
3075 2328 3176 2398 τῆς
3217 2329 3348 2402 ὕλης
3391 2334 3575 2405 μέρος,
3610 2339 3762 2392 ἀντι-

2181 2405 2589 2502 λαμϐανόμενον
2630 2413 2699 2467 τά
2757 2416 2823 2469 ὲκ
2866 2415 2974 2470 τῶν
3013 2420 3217 2474 κακῶν.
3261 2424 3396 2494 Πρὶν
3436 2427 3545 2500 γάρ
3589 2430 3760 2502 αὐτὴν

2179 2498 2610 2575 διακοσμηθῆναι
2636 2544 2650 2569 ,
2698 2506 2759 2560 τὸ
2810 2509 2945 2579 μηδὲ
2996 2511 3345 2569 αἰσθάνεσθαι
3400 2498 3521 2573 τῶν.
3569 2498 3758 2578 κακῶν

2181 2595 2360 2666 παρῆν
2407 2598 2578 2669 αὐτῇ·
2622 2598 2717 2652 νῦν
2769 2599 2827 2653 δὲ
2895 2600 3122 2657 ἕκαστον
3167 2604 3276 2659 τῶν
3342 2608 3526 2678 μερῶν
3588 2612 3759 2684 αὐτῆς

2180 2687 2429 2759 αἴσθησιν
2462 2691 2726 2762 λαμϐάνει
2756 2692 2867 2747 τῶν
2897 2695 3104 2753 κακῶν.
3137 2698 3248 2751 Καὶ
3288 2717 3378 2769 μοι
3416 2702 3501 2754 ἐπ’
3542 2703 3755 2776 ἀνθρὼ-

2180 2795 2281 2831 που
2304 2779 2435 2833 λάϐε
2458 2781 2520 2834 τὸ
2556 2782 2924 2854 παράδειγμα.
2972 2786 3110 2858 Πρὶν
3147 2788 3297 2860 (γὰρ)
3336 2788 3473 2853 ζῶον
3510 2793 3753 2866 γένηται,

2178 2869 2501 2942 ἀναίσθητον
2530 2867 2599 2943 ἦν
2648 2871 2758 2925 τῶν
2807 2873 3011 2928 κακῶν.
3074 2875 3188 2945 Ἀφ’
3238 2870 3299 2929 οὗ
3343 2878 3401 2931 δὲ
3458 2882 3758 2938 εἰκονισθὲν

2179 2957 2463 3032 ἄνθρωπος
2490 2962 2625 3033 πρὸς
2658 2960 2794 3015 Θεοῦ
2828 2962 3068 3031 γίνεται,
3101 2964 3219 3019 τότε
3252 2970 3345 3021 καὶ
3384 2968 3481 3041 τὴν
3506 2971 3756 3042 αἴσθησιν

2177 3051 2271 3105 τοῦ
2315 3053 2749 3125 πῳπελὰζοντος
2784 3054 2953 3108 κακοῦ
3001 3058 3425 3130 προσλαμϐάνει.
3457 3065 3567 3117 Καὶ
3599 3064 3756 3119 τοῦτο

2177 3144 2314 3216 ὅπερ
2342 3145 2464 3197 ἐπεὶ
2497 3145 2789 3219 εὐεργεσίᾳ
2826 3147 2927 3216 τῆς
2953 3146 3085 3220 ὕλης
3118 3151 3253 3222 πρὸς
3300 3151 3433 3205 Θεοῦ
3476 3155 3757 3223 γεγονένα.

2177 3234 2374 3303 λέγεις,
2404 3236 2716 3308 εὑρίσκεται
2754 3238 2955 3309 μᾶλλον
2982 3241 3074 3293 ἐπὶ
3105 3240 3182 3312 τῷ
3224 3242 3426 3313 χείρονι
3460 3245 3756 3316 προσγενό-

2179 3343 2338 3397 μενον
2370 3329 2529 3399 αὕτῇ.
2560 3329 2624 3382 Εἰ
2656 3329 2714 3382 δὲ
2751 3330 2824 3401 μὴ
2857 3330 3114 3384 δύνασθαι
3158 3332 3363 3387 παῦσαι
3390 3334 3456 3388 τὰ
3488 3337 3634 3391 κακά
3664 3337 3756 3392 τὸν

2175 3417 2305 3471 Θεὸν
2357 3419 2497 3490 φῄςο
2551 3421 2612 3474 τὸ
2656 3421 2712 3475 δὲ
2761 3422 3016 3476 ἀδύνατον
3058 3424 3175 3495 ἦτοι
3221 3428 3288 3496 τῇ
3335 3426 3493 3494 φύσει
3551 3427 3755 3501 ἀσθενῆ

2176 3509 2439 3582 ὑπάρχειν
2483 3510 2650 3575 ἐστὶν,
2683 3513 2717 3583 ἢ
2762 3513 2841 3585 τῷ
2885 3515 3136 3568 νικᾶσθαι
3177 3515 3257 3587 τῷ
3300 3516 3449 3588 φόϐῳ
3492 3517 3754 3572 δεδουλω-

2178 3599 2336 3670 μένον
2384 3600 2521 3672 πρὸς
2568 3617 2713 3665 τινος
2767 3603 3113 3674 κρείττονοςς
3163 3606 3265 3676 ὅρα
3314 3607 3494 3659 ὁποῖον
3550 3606 3755 3662 τούτων

2175 3692 2509 3762 προσάπτειν
2539 3691 2744 3757 ἐθέλοις
2765 3693 2844 3764 τῷ
2867 3698 3266 3768 παντοκράτορι
3291 3696 3385 3750 καὶ
3408 3696 3596 3767 ἀγαθῷ
3611 3697 3751 3768 Θεῷ.

2186 3784 2345 3839 Ἀλλά
2396 3786 2559 3840 πάλιν
2607 3787 2739 3859 περὶ
2794 3788 2894 3859 τῆς
2952 3788 3085 3860 ὕλης
3138 3789 3450 3860 ἀπόκριναι.
3519 3791 3754 3863 Πότερον

2172 3875 2316 3947 ἁπλῆ
2349 3878 2434 3940 τίς
2475 3878 2623 3931 ἐστιν
2650 3880 2684 3948 ἡ
2713 3877 2834 3949 ὕλη,
2871 3878 2905 3949 ἢ
2940 3878 3227 3943 σύνθετος-ς
3262 3882 3325 3935 Εἰ
3354 3882 3459 3956 γὰρ
3493 3884 3635 3955 ἁπλῆ
3668 3901 3754 3948 τις

2172 3968 2465 4040 ἐτύγχανεν
2490 3969 2589 4041 ὕλη
2622 3971 2716 4023 καὶ
2750 3972 3046 4044 μονοειδὴς,
3078 3971 3329 4038 σύνθετος
3351 3975 3407 4028 δὲ
3457 3979 3485 4030 ὁ
3525 3977 3749 4047 κόσμος,

2172 4063 2266 4115 καὶ
2307 4065 2371 4115 ὲκ
2405 4062 2676 4135 διαφόρων
2722 4064 2919 4118 οὐσιῶν
2953 4064 3221 4131 συνεστώς
3268 4069 3446 4123 ἐστιν·
3492 4070 3754 4129 ἀδύνατον

2171 4156 2355 4209 τοῦτον
2380 4155 2441 4220 ἐξ
2470 4156 2603 4228 ὕλης
2637 4158 2919 4226 γεγονέναι
2944 4159 3122 4229 λέγειν
3148 4177 3161 4190 ο
3191 4160 3270 4231 τῷ
3312 4160 3381 4215 τὰ
3414 4136 3640 4217 σύνθετα
3674 4165 3750 4239 μὴ

2171 4242 2280 4303 οἷόν
2322 4265 2383 4302 τε
2424 4248 2484 4317 ἐξ
2532 4250 2652 4313 ὲνὺς
2680 4250 2872 4305 ἀποίου
2903 4251 3002 4323 τὴν
3036 4251 3292 4307 σύστασιν
3326 4255 3486 4325 ἔχειν.
3522 4257 3593 4310 Τὸ
3640 4257 3749 4330 γὰρ

2173 4339 2424 4394 σύνθετον
2456 4340 2643 4395 ἁπλῶν
2676 4358 2837 4397 τινων
2872 4342 3017 4415 μίξιν
3051 4345 3261 4416 μηνύει.
3308 4346 3371 4398 Et
3399 4346 3441 4398 δ’
3473 4343 3539 4401 αὖ
3587 4350 3749 4407 πάλιν

2172 4431 2422 4488 σύνθετον
2465 4434 2644 4503 λέγεις
2689 4434 2788 4506 τὴν
2817 4432 2982 4506 ὕλην,
3025 4437 3242 4500 πάντως
3285 4435 3345 4501 ἐξ
3392 4437 3580 4491 ἁπλῶν
3626 4457 3749 4493 συν-

491 4543 631 4594 riam
683 4535 837 4590 dicas
867 4532 997 4602 quid
1049 4529 1444 4600 compositum,
1491 4525 1713 4582 omnino
1762 4523 1951 4578 debuit
1998 4536 2066 4577 ex

2177 4525 2345 4597 ετέθη’
2371 4527 2463 4580 καὶ
2485 4523 2553 4599 ἦν
2577 4544 2707 4580 ποτε
2735 4526 2853 4581 καθ’
2878 4527 3045 4581 ἑαυτά
3075 4527 3240 4582 άπλᾱο
3263 4522 3336 4583 ὧν
3366 4530 3743 4601 συντεθέντων,

494 4625 836 4697 simplicibus
860 4620 1150 4692 componi;
1182 4627 1447 4688 erantque
1490 4618 1621 4673 olim
1651 4621 1898 4685 separata
1933 4614 2066 4669 sim-

490 4722 676 4793 plicia,
727 4733 958 4788 quorum
1014 4712 1412 4784 compositione
1465 4710 1605 4766 facta
1659 4716 1744 4765 est
1800 4709 2062 4777 materia;

490 4811 795 4883 composita
851 4816 1033 4864 autem
1070 4806 1413 4876 simplicibus
1462 4803 1912 4859 constituuntur:
1947 4810 2066 4855 erat

491 4906 649 4976 plane
681 4917 805 4957 cum
840 4902 1071 4955 materia
1105 4913 1213 4953 non
1235 4908 1375 4963 erat,
1420 4896 1573 4967 prius
1615 4895 1874 4949 nimirum
1900 4907 2064 4964 quam

489 4993 757 5064 simplicia
785 4992 1016 5047 coirent.
1053 4987 1209 5056 Quod
1266 4988 1313 5045 si
1366 4994 1483 5042 erat
1521 4987 1872 5057 quandoque,
1938 5000 2062 5038 cum

491 5087 718 5143 materia
749 5102 857 5140 non
880 5079 1031 5151 erat;
1063 5096 1341 5152 nunquam
1368 5095 1497 5135 vero
1532 5079 1656 5143 fuit,
1690 5095 1812 5133 cum
1863 5077 2066 5147 ingeni-

491 5186 604 5232 tum
631 5192 739 5231 non
765 5181 912 5230 esset
945 5191 958 5227 :
991 5186 1096 5227 non
1130 5186 1260 5241 ergo
1278 5169 1501 5224 materia
1532 5167 1774 5238 ingenita
1793 5173 1899 5234 est.
1930 5165 2064 5220 Por—

489 5284 555 5323 ro
608 5269 875 5339 sequitur,
939 5274 1001 5320 ut
1064 5261 1403 5318 admittenda
1463 5260 1574 5317 sint
1618 5262 1772 5332 plura
1800 5260 2058 5331 ingenita.

562 5464 691 5536 ('50),
710 5464 1002 5536 Antequam
1023 5462 1162 5536 enim
1191 5470 1438 5536 ornatum
1474 5459 1742 5536 reciperet.
1780 5458 1916 5536 Πρὶν
1945 5458 2061 5511 δια-

491 5530 865 5605 κοσμηθῆναιζ
883 5535 1067 5588 Altera
1095 5533 1255 5586 lectio
1280 5530 1659 5605 διακριθῆναι,
1691 5544 1852 5605 quam
1891 5530 2065 5605 inter-

530 5599 617 5659 res
651 5599 828 5657 Pliotii
873 5605 1044 5671 magis
1079 5604 1307 5672 probat:
1347 5599 1548 5670 ubique
1603 5599 2063 5672 tamen‘loqnitnr

530 5622 617 5659 res
651 5622 828 5657 rnour
873 5622 1044 5671 magis
1079 5622 1307 5672 pronas:
1347 5622 1548 5670 umque
1604 5622 1786 5654 tamen
1821 5622 2059 5668 tuquuur

490 5622 797 5730 Blethodius
826 5673 894 5727 de
931 5682 1165 5736 ornatu,
1212 5673 1538 5728 formatione
1581 5678 1637 5725 et
1683 5667 2018 5738 perfectione
2044 5708 2059 5731 ,

487 5761 652 5816 quam
702 5743 1383 5816 inateria_,_juxta‘etiam
1427 5742 1751 5816 haereticos,
1797 5739 2059 5811 δημιουρ-

491 5811 610 5888 γίᾳ,
643 5832 671 5870 a
701 5812 812 5869 Deo
838 5812 1066 5883 accipiat
1093 5830 1107 5867 :
1144 5812 1210 5868 ad
1241 5828 1405 5882 quam
1448 5811 1633 5867 etiam.
1661 5820 1812 5872 parte
1848 5820 2059 5866 tantum

2166 4617 2387 4687 γέγονεν
2414 4622 2450 4691 ἡ
2477 4619 2575 4693 ὕλη
2596 4637 2610 4653 ο
2646 4621 2715 4675 τὰ
2734 4621 2791 4675 δὲ
2817 4620 3046 4674 σύνθετα
3072 4619 3128 4686 ἐξ
3156 4619 3341 4675 ἁπλῶν
3370 4621 3469 4692 τὴν
3494 4621 3744 4676 σύστασιν

2165 4711 2298 4783 ἕχει.
2323 4708 2430 4765 Ἦν
2456 4731 2587 4767 ποτε
2616 4714 2825 4785 καιρὸς,
2848 4714 2933 4766 ὅτε
2960 4713 3057 4784 ὕλη
3087 4712 3182 4765 οὐκ
3212 4707 3306 4782 ἦν·
3334 4715 3577 4768 τουτέστι
3606 4715 3744 4786 πλὴν

2163 4803 2233 4856 τά
2261 4803 2406 4857 ἁπλᾶ
2430 4804 2723 4859 συνελθεῖν.
2756 4807 2818 4859 Εἰ
2850 4804 2907 4858 δὲ
2940 4800 3009 4875 ἦν
3044 4821 3172 4857 ποτε
3205 4804 3417 4875 καιρὸς,
3446 4805 3534 4858 ὅτε
3572 4806 3605 4877 ἡ
3641 4806 3741 4878 ὕλη

2164 4896 2264 4948 οὐκ
2292 4890 2389 4966 ἦν’
2416 4898 2516 4950 οὐκ
2561 4893 2628 4968 ἦν
2665 4897 2721 4951 δέ
2770 4915 2898 4951 ποτε
2929 4896 3118 4968 καιρὸς
3140 4936 3154 4960 ,
3203 4897 3291 4950 ὅτε
3325 4897 3584 4967 ἀγένητον
3629 4897 3741 4970 (52)

2164 4990 2266 5042 οὕκ
2290 4985 2356 5060 ἦν
2373 5007 2385 5019 ·
2418 4991 2519 5044 οὕκ
2547 4991 2676 5062 (ἄρα
2696 4991 2870 5056 ἔσται)
2899 4990 3158 5061 ἀγένητος
3186 4992 3218 5061 η
3249 4990 3371 5059 ὕλη.
3394 4990 3466 5043 Τὸ
3491 4991 3535 5043 δ’
3560 4991 3743 5044 ἐντεῦ-

2166 5079 2257 5132 θεν
2286 5082 2424 5153 (ἄρα
2453 5083 2637 5149 ἔσται)
2672 5083 2840 5137 πολλὰ
2884 5082 2952 5137 τά
2990 5083 3247 5153 ἀγένητα.
3285 5084 3347 5135 El
3377 5082 3487 5155 γὰρ
3515 5079 3583 5156 ἦν
3611 5085 3742 5154 ἀγέ-

2165 5187 2325 5241 νητος
2366 5174 2394 5224 ὁ
2429 5174 2581 5239 Θεὸς,
2609 5169 2677 5245 ἦν
2722 5174 2779 5227 δὲ
2823 5174 3063 5245 ἀγένητα
3093 5175 3191 5226 καὶ
3221 5172 3290 5226 τὰ
3316 5174 3482 5237 ἁπλᾶ,
3517 5175 3575 5240 ἐξ
3604 5170 3677 5229 ὧν
3700 5178 3735 5246 ἡ

2166 5261 2265 5333 ὕλη
2318 5264 2603 5336 συνετέθη·
2652 5266 2753 5319 οὐκ
2808 5265 2917 5337 ἄρα
2972 5265 3195 5334 (ἔσται)
3225 5264 3318 5318 δύο
3349 5266 3443 5320 καὶ
3489 5268 3624 5338 μόνα
3669 5267 3738 5321 τὰ

2165 5470 2494 5530 perornata,
2545 5463 2794 5531 sequitur
2864 5458 3131 5528 ejusmodi
3186 5456 3485 5522 discretio,
3544 5462 3733 5510 contra

2163 5547 2325 5601 quam
2360 5544 2553 5586 aui-tor
2578 5534 2779 5601 arguit.

2237 5604 2348 5671 (Si)
2382 5603 2577 5657 Αὑτὸν
2629 5594 2820 5657 ditior
2879 5600 3123 5654 τούτων.
3176 5599 3257 5654 Al.
3319 5599 3479 5655 αὕτδν
3530 5594 3731 5650 τούτων

2164 5673 2389 5744 ποιητὴν
2420 5677 2592 5728 εἰπεῖν
2618 5674 2853 5742 ἀνάγκη.

2235 5743 2357 5815 (52)
2391 5744 2715 5814 ’Λγὲνητο›·.
2759 5743 3063 5815 ’ΛγένητοςῚ
