4150 6404
417 340 517 395 261

1573 337 1700 395 LIB.
1740 338 1828 393 DE
1866 333 2115 391 LIBERO
2153 330 2507 390 ARBlTRlO.

3561 338 3670 395 262

416 454 685 525 ἀγένητα·
733 451 821 507 ἵνα
860 454 1090 525 παρήσω
1119 451 1228 522 (53)
1276 452 1337 505 τὸ
1370 452 1736 523 ἐπιζητῆσαι,
1780 453 1832 505 τί
1861 452 1977 506 ὄντα

2089 448 2223 503 Nam
2253 449 2300 504 si
2356 447 2500 503 Deus
2551 456 2670 503 erat
2728 447 3039 518 ingenitus,
3086 454 3353 519 erantque
3399 451 3673 522 simplicia

416 548 563 600 ἐστὶν
618 546 795 601 ἀπλᾶ’
829 543 927 617 ὕλη
950 587 964 611 ,
1000 547 1033 618 ἢ
1087 543 1257 609 εἷδος;

1311 545 1487 598 Πολλά
1534 545 1642 616 γὰρ
1686 545 1781 598 καὶ
1818 543 1977 607 οὕτως

2095 544 2186 598 illa
2217 543 2419 614 quibus
2448 541 2675 595 materia
2705 541 3008 612 composita
3030 538 3153 604 fuit,
3183 540 3423 611 ingenita
3458 563 3471 597 :
3511 544 3671 614 plane

414 639 587 692 ἄτοπα
608 639 1045 710 ἀκολουθήσειαν.
1073 641 1231 692 Δοκεῖ
1258 638 1315 691 δέ
1344 656 1425 691 σοι
1469 637 1632 709 μηδὲν
1673 637 1780 691 τῶν
1819 636 1977 690 ὄντων

2093 654 2204 693 non
2231 644 2390 692 erunt
2438 636 2670 706 amplius
2720 634 2848 698 duo,
2874 644 2928 690 et
2957 636 3073 690 sola
3100 635 3339 706 ingenita
3367 655 3381 692 :
3440 645 3500 691 ut
3532 654 3669 708 prae—

414 731 543 785 αὐτὺ
570 730 745 801 ἑαυτῷ
774 732 1141 794 ἀντικεῖσθαι;

2093 729 2388 785 termittam
2440 743 2721 798 quaerere,
2780 727 2913 798 quid
2956 725 3162 782 fuerint
3219 727 3311 781 illa
3364 728 3669 801 simplicia;

420 841 541 877 num
570 824 818 889 materia,
850 838 920 877 an
975 823 1185 878 forma?
1221 821 1353 875 Nam
1388 822 1515 877 hinc
1538 821 1701 875 etiam
1728 828 2027 891 sequentur
2059 821 2233 875 multa
2266 820 2523 876 absurda.
2583 817 2690 875 Sed
2736 827 2790 875 et
2822 819 2927 875 hoc
2974 835 3161 891 quaero
3200 838 3212 875 :
3243 818 3385 874 Num
3451 817 3670 877 videtur

416 917 549 971 nihil
570 917 625 971 in
646 918 810 974 rebus
863 918 967 972 sibi
1003 920 1179 987 ipsum
1204 930 1327 971 esse
1355 916 1737 970 contrarium?

483 1010 686 1064 ΟΥΑΛ.
724 1012 900 1063 Δοκεῖ.

480 1096 715 1150 ΟΡΘΟΔ.
757 1095 1082 1149 Ἀντίκειται
1124 1094 1179 1147 δὲ
1209 1093 1285 1165 τῷ
1321 1096 1454 1167 πυρὶ⁸
1491 1094 1550 1148 τὸ
1575 1093 1717 1166 ὕδωρ
1740 1112 1753 1124 ’
1787 1094 1882 1147 καὶ
1910 1094 1988 1167 τῷ

2171 996 2327 1054 VAL.
2359 997 2604 1054 Videtur.

2163 1089 2371 1146 ORTH.
2397 1090 2560 1162 Atqui
2598 1091 2709 1162 igni
2738 1091 3013 1146 contraria
3044 1099 3130 1147 est
3157 1108 3328 1163 aqua;
3382 1102 3435 1149 et
3457 1096 3564 1153 luci
3591 1108 3669 1155 te-

410 1186 548 1255 φωτὶ
581 1186 641 1238 τὸ
689 1186 879 1249 σκότος
900 1201 912 1215 ·
948 1185 1044 1239 καὶ⁵
1073 1184 1153 1255 τῷ
1190 1184 1383 1256 ψυχρῷ
1414 1184 1474 1238 τὸ
1518 1184 1747 1257 θερμόν·
1780 1185 1873 1238 καὶ
1909 1184 1977 1256 τῷ

2089 1182 2302 1250 ιιεὺτιε;
2336 1191 2388 1239 et
2414 1182 2609 1254 frigido
2638 1182 2909 1251 calidum;
2933 1190 2989 1238 et
3019 1183 3173 1240 arido
3204 1184 3512 1244 humidum.

409 1277 560 1351 ξηρῷ
583 1278 645 1330 τὸ
677 1277 862 1348 ὑγρόν.

391 1382 399 1395 ·
478 1370 684 1426 ΟΥΑΛ,
718 1368 904 1433 Οὕτως
934 1368 1077 1440 ἔχειν
1105 1367 1178 1440 μὴ
1206 1368 1313 1439 (54)
1340 1369 1504 1422 δοκεῖ.

475 1461 711 1515 ΟΡΘΟΔ.
761 1460 969 1515 Οὐκοῦν
1018 1463 1065 1514 εἰ
1104 1461 1268 1532 μηδὲν
1296 1460 1402 1513 τῶν
1441 1460 1608 1513 ὄντων
1643 1459 1774 1513 αὐτὸ
1807 1460 1984 1532 ἑαυτῷ

406 1554 723 1622 ἀντίκειται,
757 1554 1006 1625 ἀλληλοις
1039 1555 1095 1609 δὲ
1133 1554 1305 1608 ταῦτα
1335 1554 1668 1609 ἀντίκειται·
1701 1557 1800 1609 οὐκ
1830 1556 1985 1610 ἔσον-

406 1663 495 1702 ται
531 1646 630 1720 ὖλη
678 1647 797 1719 μία,
830 1647 950 1702 οὐδὲ
987 1647 1091 1719 μὴν
1121 1647 1179 1712 ἐξ
1210 1646 1343 1719 ὕλης
1391 1650 1540 1719 μιᾶς.
1580 1649 1749 1704 Πάλιν
1785 1650 1842 1703 δὲ
1885 1665 1986 1703 πυ-

2160 1363 2317 1419 V'AL.
2344 1364 2473 1418 Mihi
2498 1365 2572 1418 ita
2598 1365 2828 1420 videtur.

2159 1456 2368 1512 OltTll.
2399 1457 2541 1528 Ergo
2568 1457 2612 1511 si
2638 1459 2785 1512 nulla
2814 1472 2904 1513 res
2943 1457 3048 1515 sibi
3089 1458 3206 1530 ipsa
3240 1462 3517 1517 contraria
3546 1474 3663 1531 est;

2090 1548 2206 1604 hac
2235 1557 2419 1603 autem
2474 1548 2579 1603 sibi
2621 1556 2969 1620 repugnant:
3035 1567 3147 1607 non
3188 1568 3318 1622 ergo
3342 1565 3503 1611 erunt
3549 1559 3666 1614 sola

2089 1641 2318 1695 materia
2345 1658 2360 1704 ;
2395 1641 2504 1695 imo
2530 1655 2707 1710 neque
2735 1657 2801 1696 ex
2837 1642 3065 1697 materia
3097 1644 3234 1698 sola.
3271 1644 3507 1704 Rursum
3538 1665 3667 1704 vero

405 1737 591 1794 θέσθαι
630 1739 920 1812 βούλομαιο
954 1742 1111 1794 Δοκεῖ
1144 1757 1226 1793 σοι
1270 1739 1337 1794 τὰ
1377 1740 1517 1812 μέρη
1553 1743 1628 1814 μὴ
1666 1742 1977 1813 ἀναιρετικά

2089 1730 2250 1783 velim
2278 1730 2467 1785 audire
2501 1750 2512 1785 :
2547 1729 2689 1785 Num
2723 1740 2884 1801 putas
2913 1738 3099 1803 partes
3132 1748 3241 1787 non
3283 1750 3344 1791 se
3387 1735 3537 1806 ipsas
3581 1739 3668 1794 in-

404 1831 648 1904 ἀλλήλων
676 1829 814 1887 εἶναι
840 1851 854 1899 ;

477 1922 682 1977 ΟΥΑΛ.
718 1925 890 1980 Δοκεῖ.

474 2014 709 2069 ΟΡΘΟΔ.
758 2012 914 2068 Εἶναι
952 2015 1007 2068 δὲ
1040 2017 1137 2087 τῆς
1175 2016 1305 2087 ὕλης
1333 2017 1526 2088 μέρος’
1562 2017 1623 2071 τό
1654 2036 1713 2073 τε
1748 2019 1861 2093 πῦρ
1890 2022 1983 2075 καὶ⁸

401 2106 463 2157 τὸ
497 2103 663 2176 ὕδωρ,
684 2105 948 2171 ὡσαύτως
974 2106 1031 2159 δὲ
1056 2108 1149 2160 καὶ
1173 2107 1243 2161 τά
1270 2107 1433 2162 λοιπά
1453 2150 1468 2173 ,

474 2197 680 2250 ΟΥΑΛ.
716 2195 905 2262 Οὕτως
940 2196 1067 2268 ἔχω.

470 2288 706 2341 ΟΡΘΟΔ.
744 2289 809 2342 Τί
840 2290 897 2343 δέ
920 2306 933 2355 ;
960 2291 1018 2343 οὺ
1050 2291 1197 2345 δοκεῖ
1230 2309 1310 2345 σοι
1336 2291 1677 2363 ἀναιρετικὸν
1710 2294 1809 2365 μὲν
1845 2292 1981 2350 εἶναι

399 2374 494 2431 τοῦ
521 2377 689 2451 πυρὸς
715 2378 775 2433 rb
798 2379 961 2452 ὕδωρ,
983 2379 1077 2434 τοῦ
1106 2380 1160 2434 δὲ
1185 2381 1407 2445 σκότους
1433 2383 1493 2436 τὸ
1532 2383 1666 2452 φῶς,
1698 2384 1789 2438 καὶ
1814 2385 1980 2439 τᾶλλα

400 2471 499 2524 ὅσα
529 2471 739 2536 τούτοις
771 2472 1127 2544 παραπλήσια
1148 2489 1162 2537 ;

472 2562 677 2616 ΟΥΑΛ.
707 2565 885 2618 Δοκεῖ.

470 2655 711 2710 ΟΡΘΟΔ.
770 2654 1000 2719 Οὐκοῦν,
1044 2657 1093 2708 εἰ
1136 2653 1204 2708 τὰ
1236 2654 1377 2727 μέρη
1412 2656 1513 2708 οὐκ
1559 2655 1979 2728 ἔστινάλλήλων

400 2746 741 2820 ἀναιρετικά,
774 2746 948 2802 ταῦτα
970 2748 1026 2801 δὲ
1057 2747 1378 2819 ἀναιρετικά
1407 2748 1520 2818 (55)
1557 2749 1842 2819 τυγχάνει’
1880 2752 1980 2804 οὐκ

400 2840 550 2913 (ἄρα)
582 2838 733 2893 ἔσται
759 2838 1004 2911 ἀλλήλων
1042 2840 1204 2911 μέρη.
1235 2841 1298 2894 El
1330 2839 1388 2892 δὲ
1420 2839 1520 2893 οὐκ
1552 2840 1704 2895 ἔσται
1734 2841 1980 2912 ἀλλήλων

402 2933 563 3005 μέρη,
604 2933 704 2987 οὐκ
748 2932 962 2988 ἔσονται
1013 2932 1144 3003 ὕλης
1198 2935 1344 3004 μιᾶς.
1406 2933 1564 2987 Ἀλλά
1616 2933 1720 3005 μὴν
1766 2920 1873 2987 οὐδ’
1913 2934 1980 2988 ἂν

396 3025 608 3077 ἔσονται
650 3022 773 3096 ὕλη,
808 3022 886 3095 τῷ
929 3024 1095 3095 μηδὲν
1130 3026 1194 3095 τῇ
1243 3023 1351 3077 τῶν
1403 3024 1572 3077 ὄντων
1616 3024 1749 3077 αὐτὸ
1785 3025 1978 3079 ἑαυτοῦ

396 3115 740 3187 ἀναιρετικὸν
765 3110 926 3172 εἶναι.
957 3113 1142 3179 Οὕτως
1165 3111 1259 3169 οὖν
1286 3114 1393 3170 τῶν
1421 3116 1811 3187 ἀντικειμένων
1835 3117 1979 3188 ὲχόν-

392 3227 522 3272 των,
556 3209 617 3262 τὸ
651 3209 725 3280 μὴ
758 3205 895 3263 εἶναι
935 3207 1033 3279 τὴν
1067 3206 1197 3279 ὓλην
1238 3207 1528 3263 δείκνυται.
1574 3208 1709 3280 Περὶ
1744 3209 1841 3279 μὲν
1872 3210 1975 3281 τῆς

394 3300 526 3373 ὕλης
560 3302 851 3374 αὐτάρκως
881 3300 1016 3371 ἔχει.

478 3394 602 3447 Ἐπὶ
634 3394 690 3446 δί
712 3394 810 3465 τὴν
842 3391 951 3446 τῶν
982 3392 1169 3446 κακῶν
1194 3392 1439 3460 ἐξέτασιν
1458 3392 1713 3467 ἔρχεσθαι
1747 3393 1846 3455 δεῖ,
1881 3395 1976 3447 καὶ

394 3485 711 3553 ἀναγκαίως
746 3483 1036 3554 ἀναζητεῖν
1082 3484 1150 3537 τὰ
1182 3484 1316 3555 παρῗ
1348 3482 1675 3555 ἀνθρώποις.
1703 3483 1784 3536 Τά
1826 3484 1975 3555 παρά

393 3573 705 3646 ἀνθρώποις
753 3573 936 3636 κακά,
972 3574 1201 3646 πότερον
1258 3574 1373 3644 εἴδη
1418 3573 1674 3643 τυγχάνει
1720 3572 1889 3626 κακοῦ
1940 3572 1973 3645 ἢ

397 3666 570 3743 μέρη;
604 3667 668 3719 Εἰ
717 3667 826 3738 γὰρ
870 3666 983 3738 εἴδη
1006 3683 1020 3696 ·
1054 3666 1155 3719 οὐκ
1188 3665 1366 3737 (ἄρα)
1395 3665 1545 3719 ἔσται
1595 3665 1780 3737 ἕτερον
1826 3667 1976 3736 παρὰ

391 3757 566 3811 ταῦτα
605 3758 697 3811 τὸν
743 3758 913 3812 κακὸν
942 3757 1063 3812 καθ’
1106 3757 1421 3831 ἑαυτόο’τῷ
1467 3758 1535 3812 τὰ
1579 3758 1710 3831 γένη
1768 3760 1823 3811 ὲν
1857 3760 1977 3822 ταῖς

393 3851 588 3906 εἴδεσιν
614 3850 1001 3917 ἐξετάζεσθαι,
1063 3850 1158 3904 καὶ
1208 3825 1520 3921 ὐῖρεστάναι.
1577 3825 1639 3905 Εἰ
1782 3850 1974 3915 τοῦτο,

395 3942 623 4015 γενητὸν
657 3942 806 4015 (ἄρα)
840 3944 989 3996 ἔσται
1028 3943 1089 3996 τὸ
1128 3943 1325 3998 κακόν.
1363 3943 1445 3998 Τὰ
1482 3941 1590 4014 γάρ
1627 3943 1743 4013 εἴδη
1776 3943 1977 4013 γενητά

394 4036 522 4088 ὅντα
571 4034 847 4089 δείκνυται
872 4052 889 4068 ο
923 4031 1037 4088 οἷον
1068 4034 1266 4104 φόνος,
1325 4035 1420 4088 καὶ
1476 4034 1720 4105 μοιχεία,
1765 4033 1861 4088 καὶ
1909 4033 1977 4088 τὰ

393 4126 603 4192 τούτοις
630 4127 1008 4200 παραπλήσια.
1050 4126 1113 4179 Εἰ
1140 4125 1197 4179 δὲ
1239 4124 1380 4197 μέρη
1417 4125 1559 4189 τινὸς
1603 4125 1775 4179 κακοῦ
1803 4124 1978 4178 ταῦτα

393 4223 532 4281 εἶναι
555 4224 778 4288 ἐθέλοις,
816 4225 933 4278 ἐστὶ
960 4222 1017 4275 δὲ
1050 4220 1221 4276 ταῦτα
1242 4221 1476 4292 γενητά·
1510 4221 1724 4291 ἀνάγκη
1759 4221 1978 4274 κάκεῖνο

393 4318 618 4390 γενητὸν
645 4317 931 4390 ὑπάρχειν.
965 4309 1065 4369 ’Ὧν
1097 4314 1206 4388 γὼρ
1236 4315 1306 4368 τὰ
1354 4315 1495 4387 μέρη
1539 4314 1770 4384 γενητὰ,
1804 4313 1977 4367 ταῦτα

390 4411 594 4481 ὁμοίως
638 4410 698 4475 ἐξ
749 4410 995 4481 ἀνάγκης
1028 4409 1144 4463 ἐστὶ
1199 4408 1421 4481 γενητά.
1472 4407 1544 4460 Τὸ
1594 4404 1703 4477 γάρ
1753 4405 1872 4459 ὅλον
1913 4406 1978 4458 ὲκ

2013 1822 2056 1878 Β
2082 1822 2372 1877 teritnere?

2157 1913 2313 1971 VAL.
2345 1913 2503 1972 Puto.

2154 2006 2365 2062 OB’I‘H.
2395 2006 2535 2062 Num
2566 2022 2695 2063 vero
2727 2006 3013 2063 existimas
3058 2008 3235 2079 ignem
3265 2016 3319 2065 et
3350 2025 3569 2083 aquam,
3600 2027 3666 2068 ac

2086 2102 2343 2157 similiter
2372 2101 2603 2171 reliqua,
2634 2116 2757 2156 esse
2786 2109 2973 2172 partes
3003 2102 3281 2157 materiae?

2153 2190 2309 2247 VAL.
2342 2188 2421 2245 lta‘
2444 2191 2718 2247 existimo.

2153 2282 2364 2338 OltTH.
2401 2282 2543 2349 Quid
2574 2284 2743 2339 vero?
2768 2282 2888 2338 Non
2923 2283 3138 2339 videtur
3190 2285 3287 2340 tibi
3320 2301 3458 2357 aqua
3487 2286 3664 2342 letha-

2083 2373 2151 2429 lis
2198 2374 2342 2444 igni;
2375 2373 2580 2444 luxque
2634 2373 2908 2441 tenebris;
2961 2381 3016 2429 et
3045 2374 3172 2440 alia,
3211 2379 3386 2446 siqua
3414 2385 3543 2431 sunt
3575 2378 3664 2434 his

2083 2465 2321 2520 similia?

2156 2557 2311 2611 VAL.
2353 2556 2595 2614 Videtur.

2150 2647 2363 2705 ORTH.
2399 2648 2457 2703 Si
2484 2666 2615 2721 ergo
2665 2658 2853 2722 partes
2882 2651 3108 2707 minime
3139 2652 3242 2709 sibi
3296 2652 3527 2710 invicem
3554 2656 3666 2711 exi-

2081 2742 2157 2796 tio
2186 2752 2342 2810 sunt;
2373 2742 2488 2798 haec
2513 2753 2695 2816 autem
2721 2760 2779 2799 se
2810 2752 2999 2801 mutuo
3052 2746 3359 2815 perimunt;
3390 2748 3663 2818 sequitur,

2080 2842 2142 2888 It
2170 2850 2282 2889 non
2315 2835 2427 2889 sint
2457 2836 2691 2891 invicem
2721 2844 2924 2907 partes.
2964 2836 3020 2892 Si
3055 2846 3238 2895 autem
3280 2856 3388 2895 non
3413 2852 3542 2897 sunt
3572 2843 3662 2897 in-

2079 2927 2256 2983 vicem
2291 2936 2509 2999 partes;
2539 2945 2718 3000 neque
2750 2931 2915 2987 unius
2943 2932 3185 2987 materiae
3214 2942 3397 3003 partes
3432 2930 3661 2990 fuerint.

2081 3016 2195 3074 lmo
2233 3036 2412 3091 neque
2433 3030 2596 3077 erunt
2618 3024 2866 3089 materia,
2904 3024 3051 3093 quod
3083 3024 3220 3079 nihil
3268 3026 3375 3080 sibi
3412 3027 3515 3096 ipsi
3542 3028 3663 3082 exi-

2080 3113 2158 3167 tio
2181 3113 2253 3168 sit
2274 3122 2329 3168 et
2346 3116 2706 3171 contrarium.
2762 3116 2900 3171 Cum
2926 3132 3059 3188 ergo
3092 3117 3166 3172 ita
3204 3134 3265 3174 se
3301 3120 3536 3175 habeant
3559 3139 3661 3192 op-

2078 3207 2279 3276 posita,
2307 3216 2453 3277 patet
2474 3208 2600 3263 inde
2625 3223 2690 3263 ea
2724 3223 2834 3263 non
2863 3224 2988 3265 esse
3035 3212 3343 3267 materiam.
3389 3213 3566 3284 Atque
3594 3214 3663 3270 tie

2077 3299 2305 3353 materia
2338 3300 2471 3354 satis
2502 3300 2708 3355 dictum
2738 3301 2829 3355 sit.

2148 3390 2487 3447 Veniendum
2523 3400 2704 3448 autem
2736 3402 2821 3449 est
2872 3393 2938 3448 ad
2991 3395 3265 3450 malorum
3315 3396 3660 3468 disquisitio-

2077 3498 2223 3547 nem,
2244 3484 2665 3554 necessarioque
2689 3485 3015 3539 excutienda
3036 3493 3165 3541 sunt
3189 3488 3329 3540 mala
3355 3488 3658 3544 hominum.

2077 3574 2277 3641 Quaero
2303 3576 2470 3646 igitur
2497 3596 2511 3631 :
2545 3575 2684 3630 Mala
2705 3577 3010 3643 hominum,
3038 3586 3238 3633 suntne
3267 3581 3480 3650 species
3501 3583 3656 3648 mali,

2078 3681 2148 3720 an
2178 3666 2404 3737 partes?
2436 3665 2493 3721 Si
2531 3668 2779 3737 species;
2814 3683 2925 3722 non
2971 3668 3078 3722 erit
3108 3684 3239 3740 ergo
3270 3670 3418 3724 aliud
3460 3680 3659 3741 praeter

2078 3756 2193 3812 bazc
2261 3757 2569 3815 subsistens
2624 3761 2849 3825 malum,
2886 3774 2953 3814 eo
2985 3760 3132 3830 quod
3178 3777 3376 3832 genera
3432 3763 3487 3817 in
3532 3780 3659 3835 spe-

2078 3849 2268 3906 ciebus
2296 3850 2650 3906 inveniantur
2677 3861 2731 3908 et
2758 3852 3080 3909 subsistant.
3108 3852 3266 3921 Quod
3299 3856 3347 3912 si
3370 3856 3444 3911 ita
3470 3857 3655 3923 habet,

2076 3943 2180 3997 erit
2232 3958 2364 3999 sane
2412 3944 2614 3999 malum
2701 3947 2909 4016 aliquid
2961 3956 3331 4017 procreatum.
3377 3950 3468 4005 Sic
3508 3952 3658 4008 enim

2078 4036 2289 4102 species
2326 4051 2447 4107 quae
2476 4036 2607 4102 sint,
2637 4036 2843 4094 factum
2874 4040 3095 4110 aliquod
3123 4043 3425 4098 ostendunt
3455 4062 3468 4098 :
3500 4052 3656 4115 puta,

2078 4125 2454 4193 homicidium,
2506 4128 2834 4185 adulterium
2859 4139 2913 4186 et
2973 4132 3060 4187 his
3093 4133 3315 4188 similia.
3354 4133 3449 4189 Sin
3472 4143 3657 4192 autem

2077 4219 2337 4275 malueris
2370 4236 2491 4276 esse
2524 4228 2709 4292 partes
2753 4222 2990 4293 alicujus
3020 4225 3148 4278 mali
3208 4244 3221 4280 :
3256 4240 3382 4280 cum
3418 4226 3524 4281 illae
3544 4228 3657 4282 sint

2078 4311 2209 4382 quid
2248 4310 2487 4378 factum;
2531 4312 2693 4383 plane
2736 4314 2797 4368 lit
2850 4330 3163 4379 necessum,
3202 4324 3262 4370 ut
3312 4323 3367 4370 et
3420 4316 3554 4372 illud
3581 4319 3658 4373 sit

2076 4403 2211 4473 quid
2243 4401 2466 4457 factum.
2484 4402 2728 4469 Quorum
2758 4405 2902 4459 enim
2919 4414 3099 4475 partes
3124 4413 3254 4460 sunt
3279 4406 3409 4476 quid
3426 4407 3652 4475 factum,

396 4503 580 4575 μερῶν
611 4502 929 4573 συνέστηκε.
984 4503 1094 4555 Καὶ
1134 4502 1196 4555 τὸ
1231 4499 1330 4573 μὲν
1368 4499 1486 4553 ὅλον
1544 4499 1645 4552 οὐκ
1687 4496 1860 4559 ἔσται,
1899 4496 1973 4568 μὴ

2079 4495 2243 4548 etiam
2275 4493 2391 4563 ipsa
2420 4493 2674 4549 similiter
2702 4496 3016 4552 necessario
3042 4495 3314 4566 ejusmodi
3335 4505 3483 4553 sunt.
3515 4496 3655 4554 Nam

390 4594 560 4647 ὄντων
598 4593 780 4664 μερῶν
801 4610 815 4624 ⁸
849 4592 1000 4646 ἔσται
1021 4592 1078 4645 δέ
1108 4591 1218 4663 (56)
1252 4608 1374 4643 τινα
1402 4588 1509 4645 τῶν
1536 4588 1741 4661 μερῶν,
1774 4587 1874 4641 κᾶν
1901 4585 1976 4658 μὴ

391 4687 454 4740 τὸ
481 4687 602 4740 ὅλον
631 4688 806 4757 παρῇ.
840 4685 1069 4749 Οὐδενὸς
1096 4686 1153 4739 δὲ
1183 4684 1291 4738 τῶν
1316 4683 1484 4736 όντων
1516 4682 1678 4754 μέρος
1731 4680 1828 4752 μέν
1862 4682 1976 4732 ἐστι

390 4779 639 4849 γενητὸν,
675 4778 839 4849 μέρος
864 4776 922 4829 δὲ
944 4777 1228 4848 ἀγένητον.
1264 4776 1328 4830 Εἰ
1361 4776 1419 4829 δὲ
1447 4776 1543 4828 καὶ
1564 4774 1724 4828 τοῦτο
1764 4791 1976 4844 συγχω-

396 4870 626 4940 ρήσαιμι
655 4867 734 4939 τῷ
760 4866 924 4937 λόγῳ,
958 4861 1027 4937 ἦν
1060 4882 1191 4919 ποτε
1217 4865 1279 4918 τὸ
1325 4865 1516 4929 κακόν,
1564 4865 1653 4917 ὅτε
1685 4863 1977 4934 ὁλόκληρον

392 4962 493 5015 οὐκ
528 4958 630 5033 ἦν·
673 4959 919 5013 τουτέστι
962 4960 1091 5031 πρὶν
1118 4958 1520 5030 δημιουργῆσαι
1561 4956 1660 5026 τὴν
1705 4954 1837 5027 ὓλην
1886 4952 1977 5007 τδν

392 5055 546 5109 Θεόν.
598 5056 731 5108 Τότε
782 5054 839 5107 δὲ
892 5052 1187 5124 ὁλόκληρον
1230 5050 1472 5120 γίνεται,
1525 5051 1615 5103 ὅτε
1660 5049 1796 5120 πρὸς
1839 5046 1976 5101 Θεοῦ

392 5149 617 5217 γέγονεν
656 5138 970 5219 ἄνθρωπος’
996 5144 1106 5198 τῶν
1151 5144 1262 5215 γάρ
1293 5142 1476 5215 μερῶν
1520 5142 1616 5195 τοῦ
1655 5141 1829 5195 κακοῦ
1878 5140 1976 5194 ἀν-

394 5240 612 5312 θρωπος
639 5241 870 5312 ὑπάρχει
895 5239 1142 5315 ποιητής.
1168 5235 1277 5289 Καὶ
1303 5235 1365 5287 τὸ
1402 5233 1652 5287 ἐντεῦθεν
1684 5232 1976 5304 ὁλόκληρον

392 5331 533 5388 εἶναι
587 5334 648 5387 τὸ
700 5334 868 5388 κακὸν
903 5334 1075 5397 αἴτιος
1115 5330 1265 5384 ἔσται
1302 5330 1714 5402 δημιουργήσας
1759 5330 1788 5382 ό
1812 5329 1971 5393 Θεόςο

391 5429 530 5498 ὅπερ
556 5425 770 5490 ἀσεϐές.
817 5427 880 5479 Εἰ
918 5426 961 5479 δ’
991 5425 1099 5479 οὐδ’
1147 5424 1410 5494 ὁπότερον
1449 5422 1656 5475 τούτων
1690 5422 1869 5491 λέγεις
1914 5422 1976 5475 τὸ

393 5519 583 5583 κακὸν,
613 5516 811 5589 πρᾶξιν
841 5516 899 5569 δέ.
930 5533 1075 5579 τινος
1108 5513 1280 5569 κακοῦ
1314 5513 1427 5582 (57)
1469 5508 1607 5567 εἶναι.
1636 5512 1815 5581 λέγεις
1834 5528 1847 5542 ·
1882 5528 1974 5580 γε-

371 5618 391 5692 λ
467 5652 581 5721 (53)
626 5649 1019 5723 ΠαρήρνωηΑι.
1055 5652 1361 5723 παρήσατο.

467 5719 581 5791 (Si)
615 5721 734 5787 Μή.
772 5719 952 5775 Scrib.
989 5722 1098 5791 μοί.

380 5789 390 5805 ⁸
471 5789 584 5865 {55)
628 5789 1007 5862 )trwpsnxd.
1046 5792 1131 5847 Al.
1165 5790 1510 5847 συνανετικά.
1560 5798 1561 5801 ‘

2078 4598 2253 4647 totum
2287 4598 2503 4647 constat
2528 4591 2797 4662 partibus.
2832 4593 2910 4645 Ac
2940 4598 3117 4646 totum
3144 4579 3365 4661 quidem
3397 4606 3509 4645 non
3525 4592 3652 4654 erit,

2077 4685 2325 4756 partibus
2378 4702 2490 4740 non
2545 4685 2981 4741 exsistentibus:
3034 4691 3215 4755 partes
3273 4699 3403 4740 vero
3458 4683 3657 4755 aliqua!

2077 4786 2259 4841 erunt,
2290 4792 2600 4848 quanquam
2631 4785 2806 4832 totum
2827 4776 3188 4832 desideretur.
3227 4774 3443 4832 Nullius
3469 4786 3651 4831 autem

2077 4870 2157 4925 rei
2190 4886 2319 4941 pars
2345 4872 2515 4925 altera
2545 4870 2729 4941 genita
2768 4876 2873 4934 est,
2900 4870 3071 4924 altera
3102 4852 3367 4940 ingenita.
3393 4867 3489 4922 Sin
3521 4883 3654 4924 vero

2077 4959 2181 5016 hoc
2208 4960 2372 5015 etiam
2402 4959 2640 5016 orationi
2674 4959 2912 5024 dedero;
2948 4956 3094 5012 haud
3124 4965 3305 5013 tamen
3336 4958 3523 5027 negari
3549 4972 3651 5027 po-

2075 5057 2204 5115 test,
2268 5050 2440 5106 fuisse
2492 5050 2712 5120 quando
2764 5050 2969 5104 malum
2999 5064 3106 5103 non
3139 5049 3412 5119 integrum
3446 5041 3647 5117 esse.:

2080 5142 2182 5197 hoc
2223 5149 2327 5207 est,
2356 5150 2646 5212 antequam
2684 5140 2826 5197 Deus
2868 5141 3155 5196 materiam
3184 5138 3467 5194 formaret.
3491 5137 3653 5192 Post-

2078 5249 2241 5305 quam
2273 5233 2418 5289 Deus
2448 5234 2722 5289 hominem
2770 5232 2998 5295 creavit,
3030 5230 3142 5302 jam
3173 5230 3536 5302 integritatem
3564 5246 3651 5285 re-

2077 5328 2230 5397 cipit.
2252 5324 2387 5379 Nam
2423 5326 2604 5389 homo,
2627 5323 2865 5393 partium
2896 5322 3025 5376 mali
3054 5329 3244 5377 auctor
3270 5328 3356 5377 est
3388 5338 3401 5375 :
3451 5335 3649 5390 eoque,

2078 5421 2222 5476 Deus
2244 5418 2336 5489 qui
2358 5416 2625 5481 condidit,
2670 5427 2862 5472 auctor
2895 5414 3058 5470 fuerit
3099 5415 3432 5485 integritatis
3480 5414 3647 5472 mali;

2076 5511 2221 5583 quod
2252 5510 2476 5581 impium
2506 5508 2655 5563 dictu
2680 5508 2771 5562 sit.
2803 5505 2860 5560 Si
2882 5520 3010 5562 vero
3029 5508 3279 5563 neutrum
3312 5506 3504 5562 borum
3537 5519 3650 5558 ma-

2150 5645 2260 5713 (56)
2306 5647 2510 5717 Ἔσται
2537 5642 2622 5717 δέ,
2666 5628 2751 5696 At.
2795 5644 2903 5717 ἄρα
2930 5644 3006 5699 δέ.
3052 5642 3143 5699 Sic
3183 5649 3238 5699 et
3287 5642 3452 5715 paulo
3500 5647 3650 5712 post,

2078 5720 2248 5779 αἴτιος
2279 5717 2385 5786 ἄρα
2415 5716 2566 5768 ἔσται
2597 5714 2727 5786 δημ.

2152 5789 2261 5863 (57)
2300 5785 2517 5871 {iam}.
2552 5785 2637 5841 Al.
2675 5785 2865 5842 κακόν.
