4150 6430
505 373 612 428 265

1460 373 1519 428 S.
1560 371 1894 429 METIlODlI
1937 373 2243 431 EPISCOPI
2280 375 2368 430 ET
2414 373 2772 430 MARTYRIS

3650 375 3756 431 264

504 486 618 540 lum
669 484 872 542 dixeris
903 500 1046 549 esse,
1109 484 1202 540 sed
1261 486 1493 556 alicujus
1517 490 1712 543 malam
1765 491 2076 544 actionem:

2185 492 2342 562 νητὺν
2401 493 2562 546 αὑτὸν
2606 492 2869 561 ὑπάρχειν
2910 489 3150 560 μηνύεις.
3210 490 3272 542 Ἡ
3321 490 3428 562 γὰρ
3475 489 3568 544 τοῦ
3617 509 3761 556 τινος

505 587 619 632 tum
657 577 897 647 genitum
935 592 999 631 ac
1027 577 1159 646 quid
1223 577 1450 641 factum,
1485 579 1662 648 ipsum
1703 579 1890 635 doces.
1925 580 2080 645 Quod

505 671 650 724 enim
685 668 920 738 alicujus
949 671 1093 724 actio
1129 676 1234 734 est,
1298 671 1514 726 initium
1546 672 1766 727 essendi
1796 681 2080 741 acceptum

503 762 688 814 habet.
722 761 803 814 Ad
836 761 973 824 ha3c,
1007 763 1216 816 nullum
1241 771 1500 833 prazterea
1535 764 1683 819 aliud
1709 765 1906 819 malum
1939 765 2080 818 assi-

503 868 668 922 gnare
694 861 866 921 potes.
901 853 1074 918 Quam
1103 855 1248 909 enim
1280 856 1442 909 aliam
1471 857 1764 920 actionem,
1814 867 2004 926 praater
2028 857 2081 910 id

503 943 648 1014 quod
696 946 1049 1000 committunt
1102 947 1395 1010 homines,
1451 949 1735 1018 assignare
1789 949 2082 1004 habueris?

503 1035 638 1088 Nam
664 1036 810 1106 quod
835 1037 882 1092 is
912 1037 1005 1108 qui
1042 1047 1320 1108 operatur,
1357 1055 1465 1094 non
1501 1041 1572 1094 sit
1601 1040 1717 1109 ipse
1751 1040 1952 1094 malum
1994 1056 2082 1095 se-

501 1131 742 1187 cundum
778 1134 1043 1190 rationem
1061 1135 1398 1198 substantia),
1437 1137 1532 1190 sed
1561 1134 1863 1189 secundum
1907 1135 2079 1202 ipsam

503 1225 626 1278 mali
663 1227 1052 1293 operationem,
1104 1227 1218 1296 jam
1272 1235 1551 1282 ostensum
1595 1226 1722 1281 fuit.
1775 1225 1909 1280 Nam
1941 1227 2080 1281 nihil

501 1325 586 1370 est
621 1317 824 1370 malum
881 1327 1100 1384 natura,
1152 1319 1247 1372 sed
1301 1335 1404 1372 usu
1434 1318 1570 1372 fiunt
1623 1320 1762 1373 mala
1791 1334 1910 1388 qua:
1939 1319 2081 1373 mala

503 1418 655 1466 sunt.
688 1409 898 1481 Quippe
924 1411 1075 1474 dico,
1103 1411 1278 1480 inquit
1302 1410 1672 1481 (Methodius).
1705 1420 1946 1464 creatum
1983 1411 2082 1465 ho-

503 1501 706 1556 minem
739 1502 896 1554 liheri
946 1502 1182 1566 arbitrii,
1227 1519 1334 1557 non
1383 1503 1531 1556 velut
1563 1503 1704 1556 malo
1761 1503 1944 1572 aliquo
1967 1503 2080 1570 jam

503 1594 825 1658 exsistente,
859 1595 1016 1664 cujus
1045 1596 1298 1666 eligendi,
1343 1597 1388 1651 si
1420 1596 1599 1657 vellet,
1630 1601 1952 1664 potestatem
1983 1592 2082 1645 ha-

511 1685 714 1740 beret:
767 1685 861 1740 sed
920 1699 1140 1757 propter
1190 1703 1508 1741 concessam
1564 1686 1873 1740 facultatem
1921 1683 2081 1738 obse-

501 1777 704 1848 quendi
738 1777 848 1833 Deo
870 1781 954 1834 vel
978 1795 1086 1834 non
1117 1779 1474 1850 obsequendi.
1510 1778 1622 1832 Hoc
1645 1777 1791 1833 enim
1823 1777 1924 1832 sibi
1949 1784 2079 1828 tunc

499 1869 738 1933 volebat,
777 1885 841 1924 ac
869 1878 1008 1934 erat,
1043 1870 1271 1924 liberum
1299 1871 1607 1924 arbitrium.
1644 1868 1815 1921 Porro
1860 1873 2078 1920 creatus

498 1960 664 2013 homo
699 1968 1025 2029 praeceptum
1053 1974 1082 2012 a
1118 1958 1228 2014 Deo
1264 1960 1464 2028 accipit
1499 1977 1512 2013 :
1554 1966 1778 2027 tumque
1810 1955 1938 2008 hinc
1963 1970 2080 2007 ma-

500 2049 611 2104 lum
644 2050 848 2120 incipit.
887 2049 1004 2105 Non
1043 2052 1186 2104 enim
1237 2057 1390 2120 paret
1424 2049 1608 2103 divino
1659 2046 1915 2101 mandato
1955 2042 2080 2098 :id-

501 2155 608 2209 que
659 2149 713 2195 et
741 2140 916 2195 solum
973 2139 1178 2194 malum
1209 2147 1348 2203 erat,
1409 2139 1776 2196 inobedientia
1805 2153 1925 2210 quae
1954 2151 2078 2192 esse

501 2232 688 2302 cepit.

625 2342 1006 2401 HETHODII
1065 2344 1167 2398 EX
1229 2343 1448 2399 LIBRO
1515 2343 1613 2397 DE
1676 2341 1949 2396 LIBERO

1101 2413 1476 2468 ARBITRIO.

2183 581 2379 652 πρᾶξις
2419 585 2592 654 ἀρχὴν
2639 584 2733 635 τοὺ
2771 577 2910 634 εἶναι
2955 581 3238 650 λαμϐάνει.
3281 583 3424 653 Πρὸς
3462 583 3518 636 δὲ
3551 583 3760 648 τούτοις

2182 671 2334 724 οὐδὲν
2370 672 2554 743 ἕτερον
2586 671 2736 742 παρὰ
2778 670 2951 724 ταῦτα
2983 671 3148 724 κακὸν
3183 673 3356 723 είπεῖν
3397 671 3560 741 ἔχεις.
3593 673 3757 728 Ποίαν

2181 762 2289 833 γάρ
2320 763 2514 834 πρᾶξιν
2545 763 2739 833 ἑτέραν
2781 763 2932 834 παρά
2960 763 3020 814 τὸ
3053 763 3159 832 (58)
3202 764 3259 815 ἐν
3307 761 3612 834 ἀνθρώποις
3648 765 3757 818 δει-

2183 854 2364 906 κνύειν
2408 854 2586 924 ἑχειςς
2622 856 2742 906 ’Ότι
2788 853 2896 926 γὰρ
2937 853 3203 925 ἐνεργῶν,
3244 855 3305 907 οὐ
3339 854 3481 906 κατὰ
3525 855 3616 907 τὸν
3660 857 3757 924 τῆς

2181 945 2369 1009 οὐσίας
2427 946 2580 1014 λόγον
2639 946 2871 1016 ὑπάρχει
2916 945 3116 1009 κακία,
3174 945 3310 998 ἀλλὰ
3352 944 3472 998 κατ’
3517 945 3647 997 αὐτὸ
3696 945 3758 998 τὸ

2182 1039 2421 1108 ἐνεργεῖν
2447 1036 2506 1088 τὸ
2538 1036 2704 1088 κακὸν
2726 1035 2826 1106 ἤδη
2851 1035 3136 1089 δέδεικται.
3169 1037 3289 1088 Ὅτι
3310 1039 3376 1106 τῇ
3408 1035 3564 1105 φύσει
3591 1036 3758 1089 κακὸν

2181 1128 2330 1180 οὐδέν
2365 1129 2532 1191 ἐστιν,
2567 1127 2702 1181 ἀλλὰ
2737 1131 2803 1198 τῇ
2838 1129 3029 1199 χρήσει
3061 1129 3269 1196 γίνεται
3321 1127 3465 1180 κακὰ
3495 1127 3561 1178 τὰ
3590 1129 3752 1180 κακά.

2185 1220 2304 1272 Ὅτι
2331 1217 2692 1283 αὐτεξούσιον,
2740 1221 2894 1288 φησὶ,
2937 1220 3216 1289 γεγονέναι
3249 1221 3390 1289 φημὶ
3433 1219 3522 1271 τὸν
3554 1219 3761 1289 ἄνθρω-

2183 1330 2302 1376 πον,
2337 1314 2434 1384 οὑχ
2461 1314 2536 1376 ὠς
2560 1313 3025 1387 προὺποκειμένου
3059 1314 3201 1376 τινὸς
3219 1314 3316 1384 ἤδη
3351 1312 3541 1376 κακοῦ,
3573 1306 3633 1364 οὗ
3661 1313 3760 1382 τὴν

2181 1405 2462 1470 ἐξουσίαν,
2500 1408 2547 1459 εί
2575 1405 2833 1476 βούλοιτο,
2878 1405 2970 1458 τοῦ
3015 1404 3225 1458 ἐλέσθαι
3273 1404 3557 1474 ἄνθρωπος
3587 1405 3758 1475 ἐλάμ-

2182 1497 2362 1560 ϐανεν,
2383 1498 2516 1552 ἀλλὰ
2550 1499 2647 1569 τὴν
2679 1497 2772 1550 τοῦ
2800 1496 3092 1550 ὑπακούειν
3114 1496 3223 1565 (59)
3250 1494 3349 1567 [τῷ
3378 1496 3516 1564 Θεῷ,
3552 1497 3645 1549 κα).
3683 1497 3757 1566 μὴ

2183 1587 2498 1660 ὑπακούειν]
2522 1589 2691 1642 αίτιον
2727 1590 2884 1659 μόνον
2906 1585 2992 1658 ἦν.
3013 1587 3180 1640 Τοῦτο
3205 1588 3315 1659 γάρ
3337 1588 3395 1640 τὸ
3416 1587 3761 1654 αὐτεξούσιον

2182 1680 2430 1732 ἐϐούλετο
2476 1681 2616 1734 τότε.
2684 1681 2794 1734 Καὶ
2855 1682 3148 1750 γενόμενος
3210 1680 3493 1750 ἄνθρωπος
3539 1678 3760 1750 ἐντολὴν

2182 1770 2444 1840 λαμϐάνει
2478 1771 2626 1843 παρά
2657 1771 2750 1824 τοῦ
2784 1771 2936 1824 Θεοῦ.
2982 1772 3092 1825 Καὶ
3125 1771 3371 1824 ἐντεῦθεν
3415 1771 3514 1841 ἥδη
3545 1769 3606 1823 τὸ
3649 1788 3756 1823 κα-

2182 1863 2276 1915 κὸν
2301 1863 2546 1934 ἄρχεται.
2570 1864 2642 1916 Οὐ
2674 1863 2781 1935 γὰρ
2809 1863 3056 1916 πείθεται
3086 1863 3164 1933 τῷ
3184 1862 3311 1933 θείῳ
3342 1863 3754 1932 προστάγματιο

2184 1955 2276 2009 καὶ
2307 1955 2462 2008 τοῦτο
2504 1957 2598 2009 καὶ
2631 1955 2788 2025 μόνον
2819 1951 2887 2024 ἧν
2919 1955 2978 2008 τὺ
3014 1955 3202 2016 κακὸν,
3247 1957 3281 2024 ἠ
3312 1954 3598 2026 παρακοὴ,
3630 1953 3756 2023 ἥτις

2178 2041 2268 2094 τοῦ
2296 2042 2404 2112 (40)
2437 2037 2575 2097 εἶναι
2599 2043 2818 2113 ἦρξατο.

2189 2333 2549 2388 ΜΕΘΟΔΙΟΥ
2603 2333 2703 2386 ΕΚ
2759 2332 3131 2454 ΤοὶὲιῦῖξξΡι
3196 2332 3338 2385 ΤΟΥ
3389 2332 3755 2386 ΑΥΤΕΞΟΥ-

1629 2541 1968 2614 (Excerptum
1993 2540 2056 2594 R.
2086 2539 2151 2593 P.
2179 2536 2452 2592 Sirmondi
2483 2534 2538 2590 S.
2566 2535 2648 2606 Ι.)

575 2664 746 2723 Homo
771 2665 914 2721 enim
939 2672 1263 2736 potestatem
1297 2665 1544 2735 accepit,
1579 2671 1640 2718 ut
1670 2680 1728 2720 se
1757 2664 1874 2735 ipse
1907 2661 2080 2716 servi-

497 2758 601 2814 tuti
638 2758 946 2822 addiceret,
975 2774 1086 2812 non
1141 2757 1394 2811 vincente
1453 2756 1783 2812 necessitate
1827 2761 2076 2818 naturae;

501 2866 677 2920 neque
702 2850 958 2904 facultate
982 2847 1282 2912 auferente,
1315 2848 1460 2917 quod
1489 2855 1606 2902 erat
1635 2848 1831 2902 melius
1855 2864 1870 2912 ;
1918 2845 2078 2914 cujus

500 2943 662 2995 etiam
700 2941 896 3009 gratia,
919 2938 1044 2993 dico
1088 2936 1258 2993 fuisse
1288 2953 1610 2993 concessam
1646 2956 1658 2992 :
1712 2946 1770 2992 ut
1815 2937 2076 2992 nimirum

503 3031 748 3084 accessio
777 3030 959 3099 aliqua
1010 3029 1170 3083 bonis
1201 3029 1476 3099 prioribus
1508 3030 1689 3095 fieret;
1725 3029 1868 3100 quod
1913 3030 1963 3084 ei
2009 3044 2074 3084 ex

2253 2653 2571 2722 Ἀνθρωπος
2601 2651 2709 2722 γὰρ
2743 2649 3075 2722 προσέλαϐεν
3112 2649 3380 2717 ἐξουσίαν,
3414 2652 3603 2706 ἐαυτὸν
3635 2654 3755 2708 δου-

2178 2744 2460 2815 λαγωγῶν,
2488 2743 2587 2798 οὐκ
2616 2743 2830 2815 ἀνάγκῃ
2853 2744 2952 2814 τῆς
2978 2743 3192 2812 φύσεως
3218 2743 3604 2815 κρατούμενος,
3631 2748 3755 2802 οὐδέ

2178 2839 2275 2909 τῆς
2306 2837 2584 2907 δυνάμεως
2612 2835 3008 2907 ἀφαιρούμενος
3039 2835 3170 2909 (41),
3206 2838 3341 2908 ὅπερ
3377 2838 3526 2909 αὐτῷ
3574 2843 3756 2911 κρεῖτ-

2178 2947 2300 2984 τονο
2355 2926 2414 2984 οὑ
2461 2929 2621 2982 ἕνεκα
2666 2927 2987 2999 κεχαρίσθαι
3039 2928 3210 2999 φημί·
3256 2929 3341 2982 ἵνα
3383 2948 3434 2983 τι
3474 2931 3634 2985 πλέον
3677 2926 3756 2987 ὧν

2180 3022 2292 3093 ἔχει
2325 3021 2627 3095 προσλάϐῃ,
2667 3022 2804 3092 ὅπερ
2852 3019 3002 3090 αὑτῷ
3047 3020 3195 3090 παρὰ
3221 3019 3315 3072 τοῦ
3357 3023 3663 3092 κρείττονος
3688 3025 3754 3077 ἐκ

503 3120 810 3176 obedientia
842 3136 872 3174 a
899 3119 1109 3174 meliori
1131 3120 1379 3185 accedit,
1411 3129 1540 3175 etut
1565 3121 1809 3176 debitum
1845 3120 2078 3191 exigitur

2183 3117 2281 3186 τῆς
2311 3116 2553 3186 ὑπακοῆς
2579 3114 2948 3186 προσγίνεται,
2977 3113 3070 3166 καὶ
3097 3113 3172 3176 ὡς
3199 3113 3417 3184 ὀφειλὴν
3443 3115 3753 3169 ἀπαιτεῖται

503 3212 574 3266 ab
601 3220 846 3268 auctore.
877 3211 995 3266 Non
1026 3212 1169 3265 enim
1195 3213 1316 3268 dico
1347 3213 1516 3269 fuisse
1544 3224 1784 3268 creatum
1807 3214 2077 3268 hominem

2184 3207 2332 3278 παρὰ
2374 3206 2466 3259 τοῦ
2514 3206 2897 3284 πεποιηκότος.
2935 3207 3008 3258 Οὑ
3051 3205 3159 3276 γὰρ
3193 3205 3286 3256 ἐπὶ
3321 3203 3489 3277 βλάϐῃ
3534 3207 3623 3258 τὸν
3656 3207 3752 3260 άν-

501 3299 559 3354 in
600 3301 896 3366 interitum,
946 3300 1039 3356 sed
1067 3310 1286 3372 propter
1315 3303 1558 3358 meliora.
1616 3301 1751 3357 Nam
1800 3303 1847 3358 si
1901 3301 2078 3356 factus

500 3397 645 3446 esset
672 3391 815 3445 velut
861 3391 1080 3461 aliquod
1127 3391 1195 3446 de
1225 3392 1506 3446 elementis
1538 3392 1654 3447 sive
1709 3390 1834 3446 aliis
1883 3390 1963 3446 sic
1993 3390 2078 3444 in-

501 3493 720 3537 seusate
753 3483 1117 3538 servientibus
1170 3481 1299 3547 Deo,
1332 3500 1442 3538 non
1493 3483 1606 3552 jam
1661 3485 1938 3554 proposito
1987 3481 2075 3536 di-

502 3591 662 3644 gnam
689 3575 990 3629 mercedem
1021 3575 1315 3644 reciperet;
1363 3577 1458 3631 sed
1490 3585 1636 3632 esset
1667 3577 1808 3632 velut
1837 3577 2077 3631 auctoris

505 3667 948 3729 instrumentum,
979 3666 1157 3720 aliene
1188 3681 1218 3719 a
1256 3669 1486 3732 ratione,
1516 3669 1586 3724 ob
1612 3668 1753 3723 male
1784 3677 1937 3739 gesta
1989 3683 2077 3722 re-

504 3758 853 3828 prehensioni
896 3758 1189 3813 obnoxius.
1226 3757 1407 3813 Causa
1453 3761 1600 3814 enim
1657 3759 1856 3816 horum
1929 3770 2078 3816 esset

505 3856 686 3902 utens.
717 3849 830 3902 lmo
855 3864 1030 3918 neque
1059 3849 1204 3917 quod
1237 3859 1320 3904 est
1350 3851 1545 3906 melius
1578 3852 1740 3906 homo
1783 3867 2077 3923 cognosce-

504 3949 612 4006 ret,
634 3941 740 3996 nisi
773 3941 917 3996 illius
944 3944 1287 4011 cognovisset
1319 3952 1595 4000 auctorem
1616 3988 1632 4010 ,
1659 3947 1754 4001 sed
1786 3947 1914 4001 illud
1955 3956 2078 4002 tan-

509 4039 622 4084 tum
655 4029 723 4084 ad
745 4030 891 4100 quod
921 4047 1042 4087 esse
1071 4043 1232 4088 natus
1264 4044 1367 4089 est.
1401 4034 1581 4100 Quare
1613 4037 1756 4101 dico,
1787 4053 1911 4092 cum
1934 4037 2076 4094 Deus

508 4121 782 4177 hominem
810 4123 1078 4179 honorare
1111 4133 1164 4179 et
1187 4127 1328 4181 scire
1357 4143 1482 4182 eum
1510 4129 1734 4183 meliora
1763 4131 1957 4193 vellet,
1983 4132 2078 4186 de-

505 4213 585 4270 dit
625 4215 672 4269 ei
705 4224 1061 4285 potestatem,
1108 4233 1214 4286 qua
1254 4229 1435 4289 posset
1485 4220 1662 4277 facere
1707 4239 1827 4293 qua:
1877 4226 2072 4291 vellet;

503 4309 733 4377 ejusque
765 4317 1085 4378 potestatem
1125 4310 1192 4364 ad
1227 4311 1452 4367 meliora
1482 4313 1748 4379 hortatur,
1781 4331 1888 4370 non
1930 4316 2075 4387 quod

506 4415 701 4454 rursus
734 4399 946 4454 auferat
984 4408 1303 4470 potestatem
1338 4403 1562 4458 liberam
1587 4421 1748 4475 quam
1783 4407 1956 4474 dedit,
1980 4408 2076 4463 sed

2183 3298 2396 3368 θρωπον
2440 3298 2720 3367 γεγονέναι
2759 3298 2926 3369 φημί·
2968 3297 3130 3350 ἓνεκα
3162 3297 3218 3350 δὲ
3263 3297 3371 3350 τῶν
3407 3299 3752 3368 κρειττόνων.

2183 3391 2245 3442 Εἰ
2266 3390 2372 3460 γάρ
2400 3389 2474 3452 ὡς
2506 3390 2563 3440 ἓν
2590 3408 2642 3443 τι
2667 3389 2857 3458 γέγονε
2890 3388 2996 3442 τῶν
3032 3390 3332 3458 στοιχείων,
3363 3389 3395 3459 ἢ
3426 3389 3534 3441 τῶν
3555 3391 3755 3460 ὁμοίως

2180 3481 2536 3536 δουλευόντων
2563 3479 2703 3551 Θεῷ,
2736 3482 2836 3534 οὐκ
2868 3480 2946 3534 ἔτι
2979 3481 3167 3552 μισθὸν
3200 3481 3347 3546 ἄξιον
3375 3482 3475 3549 τῆς
3506 3483 3760 3554 προαιρέ-

2183 3593 2320 3638 σεως
2363 3574 2659 3644 λαμϐάνει·
2712 3573 2826 3626 ἀλλ’
2863 3573 3052 3645 ὥσπερ
3085 3574 3314 3645 ὄργανον
3351 3573 3417 3628 ἂν
3445 3571 3512 3647 ἦν
3540 3574 3629 3628 τού
3663 3577 3760 3646 δη-

2185 3668 2467 3740 μιουργοῦ,
2507 3667 2606 3739 τὴν
2655 3667 2738 3737 ἐφ’
2789 3661 2870 3730 οἷς
2911 3667 2970 3719 οὐ
3019 3666 3199 3729 καλῶς
3246 3667 3498 3739 ἔπραξεν,
3547 3669 3758 3736 ἀλόγως

2185 3762 2391 3833 μέμψιν
2421 3761 2729 3831 ὑπομένωνο
2759 3758 2962 3833 τούτων
2995 3757 3102 3828 γάρ
3131 3759 3301 3821 αἴτιος
3327 3758 3436 3829 (42)
3458 3755 3524 3830 ἦν
3549 3761 3577 3812 ὁ
3609 3759 3758 3830 χρώ-

2185 3827 2364 3926 μενος.
2415 3827 2552 3905 Ἀλλζ
2585 3851 2706 3905 οὐδὲ
2744 3850 2806 3903 τὸ
2850 3827 3095 3920 κρεῖττον
3145 3827 3428 3921 ἄνθρωπος
3467 3827 3755 3919 ηπίστατο,

2185 3949 2259 4019 μὴ
2295 3948 2385 4000 τὸν
2427 3945 2596 4000 αἴτιον
2647 3942 2821 4006 εἰδὼς,
2866 3941 2980 3996 ἀλλ’
3029 3944 3203 3994 ἐκεῖνο
3258 3941 3417 4012 μόνον
3464 3945 3543 4006 είς
3589 3943 3618 3995 ὂ
3661 3944 3762 3996 πέ-

2183 4056 2351 4107 φυκεν
2384 4033 2542 4090 εἶναι.
2575 4036 2721 4104 Φημὶ
2752 4033 3040 4104 τοιγαροῦν
3073 4033 3166 4085 τὸν
3198 4032 3330 4086 Θεὸν
3360 4033 3500 4085 οὔτω
3542 4033 3630 4086 τὸν
3663 4034 3761 4088 ἄν-

2183 4130 2398 4200 θρωπον
2425 4128 2648 4197 τιμῆσαι
2679 4124 3129 4196 προαιρούμενον,
3170 4125 3260 4177 καὶ
3294 4124 3399 4177 τῶν
3432 4127 3760 4196 κρειττόνων

2182 4223 2517 4292 ἐπιστήμονα
2549 4217 2808 4286 γίνεσθαι,
2853 4217 2954 4287 τὴν
2995 4216 3238 4280 ἐξουσίαν
3279 4215 3427 4286 αὐτῴ
3456 4216 3548 4270 τοῦ
3593 4217 3760 4271 δύνα-

2183 4313 2304 4367 σθαι
2337 4316 2508 4366 ποιεῖν
2535 4312 2570 4365 ἃ
2603 4311 2870 4380 βούλεται,
2899 4308 3219 4363 δεδωκέναι·
3251 4308 3344 4362 καὶ
3377 4308 3474 4379 τὴν
3507 4307 3758 4372 ἐξουσίαν

2182 4407 2344 4460 αὑτοῦ
2375 4409 2454 4469 εἰς
2489 4407 2733 4475 κρεῖττον
2763 4405 3069 4474 παραινεῖν,
3104 4401 3201 4454 οὑκ
3226 4401 3625 4472 ἀφαιρούμενον
3659 4402 3762 4454 πά-

509 4500 767 4559 tanquam
807 4493 950 4562 quod
973 4493 1166 4548 melius
1191 4501 1294 4557 est,
1325 4495 1603 4552 declarare
1624 4499 1768 4552 velit.
1802 4498 1971 4552 Habet
2001 4500 2077 4553 si-

2182 4499 2263 4551 λιν
2292 4499 2382 4552 τὸν
2416 4496 2776 4561 αὐτεξούσιον,
2809 4495 2943 4548 ἀλλὰ
2983 4495 3073 4546 τὸν
3107 4497 3350 4565 κρεῖττον
3393 4492 3614 4563 μηνύειν
3661 4492 3758 4544 θέ-

508 4583 724 4652 quidem
774 4591 1128 4652 potestatem,
1174 4595 1229 4639 et
1272 4587 1586 4641 mandatum
1628 4581 1824 4658 accipit
1873 4608 1886 4643 :
1936 4590 2080 4646 Deus

508 4681 689 4728 autem
723 4671 996 4741 admonet,
1030 4684 1090 4730 ut
1119 4675 1302 4740 homo,
1334 4679 1687 4743 voluntatem,
1721 4695 1826 4749 qua
1877 4689 2075 4751 potest,

513 4764 567 4818 in
607 4763 807 4817 bonum
857 4762 1142 4819 inﬂexerit.
1182 4763 1252 4819 1η
1285 4767 1451 4830 enim,
1482 4783 1605 4821 cum
1638 4775 1791 4837 pater
1826 4785 2074 4839 puerum,

510 4855 712 4924 alioqui
762 4854 1048 4911 habentem
1101 4857 1414 4913 facultatem
1456 4858 1523 4912 ad
1567 4858 1953 4929 perdiscendas
1994 4861 2078 4915 di-

511 4945 792 5015 sciplinas,
827 4953 883 5001 et
921 4947 1092 5017 magis
1135 4963 1326 5003 earum
1372 4950 1553 5004 studio
1601 4951 2077 5007 adhaerescendum

511 5035 780 5108 lﬁtatur,
809 5036 1095 5094 declarans
1140 5054 1264 5094 esse
1301 5040 1351 5094 ei
1402 5041 1454 5094 id
1485 5041 1710 5106 melius,
1763 5058 1871 5097 non
1902 5045 2079 5113 privat

510 5144 734 5198 ptterum
785 5137 1053 5199 potestate
1077 5146 1240 5200 quam
1273 5131 1812 5203 habet;-quanquam
1840 5135 1886 5189 is
1941 5135 2079 5189 nolit

511 5221 686 5277 libens
711 5221 891 5277 dicere
919 5241 932 5276 :
957 5222 1033 5276 ita
1058 5231 1111 5278 et
1139 5221 1330 5288 Deum,
1363 5241 1484 5278 cum
1529 5225 1802 5281 hominem
1829 5228 2079 5282 hortatur

512 5323 572 5367 ut
595 5313 864 5370 mandatis
900 5323 1109 5384 pareat,
1145 5315 1566 5388 haudquaquam
1617 5320 1854 5374 arbitror
1877 5320 2076 5376 volun-

511 5404 642 5459 tatis
699 5413 1020 5474 potestatem
1048 5407 1280 5473 auferre,
1309 5424 1418 5479 qua
1452 5411 1499 5466 is
1529 5411 1701 5482 possit
1751 5413 1915 5467 etiam
1968 5427 2078 5467 non

730 5576 898 5652 Ilapd
925 5576 1015 5652 td.
1041 5577 1127 5632 Al.
1159 5578 1311 5652 παρὰ
1341 5579 1455 5634 τοῦ.

581 5645 693 5710 (39)
735 5646 852 5714 Τὴν
896 5649 1002 5702 τοῦ
1047 5652 1147 5703 ὑπ.
1203 5645 1646 5707 P'raamittendum
1697 5650 1927 5706 fortasse
1967 5649 2072 5704 διά.

513 5711 636 5768 Mox
681 5711 1028 5772 scribendum
1076 5720 1253 5772 αἰτίαν
1306 5721 1510 5791 μόνην,
1560 5725 1642 5777 vel
1705 5721 1874 5775 αῖτιον
1915 5721 2074 5776 δύνα-

513 5799 626 5856 μιν.

2184 4590 2358 4643 λοντα.
2385 4591 2457 4642 Τὸ
2489 4589 2584 4658 μὲν
2607 4587 2715 4658 γὰρ
2743 4586 2998 4640 δύνασθαι
3035 4585 3296 4657 πάρεστιν
3321 4584 3468 4654 αὐτῴ
3491 4602 3502 4614 ο
3532 4585 3626 4638 καὶ
3653 4585 3758 4656 τὴν

2183 4682 2401 4752 ἐντολὴν
2441 4680 2736 4749 λαμϐάνει·
2784 4678 2880 4748 τὴν
2913 4678 2969 4730 δέ
3007 4677 3101 4732 τοῦ
3146 4677 3406 4730 δύνασθαι
3436 4676 3756 4747 προαίρεσιν

2185 4777 2263 4836 εἰς
2291 4773 2350 4827 τὸ
2372 4774 2616 4842 κρεῖττον
2645 4771 2865 4842 τρέπειν
2892 4771 2919 4821 ὁ
2951 4769 3082 4832 Θεὸς
3108 4771 3380 4838 παραινεῖ.
3410 4770 3619 4839 Ὥσπερ
3647 4771 3756 4839 γὰρ

2185 4863 2368 4933 πατὴρ
2404 4861 2551 4914 παιδὶ
2581 4863 2867 4932 παραινεῖ,
2901 4859 3150 4923 ἐξουσίαν
3184 4859 3360 4928 ἔχοντι
3395 4859 3756 4928 ἐκμανθάνειν

2182 4953 2249 5005 τά
2278 4952 2598 5022 μαθήματα,
2630 4953 2722 5005 καὶ
2771 4951 2966 5021 μᾶλλον
2995 4949 3212 5021 ἔχεσθαι
3241 4949 3350 5002 τῶν
3387 4949 3754 5018 μαθημάτων,

2182 5043 2284 5104 ὅτι,
2316 5045 2560 5113 κρεῖττον
2585 5040 2739 5093 τοῦτο
2765 5040 3006 5111 μηνύων,
3035 5041 3096 5092 οὑ
3120 5040 3218 5110 τὴν
3242 5038 3335 5091 τοῦ
3366 5036 3623 5091 δύνασθαι
3657 5038 3752 5091 τοῦ

2183 5133 2370 5196 παιδὸς
2412 5133 2659 5196 ἐξουσίαν
2704 5133 2945 5203 ἀφαιρεῖ,
2994 5132 3097 5186 κᾶν
3156 5131 3231 5202 μὴ
3268 5129 3408 5183 ἑκὼν
3466 5131 3754 5200 μανθάνειν

2185 5223 2466 5293 βούληται·
2499 5221 2639 5275 οὑτω
2685 5238 2774 5291 μοι
2802 5221 2896 5274 καὶ
2935 5221 3022 5274 τὸν
3061 5220 3192 5272 Θεὸν
3226 5220 3288 5272 οὐ
3331 5219 3498 5283 δοκεῖ,
3527 5218 3755 5290 προτρέ-

2182 5331 2352 5366 ποντα
2383 5312 2473 5366 τδν
2511 5311 2795 5382 ἄνθρωπον
2840 5311 3123 5365 πείθεσθαι
3161 5314 3273 5374 τοῖς
3315 5312 3750 5382 προστάγμασιν,

2181 5408 2431 5478 ἀφαιρεῖν
2477 5405 2639 5458 αὐτὸν
2683 5403 2781 5474 τὴν
2818 5404 3064 5470 ἐξουσίαν
3101 5403 3198 5474 τῆς
3244 5403 3611 5475 προαιρέσεως
3657 5400 3749 5454 τοῦ

2254 5584 2366 5654 (40)
2412 5583 2538 5637 Τοῦ.
2575 5583 2659 5638 ΑΙ.
2693 5583 2856 5636 αὐτοῦ

2413 5654 2882 5727 ᾎφ-αιρούμενοςμ.
2923 5653 3102 5727 S_crib.
3139 5655 3565 5727 ἀφαιρουμένης.

2255 5722 2368 5792 (Δῖ)
2415 5725 2641 5776 Τούτων
2675 5722 2782 5792 γὰρ
2811 5724 2926 5778 αττ.
2961 5723 3139 5779 Locus
3169 5722 3430 5780 citatur'a
3471 5722 3561 5781 Fr.
3598 5722 3742 5780 Tur-

2185 5794 2342 5849 riano
2373 5794 2463 5848 lib.
2497 5809 2546 5846 tv
2573 5809 2669 5862 pro
2703 5792 2871 5864 Epist.
2908 5793 3088 5863 Ροηι..
3111 5810 3230 5865 cap.
3257 5795 3311 5849 2.
