4150 6404
392 338 499 399 263

1458 331 1550 386 EX
1588 330 1793 386 LlBRO
1828 329 1916 384 DE
1955 326 2552 385 RESURBECTIONE.

3522 327 3629 383 266

394 450 681 516 δύνασθαι,
732 450 828 506 καὶ
882 449 956 523 μὴ
1012 449 1308 505 ὑπακούειν
1335 452 1448 515 τοῖς
1492 450 1779 521 πράγμασι
1825 447 1956 521 (45).

2073 446 2284 502 obedire
2323 445 2618 502 mandatis.
2648 442 2785 500 Nam
2821 450 2876 500 et
2903 441 2966 498 id
3000 457 3179 498 causa:
3206 442 3475 510 ostendit,
3526 459 3628 499 cur

394 543 505 598 Καὶ
542 543 651 614 γὰρ
698 544 798 614 τὴν
832 542 1006 614 ἀρχὴν
1047 542 1141 596 τοῦ
1186 541 1359 606 οὕτως
1406 543 1713 613 παραινεῖν,
1757 540 1839 594 ὅτι
1887 539 1961 611 μὴ

394 628 580 699 ἀφεῖλε
603 630 701 701 τὴν
724 629 967 694 ἐξουσίαν
984 668 999 694 ,
1025 629 1240 701 μηνύει.
1280 630 1611 701 Προστάττει
1638 629 1715 694 δὲ,
1748 630 1833 683 ἵνα
1855 629 1965 683 τῶν

396 717 719 792 κρειττόνων
740 718 1027 792 ἄνθρωπος
1055 720 1351 776 ἀπολαύειν
1388 720 1610 793 δυνηθῇ.
1655 719 1824 774 Τοῦτο
1857 721 1965 792 γὰρ

396 810 587 864 ἕπεται
644 810 723 882 τῷ
778 812 1064 883 πεισθῆναι
1112 812 1191 883 τῷ
1225 811 1317 869 τοῦ
1380 812 1515 866 Θεοῦ
1561 811 1961 884 προστάγματι.

401 903 562 955 Ὥστε
611 904 710 973 οὑχ
765 902 849 956 ἵνα
897 903 994 975 τὴν
1052 903 1298 970 ἐξουσίαν
1355 904 1422 975 ἢν
1478 902 1708 957 δέδωκεν
1767 903 1964 976 ἀφέλῃ,

398 993 754 1065 προστάττειν
780 994 1054 1065 βούλεται·
1086 995 1202 1050 ἀλλ’
1243 994 1331 1048 ἵνα
1360 997 1604 1065 κρεῖττον
1635 994 1963 1067 δωρήσηται,

397 1085 474 1149 ὡς
530 1083 666 1156 ἀξίῳ
719 1084 978 1155 μειζόνων
1026 1087 1231 1157 τυχεῖν,
1280 1085 1395 1140 ἀνθ’
1445 1078 1522 1139 ὧν
1575 1086 1848 1157 ὑπήκουσε
1890 1082 1967 1154 τῷ

398 1175 535 1247 Θεῷ,
571 1176 663 1230 καὶ
690 1175 785 1248 τὴν
812 1176 905 1230 τοῦ
940 1175 1014 1249 μὴ
1047 1176 1342 1231 ὑπακούειν
1370 1175 1614 1244 ἐξουσίαν
1639 1174 1794 1247 ἔχων.
1821 1174 1967 1246 Φημὶ

398 1269 685 1341 ἄνθρωπον
723 1269 1001 1338 γεγονέναι
1024 1268 1045 1342 [
1068 1268 1409 1335 αὐτεξούσιον
1426 1269 1470 1342 ],
1502 1270 1598 1340 οὑχ
1626 1268 1702 1332 ὼς
1730 1272 1969 1339 προὺπο-

399 1358 651 1429 κειμένου
677 1360 822 1423 τινὸς
850 1360 949 1433 ἤδη
982 1361 1176 1423 κακοῦ,
1208 1356 1269 1416 οὗ
1297 1362 1395 1432 τὴν
1433 1360 1677 1425 ἐξουσίαν
1715 1358 1809 1414 τοῦ
1848 1358 1964 1412 ἑλέ-

404 1446 548 1511 σθαι,
600 1450 647 1501 εί
689 1448 967 1520 βούλοιτο,ο
998 1452 1027 1504 6
1068 1449 1354 1521 ἄνθρωπος
1400 1448 1558 1502 ἔλαϐε
1601 1486 1617 1501 .
1661 1487 1677 1501 .
1721 1486 1735 1500 .
1776 1487 1790 1500 .
1833 1486 1848 1502 .
1892 1486 1906 1500 .
1949 1486 1963 1500 .

403 1537 537 1591 ἀλλὰ
571 1538 670 1611 τὴν
705 1540 799 1594 τοῦ
833 1540 1125 1594 ὑπακούειν
1164 1540 1242 1611 τῷ
1275 1539 1392 1610 Θεῷ
1425 1541 1517 1594 καὶ
1561 1541 1635 1612 μὴ
1675 1538 1967 1594 ὑπακούειν

401 1628 580 1681 αἰτίαν
626 1629 811 1701 μόνην.
850 1628 1021 1683 Τοῦτο
1060 1630 1168 1702 γὰρ
1205 1630 1267 1682 τὸ
1314 1628 1656 1696 αὐτεξούσιον
1690 1628 1965 1698 ἠϐούλετο.

402 1718 512 1771 Καὶ
534 1719 824 1790 γενόμενος
858 1721 888 1773 6
928 1718 1233 1791 ἄνθρωπος,
1266 1718 1481 1791 ἐντολὴν
1513 1717 1778 1789 λαμϐάνει
1818 1715 1967 1789 παρὰ

2062 538 2135 592 ita
2167 538 2436 604 hortetur,
2469 537 2614 609 quod
2643 543 2965 608 potestatem
2999 551 3111 591 non
3151 535 3453 593 abstulerit.
3484 536 3628 593 Pim-

2061 631 2196 702 cipit
2216 638 2418 697 autem,
2448 638 2507 685 ut
2537 631 2705 685 homo
2731 630 2944 701 potiora
2972 630 3232 699 consequi
3259 630 3453 699 possit.
3471 627 3627 696 Quod

2063 723 2190 793 quis
2236 722 2381 778 enim
2441 723 2625 777 divino
2668 728 2937 791 praecepto
2973 721 3327 791 obsequatur,
3357 720 3628 789 ejusmodi

2062 810 2343 883 praemium
2371 811 2591 882 excipit.
2623 810 2985 877 Quamobrem
3026 825 3137 864 non
3168 810 3284 865 vult
3334 809 3465 865 dare
3495 825 3633 881 pne-

2064 913 2303 974 ceptum,
2330 911 2387 959 ut
2414 904 2624 958 auferat
2656 910 2974 973 potestatem
3002 916 3165 972 quam
3192 901 3375 967 dedit;
3426 902 3521 956 sed
3573 908 3632 955 ut

2066 996 2260 1051 melius
2291 995 2493 1065 aliquid
2550 994 2735 1060 donet,
2777 1001 3031 1063 tanquam
3079 992 3243 1064 digno
3280 992 3372 1062 qui
3408 992 3633 1047 meliora

2064 1086 2421 1156 adipiscatur,
2444 1085 2571 1156 quia
2620 1084 2801 1156 paruit
2837 1083 2967 1151 Deo,
2995 1100 3117 1138 cum
3148 1083 3348 1153 alioqui
3395 1090 3634 1153 potesta-

2066 1186 2174 1232 tem
2204 1194 2312 1233 non
2349 1176 2573 1245 parendi
2596 1176 2838 1231 haberet.
2871 1174 3000 1230 Dico
3028 1182 3210 1230 autem
3234 1174 3434 1229 factum
3457 1174 3635 1229 homi—

2069 1285 2193 1325 nem
2230 1270 2484 1334 liberum,
2515 1284 2624 1324 non
2652 1270 2802 1323 velut
2821 1269 2964 1322 malo
2983 1268 3164 1339 aliquo
3182 1268 3293 1337 jam
3314 1267 3631 1332 exsistente,

2066 1362 2223 1431 cujus
2249 1362 2503 1432 eligendi,
2533 1361 2580 1416 si
2605 1360 2800 1424 vellet,
2833 1367 3154 1430 potestatem
3190 1359 3461 1429 acceperit
3491 1376 3504 1412 :
3539 1358 3636 1413 sed

2066 1459 2286 1522 propter
2320 1467 2637 1507 concessam
2668 1450 3002 1515 facultatem,
3036 1466 3143 1520 qua
3172 1458 3384 1520 pareret
3412 1449 3498 1504 vel
3527 1465 3636 1505 non

2069 1555 2279 1613 pareret
2305 1542 2637 1614 praecipienti
2667 1541 2796 1597 Deo.
2820 1541 2915 1598 Est
2962 1543 3068 1597 hoc
3089 1542 3256 1606 enim,
3294 1542 3351 1595 in
3382 1556 3490 1611 quo
3521 1550 3640 1596 erat

2068 1635 2246 1705 posita
2275 1634 2504 1688 facultas
2545 1634 2776 1687 arbitrii.
2802 1632 3030 1688 Creatus
3066 1640 3248 1687 autem
3282 1634 3466 1695 homo,
3501 1647 3641 1701 prae-

2070 1732 2282 1794 ceptum
2304 1740 2334 1779 a
2363 1724 2473 1780 Deo
2498 1724 2729 1794 accipit:
2752 1723 2974 1795 jamque
3001 1723 3125 1779 inde
3147 1723 3369 1777 inchoat
3398 1724 3601 1776 malum
3620 1763 3638 1789 ,

400 1809 496 1863 τοῦ
540 1811 673 1865 Θεοῦ
696 1829 710 1842 ⁸
745 1814 841 1866 καὶ
883 1812 1131 1866 ἐντεῦθεν
1175 1813 1276 1884 ήδη
1325 1812 1387 1865 τὸ
1418 1813 1585 1867 κακὸν
1619 1813 1874 1885 ἄρχεται·
1905 1812 1965 1864 οὑ

2073 1830 2193 1868 nam
2227 1830 2334 1868 non
2367 1820 2518 1882 paret
2551 1811 2736 1868 divino
2764 1819 3033 1884 prmeepto
3076 1831 3089 1866 :
3143 1811 3356 1882 hocque
3385 1818 3439 1866 et
3473 1827 3640 1866 unum

400 1902 511 1976 γάρ
544 1904 787 1958 πείθεται
828 1903 904 1976 τῷ
936 1904 1062 1977 θείῳ
1100 1904 1507 1977 προστάγματι·
1545 1905 1639 1958 καὶ
1681 1902 1838 1958 τοῦτο
1874 1904 1969 1959 καὶ

402 1993 565 2064 μόνον
592 1993 650 2048 τὸ
681 1994 870 2059 κακὸν,
909 1998 942 2066 ἡ
987 1996 1263 2068 παρακοὴ,
1303 1996 1426 2068 ἥτις
1452 1995 1544 2049 τοῦ
1582 1991 1718 2048 εἶναι
1745 1994 1966 2067 ἤρξατο.

400 2083 537 2139 οὐδὲ
587 2084 693 2157 γὰρ
742 2086 1001 2158 ἀγένητον
1055 2086 1257 2158 ταύτην
1319 2104 1403 2151 τις
1448 2088 1625 2140 εἰπεῖν
1680 2087 1812 2157 ἔχει,
1876 2085 1969 2139 τοῦ

402 2175 725 2246 ποιήσαντος
761 2176 929 2248 αὑτὴν
963 2177 1114 2241 ὄντος
1143 2177 1390 2248 γενητοῦ.
1439 2178 1663 2241 Πάντως
1690 2178 1766 2243 δὲ,
1810 2178 1972 2232 πόθεν

401 2263 558 2318 τοῦτο
575 2265 636 2318 τὸ
661 2267 1025 2337 παρακοῦσαι,
1046 2270 1360 2341 ἐρωτήσεις.
1397 2269 1557 2322 Ἀλλὰ
1586 2271 1762 2323 κεῖται
1788 2268 1973 2339 σαφῶς

401 2352 462 2405 ὲν
488 2356 553 2425 τῇ
583 2354 704 2426 θείᾳ
728 2357 940 2429 Γραφῇ.
978 2358 1137 2413 Ὅθεν
1159 2359 1279 2413 οὑδὲ
1301 2358 1540 2413 τοιοῦτον
1567 2358 1657 2413 τὸν
1690 2359 1973 2433 ἄνθρωπον

404 2445 540 2518 πρὸς
572 2447 661 2500 τοῦ
697 2447 830 2503 Θεοῦ
860 2450 1139 2519 γεγονέναι
1168 2452 1337 2523 φημί·
1370 2453 1511 2506 κατὰ
1537 2452 1592 2505 δὲ
1620 2454 1717 2523 τήν
1744 2470 1867 2507 τινα
1894 2453 1973 2505 δι-

403 2533 694 2591 δασκαλίαν
733 2539 892 2594 τοῦτο
934 2540 1261 2596 πεπονθέναι
1291 2542 1452 2612 λέγω.
1493 2542 1628 2596 Οὐδὲ
1656 2542 1762 2615 γὰρ
1793 2541 1975 2597 τοιαύ-

404 2643 502 2698 την
532 2627 693 2699 φύσιν
730 2630 969 2701 εἰληφὼς
1008 2632 1036 2684 6
1081 2631 1387 2705 ἄνθρωπος.
1433 2634 1497 2686 Ei
1531 2633 1637 2704 γὰρ
1681 2631 1853 2695 οὑτως
1899 2626 1975 2684 εἷ-

405 2734 519 2790 χεν,
582 2720 685 2774 οὑκ
732 2720 798 2775 ἂν
843 2722 989 2793 αὑτῷ
1036 2723 1178 2777 κατὰ
1222 2722 1567 2778 διδασκαλίαν
1611 2722 1766 2776 τοῦτο
1808 2739 1976 2795 προσ-

405 2810 634 2877 εγίνετο,
656 2811 757 2882 τῆς
788 2812 1001 2881 φύσεως
1039 2815 1209 2885 αὐτῆς
1235 2813 1404 2878 οὕτως
1443 2813 1693 2886 ἐχούσης.
1726 2813 1886 2884 Λέγει
1916 2814 1974 2868 δέ.

404 2918 490 2967 τις
513 2902 632 2976 θείᾳ
666 2907 850 2976 φωνῇ,
883 2906 1280 2976 μεμαθηκέναι
1312 2907 1421 2979 (44)
1456 2907 1547 2961 τὸν
1596 2906 1970 2981 ἇνθρωπον....

405 2991 760 3048 Διδάσκεσθαι
802 2990 896 3049 οὖν
938 3013 1079 3068 φημι
1116 2994 1177 3048 τὸ
1214 2997 1547 3070 παρακούειν
1592 2996 1750 3051 Θεοῦ.
1808 2994 1975 3049 Τοῦτο

405 3084 515 3158 γὰρ
550 3086 641 3141 καὶ
676 3087 833 3157 μόνον
865 3090 981 3143 ἐστὶ
1018 3089 1079 3142 τὸ
1109 3089 1299 3153 κακὸν,
1332 3089 1361 3143 ὃ
1405 3088 1556 3162 παρὰ
1584 3089 1681 3162 τὴν
1706 3089 1800 3143 τοῦ
1840 3088 1974 3143 Θεοῦ

407 3180 724 3252 προαίρεσιν
756 3181 995 3251 γίνεται·
1037 3184 1099 3237 οὑ
1132 3183 1239 3256 γὰρ
1270 3182 1336 3237 ἂν
1371 3182 1493 3237 καθ’
1527 3183 1686 3236 ἑαυτὸ
1716 3181 1777 3235 τὸ
1812 3198 1977 3254 πονη-

409 3269 501 3342 ρὸν
540 3272 569 3324 6
608 3270 891 3343 ἄνθρωπος
925 3273 1255 3329 διδάσκεται.
1300 3276 1357 3328 '0
1391 3273 1656 3328 διδάσκων
1694 3273 1872 3327 τοίνυν
1915 3272 1977 3325 τὸ

408 3360 574 3416 κακόν
601 3363 751 3417 ἐστιν
779 3366 808 3419 6
836 3365 1070 3437 δράκων,
1097 3367 1190 3420 καὶ
1213 3365 1284 3419 τὰ
1311 3366 1457 3437 ἑξῆς.
1486 3365 1694 3420 Λείπει.

855 3458 965 3513 Τοῦ
997 3458 1183 3513 αὐτοῦ
1218 3457 1535 3513 Μεθοδίου.

2071 1907 2272 1960 malum
2292 1913 2431 1972 erat,
2463 1904 2829 1960 inobedientia
2857 1918 2981 1974 quae
3005 1911 3135 1957 tunc
3168 1902 3390 1974 incepit.
3411 1901 3489 1958 Ne
3516 1902 3641 1973 quis

2071 1998 2215 2053 enim
2246 2012 2363 2051 eam
2415 1997 2611 2051 dixerit
2664 1971 2986 2066 ingenitam:
3024 1995 3205 2066 genito
3250 2001 3305 2049 et
3353 1971 3547 2049 creato
3578 2008 3643 2048 eo

2071 2089 2165 2160 qui
2201 2087 2347 2143 fecit.
2380 2086 2615 2142 Prorsus
2662 2102 2793 2142 vero
2842 2102 3075 2157 quaeres,
3131 2084 3275 2140 unde
3310 2085 3425 2139 haec
3454 2085 3645 2138 inobe-

2071 2181 2297 2237 dientia.
2344 2178 2633 2234 Enimvero
2685 2178 2971 2249 perspicue
3028 2179 3085 2232 in
3128 2177 3311 2233 divina
3362 2175 3646 2245 Scriptura

2072 2272 2309 2344 positum
2337 2278 2440 2327 est.
2490 2269 2668 2336 Quare
2699 2271 2861 2325 etiam
2892 2284 3030 2339 nego
3079 2268 3242 2322 talem
3273 2282 3303 2320 a
3336 2266 3444 2320 Deo
3477 2266 3646 2321 fuisse

2073 2374 2314 2421 creatum
2372 2362 2647 2417 hominem
2699 2381 2712 2416 :
2770 2360 2893 2416 dico
2940 2376 3107 2428 vero,
3147 2360 3201 2415 id
3247 2359 3353 2429 ipsi
3392 2357 3646 2412 doctrina

2074 2456 2307 2528 quadam
2362 2454 2652 2509 accidisse.
2681 2452 2800 2509 Non
2844 2453 2989 2508 enim
3030 2452 3195 2507 homo
3247 2458 3532 2521 acceperat
3564 2458 3648 2503 ta-

2074 2546 2178 2600 lem
2230 2551 2501 2599 naturam.
2559 2541 2696 2596 Nam
2749 2542 2855 2598 hoc
2907 2541 3106 2613 posito,
3156 2540 3275 2610 ipsa
3320 2544 3515 2594 natura
3565 2538 3649 2594 sic

2076 2645 2439 2707 comparata,
2503 2634 2921 2705 haudquaquam
2985 2632 3319 2704 oportuisset
3370 2629 3503 2686 illud
3552 2644 3651 2701 per

2075 2728 2380 2783 doctrinam
2434 2726 2708 2782 accedere.
2753 2725 2924 2782 Porro
2973 2733 3057 2780 est
3114 2724 3206 2794 qui
3246 2738 3378 2779 voce
3429 2721 3647 2783 divina,

2075 2834 2139 2874 ac
2172 2834 2270 2873 ceu
2302 2834 2369 2873 ex
2407 2819 2660 2882 oraculo,
2713 2818 2988 2874 hominem
3032 2816 3178 2871 mala
3221 2815 3471 2870 didicisse
3512 2816 3532 2843 '
3565 2814 3650 2867 di-

2076 2916 2184 2964 cat.
2236 2906 2368 2961 Dico
2418 2923 2548 2978 ergo
2599 2906 2859 2962 didicisse
2911 2921 3022 2960 non
3076 2903 3299 2959 obedire
3354 2902 3484 2956 Deo.
3534 2897 3651 2952 Hoc

2077 3002 2222 3055 euim
2276 3005 2330 3053 et
2367 2999 2542 3052 solum
2567 3005 2650 3052 est
2669 2996 2869 3050 malum
2887 2995 3053 3061 illud,
3083 2992 3226 3064 quod
3246 2993 3303 3049 fit
3324 2999 3519 3063 praeter
3568 2987 3655 3043 (li-

2078 3093 2263 3149 vinam
2309 3090 2643 3145 voluntatem
2680 3104 2693 3140 :
2746 3102 2854 3143 non
2888 3087 3034 3142 enim
3074 3086 3272 3149 homo.
3312 3083 3516 3138 malum
3556 3080 3653 3135 ad-

2081 3184 2244 3240 discit
2280 3181 2578 3237 secundum
2618 3193 2697 3234 se.
2737 3177 2839 3243 Qui
2870 3191 3001 3249 ergo
3034 3176 3237 3230 malum
3273 3175 3453 3237 docet,
3484 3172 3653 3227 draco

2083 3283 2189 3343 est,
2215 3280 2325 3330 etc.

2589 3439 2835 3513 Ejusdem
2884 3438 3163 3495 Hethodii.

1397 3550 1503 3623 (Ex
1532 3547 1702 3605 Elem.
1731 3547 1982 3607 Danum.
2002 3546 2162 3603 σηιξη.
2191 3541 2340 3600 card.
2368 3534 2639 3610 Rupifuc.)

437 3623 454 3639 ’
478 3639 593 3714 τὴν
626 3639 726 3714 μὲν
765 3636 859 3697 οῦν
897 3641 1072 3716 ἀρχὴν
1108 3640 1200 3698 τοῦ
1235 3642 1409 3698 κακοῦ
1450 3642 1545 3697 τὸν
1590 3640 1781 3714 φθόνον
1823 3635 1979 3693 εἷπον

411 3730 617 3801 ἔγωγε·
651 3731 745 3786 τὸν
780 3732 837 3786 δὲ
870 3731 1064 3802 φθόνον
1112 3734 1178 3787 ὲκ
1219 3732 1313 3788 τοῦ
1347 3733 1615 3806 κρείττονι
1658 3735 1792 3806 τιμῇ
1850 3748 1982 3786 κατ-

2156 3634 2298 3691 Sane
2349 3646 2514 3696 vero,
2562 3624 2690 3683 mali
2723 3621 3071 3696 principium,
3105 3619 3336 3677 dixerim
3366 3633 3469 3691 ego
3515 3616 3657 3674 invi-

2085 3730 2233 3786 diam
2269 3745 2283 3781 :
2319 3724 2443 3780 inde
2474 3733 2602 3782 vero
2629 3723 2807 3771 ortam
2855 3714 3025 3779 illam,
3059 3711 3205 3784 quod
3234 3711 3399 3767 homo
3428 3710 3662 3782 potiori-

410 3822 674 3897 ηξιῶσθαι
685 3824 775 3879 τὸν
802 3800 1087 3893 ἄνθρωπον
1114 3825 1251 3898 πρὸς
1264 3825 1358 3881 τοῦ
1369 3800 1535 3880 Θεοῦο
1561 3825 1622 3881 τὸ
1648 3800 1917 3892 δὲ’κακδν,
1948 3823 1971 3892 ἦ

2086 3821 2192 3876 bus
2226 3814 2525 3872 honoribus
2553 3823 2585 3863 a
2615 3807 2727 3863 Deo
2771 3804 2966 3862 fuisset
2991 3813 3208 3860 auctus.
3234 3800 3407 3858 Porro
3427 3801 3655 3867 malum,

413 3915 665 3987 παρακοὴ
696 3916 794 3987 τῆς
824 3914 917 3969 τοῦ
946 3914 1082 3969 Θεοῦ
1109 3916 1347 3990 ἐντολῆς.

491 4031 514 4065 ⁸
537 4028 736 4087 larem.
768 4044 893 4099 xm,
917 4028 1013 4085 25.

427 4145 2506 4186 ___________________________________._...

2090 3907 2455 3967 inobedientia
2484 3911 2569 3960 est
2591 3898 2761 3956 divini
2781 3897 3045 3954 mandati.

825 4275 1416 4372 ΜΕΘΟΔΙΟΥ
1486 4274 1641 4361 ΕΚ
1697 4266 1925 4358 ΤΟΥ
1985 4266 2245 4355 ΠΕΡΙ
2323 4257 3025 4348 ΑΝΑΣΤΑΣΕΩΣ
3066 4247 3190 4331 (⁸⁵)
3212 4315 3234 4341 .

1674 4434 2397 4641 ΜΕΤΙΞΟΒΠ

1062 4762 1228 4849 EX
1297 4749 1666 4845 LIBBO
1740 4751 1892 4840 DE
1970 4734 3020 4836 BESURRECTIONE.

497 5037 576 5091 A’.
619 5033 736 5089 Οὑκ
766 5028 989 5101 εποίησε
1018 5024 1127 5100 (46)
1162 5024 1331 5079 κακὸν
1361 5024 1392 5077 6
1430 5022 1564 5085 Θεός
1583 5039 1597 5054 ο
1629 5020 1752 5074 οὐδέ
1780 5022 1894 5074 ἐστι
1933 5017 1971 5071 τί

2169 5009 2214 5064 1.
2236 5006 2437 5063 Malum
2482 5003 2628 5060 Deus
2658 5018 2769 5058 non
2797 5000 2945 5070 fecit,
2975 5014 3079 5056 nec
3108 4998 3219 5063 ullo
3268 4993 3431 5053 modo
3476 4994 3668 5044 auctor

431 5127 646 5183 σύνολον
672 5123 809 5189 ὅλως
841 5122 907 5175 ἐκ
949 5119 1146 5183 παντὸς
1188 5115 1250 5170 τὸ
1278 5114 1539 5186 παράπαν
1579 5113 1750 5176 αῐτιος
1794 5108 1988 5165 κακοῦ.

442 5219 600 5277 Ἀλλά
628 5218 737 5274 πᾶν
765 5218 900 5286 ὅπερ
930 5212 997 5268 ἂν
1025 5207 1366 5275 αὐτεξούσιον
1390 5206 1560 5271 οὑτως
1589 5204 1678 5259 ὑπ’
1705 5201 1869 5259 αὑτοῦ
1901 5219 1993 5272 γε·

429 5310 612 5380 γονόςο
649 5308 698 5361 εἰ
743 5305 852 5379 (67)
878 5302 1014 5372 πρὸς
1052 5302 1114 5355 τὸ
1141 5295 1475 5370 φυλάξασθαι
1511 5296 1608 5349 κει.)⁵
1637 5293 1871 5366 τηρῆσαι
1902 5293 1993 5347 νό-

434 5419 553 5477 μον,
586 5402 645 5455 δν
672 5398 833 5461 αὐτὸς
854 5394 1076 5456 δικαίως
1102 5389 1450 5453 διεστείλατο,
1483 5387 1557 5459 μὴ
1599 5386 1873 5457 τηρῆσαν,
1901 5384 1994 5438 λέ-

504 5558 614 5628 (45)
650 5553 980 5625 Πράγμασι.
1012 5549 1201 5616 Τυιτ.,
1228 5547 1526 5619 προστάσι,
1557 5545 1695 5601 forte
1765 5540 2005 5610 προστά-

428 5646 619 5769 γμῧᾶ)
655 5694 1011 5769 Ῐθτθῐη-,ιιιιν
1035 5691 1133 5769 ἢ,
1160 5688 1538 5769 μεμαθηκότες
1569 5684 1640 5741 τὰ
1665 5684 1830 5769 κακά.

506 5734 617 5843 δ’ἑὶ
655 5734 2002 5831 τέἓῖἓέῡᾝὲὶῖῖιῖοᾶῗῖϊίζὲέ’⁷ἑκέὲ’τρῐιί⁷”ρετιίω

708 5859 980 5918 ΡΑτιιοι..
1013 5853 1130 5913 Gn.
1184 5852 1413 5917 Χνυι.

2098 5104 2246 5160 illius
2273 5107 2379 5157 est.
2405 5097 2510 5154 Sed
2538 5094 2803 5167 quidquid
2831 5092 3042 5149 arbitrii
3087 5090 3174 5147 sui
3223 5090 3489 5160 potestate
3533 5093 3669 5151 prae-

2100 5199 2272 5254 ditum
2292 5194 2360 5248 ab
2385 5208 2449 5248 eo
2468 5190 2670 5245 faetum
2700 5194 2804 5253 est,
2830 5194 2891 5241 ut
2921 5199 3083 5257 quam
3106 5184 3155 5239 is
3171 5183 3341 5252 legem
3365 5172 3670 5247 iustissime

2097 5286 2454 5361 prwscripsit,
2484 5280 2800 5346 servaverit,
2844 5293 2909 5333 ea
2938 5294 3046 5333 non
3089 5280 3325 5336 servata,
3372 5266 3670 5361 appellatur

2101 5356 2337 5440 malum.
2379 5376 2477 5433 Est
2508 5383 2689 5433 autem
2746 5372 3128 5444 gravissimum
3176 5367 3281 5422 hoc
3306 5364 3582 5420 damnum
3617 5356 3671 5410 in

2106 5558 2173 5599 ex
2203 5538 2527 5611 Epiphanio,
2554 5530 2989 5611 sed_em_en_data,
3006 5528 3218 5611 partim
3243 5539 3404 5581 nova.

2181 5583 2299 5681 (ῖξῇ
2309 5583 3252 5681 νόὗὲὶξξπῖ’ῖεὶ”ἑῇᾦιιὲἐιίὸ.μετ’..
3273 5611 3396 5651 ιιιν
3418 5633 3434 5661 ,
3477 5607 3534 5647 n.
3575 5583 3671 5653 22,

2109 5667 2323 5739 emend.
2357 5697 2422 5735 ex
2450 5677 2706 5733 Element.
2742 5667 2892 5727 card.
2926 5667 3274 5742 Bupifucald.

2182 5752 2295 5824 (47)
2327 5753 2418 5808 El.
2447 5749 2637 5820 lmpr.,
2675 5748 2730 5819 ἡ,
2760 5743 2901 5800 forte

3368 5824 3408 5883 9
