4150 6412
519 338 626 396 267

1495 334 1552 392 S.
1587 335 1923 393 METHODH
1959 334 2269 393 EPISCOPI
2307 334 2395 391 ET
2429 333 2787 393 MARTYRIS

3670 337 3775 396 268

522 461 733 529 primis,
790 456 883 512 Dei
941 459 1197 510 mandata
1251 455 1545 527 negligere,
1597 471 1662 511 ac
1711 455 1936 529 iustitiae
1976 472 2084 527 qua

2197 473 2353 527 γεται
2412 456 2600 511 κακόν.
2652 454 2937 527 Βαρυτάτη
2988 453 3045 507 δὲ
3097 452 3267 526 βλάϐη
3318 454 3380 509 τὸ
3431 454 3772 527 παρακοῦσαι

521 552 776 621 adjuncta
805 546 1046 602 libertati
1072 555 1177 612 est,
1202 545 1401 602 limites
1422 548 1718 618 prmterire.

590 725 650 781 ll.
680 725 816 780 Illud
837 740 967 780 vero
992 725 1104 795 jam
1140 732 1296 781 antea
1327 724 1663 795 disputatum
1691 733 1796 789 est,
1819 733 2093 782 monstra-

516 828 763 890 tumque,
815 819 1064 889 pelliceas
1100 820 1304 873 tunicas
1334 820 1376 886 ',
1406 817 1554 873 aliud
1584 834 1709 874 esse
1738 828 1933 890 praeter
1966 835 2091 874 cor-

514 928 669 984 pora.
726 910 838 967 Sed
900 912 1254 967 nihilominus
1315 912 1460 966 idem
1510 926 1730 967 rursum
1779 912 2088 982 (dicendum

513 1008 657 1062 enim
688 1006 888 1077 saepius
916 1005 1019 1079 est)
1047 1006 1149 1060 hoc
1170 1005 1291 1061 loco
1319 1012 1647 1075 repetamus.
1679 1003 1895 1060 Primus
1928 1005 2091 1077 igitur

513 1100 632 1169 ipse
681 1114 903 1170 parens,
965 1106 1255 1169 antequam
1303 1113 1381 1153 eae
1429 1097 1625 1151 tunicae
1672 1109 2087 1167 consuerentnr,

512 1200 639 1251 ossa
662 1206 721 1245 se
740 1199 798 1246 et
822 1205 1040 1245 carnem
1069 1190 1269 1244 habere
1297 1189 1621 1255 conﬁtetur;
1645 1205 1770 1244 cum
1805 1192 2087 1254 nimirum,

512 1281 832 1353 perductam
886 1280 953 1334 ad
1008 1296 1130 1337 sese
1172 1281 1451 1335 mulierem
1516 1281 1936 1350 contemplatus,
1971 1280 2090 1336 Hoc

512 1391 651 1429 nunc
682 1391 763 1438 as,
794 1373 990 1444 inquit,
1027 1388 1092 1427 ea:
1113 1372 1319 1427 ossibus
1344 1373 1495 1435 meis,
1545 1382 1597 1427 et
1644 1388 1769 1426 caro
1821 1374 1885 1428 de
1933 1390 2092 1428 carne

512 1480 647 1519 mea.
683 1463 747 1519 Et
800 1478 1021 1518 rursum
1055 1482 1068 1517 :
1102 1462 1231 1517 Haec
1276 1464 1548 1517 vocabitur
1584 1465 1792 1530 mulier,
1838 1466 2087 1535 quoniam

511 1555 576 1610 de
603 1557 710 1610 viro
739 1565 948 1625 sumpta
992 1565 1091 1611 est.
1121 1555 1348 1626 Propter
1379 1556 1475 1611 hoc
1505 1555 1760 1626 relinquet
1797 1555 1948 1609 homo
1978 1571 2090 1624 pa-

510 1658 641 1703 trem
691 1664 844 1703 suum
888 1658 938 1702 et
979 1657 1224 1713 matrem,
1255 1658 1304 1702 et
1337 1646 1624 1701 adhaerebit
1662 1648 1818 1702 uxori
1844 1664 1955 1702 sua
1988 1664 2007 1701 :
2037 1659 2087 1702 et

509 1751 657 1796 erunt
690 1742 793 1796 duo
828 1742 883 1796 in
916 1758 1127 1796 carnem
1148 1758 1309 1796 unam
1335 1740 1376 1793 ⁸.
1412 1739 1595 1811 Neque
1615 1740 1758 1795 enim
1780 1750 1961 1796 certos
1990 1739 2089 1794 ho-

2198 548 2353 615 Θεοῦ,
2383 552 2507 614 τοὺς
2529 550 2688 623 ὅρους
2706 550 2804 620 τῆς
2835 548 2975 602 κατὰ
3000 547 3061 601 τὸ
3088 546 3431 615 αὐτεξούσιον
3461 548 3771 620 ὐπερὸάντα

2196 639 2567 713 δικαιοσύνης.

2267 732 2344 785 B'.
2384 732 2765 805 Προηπόρηται
2797 729 2982 802 (49)δὲ
3015 731 3140 803 ήδη,
3166 731 3261 785 καὶ
3288 730 3600 802 ἀπεδείχθη,
3632 730 3771 798 τοὺς

2196 822 2585 892 ὃερματίνους
2609 822 2864 892 χιτῶνας
2900 822 2974 895 μὴ
3008 818 3145 877 εἶναι
3184 822 3253 877 τά
3291 822 3539 895 σώματα.
3582 824 3769 893 Ὅμως

2194 914 2252 968 δὲ
2281 914 2387 984 ,καὶ
2441 914 2602 968 πάλιν
2657 914 2746 986 (οὐ
2799 915 2910 987 γὰρ
2969 915 3115 982 ἅπαξ
3163 916 3391 987 ῥητέον)
3451 915 3766 989 φράσωμεν.

2194 1007 2367 1071 Αὐτὸς
2410 1007 2517 1079 πρὸ
2550 1007 2646 1079 τῆς
2681 1008 3025 1078 κατασκευῆς
3071 1007 3249 1062 αὐτῶν
3276 1010 3305 1061 ὁ
3349 1008 3772 1081 πρωτόπλαστος

2194 1098 2444 1169 ὁμολογεῖ
2484 1100 2580 1153 καὶ
2613 1101 2746 1153 ὀστᾶ
2773 1098 2916 1171 ἔχειν
2962 1099 3057 1153 καὶ
3101 1100 3330 1172 σάρκας,
3383 1101 3543 1153 ὁπότε
3572 1098 3636 1171 δὴ
3673 1098 3771 1170 τὴν

2195 1195 2430 1260 γυναῖκα
2468 1191 2616 1263 αὐτῷ
2642 1195 3043 1265 προσαχθεῖσαν
3066 1192 3421 1263 θεασάμενος,
3456 1191 3635 1246 Τοῦτο
3654 1190 3773 1245 νῦν

2194 1283 2439 1351 ὀστοῦν,
2478 1283 2778 1356 ἐφώνησεν,
2823 1284 2891 1337 ἐκ
2916 1282 3035 1338 τῶν
3070 1281 3268 1337 ὀστῶν
3293 1301 3435 1352 μου,
3486 1282 3585 1336 καὶ
3614 1281 3770 1350 σὰρξ

2193 1375 2262 1428 ἐκ
2299 1374 2408 1444 τῆς
2445 1377 2671 1444 σαρκός
2712 1391 2863 1445 μου’
2902 1374 2996 1429 καὶ
3038 1374 3231 1428 πάλιν·
3270 1375 3431 1441 Αὕτη
3465 1373 3770 1442 κληθήσε-

2193 1482 2287 1521 ται
2312 1467 2487 1538 γυνὴ,
2518 1468 2607 1521 ὅτι
2627 1468 2697 1521 ἐκ
2720 1467 2826 1521 τοῦ
2854 1467 3076 1535 ἀνδρὸς
3099 1466 3287 1536 αὐτῆς
3309 1468 3563 1538 ἐλήφθη.
3599 1471 3770 1525 ’Ἑνε-

2193 1577 2302 1613 κεν
2348 1561 2562 1614 τούτου
2617 1560 2968 1629 καταλείψει
3016 1558 3324 1628 ἄνθρωπος
3382 1560 3489 1615 τὸν
3542 1561 3772 1631 πατέρα

2192 1651 2401 1716 αὐτοῦ,
2437 1653 2536 1707 καὶ
2584 1651 2698 1722 τὴν
2732 1651 2989 1722 μητέρα,
3026 1651 3126 1705 καὶ
3165 1652 3771 1722 προσκολληθήσεται

2191 1743 2268 1813 τῇ
2307 1746 2543 1815 γυναικὶ
2588 1745 2773 1801 αὐτοῦ
2810 1741 2949 1817 (50)⁴
3006 1743 3106 1798 καὶ
3141 1745 3386 1799 ἔσονται
3431 1749 3484 1799 οἱ
3532 1744 3641 1800 δύο
3680 1750 3770 1813 εἰς

509 1837 681 1891 mines
728 1833 871 1889 ferre
925 1849 1188 1904 possum,
1242 1833 1337 1903 qui
1386 1832 1638 1887 consulto
1691 1839 1967 1901 nugantur
2025 1845 2084 1885 ac

2191 1835 2390 1905 σάρκα
2410 1839 2577 1907 μίαν.
2607 1838 2682 1891 Οὐ
2714 1838 2822 1910 γάρ
2850 1839 2914 1910 δὴ
2945 1837 3204 1909 ἀνέξομαι
3237 1836 3654 1909 φληναφούντων
3687 1855 3771 1891 τι-

509 1924 821 1998 Scripturas
872 1925 1347 1999 impudentissime
1394 1924 1743 1996 detorquent,
1768 1939 1877 1994 quo
1926 1938 2086 1979 suum

509 2021 614 2077 illis
637 2020 705 2075 de
747 2020 1150 2076 resurrectione
1193 2020 1312 2075 sine
1356 2034 1523 2075 carne
1555 2019 1751 2089 dogma
1779 2018 2040 2089 procedat
2069 2035 2083 2071 :

508 2114 600 2171 aui
644 2112 785 2179 ideo,
820 2120 874 2168 et
927 2127 1055 2167 ossa
1105 2112 1351 2182 quaedam
1385 2111 1763 2182 intelligibilia.
1794 2116 1851 2166 et
1892 2124 2087 2166 carnes

509 2202 756 2258 similiter
787 2201 1156 2272 intelligibiles
1206 2201 1502 2258 commenti
1534 2209 1683 2265 sunt,
1720 2214 1785 2254 ac
1812 2199 1929 2254 suis
1951 2198 2077 2254 alle-

508 2296 671 2365 goriis
706 2295 842 2350 alias
883 2294 1040 2349 aliter
1091 2309 1309 2351 sursum
1362 2295 1728 2363 deorsumque
1776 2308 1899 2349 sese
1955 2307 2089 2347 con-

509 2394 744 2445 vertunt.
786 2387 950 2458 Atqui
985 2387 1097 2442 haec
1137 2387 1363 2458 perinde
1409 2401 1474 2440 ac
1532 2385 1737 2456 scripta
1788 2393 1949 2450 sunt,
1993 2398 2089 2439 ac-

507 2479 756 2551 cipienda
806 2494 962 2546 esse,
1017 2478 1223 2536 Christi
1273 2478 1560 2535 conﬁrmat
1604 2476 1943 2543 auctoritas;
1991 2475 2086 2530 ubi

506 2573 969 2644 interrogantibus
1011 2571 1306 2628 Pharisaeis
1355 2570 1422 2625 de
1454 2569 1642 2624 uxoris
1686 2566 1943 2633 divortio,
1998 2583 2088 2623 re-

508 2666 792 2739 spondet:
851 2664 975 2723 Non
1032 2666 1251 2738 legistis,
1312 2665 1438 2735 quia
1494 2662 1586 2733 qui
1644 2661 1769 2731 fecit
1825 2661 2085 2715 hominem

507 2763 569 2816 ab
620 2762 793 2828 initio,
840 2761 1138 2815 masculum
1174 2768 1224 2812 et
1258 2757 1509 2827 feminam
1551 2753 1672 2824 fecit
1720 2768 1807 2807 eos
1831 2755 1859 2810 1
1898 2755 1969 2807 Et
2001 2753 2087 2805 di-

507 2855 583 2909 xit
612 2870 631 2908 :
671 2853 895 2923 Propter
941 2853 1037 2907 hoc
1086 2850 1342 2921 relinquet
1398 2847 1554 2902 homo
1603 2855 1810 2917 patrem
1865 2853 1917 2900 et
1971 2860 2087 2898 ma-

506 2955 637 3001 trem
658 2949 703 3010 ⁹,
735 2956 841 3002 etc.

573 3037 662 3094 lll.
697 3038 806 3094 Sed
836 3045 889 3092 et
925 3035 1059 3091 illud
1093 3035 1378 3107 perspicue
1429 3030 1726 3088 absurdum
1781 3038 1903 3095 est,
1936 3028 2086 3085 arbi-

510 3130 637 3184 tl‘ﬂl‘i
662 3144 863 3199 corpus
897 3128 953 3182 in
977 3136 1182 3182 aeterna
1216 3126 1306 3180 illa
1336 3125 1447 3180 vita
1491 3125 1713 3180 minime
1746 3137 1871 3178 cum
1900 3120 2082 3176 anima

512 3222 771 3289 I‘uturum,
802 3220 946 3292 quod
994 3220 1127 3274 illud
1166 3226 1426 3287 tanquam
1460 3216 1740 3272 vinculum
1773 3228 1838 3269 ac
1890 3213 2082 3284 pedica

512 3315 606 3383 sit;
641 3322 699 3368 ut
728 3329 815 3375 ne,
835 3313 992 3384 juxta
1025 3310 1172 3382 quod
1204 3310 1519 3380 opinantur,
1559 3306 1909 3377 sempiternis
1952 3304 2079 3360 vin-

510 3406 643 3463 culis
675 3405 1041 3477 corruptionis
1067 3402 1269 3458 addicti
1293 3402 1594 3465 videamur,
1617 3399 1711 3470 qui
1745 3398 1803 3453 in
1823 3398 1964 3454 lucis
1986 3397 2081 3454 illo

509 3514 669 3571 regno
697 3500 871 3556 simus
895 3495 1215 3551 habitaturi.
1238 3493 1374 3549 Cum
1404 3494 1550 3549 enim
1573 3490 1789 3547 abunde
1811 3490 2082 3546 dissoluta

510 3606 565 3646 ιε
592 3589 826 3646 refutata
878 3589 949 3646 sit
994 3588 1087 3641 illa
1115 3586 1407 3652 sententia,
1443 3599 1550 3657 qua
1578 3584 1775 3639 animae
1801 3582 2080 3637 vinculum

509 3698 726 3738 carnem
756 3697 877 3737 esse
904 3679 1262 3746 deﬁniebant;
1294 3679 1459 3733 etiam
1505 3676 1643 3732 illud
1683 3676 1922 3732 solutum
1960 3681 2077 3740 est,

510 3790 619 3831 lore
649 3783 709 3829 ut
741 3773 864 3829 ideo
897 3788 1027 3827 caro
1056 3787 1166 3827 non
1188 3779 1462 3842 resurgat,
1493 3786 1564 3826 ne
1596 3770 1643 3826 si
1697 3785 1819 3825 eam
1867 3784 2081 3824 resum-

511 3866 798 3938 pserimus,
827 3864 994 3920 vincti
1024 3870 1248 3934 propter
1272 3878 1393 3918 eam
1422 3863 1477 3916 in
1504 3875 1674 3932 regno
1704 3862 1797 3915 illo
1827 3860 1968 3915 lucis
1991 3859 2078 3913 fu-

511 3959 612 4014 .uri
642 3959 837 4013 simus.

570 4048 659 4105 Ν.
702 4050 871 4121 Igitur
901 4064 970 4103 ne
1000 4047 1308 4103 immortale
1354 4045 1629 4118 quoddam
1677 4060 1743 4100 ac
1791 4046 2082 4118 sempiter-

509 4157 631 4197 Jum
659 4142 863 4197 malum
901 4148 1045 4196 esset
1071 4140 1256 4206 homo,
1304 4145 1366 4194 ut
1403 4138 1517 4209 jam
1570 4137 1809 4193 diximus
1833 4179 1848 4204 ,
1880 4138 1937 4193 in
1970 4152 2082 4208 quo

510 4242 785 4303 peccatum
841 4232 1146 4305 potioribus
1193 4239 1453 4296 auctum,
1507 4229 1809 4285 dominium
1866 4229 2084 4285 obtine-

510 4337 584 4382 ret
616 4326 725 4399 (48)
747 4344 762 4395 ;
788 4327 936 4381 velut
956 4325 1103 4397 quod
1132 4324 1427 4380 immortali
1457 4323 1511 4378 in
1541 4338 1772 4394 corpore
1814 4323 2083 4394 pullulas-

510 4427 601 4483 set,
630 4426 685 4475 et
715 4419 1008 4473 immortali
1036 4416 1262 4489 perinde
1305 4416 1562 4471 alimento
1615 4416 1869 4488 glisceret
1899 4434 1912 4470 :
1945 4430 2078 4486 pro-

2190 1933 2318 1997 νῶν,
2343 1935 2435 1988 καὶ
2466 1931 2799 2005 βιαζομένων
2831 1930 3363 2005 άπηρυθριασμένως
3394 1931 3490 2003 τὴν
3520 1931 3766 2004 Γραφὴν,

2189 2026 2277 2079 ἵνα
2319 2028 2503 2090 αὐτοῖς
2539 2025 2661 2097 δίχα
2689 2025 2888 2097 σαρκὸς
2912 2022 3047 2079 εἶναι
3078 2027 3411 2099 προχωρήσῃ
3439 2023 3548 2095 (Si)
3576 2027 3608 2096 ἡ
3636 2025 3771 2079 ἀνά-

2190 2134 2400 2181 στασις,
2423 2116 2556 2169 ὀστᾶ
2575 2115 2765 2186 νοητά,
2788 2116 2881 2170 καὶ
2906 2116 3111 2186 σάρκας
3126 2116 3322 2187 νοητὰς
3341 2113 3765 2185 ὑποτιθεμένων,

2188 2208 2283 2261 καὶ
2337 2208 2528 2261 ἄλλοτε
2574 2207 2748 2271 ἄλλως
2795 2206 2906 2260 άνω
2952 2207 3046 2260 καὶ
3087 2206 3238 2259 κάτω
3276 2204 3767 2276 μεταϐαλλομένων

2189 2299 2559 2371 ἀλληγορίαις.
2593 2299 2703 2352 Καὶ
2723 2297 2892 2351 ταῦτα
2919 2295 3112 2360 οὕτως,
3135 2297 3211 2359 ὡς
3232 2296 3558 2366 γέγραπται,
3593 2312 3771 2368 παρα-

2185 2390 2579 2463 λαμϐάνεσθαι,
2605 2389 2963 2460 κρατύνοντος
3001 2386 3095 2442 τοῦ
3124 2386 3359 2459 Χριστοῦ
3397 2387 3495 2457 τὴν
3520 2386 3766 2459 Γραφὴν,

2187 2484 2315 2540 ἔνθα
2366 2482 2791 2554 πυνθανομένοις
2827 2483 2942 2545 τοῖς
2976 2480 3292 2552 Φαρισαίοις
3322 2479 3449 2550 περὶ
3481 2476 3767 2552 χωρισμοΰ

2186 2576 2444 2646 γυναικὸς
2476 2575 2862 2648 ἀποκρίνεται’
2905 2575 3027 2629 Οὐκ
3063 2571 3381 2643 ἀνέγνωτε,
3416 2570 3505 2624 ὅτι
3529 2571 3630 2625 ἀπ’
3656 2569 3765 2640 ἀρ-

2185 2666 2305 2737 χῆς
2326 2670 2359 2721 ό
2387 2666 2601 2732 κτίσας
2637 2665 2827 2735 ἄρσεν
2858 2665 2957 2719 καὶ
2987 2664 3144 2734 θῆλυ
3191 2663 3479 2731 ἐποίησεν
3506 2663 3767 2730 adrade;

2186 2759 2299 2814 Kal
2340 2759 2511 2813 εἷπεν
2531 2774 2547 2789 ο
2591 2759 2837 2813 Ἕνεκεν
2879 2758 3093 2812 τούτου
3142 2757 3493 2826 καταλείψει
3542 2754 3765 2825 ἄνθρω-

2188 2869 2302 2919 πος
2325 2850 2434 2908 τὸν
2456 2849 2702 2920 πατέρα,
2726 2850 2823 2906 καὶ
2848 2850 2917 2905 τὰ
2943 2848 3089 2922 ἑξῆς.

2258 3028 2334 3083 1'".
2377 3029 2611 3083 ΙἌτοπον
2639 3027 2751 3099 (52)
2781 3026 2838 3081 δὲ
2866 3027 3090 3082 κάκεῖνο
3118 3027 3432 3099 προφανῶς,
3463 3026 3524 3081 τδ
3555 3026 3766 3083 οἴεσθαι

2185 3118 2247 3175 τὺ
2269 3119 2429 3192 σῶμα
2454 3120 2512 3175 ὲν
2533 3122 2598 3191 τῇ
2623 3121 2702 3183 εἰς
2720 3118 2921 3183 αἰῶνας
2939 3118 3181 3189 διαγωγῇ
3206 3117 3282 3190 μὴ
3307 3116 3626 3173 συνέσεσθαι
3648 3115 3762 3188 (55)

2182 3217 2249 3286 τῇ
2295 3212 2462 3284 ψυχῇ,
2508 3211 2595 3266 διὰ
2620 3211 2683 3265 τὸ
2725 3209 2922 3282 δεσμὸν
2958 3210 3092 3263 αὐτὸ
3141 3210 3235 3264 καὶ
3273 3208 3439 3273 πέδας
3467 3203 3637 3263 εἶναι·
3673 3209 3763 3262 ἵνα

2186 3305 2261 3377 μὴ
2289 3303 2496 3358 αἰώνιοι
2521 3300 2810 3373 γενώμεθα
2844 3301 3163 3374 κατάκριτοι
3190 3301 3486 3373 δεσμῶται,
3521 3301 3641 3355 κατ’
3667 3302 3767 3354 αὐ-

2181 3397 2328 3462 τοὺς,
2362 3395 2568 3468 φθορᾶς
2594 3393 2709 3466 (54)
2736 3396 2793 3448 ὲν
2811 3397 2878 3467 τῇ
2910 3393 3155 3465 βασιλεία
3176 3393 3269 3447 τοῦ
3296 3394 3471 3464 φωτὸς
3490 3393 3761 3465 ἐσόμενοι.

2181 3488 2490 3561 Λελυμένου
2524 3487 2633 3560 γὰρ
2671 3485 2890 3550 ἱκανῶς,
2914 3486 3009 3539 καὶ
3031 3484 3437 3556 ἐξελεγχθέντος
3458 3486 3553 3540 τοῦ
3577 3486 3763 3556 λόγου,

2182 3583 2241 3635 ὲν
2278 3574 2323 3651 ᾧ
2360 3580 2558 3652 δεσμὸν
2586 3579 2685 3652 τῆς
2720 3576 2899 3649 ψυχῆς
2950 3575 3209 3648 ὡρίζοντο
3245 3572 3384 3630 εἶναι
3416 3576 3515 3649 τὴν
3560 3577 3765 3648 σάρκα,

2182 3674 2401 3728 λέλυται
2435 3672 2529 3727 καὶ
2555 3671 2637 3736 τὸ,
2673 3671 2759 3725 ἵνα
2790 3670 2865 3742 μὴ
2897 3670 3174 3742 δεσμῶται
3204 3671 3262 3723 ὲν
3292 3671 3357 3741 τῇ
3391 3667 3641 3740 βασιλείᾳ
3666 3667 3767 3721 τοῦ

2185 3765 2383 3837 φωτὸς,
2407 3765 2456 3818 εἱ
2479 3763 2840 3836 ἀπλάὸωμεν
2867 3763 2980 3836 (55)
3004 3761 3195 3834 αὐτὴν,
3216 3759 3473 3833 ἐσόμεθα,
3494 3760 3583 3814 διὰ
3608 3758 3767 3814 τοῦτο

2182 3860 2284 3914 οὐκ
2309 3856 2698 3929 ἀναστήσεται.

2252 4043 2325 4095 Δ’.
2352 4042 2471 4094 ’Ὶνα
2493 4039 2671 4094 τοίνυν
2689 4037 2802 4112 (56)
2834 4035 2909 4109 μὴ
3009 4032 3179 4089 κακὸν
3212 4030 3474 4087 ἀθάνατον
3493 4031 3524 4085 ό
3549 4028 3765 4103 ἄνθρω-

2180 4150 2284 4200 πος
2309 4173 2325 4199 ,
2390 4132 2425 4204 ἦ
2486 4131 2714 4196 ἀείζωον
2738 4171 2754 4195 ,
2804 4130 2944 4201 έχων
2993 4130 3052 4182 ὲν
3099 4124 3277 4196 ἑαυτῷ
3330 4124 3429 4197 τὴν
3487 4124 3765 4197 ἁμαρτίαν

2182 4222 2663 4297 κρατιστεύουσαν,
2696 4221 2796 4276 ἆτε
2839 4222 2896 4276 ὲν
2936 4217 3188 4289 ἀθανάτῳ
3234 4216 3613 4289 βλαστήσασαν
3651 4211 3763 4267 σώ-

2184 4334 2339 4390 ματι,
2378 4315 2475 4370 καὶ
2511 4315 2776 4370 ἀθάνατον
2811 4313 3038 4385 ἔχουσαν
3069 4313 3295 4383 τροφὴν,
3340 4313 3369 4364 ό
3409 4308 3543 4372 Θεὸς
3595 4308 3764 4362 αὐτὸν

2179 4412 2269 4466 διὰ
2305 4409 2464 4464 τοῦτο
2502 4407 2693 4481 θνητὸν
2736 4406 3054 4477 ἀπεφήνατο
3098 4403 3383 4475 νεκρότητι
3432 4397 3761 4472 περιϐαλών.

508 4519 683 4581 pterea
711 4510 997 4565 mortalem
1039 4510 1192 4563 illum
1226 4507 1366 4564 Deus
1388 4522 1511 4563 esse
1549 4508 1760 4571 voluit,
1814 4521 1879 4561 ac
1906 4512 2082 4561 morte

2187 4502 2356 4559 Τοῦτο
2387 4502 2498 4574 γὰρ
2529 4501 2579 4555 oi
2607 4500 2922 4573 δερμάτινοι
2964 4496 3190 4569 χιτῶνες
3225 4493 3537 4557 ὲὸούλοντο,
3576 4492 3664 4546 ἵνα
3694 4490 3763 4562 δὴ

510 4604 795 4659 lamnavit.
831 4601 947 4657 Hoc
968 4603 1112 4658 enim
1145 4608 1373 4658 scortea:
1423 4602 1528 4657 illae
1573 4603 1771 4656 tunica
1799 4599 2076 4671 signiﬁca-

508 4703 652 4761 oant,
689 4701 750 4749 ut
779 4693 1039 4750 nimirum
1086 4708 1315 4765 corpore
1342 4694 1609 4759 resoluto,
1640 4708 1803 4749 omne
1850 4707 1919 4748 ex
1965 4691 2076 4748 imo

572 4863 594 4894 "
624 4861 755 4918 Gen.
784 4876 869 4926 ιιι,
897 4859 988 4915 2i.
1063 4860 1087 4892 ⁸
1110 4857 1238 4914 Gen.
1276 4874 1336 4925 ιι,
1368 4857 1459 4921 2'5,
1481 4854 1572 4910 2‘.

454 5014 461 5021 κ
573 5019 683 5093 (48)
718 5017 1037 5093 Ροιὶονίὸιιε⁸
1064 5025 1301 5093 auctum,
1342 5013 1634 5093 dominium
1667 5005 2074 5093 obtineretanie

506 5076 680 5148 visum
705 5098 791 5147 est
808 5087 1174 5162 circumIOqui
1194 5076 1779 5162 τδ,’κρατιστεύουσαν·
1805 5076 2077 5162 signiﬁcat

505 5163 650 5219 enim
681 5176 877 5216 novam
914 5160 1060 5214 illam
1099 5150 1476 5215 excellentiam
1504 5153 1713 5219 peccati
1744 5150 1800 5204 in
1835 5150 2076 5215 homine,

506 5249 570 5291 ex
602 5231 833 5303 subjecti
874 5229 1311 5303 immortalitate,
1357 5225 1466 5280 nisi
1494 5223 1638 5278 Deus
1673 5223 1851 5292 ipsum
1886 5234 1917 5273 a
1946 5232 2077 5290 pec-

506 5312 649 5370 cato,
678 5301 853 5356 morte
880 5301 1212 5355 damnasset.

575 5361 711 5446 (49L
728 5375 953 5446 Προηέτ.
993 5371 1187 5442 Epiph.
1218 5369 1348 5425 hair.
1375 5381 1434 5421 ιι.
1479 5364 1584 5430 25,
1619 5361 1836 5419 emend.
1869 5376 1935 5417 ex
1976 5374 2075 5415 aus

505 5440 647 5515 togr.
668 5440 746 5499 Β.
780 5443 841 5515 ξ).
879 5440 1043 5496 Sirm.

576 5503 687 5594 (59)
729 5512 806 5582 Τῇ
844 5511 1083 5583 γυναικὶ
1126 5510 1332 5566 αὑτοῦ.
1375 5510 1486 5575 AL,
1521 5507 1657 5579 πρὸς
1704 5503 1803 5576 τῆν
1844 5503 2077 5573 γυναῖκα
2130 5566 2135 5573 ⁴

506 5603 691 5725 “(gl
710 5656 854 5723 Δίκα
875 5654 1100 5722 σαρκὸς
1121 5650 1272 5725 εἶναι
1290 5648 1671 5725 προχωρήσῃ.
1690 5643 1836 5701 Edit.
1854 5642 2075 5716 Epiph.,

507 5721 681 5787 male,
700 5721 991 5795 δὴσαρκὸς
1022 5725 1093 5795 μὴ
1117 5721 1253 5777 εἶναι
1282 5721 1646 5795 προχώρησις³

582 5785 693 5869 (52)
736 5785 931 5854 "ltro-art.
973 5785 1056 5849 Εἰ
1083 5785 1286 5865 Ἐρὶρῐι.
1323 5785 1482 5858 ibid,-
1526 5785 1581 5845 ιι.
1616 5789 1705 5856 4“,
1750 5785 1965 5843 emend.
2011 5799 2077 5839 ex

2184 4597 2274 4651 διὰ
2302 4597 2403 4668 τῆς
2432 4593 2741 4658 ἀναλύσεως
2764 4592 2877 4664 (57)
2906 4590 3000 4645 τοῦ
3036 4589 3290 4662 σώματος
3322 4589 3356 4659 ἡ
3386 4586 3632 4659 ἁμαρτία
3657 4583 3763 4639 κά-

2182 4688 2357 4744 τωθεν
2400 4686 2779 4760 αὑτόπρεμνος
2820 4684 2969 4738 πᾶσα
3013 4680 3322 4752 διαφθαρῇ,
3356 4677 3431 4743 ὡς
3476 4677 3612 4749 μηδὲ
3658 4675 3766 4731 κᾶν

1653 4855 1674 4887 ’
1699 4851 1897 4907 Matth.
1932 4866 2048 4916 nx,
2071 4849 2127 4918 ι,
2162 4848 2216 4904 5.

2182 5002 2343 5060 codd.
2377 4999 2565 5073 Rupit.
2603 5005 2658 5055 et
2689 4997 2857 5073 Sirm.

2256 5057 2799 5145 (53)}33réa'sq0at.
2849 5065 2940 5123 Sic
2972 5066 3132 5145 edit._
3153 5062 3221 5120 At
3261 5060 3448 5133 Rupit.
3483 5066 3539 5117 et
3570 5057 3761 5125 Sirm.,

2188 5136 2556 5202 συνενοῦσθαι.
2589 5142 2781 5195 anima:
2810 5155 2915 5194 non
2939 5136 3245 5192 uniendum.

2259 5215 2370 5285 (54)
2402 5199 2805 5285 Κατ”αὺζοὺςκ
2841 5208 3084 5285 φθορᾶς.
3122 5209 3286 5285 lmpr.
3315 5203 3456 5256 κατὰ
3474 5201 3604 5267 τοὺς
3633 5199 3764 5273 900-

2190 5277 2338 5358 ρέας,
2351 5277 2526 5358 λέοιϊιι
2534 5292 2638 5355 pte.
2649 5277 2791 5358 sirm
2802 5323 2814 5335 .
2825 5277 2854 5347 ,“
2868 5281 2965 5358 καὶ
2996 5277 3203 5358 ταυτα-ί.

2254 5341 2366 5430 (έῖἶ)
2395 5358 2466 5410 El
2497 5341 2907 5421 ἀὲτολάϐωμεν.
2931 5351 3096 5420 lmpr.
3124 5356 3179 5402 et
3209 5344 3398 5411 Sirm.,
3429 5343 3497 5415 ἢν
3524 5341 3765 5411 ἀπολαμσ

2181 5427 2430 5498 δάνομεν.

2258 5478 2533 5571 V"I_ra
2561 5495 2711 5571 retr.
2748 5493 2827 5547 Ex
2860 5490 3054 5561 Epiph.
3090 5489 3126 5541 1.
3165 5504 3217 5543 c.
3248 5502 3399 5571 num.
3425 5484 3517 5551 ει,
3543 5478 3756 5539 emend.

2185 5564 2405 5627 ex'co'd.
2439 5565 2649 5636 Rupili,
2684 5566 2740 5617 in
2763 5577 2873 5632 quo
2897 5571 2951 5617 et
2979 5575 3101 5636 quae
3128 5564 3453 5636 sequuntur:
3698 5618 3724 5631 _

2258 5639 2367 5711 (57)
2401 5626 2903 5711 Τῆς’ᾀναλύο⁵εως
2948 5626 3054 5686 τοῦ
3095 5626 3387 5699 σώματος.
3434 5626 3622 5695 lmpr.,
3663 5626 3761 5690 τῆς

2184 5711 2246 5769 λὺ
2256 5706 2389 5773 πως
2420 5709 2514 5763 καὶ
2544 5706 2873 5777 διαιρέσεως.
