4150 6410
403 373 506 430 2F9

1475 369 1566 424 EX
1608 368 1815 426 LIBRO
1854 368 1940 424 DE
1983 363 2590 423 RESURRECTIONE.
2622 362 2632 370 ’

3566 365 3672 420 270

403 495 736 571 βραχύτατον
764 495 921 567 ῥίζης
945 495 1171 566 ὲαθῆναι
1200 495 1386 566 μέρος,
1414 494 1508 564 ἀφ’
1531 487 1592 547 οὗ
1614 493 1734 549 νέαι
1759 492 1983 563 βλάσται

2089 497 2373 562 peccatum
2409 488 2661 558 stirpitus
2693 492 3016 541 enecaretur
3040 525 3055 547 ,
3110 499 3174 537 ac
3221 499 3288 538 ne
3338 483 3674 539 tenuissima

403 590 563 646 πὰλιν
591 589 1006 663 ἁμαρτημάτων
1039 587 1468 652 ἁναϐλύζωνται.

471 768 543 820 Ε’.
583 766 852 836 Καθάπερ
880 765 1014 836 (57')
1043 763 1150 836 γὰρ
1183 765 1241 817 ὲν
1274 764 1670 834 οἰκοδομήμασι
1703 763 1847 816 ναῶν
1884 780 1982 816 κα-

400 860 513 922 λοῖς
547 857 660 929 (58)
695 859 833 928 συκῆ
865 856 1206 927 γεννηθεῖσα,
1239 856 1332 910 καὶ
1363 858 1441 918 είς
1477 855 1732 909 ἔκστασιν
1760 856 1854 908 καὶ
1888 856 1984 926 μέ-

397 951 554 1020 γεθος
601 951 1012 1022 εὐτραφήσασα,
1053 950 1147 1002 καὶ
1196 950 1289 1001 ἐπὶ
1339 948 1520 1012 πάσας
1577 947 1675 1011 τὰς
1720 948 1983 1019 ἁρμονίας

399 1042 836 1113 πολυκλημὰτοις
860 1041 1040 1111 ῥίζαις
1061 1041 1168 1094 τῶν
1189 1041 1350 1094 λίθων
1372 1040 1667 1113 κεχυμένη,
1699 1041 1758 1094 οὐ
1786 1042 1982 1113 πρότε-

401 1151 492 1205 ρον
515 1133 606 1185 τοῦ
631 1132 784 1201 φύειν
809 1132 1106 1198 στέλλεται,
1130 1133 1234 1196 ἕως
1254 1135 1404 1186 πᾶσα
1425 1131 1774 1203 ἀποσπασθῇ,
1800 1132 1985 1185 λυθέν-

395 1240 502 1276 των
530 1223 638 1276 τῶν
671 1223 792 1276 καθ’
837 1222 930 1287 οὒς
962 1223 1262 1294 ὲϐλὰστησε
1295 1224 1492 1287 τόπους
1521 1223 1629 1278 τῶν
1661 1224 1853 1278 λίθων-
1894 1225 1984 1277 δυ-

396 1316 553 1370 νατὸν
583 1315 693 1385 γὰρ
713 1319 793 1378 εἰς
822 1317 946 1380 τοὺς
970 1316 1179 1370 ἑαυτῶν
1208 1317 1609 1389 ὲναρμοσθῆναι
1632 1319 1831 1382 τόπους
1858 1319 1984 1381 τοὺς

396 1406 594 1472 λίθους,
623 1409 721 1477 τῆς
753 1407 925 1478 συκῆς
955 1407 1336 1480 ἀφῃρημένης,
1363 1409 1511 1471 ὅπως
1534 1411 1562 1461 ό
1593 1409 1690 1479 μὲν
1719 1410 1845 1472 ναὸς
1879 1409 1983 1462 σώ-

397 1503 576 1572 ζηται,
600 1500 766 1572 μηδὲν
791 1501 897 1553 τῶν
925 1500 1297 1569 ἀφανιζόντων
1329 1501 1489 1554 αὐτὸν
1518 1501 1703 1555 κακῶν
1726 1503 1782 1555 ἐν
1808 1501 1985 1572 ἑαυτῷ

399 1595 596 1666 μηκέτι
627 1594 805 1663 φέρων
827 1632 841 1656 ,
863 1595 896 1664 ἡ
931 1592 986 1645 δὲ
1012 1594 1153 1663 συκῆ
1183 1593 1547 1664 προθέλυμνος
1572 1594 1983 1648 ἀποσπασθεῖσα

396 1687 646 1759 ἀποθάνῃ
661 1705 680 1737 ·.
711 1687 850 1740 κατὰ
883 1685 1056 1740 ταῦτα
1082 1687 1178 1740 καὶ¹
1203 1689 1231 1740 ό
1254 1686 1387 1748 Θεὸς
1407 1689 1436 1739 ὁ
1463 1687 1711 1757 τεχνίτης
1738 1687 1830 1739 τὸν
1859 1688 1983 1739 ἑαυ-

394 1779 488 1832 τοῦ
525 1778 651 1841 νεὼ,
698 1778 788 1832 τὸν
839 1777 1148 1848 ἄνθρωπον,
1193 1778 1349 1849 δίκην
1399 1780 1598 1850 ἀγρίας
1647 1778 1837 1848 συκῆς,
1883 1777 1982 1847 τὴν

395 1867 671 1940 ἁμαρτίαν
703 1867 1098 1937 βλαστήσαντα,
1129 1865 1422 1919 διεκώλυσε
1451 1867 1682 1920 θανάτου
1717 1867 1982 1937 προσκαί-
2013 1861 2054 1914 Β

398 1977 511 2032 ροις
543 1959 871 2031 προσϐολαῖς
891 1975 905 1989 ⁸
931 1957 1293 2024 ἀποκτείνων,
1319 1959 1458 2012 κατά
1484 1960 1545 2012 τὸ
1573 1959 1977 2032 γεγραμμένον,

395 2055 492 2106 καὶ
519 2052 829 2118 ζωοποιῶν⁹
862 2053 949 2106 ἵνα
978 2052 1138 2106 πάλιν
1175 2051 1286 2104 τῶν
1316 2052 1496 2105 αὐτῶν
1535 2054 1568 2123 ή
1605 2049 1740 2124 σὰρξ
1777 2052 1978 2125 μερῶν,

399 2145 536 2218 μετά
564 2146 626 2198 τὸ
652 2145 984 2218 ξηρανθῆναι
1015 2144 1107 2198 καὶ
1134 2144 1427 2198 ἀποθανεῖν
1456 2145 1516 2198 τὸ
1547 2145 1871 2217 ἁμάρτημα,
1902 2144 1983 2198 δί-

397 2252 501 2306 κην
528 2235 1107 2306 ἀνακαινοποιηθέντος
1137 2235 1289 2301 ναοῦ,
1322 2234 1592 2298 ἀθάνατος
1619 2235 1715 2288 καὶ
1745 2234 1982 2306 ἀπήμων

395 2329 616 2401 ἐγερθῇ,
666 2327 862 2392 τελέως
909 2329 974 2381 ὲκ
1008 2328 1226 2400 βάθρων
1273 2327 1616 2398 ἀπολομένης
1657 2328 1754 2398 τῆς
1797 2328 1981 2398 ἁμαρ-

392 2421 533 2485 τίας.
570 2420 783 2484 Ζῶντος
816 2420 924 2493 γὰρ
963 2419 1044 2473 ἔτι
1083 2419 1178 2473 τοῦ
1213 2419 1483 2492 σώματος,
1520 2418 1627 2492 πρὸ
1664 2418 1759 2472 τοῦ
1790 2419 1982 2490 τεθνή-

395 2515 610 2582 ξασθαι,
649 2513 815 2586 συζῇν
847 2515 1061 2587 ἀνάγκη
1095 2513 1191 2568 καὶ
1223 2513 1320 2585 τὴν
1363 2511 1661 2585 ἁμαρτίαν,
1690 2511 1837 2565 ἔνδον
1883 2511 1981 2576 τὰς

395 2607 552 2678 ῥίζας
577 2607 748 2677 αὐτῆς
781 2608 839 2660 ὲν
873 2607 1005 2677 ἡμῖν
1049 2603 1542 2677 ἀποκρύπτουσαν,
1582 2604 1631 2655 εἰ
1665 2603 1758 2654 καὶ⁹
1783 2601 1980 2667 ἔξωθεν

389 2701 588 2771 τομαῖς
607 2701 727 2763 ταῖς
753 2699 862 2753 ἀπὸ
883 2697 992 2752 τῶν
1015 2695 1410 2769 σωφρονισμῶν
1442 2695 1576 2767 (59),
1606 2693 1700 2747 uati.
1723 2692 1830 2746 τῶν
1861 2709 1982 2747 νου-

393 2791 664 2863 θετήσεων
692 2790 1059 2845 ἁνεστέλλετο.
1109 2789 1261 2843 Ἐπεὶ
1293 2784 1386 2842 οῦν
1408 2788 1508 2841 οὐκ
1529 2786 1595 2841 ἂν
1622 2785 1761 2858 μετά
1781 2785 1842 2838 τὸ
1874 2803 1982 2854 φω-

389 2883 641 2954 τισθῆναι
690 2882 1003 2936 συνέϐαινεν
1042 2882 1270 2946 ἀδικεῖν,
1314 2880 1410 2934 ἁτε
1448 2881 1794 2934 παντάπασιν
1845 2879 1979 2932 εἰλι-

391 2974 594 3050 κρινῶς
614 2974 976 3049 ἀφῃρημένης
1005 2973 1100 3044 ἀφ’
1133 2973 1291 3045 ἡμῶν
1323 2972 1425 3044 τῆς
1455 2972 1748 3044 ἁμαρτίας.
1781 2971 1897 3026 Νῦν
1922 2971 1980 3025 δὲ

386 3071 486 3126 καὶ
524 3068 662 3141 μετὰ
690 3068 751 3124 τὸ
788 3067 1107 3134 πιστεῦσαι,
1144 3067 1240 3120 καὶ
1269 3067 1362 3120 ἐπὶ
1393 3066 1454 3120 τὸ
1494 3066 1639 3139 ὕδωρ
1679 3066 1853 3120 ἐλθεῖν
1885 3064 1980 3119 τοῦ

392 3160 686 3233 ἁγιασμοῦ,
722 3147 982 3224 πολλάκις
1003 3162 1061 3214 ὲν
1086 3159 1383 3231 ἁμαρτίαις
1407 3159 1562 3267 ὄντες
1583 3158 1976 3231 εὑρισκόμεθα.
2005 3211 2048 3267 C

391 3253 580 3315 Οὐδεὶς
616 3253 725 3325 γάρ
753 3253 925 3316 οὕτως
951 3253 1229 3324 ἁμαρτίας
1263 3251 1420 3314 ἐκτὸς
1447 3247 1588 3305 εἶναι
1619 3252 1974 3323 καυχήσεται,

392 3343 468 3407 ὡς
495 3343 629 3415 μηδὲ
649 3343 753 3398 κᾶν
771 3343 1141 3414 ἐνθυμηθῆναι
1159 3342 1220 3394 τὸ
1236 3342 1451 3396 σύνολον
1467 3341 1602 3407 ὅλως
1623 3341 1719 3412 τὴν
1739 3342 1974 3396 ἀδικίαν.

394 3434 557 3485 Ὠστε
593 3433 910 3504 συμϐέϐηκε
941 3433 1051 3505 (60)
1089 3432 1474 3486 συστέλλεσθαι
1505 3434 1624 3500 μὲν,
1666 3434 1761 3486 κα)⁵
1784 3450 1979 3486 κατευ-

391 3523 650 3589 νάζεσθαι
676 3527 742 3596 τῇ
774 3524 955 3578 πίστει
979 3523 1074 3579 νῦν
1103 3526 1202 3596 τὴν
1229 3525 1526 3596 ἁμαρτίαν,
1561 3527 1641 3589 είς
1673 3525 1735 3578 τὸ
1771 3526 1844 3596 μὴ
1877 3524 1978 3595 φύ-

395 3631 484 3670 σαι
519 3615 630 3687 (61)
665 3617 914 3688 καρποὺς
956 3614 1330 3686 βλαϐοποιοὺς,
1366 3616 1426 3669 οὺ
1475 3616 1580 3687 μὴν
1627 3615 1980 3686 ἀνασπασθῆ-

392 3727 482 3764 ναι
532 3710 626 3763 καὶ
668 3708 778 3762 τῶν
815 3707 986 3780 ῥιζῶν
1045 3708 1225 3780 ἄχρις.
1269 3707 1384 3762 Νῦν
1433 3709 1531 3779 μὲν
1592 3707 1826 3762 ἐνταῦθα
1879 3711 1980 3773 τὰς

394 3803 629 3874 βλάστας
666 3801 858 3869 αὐτῆς,
905 3796 1016 3854 οἷον
1059 3801 1160 3864 τὰς
1205 3800 1534 3872 ἐνθυμήσεις
1588 3801 1687 3865 τὰς
1711 3803 1974 3874 πονηρὰς,

395 3893 776 3964 συστέλλομεν,
821 3893 893 3963 μή
937 3910 1024 3956 τις
1059 3893 1185 3963 ῥίζα
1214 3893 1439 3965 πικρίας
1473 3893 1586 3947 ἄνω
1645 3893 1851 3964 φύουσα
1891 3898 1976 3949 ὲν-

389 3985 620 4058 οχλήσῃ,
668 3987 741 4056 μὴ
773 3985 972 4045 ἐῶντες
997 3984 1284 4056 ἁναμύειν,
1307 3986 1400 4038 καὶ
1433 3985 1763 4055 διοίγνυσθαι
1789 3987 1858 4040 τὰ
1883 4005 2002 4060 μετ

397 4078 608 4148 μυκότα
633 4078 832 4148 στόμια
863 4076 1000 4148 πρὸς
1041 4077 1139 4141 τάς
1171 4079 1462 4148 ἐκφύσειςο
1507 4078 1604 4132 τοῦ
1632 4081 1789 4150 λόγου
1823 4081 1991 4151 δίκην

391 4170 583 4240 ἀξίνης
630 4169 766 4236 πρὸς
809 4169 908 4233 τὰς
956 4168 1112 4239 ῥίζας
1153 4169 1325 4239 αὐτῆς
1368 4170 1467 4233 τὰς
1503 4172 1653 4225 κάτω
1702 4173 1979 4244 φυομένας

2084 582 2308 652 quidem
2338 581 2487 634 ﬁbra;
2526 586 2894 641 remanerent,
2927 576 3073 631 unde
3103 591 3246 631 nova
3285 575 3519 630 subinde
3547 591 3672 646 ger-

2083 675 2233 729 mina
2269 681 2619 743 peccatorum
2663 681 3032 739 erumperent.

2157 765 2224 821 ν.
2275 765 2342 819 Ut
2373 765 2518 820 enim
2553 763 2860 835 magniﬁcis
2893 763 3221 833 templorum
3264 765 3556 820 structuris
3583 780 3674 820 ca-

2085 855 2311 925 prilicus
2343 870 2618 918 crescens,
2658 865 2823 923 atque
2851 854 2904 906 in
2940 853 3232 907 maximam
3254 855 3672 924 amplitudinem

2087 948 2428 1014 adolescens,
2466 955 2519 1002 et
2548 946 2944 1016 multiplicibus
2995 946 3241 1000 radicum
3296 947 3538 1003 brachiis
3576 965 3672 1018 per

2086 1057 2278 1097 omnes
2303 1041 2544 1111 lapidum
2576 1039 2773 1095 diﬁusa
2800 1054 3112 1109 compages,
3145 1055 3254 1094 non
3285 1041 3441 1110 prius
3486 1057 3674 1097 excrc-

2087 1148 2242 1189 scere
2277 1149 2340 1189 ac
2395 1134 2661 1204 pullulare
2721 1133 2940 1196 desinit,
2975 1148 3140 1202 quam
3191 1132 3438 1202 disjectis
3497 1150 3562 1189 ex
3611 1152 3676 1190 eo

2087 1227 2232 1282 unde
2263 1239 2423 1282 enata
2463 1240 2547 1285 est
2605 1228 2724 1282 loco
2770 1227 3070 1297 lapidibus,
3097 1235 3210 1281 tota
3239 1227 3458 1298 penitus
3488 1229 3676 1283 evulsa

2087 1321 2344 1375 concidat
2376 1340 2388 1374 :
2428 1330 2544 1375 tum
2577 1321 2744 1387 enim,
2779 1322 2993 1376 sublata
3011 1321 3291 1390 capriﬁce,
3319 1321 3530 1391 lapides
3559 1322 3676 1376 suis

2088 1411 2224 1466 locis
2252 1419 2485 1482 possunt
2509 1413 2746 1475 restitui,
2786 1419 2845 1464 ut
2880 1419 2933 1467 et
2958 1413 3217 1482 templum
3244 1413 3422 1482 ipsum
3457 1413 3674 1468 incolu-

2087 1520 2173 1559 me
2202 1512 2471 1572 servetur,
2521 1520 2644 1558 cum
2679 1505 2889 1558 nullum
2945 1505 3178 1574 amplius
3235 1521 3301 1560 ex
3350 1506 3418 1561 iis
3477 1507 3677 1576 quibus

2086 1598 2455 1663 evertebatur,
2487 1597 2852 1651 incommodis
2877 1598 3105 1664 habeat;
3136 1598 3426 1667 capriﬁcus
3447 1617 3576 1656 vero
3607 1602 3678 1656 ab

2088 1692 2214 1747 imis
2253 1692 2538 1747 radicibus
2567 1693 2756 1748 evulsa
2789 1693 3100 1746 moriatur:
3134 1693 3201 1746 ad
3235 1693 3486 1748 eumdem
3516 1695 3678 1765 plane

2086 1784 2310 1838 modum
2341 1783 2532 1839 artifex
2565 1783 2658 1840 ille
2685 1783 2852 1847 Deus,
2880 1785 3143 1855 templum
3167 1800 3349 1850 suum,
3376 1787 3673 1852 hominem,

2085 1876 2177 1944 qui
2207 1883 2515 1946 peccatum,
2544 1873 2788 1945 capriﬁci
2847 1875 3133 1945 cujusdam
3180 1877 3374 1939 instar,
3402 1877 3681 1946 produxe-

2084 1978 2190 2034 rat,
2239 1970 2431 2023 mortis
2492 1968 2560 2022 ad
2613 1977 2828 2038 tempus
2884 1969 3281 2038 impressione,
3323 1969 3678 2026 fruticatione

2084 2060 2320 2115 inhibuit
2368 2060 2477 2131 (63)
2506 2080 2520 2112 :
2556 2065 2650 2130 qui
2671 2060 2827 2130 juxta
2855 2061 3001 2131 quod
3026 2062 3288 2131 scriptum
3322 2069 3407 2118 est
3429 2064 3494 2128 ¹⁰,
3527 2066 3677 2118 occi-

2084 2151 2178 2205 dat
2211 2158 2265 2206 et
2290 2151 2476 2206 vivere
2499 2150 2663 2205 faciat
2687 2171 2699 2206 :
2728 2160 2788 2205 ut
2823 2152 3017 2206 iisdem
3052 2151 3299 2222 partibus
3317 2167 3468 2217 caro,
3495 2154 3678 2209 exsic-

2083 2247 2208 2295 cato
2255 2240 2730 2310 intermortuoque
2755 2249 3001 2310 peccato,
3037 2240 3184 2294 velut
3213 2243 3469 2311 templum
3500 2242 3678 2313 quod—

2083 2332 2208 2386 dam
2237 2333 2624 2396 instauratum,
2661 2333 2988 2389 immortalis
3022 2333 3336 2405 illaasaque,
3393 2336 3612 2390 sublato
3643 2352 3675 2390 a

2083 2422 2455 2480 fundamentis
2520 2424 2918 2496 proﬁigatoque
2995 2433 3262 2496 peccato,
3341 2437 3677 2498 resurgeret.

2082 2517 2297 2574 Etenim
2325 2517 2570 2588 quandiu
2600 2533 2803 2588 corpus
2845 2517 2999 2583 vivit,
3035 2533 3138 2573 nec
3184 2517 3363 2574 adhuc
3394 2533 3674 2576 mortuum

2082 2619 2197 2677 est,
2230 2625 2356 2665 cum
2385 2625 2451 2665 eo
2475 2611 2658 2666 vivere
2687 2618 2975 2679 peccatum
3029 2626 3254 2667 necesse
3312 2618 3431 2676 est,
3484 2623 3540 2668 et
3575 2629 3675 2667 oc-

2084 2701 2261 2755 cultas
2296 2702 2350 2755 in
2383 2701 2545 2756 nobis
2579 2700 2795 2757 radices
2828 2717 3024 2772 agere,
3059 2702 3414 2772 quantumvis
3441 2703 3669 2772 quibus-

2082 2791 2209 2846 dam
2237 2793 2388 2847 velut
2416 2792 2836 2862 castigationum
2885 2793 3484 2864 reprehensionumque
3512 2804 3674 2864 puta-

2080 2881 2323 2937 tionibus
2359 2889 2701 2936 coerceatur.
2759 2881 3015 2952 Alioquin
3041 2891 3163 2952 post
3189 2883 3518 2952 baptismum
3549 2885 3675 2938 uul-

2083 2975 2195 3029 lum
2227 2975 2340 3044 jam
2370 2974 2553 3030 scelus
2598 2981 3014 3045 perpetramus,
3065 2983 3421 3048 posteaquam
3481 2992 3677 3046 pecca-

2081 3073 2198 3122 tum
2225 3079 2261 3119 a
2287 3065 2450 3121 nobis
2490 3065 2742 3122 funditus
2785 3073 2930 3122 esset
2962 3067 3259 3122 sublatum.
3309 3067 3472 3138 Atqui
3506 3069 3674 3123 etiam

2080 3167 2205 3230 post
2225 3166 2536 3229 susceptam
2568 3158 2750 3223 ﬁdem,
2775 3174 2840 3213 ac
2879 3166 3166 3230 postquam
3201 3160 3267 3215 ad
3301 3175 3498 3230 aquam
3525 3161 3674 3215 illam

2083 3250 2520 3323 sanctiﬁcantem
2552 3252 2923 3318 accessimus,
2979 3255 3121 3322 saepe
3171 3254 3414 3323 peccatis
3449 3253 3672 3308 obnoxii

2083 3321 2417 3400 invenimur:
2453 3343 2643 3414 Neque
2675 3344 2821 3399 enim
2849 3344 2984 3399 adeo
3010 3360 3070 3400 se
3104 3345 3402 3400 immunem
3426 3345 3494 3399 ab
3521 3344 3672 3398 omni

2083 3441 2312 3506 peccato
2344 3435 2568 3505 gloriari
2595 3434 2868 3504 quispiam
2907 3441 3108 3502 potest,
3146 3444 3205 3488 ut
3231 3450 3301 3489 ne
3339 3436 3673 3504 cogitatione

2084 3525 2305 3597 quidem
2361 3526 2542 3582 scelus
2593 3526 2762 3579 ullum
2799 3525 3067 3579 admittat.
3101 3525 3282 3592 Quare
3339 3527 3572 3592 accidit,
3612 3535 3673 3582 ut

2086 3618 2250 3672 modo
2275 3618 2496 3688 quidem
2545 3626 2830 3686 peccatum
2885 3617 2991 3672 ﬁde
3029 3619 3358 3689 reprimatur
3389 3626 3443 3673 et
3471 3634 3674 3673 conso-

2085 3710 2288 3781 piatur,
2321 3718 2380 3763 ut
2405 3725 2474 3764 ne
2497 3710 2839 3780 perniciosos
2882 3709 3095 3764 fructus
3139 3711 3392 3777 emittat;
3434 3726 3544 3764 non
3589 3719 3672 3766 ta-

2085 3818 2209 3857 men
2227 3810 2286 3855 ut
2307 3804 2532 3858 omnino
2565 3818 2630 3857 ac
2659 3803 2926 3859 radicitus
2950 3805 3354 3874 exstinguatur.
3371 3803 3665 3870 Quocirca,

2084 3909 2231 3948 nunc
2259 3895 2476 3965 quidem
2512 3895 2658 3951 illius
2692 3896 2956 3966 germina,
2991 3911 3188 3966 pravas
3235 3897 3494 3950 nimirum
3525 3897 3674 3966 cogi-

2081 3987 2337 4051 taliones,
2371 3986 2716 4055 inhibemus;
2749 4005 2811 4041 ne
2831 4005 2934 4060 qua
2963 3986 3124 4040 radix
3149 3987 3528 4041 amaritudinis
3555 4004 3673 4041 sur-

2081 4094 2199 4132 sum
2230 4079 2530 4148 germinans
2559 4079 2623 4144 “,
2655 4079 2962 4135 molestiam
3012 4079 3172 4134 nobis
3213 4079 3403 4134 aﬁ‘erat
3430 4095 3443 4129 :
3475 4093 3539 4132 ac
3568 4094 3672 4134 nec

2081 4180 2299 4242 apertas
2333 4172 2398 4226 ad
2439 4172 2818 4243 pullulandum
2869 4173 2984 4228 vias
3030 4188 3095 4226 ac
3131 4173 3465 4242 spiramenta
3502 4170 3661 4226 dehi-

393 4261 704 4332 τέμνοντος.
741 4262 874 4315 Τότε
917 4261 1014 4316 καὶ
1057 4262 1118 4316 τὸ
1159 4263 1296 4327 ὅλως
1341 4262 1816 4334 ὲνθυμηθήσεσθαι
1849 4265 1979 4336 περὶ

2084 4277 2238 4320 scere
2264 4280 2328 4319 ac
2353 4265 2600 4334 pateﬁeri
2651 4265 2884 4320 sinimus
2905 4304 2920 4329 ,
2958 4265 3148 4320 divino
3179 4264 3360 4319 Verbo
3384 4303 3402 4330 ,
3458 4266 3670 4320 securis

393 4353 593 4418 κακίας
621 4355 1070 4426 ἀφανισθήσεται.

2083 4357 2280 4419 instar,
2314 4354 2638 4412 ﬁ'utieantes
2683 4355 2979 4411 identidem
3033 4357 3102 4411 ab
3131 4355 3315 4411 radice
3344 4356 3545 4425 stirpes
3569 4371 3668 4411 ex~

394 4447 630 4503 cidenle.
662 4448 732 4500 At
773 4447 827 4501 in
860 4445 1046 4502 futuro
1073 4446 1167 4500 illo
1195 4453 1367 4512 statu,
1399 4447 1530 4500 mali
1554 4447 1734 4503 omnis
1760 4447 1848 4502 vel
1875 4446 2060 4501 futura
2091 4447 2359 4517 cogitatio
2397 4448 2643 4502 tolletur.

466 4539 557 4605 ς’.
597 4537 734 4610 Φέρε
766 4537 876 4610 (62)
911 4537 1039 4609 γὰρ,
1077 4538 1298 4591 ἐπειδὰν
1333 4538 1542 4592 πολλῶν
1574 4539 1655 4592 δεῖ
1683 4538 1792 4593 τῶν
1844 4539 1976 4610 περὶ

2150 4539 2241 4594 Vl.
2281 4540 2396 4610 Age
2423 4541 2594 4606 enim,
2621 4540 2880 4612 quoniam
2900 4539 3090 4596 multis
3113 4555 3297 4595 rerum
3327 4539 3668 4609 ejuscemodi

394 4631 465 4685 τὰ
505 4631 728 4684 τοιαῦτα
768 4630 1247 4703 παραδειγμάτων,
1275 4629 1528 4686 ἐντεῦθεν
1560 4631 1701 4685 αὐτὰ
1743 4630 1976 4703 μάλιστα

398 4722 787 4794 σκεπτὼμεθα,
832 4722 907 4794 μὴ
957 4723 1316 4794 ἀφιστάμενοι
1359 4725 1487 4794 πρὶν
1522 4723 1588 4776 ἂν
1635 4726 1716 4786 εἰς
1762 4722 1979 4795 εὐδηλο-

394 4814 564 4886 τέραν
605 4814 900 4886 ἑρμηνείαν
956 4814 1374 4886 ἀποτελευτήσει
1402 4815 1494 4868 καί
1524 4813 1797 4880 ἀπόδειξιν
1829 4817 1857 4868 ό
1889 4815 1977 4868 λό-

393 4921 509 4976 γος.
536 4907 787 4961 Φαίνεται
816 4907 995 4961 τοίνυν
1019 4906 1206 4979 ὥσπερ
1235 4906 1289 4959 εί
1317 4925 1401 4971 τις
1429 4907 1763 4980 δημιουργὸς
1787 4907 1975 4979 ἁκρος,

471 5107 514 5138 ⁸⁸
535 5105 691 5161 Deut.
722 5121 897 5172 xxxn,
933 5106 1022 5162 59.
1087 5106 1128 5137 ιι
1167 5103 1302 5162 Heb.
1331 5121 1432 5174 xu,
1466 5105 1520 5162 5.

469 5286 606 5360 (δῖ’)
637 5287 864 5360 Καθᾴπ.
890 5287 982 5360 ΫΕΧ
1002 5286 1352 5360 Epiph._hae1:.
1378 5302 1435 5341 n.
1459 5286 1549 5341 25.

468 5357 847 5430 (68)’Καλοῖς.
879 5357 1057 5430 Edit.,,
1076 5357 1279 5430 καλῶν.ἶ
1307 5357 1538 5430 Ειίιῃοι,
1571 5357 1972 5430 εὐτροςρήσασα.

494 5428 585 5499 59)
615 5429 1073 5498 Σωφρωισμῶν.
1112 5429 1211 5483 Ms.
1248 5427 1460 5497 Rupili,
1492 5427 1807 5499 συμφορῶν.

490 5498 580 5570 66)
614 5499 973 5570 ξυμϐέϐηκε.
1024 5499 1192 5565 Edit.,
1221 5501 1540 5570 συνέστηκε.
1569 5498 1689 5553 Mox
1713 5513 1814 5569 pro
1842 5514 1977 5551 κατ-

395 5567 738 5634 ευνάζεσθαι,
761 5572 889 5640 cod.
923 5570 1099 5640 Rup.,_
1119 5567 1487 5634 κατευνάζειν.

469 5641 580 5708 (61)
617 5641 826 5692 Φύσαι.
856 5636 1025 5705 Edit.,
1052 5636 1214 5693 οἷσαι.

469 5709 580 5780 (62)
613 5709 776 5780 ιἔξέδοε,
812 5728 864 5763 κ.
896 5728 945 5764 τ.
981 5711 1028 5764 λ.
1061 5711 1134 5763 Es
1173 5709 1365 5780 Epiph.
1404 5710 1596 5765 n..27-

471 5777 594 5853 (63)
615 5777 975 5853 Fruticatione
1046 5777 1292 5853 inhibuit.
1318 5781 1643 5847 Διεκώλυσε,
1663 5797 1860 5853 nempe
1881 5780 1975 5835 τοῦ

400 5849 734 5919 βλαστάνειν.
765 5851 886 5906 Alia
926 5853 1084 5909 lectio
1111 5852 1378 5923 Epiphan.
1415 5853 1623 5908 διέλυσε
1647 5849 1812 5909 etiam
1841 5868 1973 5908 con-

2082 4633 2347 4702 exemplis
2372 4647 2513 4704 opus
2548 4639 2634 4688 est
2665 4632 2780 4706 (64)
2801 4673 2816 4700 ,
2860 4633 2994 4689 hinc
3022 4633 3369 4704 potissimum
3400 4635 3506 4689 ista
3537 4649 3672 4688 con-

2084 4726 2425 4792 sideremus;
2456 4742 2635 4798 neque
2683 4728 2836 4797 prius
2866 4727 2934 4782 ab
2964 4741 3030 4783 eo
3059 4735 3383 4798 argumento
3419 4727 3672 4783 disceda-

2086 4833 2212 4873 mus
2235 4858 2250 4882 ,
2290 4833 2454 4889 quam
2486 4819 2543 4874 in
2574 4819 2859 4874 clariorem
2891 4819 3312 4889 explicationem
3347 4835 3410 4873 ac
3467 4819 3669 4889 proba-

2086 4909 2287 4964 tionem
2337 4917 2527 4966 nostra
2574 4911 2799 4967 desierit
2837 4911 3033 4966 oratio.
3065 4911 3297 4967 Perinde
3344 4913 3508 4982 igitur
3531 4928 3669 4967 con-

2120 5285 2251 5340 ruit.
2295 5329 2298 5332 .

2084 5301 2798 5428 81’(16ἳ)’ριιοηὶιπιιιηιιίιᾷιι
2835 5374 3020 5428 rerum
3068 5357 3388 5428 ejuscemodi
3417 5359 3668 5427 exemplis

2087 5426 2216 5498 opus
2246 5426 2345 5501 est.
2395 5427 2654 5501 Ἐπειδὰν
2675 5426 2886 5501 πολλῶν
2915 5430 2996 5494 δεῖ
3031 5426 3140 5481 τῶν
3173 5430 3300 5501 περὶ
3337 5427 3404 5501 τὰ
3447 5426 3671 5484 τοιαῦτα

2086 5498 2569 5569 παραδειγμάτων.
2612 5497 2888 5553 Transitio
2921 5507 3006 5554 est
3043 5501 3112 5552 ab
3150 5497 3399 5568 exemplo
3424 5501 3667 5569 capriﬁci

2085 5578 2140 5625 et
2171 5570 2357 5639 templi
2391 5569 2460 5622 ad
2489 5569 2794 5638 exemplum
2829 5569 3031 5634 simile,
3064 5570 3180 5623 vitii
3209 5570 3477 5639 labisque,
3514 5578 3566 5625 et
3591 5573 3669 5625 si.-

2085 5639 2350 5707 mulacri;
2394 5639 2451 5694 in
2481 5639 2682 5709 quibus
2711 5639 2980 5694 ambobus
3013 5640 3224 5696 destrui
3261 5648 3508 5710 oporteat
3536 5643 3665 5696 sub

2085 5710 2284 5778 iectum
2311 5711 2506 5765 iterum
2534 5711 2973 5774 instaurandum,
2998 5721 3057 5764 ut
3076 5719 3264 5781 pereat
3291 5711 3435 5780 quod
3466 5713 3666 5764 malum

2084 5782 2338 5835 accessit.
2364 5783 2481 5852 Non
2506 5781 2641 5835 satis
2669 5781 2883 5836 videtur
2913 5782 3218 5852 exprimere
3249 5783 3516 5850 interpres
3545 5781 3670 5850 Epi-

2082 5852 2266 5921 phanii
2297 5871 2309 5908 :
2341 5851 2605 5919 Quoniam
2637 5852 2815 5909 multis
2845 5851 2914 5906 ad
2945 5851 3004 5907 id
3030 5853 3280 5924 exemplis
3308 5870 3434 5921 opus
3451 5861 3560 5912 ,εει
