4150 6438
488 371 592 426 971

1457 360 1517 418 S.
1560 358 1894 418 METRODII
1931 356 2245 415 EPISCOPI
2279 356 2369 414 ΕΤ
2408 355 2770 413 MARTYRIS

3647 358 3754 415 272

495 488 687 560 tigissc
716 484 848 540 mihi
886 482 1141 548 videtur,
1195 495 1260 536 ac
1313 479 1362 536 si
1408 478 1776 551 peritissimus
1804 477 2072 548 quispiam

2190 472 2397 546 ἱγαλμα
2428 473 2591 527 καλὸν
2619 473 2729 528 ἀπὸ
2763 471 2966 545 χρυσοῦ
3011 470 3123 551 (66)
3169 473 3678 545 κατεσκευασμένον
3717 477 3753 549 ἢ

494 580 688 642 artifex
714 576 988 649 egregiam
1026 591 1093 631 ex
1116 588 1255 629 auro
1282 573 1368 630 vel
1397 574 1503 628 alia
1552 572 1783 628 materia
1830 581 2070 628 statuam

494 692 523 730 a
549 691 608 731 se
634 671 975 733 fabricatam,
1007 684 1072 723 ac
1095 667 1356 723 membris
1381 666 1636 722 omnibus
1662 664 1930 722 concinne
1960 662 2060 718 ele-

487 777 788 840 ganterque
813 762 1158 835 perpolitam,
1193 761 1419 816 alteram
1449 757 1679 825 conﬁet;
1714 757 1807 813 ubi
1839 753 2072 811 subinde

491 844 527 914 εἰ
583 857 923 928 nequissimo
972 854 1156 924 aliquo
1212 852 1475 908 foedatam
1531 849 1939 912 animadvertit,
1974 845 2071 918 qui

492 951 636 1006 hanc
693 954 886 1003 statuae
922 944 1385 1017 pulchritudinem
1439 959 1551 1015 prie
1597 942 1802 998 invidia
1835 954 1945 995 non
1992 937 2073 993 fc-

489 1059 641 1109 rens,
670 1041 848 1097 labem
878 1040 1139 1109 aliquam,
1164 1037 1382 1092 inanem
1410 1051 1478 1092 ex
1507 1033 1712 1091 invidia
1736 1033 2072 1103 voluptatem

489 1146 870 1208 percepturus,
916 1132 1183 1190 intulerit.
1217 1130 1603 1186 Animadverte
1648 1128 1816 1191 enim,
1854 1124 2072 1195 sapien-

492 1229 707 1285 tissime
732 1224 1092 1298 Aglaophon:
1143 1221 1201 1278 Si
1242 1222 1392 1278 nullo
1428 1235 1657 1293 prorsus
1692 1216 1855 1273 modo
1885 1216 2074 1270 volue-

490 1322 567 1376 rit
599 1318 796 1375 artifex
818 1318 1019 1373 habere
1047 1316 1391 1385 deturpatam
1431 1322 1666 1371 statuam
1716 1325 1881 1382 quam
1918 1314 2074 1362 tanto

495 1413 679 1471 studio
712 1410 1088 1483 elegantisque
1113 1407 1437 1473 elaboravit,
1472 1420 1690 1461 rursum
1732 1403 1893 1474 plane
1914 1397 2075 1453 indu-

493 1513 580 1561 cet
608 1505 663 1559 in
698 1503 961 1567 animum,
992 1508 1054 1555 ut
1098 1500 1387 1556 conflatam
1445 1497 1594 1553 illam
1620 1538 1635 1561 ,
1684 1493 1864 1565 qualis
1913 1497 2074 1545 antea

492 1604 632 1661 erat,
656 1593 883 1650 reﬁciat.
920 1590 1078 1658 Quod
1127 1591 1175 1646 si
1202 1590 1430 1645 fundere
1456 1589 1658 1651 denuo,
1689 1594 1855 1654 atque
1884 1581 1953 1637 ab
1990 1579 2076 1635 in—

493 1699 649 1759 tegro
680 1686 969 1742 restituere
999 1690 1053 1740 et
1076 1682 1385 1740 instaurare
1412 1697 1524 1736 non
1550 1680 1759 1751 placeat
1789 1696 1802 1731 :
1839 1674 1936 1733 sed
1963 1686 2078 1727 me-

494 1785 685 1838 dicans
704 1786 919 1841 tantum
948 1788 1002 1833 et
1022 1778 1324 1848 corrigens,
1356 1779 1430 1833 ita
1453 1776 1530 1833 uti
1558 1792 1618 1832 se
1662 1774 1863 1830 habet.
1910 1769 2078 1826 relin-

2179 566 2309 638 ὖλης
2349 566 2539 638 ἑτέρας
2582 563 2750 635 αὐτῷ,
2784 564 2880 618 καὶ
2922 564 3099 620 πάντα
3131 565 3198 619 τά
3243 565 3377 636 μέλη
3428 566 3755 638 συμμέτρως

2177 661 2258 723 εἰς
2283 659 2476 723 κάλλος
2506 658 3028 730 διακεκοσμημένον,
3056 658 3217 712 πάλιν
3240 658 3492 730 χωνεύοι,
3517 658 3756 733 λελωϐη-

2181 751 2339 823 μένον
2367 752 2522 820 ἄφνω
2552 751 2885 821 θεασάμενος
2912 750 3017 805 ὑπό
3037 768 3180 814 τινος
3203 748 3492 823 ἀνθρώπου
3524 768 3756 824 πονηρο-

2177 844 2362 908 τάτου,
2395 843 2455 909 ὃς
2489 844 2590 897 οὐκ
2628 842 2867 912 ἐνεγκὼν
2894 842 3000 895 ὑπὸ
3033 841 3332 912 βασκανίας
3362 841 3639 912 εὐπρεπὲς
3676 839 3755 897 εἴ-

2178 954 2266 992 ναι
2319 936 2379 989 τὸ
2416 935 2657 1006 ἄγαλμα,
2712 936 2945 1002 ὲσίνατο,
3003 934 3235 1005 ματαίαν
3275 933 3466 1006 ἡδονὴν
3510 935 3758 1006 καρπού-

2182 1046 2341 1099 μενος
2375 1028 2486 1100 (67)
2524 1029 2620 1082 τοῦ
2661 1027 2875 1097 φθόνου.
2924 1027 3168 1098 Πρόσχες
3203 1025 3332 1099 γὰρ,
3380 1021 3425 1081 ὦ
3478 1026 3756 1095 σοφώτατε

2193 1116 2520 1187 Ἀγλαοφῶν,
2571 1118 2674 1182 ὅτι,
2718 1118 2767 1171 εί
2825 1116 3064 1187 βούλοιτο
3106 1116 3178 1187 μὴ
3218 1112 3357 1170 εἶναι
3399 1118 3758 1189 σεσινωμένον

2178 1209 2312 1273 ὅλως
2357 1211 2386 1264 ὁ
2430 1210 2758 1281 δημιουργὸς
2810 1212 2904 1267 καὶ
2950 1210 3149 1281 ψεκτὸν
3203 1212 3265 1265 τὸ
3311 1211 3450 1279 μετά
3487 1211 3755 1284 τοσαύτην,

2176 1301 2327 1374 αὑτῷ
2366 1302 2601 1372 σπουδῆς
2641 1319 2701 1355 τε
2745 1302 2839 1356 καὶ
2887 1303 3162 1373 φροντίδος
3210 1303 3584 1375 πεπονημένον
3619 1302 3757 1376 (68),

2179 1394 2340 1448 πάλιν
2394 1395 2843 1467 προτραπήσεται
2900 1394 3281 1467 συγχωνεύσας
3342 1396 3492 1461 αὐτὸ,
3546 1395 3762 1452 τοιοῦττι

2181 1487 2376 1549 ποιεῖν,
2406 1480 2517 1540 οἷον
2551 1486 2644 1539 καὶ
2668 1485 2902 1557 πρόσθεν
2936 1483 3025 1556 ἦν.
3067 1487 3130 1540 Ei
3176 1485 3234 1539 δὲ
3281 1486 3357 1558 μὴ
3402 1486 3759 1557 ἀναχωνεύοι,

2184 1576 2318 1648 μηδὲ
2350 1576 2706 1640 ἀνασκευάξοι
2747 1575 2877 1647 (69),
2903 1578 2989 1648 (ἑᾷ
3034 1577 3092 1630 δὲ
3120 1576 3293 1641 οὓτως
3341 1576 3545 1648 μένειν)
3597 1577 3761 1651 θερα-

2183 1668 2363 1722 πεύων
2420 1668 2552 1722 αὐτὸ
2601 1669 2696 1722 καὶ
2738 1667 3226 1741 ἐπανορθούμενος,
3276 1669 3488 1742 ἀνάγκη
3534 1669 3620 1743 δὴ,
3656 1689 3763 1725 πυ-

2185 1760 2550 1833 ρακτούμενον
2580 1761 2673 1814 xa‘t
2716 1760 3116 1832 χαλκευόμενον
3160 1760 3223 1814 τὸ
3266 1760 3505 1831 ἄγαλμα,
3558 1763 3766 1834 μηκέτι

494 1881 654 1944 quat;
690 1884 919 1926 necesse
946 1875 1053 1932 est,
1078 1875 1139 1923 ut
1165 1847 1279 1938 igni
1307 1864 1628 1923 candefacta
1672 1872 1835 1933 atque
1858 1870 1973 1915 arte
2002 1856 2083 1912 fa-

2190 1854 2440 1910 δύνασθαι
2487 1854 2886 1927 διατηρηθῆναι
2933 1854 2995 1907 τὸ
3045 1855 3208 1918 αὐτὸ,
3259 1853 3398 1909 ἀλλά
3430 1854 3765 1927 διηλλαγμέ-

493 1966 622 2022 brili
647 1971 945 2021 retractata
972 1962 1203 2033 efﬁgies,
1236 1975 1346 2015 non
1397 1959 1514 2029 jam
1563 1956 1752 2011 eadem
1785 1965 2078 2009 conserve-

494 2067 605 2122 tur,
624 2055 721 2112 sed
748 2061 1083 2113 commutata
1106 2068 1171 2107 ac
1196 2050 1570 2108 subdistracta
1593 2053 1874 2119 appareat.
1897 2042 2079 2110 Quare

495 2152 541 2206 si
562 2149 882 2220 praeclarum
902 2154 956 2203 et
969 2147 1149 2202 omnis
1165 2145 1304 2201 labis
1317 2157 1513 2213 expers
1532 2149 1705 2195 totum
1724 2138 2078 2195 simulacrum

493 2245 646 2309 velit,
673 2241 912 2311 conﬁngi
951 2238 1288 2307 conﬁarique
1320 2239 1519 2291 iterum
1560 2238 1806 2303 oportet;
1837 2236 1896 2284 ut
1921 2226 2082 2298 quid-

496 2334 629 2406 quid
660 2333 1051 2389 malevolorum
1077 2329 1270 2385 fraude
1290 2339 1454 2397 atque
1484 2324 1689 2380 invidia
1722 2317 2081 2391 turpitudinis

499 2442 565 2482 ac
590 2426 711 2480 vitii
748 2439 833 2482 est
865 2425 1090 2481 allatum
1117 2461 1133 2487 ,
1184 2420 1582 2476 instauratione
1639 2430 1706 2469 ac
1752 2410 2083 2469 conﬁatione

499 2520 728 2575 tollatur
749 2558 768 2587 ,
801 2517 981 2587 ipsum
1010 2529 1141 2572 vero
1165 2513 1544 2575 simulacrum,
1576 2509 1632 2563 in
1669 2506 1860 2562 eadem
1892 2515 2084 2558 rursus

500 2611 686 2682 specie
720 2610 993 2681 integrum
1027 2616 1082 2664 et
1104 2606 1360 2669 illaesum,
1395 2602 1499 2657 sibi
1550 2614 1715 2671 quam
1745 2595 2083 2652 simillimum

500 2704 781 2759 reddatur.
807 2702 886 2758 lta
917 2704 1064 2758 enim
1087 2697 1376 2770 contingit,
1411 2710 1521 2750 non
1558 2701 1617 2749 ut
1642 2698 1847 2752 statua,
1878 2687 1947 2742 ab
1985 2700 2083 2742 eo-

499 2798 623 2854 dem
644 2799 766 2869 ipso
793 2796 1003 2852 artiﬁce
1034 2801 1242 2866 pereat,
1270 2788 1486 2845 tametsi
1519 2786 1641 2841 fusa
1667 2797 1864 2839 rursus
1905 2781 2087 2839 solva-

500 2901 592 2947 tur
614 2892 673 2946 in
704 2888 1013 2952 materiam,
1052 2883 1149 2941 sed
1185 2891 1244 2938 ut
1292 2883 1349 2936 in
1396 2881 1667 2950 integrum
1718 2874 2083 2930 restituatur:

494 2995 670 3054 utque
687 2983 840 3037 labes
854 2994 1046 3036 omnes
1063 2986 1118 3033 et
1143 2974 1411 3032 foeditates
1430 2979 1676 3042 pereant;
1702 2964 1970 3037 siquidem
1981 2962 2088 3021 illa

500 3075 907 3137 absumuntur;
943 3084 1055 3124 non
1092 3078 1152 3122 ut
1198 3067 1577 3120 instaurentur
1628 3069 1683 3115 et
1712 3055 1948 3125 amplius
2001 3067 2089 3109 re-

501 3165 667 3220 deant
694 3182 708 3219 :
741 3168 1027 3234 propterea
1056 3156 1204 3230 quod
1227 3159 1282 3212 in
1304 3155 1453 3210 enini
1472 3161 1588 3207 arte
1601 3146 2087 3221 praestantissimus

502 3255 686 3328 Opifex
744 3268 856 3309 non
903 3268 968 3308 eo
1002 3250 1266 3323 respiciat
1296 3258 1356 3301 ut
1386 3259 1549 3299 suum
1570 3257 1708 3312 opus
1735 3236 2091 3309 turpitudinis

502 3323 711 3420 aliquid
745 3346 830 3402 vel
878 3342 1199 3401 oﬁensionis
1251 3339 1479 3400 habeat,
1534 3335 1631 3392 sed
1691 3323 1767 3388 ιη’
1806 3328 2092 3402 aptissime

499 3441 845 3498 modulatum
878 3436 1193 3507 aﬁabreque
1215 3432 1420 3487 factum
1445 3434 1626 3483 exeat.
1658 3424 1806 3481 idem
1839 3423 2008 3492 igitur
2033 3420 2091 3476 in

502 3535 663 3590 nobis
693 3531 893 3589 fecisse
922 3528 1059 3584 mihi
1102 3525 1249 3582 Deus
1293 3530 1349 3580 et
1399 3519 1815 3576 administrasse
1850 3513 2088 3570 videtur.

503 3625 641 3680 Cum
674 3625 820 3680 enim
850 3621 1152 3685 hominem,
1182 3612 1652 3688 elegantissimum
1698 3621 1837 3678 opus
1888 3620 2049 3662 suum
2070 3642 2090 3673 ,

506 3713 874 3774 t’raudulentis
902 3712 1113 3766 artibus
1152 3716 1320 3777 atque
1348 3704 1554 3758 invidia
1586 3699 1924 3772 perspiceret
1950 3695 2094 3752 male

508 3809 776 3871 habitum,
799 3804 963 3858 talem
1001 3814 1102 3873 pro
1130 3813 1231 3854 sua
1278 3796 1611 3865 benignitate
1654 3792 1968 3861 relinquere
1994 3802 2094 3843 no-

513 3903 639 3969 luit,
673 3914 743 3955 ne
773 3898 831 3951 in
864 3908 1085 3950 omnem
1118 3889 1476 3947 aeternitatem
1524 3883 1784 3942 infectum
1835 3881 2050 3936 macula
2074 3919 2090 3946 ,

510 3989 820 4049 immortale
851 3986 984 4042 illud
1010 3998 1198 4041 secum
1248 3980 1540 4036 adveheret
1567 3977 1899 4047 vituperium
1918 4013 1934 4040 ,
1997 3972 2095 4030 sed

506 4088 567 4142 in
597 4084 883 4139 materiam
911 4077 1091 4134 denuo
1115 4073 1363 4139 resolvit,
1396 4078 1456 4126 ut
1484 4067 1752 4141 quidquid
1808 4068 1862 4122 in
1911 4080 1979 4121 eo
2013 4064 2097 4120 vi-

510 4180 715 4234 tiosum
745 4182 896 4238 erat,
928 4168 1323 4227 reformatione
1355 4169 1473 4235 ipsa
1506 4164 1653 4219 velut
1676 4163 1975 4232 eliquatum
2007 4165 2095 4214 at-

512 4284 621 4341 que
650 4267 984 4324 exstinctum
1019 4260 1243 4332 periret.
1275 4256 1430 4323 Quod
1454 4256 1600 4313 enim
1633 4256 1744 4308 illic
1790 4261 1877 4309 est
1904 4260 2097 4308 statum

510 4359 798 4424 conﬁatio,
829 4357 973 4412 idem
1001 4355 1093 4409 hic
1127 4365 1275 4407 mors
1303 4359 1387 4405 est
1407 4388 1423 4415 ,
1474 4347 1872 4417 dissolutioque
1899 4360 2091 4417 corpoo

513 4456 631 4510 ris:
669 4467 734 4507 ac
759 4450 906 4523 quod
938 4450 1051 4504 illic
1071 4456 1176 4511 est,
1204 4446 1401 4501 iterum
1439 4440 1770 4498 conformari
1814 4439 2097 4495 materiam

512 4556 678 4618 atque
700 4545 758 4599 in
784 4542 1077 4614 pristinum
1124 4538 1359 4592 nitorem
1392 4534 1643 4595 restitui,
1691 4531 1834 4586 idem
1868 4529 1958 4584 hic
1988 4536 2093 4594 est,

513 4647 640 4710 post
676 4642 909 4691 mortem
938 4644 1266 4702 resurgere:
1302 4624 1764 4698 quemadmodum
1810 4621 1976 4678 etiam
2016 4618 2102 4675 Je-

514 4731 721 4788 remias
746 4728 1013 4800 propheta
1055 4724 1155 4799 [ait
1182 4720 1430 4794 Iudaeis].
1466 4718 1558 4775 Sic
1587 4719 1734 4775 enim
1763 4724 1818 4772 et
1849 4715 1939 4771 ille
1985 4714 2102 4784 jam

514 4835 635 4882 tum
662 4824 744 4880 eis
768 4822 1056 4878 denuntiat
1102 4818 1442 4891 spondetque
1483 4814 1673 4870 dicens
1705 4831 1718 4866 :
1755 4809 1825 4864 Et
1856 4807 2101 4865 descendi

517 4923 576 4976 in
597 4922 811 4973 domum
842 4916 1026 4987 ﬁguli;
1069 4922 1118 4968 et
1147 4928 1262 4968 ecce
1292 4910 1383 4964 ille
1411 4905 1639 4976 faciebat
1680 4918 1807 4973 opus
1831 4916 1985 4969 super
2022 4900 2105 4953 la-

516 5012 729 5084 pidibus
762 5029 783 5067 :
829 5020 879 5064 et
909 5006 1179 5063 intercidit
1212 5020 1302 5059 vas
1339 5002 1453 5072 (65)
1487 4997 1623 5071 quod
1651 4998 1762 5066 ipse
1794 4992 2020 5065 faciebat
2049 4993 2104 5046 iu

596 5151 712 5227 (65)
755 5151 824 5227 Et
873 5147 1141 5227 intercidit
1190 5162 1301 5202 vas.
1353 5137 1913 5227 ᾼιέπεσεηίῃιοφοέο
1955 5142 2106 5227 notat

521 5212 773 5280 Nobilius
804 5223 1004 5278 habere
1032 5221 1247 5290 aliquos
1278 5216 1495 5290 codices
1518 5233 1542 5290 :_
1560 5212 1742 5266 minus
1775 5221 1960 5290 tamen
1981 5213 2105 5290 apte

521 5276 1078 5364 ἰιίιζεὶιὶῖέέιῐοὶίέιιε,
1125 5276 1362 5364 ὶαάεηιίο
1410 5285 1885 5364 dissipatunresth
1914 5276 2108 5357 Melius

525 5346 1088 5435 iiﬁﬁudﬁmm',
1117 5376 1199 5435 _ac
1237 5360 1395 5435 velut
1428 5346 1578 5435 inter
1612 5352 1815 5435 digitos
1854 5346 2106 5435 etpqu‘asi

526 5415 682 5503 £531.,
695 5415 858 5489 ’ῌῖἶιὶ
873 5415 1156 5506 ejusmodi
1178 5425 1588 5506 so_let,_delluxit
1607 5415 2109 5506 acintercid‘i‘tl‘Pe.

524 5487 1155 5633 ginisolumreddit
1197 5487 1430 5572 simplex
1477 5496 1663 5561 ἔπεσε,
1705 5492 1854 5565 quod
1894 5487 2108 5545 Sixtiua

637 5594 706 5632 cn
739 5617 751 5629 .

637 5586 751 5632 οηι.

597 5648 712 5718 (se,
755 5646 892 5701 Ἀπὸ
918 5665 1013 5717 χρ.
1050 5642 1354 5718 unum
1385 5656 1475 5718 χρἐ

599 5703 714 5790 (67)
740 5703 1605 5790 Κίου,οπδίμοιρα·η’(ῖωισεξιῖἸῖιιι).⁷
1641 5703 2071 5790 καρποιζόξιιενοςζ

602 5779 712 5849 (683
731 5779 1088 5862 ίΠεξπον-ῘΜ..
1108 5779 1300 5862 codex,
1321 5779 1732 5850 πεπονημένος;
1766 5790 1943 5845 neque
1973 5786 2135 5862 prati
2160 5848 2167 5855 _

532 5860 636 5917 fert
661 5861 1000 5932 subsequens
1032 5854 1186 5910 αὑτό.

2130 4575 2178 4632 D

2126 5686 2139 5698 ί
2212 5638 2363 5701 post,
2382 5631 2585 5701 ἀνακρσ
2593 5641 2667 5695 μη

2184 1966 2273 2004 νον
2313 1948 2423 2019 (70)
2459 1948 2675 2002 ἔσεσθαι
2724 1948 2818 2002 καὶ
2855 1948 3294 2018 ὑπεσπασμὲνον.
3338 1948 3438 2001 Διά
3486 1964 3664 2016 τουτο,
3711 1951 3765 2005 ει

2186 2039 2427 2111 βούλοιτο
2448 2040 2609 2096 καλὸν
2641 2040 2737 2095 καὶ
2766 2040 2996 2111 ἄμωμον
3028 2039 3147 2094 ὅλον
3182 2040 3312 2095 αὐτὸ
3340 2036 3499 2104 εἶναι,
3534 2041 3771 2097 ἀναθλᾶ·

2188 2134 2312 2188 σθαι
2367 2135 2531 2201 αὐτὸ,
2583 2135 2676 2188 καὶ
2719 2133 3156 2211 ἀναχωνεύεσθαι
3206 2133 3314 2187 δεῖ·
3369 2134 3518 2197 ὅπως
3556 2135 3624 2189 τά
3666 2136 3767 2205 μὲν

2184 2226 2349 2298 αἴσχη
2392 2228 2486 2280 καὶ
2531 2226 2601 2280 τὰ
2652 2225 3002 2298 ἀλλοιώματα
3040 2227 3217 2281 πάντα
3259 2225 3330 2281 τά
3369 2226 3429 2293 ἐξ
3471 2226 3771 2299 ἐπιϐουλῆς

2186 2318 2334 2389 αὐτῷ
2369 2318 2463 2371 καὶ
2497 2318 2692 2387 φθόνου
2723 2317 3060 2391 ὑπάρξαντα,
3086 2319 3221 2372 αὐτὰ
3256 2320 3354 2389 μὲν
3383 2318 3473 2373 διά
3504 2320 3603 2391 τῆς
3634 2320 3772 2374 ἀνοισυ

2190 2410 2387 2480 σκευῆς
2429 2410 2525 2464 καὶ
2568 2411 2989 2481 ἀναχωνεύσεως
3036 2410 3338 2479 ἀπόληται·
3383 2410 3445 2464 τὸ
3484 2411 3541 2465 δὲ
3589 2413 3668 2476 εἰς
3707 2410 3773 2465 τὸ

2186 2501 2321 2555 αὐτὸ
2342 2499 2481 2564 εἶδος
2507 2502 2689 2562 ἀσινὲς
2715 2502 2809 2556 καὶ
2840 2501 3127 2573 ἀκίϐδηλον
3156 2496 3312 2567 αὖθις
3338 2500 3559 2574 ἄγαλμα.
3589 2502 3773 2573 ὁμοιό-

2188 2609 2352 2649 τατον
2407 2590 2599 2649 ἑαυτοῦ
2649 2590 2961 2662 κατασταθῇ
3018 2593 3108 2664 Τῷ
3163 2594 3261 2666 μὲν
3323 2596 3433 2666 γὰρ
3495 2594 3774 2667 ἀγάλματι

2186 2682 2485 2741 ἀπολέσθαι
2539 2685 2641 2737 οὐκ
2689 2683 2836 2738 ἔστιν
2866 2683 2970 2737 ὑπὸ
3030 2684 3108 2755 τῷ
3161 2684 3309 2756 αὐτῷ
3354 2684 3467 2756 (71)
3527 2685 3770 2760 τεχνίτῃ,

2191 2776 2294 2831 κάν
2318 2775 2476 2829 πάλιν
2508 2775 2588 2838 είς
2622 2773 2754 2843 ὓλην
2786 2775 2952 2846 χυθῇ·
2978 2774 3496 2846 ἀποκατασταθῆναι
3520 2775 3578 2830 δὲ
3615 2775 3770 2835 ἐστι·

2190 2874 2305 2934 τοῖς
2331 2869 2388 2925 δὲ
2431 2868 2646 2937 αἴσχεσι
2686 2868 2781 2921 καὶ
2810 2866 3098 2939 λωὸήμασι
3147 2868 3441 2927 ἀπολέσθαι
3496 2868 3596 2939 μὲν
3629 2868 3771 2936 ἔστι,

2192 2964 2448 3035 τήκονται
2477 2961 2585 3032 γάρ
2605 2977 2619 2993 ·
2647 2959 3159 3030 ἀποκατασταθῆναι
3186 2961 3244 3015 δὲ
3265 2963 3366 3015 οὐκ
3396 2961 3511 3014 ἐστι
3529 2977 3545 2993 ·
3579 2961 3670 3016 διά
3710 2963 3775 3017 τὸ

2192 3056 2253 3109 ὲν
2301 3054 2452 3125 πάσῃ
2481 3053 2646 3125 τέχνῃ
2688 3053 2778 3106 τὸν
2809 3053 3028 3123 ἄριστον
3059 3053 3390 3124 δημιουργὸν
3425 3054 3499 3123 μὴ
3534 3054 3671 3124 πρὸς
3711 3055 3775 3110 τὸ

2197 3148 2407 3218 αἴσχιον
2433 3148 2466 3217 ἢ
2494 3143 3018 3217 ὲπιτευχθησόμενον
3051 3144 3167 3215 (72)
3195 3145 3350 3215 ὀρᾷν,
3380 3143 3516 3198 ἀλλά
3546 3144 3682 3216 πρὸς
3711 3145 3776 3202 τὸ

2120 3212 2163 3270 C
2199 3212 2511 3311 σύ
2548 3237 2645 3295 καὶ
2670 3212 2828 3301 abiis;
2865 3212 2960 3291 τοῦ
2997 3212 3519 3307 δημιουργουμένου.
3566 3212 3777 3290 ’ἑαυτὸν

2196 3334 2307 3404 γὰρ
2345 3332 2595 3402 φαίνεται
2625 3329 2688 3401 δή
2724 3346 2812 3401 μοι
2845 3329 2941 3382 καὶ
2980 3330 3063 3398 ἐφ’
3100 3328 3255 3399 ἡμῶν
3284 3328 3313 3380 ὁ
3352 3326 3483 3390 Θεὸς
3519 3325 3775 3399 διῳκονο-

2202 3426 2453 3499 μηκέναι.
2488 3423 2592 3478 Τὸν
2623 3422 2735 3495 γὰρ
2759 3421 3067 3494 ἄνθρωπον,
3098 3420 3161 3475 τὸ
3187 3418 3630 3492 εὐπρεπέστατον
3659 3421 3782 3473 ἑαυ-

2197 3518 2292 3572 τοῦ
2316 3517 2584 3592 τέχνημα,
2621 3515 2915 3588 βασκάνοις
2951 3514 3267 3578 ἐπιϐουλαῖς
3296 3512 3492 3585 φθόνου
3528 3529 3781 3568 κεκακω-

2202 3613 2361 3684 μένον
2394 3611 2537 3680 ιδὼν,
2567 3612 2667 3667 οὐκ
2693 3609 2952 3682 ἠνέσχετο
2977 3607 3217 3662 τοιοῦτον
3251 3605 3572 3676 καταλεῖψαι
3600 3604 3784 3675 φιλάν-

2200 3705 2417 3778 θρωπος
2455 3705 2553 3769 ὢν,
2590 3705 2739 3769 ὅπως
2775 3702 2850 3775 μὴ
2879 3702 2945 3755 δι’
2988 3700 3185 3764 αίῶνος
3226 3700 3315 3770 εἴη
3351 3698 3779 3770 μεμωμημένον,

2200 3799 2466 3853 ἀθάνατον
2510 3797 2649 3869 ἔχων
2689 3798 2747 3850 ὲν
2793 3793 2969 3864 ἐαυτῷ
3001 3794 3094 3848 τὸν
3136 3792 3302 3863 ψόγον
3319 3808 3334 3823 ·
3370 3790 3507 3845 ἀλλά
3538 3789 3782 3843 διέλυσεν

2200 3892 2280 3953 είς
2314 3890 2445 3961 ὓλην
2487 3888 2671 3953 πάλιν,
2704 3887 2791 3941 ἵνα
2821 3884 2910 3939 διά
2949 3884 3051 3955 τῆς
3099 3882 3450 3945 ἀναπλάσεως
3481 3879 3781 3946 ὲκτακῶσι,

2201 3983 2296 4038 καὶ
2323 3979 2721 4052 ὲξαφανισθῶσι
2759 3977 2936 4032 πάντα
2962 3976 3032 4029 τὰ
3062 3977 3120 4029 ὲν
3152 3973 3301 4045 αὑτῷ
3337 3974 3675 4045 μωμήματα.
3704 3970 3782 4027 To

2202 4072 2310 4145 γάρ
2357 4074 2473 4125 ἐκεῖ
2513 4068 2953 4141 ἀναχωνευθῆναι
3004 4066 3093 4119 τὸν
3139 4064 3430 4136 ἀνδριάντα
3467 4062 3652 4118 τοῦτον
3672 4103 3688 4129 ,
3720 4060 3785 4117 τὸ

2202 4165 2436 4220 ἐνταῦθα
2470 4164 2761 4218 ἀποθανεῖν
2819 4161 2916 4215 καὶ
2963 4157 3280 4238 διαλυθῆναι
3315 4156 3375 4211 τὸ
3408 4157 3600 4227 σῶμα·
3633 4154 3696 4209 τὸ
3725 4154 3785 4208 δὲ

2202 4260 2319 4311 ἐκεῖ
2342 4253 2921 4329 ἀναμορφοποιηθῆναι
2948 4252 3059 4323 (75)
3081 4250 3178 4321 τὴν
3210 4248 3368 4321 ὓλην,
3394 4249 3428 4319 ἢ
3471 4249 3784 4317 ἀνακοσμο-

2204 4351 2514 4423 ποιηθῆναι,
2562 4348 2721 4402 τοῦτο
2767 4345 3001 4399 ἐνταῦθα
3044 4343 3205 4414 (μετά
3241 4340 3301 4394 τὸ
3351 4337 3664 4410 ἀποθανεῖν)
3721 4338 3786 4391 τὸ

2204 4436 2530 4515 ἀναστῆναι·
2568 4440 2756 4512 ὥσπερ
2795 4437 2890 4492 καὶ
2928 4439 2957 4490 ὁ
2993 4437 3279 4508 προφήτης
3318 4433 3605 4505 Ἱερεμίας.
3648 4430 3785 4486 Τού-

2204 4556 2318 4603 τοις
2347 4536 2457 4608 γάρ
2499 4534 2598 4607 ήδη
2640 4533 2736 4587 καὶ
2762 4531 2924 4595 αὐτὸς
2952 4523 3053 4584 ὧδε
3100 4528 3274 4582 ταῦτα
3314 4526 3635 4598 παρεγγυᾷ·
3669 4524 3782 4578 Καὶ

2204 4630 2484 4697 κατέᾶην,
2509 4626 2707 4695 λέγων,
2735 4626 2824 4689 εις
2848 4621 2957 4677 τὸν
2984 4617 3155 4675 οἷκον
3175 4620 3281 4674 τοῦ
3317 4617 3615 4687 κεραμέως
3633 4633 3648 4648 ·
3684 4615 3782 4670 και

2205 4722 2334 4777 ἰδοὺ
2367 4718 2546 4785 αὐτὸς
2579 4716 2766 4771 ἐποίει
2798 4716 2978 4785 ἔργον
3004 4713 3102 4767 ἐπὶ
3134 4710 3252 4766 τῶν
3285 4712 3501 4765 λίθων·
3541 4708 3640 4763 καὶ
3694 4706 3785 4761 δι-

2202 4816 2388 4870 έπεσε
2418 4813 2484 4868 τὸ
2519 4810 2789 4883 ἀγγεῖον,
2827 4809 2859 4863 ὃ
2892 4808 3078 4866 αὐτὸς
3113 4808 3301 4861 ἐποίει
3338 4806 3408 4859 ἐν
3428 4803 3556 4877 ταῖς
3575 4801 3789 4871 χερσὶν

2203 4906 2409 4964 αὑτοῦ·
2434 4905 2532 4960 καὶ
2556 4905 2741 4960 πάλιν
2767 4903 3056 4971 ἐποίησεν
3086 4899 3269 4967 αὐτὸς
3299 4897 3539 4969 ἀγγεῖον
3560 4898 3782 4965 ἕτερον,

2206 5000 2403 5066 καθὼς
2447 4998 2671 5067 ἤρεσεν
2696 4994 2955 5050 ἐνώπιον
2994 4990 3183 5048 αὐτοῦ
3219 4990 3326 5045 τοῦ
3367 4986 3616 5057 ποιῆσαι
3651 4985 3784 5057 (74).

2279 5132 2391 5204 (69)
2462 5127 2891 5204 Ἀτασκευὰζοι.
2943 5125 3111 5192 Editi,
3166 5121 3490 5194 ἀναγκάζοι,
3546 5127 3602 5176 et
3661 5134 3787 5173 mox

2208 5201 2466 5260 omittunt
2492 5201 2686 5265 οὕτως.

2281 5275 2393 5341 (70)
2422 5261 2886 5341 Διηλλαᾷτμένον.
2909 5268 3021 5341 Ns.
3046 5266 3212 5336 Rup.,
3238 5261 3618 5341 _8tr;7a.7ttt_évov_.

2282 5330 2393 5419 (71)
2428 5330 2569 5419 Ὑπὸ
2723 5343 2856 5395 αὐτ.
2907 5339 3099 5419 impn,
3136 5330 3496 5403 ”ιιιοιε,”κατά
3542 5332 3622 5404 τῷ
3662 5330 3762 5385 αὐτ

2211 5410 2332 5474 Mox
2372 5410 2501 5471 ibid.
2530 5411 2685 5484 λυθῇ,
2715 5410 2991 5484 prolabi}.

2283 5487 2394 5559 (72)
2430 5475 2763 5559 ἔἘπιτεϋχῖ).
2797 5475 2989 5559 Scribe
3018 5475 3309 5559 ἀποτευχθ.

2283 5500 2373 5559 (72
2441 5500 2763 5552 Επιτευχυ.
2798 5500 2989 5537 at:er
3018 5500 3309 5546 αποτευχυ.

2283 5500 2394 5631 (75)
2428 5557 2820 5624 Ἀναμορίνοπ.
2857 5552 3022 5620 ιιυυη
3046 5544 3527 5619 ἀναμορφωθῆναι,
3545 5554 3599 5599 et
3625 5540 3788 5613 paulo

2285 5638 2353 5675 st-
2382 5588 2851 5675 ἀνακοσμηδῆναι.

2221 5638 2354 5700 post,
2382 5638 2851 5695 ἀνακοσμηυηναι.

2221 5774 2233 5790 ο
2284 5700 2393 5787 (τι)
2432 5695 2542 5754 Τοῦ
2573 5692 2844 5764 ποιῆσαι.
2875 5690 3040 5762 Rup.,
3076 5691 3267 5745 ποιεῖν.
3300 5685 3423 5743 Mox
3444 5700 3592 5753 vero,
3618 5681 3791 5737 ποιεῖν

2213 5789 2242 5827 υ
2251 5789 2361 5843 μιν.
