4150 6402
424 381 532 436 973

423 496 534 552 Καὶ
561 495 796 566 ἐγένετο
821 493 1002 563 λόγος
1031 488 1250 561 Κυρίου
1280 484 1430 554 πρὸς
1449 482 1547 553 μὲ,
1570 482 1781 552 λέγων·
1808 481 1873 533 Ei
1900 494 2000 531 κα-

2109 473 2344 527 manibus
2374 470 2487 525 suis
2512 486 2528 534 ;

2098 560 2541 636 quemadmodum
2571 556 2769 627 placuit
2815 552 2898 607 illi
2928 558 2983 602 ut
3015 547 3228 617 faceret.
3261 542 3327 596 Et
3364 541 3562 611 factum
3592 545 3671 591 est

980 629 1260 741 ‘Iapctru;
1301 629 1446 724 iloo‘i)
1588 669 1621 720 ό
1663 664 1857 734 πηλὸς
1892 629 1998 718 τοῦ

2109 654 2305 710 verbum
2345 651 2557 706 Domini
2586 648 2655 703 ad
2710 663 2818 708 me,
2872 643 3086 697 dicens:
3116 637 3194 701 Si,
3234 629 3673 706 quemadmodum

2964 730 2983 741 “
3230 723 3275 741 17
3322 738 3398 741 .--μ
3468 716 3673 741 .-μ-,10

427 586 542 654 θὼς
566 589 599 640 ό
628 584 922 655 κεραμεὺς
952 578 1130 646 οὗτος
1157 580 1228 633 οὐ
1257 575 1594 644 δυνήσομαι
1620 573 1796 627 τοῦτο
1825 569 1997 638 ποιῆ-

427 697 531 736 σαι
571 678 746 749 ὑμᾶς,
779 673 945 742 οἶκος

427 768 725 840 κεραμέως
748 766 919 838 ὑμεῖς
948 766 1091 820 ἐστε
1125 763 1196 818 ἐν
1226 761 1355 829 ταῖς
1380 760 1556 832 χερσί
1577 777 1719 830 μου.

496 946 570 999 Z'.
605 940 997 1014 Ilpo'crxegCiii‘)
1022 939 1130 1011 γὰρ
1156 939 1325 1002 ὅπως,
1359 938 1433 1000 ὡς
1452 935 1609 1005 ἔφην,
1638 932 1775 1005 μετὰ
1803 931 1863 986 τὸ
1897 950 2001 986 παο

430 1034 767 1110 ραόῆναιτδν
783 1034 1088 1104 ἄνθρωπον,
1114 1034 1147 1103 ἡ
1173 1030 1380 1102 μεγάλη
1410 1030 1532 1101 χεὶρ
1563 1030 1641 1091 είς
1669 1029 1815 1090 νῖκος
1842 1042 2004 1080 κατα-

425 1128 606 1200 λείψαι
628 1129 689 1183 τὸ
716 1127 913 1198 ἑαυτῆς
942 1125 1100 1197 ἔργον
1128 1125 1230 1178 οὐκ
1257 1123 1522 1196 ηὑδόκησε
1549 1122 1625 1186 ὡς
1654 1122 1903 1192 κίϐδηλον
1927 1120 2004 1192 τῷ

427 1218 650 1292 πονηρῷ
681 1217 878 1281 ἀδίκως
912 1217 1049 1270 αὐτὸ
1073 1214 1436 1287 λυμηναμένη.»
1454 1213 1743 1284 βασκάνοις
1767 1211 1966 1275 αἰτίαις
1984 1226 2000 1241 ’

424 1312 560 1367 ἀλλὰ
614 1309 885 1383 ἀνατήξας
941 1308 1225 1365 ἀνέδευσεν
1295 1300 1451 1369 αὖθις
1508 1307 1587 1370 είς
1644 1304 1848 1375 πηλὸν,
1917 1299 2005 1357 οἷα

426 1404 704 1478 κεραμεὺς
752 1403 920 1472 ἄγγος
971 1400 1301 1462 ἀνακλάσας,
1351 1397 1487 1470 πρὸς
1534 1397 1595 1450 τὸ
1642 1396 2005 1466 ἀφανισθῆναι

430 1497 527 1567 μὲν
568 1494 657 1548 διὰ
688 1494 789 1564 τῆς
833 1491 1190 1554 ἀναπλάσεως
1239 1489 1416 1543 πάντα
1455 1487 1524 1541 τὰ
1573 1489 1631 1540 ὲν
1664 1486 1815 1557 αὐτῷ
1842 1486 2005 1556 αἴσχη

426 1588 520 1645 καὶ
553 1587 858 1657 θλάσματα,
894 1583 1192 1655 γενηθῆναι
1238 1581 1295 1634 δὲ
1334 1580 1396 1634 τὸ
1442 1580 1551 1634 πᾶν
1583 1578 1788 1634 ἄνωθεν
1830 1577 2009 1649 ἀμέμ-

426 1697 578 1744 πτως
594 1677 844 1752 ἀρεστόν.

1503 363 1595 421 EX
1635 359 1839 417 LIBRO
1882 358 1967 413 DE
2001 345 2616 413 RESURRECTIONE.

3569 329 3674 384 274

2565 475 2615 519 et
2649 476 2860 517 rursum
2917 456 3071 527 ﬁnxit
3135 453 3225 507 ille
3273 468 3360 505 vas
3415 449 3669 509 alterum,

2100 745 2291 815 ﬁgulus
2341 743 2459 802 iste.
2492 756 2593 793 non
2625 745 2801 806 potero
2832 749 2918 787 vos
2956 730 3128 800 facere
3151 765 3167 790 ,
3216 723 3401 776 domus
3459 716 3674 773 Israel?

2103 808 2255 899 E'cce,
2281 838 2417 890 sicut
2445 835 2612 888 tutum
2648 828 2797 899 ﬁguli
2833 841 2920 880 vos
2950 822 3074 876 estis
3091 819 3147 870 in
3196 812 3438 869 manibus
3460 808 3670 864 meis“.

2173 925 2286 985 Vll.
2318 925 2456 980 Illud
2486 923 2653 987 enim,
2679 920 2757 975 uti
2787 915 3053 978 dicebam,
3077 909 3236 965 velim
3265 903 3512 960 attendas
3543 920 3557 957 :
3588 907 3672 966 ut,

2101 1030 2226 1094 past
2251 1019 2489 1075 hominis
2519 1010 3032 1084 transgressionem,
3070 998 3305 1058 noluerit
3348 997 3541 1066 ingens
3583 993 3676 1045 illa

2103 1128 2299 1167 manus
2347 1125 2486 1181 opus
2533 1121 2694 1165 suum
2727 1113 2982 1172 tanquam
3025 1091 3414 1154 adulterinum,
3464 1084 3676 1141 nefario

2104 1202 2183 1257 illi
2219 1202 2311 1272 qui
2341 1172 2405 1255 εί
2435 1197 2639 1253 invidia
2673 1204 2769 1264 per
2809 1189 3064 1260 injuriam
3101 1184 3231 1239 illud
3281 1179 3561 1243 violasset,
3588 1172 3678 1272 Αεά

2103 1264 2387 1349 victoriam
2402 1307 2465 1345 ac
2483 1305 2581 1344 ceu
2604 1284 2881 1353 triumpho
2909 1278 3175 1351 agendum
3200 1272 3511 1341 relinquere
3526 1264 3636 1336 (80)
3658 1282 3675 1319 :

2106 1386 2200 1441 sed
2225 1399 2418 1439 rursus
2436 1383 2731 1451 eliquatum
2751 1371 3029 1443 subegerit
3058 1370 3111 1423 in
3138 1368 3335 1431 lutum,
3377 1376 3441 1415 ac
3466 1359 3512 1414 si
3547 1359 3682 1428 ligu—

2106 1481 2192 1533 lus
2225 1494 2321 1532 vas
2361 1473 2691 1543 confringat,
2710 1476 2767 1523 ut
2798 1479 2939 1522 nova
2973 1462 3210 1521 llctione,
3238 1453 3505 1527 quidquid
3536 1452 3592 1504 in
3613 1465 3681 1504 eo

2109 1568 2369 1623 {miletum
2418 1573 2501 1620 est
2551 1578 2614 1617 ac
2669 1558 2995 1615 contusione
3040 1550 3435 1609 deformatum,
3465 1544 3683 1614 penitus

2109 1660 2281 1722 tollat,
2312 1666 2597 1726 totumque
2626 1651 2928 1722 opiﬁcium,
2959 1653 3022 1700 ut
3058 1659 3087 1698 a
3116 1637 3407 1713 principio,
3449 1638 3686 1705 irreprc-

2109 1748 2379 1805 liensibile
2407 1752 2802 1814 acceptumque
2830 1736 3079 1793 exsistat.

495 1853 573 1906 Ην.
601 1853 715 1906 Οὐκ
741 1851 970 1924 ἀρεστὸν
998 1849 1109 1923 (75)
1136 1849 1192 1903 δὲ
1220 1849 1416 1911 ἐκεῖνο,
1440 1846 1501 1901 τὸ
1524 1845 1703 1915 λέγειν
1734 1844 1812 1908 εἰς
1839 1842 2007 1915 ἄρδην

2180 1838 2315 1893 Vlll.
2351 1836 2455 1892 Sed
2486 1851 2588 1890 nec
2629 1833 2761 1888 illud
2783 1840 3112 1899 magnOpere
3141 1822 3334 1894 probo,
3377 1825 3437 1873 ut
3467 1816 3689 1871 univer-

425 1943 739 1999 ἀπολεῖσθαι
779 1943 840 1996 τὸ
873 1942 980 1995 πᾶν
998 1958 1011 1971 ·
1042 1942 1136 1995 καὶ
1165 1939 1294 2011 γῆν,
1327 1940 1419 1994 καὶ
1450 1938 1608 2010 ἀέρα,
1640 1937 1734 1991 καὶ
1761 1935 2013 2008 οὐρανὸν,

428 2037 505 2108 μὴ
534 2036 772 2090 ἔσεσθαι.
814 2033 1299 2106 Ἐκπυρωθήσεται
1327 2033 1425 2105 μὲν
1448 2031 1557 2103 γὰρ
1582 2030 1718 2103 πρὸς
1745 2028 2010 2101 κάθαρσιν

424 2125 520 2179 καὶ
560 2122 981 2195 ἁνακαινισμδν,
1038 2122 1359 2194 καταϐασίῳ
1390 2122 1499 2185 πᾶς
1530 2122 1561 2173 ὁ
1589 2119 1795 2190 κόσμος
1842 2136 2011 2172 κατα-

422 2214 753 2287 κλυζόμενος
783 2215 914 2285 πυρί
948 2212 1088 2285 (76)·
1119 2213 1181 2267 ού
1210 2211 1316 2285 μὴν
1339 2214 1419 2277 είς
1441 2209 1713 2266 ἀπώλειαν
1735 2208 2011 2264 ἐλεύσεται

425 2307 663 2379 παντελῆ
706 2308 801 2362 καὶ
850 2306 1075 2378 φθοράν.
1123 2307 1186 2360 Ei
1217 2305 1326 2378 γὰρ
1366 2306 1614 2377 κρεῖττον
1651 2303 1712 2356 τὸ
1749 2303 1824 2374 μὴ
1867 2302 2011 2355 εἶναι

422 2392 517 2448 τοῦ
545 2390 684 2449 εἶναι
712 2395 802 2449 τὸν
827 2394 1051 2466 κόσμον,
1081 2395 1170 2448 διὰ
1190 2393 1243 2447 τί
1267 2394 1329 2447 τὸ
1354 2396 1533 2465 χεῖρον
1559 2395 1743 2465 ᾑρεῖτο
1776 2393 2011 2463 ποιήσας

420 2484 513 2540 τὸν
562 2485 762 2556 κόσμον
794 2487 822 2539 ὁ
869 2486 1032 2550 Θεός;
1083 2485 1221 2539 Ἀλλ’
1255 2485 1376 2539 οὐδὲ
1417 2487 1445 2538 ὁ
1501 2485 1633 2549 Θεὸς
1697 2483 2008 2556 ματαίωςῆ

424 2579 610 2648 χεῖρον
636 2577 807 2630 ὲποίει
831 2576 967 2650 (77).
986 2576 1195 2631 Οὐκοῦν
1224 2578 1303 2642 εἰς
1329 2577 1390 2630 τὸ
1412 2573 1552 2632 εἶναι
1581 2577 1673 2631 καὶ
1706 2577 1887 2648 μένειν
1913 2576 2011 2648 τὴν

427 2669 603 2722 κτίσιν
634 2671 663 2722 ό
696 2669 827 2732 Θεὸς
855 2669 1257 2742 διεκοσμήσατο
1280 2709 1295 2733 ,
1341 2669 1592 2740 καθάπερ
1633 2670 1726 2723 καὶ
1768 2670 1802 2741 ἡ
1840 2669 2011 2739 Σοφία

426 2760 767 2833 συνίστησιν,
796 2763 1032 2817 Ἕκτισε
1058 2762 1167 2833 γὰρ
1204 2765 1293 2829 εὶς
1333 2762 1398 2817 τὸ
1421 2757 1604 2825 εἶναι,
1656 2760 1890 2831 λέγουσα
1937 2758 2012 2814 τὰ

423 2849 642 2918 πάντα,
672 2856 705 2908 ό
735 2855 906 2920 Θεόςο
932 2855 1033 2908 καὶ
1062 2853 1339 2923 σωτήριοι
1378 2855 1439 2907 αἱ
1469 2853 1736 2925 γενέσεις
1769 2854 1874 2908 τοῦ
1912 2855 2013 2908 κό-

424 2957 584 3011 σμου
600 2959 614 2972 ’
634 2943 731 2997 καὶ
756 2945 866 2997 οὐκ
881 2944 1053 2997 ἔστιν
1072 2943 1142 2997 ἐν
1168 2942 1379 3010 αὐταῖς
1399 2943 1714 3013 φάρμακον
1735 2942 1945 3011 ὀλέθρο
1955 2962 2005 2998 υ.

426 3034 557 3100 Καὶ,
580 3035 609 3087 ὁ
653 3034 863 3099 Παῦλος
905 3035 961 3089 δὲ
1000 3036 1186 3107 σαφῶς
1236 3039 1520 3109 μαρτυρεῖ,
1555 3035 1759 3105 λέγων·
1806 3036 1876 3089 Ἦ
1900 3035 2010 3105 γὰρ

2111 1949 2231 1989 sum
2266 1932 2368 1986 hoc
2397 1929 2642 1984 funditus
2692 1924 2999 1996 periturum
3050 1918 3336 1980 dicamus;
3368 1926 3432 1966 ac
3461 1920 3683 1971 terram,

2110 2037 2401 2093 acremque
2421 2028 2475 2076 et
2504 2019 2705 2074 ciuium
2739 2012 3067 2085 quandoque
3095 2007 3364 2063 desitura.
3394 2001 3540 2057 Sane
3564 1999 3688 2070 quia

2109 2117 2232 2172 dem
2261 2113 2501 2171 mundus
2532 2112 2621 2166 hic
2647 2119 2795 2164 totus
2824 2116 2884 2162 ut
2921 2101 3143 2176 purgari
3167 2099 3347 2171 possit.
3383 2103 3438 2152 et
3477 2095 3690 2150 instau-

2108 2209 2243 2272 rari,
2274 2202 2680 2264 exundantibus
2717 2202 2785 2255 de
2813 2197 2956 2253 caelo
2987 2193 3246 2255 flammis,
3272 2187 3526 2245 incendio
3554 2200 3691 2240 con-

2110 2294 2391 2376 ﬂagrabit;
2416 2316 2526 2356 non
2557 2306 2741 2353 tamen
2768 2290 3017 2369 interibit
3051 2303 3115 2344 ac
3147 2292 3529 2355 corrumpetur
3570 2294 3689 2334 om-

2109 2399 2261 2452 nino.
2300 2390 2514 2448 Etenim
2543 2389 2590 2446 si
2622 2385 2885 2443 mundum
2911 2396 3022 2436 non
3052 2393 3174 2434 esse
3202 2390 3365 2448 quam
3399 2387 3542 2437 esse,
3572 2384 3690 2425 me-

2108 2488 2216 2544 lius
2249 2496 2372 2553 est;
2405 2499 2503 2539 cur
2531 2481 2676 2553 quod
2701 2477 2944 2534 deterius
2968 2479 3073 2537 est,
3112 2468 3378 2525 mundum
3413 2464 3691 2521 fabrican-

2112 2579 2203 2641 do,
2234 2577 2379 2632 Deus
2410 2573 2677 2646 eligeret?
2707 2571 2777 2625 At
2805 2582 2982 2640 neque
3012 2565 3155 2620 Deus
3190 2559 3520 2625 frustra,vel
3543 2553 3690 2626 quod

2112 2672 2354 2729 deterius
2399 2677 2502 2734 est,
2532 2681 2772 2738 unquam
2820 2665 3057 2718 crearet.
3091 2655 3456 2725 Quamobrem
3504 2658 3565 2705 ut
3597 2666 3690 2705 es-

2111 2770 2233 2820 sent
2264 2777 2328 2816 ac
2356 2765 2659 2818 manerent,
2696 2751 2949 2808 conditas
2994 2764 3025 2803 a
3076 2764 3133 2803 se
3172 2761 3261 2801 res
3294 2742 3442 2798 Deus
3478 2741 3691 2795 consti-

2111 2858 2250 2920 tuit;
2281 2848 2741 2924 quemadmodum
2791 2844 2957 2898 etiam
3017 2837 3297 2909 Sapientia
3360 2834 3558 2890 astruit
3604 2831 3691 2886 his

2111 2945 2293 3004 verbis
2320 2964 2333 2999 :
2361 2941 2570 2998 Creavit
2597 2940 2757 3001 enim,
2790 2943 2849 2989 ut
2881 2941 3054 2990 essent
3079 2931 3278 2996 omnia,
3315 2927 3489 2991 Deus;
3516 2935 3566 2979 et
3599 2942 3689 2978 sa-

2114 3039 2314 3093 lutares
2351 3044 2472 3090 sunt
2508 3031 2692 3087 mundi
2713 3026 3075 3100 generationes
3107 3039 3124 3077 :
3153 3032 3202 3077 et
3237 3038 3340 3075 non
3374 3029 3451 3075 est
3489 3020 3543 3072 in
3581 3015 3688 3071 illis

426 3112 875 3195 ἀποκαραδοκία
903 3127 1012 3196 τῆς
1041 3102 1296 3195 κτίσεως
1318 3102 1440 3197 ’τὴν
1466 3102 1857 3196 ἀποκάίυψιν

2113 3129 2548 3184 medicamentum
2567 3120 2865 3180 exterminii
2890 3118 2953 3170 ¹³.
2984 3117 3085 3171 Cui
3107 3124 3160 3171 ct
3182 3102 3468 3186 perspicue
3487 3111 3691 3165 Paulus

425 3218 573 3274 υἱῶν
593 3219 700 3274 τοῦ
731 3218 880 3273 Θεοῦ
897 3219 1310 3302 ἀπεκδέχεται.
1353 3219 1431 3289 Τῇ
1462 3219 1573 3290 γὰρ
1594 3222 1941 3290 ματαιότητι
1970 3223 2006 3291 η

2113 3220 2460 3290 astipulatur,
2492 3217 2567 3270 ita
2600 3214 2832 3283 loquens
2870 3226 2884 3264 :
2914 3207 3059 3261 Nam
3081 3205 3401 3275 exspectatio
3432 3213 3687 3258 creatura:

427 3310 625 3377 κτίσις
656 3310 943 3380 ὑπετάγη,
980 3314 1094 3380 οὐχ
1124 3312 1372 3376 ἑκοῦσα,
1402 3312 1565 3366 ἀλλὰ
1596 3311 1695 3365 διὰ
1728 3311 1834 3365 τὸν
1859 3316 2008 3367 ὐπο-

427 3400 693 3465 τάξαντα
709 3402 801 3454 ἐπ’
832 3403 1066 3457 ἐλπίδιο
1098 3402 1185 3457 ὅτι
1216 3403 1313 3457 καὶ
1353 3403 1507 3473 αὐτὴ
1541 3407 1580 3473 ἠ
1617 3406 1815 3471 κτίσις
1842 3406 2010 3459 ἐλευ-

430 3491 826 3561 θερωθήσεται
866 3494 984 3548 ἀπὸ
1034 3495 1144 3563 τῆς
1180 3495 1461 3563 δουλείας
1503 3495 1614 3566 τῆς
1656 3496 1879 3566 φθορᾶς
1922 3501 2008 3564 εὶς

428 3583 544 3653 τὴν
581 3585 930 3654 ἐλευθερίαν
956 3585 1067 3654 τῆς
1096 3586 1282 3657 δόξης
1304 3586 1424 3641 τῶν
1453 3586 1679 3642 τέκνων
1705 3589 1811 3643 τοῦ
1837 3590 2006 3644 Θεοῦ.

432 3674 513 3743 Τῇ
556 3675 666 3746 γὰρ
707 3677 1055 3746 ματαιότητι
1122 3679 1162 3747 ἡ
1210 3679 1406 3748 κτίσις
1473 3678 1762 3752 ὑπετάγη,
1813 3680 1996 3751 φησίν.

2111 3311 2481 3367 rei-elationem
2517 3306 2758 3376 ﬁliorum
2794 3301 2892 3355 Dei
2934 3305 3220 3367 exspectat.
3273 3295 3512 3350 Vanitati
3550 3295 3690 3347 enim

2110 3409 2357 3454 creatura
2396 3394 2631 3464 subjecta
2686 3399 2785 3455 est,
2828 3407 2930 3443 non
2959 3388 3157 3451 volens,
3193 3384 3283 3439 sed
3326 3394 3535 3454 propter
3571 3399 3691 3436 eum

2109 3491 2199 3561 qui
2226 3486 2449 3556 subjecit
2478 3501 2593 3539 eam
2618 3484 2673 3536 in
2696 3496 2783 3549 spe
2804 3497 2822 3534 :
2855 3479 2982 3549 quia
3010 3486 3060 3531 et
3084 3478 3202 3546 ipsa
3227 3482 3473 3529 creatura
3496 3473 3684 3527 libera-

2111 3581 2255 3635 bitur
2286 3597 2319 3633 a
2368 3578 2617 3633 servitute
2648 3572 3023 3641 corruptionis,
3068 3571 3124 3624 in
3168 3568 3468 3623 libertatem
3503 3566 3689 3638 gloria:

2110 3673 2348 3744 ﬁliorum
2374 3670 2471 3725 Dei
2501 3669 2567 3723 η.
2600 3664 2839 3723 Vauitati
2870 3664 3030 3727 enim,
3064 3661 3261 3732 inquit,
3294 3667 3542 3714 creatura
3565 3658 3692 3712 sub-

438 3765 1005 3838 Ἑλευθερωθήσεσθαι
1046 3767 1104 3821 δὲ
1148 3769 1245 3840 τῆς
1275 3769 1531 3841 τοιαύτης
1563 3751 1806 3834 δουλείας
1849 3788 2007 3842 προσι

2109 3765 2247 3835 iectu
2273 3762 2592 3831 est;abhac
2626 3773 2756 3813 vero
2789 3757 3054 3813 servitute
3081 3755 3173 3809 illa
3189 3759 3477 3823 exspectat
3493 3751 3693 3805 libera-‘

426 3856 580 3929 δοκᾷ,
644 3858 823 3911 κτίσιν
875 3859 966 3911 τὸν
1030 3859 1236 3931 κόσμον
1288 3859 1477 3915 τοῦτον
1530 3861 1853 3933 βουλόμενος
1905 3880 2006 3916 κα-

426 3946 538 4001 λεῖν
573 3946 707 4018 (78).
743 3948 817 4000 Οὐ
851 3946 961 4017 γὰρ
997 3946 1066 4000 τὰ
1106 3947 1181 4019 μὴ
1213 3946 1520 4019 βλεπόμενα
1560 3950 1626 4019 τῇ
1679 3949 1853 4021 φθορᾷ
1883 3948 2005 4002 δου-

426 4035 593 4102 λεύει,
639 4036 773 4091 ἁλλὰ
814 4036 986 4090 ταῦτα
1017 4035 1082 4108 δὴ
1127 4038 1196 4091 τὰ
1238 4037 1564 4110 βλεπόμενα.
1612 4038 1780 4093 Μένει
1825 4039 1932 4111 ἄρα
1973 4041 2006 4111 ἡ

426 4127 605 4193 κτίσις
633 4130 714 4194 είς
745 4129 807 4181 τὸ
831 4128 1053 4199 ἄμεινον
1078 4130 1646 4203 ἀνακαινοποιηθεῖσα,
1686 4132 1781 4186 καὶ
1811 4131 2010 4203 εὐπρε-

430 4219 694 4292 πέστερον
723 4220 1088 4293 ἀγαλλομένη,
1116 4221 1210 4275 καὶ
1242 4222 1507 4293 χαίρουσα
1536 4224 1628 4277 ἐπὶ
1658 4224 1771 4287 τοῖς
1798 4223 2009 4285 τέκνοις

429 4312 523 4368 τοῦ
569 4310 728 4377 Θεοῦ,
776 4316 841 4385 τῇ
891 4314 1186 4368 ἀναστάσει
1228 4312 1492 4374 στενάζει
1543 4315 1678 4388 (79),
1726 4316 1825 4369 καὶ
1861 4330 2013 4370 συνέ

428 4402 623 4457 ωδίνει
649 4402 784 4466 νῦν,
817 4402 914 4474 τὴν
947 4403 1320 4476 ἀπολύτρωσιν
1342 4404 1500 4475 ἡμῶν
1531 4406 1637 4460 ἀπὸ
1666 4405 1766 4476 τῆς
1804 4406 2008 4478 φθορᾶς

2110 3864 2226 3911 tum
2258 3854 2324 3909 iri
2354 3871 2365 3905 :
2390 3867 2499 3921 quo
2519 3857 2787 3906 creatura:
2810 3847 3030 3903 nomine
3057 3845 3322 3899 mundum
3357 3843 3503 3897 hunc
3527 3841 3691 3912 signi-

2110 3950 2275 4003 ﬁcare
2305 3943 2499 4001 voluit.
2535 3941 2654 3999 Non
2696 3941 2840 3997 enim
2870 3954 2992 4011 quas
3025 3937 3199 3993 videri
3246 3940 3552 4005 nequeunt,
3591 3931 3688 3988 sed

2109 4040 2226 4095 haec
2258 4054 2379 4110 quae
2420 4033 2814 4106 adspectabilia
2865 4038 3028 4096 sunt,
3062 4027 3389 4099 corruptela:
3416 4026 3684 4081 serviunt.

2111 4130 2289 4186 Manet
2322 4129 2489 4200 igitur
2531 4132 2782 4182 creatura
2830 4122 2887 4178 in
2917 4129 3119 4179 statum
3161 4119 3440 4174 meliorem
3489 4116 3689 4171 decen-

2108 4226 2414 4292 tioremque
2439 4225 2731 4282 renovata,
2759 4214 3003 4288 gaudens
3046 4213 3436 4280 exsultansque
3465 4223 3563 4278 pro
3598 4224 3684 4262 re-

2109 4312 2459 4384 surgentibus
2516 4308 2644 4365 ﬁliis
2687 4307 2782 4362 Dei
2838 4324 2851 4361 :
2903 4313 3239 4376 quapropter
3287 4299 3579 4370 ingemiscit
3635 4307 3684 4352 et

2108 4405 2342 4477 parturit
2364 4401 2538 4466 modo,
2569 4407 2892 4471 exspectans
2920 4407 2974 4452 et
2996 4397 3112 4468 ipsa
3139 4392 3564 4463 redemptionem
3585 4407 3686 4444 no-

428 4495 526 4548 καὶ
574 4493 712 4566 αὑτὴ
748 4492 844 4547 τοῦ
893 4493 1142 4565 σώματος
1178 4495 1587 4567 ἁπεκδεχομένη
1607 4513 1621 4526 ·
1659 4497 1807 4562 ὅπως
1851 4496 2007 4568 ἡμῶν

2114 4510 2282 4555 stram
2307 4513 2338 4551 a
2378 4495 2731 4566 corruptione
2758 4491 3045 4561 corporis;
3071 4495 3131 4542 ut
3151 4502 3275 4542 cum
3306 4483 3571 4539 fuerimus
3597 4499 3690 4539 ex-

430 4584 825 4657 ὲξεγερθέντων
879 4587 973 4640 καὶ
1026 4586 1503 4659 ἀποτιναξαμένων
1553 4588 1653 4659 τὴν
1706 4589 2006 4661 νεκρότητα

430 4680 528 4749 τῆς
553 4677 774 4750 σαρκὸς,
806 4678 946 4731 κατὰ
973 4677 1035 4730 τὸ
1061 4678 1447 4750 γεγραμμένον
1466 4719 1481 4744 ,
1528 4679 1865 4744 Ἐκτίναξαι
1900 4680 2008 4735 τὸν

430 4768 601 4838 χοῦν,
631 4768 728 4821 καί
759 4766 1072 4836 ἀνάστηθι,
1107 4767 1255 4843 [καί]
1288 4769 1561 4834 κάθισον,
1579 4764 2005 4840 Ἰερουσαλὴμ,

430 4859 902 4933 ἐλευθερωθέντων
930 4876 992 4915 τε
1033 4859 1133 4931 τῆς
1169 4862 1477 4934 ἁμαρτίας,
1514 4862 2008 4935 ἐλευθερωθήσεται

503 5018 548 5049 ¹²
566 5015 764 5071 larem.
791 5030 946 5081 xviii,
978 5014 1103 5072 5-6.
1180 5017 1225 5049 "
1246 5015 1376 5087 Sap.
1411 5035 1455 5085 ι,
1482 5018 1571 5074 Η.

527 5170 640 5247 ῖς)
668 5178 895 5247 Πρόσχ.
922 5175 1000 5231 Ex
1028 5174 1253 5247 Epiphi.
1276 5173 1410 5247 liter.
1442 5189 1596 5247 num.
1634 5172 1726 5228 28.

532 5193 598 5297 ,ἦ
623 5193 895 5301 Ἆιροοςχ.
926 5193 1000 5231 nx
1030 5193 1257 5301 ιιρὲριιέ
1277 5193 1410 5297 ιξωῆ.
1442 5193 1596 5256 nam.
1635 5193 1726 5228 zo.

532 5243 617 5385 is}
644 5250 1246 5385 Kiia‘éﬁi‘iiff‘sviz.
1261 5243 1897 5385 ῗὶὲηάὲὲέίῖῑηΒὲ-’.Ῥιὶοίἓ

430 5380 477 5456 ᾧ
644 5311 1060 5382 Καταϐασίῳ...
1080 5317 1246 5386 πυρί.
1264 5311 1519 5370 mendose
1542 5315 1728 5385 impr.,
1746 5311 2015 5379 καταϐὰς,

593 5418 640 5449 ,.

503 5456 557 5539 (7
566 5456 812 5539 7)“w'
832 5456 1041 5539 ecce,”
1065 5457 1274 5539 ἐπιοίει.
1296 5455 1400 5539 [die
1424 5454 1558 5539 editi
1582 5453 1762 5539 mutili
1782 5460 1838 5508 et
1860 5467 2014 5539 men-

503 5171 524 5385 ἓ

2114 4590 2264 4647 citati
2286 4604 2317 4644 a
2343 4590 2595 4654 mortuis,
2624 4602 2687 4642 ac
2732 4583 2916 4640 carnis
2951 4582 3336 4638 mortalitatem
3372 4577 3686 4633 excusseri-

2119 4699 2265 4745 mus,
2302 4697 2403 4752 pro
2422 4695 2488 4735 eo
2519 4694 2584 4734 ac
2619 4677 2883 4747 scriptum
2909 4682 2991 4729 est
3032 4693 3044 4729 :
3079 4672 3281 4727 Excute
3338 4670 3602 4739 pulverem
3637 4680 3686 4723 et

2116 4773 2237 4829 sede
2274 4789 2293 4828 :
2327 4789 2506 4842 surge,
2553 4767 2913 4825 Jerusalem”
2941 4781 2959 4820 :
2993 4764 3368 4834 fuerimusque
3411 4760 3623 4816 liberati
3657 4777 3686 4814 a

2117 4863 2384 4935 peccatis,
2407 4864 2523 4933 ipsa
2555 4875 2776 4932 quoque
2820 4860 3080 4915 liberetur
3108 4871 3136 4910 a
3165 4854 3517 4924 corruptione
3542 4870 3555 4906 :
3584 4864 3684 4905 nes

1669 5017 1714 5051 ιδ
1746 5017 1897 5075 Rom.
1925 5033 2047 5086 viil,
2082 5015 2273 5073 19-20.
2350 5016 2396 5048 “
2426 5013 2542 5071 Isa.
2575 5029 2673 5080 LII,
2701 5011 2759 5067 2.

2116 5186 2296 5295 gnere,
2330 5171 2412 5234 είς
2446 5171 2597 5232 νῖκος
2626 5165 2969 5236 καταλεῖψαι.
3003 5164 3211 5249 Alludit
3243 5161 3309 5245 ad
3334 5159 3499 5245 verba
3526 5150 3681 5210 Pauli

2162 5242 2292 5295 Cor.
2322 5257 2412 5295 xv.
2436 5239 2527 5295 54.
2567 5239 2830 5295 Absorpta
2860 5248 2937 5290 est
2971 5253 3111 5291 mors
3140 5253 3197 5289 in
3223 5242 3463 5293 victoria,
3495 5229 3574 5289 εἰς
3606 5227 3681 5278 νῖ-

2162 5227 2295 5297 (ὶοῑί
2322 5227 2412 5305 κν,
2436 5239 2527 5301 54,
2567 5227 2830 5307 Ᾱὺδονρεα
2860 5227 2937 5290 est
2971 5253 3111 5291 mors
3132 5237 3197 5307 in
3223 5232 3463 5307 victoria,
3495 5229 3574 5307 εἰς
3606 5227 3687 5307 νῖ-

2119 5330 2234 5377 κος,
2267 5304 2577 5381 quanquam
2613 5304 2814 5381 habent
2846 5307 3013 5377 aliqui
3046 5305 3264 5381 codices
3293 5304 3491 5381 νεῖκος,
3521 5304 3686 5381 utnte-

2120 5363 2506 5438 statuiviisti‘us
2536 5380 2721 5434 multis
2757 5363 3052 5433 excurrens
3079 5374 3144 5429 ad
3176 5388 3299 5436 eum
3333 5372 3534 5425 locum.
3566 5363 3689 5421 Non

2119 5454 2279 5508 video
2309 5466 2409 5506 cur
2439 5450 2724 5520 Epiphanii
2756 5449 3025 5520 interpres
3053 5446 3373 5516 suspicatus
3395 5440 3477 5520 sit
3500 5438 3684 5520 legen-

431 5510 573 5582 do‘si.
598 5510 920 5599 'Namvpost
952 5510 1045 5599 τὸν
1078 5510 1280 5599 κόσμον
1302 5529 1331 5581 ὁ
1359 5525 1513 5590 Θεός,
1543 5524 1743 5580 habent
1771 5522 2007 5596 ματαίως

2112 5524 2241 5580 dum
2267 5522 2350 5585 τὸ,
2375 5510 2575 5599 _veiu'og’,
2597 5519 2717 5599 dm}
2737 5516 2854 5599 τού,
2884 5510 3084 5599 νίκους,
3124 5510 3190 5569 a'c
3223 5526 3398 5599 neque
3426 5517 3486 5599 uLt
3517 5510 3685 5561 alter-

433 5596 777 5666 ἔχειροποίει.
798 5596 1042 5659 ίΟύκοῦν,
1071 5615 1125 5652 κ.
1158 5596 1209 5653 τ.
1236 5596 1288 5650 λ.

503 5647 1449 5802 ira?mea;'a;..;.;"euomazs.

526 5735 594 5790 79
644 5737 743 5791 Διό
778 5752 876 5791 στ.
910 5734 1096 5802 lmpr.,
1129 5739 1196 5792 δι’
1223 5737 1317 5802 οὒς
1349 5753 1433 5791 στ.

526 5734 616 5805 79)
644 5737 743 5791 Διό
778 5752 876 5791 στ.
910 5734 1096 5808 lmpr.,
1129 5734 1196 5792 δι’
1223 5737 1317 5802 οὒς
1349 5753 1433 5791 στ.

505 5805 616 5879 (80)
653 5808 735 5861 Ad
775 5805 1051 5864 victoriam
1081 5825 1141 5863 ac
1167 5825 1258 5864 ceu
1281 5807 1542 5877 triumpho
1573 5805 1833 5880 agendum
1857 5807 2013 5862 relin-

2112 5601 2296 5649 utrum
2336 5581 2611 5662 signiticet
2648 5602 2662 5639 :
2701 5591 2778 5662 in_
2801 5581 2951 5662 tanta
2986 5581 3330 5662 colitumelia:
3352 5581 3707 5662 probroque”

2110 5647 2528 5732 composuimus
2576 5674 2642 5715 ex
2696 5658 2878 5719 editis,
2909 5665 2992 5732 _et
3020 5647 3414 5732 VRupil‘ucaldii
3473 5647 3700 5732 codice,

2108 5717 2541 5792 testu-murium,
2590 5744 2783 5784 sanum
2819 5717 2955 5783 satis
2980 5731 3034 5780 et
3061 5717 3293 5790 clarum,
3316 5717 3683 5779 cumuli-olli.-

2110 5820 2214 5875 que
2233 5805 2452 5860 luxatus
2480 5807 2654 5857 exstet
2683 5800 2971 5870 minusque
3001 5813 3190 5853 sanus.
