  <div class='ocr_page' id='page_1' title='image "/cluster/home/n/w/nwhite01/storage/ocr_20150623/18/coo.31924054872985/152.png"; bbox 0 0 4150 6460; ppageno 0'>
   <div class='ocr_carea' id='block_1_1' title="bbox 497 385 605 439">
    <p class='ocr_par' dir='ltr' id='par_1_1' title="bbox 497 385 605 439">
     <span class='ocr_line' id='line_1_1' title="bbox 497 385 605 439; baseline 0 -1"><span class='ocrx_word' id='word_1_1' title='bbox 497 385 605 439; x_wconf 77' lang='lat'><strong>9.77</strong></span> 
     </span>
    </p>
   </div>
   <div class='ocr_carea' id='block_1_2' title="bbox 1562 381 2660 443">
    <p class='ocr_par' dir='ltr' id='par_1_2' title="bbox 1562 381 2660 443">
     <span class='ocr_line' id='line_1_2' title="bbox 1562 381 2660 443; baseline -0.002 -3"><span class='ocrx_word' id='word_1_2' title='bbox 1562 385 1658 441; x_wconf 77' lang='lat' dir='ltr'><strong>EX‘</strong></span> <span class='ocrx_word' id='word_1_3' title='bbox 1692 384 1896 443; x_wconf 72' lang='grc' dir='ltr'><strong>ΗΒΒο</strong></span> <span class='ocrx_word' id='word_1_4' title='bbox 1932 385 2020 440; x_wconf 84' lang='lat' dir='ltr'><strong>DE</strong></span> <span class='ocrx_word' id='word_1_5' title='bbox 2053 381 2660 441; x_wconf 76' lang='lat' dir='ltr'><strong>RESURBECTIONE.</strong></span> 
     </span>
    </p>
   </div>
   <div class='ocr_carea' id='block_1_3' title="bbox 3611 368 3714 425">
    <p class='ocr_par' dir='ltr' id='par_1_3' title="bbox 3611 368 3714 425">
     <span class='ocr_line' id='line_1_3' title="bbox 3611 368 3714 425; baseline -0.01 0"><span class='ocrx_word' id='word_1_6' title='bbox 3611 368 3714 425; x_wconf 78' lang='grc'><strong>278</strong></span> 
     </span>
    </p>
   </div>
   <div class='ocr_carea' id='block_1_4' title="bbox 498 486 2033 579">
    <p class='ocr_par' dir='ltr' id='par_1_4' title="bbox 498 504 2033 579">
     <span class='ocr_line' id='line_1_4' title="bbox 498 504 2033 579; baseline 0.001 -22"><span class='ocrx_word' id='word_1_7' title='bbox 498 504 712 577; x_wconf 78' lang='grc' dir='ltr'><strong>μένους,</strong></span> <span class='ocrx_word' id='word_1_8' title='bbox 762 504 797 577; x_wconf 77' lang='grc' dir='ltr'>ἢ</span> <span class='ocrx_word' id='word_1_9' title='bbox 842 506 1211 579; x_wconf 79' lang='grc' dir='ltr'><strong>γαμήσοντας,</strong></span> <span class='ocrx_word' id='word_1_10' title='bbox 1253 506 1289 578; x_wconf 73' lang='grc' dir='ltr'>ἦ</span> <span class='ocrx_word' id='word_1_11' title='bbox 1336 508 1787 579; x_wconf 83' lang='grc' dir='ltr'>γεννησομένους,</span> <span class='ocrx_word' id='word_1_12' title='bbox 1837 507 1951 562; x_wconf 84' lang='grc' dir='ltr'>ἀλλ’</span> <span class='ocrx_word' id='word_1_13' title='bbox 1982 507 2033 559; x_wconf 62' lang='grc' dir='ltr'>ὼι</span> 
     </span>
    </p>
   </div>
   <div class='ocr_carea' id='block_1_5' title="bbox 2136 486 3715 579">
    <p class='ocr_par' dir='ltr' id='par_1_5' title="bbox 2162 486 3715 564">
     <span class='ocr_line' id='line_1_5' title="bbox 2162 486 3715 564; baseline -0.011 -6"><span class='ocrx_word' id='word_1_14' title='bbox 2162 518 2262 560; x_wconf 85' lang='lat' dir='ltr'><strong>nec</strong></span> <span class='ocrx_word' id='word_1_15' title='bbox 2290 500 2541 558; x_wconf 89' lang='lat' dir='ltr'><strong>morituri</strong></span> <span class='ocrx_word' id='word_1_16' title='bbox 2574 498 2687 554; x_wconf 86' lang='lat' dir='ltr'><strong>sint</strong></span> <span class='ocrx_word' id='word_1_17' title='bbox 2738 493 2996 564; x_wconf 84' lang='lat' dir='ltr'><strong>amplius,</strong></span> <span class='ocrx_word' id='word_1_18' title='bbox 3018 503 3120 546; x_wconf 88' lang='lat' dir='ltr'><strong>nec</strong></span> <span class='ocrx_word' id='word_1_19' title='bbox 3166 486 3455 559; x_wconf 88' lang='lat' dir='ltr'><strong>copulandi</strong></span> <span class='ocrx_word' id='word_1_20' title='bbox 3490 488 3715 558; x_wconf 90' lang='lat' dir='ltr'><strong>nuptiis,</strong></span> 
     </span>
    </p>
   </div>
   <div class='ocr_carea' id='block_1_6' title="bbox 493 595 2055 671">
    <p class='ocr_par' dir='ltr' id='par_1_6' title="bbox 493 595 2055 671">
     <span class='ocr_line' id='line_1_6' title="bbox 493 595 2055 671; baseline 0.002 -23"><span class='ocrx_word' id='word_1_21' title='bbox 493 595 755 664; x_wconf 84' lang='grc' dir='ltr'><strong>ἀγγέλους</strong></span> <span class='ocrx_word' id='word_1_22' title='bbox 803 595 1235 669; x_wconf 73' lang='grc' dir='ltr'>ἀμεταστρόφως</span> <span class='ocrx_word' id='word_1_23' title='bbox 1273 598 1331 652; x_wconf 89' lang='grc' dir='ltr'><strong>ἐν</strong></span> <span class='ocrx_word' id='word_1_24' title='bbox 1386 597 1660 671; x_wconf 76' lang='grc' dir='ltr'><strong>ἀφθαρσίᾳ</strong></span> <span class='ocrx_word' id='word_1_25' title='bbox 1730 598 1800 653; x_wconf 81' lang='grc' dir='ltr'><strong>τὰ</strong></span> <span class='ocrx_word' id='word_1_26' title='bbox 1858 599 2055 669; x_wconf 83' lang='grc' dir='ltr'>ἄριστα</span> 
     </span>
    </p>
   </div>
   <div class='ocr_carea' id='block_1_7' title="bbox 495 686 2053 764">
    <p class='ocr_par' dir='ltr' id='par_1_7' title="bbox 495 686 2053 764">
     <span class='ocr_line' id='line_1_7' title="bbox 495 686 2053 764; baseline 0.004 -26"><span class='ocrx_word' id='word_1_27' title='bbox 495 686 814 758; x_wconf 78' lang='grc' dir='ltr'>πράξοντας.</span> <span class='ocrx_word' id='word_1_28' title='bbox 843 686 936 741; x_wconf 82' lang='grc' dir='ltr'><strong>Διὸ</strong></span> <span class='ocrx_word' id='word_1_29' title='bbox 969 687 1207 760; x_wconf 81' lang='grc' dir='ltr'><strong>ληρῶδες</strong></span> <span class='ocrx_word' id='word_1_30' title='bbox 1233 689 1295 744; x_wconf 81' lang='grc' dir='ltr'><strong>τὺ</strong></span> <span class='ocrx_word' id='word_1_31' title='bbox 1334 690 1392 744; x_wconf 83' lang='grc' dir='ltr'><strong>ἐν</strong></span> <span class='ocrx_word' id='word_1_32' title='bbox 1416 690 1544 762; x_wconf 78' lang='grc' dir='ltr'>ποίᾳ</span> <span class='ocrx_word' id='word_1_33' title='bbox 1571 691 1809 763; x_wconf 81' lang='grc' dir='ltr'><strong>διαγωγῇ</strong></span> <span class='ocrx_word' id='word_1_34' title='bbox 1838 692 1960 745; x_wconf 83' lang='grc' dir='ltr'>τότε</span> <span class='ocrx_word' id='word_1_35' title='bbox 1989 691 2053 764; x_wconf 79' lang='grc' dir='ltr'><strong>δή</strong></span> 
     </span>
    </p>
   </div>
   <div class='ocr_carea' id='block_1_8' title="bbox 493 776 2051 856">
    <p class='ocr_par' dir='ltr' id='par_1_8' title="bbox 493 776 2051 856">
     <span class='ocr_line' id='line_1_8' title="bbox 493 776 2051 856; baseline 0.012 -26"><span class='ocrx_word' id='word_1_36' title='bbox 493 777 561 830; x_wconf 79' lang='grc' dir='ltr'><strong>τὰ</strong></span> <span class='ocrx_word' id='word_1_37' title='bbox 589 776 814 848; x_wconf 85' lang='grc' dir='ltr'>σώματα</span> <span class='ocrx_word' id='word_1_38' title='bbox 843 778 1053 834; x_wconf 72' lang='grc' dir='ltr'>ἔσονται</span> <span class='ocrx_word' id='word_1_39' title='bbox 1083 780 1353 849; x_wconf 83' lang='grc' dir='ltr'>λέγεσθαι,</span> <span class='ocrx_word' id='word_1_40' title='bbox 1390 783 1528 855; x_wconf 85' lang='grc' dir='ltr'>μήτε</span> <span class='ocrx_word' id='word_1_41' title='bbox 1554 784 1732 855; x_wconf 81' lang='grc' dir='ltr'>ἀέρος,</span> <span class='ocrx_word' id='word_1_42' title='bbox 1765 784 1901 856; x_wconf 77' lang='grc' dir='ltr'>μήτε</span> <span class='ocrx_word' id='word_1_43' title='bbox 1928 784 2051 855; x_wconf 82' lang='grc' dir='ltr'>γῆς,</span> 
     </span>
    </p>
   </div>
   <div class='ocr_carea' id='block_1_9' title="bbox 495 868 1304 944">
    <p class='ocr_par' dir='ltr' id='par_1_9' title="bbox 495 868 1304 944">
     <span class='ocr_line' id='line_1_9' title="bbox 495 868 1304 944; baseline 0.006 -23"><span class='ocrx_word' id='word_1_44' title='bbox 495 869 633 939; x_wconf 83' lang='grc' dir='ltr'>μήτε</span> <span class='ocrx_word' id='word_1_45' title='bbox 664 868 771 924; x_wconf 86' lang='grc' dir='ltr'><strong>τῶν</strong></span> <span class='ocrx_word' id='word_1_46' title='bbox 800 869 975 926; x_wconf 80' lang='grc' dir='ltr'>ἄλλων</span> <span class='ocrx_word' id='word_1_47' title='bbox 1010 872 1304 944; x_wconf 83' lang='grc' dir='ltr'><strong>ἐσομένων.</strong></span> 
     </span>
    </p>
   </div>
   <div class='ocr_carea' id='block_1_10' title="bbox 561 1128 2054 1208">
    <p class='ocr_par' dir='ltr' id='par_1_10' title="bbox 561 1128 2054 1208">
     <span class='ocr_line' id='line_1_10' title="bbox 561 1128 2054 1208; baseline 0.007 -26"><span class='ocrx_word' id='word_1_48' title='bbox 561 1131 618 1183; x_wconf 84' lang='lat'><strong>1&#39;.</strong></span> <span class='ocrx_word' id='word_1_49' title='bbox 662 1128 843 1196; x_wconf 64' lang='grc' dir='ltr'>Ἄξιον</span> <span class='ocrx_word' id='word_1_50' title='bbox 890 1128 948 1184; x_wconf 85' lang='grc' dir='ltr'>δὲ</span> <span class='ocrx_word' id='word_1_51' title='bbox 985 1129 1094 1203; x_wconf 87' lang='grc'>(88)</span> <span class='ocrx_word' id='word_1_52' title='bbox 1143 1132 1367 1186; x_wconf 80' lang='grc' dir='ltr'>κάκεῖνο</span> <span class='ocrx_word' id='word_1_53' title='bbox 1409 1133 1543 1207; x_wconf 82' lang='grc' dir='ltr'>πρὸς</span> <span class='ocrx_word' id='word_1_54' title='bbox 1589 1136 1701 1198; x_wconf 78' lang='grc' dir='ltr'>τοῖς</span> <span class='ocrx_word' id='word_1_55' title='bbox 1745 1136 2054 1208; x_wconf 75' lang='grc' dir='ltr'>εἰρημένοις</span> 
     </span>
    </p>
   </div>
   <div class='ocr_carea' id='block_1_11' title="bbox 490 1218 2054 1297">
    <p class='ocr_par' dir='ltr' id='par_1_11' title="bbox 490 1218 2054 1297">
     <span class='ocr_line' id='line_1_11' title="bbox 490 1218 2054 1297; baseline 0.004 -27"><span class='ocrx_word' id='word_1_56' title='bbox 490 1219 825 1284; x_wconf 78' lang='grc' dir='ltr'>ἐπισκοπεῖν,</span> <span class='ocrx_word' id='word_1_57' title='bbox 848 1218 924 1283; x_wconf 86' lang='grc' dir='ltr'>ὡς</span> <span class='ocrx_word' id='word_1_58' title='bbox 952 1219 1064 1291; x_wconf 84' lang='grc' dir='ltr'>ἔχει</span> <span class='ocrx_word' id='word_1_59' title='bbox 1086 1220 1285 1293; x_wconf 85' lang='grc' dir='ltr'>πολλὴν</span> <span class='ocrx_word' id='word_1_60' title='bbox 1306 1220 1599 1277; x_wconf 84' lang='grc' dir='ltr'><strong>διάπτωσιν</strong></span> <span class='ocrx_word' id='word_1_61' title='bbox 1618 1261 1633 1286; x_wconf 87' lang='grc'><strong>,</strong></span> <span class='ocrx_word' id='word_1_62' title='bbox 1674 1224 1722 1277; x_wconf 77' lang='grc' dir='ltr'>εἰ</span> <span class='ocrx_word' id='word_1_63' title='bbox 1743 1223 1823 1278; x_wconf 87' lang='grc' dir='ltr'><strong>δεῖ</strong></span> <span class='ocrx_word' id='word_1_64' title='bbox 1841 1228 2054 1297; x_wconf 78' lang='grc' dir='ltr'>παρρη-</span> 
     </span>
    </p>
   </div>
   <div class='ocr_carea' id='block_1_12' title="bbox 493 1307 2053 1387">
    <p class='ocr_par' dir='ltr' id='par_1_12' title="bbox 493 1307 2053 1387">
     <span class='ocr_line' id='line_1_12' title="bbox 493 1307 2053 1387; baseline 0.006 -25"><span class='ocrx_word' id='word_1_65' title='bbox 493 1307 622 1362; x_wconf 83' lang='grc' dir='ltr'>σίαν.</span> <span class='ocrx_word' id='word_1_66' title='bbox 644 1310 796 1378; x_wconf 71' lang='grc' dir='ltr'>ἄγειν</span> <span class='ocrx_word' id='word_1_67' title='bbox 831 1310 958 1380; x_wconf 78' lang='grc' dir='ltr'>περὶ</span> <span class='ocrx_word' id='word_1_68' title='bbox 992 1310 1344 1382; x_wconf 82' lang='grc' dir='ltr'>τηλικούτων,</span> <span class='ocrx_word' id='word_1_69' title='bbox 1395 1311 1727 1383; x_wconf 67' lang='grc' dir='ltr'>Ἀγλαοφῶν,</span> <span class='ocrx_word' id='word_1_70' title='bbox 1769 1316 2053 1387; x_wconf 82' lang='grc' dir='ltr'>Ἕφρασας</span> 
     </span>
    </p>
   </div>
   <div class='ocr_carea' id='block_1_13' title="bbox 489 1399 2054 1476">
    <p class='ocr_par' dir='ltr' id='par_1_13' title="bbox 489 1399 2054 1476">
     <span class='ocr_line' id='line_1_13' title="bbox 489 1399 2054 1476; baseline 0.005 -23"><span class='ocrx_word' id='word_1_71' title='bbox 489 1399 605 1473; x_wconf 80' lang='grc' dir='ltr'><strong>γὰρ</strong></span> <span class='ocrx_word' id='word_1_72' title='bbox 626 1401 1006 1473; x_wconf 82' lang='grc' dir='ltr'>ἀποφήνασθαι</span> <span class='ocrx_word' id='word_1_73' title='bbox 1031 1403 1124 1457; x_wconf 83' lang='grc' dir='ltr'>τὸν</span> <span class='ocrx_word' id='word_1_74' title='bbox 1158 1403 1382 1475; x_wconf 85' lang='grc' dir='ltr'>Κύριον,</span> <span class='ocrx_word' id='word_1_75' title='bbox 1404 1404 1483 1470; x_wconf 83' lang='grc' dir='ltr'>ὡς</span> <span class='ocrx_word' id='word_1_76' title='bbox 1510 1405 1560 1458; x_wconf 73' lang='grc' dir='ltr'>οἱ</span> <span class='ocrx_word' id='word_1_77' title='bbox 1579 1405 1685 1476; x_wconf 83' lang='grc' dir='ltr'>τῆς</span> <span class='ocrx_word' id='word_1_78' title='bbox 1705 1406 2054 1472; x_wconf 82' lang='grc' dir='ltr'>ἀναστάσεως</span> 
     </span>
    </p>
   </div>
   <div class='ocr_carea' id='block_1_14' title="bbox 486 1490 2052 1569">
    <p class='ocr_par' dir='ltr' id='par_1_14' title="bbox 486 1490 2052 1569">
     <span class='ocr_line' id='line_1_14' title="bbox 486 1490 2052 1569; baseline 0.006 -26"><span class='ocrx_word' id='word_1_79' title='bbox 486 1490 796 1562; x_wconf 83' lang='grc' dir='ltr'>τευξόμενοι</span> <span class='ocrx_word' id='word_1_80' title='bbox 842 1493 1084 1547; x_wconf 71' lang='grc' dir='ltr'>ἔσονται</span> <span class='ocrx_word' id='word_1_81' title='bbox 1116 1493 1236 1548; x_wconf 83' lang='grc' dir='ltr'>τότε</span> <span class='ocrx_word' id='word_1_82' title='bbox 1274 1494 1355 1562; x_wconf 85' lang='grc' dir='ltr'>ὡς</span> <span class='ocrx_word' id='word_1_83' title='bbox 1397 1494 1660 1566; x_wconf 75' lang='grc' dir='ltr'>ἄγγελοι,</span> <span class='ocrx_word' id='word_1_84' title='bbox 1703 1496 1829 1553; x_wconf 76' lang='grc' dir='ltr'>ἔνθα</span> <span class='ocrx_word' id='word_1_85' title='bbox 1857 1498 2052 1569; x_wconf 86' lang='grc' dir='ltr'>πειρά-</span> 
     </span>
    </p>
   </div>
   <div class='ocr_carea' id='block_1_15' title="bbox 486 1581 2052 1661">
    <p class='ocr_par' dir='ltr' id='par_1_15' title="bbox 486 1581 2052 1661">
     <span class='ocr_line' id='line_1_15' title="bbox 486 1581 2052 1661; baseline 0.005 -26"><span class='ocrx_word' id='word_1_86' title='bbox 486 1581 668 1644; x_wconf 79' lang='grc' dir='ltr'>ζουσιν</span> <span class='ocrx_word' id='word_1_87' title='bbox 706 1584 869 1639; x_wconf 75' lang='grc' dir='ltr'>αὐτὸν</span> <span class='ocrx_word' id='word_1_88' title='bbox 895 1587 955 1642; x_wconf 73' lang='grc' dir='ltr'>οἱ,</span> <span class='ocrx_word' id='word_1_89' title='bbox 977 1585 1342 1641; x_wconf 87' lang='grc' dir='ltr'>Σαδδουκαῖοι.</span> <span class='ocrx_word' id='word_1_90' title='bbox 1396 1587 1691 1661; x_wconf 83' lang='grc' dir='ltr'>Ἐπέφερες</span> <span class='ocrx_word' id='word_1_91' title='bbox 1728 1585 1821 1643; x_wconf 78' lang='grc' dir='ltr'>οὖν</span> <span class='ocrx_word' id='word_1_92' title='bbox 1844 1606 1858 1620; x_wconf 73' lang='grc' dir='ltr'><strong>ο</strong></span> <span class='ocrx_word' id='word_1_93' title='bbox 1889 1589 1952 1644; x_wconf 78' lang='grc' dir='ltr'><strong>Οἱ</strong></span> <span class='ocrx_word' id='word_1_94' title='bbox 1995 1589 2052 1643; x_wconf 81' lang='grc' dir='ltr'>δὲ</span> 
     </span>
    </p>
   </div>
   <div class='ocr_carea' id='block_1_16' title="bbox 484 1671 2056 1753">
    <p class='ocr_par' dir='ltr' id='par_1_16' title="bbox 484 1671 2056 1753">
     <span class='ocr_line' id='line_1_16' title="bbox 484 1671 2056 1753; baseline 0.006 -27"><span class='ocrx_word' id='word_1_95' title='bbox 484 1671 724 1741; x_wconf 79' lang='grc' dir='ltr'>ἄγγελοι,</span> <span class='ocrx_word' id='word_1_96' title='bbox 750 1673 906 1738; x_wconf 82' lang='grc' dir='ltr'>ἐκτὸς</span> <span class='ocrx_word' id='word_1_97' title='bbox 928 1674 1078 1740; x_wconf 80' lang='grc' dir='ltr'>δντες</span> <span class='ocrx_word' id='word_1_98' title='bbox 1114 1676 1334 1747; x_wconf 84' lang='grc' dir='ltr'>σαρκὸς,</span> <span class='ocrx_word' id='word_1_99' title='bbox 1366 1679 1425 1732; x_wconf 81' lang='grc' dir='ltr'><strong>ἐν</strong></span> <span class='ocrx_word' id='word_1_100' title='bbox 1463 1679 1862 1752; x_wconf 84' lang='grc' dir='ltr'>μακαριότητος</span> <span class='ocrx_word' id='word_1_101' title='bbox 1887 1681 2056 1753; x_wconf 82' lang='grc' dir='ltr'>ἀκρό-</span> 
     </span>
    </p>
   </div>
   <div class='ocr_carea' id='block_1_17' title="bbox 483 1764 2048 1844">
    <p class='ocr_par' dir='ltr' id='par_1_17' title="bbox 483 1764 2048 1844">
     <span class='ocr_line' id='line_1_17' title="bbox 483 1764 2048 1844; baseline 0.007 -28"><span class='ocrx_word' id='word_1_102' title='bbox 483 1781 625 1835; x_wconf 81' lang='grc' dir='ltr'>τητι,</span> <span class='ocrx_word' id='word_1_103' title='bbox 654 1764 741 1819; x_wconf 78' lang='grc' dir='ltr'><strong>διὰ</strong></span> <span class='ocrx_word' id='word_1_104' title='bbox 780 1765 936 1820; x_wconf 81' lang='grc' dir='ltr'>τοῦτο</span> <span class='ocrx_word' id='word_1_105' title='bbox 985 1767 1083 1822; x_wconf 76' lang='grc' dir='ltr'>καὶ</span> <span class='ocrx_word' id='word_1_106' title='bbox 1132 1767 1292 1841; x_wconf 81' lang='grc' dir='ltr'>δόξης</span> <span class='ocrx_word' id='word_1_107' title='bbox 1320 1769 1459 1824; x_wconf 78' lang='grc' dir='ltr'>εῑσξ’</span> <span class='ocrx_word' id='word_1_108' title='bbox 1506 1772 1601 1825; x_wconf 63' lang='grc' dir='ltr'><strong>κα)¹</strong></span> <span class='ocrx_word' id='word_1_109' title='bbox 1638 1773 1783 1843; x_wconf 78' lang='grc' dir='ltr'>ἡμᾶς</span> <span class='ocrx_word' id='word_1_110' title='bbox 1815 1772 1871 1825; x_wconf 90' lang='grc' dir='ltr'><strong>δέ</strong></span> <span class='ocrx_word' id='word_1_111' title='bbox 1919 1772 2048 1844; x_wconf 80' lang='grc' dir='ltr'>ἄρα,</span> 
     </span>
    </p>
   </div>
   <div class='ocr_carea' id='block_1_18' title="bbox 2155 576 3718 665">
    <p class='ocr_par' dir='ltr' id='par_1_18' title="bbox 2155 576 3718 665">
     <span class='ocr_line' id='line_1_18' title="bbox 2155 576 3718 665; baseline -0.014 -14"><span class='ocrx_word' id='word_1_112' title='bbox 2155 603 2249 650; x_wconf 88' lang='lat' dir='ltr'><strong>aut</strong></span> <span class='ocrx_word' id='word_1_113' title='bbox 2274 590 2623 665; x_wconf 83' lang='lat' dir='ltr'><strong>procreandae</strong></span> <span class='ocrx_word' id='word_1_114' title='bbox 2663 586 2839 644; x_wconf 81' lang='lat' dir='ltr'><strong>soboli</strong></span> <span class='ocrx_word' id='word_1_115' title='bbox 2877 596 3100 655; x_wconf 82' lang='lat' dir='ltr'><strong>Operam</strong></span> <span class='ocrx_word' id='word_1_116' title='bbox 3131 579 3333 643; x_wconf 91' lang='lat' dir='ltr'><strong>daturi,</strong></span> <span class='ocrx_word' id='word_1_117' title='bbox 3365 577 3459 633; x_wconf 90' lang='lat' dir='ltr'><strong>sed</strong></span> <span class='ocrx_word' id='word_1_118' title='bbox 3500 576 3718 647; x_wconf 63' lang='lat' dir='ltr'><strong>angelo&#39;</strong></span> 
     </span>
    </p>
   </div>
   <div class='ocr_carea' id='block_1_19' title="bbox 2156 670 3715 752">
    <p class='ocr_par' dir='ltr' id='par_1_19' title="bbox 2156 670 3715 752">
     <span class='ocr_line' id='line_1_19' title="bbox 2156 670 3715 752; baseline -0.012 -11"><span class='ocrx_word' id='word_1_119' title='bbox 2156 702 2278 741; x_wconf 90' lang='lat' dir='ltr'><strong>rum</strong></span> <span class='ocrx_word' id='word_1_120' title='bbox 2330 699 2502 752; x_wconf 90' lang='lat' dir='ltr'><strong>more,</strong></span> <span class='ocrx_word' id='word_1_121' title='bbox 2532 683 2651 739; x_wconf 85' lang='lat' dir='ltr'><strong>sine</strong></span> <span class='ocrx_word' id='word_1_122' title='bbox 2701 680 2814 735; x_wconf 87' lang='lat' dir='ltr'><strong>ulla</strong></span> <span class='ocrx_word' id='word_1_123' title='bbox 2866 675 3188 737; x_wconf 75' lang='lat' dir='ltr'><strong>mutatione,</strong></span> <span class='ocrx_word' id='word_1_124' title='bbox 3230 670 3524 726; x_wconf 82' lang='lat' dir='ltr'><strong>immortali</strong></span> <span class='ocrx_word' id='word_1_125' title='bbox 3572 676 3715 725; x_wconf 84' lang='lat' dir='ltr'><strong>statu</strong></span> 
     </span>
    </p>
   </div>
   <div class='ocr_carea' id='block_1_20' title="bbox 2154 760 3713 840">
    <p class='ocr_par' dir='ltr' id='par_1_20' title="bbox 2154 760 3713 840">
     <span class='ocr_line' id='line_1_20' title="bbox 2154 760 3713 840; baseline -0.011 -8"><span class='ocrx_word' id='word_1_126' title='bbox 2154 774 2467 832; x_wconf 76' lang='lat' dir='ltr'><strong>felicissime</strong></span> <span class='ocrx_word' id='word_1_127' title='bbox 2483 770 2687 827; x_wconf 78' lang='lat' dir='ltr'><strong>&#39;victuri</strong></span> <span class='ocrx_word' id='word_1_128' title='bbox 2713 768 2847 840; x_wconf 89' lang='lat'><strong>(90).</strong></span> <span class='ocrx_word' id='word_1_129' title='bbox 2869 762 3213 833; x_wconf 79' lang='lat' dir='ltr'><strong>Proindeque</strong></span> <span class='ocrx_word' id='word_1_130' title='bbox 3235 768 3318 815; x_wconf 92' lang='lat' dir='ltr'><strong>est</strong></span> <span class='ocrx_word' id='word_1_131' title='bbox 3334 760 3557 815; x_wconf 91' lang='lat' dir='ltr'><strong>stultum</strong></span> <span class='ocrx_word' id='word_1_132' title='bbox 3570 774 3713 829; x_wconf 45' lang='lat' dir='ltr'><strong>quas</strong></span> 
     </span>
    </p>
   </div>
   <div class='ocr_carea' id='block_1_21' title="bbox 2155 856 3714 939">
    <p class='ocr_par' dir='ltr' id='par_1_21' title="bbox 2155 856 3714 939">
     <span class='ocr_line' id='line_1_21' title="bbox 2155 856 3714 939; baseline -0.015 -12"><span class='ocrx_word' id='word_1_133' title='bbox 2155 885 2300 937; x_wconf 82' lang='lat' dir='ltr'><strong>rere,</strong></span> <span class='ocrx_word' id='word_1_134' title='bbox 2322 881 2561 939; x_wconf 88' lang='lat' dir='ltr'><strong>quanam</strong></span> <span class='ocrx_word' id='word_1_135' title='bbox 2581 864 2709 921; x_wconf 80' lang='lat' dir='ltr'><strong>vitae</strong></span> <span class='ocrx_word' id='word_1_136' title='bbox 2728 860 2945 917; x_wconf 85' lang='lat' dir='ltr'><strong>ratione</strong></span> <span class='ocrx_word' id='word_1_137' title='bbox 2972 872 3142 913; x_wconf 89' lang='lat' dir='ltr'><strong>usura</strong></span> <span class='ocrx_word' id='word_1_138' title='bbox 3173 856 3284 911; x_wconf 90' lang='lat' dir='ltr'><strong>sint</strong></span> <span class='ocrx_word' id='word_1_139' title='bbox 3316 867 3569 924; x_wconf 89' lang='lat' dir='ltr'><strong>corpora,</strong></span> <span class='ocrx_word' id='word_1_140' title='bbox 3592 865 3714 906; x_wconf 90' lang='lat' dir='ltr'><strong>cum</strong></span> 
     </span>
    </p>
   </div>
   <div class='ocr_carea' id='block_1_22' title="bbox 2154 945 3717 1030">
    <p class='ocr_par' dir='ltr' id='par_1_22' title="bbox 2154 945 3717 1030">
     <span class='ocr_line' id='line_1_22' title="bbox 2154 945 3717 1030; baseline -0.014 -14"><span class='ocrx_word' id='word_1_141' title='bbox 2154 974 2330 1030; x_wconf 87' lang='lat' dir='ltr'><strong>neque</strong></span> <span class='ocrx_word' id='word_1_142' title='bbox 2360 969 2677 1026; x_wconf 81' lang='lat' dir='ltr'><strong>aer,.neque</strong></span> <span class='ocrx_word' id='word_1_143' title='bbox 2696 959 2865 1017; x_wconf 89' lang='lat' dir='ltr'><strong>terra,</strong></span> <span class='ocrx_word' id='word_1_144' title='bbox 2884 962 3060 1021; x_wconf 89' lang='lat' dir='ltr'><strong>neque</strong></span> <span class='ocrx_word' id='word_1_145' title='bbox 3081 945 3374 1018; x_wconf 83' lang='lat' dir='ltr'><strong>quidquam</strong></span> <span class='ocrx_word' id='word_1_146' title='bbox 3397 949 3717 1000; x_wconf 72' lang='lat' dir='ltr'><strong>caeterorum</strong></span> 
     </span>
    </p>
   </div>
   <div class='ocr_carea' id='block_1_23' title="bbox 2154 1043 2790 1119">
    <p class='ocr_par' dir='ltr' id='par_1_23' title="bbox 2154 1043 2790 1119">
     <span class='ocr_line' id='line_1_23' title="bbox 2154 1043 2790 1119; baseline -0.017 -13"><span class='ocrx_word' id='word_1_147' title='bbox 2154 1052 2226 1107; x_wconf 88' lang='lat' dir='ltr'><strong>sit</strong></span> <span class='ocrx_word' id='word_1_148' title='bbox 2251 1048 2486 1119; x_wconf 85' lang='lat' dir='ltr'><strong>amplius</strong></span> <span class='ocrx_word' id='word_1_149' title='bbox 2521 1043 2790 1100; x_wconf 78' lang='lat' dir='ltr'><strong>futurum.</strong></span> 
     </span>
    </p>
   </div>
   <div class='ocr_carea' id='block_1_24' title="bbox 2223 1124 3716 1197">
    <p class='ocr_par' dir='ltr' id='par_1_24' title="bbox 2223 1124 3716 1197">
     <span class='ocr_line' id='line_1_24' title="bbox 2223 1124 3716 1197; baseline -0.015 0"><span class='ocrx_word' id='word_1_150' title='bbox 2223 1141 2292 1197; x_wconf 84' lang='lat' dir='ltr'><strong>X.</strong></span> <span class='ocrx_word' id='word_1_151' title='bbox 2323 1141 2406 1197; x_wconf 84' lang='lat' dir='ltr'><strong>Ad</strong></span> <span class='ocrx_word' id='word_1_152' title='bbox 2432 1139 2551 1194; x_wconf 64' lang='lat' dir='ltr'><strong>hate</strong></span> <span class='ocrx_word' id='word_1_153' title='bbox 2576 1151 2709 1193; x_wconf 75' lang='lat' dir='ltr'><strong>vero</strong></span> <span class='ocrx_word' id='word_1_154' title='bbox 2763 1140 2848 1190; x_wconf 90' lang='lat' dir='ltr'><strong>est</strong></span> <span class='ocrx_word' id='word_1_155' title='bbox 2879 1140 2933 1189; x_wconf 88' lang='lat' dir='ltr'><strong>et</strong></span> <span class='ocrx_word' id='word_1_156' title='bbox 2983 1130 3115 1186; x_wconf 89' lang='lat' dir='ltr'><strong>illud</strong></span> <span class='ocrx_word' id='word_1_157' title='bbox 3141 1129 3342 1184; x_wconf 81' lang='lat' dir='ltr'><strong>merito</strong></span> <span class='ocrx_word' id='word_1_158' title='bbox 3365 1124 3716 1181; x_wconf 80' lang='lat' dir='ltr'><strong>consideran-</strong></span> 
     </span>
    </p>
   </div>
   <div class='ocr_carea' id='block_1_25' title="bbox 2153 1213 3717 1297">
    <p class='ocr_par' dir='ltr' id='par_1_25' title="bbox 2153 1213 3717 1297">
     <span class='ocr_line' id='line_1_25' title="bbox 2153 1213 3717 1297; baseline -0.015 -9"><span class='ocrx_word' id='word_1_159' title='bbox 2153 1233 2283 1289; x_wconf 91' lang='lat' dir='ltr'><strong>dum</strong></span> <span class='ocrx_word' id='word_1_160' title='bbox 2306 1271 2322 1297; x_wconf 94' lang='lat'><strong>,</strong></span> <span class='ocrx_word' id='word_1_161' title='bbox 2355 1238 2415 1285; x_wconf 93' lang='lat' dir='ltr'><strong>ut</strong></span> <span class='ocrx_word' id='word_1_162' title='bbox 2442 1228 2700 1284; x_wconf 86' lang='lat' dir='ltr'><strong>nimirum</strong></span> <span class='ocrx_word' id='word_1_163' title='bbox 2736 1224 2935 1279; x_wconf 86' lang='lat' dir='ltr'><strong>habeat</strong></span> <span class='ocrx_word' id='word_1_164' title='bbox 2965 1221 3188 1275; x_wconf 88' lang='lat' dir='ltr'><strong>multam</strong></span> <span class='ocrx_word' id='word_1_165' title='bbox 3230 1217 3446 1271; x_wconf 86' lang='lat' dir='ltr'><strong>ruinam</strong></span> <span class='ocrx_word' id='word_1_166' title='bbox 3468 1213 3605 1285; x_wconf 86' lang='grc'>(91),</span> <span class='ocrx_word' id='word_1_167' title='bbox 3636 1220 3717 1266; x_wconf 86' lang='lat' dir='ltr'><strong>at-</strong></span> 
     </span>
    </p>
   </div>
   <div class='ocr_carea' id='block_1_26' title="bbox 2153 1306 3717 1396">
    <p class='ocr_par' dir='ltr' id='par_1_26' title="bbox 2153 1306 3717 1396">
     <span class='ocr_line' id='line_1_26' title="bbox 2153 1306 3717 1396; baseline -0.015 -16"><span class='ocrx_word' id='word_1_168' title='bbox 2153 1340 2259 1396; x_wconf 76' lang='lat' dir='ltr'><strong>que</strong></span> <span class='ocrx_word' id='word_1_169' title='bbox 2280 1338 2312 1378; x_wconf 89' lang='lat' dir='ltr'><strong>a</strong></span> <span class='ocrx_word' id='word_1_170' title='bbox 2342 1336 2472 1379; x_wconf 82' lang='lat' dir='ltr'><strong>vero</strong></span> <span class='ocrx_word' id='word_1_171' title='bbox 2501 1322 2778 1376; x_wconf 90' lang='lat' dir='ltr'><strong>incautum</strong></span> <span class='ocrx_word' id='word_1_172' title='bbox 2809 1314 3041 1371; x_wconf 84' lang='lat' dir='ltr'><strong>abducat</strong></span> <span class='ocrx_word' id='word_1_173' title='bbox 3073 1331 3089 1368; x_wconf 89' lang='lat'>:</span> <span class='ocrx_word' id='word_1_174' title='bbox 3118 1308 3383 1382; x_wconf 84' lang='lat' dir='ltr'><strong>siquidem</strong></span> <span class='ocrx_word' id='word_1_175' title='bbox 3425 1313 3510 1362; x_wconf 88' lang='lat' dir='ltr'><strong>est</strong></span> <span class='ocrx_word' id='word_1_176' title='bbox 3551 1306 3604 1359; x_wconf 93' lang='lat' dir='ltr'><strong>in</strong></span> <span class='ocrx_word' id='word_1_177' title='bbox 3631 1320 3717 1358; x_wconf 87' lang='lat' dir='ltr'><strong>rc-</strong></span> 
     </span>
    </p>
   </div>
   <div class='ocr_carea' id='block_1_27' title="bbox 2152 1396 3717 1478">
    <p class='ocr_par' dir='ltr' id='par_1_27' title="bbox 2152 1396 3717 1478">
     <span class='ocr_line' id='line_1_27' title="bbox 2152 1396 3717 1478; baseline -0.013 -7"><span class='ocrx_word' id='word_1_178' title='bbox 2152 1417 2256 1471; x_wconf 83' lang='lat' dir='ltr'><strong>bus</strong></span> <span class='ocrx_word' id='word_1_179' title='bbox 2287 1413 2455 1469; x_wconf 87' lang='lat' dir='ltr'><strong>tantis</strong></span> <span class='ocrx_word' id='word_1_180' title='bbox 2483 1411 2745 1467; x_wconf 86' lang='lat' dir='ltr'><strong>audacter</strong></span> <span class='ocrx_word' id='word_1_181' title='bbox 2777 1406 3128 1478; x_wconf 85' lang='lat' dir='ltr'><strong>loquendum,</strong></span> <span class='ocrx_word' id='word_1_182' title='bbox 3161 1422 3194 1457; x_wconf 87' lang='grc' dir='ltr'><strong>υ</strong></span> <span class='ocrx_word' id='word_1_183' title='bbox 3222 1400 3563 1473; x_wconf 79' lang='lat' dir='ltr'><strong>Aglaophon.</strong></span> <span class='ocrx_word' id='word_1_184' title='bbox 3581 1396 3717 1451; x_wconf 88' lang='lat' dir='ltr'><strong>Nam</strong></span> 
     </span>
    </p>
   </div>
   <div class='ocr_carea' id='block_1_28' title="bbox 2152 1492 3715 1575">
    <p class='ocr_par' dir='ltr' id='par_1_28' title="bbox 2152 1492 3715 1575">
     <span class='ocr_line' id='line_1_28' title="bbox 2152 1492 3715 1575; baseline -0.013 -13"><span class='ocrx_word' id='word_1_185' title='bbox 2152 1506 2339 1562; x_wconf 80' lang='lat' dir='ltr'><strong>dixisti</strong></span> <span class='ocrx_word' id='word_1_186' title='bbox 2372 1502 2722 1575; x_wconf 86' lang='lat' dir='ltr'><strong>respondisse</strong></span> <span class='ocrx_word' id='word_1_187' title='bbox 2757 1499 3044 1555; x_wconf 89' lang='lat' dir='ltr'><strong>Dominum</strong></span> <span class='ocrx_word' id='word_1_188' title='bbox 3092 1493 3409 1550; x_wconf 86' lang='lat' dir='ltr'><strong>Sadducaeis</strong></span> <span class='ocrx_word' id='word_1_189' title='bbox 3455 1492 3715 1546; x_wconf 75' lang='lat' dir='ltr'><strong>tentanti-</strong></span> 
     </span>
    </p>
   </div>
   <div class='ocr_carea' id='block_1_29' title="bbox 2151 1588 3715 1665">
    <p class='ocr_par' dir='ltr' id='par_1_29' title="bbox 2151 1588 3715 1665">
     <span class='ocr_line' id='line_1_29' title="bbox 2151 1588 3715 1665; baseline -0.013 -11"><span class='ocrx_word' id='word_1_190' title='bbox 2151 1599 2254 1654; x_wconf 84' lang='lat' dir='ltr'><strong>bus</strong></span> <span class='ocrx_word' id='word_1_191' title='bbox 2276 1637 2293 1665; x_wconf 90' lang='lat'><strong>,</strong></span> <span class='ocrx_word' id='word_1_192' title='bbox 2327 1596 2464 1660; x_wconf 80' lang='lat' dir='ltr'><strong>fore,</strong></span> <span class='ocrx_word' id='word_1_193' title='bbox 2509 1601 2570 1649; x_wconf 90' lang='lat' dir='ltr'><strong>ut</strong></span> <span class='ocrx_word' id='word_1_194' title='bbox 2627 1592 2723 1663; x_wconf 89' lang='lat' dir='ltr'><strong>qui</strong></span> <span class='ocrx_word' id='word_1_195' title='bbox 2777 1588 3193 1647; x_wconf 89' lang='lat' dir='ltr'><strong>resurrectionis</strong></span> <span class='ocrx_word' id='word_1_196' title='bbox 3222 1594 3503 1655; x_wconf 89' lang='lat' dir='ltr'><strong>compotes</strong></span> <span class='ocrx_word' id='word_1_197' title='bbox 3533 1591 3715 1646; x_wconf 87' lang='lat' dir='ltr'><strong>erunt,</strong></span> 
     </span>
    </p>
   </div>
   <div class='ocr_carea' id='block_1_30' title="bbox 2152 1674 3716 1756">
    <p class='ocr_par' dir='ltr' id='par_1_30' title="bbox 2152 1674 3716 1756">
     <span class='ocr_line' id='line_1_30' title="bbox 2152 1674 3716 1756; baseline -0.011 -13"><span class='ocrx_word' id='word_1_198' title='bbox 2152 1690 2257 1743; x_wconf 79' lang='lat' dir='ltr'><strong>sint</strong></span> <span class='ocrx_word' id='word_1_199' title='bbox 2311 1689 2446 1742; x_wconf 80' lang='lat' dir='ltr'><strong>sicut</strong></span> <span class='ocrx_word' id='word_1_200' title='bbox 2496 1684 2750 1756; x_wconf 73' lang='lat' dir='ltr'><strong>angeli“.</strong></span> <span class='ocrx_word' id='word_1_201' title='bbox 2793 1681 3031 1736; x_wconf 79' lang='lat' dir='ltr'><strong>[ntulisti</strong></span> <span class='ocrx_word' id='word_1_202' title='bbox 3090 1695 3264 1750; x_wconf 78' lang='lat' dir='ltr'><strong>ergo:</strong></span> <span class='ocrx_word' id='word_1_203' title='bbox 3299 1675 3463 1746; x_wconf 81' lang='lat' dir='ltr'><strong>Atqui</strong></span> <span class='ocrx_word' id='word_1_204' title='bbox 3519 1674 3716 1743; x_wconf 81' lang='lat' dir='ltr'><strong>angeli,</strong></span> 
     </span>
    </p>
   </div>
   <div class='ocr_carea' id='block_1_31' title="bbox 2154 1766 3715 1850">
    <p class='ocr_par' dir='ltr' id='par_1_31' title="bbox 2154 1766 3715 1850">
     <span class='ocr_line' id='line_1_31' title="bbox 2154 1766 3715 1850; baseline -0.011 -15"><span class='ocrx_word' id='word_1_205' title='bbox 2154 1780 2282 1850; x_wconf 85' lang='lat' dir='ltr'><strong>quia</strong></span> <span class='ocrx_word' id='word_1_206' title='bbox 2310 1779 2496 1835; x_wconf 87' lang='lat' dir='ltr'><strong>carnis</strong></span> <span class='ocrx_word' id='word_1_207' title='bbox 2542 1783 2815 1846; x_wconf 80' lang='lat' dir='ltr'><strong>expertes,</strong></span> <span class='ocrx_word' id='word_1_208' title='bbox 2856 1775 2911 1829; x_wconf 91' lang='lat' dir='ltr'><strong>in</strong></span> <span class='ocrx_word' id='word_1_209' title='bbox 2957 1786 3170 1828; x_wconf 90' lang='lat' dir='ltr'><strong>summa</strong></span> <span class='ocrx_word' id='word_1_210' title='bbox 3218 1772 3424 1840; x_wconf 86' lang='lat' dir='ltr'><strong>degunt</strong></span> <span class='ocrx_word' id='word_1_211' title='bbox 3458 1766 3715 1823; x_wconf 74' lang='lat' dir='ltr'><strong>felicitate</strong></span> 
     </span>
    </p>
   </div>
   <div class='ocr_carea' id='block_1_32' title="bbox 482 1854 2033 1939">
    <p class='ocr_par' dir='ltr' id='par_1_32' title="bbox 482 1854 2033 1936">
     <span class='ocr_line' id='line_1_32' title="bbox 482 1854 2033 1936; baseline 0.005 -28"><span class='ocrx_word' id='word_1_212' title='bbox 482 1854 824 1921; x_wconf 75' lang='grc' dir='ltr'>ἐξισάζεσθαι</span> <span class='ocrx_word' id='word_1_213' title='bbox 874 1859 1161 1931; x_wconf 86' lang='grc' dir='ltr'>μέλλοντας</span> <span class='ocrx_word' id='word_1_214' title='bbox 1187 1863 1458 1932; x_wconf 81' lang='grc' dir='ltr'>ἀγγέλοις,</span> <span class='ocrx_word' id='word_1_215' title='bbox 1488 1863 1698 1936; x_wconf 80' lang='grc' dir='ltr'>ἀνάγκη</span> <span class='ocrx_word' id='word_1_216' title='bbox 1722 1862 1805 1935; x_wconf 80' lang='grc' dir='ltr'>δὴ,</span> <span class='ocrx_word' id='word_1_217' title='bbox 1838 1862 2033 1935; x_wconf 64' lang='grc' dir='ltr'>σαρκῶῑ</span> 
     </span>
    </p>
   </div>
   <div class='ocr_carea' id='block_1_33' title="bbox 2136 1854 3715 1939">
    <p class='ocr_par' dir='ltr' id='par_1_33' title="bbox 2154 1860 3715 1939">
     <span class='ocr_line' id='line_1_33' title="bbox 2154 1860 3715 1939; baseline -0.011 -15"><span class='ocrx_word' id='word_1_218' title='bbox 2154 1875 2210 1924; x_wconf 90' lang='lat' dir='ltr'><strong>et</strong></span> <span class='ocrx_word' id='word_1_219' title='bbox 2236 1868 2407 1939; x_wconf 79' lang='lat' dir='ltr'><strong>gloria</strong></span> <span class='ocrx_word' id='word_1_220' title='bbox 2443 1884 2460 1922; x_wconf 91' lang='lat'><strong>:</strong></span> <span class='ocrx_word' id='word_1_221' title='bbox 2495 1880 2667 1937; x_wconf 84' lang='lat' dir='ltr'><strong>quare</strong></span> <span class='ocrx_word' id='word_1_222' title='bbox 2698 1873 2753 1920; x_wconf 88' lang='lat' dir='ltr'><strong>et</strong></span> <span class='ocrx_word' id='word_1_223' title='bbox 2781 1878 2882 1919; x_wconf 89' lang='lat' dir='ltr'><strong>nos</strong></span> <span class='ocrx_word' id='word_1_224' title='bbox 2911 1878 3050 1934; x_wconf 91' lang='lat' dir='ltr'><strong>quos</strong></span> <span class='ocrx_word' id='word_1_225' title='bbox 3078 1860 3281 1930; x_wconf 62' lang='lat' dir='ltr'><strong>aequari</strong></span> <span class='ocrx_word' id='word_1_226' title='bbox 3313 1865 3526 1929; x_wconf 87' lang='lat' dir='ltr'><strong>oportet</strong></span> <span class='ocrx_word' id='word_1_227' title='bbox 3551 1871 3715 1923; x_wconf 79' lang='lat' dir='ltr'><strong>ange-</strong></span> 
     </span>
    </p>
   </div>
   <div class='ocr_carea' id='block_1_34' title="bbox 480 1946 2046 2024">
    <p class='ocr_par' dir='ltr' id='par_1_34' title="bbox 480 1946 2046 2024">
     <span class='ocr_line' id='line_1_34' title="bbox 480 1946 2046 2024; baseline 0.004 -23"><span class='ocrx_word' id='word_1_228' title='bbox 480 1946 739 2013; x_wconf 82' lang='grc' dir='ltr'>ὡσαύτως</span> <span class='ocrx_word' id='word_1_229' title='bbox 779 1950 1009 2015; x_wconf 78' lang='grc' dir='ltr'>ἐκείνοις</span> <span class='ocrx_word' id='word_1_230' title='bbox 1047 1954 1306 2024; x_wconf 83' lang='grc' dir='ltr'>γυμνοὺς,</span> <span class='ocrx_word' id='word_1_231' title='bbox 1350 1954 1613 2023; x_wconf 81' lang='grc' dir='ltr'>ἀγγέλους</span> <span class='ocrx_word' id='word_1_232' title='bbox 1657 1954 1873 2011; x_wconf 81' lang='grc' dir='ltr'>ἔσεσθαι</span> <span class='ocrx_word' id='word_1_233' title='bbox 1915 1954 2046 2009; x_wconf 77' lang='grc' dir='ltr'>δεῖν’</span> 
     </span>
    </p>
   </div>
   <div class='ocr_carea' id='block_1_35' title="bbox 479 2036 2050 2116">
    <p class='ocr_par' dir='ltr' id='par_1_35' title="bbox 479 2036 2050 2116">
     <span class='ocr_line' id='line_1_35' title="bbox 479 2036 2050 2116; baseline 0.006 -25"><span class='ocrx_word' id='word_1_234' title='bbox 479 2038 581 2092; x_wconf 85' lang='grc' dir='ltr'>οὐκ</span> <span class='ocrx_word' id='word_1_235' title='bbox 621 2040 937 2112; x_wconf 83' lang='grc' dir='ltr'>ἐπιστήσας,</span> <span class='ocrx_word' id='word_1_236' title='bbox 996 2036 1041 2098; x_wconf 81' lang='grc' dir='ltr'><strong>ὧ</strong></span> <span class='ocrx_word' id='word_1_237' title='bbox 1100 2043 1327 2116; x_wconf 81' lang='grc' dir='ltr'>ἄριστε,</span> <span class='ocrx_word' id='word_1_238' title='bbox 1371 2044 1446 2110; x_wconf 85' lang='grc' dir='ltr'><strong>ὡς</strong></span> <span class='ocrx_word' id='word_1_239' title='bbox 1477 2047 1515 2100; x_wconf 86' lang='grc' dir='ltr'>ὁ.</span> <span class='ocrx_word' id='word_1_240' title='bbox 1536 2047 1767 2116; x_wconf 84' lang='grc' dir='ltr'>ποιήσας</span> <span class='ocrx_word' id='word_1_241' title='bbox 1810 2046 1903 2100; x_wconf 73' lang='grc' dir='ltr'>καὶ</span> <span class='ocrx_word' id='word_1_242' title='bbox 1936 2045 2050 2099; x_wconf 83' lang='grc' dir='ltr'>δια-</span> 
     </span>
    </p>
   </div>
   <div class='ocr_carea' id='block_1_36' title="bbox 481 2131 2046 2209">
    <p class='ocr_par' dir='ltr' id='par_1_36' title="bbox 481 2131 2046 2209">
     <span class='ocr_line' id='line_1_36' title="bbox 481 2131 2046 2209; baseline 0.006 -26"><span class='ocrx_word' id='word_1_243' title='bbox 481 2131 761 2203; x_wconf 86' lang='grc' dir='ltr'>κοσμήσας</span> <span class='ocrx_word' id='word_1_244' title='bbox 796 2131 854 2199; x_wconf 86' lang='grc' dir='ltr'>ἐξ</span> <span class='ocrx_word' id='word_1_245' title='bbox 894 2134 993 2187; x_wconf 83' lang='grc' dir='ltr'><strong>ούκ</strong></span> <span class='ocrx_word' id='word_1_246' title='bbox 1028 2134 1195 2189; x_wconf 80' lang='grc' dir='ltr'>ὄντων</span> <span class='ocrx_word' id='word_1_247' title='bbox 1235 2135 1296 2188; x_wconf 85' lang='grc' dir='ltr'>τὸ</span> <span class='ocrx_word' id='word_1_248' title='bbox 1329 2138 1456 2201; x_wconf 80' lang='grc' dir='ltr'>πᾶν,</span> <span class='ocrx_word' id='word_1_249' title='bbox 1490 2138 1588 2209; x_wconf 84' lang='grc' dir='ltr'>τὴν</span> <span class='ocrx_word' id='word_1_250' title='bbox 1623 2137 1732 2190; x_wconf 86' lang='grc' dir='ltr'><strong>τῶν</strong></span> <span class='ocrx_word' id='word_1_251' title='bbox 1765 2138 2046 2193; x_wconf 77' lang='grc' dir='ltr'>ἀθανάτων</span> 
     </span>
    </p>
   </div>
   <div class='ocr_carea' id='block_1_37' title="bbox 478 2222 2048 2303">
    <p class='ocr_par' dir='ltr' id='par_1_37' title="bbox 478 2222 2048 2303">
     <span class='ocr_line' id='line_1_37' title="bbox 478 2222 2048 2303; baseline 0.005 -28"><span class='ocrx_word' id='word_1_252' title='bbox 478 2222 660 2291; x_wconf 77' lang='grc' dir='ltr'>φύσιν,</span> <span class='ocrx_word' id='word_1_253' title='bbox 701 2223 760 2277; x_wconf 84' lang='grc' dir='ltr'>οὐ</span> <span class='ocrx_word' id='word_1_254' title='bbox 790 2224 949 2295; x_wconf 86' lang='grc' dir='ltr'>μόνον</span> <span class='ocrx_word' id='word_1_255' title='bbox 1000 2227 1079 2290; x_wconf 79' lang='grc' dir='ltr'>εἰς</span> <span class='ocrx_word' id='word_1_256' title='bbox 1121 2226 1383 2296; x_wconf 79' lang='grc' dir='ltr'>ἀγγέλους</span> <span class='ocrx_word' id='word_1_257' title='bbox 1427 2229 1522 2282; x_wconf 78' lang='grc' dir='ltr'>καὶ</span> <span class='ocrx_word' id='word_1_258' title='bbox 1551 2229 1893 2303; x_wconf 86' lang='grc' dir='ltr'>λειτουργοὺς</span> <span class='ocrx_word' id='word_1_259' title='bbox 1934 2231 2048 2284; x_wconf 89' lang='grc' dir='ltr'>δια-</span> 
     </span>
    </p>
   </div>
   <div class='ocr_carea' id='block_1_38' title="bbox 478 2314 2048 2395">
    <p class='ocr_par' dir='ltr' id='par_1_38' title="bbox 478 2314 2048 2395">
     <span class='ocr_line' id='line_1_38' title="bbox 478 2314 2048 2395; baseline 0.006 -26"><span class='ocrx_word' id='word_1_260' title='bbox 478 2314 670 2386; x_wconf 80' lang='grc' dir='ltr'>νείμας</span> <span class='ocrx_word' id='word_1_261' title='bbox 705 2315 1080 2388; x_wconf 85' lang='grc' dir='ltr'>διεκόσμησεν,</span> <span class='ocrx_word' id='word_1_262' title='bbox 1131 2318 1267 2373; x_wconf 84' lang='grc' dir='ltr'>ἀλλὰ</span> <span class='ocrx_word' id='word_1_263' title='bbox 1306 2322 1399 2375; x_wconf 80' lang='grc' dir='ltr'>καὶ</span> <span class='ocrx_word' id='word_1_264' title='bbox 1450 2324 1528 2386; x_wconf 75' lang='grc' dir='ltr'>εἰς</span> <span class='ocrx_word' id='word_1_265' title='bbox 1572 2322 1765 2394; x_wconf 80' lang='grc' dir='ltr'>ἀρχὰς,</span> <span class='ocrx_word' id='word_1_266' title='bbox 1810 2323 1902 2377; x_wconf 76' lang='grc' dir='ltr'>καὶ</span> <span class='ocrx_word' id='word_1_267' title='bbox 1931 2323 2048 2395; x_wconf 82' lang='grc' dir='ltr'>θρό-</span> 
     </span>
    </p>
   </div>
   <div class='ocr_carea' id='block_1_39' title="bbox 477 2406 2043 2489">
    <p class='ocr_par' dir='ltr' id='par_1_39' title="bbox 477 2406 2043 2489">
     <span class='ocr_line' id='line_1_39' title="bbox 477 2406 2043 2489; baseline 0.006 -31"><span class='ocrx_word' id='word_1_268' title='bbox 477 2422 618 2470; x_wconf 86' lang='grc' dir='ltr'>νους,</span> <span class='ocrx_word' id='word_1_269' title='bbox 651 2406 745 2460; x_wconf 73' lang='grc' dir='ltr'><strong>καὶ</strong></span> <span class='ocrx_word' id='word_1_270' title='bbox 773 2406 1036 2475; x_wconf 82' lang='grc' dir='ltr'>ἐξουσίας.</span> <span class='ocrx_word' id='word_1_271' title='bbox 1071 2410 1232 2464; x_wconf 79' lang='grc' dir='ltr'>Ἀλλο</span> <span class='ocrx_word' id='word_1_272' title='bbox 1254 2410 1361 2484; x_wconf 84' lang='grc' dir='ltr'><strong>γὰρ</strong></span> <span class='ocrx_word' id='word_1_273' title='bbox 1385 2412 1539 2489; x_wconf 88' lang='grc' dir='ltr'>γένος</span> <span class='ocrx_word' id='word_1_274' title='bbox 1559 2414 1619 2489; x_wconf 53' lang='lat' dir='ltr'><strong>eo</strong></span> <span class='ocrx_word' id='word_1_275' title='bbox 1644 2413 1749 2467; x_wconf 87' lang='grc' dir='ltr'><strong>τῶν</strong></span> <span class='ocrx_word' id='word_1_276' title='bbox 1778 2415 2043 2483; x_wconf 85' lang='grc' dir='ltr'>ἀγγέλων,</span> 
     </span>
    </p>
   </div>
   <div class='ocr_carea' id='block_1_40' title="bbox 475 2497 2044 2577">
    <p class='ocr_par' dir='ltr' id='par_1_40' title="bbox 475 2497 2044 2577">
     <span class='ocr_line' id='line_1_40' title="bbox 475 2497 2044 2577; baseline 0.006 -27"><span class='ocrx_word' id='word_1_277' title='bbox 475 2498 569 2550; x_wconf 80' lang='grc' dir='ltr'>καὶ</span> <span class='ocrx_word' id='word_1_278' title='bbox 591 2497 722 2555; x_wconf 76' lang='grc' dir='ltr'>ἄλλο,</span> <span class='ocrx_word' id='word_1_279' title='bbox 744 2499 802 2553; x_wconf 86' lang='grc' dir='ltr'>τὸ</span> <span class='ocrx_word' id='word_1_280' title='bbox 830 2499 940 2554; x_wconf 87' lang='grc' dir='ltr'><strong>τῶν</strong></span> <span class='ocrx_word' id='word_1_281' title='bbox 976 2500 1160 2572; x_wconf 85' lang='grc' dir='ltr'>ἀρχῶν</span> <span class='ocrx_word' id='word_1_282' title='bbox 1193 2503 1287 2556; x_wconf 72' lang='grc' dir='ltr'>καὶ</span> <span class='ocrx_word' id='word_1_283' title='bbox 1326 2502 1611 2570; x_wconf 81' lang='grc' dir='ltr'>ἐξουσιῶν·</span> <span class='ocrx_word' id='word_1_284' title='bbox 1642 2504 1723 2557; x_wconf 83' lang='grc' dir='ltr'>ὅτι</span> <span class='ocrx_word' id='word_1_285' title='bbox 1755 2504 1827 2577; x_wconf 86' lang='grc' dir='ltr'>μὴ</span> <span class='ocrx_word' id='word_1_286' title='bbox 1858 2506 2044 2577; x_wconf 82' lang='grc' dir='ltr'>τάγμα</span> 
     </span>
    </p>
   </div>
   <div class='ocr_carea' id='block_1_41' title="bbox 473 2584 2043 2666">
    <p class='ocr_par' dir='ltr' id='par_1_41' title="bbox 473 2584 2043 2666">
     <span class='ocr_line' id='line_1_41' title="bbox 473 2584 2043 2666; baseline 0.008 -27"><span class='ocrx_word' id='word_1_287' title='bbox 473 2584 554 2652; x_wconf 73' lang='grc' dir='ltr'>ἓν,</span> <span class='ocrx_word' id='word_1_288' title='bbox 579 2588 672 2642; x_wconf 74' lang='grc' dir='ltr'>καὶ</span> <span class='ocrx_word' id='word_1_289' title='bbox 699 2588 796 2660; x_wconf 82' lang='grc' dir='ltr'>μία</span> <span class='ocrx_word' id='word_1_290' title='bbox 821 2592 1096 2656; x_wconf 85' lang='grc' dir='ltr'>σύστασις,</span> <span class='ocrx_word' id='word_1_291' title='bbox 1127 2592 1222 2646; x_wconf 78' lang='grc' dir='ltr'>καὶ</span> <span class='ocrx_word' id='word_1_292' title='bbox 1244 2592 1403 2664; x_wconf 82' lang='grc' dir='ltr'>φυλὴ,</span> <span class='ocrx_word' id='word_1_293' title='bbox 1428 2595 1520 2648; x_wconf 81' lang='grc' dir='ltr'>καὶ</span> <span class='ocrx_word' id='word_1_294' title='bbox 1550 2594 1753 2666; x_wconf 80' lang='grc' dir='ltr'>πατριά</span> <span class='ocrx_word' id='word_1_295' title='bbox 1773 2596 1881 2650; x_wconf 87' lang='grc' dir='ltr'><strong>τῶν</strong></span> <span class='ocrx_word' id='word_1_296' title='bbox 1909 2598 2043 2651; x_wconf 84' lang='grc' dir='ltr'>ἀθα-</span> 
     </span>
    </p>
   </div>
   <div class='ocr_carea' id='block_1_42' title="bbox 474 2679 2040 2759">
    <p class='ocr_par' dir='ltr' id='par_1_42' title="bbox 474 2679 2040 2759">
     <span class='ocr_line' id='line_1_42' title="bbox 474 2679 2040 2759; baseline 0.007 -27"><span class='ocrx_word' id='word_1_297' title='bbox 474 2679 682 2733; x_wconf 82' lang='grc' dir='ltr'>νάτων·</span> <span class='ocrx_word' id='word_1_298' title='bbox 751 2680 887 2736; x_wconf 81' lang='grc' dir='ltr'><strong>ἀλλά</strong></span> <span class='ocrx_word' id='word_1_299' title='bbox 939 2682 1091 2755; x_wconf 75' lang='grc' dir='ltr'>γένη,</span> <span class='ocrx_word' id='word_1_300' title='bbox 1147 2685 1242 2738; x_wconf 78' lang='grc' dir='ltr'>καὶ</span> <span class='ocrx_word' id='word_1_301' title='bbox 1295 2685 1478 2754; x_wconf 76' lang='grc' dir='ltr'>φυλαὶ,</span> <span class='ocrx_word' id='word_1_302' title='bbox 1507 2686 1600 2740; x_wconf 74' lang='grc' dir='ltr'><strong>καὶ</strong></span> <span class='ocrx_word' id='word_1_303' title='bbox 1630 2688 1912 2759; x_wconf 82' lang='grc' dir='ltr'>διαφοραί·</span> <span class='ocrx_word' id='word_1_304' title='bbox 1945 2690 2040 2743; x_wconf 74' lang='grc' dir='ltr'>καὶ</span> 
     </span>
    </p>
   </div>
   <div class='ocr_carea' id='block_1_43' title="bbox 471 2761 2037 2848">
    <p class='ocr_par' dir='ltr' id='par_1_43' title="bbox 471 2761 2037 2848">
     <span class='ocr_line' id='line_1_43' title="bbox 471 2761 2037 2848; baseline 0.006 -23"><span class='ocrx_word' id='word_1_305' title='bbox 471 2768 593 2825; x_wconf 75' lang='grc' dir='ltr'>οὔτε</span> <span class='ocrx_word' id='word_1_306' title='bbox 616 2770 687 2826; x_wconf 86' lang='grc' dir='ltr'><strong>τὰ</strong></span> <span class='ocrx_word' id='word_1_307' title='bbox 715 2772 999 2844; x_wconf 76' lang='grc' dir='ltr'>χερουόὶμ,</span> <span class='ocrx_word' id='word_1_308' title='bbox 1027 2775 1126 2846; x_wconf 85' lang='grc' dir='ltr'>τῆς</span> <span class='ocrx_word' id='word_1_309' title='bbox 1159 2775 1294 2840; x_wconf 79' lang='grc' dir='ltr'>ιδίας</span> <span class='ocrx_word' id='word_1_310' title='bbox 1327 2776 1654 2848; x_wconf 82' lang='grc' dir='ltr'>ἐξιστάμενα</span> <span class='ocrx_word' id='word_1_311' title='bbox 1686 2761 1921 2848; x_wconf 69' lang='grc' dir='ltr'>φύσεως,</span> <span class='ocrx_word' id='word_1_312' title='bbox 1956 2781 2037 2844; x_wconf 70' lang='grc' dir='ltr'><strong>εἰς</strong></span> 
     </span>
    </p>
   </div>
   <div class='ocr_carea' id='block_1_44' title="bbox 470 2860 2035 2939">
    <p class='ocr_par' dir='ltr' id='par_1_44' title="bbox 470 2860 2035 2939">
     <span class='ocr_line' id='line_1_44' title="bbox 470 2860 2035 2939; baseline 0.009 -26"><span class='ocrx_word' id='word_1_313' title='bbox 470 2860 567 2934; x_wconf 72' lang='grc' dir='ltr'>τὴν</span> <span class='ocrx_word' id='word_1_314' title='bbox 608 2862 717 2917; x_wconf 86' lang='grc' dir='ltr'><strong>τῶν</strong></span> <span class='ocrx_word' id='word_1_315' title='bbox 762 2864 1005 2934; x_wconf 87' lang='grc' dir='ltr'>ἀγγέλων</span> <span class='ocrx_word' id='word_1_316' title='bbox 1061 2867 1202 2922; x_wconf 81' lang='grc' dir='ltr'>ἰδέαν</span> <span class='ocrx_word' id='word_1_317' title='bbox 1251 2869 1746 2939; x_wconf 75' lang='grc' dir='ltr'>μετασκευάζονται</span> <span class='ocrx_word' id='word_1_318' title='bbox 1765 2886 1780 2899; x_wconf 76' lang='grc'><strong><em>⁸</em></strong></span> <span class='ocrx_word' id='word_1_319' title='bbox 1827 2869 1936 2926; x_wconf 73' lang='grc' dir='ltr'>οὔτ’</span> <span class='ocrx_word' id='word_1_320' title='bbox 1967 2868 2035 2927; x_wconf 78' lang='grc' dir='ltr'>αὖ</span> 
     </span>
    </p>
   </div>
   <div class='ocr_carea' id='block_1_45' title="bbox 470 2953 2038 3036">
    <p class='ocr_par' dir='ltr' id='par_1_45' title="bbox 470 2953 2038 3036">
     <span class='ocr_line' id='line_1_45' title="bbox 470 2953 2038 3036; baseline 0.008 -30"><span class='ocrx_word' id='word_1_321' title='bbox 470 2953 632 3007; x_wconf 81' lang='grc' dir='ltr'>πάλιν</span> <span class='ocrx_word' id='word_1_322' title='bbox 677 2955 758 3019; x_wconf 74' lang='grc' dir='ltr'><strong>εἰς</strong></span> <span class='ocrx_word' id='word_1_323' title='bbox 801 2954 993 3028; x_wconf 85' lang='grc' dir='ltr'>ἐτέραν</span> <span class='ocrx_word' id='word_1_324' title='bbox 1026 2956 1138 3030; x_wconf 89' lang='grc'><strong>(89)</strong></span> <span class='ocrx_word' id='word_1_325' title='bbox 1178 2960 1226 3013; x_wconf 76' lang='grc' dir='ltr'>οἱ</span> <span class='ocrx_word' id='word_1_326' title='bbox 1273 2959 1514 3030; x_wconf 75' lang='grc' dir='ltr'>ἄγγελοι.</span> <span class='ocrx_word' id='word_1_327' title='bbox 1546 2957 1702 3016; x_wconf 78' lang='grc' dir='ltr'>Εἶναι</span> <span class='ocrx_word' id='word_1_328' title='bbox 1746 2962 1855 3036; x_wconf 84' lang='grc' dir='ltr'><strong>γὰρ</strong></span> <span class='ocrx_word' id='word_1_329' title='bbox 1899 2964 2038 3019; x_wconf 81' lang='grc' dir='ltr'>αὐτά</span> 
     </span>
    </p>
   </div>
   <div class='ocr_carea' id='block_1_46' title="bbox 470 3044 2039 3126">
    <p class='ocr_par' dir='ltr' id='par_1_46' title="bbox 470 3044 2039 3126">
     <span class='ocr_line' id='line_1_46' title="bbox 470 3044 2039 3126; baseline 0.007 -29"><span class='ocrx_word' id='word_1_330' title='bbox 470 3044 573 3117; x_wconf 83' lang='grc' dir='ltr'><strong>χρὴ</strong></span> <span class='ocrx_word' id='word_1_331' title='bbox 600 3046 694 3099; x_wconf 81' lang='grc' dir='ltr'>καὶ</span> <span class='ocrx_word' id='word_1_332' title='bbox 720 3046 749 3099; x_wconf 83' lang='grc' dir='ltr'>ὅ</span> <span class='ocrx_word' id='word_1_333' title='bbox 780 3048 905 3112; x_wconf 76' lang='grc' dir='ltr'>εισι,</span> <span class='ocrx_word' id='word_1_334' title='bbox 936 3048 1030 3101; x_wconf 74' lang='grc' dir='ltr'>καὶ</span> <span class='ocrx_word' id='word_1_335' title='bbox 1061 3047 1091 3101; x_wconf 82' lang='grc' dir='ltr'><strong>ὃ</strong></span> <span class='ocrx_word' id='word_1_336' title='bbox 1127 3049 1431 3119; x_wconf 88' lang='grc' dir='ltr'>γεγόνασιν.</span> <span class='ocrx_word' id='word_1_337' title='bbox 1474 3051 1638 3122; x_wconf 82' lang='grc' dir='ltr'>Ἀτάρ</span> <span class='ocrx_word' id='word_1_338' title='bbox 1662 3054 1756 3107; x_wconf 74' lang='grc' dir='ltr'>καὶ</span> <span class='ocrx_word' id='word_1_339' title='bbox 1782 3054 1811 3105; x_wconf 77' lang='grc' dir='ltr'>ὁ</span> <span class='ocrx_word' id='word_1_340' title='bbox 1834 3053 2039 3126; x_wconf 86' lang='grc' dir='ltr'>ἅνθρω-</span> 
     </span>
    </p>
   </div>
   <div class='ocr_carea' id='block_1_47' title="bbox 469 3136 2038 3213">
    <p class='ocr_par' dir='ltr' id='par_1_47' title="bbox 469 3136 2038 3213">
     <span class='ocr_line' id='line_1_47' title="bbox 469 3136 2038 3213; baseline 0.008 -26"><span class='ocrx_word' id='word_1_341' title='bbox 469 3152 568 3199; x_wconf 78' lang='grc' dir='ltr'><strong>πος</strong></span> <span class='ocrx_word' id='word_1_342' title='bbox 607 3136 698 3190; x_wconf 84' lang='grc' dir='ltr'>τὸν</span> <span class='ocrx_word' id='word_1_343' title='bbox 744 3136 947 3210; x_wconf 83' lang='grc' dir='ltr'>κόσμον</span> <span class='ocrx_word' id='word_1_344' title='bbox 991 3140 1194 3205; x_wconf 78' lang='grc' dir='ltr'>οἰκεῖν,</span> <span class='ocrx_word' id='word_1_345' title='bbox 1238 3140 1333 3194; x_wconf 64' lang='grc' dir='ltr'><strong>κοιλ⁸</strong></span> <span class='ocrx_word' id='word_1_346' title='bbox 1365 3141 1473 3195; x_wconf 87' lang='grc' dir='ltr'><strong>τῶν</strong></span> <span class='ocrx_word' id='word_1_347' title='bbox 1523 3142 1581 3197; x_wconf 88' lang='grc' dir='ltr'><strong>ἐν</strong></span> <span class='ocrx_word' id='word_1_348' title='bbox 1630 3141 1779 3213; x_wconf 84' lang='grc' dir='ltr'>αὐτῷ</span> <span class='ocrx_word' id='word_1_349' title='bbox 1821 3144 2038 3199; x_wconf 86' lang='grc' dir='ltr'>πάντων</span> 
     </span>
    </p>
   </div>
   <div class='ocr_carea' id='block_1_48' title="bbox 2152 1946 3714 2022">
    <p class='ocr_par' dir='ltr' id='par_1_48' title="bbox 2152 1946 3714 2022">
     <span class='ocr_line' id='line_1_48' title="bbox 2152 1946 3714 2022; baseline -0.01 -7"><span class='ocrx_word' id='word_1_350' title='bbox 2152 1960 2238 2022; x_wconf 88' lang='lat' dir='ltr'><strong>lis,</strong></span> <span class='ocrx_word' id='word_1_351' title='bbox 2271 1973 2498 2014; x_wconf 88' lang='lat' dir='ltr'><strong>necesse</strong></span> <span class='ocrx_word' id='word_1_352' title='bbox 2525 1965 2611 2013; x_wconf 88' lang='lat' dir='ltr'><strong>est</strong></span> <span class='ocrx_word' id='word_1_353' title='bbox 2645 1956 2721 2011; x_wconf 57' lang='lat' dir='ltr'><strong>ad.</strong></span> <span class='ocrx_word' id='word_1_354' title='bbox 2739 1954 2988 2010; x_wconf 89' lang='lat' dir='ltr'><strong>eumdem</strong></span> <span class='ocrx_word' id='word_1_355' title='bbox 3018 1951 3236 2006; x_wconf 91' lang='lat' dir='ltr'><strong>modum</strong></span> <span class='ocrx_word' id='word_1_356' title='bbox 3266 1965 3429 2002; x_wconf 88' lang='lat' dir='ltr'><strong>carne</strong></span> <span class='ocrx_word' id='word_1_357' title='bbox 3459 1946 3714 2008; x_wconf 78' lang='lat' dir='ltr'><strong>nudatos,</strong></span> 
     </span>
    </p>
   </div>
   <div class='ocr_carea' id='block_1_49' title="bbox 2150 2038 3715 2122">
    <p class='ocr_par' dir='ltr' id='par_1_49' title="bbox 2150 2038 3715 2122">
     <span class='ocr_line' id='line_1_49' title="bbox 2150 2038 3715 2122; baseline -0.011 -16"><span class='ocrx_word' id='word_1_358' title='bbox 2150 2052 2370 2122; x_wconf 70' lang='lat' dir='ltr'><strong>angelos</strong></span> <span class='ocrx_word' id='word_1_359' title='bbox 2403 2050 2539 2106; x_wconf 85' lang='lat' dir='ltr'><strong>ﬁeri.</strong></span> <span class='ocrx_word' id='word_1_360' title='bbox 2574 2045 2687 2103; x_wconf 88' lang='lat' dir='ltr'><strong>Nec</strong></span> <span class='ocrx_word' id='word_1_361' title='bbox 2730 2046 2884 2112; x_wconf 89' lang='lat' dir='ltr'><strong>illud,</strong></span> <span class='ocrx_word' id='word_1_362' title='bbox 2936 2044 3138 2114; x_wconf 82' lang='lat' dir='ltr'><strong>Optime</strong></span> <span class='ocrx_word' id='word_1_363' title='bbox 3167 2041 3432 2103; x_wconf 81' lang='lat' dir='ltr'><strong>virorum,</strong></span> <span class='ocrx_word' id='word_1_364' title='bbox 3468 2038 3715 2092; x_wconf 88' lang='lat' dir='ltr'><strong>animad-</strong></span> 
     </span>
    </p>
   </div>
   <div class='ocr_carea' id='block_1_50' title="bbox 2148 2129 3713 2209">
    <p class='ocr_par' dir='ltr' id='par_1_50' title="bbox 2148 2129 3713 2209">
     <span class='ocr_line' id='line_1_50' title="bbox 2148 2129 3713 2209; baseline -0.01 -14"><span class='ocrx_word' id='word_1_365' title='bbox 2148 2141 2358 2198; x_wconf 80' lang='lat' dir='ltr'><strong>vertisti</strong></span> <span class='ocrx_word' id='word_1_366' title='bbox 2385 2159 2401 2208; x_wconf 93' lang='lat'><strong>;</strong></span> <span class='ocrx_word' id='word_1_367' title='bbox 2427 2155 2573 2205; x_wconf 90' lang='lat' dir='ltr'><strong>eum,</strong></span> <span class='ocrx_word' id='word_1_368' title='bbox 2604 2138 2701 2209; x_wconf 88' lang='lat' dir='ltr'><strong>qui</strong></span> <span class='ocrx_word' id='word_1_369' title='bbox 2737 2152 2806 2193; x_wconf 82' lang='lat' dir='ltr'><strong>ex</strong></span> <span class='ocrx_word' id='word_1_370' title='bbox 2840 2135 3010 2190; x_wconf 88' lang='lat' dir='ltr'><strong>nihilo</strong></span> <span class='ocrx_word' id='word_1_371' title='bbox 3039 2132 3303 2188; x_wconf 90' lang='lat' dir='ltr'><strong>mundum</strong></span> <span class='ocrx_word' id='word_1_372' title='bbox 3336 2129 3621 2185; x_wconf 84' lang='lat' dir='ltr'><strong>fabricavit</strong></span> <span class='ocrx_word' id='word_1_373' title='bbox 3650 2144 3713 2181; x_wconf 88' lang='lat' dir='ltr'><strong>ac</strong></span> 
     </span>
    </p>
   </div>
   <div class='ocr_carea' id='block_1_51' title="bbox 2147 2220 3712 2300">
    <p class='ocr_par' dir='ltr' id='par_1_51' title="bbox 2147 2220 3712 2300">
     <span class='ocr_line' id='line_1_51' title="bbox 2147 2220 3712 2300; baseline -0.011 -11"><span class='ocrx_word' id='word_1_374' title='bbox 2147 2233 2453 2297; x_wconf 88' lang='lat' dir='ltr'><strong>constituit,</strong></span> <span class='ocrx_word' id='word_1_375' title='bbox 2483 2246 2592 2286; x_wconf 91' lang='lat' dir='ltr'><strong>non</strong></span> <span class='ocrx_word' id='word_1_376' title='bbox 2627 2229 2836 2300; x_wconf 76' lang='lat' dir='ltr'><strong>angelis</strong></span> <span class='ocrx_word' id='word_1_377' title='bbox 2878 2227 3042 2282; x_wconf 90' lang='lat' dir='ltr'><strong>modo</strong></span> <span class='ocrx_word' id='word_1_378' title='bbox 3091 2233 3145 2281; x_wconf 88' lang='lat' dir='ltr'><strong>et</strong></span> <span class='ocrx_word' id='word_1_379' title='bbox 3184 2220 3521 2278; x_wconf 82' lang='lat' dir='ltr'><strong>administris</strong></span> <span class='ocrx_word' id='word_1_380' title='bbox 3555 2220 3712 2294; x_wconf 65' lang='lat'><strong>(92).;</strong></span> 
     </span>
    </p>
   </div>
   <div class='ocr_carea' id='block_1_52' title="bbox 2146 2315 3692 2395">
    <p class='ocr_par' dir='ltr' id='par_1_52' title="bbox 2146 2315 3692 2395">
     <span class='ocr_line' id='line_1_52' title="bbox 2146 2315 3692 2395; baseline -0.008 -16"><span class='ocrx_word' id='word_1_381' title='bbox 2146 2323 2242 2379; x_wconf 90' lang='lat' dir='ltr'><strong>sed</strong></span> <span class='ocrx_word' id='word_1_382' title='bbox 2273 2331 2327 2380; x_wconf 89' lang='lat' dir='ltr'><strong>et</strong></span> <span class='ocrx_word' id='word_1_383' title='bbox 2351 2321 2747 2395; x_wconf 89' lang='lat' dir='ltr'><strong>principatibus</strong></span> <span class='ocrx_word' id='word_1_384' title='bbox 2774 2327 2829 2375; x_wconf 87' lang='lat' dir='ltr'><strong>et</strong></span> <span class='ocrx_word' id='word_1_385' title='bbox 2857 2318 3071 2375; x_wconf 85' lang='lat' dir='ltr'><strong>thronis</strong></span> <span class='ocrx_word' id='word_1_386' title='bbox 3097 2324 3152 2372; x_wconf 90' lang='lat' dir='ltr'><strong>et</strong></span> <span class='ocrx_word' id='word_1_387' title='bbox 3171 2315 3535 2387; x_wconf 85' lang='lat' dir='ltr'><strong>potestatibus</strong></span> <span class='ocrx_word' id='word_1_388' title='bbox 3570 2329 3692 2368; x_wconf 88' lang='lat' dir='ltr'><strong>eam</strong></span> 
     </span>
    </p>
   </div>
   <div class='ocr_carea' id='block_1_53' title="bbox 2146 2406 3710 2478">
    <p class='ocr_par' dir='ltr' id='par_1_53' title="bbox 2146 2406 3710 2478">
     <span class='ocr_line' id='line_1_53' title="bbox 2146 2406 3710 2478; baseline -0.008 -7"><span class='ocrx_word' id='word_1_389' title='bbox 2146 2414 2268 2471; x_wconf 88' lang='lat' dir='ltr'><strong>dem</strong></span> <span class='ocrx_word' id='word_1_390' title='bbox 2296 2413 2720 2470; x_wconf 88' lang='lat' dir='ltr'><strong>immortalitatis</strong></span> <span class='ocrx_word' id='word_1_391' title='bbox 2751 2420 3004 2467; x_wconf 90' lang='lat' dir='ltr'><strong>naturam</strong></span> <span class='ocrx_word' id='word_1_392' title='bbox 3034 2408 3359 2478; x_wconf 88' lang='lat' dir='ltr'><strong>impertisse.</strong></span> <span class='ocrx_word' id='word_1_393' title='bbox 3386 2406 3547 2461; x_wconf 87' lang='lat' dir='ltr'><strong>Aliud</strong></span> <span class='ocrx_word' id='word_1_394' title='bbox 3567 2406 3710 2460; x_wconf 89' lang='lat' dir='ltr'><strong>enim</strong></span> 
     </span>
    </p>
   </div>
   <div class='ocr_carea' id='block_1_54' title="bbox 2143 2495 3710 2576">
    <p class='ocr_par' dir='ltr' id='par_1_54' title="bbox 2143 2495 3710 2576">
     <span class='ocr_line' id='line_1_54' title="bbox 2143 2495 3710 2576; baseline -0.006 -17"><span class='ocrx_word' id='word_1_395' title='bbox 2143 2505 2460 2576; x_wconf 80' lang='lat' dir='ltr'><strong>angelorum</strong></span> <span class='ocrx_word' id='word_1_396' title='bbox 2496 2519 2691 2576; x_wconf 86' lang='lat' dir='ltr'><strong>genus,</strong></span> <span class='ocrx_word' id='word_1_397' title='bbox 2725 2500 2979 2571; x_wconf 89' lang='lat' dir='ltr'><strong>aliudque</strong></span> <span class='ocrx_word' id='word_1_398' title='bbox 3022 2497 3425 2570; x_wconf 87' lang='lat' dir='ltr'><strong>principatuum</strong></span> <span class='ocrx_word' id='word_1_399' title='bbox 3467 2504 3521 2550; x_wconf 89' lang='lat' dir='ltr'><strong>et</strong></span> <span class='ocrx_word' id='word_1_400' title='bbox 3562 2495 3710 2549; x_wconf 86' lang='lat' dir='ltr'><strong>aliud</strong></span> 
     </span>
    </p>
   </div>
   <div class='ocr_carea' id='block_1_55' title="bbox 2142 2589 3707 2667">
    <p class='ocr_par' dir='ltr' id='par_1_55' title="bbox 2142 2589 3707 2667">
     <span class='ocr_line' id='line_1_55' title="bbox 2142 2589 3707 2667; baseline -0.008 -15"><span class='ocrx_word' id='word_1_401' title='bbox 2142 2604 2514 2667; x_wconf 88' lang='lat' dir='ltr'><strong>potestatum;</strong></span> <span class='ocrx_word' id='word_1_402' title='bbox 2555 2610 2618 2651; x_wconf 90' lang='lat' dir='ltr'><strong>eo</strong></span> <span class='ocrx_word' id='word_1_403' title='bbox 2646 2594 2791 2665; x_wconf 86' lang='lat' dir='ltr'><strong>quod</strong></span> <span class='ocrx_word' id='word_1_404' title='bbox 2823 2609 2932 2648; x_wconf 93' lang='lat' dir='ltr'><strong>non</strong></span> <span class='ocrx_word' id='word_1_405' title='bbox 2963 2606 3107 2646; x_wconf 89' lang='lat' dir='ltr'><strong>unus</strong></span> <span class='ocrx_word' id='word_1_406' title='bbox 3138 2589 3292 2653; x_wconf 91' lang='lat' dir='ltr'><strong>ordo,</strong></span> <span class='ocrx_word' id='word_1_407' title='bbox 3328 2604 3536 2643; x_wconf 87' lang='lat' dir='ltr'><strong>unusve</strong></span> <span class='ocrx_word' id='word_1_408' title='bbox 3591 2600 3707 2641; x_wconf 73' lang='lat' dir='ltr'><strong>coa-</strong></span> 
     </span>
    </p>
   </div>
   <div class='ocr_carea' id='block_1_56' title="bbox 2142 2680 3708 2756">
    <p class='ocr_par' dir='ltr' id='par_1_56' title="bbox 2142 2680 3708 2756">
     <span class='ocr_line' id='line_1_56' title="bbox 2142 2680 3708 2756; baseline -0.006 -14"><span class='ocrx_word' id='word_1_409' title='bbox 2142 2696 2234 2745; x_wconf 89' lang='lat' dir='ltr'><strong>tus</strong></span> <span class='ocrx_word' id='word_1_410' title='bbox 2266 2703 2331 2744; x_wconf 89' lang='lat' dir='ltr'><strong>ac</strong></span> <span class='ocrx_word' id='word_1_411' title='bbox 2353 2688 2528 2744; x_wconf 92' lang='lat' dir='ltr'><strong>tribus</strong></span> <span class='ocrx_word' id='word_1_412' title='bbox 2559 2686 2877 2756; x_wconf 80' lang='lat' dir='ltr'><strong>familiaque</strong></span> <span class='ocrx_word' id='word_1_413' title='bbox 2914 2685 2986 2741; x_wconf 89' lang='lat' dir='ltr'><strong>sit</strong></span> <span class='ocrx_word' id='word_1_414' title='bbox 3023 2681 3409 2738; x_wconf 90' lang='lat' dir='ltr'><strong>immortalium</strong></span> <span class='ocrx_word' id='word_1_415' title='bbox 3445 2700 3459 2734; x_wconf 92' lang='lat'><strong>:</strong></span> <span class='ocrx_word' id='word_1_416' title='bbox 3491 2680 3585 2735; x_wconf 89' lang='lat' dir='ltr'><strong>sed</strong></span> <span class='ocrx_word' id='word_1_417' title='bbox 3617 2696 3708 2748; x_wconf 51' lang='lat' dir='ltr'><strong>gen</strong></span> 
     </span>
    </p>
   </div>
   <div class='ocr_carea' id='block_1_57' title="bbox 2140 2771 3707 2843">
    <p class='ocr_par' dir='ltr' id='par_1_57' title="bbox 2140 2771 3707 2843">
     <span class='ocr_line' id='line_1_57' title="bbox 2140 2771 3707 2843; baseline -0.006 -9"><span class='ocrx_word' id='word_1_418' title='bbox 2140 2793 2355 2843; x_wconf 82' lang='lat' dir='ltr'><strong>uerum,</strong></span> <span class='ocrx_word' id='word_1_419' title='bbox 2387 2792 2452 2831; x_wconf 90' lang='lat' dir='ltr'><strong>ac</strong></span> <span class='ocrx_word' id='word_1_420' title='bbox 2483 2777 2631 2832; x_wconf 87' lang='lat' dir='ltr'><strong>velut</strong></span> <span class='ocrx_word' id='word_1_421' title='bbox 2659 2775 2899 2831; x_wconf 90' lang='lat' dir='ltr'><strong>tribuum</strong></span> <span class='ocrx_word' id='word_1_422' title='bbox 2929 2781 2983 2831; x_wconf 91' lang='lat' dir='ltr'><strong>et</strong></span> <span class='ocrx_word' id='word_1_423' title='bbox 3030 2772 3313 2828; x_wconf 89' lang='lat' dir='ltr'><strong>nationum</strong></span> <span class='ocrx_word' id='word_1_424' title='bbox 3343 2771 3594 2826; x_wconf 86' lang='lat' dir='ltr'><strong>divortia.</strong></span> <span class='ocrx_word' id='word_1_425' title='bbox 3632 2771 3707 2824; x_wconf 83' lang='lat' dir='ltr'><strong>Ac</strong></span> 
     </span>
    </p>
   </div>
   <div class='ocr_carea' id='block_1_58' title="bbox 2142 2861 3705 2940">
    <p class='ocr_par' dir='ltr' id='par_1_58' title="bbox 2142 2861 3705 2940">
     <span class='ocr_line' id='line_1_58' title="bbox 2142 2861 3705 2940; baseline -0.006 -15"><span class='ocrx_word' id='word_1_426' title='bbox 2142 2885 2319 2940; x_wconf 90' lang='lat' dir='ltr'><strong>neque</strong></span> <span class='ocrx_word' id='word_1_427' title='bbox 2353 2867 2654 2934; x_wconf 88' lang='lat' dir='ltr'><strong>cherubim,</strong></span> <span class='ocrx_word' id='word_1_428' title='bbox 2682 2865 3041 2924; x_wconf 89' lang='lat' dir='ltr'><strong>desciscentia</strong></span> <span class='ocrx_word' id='word_1_429' title='bbox 3075 2880 3105 2919; x_wconf 90' lang='lat' dir='ltr'><strong>a</strong></span> <span class='ocrx_word' id='word_1_430' title='bbox 3137 2871 3335 2919; x_wconf 89' lang='lat' dir='ltr'><strong>natura</strong></span> <span class='ocrx_word' id='word_1_431' title='bbox 3363 2877 3484 2927; x_wconf 88' lang='lat' dir='ltr'><strong>sua,</strong></span> <span class='ocrx_word' id='word_1_432' title='bbox 3522 2861 3577 2916; x_wconf 92' lang='lat' dir='ltr'><strong>in</strong></span> <span class='ocrx_word' id='word_1_433' title='bbox 3610 2878 3705 2915; x_wconf 86' lang='lat' dir='ltr'><strong>an-</strong></span> 
     </span>
    </p>
   </div>
   <div class='ocr_carea' id='block_1_59' title="bbox 2141 2953 3705 3033">
    <p class='ocr_par' dir='ltr' id='par_1_59' title="bbox 2141 2953 3705 3033">
     <span class='ocr_line' id='line_1_59' title="bbox 2141 2953 3705 3033; baseline -0.01 -13"><span class='ocrx_word' id='word_1_434' title='bbox 2141 2964 2384 3033; x_wconf 74' lang='lat' dir='ltr'><strong>gelorum</strong></span> <span class='ocrx_word' id='word_1_435' title='bbox 2416 2961 2653 3032; x_wconf 89' lang='lat' dir='ltr'><strong>speciem</strong></span> <span class='ocrx_word' id='word_1_436' title='bbox 2685 2967 3011 3024; x_wconf 88' lang='lat' dir='ltr'><strong>transeunt;</strong></span> <span class='ocrx_word' id='word_1_437' title='bbox 3040 2970 3216 3027; x_wconf 89' lang='lat' dir='ltr'><strong>neque</strong></span> <span class='ocrx_word' id='word_1_438' title='bbox 3245 2962 3437 3010; x_wconf 88' lang='lat' dir='ltr'><strong>contra</strong></span> <span class='ocrx_word' id='word_1_439' title='bbox 3464 2953 3520 3006; x_wconf 92' lang='lat' dir='ltr'><strong>in</strong></span> <span class='ocrx_word' id='word_1_440' title='bbox 3550 2960 3705 3006; x_wconf 88' lang='lat' dir='ltr'><strong>natu-</strong></span> 
     </span>
    </p>
   </div>
   <div class='ocr_carea' id='block_1_60' title="bbox 2140 3045 3705 3124">
    <p class='ocr_par' dir='ltr' id='par_1_60' title="bbox 2140 3045 3705 3124">
     <span class='ocr_line' id='line_1_60' title="bbox 2140 3045 3705 3124; baseline -0.005 -15"><span class='ocrx_word' id='word_1_441' title='bbox 2140 3070 2258 3109; x_wconf 90' lang='lat' dir='ltr'><strong>ram</strong></span> <span class='ocrx_word' id='word_1_442' title='bbox 2296 3055 2460 3110; x_wconf 89' lang='lat' dir='ltr'><strong>aliam</strong></span> <span class='ocrx_word' id='word_1_443' title='bbox 2508 3053 2686 3124; x_wconf 83' lang='lat' dir='ltr'><strong>angeli</strong></span> <span class='ocrx_word' id='word_1_444' title='bbox 2738 3057 3163 3107; x_wconf 87' lang='lat' dir='ltr'><strong>commutantur.</strong></span> <span class='ocrx_word' id='word_1_445' title='bbox 3213 3046 3444 3118; x_wconf 85' lang='lat' dir='ltr'><strong>Quippe,</strong></span> <span class='ocrx_word' id='word_1_446' title='bbox 3467 3060 3591 3102; x_wconf 84' lang='lat' dir='ltr'><strong>esse</strong></span> <span class='ocrx_word' id='word_1_447' title='bbox 3617 3045 3705 3101; x_wconf 87' lang='lat' dir='ltr'><strong>illa</strong></span> 
     </span>
    </p>
   </div>
   <div class='ocr_carea' id='block_1_61' title="bbox 2139 3143 3704 3217">
    <p class='ocr_par' dir='ltr' id='par_1_61' title="bbox 2139 3143 3704 3217">
     <span class='ocr_line' id='line_1_61' title="bbox 2139 3143 3704 3217; baseline -0.006 -15"><span class='ocrx_word' id='word_1_448' title='bbox 2139 3146 2285 3217; x_wconf 87' lang='lat' dir='ltr'><strong>quod</strong></span> <span class='ocrx_word' id='word_1_449' title='bbox 2330 3154 2477 3210; x_wconf 91' lang='lat' dir='ltr'><strong>sunt,</strong></span> <span class='ocrx_word' id='word_1_450' title='bbox 2511 3153 2567 3201; x_wconf 85' lang='lat' dir='ltr'><strong>ct</strong></span> <span class='ocrx_word' id='word_1_451' title='bbox 2620 3144 2926 3215; x_wconf 89' lang='lat' dir='ltr'><strong>cujusmodi</strong></span> <span class='ocrx_word' id='word_1_452' title='bbox 2981 3143 3246 3213; x_wconf 89' lang='lat' dir='ltr'><strong>producta</strong></span> <span class='ocrx_word' id='word_1_453' title='bbox 3306 3148 3453 3205; x_wconf 91' lang='lat' dir='ltr'><strong>sunt,</strong></span> <span class='ocrx_word' id='word_1_454' title='bbox 3482 3155 3704 3194; x_wconf 80' lang='lat' dir='ltr'><strong>necesse</strong></span> 
     </span>
    </p>
   </div>
   <div class='ocr_carea' id='block_1_62' title="bbox 469 3210 2033 3306">
    <p class='ocr_par' dir='ltr' id='par_1_62' title="bbox 469 3210 2033 3304">
     <span class='ocr_line' id='line_1_62' title="bbox 469 3210 2033 3304; baseline 0.013 -27"><span class='ocrx_word' id='word_1_455' title='bbox 469 3225 817 3296; x_wconf 76' lang='grc' dir='ltr'>ἡγεμονεύειν</span> <span class='ocrx_word' id='word_1_456' title='bbox 852 3229 1091 3299; x_wconf 77' lang='grc' dir='ltr'>ταχθεὶς,</span> <span class='ocrx_word' id='word_1_457' title='bbox 1140 3231 1241 3302; x_wconf 82' lang='grc' dir='ltr'>τῆς</span> <span class='ocrx_word' id='word_1_458' title='bbox 1274 3231 1334 3297; x_wconf 80' lang='grc' dir='ltr'>ἐξ</span> <span class='ocrx_word' id='word_1_459' title='bbox 1384 3232 1561 3304; x_wconf 81' lang='grc' dir='ltr'>ἀρχῆς</span> <span class='ocrx_word' id='word_1_460' title='bbox 1604 3210 2033 3304; x_wconf 75' lang='grc' dir='ltr'>διακοσμήσεως,</span> 
     </span>
    </p>
   </div>
   <div class='ocr_carea' id='block_1_63' title="bbox 2136 3210 3703 3306">
    <p class='ocr_par' dir='ltr' id='par_1_63' title="bbox 2142 3210 3703 3306">
     <span class='ocr_line' id='line_1_63' title="bbox 2142 3210 3703 3306; baseline -0.004 -12"><span class='ocrx_word' id='word_1_461' title='bbox 2142 3210 2245 3295; x_wconf 77' lang='lat' dir='ltr'><strong>est.</strong></span> <span class='ocrx_word' id='word_1_462' title='bbox 2287 3236 2649 3305; x_wconf 83' lang='lat' dir='ltr'><strong>Quamobrem</strong></span> <span class='ocrx_word' id='word_1_463' title='bbox 2683 3210 2844 3290; x_wconf 76' lang='lat' dir='ltr'><strong>etiam</strong></span> <span class='ocrx_word' id='word_1_464' title='bbox 2866 3210 3031 3289; x_wconf 78' lang='lat' dir='ltr'><strong>homo</strong></span> <span class='ocrx_word' id='word_1_465' title='bbox 3063 3234 3196 3301; x_wconf 77' lang='lat'><strong>(95),</strong></span> <span class='ocrx_word' id='word_1_466' title='bbox 3231 3234 3325 3306; x_wconf 90' lang='lat' dir='ltr'><strong>qui</strong></span> <span class='ocrx_word' id='word_1_467' title='bbox 3356 3240 3416 3288; x_wconf 90' lang='lat' dir='ltr'><strong>ut</strong></span> <span class='ocrx_word' id='word_1_468' title='bbox 3436 3232 3703 3287; x_wconf 85' lang='lat' dir='ltr'><strong>habitaret</strong></span> 
     </span>
    </p>
   </div>
   <div class='ocr_carea' id='block_1_64' title="bbox 466 3315 2039 3399">
    <p class='ocr_par' dir='ltr' id='par_1_64' title="bbox 466 3315 2039 3399">
     <span class='ocr_line' id='line_1_64' title="bbox 466 3315 2039 3399; baseline 0.007 -29"><span class='ocrx_word' id='word_1_469' title='bbox 466 3315 729 3381; x_wconf 80' lang='grc' dir='ltr'>ἀθάνατος</span> <span class='ocrx_word' id='word_1_470' title='bbox 760 3318 858 3383; x_wconf 85' lang='grc' dir='ltr'>ὢν,</span> <span class='ocrx_word' id='word_1_471' title='bbox 888 3319 981 3373; x_wconf 81' lang='grc' dir='ltr'>τοῦ</span> <span class='ocrx_word' id='word_1_472' title='bbox 1005 3317 1142 3374; x_wconf 75' lang='grc' dir='ltr'>εἶναι</span> <span class='ocrx_word' id='word_1_473' title='bbox 1172 3322 1455 3394; x_wconf 83' lang='grc' dir='ltr'>ἄνθρωπος</span> <span class='ocrx_word' id='word_1_474' title='bbox 1482 3322 1676 3378; x_wconf 75' lang='grc' dir='ltr'>οὔποτε</span> <span class='ocrx_word' id='word_1_475' title='bbox 1708 3326 2039 3399; x_wconf 83' lang='grc' dir='ltr'>μεταϐληθή-</span> 
     </span>
    </p>
   </div>
   <div class='ocr_carea' id='block_1_65' title="bbox 467 3407 2036 3488">
    <p class='ocr_par' dir='ltr' id='par_1_65' title="bbox 467 3407 2036 3488">
     <span class='ocr_line' id='line_1_65' title="bbox 467 3407 2036 3488; baseline 0.008 -29"><span class='ocrx_word' id='word_1_476' title='bbox 467 3422 617 3461; x_wconf 82' lang='grc' dir='ltr'>σεται</span> <span class='ocrx_word' id='word_1_477' title='bbox 653 3407 776 3462; x_wconf 74' lang='grc' dir='ltr'>οὔτε</span> <span class='ocrx_word' id='word_1_478' title='bbox 809 3412 889 3474; x_wconf 78' lang='grc' dir='ltr'>εἰς</span> <span class='ocrx_word' id='word_1_479' title='bbox 912 3412 1010 3483; x_wconf 85' lang='grc' dir='ltr'>τὴν</span> <span class='ocrx_word' id='word_1_480' title='bbox 1049 3411 1156 3467; x_wconf 89' lang='grc' dir='ltr'><strong>τῶν</strong></span> <span class='ocrx_word' id='word_1_481' title='bbox 1202 3414 1447 3483; x_wconf 83' lang='grc' dir='ltr'>ἀγγέλων</span> <span class='ocrx_word' id='word_1_482' title='bbox 1493 3414 1617 3470; x_wconf 76' lang='grc' dir='ltr'>οὔτε</span> <span class='ocrx_word' id='word_1_483' title='bbox 1670 3419 1750 3480; x_wconf 75' lang='grc' dir='ltr'><strong>εἰς</strong></span> <span class='ocrx_word' id='word_1_484' title='bbox 1797 3417 1893 3488; x_wconf 83' lang='grc' dir='ltr'>τὴν</span> <span class='ocrx_word' id='word_1_485' title='bbox 1922 3418 2036 3472; x_wconf 89' lang='grc' dir='ltr'><strong>τῶν</strong></span> 
     </span>
    </p>
   </div>
   <div class='ocr_carea' id='block_1_66' title="bbox 467 3496 2035 3580">
    <p class='ocr_par' dir='ltr' id='par_1_66' title="bbox 467 3496 2035 3580">
     <span class='ocr_line' id='line_1_66' title="bbox 467 3496 2035 3580; baseline 0.01 -31"><span class='ocrx_word' id='word_1_486' title='bbox 467 3496 666 3569; x_wconf 81' lang='grc' dir='ltr'>ἐτέρων</span> <span class='ocrx_word' id='word_1_487' title='bbox 698 3501 942 3572; x_wconf 78' lang='grc' dir='ltr'>μορφήν·</span> <span class='ocrx_word' id='word_1_488' title='bbox 972 3502 1053 3556; x_wconf 84' lang='grc' dir='ltr'>ὅτι</span> <span class='ocrx_word' id='word_1_489' title='bbox 1103 3503 1236 3574; x_wconf 81' lang='grc' dir='ltr'>μηδὲ</span> <span class='ocrx_word' id='word_1_490' title='bbox 1277 3505 1328 3558; x_wconf 77' lang='grc' dir='ltr'>οἱ</span> <span class='ocrx_word' id='word_1_491' title='bbox 1367 3505 1584 3575; x_wconf 81' lang='grc' dir='ltr'>ἄγγελοι</span> <span class='ocrx_word' id='word_1_492' title='bbox 1625 3508 1706 3571; x_wconf 76' lang='grc' dir='ltr'>εἰς</span> <span class='ocrx_word' id='word_1_493' title='bbox 1743 3507 1841 3579; x_wconf 81' lang='grc' dir='ltr'>τὴν</span> <span class='ocrx_word' id='word_1_494' title='bbox 1870 3509 2035 3580; x_wconf 76' lang='grc' dir='ltr'>ἄλλην</span> 
     </span>
    </p>
   </div>
   <div class='ocr_carea' id='block_1_67' title="bbox 464 3589 2029 3670">
    <p class='ocr_par' dir='ltr' id='par_1_67' title="bbox 464 3589 2029 3670">
     <span class='ocr_line' id='line_1_67' title="bbox 464 3589 2029 3670; baseline 0.009 -27"><span class='ocrx_word' id='word_1_495' title='bbox 464 3589 562 3660; x_wconf 77' lang='grc' dir='ltr'>τῆς</span> <span class='ocrx_word' id='word_1_496' title='bbox 582 3589 643 3654; x_wconf 81' lang='grc' dir='ltr'>ἐξ</span> <span class='ocrx_word' id='word_1_497' title='bbox 669 3591 844 3662; x_wconf 80' lang='grc' dir='ltr'>ἀρχῆς</span> <span class='ocrx_word' id='word_1_498' title='bbox 885 3593 1027 3658; x_wconf 80' lang='grc' dir='ltr'>ἰδέας</span> <span class='ocrx_word' id='word_1_499' title='bbox 1051 3597 1551 3668; x_wconf 85' lang='grc' dir='ltr'>μετακοσμούμενοι</span> <span class='ocrx_word' id='word_1_500' title='bbox 1590 3599 2029 3670; x_wconf 75' lang='grc' dir='ltr'>μεταϐάλλονται.</span> 
     </span>
    </p>
   </div>
   <div class='ocr_carea' id='block_1_68' title="bbox 475 3681 2031 3763">
    <p class='ocr_par' dir='ltr' id='par_1_68' title="bbox 475 3681 2031 3763">
     <span class='ocr_line' id='line_1_68' title="bbox 475 3681 2031 3763; baseline 0.008 -28"><span class='ocrx_word' id='word_1_501' title='bbox 475 3682 535 3736; x_wconf 83' lang='lat'><strong>&#39;0</strong></span> <span class='ocrx_word' id='word_1_502' title='bbox 558 3683 667 3756; x_wconf 80' lang='grc' dir='ltr'><strong>γὰρ</strong></span> <span class='ocrx_word' id='word_1_503' title='bbox 696 3685 930 3755; x_wconf 86' lang='grc' dir='ltr'>Χριστὸς</span> <span class='ocrx_word' id='word_1_504' title='bbox 960 3681 1092 3758; x_wconf 78' lang='grc' dir='ltr'>ἧκεν</span> <span class='ocrx_word' id='word_1_505' title='bbox 1122 3688 1221 3742; x_wconf 87' lang='grc' dir='ltr'>οὐκ</span> <span class='ocrx_word' id='word_1_506' title='bbox 1249 3691 1329 3753; x_wconf 79' lang='grc' dir='ltr'><strong>εἰς</strong></span> <span class='ocrx_word' id='word_1_507' title='bbox 1356 3689 1545 3762; x_wconf 81' lang='grc' dir='ltr'>ἐτέραν</span> <span class='ocrx_word' id='word_1_508' title='bbox 1587 3692 2031 3763; x_wconf 83' lang='grc' dir='ltr'>μεταπλασθῆναι</span> 
     </span>
    </p>
   </div>
   <div class='ocr_carea' id='block_1_69' title="bbox 462 3773 2033 3854">
    <p class='ocr_par' dir='ltr' id='par_1_69' title="bbox 462 3773 2033 3854">
     <span class='ocr_line' id='line_1_69' title="bbox 462 3773 2033 3854; baseline 0.006 -25"><span class='ocrx_word' id='word_1_509' title='bbox 462 3773 812 3847; x_wconf 82' lang='grc' dir='ltr'>κηρύσσωνῆ</span> <span class='ocrx_word' id='word_1_510' title='bbox 856 3777 1360 3850; x_wconf 81' lang='grc' dir='ltr'>μετασκευασθῆναι</span> <span class='ocrx_word' id='word_1_511' title='bbox 1405 3780 1503 3852; x_wconf 79' lang='grc' dir='ltr'>τὴν</span> <span class='ocrx_word' id='word_1_512' title='bbox 1553 3782 1895 3854; x_wconf 80' lang='grc' dir='ltr'>ἀνθρωπείαν</span> <span class='ocrx_word' id='word_1_513' title='bbox 1932 3785 2033 3853; x_wconf 81' lang='grc' dir='ltr'>φύ-</span> 
     </span>
    </p>
   </div>
   <div class='ocr_carea' id='block_1_70' title="bbox 563 3927 1141 3987">
    <p class='ocr_par' dir='ltr' id='par_1_70' title="bbox 563 3927 1141 3987">
     <span class='ocr_line' id='line_1_70' title="bbox 563 3927 1141 3987; baseline 0.007 -7"><span class='ocrx_word' id='word_1_514' title='bbox 563 3928 609 3959; x_wconf 82' lang='grc'>²¹</span> <span class='ocrx_word' id='word_1_515' title='bbox 646 3927 845 3984; x_wconf 81' lang='lat' dir='ltr'><strong>Matth.</strong></span> <span class='ocrx_word' id='word_1_516' title='bbox 875 3945 1016 3987; x_wconf 77' lang='lat' dir='ltr'><strong>xxu.</strong></span> <span class='ocrx_word' id='word_1_517' title='bbox 1052 3931 1141 3987; x_wconf 78' lang='lat'><strong>30.</strong></span> 
     </span>
    </p>
   </div>
   <div class='ocr_carea' id='block_1_71' title="bbox 528 4043 1680 4118">
    <p class='ocr_par' dir='ltr' id='par_1_71' title="bbox 528 4043 1680 4118">
     <span class='ocr_line' id='line_1_71' title="bbox 528 4043 1680 4118; baseline 0.003 -19"><span class='ocrx_word' id='word_1_518' title='bbox 528 4043 641 4118; x_wconf 80' lang='grc'>(88)</span> <span class='ocrx_word' id='word_1_519' title='bbox 674 4044 872 4118; x_wconf 74' lang='grc' dir='ltr'>Ἄξιον</span> <span class='ocrx_word' id='word_1_520' title='bbox 892 4046 977 4102; x_wconf 84' lang='grc' dir='ltr'><strong>δέ.</strong></span> <span class='ocrx_word' id='word_1_521' title='bbox 1005 4049 1084 4102; x_wconf 85' lang='lat' dir='ltr'><strong>Ex</strong></span> <span class='ocrx_word' id='word_1_522' title='bbox 1106 4047 1300 4118; x_wconf 81' lang='lat' dir='ltr'><strong>Epiph.</strong></span> <span class='ocrx_word' id='word_1_523' title='bbox 1327 4049 1480 4112; x_wconf 71' lang='lat' dir='ltr'><strong>haer.,</strong></span> <span class='ocrx_word' id='word_1_524' title='bbox 1508 4064 1565 4102; x_wconf 92' lang='lat' dir='ltr'><strong>n.</strong></span> <span class='ocrx_word' id='word_1_525' title='bbox 1592 4048 1680 4103; x_wconf 76' lang='lat'><strong>55.</strong></span> 
     </span>
    </p>
   </div>
   <div class='ocr_carea' id='block_1_72' title="bbox 530 4112 2034 4192">
    <p class='ocr_par' dir='ltr' id='par_1_72' title="bbox 530 4112 2034 4192">
     <span class='ocr_line' id='line_1_72' title="bbox 530 4112 2034 4192; baseline 0.005 -25"><span class='ocrx_word' id='word_1_526' title='bbox 530 4112 646 4183; x_wconf 43' lang='grc'>(89⁷)</span> <span class='ocrx_word' id='word_1_527' title='bbox 684 4119 788 4192; x_wconf 61' lang='lat' dir='ltr'><strong>Et;</strong></span> <span class='ocrx_word' id='word_1_528' title='bbox 808 4116 1036 4192; x_wconf 75' lang='grc' dir='ltr'>ἑτέραν.</span> <span class='ocrx_word' id='word_1_529' title='bbox 1061 4112 1225 4192; x_wconf 69' lang='grc' dir='ltr'><strong>Εὰἷιὶ,</strong></span> <span class='ocrx_word' id='word_1_530' title='bbox 1258 4121 1339 4182; x_wconf 73' lang='grc' dir='ltr'>εἰς</span> <span class='ocrx_word' id='word_1_531' title='bbox 1370 4118 1630 4192; x_wconf 74' lang='grc' dir='ltr'>(τὴντῶν)</span> <span class='ocrx_word' id='word_1_532' title='bbox 1660 4118 1879 4192; x_wconf 88' lang='grc' dir='ltr'>ἐτέρων.</span> <span class='ocrx_word' id='word_1_533' title='bbox 1911 4118 2034 4175; x_wconf 82' lang='lat' dir='ltr'><strong>Mox</strong></span> 
     </span>
    </p>
   </div>
   <div class='ocr_carea' id='block_1_73' title="bbox 459 4182 1607 4259">
    <p class='ocr_par' dir='ltr' id='par_1_73' title="bbox 459 4182 1607 4259">
     <span class='ocr_line' id='line_1_73' title="bbox 459 4182 1607 4259; baseline 0.004 -20"><span class='ocrx_word' id='word_1_534' title='bbox 459 4182 645 4259; x_wconf 61' lang='lat' dir='ltr'><strong>iidem;</strong></span> <span class='ocrx_word' id='word_1_535' title='bbox 681 4182 976 4259; x_wconf 53' lang='lat' dir='ltr'><strong>v_itiose{sl</strong></span> <span class='ocrx_word' id='word_1_536' title='bbox 1008 4188 1117 4259; x_wconf 83' lang='grc' dir='ltr'>γάρ</span> <span class='ocrx_word' id='word_1_537' title='bbox 1144 4182 1267 4259; x_wconf 83' lang='lat' dir='ltr'><strong>post</strong></span> <span class='ocrx_word' id='word_1_538' title='bbox 1298 4182 1607 4258; x_wconf 73' lang='grc' dir='ltr'>γεγόνασιν.</span> 
     </span>
    </p>
   </div>
   <div class='ocr_carea' id='block_1_74' title="bbox 529 4252 2027 4342">
    <p class='ocr_par' dir='ltr' id='par_1_74' title="bbox 529 4252 2027 4342">
     <span class='ocr_line' id='line_1_74' title="bbox 529 4252 2027 4342; baseline 0.007 -38"><span class='ocrx_word' id='word_1_539' title='bbox 529 4252 1031 4342; x_wconf 39' lang='grc' dir='ltr'><strong>(ιιρχῖςίίςξεδὺηί</strong></span> <span class='ocrx_word' id='word_1_540' title='bbox 1059 4252 1265 4342; x_wconf 50' lang='lat' dir='ltr'><strong>victuri,</strong></span> <span class='ocrx_word' id='word_1_541' title='bbox 1311 4252 1388 4313; x_wconf 62' lang='grc' dir='ltr'><strong>’τᾶ</strong></span> <span class='ocrx_word' id='word_1_542' title='bbox 1443 4260 1638 4330; x_wconf 85' lang='grc' dir='ltr'>ἄριστα</span> <span class='ocrx_word' id='word_1_543' title='bbox 1686 4260 2027 4342; x_wconf 42' lang='grc' dir='ltr'>πράξοντας.</span> 
     </span>
    </p>
   </div>
   <div class='ocr_carea' id='block_1_75' title="bbox 459 4320 2026 4402">
    <p class='ocr_par' dir='ltr' id='par_1_75' title="bbox 459 4320 2026 4402">
     <span class='ocr_line' id='line_1_75' title="bbox 459 4320 2026 4402; baseline 0.006 -25"><span class='ocrx_word' id='word_1_544' title='bbox 459 4320 682 4402; x_wconf 60' lang='lat' dir='ltr'><strong>Phraatis</strong></span> <span class='ocrx_word' id='word_1_545' title='bbox 712 4326 849 4379; x_wconf 90' lang='lat' dir='ltr'><strong>nihil</strong></span> <span class='ocrx_word' id='word_1_546' title='bbox 878 4344 1038 4402; x_wconf 83' lang='lat' dir='ltr'><strong>nova,</strong></span> <span class='ocrx_word' id='word_1_547' title='bbox 1070 4320 1374 4400; x_wconf 70' lang='lat' dir='ltr'><strong>rudiuSque</strong></span> <span class='ocrx_word' id='word_1_548' title='bbox 1395 4320 1653 4402; x_wconf 76' lang='lat' dir='ltr'><strong>expressa</strong></span> <span class='ocrx_word' id='word_1_549' title='bbox 1684 4320 1792 4386; x_wconf 82' lang='lat' dir='ltr'><strong>illis</strong></span> <span class='ocrx_word' id='word_1_550' title='bbox 1822 4320 2026 4396; x_wconf 49' lang='lat' dir='ltr'><strong>uerbis,</strong></span> 
     </span>
    </p>
   </div>
   <div class='ocr_carea' id='block_1_76' title="bbox 458 4398 1655 4519">
    <p class='ocr_par' dir='ltr' id='par_1_76' title="bbox 458 4398 1655 4519">
     <span class='ocr_line' id='line_1_76' title="bbox 458 4398 1655 4519; baseline 0 -73"><span class='ocrx_word' id='word_1_551' title='bbox 458 4398 655 4462; x_wconf 77' lang='lat' dir='ltr'><strong>Optima</strong></span> <span class='ocrx_word' id='word_1_552' title='bbox 676 4412 891 4519; x_wconf 61' lang='lat' dir='ltr'><strong>Zquue</strong></span> <span class='ocrx_word' id='word_1_553' title='bbox 920 4399 1135 4466; x_wconf 78' lang='lat' dir='ltr'><strong>facturi.</strong></span> <span class='ocrx_word' id='word_1_554' title='bbox 1283 4398 1301 4400; x_wconf 72' lang='grc'><strong><em>“</em></strong></span> <span class='ocrx_word' id='word_1_555' title='bbox 1467 4398 1482 4399; x_wconf 35' lang='grc' dir='ltr'>ί</span> <span class='ocrx_word' id='word_1_556' title='bbox 1574 4398 1582 4402; x_wconf 82' lang='grc'><em>”</em></span> <span class='ocrx_word' id='word_1_557' title='bbox 1653 4427 1655 4430; x_wconf 57' lang='grc' dir='ltr'><strong>ι</strong></span> 
     </span>
     <span class='ocr_line' id='line_1_77' title="bbox 525 4464 1655 4519; baseline 0 0"><span class='ocrx_word' id='word_1_558' title='bbox 525 4464 637 4519; x_wconf 74' lang='grc'>(91)</span> <span class='ocrx_word' id='word_1_559' title='bbox 724 4475 741 4519; x_wconf 87' lang='grc' dir='ltr'><strong>ι</strong></span> <span class='ocrx_word' id='word_1_560' title='bbox 793 4468 1043 4519; x_wconf 75' lang='lat' dir='ltr'><strong>nimirum</strong></span> <span class='ocrx_word' id='word_1_561' title='bbox 1080 4469 1267 4519; x_wconf 80' lang='lat' dir='ltr'><strong>habent</strong></span> <span class='ocrx_word' id='word_1_562' title='bbox 1296 4468 1519 4519; x_wconf 84' lang='lat' dir='ltr'><strong>multam</strong></span> <span class='ocrx_word' id='word_1_563' title='bbox 1539 4470 1655 4519; x_wconf 82' lang='lat' dir='ltr'><strong>ruin</strong></span> 
     </span>
    </p>
   </div>
   <div class='ocr_carea' id='block_1_77' title="bbox 492 4464 2027 4542">
    <p class='ocr_par' dir='ltr' id='par_1_77' title="bbox 492 4464 2027 4542">
     <span class='ocr_line' id='line_1_78' title="bbox 492 4464 2027 4542; baseline 0.006 -25"><span class='ocrx_word' id='word_1_564' title='bbox 492 4531 503 4542; x_wconf 39' lang='grc' dir='ltr'>ι</span> <span class='ocrx_word' id='word_1_565' title='bbox 525 4464 637 4535; x_wconf 82' lang='grc'>(91)</span> <span class='ocrx_word' id='word_1_566' title='bbox 663 4464 741 4542; x_wconf 85' lang='lat' dir='ltr'><strong>_Ut</strong></span> <span class='ocrx_word' id='word_1_567' title='bbox 793 4464 1043 4542; x_wconf 79' lang='lat' dir='ltr'><strong>nimirum</strong></span> <span class='ocrx_word' id='word_1_568' title='bbox 1080 4469 1267 4542; x_wconf 66' lang='lat' dir='ltr'><strong>haheat</strong></span> <span class='ocrx_word' id='word_1_569' title='bbox 1286 4468 1770 4542; x_wconf 64' lang='lat' dir='ltr'><strong>multamruinam,</strong></span> <span class='ocrx_word' id='word_1_570' title='bbox 1796 4477 1905 4525; x_wconf 86' lang='lat' dir='ltr'><strong>etc.</strong></span> <span class='ocrx_word' id='word_1_571' title='bbox 1927 4470 2027 4526; x_wconf 85' lang='lat' dir='ltr'><strong>Co-</strong></span> 
     </span>
    </p>
   </div>
   <div class='ocr_carea' id='block_1_78' title="bbox 452 4536 2024 4610">
    <p class='ocr_par' dir='ltr' id='par_1_78' title="bbox 452 4536 2024 4610">
     <span class='ocr_line' id='line_1_79' title="bbox 452 4536 2024 4610; baseline 0.006 -26"><span class='ocrx_word' id='word_1_572' title='bbox 452 4536 634 4602; x_wconf 75' lang='lat' dir='ltr'><strong>gimur</strong></span> <span class='ocrx_word' id='word_1_573' title='bbox 663 4536 820 4610; x_wconf 76' lang='lat' dir='ltr'><strong>longa</strong></span> <span class='ocrx_word' id='word_1_574' title='bbox 844 4537 946 4592; x_wconf 84' lang='lat' dir='ltr'><strong>hac</strong></span> <span class='ocrx_word' id='word_1_575' title='bbox 967 4539 1301 4610; x_wconf 80' lang='lat' dir='ltr'><strong>paraphrasi</strong></span> <span class='ocrx_word' id='word_1_576' title='bbox 1329 4554 1499 4609; x_wconf 88' lang='lat' dir='ltr'><strong>pauca</strong></span> <span class='ocrx_word' id='word_1_577' title='bbox 1530 4540 1620 4610; x_wconf 86' lang='lat' dir='ltr'><strong>illa</strong></span> <span class='ocrx_word' id='word_1_578' title='bbox 1648 4542 1810 4595; x_wconf 82' lang='lat' dir='ltr'><strong>verba</strong></span> <span class='ocrx_word' id='word_1_579' title='bbox 1837 4543 2024 4610; x_wconf 78' lang='lat' dir='ltr'><strong>expri—</strong></span> 
     </span>
    </p>
   </div>
   <div class='ocr_carea' id='block_1_79' title="bbox 452 4604 2026 4680">
    <p class='ocr_par' dir='ltr' id='par_1_79' title="bbox 452 4604 2026 4680">
     <span class='ocr_line' id='line_1_80' title="bbox 452 4604 2026 4680; baseline 0.005 -23"><span class='ocrx_word' id='word_1_580' title='bbox 452 4617 620 4680; x_wconf 79' lang='lat' dir='ltr'><strong>mere,</strong></span> <span class='ocrx_word' id='word_1_581' title='bbox 756 4607 868 4678; x_wconf 74' lang='grc' dir='ltr'>ἔχει</span> <span class='ocrx_word' id='word_1_582' title='bbox 895 4604 1091 4679; x_wconf 80' lang='grc' dir='ltr'>πολλὴν</span> <span class='ocrx_word' id='word_1_583' title='bbox 1115 4604 1434 4680; x_wconf 75' lang='grc' dir='ltr'>διάπτωσιν,</span> <span class='ocrx_word' id='word_1_584' title='bbox 1456 4610 1550 4665; x_wconf 86' lang='lat' dir='ltr'><strong>ubi</strong></span> <span class='ocrx_word' id='word_1_585' title='bbox 1578 4609 1659 4675; x_wconf 82' lang='grc' dir='ltr'>τὸ,</span> <span class='ocrx_word' id='word_1_586' title='bbox 1677 4610 1788 4680; x_wconf 79' lang='grc' dir='ltr'>ἔχει</span> <span class='ocrx_word' id='word_1_587' title='bbox 1816 4604 2026 4680; x_wconf 72' lang='lat' dir='ltr'><strong>accipio</strong></span> 
     </span>
    </p>
   </div>
   <div class='ocr_carea' id='block_1_80' title="bbox 453 4674 2019 4750">
    <p class='ocr_par' dir='ltr' id='par_1_80' title="bbox 453 4674 2019 4750">
     <span class='ocr_line' id='line_1_81' title="bbox 453 4674 2019 4750; baseline 0.008 -25"><span class='ocrx_word' id='word_1_588' title='bbox 453 4682 512 4750; x_wconf 58' lang='lat' dir='ltr'><strong>ut</strong></span> <span class='ocrx_word' id='word_1_589' title='bbox 535 4674 868 4750; x_wconf 70' lang='lat' dir='ltr'><strong>absolutum,</strong></span> <span class='ocrx_word' id='word_1_590' title='bbox 892 4674 1165 4748; x_wconf 83' lang='lat' dir='ltr'><strong>quomodo</strong></span> <span class='ocrx_word' id='word_1_591' title='bbox 1190 4688 1275 4750; x_wconf 81' lang='lat' dir='ltr'><strong>est</strong></span> <span class='ocrx_word' id='word_1_592' title='bbox 1304 4678 1507 4735; x_wconf 61' lang='lat' dir='ltr'><strong>Grmcis</strong></span> <span class='ocrx_word' id='word_1_593' title='bbox 1537 4674 2019 4750; x_wconf 67' lang='lat' dir='ltr'><strong>elegantissimum.</strong></span> 
     </span>
    </p>
   </div>
   <div class='ocr_carea' id='block_1_81' title="bbox 451 4739 2023 4821">
    <p class='ocr_par' dir='ltr' id='par_1_81' title="bbox 451 4739 2023 4821">
     <span class='ocr_line' id='line_1_82' title="bbox 451 4739 2023 4821; baseline 0.008 -25"><span class='ocrx_word' id='word_1_594' title='bbox 451 4739 546 4797; x_wconf 86' lang='lat' dir='ltr'><strong>Est</strong></span> <span class='ocrx_word' id='word_1_595' title='bbox 568 4744 747 4821; x_wconf 72' lang='lat' dir='ltr'><strong>littera</strong></span> <span class='ocrx_word' id='word_1_596' title='bbox 770 4739 951 4821; x_wconf 68' lang='lat' dir='ltr'><strong>minus</strong></span> <span class='ocrx_word' id='word_1_597' title='bbox 973 4763 1103 4803; x_wconf 90' lang='lat' dir='ltr'><strong>sana</strong></span> <span class='ocrx_word' id='word_1_598' title='bbox 1128 4768 1142 4802; x_wconf 90' lang='lat'><strong>:</strong></span> <span class='ocrx_word' id='word_1_599' title='bbox 1164 4750 1245 4816; x_wconf 86' lang='grc' dir='ltr'>τὸ,</span> <span class='ocrx_word' id='word_1_600' title='bbox 1262 4739 1713 4821; x_wconf 71' lang='grc' dir='ltr'>διαλεγόμενοξίη</span> <span class='ocrx_word' id='word_1_601' title='bbox 1737 4751 2023 4821; x_wconf 88' lang='lat' dir='ltr'><strong>impressis</strong></span> 
     </span>
    </p>
   </div>
   <div class='ocr_carea' id='block_1_82' title="bbox 450 4815 2020 4890">
    <p class='ocr_par' dir='ltr' id='par_1_82' title="bbox 450 4815 2020 4890">
     <span class='ocr_line' id='line_1_83' title="bbox 450 4815 2020 4890; baseline 0.008 -25"><span class='ocrx_word' id='word_1_602' title='bbox 450 4815 730 4890; x_wconf 76' lang='lat' dir='ltr'><strong>propalam</strong></span> <span class='ocrx_word' id='word_1_603' title='bbox 784 4817 1038 4890; x_wconf 86' lang='lat' dir='ltr'><strong>vitiosum</strong></span> <span class='ocrx_word' id='word_1_604' title='bbox 1093 4828 1178 4874; x_wconf 89' lang='lat' dir='ltr'><strong>est</strong></span> <span class='ocrx_word' id='word_1_605' title='bbox 1233 4815 1249 4875; x_wconf 65' lang='grc' dir='ltr'><strong>ξ</strong></span> <span class='ocrx_word' id='word_1_606' title='bbox 1306 4815 1699 4890; x_wconf 79' lang='lat' dir='ltr'><strong>omisimusque</strong></span> <span class='ocrx_word' id='word_1_607' title='bbox 1730 4815 1875 4890; x_wconf 63' lang='lat' dir='ltr'><strong>_cu&#39;m</strong></span> <span class='ocrx_word' id='word_1_608' title='bbox 1931 4837 2020 4877; x_wconf 87' lang='lat' dir='ltr'><strong>sc-</strong></span> 
     </span>
    </p>
   </div>
   <div class='ocr_carea' id='block_1_83' title="bbox 449 4885 2022 4961">
    <p class='ocr_par' dir='ltr' id='par_1_83' title="bbox 449 4885 2022 4961">
     <span class='ocr_line' id='line_1_84' title="bbox 449 4885 2022 4961; baseline 0.007 -26"><span class='ocrx_word' id='word_1_609' title='bbox 449 4885 637 4951; x_wconf 88' lang='lat' dir='ltr'><strong>quenti</strong></span> <span class='ocrx_word' id='word_1_610' title='bbox 678 4888 1039 4961; x_wconf 70' lang='grc' dir='ltr'>πραγμάτων,</span> <span class='ocrx_word' id='word_1_611' title='bbox 1065 4890 1236 4944; x_wconf 87' lang='lat' dir='ltr'><strong>secuti</strong></span> <span class='ocrx_word' id='word_1_612' title='bbox 1263 4889 1427 4961; x_wconf 87' lang='lat' dir='ltr'><strong>alium</strong></span> <span class='ocrx_word' id='word_1_613' title='bbox 1455 4885 1697 4945; x_wconf 78' lang='lat' dir='ltr'><strong>codicem</strong></span> <span class='ocrx_word' id='word_1_614' title='bbox 1725 4888 1934 4961; x_wconf 55' lang='lat' dir='ltr'><strong>Rupili,</strong></span> <span class='ocrx_word' id='word_1_615' title='bbox 1953 4907 2022 4946; x_wconf 79' lang='lat' dir='ltr'><strong>ex</strong></span> 
     </span>
    </p>
   </div>
   <div class='ocr_carea' id='block_1_84' title="bbox 449 4957 2016 5030">
    <p class='ocr_par' dir='ltr' id='par_1_84' title="bbox 449 4957 2016 5030">
     <span class='ocr_line' id='line_1_85' title="bbox 449 4957 2016 5030; baseline 0.008 -24"><span class='ocrx_word' id='word_1_616' title='bbox 449 4967 558 5030; x_wconf 73' lang='lat' dir='ltr'><strong>quo</strong></span> <span class='ocrx_word' id='word_1_617' title='bbox 603 4961 658 5009; x_wconf 89' lang='lat' dir='ltr'><strong>et</strong></span> <span class='ocrx_word' id='word_1_618' title='bbox 698 4957 862 5030; x_wconf 79' lang='lat' dir='ltr'><strong>editis</strong></span> <span class='ocrx_word' id='word_1_619' title='bbox 914 4972 1077 5030; x_wconf 75' lang='lat' dir='ltr'><strong>unam</strong></span> <span class='ocrx_word' id='word_1_620' title='bbox 1119 4961 1277 5015; x_wconf 89' lang='lat' dir='ltr'><strong>nobis</strong></span> <span class='ocrx_word' id='word_1_621' title='bbox 1318 4959 1552 5030; x_wconf 83' lang='lat' dir='ltr'><strong>litteram</strong></span> <span class='ocrx_word' id='word_1_622' title='bbox 1585 4957 2016 5030; x_wconf 76' lang='lat' dir='ltr'><strong>composuimus.</strong></span> 
     </span>
    </p>
   </div>
   <div class='ocr_carea' id='block_1_85' title="bbox 449 5021 2018 5100">
    <p class='ocr_par' dir='ltr' id='par_1_85' title="bbox 449 5021 2018 5100">
     <span class='ocr_line' id='line_1_86' title="bbox 449 5021 2018 5100; baseline 0.009 -26"><span class='ocrx_word' id='word_1_623' title='bbox 449 5021 717 5091; x_wconf 82' lang='lat' dir='ltr'><strong>impressa</strong></span> <span class='ocrx_word' id='word_1_624' title='bbox 762 5027 912 5081; x_wconf 82' lang='lat' dir='ltr'><strong>velut</strong></span> <span class='ocrx_word' id='word_1_625' title='bbox 956 5026 1205 5100; x_wconf 78' lang='lat' dir='ltr'><strong>Origenis</strong></span> <span class='ocrx_word' id='word_1_626' title='bbox 1235 5036 1289 5083; x_wconf 92' lang='lat' dir='ltr'><strong>et</strong></span> <span class='ocrx_word' id='word_1_627' title='bbox 1321 5028 1376 5100; x_wconf 85' lang='lat' dir='ltr'><strong>in</strong></span> <span class='ocrx_word' id='word_1_628' title='bbox 1405 5030 1563 5084; x_wconf 88' lang='lat' dir='ltr'><strong>tertia</strong></span> <span class='ocrx_word' id='word_1_629' title='bbox 1589 5021 1844 5100; x_wconf 77' lang='lat' dir='ltr'><strong>persona,</strong></span> <span class='ocrx_word' id='word_1_630' title='bbox 1876 5031 2018 5087; x_wconf 80' lang='lat' dir='ltr'><strong>refe-</strong></span> 
     </span>
    </p>
   </div>
   <div class='ocr_carea' id='block_1_86' title="bbox 446 5099 2012 5168">
    <p class='ocr_par' dir='ltr' id='par_1_86' title="bbox 446 5099 2012 5168">
     <span class='ocr_line' id='line_1_87' title="bbox 446 5099 2012 5168; baseline 0.006 -21"><span class='ocrx_word' id='word_1_631' title='bbox 446 5099 606 5168; x_wconf 85' lang='lat' dir='ltr'><strong>runt_;</strong></span> <span class='ocrx_word' id='word_1_632' title='bbox 632 5109 733 5151; x_wconf 88' lang='lat' dir='ltr'><strong>nos</strong></span> <span class='ocrx_word' id='word_1_633' title='bbox 759 5111 884 5168; x_wconf 85' lang='lat' dir='ltr'><strong>cum</strong></span> <span class='ocrx_word' id='word_1_634' title='bbox 922 5113 1025 5151; x_wconf 92' lang='lat' dir='ltr'><strong>ms.</strong></span> <span class='ocrx_word' id='word_1_635' title='bbox 1060 5106 1118 5151; x_wconf 93' lang='lat' dir='ltr'><strong>ut</strong></span> <span class='ocrx_word' id='word_1_636' title='bbox 1147 5099 1560 5168; x_wconf 75' lang='lat' dir='ltr'><strong>Aglaophontis,</strong></span> <span class='ocrx_word' id='word_1_637' title='bbox 1592 5099 1728 5155; x_wconf 74' lang='lat' dir='ltr'><strong>etin</strong></span> <span class='ocrx_word' id='word_1_638' title='bbox 1752 5102 2012 5166; x_wconf 88' lang='lat' dir='ltr'><strong>secunda,</strong></span> 
     </span>
    </p>
   </div>
   <div class='ocr_carea' id='block_1_87' title="bbox 445 5161 2013 5286">
    <p class='ocr_par' dir='ltr' id='par_1_87' title="bbox 445 5161 2013 5286">
     <span class='ocr_line' id='line_1_88' title="bbox 445 5161 2013 5286; baseline 0.007 -71"><span class='ocrx_word' id='word_1_639' title='bbox 445 5161 591 5286; x_wconf 55' lang='grc' dir='ltr'>διιρά</span> <span class='ocrx_word' id='word_1_640' title='bbox 634 5166 807 5245; x_wconf 78' lang='lat' dir='ltr'><strong>magis</strong></span> <span class='ocrx_word' id='word_1_641' title='bbox 847 5176 1113 5222; x_wconf 86' lang='lat' dir='ltr'><strong>consonat</strong></span> <span class='ocrx_word' id='word_1_642' title='bbox 1156 5161 1398 5238; x_wconf 55' lang='lat' dir='ltr'><strong>raliqu&#39;is.</strong></span> <span class='ocrx_word' id='word_1_643' title='bbox 1446 5161 1798 5240; x_wconf 81' lang='lat' dir='ltr'><strong>Impugnatur</strong></span> <span class='ocrx_word' id='word_1_644' title='bbox 1839 5161 2013 5227; x_wconf 84' lang='lat' dir='ltr'><strong>novus</strong></span> 
     </span>
     <span class='ocr_line' id='line_1_89' title="bbox 494 5239 2013 5286; baseline 0 0"><span class='ocrx_word' id='word_1_645' title='bbox 494 5248 894 5286; x_wconf 78' lang='lat' dir='ltr'><strong>rltzemanorum</strong></span> <span class='ocrx_word' id='word_1_646' title='bbox 933 5253 1106 5286; x_wconf 83' lang='lat' dir='ltr'><strong>error-</strong></span> <span class='ocrx_word' id='word_1_647' title='bbox 1148 5255 1213 5286; x_wconf 74' lang='lat' dir='ltr'><strong>ex</strong></span> <span class='ocrx_word' id='word_1_648' title='bbox 1257 5240 1437 5286; x_wconf 77' lang='lat' dir='ltr'><strong>nriore</strong></span> <span class='ocrx_word' id='word_1_649' title='bbox 1466 5239 1558 5286; x_wconf 88' lang='lat' dir='ltr'><strong>illn</strong></span> <span class='ocrx_word' id='word_1_650' title='bbox 1596 5243 2013 5286; x_wconf 70' lang='lat' dir='ltr'><strong>resnrrectinnig</strong></span> 
     </span>
    </p>
   </div>
   <div class='ocr_carea' id='block_1_88' title="bbox 494 5233 2014 5308">
    <p class='ocr_par' dir='ltr' id='par_1_88' title="bbox 494 5233 2014 5308">
     <span class='ocr_line' id='line_1_90' title="bbox 494 5233 2014 5308; baseline 0.008 -23"><span class='ocrx_word' id='word_1_651' title='bbox 494 5233 894 5301; x_wconf 77' lang='lat' dir='ltr'><strong>rigenianorum</strong></span> <span class='ocrx_word' id='word_1_652' title='bbox 933 5253 1106 5302; x_wconf 90' lang='lat' dir='ltr'><strong>error,</strong></span> <span class='ocrx_word' id='word_1_653' title='bbox 1148 5255 1213 5293; x_wconf 85' lang='lat' dir='ltr'><strong>ex</strong></span> <span class='ocrx_word' id='word_1_654' title='bbox 1256 5233 1437 5308; x_wconf 78' lang='lat' dir='ltr'><strong>priore</strong></span> <span class='ocrx_word' id='word_1_655' title='bbox 1466 5233 1558 5293; x_wconf 77' lang='lat' dir='ltr'><strong>illo</strong></span> <span class='ocrx_word' id='word_1_656' title='bbox 1596 5233 2014 5297; x_wconf 68' lang='lat' dir='ltr'><strong>resurrectionis</strong></span> 
     </span>
    </p>
   </div>
   <div class='ocr_carea' id='block_1_89' title="bbox 445 5302 2013 5378">
    <p class='ocr_par' dir='ltr' id='par_1_89' title="bbox 445 5302 2013 5378">
     <span class='ocr_line' id='line_1_91' title="bbox 445 5302 2013 5378; baseline 0.008 -23"><span class='ocrx_word' id='word_1_657' title='bbox 445 5302 651 5378; x_wconf 85' lang='lat' dir='ltr'><strong>absque</strong></span> <span class='ocrx_word' id='word_1_658' title='bbox 675 5320 843 5378; x_wconf 83' lang='lat' dir='ltr'><strong>carne</strong></span> <span class='ocrx_word' id='word_1_659' title='bbox 869 5315 1044 5372; x_wconf 76' lang='lat' dir='ltr'><strong>ortus,</strong></span> <span class='ocrx_word' id='word_1_660' title='bbox 1072 5302 1273 5378; x_wconf 73' lang='lat' dir='ltr'><strong>nempe</strong></span> <span class='ocrx_word' id='word_1_661' title='bbox 1286 5309 1604 5366; x_wconf 90' lang='lat' dir='ltr'><strong>mutationis</strong></span> <span class='ocrx_word' id='word_1_662' title='bbox 1626 5312 1930 5365; x_wconf 87' lang='lat' dir='ltr'><strong>animarum</strong></span> <span class='ocrx_word' id='word_1_663' title='bbox 1956 5314 2013 5367; x_wconf 90' lang='lat' dir='ltr'><strong>in</strong></span> 
     </span>
    </p>
   </div>
   <div class='ocr_carea' id='block_1_90' title="bbox 443 5375 2009 5451">
    <p class='ocr_par' dir='ltr' id='par_1_90' title="bbox 443 5375 2009 5451">
     <span class='ocr_line' id='line_1_92' title="bbox 443 5375 2009 5451; baseline 0.006 -26"><span class='ocrx_word' id='word_1_664' title='bbox 443 5375 685 5451; x_wconf 66' lang='lat' dir='ltr'><strong>angelos,</strong></span> <span class='ocrx_word' id='word_1_665' title='bbox 718 5376 775 5430; x_wconf 89' lang='lat' dir='ltr'><strong>in</strong></span> <span class='ocrx_word' id='word_1_666' title='bbox 816 5392 936 5451; x_wconf 81' lang='lat' dir='ltr'><strong>quo</strong></span> <span class='ocrx_word' id='word_1_667' title='bbox 962 5386 1047 5451; x_wconf 87' lang='lat' dir='ltr'><strong>est</strong></span> <span class='ocrx_word' id='word_1_668' title='bbox 1078 5375 1247 5433; x_wconf 76' lang='lat' dir='ltr'><strong>multa</strong></span> <span class='ocrx_word' id='word_1_669' title='bbox 1288 5379 1380 5432; x_wconf 90' lang='lat' dir='ltr'><strong>illa</strong></span> <span class='ocrx_word' id='word_1_670' title='bbox 1409 5393 1596 5451; x_wconf 87' lang='lat' dir='ltr'><strong>eorum</strong></span> <span class='ocrx_word' id='word_1_671' title='bbox 1631 5382 2009 5451; x_wconf 85' lang='grc' dir='ltr'>παράπτωσις,</span> 
     </span>
    </p>
   </div>
   <div class='ocr_carea' id='block_1_91' title="bbox 442 5442 2011 5520">
    <p class='ocr_par' dir='ltr' id='par_1_91' title="bbox 442 5442 2011 5520">
     <span class='ocr_line' id='line_1_93' title="bbox 442 5442 2011 5520; baseline 0.01 -27"><span class='ocrx_word' id='word_1_672' title='bbox 442 5442 662 5520; x_wconf 63' lang='lat' dir='ltr'><strong>offensio</strong></span> <span class='ocrx_word' id='word_1_673' title='bbox 695 5461 718 5520; x_wconf 56' lang='grc' dir='ltr'>ξ</span> <span class='ocrx_word' id='word_1_674' title='bbox 748 5442 896 5520; x_wconf 55' lang='lat' dir='ltr'><strong>velut</strong></span> <span class='ocrx_word' id='word_1_675' title='bbox 923 5447 1368 5520; x_wconf 79' lang='lat' dir='ltr'><strong>impingentibus,</strong></span> <span class='ocrx_word' id='word_1_676' title='bbox 1395 5450 1564 5505; x_wconf 90' lang='lat' dir='ltr'><strong>semel</strong></span> <span class='ocrx_word' id='word_1_677' title='bbox 1590 5465 1622 5503; x_wconf 91' lang='lat' dir='ltr'><strong>a</strong></span> <span class='ocrx_word' id='word_1_678' title='bbox 1652 5442 1885 5507; x_wconf 76' lang='lat' dir='ltr'><strong>veritate</strong></span> <span class='ocrx_word' id='word_1_679' title='bbox 1915 5442 2011 5507; x_wconf 47' lang='lat' dir='ltr'><strong>de;</strong></span> 
     </span>
    </p>
   </div>
   <div class='ocr_carea' id='block_1_92' title="bbox 442 5513 904 5573">
    <p class='ocr_par' dir='ltr' id='par_1_92' title="bbox 442 5513 904 5573">
     <span class='ocr_line' id='line_1_94' title="bbox 442 5513 904 5573; baseline 0.017 -9"><span class='ocrx_word' id='word_1_680' title='bbox 442 5514 544 5565; x_wconf 79' lang='lat' dir='ltr'><strong>viis</strong></span> <span class='ocrx_word' id='word_1_681' title='bbox 576 5513 904 5573; x_wconf 85' lang='lat' dir='ltr'><strong>hominibus.</strong></span> 
     </span>
    </p>
   </div>
   <div class='ocr_carea' id='block_1_93' title="bbox 534 5583 2008 5665">
    <p class='ocr_par' dir='ltr' id='par_1_93' title="bbox 534 5583 2008 5665">
     <span class='ocr_line' id='line_1_95' title="bbox 534 5583 2008 5665; baseline 0.011 -30"><span class='ocrx_word' id='word_1_682' title='bbox 534 5583 623 5665; x_wconf 53' lang='lat'><strong>92)</strong></span> <span class='ocrx_word' id='word_1_683' title='bbox 655 5583 723 5637; x_wconf 88' lang='lat' dir='ltr'><strong>Et</strong></span> <span class='ocrx_word' id='word_1_684' title='bbox 753 5586 1104 5665; x_wconf 68' lang='lat' dir='ltr'><strong>administris,</strong></span> <span class='ocrx_word' id='word_1_685' title='bbox 1157 5591 1252 5665; x_wconf 74' lang='grc' dir='ltr'>καὶ</span> <span class='ocrx_word' id='word_1_686' title='bbox 1292 5589 1658 5662; x_wconf 85' lang='grc' dir='ltr'>λειτουργούς.</span> <span class='ocrx_word' id='word_1_687' title='bbox 1703 5593 1916 5665; x_wconf 88' lang='lat' dir='ltr'><strong>Accipit</strong></span> <span class='ocrx_word' id='word_1_688' title='bbox 1947 5601 2008 5650; x_wconf 83' lang='lat' dir='ltr'><strong>ut</strong></span> 
     </span>
    </p>
   </div>
   <div class='ocr_carea' id='block_1_94' title="bbox 440 5653 2006 5733">
    <p class='ocr_par' dir='ltr' id='par_1_94' title="bbox 440 5653 2006 5733">
     <span class='ocr_line' id='line_1_96' title="bbox 440 5653 2006 5733; baseline 0.011 -30"><span class='ocrx_word' id='word_1_689' title='bbox 440 5653 685 5732; x_wconf 76' lang='lat' dir='ltr'><strong>ordinem</strong></span> <span class='ocrx_word' id='word_1_690' title='bbox 715 5658 960 5725; x_wconf 74' lang='lat' dir='ltr'><strong>angelico</strong></span> <span class='ocrx_word' id='word_1_691' title='bbox 991 5662 1348 5729; x_wconf 88' lang='lat' dir='ltr'><strong>superiorem,</strong></span> <span class='ocrx_word' id='word_1_692' title='bbox 1379 5671 1439 5714; x_wconf 90' lang='lat' dir='ltr'><strong>ut</strong></span> <span class='ocrx_word' id='word_1_693' title='bbox 1477 5653 2006 5733; x_wconf 13' lang='lat' dir='ltr'><strong>ei‘sequenti&#39;loca-</strong></span> 
     </span>
    </p>
   </div>
   <div class='ocr_carea' id='block_1_95' title="bbox 445 5731 2005 5805">
    <p class='ocr_par' dir='ltr' id='par_1_95' title="bbox 445 5731 2005 5805">
     <span class='ocr_line' id='line_1_97' title="bbox 445 5731 2005 5805; baseline 0.01 -31"><span class='ocrx_word' id='word_1_694' title='bbox 445 5731 587 5805; x_wconf 67' lang='lat' dir='ltr'><strong>tione</strong></span> <span class='ocrx_word' id='word_1_695' title='bbox 608 5735 980 5805; x_wconf 79' lang='lat' dir='ltr'><strong>creaturarum</strong></span> <span class='ocrx_word' id='word_1_696' title='bbox 1010 5745 1108 5805; x_wconf 73' lang='lat' dir='ltr'><strong>pro</strong></span> <span class='ocrx_word' id='word_1_697' title='bbox 1136 5732 1401 5805; x_wconf 82' lang='lat' dir='ltr'><strong>cujusque</strong></span> <span class='ocrx_word' id='word_1_698' title='bbox 1444 5731 1616 5802; x_wconf 75' lang='lat' dir='ltr'><strong>gradu</strong></span> <span class='ocrx_word' id='word_1_699' title='bbox 1660 5731 1833 5805; x_wconf 78' lang='lat' dir='ltr'><strong>liquet</strong></span> <span class='ocrx_word' id='word_1_700' title='bbox 1858 5752 1873 5800; x_wconf 91' lang='lat'><strong>;</strong></span> <span class='ocrx_word' id='word_1_701' title='bbox 1898 5750 2005 5805; x_wconf 90' lang='lat' dir='ltr'><strong>qua</strong></span> 
     </span>
    </p>
   </div>
   <div class='ocr_carea' id='block_1_96' title="bbox 445 5794 2002 5866">
    <p class='ocr_par' dir='ltr' id='par_1_96' title="bbox 445 5794 2002 5866">
     <span class='ocr_line' id='line_1_98' title="bbox 445 5794 2002 5866; baseline 0.009 -20"><span class='ocrx_word' id='word_1_702' title='bbox 445 5794 605 5849; x_wconf 70' lang='lat' dir='ltr'><strong>:mlos</strong></span> <span class='ocrx_word' id='word_1_703' title='bbox 633 5797 873 5858; x_wconf 70' lang='lat' dir='ltr'><strong>assignat</strong></span> <span class='ocrx_word' id='word_1_704' title='bbox 902 5794 1140 5862; x_wconf 66' lang='lat' dir='ltr'><strong>angelis;</strong></span> <span class='ocrx_word' id='word_1_705' title='bbox 1174 5794 1376 5855; x_wconf 76' lang='lat' dir='ltr'><strong>lumina</strong></span> <span class='ocrx_word' id='word_1_706' title='bbox 1395 5794 1542 5865; x_wconf 61' lang='lat' dir='ltr'><strong>ve&#39;ro,</strong></span> <span class='ocrx_word' id='word_1_707' title='bbox 1569 5794 1774 5866; x_wconf 74' lang='lat' dir='ltr'><strong>potiora</strong></span> <span class='ocrx_word' id='word_1_708' title='bbox 1798 5794 2002 5860; x_wconf 61' lang='grc' dir='ltr'><strong>ἱιίςὶει</strong></span> 
     </span>
    </p>
   </div>
   <div class='ocr_carea' id='block_1_97' title="bbox 2141 3321 3702 3394">
    <p class='ocr_par' dir='ltr' id='par_1_97' title="bbox 2141 3321 3702 3394">
     <span class='ocr_line' id='line_1_99' title="bbox 2141 3321 3702 3394; baseline -0.005 -13"><span class='ocrx_word' id='word_1_709' title='bbox 2141 3326 2406 3381; x_wconf 91' lang='lat' dir='ltr'><strong>mundum</strong></span> <span class='ocrx_word' id='word_1_710' title='bbox 2433 3326 2798 3394; x_wconf 89' lang='lat' dir='ltr'><strong>omnibusque</strong></span> <span class='ocrx_word' id='word_1_711' title='bbox 2824 3323 2882 3377; x_wconf 91' lang='lat' dir='ltr'><strong>in</strong></span> <span class='ocrx_word' id='word_1_712' title='bbox 2903 3337 2969 3377; x_wconf 92' lang='lat' dir='ltr'><strong>eo</strong></span> <span class='ocrx_word' id='word_1_713' title='bbox 2992 3321 3157 3377; x_wconf 88' lang='lat' dir='ltr'><strong>rebus</strong></span> <span class='ocrx_word' id='word_1_714' title='bbox 3188 3328 3466 3391; x_wconf 85' lang='lat' dir='ltr'><strong>praeesset,</strong></span> <span class='ocrx_word' id='word_1_715' title='bbox 3499 3336 3566 3375; x_wconf 79' lang='lat' dir='ltr'><strong>ex</strong></span> <span class='ocrx_word' id='word_1_716' title='bbox 3588 3321 3702 3390; x_wconf 84' lang='lat' dir='ltr'><strong>pri-</strong></span> 
     </span>
    </p>
   </div>
   <div class='ocr_carea' id='block_1_98' title="bbox 2139 3410 3699 3487">
    <p class='ocr_par' dir='ltr' id='par_1_98' title="bbox 2139 3410 3699 3487">
     <span class='ocr_line' id='line_1_100' title="bbox 2139 3410 3699 3487; baseline -0.004 -15"><span class='ocrx_word' id='word_1_717' title='bbox 2139 3432 2230 3472; x_wconf 90' lang='lat' dir='ltr'><strong>ma</strong></span> <span class='ocrx_word' id='word_1_718' title='bbox 2261 3416 2616 3487; x_wconf 89' lang='lat' dir='ltr'><strong>dispositione</strong></span> <span class='ocrx_word' id='word_1_719' title='bbox 2643 3413 2975 3470; x_wconf 88' lang='lat' dir='ltr'><strong>constitutus</strong></span> <span class='ocrx_word' id='word_1_720' title='bbox 3004 3421 3128 3476; x_wconf 90' lang='lat' dir='ltr'><strong>est,</strong></span> <span class='ocrx_word' id='word_1_721' title='bbox 3165 3412 3313 3466; x_wconf 86' lang='lat' dir='ltr'><strong>velut</strong></span> <span class='ocrx_word' id='word_1_722' title='bbox 3353 3410 3699 3474; x_wconf 79' lang='lat' dir='ltr'><strong>immortalis,</strong></span> 
     </span>
    </p>
   </div>
   <div class='ocr_carea' id='block_1_99' title="bbox 2139 3499 3701 3580">
    <p class='ocr_par' dir='ltr' id='par_1_99' title="bbox 2139 3499 3701 3580">
     <span class='ocr_line' id='line_1_101' title="bbox 2139 3499 3701 3580; baseline -0.007 -17"><span class='ocrx_word' id='word_1_723' title='bbox 2139 3523 2419 3580; x_wconf 87' lang='lat' dir='ltr'><strong>nunquam</strong></span> <span class='ocrx_word' id='word_1_724' title='bbox 2450 3507 2506 3561; x_wconf 93' lang='lat' dir='ltr'><strong>in</strong></span> <span class='ocrx_word' id='word_1_725' title='bbox 2535 3507 2851 3577; x_wconf 80' lang='lat' dir='ltr'><strong>angelorum</strong></span> <span class='ocrx_word' id='word_1_726' title='bbox 2884 3509 2978 3557; x_wconf 86' lang='lat' dir='ltr'><strong>aut</strong></span> <span class='ocrx_word' id='word_1_727' title='bbox 3012 3502 3240 3557; x_wconf 89' lang='lat' dir='ltr'><strong>alterius</strong></span> <span class='ocrx_word' id='word_1_728' title='bbox 3270 3501 3563 3571; x_wconf 91' lang='lat' dir='ltr'><strong>cujuslibet</strong></span> <span class='ocrx_word' id='word_1_729' title='bbox 3591 3499 3701 3553; x_wconf 83' lang='lat' dir='ltr'><strong>for-</strong></span> 
     </span>
    </p>
   </div>
   <div class='ocr_carea' id='block_1_100' title="bbox 2137 3593 3700 3665">
    <p class='ocr_par' dir='ltr' id='par_1_100' title="bbox 2137 3593 3700 3665">
     <span class='ocr_line' id='line_1_102' title="bbox 2137 3593 3700 3665; baseline -0.006 -11"><span class='ocrx_word' id='word_1_730' title='bbox 2137 3615 2281 3654; x_wconf 87' lang='lat' dir='ltr'><strong>mam</strong></span> <span class='ocrx_word' id='word_1_731' title='bbox 2309 3615 2377 3656; x_wconf 79' lang='lat' dir='ltr'><strong>ex</strong></span> <span class='ocrx_word' id='word_1_732' title='bbox 2404 3598 2623 3654; x_wconf 87' lang='lat' dir='ltr'><strong>homine</strong></span> <span class='ocrx_word' id='word_1_733' title='bbox 2650 3596 3050 3653; x_wconf 85' lang='lat' dir='ltr'><strong>convertendus</strong></span> <span class='ocrx_word' id='word_1_734' title='bbox 3073 3602 3157 3651; x_wconf 87' lang='lat' dir='ltr'><strong>est</strong></span> <span class='ocrx_word' id='word_1_735' title='bbox 3181 3613 3194 3662; x_wconf 94' lang='lat'><strong>;</strong></span> <span class='ocrx_word' id='word_1_736' title='bbox 3227 3593 3444 3665; x_wconf 89' lang='lat' dir='ltr'><strong>quando</strong></span> <span class='ocrx_word' id='word_1_737' title='bbox 3475 3608 3577 3649; x_wconf 88' lang='lat' dir='ltr'><strong>nec</strong></span> <span class='ocrx_word' id='word_1_738' title='bbox 3605 3609 3700 3646; x_wconf 88' lang='lat' dir='ltr'><strong>an-</strong></span> 
     </span>
    </p>
   </div>
   <div class='ocr_carea' id='block_1_101' title="bbox 2136 3686 3698 3760">
    <p class='ocr_par' dir='ltr' id='par_1_101' title="bbox 2136 3686 3698 3760">
     <span class='ocr_line' id='line_1_103' title="bbox 2136 3686 3698 3760; baseline -0.004 -13"><span class='ocrx_word' id='word_1_739' title='bbox 2136 3690 2242 3754; x_wconf 72' lang='lat' dir='ltr'><strong>geli</strong></span> <span class='ocrx_word' id='word_1_740' title='bbox 2286 3693 2354 3746; x_wconf 90' lang='lat' dir='ltr'><strong>ab</strong></span> <span class='ocrx_word' id='word_1_741' title='bbox 2380 3706 2440 3747; x_wconf 89' lang='lat' dir='ltr'><strong>ea</strong></span> <span class='ocrx_word' id='word_1_742' title='bbox 2469 3704 2634 3760; x_wconf 90' lang='lat' dir='ltr'><strong>quam</strong></span> <span class='ocrx_word' id='word_1_743' title='bbox 2658 3688 2813 3743; x_wconf 91' lang='lat' dir='ltr'><strong>initio</strong></span> <span class='ocrx_word' id='word_1_744' title='bbox 2836 3688 3015 3743; x_wconf 92' lang='lat' dir='ltr'><strong>sortiti</strong></span> <span class='ocrx_word' id='word_1_745' title='bbox 3042 3693 3168 3743; x_wconf 88' lang='lat' dir='ltr'><strong>sunt</strong></span> <span class='ocrx_word' id='word_1_746' title='bbox 3190 3686 3369 3756; x_wconf 85' lang='lat' dir='ltr'><strong>specie</strong></span> <span class='ocrx_word' id='word_1_747' title='bbox 3397 3694 3449 3740; x_wconf 88' lang='lat' dir='ltr'><strong>et</strong></span> <span class='ocrx_word' id='word_1_748' title='bbox 3480 3690 3698 3747; x_wconf 80' lang='lat' dir='ltr'><strong>natura,</strong></span> 
     </span>
    </p>
   </div>
   <div class='ocr_carea' id='block_1_102' title="bbox 2134 3779 3697 3860">
    <p class='ocr_par' dir='ltr' id='par_1_102' title="bbox 2134 3779 3697 3860">
     <span class='ocr_line' id='line_1_104' title="bbox 2134 3779 3697 3860; baseline -0.002 -22"><span class='ocrx_word' id='word_1_749' title='bbox 2134 3783 2515 3841; x_wconf 80' lang='lat' dir='ltr'><strong>transformari</strong></span> <span class='ocrx_word' id='word_1_750' title='bbox 2555 3791 2609 3839; x_wconf 91' lang='lat' dir='ltr'><strong>et</strong></span> <span class='ocrx_word' id='word_1_751' title='bbox 2641 3781 2841 3837; x_wconf 89' lang='lat' dir='ltr'><strong>mutari</strong></span> <span class='ocrx_word' id='word_1_752' title='bbox 2878 3788 3124 3857; x_wconf 88' lang='lat' dir='ltr'><strong>possunt.</strong></span> <span class='ocrx_word' id='word_1_753' title='bbox 3158 3780 3223 3834; x_wconf 88' lang='lat' dir='ltr'><strong>Et</strong></span> <span class='ocrx_word' id='word_1_754' title='bbox 3253 3794 3382 3837; x_wconf 79' lang='lat' dir='ltr'><strong>vero</strong></span> <span class='ocrx_word' id='word_1_755' title='bbox 3424 3779 3697 3860; x_wconf 76' lang='lat' dir='ltr'><strong>Christus,</strong></span> 
     </span>
    </p>
   </div>
   <div class='ocr_carea' id='block_1_103' title="bbox 2147 4049 3694 4131">
    <p class='ocr_par' dir='ltr' id='par_1_103' title="bbox 2147 4049 3694 4131">
     <span class='ocr_line' id='line_1_105' title="bbox 2147 4049 3694 4131; baseline 0.006 -28"><span class='ocrx_word' id='word_1_756' title='bbox 2147 4049 2236 4115; x_wconf 86' lang='lat' dir='ltr'><strong>lis,</strong></span> <span class='ocrx_word' id='word_1_757' title='bbox 2257 4058 2327 4131; x_wconf 72' lang='lat' dir='ltr'><strong>et</strong></span> <span class='ocrx_word' id='word_1_758' title='bbox 2343 4053 2724 4131; x_wconf 80' lang='lat' dir='ltr'><strong>respondentia</strong></span> <span class='ocrx_word' id='word_1_759' title='bbox 2746 4057 3071 4131; x_wconf 81' lang='lat' dir='ltr'><strong>purioribus</strong></span> <span class='ocrx_word' id='word_1_760' title='bbox 3093 4056 3201 4112; x_wconf 88' lang='lat' dir='ltr'><strong>illis</strong></span> <span class='ocrx_word' id='word_1_761' title='bbox 3230 4056 3694 4131; x_wconf 64' lang='lat' dir='ltr'><strong>luminibusassL</strong></span> 
     </span>
    </p>
   </div>
   <div class='ocr_carea' id='block_1_104' title="bbox 2145 4126 3694 4197">
    <p class='ocr_par' dir='ltr' id='par_1_104' title="bbox 2145 4126 3694 4197">
     <span class='ocr_line' id='line_1_106' title="bbox 2145 4126 3694 4197; baseline 0.005 -22"><span class='ocrx_word' id='word_1_762' title='bbox 2145 4126 2630 4197; x_wconf 56' lang='lat' dir='ltr'><strong>gnatissupremis</strong></span> <span class='ocrx_word' id='word_1_763' title='bbox 2678 4126 2990 4196; x_wconf 80' lang='lat' dir='ltr'><strong>spiritibus,</strong></span> <span class='ocrx_word' id='word_1_764' title='bbox 3023 4141 3217 4197; x_wconf 87' lang='lat' dir='ltr'><strong>nempe</strong></span> <span class='ocrx_word' id='word_1_765' title='bbox 3269 4127 3603 4197; x_wconf 89' lang='lat' dir='ltr'><strong>seraphinis;</strong></span> <span class='ocrx_word' id='word_1_766' title='bbox 3638 4138 3694 4182; x_wconf 79' lang='lat' dir='ltr'><strong>ut</strong></span> 
     </span>
    </p>
   </div>
   <div class='ocr_carea' id='block_1_105' title="bbox 2135 4191 3691 4268">
    <p class='ocr_par' dir='ltr' id='par_1_105' title="bbox 2135 4191 3691 4268">
     <span class='ocr_line' id='line_1_107' title="bbox 2135 4191 3691 4268; baseline 0.006 -25"><span class='ocrx_word' id='word_1_767' title='bbox 2135 4191 2785 4268; x_wconf 56' lang='lat' dir='ltr'><strong>etsedibustlironisq&#39;ue</strong></span> <span class='ocrx_word' id='word_1_768' title='bbox 2811 4191 3510 4268; x_wconf 38' lang='lat' dir='ltr'><strong>potestatumgrespondent</strong></span> <span class='ocrx_word' id='word_1_769' title='bbox 3544 4191 3691 4253; x_wconf 73' lang='lat' dir='ltr'><strong>cmli.</strong></span> 
     </span>
    </p>
   </div>
   <div class='ocr_carea' id='block_1_106' title="bbox 2133 4258 3691 4336">
    <p class='ocr_par' dir='ltr' id='par_1_106' title="bbox 2133 4258 3691 4336">
     <span class='ocr_line' id='line_1_108' title="bbox 2133 4258 3691 4336; baseline 0.005 -22"><span class='ocrx_word' id='word_1_770' title='bbox 2133 4258 2399 4336; x_wconf 42' lang='lat' dir='ltr'><strong>ministris</strong></span> <span class='ocrx_word' id='word_1_771' title='bbox 2426 4263 2534 4319; x_wconf 92' lang='lat' dir='ltr'><strong>illis</strong></span> <span class='ocrx_word' id='word_1_772' title='bbox 2560 4258 2914 4336; x_wconf 10' lang='lat' dir='ltr'><strong>:ires&#39;pici&#39;ens</strong></span> <span class='ocrx_word' id='word_1_773' title='bbox 2976 4267 3114 4321; x_wconf 86' lang='lat' dir='ltr'><strong>forte</strong></span> <span class='ocrx_word' id='word_1_774' title='bbox 3145 4258 3291 4320; x_wconf 46' lang='lat' dir='ltr'><strong>illud.</strong></span> <span class='ocrx_word' id='word_1_775' title='bbox 3317 4266 3453 4335; x_wconf 89' lang='lat' dir='ltr'><strong>psal.</strong></span> <span class='ocrx_word' id='word_1_776' title='bbox 3479 4282 3594 4331; x_wconf 73' lang='lat' dir='ltr'><strong>cru,</strong></span> <span class='ocrx_word' id='word_1_777' title='bbox 3615 4269 3648 4320; x_wconf 72' lang='grc'><strong>4</strong></span> <span class='ocrx_word' id='word_1_778' title='bbox 3677 4287 3691 4322; x_wconf 89' lang='lat'>:</span> 
     </span>
    </p>
   </div>
   <div class='ocr_carea' id='block_1_107' title="bbox 2134 4329 3692 4415">
    <p class='ocr_par' dir='ltr' id='par_1_107' title="bbox 2134 4329 3692 4415">
     <span class='ocr_line' id='line_1_109' title="bbox 2134 4329 3692 4415; baseline 0.006 -32"><span class='ocrx_word' id='word_1_779' title='bbox 2134 4329 2240 4415; x_wconf 73' lang='lat' dir='ltr'><strong>Qui</strong></span> <span class='ocrx_word' id='word_1_780' title='bbox 2281 4331 2411 4400; x_wconf 81' lang='lat' dir='ltr'><strong>facit</strong></span> <span class='ocrx_word' id='word_1_781' title='bbox 2431 4335 2657 4415; x_wconf 44' lang='grc' dir='ltr'><strong>,σημείας</strong></span> <span class='ocrx_word' id='word_1_782' title='bbox 2698 4329 2821 4392; x_wconf 69' lang='lat' dir='ltr'><strong>suos</strong></span> <span class='ocrx_word' id='word_1_783' title='bbox 2861 4338 3100 4415; x_wconf 74' lang='lat' dir='ltr'><strong>spiritus,</strong></span> <span class='ocrx_word' id='word_1_784' title='bbox 3151 4346 3199 4415; x_wconf 67' lang='lat' dir='ltr'><strong>et</strong></span> <span class='ocrx_word' id='word_1_785' title='bbox 3225 4329 3524 4415; x_wconf 46' lang='lat' dir='ltr'><strong>.ministros</strong></span> <span class='ocrx_word' id='word_1_786' title='bbox 3569 4329 3692 4392; x_wconf 76' lang='lat' dir='ltr'><strong>suos</strong></span> 
     </span>
    </p>
   </div>
   <div class='ocr_carea' id='block_1_108' title="bbox 2128 4401 3692 4477">
    <p class='ocr_par' dir='ltr' id='par_1_108' title="bbox 2128 4401 3692 4477">
     <span class='ocr_line' id='line_1_110' title="bbox 2128 4401 3692 4477; baseline 0.006 -24"><span class='ocrx_word' id='word_1_787' title='bbox 2128 4401 2401 4477; x_wconf 55' lang='lat' dir='ltr'><strong>ﬂammam</strong></span> <span class='ocrx_word' id='word_1_788' title='bbox 2423 4401 2558 4477; x_wconf 76' lang='lat' dir='ltr'><strong>ignis</strong></span> <span class='ocrx_word' id='word_1_789' title='bbox 2582 4419 2751 4477; x_wconf 42' lang='lat' dir='ltr'><strong>aqua:</strong></span> <span class='ocrx_word' id='word_1_790' title='bbox 2774 4413 2857 4463; x_wconf 88' lang='lat' dir='ltr'><strong>est</strong></span> <span class='ocrx_word' id='word_1_791' title='bbox 2886 4401 3075 4477; x_wconf 91' lang='lat' dir='ltr'><strong>purior</strong></span> <span class='ocrx_word' id='word_1_792' title='bbox 3107 4406 3299 4476; x_wconf 88' lang='lat' dir='ltr'><strong>spiritu</strong></span> <span class='ocrx_word' id='word_1_793' title='bbox 3322 4421 3428 4477; x_wconf 86' lang='lat' dir='ltr'><strong>seu</strong></span> <span class='ocrx_word' id='word_1_794' title='bbox 3459 4416 3617 4477; x_wconf 81' lang='lat' dir='ltr'><strong>vento</strong></span> <span class='ocrx_word' id='word_1_795' title='bbox 3639 4419 3692 4462; x_wconf 86' lang='lat' dir='ltr'><strong>et</strong></span> 
     </span>
    </p>
   </div>
   <div class='ocr_carea' id='block_1_109' title="bbox 2127 4466 3691 4548">
    <p class='ocr_par' dir='ltr' id='par_1_109' title="bbox 2127 4466 3691 4548">
     <span class='ocr_line' id='line_1_111' title="bbox 2127 4466 3691 4548; baseline 0.006 -25"><span class='ocrx_word' id='word_1_796' title='bbox 2127 4466 2281 4548; x_wconf 78' lang='lat' dir='ltr'><strong>ﬂatu_</strong></span> <span class='ocrx_word' id='word_1_797' title='bbox 2312 4472 2424 4548; x_wconf 81' lang='lat' dir='ltr'><strong>illic</strong></span> <span class='ocrx_word' id='word_1_798' title='bbox 2443 4466 2782 4548; x_wconf 57' lang='lat' dir='ltr'><strong>&#39;signiliéato,</strong></span> <span class='ocrx_word' id='word_1_799' title='bbox 2815 4466 3153 4548; x_wconf 49' lang='lat' dir='ltr'><strong>propiusque,-</strong></span> <span class='ocrx_word' id='word_1_800' title='bbox 3171 4476 3381 4548; x_wconf 87' lang='lat' dir='ltr'><strong>accedit</strong></span> <span class='ocrx_word' id='word_1_801' title='bbox 3436 4476 3504 4529; x_wconf 91' lang='lat' dir='ltr'><strong>ad</strong></span> <span class='ocrx_word' id='word_1_802' title='bbox 3525 4486 3691 4548; x_wconf 86' lang='lat' dir='ltr'><strong>natu-</strong></span> 
     </span>
    </p>
   </div>
   <div class='ocr_carea' id='block_1_110' title="bbox 2126 4542 3691 4616">
    <p class='ocr_par' dir='ltr' id='par_1_110' title="bbox 2126 4542 3691 4616">
     <span class='ocr_line' id='line_1_112' title="bbox 2126 4542 3691 4616; baseline 0.001 -22"><span class='ocrx_word' id='word_1_803' title='bbox 2126 4555 2243 4595; x_wconf 87' lang='lat' dir='ltr'><strong>ram</strong></span> <span class='ocrx_word' id='word_1_804' title='bbox 2265 4542 2533 4616; x_wconf 66' lang='lat' dir='ltr'><strong>luminum</strong></span> <span class='ocrx_word' id='word_1_805' title='bbox 2560 4545 2792 4616; x_wconf 81' lang='lat' dir='ltr'><strong>igneam,</strong></span> <span class='ocrx_word' id='word_1_806' title='bbox 2815 4542 3249 4611; x_wconf 47' lang='lat' dir='ltr'><strong>‘vel&#39;l‘ormaliter,</strong></span> <span class='ocrx_word' id='word_1_807' title='bbox 3278 4546 3433 4616; x_wconf 78' lang='lat' dir='ltr'><strong>juxta</strong></span> <span class='ocrx_word' id='word_1_808' title='bbox 3483 4547 3691 4615; x_wconf 87' lang='lat' dir='ltr'><strong>pleros.</strong></span> 
     </span>
    </p>
   </div>
   <div class='ocr_carea' id='block_1_111' title="bbox 2126 4610 3690 4685">
    <p class='ocr_par' dir='ltr' id='par_1_111' title="bbox 2126 4610 3690 4685">
     <span class='ocr_line' id='line_1_113' title="bbox 2126 4610 3690 4685; baseline 0.006 -21"><span class='ocrx_word' id='word_1_809' title='bbox 2126 4625 2233 4685; x_wconf 81' lang='lat' dir='ltr'><strong>que</strong></span> <span class='ocrx_word' id='word_1_810' title='bbox 2259 4610 2469 4685; x_wconf 81' lang='lat' dir='ltr'><strong>Patres,</strong></span> <span class='ocrx_word' id='word_1_811' title='bbox 2502 4610 2605 4670; x_wconf 52' lang='lat' dir='ltr'><strong>vel&#39;</strong></span> <span class='ocrx_word' id='word_1_812' title='bbox 2621 4610 2813 4671; x_wconf 82' lang='lat' dir='ltr'><strong>saltem</strong></span> <span class='ocrx_word' id='word_1_813' title='bbox 2846 4618 3066 4681; x_wconf 85' lang='lat' dir='ltr'><strong>virtute,</strong></span> <span class='ocrx_word' id='word_1_814' title='bbox 3097 4610 3256 4685; x_wconf 85' lang='lat' dir='ltr'><strong>juxta</strong></span> <span class='ocrx_word' id='word_1_815' title='bbox 3278 4610 3690 4685; x_wconf 54' lang='lat' dir='ltr'><strong>&#39;Peripa&#39;teticos</strong></span> 
     </span>
    </p>
   </div>
   <div class='ocr_carea' id='block_1_112' title="bbox 2125 4681 3690 4757">
    <p class='ocr_par' dir='ltr' id='par_1_112' title="bbox 2125 4681 3690 4757">
     <span class='ocr_line' id='line_1_114' title="bbox 2125 4681 3690 4757; baseline 0.005 -21"><span class='ocrx_word' id='word_1_816' title='bbox 2125 4690 2177 4736; x_wconf 87' lang='lat' dir='ltr'><strong>et</strong></span> <span class='ocrx_word' id='word_1_817' title='bbox 2207 4681 2533 4757; x_wconf 84' lang='lat' dir='ltr'><strong>invehentes</strong></span> <span class='ocrx_word' id='word_1_818' title='bbox 2546 4687 2793 4757; x_wconf 79' lang='lat' dir='ltr'><strong>quintam</strong></span> <span class='ocrx_word' id='word_1_819' title='bbox 2823 4687 2969 4740; x_wconf 90' lang='lat' dir='ltr'><strong>illam</strong></span> <span class='ocrx_word' id='word_1_820' title='bbox 2996 4681 3305 4743; x_wconf 69' lang='lat' dir='ltr'><strong>essentiam.</strong></span> <span class='ocrx_word' id='word_1_821' title='bbox 3340 4681 3522 4742; x_wconf 73' lang='lat' dir='ltr'><strong>Videri</strong></span> <span class='ocrx_word' id='word_1_822' title='bbox 3560 4704 3690 4757; x_wconf 70' lang='lat' dir='ltr'><strong>pos,-</strong></span> 
     </span>
    </p>
   </div>
   <div class='ocr_carea' id='block_1_113' title="bbox 2125 4753 3687 4828">
    <p class='ocr_par' dir='ltr' id='par_1_113' title="bbox 2125 4753 3687 4828">
     <span class='ocr_line' id='line_1_115' title="bbox 2125 4753 3687 4828; baseline 0.005 -24"><span class='ocrx_word' id='word_1_823' title='bbox 2125 4761 2254 4828; x_wconf 78' lang='lat' dir='ltr'><strong>sunt</strong></span> <span class='ocrx_word' id='word_1_824' title='bbox 2301 4753 2406 4828; x_wconf 64' lang='lat' dir='ltr'><strong>ista</strong></span> <span class='ocrx_word' id='word_1_825' title='bbox 2463 4753 2644 4828; x_wconf 76' lang='lat' dir='ltr'><strong>minus</strong></span> <span class='ocrx_word' id='word_1_826' title='bbox 2696 4755 3027 4828; x_wconf 88' lang='lat' dir='ltr'><strong>Dionysiana</strong></span> <span class='ocrx_word' id='word_1_827' title='bbox 3058 4779 3095 4828; x_wconf 12' lang='grc' dir='ltr'><strong>γε,</strong></span> <span class='ocrx_word' id='word_1_828' title='bbox 3154 4759 3247 4812; x_wconf 87' lang='lat' dir='ltr'><strong>sed</strong></span> <span class='ocrx_word' id='word_1_829' title='bbox 3302 4753 3687 4828; x_wconf 7' lang='lat' dir='ltr'><strong>nihiljmi&#39;rum</strong></span> 
     </span>
    </p>
   </div>
   <div class='ocr_carea' id='block_1_114' title="bbox 2123 4820 3687 4895">
    <p class='ocr_par' dir='ltr' id='par_1_114' title="bbox 2123 4820 3687 4895">
     <span class='ocr_line' id='line_1_116' title="bbox 2123 4820 3687 4895; baseline 0.006 -21"><span class='ocrx_word' id='word_1_830' title='bbox 2123 4820 2308 4895; x_wconf 52' lang='lat' dir='ltr'><strong>ignoto</strong></span> <span class='ocrx_word' id='word_1_831' title='bbox 2349 4822 2607 4895; x_wconf 89' lang='lat' dir='ltr'><strong>Dionysio</strong></span> <span class='ocrx_word' id='word_1_832' title='bbox 2656 4843 2765 4883; x_wconf 91' lang='lat' dir='ltr'><strong>non</strong></span> <span class='ocrx_word' id='word_1_833' title='bbox 2823 4820 2996 4883; x_wconf 78' lang='lat' dir='ltr'><strong>solum</strong></span> <span class='ocrx_word' id='word_1_834' title='bbox 3055 4827 3345 4893; x_wconf 86' lang='lat' dir='ltr'><strong>Methodio,</strong></span> <span class='ocrx_word' id='word_1_835' title='bbox 3384 4826 3493 4883; x_wconf 17' lang='lat' dir='ltr'><strong>sed,</strong></span> <span class='ocrx_word' id='word_1_836' title='bbox 3524 4829 3687 4883; x_wconf 83' lang='lat' dir='ltr'><strong>etiam</strong></span> 
     </span>
    </p>
   </div>
   <div class='ocr_carea' id='block_1_115' title="bbox 2121 4890 3685 4967">
    <p class='ocr_par' dir='ltr' id='par_1_115' title="bbox 2121 4890 3685 4967">
     <span class='ocr_line' id='line_1_117' title="bbox 2121 4890 3685 4967; baseline 0.005 -24"><span class='ocrx_word' id='word_1_837' title='bbox 2121 4890 2530 4967; x_wconf 75' lang='lat' dir='ltr'><strong>Chrysostomo,</strong></span> <span class='ocrx_word' id='word_1_838' title='bbox 2561 4897 2653 4967; x_wconf 87' lang='lat' dir='ltr'><strong>qui</strong></span> <span class='ocrx_word' id='word_1_839' title='bbox 2691 4905 2746 4952; x_wconf 86' lang='lat' dir='ltr'><strong>ct</strong></span> <span class='ocrx_word' id='word_1_840' title='bbox 2797 4896 2921 4967; x_wconf 26' lang='lat' dir='ltr'><strong>ipse,</strong></span> <span class='ocrx_word' id='word_1_841' title='bbox 2947 4897 3084 4954; x_wconf 81' lang='lat' dir='ltr'><strong>nihil</strong></span> <span class='ocrx_word' id='word_1_842' title='bbox 3115 4890 3441 4966; x_wconf 85' lang='lat' dir='ltr'><strong>Dionysiane</strong></span> <span class='ocrx_word' id='word_1_843' title='bbox 3475 4896 3542 4953; x_wconf 89' lang='lat' dir='ltr'><strong>de</strong></span> <span class='ocrx_word' id='word_1_844' title='bbox 3586 4914 3685 4951; x_wconf 88' lang='lat' dir='ltr'><strong>an-</strong></span> 
     </span>
    </p>
   </div>
   <div class='ocr_carea' id='block_1_116' title="bbox 2120 4963 3686 5037">
    <p class='ocr_par' dir='ltr' id='par_1_116' title="bbox 2120 4963 3686 5037">
     <span class='ocr_line' id='line_1_118' title="bbox 2120 4963 3686 5037; baseline 0.004 -19"><span class='ocrx_word' id='word_1_845' title='bbox 2120 4963 2435 5037; x_wconf 69' lang='lat' dir='ltr'><strong>gelissentit</strong></span> <span class='ocrx_word' id='word_1_846' title='bbox 2465 4976 2519 5018; x_wconf 89' lang='lat' dir='ltr'><strong>et</strong></span> <span class='ocrx_word' id='word_1_847' title='bbox 2550 4963 2728 5037; x_wconf 82' lang='lat' dir='ltr'><strong>docet,</strong></span> <span class='ocrx_word' id='word_1_848' title='bbox 2759 4963 2881 5020; x_wconf 76' lang='lat' dir='ltr'><strong>cum</strong></span> <span class='ocrx_word' id='word_1_849' title='bbox 2910 4976 3102 5037; x_wconf 53' lang='lat' dir='ltr'><strong>praeter</strong></span> <span class='ocrx_word' id='word_1_850' title='bbox 3129 4963 3289 5022; x_wconf 78' lang='lat' dir='ltr'><strong>notos</strong></span> <span class='ocrx_word' id='word_1_851' title='bbox 3310 4969 3467 5022; x_wconf 87' lang='lat' dir='ltr'><strong>nobis</strong></span> <span class='ocrx_word' id='word_1_852' title='bbox 3497 4983 3686 5024; x_wconf 86' lang='lat' dir='ltr'><strong>eorum</strong></span> 
     </span>
    </p>
   </div>
   <div class='ocr_carea' id='block_1_117' title="bbox 2118 5032 3687 5108">
    <p class='ocr_par' dir='ltr' id='par_1_117' title="bbox 2118 5032 3687 5108">
     <span class='ocr_line' id='line_1_119' title="bbox 2118 5032 3687 5108; baseline -0.005 -21"><span class='ocrx_word' id='word_1_853' title='bbox 2118 5032 2367 5108; x_wconf 84' lang='lat' dir='ltr'><strong>populos,</strong></span> <span class='ocrx_word' id='word_1_854' title='bbox 2395 5034 2594 5108; x_wconf 86' lang='grc' dir='ltr'>ἄπειρα</span> <span class='ocrx_word' id='word_1_855' title='bbox 2621 5035 2746 5108; x_wconf 76' lang='grc' dir='ltr'>ἔθνη</span> <span class='ocrx_word' id='word_1_856' title='bbox 2782 5037 2875 5091; x_wconf 78' lang='grc' dir='ltr'>καὶ</span> <span class='ocrx_word' id='word_1_857' title='bbox 2896 5032 3037 5105; x_wconf 77' lang='grc' dir='ltr'>ᾠῦλα</span> <span class='ocrx_word' id='word_1_858' title='bbox 3070 5037 3340 5108; x_wconf 79' lang='grc' dir='ltr'>ἀμύθητα,</span> <span class='ocrx_word' id='word_1_859' title='bbox 3363 5051 3464 5108; x_wconf 67' lang='lat' dir='ltr'><strong>nec</strong></span> <span class='ocrx_word' id='word_1_860' title='bbox 3492 5052 3560 5091; x_wconf 81' lang='lat' dir='ltr'><strong>ex</strong></span> <span class='ocrx_word' id='word_1_861' title='bbox 3586 5054 3687 5108; x_wconf 83' lang='lat' dir='ltr'><strong>no-</strong></span> 
     </span>
    </p>
   </div>
   <div class='ocr_carea' id='block_1_118' title="bbox 2117 5104 3686 5176">
    <p class='ocr_par' dir='ltr' id='par_1_118' title="bbox 2117 5104 3686 5176">
     <span class='ocr_line' id='line_1_120' title="bbox 2117 5104 3686 5176; baseline 0.004 -21"><span class='ocrx_word' id='word_1_862' title='bbox 2117 5104 2266 5157; x_wconf 87' lang='lat' dir='ltr'><strong>mine</strong></span> <span class='ocrx_word' id='word_1_863' title='bbox 2299 5110 2430 5158; x_wconf 87' lang='lat' dir='ltr'><strong>nota</strong></span> <span class='ocrx_word' id='word_1_864' title='bbox 2486 5104 2786 5173; x_wconf 81' lang='lat' dir='ltr'><strong>contendit,</strong></span> <span class='ocrx_word' id='word_1_865' title='bbox 2817 5113 2872 5161; x_wconf 91' lang='lat' dir='ltr'><strong>et</strong></span> <span class='ocrx_word' id='word_1_866' title='bbox 2910 5104 3121 5176; x_wconf 75' lang='lat' dir='ltr'><strong>probat</strong></span> <span class='ocrx_word' id='word_1_867' title='bbox 3142 5123 3204 5162; x_wconf 78' lang='lat' dir='ltr'><strong>ex</strong></span> <span class='ocrx_word' id='word_1_868' title='bbox 3240 5104 3331 5161; x_wconf 88' lang='lat' dir='ltr'><strong>illo</strong></span> <span class='ocrx_word' id='word_1_869' title='bbox 3360 5105 3582 5176; x_wconf 88' lang='lat' dir='ltr'><strong>Ephes.,</strong></span> <span class='ocrx_word' id='word_1_870' title='bbox 3616 5107 3686 5161; x_wconf 86' lang='lat' dir='ltr'><strong>Et</strong></span> 
     </span>
    </p>
   </div>
   <div class='ocr_carea' id='block_1_119' title="bbox 2117 5176 3734 5245">
    <p class='ocr_par' dir='ltr' id='par_1_119' title="bbox 2117 5176 3734 5245">
     <span class='ocr_line' id='line_1_121' title="bbox 2117 5176 3734 5245; baseline 0.002 -20"><span class='ocrx_word' id='word_1_871' title='bbox 2117 5189 2267 5245; x_wconf 79' lang='lat' dir='ltr'><strong>omne</strong></span> <span class='ocrx_word' id='word_1_872' title='bbox 2303 5190 2487 5227; x_wconf 81' lang='lat' dir='ltr'><strong>nomen</strong></span> <span class='ocrx_word' id='word_1_873' title='bbox 2516 5177 2653 5245; x_wconf 85' lang='lat' dir='ltr'><strong>quod</strong></span> <span class='ocrx_word' id='word_1_874' title='bbox 2683 5176 2988 5231; x_wconf 80' lang='lat' dir='ltr'><strong>nominatur</strong></span> <span class='ocrx_word' id='word_1_875' title='bbox 3018 5194 3120 5230; x_wconf 86' lang='lat' dir='ltr'><strong>non</strong></span> <span class='ocrx_word' id='word_1_876' title='bbox 3162 5177 3334 5231; x_wconf 81' lang='lat' dir='ltr'><strong>solum</strong></span> <span class='ocrx_word' id='word_1_877' title='bbox 3364 5178 3419 5229; x_wconf 82' lang='lat' dir='ltr'><strong>in</strong></span> <span class='ocrx_word' id='word_1_878' title='bbox 3453 5176 3550 5229; x_wconf 88' lang='lat' dir='ltr'><strong>hoc</strong></span> <span class='ocrx_word' id='word_1_879' title='bbox 3584 5195 3685 5232; x_wconf 79' lang='lat' dir='ltr'><strong>sw-</strong></span> <span class='ocrx_word' id='word_1_880' title='bbox 3720 5211 3734 5229; x_wconf 70' lang='grc' dir='ltr'><strong>ρ</strong></span> 
     </span>
    </p>
   </div>
   <div class='ocr_carea' id='block_1_120' title="bbox 2115 5243 3684 5316">
    <p class='ocr_par' dir='ltr' id='par_1_120' title="bbox 2115 5243 3684 5316">
     <span class='ocr_line' id='line_1_122' title="bbox 2115 5243 3684 5316; baseline 0.005 -21"><span class='ocrx_word' id='word_1_881' title='bbox 2115 5243 2255 5316; x_wconf 77' lang='lat' dir='ltr'><strong>culo,</strong></span> <span class='ocrx_word' id='word_1_882' title='bbox 2290 5245 2401 5316; x_wconf 68' lang='lat' dir='ltr'><strong>sed,</strong></span> <span class='ocrx_word' id='word_1_883' title='bbox 2435 5243 2567 5316; x_wconf 36' lang='lat' dir='ltr'><strong>etc—1,</strong></span> <span class='ocrx_word' id='word_1_884' title='bbox 2594 5246 2740 5301; x_wconf 89' lang='lat' dir='ltr'><strong>hom.</strong></span> <span class='ocrx_word' id='word_1_885' title='bbox 2776 5246 2831 5310; x_wconf 72' lang='grc'>4,</span> <span class='ocrx_word' id='word_1_886' title='bbox 2867 5246 2946 5299; x_wconf 84' lang='lat' dir='ltr'><strong>De</strong></span> <span class='ocrx_word' id='word_1_887' title='bbox 2972 5247 3225 5316; x_wconf 84' lang='lat' dir='ltr'><strong>incompr.</strong></span> <span class='ocrx_word' id='word_1_888' title='bbox 3258 5255 3312 5301; x_wconf 90' lang='lat' dir='ltr'><strong>et</strong></span> <span class='ocrx_word' id='word_1_889' title='bbox 3336 5247 3391 5310; x_wconf 78' lang='lat'><strong>&#39;5,</strong></span> <span class='ocrx_word' id='word_1_890' title='bbox 3419 5246 3684 5303; x_wconf 88' lang='lat' dir='ltr'><strong>cherubin</strong></span> 
     </span>
    </p>
   </div>
   <div class='ocr_carea' id='block_1_121' title="bbox 2113 5314 3685 5436">
    <p class='ocr_par' dir='ltr' id='par_1_121' title="bbox 2113 5314 3685 5436">
     <span class='ocr_line' id='line_1_123' title="bbox 2113 5314 3685 5436; baseline 0.005 -71"><span class='ocrx_word' id='word_1_891' title='bbox 2113 5314 2261 5368; x_wconf 86' lang='lat' dir='ltr'><strong>velut</strong></span> <span class='ocrx_word' id='word_1_892' title='bbox 2273 5314 2511 5436; x_wconf 47' lang='lat' dir='ltr'><strong>lthronos</strong></span> <span class='ocrx_word' id='word_1_893' title='bbox 2530 5314 2649 5383; x_wconf 93' lang='lat' dir='ltr'><strong>Dei,</strong></span> <span class='ocrx_word' id='word_1_894' title='bbox 2684 5330 2859 5386; x_wconf 90' lang='lat' dir='ltr'><strong>eoque</strong></span> <span class='ocrx_word' id='word_1_895' title='bbox 2892 5316 2972 5371; x_wconf 90' lang='lat' dir='ltr'><strong>illi</strong></span> <span class='ocrx_word' id='word_1_896' title='bbox 2998 5314 3427 5387; x_wconf 87' lang='lat' dir='ltr'><strong>conjunctiores,</strong></span> <span class='ocrx_word' id='word_1_897' title='bbox 3464 5317 3685 5388; x_wconf 69' lang='lat' dir='ltr'><strong>prmiert</strong></span> 
     </span>
     <span class='ocr_line' id='line_1_124' title="bbox 2113 5397 3066 5436; baseline 0 0"><span class='ocrx_word' id='word_1_898' title='bbox 2113 5397 2270 5436; x_wconf 75' lang='lat' dir='ltr'><strong>serae</strong></span> <span class='ocrx_word' id='word_1_899' title='bbox 2313 5400 2388 5436; x_wconf 85' lang='grc' dir='ltr'>ιιι.</span> <span class='ocrx_word' id='word_1_900' title='bbox 3063 5433 3066 5436; x_wconf 83' lang='lat'><strong><em>.</em></strong></span> 
     </span>
    </p>
   </div>
   <div class='ocr_carea' id='block_1_122' title="bbox 2112 5397 3066 5438">
    <p class='ocr_par' dir='ltr' id='par_1_122' title="bbox 2112 5397 3066 5438">
     <span class='ocr_line' id='line_1_125' title="bbox 2112 5397 3066 5438; baseline -0.001 -1"><span class='ocrx_word' id='word_1_901' title='bbox 2112 5397 2388 5438; x_wconf 69' lang='grc' dir='ltr'>δετευηιη.</span> <span class='ocrx_word' id='word_1_902' title='bbox 3063 5433 3066 5436; x_wconf 83' lang='grc'><strong>.</strong></span> 
     </span>
    </p>
   </div>
   <div class='ocr_carea' id='block_1_123' title="bbox 2182 5399 3682 5578">
    <p class='ocr_par' dir='ltr' id='par_1_123' title="bbox 2182 5399 3682 5578">
     <span class='ocr_line' id='line_1_126' title="bbox 2182 5399 3682 5578; baseline 0.003 -71"><span class='ocrx_word' id='word_1_903' title='bbox 2182 5399 2673 5578; x_wconf 43' lang='grc' dir='ltr'><strong>(ἓὲἓῗὸίιαιηοὺνειη</strong></span> <span class='ocrx_word' id='word_1_904' title='bbox 2726 5457 2885 5511; x_wconf 86' lang='lat' dir='ltr'><strong>etiam</strong></span> <span class='ocrx_word' id='word_1_905' title='bbox 2913 5433 3084 5521; x_wconf 81' lang='lat' dir='ltr'><strong>homo,</strong></span> <span class='ocrx_word' id='word_1_906' title='bbox 3125 5456 3266 5529; x_wconf 83' lang='grc' dir='ltr'>ἀτὰρ</span> <span class='ocrx_word' id='word_1_907' title='bbox 3293 5457 3389 5512; x_wconf 67' lang='grc' dir='ltr'>καὶ</span> <span class='ocrx_word' id='word_1_908' title='bbox 3414 5459 3442 5510; x_wconf 88' lang='grc' dir='ltr'>ὁ</span> <span class='ocrx_word' id='word_1_909' title='bbox 3470 5455 3682 5529; x_wconf 81' lang='grc' dir='ltr'>ἄνθρω-</span> 
     </span>
     <span class='ocr_line' id='line_1_127' title="bbox 2182 5526 3674 5578; baseline 0 0"><span class='ocrx_word' id='word_1_910' title='bbox 2182 5543 2229 5578; x_wconf 83' lang='lat' dir='ltr'><strong>c.</strong></span> <span class='ocrx_word' id='word_1_911' title='bbox 2309 5540 2357 5578; x_wconf 88' lang='lat' dir='ltr'><strong>Ic</strong></span> <span class='ocrx_word' id='word_1_912' title='bbox 2390 5526 2536 5578; x_wconf 83' lang='lat' dir='ltr'><strong>clare</strong></span> <span class='ocrx_word' id='word_1_913' title='bbox 2585 5527 2828 5578; x_wconf 87' lang='lat' dir='ltr'><strong>nrocedit</strong></span> <span class='ocrx_word' id='word_1_914' title='bbox 2871 5526 3211 5578; x_wconf 82' lang='lat' dir='ltr'><strong>Methodiana</strong></span> <span class='ocrx_word' id='word_1_915' title='bbox 3255 5531 3674 5578; x_wconf 65' lang='lat' dir='ltr'><strong>argumentatio-</strong></span> 
     </span>
    </p>
   </div>
   <div class='ocr_carea' id='block_1_124' title="bbox 2110 5525 3674 5598">
    <p class='ocr_par' dir='ltr' id='par_1_124' title="bbox 2110 5525 3674 5598">
     <span class='ocr_line' id='line_1_128' title="bbox 2110 5525 3674 5598; baseline 0.004 -20"><span class='ocrx_word' id='word_1_916' title='bbox 2110 5541 2229 5589; x_wconf 84' lang='grc' dir='ltr'>πος.</span> <span class='ocrx_word' id='word_1_917' title='bbox 2266 5525 2357 5598; x_wconf 82' lang='lat' dir='ltr'><strong>Sic</strong></span> <span class='ocrx_word' id='word_1_918' title='bbox 2390 5526 2536 5579; x_wconf 91' lang='lat' dir='ltr'><strong>clare</strong></span> <span class='ocrx_word' id='word_1_919' title='bbox 2584 5527 2828 5598; x_wconf 90' lang='lat' dir='ltr'><strong>procedit</strong></span> <span class='ocrx_word' id='word_1_920' title='bbox 2871 5525 3674 5598; x_wconf 65' lang='lat' dir='ltr'><strong>Methodiana&#39;argumenta&#39;tio,</strong></span> 
     </span>
    </p>
   </div>
   <div class='ocr_carea' id='block_1_125' title="bbox 2108 5595 3679 5665">
    <p class='ocr_par' dir='ltr' id='par_1_125' title="bbox 2108 5595 3679 5665">
     <span class='ocr_line' id='line_1_129' title="bbox 2108 5595 3679 5665; baseline 0.004 -18"><span class='ocrx_word' id='word_1_921' title='bbox 2108 5609 2270 5665; x_wconf 90' lang='lat' dir='ltr'><strong>quam</strong></span> <span class='ocrx_word' id='word_1_922' title='bbox 2312 5595 2594 5665; x_wconf 73' lang='lat' dir='ltr'><strong>impressa</strong></span> <span class='ocrx_word' id='word_1_923' title='bbox 2630 5597 2871 5652; x_wconf 87' lang='lat' dir='ltr'><strong>omnino.</strong></span> <span class='ocrx_word' id='word_1_924' title='bbox 2901 5599 3270 5652; x_wconf 88' lang='lat' dir='ltr'><strong>obscurabant</strong></span> <span class='ocrx_word' id='word_1_925' title='bbox 3324 5595 3679 5654; x_wconf 76' lang='lat' dir='ltr'><strong>condition&#39;aIi</strong></span> 
     </span>
    </p>
   </div>
   <div class='ocr_carea' id='block_1_126' title="bbox 2107 5663 3677 5739">
    <p class='ocr_par' dir='ltr' id='par_1_126' title="bbox 2107 5663 3677 5739">
     <span class='ocr_line' id='line_1_130' title="bbox 2107 5663 3677 5739; baseline 0.003 -20"><span class='ocrx_word' id='word_1_926' title='bbox 2107 5663 2199 5719; x_wconf 85' lang='lat' dir='ltr'><strong>illa</strong></span> <span class='ocrx_word' id='word_1_927' title='bbox 2220 5665 2290 5719; x_wconf 80' lang='lat' dir='ltr'><strong>el.</strong></span> <span class='ocrx_word' id='word_1_928' title='bbox 2314 5663 2570 5735; x_wconf 69' lang='lat' dir='ltr'><strong>Interpr.,</strong></span> <span class='ocrx_word' id='word_1_929' title='bbox 2601 5665 2809 5739; x_wconf 62' lang='lat' dir='ltr'><strong>Etenim</strong></span> <span class='ocrx_word' id='word_1_930' title='bbox 2842 5675 2892 5720; x_wconf 91' lang='lat' dir='ltr'><strong>et</strong></span> <span class='ocrx_word' id='word_1_931' title='bbox 2935 5666 3127 5739; x_wconf 62' lang='lat' dir='ltr'><strong>homo,</strong></span> <span class='ocrx_word' id='word_1_932' title='bbox 3161 5677 3294 5732; x_wconf 85' lang='lat' dir='ltr'><strong>etc.,</strong></span> <span class='ocrx_word' id='word_1_933' title='bbox 3324 5683 3432 5739; x_wconf 86' lang='lat' dir='ltr'><strong>quo</strong></span> <span class='ocrx_word' id='word_1_934' title='bbox 3467 5669 3677 5739; x_wconf 82' lang='lat' dir='ltr'><strong>signiﬁ-</strong></span> 
     </span>
    </p>
   </div>
   <div class='ocr_carea' id='block_1_127' title="bbox 2106 5735 3683 5807">
    <p class='ocr_par' dir='ltr' id='par_1_127' title="bbox 2106 5735 3683 5807">
     <span class='ocr_line' id='line_1_131' title="bbox 2106 5735 3683 5807; baseline 0.004 -19"><span class='ocrx_word' id='word_1_935' title='bbox 2106 5743 2263 5789; x_wconf 88' lang='lat' dir='ltr'><strong>catur</strong></span> <span class='ocrx_word' id='word_1_936' title='bbox 2293 5742 2351 5788; x_wconf 92' lang='lat' dir='ltr'><strong>ut</strong></span> <span class='ocrx_word' id='word_1_937' title='bbox 2400 5735 2748 5804; x_wconf 89' lang='lat' dir='ltr'><strong>antecedens,</strong></span> <span class='ocrx_word' id='word_1_938' title='bbox 2807 5740 2953 5807; x_wconf 87' lang='lat' dir='ltr'><strong>quod</strong></span> <span class='ocrx_word' id='word_1_939' title='bbox 3010 5737 3315 5795; x_wconf 84' lang='lat' dir='ltr'><strong>Methodius</strong></span> <span class='ocrx_word' id='word_1_940' title='bbox 3342 5735 3588 5796; x_wconf 57' lang='lat' dir='ltr'><strong>&#39;assuniit</strong></span> <span class='ocrx_word' id='word_1_941' title='bbox 3617 5748 3683 5795; x_wconf 85' lang='lat' dir='ltr'><strong>ut</strong></span> 
     </span>
    </p>
   </div>
   <div class='ocr_carea' id='block_1_128' title="bbox 2105 5820 2464 5868">
    <p class='ocr_par' dir='ltr' id='par_1_128' title="bbox 2105 5820 2464 5868">
     <span class='ocr_line' id='line_1_132' title="bbox 2105 5820 2464 5868; baseline -0.003 -8"><span class='ocrx_word' id='word_1_942' title='bbox 2105 5820 2464 5868; x_wconf 82' lang='lat' dir='ltr'><strong>consequens.</strong></span> 
     </span>
    </p>
   </div>
  </div>
