  <div class='ocr_page' id='page_1' title='image "/cluster/home/n/w/nwhite01/storage/ocr_20150623/18/coo.31924054872985/153.png"; bbox 0 0 4150 6454; ppageno 0'>
   <div class='ocr_carea' id='block_1_1' title="bbox 477 361 583 417">
    <p class='ocr_par' dir='ltr' id='par_1_1' title="bbox 477 361 583 417">
     <span class='ocr_line' id='line_1_1' title="bbox 477 361 583 417; baseline 0 -1"><span class='ocrx_word' id='word_1_1' title='bbox 477 361 583 417; x_wconf 75' lang='lat'><strong>9.79</strong></span> 
     </span>
    </p>
   </div>
   <div class='ocr_carea' id='block_1_2' title="bbox 1462 356 2753 417">
    <p class='ocr_par' dir='ltr' id='par_1_2' title="bbox 1462 356 2753 417">
     <span class='ocr_line' id='line_1_2' title="bbox 1462 356 2753 417; baseline -0.002 -3"><span class='ocrx_word' id='word_1_2' title='bbox 1462 358 1519 414; x_wconf 92' lang='lat' dir='ltr'><strong>S.</strong></span> <span class='ocrx_word' id='word_1_3' title='bbox 1561 358 1890 417; x_wconf 78' lang='lat' dir='ltr'><strong>METHODll</strong></span> <span class='ocrx_word' id='word_1_4' title='bbox 1930 358 2233 416; x_wconf 82' lang='lat' dir='ltr'><strong>EPISCOPI</strong></span> <span class='ocrx_word' id='word_1_5' title='bbox 2270 358 2357 414; x_wconf 87' lang='grc' dir='ltr'><strong>ΕΤ</strong></span> <span class='ocrx_word' id='word_1_6' title='bbox 2397 356 2753 414; x_wconf 73' lang='lat' dir='ltr'><strong>MARTYRIS</strong></span> 
     </span>
    </p>
   </div>
   <div class='ocr_carea' id='block_1_3' title="bbox 3592 359 3699 418">
    <p class='ocr_par' dir='ltr' id='par_1_3' title="bbox 3592 359 3699 418">
     <span class='ocr_line' id='line_1_3' title="bbox 3592 359 3699 418; baseline 0.028 -3"><span class='ocrx_word' id='word_1_7' title='bbox 3592 359 3699 418; x_wconf 74' lang='lat'><strong>280</strong></span> 
     </span>
    </p>
   </div>
   <div class='ocr_carea' id='block_1_4' title="bbox 482 476 2060 552">
    <p class='ocr_par' dir='ltr' id='par_1_4' title="bbox 482 478 2037 552">
     <span class='ocr_line' id='line_1_4' title="bbox 482 478 2037 552; baseline 0.002 -20"><span class='ocrx_word' id='word_1_8' title='bbox 482 480 797 539; x_wconf 74' lang='lat' dir='ltr'><strong>adveniens.</strong></span> <span class='ocrx_word' id='word_1_9' title='bbox 824 494 931 533; x_wconf 86' lang='lat' dir='ltr'><strong>non</strong></span> <span class='ocrx_word' id='word_1_10' title='bbox 957 480 1012 533; x_wconf 92' lang='lat' dir='ltr'><strong>in</strong></span> <span class='ocrx_word' id='word_1_11' title='bbox 1047 479 1273 535; x_wconf 78' lang='lat' dir='ltr'><strong>alteram</strong></span> <span class='ocrx_word' id='word_1_12' title='bbox 1300 478 1572 535; x_wconf 73' lang='lat' dir='ltr'><strong>demutari</strong></span> <span class='ocrx_word' id='word_1_13' title='bbox 1611 484 1857 552; x_wconf 87' lang='lat' dir='ltr'><strong>vertique</strong></span> <span class='ocrx_word' id='word_1_14' title='bbox 1878 490 2037 536; x_wconf 89' lang='lat' dir='ltr'><strong>natu-</strong></span> 
     </span>
    </p>
   </div>
   <div class='ocr_carea' id='block_1_5' title="bbox 2161 476 3704 552">
    <p class='ocr_par' dir='ltr' id='par_1_5' title="bbox 2161 476 3704 552">
     <span class='ocr_line' id='line_1_5' title="bbox 2161 476 3704 552; baseline 0.003 -20"><span class='ocrx_word' id='word_1_15' title='bbox 2161 499 2242 545; x_wconf 76' lang='lat' dir='ltr'><strong>rtv,</strong></span> <span class='ocrx_word' id='word_1_16' title='bbox 2265 480 2400 534; x_wconf 86' lang='grc' dir='ltr'><strong>ἀλλά</strong></span> <span class='ocrx_word' id='word_1_17' title='bbox 2430 483 2509 544; x_wconf 72' lang='grc' dir='ltr'><strong>εἰς</strong></span> <span class='ocrx_word' id='word_1_18' title='bbox 2537 480 2566 533; x_wconf 86' lang='grc' dir='ltr'><strong>ὃ</strong></span> <span class='ocrx_word' id='word_1_19' title='bbox 2596 476 2664 551; x_wconf 82' lang='grc' dir='ltr'>ἦν</span> <span class='ocrx_word' id='word_1_20' title='bbox 2697 479 2756 544; x_wconf 78' lang='grc' dir='ltr'><strong>ἐξ</strong></span> <span class='ocrx_word' id='word_1_21' title='bbox 2786 479 2959 551; x_wconf 79' lang='grc' dir='ltr'>ἀρχῆς</span> <span class='ocrx_word' id='word_1_22' title='bbox 2990 478 3097 552; x_wconf 79' lang='grc' dir='ltr'>πρὸ</span> <span class='ocrx_word' id='word_1_23' title='bbox 3118 477 3214 534; x_wconf 74' lang='grc' dir='ltr'>τοῦ</span> <span class='ocrx_word' id='word_1_24' title='bbox 3257 482 3528 548; x_wconf 71' lang='grc' dir='ltr'>ἐκπεσεῖν,</span> <span class='ocrx_word' id='word_1_25' title='bbox 3565 482 3704 536; x_wconf 87' lang='grc' dir='ltr'>ἀθά-</span> 
     </span>
    </p>
   </div>
   <div class='ocr_carea' id='block_1_6' title="bbox 476 570 2060 644">
    <p class='ocr_par' dir='ltr' id='par_1_6' title="bbox 476 571 2037 643">
     <span class='ocr_line' id='line_1_6' title="bbox 476 571 2037 643; baseline 0.003 -14"><span class='ocrx_word' id='word_1_26' title='bbox 476 590 590 629; x_wconf 87' lang='lat' dir='ltr'><strong>ram</strong></span> <span class='ocrx_word' id='word_1_27' title='bbox 628 571 861 627; x_wconf 84' lang='lat' dir='ltr'><strong>hominis</strong></span> <span class='ocrx_word' id='word_1_28' title='bbox 894 582 1144 643; x_wconf 76' lang='lat' dir='ltr'><strong>oportere</strong></span> <span class='ocrx_word' id='word_1_29' title='bbox 1177 574 1523 643; x_wconf 71' lang='lat' dir='ltr'><strong>praedicavit;</strong></span> <span class='ocrx_word' id='word_1_30' title='bbox 1558 576 1652 630; x_wconf 88' lang='lat' dir='ltr'><strong>sed</strong></span> <span class='ocrx_word' id='word_1_31' title='bbox 1686 576 1742 630; x_wconf 92' lang='lat' dir='ltr'><strong>in</strong></span> <span class='ocrx_word' id='word_1_32' title='bbox 1780 578 1833 631; x_wconf 98' lang='lat' dir='ltr'><strong>id</strong></span> <span class='ocrx_word' id='word_1_33' title='bbox 1859 577 2037 634; x_wconf 84' lang='lat' dir='ltr'><strong>redire</strong></span> 
     </span>
    </p>
   </div>
   <div class='ocr_carea' id='block_1_7' title="bbox 2161 570 3705 644">
    <p class='ocr_par' dir='ltr' id='par_1_7' title="bbox 2161 570 3705 644">
     <span class='ocr_line' id='line_1_7' title="bbox 2161 570 3705 644; baseline 0.001 -18"><span class='ocrx_word' id='word_1_34' title='bbox 2161 589 2296 636; x_wconf 66' lang='grc' dir='ltr'>ματος</span> <span class='ocrx_word' id='word_1_35' title='bbox 2335 570 2431 625; x_wconf 85' lang='grc' dir='ltr'>ῶν.</span> <span class='ocrx_word' id='word_1_36' title='bbox 2476 572 2596 644; x_wconf 81' lang='grc' dir='ltr'><strong>Χρὴ</strong></span> <span class='ocrx_word' id='word_1_37' title='bbox 2633 572 2740 643; x_wconf 73' lang='grc' dir='ltr'>γὰρ</span> <span class='ocrx_word' id='word_1_38' title='bbox 2785 574 2844 624; x_wconf 82' lang='grc' dir='ltr'>ὲν</span> <span class='ocrx_word' id='word_1_39' title='bbox 2884 570 2963 643; x_wconf 81' lang='grc' dir='ltr'>τῷ</span> <span class='ocrx_word' id='word_1_40' title='bbox 3010 571 3127 644; x_wconf 72' lang='grc' dir='ltr'>ἰδίῳ</span> <span class='ocrx_word' id='word_1_41' title='bbox 3168 571 3274 640; x_wconf 82' lang='grc' dir='ltr'>τῆς</span> <span class='ocrx_word' id='word_1_42' title='bbox 3319 573 3483 640; x_wconf 71' lang='grc' dir='ltr'>ἕξεως</span> <span class='ocrx_word' id='word_1_43' title='bbox 3529 574 3705 628; x_wconf 81' lang='grc' dir='ltr'>αὐτῶν</span> 
     </span>
    </p>
   </div>
   <div class='ocr_carea' id='block_1_8' title="bbox 476 662 2060 736">
    <p class='ocr_par' dir='ltr' id='par_1_8' title="bbox 476 662 2036 735">
     <span class='ocr_line' id='line_1_8' title="bbox 476 662 2036 735; baseline 0.003 -17"><span class='ocrx_word' id='word_1_44' title='bbox 476 663 620 735; x_wconf 89' lang='lat' dir='ltr'><strong>quod</strong></span> <span class='ocrx_word' id='word_1_45' title='bbox 656 663 809 717; x_wconf 93' lang='lat' dir='ltr'><strong>initio</strong></span> <span class='ocrx_word' id='word_1_46' title='bbox 843 662 1042 727; x_wconf 79' lang='lat' dir='ltr'><strong>fuerat,</strong></span> <span class='ocrx_word' id='word_1_47' title='bbox 1075 672 1363 734; x_wconf 77' lang='lat' dir='ltr'><strong>antequam</strong></span> <span class='ocrx_word' id='word_1_48' title='bbox 1414 665 1710 730; x_wconf 81' lang='lat' dir='ltr'><strong>excideret,</strong></span> <span class='ocrx_word' id='word_1_49' title='bbox 1736 672 1854 720; x_wconf 89' lang='lat' dir='ltr'><strong>tum</strong></span> <span class='ocrx_word' id='word_1_50' title='bbox 1910 681 2036 722; x_wconf 83' lang='lat' dir='ltr'><strong>cum</strong></span> 
     </span>
    </p>
   </div>
   <div class='ocr_carea' id='block_1_9' title="bbox 2161 662 3707 736">
    <p class='ocr_par' dir='ltr' id='par_1_9' title="bbox 2161 662 3707 736">
     <span class='ocr_line' id='line_1_9' title="bbox 2161 662 3707 736; baseline 0.001 -18"><span class='ocrx_word' id='word_1_51' title='bbox 2161 666 2285 735; x_wconf 74' lang='lat' dir='ltr'><strong>:6mp</strong></span> <span class='ocrx_word' id='word_1_52' title='bbox 2314 664 2425 736; x_wconf 87' lang='lat'><strong>(96)</strong></span> <span class='ocrx_word' id='word_1_53' title='bbox 2463 664 2571 724; x_wconf 82' lang='grc' dir='ltr'><strong>τῶν</strong></span> <span class='ocrx_word' id='word_1_54' title='bbox 2600 662 2876 732; x_wconf 85' lang='grc' dir='ltr'><strong>γεννητῶν</strong></span> <span class='ocrx_word' id='word_1_55' title='bbox 2914 664 3141 718; x_wconf 74' lang='grc' dir='ltr'>ἕκαστον</span> <span class='ocrx_word' id='word_1_56' title='bbox 3173 664 3375 736; x_wconf 85' lang='grc' dir='ltr'>μένειν,</span> <span class='ocrx_word' id='word_1_57' title='bbox 3415 665 3502 720; x_wconf 83' lang='grc' dir='ltr'>ἴνα</span> <span class='ocrx_word' id='word_1_58' title='bbox 3535 667 3707 721; x_wconf 85' lang='grc' dir='ltr'>πάντα</span> 
     </span>
    </p>
   </div>
   <div class='ocr_carea' id='block_1_10' title="bbox 476 748 2036 825">
    <p class='ocr_par' dir='ltr' id='par_1_10' title="bbox 476 748 2036 825">
     <span class='ocr_line' id='line_1_10' title="bbox 476 748 2036 825; baseline 0.001 -14"><span class='ocrx_word' id='word_1_59' title='bbox 476 762 622 811; x_wconf 86' lang='lat' dir='ltr'><strong>esset</strong></span> <span class='ocrx_word' id='word_1_60' title='bbox 658 756 1004 812; x_wconf 85' lang='lat' dir='ltr'><strong>immortalis.</strong></span> <span class='ocrx_word' id='word_1_61' title='bbox 1045 754 1327 825; x_wconf 84' lang='lat' dir='ltr'><strong>Siquidem</strong></span> <span class='ocrx_word' id='word_1_62' title='bbox 1356 770 1583 811; x_wconf 87' lang='lat' dir='ltr'><strong>necesse</strong></span> <span class='ocrx_word' id='word_1_63' title='bbox 1612 748 1716 821; x_wconf 85' lang='lat' dir='ltr'><strong>est,</strong></span> <span class='ocrx_word' id='word_1_64' title='bbox 1743 765 1803 811; x_wconf 91' lang='lat' dir='ltr'><strong>ut</strong></span> <span class='ocrx_word' id='word_1_65' title='bbox 1833 774 2036 813; x_wconf 85' lang='lat' dir='ltr'><strong>unum-</strong></span> 
     </span>
    </p>
   </div>
   <div class='ocr_carea' id='block_1_11' title="bbox 475 845 2040 920">
    <p class='ocr_par' dir='ltr' id='par_1_11' title="bbox 475 845 2040 920">
     <span class='ocr_line' id='line_1_11' title="bbox 475 845 2040 920; baseline 0.003 -20"><span class='ocrx_word' id='word_1_66' title='bbox 475 847 728 919; x_wconf 88' lang='lat' dir='ltr'><strong>quodque</strong></span> <span class='ocrx_word' id='word_1_67' title='bbox 774 857 1052 912; x_wconf 90' lang='lat' dir='ltr'><strong>creatum,</strong></span> <span class='ocrx_word' id='word_1_68' title='bbox 1112 861 1225 902; x_wconf 71' lang='lat' dir='ltr'><strong>suae</strong></span> <span class='ocrx_word' id='word_1_69' title='bbox 1291 845 1671 902; x_wconf 88' lang='lat' dir='ltr'><strong>constitutioni</strong></span> <span class='ocrx_word' id='word_1_70' title='bbox 1725 856 2040 920; x_wconf 69' lang='lat' dir='ltr'><strong>natumque</strong></span> 
     </span>
    </p>
   </div>
   <div class='ocr_carea' id='block_1_12' title="bbox 476 938 2040 1011">
    <p class='ocr_par' dir='ltr' id='par_1_12' title="bbox 476 938 2040 1011">
     <span class='ocr_line' id='line_1_12' title="bbox 476 938 2040 1011; baseline 0.001 -17"><span class='ocrx_word' id='word_1_71' title='bbox 476 954 717 1011; x_wconf 86' lang='lat' dir='ltr'><strong>congruo</strong></span> <span class='ocrx_word' id='word_1_72' title='bbox 737 940 859 994; x_wconf 94' lang='lat' dir='ltr'><strong>loco</strong></span> <span class='ocrx_word' id='word_1_73' title='bbox 888 938 1176 1009; x_wconf 85' lang='lat' dir='ltr'><strong>persistat;</strong></span> <span class='ocrx_word' id='word_1_74' title='bbox 1213 948 1271 994; x_wconf 90' lang='lat' dir='ltr'><strong>ut</strong></span> <span class='ocrx_word' id='word_1_75' title='bbox 1297 941 1552 995; x_wconf 87' lang='lat' dir='ltr'><strong>omnibus</strong></span> <span class='ocrx_word' id='word_1_76' title='bbox 1581 941 1764 994; x_wconf 83' lang='lat' dir='ltr'><strong>omnia</strong></span> <span class='ocrx_word' id='word_1_77' title='bbox 1793 942 2040 1011; x_wconf 85' lang='lat' dir='ltr'><strong>replean-</strong></span> 
     </span>
    </p>
   </div>
   <div class='ocr_carea' id='block_1_13' title="bbox 476 1032 2069 1107">
    <p class='ocr_par' dir='ltr' id='par_1_13' title="bbox 476 1032 2069 1107">
     <span class='ocr_line' id='line_1_13' title="bbox 476 1032 2069 1107; baseline 0.001 -22"><span class='ocrx_word' id='word_1_78' title='bbox 476 1040 601 1099; x_wconf 90' lang='lat' dir='ltr'><strong>tur;</strong></span> <span class='ocrx_word' id='word_1_79' title='bbox 637 1032 763 1107; x_wconf 67' lang='lat' dir='ltr'><strong>caali</strong></span> <span class='ocrx_word' id='word_1_80' title='bbox 794 1032 1034 1101; x_wconf 89' lang='lat' dir='ltr'><strong>quidem,</strong></span> <span class='ocrx_word' id='word_1_81' title='bbox 1056 1032 1302 1101; x_wconf 78' lang='lat' dir='ltr'><strong>angelis;</strong></span> <span class='ocrx_word' id='word_1_82' title='bbox 1334 1032 1517 1086; x_wconf 90' lang='lat' dir='ltr'><strong>throni</strong></span> <span class='ocrx_word' id='word_1_83' title='bbox 1534 1038 1733 1094; x_wconf 90' lang='lat' dir='ltr'><strong>autem,</strong></span> <span class='ocrx_word' id='word_1_84' title='bbox 1758 1034 2032 1102; x_wconf 88' lang='lat' dir='ltr'><strong>potestati-</strong></span> <span class='ocrx_word' id='word_1_85' title='bbox 2064 1095 2069 1100; x_wconf 91' lang='lat'><em>_</em></span> 
     </span>
    </p>
   </div>
   <div class='ocr_carea' id='block_1_14' title="bbox 475 1121 2035 1194">
    <p class='ocr_par' dir='ltr' id='par_1_14' title="bbox 475 1121 2035 1194">
     <span class='ocr_line' id='line_1_14' title="bbox 475 1121 2035 1194; baseline -0.001 -16"><span class='ocrx_word' id='word_1_86' title='bbox 475 1123 580 1178; x_wconf 82' lang='lat' dir='ltr'><strong>bus</strong></span> <span class='ocrx_word' id='word_1_87' title='bbox 615 1121 726 1194; x_wconf 66' lang='lat'><strong>(96)</strong></span> <span class='ocrx_word' id='word_1_88' title='bbox 747 1141 762 1190; x_wconf 91' lang='lat'><strong>;</strong></span> <span class='ocrx_word' id='word_1_89' title='bbox 786 1121 1077 1187; x_wconf 88' lang='lat' dir='ltr'><strong>ministris,</strong></span> <span class='ocrx_word' id='word_1_90' title='bbox 1095 1121 1300 1175; x_wconf 88' lang='lat' dir='ltr'><strong>lumina</strong></span> <span class='ocrx_word' id='word_1_91' title='bbox 1320 1140 1333 1175; x_wconf 85' lang='lat'><strong>:</strong></span> <span class='ocrx_word' id='word_1_92' title='bbox 1352 1121 1648 1176; x_wconf 89' lang='lat' dir='ltr'><strong>diviniores</strong></span> <span class='ocrx_word' id='word_1_93' title='bbox 1668 1136 1832 1191; x_wconf 90' lang='lat' dir='ltr'><strong>porro</strong></span> <span class='ocrx_word' id='word_1_94' title='bbox 1855 1121 2035 1186; x_wconf 87' lang='lat' dir='ltr'><strong>sedes,</strong></span> 
     </span>
    </p>
   </div>
   <div class='ocr_carea' id='block_1_15' title="bbox 476 1212 2036 1285">
    <p class='ocr_par' dir='ltr' id='par_1_15' title="bbox 476 1212 2036 1285">
     <span class='ocr_line' id='line_1_15' title="bbox 476 1212 2036 1285; baseline -0.001 -17"><span class='ocrx_word' id='word_1_95' title='bbox 476 1214 807 1285; x_wconf 88' lang='lat' dir='ltr'><strong>purioraque</strong></span> <span class='ocrx_word' id='word_1_96' title='bbox 848 1221 902 1268; x_wconf 92' lang='lat' dir='ltr'><strong>et</strong></span> <span class='ocrx_word' id='word_1_97' title='bbox 939 1213 1233 1268; x_wconf 87' lang='lat' dir='ltr'><strong>sinceriora</strong></span> <span class='ocrx_word' id='word_1_98' title='bbox 1275 1212 1508 1276; x_wconf 90' lang='lat' dir='ltr'><strong>lumina,</strong></span> <span class='ocrx_word' id='word_1_99' title='bbox 1558 1212 1883 1283; x_wconf 90' lang='lat' dir='ltr'><strong>seraphinis,</strong></span> <span class='ocrx_word' id='word_1_100' title='bbox 1943 1213 2036 1283; x_wconf 89' lang='lat' dir='ltr'><strong>qui</strong></span> 
     </span>
    </p>
   </div>
   <div class='ocr_carea' id='block_1_16' title="bbox 477 1302 2033 1374">
    <p class='ocr_par' dir='ltr' id='par_1_16' title="bbox 477 1302 2033 1374">
     <span class='ocr_line' id='line_1_16' title="bbox 477 1302 2033 1374; baseline -0.001 -16"><span class='ocrx_word' id='word_1_101' title='bbox 477 1319 676 1374; x_wconf 87' lang='lat' dir='ltr'><strong>magno</strong></span> <span class='ocrx_word' id='word_1_102' title='bbox 699 1304 777 1358; x_wconf 93' lang='lat' dir='ltr'><strong>illi</strong></span> <span class='ocrx_word' id='word_1_103' title='bbox 806 1303 1037 1358; x_wconf 74' lang='lat' dir='ltr'><strong>consilio</strong></span> <span class='ocrx_word' id='word_1_104' title='bbox 1076 1302 1394 1357; x_wconf 85' lang='lat' dir='ltr'><strong>assistentes</strong></span> <span class='ocrx_word' id='word_1_105' title='bbox 1415 1340 1432 1367; x_wconf 93' lang='lat'><strong>,</strong></span> <span class='ocrx_word' id='word_1_106' title='bbox 1461 1302 1773 1357; x_wconf 87' lang='lat' dir='ltr'><strong>universum</strong></span> <span class='ocrx_word' id='word_1_107' title='bbox 1814 1316 2033 1358; x_wconf 83' lang='lat' dir='ltr'><strong>conser—</strong></span> 
     </span>
    </p>
   </div>
   <div class='ocr_carea' id='block_1_17' title="bbox 476 1389 2035 1461">
    <p class='ocr_par' dir='ltr' id='par_1_17' title="bbox 476 1389 2035 1461">
     <span class='ocr_line' id='line_1_17' title="bbox 476 1389 2035 1461; baseline -0.002 -14"><span class='ocrx_word' id='word_1_108' title='bbox 476 1401 646 1459; x_wconf 86' lang='lat' dir='ltr'><strong>vant;</strong></span> <span class='ocrx_word' id='word_1_109' title='bbox 681 1391 918 1447; x_wconf 90' lang='lat' dir='ltr'><strong>mundus</strong></span> <span class='ocrx_word' id='word_1_110' title='bbox 948 1391 1182 1461; x_wconf 91' lang='lat' dir='ltr'><strong>denique</strong></span> <span class='ocrx_word' id='word_1_111' title='bbox 1211 1389 1544 1448; x_wconf 89' lang='lat' dir='ltr'><strong>hominibus.</strong></span> <span class='ocrx_word' id='word_1_112' title='bbox 1573 1390 1752 1461; x_wconf 86' lang='lat' dir='ltr'><strong>Atque</strong></span> <span class='ocrx_word' id='word_1_113' title='bbox 1785 1391 1831 1445; x_wconf 89' lang='lat' dir='ltr'><strong>si</strong></span> <span class='ocrx_word' id='word_1_114' title='bbox 1858 1391 2035 1444; x_wconf 90' lang='lat' dir='ltr'><strong>homi-</strong></span> 
     </span>
    </p>
   </div>
   <div class='ocr_carea' id='block_1_18' title="bbox 476 1484 2035 1554">
    <p class='ocr_par' dir='ltr' id='par_1_18' title="bbox 476 1484 2035 1554">
     <span class='ocr_line' id='line_1_18' title="bbox 476 1484 2035 1554; baseline -0.003 -13"><span class='ocrx_word' id='word_1_115' title='bbox 476 1501 575 1541; x_wconf 86' lang='lat' dir='ltr'><strong>nes</strong></span> <span class='ocrx_word' id='word_1_116' title='bbox 604 1485 659 1539; x_wconf 93' lang='lat' dir='ltr'><strong>in</strong></span> <span class='ocrx_word' id='word_1_117' title='bbox 686 1485 906 1554; x_wconf 90' lang='lat' dir='ltr'><strong>angelos</strong></span> <span class='ocrx_word' id='word_1_118' title='bbox 935 1484 1131 1538; x_wconf 89' lang='lat' dir='ltr'><strong>mutari</strong></span> <span class='ocrx_word' id='word_1_119' title='bbox 1153 1484 1485 1547; x_wconf 83' lang='lat' dir='ltr'><strong>dederimus,</strong></span> <span class='ocrx_word' id='word_1_120' title='bbox 1509 1497 1851 1553; x_wconf 88' lang='lat' dir='ltr'><strong>consequens</strong></span> <span class='ocrx_word' id='word_1_121' title='bbox 1871 1493 1954 1538; x_wconf 91' lang='lat' dir='ltr'><strong>est</strong></span> <span class='ocrx_word' id='word_1_122' title='bbox 1975 1489 2035 1537; x_wconf 85' lang='lat' dir='ltr'><strong>ut</strong></span> 
     </span>
    </p>
   </div>
   <div class='ocr_carea' id='block_1_19' title="bbox 2140 750 3702 828">
    <p class='ocr_par' dir='ltr' id='par_1_19' title="bbox 2140 750 3702 828">
     <span class='ocr_line' id='line_1_19' title="bbox 2140 750 3702 828; baseline -0.001 -17"><span class='ocrx_word' id='word_1_123' title='bbox 2140 758 2356 811; x_wconf 83' lang='grc' dir='ltr'>πάντων</span> <span class='ocrx_word' id='word_1_124' title='bbox 2398 750 2500 811; x_wconf 80' lang='grc' dir='ltr'>ὦσι</span> <span class='ocrx_word' id='word_1_125' title='bbox 2544 755 2946 827; x_wconf 80' lang='grc' dir='ltr'><strong>πεπληρωμένα</strong></span> <span class='ocrx_word' id='word_1_126' title='bbox 2964 774 2980 789; x_wconf 73' lang='grc' dir='ltr'><strong>ο</strong></span> <span class='ocrx_word' id='word_1_127' title='bbox 3020 757 3079 808; x_wconf 83' lang='grc' dir='ltr'>οὐ</span> <span class='ocrx_word' id='word_1_128' title='bbox 3089 758 3238 828; x_wconf 75' lang='grc' dir='ltr'><strong>ρανο)⁸</strong></span> <span class='ocrx_word' id='word_1_129' title='bbox 3287 756 3385 827; x_wconf 83' lang='grc' dir='ltr'>μὲν</span> <span class='ocrx_word' id='word_1_130' title='bbox 3427 757 3702 825; x_wconf 87' lang='grc' dir='ltr'>ἀγγέλων·</span> 
     </span>
    </p>
   </div>
   <div class='ocr_carea' id='block_1_20' title="bbox 2140 846 3706 920">
    <p class='ocr_par' dir='ltr' id='par_1_20' title="bbox 2140 846 3706 920">
     <span class='ocr_line' id='line_1_20' title="bbox 2140 846 3706 920; baseline 0.001 -19"><span class='ocrx_word' id='word_1_131' title='bbox 2140 847 2319 919; x_wconf 84' lang='grc' dir='ltr'>θρόνοι</span> <span class='ocrx_word' id='word_1_132' title='bbox 2349 847 2407 900; x_wconf 84' lang='grc' dir='ltr'>δὲ</span> <span class='ocrx_word' id='word_1_133' title='bbox 2458 847 2746 914; x_wconf 77' lang='grc' dir='ltr'><strong>ἐξουσιῶν·</strong></span> <span class='ocrx_word' id='word_1_134' title='bbox 2800 846 2956 914; x_wconf 83' lang='grc' dir='ltr'>φῶτα</span> <span class='ocrx_word' id='word_1_135' title='bbox 2998 846 3055 899; x_wconf 82' lang='grc' dir='ltr'>δὲ</span> <span class='ocrx_word' id='word_1_136' title='bbox 3100 847 3460 920; x_wconf 77' lang='grc' dir='ltr'>λειτουργῶνο</span> <span class='ocrx_word' id='word_1_137' title='bbox 3517 849 3611 902; x_wconf 78' lang='grc' dir='ltr'><strong>καὶ</strong></span> <span class='ocrx_word' id='word_1_138' title='bbox 3658 850 3706 902; x_wconf 74' lang='lat' dir='ltr'><strong>oi</strong></span> 
     </span>
    </p>
   </div>
   <div class='ocr_carea' id='block_1_21' title="bbox 2140 937 3708 1012">
    <p class='ocr_par' dir='ltr' id='par_1_21' title="bbox 2140 937 3708 1012">
     <span class='ocr_line' id='line_1_21' title="bbox 2140 937 3708 1012; baseline -0.001 -19"><span class='ocrx_word' id='word_1_139' title='bbox 2140 939 2398 1011; x_wconf 85' lang='grc' dir='ltr'>θειότεροι</span> <span class='ocrx_word' id='word_1_140' title='bbox 2424 940 2605 1003; x_wconf 64' lang='grc' dir='ltr'>τόποι,</span> <span class='ocrx_word' id='word_1_141' title='bbox 2623 940 2715 993; x_wconf 80' lang='grc' dir='ltr'><strong>καὶ</strong></span> <span class='ocrx_word' id='word_1_142' title='bbox 2740 937 2808 992; x_wconf 84' lang='grc' dir='ltr'>τὰ</span> <span class='ocrx_word' id='word_1_143' title='bbox 2832 940 3114 1011; x_wconf 79' lang='grc' dir='ltr'>ἀκράτητα</span> <span class='ocrx_word' id='word_1_144' title='bbox 3134 941 3227 995; x_wconf 75' lang='grc' dir='ltr'><strong>καὶ</strong></span> <span class='ocrx_word' id='word_1_145' title='bbox 3256 941 3528 1012; x_wconf 79' lang='grc' dir='ltr'><strong>ἀκραιφνῆ</strong></span> <span class='ocrx_word' id='word_1_146' title='bbox 3556 940 3708 1009; x_wconf 76' lang='grc' dir='ltr'>φῶτα</span> 
     </span>
    </p>
   </div>
   <div class='ocr_carea' id='block_1_22' title="bbox 2138 1031 3711 1105">
    <p class='ocr_par' dir='ltr' id='par_1_22' title="bbox 2138 1031 3711 1105">
     <span class='ocr_line' id='line_1_22' title="bbox 2138 1031 3711 1105; baseline -0.001 -20"><span class='ocrx_word' id='word_1_147' title='bbox 2138 1031 2248 1085; x_wconf 86' lang='grc' dir='ltr'><strong>τῶν</strong></span> <span class='ocrx_word' id='word_1_148' title='bbox 2277 1033 2536 1103; x_wconf 77' lang='grc' dir='ltr'>σεραφὶμ,</span> <span class='ocrx_word' id='word_1_149' title='bbox 2577 1031 2613 1085; x_wconf 77' lang='grc' dir='ltr'><strong>ἀ</strong></span> <span class='ocrx_word' id='word_1_150' title='bbox 2651 1032 3028 1102; x_wconf 83' lang='grc' dir='ltr'><strong>παρεστήκασι</strong></span> <span class='ocrx_word' id='word_1_151' title='bbox 3060 1035 3126 1103; x_wconf 82' lang='grc' dir='ltr'>τῇ</span> <span class='ocrx_word' id='word_1_152' title='bbox 3161 1032 3371 1105; x_wconf 82' lang='grc' dir='ltr'><strong>μεγάλῃ</strong></span> <span class='ocrx_word' id='word_1_153' title='bbox 3410 1031 3570 1103; x_wconf 83' lang='grc' dir='ltr'>βουλῇ</span> <span class='ocrx_word' id='word_1_154' title='bbox 3599 1031 3711 1084; x_wconf 89' lang='grc' dir='ltr'>δια-</span> 
     </span>
    </p>
   </div>
   <div class='ocr_carea' id='block_1_23' title="bbox 2138 1121 3708 1194">
    <p class='ocr_par' dir='ltr' id='par_1_23' title="bbox 2138 1121 3708 1194">
     <span class='ocr_line' id='line_1_23' title="bbox 2138 1121 3708 1194; baseline 0.001 -16"><span class='ocrx_word' id='word_1_155' title='bbox 2138 1124 2439 1194; x_wconf 80' lang='grc' dir='ltr'>κρατοῦντα</span> <span class='ocrx_word' id='word_1_156' title='bbox 2494 1122 2607 1194; x_wconf 84' lang='lat'><strong>(97)</strong></span> <span class='ocrx_word' id='word_1_157' title='bbox 2655 1122 2716 1175; x_wconf 83' lang='grc' dir='ltr'><strong>τὸ</strong></span> <span class='ocrx_word' id='word_1_158' title='bbox 2762 1124 2898 1175; x_wconf 71' lang='grc' dir='ltr'>πᾶνο</span> <span class='ocrx_word' id='word_1_159' title='bbox 2948 1125 2977 1176; x_wconf 98' lang='lat'><strong>6</strong></span> <span class='ocrx_word' id='word_1_160' title='bbox 3017 1123 3075 1176; x_wconf 81' lang='grc' dir='ltr'>δὲ</span> <span class='ocrx_word' id='word_1_161' title='bbox 3129 1124 3331 1194; x_wconf 86' lang='grc' dir='ltr'>κόσμος</span> <span class='ocrx_word' id='word_1_162' title='bbox 3387 1121 3708 1193; x_wconf 84' lang='grc' dir='ltr'>ἀνθρώπων.</span> 
     </span>
    </p>
   </div>
   <div class='ocr_carea' id='block_1_24' title="bbox 2149 1213 3711 1286">
    <p class='ocr_par' dir='ltr' id='par_1_24' title="bbox 2149 1213 3711 1286">
     <span class='ocr_line' id='line_1_24' title="bbox 2149 1213 3711 1286; baseline 0 -19"><span class='ocrx_word' id='word_1_163' title='bbox 2149 1214 2273 1267; x_wconf 84' lang='grc' dir='ltr'><strong>Ἐὰν</strong></span> <span class='ocrx_word' id='word_1_164' title='bbox 2304 1214 2359 1267; x_wconf 87' lang='grc' dir='ltr'>δὲ</span> <span class='ocrx_word' id='word_1_165' title='bbox 2412 1213 2838 1285; x_wconf 83' lang='grc' dir='ltr'>μεταϐάλλεσθαι</span> <span class='ocrx_word' id='word_1_166' title='bbox 2874 1213 3053 1286; x_wconf 86' lang='grc' dir='ltr'>δῶμεν</span> <span class='ocrx_word' id='word_1_167' title='bbox 3107 1216 3231 1278; x_wconf 83' lang='grc' dir='ltr'>τοὺς</span> <span class='ocrx_word' id='word_1_168' title='bbox 3275 1213 3593 1286; x_wconf 82' lang='grc' dir='ltr'>ἀνθρώπους</span> <span class='ocrx_word' id='word_1_169' title='bbox 3633 1215 3711 1277; x_wconf 81' lang='grc' dir='ltr'><strong>εις</strong></span> 
     </span>
    </p>
   </div>
   <div class='ocr_carea' id='block_1_25' title="bbox 2140 1306 3713 1379">
    <p class='ocr_par' dir='ltr' id='par_1_25' title="bbox 2140 1306 3713 1379">
     <span class='ocr_line' id='line_1_25' title="bbox 2140 1306 3713 1379; baseline -0.001 -18"><span class='ocrx_word' id='word_1_170' title='bbox 2140 1307 2401 1375; x_wconf 79' lang='grc' dir='ltr'><strong>ἀγγέλους</strong></span> <span class='ocrx_word' id='word_1_171' title='bbox 2424 1347 2438 1372; x_wconf 90' lang='grc'><strong>,</strong></span> <span class='ocrx_word' id='word_1_172' title='bbox 2472 1307 2591 1379; x_wconf 83' lang='grc' dir='ltr'>ὥρα</span> <span class='ocrx_word' id='word_1_173' title='bbox 2635 1306 3062 1377; x_wconf 86' lang='grc' dir='ltr'>μεταϐάλλεσθαι</span> <span class='ocrx_word' id='word_1_174' title='bbox 3107 1308 3284 1376; x_wconf 83' lang='grc' dir='ltr'>λέγειν</span> <span class='ocrx_word' id='word_1_175' title='bbox 3316 1308 3410 1361; x_wconf 78' lang='grc' dir='ltr'>καὶ</span> <span class='ocrx_word' id='word_1_176' title='bbox 3445 1308 3571 1371; x_wconf 74' lang='grc' dir='ltr'>τοὺς</span> <span class='ocrx_word' id='word_1_177' title='bbox 3613 1308 3713 1375; x_wconf 83' lang='grc' dir='ltr'>ἀγ-</span> 
     </span>
    </p>
   </div>
   <div class='ocr_carea' id='block_1_26' title="bbox 2137 1396 3704 1466">
    <p class='ocr_par' dir='ltr' id='par_1_26' title="bbox 2137 1396 3704 1466">
     <span class='ocr_line' id='line_1_26' title="bbox 2137 1396 3704 1466; baseline 0.003 -17"><span class='ocrx_word' id='word_1_178' title='bbox 2137 1398 2327 1466; x_wconf 85' lang='grc' dir='ltr'>γέλους</span> <span class='ocrx_word' id='word_1_179' title='bbox 2355 1399 2436 1461; x_wconf 80' lang='grc' dir='ltr'>εἰς</span> <span class='ocrx_word' id='word_1_180' title='bbox 2467 1396 2730 1464; x_wconf 74' lang='grc' dir='ltr'>ἐξουσίας,</span> <span class='ocrx_word' id='word_1_181' title='bbox 2768 1397 2862 1450; x_wconf 80' lang='grc' dir='ltr'><strong>καὶ</strong></span> <span class='ocrx_word' id='word_1_182' title='bbox 2897 1397 3099 1461; x_wconf 83' lang='grc' dir='ltr'>ταύτας</span> <span class='ocrx_word' id='word_1_183' title='bbox 3136 1399 3216 1462; x_wconf 79' lang='grc' dir='ltr'>εἰς</span> <span class='ocrx_word' id='word_1_184' title='bbox 3264 1397 3390 1453; x_wconf 78' lang='grc' dir='ltr'>ἄλλο</span> <span class='ocrx_word' id='word_1_185' title='bbox 3431 1399 3525 1452; x_wconf 82' lang='grc' dir='ltr'><strong>καὶ</strong></span> <span class='ocrx_word' id='word_1_186' title='bbox 3557 1397 3704 1454; x_wconf 67' lang='grc' dir='ltr'>ἄλλον</span> 
     </span>
    </p>
   </div>
   <div class='ocr_carea' id='block_1_27' title="bbox 2140 1488 3467 1559">
    <p class='ocr_par' dir='ltr' id='par_1_27' title="bbox 2140 1488 3467 1559">
     <span class='ocr_line' id='line_1_27' title="bbox 2140 1488 3467 1559; baseline 0.001 -18"><span class='ocrx_word' id='word_1_187' title='bbox 2140 1489 2249 1541; x_wconf 75' lang='grc' dir='ltr'>ἐστ’</span> <span class='ocrx_word' id='word_1_188' title='bbox 2286 1488 2351 1542; x_wconf 86' lang='grc' dir='ltr'><strong>ἂν</strong></span> <span class='ocrx_word' id='word_1_189' title='bbox 2375 1491 2404 1542; x_wconf 89' lang='lat'><strong>6</strong></span> <span class='ocrx_word' id='word_1_190' title='bbox 2430 1488 2586 1556; x_wconf 86' lang='grc' dir='ltr'>λόγος</span> <span class='ocrx_word' id='word_1_191' title='bbox 2618 1488 2824 1552; x_wconf 82' lang='grc' dir='ltr'>ἀναϐάς</span> <span class='ocrx_word' id='word_1_192' title='bbox 2855 1490 2935 1552; x_wconf 78' lang='grc' dir='ltr'><strong>εἰς</strong></span> <span class='ocrx_word' id='word_1_193' title='bbox 2962 1488 3203 1543; x_wconf 76' lang='grc' dir='ltr'>κίνδυνον</span> <span class='ocrx_word' id='word_1_194' title='bbox 3233 1489 3467 1559; x_wconf 83' lang='grc' dir='ltr'>ὲμπέσῃ.</span> 
     </span>
    </p>
   </div>
   <div class='ocr_carea' id='block_1_28' title="bbox 476 1578 3715 1657">
    <p class='ocr_par' dir='ltr' id='par_1_28' title="bbox 476 1578 3715 1657">
     <span class='ocr_line' id='line_1_28' title="bbox 476 1578 3715 1657; baseline 0.002 -24"><span class='ocrx_word' id='word_1_195' title='bbox 476 1587 530 1633; x_wconf 89' lang='lat' dir='ltr'><strong>et</strong></span> <span class='ocrx_word' id='word_1_196' title='bbox 562 1579 782 1650; x_wconf 79' lang='lat' dir='ltr'><strong>angelos</strong></span> <span class='ocrx_word' id='word_1_197' title='bbox 824 1579 880 1634; x_wconf 93' lang='lat' dir='ltr'><strong>in</strong></span> <span class='ocrx_word' id='word_1_198' title='bbox 937 1586 1259 1650; x_wconf 88' lang='lat' dir='ltr'><strong>potestates,</strong></span> <span class='ocrx_word' id='word_1_199' title='bbox 1295 1587 1350 1634; x_wconf 88' lang='lat' dir='ltr'><strong>et</strong></span> <span class='ocrx_word' id='word_1_200' title='bbox 1393 1578 1493 1635; x_wconf 88' lang='lat' dir='ltr'><strong>has</strong></span> <span class='ocrx_word' id='word_1_201' title='bbox 1521 1578 1577 1633; x_wconf 89' lang='lat' dir='ltr'><strong>in</strong></span> <span class='ocrx_word' id='word_1_202' title='bbox 1624 1578 1773 1633; x_wconf 87' lang='lat' dir='ltr'><strong>aliud</strong></span> <span class='ocrx_word' id='word_1_203' title='bbox 1820 1589 1875 1635; x_wconf 88' lang='lat' dir='ltr'><strong>et</strong></span> <span class='ocrx_word' id='word_1_204' title='bbox 1914 1580 2060 1636; x_wconf 88' lang='lat' dir='ltr'><strong>aliud</strong></span> <span class='ocrx_word' id='word_1_205' title='bbox 2105 1585 2435 1641; x_wconf 88' lang='lat' dir='ltr'><strong>transituras</strong></span> <span class='ocrx_word' id='word_1_206' title='bbox 2485 1585 2700 1650; x_wconf 89' lang='lat' dir='ltr'><strong>dicere,</strong></span> <span class='ocrx_word' id='word_1_207' title='bbox 2759 1586 2934 1641; x_wconf 82' lang='lat' dir='ltr'><strong>oratio</strong></span> <span class='ocrx_word' id='word_1_208' title='bbox 2981 1600 3242 1655; x_wconf 87' lang='lat' dir='ltr'><strong>processu</strong></span> <span class='ocrx_word' id='word_1_209' title='bbox 3290 1584 3590 1657; x_wconf 88' lang='lat' dir='ltr'><strong>periculum</strong></span> <span class='ocrx_word' id='word_1_210' title='bbox 3627 1583 3715 1639; x_wconf 83' lang='lat' dir='ltr'><strong>in-</strong></span> 
     </span>
    </p>
   </div>
   <div class='ocr_carea' id='block_1_29' title="bbox 478 1683 681 1731">
    <p class='ocr_par' dir='ltr' id='par_1_29' title="bbox 478 1683 681 1731">
     <span class='ocr_line' id='line_1_29' title="bbox 478 1683 681 1731; baseline -0.015 -1"><span class='ocrx_word' id='word_1_211' title='bbox 478 1683 681 1731; x_wconf 87' lang='lat' dir='ltr'><strong>currat.</strong></span> 
     </span>
    </p>
   </div>
   <div class='ocr_carea' id='block_1_30' title="bbox 548 1750 2060 1842">
    <p class='ocr_par' dir='ltr' id='par_1_30' title="bbox 548 1764 2046 1839">
     <span class='ocr_line' id='line_1_30' title="bbox 548 1764 2046 1839; baseline 0.001 -19"><span class='ocrx_word' id='word_1_212' title='bbox 548 1766 640 1822; x_wconf 75' lang='lat' dir='ltr'><strong>XI.</strong></span> <span class='ocrx_word' id='word_1_213' title='bbox 676 1764 861 1838; x_wconf 85' lang='lat' dir='ltr'><strong>Neque</strong></span> <span class='ocrx_word' id='word_1_214' title='bbox 897 1781 1027 1822; x_wconf 87' lang='lat' dir='ltr'><strong>vero</strong></span> <span class='ocrx_word' id='word_1_215' title='bbox 1054 1766 1201 1839; x_wconf 90' lang='lat' dir='ltr'><strong>quod</strong></span> <span class='ocrx_word' id='word_1_216' title='bbox 1229 1765 1378 1823; x_wconf 91' lang='lat' dir='ltr'><strong>velut</strong></span> <span class='ocrx_word' id='word_1_217' title='bbox 1424 1766 1627 1821; x_wconf 89' lang='lat' dir='ltr'><strong>malum</strong></span> <span class='ocrx_word' id='word_1_218' title='bbox 1658 1766 1931 1822; x_wconf 85' lang='lat' dir='ltr'><strong>hominem</strong></span> <span class='ocrx_word' id='word_1_219' title='bbox 1964 1767 2046 1821; x_wconf 87' lang='lat' dir='ltr'><strong>fa-</strong></span> 
     </span>
    </p>
   </div>
   <div class='ocr_carea' id='block_1_31' title="bbox 2161 1750 3717 1842">
    <p class='ocr_par' dir='ltr' id='par_1_31' title="bbox 2221 1750 3717 1842">
     <span class='ocr_line' id='line_1_31' title="bbox 2221 1750 3717 1842; baseline 0.004 -21"><span class='ocrx_word' id='word_1_220' title='bbox 2221 1770 2322 1823; x_wconf 85' lang='lat' dir='ltr'><strong>lA&#39;.</strong></span> <span class='ocrx_word' id='word_1_221' title='bbox 2358 1768 2499 1821; x_wconf 86' lang='grc' dir='ltr'>Ἀλλ’</span> <span class='ocrx_word' id='word_1_222' title='bbox 2527 1767 2649 1822; x_wconf 76' lang='grc' dir='ltr'>οὔτε</span> <span class='ocrx_word' id='word_1_223' title='bbox 2675 1769 2751 1833; x_wconf 84' lang='grc' dir='ltr'>ὡς</span> <span class='ocrx_word' id='word_1_224' title='bbox 2780 1750 2979 1838; x_wconf 78' lang='grc' dir='ltr'>φαῦλον</span> <span class='ocrx_word' id='word_1_225' title='bbox 3002 1769 3401 1842; x_wconf 80' lang='grc' dir='ltr'>τεκτηνάμενος</span> <span class='ocrx_word' id='word_1_226' title='bbox 3424 1773 3453 1825; x_wconf 91' lang='lat'><strong>6</strong></span> <span class='ocrx_word' id='word_1_227' title='bbox 3474 1771 3607 1836; x_wconf 82' lang='grc' dir='ltr'>Θεὸς</span> <span class='ocrx_word' id='word_1_228' title='bbox 3623 1772 3717 1829; x_wconf 74' lang='grc' dir='ltr'>τὸν</span> 
     </span>
    </p>
   </div>
   <div class='ocr_carea' id='block_1_32' title="bbox 478 1857 2043 1929">
    <p class='ocr_par' dir='ltr' id='par_1_32' title="bbox 478 1857 2043 1929">
     <span class='ocr_line' id='line_1_32' title="bbox 478 1857 2043 1929; baseline -0.001 -13"><span class='ocrx_word' id='word_1_229' title='bbox 478 1859 770 1916; x_wconf 87' lang='lat' dir='ltr'><strong>bricaverit</strong></span> <span class='ocrx_word' id='word_1_230' title='bbox 803 1858 966 1924; x_wconf 88' lang='lat' dir='ltr'><strong>Deus,</strong></span> <span class='ocrx_word' id='word_1_231' title='bbox 998 1866 1092 1913; x_wconf 93' lang='lat' dir='ltr'><strong>aut</strong></span> <span class='ocrx_word' id='word_1_232' title='bbox 1131 1859 1187 1913; x_wconf 91' lang='lat' dir='ltr'><strong>in</strong></span> <span class='ocrx_word' id='word_1_233' title='bbox 1230 1874 1296 1915; x_wconf 92' lang='lat' dir='ltr'><strong>eo</strong></span> <span class='ocrx_word' id='word_1_234' title='bbox 1344 1857 1596 1929; x_wconf 84' lang='lat' dir='ltr'><strong>ﬁngendo</strong></span> <span class='ocrx_word' id='word_1_235' title='bbox 1622 1859 1910 1927; x_wconf 87' lang='lat' dir='ltr'><strong>aberrarit,</strong></span> <span class='ocrx_word' id='word_1_236' title='bbox 1944 1874 2043 1914; x_wconf 86' lang='lat' dir='ltr'><strong>an-</strong></span> 
     </span>
    </p>
   </div>
   <div class='ocr_carea' id='block_1_33' title="bbox 476 1948 2045 2023">
    <p class='ocr_par' dir='ltr' id='par_1_33' title="bbox 476 1948 2045 2023">
     <span class='ocr_line' id='line_1_33' title="bbox 476 1948 2045 2023; baseline -0.001 -16"><span class='ocrx_word' id='word_1_237' title='bbox 476 1953 654 2023; x_wconf 85' lang='lat' dir='ltr'><strong>gelum</strong></span> <span class='ocrx_word' id='word_1_238' title='bbox 685 1959 870 2021; x_wconf 90' lang='lat' dir='ltr'><strong>postea</strong></span> <span class='ocrx_word' id='word_1_239' title='bbox 907 1948 1087 2006; x_wconf 76' lang='lat' dir='ltr'><strong>facere</strong></span> <span class='ocrx_word' id='word_1_240' title='bbox 1111 1950 1263 2005; x_wconf 91' lang='lat' dir='ltr'><strong>illum</strong></span> <span class='ocrx_word' id='word_1_241' title='bbox 1303 1950 1512 2017; x_wconf 88' lang='lat' dir='ltr'><strong>voluit,</strong></span> <span class='ocrx_word' id='word_1_242' title='bbox 1546 1951 1704 2022; x_wconf 90' lang='lat' dir='ltr'><strong>quasi</strong></span> <span class='ocrx_word' id='word_1_243' title='bbox 1733 1951 1932 2021; x_wconf 89' lang='lat' dir='ltr'><strong>ipsum,</strong></span> <span class='ocrx_word' id='word_1_244' title='bbox 1963 1951 2045 2006; x_wconf 89' lang='lat' dir='ltr'><strong>vi-</strong></span> 
     </span>
    </p>
   </div>
   <div class='ocr_carea' id='block_1_34' title="bbox 476 2040 2042 2113">
    <p class='ocr_par' dir='ltr' id='par_1_34' title="bbox 476 2040 2042 2113">
     <span class='ocr_line' id='line_1_34' title="bbox 476 2040 2042 2113; baseline 0 -17"><span class='ocrx_word' id='word_1_245' title='bbox 476 2043 811 2099; x_wconf 71' lang='lat' dir='ltr'><strong>lissimorum</strong></span> <span class='ocrx_word' id='word_1_246' title='bbox 868 2040 1124 2111; x_wconf 78' lang='lat' dir='ltr'><strong>opiﬁcum</strong></span> <span class='ocrx_word' id='word_1_247' title='bbox 1154 2041 1350 2109; x_wconf 90' lang='lat' dir='ltr'><strong>instar,</strong></span> <span class='ocrx_word' id='word_1_248' title='bbox 1414 2041 1739 2112; x_wconf 64' lang='lat' dir='ltr'><strong>paenitentia</strong></span> <span class='ocrx_word' id='word_1_249' title='bbox 1790 2041 2042 2113; x_wconf 82' lang='lat' dir='ltr'><strong>cepisset.</strong></span> 
     </span>
    </p>
   </div>
   <div class='ocr_carea' id='block_1_35' title="bbox 476 2133 2043 2205">
    <p class='ocr_par' dir='ltr' id='par_1_35' title="bbox 476 2133 2043 2205">
     <span class='ocr_line' id='line_1_35' title="bbox 476 2133 2043 2205; baseline 0.001 -16"><span class='ocrx_word' id='word_1_250' title='bbox 476 2133 664 2205; x_wconf 72' lang='lat' dir='ltr'><strong>Neque</strong></span> <span class='ocrx_word' id='word_1_251' title='bbox 694 2148 820 2189; x_wconf 90' lang='lat' dir='ltr'><strong>cum</strong></span> <span class='ocrx_word' id='word_1_252' title='bbox 858 2134 1109 2204; x_wconf 80' lang='lat' dir='ltr'><strong>angelum</strong></span> <span class='ocrx_word' id='word_1_253' title='bbox 1138 2133 1413 2205; x_wconf 90' lang='lat' dir='ltr'><strong>principio</strong></span> <span class='ocrx_word' id='word_1_254' title='bbox 1438 2134 1618 2190; x_wconf 82' lang='lat' dir='ltr'><strong>facere</strong></span> <span class='ocrx_word' id='word_1_255' title='bbox 1644 2135 2043 2198; x_wconf 87' lang='lat' dir='ltr'><strong>constituisset,</strong></span> 
     </span>
    </p>
   </div>
   <div class='ocr_carea' id='block_1_36' title="bbox 476 2222 2049 2296">
    <p class='ocr_par' dir='ltr' id='par_1_36' title="bbox 476 2222 2049 2296">
     <span class='ocr_line' id='line_1_36' title="bbox 476 2222 2049 2296; baseline -0.003 -14"><span class='ocrx_word' id='word_1_256' title='bbox 476 2232 653 2295; x_wconf 77' lang='lat' dir='ltr'><strong>neque</strong></span> <span class='ocrx_word' id='word_1_257' title='bbox 675 2225 730 2280; x_wconf 87' lang='lat' dir='ltr'><strong>id</strong></span> <span class='ocrx_word' id='word_1_258' title='bbox 751 2232 898 2281; x_wconf 86' lang='lat' dir='ltr'><strong>esset</strong></span> <span class='ocrx_word' id='word_1_259' title='bbox 943 2232 1252 2291; x_wconf 85' lang='lat' dir='ltr'><strong>assecutus,</strong></span> <span class='ocrx_word' id='word_1_260' title='bbox 1284 2224 1564 2280; x_wconf 83' lang='lat' dir='ltr'><strong>hominem</strong></span> <span class='ocrx_word' id='word_1_261' title='bbox 1595 2225 1924 2296; x_wconf 85' lang='lat' dir='ltr'><strong>procreavit.</strong></span> <span class='ocrx_word' id='word_1_262' title='bbox 1952 2222 2049 2278; x_wconf 83' lang='lat' dir='ltr'><strong>Ni-</strong></span> 
     </span>
    </p>
   </div>
   <div class='ocr_carea' id='block_1_37' title="bbox 480 2316 2049 2387">
    <p class='ocr_par' dir='ltr' id='par_1_37' title="bbox 480 2316 2049 2387">
     <span class='ocr_line' id='line_1_37' title="bbox 480 2316 2049 2387; baseline -0.001 -16"><span class='ocrx_word' id='word_1_263' title='bbox 480 2318 676 2371; x_wconf 89' lang='lat' dir='ltr'><strong>mirum</strong></span> <span class='ocrx_word' id='word_1_264' title='bbox 723 2316 868 2372; x_wconf 90' lang='lat' dir='ltr'><strong>istud</strong></span> <span class='ocrx_word' id='word_1_265' title='bbox 892 2316 1223 2372; x_wconf 85' lang='lat' dir='ltr'><strong>imbecillum</strong></span> <span class='ocrx_word' id='word_1_266' title='bbox 1265 2325 1369 2372; x_wconf 86' lang='lat' dir='ltr'><strong>est.</strong></span> <span class='ocrx_word' id='word_1_267' title='bbox 1418 2317 1531 2373; x_wconf 88' lang='lat' dir='ltr'><strong>Cur</strong></span> <span class='ocrx_word' id='word_1_268' title='bbox 1580 2316 1746 2387; x_wconf 80' lang='lat' dir='ltr'><strong>igitur</strong></span> <span class='ocrx_word' id='word_1_269' title='bbox 1774 2317 2049 2371; x_wconf 79' lang='lat' dir='ltr'><strong>hominem</strong></span> 
     </span>
    </p>
   </div>
   <div class='ocr_carea' id='block_1_38' title="bbox 481 2406 2048 2478">
    <p class='ocr_par' dir='ltr' id='par_1_38' title="bbox 481 2406 2048 2478">
     <span class='ocr_line' id='line_1_38' title="bbox 481 2406 2048 2478; baseline 0 -17"><span class='ocrx_word' id='word_1_270' title='bbox 481 2407 714 2463; x_wconf 77' lang='lat' dir='ltr'><strong>faciebat</strong></span> <span class='ocrx_word' id='word_1_271' title='bbox 732 2423 842 2463; x_wconf 89' lang='lat' dir='ltr'><strong>non</strong></span> <span class='ocrx_word' id='word_1_272' title='bbox 869 2409 1142 2478; x_wconf 80' lang='lat' dir='ltr'><strong>angelum,</strong></span> <span class='ocrx_word' id='word_1_273' title='bbox 1174 2408 1221 2462; x_wconf 90' lang='lat' dir='ltr'><strong>si</strong></span> <span class='ocrx_word' id='word_1_274' title='bbox 1250 2408 1503 2478; x_wconf 82' lang='lat' dir='ltr'><strong>angelum</strong></span> <span class='ocrx_word' id='word_1_275' title='bbox 1533 2408 1806 2463; x_wconf 91' lang='lat' dir='ltr'><strong>hominem</strong></span> <span class='ocrx_word' id='word_1_276' title='bbox 1850 2406 2048 2471; x_wconf 79' lang='lat' dir='ltr'><strong>facere,</strong></span> 
     </span>
    </p>
   </div>
   <div class='ocr_carea' id='block_1_39' title="bbox 480 2498 2053 2570">
    <p class='ocr_par' dir='ltr' id='par_1_39' title="bbox 480 2498 2053 2570">
     <span class='ocr_line' id='line_1_39' title="bbox 480 2498 2053 2570; baseline -0.001 -15"><span class='ocrx_word' id='word_1_277' title='bbox 480 2516 592 2555; x_wconf 90' lang='lat' dir='ltr'><strong>non</strong></span> <span class='ocrx_word' id='word_1_278' title='bbox 619 2499 897 2555; x_wconf 86' lang='lat' dir='ltr'><strong>hominem</strong></span> <span class='ocrx_word' id='word_1_279' title='bbox 923 2498 1243 2570; x_wconf 83' lang='lat' dir='ltr'><strong>cogitabat?</strong></span> <span class='ocrx_word' id='word_1_280' title='bbox 1267 2500 1350 2554; x_wconf 85' lang='lat' dir='ltr'><strong>An</strong></span> <span class='ocrx_word' id='word_1_281' title='bbox 1373 2500 1502 2570; x_wconf 91' lang='lat' dir='ltr'><strong>quia</strong></span> <span class='ocrx_word' id='word_1_282' title='bbox 1530 2514 1639 2553; x_wconf 91' lang='lat' dir='ltr'><strong>non</strong></span> <span class='ocrx_word' id='word_1_283' title='bbox 1676 2499 1929 2570; x_wconf 83' lang='lat' dir='ltr'><strong>poterat?</strong></span> <span class='ocrx_word' id='word_1_284' title='bbox 1957 2498 2053 2556; x_wconf 87' lang='lat' dir='ltr'><strong>Est</strong></span> 
     </span>
    </p>
   </div>
   <div class='ocr_carea' id='block_1_40' title="bbox 484 2592 2049 2664">
    <p class='ocr_par' dir='ltr' id='par_1_40' title="bbox 484 2592 2049 2664">
     <span class='ocr_line' id='line_1_40' title="bbox 484 2592 2049 2664; baseline 0.001 -18"><span class='ocrx_word' id='word_1_285' title='bbox 484 2593 587 2647; x_wconf 86' lang='lat' dir='ltr'><strong>hoc</strong></span> <span class='ocrx_word' id='word_1_286' title='bbox 642 2592 1042 2663; x_wconf 87' lang='lat' dir='ltr'><strong>hlasphemum.</strong></span> <span class='ocrx_word' id='word_1_287' title='bbox 1103 2592 1185 2647; x_wconf 81' lang='lat' dir='ltr'><strong>An</strong></span> <span class='ocrx_word' id='word_1_288' title='bbox 1263 2592 1321 2648; x_wconf 91' lang='lat' dir='ltr'><strong>in</strong></span> <span class='ocrx_word' id='word_1_289' title='bbox 1385 2593 1659 2647; x_wconf 87' lang='lat' dir='ltr'><strong>deteriore</strong></span> <span class='ocrx_word' id='word_1_290' title='bbox 1710 2601 2049 2664; x_wconf 88' lang='lat' dir='ltr'><strong>occupatus,</strong></span> 
     </span>
    </p>
   </div>
   <div class='ocr_carea' id='block_1_41' title="bbox 482 2684 2048 2757">
    <p class='ocr_par' dir='ltr' id='par_1_41' title="bbox 482 2684 2048 2757">
     <span class='ocr_line' id='line_1_41' title="bbox 482 2684 2048 2757; baseline -0.001 -16"><span class='ocrx_word' id='word_1_291' title='bbox 482 2685 627 2757; x_wconf 78' lang='lat' dir='ltr'><strong>quod</strong></span> <span class='ocrx_word' id='word_1_292' title='bbox 657 2686 1003 2756; x_wconf 62' lang='lat' dir='ltr'><strong>prastantius</strong></span> <span class='ocrx_word' id='word_1_293' title='bbox 1026 2693 1110 2742; x_wconf 88' lang='lat' dir='ltr'><strong>est</strong></span> <span class='ocrx_word' id='word_1_294' title='bbox 1141 2685 1423 2741; x_wconf 71' lang='lat' dir='ltr'><strong>differebat</strong></span> <span class='ocrx_word' id='word_1_295' title='bbox 1444 2686 1468 2739; x_wconf 85' lang='lat'><strong>?</strong></span> <span class='ocrx_word' id='word_1_296' title='bbox 1489 2684 1585 2739; x_wconf 86' lang='lat' dir='ltr'><strong>Est</strong></span> <span class='ocrx_word' id='word_1_297' title='bbox 1614 2693 1668 2740; x_wconf 93' lang='lat' dir='ltr'><strong>et</strong></span> <span class='ocrx_word' id='word_1_298' title='bbox 1696 2685 1831 2739; x_wconf 90' lang='lat' dir='ltr'><strong>illud</strong></span> <span class='ocrx_word' id='word_1_299' title='bbox 1854 2686 2048 2740; x_wconf 89' lang='lat' dir='ltr'><strong>absur-</strong></span> 
     </span>
    </p>
   </div>
   <div class='ocr_carea' id='block_1_42' title="bbox 482 2776 2058 2848">
    <p class='ocr_par' dir='ltr' id='par_1_42' title="bbox 482 2776 2058 2848">
     <span class='ocr_line' id='line_1_42' title="bbox 482 2776 2058 2848; baseline -0.003 -16"><span class='ocrx_word' id='word_1_300' title='bbox 482 2778 634 2834; x_wconf 89' lang='lat' dir='ltr'><strong>dum.</strong></span> <span class='ocrx_word' id='word_1_301' title='bbox 666 2776 852 2848; x_wconf 85' lang='lat' dir='ltr'><strong>Neque</strong></span> <span class='ocrx_word' id='word_1_302' title='bbox 895 2781 1041 2835; x_wconf 86' lang='lat' dir='ltr'><strong>enim</strong></span> <span class='ocrx_word' id='word_1_303' title='bbox 1090 2780 1148 2834; x_wconf 90' lang='lat' dir='ltr'><strong>in</strong></span> <span class='ocrx_word' id='word_1_304' title='bbox 1202 2779 1480 2834; x_wconf 90' lang='lat' dir='ltr'><strong>moliendo</strong></span> <span class='ocrx_word' id='word_1_305' title='bbox 1507 2780 1652 2833; x_wconf 88' lang='lat' dir='ltr'><strong>bono</strong></span> <span class='ocrx_word' id='word_1_306' title='bbox 1708 2778 1792 2833; x_wconf 85' lang='lat' dir='ltr'><strong>vel</strong></span> <span class='ocrx_word' id='word_1_307' title='bbox 1840 2776 2058 2831; x_wconf 86' lang='lat' dir='ltr'><strong>aberrat</strong></span> 
     </span>
    </p>
   </div>
   <div class='ocr_carea' id='block_1_43' title="bbox 492 2847 2058 2941">
    <p class='ocr_par' dir='ltr' id='par_1_43' title="bbox 492 2847 2058 2941">
     <span class='ocr_line' id='line_1_43' title="bbox 492 2847 2058 2941; baseline 0 -18"><span class='ocrx_word' id='word_1_308' title='bbox 492 2871 657 2936; x_wconf 87' lang='lat' dir='ltr'><strong>Deus,</strong></span> <span class='ocrx_word' id='word_1_309' title='bbox 695 2847 797 2927; x_wconf 56' lang='grc' dir='ltr'>κει</span> <span class='ocrx_word' id='word_1_310' title='bbox 832 2872 888 2925; x_wconf 92' lang='lat' dir='ltr'><strong>in</strong></span> <span class='ocrx_word' id='word_1_311' title='bbox 914 2871 1062 2926; x_wconf 86' lang='lat' dir='ltr'><strong>aliud</strong></span> <span class='ocrx_word' id='word_1_312' title='bbox 1111 2878 1329 2941; x_wconf 90' lang='lat' dir='ltr'><strong>tempus</strong></span> <span class='ocrx_word' id='word_1_313' title='bbox 1367 2871 1569 2941; x_wconf 87' lang='lat' dir='ltr'><strong>rejicit,</strong></span> <span class='ocrx_word' id='word_1_314' title='bbox 1624 2870 1711 2925; x_wconf 88' lang='lat' dir='ltr'><strong>vel</strong></span> <span class='ocrx_word' id='word_1_315' title='bbox 1762 2869 2058 2924; x_wconf 88' lang='lat' dir='ltr'><strong>destitutus</strong></span> 
     </span>
    </p>
   </div>
   <div class='ocr_carea' id='block_1_44' title="bbox 493 2959 2060 3033">
    <p class='ocr_par' dir='ltr' id='par_1_44' title="bbox 493 2959 2060 3033">
     <span class='ocr_line' id='line_1_44' title="bbox 493 2959 2060 3033; baseline -0.002 -16"><span class='ocrx_word' id='word_1_316' title='bbox 493 2962 705 3017; x_wconf 86' lang='lat' dir='ltr'><strong>viribus</strong></span> <span class='ocrx_word' id='word_1_317' title='bbox 756 2970 879 3017; x_wconf 91' lang='lat' dir='ltr'><strong>est:</strong></span> <span class='ocrx_word' id='word_1_318' title='bbox 920 2963 1015 3017; x_wconf 91' lang='lat' dir='ltr'><strong>sed</strong></span> <span class='ocrx_word' id='word_1_319' title='bbox 1066 2970 1119 3017; x_wconf 88' lang='lat' dir='ltr'><strong>et</strong></span> <span class='ocrx_word' id='word_1_320' title='bbox 1154 2971 1435 3033; x_wconf 90' lang='lat' dir='ltr'><strong>utcunque</strong></span> <span class='ocrx_word' id='word_1_321' title='bbox 1483 2962 1720 3027; x_wconf 90' lang='lat' dir='ltr'><strong>libuerit,</strong></span> <span class='ocrx_word' id='word_1_322' title='bbox 1752 2970 1805 3016; x_wconf 91' lang='lat' dir='ltr'><strong>et</strong></span> <span class='ocrx_word' id='word_1_323' title='bbox 1843 2959 2060 3030; x_wconf 84' lang='lat' dir='ltr'><strong>quando</strong></span> 
     </span>
    </p>
   </div>
   <div class='ocr_carea' id='block_1_45' title="bbox 493 3053 2059 3125">
    <p class='ocr_par' dir='ltr' id='par_1_45' title="bbox 493 3053 2059 3125">
     <span class='ocr_line' id='line_1_45' title="bbox 493 3053 2059 3125; baseline 0 -19"><span class='ocrx_word' id='word_1_324' title='bbox 493 3053 736 3116; x_wconf 84' lang='lat' dir='ltr'><strong>libuerit,</strong></span> <span class='ocrx_word' id='word_1_325' title='bbox 765 3053 958 3123; x_wconf 83' lang='lat' dir='ltr'><strong>agendi</strong></span> <span class='ocrx_word' id='word_1_326' title='bbox 980 3059 1242 3124; x_wconf 86' lang='lat' dir='ltr'><strong>potestate</strong></span> <span class='ocrx_word' id='word_1_327' title='bbox 1272 3063 1356 3109; x_wconf 91' lang='lat' dir='ltr'><strong>est</strong></span> <span class='ocrx_word' id='word_1_328' title='bbox 1386 3053 1675 3125; x_wconf 68' lang='lat' dir='ltr'><strong>praeditus,</strong></span> <span class='ocrx_word' id='word_1_329' title='bbox 1716 3054 1808 3123; x_wconf 91' lang='lat' dir='ltr'><strong>qui</strong></span> <span class='ocrx_word' id='word_1_330' title='bbox 1839 3054 1911 3108; x_wconf 90' lang='lat' dir='ltr'><strong>sit</strong></span> <span class='ocrx_word' id='word_1_331' title='bbox 1944 3053 2059 3123; x_wconf 90' lang='lat' dir='ltr'><strong>ipsa</strong></span> 
     </span>
    </p>
   </div>
   <div class='ocr_carea' id='block_1_46' title="bbox 2145 1858 3721 1934">
    <p class='ocr_par' dir='ltr' id='par_1_46' title="bbox 2145 1858 3721 1934">
     <span class='ocr_line' id='line_1_46' title="bbox 2145 1858 3721 1934; baseline 0.003 -20"><span class='ocrx_word' id='word_1_332' title='bbox 2145 1860 2448 1933; x_wconf 79' lang='grc' dir='ltr'>ἄνθρωπον,</span> <span class='ocrx_word' id='word_1_333' title='bbox 2475 1859 2508 1931; x_wconf 73' lang='grc' dir='ltr'>ἢ</span> <span class='ocrx_word' id='word_1_334' title='bbox 2539 1858 2916 1931; x_wconf 83' lang='grc' dir='ltr'>διαμαρτήσας</span> <span class='ocrx_word' id='word_1_335' title='bbox 2962 1860 3128 1914; x_wconf 80' lang='grc' dir='ltr'>αὑτοῦ</span> <span class='ocrx_word' id='word_1_336' title='bbox 3174 1864 3303 1934; x_wconf 80' lang='grc' dir='ltr'>περὶ</span> <span class='ocrx_word' id='word_1_337' title='bbox 3348 1862 3446 1933; x_wconf 79' lang='grc' dir='ltr'>τὴν</span> <span class='ocrx_word' id='word_1_338' title='bbox 3494 1863 3721 1920; x_wconf 84' lang='grc' dir='ltr'>διάπλα-</span> 
     </span>
    </p>
   </div>
   <div class='ocr_carea' id='block_1_47' title="bbox 2150 1950 3719 2026">
    <p class='ocr_par' dir='ltr' id='par_1_47' title="bbox 2150 1950 3719 2026">
     <span class='ocr_line' id='line_1_47' title="bbox 2150 1950 3719 2026; baseline 0.003 -21"><span class='ocrx_word' id='word_1_339' title='bbox 2150 1969 2234 2006; x_wconf 88' lang='grc' dir='ltr'><strong>σιν</strong></span> <span class='ocrx_word' id='word_1_340' title='bbox 2270 1950 2402 2023; x_wconf 86' lang='grc'>(98),</span> <span class='ocrx_word' id='word_1_341' title='bbox 2435 1950 2666 2020; x_wconf 77' lang='grc' dir='ltr'>ἄγγελον</span> <span class='ocrx_word' id='word_1_342' title='bbox 2711 1951 2873 2005; x_wconf 81' lang='grc' dir='ltr'>αὐτὸν</span> <span class='ocrx_word' id='word_1_343' title='bbox 2910 1950 3133 2024; x_wconf 76' lang='grc' dir='ltr'>ὕστερον</span> <span class='ocrx_word' id='word_1_344' title='bbox 3181 1952 3442 2025; x_wconf 71' lang='grc' dir='ltr'>ἐπενόησε</span> <span class='ocrx_word' id='word_1_345' title='bbox 3474 1956 3719 2026; x_wconf 85' lang='grc' dir='ltr'>ποιῆσαι,</span> 
     </span>
    </p>
   </div>
   <div class='ocr_carea' id='block_1_48' title="bbox 2147 2042 3720 2118">
    <p class='ocr_par' dir='ltr' id='par_1_48' title="bbox 2147 2042 3720 2118">
     <span class='ocr_line' id='line_1_48' title="bbox 2147 2042 3720 2118; baseline 0.001 -19"><span class='ocrx_word' id='word_1_346' title='bbox 2147 2046 2464 2118; x_wconf 82' lang='grc' dir='ltr'>μεταγνοὺς,</span> <span class='ocrx_word' id='word_1_347' title='bbox 2502 2043 2691 2116; x_wconf 84' lang='grc' dir='ltr'>ὥσπερ</span> <span class='ocrx_word' id='word_1_348' title='bbox 2738 2045 2790 2096; x_wconf 79' lang='lat' dir='ltr'><strong>oi.</strong></span> <span class='ocrx_word' id='word_1_349' title='bbox 2833 2042 3153 2112; x_wconf 81' lang='grc' dir='ltr'>φαυλότατοι</span> <span class='ocrx_word' id='word_1_350' title='bbox 3199 2045 3311 2098; x_wconf 86' lang='grc' dir='ltr'><strong>τῶν</strong></span> <span class='ocrx_word' id='word_1_351' title='bbox 3336 2045 3720 2118; x_wconf 61' lang='grc' dir='ltr'>δημιουργῶν</span> 
     </span>
    </p>
   </div>
   <div class='ocr_carea' id='block_1_49' title="bbox 2146 2136 3719 2212">
    <p class='ocr_par' dir='ltr' id='par_1_49' title="bbox 2146 2136 3719 2212">
     <span class='ocr_line' id='line_1_49' title="bbox 2146 2136 3719 2212; baseline 0.001 -21"><span class='ocrx_word' id='word_1_352' title='bbox 2146 2137 2270 2192; x_wconf 73' lang='grc' dir='ltr'>οὔτε</span> <span class='ocrx_word' id='word_1_353' title='bbox 2323 2136 2554 2206; x_wconf 76' lang='grc' dir='ltr'>ἄγγελον</span> <span class='ocrx_word' id='word_1_354' title='bbox 2605 2138 2725 2190; x_wconf 80' lang='grc' dir='ltr'>κατ’</span> <span class='ocrx_word' id='word_1_355' title='bbox 2754 2136 2929 2210; x_wconf 70' lang='grc' dir='ltr'>ἀρχὰς</span> <span class='ocrx_word' id='word_1_356' title='bbox 2981 2136 3214 2209; x_wconf 84' lang='grc' dir='ltr'>θελήσας</span> <span class='ocrx_word' id='word_1_357' title='bbox 3242 2138 3485 2209; x_wconf 82' lang='grc' dir='ltr'>ποιῆσαι,</span> <span class='ocrx_word' id='word_1_358' title='bbox 3515 2140 3611 2193; x_wconf 76' lang='grc' dir='ltr'>καὶ</span> <span class='ocrx_word' id='word_1_359' title='bbox 3641 2137 3719 2212; x_wconf 73' lang='grc' dir='ltr'>μὴ</span> 
     </span>
    </p>
   </div>
   <div class='ocr_carea' id='block_1_50' title="bbox 2147 2229 3728 2303">
    <p class='ocr_par' dir='ltr' id='par_1_50' title="bbox 2147 2229 3728 2303">
     <span class='ocr_line' id='line_1_50' title="bbox 2147 2229 3728 2303; baseline -0.001 -17"><span class='ocrx_word' id='word_1_360' title='bbox 2147 2231 2410 2303; x_wconf 66' lang='grc' dir='ltr'>δυνηθεὶς,</span> <span class='ocrx_word' id='word_1_361' title='bbox 2441 2229 2728 2301; x_wconf 76' lang='grc' dir='ltr'>ἄνθρωπον</span> <span class='ocrx_word' id='word_1_362' title='bbox 2766 2230 3026 2284; x_wconf 77' lang='grc' dir='ltr'>ἔπλασενο</span> <span class='ocrx_word' id='word_1_363' title='bbox 3066 2230 3288 2294; x_wconf 81' lang='grc' dir='ltr'>ἀσθενὲς</span> <span class='ocrx_word' id='word_1_364' title='bbox 3319 2230 3475 2284; x_wconf 83' lang='grc' dir='ltr'>τοῦτο</span> <span class='ocrx_word' id='word_1_365' title='bbox 3502 2232 3629 2303; x_wconf 88' lang='grc' dir='ltr'>γάρ.</span> <span class='ocrx_word' id='word_1_366' title='bbox 3659 2231 3728 2285; x_wconf 74' lang='grc' dir='ltr'><strong>Τί</strong></span> 
     </span>
    </p>
   </div>
   <div class='ocr_carea' id='block_1_51' title="bbox 2149 2320 3731 2397">
    <p class='ocr_par' dir='ltr' id='par_1_51' title="bbox 2149 2320 3731 2397">
     <span class='ocr_line' id='line_1_51' title="bbox 2149 2320 3731 2397; baseline -0.003 -19"><span class='ocrx_word' id='word_1_367' title='bbox 2149 2326 2345 2397; x_wconf 84' lang='grc' dir='ltr'>δήποτε</span> <span class='ocrx_word' id='word_1_368' title='bbox 2370 2320 2461 2377; x_wconf 80' lang='grc' dir='ltr'>οὖν</span> <span class='ocrx_word' id='word_1_369' title='bbox 2492 2321 2582 2376; x_wconf 78' lang='grc' dir='ltr'><strong>τὸν</strong></span> <span class='ocrx_word' id='word_1_370' title='bbox 2613 2322 2895 2394; x_wconf 80' lang='grc' dir='ltr'>ἄνθρωπον</span> <span class='ocrx_word' id='word_1_371' title='bbox 2921 2321 3114 2385; x_wconf 73' lang='grc' dir='ltr'>ἐποίει,</span> <span class='ocrx_word' id='word_1_372' title='bbox 3142 2321 3238 2375; x_wconf 73' lang='grc' dir='ltr'><strong>καὶ</strong></span> <span class='ocrx_word' id='word_1_373' title='bbox 3263 2321 3369 2388; x_wconf 56' lang='grc' dir='ltr'>οὐκ,</span> <span class='ocrx_word' id='word_1_374' title='bbox 3391 2320 3640 2389; x_wconf 78' lang='grc' dir='ltr'>ἄγγελον,</span> <span class='ocrx_word' id='word_1_375' title='bbox 3658 2320 3731 2374; x_wconf 79' lang='grc' dir='ltr'><strong>εἴ·</strong></span> 
     </span>
    </p>
   </div>
   <div class='ocr_carea' id='block_1_52' title="bbox 2151 2411 3728 2487">
    <p class='ocr_par' dir='ltr' id='par_1_52' title="bbox 2151 2411 3728 2487">
     <span class='ocr_line' id='line_1_52' title="bbox 2151 2411 3728 2487; baseline -0.003 -16"><span class='ocrx_word' id='word_1_376' title='bbox 2151 2434 2214 2487; x_wconf 92' lang='grc' dir='ltr'><strong>γε</strong></span> <span class='ocrx_word' id='word_1_377' title='bbox 2259 2415 2484 2484; x_wconf 78' lang='grc' dir='ltr'>ἄγγελον</span> <span class='ocrx_word' id='word_1_378' title='bbox 2531 2414 2623 2469; x_wconf 75' lang='grc' dir='ltr'><strong>τὸν</strong></span> <span class='ocrx_word' id='word_1_379' title='bbox 2671 2413 2975 2486; x_wconf 77' lang='grc' dir='ltr'>ἄνθρωπον,</span> <span class='ocrx_word' id='word_1_380' title='bbox 3009 2412 3103 2466; x_wconf 71' lang='grc' dir='ltr'><strong>καὶ</strong></span> <span class='ocrx_word' id='word_1_381' title='bbox 3130 2414 3230 2465; x_wconf 80' lang='grc' dir='ltr'><strong>οὐκ</strong></span> <span class='ocrx_word' id='word_1_382' title='bbox 3266 2411 3550 2482; x_wconf 84' lang='grc' dir='ltr'>ἄνθρωπον</span> <span class='ocrx_word' id='word_1_383' title='bbox 3576 2413 3728 2481; x_wconf 82' lang='grc' dir='ltr'>γενέ-</span> 
     </span>
    </p>
   </div>
   <div class='ocr_carea' id='block_1_53' title="bbox 2155 2503 3728 2579">
    <p class='ocr_par' dir='ltr' id='par_1_53' title="bbox 2155 2503 3728 2579">
     <span class='ocr_line' id='line_1_53' title="bbox 2155 2503 3728 2579; baseline -0.004 -16"><span class='ocrx_word' id='word_1_384' title='bbox 2155 2509 2275 2563; x_wconf 88' lang='grc' dir='ltr'>σθαι</span> <span class='ocrx_word' id='word_1_385' title='bbox 2316 2506 2614 2579; x_wconf 74' lang='grc' dir='ltr'>ἢθέλησενς</span> <span class='ocrx_word' id='word_1_386' title='bbox 2659 2507 2746 2570; x_wconf 83' lang='grc' dir='ltr'>Ὠς</span> <span class='ocrx_word' id='word_1_387' title='bbox 2774 2507 2833 2560; x_wconf 83' lang='grc' dir='ltr'>οὐ</span> <span class='ocrx_word' id='word_1_388' title='bbox 2865 2505 3189 2575; x_wconf 86' lang='grc' dir='ltr'>δυνάμενος;</span> <span class='ocrx_word' id='word_1_389' title='bbox 3222 2503 3728 2575; x_wconf 76' lang='grc' dir='ltr'>Βλάσφημον.Ἀλλ’</span> 
     </span>
    </p>
   </div>
   <div class='ocr_carea' id='block_1_54' title="bbox 2154 2594 3731 2669">
    <p class='ocr_par' dir='ltr' id='par_1_54' title="bbox 2154 2594 3731 2669">
     <span class='ocr_line' id='line_1_54' title="bbox 2154 2594 3731 2669; baseline -0.001 -17"><span class='ocrx_word' id='word_1_390' title='bbox 2154 2598 2472 2652; x_wconf 83' lang='grc' dir='ltr'>ἀνεϐάλλετο</span> <span class='ocrx_word' id='word_1_391' title='bbox 2500 2614 2568 2649; x_wconf 89' lang='grc' dir='ltr'><strong>πε</strong></span> <span class='ocrx_word' id='word_1_392' title='bbox 2578 2597 2629 2669; x_wconf 69' lang='grc' dir='ltr'><strong>ρ).</strong></span> <span class='ocrx_word' id='word_1_393' title='bbox 2654 2595 2748 2649; x_wconf 80' lang='grc' dir='ltr'>τοῦ</span> <span class='ocrx_word' id='word_1_394' title='bbox 2768 2596 3074 2667; x_wconf 80' lang='grc' dir='ltr'>κρείττονος</span> <span class='ocrx_word' id='word_1_395' title='bbox 3090 2595 3151 2647; x_wconf 83' lang='grc' dir='ltr'><strong>τὸ</strong></span> <span class='ocrx_word' id='word_1_396' title='bbox 3176 2596 3354 2666; x_wconf 86' lang='grc' dir='ltr'>χεῖρον</span> <span class='ocrx_word' id='word_1_397' title='bbox 3382 2594 3583 2658; x_wconf 86' lang='grc' dir='ltr'>ποιῶν;</span> <span class='ocrx_word' id='word_1_398' title='bbox 3621 2596 3731 2650; x_wconf 74' lang='grc' dir='ltr'><strong>Καὶ</strong></span> 
     </span>
    </p>
   </div>
   <div class='ocr_carea' id='block_1_55' title="bbox 2154 2684 3736 2761">
    <p class='ocr_par' dir='ltr' id='par_1_55' title="bbox 2154 2684 3736 2761">
     <span class='ocr_line' id='line_1_55' title="bbox 2154 2684 3736 2761; baseline -0.004 -14"><span class='ocrx_word' id='word_1_399' title='bbox 2154 2693 2308 2747; x_wconf 76' lang='grc' dir='ltr'>τοῦτο</span> <span class='ocrx_word' id='word_1_400' title='bbox 2339 2693 2557 2747; x_wconf 86' lang='grc' dir='ltr'>ἀτοπον.</span> <span class='ocrx_word' id='word_1_401' title='bbox 2581 2689 2718 2744; x_wconf 79' lang='grc' dir='ltr'>Οὔτε</span> <span class='ocrx_word' id='word_1_402' title='bbox 2744 2688 2852 2761; x_wconf 84' lang='grc' dir='ltr'>γὰρ</span> <span class='ocrx_word' id='word_1_403' title='bbox 2895 2686 3275 2758; x_wconf 75' lang='grc' dir='ltr'>διασφάλλεται</span> <span class='ocrx_word' id='word_1_404' title='bbox 3315 2686 3441 2758; x_wconf 75' lang='grc' dir='ltr'>περὶ</span> <span class='ocrx_word' id='word_1_405' title='bbox 3472 2686 3534 2739; x_wconf 85' lang='grc' dir='ltr'><strong>τὸ</strong></span> <span class='ocrx_word' id='word_1_406' title='bbox 3561 2684 3736 2742; x_wconf 73' lang='grc' dir='ltr'>ποιεῖν</span> 
     </span>
    </p>
   </div>
   <div class='ocr_carea' id='block_1_56' title="bbox 2155 2776 3735 2849">
    <p class='ocr_par' dir='ltr' id='par_1_56' title="bbox 2155 2776 3735 2849">
     <span class='ocr_line' id='line_1_56' title="bbox 2155 2776 3735 2849; baseline -0.004 -11"><span class='ocrx_word' id='word_1_407' title='bbox 2155 2784 2216 2838; x_wconf 79' lang='grc' dir='ltr'><strong>τὸ</strong></span> <span class='ocrx_word' id='word_1_408' title='bbox 2245 2784 2428 2849; x_wconf 82' lang='grc' dir='ltr'>καλὸν,</span> <span class='ocrx_word' id='word_1_409' title='bbox 2464 2782 2586 2837; x_wconf 76' lang='grc' dir='ltr'>οὔτε</span> <span class='ocrx_word' id='word_1_410' title='bbox 2620 2780 2997 2845; x_wconf 87' lang='grc' dir='ltr'>ἀναϐάλλεται,</span> <span class='ocrx_word' id='word_1_411' title='bbox 3022 2777 3145 2833; x_wconf 71' lang='grc' dir='ltr'>οὔτε</span> <span class='ocrx_word' id='word_1_412' title='bbox 3169 2779 3420 2833; x_wconf 81' lang='grc' dir='ltr'>ἀδυνατεῖ</span> <span class='ocrx_word' id='word_1_413' title='bbox 3437 2794 3451 2806; x_wconf 65' lang='grc' dir='ltr'><strong>θ</strong></span> <span class='ocrx_word' id='word_1_414' title='bbox 3480 2776 3615 2831; x_wconf 88' lang='grc' dir='ltr'>ἀλλὰ</span> <span class='ocrx_word' id='word_1_415' title='bbox 3636 2778 3735 2831; x_wconf 69' lang='grc' dir='ltr'>καὶ</span> 
     </span>
    </p>
   </div>
   <div class='ocr_carea' id='block_1_57' title="bbox 2156 2868 3735 2940">
    <p class='ocr_par' dir='ltr' id='par_1_57' title="bbox 2156 2868 3735 2940">
     <span class='ocr_line' id='line_1_57' title="bbox 2156 2868 3735 2940; baseline -0.003 -13"><span class='ocrx_word' id='word_1_416' title='bbox 2156 2875 2231 2939; x_wconf 84' lang='grc' dir='ltr'>ὡς</span> <span class='ocrx_word' id='word_1_417' title='bbox 2285 2874 2452 2938; x_wconf 80' lang='grc' dir='ltr'>θέλει,</span> <span class='ocrx_word' id='word_1_418' title='bbox 2484 2875 2577 2927; x_wconf 80' lang='grc' dir='ltr'><strong>καὶ</strong></span> <span class='ocrx_word' id='word_1_419' title='bbox 2627 2875 2715 2926; x_wconf 81' lang='grc' dir='ltr'><strong>ὅτε</strong></span> <span class='ocrx_word' id='word_1_420' title='bbox 2761 2872 2923 2936; x_wconf 82' lang='grc' dir='ltr'>θέλει,</span> <span class='ocrx_word' id='word_1_421' title='bbox 2957 2871 3017 2924; x_wconf 89' lang='grc' dir='ltr'>τὺ</span> <span class='ocrx_word' id='word_1_422' title='bbox 3046 2869 3304 2924; x_wconf 87' lang='grc' dir='ltr'>δύνασθαι</span> <span class='ocrx_word' id='word_1_423' title='bbox 3345 2868 3477 2940; x_wconf 78' lang='grc' dir='ltr'>ἔχει,</span> <span class='ocrx_word' id='word_1_424' title='bbox 3504 2868 3735 2940; x_wconf 80' lang='grc' dir='ltr'>δύναμις</span> 
     </span>
    </p>
   </div>
   <div class='ocr_carea' id='block_1_58' title="bbox 2159 2959 3731 3034">
    <p class='ocr_par' dir='ltr' id='par_1_58' title="bbox 2159 2959 3731 3034">
     <span class='ocr_line' id='line_1_58' title="bbox 2159 2959 3731 3034; baseline -0.006 -13"><span class='ocrx_word' id='word_1_425' title='bbox 2159 2968 2254 3021; x_wconf 82' lang='grc' dir='ltr'>ῶν.</span> <span class='ocrx_word' id='word_1_426' title='bbox 2285 2966 2494 3021; x_wconf 77' lang='grc' dir='ltr'>Οὐκοῦν</span> <span class='ocrx_word' id='word_1_427' title='bbox 2521 2962 2657 3018; x_wconf 78' lang='grc' dir='ltr'>εἶναι</span> <span class='ocrx_word' id='word_1_428' title='bbox 2697 2965 2788 3017; x_wconf 83' lang='grc' dir='ltr'><strong>τὸν</strong></span> <span class='ocrx_word' id='word_1_429' title='bbox 2815 2962 3095 3034; x_wconf 81' lang='grc' dir='ltr'>ἄνθρωπον</span> <span class='ocrx_word' id='word_1_430' title='bbox 3129 2961 3414 3030; x_wconf 74' lang='grc' dir='ltr'>ἄνθρωπον</span> <span class='ocrx_word' id='word_1_431' title='bbox 3447 2959 3614 3013; x_wconf 84' lang='grc' dir='ltr'>θέλων</span> <span class='ocrx_word' id='word_1_432' title='bbox 3671 2959 3731 3026; x_wconf 78' lang='grc' dir='ltr'>ἐξ</span> 
     </span>
    </p>
   </div>
   <div class='ocr_carea' id='block_1_59' title="bbox 2163 3051 3736 3132">
    <p class='ocr_par' dir='ltr' id='par_1_59' title="bbox 2163 3051 3736 3132">
     <span class='ocr_line' id='line_1_59' title="bbox 2163 3051 3736 3132; baseline -0.007 -18"><span class='ocrx_word' id='word_1_433' title='bbox 2163 3060 2336 3132; x_wconf 83' lang='grc' dir='ltr'>ἀρχῆς</span> <span class='ocrx_word' id='word_1_434' title='bbox 2360 3059 2593 3111; x_wconf 73' lang='grc' dir='ltr'>ἔκτισεν.</span> <span class='ocrx_word' id='word_1_435' title='bbox 2630 3057 2693 3109; x_wconf 83' lang='grc' dir='ltr'>Εἰ</span> <span class='ocrx_word' id='word_1_436' title='bbox 2720 3056 2776 3109; x_wconf 84' lang='grc' dir='ltr'><strong>δὲ</strong></span> <span class='ocrx_word' id='word_1_437' title='bbox 2803 3055 3001 3109; x_wconf 86' lang='grc' dir='ltr'>θέλων·</span> <span class='ocrx_word' id='word_1_438' title='bbox 3034 3051 3175 3105; x_wconf 90' lang='grc' dir='ltr'>θέλει</span> <span class='ocrx_word' id='word_1_439' title='bbox 3208 3052 3264 3105; x_wconf 85' lang='grc' dir='ltr'>δὲ</span> <span class='ocrx_word' id='word_1_440' title='bbox 3295 3052 3357 3105; x_wconf 84' lang='grc' dir='ltr'><strong>τὸ</strong></span> <span class='ocrx_word' id='word_1_441' title='bbox 3393 3051 3554 3104; x_wconf 86' lang='grc' dir='ltr'>καλόν</span> <span class='ocrx_word' id='word_1_442' title='bbox 3574 3068 3587 3081; x_wconf 87' lang='grc'><strong>·</strong></span> <span class='ocrx_word' id='word_1_443' title='bbox 3634 3068 3736 3103; x_wconf 87' lang='grc' dir='ltr'>κα·-</span> 
     </span>
    </p>
   </div>
   <div class='ocr_carea' id='block_1_60' title="bbox 493 3124 2060 3216">
    <p class='ocr_par' dir='ltr' id='par_1_60' title="bbox 493 3144 2058 3215">
     <span class='ocr_line' id='line_1_60' title="bbox 493 3144 2058 3215; baseline 0.001 -18"><span class='ocrx_word' id='word_1_444' title='bbox 493 3146 755 3215; x_wconf 84' lang='lat' dir='ltr'><strong>potentia.</strong></span> <span class='ocrx_word' id='word_1_445' title='bbox 789 3144 1150 3211; x_wconf 84' lang='lat' dir='ltr'><strong>Quamobrem</strong></span> <span class='ocrx_word' id='word_1_446' title='bbox 1184 3147 1459 3202; x_wconf 88' lang='lat' dir='ltr'><strong>hominem</strong></span> <span class='ocrx_word' id='word_1_447' title='bbox 1486 3162 1609 3205; x_wconf 87' lang='lat' dir='ltr'><strong>esse</strong></span> <span class='ocrx_word' id='word_1_448' title='bbox 1656 3146 1927 3200; x_wconf 88' lang='lat' dir='ltr'><strong>hominem</strong></span> <span class='ocrx_word' id='word_1_449' title='bbox 1959 3159 2058 3199; x_wconf 82' lang='lat' dir='ltr'><strong>vo-</strong></span> 
     </span>
    </p>
   </div>
   <div class='ocr_carea' id='block_1_61' title="bbox 2161 3124 3736 3216">
    <p class='ocr_par' dir='ltr' id='par_1_61' title="bbox 2163 3124 3736 3216">
     <span class='ocr_line' id='line_1_61' title="bbox 2163 3124 3736 3216; baseline -0.006 -15"><span class='ocrx_word' id='word_1_450' title='bbox 2401 3148 2430 3199; x_wconf 92' lang='lat'><strong>6</strong></span> <span class='ocrx_word' id='word_1_451' title='bbox 2472 3144 2786 3216; x_wconf 78' lang='grc' dir='ltr'>ἅνθρωπος·</span> <span class='ocrx_word' id='word_1_452' title='bbox 2836 3143 3119 3215; x_wconf 75' lang='grc' dir='ltr'>ἄνθρωπος</span> <span class='ocrx_word' id='word_1_453' title='bbox 3152 3140 3209 3193; x_wconf 81' lang='grc' dir='ltr'><strong>δὲ</strong></span> <span class='ocrx_word' id='word_1_454' title='bbox 3240 3141 3300 3193; x_wconf 79' lang='grc' dir='ltr'>τὸ</span> <span class='ocrx_word' id='word_1_455' title='bbox 3328 3142 3393 3193; x_wconf 85' lang='grc' dir='ltr'><strong>ὲκ</strong></span> <span class='ocrx_word' id='word_1_456' title='bbox 3425 3140 3602 3210; x_wconf 71' lang='grc' dir='ltr'>ψυχῆς</span> <span class='ocrx_word' id='word_1_457' title='bbox 3640 3140 3736 3192; x_wconf 75' lang='grc' dir='ltr'>καὶ</span> 
     </span>
    </p>
   </div>
   <div class='ocr_carea' id='block_1_62' title="bbox 493 3230 2061 3306">
    <p class='ocr_par' dir='ltr' id='par_1_62' title="bbox 493 3230 2061 3306">
     <span class='ocr_line' id='line_1_62' title="bbox 493 3230 2061 3306; baseline -0.001 -17"><span class='ocrx_word' id='word_1_458' title='bbox 493 3236 631 3300; x_wconf 80' lang='lat' dir='ltr'><strong>lens,</strong></span> <span class='ocrx_word' id='word_1_459' title='bbox 664 3237 823 3290; x_wconf 91' lang='lat' dir='ltr'><strong>initio</strong></span> <span class='ocrx_word' id='word_1_460' title='bbox 857 3236 1133 3306; x_wconf 79' lang='lat' dir='ltr'><strong>produxit.</strong></span> <span class='ocrx_word' id='word_1_461' title='bbox 1167 3237 1322 3304; x_wconf 84' lang='lat' dir='ltr'><strong>Quod</strong></span> <span class='ocrx_word' id='word_1_462' title='bbox 1356 3239 1402 3293; x_wconf 91' lang='lat' dir='ltr'><strong>si</strong></span> <span class='ocrx_word' id='word_1_463' title='bbox 1439 3238 1493 3293; x_wconf 89' lang='lat' dir='ltr'><strong>id</strong></span> <span class='ocrx_word' id='word_1_464' title='bbox 1533 3237 1723 3292; x_wconf 90' lang='lat' dir='ltr'><strong>volens</strong></span> <span class='ocrx_word' id='word_1_465' title='bbox 1746 3236 1873 3292; x_wconf 83' lang='lat' dir='ltr'><strong>fecit</strong></span> <span class='ocrx_word' id='word_1_466' title='bbox 1897 3230 1917 3303; x_wconf 73' lang='grc' dir='ltr'>ς’</span> <span class='ocrx_word' id='word_1_467' title='bbox 1942 3236 2061 3289; x_wconf 88' lang='lat' dir='ltr'><strong>vult</strong></span> 
     </span>
    </p>
   </div>
   <div class='ocr_carea' id='block_1_63' title="bbox 485 3327 2055 3399">
    <p class='ocr_par' dir='ltr' id='par_1_63' title="bbox 485 3327 2055 3399">
     <span class='ocr_line' id='line_1_63' title="bbox 485 3327 2055 3399; baseline 0.001 -19"><span class='ocrx_word' id='word_1_468' title='bbox 485 3336 664 3382; x_wconf 88' lang='lat' dir='ltr'><strong>autem</strong></span> <span class='ocrx_word' id='word_1_469' title='bbox 721 3327 868 3399; x_wconf 90' lang='lat' dir='ltr'><strong>quod</strong></span> <span class='ocrx_word' id='word_1_470' title='bbox 924 3330 1124 3385; x_wconf 84' lang='lat' dir='ltr'><strong>bonum</strong></span> <span class='ocrx_word' id='word_1_471' title='bbox 1156 3341 1280 3399; x_wconf 83' lang='lat' dir='ltr'><strong>est;</strong></span> <span class='ocrx_word' id='word_1_472' title='bbox 1324 3331 1487 3385; x_wconf 89' lang='lat' dir='ltr'><strong>homo</strong></span> <span class='ocrx_word' id='word_1_473' title='bbox 1537 3345 1668 3385; x_wconf 88' lang='lat' dir='ltr'><strong>vero</strong></span> <span class='ocrx_word' id='word_1_474' title='bbox 1701 3330 1902 3384; x_wconf 89' lang='lat' dir='ltr'><strong>bonum</strong></span> <span class='ocrx_word' id='word_1_475' title='bbox 1934 3335 2055 3390; x_wconf 90' lang='lat' dir='ltr'><strong>est;</strong></span> 
     </span>
    </p>
   </div>
   <div class='ocr_carea' id='block_1_64' title="bbox 462 3418 2063 3500">
    <p class='ocr_par' dir='ltr' id='par_1_64' title="bbox 462 3418 2063 3500">
     <span class='ocr_line' id='line_1_64' title="bbox 462 3418 2063 3500; baseline -0.005 -21"><span class='ocrx_word' id='word_1_476' title='bbox 462 3423 736 3500; x_wconf 77' lang='lat' dir='ltr'><strong>idemque</strong></span> <span class='ocrx_word' id='word_1_477' title='bbox 772 3436 839 3477; x_wconf 80' lang='lat' dir='ltr'><strong>ex</strong></span> <span class='ocrx_word' id='word_1_478' title='bbox 886 3421 1066 3476; x_wconf 87' lang='lat' dir='ltr'><strong>anima</strong></span> <span class='ocrx_word' id='word_1_479' title='bbox 1118 3430 1335 3478; x_wconf 84' lang='lat' dir='ltr'><strong>constat</strong></span> <span class='ocrx_word' id='word_1_480' title='bbox 1391 3430 1444 3478; x_wconf 90' lang='lat' dir='ltr'><strong>et</strong></span> <span class='ocrx_word' id='word_1_481' title='bbox 1494 3436 1763 3493; x_wconf 88' lang='lat' dir='ltr'><strong>corpore:</strong></span> <span class='ocrx_word' id='word_1_482' title='bbox 1813 3418 2063 3490; x_wconf 87' lang='lat' dir='ltr'><strong>sequitur</strong></span> 
     </span>
    </p>
   </div>
   <div class='ocr_carea' id='block_1_65' title="bbox 486 3512 2053 3584">
    <p class='ocr_par' dir='ltr' id='par_1_65' title="bbox 486 3512 2053 3584">
     <span class='ocr_line' id='line_1_65' title="bbox 486 3512 2053 3584; baseline -0.003 -16"><span class='ocrx_word' id='word_1_483' title='bbox 486 3522 642 3568; x_wconf 79' lang='lat' dir='ltr'><strong>extra</strong></span> <span class='ocrx_word' id='word_1_484' title='bbox 686 3528 887 3584; x_wconf 89' lang='lat' dir='ltr'><strong>corpus</strong></span> <span class='ocrx_word' id='word_1_485' title='bbox 937 3513 1212 3569; x_wconf 89' lang='lat' dir='ltr'><strong>hominem</strong></span> <span class='ocrx_word' id='word_1_486' title='bbox 1263 3516 1485 3570; x_wconf 88' lang='lat' dir='ltr'><strong>minime</strong></span> <span class='ocrx_word' id='word_1_487' title='bbox 1543 3515 1678 3577; x_wconf 80' lang='lat' dir='ltr'><strong>fore,</strong></span> <span class='ocrx_word' id='word_1_488' title='bbox 1716 3513 1811 3569; x_wconf 87' lang='lat' dir='ltr'><strong>sed</strong></span> <span class='ocrx_word' id='word_1_489' title='bbox 1848 3512 1904 3566; x_wconf 93' lang='lat' dir='ltr'><strong>in</strong></span> <span class='ocrx_word' id='word_1_490' title='bbox 1929 3525 2053 3565; x_wconf 79' lang='lat' dir='ltr'><strong>cor—</strong></span> 
     </span>
    </p>
   </div>
   <div class='ocr_carea' id='block_1_66' title="bbox 488 3604 2059 3676">
    <p class='ocr_par' dir='ltr' id='par_1_66' title="bbox 488 3604 2059 3676">
     <span class='ocr_line' id='line_1_66' title="bbox 488 3604 2059 3676; baseline 0 -19"><span class='ocrx_word' id='word_1_491' title='bbox 488 3621 620 3676; x_wconf 89' lang='lat' dir='ltr'><strong>pore</strong></span> <span class='ocrx_word' id='word_1_492' title='bbox 650 3625 663 3660; x_wconf 91' lang='lat'>:</span> <span class='ocrx_word' id='word_1_493' title='bbox 693 3620 762 3659; x_wconf 89' lang='lat' dir='ltr'><strong>ne</strong></span> <span class='ocrx_word' id='word_1_494' title='bbox 800 3604 940 3660; x_wconf 86' lang='lat' dir='ltr'><strong>alius</strong></span> <span class='ocrx_word' id='word_1_495' title='bbox 983 3614 1176 3675; x_wconf 64' lang='lat' dir='ltr'><strong>praeter</strong></span> <span class='ocrx_word' id='word_1_496' title='bbox 1204 3606 1481 3662; x_wconf 90' lang='lat' dir='ltr'><strong>hominem</strong></span> <span class='ocrx_word' id='word_1_497' title='bbox 1513 3606 1676 3661; x_wconf 89' lang='lat' dir='ltr'><strong>homo</strong></span> <span class='ocrx_word' id='word_1_498' title='bbox 1700 3605 2059 3676; x_wconf 60' lang='lat' dir='ltr'><strong>producatur.</strong></span> 
     </span>
    </p>
   </div>
   <div class='ocr_carea' id='block_1_67' title="bbox 490 3697 2056 3771">
    <p class='ocr_par' dir='ltr' id='par_1_67' title="bbox 490 3697 2056 3771">
     <span class='ocr_line' id='line_1_67' title="bbox 490 3697 2056 3771; baseline -0.001 -17"><span class='ocrx_word' id='word_1_499' title='bbox 490 3698 641 3769; x_wconf 89' lang='lat' dir='ltr'><strong>Opus</strong></span> <span class='ocrx_word' id='word_1_500' title='bbox 665 3697 809 3753; x_wconf 91' lang='lat' dir='ltr'><strong>enim</strong></span> <span class='ocrx_word' id='word_1_501' title='bbox 839 3706 943 3764; x_wconf 92' lang='lat' dir='ltr'><strong>est,</strong></span> <span class='ocrx_word' id='word_1_502' title='bbox 1005 3700 1085 3754; x_wconf 92' lang='lat' dir='ltr'><strong>uti</strong></span> <span class='ocrx_word' id='word_1_503' title='bbox 1130 3699 1239 3755; x_wconf 89' lang='lat' dir='ltr'><strong>Deo</strong></span> <span class='ocrx_word' id='word_1_504' title='bbox 1275 3701 1601 3756; x_wconf 87' lang='lat' dir='ltr'><strong>immortalia</strong></span> <span class='ocrx_word' id='word_1_505' title='bbox 1649 3714 1848 3771; x_wconf 84' lang='lat' dir='ltr'><strong>genera</strong></span> <span class='ocrx_word' id='word_1_506' title='bbox 1873 3698 2056 3755; x_wconf 89' lang='lat' dir='ltr'><strong>omnia</strong></span> 
     </span>
    </p>
   </div>
   <div class='ocr_carea' id='block_1_68' title="bbox 490 3791 2062 3864">
    <p class='ocr_par' dir='ltr' id='par_1_68' title="bbox 490 3791 2062 3864">
     <span class='ocr_line' id='line_1_68' title="bbox 490 3791 2062 3864; baseline -0.002 -17"><span class='ocrx_word' id='word_1_507' title='bbox 490 3802 887 3849; x_wconf 77' lang='lat' dir='ltr'><strong>conserventur</strong></span> <span class='ocrx_word' id='word_1_508' title='bbox 916 3813 930 3848; x_wconf 91' lang='lat'><strong>:</strong></span> <span class='ocrx_word' id='word_1_509' title='bbox 970 3795 1118 3864; x_wconf 88' lang='lat' dir='ltr'><strong>atqui</strong></span> <span class='ocrx_word' id='word_1_510' title='bbox 1149 3794 1311 3848; x_wconf 91' lang='lat' dir='ltr'><strong>homo</strong></span> <span class='ocrx_word' id='word_1_511' title='bbox 1349 3804 1431 3848; x_wconf 89' lang='lat' dir='ltr'><strong>est</strong></span> <span class='ocrx_word' id='word_1_512' title='bbox 1462 3792 1801 3848; x_wconf 86' lang='lat' dir='ltr'><strong>immortalis.</strong></span> <span class='ocrx_word' id='word_1_513' title='bbox 1854 3791 2062 3845; x_wconf 71' lang='lat' dir='ltr'><strong>Creavit</strong></span> 
     </span>
    </p>
   </div>
   <div class='ocr_carea' id='block_1_69' title="bbox 491 3880 2059 3955">
    <p class='ocr_par' dir='ltr' id='par_1_69' title="bbox 491 3880 2059 3955">
     <span class='ocr_line' id='line_1_69' title="bbox 491 3880 2059 3955; baseline -0.004 -15"><span class='ocrx_word' id='word_1_514' title='bbox 491 3886 654 3948; x_wconf 74' lang='lat' dir='ltr'><strong>enim,</strong></span> <span class='ocrx_word' id='word_1_515' title='bbox 676 3884 852 3955; x_wconf 88' lang='lat' dir='ltr'><strong>inquit</strong></span> <span class='ocrx_word' id='word_1_516' title='bbox 885 3882 1162 3953; x_wconf 87' lang='lat' dir='ltr'><strong>Sapientia</strong></span> <span class='ocrx_word' id='word_1_517' title='bbox 1204 3884 1272 3946; x_wconf 81' lang='grc'><strong>⁸³,</strong></span> <span class='ocrx_word' id='word_1_518' title='bbox 1329 3884 1590 3937; x_wconf 85' lang='lat' dir='ltr'><strong>hominem</strong></span> <span class='ocrx_word' id='word_1_519' title='bbox 1620 3880 2059 3936; x_wconf 78' lang='lat' dir='ltr'><strong>inexlerminabi-</strong></span> 
     </span>
    </p>
   </div>
   <div class='ocr_carea' id='block_1_70' title="bbox 2169 3226 3738 3307">
    <p class='ocr_par' dir='ltr' id='par_1_70' title="bbox 2169 3226 3738 3307">
     <span class='ocr_line' id='line_1_70' title="bbox 2169 3226 3738 3307; baseline -0.007 -17"><span class='ocrx_word' id='word_1_520' title='bbox 2169 3237 2417 3307; x_wconf 83' lang='grc' dir='ltr'>σώματος</span> <span class='ocrx_word' id='word_1_521' title='bbox 2442 3233 2659 3302; x_wconf 89' lang='grc' dir='ltr'>λέγεται</span> <span class='ocrx_word' id='word_1_522' title='bbox 2693 3231 2944 3285; x_wconf 87' lang='grc' dir='ltr'>συντεθέν</span> <span class='ocrx_word' id='word_1_523' title='bbox 2962 3248 2976 3261; x_wconf 80' lang='grc'><em>’</em></span> <span class='ocrx_word' id='word_1_524' title='bbox 3004 3231 3104 3283; x_wconf 79' lang='grc' dir='ltr'><strong>οὐκ</strong></span> <span class='ocrx_word' id='word_1_525' title='bbox 3131 3229 3280 3283; x_wconf 79' lang='grc' dir='ltr'>ἔσται</span> <span class='ocrx_word' id='word_1_526' title='bbox 3309 3229 3416 3301; x_wconf 85' lang='grc' dir='ltr'><strong>ἀρα</strong></span> <span class='ocrx_word' id='word_1_527' title='bbox 3450 3229 3604 3291; x_wconf 81' lang='grc' dir='ltr'>ἐκτὸς</span> <span class='ocrx_word' id='word_1_528' title='bbox 3631 3226 3738 3280; x_wconf 81' lang='grc' dir='ltr'><strong>σώ-</strong></span> 
     </span>
    </p>
   </div>
   <div class='ocr_carea' id='block_1_71' title="bbox 2170 3318 3781 3399">
    <p class='ocr_par' dir='ltr' id='par_1_71' title="bbox 2170 3318 3781 3399">
     <span class='ocr_line' id='line_1_71' title="bbox 2170 3318 3781 3399; baseline -0.006 -18"><span class='ocrx_word' id='word_1_529' title='bbox 2170 3330 2376 3399; x_wconf 87' lang='grc' dir='ltr'>ματοςὸ</span> <span class='ocrx_word' id='word_1_530' title='bbox 2393 3327 2693 3398; x_wconf 76' lang='grc' dir='ltr'>ἅνθρωπος,</span> <span class='ocrx_word' id='word_1_531' title='bbox 2723 3324 2857 3378; x_wconf 84' lang='grc' dir='ltr'>ἀλλὰ</span> <span class='ocrx_word' id='word_1_532' title='bbox 2881 3322 3019 3395; x_wconf 86' lang='grc' dir='ltr'><strong>μετά</strong></span> <span class='ocrx_word' id='word_1_533' title='bbox 3044 3321 3311 3393; x_wconf 86' lang='grc' dir='ltr'>σώματος,</span> <span class='ocrx_word' id='word_1_534' title='bbox 3348 3321 3434 3374; x_wconf 79' lang='grc' dir='ltr'><strong>ἴνα</strong></span> <span class='ocrx_word' id='word_1_535' title='bbox 3473 3320 3546 3392; x_wconf 83' lang='grc' dir='ltr'>μὴ</span> <span class='ocrx_word' id='word_1_536' title='bbox 3580 3318 3739 3384; x_wconf 86' lang='grc' dir='ltr'>ἀλλος</span> <span class='ocrx_word' id='word_1_537' title='bbox 3764 3374 3781 3389; x_wconf 63' lang='grc'><strong>,</strong></span> 
     </span>
    </p>
   </div>
   <div class='ocr_carea' id='block_1_72' title="bbox 2168 3405 3738 3491">
    <p class='ocr_par' dir='ltr' id='par_1_72' title="bbox 2168 3405 3738 3491">
     <span class='ocr_line' id='line_1_72' title="bbox 2168 3405 3738 3491; baseline -0.01 -17"><span class='ocrx_word' id='word_1_538' title='bbox 2168 3420 2450 3491; x_wconf 83' lang='grc' dir='ltr'>ἄνθρωπος</span> <span class='ocrx_word' id='word_1_539' title='bbox 2484 3416 2633 3487; x_wconf 87' lang='grc' dir='ltr'><strong>παρά</strong></span> <span class='ocrx_word' id='word_1_540' title='bbox 2669 3417 2760 3469; x_wconf 84' lang='grc' dir='ltr'><strong>τὸν</strong></span> <span class='ocrx_word' id='word_1_541' title='bbox 2788 3414 3070 3486; x_wconf 83' lang='grc' dir='ltr'>ἄνθρωπον</span> <span class='ocrx_word' id='word_1_542' title='bbox 3094 3412 3347 3483; x_wconf 80' lang='grc' dir='ltr'>γεννηθῇ.</span> <span class='ocrx_word' id='word_1_543' title='bbox 3395 3410 3485 3461; x_wconf 84' lang='grc' dir='ltr'>Δεῖ</span> <span class='ocrx_word' id='word_1_544' title='bbox 3519 3407 3629 3478; x_wconf 84' lang='grc' dir='ltr'>γὰρ</span> <span class='ocrx_word' id='word_1_545' title='bbox 3658 3405 3738 3477; x_wconf 81' lang='grc' dir='ltr'>τῷ</span> 
     </span>
    </p>
   </div>
   <div class='ocr_carea' id='block_1_73' title="bbox 2157 3497 3740 3583">
    <p class='ocr_par' dir='ltr' id='par_1_73' title="bbox 2157 3497 3740 3583">
     <span class='ocr_line' id='line_1_73' title="bbox 2157 3497 3740 3583; baseline -0.009 -18"><span class='ocrx_word' id='word_1_546' title='bbox 2157 3512 2275 3583; x_wconf 74' lang='grc' dir='ltr'>θεῴ</span> <span class='ocrx_word' id='word_1_547' title='bbox 2288 3511 2357 3564; x_wconf 85' lang='grc' dir='ltr'>τὰ</span> <span class='ocrx_word' id='word_1_548' title='bbox 2372 3511 2613 3564; x_wconf 86' lang='grc' dir='ltr'>ἀθάνατα</span> <span class='ocrx_word' id='word_1_549' title='bbox 2641 3509 2771 3580; x_wconf 83' lang='grc' dir='ltr'>γένη</span> <span class='ocrx_word' id='word_1_550' title='bbox 2798 3506 2973 3561; x_wconf 87' lang='grc' dir='ltr'>πάντα</span> <span class='ocrx_word' id='word_1_551' title='bbox 3003 3503 3302 3569; x_wconf 75' lang='grc' dir='ltr'>σώζεσθαιο</span> <span class='ocrx_word' id='word_1_552' title='bbox 3338 3499 3601 3555; x_wconf 83' lang='grc' dir='ltr'>ἀθάνατον</span> <span class='ocrx_word' id='word_1_553' title='bbox 3627 3497 3685 3551; x_wconf 88' lang='grc' dir='ltr'>δὲ</span> <span class='ocrx_word' id='word_1_554' title='bbox 3708 3497 3740 3551; x_wconf 89' lang='lat'><strong>6</strong></span> 
     </span>
    </p>
   </div>
   <div class='ocr_carea' id='block_1_74' title="bbox 2160 3591 3741 3676">
    <p class='ocr_par' dir='ltr' id='par_1_74' title="bbox 2160 3591 3741 3676">
     <span class='ocr_line' id='line_1_74' title="bbox 2160 3591 3741 3676; baseline -0.009 -19"><span class='ocrx_word' id='word_1_555' title='bbox 2160 3603 2707 3676; x_wconf 76' lang='grc' dir='ltr'>ἀνθρωπος.Ἕκτιο-ε</span> <span class='ocrx_word' id='word_1_556' title='bbox 2737 3601 2863 3671; x_wconf 80' lang='grc' dir='ltr'>γὰρ,</span> <span class='ocrx_word' id='word_1_557' title='bbox 2898 3597 3061 3668; x_wconf 75' lang='grc' dir='ltr'>φησὶν</span> <span class='ocrx_word' id='word_1_558' title='bbox 3087 3598 3121 3667; x_wconf 82' lang='grc' dir='ltr'>ἡ</span> <span class='ocrx_word' id='word_1_559' title='bbox 3158 3595 3345 3664; x_wconf 75' lang='grc' dir='ltr'>Σοφία,</span> <span class='ocrx_word' id='word_1_560' title='bbox 3381 3591 3487 3647; x_wconf 67' lang='grc' dir='ltr'>τὸν</span> <span class='ocrx_word' id='word_1_561' title='bbox 3523 3591 3741 3658; x_wconf 78' lang='grc' dir='ltr'>ἀνθρω-</span> 
     </span>
    </p>
   </div>
   <div class='ocr_carea' id='block_1_75' title="bbox 2162 3680 3740 3761">
    <p class='ocr_par' dir='ltr' id='par_1_75' title="bbox 2162 3680 3740 3761">
     <span class='ocr_line' id='line_1_75' title="bbox 2162 3680 3740 3761; baseline -0.012 -10"><span class='ocrx_word' id='word_1_562' title='bbox 2162 3714 2280 3751; x_wconf 79' lang='grc' dir='ltr'>πον</span> <span class='ocrx_word' id='word_1_563' title='bbox 2306 3699 2339 3749; x_wconf 84' lang='grc' dir='ltr'><em>ὁ</em></span> <span class='ocrx_word' id='word_1_564' title='bbox 2367 3692 2511 3760; x_wconf 87' lang='grc' dir='ltr'>Θεὸς</span> <span class='ocrx_word' id='word_1_565' title='bbox 2553 3692 2651 3746; x_wconf 80' lang='grc' dir='ltr'><strong>ἐπὶ</strong></span> <span class='ocrx_word' id='word_1_566' title='bbox 2684 3690 3005 3761; x_wconf 71' lang='grc' dir='ltr'>ἀφθαρσίᾳ,</span> <span class='ocrx_word' id='word_1_567' title='bbox 3068 3686 3167 3740; x_wconf 80' lang='grc' dir='ltr'><strong>καὶ</strong></span> <span class='ocrx_word' id='word_1_568' title='bbox 3215 3686 3415 3739; x_wconf 75' lang='grc' dir='ltr'><strong>εἰκόνα</strong></span> <span class='ocrx_word' id='word_1_569' title='bbox 3443 3681 3550 3749; x_wconf 79' lang='grc' dir='ltr'>τῆς</span> <span class='ocrx_word' id='word_1_570' title='bbox 3587 3680 3740 3746; x_wconf 75' lang='grc' dir='ltr'>ιδίας</span> 
     </span>
    </p>
   </div>
   <div class='ocr_carea' id='block_1_76' title="bbox 2165 3769 3740 3853">
    <p class='ocr_par' dir='ltr' id='par_1_76' title="bbox 2165 3769 3740 3853">
     <span class='ocr_line' id='line_1_76' title="bbox 2165 3769 3740 3853; baseline -0.012 -12"><span class='ocrx_word' id='word_1_571' title='bbox 2165 3787 2501 3853; x_wconf 81' lang='grc' dir='ltr'>ἀϊδιότητος</span> <span class='ocrx_word' id='word_1_572' title='bbox 2521 3784 2811 3851; x_wconf 82' lang='grc' dir='ltr'>ἐποίησεν</span> <span class='ocrx_word' id='word_1_573' title='bbox 2847 3781 3053 3834; x_wconf 78' lang='grc' dir='ltr'><strong>αὐτόν.</strong></span> <span class='ocrx_word' id='word_1_574' title='bbox 3076 3780 3190 3831; x_wconf 79' lang='grc' dir='ltr'><strong>Οὐκ</strong></span> <span class='ocrx_word' id='word_1_575' title='bbox 3226 3778 3333 3848; x_wconf 83' lang='grc' dir='ltr'>ἄρα</span> <span class='ocrx_word' id='word_1_576' title='bbox 3360 3773 3654 3827; x_wconf 85' lang='grc' dir='ltr'>ἀπόλλυται</span> <span class='ocrx_word' id='word_1_577' title='bbox 3677 3769 3740 3824; x_wconf 74' lang='grc' dir='ltr'>τὸ</span> 
     </span>
    </p>
   </div>
   <div class='ocr_carea' id='block_1_77' title="bbox 2172 3864 3596 3950">
    <p class='ocr_par' dir='ltr' id='par_1_77' title="bbox 2172 3864 3596 3950">
     <span class='ocr_line' id='line_1_77' title="bbox 2172 3864 3596 3950; baseline -0.011 -17"><span class='ocrx_word' id='word_1_578' title='bbox 2172 3879 2361 3950; x_wconf 88' lang='grc' dir='ltr'>σῶμα·</span> <span class='ocrx_word' id='word_1_579' title='bbox 2393 3879 2422 3930; x_wconf 91' lang='lat'><strong>6</strong></span> <span class='ocrx_word' id='word_1_580' title='bbox 2451 3876 2560 3948; x_wconf 87' lang='grc' dir='ltr'>γὰρ</span> <span class='ocrx_word' id='word_1_581' title='bbox 2591 3874 2877 3947; x_wconf 77' lang='grc' dir='ltr'>ἄνθρωπος</span> <span class='ocrx_word' id='word_1_582' title='bbox 2910 3874 2974 3925; x_wconf 79' lang='grc' dir='ltr'><strong>ἐκ</strong></span> <span class='ocrx_word' id='word_1_583' title='bbox 3004 3870 3177 3941; x_wconf 72' lang='grc' dir='ltr'>ψυχῆς</span> <span class='ocrx_word' id='word_1_584' title='bbox 3202 3869 3297 3922; x_wconf 71' lang='grc' dir='ltr'>καὶ</span> <span class='ocrx_word' id='word_1_585' title='bbox 3327 3864 3596 3937; x_wconf 84' lang='grc' dir='ltr'>σώματος.</span> 
     </span>
    </p>
   </div>
   <div class='ocr_carea' id='block_1_78' title="bbox 494 3956 3737 4052">
    <p class='ocr_par' dir='ltr' id='par_1_78' title="bbox 494 3956 3737 4052">
     <span class='ocr_line' id='line_1_78' title="bbox 494 3956 3737 4052; baseline -0.007 -19"><span class='ocrx_word' id='word_1_586' title='bbox 494 3980 595 4036; x_wconf 78' lang='lat' dir='ltr'><strong>lem</strong></span> <span class='ocrx_word' id='word_1_587' title='bbox 631 3979 763 4052; x_wconf 83' lang='lat'><strong>(95),</strong></span> <span class='ocrx_word' id='word_1_588' title='bbox 786 3987 837 4034; x_wconf 83' lang='lat' dir='ltr'><strong>et</strong></span> <span class='ocrx_word' id='word_1_589' title='bbox 885 3980 1164 4050; x_wconf 79' lang='lat' dir='ltr'><strong>imaginem</strong></span> <span class='ocrx_word' id='word_1_590' title='bbox 1210 3979 1526 4033; x_wconf 72' lang='lat' dir='ltr'><strong>wternitatis</strong></span> <span class='ocrx_word' id='word_1_591' title='bbox 1577 3994 1689 4031; x_wconf 65' lang='lat' dir='ltr'><strong>suae</strong></span> <span class='ocrx_word' id='word_1_592' title='bbox 1742 3976 1863 4046; x_wconf 78' lang='lat' dir='ltr'><strong>fecit</strong></span> <span class='ocrx_word' id='word_1_593' title='bbox 1893 3975 2065 4029; x_wconf 84' lang='lat' dir='ltr'><strong>illum.</strong></span> <span class='ocrx_word' id='word_1_594' title='bbox 2123 3974 2334 4045; x_wconf 84' lang='lat' dir='ltr'><strong>Corpus</strong></span> <span class='ocrx_word' id='word_1_595' title='bbox 2382 3973 2566 4042; x_wconf 90' lang='lat' dir='ltr'><strong>itaque</strong></span> <span class='ocrx_word' id='word_1_596' title='bbox 2620 3985 2731 4023; x_wconf 91' lang='lat' dir='ltr'><strong>non</strong></span> <span class='ocrx_word' id='word_1_597' title='bbox 2772 3980 3001 4037; x_wconf 87' lang='lat' dir='ltr'><strong>prorsus</strong></span> <span class='ocrx_word' id='word_1_598' title='bbox 3051 3961 3416 4033; x_wconf 61' lang='lat' dir='ltr'><strong>exstinguitur</strong></span> <span class='ocrx_word' id='word_1_599' title='bbox 3462 3967 3518 4015; x_wconf 91' lang='lat' dir='ltr'><strong>et</strong></span> <span class='ocrx_word' id='word_1_600' title='bbox 3563 3956 3737 4030; x_wconf 86' lang='lat' dir='ltr'><strong>perit;</strong></span> 
     </span>
    </p>
   </div>
   <div class='ocr_carea' id='block_1_79' title="bbox 492 4071 1736 4144">
    <p class='ocr_par' dir='ltr' id='par_1_79' title="bbox 492 4071 1736 4144">
     <span class='ocr_line' id='line_1_79' title="bbox 492 4071 1736 4144; baseline -0.005 -14"><span class='ocrx_word' id='word_1_601' title='bbox 492 4091 620 4131; x_wconf 85' lang='lat' dir='ltr'><strong>nam</strong></span> <span class='ocrx_word' id='word_1_602' title='bbox 652 4075 813 4129; x_wconf 90' lang='lat' dir='ltr'><strong>homo</strong></span> <span class='ocrx_word' id='word_1_603' title='bbox 836 4090 904 4129; x_wconf 77' lang='lat' dir='ltr'><strong>ex</strong></span> <span class='ocrx_word' id='word_1_604' title='bbox 926 4075 1105 4128; x_wconf 88' lang='lat' dir='ltr'><strong>anima</strong></span> <span class='ocrx_word' id='word_1_605' title='bbox 1133 4081 1187 4129; x_wconf 92' lang='lat' dir='ltr'><strong>et</strong></span> <span class='ocrx_word' id='word_1_606' title='bbox 1205 4089 1434 4144; x_wconf 82' lang='lat' dir='ltr'><strong>corpore</strong></span> <span class='ocrx_word' id='word_1_607' title='bbox 1460 4071 1736 4128; x_wconf 88' lang='lat' dir='ltr'><strong>consistit.</strong></span> 
     </span>
    </p>
   </div>
   <div class='ocr_carea' id='block_1_80' title="bbox 567 4166 1003 4238">
    <p class='ocr_par' dir='ltr' id='par_1_80' title="bbox 567 4166 1003 4238">
     <span class='ocr_line' id='line_1_80' title="bbox 567 4166 1003 4238; baseline -0.007 -14"><span class='ocrx_word' id='word_1_608' title='bbox 567 4169 613 4202; x_wconf 81' lang='grc'>³³</span> <span class='ocrx_word' id='word_1_609' title='bbox 653 4169 782 4238; x_wconf 85' lang='lat' dir='ltr'><strong>Sap.</strong></span> <span class='ocrx_word' id='word_1_610' title='bbox 821 4185 882 4232; x_wconf 83' lang='lat' dir='ltr'><strong>ll,</strong></span> <span class='ocrx_word' id='word_1_611' title='bbox 912 4166 1003 4222; x_wconf 72' lang='grc'><strong>2⁸5.</strong></span> 
     </span>
    </p>
   </div>
   <div class='ocr_carea' id='block_1_81' title="bbox 568 4253 2065 4348">
    <p class='ocr_par' dir='ltr' id='par_1_81' title="bbox 568 4253 2065 4348">
     <span class='ocr_line' id='line_1_81' title="bbox 568 4253 2065 4348; baseline 0.001 -1"><span class='ocrx_word' id='word_1_612' title='bbox 568 4264 677 4348; x_wconf 62' lang='grc' dir='ltr'>ςεῖιὶ</span> <span class='ocrx_word' id='word_1_613' title='bbox 718 4263 922 4318; x_wconf 66' lang='grc' dir='ltr'><strong>Τηνοηί</strong></span> <span class='ocrx_word' id='word_1_614' title='bbox 950 4253 2065 4348; x_wconf 47' lang='lat' dir='ltr'><strong>autem.?.9¥?§‘?€‘€&quot;_&#39;;_X‘E‘E‘PI.f‘J‘I‘E‘JE:</strong></span> 
     </span>
    </p>
   </div>
   <div class='ocr_carea' id='block_1_82' title="bbox 495 4324 2067 4406">
    <p class='ocr_par' dir='ltr' id='par_1_82' title="bbox 495 4324 2067 4406">
     <span class='ocr_line' id='line_1_82' title="bbox 495 4324 2067 4406; baseline -0.008 -17"><span class='ocrx_word' id='word_1_615' title='bbox 495 4324 628 4406; x_wconf 84' lang='lat' dir='ltr'><strong>quid</strong></span> <span class='ocrx_word' id='word_1_616' title='bbox 658 4324 713 4406; x_wconf 87' lang='lat' dir='ltr'><strong>in</strong></span> <span class='ocrx_word' id='word_1_617' title='bbox 746 4324 1309 4406; x_wconf 71' lang='lat' dir='ltr'><strong>corporeisintelligat</strong></span> <span class='ocrx_word' id='word_1_618' title='bbox 1340 4345 1405 4384; x_wconf 90' lang='lat' dir='ltr'><strong>eo</strong></span> <span class='ocrx_word' id='word_1_619' title='bbox 1435 4327 1657 4406; x_wconf 79' lang='lat' dir='ltr'><strong>nomine</strong></span> <span class='ocrx_word' id='word_1_620' title='bbox 1682 4324 2067 4406; x_wconf 67' lang='lat' dir='ltr'><strong>prmtercrelos</strong></span> 
     </span>
    </p>
   </div>
   <div class='ocr_carea' id='block_1_83' title="bbox 495 4392 2069 4468">
    <p class='ocr_par' dir='ltr' id='par_1_83' title="bbox 495 4392 2069 4468">
     <span class='ocr_line' id='line_1_83' title="bbox 495 4392 2069 4468; baseline -0.01 -7"><span class='ocrx_word' id='word_1_621' title='bbox 495 4392 550 4462; x_wconf 71' lang='lat' dir='ltr'><strong>et</strong></span> <span class='ocrx_word' id='word_1_622' title='bbox 582 4405 809 4467; x_wconf 86' lang='lat' dir='ltr'><strong>lumina,</strong></span> <span class='ocrx_word' id='word_1_623' title='bbox 842 4392 982 4458; x_wconf 61' lang='lat' dir='ltr'><strong>&#39;sive</strong></span> <span class='ocrx_word' id='word_1_624' title='bbox 1027 4404 1120 4457; x_wconf 91' lang='lat' dir='ltr'><strong>illa</strong></span> <span class='ocrx_word' id='word_1_625' title='bbox 1169 4392 1324 4455; x_wconf 69' lang='lat' dir='ltr'><strong>nobis</strong></span> <span class='ocrx_word' id='word_1_626' title='bbox 1346 4398 1640 4468; x_wconf 88' lang='lat' dir='ltr'><strong>conspicua</strong></span> <span class='ocrx_word' id='word_1_627' title='bbox 1682 4392 1803 4465; x_wconf 62' lang='lat' dir='ltr'><strong>quae</strong></span> <span class='ocrx_word' id='word_1_628' title='bbox 1834 4392 2069 4468; x_wconf 62' lang='lat' dir='ltr'><strong>admini-</strong></span> 
     </span>
    </p>
   </div>
   <div class='ocr_carea' id='block_1_84' title="bbox 498 4463 2144 4555">
    <p class='ocr_par' dir='ltr' id='par_1_84' title="bbox 498 4463 2144 4555">
     <span class='ocr_line' id='line_1_84' title="bbox 498 4463 2144 4555; baseline -0.009 -26"><span class='ocrx_word' id='word_1_629' title='bbox 498 4478 627 4555; x_wconf 80' lang='lat' dir='ltr'><strong>stris</strong></span> <span class='ocrx_word' id='word_1_630' title='bbox 686 4463 961 4555; x_wconf 64' lang='lat' dir='ltr'><strong>assignat,</strong></span> <span class='ocrx_word' id='word_1_631' title='bbox 999 4473 1115 4527; x_wconf 86' lang='lat' dir='ltr'><strong>sive</strong></span> <span class='ocrx_word' id='word_1_632' title='bbox 1171 4470 1442 4555; x_wconf 67' lang='lat' dir='ltr'><strong>diviniora</strong></span> <span class='ocrx_word' id='word_1_633' title='bbox 1483 4463 1797 4555; x_wconf 47' lang='lat' dir='ltr'><strong>&quot;dxpajcjra‘</strong></span> <span class='ocrx_word' id='word_1_634' title='bbox 1835 4465 1924 4547; x_wconf 74' lang='lat' dir='ltr'><strong>illa</strong></span> <span class='ocrx_word' id='word_1_635' title='bbox 1950 4463 2070 4555; x_wconf 39' lang='grc' dir='ltr'><strong>,καὶ</strong></span> <span class='ocrx_word' id='word_1_636' title='bbox 2102 4501 2144 4555; x_wconf 75' lang='lat' dir='ltr'><strong>D</strong></span> 
     </span>
    </p>
   </div>
   <div class='ocr_carea' id='block_1_85' title="bbox 495 4535 2069 4617">
    <p class='ocr_par' dir='ltr' id='par_1_85' title="bbox 495 4535 2069 4617">
     <span class='ocr_line' id='line_1_85' title="bbox 495 4535 2069 4617; baseline -0.01 -17"><span class='ocrx_word' id='word_1_637' title='bbox 495 4545 774 4617; x_wconf 76' lang='grc' dir='ltr'>ἀκραιφνῆ</span> <span class='ocrx_word' id='word_1_638' title='bbox 801 4535 1441 4617; x_wconf 36' lang='lat' dir='ltr'><strong>assignatauseraphinis,</strong></span> <span class='ocrx_word' id='word_1_639' title='bbox 1473 4535 1593 4606; x_wconf 67' lang='lat' dir='ltr'><strong>quai</strong></span> <span class='ocrx_word' id='word_1_640' title='bbox 1620 4535 1872 4617; x_wconf 61' lang='lat' dir='ltr'><strong>videntur</strong></span> <span class='ocrx_word' id='word_1_641' title='bbox 1892 4535 2069 4603; x_wconf 89' lang='lat' dir='ltr'><strong>ipsum</strong></span> 
     </span>
    </p>
   </div>
   <div class='ocr_carea' id='block_1_86' title="bbox 498 4604 2073 4679">
    <p class='ocr_par' dir='ltr' id='par_1_86' title="bbox 498 4604 2073 4679">
     <span class='ocr_line' id='line_1_86' title="bbox 498 4604 2073 4679; baseline -0.008 -9"><span class='ocrx_word' id='word_1_642' title='bbox 498 4604 776 4670; x_wconf 76' lang='lat' dir='ltr'><strong>iminobilé</strong></span> <span class='ocrx_word' id='word_1_643' title='bbox 803 4623 857 4669; x_wconf 93' lang='lat' dir='ltr'><strong>et</strong></span> <span class='ocrx_word' id='word_1_644' title='bbox 881 4604 1152 4667; x_wconf 57' lang='lat' dir='ltr'><strong>in&#39;visibile</strong></span> <span class='ocrx_word' id='word_1_645' title='bbox 1179 4604 1337 4665; x_wconf 72' lang='lat' dir='ltr'><strong>nobis</strong></span> <span class='ocrx_word' id='word_1_646' title='bbox 1370 4604 1707 4679; x_wconf 54' lang='lat' dir='ltr'><strong>empYreum,</strong></span> <span class='ocrx_word' id='word_1_647' title='bbox 1740 4604 1973 4679; x_wconf 81' lang='lat' dir='ltr'><strong>inﬂuens</strong></span> <span class='ocrx_word' id='word_1_648' title='bbox 1992 4617 2073 4657; x_wconf 88' lang='lat' dir='ltr'><strong>se-</strong></span> 
     </span>
    </p>
   </div>
   <div class='ocr_carea' id='block_1_87' title="bbox 497 4675 2072 4755">
    <p class='ocr_par' dir='ltr' id='par_1_87' title="bbox 497 4675 2072 4755">
     <span class='ocr_line' id='line_1_87' title="bbox 497 4675 2072 4755; baseline -0.01 -15"><span class='ocrx_word' id='word_1_649' title='bbox 497 4685 722 4755; x_wconf 86' lang='lat' dir='ltr'><strong>raphica</strong></span> <span class='ocrx_word' id='word_1_650' title='bbox 747 4684 1060 4739; x_wconf 88' lang='lat' dir='ltr'><strong>assistentia</strong></span> <span class='ocrx_word' id='word_1_651' title='bbox 1079 4680 1338 4755; x_wconf 64' lang='lat' dir='ltr'><strong>universo</strong></span> <span class='ocrx_word' id='word_1_652' title='bbox 1368 4675 1511 4733; x_wconf 71' lang='lat' dir='ltr'><strong>huic</strong></span> <span class='ocrx_word' id='word_1_653' title='bbox 1527 4675 2072 4755; x_wconf 35' lang='lat' dir='ltr'><strong>perniannentiamhut</strong></span> 
     </span>
    </p>
   </div>
   <div class='ocr_carea' id='block_1_88' title="bbox 498 4742 2070 4815">
    <p class='ocr_par' dir='ltr' id='par_1_88' title="bbox 498 4742 2070 4815">
     <span class='ocr_line' id='line_1_88' title="bbox 498 4742 2070 4815; baseline -0.01 -4"><span class='ocrx_word' id='word_1_654' title='bbox 498 4742 717 4811; x_wconf 77' lang='lat' dir='ltr'><strong>tandem</strong></span> <span class='ocrx_word' id='word_1_655' title='bbox 774 4756 952 4809; x_wconf 83' lang='lat' dir='ltr'><strong>visum</strong></span> <span class='ocrx_word' id='word_1_656' title='bbox 982 4760 1066 4808; x_wconf 89' lang='lat' dir='ltr'><strong>est</strong></span> <span class='ocrx_word' id='word_1_657' title='bbox 1115 4766 1235 4805; x_wconf 85' lang='lat' dir='ltr'><strong>meo</strong></span> <span class='ocrx_word' id='word_1_658' title='bbox 1261 4749 1505 4813; x_wconf 74' lang='lat' dir='ltr'><strong>Thomze,</strong></span> <span class='ocrx_word' id='word_1_659' title='bbox 1527 4742 1935 4815; x_wconf 64' lang='lat' dir='ltr'><strong>&#39;signilicatque</strong></span> <span class='ocrx_word' id='word_1_660' title='bbox 1960 4742 2070 4797; x_wconf 81' lang='lat' dir='ltr'><strong>Me-</strong></span> 
     </span>
    </p>
   </div>
   <div class='ocr_carea' id='block_1_89' title="bbox 497 4815 2072 4891">
    <p class='ocr_par' dir='ltr' id='par_1_89' title="bbox 497 4815 2072 4891">
     <span class='ocr_line' id='line_1_89' title="bbox 497 4815 2072 4891; baseline -0.01 -10"><span class='ocrx_word' id='word_1_661' title='bbox 497 4825 719 4881; x_wconf 88' lang='lat' dir='ltr'><strong>thodius</strong></span> <span class='ocrx_word' id='word_1_662' title='bbox 756 4825 865 4879; x_wconf 83' lang='lat' dir='ltr'><strong>illis</strong></span> <span class='ocrx_word' id='word_1_663' title='bbox 910 4823 1092 4878; x_wconf 79' lang='lat' dir='ltr'><strong>verbis</strong></span> <span class='ocrx_word' id='word_1_664' title='bbox 1118 4818 1511 4891; x_wconf 74' lang='grc' dir='ltr'>διακρατοῦντα</span> <span class='ocrx_word' id='word_1_665' title='bbox 1536 4816 1598 4868; x_wconf 83' lang='grc' dir='ltr'><strong>τὸ</strong></span> <span class='ocrx_word' id='word_1_666' title='bbox 1632 4816 1762 4891; x_wconf 57' lang='grc' dir='ltr'>ττᾶὲ</span> <span class='ocrx_word' id='word_1_667' title='bbox 1811 4815 2072 4891; x_wconf 27' lang='lat' dir='ltr'><strong>juxta‘lef</strong></span> 
     </span>
    </p>
   </div>
   <div class='ocr_carea' id='block_1_90' title="bbox 497 4883 2073 4964">
    <p class='ocr_par' dir='ltr' id='par_1_90' title="bbox 497 4883 2073 4964">
     <span class='ocr_line' id='line_1_90' title="bbox 497 4883 2073 4964; baseline -0.01 -14"><span class='ocrx_word' id='word_1_668' title='bbox 497 4897 737 4951; x_wconf 90' lang='lat' dir='ltr'><strong>ctionem</strong></span> <span class='ocrx_word' id='word_1_669' title='bbox 794 4892 980 4964; x_wconf 78' lang='lat' dir='ltr'><strong>Rupil‘.</strong></span> <span class='ocrx_word' id='word_1_670' title='bbox 1033 4906 1194 4964; x_wconf 85' lang='lat' dir='ltr'><strong>quam</strong></span> <span class='ocrx_word' id='word_1_671' title='bbox 1247 4883 1439 4944; x_wconf 82' lang='lat' dir='ltr'><strong>sumus</strong></span> <span class='ocrx_word' id='word_1_672' title='bbox 1481 4887 1676 4964; x_wconf 76' lang='lat' dir='ltr'><strong>secuti.</strong></span> <span class='ocrx_word' id='word_1_673' title='bbox 1716 4884 1878 4964; x_wconf 73' lang='lat' dir='ltr'><strong>Forte</strong></span> <span class='ocrx_word' id='word_1_674' title='bbox 1900 4883 2073 4964; x_wconf 86' lang='lat' dir='ltr'><strong>voluit</strong></span> 
     </span>
    </p>
   </div>
   <div class='ocr_carea' id='block_1_91' title="bbox 496 4954 2072 5030">
    <p class='ocr_par' dir='ltr' id='par_1_91' title="bbox 496 4954 2072 5030">
     <span class='ocr_line' id='line_1_91' title="bbox 496 4954 2072 5030; baseline -0.008 -11"><span class='ocrx_word' id='word_1_675' title='bbox 496 4966 728 5021; x_wconf 86' lang='lat' dir='ltr'><strong>thronos</strong></span> <span class='ocrx_word' id='word_1_676' title='bbox 755 4980 819 5019; x_wconf 89' lang='lat' dir='ltr'><strong>ac</strong></span> <span class='ocrx_word' id='word_1_677' title='bbox 840 4954 1000 5019; x_wconf 76' lang='lat' dir='ltr'><strong>sedes</strong></span> <span class='ocrx_word' id='word_1_678' title='bbox 1029 4954 1083 5016; x_wconf 78' lang='grc' dir='ltr'>ἱίι</span> <span class='ocrx_word' id='word_1_679' title='bbox 1105 4974 1381 5030; x_wconf 86' lang='lat' dir='ltr'><strong>empyreo,</strong></span> <span class='ocrx_word' id='word_1_680' title='bbox 1428 4956 1574 5030; x_wconf 82' lang='lat' dir='ltr'><strong>quod</strong></span> <span class='ocrx_word' id='word_1_681' title='bbox 1602 4954 1927 5025; x_wconf 86' lang='lat' dir='ltr'><strong>respondeat</strong></span> <span class='ocrx_word' id='word_1_682' title='bbox 1954 4969 2072 5030; x_wconf 75' lang='lat' dir='ltr'><strong>coe-</strong></span> 
     </span>
    </p>
   </div>
   <div class='ocr_carea' id='block_1_92' title="bbox 497 5025 2072 5106">
    <p class='ocr_par' dir='ltr' id='par_1_92' title="bbox 497 5025 2072 5106">
     <span class='ocr_line' id='line_1_92' title="bbox 497 5025 2072 5106; baseline -0.01 -15"><span class='ocrx_word' id='word_1_683' title='bbox 497 5036 590 5100; x_wconf 89' lang='lat' dir='ltr'><strong>lis,</strong></span> <span class='ocrx_word' id='word_1_684' title='bbox 620 5035 917 5106; x_wconf 83' lang='lat' dir='ltr'><strong>assignatis</strong></span> <span class='ocrx_word' id='word_1_685' title='bbox 946 5025 1248 5106; x_wconf 54' lang='lat' dir='ltr'><strong>spiritibus:</strong></span> <span class='ocrx_word' id='word_1_686' title='bbox 1276 5025 1783 5106; x_wconf 44' lang='lat' dir='ltr'><strong>niinistris,.prznl;er</strong></span> <span class='ocrx_word' id='word_1_687' title='bbox 1847 5025 2072 5106; x_wconf 82' lang='lat' dir='ltr'><strong>puriora</strong></span> 
     </span>
    </p>
   </div>
   <div class='ocr_carea' id='block_1_93' title="bbox 496 5096 2075 5172">
    <p class='ocr_par' dir='ltr' id='par_1_93' title="bbox 496 5096 2075 5172">
     <span class='ocr_line' id='line_1_93' title="bbox 496 5096 2075 5172; baseline -0.009 -10"><span class='ocrx_word' id='word_1_688' title='bbox 496 5096 592 5162; x_wconf 82' lang='lat' dir='ltr'><strong>illa</strong></span> <span class='ocrx_word' id='word_1_689' title='bbox 626 5107 682 5161; x_wconf 90' lang='lat' dir='ltr'><strong>in</strong></span> <span class='ocrx_word' id='word_1_690' title='bbox 711 5096 777 5161; x_wconf 60' lang='lat' dir='ltr'><strong>ei)</strong></span> <span class='ocrx_word' id='word_1_691' title='bbox 804 5096 1112 5172; x_wconf 73' lang='lat' dir='ltr'><strong>seraphinis</strong></span> <span class='ocrx_word' id='word_1_692' title='bbox 1141 5101 1415 5169; x_wconf 82' lang='lat' dir='ltr'><strong>assignata</strong></span> <span class='ocrx_word' id='word_1_693' title='bbox 1448 5096 1675 5151; x_wconf 85' lang='lat' dir='ltr'><strong>lumina.</strong></span> <span class='ocrx_word' id='word_1_694' title='bbox 1702 5096 1915 5172; x_wconf 77' lang='lat' dir='ltr'><strong>Quanta</strong></span> <span class='ocrx_word' id='word_1_695' title='bbox 1944 5110 2075 5165; x_wconf 90' lang='lat' dir='ltr'><strong>por-</strong></span> 
     </span>
    </p>
   </div>
   <div class='ocr_carea' id='block_1_94' title="bbox 499 5166 2073 5249">
    <p class='ocr_par' dir='ltr' id='par_1_94' title="bbox 499 5166 2073 5249">
     <span class='ocr_line' id='line_1_94' title="bbox 499 5166 2073 5249; baseline -0.008 -17"><span class='ocrx_word' id='word_1_696' title='bbox 499 5192 565 5232; x_wconf 86' lang='lat' dir='ltr'><strong>ro</strong></span> <span class='ocrx_word' id='word_1_697' title='bbox 582 5177 703 5249; x_wconf 70' lang='lat' dir='ltr'><strong>haec</strong></span> <span class='ocrx_word' id='word_1_698' title='bbox 728 5166 1113 5249; x_wconf 73' lang='lat' dir='ltr'><strong>probabilitate</strong></span> <span class='ocrx_word' id='word_1_699' title='bbox 1136 5166 1490 5249; x_wconf 44' lang='lat' dir='ltr'><strong>ouantem-ut</strong></span> <span class='ocrx_word' id='word_1_700' title='bbox 1517 5166 2073 5249; x_wconf 34' lang='lat' dir='ltr'><strong>ethquod‘statim‘se-</strong></span> 
     </span>
    </p>
   </div>
   <div class='ocr_carea' id='block_1_95' title="bbox 501 5234 2074 5319">
    <p class='ocr_par' dir='ltr' id='par_1_95' title="bbox 501 5234 2074 5319">
     <span class='ocr_line' id='line_1_95' title="bbox 501 5234 2074 5319; baseline -0.008 -18"><span class='ocrx_word' id='word_1_701' title='bbox 501 5248 706 5319; x_wconf 89' lang='lat' dir='ltr'><strong>quitur,</strong></span> <span class='ocrx_word' id='word_1_702' title='bbox 728 5234 805 5319; x_wconf 62' lang='lat' dir='ltr'><strong>ile</strong></span> <span class='ocrx_word' id='word_1_703' title='bbox 824 5246 1021 5319; x_wconf 62' lang='lat' dir='ltr'><strong>latura</strong></span> <span class='ocrx_word' id='word_1_704' title='bbox 1050 5248 1174 5312; x_wconf 90' lang='lat' dir='ltr'><strong>post</strong></span> <span class='ocrx_word' id='word_1_705' title='bbox 1227 5240 1417 5319; x_wconf 70' lang='lat' dir='ltr'><strong>iudicii</strong></span> <span class='ocrx_word' id='word_1_706' title='bbox 1472 5234 2074 5319; x_wconf 74' lang='lat' dir='ltr'><strong>conﬂagrationemho-</strong></span> 
     </span>
    </p>
   </div>
   <div class='ocr_carea' id='block_1_96' title="bbox 500 5304 2073 5377">
    <p class='ocr_par' dir='ltr' id='par_1_96' title="bbox 500 5304 2073 5377">
     <span class='ocr_line' id='line_1_96' title="bbox 500 5304 2073 5377; baseline -0.01 -5"><span class='ocrx_word' id='word_1_707' title='bbox 500 5304 710 5372; x_wconf 78' lang='lat' dir='ltr'><strong>minum</strong></span> <span class='ocrx_word' id='word_1_708' title='bbox 748 5304 1108 5375; x_wconf 74' lang='lat' dir='ltr'><strong>habitatione,</strong></span> <span class='ocrx_word' id='word_1_709' title='bbox 1142 5304 1286 5367; x_wconf 72' lang='lat' dir='ltr'><strong>terra</strong></span> <span class='ocrx_word' id='word_1_710' title='bbox 1342 5310 1443 5364; x_wconf 88' lang='lat' dir='ltr'><strong>hac</strong></span> <span class='ocrx_word' id='word_1_711' title='bbox 1508 5304 1675 5361; x_wconf 63' lang='lat' dir='ltr'><strong>nova&#39;</strong></span> <span class='ocrx_word' id='word_1_712' title='bbox 1713 5322 1808 5377; x_wconf 91' lang='lat' dir='ltr'><strong>per</strong></span> <span class='ocrx_word' id='word_1_713' title='bbox 1880 5304 2073 5377; x_wconf 77' lang='lat' dir='ltr'><strong>Isaiam</strong></span> 
     </span>
    </p>
   </div>
   <div class='ocr_carea' id='block_1_97' title="bbox 500 5374 2075 5458">
    <p class='ocr_par' dir='ltr' id='par_1_97' title="bbox 500 5374 2075 5458">
     <span class='ocr_line' id='line_1_97' title="bbox 500 5374 2075 5458; baseline -0.009 -18"><span class='ocrx_word' id='word_1_714' title='bbox 500 5389 792 5458; x_wconf 87' lang='lat' dir='ltr'><strong>promissa,</strong></span> <span class='ocrx_word' id='word_1_715' title='bbox 823 5387 1069 5458; x_wconf 71' lang='lat' dir='ltr'><strong>ueloque</strong></span> <span class='ocrx_word' id='word_1_716' title='bbox 1111 5390 1165 5437; x_wconf 87' lang='lat' dir='ltr'><strong>et</strong></span> <span class='ocrx_word' id='word_1_717' title='bbox 1216 5394 1544 5458; x_wconf 83' lang='lat' dir='ltr'><strong>aere_novo;</strong></span> <span class='ocrx_word' id='word_1_718' title='bbox 1596 5374 1881 5458; x_wconf 70' lang='lat' dir='ltr'><strong>operosius</strong></span> <span class='ocrx_word' id='word_1_719' title='bbox 1914 5374 2075 5458; x_wconf 76' lang='lat' dir='ltr'><strong>fuerit</strong></span> 
     </span>
    </p>
   </div>
   <div class='ocr_carea' id='block_1_98' title="bbox 502 5446 2074 5524">
    <p class='ocr_par' dir='ltr' id='par_1_98' title="bbox 502 5446 2074 5524">
     <span class='ocr_line' id='line_1_98' title="bbox 502 5446 2074 5524; baseline -0.006 -17"><span class='ocrx_word' id='word_1_720' title='bbox 502 5446 796 5520; x_wconf 68' lang='lat' dir='ltr'><strong>discutere,</strong></span> <span class='ocrx_word' id='word_1_721' title='bbox 825 5446 1158 5524; x_wconf 74' lang='lat' dir='ltr'><strong>alteriusque</strong></span> <span class='ocrx_word' id='word_1_722' title='bbox 1189 5461 1242 5506; x_wconf 83' lang='lat' dir='ltr'><strong>et</strong></span> <span class='ocrx_word' id='word_1_723' title='bbox 1290 5453 1384 5524; x_wconf 90' lang='lat' dir='ltr'><strong>otii</strong></span> <span class='ocrx_word' id='word_1_724' title='bbox 1415 5446 1856 5524; x_wconf 53' lang='lat' dir='ltr'><strong>et_operie,__lloc</strong></span> <span class='ocrx_word' id='word_1_725' title='bbox 1883 5447 2074 5524; x_wconf 78' lang='lat' dir='ltr'><strong>saltem</strong></span> 
     </span>
    </p>
   </div>
   <div class='ocr_carea' id='block_1_99' title="bbox 503 5517 2076 5592">
    <p class='ocr_par' dir='ltr' id='par_1_99' title="bbox 503 5517 2076 5592">
     <span class='ocr_line' id='line_1_99' title="bbox 503 5517 2076 5592; baseline -0.01 -9"><span class='ocrx_word' id='word_1_726' title='bbox 503 5517 832 5592; x_wconf 84' lang='lat' dir='ltr'><strong>constiterit,</strong></span> <span class='ocrx_word' id='word_1_727' title='bbox 887 5517 1086 5580; x_wconf 65' lang='lat' dir='ltr'><strong>abesse&#39;</strong></span> <span class='ocrx_word' id='word_1_728' title='bbox 1112 5523 1442 5592; x_wconf 83' lang='lat' dir='ltr'><strong>Methodium</strong></span> <span class='ocrx_word' id='word_1_729' title='bbox 1470 5521 1522 5573; x_wconf 91' lang='lat' dir='ltr'><strong>in</strong></span> <span class='ocrx_word' id='word_1_730' title='bbox 1549 5533 1646 5573; x_wconf 91' lang='lat' dir='ltr'><strong>sua</strong></span> <span class='ocrx_word' id='word_1_731' title='bbox 1676 5518 1767 5571; x_wconf 92' lang='lat' dir='ltr'><strong>illa</strong></span> <span class='ocrx_word' id='word_1_732' title='bbox 1821 5517 2076 5592; x_wconf 72' lang='lat' dir='ltr'><strong>Opinione</strong></span> 
     </span>
    </p>
   </div>
   <div class='ocr_carea' id='block_1_100' title="bbox 504 5586 2074 5666">
    <p class='ocr_par' dir='ltr' id='par_1_100' title="bbox 504 5586 2074 5666">
     <span class='ocr_line' id='line_1_100' title="bbox 504 5586 2074 5666; baseline -0.008 -17"><span class='ocrx_word' id='word_1_733' title='bbox 504 5601 574 5652; x_wconf 84' lang='lat' dir='ltr'><strong>ab</strong></span> <span class='ocrx_word' id='word_1_734' title='bbox 603 5614 788 5653; x_wconf 88' lang='lat' dir='ltr'><strong>errore</strong></span> <span class='ocrx_word' id='word_1_735' title='bbox 811 5586 1258 5666; x_wconf 67' lang='lat' dir='ltr'><strong>Millenariorum,</strong></span> <span class='ocrx_word' id='word_1_736' title='bbox 1293 5609 1395 5648; x_wconf 85' lang='lat' dir='ltr'><strong>nec</strong></span> <span class='ocrx_word' id='word_1_737' title='bbox 1424 5591 1500 5644; x_wconf 90' lang='lat' dir='ltr'><strong>ita</strong></span> <span class='ocrx_word' id='word_1_738' title='bbox 1534 5586 2074 5666; x_wconf 69' lang='lat' dir='ltr'><strong>ponereparadisum</strong></span> 
     </span>
    </p>
   </div>
   <div class='ocr_carea' id='block_1_101' title="bbox 505 5657 2073 5725">
    <p class='ocr_par' dir='ltr' id='par_1_101' title="bbox 505 5657 2073 5725">
     <span class='ocr_line' id='line_1_101' title="bbox 505 5657 2073 5725; baseline -0.011 -1"><span class='ocrx_word' id='word_1_739' title='bbox 505 5670 815 5724; x_wconf 77' lang='lat' dir='ltr'><strong>eensibilem</strong></span> <span class='ocrx_word' id='word_1_740' title='bbox 848 5670 904 5722; x_wconf 90' lang='lat' dir='ltr'><strong>in</strong></span> <span class='ocrx_word' id='word_1_741' title='bbox 953 5664 1199 5722; x_wconf 88' lang='lat' dir='ltr'><strong>sensibili</strong></span> <span class='ocrx_word' id='word_1_742' title='bbox 1246 5670 1412 5725; x_wconf 86' lang='lat' dir='ltr'><strong>terra,</strong></span> <span class='ocrx_word' id='word_1_743' title='bbox 1443 5672 1502 5714; x_wconf 92' lang='lat' dir='ltr'><strong>ut</strong></span> <span class='ocrx_word' id='word_1_744' title='bbox 1517 5657 1713 5714; x_wconf 70' lang='lat' dir='ltr'><strong>divinae</strong></span> <span class='ocrx_word' id='word_1_745' title='bbox 1738 5657 1956 5711; x_wconf 84' lang='lat' dir='ltr'><strong>interim</strong></span> <span class='ocrx_word' id='word_1_746' title='bbox 1988 5657 2073 5708; x_wconf 87' lang='lat' dir='ltr'><strong>vi-</strong></span> 
     </span>
    </p>
   </div>
   <div class='ocr_carea' id='block_1_102' title="bbox 506 5725 2075 5806">
    <p class='ocr_par' dir='ltr' id='par_1_102' title="bbox 506 5725 2075 5806">
     <span class='ocr_line' id='line_1_102' title="bbox 506 5725 2075 5806; baseline -0.009 -15"><span class='ocrx_word' id='word_1_747' title='bbox 506 5741 680 5791; x_wconf 79' lang='lat' dir='ltr'><strong>sionis</strong></span> <span class='ocrx_word' id='word_1_748' title='bbox 707 5739 932 5805; x_wconf 82' lang='lat' dir='ltr'><strong>gratiam</strong></span> <span class='ocrx_word' id='word_1_749' title='bbox 964 5742 1140 5806; x_wconf 85' lang='lat' dir='ltr'><strong>neget,</strong></span> <span class='ocrx_word' id='word_1_750' title='bbox 1176 5733 1489 5806; x_wconf 79' lang='lat' dir='ltr'><strong>quasimus</strong></span> <span class='ocrx_word' id='word_1_751' title='bbox 1518 5744 1646 5785; x_wconf 83' lang='lat' dir='ltr'><strong>vere</strong></span> <span class='ocrx_word' id='word_1_752' title='bbox 1676 5727 1842 5806; x_wconf 74' lang='lat' dir='ltr'><strong>beati,</strong></span> <span class='ocrx_word' id='word_1_753' title='bbox 1876 5734 1929 5779; x_wconf 93' lang='lat' dir='ltr'><strong>et</strong></span> <span class='ocrx_word' id='word_1_754' title='bbox 1946 5725 2075 5806; x_wconf 64' lang='lat' dir='ltr'><strong>ani-</strong></span> 
     </span>
    </p>
   </div>
   <div class='ocr_carea' id='block_1_103' title="bbox 506 5796 2071 5879">
    <p class='ocr_par' dir='ltr' id='par_1_103' title="bbox 506 5796 2071 5879">
     <span class='ocr_line' id='line_1_103' title="bbox 506 5796 2071 5879; baseline -0.01 -16"><span class='ocrx_word' id='word_1_755' title='bbox 506 5826 636 5879; x_wconf 83' lang='lat' dir='ltr'><strong>ino;</strong></span> <span class='ocrx_word' id='word_1_756' title='bbox 671 5796 982 5864; x_wconf 67' lang='lat' dir='ltr'><strong>conferente</strong></span> <span class='ocrx_word' id='word_1_757' title='bbox 1032 5796 1235 5859; x_wconf 69' lang='lat' dir='ltr'><strong>mundo</strong></span> <span class='ocrx_word' id='word_1_758' title='bbox 1294 5804 1622 5867; x_wconf 87' lang='lat' dir='ltr'><strong>instaurato,</strong></span> <span class='ocrx_word' id='word_1_759' title='bbox 1656 5797 1722 5853; x_wconf 91' lang='lat' dir='ltr'><strong>ad</strong></span> <span class='ocrx_word' id='word_1_760' title='bbox 1752 5796 2071 5852; x_wconf 90' lang='lat' dir='ltr'><strong>nonnullam</strong></span> 
     </span>
    </p>
   </div>
   <div class='ocr_carea' id='block_1_104' title="bbox 2176 4237 3742 4314">
    <p class='ocr_par' dir='ltr' id='par_1_104' title="bbox 2176 4237 3742 4314">
     <span class='ocr_line' id='line_1_104' title="bbox 2176 4237 3742 4314; baseline -0.008 -10"><span class='ocrx_word' id='word_1_761' title='bbox 2176 4251 2603 4305; x_wconf 87' lang='lat' dir='ltr'><strong>instauratorum</strong></span> <span class='ocrx_word' id='word_1_762' title='bbox 2636 4257 2868 4314; x_wconf 89' lang='lat' dir='ltr'><strong>corpore</strong></span> <span class='ocrx_word' id='word_1_763' title='bbox 2915 4242 3217 4298; x_wconf 86' lang='lat' dir='ltr'><strong>incolarum</strong></span> <span class='ocrx_word' id='word_1_764' title='bbox 3259 4238 3595 4314; x_wconf 80' lang='lat' dir='ltr'><strong>felicitatem.</strong></span> <span class='ocrx_word' id='word_1_765' title='bbox 3639 4237 3742 4291; x_wconf 91' lang='lat' dir='ltr'><strong>mi-</strong></span> 
     </span>
    </p>
   </div>
   <div class='ocr_carea' id='block_1_105' title="bbox 2175 4310 3741 4386">
    <p class='ocr_par' dir='ltr' id='par_1_105' title="bbox 2175 4310 3741 4386">
     <span class='ocr_line' id='line_1_105' title="bbox 2175 4310 3741 4386; baseline -0.008 -13"><span class='ocrx_word' id='word_1_766' title='bbox 2175 4320 2336 4374; x_wconf 87' lang='lat' dir='ltr'><strong>rabili</strong></span> <span class='ocrx_word' id='word_1_767' title='bbox 2388 4320 2481 4372; x_wconf 88' lang='lat' dir='ltr'><strong>illa</strong></span> <span class='ocrx_word' id='word_1_768' title='bbox 2526 4310 2797 4386; x_wconf 73' lang='grc' dir='ltr'>εὐκρασῖᾳ</span> <span class='ocrx_word' id='word_1_769' title='bbox 2851 4329 2951 4367; x_wconf 89' lang='lat' dir='ltr'><strong>sua</strong></span> <span class='ocrx_word' id='word_1_770' title='bbox 3008 4322 3061 4366; x_wconf 89' lang='lat' dir='ltr'><strong>et</strong></span> <span class='ocrx_word' id='word_1_771' title='bbox 3119 4310 3545 4386; x_wconf 78' lang='lat' dir='ltr'><strong>temperatione,</strong></span> <span class='ocrx_word' id='word_1_772' title='bbox 3578 4323 3741 4377; x_wconf 88' lang='lat' dir='ltr'><strong>quam</strong></span> 
     </span>
    </p>
   </div>
   <div class='ocr_carea' id='block_1_106' title="bbox 2176 4380 3743 4453">
    <p class='ocr_par' dir='ltr' id='par_1_106' title="bbox 2176 4380 3743 4453">
     <span class='ocr_line' id='line_1_106' title="bbox 2176 4380 3743 4453; baseline -0.008 -11"><span class='ocrx_word' id='word_1_773' title='bbox 2176 4390 2340 4449; x_wconf 85' lang='lat' dir='ltr'><strong>Deus.</strong></span> <span class='ocrx_word' id='word_1_774' title='bbox 2373 4404 2471 4444; x_wconf 92' lang='lat' dir='ltr'><strong>ceu</strong></span> <span class='ocrx_word' id='word_1_775' title='bbox 2497 4380 2906 4453; x_wconf 84' lang='lat' dir='ltr'><strong>amantissimus</strong></span> <span class='ocrx_word' id='word_1_776' title='bbox 2938 4389 3113 4453; x_wconf 74' lang='lat' dir='ltr'><strong>pater,</strong></span> <span class='ocrx_word' id='word_1_777' title='bbox 3129 4380 3521 4453; x_wconf 75' lang='lat' dir='ltr'><strong>administrare</strong></span> <span class='ocrx_word' id='word_1_778' title='bbox 3560 4389 3613 4434; x_wconf 90' lang='lat' dir='ltr'><strong>et</strong></span> <span class='ocrx_word' id='word_1_779' title='bbox 3640 4393 3743 4453; x_wconf 79' lang='lat' dir='ltr'><strong>cu-</strong></span> 
     </span>
    </p>
   </div>
   <div class='ocr_carea' id='block_1_107' title="bbox 2174 4450 3744 4526">
    <p class='ocr_par' dir='ltr' id='par_1_107' title="bbox 2174 4450 3744 4526">
     <span class='ocr_line' id='line_1_107' title="bbox 2174 4450 3744 4526; baseline -0.008 -13"><span class='ocrx_word' id='word_1_780' title='bbox 2174 4476 2295 4514; x_wconf 89' lang='lat' dir='ltr'><strong>rare</strong></span> <span class='ocrx_word' id='word_1_781' title='bbox 2328 4460 2524 4513; x_wconf 89' lang='lat' dir='ltr'><strong>habeat</strong></span> <span class='ocrx_word' id='word_1_782' title='bbox 2565 4476 2578 4511; x_wconf 87' lang='lat'><strong>:</strong></span> <span class='ocrx_word' id='word_1_783' title='bbox 2607 4450 3070 4526; x_wconf 73' lang='grc' dir='ltr'>ἐπιτροπεύοντος.</span> <span class='ocrx_word' id='word_1_784' title='bbox 3098 4450 3224 4505; x_wconf 84' lang='lat' dir='ltr'><strong>Mihi</strong></span> <span class='ocrx_word' id='word_1_785' title='bbox 3253 4451 3530 4526; x_wconf 81' lang='lat' dir='ltr'><strong>enimvero</strong></span> <span class='ocrx_word' id='word_1_786' title='bbox 3553 4450 3744 4504; x_wconf 89' lang='lat' dir='ltr'><strong>melius</strong></span> 
     </span>
    </p>
   </div>
   <div class='ocr_carea' id='block_1_108' title="bbox 2177 4518 3745 4593">
    <p class='ocr_par' dir='ltr' id='par_1_108' title="bbox 2177 4518 3745 4593">
     <span class='ocr_line' id='line_1_108' title="bbox 2177 4518 3745 4593; baseline -0.01 -7"><span class='ocrx_word' id='word_1_787' title='bbox 2177 4546 2298 4586; x_wconf 89' lang='lat' dir='ltr'><strong>esse</strong></span> <span class='ocrx_word' id='word_1_788' title='bbox 2326 4545 2452 4584; x_wconf 92' lang='lat' dir='ltr'><strong>cum</strong></span> <span class='ocrx_word' id='word_1_789' title='bbox 2484 4518 2810 4589; x_wconf 49' lang='lat' dir='ltr'><strong>Christofet</strong></span> <span class='ocrx_word' id='word_1_790' title='bbox 2836 4527 2897 4578; x_wconf 79' lang='lat' dir='ltr'><strong>ut</strong></span> <span class='ocrx_word' id='word_1_791' title='bbox 2938 4533 3195 4593; x_wconf 85' lang='lat' dir='ltr'><strong>tanquam</strong></span> <span class='ocrx_word' id='word_1_792' title='bbox 3227 4518 3532 4573; x_wconf 87' lang='lat' dir='ltr'><strong>membrqu</strong></span> <span class='ocrx_word' id='word_1_793' title='bbox 3556 4534 3745 4593; x_wconf 77' lang='lat' dir='ltr'><strong>quan-</strong></span> 
     </span>
    </p>
   </div>
   <div class='ocr_carea' id='block_1_109' title="bbox 2177 4592 3744 4670">
    <p class='ocr_par' dir='ltr' id='par_1_109' title="bbox 2177 4592 3744 4670">
     <span class='ocr_line' id='line_1_109' title="bbox 2177 4592 3744 4670; baseline -0.01 -14"><span class='ocrx_word' id='word_1_794' title='bbox 2177 4602 2356 4670; x_wconf 91' lang='lat' dir='ltr'><strong>doque</strong></span> <span class='ocrx_word' id='word_1_795' title='bbox 2378 4614 2575 4668; x_wconf 87' lang='lat' dir='ltr'><strong>sequar</strong></span> <span class='ocrx_word' id='word_1_796' title='bbox 2599 4600 2653 4652; x_wconf 89' lang='lat' dir='ltr'><strong>in</strong></span> <span class='ocrx_word' id='word_1_797' title='bbox 2675 4597 2889 4670; x_wconf 64' lang='lat' dir='ltr'><strong>caelum</strong></span> <span class='ocrx_word' id='word_1_798' title='bbox 2925 4592 3093 4670; x_wconf 76' lang='lat' dir='ltr'><strong>etiam</strong></span> <span class='ocrx_word' id='word_1_799' title='bbox 3139 4604 3390 4670; x_wconf 76' lang='lat' dir='ltr'><strong>corpore,</strong></span> <span class='ocrx_word' id='word_1_800' title='bbox 3449 4592 3744 4670; x_wconf 78' lang='lat' dir='ltr'><strong>exaltatum</strong></span> 
     </span>
    </p>
   </div>
   <div class='ocr_carea' id='block_1_110' title="bbox 2178 4662 3742 4741">
    <p class='ocr_par' dir='ltr' id='par_1_110' title="bbox 2178 4662 3742 4741">
     <span class='ocr_line' id='line_1_110' title="bbox 2178 4662 3742 4741; baseline -0.01 -16"><span class='ocrx_word' id='word_1_801' title='bbox 2178 4662 2349 4741; x_wconf 76' lang='lat' dir='ltr'><strong>super</strong></span> <span class='ocrx_word' id='word_1_802' title='bbox 2374 4662 2564 4741; x_wconf 44' lang='lat' dir='ltr'><strong>oin-nes</strong></span> <span class='ocrx_word' id='word_1_803' title='bbox 2586 4662 3325 4741; x_wconf 47' lang='lat' dir='ltr'><strong>cmlosdivinissiinunrillud</strong></span> <span class='ocrx_word' id='word_1_804' title='bbox 3357 4667 3521 4741; x_wconf 67' lang='lat' dir='ltr'><strong>caput</strong></span> <span class='ocrx_word' id='word_1_805' title='bbox 3544 4674 3742 4741; x_wconf 50' lang='lat' dir='ltr'><strong>meum.</strong></span> 
     </span>
    </p>
   </div>
   <div class='ocr_carea' id='block_1_111' title="bbox 2250 4727 3743 4808">
    <p class='ocr_par' dir='ltr' id='par_1_111' title="bbox 2250 4727 3743 4808">
     <span class='ocr_line' id='line_1_111' title="bbox 2250 4727 3743 4808; baseline -0.012 -11"><span class='ocrx_word' id='word_1_806' title='bbox 2250 4727 2361 4808; x_wconf 65' lang='lat' dir='ltr'><strong>i95)</strong></span> <span class='ocrx_word' id='word_1_807' title='bbox 2387 4736 2927 4808; x_wconf 52' lang='lat' dir='ltr'><strong>Iuexterminagilem,</strong></span> <span class='ocrx_word' id='word_1_808' title='bbox 2966 4734 3057 4785; x_wconf 79' lang='grc' dir='ltr'><strong>ὲπὶ</strong></span> <span class='ocrx_word' id='word_1_809' title='bbox 3084 4730 3378 4808; x_wconf 60' lang='grc' dir='ltr'>ἀφθαρσίᾳ.</span> <span class='ocrx_word' id='word_1_810' title='bbox 3427 4727 3531 4808; x_wconf 50' lang='grc' dir='ltr'><strong>δίε</strong></span> <span class='ocrx_word' id='word_1_811' title='bbox 3584 4727 3743 4797; x_wconf 79' lang='lat' dir='ltr'><strong>Vulg.</strong></span> 
     </span>
    </p>
   </div>
   <div class='ocr_carea' id='block_1_112' title="bbox 2178 4800 3746 4875">
    <p class='ocr_par' dir='ltr' id='par_1_112' title="bbox 2178 4800 3746 4875">
     <span class='ocr_line' id='line_1_112' title="bbox 2178 4800 3746 4875; baseline -0.011 -9"><span class='ocrx_word' id='word_1_812' title='bbox 2178 4821 2231 4866; x_wconf 89' lang='lat' dir='ltr'><strong>et</strong></span> <span class='ocrx_word' id='word_1_813' title='bbox 2255 4800 2395 4867; x_wconf 44' lang='lat' dir='ltr'><strong>&#39;Six&#39;t.</strong></span> <span class='ocrx_word' id='word_1_814' title='bbox 2424 4808 2542 4864; x_wconf 87' lang='lat' dir='ltr'><strong>Non</strong></span> <span class='ocrx_word' id='word_1_815' title='bbox 2571 4809 2711 4861; x_wconf 86' lang='lat' dir='ltr'><strong>male</strong></span> <span class='ocrx_word' id='word_1_816' title='bbox 2744 4806 2930 4875; x_wconf 83' lang='lat' dir='ltr'><strong>Tigur.</strong></span> <span class='ocrx_word' id='word_1_817' title='bbox 2961 4812 3014 4857; x_wconf 89' lang='lat' dir='ltr'><strong>et</strong></span> <span class='ocrx_word' id='word_1_818' title='bbox 3042 4800 3441 4875; x_wconf 58' lang='lat' dir='ltr'><strong>eodein&#39;sensu,</strong></span> <span class='ocrx_word' id='word_1_819' title='bbox 3468 4800 3746 4875; x_wconf 45' lang='lat' dir='ltr'><strong>immortua</strong></span> 
     </span>
    </p>
   </div>
   <div class='ocr_carea' id='block_1_113' title="bbox 2181 4868 3749 4944">
    <p class='ocr_par' dir='ltr' id='par_1_113' title="bbox 2181 4868 3749 4944">
     <span class='ocr_line' id='line_1_113' title="bbox 2181 4868 3749 4944; baseline -0.01 -9"><span class='ocrx_word' id='word_1_820' title='bbox 2181 4883 2341 4944; x_wconf 66' lang='lat' dir='ltr'><strong>litati,</strong></span> <span class='ocrx_word' id='word_1_821' title='bbox 2375 4882 2477 4935; x_wconf 86' lang='lat' dir='ltr'><strong>hoc</strong></span> <span class='ocrx_word' id='word_1_822' title='bbox 2500 4886 2605 4939; x_wconf 89' lang='lat' dir='ltr'><strong>est,</strong></span> <span class='ocrx_word' id='word_1_823' title='bbox 2635 4886 2693 4931; x_wconf 91' lang='lat' dir='ltr'><strong>ut</strong></span> <span class='ocrx_word' id='word_1_824' title='bbox 2722 4868 3043 4930; x_wconf 76' lang='lat' dir='ltr'><strong>immortalis</strong></span> <span class='ocrx_word' id='word_1_825' title='bbox 3083 4883 3245 4927; x_wconf 88' lang='lat' dir='ltr'><strong>esset.</strong></span> <span class='ocrx_word' id='word_1_826' title='bbox 3290 4869 3467 4944; x_wconf 48' lang='lat' dir='ltr'><strong>[linus</strong></span> <span class='ocrx_word' id='word_1_827' title='bbox 3493 4868 3749 4944; x_wconf 73' lang='lat' dir='ltr'><strong>exprimit</strong></span> 
     </span>
    </p>
   </div>
   <div class='ocr_carea' id='block_1_114' title="bbox 2180 4940 3749 5021">
    <p class='ocr_par' dir='ltr' id='par_1_114' title="bbox 2180 4940 3749 5021">
     <span class='ocr_line' id='line_1_114' title="bbox 2180 4940 3749 5021; baseline -0.011 -15"><span class='ocrx_word' id='word_1_828' title='bbox 2180 4940 2406 5021; x_wconf 87' lang='lat' dir='ltr'><strong>interpr.</strong></span> <span class='ocrx_word' id='word_1_829' title='bbox 2440 4949 2727 5021; x_wconf 79' lang='lat' dir='ltr'><strong>Epiphan.,</strong></span> <span class='ocrx_word' id='word_1_830' title='bbox 2762 4948 2816 4999; x_wconf 86' lang='lat' dir='ltr'><strong>in</strong></span> <span class='ocrx_word' id='word_1_831' title='bbox 2854 4946 3279 5021; x_wconf 48' lang='lat' dir='ltr'><strong>incorruptione:-</strong></span> <span class='ocrx_word' id='word_1_832' title='bbox 3294 4942 3386 5021; x_wconf 58' lang='lat'><strong>1:6.</strong></span> <span class='ocrx_word' id='word_1_833' title='bbox 3424 4940 3749 5021; x_wconf 46' lang='grc' dir='ltr'>και-εικόνα</span> 
     </span>
    </p>
   </div>
   <div class='ocr_carea' id='block_1_115' title="bbox 2180 5008 3751 5093">
    <p class='ocr_par' dir='ltr' id='par_1_115' title="bbox 2180 5008 3751 5093">
     <span class='ocr_line' id='line_1_115' title="bbox 2180 5008 3751 5093; baseline -0.011 -15"><span class='ocrx_word' id='word_1_834' title='bbox 2180 5008 2800 5093; x_wconf 48' lang='lat' dir='ltr'><strong>suspicatur-legendum</strong></span> <span class='ocrx_word' id='word_1_835' title='bbox 2851 5015 2968 5069; x_wconf 79' lang='grc' dir='ltr'>κατ’</span> <span class='ocrx_word' id='word_1_836' title='bbox 3002 5008 3207 5093; x_wconf 54' lang='grc' dir='ltr'>εξξιόνα.</span> <span class='ocrx_word' id='word_1_837' title='bbox 3239 5008 3751 5093; x_wconf 29' lang='lat' dir='ltr'><strong>Habentni-hiloinio</strong></span> 
     </span>
    </p>
   </div>
   <div class='ocr_carea' id='block_1_116' title="bbox 2181 5079 3749 5158">
    <p class='ocr_par' dir='ltr' id='par_1_116' title="bbox 2181 5079 3749 5158">
     <span class='ocr_line' id='line_1_116' title="bbox 2181 5079 3749 5158; baseline -0.013 -11"><span class='ocrx_word' id='word_1_838' title='bbox 2181 5079 2294 5148; x_wconf 48' lang='lat' dir='ltr'><strong>nus.</strong></span> <span class='ocrx_word' id='word_1_839' title='bbox 2309 5097 2469 5147; x_wconf 88' lang='lat' dir='ltr'><strong>etiam</strong></span> <span class='ocrx_word' id='word_1_840' title='bbox 2502 5079 2662 5151; x_wconf 63' lang='grc' dir='ltr'><strong>εἰῇ..</strong></span> <span class='ocrx_word' id='word_1_841' title='bbox 2699 5101 3025 5158; x_wconf 10' lang='lat' dir='ltr'><strong>quanquam?</strong></span> <span class='ocrx_word' id='word_1_842' title='bbox 3059 5086 3326 5158; x_wconf 78' lang='lat' dir='ltr'><strong>interpres</strong></span> <span class='ocrx_word' id='word_1_843' title='bbox 3370 5082 3616 5158; x_wconf 76' lang='lat' dir='ltr'><strong>videatur</strong></span> <span class='ocrx_word' id='word_1_844' title='bbox 3651 5079 3749 5158; x_wconf 45' lang='grc' dir='ltr'><strong>Ἰοῖ</strong></span> 
     </span>
    </p>
   </div>
   <div class='ocr_carea' id='block_1_117' title="bbox 2181 5149 3750 5234">
    <p class='ocr_par' dir='ltr' id='par_1_117' title="bbox 2181 5149 3750 5234">
     <span class='ocr_line' id='line_1_117' title="bbox 2181 5149 3750 5234; baseline -0.011 -17"><span class='ocrx_word' id='word_1_845' title='bbox 2181 5165 2328 5234; x_wconf 85' lang='lat' dir='ltr'><strong>gisse</strong></span> <span class='ocrx_word' id='word_1_846' title='bbox 2354 5163 2445 5216; x_wconf 80' lang='grc' dir='ltr'><strong>καὶ</strong></span> <span class='ocrx_word' id='word_1_847' title='bbox 2472 5162 2595 5213; x_wconf 84' lang='grc' dir='ltr'>κατ’</span> <span class='ocrx_word' id='word_1_848' title='bbox 2622 5149 2920 5234; x_wconf 50' lang='grc' dir='ltr'>εἱκόνα,-ξ[</span> <span class='ocrx_word' id='word_1_849' title='bbox 2960 5149 3376 5234; x_wconf 50' lang='lat' dir='ltr'><strong>adjinaginem,</strong></span> <span class='ocrx_word' id='word_1_850' title='bbox 3414 5151 3522 5205; x_wconf 88' lang='lat' dir='ltr'><strong>nisi</strong></span> <span class='ocrx_word' id='word_1_851' title='bbox 3580 5149 3750 5234; x_wconf 69' lang='lat' dir='ltr'><strong>voluit</strong></span> 
     </span>
    </p>
   </div>
   <div class='ocr_carea' id='block_1_118' title="bbox 2181 5218 3750 5304">
    <p class='ocr_par' dir='ltr' id='par_1_118' title="bbox 2181 5218 3750 5304">
     <span class='ocr_line' id='line_1_118' title="bbox 2181 5218 3750 5304; baseline -0.011 -17"><span class='ocrx_word' id='word_1_852' title='bbox 2181 5218 2447 5304; x_wconf 61' lang='lat' dir='ltr'><strong>glossare,</strong></span> <span class='ocrx_word' id='word_1_853' title='bbox 2480 5237 2574 5304; x_wconf 82' lang='lat' dir='ltr'><strong>aut</strong></span> <span class='ocrx_word' id='word_1_854' title='bbox 2634 5218 2980 5304; x_wconf 41' lang='grc' dir='ltr'><strong>δεινή-γωδ.</strong></span> <span class='ocrx_word' id='word_1_855' title='bbox 3016 5225 3134 5304; x_wconf 58' lang='lat' dir='ltr'><strong>Non</strong></span> <span class='ocrx_word' id='word_1_856' title='bbox 3165 5218 3345 5304; x_wconf 55' lang='lat' dir='ltr'><strong>{ideo</strong></span> <span class='ocrx_word' id='word_1_857' title='bbox 3367 5224 3479 5291; x_wconf 89' lang='lat' dir='ltr'><strong>ipse</strong></span> <span class='ocrx_word' id='word_1_858' title='bbox 3510 5218 3750 5304; x_wconf 67' lang='lat' dir='ltr'><strong>q_uid__ibi</strong></span> 
     </span>
    </p>
   </div>
   <div class='ocr_carea' id='block_1_119' title="bbox 2183 5292 3751 5371">
    <p class='ocr_par' dir='ltr' id='par_1_119' title="bbox 2183 5292 3751 5371">
     <span class='ocr_line' id='line_1_119' title="bbox 2183 5292 3751 5371; baseline -0.013 -11"><span class='ocrx_word' id='word_1_859' title='bbox 2183 5292 2254 5360; x_wconf 69' lang='lat' dir='ltr'><strong>En</strong></span> <span class='ocrx_word' id='word_1_860' title='bbox 2288 5292 2553 5371; x_wconf 80' lang='lat' dir='ltr'><strong>scrupuli,</strong></span> <span class='ocrx_word' id='word_1_861' title='bbox 2584 5317 2687 5371; x_wconf 68' lang='lat' dir='ltr'><strong>nec</strong></span> <span class='ocrx_word' id='word_1_862' title='bbox 2710 5292 3076 5371; x_wconf 15' lang='lat' dir='ltr'><strong>reddiipéssit,</strong></span> <span class='ocrx_word' id='word_1_863' title='bbox 3107 5306 3155 5349; x_wconf 78' lang='lat' dir='ltr'><strong>et</strong></span> <span class='ocrx_word' id='word_1_864' title='bbox 3174 5294 3464 5371; x_wconf 67' lang='lat' dir='ltr'><strong>imaginem</strong></span> <span class='ocrx_word' id='word_1_865' title='bbox 3485 5292 3751 5371; x_wconf 46' lang='lat' dir='ltr'><strong>mterniia:</strong></span> 
     </span>
    </p>
   </div>
   <div class='ocr_carea' id='block_1_120' title="bbox 2184 5360 3751 5443">
    <p class='ocr_par' dir='ltr' id='par_1_120' title="bbox 2184 5360 3751 5443">
     <span class='ocr_line' id='line_1_120' title="bbox 2184 5360 3751 5443; baseline -0.011 -15"><span class='ocrx_word' id='word_1_866' title='bbox 2184 5377 2283 5437; x_wconf 78' lang='lat' dir='ltr'><strong>tis;</strong></span> <span class='ocrx_word' id='word_1_867' title='bbox 2316 5360 2607 5443; x_wconf 32' lang='lat' dir='ltr'><strong>quando—et</strong></span> <span class='ocrx_word' id='word_1_868' title='bbox 2635 5369 2838 5443; x_wconf 85' lang='lat' dir='ltr'><strong>Paulus</strong></span> <span class='ocrx_word' id='word_1_869' title='bbox 2868 5360 3038 5421; x_wconf 56' lang='lat' dir='ltr'><strong>l&#39;Cor.</strong></span> <span class='ocrx_word' id='word_1_870' title='bbox 3065 5360 3146 5443; x_wconf 63' lang='grc' dir='ltr'>ιι,</span> <span class='ocrx_word' id='word_1_871' title='bbox 3174 5360 3444 5443; x_wconf 80' lang='lat' dir='ltr'><strong>hominem</strong></span> <span class='ocrx_word' id='word_1_872' title='bbox 3468 5362 3621 5443; x_wconf 52' lang='lat' dir='ltr'><strong>dicit:</strong></span> <span class='ocrx_word' id='word_1_873' title='bbox 3644 5360 3751 5443; x_wconf 72' lang='lat' dir='ltr'><strong>_Dei</strong></span> 
     </span>
    </p>
   </div>
   <div class='ocr_carea' id='block_1_121' title="bbox 2183 5429 3750 5515">
    <p class='ocr_par' dir='ltr' id='par_1_121' title="bbox 2183 5429 3750 5515">
     <span class='ocr_line' id='line_1_121' title="bbox 2183 5429 3750 5515; baseline -0.011 -17"><span class='ocrx_word' id='word_1_874' title='bbox 2183 5429 2463 5515; x_wconf 75' lang='lat' dir='ltr'><strong>imaginem</strong></span> <span class='ocrx_word' id='word_1_875' title='bbox 2505 5452 2554 5496; x_wconf 86' lang='lat' dir='ltr'><strong>et</strong></span> <span class='ocrx_word' id='word_1_876' title='bbox 2611 5441 3023 5515; x_wconf 64' lang='lat' dir='ltr'><strong>gloriam,_n9n</strong></span> <span class='ocrx_word' id='word_1_877' title='bbox 3056 5436 3123 5489; x_wconf 91' lang='lat' dir='ltr'><strong>ad</strong></span> <span class='ocrx_word' id='word_1_878' title='bbox 3180 5435 3490 5504; x_wconf 79' lang='lat' dir='ltr'><strong>imaginem.</strong></span> <span class='ocrx_word' id='word_1_879' title='bbox 3517 5429 3750 5499; x_wconf 80' lang='lat' dir='ltr'><strong>Quidam</strong></span> 
     </span>
    </p>
   </div>
   <div class='ocr_carea' id='block_1_122' title="bbox 2183 5507 3151 5587">
    <p class='ocr_par' dir='ltr' id='par_1_122' title="bbox 2183 5507 3151 5587">
     <span class='ocr_line' id='line_1_122' title="bbox 2183 5507 3151 5587; baseline -0.011 -16"><span class='ocrx_word' id='word_1_880' title='bbox 2183 5507 2630 5587; x_wconf 48' lang='grc' dir='ltr'>ριόίάϊδιότητοζ</span> <span class='ocrx_word' id='word_1_881' title='bbox 2653 5514 2836 5580; x_wconf 80' lang='lat' dir='ltr'><strong>legunt</strong></span> <span class='ocrx_word' id='word_1_882' title='bbox 2865 5507 3151 5587; x_wconf 59' lang='lat' dir='ltr'><strong>imam-mg.</strong></span> 
     </span>
    </p>
   </div>
   <div class='ocr_carea' id='block_1_123' title="bbox 2277 5579 2993 5654">
    <p class='ocr_par' dir='ltr' id='par_1_123' title="bbox 2277 5579 2993 5654">
     <span class='ocr_line' id='line_1_123' title="bbox 2277 5579 2993 5654; baseline -0.015 -15"><span class='ocrx_word' id='word_1_883' title='bbox 2277 5585 2364 5654; x_wconf 84' lang='lat'><strong>96)</strong></span> <span class='ocrx_word' id='word_1_884' title='bbox 2390 5586 2569 5648; x_wconf 78' lang='grc' dir='ltr'><strong>Τόπῳ.</strong></span> <span class='ocrx_word' id='word_1_885' title='bbox 2597 5579 2784 5654; x_wconf 59' lang='lat' dir='ltr'><strong>Impia,</strong></span> <span class='ocrx_word' id='word_1_886' title='bbox 2818 5579 2993 5654; x_wconf 48' lang='lat' dir='ltr'><strong>«om»,</strong></span> 
     </span>
    </p>
   </div>
   <div class='ocr_carea' id='block_1_124' title="bbox 2275 5644 3471 5721">
    <p class='ocr_par' dir='ltr' id='par_1_124' title="bbox 2275 5644 3471 5721">
     <span class='ocr_line' id='line_1_124' title="bbox 2275 5644 3471 5721; baseline -0.007 -13"><span class='ocrx_word' id='word_1_887' title='bbox 2275 5644 2365 5721; x_wconf 80' lang='lat'><strong>97)</strong></span> <span class='ocrx_word' id='word_1_888' title='bbox 2396 5644 2847 5721; x_wconf 57' lang='grc' dir='ltr'>Διαὲριιτοῦγτα.</span> <span class='ocrx_word' id='word_1_889' title='bbox 2888 5644 3051 5721; x_wconf 64' lang='lat' dir='ltr'><strong>Etliti,</strong></span> <span class='ocrx_word' id='word_1_890' title='bbox 3090 5644 3471 5720; x_wconf 69' lang='grc' dir='ltr'>διακρατούσῃ.</span> 
     </span>
    </p>
   </div>
   <div class='ocr_carea' id='block_1_125' title="bbox 2276 5718 3103 5796">
    <p class='ocr_par' dir='ltr' id='par_1_125' title="bbox 2276 5718 3103 5796">
     <span class='ocr_line' id='line_1_125' title="bbox 2276 5718 3103 5796; baseline -0.011 -15"><span class='ocrx_word' id='word_1_891' title='bbox 2276 5719 2367 5796; x_wconf 85' lang='lat'><strong>98)</strong></span> <span class='ocrx_word' id='word_1_892' title='bbox 2392 5718 2740 5778; x_wconf 58' lang='grc' dir='ltr'>Διάπζιασιν.</span> <span class='ocrx_word' id='word_1_893' title='bbox 2766 5721 2853 5776; x_wconf 82' lang='lat' dir='ltr'><strong>Al.</strong></span> <span class='ocrx_word' id='word_1_894' title='bbox 2888 5718 3103 5772; x_wconf 74' lang='grc' dir='ltr'>πλάσιν.</span> 
     </span>
    </p>
   </div>
  </div>
