4150 6492
445 405 546 463 281

1511 406 1604 464 EX
1642 406 1845 465 LIBRO
1883 409 1972 463 DE
2008 408 2635 470 RESURRECTIONE.‘

3583 424 3689 479 28?.

514 524 614 578 IB’.
640 522 731 576 Διδ
751 521 1041 595 ἐπίστησον
1072 520 1202 593 (99),
1234 521 1310 585 ὡς
1326 523 1354 575 6
1380 521 1583 595 Κύριος
1599 504 1681 578 ra.
1697 524 1833 579 αὐτὰ
1847 524 2000 580 ταῦτα

2205 524 2322 582 ΧΠ.
2354 525 2431 580 Ac
2460 527 2603 589 vide,
2654 541 2860 597 quaeso,
2910 531 3367 599 quemadmodum
3404 534 3691 604 Dominus,

442 616 708 670 διδάσκειν
734 613 921 679 θέλων,
942 613 1015 685 μὴ
1044 613 1403 666 πιστευόντων
1421 614 1789 671 Σαδδουκαίων
1819 618 1900 681 είς
1922 616 2020 688 τήν

445 706 735 759 ἀνάστασιν
782 702 882 773 τῆς
935 703 1158 773 σαρκός.
1204 702 1390 773 Δόγμα
1437 704 1546 777 γὰρ
1590 705 1748 760 τοῦτο
1792 708 2022 761 Σαδδου-

443 795 804 853 καίων.Ὀθεν
838 796 1303 866 συσκευασάμενοι
1343 797 1444 868 τὴν
1492 797 1633 852 κατά
1663 799 1760 871 τὴν
1785 803 2019 869 γυναῖκα

443 891 537 946 καὶ
581 891 706 954 τοὺς
752 888 892 944 ἑπτὰ
939 887 1200 957 ἀδελφοὺς
1246 888 1580 962 παραϐολὴν,
1620 891 1708 946 ἴνα
1753 891 1843 946 τὸν
1890 893 2018 964 περὶ

441 983 788 1045 ἀναστάσεως
810 982 912 1052 τῆς
942 981 1143 1053 σαρκὸς
1166 981 1324 1052 λόγον
1353 984 1692 1055 ἀπορήσωσι,
1741 984 2020 1056 Προσῆλ-

443 1079 549 1131 θον
598 1070 756 1140 αὺτῷ
782 1115 797 1140 ,
851 1074 984 1145 φησὶ
1008 1113 1024 1138 ,
1076 1073 1175 1129 καὶ
1230 1074 1618 1131 Σαδδουκαῖοι
1647 1116 1663 1141 ,
1711 1076 2013 1147 λέγοντες,

440 1164 780 1220 ἀνάστασιν
816 1163 903 1234 μὴ
951 1161 1126 1220 εἶναι.
1170 1166 1230 1220 '0
1278 1162 1372 1220 οὖν
1414 1167 1667 1238 Χριστὸς,
1719 1169 1767 1222 εἰ
1820 1170 1893 1242 μή
1946 1166 2016 1241 ἦν

441 1258 735 1322 ἀνάστασις
786 1258 1005 1331 σαρκὸς,
1036 1258 1172 1312 ἀλλά
1207 1258 1365 1330 μόνον
1391 1258 1623 1324 ἐσώζετο
1664 1259 1831 1333 ψυχὴ,
1894 1278 2016 1315 συν-

438 1349 591 1405 έθετο
633 1348 699 1403 ἂν
751 1349 955 1413 αὐτοῖς,
990 1349 1067 1413 ὡς
1116 1349 1298 1414 καλῶς
1346 1352 1440 1405 καὶ⁷
1500 1352 1675 1424 ὀρθῶς
1733 1353 2010 1426 φρονοῦσι.

439 1444 575 1498 Νυνὶ
630 1443 688 1496 δὲ
728 1442 1121 1513 ἀποκρίνεται,
1157 1441 1360 1511 λέγων·
1406 1442 1506 1498 Ἕν
1554 1444 1628 1514 τῇ
1685 1445 2013 1500 ἀναστάσει

438 1537 577 1593 οὔτε
620 1535 965 1606 γαμοῦσιν,
1028 1535 1168 1590 οὔτε
1232 1535 1623 1605 γαμίσκονται
1648 1580 1661 1606 ,
1726 1538 1864 1593 ἀλλ’
1931 1538 2013 1603 ὡς

434 1626 675 1697 ἄγγελοι
733 1626 803 1681 ἐν
863 1624 1098 1694 οὐρανῷ
1163 1626 1356 1678 εἰσινο
1403 1626 1463 1678 οὐ
1538 1626 1616 1697 τῷ
1679 1628 1858 1698 σάρκα
1929 1625 2006 1699 μὴ

434 1718 612 1790 ἔχειν,
667 1718 803 1773 ἀλλά
843 1718 921 1791 τῷ
968 1718 1042 1789 μὴ
1094 1721 1291 1789 γαμεῖν
1333 1720 1429 1773 καὶ¹
1490 1718 1822 1790 γαμεῖσθαι,
1875 1718 2013 1773 ἀλλά

2122 615 2311 671 eadem
2358 617 2448 672 illa
2502 617 2717 673 tradere
2760 616 3076 677 Sadduczeis
3115 624 3572 681 resurrectionem
3595 643 3693 684 nec

2119 710 2397 777 gantibus,
2451 710 2703 766 voluerit.
2771 710 2865 766 Est
2913 713 3057 767 enim
3129 715 3232 769 hoc
3264 716 3691 775 Sadducazorum

2118 802 2332 873 dogma.
2366 800 2517 858 Unde
2548 803 2847 873 composita
2866 803 2978 866 illa,
3029 804 3097 860 de
3149 808 3377 863 muliere
3403 810 3577 881 deque
3606 826 3696 867 se-

2117 901 2261 963 ptem
2296 892 2577 956 fratribus,
2603 894 2887 962 parabola.
2920 908 3084 963 quam
3133 896 3395 952 adversus
3447 915 3694 956 resurre-

2115 984 2316 1039 ctionis
2336 998 2626 1054 corporum
2671 985 2867 1056 dogma
2901 995 3267 1057 proponerent
3300 1005 3313 1040 :
3346 989 3693 1047 Accesserant

2116 1074 2186 1130 ad
2217 1078 2549 1147 eum,inquit
2574 1078 2641 1145 ”‘,
2670 1076 2974 1142 Sadduccei,
3002 1077 3230 1134 dicentes
3259 1085 3692 1138 resurrectionem

2116 1176 2220 1215 non
2247 1179 2380 1218 esse.
2430 1162 2668 1220 Proinde
2720 1163 2995 1227 Christus,
3050 1167 3096 1222 si
3145 1168 3294 1222 nulla
3342 1171 3693 1231 carnisesset

2115 1256 2463 1316 resurrectio.
2518 1254 2610 1311 sed
2662 1256 2844 1310 anima
2900 1257 3166 1312 duntaxat
3212 1259 3446 1315 salutem
3503 1277 3694 1318 conse-

2113 1355 2391 1414 queretur,
2428 1346 2537 1402 illis
2569 1348 2756 1418 utique
2785 1356 2973 1419 utpote
3005 1358 3155 1405 recte
3178 1365 3243 1405 ac
3269 1354 3532 1420 praeclare
3559 1370 3690 1410 sen-

2115 1438 2398 1500 tientibus,
2463 1455 2617 1494 suam
2683 1440 3062 1496 auctoritatem
3125 1443 3466 1514 adjungeret.
3523 1446 3690 1517 Atqui

2113 1527 2221 1580 alia
2250 1528 2436 1582 omnia
2469 1531 2810 1599 respondens
2862 1532 3002 1585 ait"
3030 1550 3042 1585 :
3081 1529 3150 1585 In
3196 1536 3574 1591 resurrectione
3606 1554 3693 1592 ne-

2109 1634 2208 1689 que
2237 1617 2433 1673 ducunt
2461 1637 2673 1689 uxores,
2731 1640 2892 1693 neque
2925 1624 3148 1692 nubunt,
3203 1624 3293 1679 sed
3326 1637 3382 1680 ut
3421 1630 3592 1699 angeli
3634 1632 3690 1684 in

2111 1710 2238 1764 caelo
2288 1719 2410 1765 sunt
2444 1727 2463 1764 :
2495 1726 2604 1765 non
2644 1712 2792 1782 quod
2838 1728 3059 1770 carnem
3120 1730 3231 1770 non
3282 1715 3547 1784 habeant,
3590 1721 3688 1776 sed

435 1807 572 1865 εἶναι
618 1810 802 1866 λοιπὸν
854 1811 913 1864 ὲν
969 1810 1264 1885 ἀφθαρσίᾳ.
1318 1811 1428 1866 Καί
1497 1828 1694 1883 φησιν,
1756 1810 2000 1881 ἀγγέλοις

2111 1803 2255 1873 quod
2287 1811 2507 1858 mutuas
2527 1805 2749 1872 nuptias
2778 1806 2957 1861 nullas
3003 1808 3355 1874 contrahant,
3404 1811 3499 1866 sed
3538 1811 3690 1867 dein-

433 1901 576 1955 γατά
635 1899 793 1953 τοῦτο
855 1898 1287 1971 πλησιάζοντας,
1350 1901 1436 1956 ἵνα
1497 1899 1688 1973 ὥσπερ
1734 1901 1783 1953 οἱ
1841 1901 2000 1969 ἄγγε-

2115 1911 2244 1966 ceps
2266 1896 2377 1950 sint
2404 1897 2778 1967 corruptionis
2802 1906 3076 1969 expertes.
3118 1898 3280 1956 Addit
3307 1917 3458 1968 vero,
3488 1918 3552 1958 ea
3585 1919 3688 1960 nos

430 1991 511 2050 λοι
560 1993 619 2045 ὲν
660 1989 739 2063 τῷ
780 1989 839 2044 οὐ
849 1990 1012 2063 ρανῷ,
1044 1990 1187 2046 οὕτω
1235 1991 1330 2045 καὶ
1371 1994 1536 2064 ἡμεῖς
1578 1992 1638 2046 ὲν
1689 1990 1769 2063 τῷ
1818 2008 2004 2064 παρα-

426 2084 608 2156 δείσῳ,
640 2085 779 2155 μήτε
824 2082 1024 2155 γάμοις
1069 2083 1103 2156 ἢ
1155 2083 1458 2149 εἰλαπίναις
1503 2082 1584 2138 ἔτι
1632 2083 2000 2156 σχολάζοντες,

426 2176 562 2230 ἀλλά
609 2176 706 2230 τοῦ
753 2176 972 2247 βλέπειν
1020 2175 1094 2249 (Ι)
1140 2178 1232 2233 τὸν
1261 2177 1413 2241 Θεὸν,
1444 2177 1539 2231 καὶ
1585 2180 1850 2250 γεωργεῖν
1902 2176 2000 2249 τήν

424 2268 588 2344 ζωήν,
620 2270 1046 2344 πρυτανεύοντος
1086 2273 1217 2344 ήμῖν
1260 2268 1356 2323 τοῦ
1388 2267 1645 2342 Χριστοῦ.
1681 2270 1755 2323 Οὐ
1787 2268 1896 2341 γάρ
1921 2265 2000 2323 εί-

422 2378 544 2426 πεν,
568 2362 809 2416 ἔσονται
848 2361 1108 2431 ἄγγελοι,
1135 2361 1250 2416 ἀλλ’
1272 2361 1354 2427 ὡς
1392 2358 1631 2430 ἄγγελοι
1650 2399 1665 2424 ,
1699 2356 1811 2413 οἷον
1848 2358 1997 2429 δόξῃ

415 2455 532 2525 μὲν
571 2454 665 2507 καὶ
698 2451 855 2522 τιμῇ,
896 2451 1038 2506 κατά
1063 2452 1124 2505 τὸ
1152 2451 1559 2523 γεγραμμένον,
1580 2451 1995 2519 ἐστεφανωμέ-

419 2563 533 2609 νοι,
546 2546 748 2614 ,βραχὺ
764 2543 831 2597 δέ
852 2561 907 2597 τι
923 2543 1080 2612 παρὰ
1102 2543 1242 2610 τοὺς
1269 2542 1564 2613 ἀγγέλους
1582 2541 1994 2597 διαλλάσσον-

420 2656 536 2705 τες,
572 2638 665 2691 καὶ
689 2637 855 2705 ἐγγὺς
875 2635 1026 2699 ὄντες
1060 2635 1153 2688 τοῦ
1183 2631 1322 2688 εἶναι
1363 2633 1599 2704 ἄγγελοι.
1645 2633 1913 2707 Καθάπερ
1943 2636 1992 2688 εί

419 2731 622 2800 ἔλεγεν,
656 2729 820 2800 οὔσης
853 2728 1108 2795 εὐταξίας
1138 2726 1280 2781 κατὰ
1308 2729 1399 2780 τὸν
1433 2725 1594 2798 ἀέρα,
1627 2728 1721 2781 καὶ
1754 2727 1993 2798 γαλήνης

417 2823 630 2887 νυκτὸς,
652 2823 747 2877 καὶ
772 2820 986 2875 πάντων
1006 2820 1085 2892 τῷ
1113 2822 1211 2893 τῆς
1232 2821 1463 2891 σελήνης
1488 2818 1715 2890 αἰθερίῳ
1739 2818 1878 2888 φωτὶ
1902 2836 1994 2872 κε·-

416 2932 593 2987 κοσμη
603 2914 848 2985 μένων,ή
874 2913 1066 2985 σελήνη
1090 2914 1267 2982 φαίνει
1288 2913 1364 2976 ὡς
1387 2914 1417 2965 6
1439 2912 1611 2982 ἥλιος.
1631 2912 1740 2966 Καὶ
1767 2911 1829 2964 οὐ
1851 2912 1991 2966 πάν·-

413 3022 521 3067 τως
546 3004 612 3058 ἂν
647 3003 798 3074 ἥλιον
828 2998 965 3056 εἶναι
993 3003 1092 3074 τὴν
1121 3002 1349 3074 σελήνην
1385 3002 1792 3074 ἀπομαρτυρεῖν
1825 3002 1989 3057 αὑτὸν

412 3093 642 3165 λέγομεν
674 3094 738 3163 (Ῑ.
772 3092 1070 3164 λέγοιμεν),
1099 3092 1214 3147 ἀλλ’
1251 3092 1327 3156 ὡς
1355 3092 1524 3163 ἥλιον.
1552 3094 1761 3165 Ὠσπερ
1792 3095 1884 3148 καὶ
1928 3094 1990 3147 τὸ

416 3185 491 3257 μὴ
519 3185 761 3259 ὑπάρχον
792 3186 1011 3258 χρυσὸς,
1043 3187 1209 3255 ἐγγὺς
1229 3185 1287 3239 δὲ
1314 3184 1409 3239 τοῦ
1438 3182 1578 3239 εἶναι
1602 3185 1800 3257 χρυσὸς
1823 3203 1991 3256 πεφυ.

2110 1994 2265 2059 parte
2320 1988 2530 2059 angelis
2576 1989 2895 2059 proximos;
2932 1998 2991 2045 ut
3026 1992 3482 2062 quemadmodum
3509 1995 3687 2067 angeli

2109 2079 2165 2135 in
2187 2080 2350 2143 cudo,
2378 2079 2460 2135 sic
2490 2095 2594 2135 nos
2626 2079 2680 2134 in
2705 2081 2964 2150 paradiso
2984 2097 3164 2153 neque
3193 2084 3401 2154 nuptiis
3449 2087 3688 2156 amplius

2107 2186 2285 2241 neque
2306 2171 2574 2227 conviviis
2607 2170 3008 2244 indulgeamus,
3040 2175 3136 2230 sed
3166 2176 3223 2231 in
3263 2167 3717 2248 contemplanda

2106 2259 2219 2318 Deo
2240 2264 2650 2335 excolendaque
2696 2265 2806 2320 vita
2850 2265 3025 2323 simus
3071 2267 3346 2337 occupati,
3369 2268 3602 2338 praeside
3621 2285 3687 2326 ac

2105 2355 2449 2412 moderatore
2499 2357 2739 2414 Christo.
2771 2356 2906 2412 Nam
2962 2373 3070 2413 non
3114 2358 3273 2421 dixit.
3308 2370 3461 2415 erunt
3490 2363 3683 2431 angeli,

2104 2446 2222 2511 sed,
2258 2448 2395 2501 sicut
2427 2449 2620 2518 angeli.
2682 2449 2830 2504 velut
2883 2449 3141 2503 nimirum
3174 2450 3346 2521 gloria
3388 2462 3437 2506 et
3491 2453 3686 2508 honore

2103 2537 2362 2598 coronati,
2396 2544 2454 2590 ut
2478 2537 2739 2606 scriptum
2771 2543 2876 2605 εει,
2921 2537 3200 2606 paululum
3258 2554 3377 2593 vero
3429 2540 3492 2594 ab
3518 2558 3681 2612 ange-

2104 2628 2172 2682 lis
2221 2628 2523 2697 diﬂ‘erentes
2553 2630 2620 2692 “,
2676 2635 2839 2699 atque
2892 2628 3110 2684 illorum
3165 2640 3376 2685 naturae
3422 2634 3678 2703 proximi.

2100 2719 2271 2786 Quasi
2292 2722 2369 2776 ita
2403 2722 2643 2777 diceret:
2687 2723 2985 2792 tranquillo
3024 2738 3119 2792 per
3151 2732 3366 2779 noctem
3393 2740 3457 2779 ac
3487 2742 3683 2782 sereno

2098 2827 2245 2878 aere,
2268 2829 2394 2868 cum
2449 2814 2661 2869 caelesti
2692 2814 2813 2869 luce
2860 2814 3002 2868 lunae
3024 2815 3206 2869 omnia
3246 2818 3678 2884 collustrantur,

2099 2904 2226 2960 luna
2256 2905 2395 2960 sicut
2424 2906 2505 2960 sol
2528 2905 2797 2976 splendet.
2830 2905 2967 2960 Tum
3004 2907 3172 2971 enim,
3201 2923 3310 2963 non
3340 2910 3565 2965 omnino
3591 2927 3685 2968 so-

2098 3000 2205 3054 lem
2227 3014 2351 3055 esse
2399 3000 2583 3054 lunam
2637 3016 2703 3055 ex
2747 3000 2896 3056 illius
2924 3001 3240 3057 testimonio
3275 3002 3680 3074 colligeremus,

2097 3092 2194 3149 sed
2244 3092 2312 3147 ad
2371 3093 2543 3148 solem
2588 3093 2869 3148 accedere.
2916 3092 3073 3149 Sicut
3101 3095 3266 3151 etiam
3297 3096 3443 3166 quod
3485 3112 3683 3153 aurum

2096 3198 2208 3239 non
2236 3192 2340 3248 est,
2370 3198 2504 3238 auro
2542 3194 2725 3239 tamen
2777 3194 2978 3241 natura
3023 3201 3123 3243 sua
3157 3188 3519 3259 prepinquius
3559 3199 3680 3258 est,

412 3253 525 3343 κδς,
559 3253 649 3342 ὡς-
889 3253 1130 3348 λέγεται,
1151 3278 1247 3332 καὶ
1273 3279 1332 3332 οὐ
1356 3277 1556 3351 χρυσός
1694 3275 1841 3350 δὲῆν
1861 3253 1994 3351 χρυ-

2102 3274 2250 3327 velut
2284 3288 2478 3328 aurum
2511 3272 2736 3338 dicitur,
2758 3290 2868 3329 non
2893 3291 3088 3331 aurum
3113 3296 3127 3332 :
3152 3294 3276 3332 nam
3313 3280 3360 3335 si
3389 3289 3537 3336 esset
3582 3295 3683 3336 au-

413 3371 524 3435 σδς,
556 3371 656 3424 οὐκ
706 3369 921 3440 ἐλέγετο
969 3369 1035 3425 ἀν
1072 3369 1147 3434 ὡς
1181 3369 1401 3441 χρυσὸς,
1431 3369 1568 3423 ἀλλά
1596 3370 1993 3442 χρυσός.Ἐπεὶ

409 3462 467 3517 δὲ
491 3464 566 3534 μὴ
588 3462 702 3517 ἐστι
717 3464 937 3535 χρυσὸς,
962 3462 1098 3517 ἀλλὰ
1127 3463 1222 3517 τοῦ
1258 3460 1397 3517 εἶναι
1415 3463 1488 3534 ('2)
1503 3464 1721 3536 χρυσὸς,
1744 3465 1838 3518 καὶ
1856 3482 1992 3535 φαν-

408 3552 668 3619 τάζεσθαι
691 3555 783 3609 τὸν
808 3550 1028 3627 χρυσὸν,
1049 3555 1126 3618 ὡς
1144 3553 1345 3626 χρυσὸς
1373 3554 1587 3623 λέγεται
1603 3573 1616 3584 ·
1640 3554 1782 3608 οὕτω
1803 3557 1895 3609 καὶ
1917 3555 1994 3620 ὡς

409 3647 674 3717 ἀγγέλους
708 3647 927 3701 ἔσεσθαι
954 3645 1204 3717 λέγοντος
1230 3648 1357 3711 τοὺς
1385 3646 1570 3716 ἁγίους
1591 3650 1650 3700 ὲν
1669 3650 1735 3718 τῇ
1756 3647 1994 3701 ἀναστά-

410 3758 511 3804 σει,
546 3741 645 3794 οὺκ
691 3740 822 3794 αὐτὸ
851 3739 1011 3794 τοῦτο
1050 3739 1316 3809 ἀγγέλους
1354 3738 1519 3794 αὑτὸν
1561 3738 1992 3809 ἐπαγγέλλεσθαι

406 3828 677 3901 ἀκούομεν
697 3830 824 3893 τοὺς
842 3828 1032 3899 ἁγίους
1065 3832 1122 3884 ὲν
1149 3832 1216 3902 τῇ
1246 3830 1538 3884 ἀναστάσει
1565 3829 1811 3895 ἔσεσθαι,
1855 3830 1992 3885 ἀλλὰ

405 3923 572 3990 ἐγγὺς
596 3919 689 3974 τοῦ
729 3917 868 3975 εἶναι
896 3922 1183 3992 ἀγγέλους.
1217 3924 1376 3976 Ὥστε
1408 3920 1747 3991 ἀλογώτατον
1779 3923 1987 3992 λέγειν’

419 4012 635 4086 Ἐπειδὴ
656 4016 685 4068 6
702 4014 936 4086 Χριστὸς
976 4014 1292 4086 ἀπεφήνατο
1310 4017 1438 4080 τοὺς
1455 4015 1642 4085 ἁγίους
1662 4015 1889 4087 ὀφθῆναι
1917 4015 1993 4080 ὡς

406 4105 672 4175 ἀγγέλους
695 4108 754 4160 ὲν
780 4108 846 4178 τῇ
879 4105 1192 4170 ἀναστάσει,
1215 4106 1286 4160 τὰ
1310 4107 1540 4179 σώματα
1565 4107 1655 4161 διὰ
1677 4107 1838 4162 τοῦτο
1862 4106 1992 4162 ταῦ-

405 4216 475 4254 τα
504 4198 577 4271 μὴ
605 4200 946 4256 ἀνίστασθαι·
995 4201 1170 4255 καίτοι
1200 4201 1301 4271 τῆς
1330 4200 1526 4265 λέξεως
1556 4202 1726 4273 αὐτὴν
1756 4202 1856 4273 τὴν
1881 4218 1993 4255 πα-

408 4290 645 4363 ράδειξιν
668 4289 936 4364 δηλούσης
966 4291 1153 4362 σαφῶς
1176 4292 1273 4346 τοῦ
1299 4294 1709 4365 συμϐαίνοντος.
1728 4295 1989 4348 Ἀνάστα-

407 4402 493 4448 σις
523 4384 632 4458 γὰρ
662 4384 763 4440 οὐκ
792 4386 883 4439 ἐπὶ
902 4383 998 4439 τοῦ
1028 4386 1101 4457 μὴ
1136 4385 1508 4451 πεπτωκότος,
1533 4386 1649 4439 ἀλλ’
1672 4387 1765 4441 ἐπὶ
1787 4387 1881 4442 τοῦ
1903 4404 1994 4441 πε-

405 4477 681 4540 πτωκότος
726 4477 964 4545 λέγεται,
1016 4477 1108 4531 και⁵
1150 4476 1753 4551 ἀνισταμένουιοῶσπερ
1789 4479 1991 4534 ὑπάταν

2094 3379 2240 3428 rum,
2276 3379 2384 3420 non
2437 3373 2702 3436 tanquam
2742 3380 2961 3430 aurum,
2995 3368 3094 3422 sed
3144 3383 3341 3424 aurum
3376 3370 3485 3425 dici
3513 3387 3681 3443 opor-

2095 3463 2251 3511 teret.
2287 3456 2427 3522 Quia
2460 3471 2592 3511 vero
2624 3472 2820 3511 aurum
2873 3473 2981 3512 non
3006 3465 3132 3524 est,
3164 3458 3273 3514 sed
3306 3475 3445 3515 auro
3492 3462 3679 3531 proxi-

2094 3563 2268 3616 mum,
2296 3557 2350 3605 et
2377 3556 2437 3604 ut
2460 3550 2759 3604 mentiatur
2789 3550 3029 3620 speciem
3086 3552 3228 3613 auri,
3278 3552 3426 3607 sicut
3485 3569 3680 3610 aurum

2094 3644 2296 3700 dicitur
2327 3645 2555 3701 :eodem
2586 3646 2746 3716 plane
2771 3645 2954 3713 modo,
2983 3645 3131 3717 quod
3162 3646 3219 3701 in
3249 3650 3679 3715 resurrectione,

2095 3735 2213 3792 fore
2241 3744 2463 3793 sanctos
2521 3738 2667 3793 sicut
2714 3737 2938 3808 angelos
2986 3739 3381 3808 pronuntiavit,
3428 3757 3536 3796 non
3599 3743 3682 3798 sie

2095 3827 2470 3899 accipiendum
2503 3836 2609 3894 est,
2653 3838 2826 3885 uteos
2874 3830 3098 3900 angelos
3142 3829 3259 3886 fore
3300 3833 3548 3897 voluerit.
3583 3834 3681 3891 sed

2094 3936 2284 3975 eorum
2315 3928 2528 3976 tantum
2578 3921 2882 3977 conditioni
2914 3922 3276 3993 propinquos.
3312 3922 3678 3990 Quamobrem

2093 4015 2485 4071 stultissimum
2509 4023 2592 4070 est
2640 4014 2720 4069 ita
2773 4016 3029 4087 colligere
3060 4034 3073 4068 :
3104 4018 3374 4084 Quoniam
3424 4017 3680 4077 Christus

2095 4114 2318 4164 sanctos
2339 4109 2393 4163 in
2430 4109 2837 4165 resurrectione
2867 4117 3125 4181 tanquam
3157 4113 3380 4183 angelos
3411 4111 3588 4169 visum
3610 4113 3680 4168 iri

2093 4200 2486 4271 pronuntiavit,
2522 4199 2731 4256 idcirco
2761 4200 2880 4257 fore
2920 4211 2981 4256 ut
2999 4218 3231 4274 corpora
3272 4202 3387 4259 haec
3446 4220 3558 4259 non
3587 4218 3681 4261 rc-

2093 4292 2458 4357 surrexerint,
2510 4292 2813 4363 praesertim
2843 4309 2971 4349 cum
3019 4309 3125 4348 vox
3156 4294 3296 4364 ipsa,
3327 4295 3477 4350 velut
3502 4295 3673 4350 colla-

2096 4383 2243 4440 tione
2275 4383 2378 4456 (6),
2410 4383 2532 4454 ejus
2582 4384 2729 4455 quod
2758 4387 3048 4457 contingit,
3084 4386 3354 4454 rationem
3389 4387 3676 4457 perspicue

2095 4476 2367 4533 ostendat.
2400 4475 2537 4531 Nam
2566 4479 2898 4536 resurrectio
2945 4495 3056 4536 non
3095 4479 3164 4534 de
3188 4494 3255 4533 eo
3289 4478 3493 4534 dicitur
3530 4478 3677 4551 quod

407 4567 552 4638 λέγει
584 4571 681 4623 καὶ
710 4572 739 4623 6
777 4571 1063 4643 προφήτης
1080 4588 1095 4602 '
1133 4571 1242 4626 Kal
1270 4570 1597 4639 ἀναστήσω
1617 4570 1733 4641 τὴν
1749 4572 1994 4643 σκηνὴν

2102 4584 2375 4641 nunquam
2404 4571 2601 4627 cecidit
2625 4588 2642 4639 ;
2664 4571 2757 4627 sed
2775 4571 2843 4628 de
2872 4586 2940 4627 eo
2965 4571 3110 4642 quod
3140 4571 3359 4634 cecidit,
3388 4580 3444 4628 et
3478 4572 3676 4627 iterum

409 4659 589 4714 Δαϐὶδ
624 4660 740 4730 τὴν
782 4662 1399 4717 πεπτωκυῖαν.Ἔπεσε
1431 4662 1488 4717 δὲ
1521 4662 1799 4718 ὀκλάσασα
1827 4667 1860 4737 ή
1894 4683 1986 4719 πο-

2101 4663 2362 4734 assurgit.
2409 4660 2574 4720 Velut
2608 4680 2733 4720 cum
2792 4664 3060 4735 propheta
3094 4662 3229 4719 d-icit
3261 4683 3274 4720 :
3312 4663 3377 4719 Et
3409 4664 3676 4720 suscitabo

405 4750 541 4824 θητὴ
574 4752 745 4824 σκηνή
778 4753 876 4824 τῆς
903 4754 1081 4825 ψυχῆς
1108 4757 1195 4821 εὶς
1223 4754 1340 4825 γῆν
1371 4752 1658 4825 χώματος.
1682 4756 1756 4809 Οὐ
1788 4755 1897 4828 γάρ
1923 4756 1986 4810 τὺ

2102 4753 2494 4809 tabernaculum
2539 4755 2706 4810 David
2726 4754 2865 4828 quod
2887 4753 3149 4810 ceciderat
3181 4755 3247 4810 ’⁷.
3280 4754 3489 4825 Cecidit
3514 4770 3677 4826 porro

409 4846 481 4917 μὴ
512 4844 763 4916 θνῆσκον,
802 4842 937 4900 ἀλλά
962 4846 1021 4900 τὸ
1050 4846 1285 4918 θνῆσκον
1314 4847 1572 4902 κλίνεται.
1601 4847 1836 4918 Θνήσκει
1863 4848 1921 4902 δὲ
1950 4851 1983 4921 ή

2102 4848 2462 4903 desideratum
2515 4848 2648 4903 illud
2685 4849 3094 4904 tabernaculum
3127 4849 3429 4920 collapsum
3478 4850 3532 4901 in
3571 4856 3676 4901 ter-

407 4935 569 5008 σάρξ·
604 4935 750 5010 ψυχὴ
789 4936 847 4989 δὲ
883 4937 958 5009 (5)
990 4937 1278 5003 ἀθάνατος.
1309 4940 1421 4993 Καὶ⁹
1451 4940 1649 5004 τοίνυν,
1682 4942 1731 4994 εἰ
1769 4942 1802 5012 ή
1835 4939 1983 5014 ψυχὴ

2102 4957 2210 4994 ram
2242 4943 2445 5011 aggeris
2476 4943 2543 4996 ³⁸.
2586 4941 2707 4997 Νοιι
2750 4943 2895 4996 enim
2926 4941 3073 5012 quod
3122 4958 3235 4997 non
3294 4943 3545 5003 moritur,
3577 4939 3675 4994 sed

402 5026 687 5094 ἀθάνατος,
725 5027 885 5101 σῶμα
919 5028 977 5082 δὲ
1013 5029 1042 5082 6
1079 5029 1293 5103 νεκρὸς,
1323 5032 1375 5084 οἱ
1401 5030 1653 5100 λέγοντες
1687 5033 1983 5089 ἀνάστασιν

2102 5032 2241 5104 quod
2262 5035 2515 5101 moritur,
2545 5034 2813 5090 inclinare
2837 5035 3058 5091 dicitur.
3105 5032 3175 5088 At
3228 5033 3461 5089 moritur
3487 5043 3619 5085 caro
3655 5046 3671 5082 :

407 5117 505 5189 μὲν
533 5115 693 5188 εἶναι,
724 5121 927 5194 σαρκὸς
952 5121 1008 5175 δὲ
1044 5121 1118 5195 μὴ
1142 5119 1302 5189 εἶναι,
1337 5124 1624 5197 ἀρνοῦνται
1655 5126 1982 5183 ἀνάστασιν·

2102 5127 2279 5181 anima
2310 5128 2512 5197 quippe
2535 5127 2879 5183 immortalis.
2909 5126 3254 5197 Quapropter
3276 5126 3322 5181 si
3346 5122 3674 5180 immortalis

402 5209 484 5263 ὅτι
516 5210 590 5284 μὴ
623 5213 684 5267 τὸ
710 5213 898 5281 ἑστὸς,
936 5212 1073 5269 ἀλλὰ
1112 5212 1173 5267 τὸ
1218 5217 1507 5281 πεπτωκὸς
1530 5224 1625 5277 καὶ
1644 5222 1822 5276 κλιθὲν
1840 5220 1987 5275 διανο

2102 5223 2189 5274 est
2215 5217 2420 5282 anima,
2450 5232 2650 5289 corpus
2678 5235 2808 5275 vero
2832 5218 3066 5273 cadaver
3099 5223 3183 5271 est
3208 5232 3223 5283 ;
3246 5214 3341 5286 qui
3374 5213 3449 5268 ita
3486 5226 3674 5267 resur-

465 5394 515 5431 “
547 5395 744 5454 Matth.
767 5413 908 5466 xm,
937 5398 1030 5456 23.
1096 5398 1143 5431 "
1174 5396 1319 5453 Ibid.
1388 5399 1434 5434 “
1464 5400 1617 5457 Psal.
1653 5418 1776 5468 Vttt,
1812 5398 1867 5456 6.
1938 5399 1982 5433 ³⁷
2014 5399 2178 5456 Amos
2213 5416 2292 5468 ix,
2325 5401 2412 5457 11.
2479 5401 2526 5432 ’³
2564 5399 2706 5455 Dan.
2742 5414 2842 5461 xu,
2868 5396 2925 5452 2.

474 5572 711 5656 (θῶ-Διὸ
730 5578 939 5656 fulgit.
963 5579 1040 5635 Ex
1066 5578 1262 5656 Epiph.
1300 5585 1459 5646 Incr.,
1486 5596 1541 5636 ιι.
1574 5580 1662 5636 35.

476 5595 586 5644 ινδ)
614 5595 711 5656 σεο
743 5595 939 5633 επιστ.
968 5595 1040 5635 ιιι
1068 5595 1226 5704 npipr

476 5649 553 5713 (ii
583 5649 817 5737 ξὀυβλ.
852 5649 1016 5731 Forte
1035 5650 1174 5774 τῷΙΡ
1213 5694 1226 5707 .

477 5716 555 5774 l2)
611 5718 782 5773 Αλλὰ
823 5738 931 5774 του
963 5717 1073 5774 εῖν.
1159 5739 1223 5774 os

477 5716 555 5783 (2)
597 5716 782 5773 Ἀλλὰ
823 5719 931 5774 τοῦ
963 5717 1073 5776 εῖν.

408 5788 550 5862 etiitn
571 5786 799 5862 legimus
817 5792 984 5862 paulo
1015 5800 1157 5862 post.

491 5859 565 5928 ιδ)
608 5857 779 5927 Ψυχὴ
803 5857 888 5916 δέ.
918 5857 1082 5927 Ειίὶὶί,
1117 5861 1265 5935 ψυχὴ
1290 5863 1417 5936 γάρ.

1159 5734 1246 5778 ost
1272 5720 1410 5778 ἀλλά
1456 5722 1609 5779 deest
1645 5720 1832 5791 ἐγγύς.
1885 5720 1978 5779 Sic

2161 5580 2236 5650 (4)
2275 5577 2428 5635 Velut
2459 5576 2760 5640 collatione,
2781 5585 2888 5650 etc.
2916 5574 3081 5650 Edi‘ti,
3119 5574 3336 5647 πρᾶξιν.
3372 5576 3442 5650 At
3481 5576 3671 5650 παρά-

2085 5646 2270 5719 δειξιν,
2303 5666 2404 5704 vox
2436 5651 2741 5720 aptissima.
2780 5646 2972 5720 Posset
3003 5646 3149 5720 forte
3163 5646 3272 5702 uno
3295 5647 3478 5720 rerbo
3491 5646 3670 5720 reddi,

2085 5716 2512 5777 contentionem}
2564 5719 2839 5791 quomodo
2862 5718 2948 5778 τὸ,
2975 5716 3395 5791 παραδεικνύειν
3428 5717 3671 5774 dicimus

2083 5792 2392 5848 contendere
2438 5807 2547 5848 seu
2581 5788 2659 5844 ἐκ
2734 5789 2953 5845 adverso
2998 5788 3236 5858 conferre
3278 5798 3329 5844 et
3382 5797 3669 5846 contraco-

2086 5880 2224 5919 uere.
