2075 3217
266 166 320 195 5283

759 169 789 198 ts.
810 170 976 199 METHODH
996 171 1151 200 EPISCOPI
1172 171 1215 198 ET
1237 163 1414 197 usuTi‘ms

1832 167 1884 196 εει

267 228 414 256 rectionem
427 235 487 256 esse
502 228 678 261 confitentur,
691 234 722 258 ut
736 238 797 259 eam
810 231 878 259 nihil
891 232 923 259 ad
941 239 1043 260 carnert

1102 234 1206 260 (σταται
1218 252 1225 265 ,
1249 231 1320 258 κατὰ
1332 231 1362 258 τὸ
1376 227 1581 265 γεγραμμένον·
1597 228 1650 262 Μὴ,
1660 228 1677 255 ὁ
1692 227 1809 254 πίπτων
1830 228 1886 253 οὐκ

265 274 400 309 pertinere
426 278 529 309 putent,
547 277 776 305 resurrectionem
800 278 909 312 penitus
938 281 1046 314 negant.

1101 278 1267 308 ἀνίσταται,
1292 277 1311 310 ἣ
1325 278 1341 303 ὁ
1354 275 1550 309 ἀποστρέφων
1561 275 1617 302 οὐκ
1629 272 1825 307 ἀναστρέφει;

265 321 488 356 Quandoquidem
511 329 566 349 non
598 322 665 350 illud
680 324 754 358 quod
782 328 846 357 stat,
868 324 916 352 sed
944 325 1017 359 quod
1040 324 1138 351 cecidit
1169 331 1195 351 et
1221 323 1379 354 inclinavit,
1408 329 1556 356 exsurgere
1582 321 1682 348 dicitur
1696 324 1723 347 et
1747 319 1885 351 suscitari,

261 370 339 405 juxta
356 377 388 397 ac
405 370 536 405 scriptum
557 374 599 400 est
614 371 637 388 "
654 381 661 398 :
679 371 807 407 Nunquid
832 373 877 408 qui
898 373 969 399 cadit
986 381 1038 399 non
1055 373 1179 407 resurgit,
1197 377 1243 398 aut
1259 371 1304 406 qui
1317 371 1410 398 auertit
1428 378 1454 396 se
1466 377 1517 396 non
1536 368 1694 396 revertitur?

299 416 366 444 xm.
381 416 516 449 Quoniam
530 426 594 445 caro
609 419 681 446 inter
693 419 811 447 conﬁnia
828 421 1014 455 corruptionis
1024 425 1051 448 et

262 462 492 498 incorruptionis,
512 471 544 491 ac
569 472 620 492 nec
643 466 783 500 corruptio
811 474 861 494 nec
881 467 1050 501 incorruptio

261 513 351 536 creata
367 513 443 543 erat;
471 509 543 537 victa
570 518 635 538 vero
649 515 691 538 est
705 519 721 538 a
733 511 909 546 corruptione
938 515 1050 547 propter

262 554 428 589 Voluptatem
443 574 450 586 ,
464 563 621 589 quanquam
649 560 722 583 esset
751 556 964 591 incorruptionis
979 563 1048 591 opus

260 604 287 627 et
302 600 443 634 possessio
456 608 462 625 :
478 600 582 627 idcirco
598 600 670 628 facta
685 605 728 629 est
740 601 906 636 corruptioni
918 601 1046 633 obnoxia,

263 645 455 680 inclinavitque
476 646 504 672 in
528 651 626 672 terram
653 647 754 682 aggeris
767 647 799 674 ³⁵.
815 647 962 683 Postquam
983 655 1048 683 ergo

261 692 333 718 victa
347 691 442 719 fuisset
455 699 470 718 a
484 692 670 727 eorruptione,
693 694 829 728 mortique
852 698 962 729 propter
979 701 1048 728 prae-

261 738 453 766 varicationem
465 738 564 765 tradita
576 759 583 771 ,
603 739 691 766 noluit
703 739 774 767 Deus
789 740 875 775 ipsam
892 749 941 768 ceu
959 741 1045 768 haere-

260 784 372 811 ditatem
404 786 573 820 corruptioni
603 786 636 813 ad
652 786 794 814 victoriam
811 787 981 822 relinquere;
999 787 1047 815 sed

259 839 369 858 rursum
396 831 467 858 victa
486 839 535 866 per
551 832 781 860 resurrectionem
808 837 905 865 morte,
923 833 1048 860 incorru—

1135 421 1184 447 ll".
1202 419 1310 454 Ἐπειδὴ
1336 418 1459 454 μεθόριος
1474 416 1523 453 (4⁸)
1539 417 1587 452 τῆς
1604 415 1758 451 ἀφθαρσίας
1777 415 1884 449 ἐγένετο

1099 466 1208 501 καὶτῆς
1235 465 1336 501 φθορᾶς
1351 466 1368 500 ἡ
1390 464 1467 500 σὰρξ,
1488 464 1538 490 οὐκ
1552 461 1619 490 οὖσα
1641 462 1701 489 οὗτε
1719 461 1807 497 φθορὰ
1822 461 1884 488 οὔτε

1099 512 1236 548 ἀφθαρσὶα
1246 532 1253 543 ,
1268 511 1405 547 ἐκρατήθη
1419 510 1447 536 δὲ
1462 510 1506 536 διά
1518 510 1567 545 τὴν
1582 508 1676 544 ἡδονὴν
1691 508 1744 534 ὑπὸ
1757 508 1806 543 τῆς
1821 507 1885 542 φθο-

1100 560 1159 595 ρᾶς,
1182 558 1287 593 ποίημα
1304 558 1353 592 τῆς
1364 556 1516 592 ἀφθαρσίας
1529 556 1576 582 καὶ
1598 555 1690 590 κτῆμα
1707 555 1884 589 ὑπάρχουσα’

1099 604 1143 632 διὰ
1162 604 1241 630 τοῦτο
1257 603 1364 637 ἐγένετο
1390 602 1496 638 φθαρτὴ
1518 602 1565 628 καὶ
1585 602 1628 634 εὶς
1642 600 1699 635 γῆν
1721 599 1813 634 ἐκλίθη
1829 598 1885 633 χώ-

1097 659 1200 686 ματος.
1216 650 1270 677 Καὶ
1282 650 1342 675 ἐπεὶ
1358 647 1403 675 οὖν
1423 648 1561 683 ἐκρατήθη
1577 646 1629 673 ὑπὸ
1642 647 1691 681 τῆς
1706 646 1818 681 φθορᾶς,
1839 645 1886 671 καὶ

1100 697 1208 731 θανάτῳ
1232 696 1276 722 διὰ
1289 696 1432 732 παρακοὴν
1453 694 1598 729 παρεδόθη,
1622 694 1661 724 εἰς
1672 694 1744 724 νῖκος
1771 691 1854 726 αὐτὴν
1871 692 1886 718 ὁ

1099 743 1165 775 Θεὸς
1188 744 1221 778 τῇ
1239 743 1325 778 φθορᾷ
1347 742 1470 777 καθάπερ
1492 739 1712 776 κληρονομίανοὺ
1725 738 1884 765 κατέλιπεν⁸

1099 789 1168 818 ἀλλὰ
1183 790 1273 821 πάλιν,
1298 789 1342 815 διὰ
1358 789 1406 823 τῆς
1423 788 1596 819 ἀναστάσεως
1619 787 1731 821 νικήσας
1747 786 1791 811 τὸν
1805 785 1885 811 θάνα-

1099 845 1155 868 τον,
1177 836 1317 872 παρέδωκε
1334 837 1367 870 τῇ
1388 834 1544 869 ἀφθαρσίᾳ,
1575 834 1618 859 ἵνα
1642 828 1678 868 μὴ
1693 831 1885 867 κληρονομήσῃ

260 878 345 913 ptioni
361 877 497 909 reddidit,
516 881 545 904 ut
563 886 597 905 ne
622 879 764 914 corruptio
792 879 1043 914 incorruptionem,

1101 884 1117 918 ἡ
1134 882 1222 918 φθορά
1241 881 1290 917 τὴν
1313 880 1476 916 ἀφθαρσίαν,
1494 879 1550 906 ἀλλ’
1569 880 1585 914 ἠ
1600 878 1737 914 ἀφθαρσία
1759 877 1788 903 τὸ
1803 877 1886 912 φθαρ-

260 922 308 949 sed
330 922 416 957 magis
444 923 624 957 incorruptio,
641 924 714 958 quod
739 927 780 951 cst
806 925 992 959 corruptibile,
1017 926 1044 952 in

260 968 443 995 haereditatem
460 969 605 1002 acciperet.
633 969 673 996 Ad
698 970 755 997 haec
782 970 874 1005 itaque
900 971 1046 1005 respondet

257 1013 427 1048 Apostolus:
447 1013 557 1048 Oportet
583 1014 652 1040 enim
682 1015 850 1049 corruptibile
876 1015 924 1042 Ιιοσ
939 1015 1046 1042 induere

257 1060 489 1094 incorruptionem,
499 1064 522 1085 et
534 1060 646 1086 mortale
665 1060 712 1087 hac
728 1060 833 1087 induere
858 1061 1045 1088 immortalita-

259 1109 310 1132 tem
325 1105 358 1131 ³¹.
382 1104 565 1140 Corruptibile
578 1109 668 1132 autem
688 1110 714 1132 et
726 1107 841 1134 mortale
867 1107 918 1134 hoc
934 1107 1046 1135 induere

257 1151 488 1178 immortalitatem
513 1156 540 1179 et
562 1152 806 1187 incorruptionem,
823 1154 889 1188 quid
907 1154 982 1181 aliud
998 1154 1044 1187 sit,

258 1205 339 1232 quam
355 1201 385 1224 ut
399 1197 467 1232 quod
491 1198 635 1224 seminatur
650 1199 677 1225 in
702 1200 883 1233 corruptione,
902 1204 994 1234 surgat
1016 1200 1045 1226 in

257 1244 453 1278 incorruptione
471 1243 493 1260 "
513 1244 578 1279 (non
592 1245 665 1272 enim
685 1245 775 1272 anima
798 1246 985 1280 corruptibilis
1004 1250 1046 1273 est

256 1294 305 1317 aut
321 1290 460 1324 mortalis;
479 1291 654 1325 corruptibile
683 1299 747 1319 vero
762 1291 873 1326 etquod
887 1292 1042 1326 corrumpi-

257 1340 312 1368 tur,
334 1336 386 1363 ista
400 1344 464 1364 caro
479 1336 551 1373 est)?
568 1342 597 1364 ut
620 1338 688 1364 sicut
713 1338 875 1370 portavimus
904 1337 1044 1372 imaginem

257 1381 362 1414 terreni,
377 1386 508 1416 portemus
518 1387 542 1409 et
554 1383 691 1417 imaginem
708 1383 818 1408 caelestis
830 1383 863 1409 ³³.
875 1381 942 1408 Nam
957 1382 1045 1417 imago

255 1427 358 1455 terreni
369 1435 449 1462 quam
464 1429 643 1463 portavimus,
662 1428 729 1455 illud
749 1432 790 1455 est
807 1437 814 1454 :
830 1427 911 1454 Terra
923 1435 961 1459 es,
979 1432 1004 1454 et
1018 1428 1045 1454 in

257 1477 354 1499 terram
381 1475 516 1500 reverteris
530 1473 562 1499 ".
579 1473 770 1507 lmagoautem
795 1473 916 1500 cmlestis
943 1476 985 1500 cst
1000 1480 1045 1500 re-

257 1519 391 1546 surrectio
406 1527 439 1546 ex
449 1519 565 1546 mortuis
578 1522 604 1545 et
616 1518 787 1552 incorruptio
803 1528 809 1545 τ
830 1518 865 1545 Ut
880 1519 949 1545 sicut
965 1518 1044 1546 Chri-

1095 929 1150 956 τόν.
1173 927 1399 962 Ἐπαποκρίνεται
1420 925 1485 960 γοῦν
1498 927 1512 952 ὁ
1524 925 1682 956 Ἀπὸστολος
1694 933 1700 939 ·
1716 924 1766 950 Δεῖ
1782 923 1835 958 γὰρ
1850 922 1884 949 τὸ

1095 975 1227 1010 φθαρτὸν
1252 973 1339 1000 τοῦτο
1359 972 1543 999 ἐνδύσασθαι
1567 971 1757 1005 ἀφθαρσίαν,
1783 969 1832 996 καὶ
1851 968 1885 995 τὸ

1095 1019 1207 1053 θνητὸν
1227 1018 1315 1046 τοῦτο
1326 1017 1511 1044 ἐνδύσασθαι
1528 1016 1705 1043 ἀθανασίαν.
1718 1014 1838 1050 Φθαρτὸν
1855 1013 1885 1040 δὲ

1097 1066 1146 1092 καὶ
1157 1065 1254 1100 θνητὸν
1269 1063 1426 1098 ἐνδυόμενον
1439 1061 1587 1088 ἀθανασίαν
1602 1061 1628 1087 τί
1639 1061 1702 1087 ἄλλο
1713 1061 1745 1086 ἂν
1755 1059 1798 1094 εἴη
1809 1058 1887 1094 παρά

1094 1111 1129 1138 τὸ
1154 1111 1354 1145 σπειρόμενον
1384 1109 1420 1135 ἐν
1439 1107 1534 1143 φθορᾷ
1561 1107 1610 1134 καὶ
1630 1106 1830 1140 ἀνιστάμενον
1850 1106 1887 1132 ἐν

1095 1157 1245 1191 ἀφθαρσίᾳ
1272 1156 1322 1190 (δτι
1347 1155 1385 1190 μὴ
1410 1154 1517 1190 φθαρτή
1539 1154 1611 1179 ἐστιν
1632 1152 1648 1188 ἢ
1667 1152 1750 1188 θνητὴ
1773 1153 1789 1187 ἡ
1811 1151 1887 1187 ψυχὴ

1095 1202 1163 1229 ἀλλά
1180 1202 1210 1228 τὸ
1226 1201 1323 1236 θνητὸν
1334 1200 1413 1227 τοῦτο
1426 1200 1473 1226 καὶ
1490 1199 1665 1235 φθειρόμενον
1682 1198 1817 1234 σαρκίον);
1829 1199 1884 1229 ἵνα,

1095 1247 1192 1280 καθὼς
1208 1246 1394 1281 ἐφορέσαμεν
1413 1245 1471 1279 τὴν
1488 1245 1589 1271 εικόνιι
1604 1243 1656 1270 τοῦ
1670 1243 1783 1278 χοϊκοῦ,
1800 1243 1889 1278 φορέ-

1095 1302 1195 1328 σωμεν
1213 1292 1262 1319 καὶ
1288 1292 1345 1326 τὴν
1367 1292 1469 1318 εἰκόνα
1490 1290 1544 1317 τοῦ
1563 1290 1752 1324 ἐπουρανίου.
1776 1291 1807 1316 'Il
1831 1290 1888 1326 γὰρ

1095 1339 1176 1366 εἰκὼν
1190 1339 1238 1365 τοῦ
1249 1338 1341 1374 χοϊκοῦ
1354 1338 1388 1373 ἢν
1411 1338 1591 1373 ὲφορέσαμεν,
1603 1337 1643 1369 τὸ,
1661 1336 1704 1370 Γῆ
1719 1335 1755 1368 εἴ,
1774 1336 1823 1363 καὶ
1841 1337 1889 1370 εις

1095 1384 1153 1419 γῆν
1165 1384 1333 1418 ἀπελεύσῃ,
1347 1383 1435 1410 ἐστίν·
1451 1384 1467 1418 ή
1483 1384 1512 1410 δὲ
1532 1382 1613 1409 εἰκὼν
1628 1382 1674 1408 τοῦ
1691 1381 1850 1417 ἐπουρανίου
1867 1381 1887 1417 ἡ

1096 1431 1128 1457 ὲκ
1142 1430 1246 1466 νεκρῶν
1265 1431 1413 1462 ἀνάστασις
1428 1430 1474 1457 καὶ
1492 1431 1508 1465 ἡ
1524 1429 1676 1464 ἁφθαρσία·
1694 1429 1752 1459 ἵνα,
1772 1429 1887 1461 Ὥσπερ

1095 1476 1204 1511 ἠγέρθη
1215 1478 1232 1503 ό
1245 1476 1373 1510 Χριστὸς
1392 1476 1441 1503 διὰ
1455 1476 1511 1510 τῆς
1520 1475 1613 1509 δόξης
1624 1474 1678 1501 τοῦ
1698 1474 1822 1508 Πατρός,
1835 1474 1887 1500 οῦ-

1097 1530 1152 1553 τως
1168 1522 1217 1548 καὶ
1229 1522 1314 1556 ἡμεῖς
1329 1522 1363 1549 ἐν
1377 1523 1528 1555 καινότητι
1539 1521 1613 1555 ζωῆς
1629 1520 1886 1554 περιπατήσωμεν.

255 1570 310 1591 slus
328 1566 443 1592 surrexit
456 1573 501 1598 per
513 1565 623 1599 gloriam
642 1564 742 1596 Patris,
759 1565 799 1591 ita
810 1568 835 1591 et
851 1573 898 1591 nos
917 1565 945 1591 in
972 1565 1043 1592 nori-

1097 1565 1129 1592 El
1143 1565 1172 1592 δὲ
1184 1574 1225 1597 τις
1236 1565 1328 1592 εἰκόνα
1344 1566 1394 1601 μὲν
1418 1566 1513 1601 χοῖκὴν
1531 1565 1580 1600 τὴν
1594 1566 1684 1601 σάρκα
1700 1565 1785 1600 αὐτὴν
1804 1565 1887 1591 οἴοιτο

256 1615 310 1637 tate
330 1611 390 1637 υὶιω
401 1610 564 1637 ambulemus
583 1610 614 1637 ".
631 1609 709 1643 Quod
719 1610 742 1637 si
753 1611 816 1645 quis
829 1614 965 1638 terrenam
975 1610 1043 1637 ima-

254 1657 355 1691 ginem,
388 1663 498 1683 carnem
527 1656 607 1684 istam
634 1656 688 1683 dici
714 1656 869 1689 existimet,
903 1656 1042 1684 caelestem

254 1709 320 1729 vero
338 1701 493 1735 imaginem,
509 1708 608 1736 corpus
633 1701 707 1728 aliud
735 1701 858 1736 spiritale
873 1705 971 1736 praeter
982 1709 1044 1728 car-

255 1754 318 1774 nem
333 1755 340 1779 ;
353 1746 396 1773 hic
421 1746 498 1781 prius
514 1747 624 1782 cogitet,
653 1750 684 1774 ut
707 1747 845 1779 Christus,
863 1747 984 1774 caelestis
998 1746 1043 1773 iHe

254 1792 347 1824 homo,
366 1793 488 1819 eamdem
514 1793 697 1820 membrorum
724 1793 850 1824 formam,
866 1793 1042 1827 eamdemque

255 1839 401 1873 imaginem
422 1845 453 1865 ac
464 1846 574 1866 carnem
589 1839 675 1867 nostri
689 1839 805 1866 similem
821 1844 932 1874 gestans
943 1858 950 1871 ,
965 1839 1042 1867 visus

256 1885 309 1917 sit;
327 1889 438 1919 propter
468 1893 549 1920 quam
576 1886 669 1918 etiam,
693 1886 750 1920 ipse
767 1893 820 1913 non
840 1886 932 1918 homo,
962 1886 1043 1913 homo

256 1929 345 1957 factus
357 1930 408 1956 sit:
423 1934 453 1958 ut
467 1932 534 1957 sicut
559 1931 586 1957 in
614 1931 701 1957 Adam
719 1939 807 1958 omnes
829 1932 988 1964 moriuntur,
1004 1931 1044 1958 ita

253 1979 279 2002 et
295 1974 322 2001 in
348 1974 455 2002 Christo
470 1984 558 2002 omnes
575 1976 738 2010 uiviﬁcentur
754 1975 787 2002 ³⁸.
803 1975 863 2003 Non
880 1977 953 2003 enim
982 1975 1044 2003 ideo

256 2028 364 2048 carnem
381 2022 497 2056 portavit
512 2026 539 2049 et
554 2021 652 2055 induit,
663 2025 693 2048 ut
704 2029 758 2049 non
772 2022 900 2049 liberaret
927 2025 954 2049 et
970 2030 1045 2049 resu-

254 2066 367 2094 scitaret
378 2075 498 2094 carnem.
511 2067 576 2094 Nam
588 2067 653 2102 quid
664 2067 766 2094 frustra
782 2075 891 2094 carnem
902 2067 1041 2100 induebat,

253 2121 335 2148 quam
352 2122 400 2141 nec
412 2114 514 2141 salvam
532 2113 621 2141 facere
636 2114 777 2142 statuisset
791 2121 840 2141 nec
858 2115 1044 2143 resuscitare?

254 2159 289 2185 At
304 2159 371 2186 nihil
385 2159 430 2187 Dei
444 2159 529 2187 Filius
544 2160 647 2188 frustra
671 2161 746 2188 facit.
771 2161 831 2188 Non
845 2168 910 2196 ergo
925 2162 1043 2189 inaniter

255 2205 383 2240 nullaque
399 2206 515 2233 utilitate
534 2207 605 2234 servi
619 2207 733 2234 formam
757 2209 917 2243 assumpsit,
944 2208 992 2236 sed
1013 2212 1042 2235 ut

253 2252 454 2279 resurrectione
462 2252 577 2280 donaret
591 2260 624 2280 ac
639 2254 730 2281 salvos
742 2253 853 2281 faceret.
871 2253 940 2281 Vere
955 2255 1041 2289 siqui-

252 2297 313 2324 dem
323 2297 404 2324 homo
417 2298 505 2325 factus
530 2303 558 2326 et
586 2303 710 2326 mortuus
730 2303 789 2333 est,
811 2308 865 2327 non
883 2300 1041 2334 apparentia

252 2344 383 2378 inanique
412 2344 513 2379 specie,
545 2344 592 2372 sed
617 2349 647 2372 ut
673 2346 804 2378 veritate,
835 2346 1039 2381 primogenitum

252 2395 419 2417 mortuorum
436 2391 469 2422 ",
496 2395 604 2418 terreno
618 2391 728 2419 homine
748 2392 775 2418 in
797 2393 947 2425 caelestem,
966 2400 1040 2420 mor-

253 2437 356 2472 talique
373 2437 399 2463 in
413 2437 591 2465 immortalem
602 2442 716 2470 mutato,
731 2446 791 2466 sese
803 2438 953 2466 exhiberet.
969 2438 1037 2466 Cum

253 2491 317 2518 ergo
335 2483 371 2510 ait
385 2482 486 2510 Paulus
500 2483 539 2511 “5:
559 2483 629 2511 Caro
643 2489 668 2511 et
684 2485 792 2519 sanguis
805 2492 910 2519 regnum
926 2483 974 2511 Dei
986 2492 1038 2511 non

251 2534 361 2563 possunt
375 2530 517 2564 possidere,
535 2531 675 2557 non.velut
687 2531 780 2558 carnis
804 2531 1038 2565 regenerationem

254 2578 334 2609 neget
349 2575 385 2602 ita
399 2575 487 2606 eﬂ‘ert,
500 2575 547 2602 sed
560 2583 614 2610 quo
630 2575 738 2607 doceat,
754 2583 809 2602 non
832 2583 913 2610 posse
924 2583 1038 2610 regnum

253 2619 312 2651 Dei,
326 2621 399 2655 quod
415 2621 450 2648 sit
460 2622 515 2648 vita
531 2625 642 2654 :eterna,
664 2621 798 2656 possideri
814 2629 829 2648 a
845 2629 959 2656 corpore
971 2641 978 2653 ,
992 2620 1040 2648 sed

253 2673 377 2700 corpusa
389 2666 452 2693 vita.
469 2666 496 2693 Si
514 2667 585 2694 enim
612 2675 723 2702 regnum
740 2667 798 2699 Dei,
812 2674 874 2694 cum
890 2667 926 2694 sit
941 2667 1008 2698 vita,
1024 2673 1040 2692 a

254 2718 369 2746 corpore
396 2712 599 2747 possideretur,
624 2713 747 2740 eveniret
764 2713 847 2740 vitam
868 2713 1008 2740 absorberi
1024 2720 1040 2739 a

1094 1610 1231 1645 λέγεσθαι,
1246 1611 1338 1637 εἰκόνα
1347 1611 1376 1638 δὲ
1391 1611 1553 1647 ἐπουράνιον
1566 1611 1630 1638 ἄλλο
1644 1611 1719 1646 παρὰ
1729 1610 1778 1645 τὴν
1796 1610 1888 1646 σάρκα

1094 1657 1174 1692 σῶμα
1189 1658 1372 1693 πνευματικόν
1382 1666 1389 1673 ·
1405 1657 1583 1693 ἐνθυμηθήτω
1602 1657 1634 1692 δὴ
1651 1654 1727 1688 οὗτος
1742 1656 1885 1692 πρότερον,

1093 1703 1134 1730 ὅτι
1164 1704 1290 1739 Χριστὸς,
1307 1705 1321 1730 ὁ
1342 1704 1467 1738 οὐράνιος
1488 1703 1642 1739 ἄνθρωπος,
1660 1703 1691 1729 τὸ
1706 1703 1773 1729 αὐτὸ
1790 1703 1884 1737 σχῆμα

1093 1749 1147 1776 τῶν
1168 1749 1266 1784 μελῶν,
1298 1750 1346 1777 καὶ
1376 1750 1469 1776 εἰκόνα
1483 1750 1529 1776 καὶ⁴
1556 1749 1645 1785 σάρκα
1673 1749 1722 1784 τὴν
1746 1748 1830 1782 αὐτὴν
1850 1747 1885 1783 τῇ

1094 1794 1217 1830 ἡμετέρᾳ
1236 1795 1353 1830 φορέσας
1382 1795 1468 1829 ἐφάνη
1481 1802 1487 1808 ·
1506 1793 1538 1820 δι’
1555 1794 1587 1829 ἢν
1605 1793 1661 1825 καὶ,
1676 1792 1818 1827 ἄνθρωπος
1835 1791 1887 1817 οὐκ

1093 1841 1142 1872 ὢν,
1157 1841 1300 1876 ἄνθρωπος
1316 1841 1424 1875 ἐγένετο
1434 1849 1441 1855 '
1463 1840 1516 1871 ἵνα,
1534 1839 1664 1873 καθάπερ
1684 1839 1719 1865 ὲν
1733 1838 1772 1871 τῷ
1793 1837 1888 1872 ’Δδάμ

1094 1887 1204 1920 πάντες
1217 1887 1476 1921 ἀποθνήσκουσιν,
1492 1887 1585 1918 οὓτως
1599 1886 1647 1912 καὶ
1663 1885 1698 1911 ἐν
1713 1884 1753 1917 τῷ
1767 1883 1886 1918 Χριστῷ

1095 1932 1205 1965 πάντες
1220 1931 1503 1966 ζωοποιηθήσωνται.
1519 1932 1549 1958 Ei
1568 1931 1621 1966 γὰρ
1631 1952 1638 1963 ,
1654 1930 1697 1956 διὰ
1711 1930 1742 1956 τὸ
1756 1930 1792 1965 μὴ
1810 1929 1890 1956 ἐλευ-

1095 1979 1214 2014 θερῶσαι
1226 1979 1275 2014 τὴν
1289 1979 1377 2014 σάρκα
1391 1978 1437 2004 καὶ
1453 1978 1614 2013 ἀναστῆσαι,
1635 1977 1723 2012 σάρκα
1742 1977 1885 2012 ὲφόρεσει,

1093 2025 1120 2051 τί
1132 2025 1179 2051 καὶ
1195 2024 1331 2060 περισσῶς
1347 2025 1436 2059 σάρκα
1458 2023 1561 2059 ἐφόρει,
1577 2024 1610 2058 ἣν
1625 2022 1686 2049 οὔτε
1711 2022 1805 2053 σῶσαι,
1823 2021 1889 2048 οὔτε

1095 2071 1246 2105 ἀναστῆσαι
1274 2070 1432 2105 προῄρητο;
1453 2070 1521 2096 Ἀλλ’
1542 2070 1617 2096 οὐδὲν
1639 2069 1775 2105 περισσῶς
1791 2070 1889 2095 ποιεῖὸ

1095 2116 1159 2148 Υἱὸς
1173 2115 1220 2142 τοῦ
1234 2115 1312 2141 Θεοῦ.
1335 2115 1392 2141 Οὐκ
1413 2115 1466 2150 ἄρα
1481 2114 1625 2149 ἀνωφελῶς
1646 2114 1694 2149 τὴν
1716 2114 1822 2149 μορφὴν
1837 2113 1886 2139 τοῦ

1093 2161 1188 2187 δούλου
1197 2161 1337 2192 ἀνέλαὸεν,
1358 2160 1424 2186 ἀλλὰ
1435 2160 1501 2195 πρὸς
1515 2160 1544 2186 τὸ
1560 2160 1710 2194 ἀναστῆσαι
1728 2159 1773 2185 καὶ
1788 2159 1884 2185 σῶσαι.

1101 2207 1219 2242 Ἀληθῶς
1236 2207 1290 2242 γὰρ
1309 2205 1450 2242 ἄνθρωπος
1463 2206 1568 2240 ἐγένετο
1584 2206 1629 2231 καὶ
1642 2204 1771 2236 ἀπέθανε,
1796 2204 1843 2230 καὶ
1854 2204 1886 2230 οὐ

1094 2253 1133 2289 τῷ
1158 2254 1256 2284 δοκεῖν,
1282 2253 1338 2279 ἀλλ’
1363 2253 1406 2279 ἵνα
1425 2252 1533 2287 ἀληθῶς
1552 2252 1736 2285 πρωτότοκος
1760 2251 1885 2286 ἀναφανῇ

1095 2299 1154 2326 τῶν
1166 2299 1289 2333 νεκρῶν,
1306 2298 1351 2325 τὸν
1366 2298 1456 2334 χοῖκὸν
1466 2296 1624 2333 μεταϐαλὼν
1640 2298 1678 2328 εἰς
1691 2297 1825 2331 οὐράνιον,
1838 2297 1887 2322 καὶ

1094 2345 1140 2371 τὸν
1156 2344 1251 2380 θνητὸν
1273 2345 1312 2376 εἰς
1328 2344 1471 2370 ἀθάνατον.
1495 2343 1608 2369 Ὀπόταν
1623 2341 1668 2369 οὖν
1683 2342 1780 2376 σάρκα
1791 2343 1805 2368 ὁ
1816 2341 1887 2368 [116-

1095 2392 1140 2421 λος
1162 2390 1210 2416 καὶ
1227 2387 1298 2424 αἷμα
1313 2389 1477 2421 βασιλείαν
1501 2388 1574 2415 Θεοῦ
1597 2388 1821 2422 κληρονομῆσαι
1840 2386 1885 2422 μὴ

1093 2437 1240 2464 δύνασθαι
1270 2436 1335 2471 λέγῃ
1346 2456 1353 2467 ,
1368 2436 1416 2470 οὐχ
1441 2435 1477 2466 ὠς
1493 2436 1525 2461 ἐκ
1541 2434 1646 2469 φαύλης
1667 2434 1705 2469 (5)
1722 2434 1770 2469 τῆς
1785 2434 1886 2469 σαρκὸς

1093 2484 1142 2520 τὴν
1158 2482 1366 2517 παλιγγενεσίαν
1383 2481 1571 2516 ἀποφαίνεται,
1587 2480 1642 2507 ἀλλ’
1658 2481 1695 2511 ὡς
1708 2480 1838 2506 διδάσκων
1853 2480 1884 2505 οὐ

1095 2528 1319 2565 κληρονομεῖσθαι
1333 2527 1468 2563 βασιλείαν
1484 2527 1562 2557 Θεοῦ,
1587 2525 1693 2552 αἰώνιον
1711 2525 1885 2561 ὑπάρχουσαν

1094 2576 1176 2611 ζωὴν,
1208 2576 1260 2602 ὑπὸ
1286 2574 1333 2601 τοῦ
1360 2574 1494 2609 σώματος,
1515 2572 1583 2599 ἀλλὰ
1606 2572 1636 2598 τὸ
1663 2571 1742 2606 σῶμα
1765 2571 1817 2597 ὑπὸ
1834 2571 1886 2605 τῆς

1094 2620 1178 2656 ζωῆς,
1201 2621 1232 2647 Εἰ
1254 2619 1308 2655 γὰρ
1332 2619 1539 2654 ἐκληρονομεῖτο
1570 2619 1586 2653 ὴ
1609 2616 1728 2652 βασιλεία
1749 2615 1796 2642 τοῦ
1817 2614 1883 2642 Θεοῦ

1094 2667 1146 2693 ὑπὸ
1170 2665 1217 2693 τοῦ
1240 2665 1375 2701 σώματος,
1396 2664 1451 2700 ζωὴ
1477 2664 1647 2700 ὑπάρχουσα,
1674 2662 1828 2689 συνέϐαινεν
1850 2662 1884 2689 ἂν

1093 2713 1140 2748 τὴν
1159 2713 1230 2748 ζωὴν
1253 2712 1306 2738 ὑπὸ
1335 2712 1385 2746 τῆς
1403 2711 1504 2746 φθορᾶς
1519 2709 1724 2736 καταπίνεσθαι.
1745 2708 1802 2735 Νῦν
1814 2708 1842 2734 δὲ
1853 2707 1884 2734 τδ

293 2784 314 2800 ’⁸
327 2783 425 2812 Jerem.
445 2793 505 2816 vin,
526 2786 552 2812 4.
588 2786 610 2801 ³⁰
627 2785 697 2812 Dan.
711 2793 759 2818 xtl,
771 2786 799 2813 2.
839 2786 860 2801 ³¹
877 2786 885 2811 i
902 2786 963 2813 Cor.
995 2793 1040 2817 xv,

1097 2806 1103 2812 .
1141 2785 1162 2801 ³¹
1182 2784 1246 2811 ibid.
1268 2784 1312 2811 42.
1354 2783 1400 2810 ³³1
1423 2783 1486 2810 Cor.
1502 2791 1546 2813 vv,
1573 2783 1618 2809 49.
1655 2782 1677 2798 ³⁵
1695 2781 1759 2809 Cen.
1776 2789 1819 2814 Ill,
1838 2781 1881 2809 l9.

257 2817 279 2834 ἰ
297 2818 371 2846 Rom.
390 2828 429 2851 v1,
447 2820 474 2846 4.
512 2820 628 2847 “lCor.
644 2829 690 2852 xv,
708 2817 758 2848 22.7
793 2822 813 2837 ³⁷
831 2821 908 2855 Apoc.
928 2830 946 2854 I,
960 2821 986 2849 5.

294 2889 343 2925 (4⁵)
363 2890 479 2925 Ἐπειδὴ
491 2893 555 2926 μεθ.
573 2891 609 2918 Ex
622 2892 671 2920 cod
696 2891 787 2927 Rupif.

1035 2820 1079 2847 ³⁸1
1095 2820 1158 2848 Cor.
1172 2829 1217 2852 xv,
1234 2820 1279 2847 50.

1130 2890 1168 2925 (5)
1191 2891 1240 2917 Ἐκ
1251 2890 1378 2925 φαύλης.
1399 2888 1486 2916 Scrih.
1505 2886 1675 2922 ἐκφαυλίζων
1690 2895 1722 2914 ex
1733 2886 1885 2914 [‘hotianis.
