4150 6476
460 405 568 461 285

1504 399 1598 457 EX
1635 398 1841 456 LlBRO
1881 399 1970 453 DE
2009 397 2642 457 RESURRECTIONE.'

3603 400 3710 458 286

459 520 744 593 θνῆσκονὴ
775 520 886 592 ζωὴ
915 518 1238 591 κληρονομεῖ
1257 535 1271 550 ο
1303 517 1390 572 ἵνα
1421 519 1509 584 είς
1537 517 1706 585 νῖκος
1733 522 1766 573 ὁ
1786 517 2040 584 θάνατος

2144 515 2510 586 corruptione.
2535 513 2692 569 Nunc
2719 527 2852 569 vero
2901 513 3016 568 vita
3045 519 3317 567 mortuum
3345 513 3609 584 possidet,
3649 524 3710 566 ut

460 609 764 679 καταποθῇ
779 613 898 664 ὑπὸ
920 609 1029 677 τῆς
1052 608 1218 678 ζωῆς,
1252 609 1347 662 καὶ
1365 608 1427 662 τὸ
1445 609 1682 681 φθαρτὸν
1710 609 1809 680 τῆς
1831 609 2042 682 ἀφθαρ-

464 705 582 768 σίας
610 705 793 774 κτῆμα
823 703 915 756 καὶ
941 703 1039 773 τῆς
1068 701 1364 764 ἀθανασίας
1393 704 1556 772 φανῇ,
1585 701 1783 770 ἄφετον
1814 701 1913 773 μὲν
1945 701 2040 754 καὶ

463 793 746 864 ἐλεύθερον
799 791 1027 845 Θανάτου
1075 791 1362 861 γενόμενον
1392 789 1487 843 καὶ
1521 789 1814 860 ἁμαρτίας,
1856 788 2040 843 δοῦλον

462 887 518 939 δὲ
544 883 638 940 καὶ
691 885 931 956 ὑπήκοον
998 882 1328 946 ἀθανασίας-ο
1387 882 1535 946 ὅπως
1575 882 1673 952 τῆς
1734 881 2039 952 ἀφθαρσίας

462 979 548 1048 εἴη
568 976 628 1030 τὸ
651 976 809 1048 σῶμα
834 975 1039 1047 κτῆμα,
1078 975 1172 1028 καὶ
1198 973 1272 1046 μὴ
1291 972 1384 1027 τοῦ
1408 973 1658 1044 σώματος
1681 975 1714 1045 ὴ
1739 972 2034 1046 ἀφθαρσία.

532 1173 632 1226 ΙΔ’.
661 1171 724 1224 Εἰ
750 1171 814 1222 ἐκ
829 1169 1086 1240 τοιαύτης
1115 1167 1190 1240 (6)
1221 1167 1479 1236 σταγόνος
1514 1168 1772 1240 βραχείας
1801 1169 1895 1224 καὶ
1936 1187 2041 1241 μη-

458 1262 608 1318 δέπω
652 1261 818 1330 οῦσης
868 1260 928 1313 τὸ
983 1259 1223 1322 σύνολον,
1280 1259 1414 1329 μηδὲ
1446 1259 1504 1311 ὲν
1543 1259 1779 1331 ὑγρασία
1815 1260 2036 1332 τοιαύτῃ

462 1358 557 1410 καὶ
579 1356 776 1424 συνοχῇ
806 1353 899 1404 καὶ
929 1351 1149 1421 πυγμῷ,
1182 1352 1246 1402 ὲκ
1263 1349 1356 1402 τοῦ
1394 1349 1617 1420 μηδενὸς
1636 1349 1920 1422 ἄνθρωπος
1948 1352 2037 1419 γί-

461 1462 631 1511 νεται,
674 1444 788 1506 πῶς
816 1443 935 1512 οὐχ).
975 1441 1172 1513 μᾶλλον
1198 1441 1262 1493 ὲκ
1290 1439 1382 1492 τοῦ
1437 1440 1538 1509 ἤδη
1575 1439 1916 1511 ὑπάρξαντος
1945 1441 2039 1494 ἀν-

463 1537 681 1612 θρώπου
717 1535 1001 1608 ἄνθρωπος
1043 1533 1194 1586 ἔσται
1225 1528 1378 1594 αὖθις
1402 1533 1431 1584 ὁ
1463 1530 1778 1602 ἄνθρωπος;
1815 1533 1890 1586 Ού
1930 1532 2038 1605 γὰρ

461 1629 604 1683 οὕτω
633 1628 706 1699 (7)
745 1625 882 1698 μετά
895 1626 955 1678 τὸ
975 1625 1073 1706 ἤδη
1101 1623 1464 1693 γεγενημένον
1483 1623 1575 1675 κα)¹
1608 1622 1855 1676 διαλυθὲν
1876 1625 2036 1695 ποιῆ-

464 1736 552 1773 σαι
576 1718 759 1779 πάλιν.
788 1717 862 1779 ὡς
897 1715 1121 1786 μηδέπω
1167 1712 1531 1784 γεγενημένον
1566 1713 1629 1765 ὲκ
1653 1711 1748 1765 τοῦ
1783 1712 1857 1784 μὴ
1887 1713 2039 1778 ὄντος

461 1811 887 1865 κατασκευάσαι.
950 1811 1073 1865 Ἐὰν
1111 1807 1202 1865 οῦν
1231 1812 1575 1884 ὲθελήσωμεν
1624 1812 1792 1878 δεῖξαι
1818 1814 1916 1885 τὴν
1947 1830 2038 1882 γο-

460 1904 556 1976 νὴν
585 1903 682 1975 τὴν
711 1903 818 1957 ἀπὸ
842 1902 935 1956 τοῦ
961 1904 1186 1976 ἄρρενος
1215 1906 1672 1978 ἀποκρινομένην,
1701 1907 2036 1979 παραγάγω-

463 2010 564 2065 μεν
594 1993 674 2060 δὲ,
696 1993 826 2046 αὐτὸ
847 1993 966 2046 καθ’
1001 1995 1182 2057 ἑαυτὸ,
1207 1996 1302 2048 καὶ
1330 1995 1654 2067 τεθνηκότος
1681 1996 1862 2068 σῶμα·
1890 2001 2038 2050 ποῖον

460 2087 842 2140 πιστεύσουσιν
870 2089 1006 2156 ἡμῖν
1061 2087 1110 2140 οἱ
1149 2087 1364 2159 θεωροὶ,
1395 2091 1475 2152 εἰς
1501 2089 1560 2142 τὸ
1593 2090 1822 2161 φανερὸν
1852 2089 2040 2143 ἑκατέ-

464 2196 572 2250 ρων
605 2179 893 2248 κειμένων,
934 2178 1151 2232 ἔσεσθαι
1177 2179 1502 2251 ἄνθρωπον;
1533 2178 1642 2253 ἆρα
1672 2183 1771 2254 τὴν
1806 2184 2041 2252 σταγόνα

461 2269 675 2338 ἐκείνην
708 2273 809 2341 τὴν
833 2271 969 2333 ὅλως
986 2272 1136 2324 οὐδὲν
1165 2272 1536 2344 ὑπάρχουσαν,
1562 2275 1703 2346 ἢτὸν
1729 2277 1826 2347 ἤδη
1855 2277 2040 2347 σχῆμα

461 2362 555 2414 καὶ
607 2361 835 2431 μέγεθος
887 2364 982 2416 καὶ
1035 2364 1333 2418 ὑπόστασιν
1383 2364 1601 2435 ἒχοντα;
1650 2367 1842 2439 Είγάρ
1867 2370 2041 2423 έκεῖνο

459 2451 520 2504 τὸ
569 2451 706 2517 ὅλως
742 2453 913 2518 οὐδὲν,
979 2455 1138 2525 μόνον
1187 2456 1540 2528 ἐθελήσαντος
1591 2457 1747 2522 Θεοῦ,
1788 2460 1947 2512 πάλιν
1981 2460 2041 2514 τὸ

461 2541 593 2594 αὐτὸ
618 2542 900 2614 ἄνθρωπος
939 2543 1171 2612 γίνεται,
1207 2545 1387 2616 πολλῷ
1418 2545 1617 2616 μᾶλλον
1643 2545 1703 2598 τὺ
1735 2546 1835 2618 ἤδη
1864 2548 2041 2620 ὑπάρ-

459 2650 552 2703 χον
588 2635 683 2687 καὶ
723 2635 1166 2706 τετελειωμένον,
1215 2637 1570 2708 ἐθελήσαντος
1606 2637 1700 2690 τοῦ
1763 2638 1919 2704 Θεοῦ,
1979 2638 2041 2693 τὸ

462 2726 592 2779 αὐτὸ
645 2725 808 2779 πάλιν
848 2727 1132 2800 ἄνθρωπος
1159 2729 1416 2798 γενέσθαι
1452 2729 1550 2801 (8).
1597 2730 1750 2783 Ἐπεὶ
1775 2731 1828 2783 τί
1860 2731 2042 2801 βουλό-

465 2835 622 2888 μενος
648 2818 722 2888 (9)
756 2818 783 2870 ὁ
807 2817 1050 2888 θεολόγος
1071 2821 1332 2892 Μωῡσῆς,
1362 2820 1458 2892 τὴν
1480 2821 1620 2875 κατά
1649 2822 1747 2892 τὴν
1773 2839 2044 2895 σκηνοπη-

460 2909 586 2977 γίαν
620 2909 809 2980 ἑορτὴν
851 2912 909 2964 ὲν
953 2910 1030 2980 τῷ
1053 2911 1323 2982 Λευῖτικῷ
1373 2911 1651 2982 μυστικῶς
1679 2914 2040 2985 είσηγήσατο;

460 2996 607 3072 Ἀρα
627 3001 734 3073 γὰρ
767 3001 853 3055 ἴνα
899 3000 1072 3066 οὕτως
1116 3004 1465 3075 ἐορτάσωμεν
1499 3004 1578 3076 τῷ
1613 3003 1752 3074 Θεῷ,
1789 3005 2042 3076 καθάπερ

463 3091 782 3164 ἐξηγοῦνται
813 3093 1052 3164 χυδαιότε
1063 3112 1150 3165 ρον
1174 3096 1223 3148 οἱ
1239 3095 1486 3148 Ἰουδαῖοι
1512 3095 1758 3160 νοοῦντες
1781 3097 1878 3161 τὰς
1907 3097 2044 3168 Γρα-

2067 1871 2114 1931 Β

2140 608 2359 661 mor-sin
2393 605 2667 661 victoriam
2699 603 3046 658 absorbeatur
3073 621 3104 658 α
3129 604 3236 658 vita
3288 603 3374 658 "z
3409 611 3576 675 utque
3607 604 3709 660 ob-

2139 699 2365 753 noxium
2407 697 2543 752 illud
2571 695 2932 766 corruptioni,
2965 694 3396 765 incorruptionis
3425 696 3708 750 immorta-

2137 788 2420 859 litatisque
2465 786 2743 858 possessio
2795 788 2921 840 ﬁat:
2955 785 3308 854 solutumque
3337 791 3392 839 et
3419 784 3649 839 liberum
3676 800 3709 839 a

2139 890 2314 936 morte
2343 886 2398 935 et
2425 882 2684 950 peecato‘,
2717 877 3112 932 immortalitati
3152 891 3371 931 servum
3403 875 3710 931 subditum-

2139 990 2246 1046 que
2265 973 2569 1030 concedat:
2610 979 2670 1026 ut
2717 971 2789 1026 sit
2835 985 3070 1040 corpus,
3110 967 3540 1039 incorruptionis
3585 983 3710 1038 pos-

2140 1067 2354 1134 sessio;
2388 1081 2498 1120 non
2524 1061 2888 1133 incorruptio,
2921 1060 3188 1131 corporis.

2208 1177 2348 1234 XIV.
2399 1177 2536 1232 Cum
2559 1191 2626 1232 ex
2665 1184 2776 1230 tam
2830 1173 3046 1227 modica
3096 1171 3304 1228 stillula
3366 1185 3432 1225 ac
3475 1165 3710 1226 necdum

2139 1287 2366 1344 prorsus
2391 1271 2711 1331 exsistente,
2736 1282 2806 1321 ne
2827 1265 3046 1336 quidem
3086 1264 3141 1319 in
3173 1263 3441 1334 ejusmodi
3461 1263 3708 1328 humido,

2140 1364 2600 1433 arctitudineque,
2652 1375 2716 1414 ac
2759 1359 3028 1430 parvitate
3081 1356 3228 1429 (10);
3261 1356 3493 1427 denique
3535 1372 3601 1411 ex
3625 1356 3710 1411 ni-

2140 1456 2274 1518 hilo,
2311 1455 2474 1509 homo
2497 1452 2591 1506 ﬁat
2615 1469 2630 1506 :
2658 1450 2753 1521 qui
2782 1464 2889 1504 non
2920 1449 3103 1519 potius
3132 1463 3198 1502 ex
3221 1447 3439 1502 homine
3462 1447 3553 1518 qui
3583 1446 3708 1512 fuit,

2140 1545 2304 1600 fuerit
2332 1558 2528 1600 rursus
2579 1542 2982 1597 resurrectione
3035 1538 3241 1593 homo?
3284 1537 3460 1592 Minus
3511 1537 3711 1608 quippe

2139 1635 2355 1690 videtur
2382 1633 2619 1696 dilllcile,
2649 1641 2709 1686 ut
2737 1631 2881 1702 quod
2919 1630 3021 1684 fuit
3049 1636 3102 1685 et
3139 1637 3223 1684 est
3243 1627 3591 1692 dissolutum,
3616 1627 3712 1684 de-

2139 1741 2250 1781 nuo
2284 1733 2645 1795 componatur
2663 1729 2717 1777 et
2746 1729 3060 1791 reparatum
3111 1719 3203 1772 ﬁat
3225 1759 3240 1784 ,
3271 1735 3434 1788 quam
3479 1727 3536 1772 ut
3563 1717 3710 1789 quod

2143 1818 2383 1874 nondum
2411 1816 2534 1881 fuit,
2553 1831 2618 1870 ex
2637 1815 2808 1870 nihilo
2825 1812 3066 1883 prodeat.
3096 1810 3294 1877 Quare,
3313 1811 3362 1866 si
3390 1811 3592 1874 lubeat,
3622 1825 3714 1864 ex-

2142 1918 2348 1965 cretam
2379 1923 2411 1961 a
2443 1907 2690 1961 masculo
2722 1905 2988 1970 feturam;
3045 1903 3222 1974 ipsam
3257 1902 3514 1956 nimirum
3559 1915 3711 1957 seor-

2141 2001 2277 2056 sim:
2311 1998 2662 2068 defunctique
2680 1998 2932 2060 cadaver,
2971 1995 3027 2049 in
3059 1995 3296 2050 medium
3319 1993 3707 2064 producamus.

2140 2093 2278 2148 Tum
2300 2107 2454 2163 rogo,
2495 2091 2760 2146 ambobus
2792 2089 2970 2159 palam
3003 2087 3268 2156 expositis
3284 2087 3709 2157 propositisque,

2140 2184 2416 2253 quodnam
2439 2189 2777 2252 spectatores
2803 2179 3077 2234 hominem
3103 2178 3217 2233 fore
3249 2177 3510 2233 credituri
3543 2176 3716 2234 sunt?

2139 2289 2272 2329 num
2333 2273 2594 2327 stillulam
2640 2271 2822 2338 illam,
2875 2285 2996 2341 quae
3050 2270 3184 2324 nihil
3225 2285 3452 2340 prorsus
3485 2270 3589 2325 sit?
3640 2284 3713 2326 an

2140 2371 2416 2419 mortuum
2448 2361 2621 2431 ﬁgura
2649 2361 2761 2430 jam
2795 2361 3047 2430 moleque
3079 2367 3132 2414 et
3181 2360 3486 2415 substantia
3513 2359 3714 2429 praedi-

2140 2457 2301 2512 tum?
2333 2455 2388 2510 Si
2423 2457 2567 2510 enim
2595 2454 2730 2509 illud
2759 2453 2904 2524 quod
2938 2453 3096 2523 plane
3144 2451 3282 2505 nihil
3304 2452 3570 2519 videatur,
3602 2451 3715 2508 Deo

2140 2554 2352 2603 tantum
2397 2547 2612 2602 volente
2655 2547 2834 2615 ipsum
2884 2544 3083 2598 iterum
3136 2543 3300 2599 homo
3342 2551 3709 2614 procreatur:

2139 2639 2497 2710 potiorijure,
2525 2637 2683 2708 quod,
2720 2645 2804 2692 est
2852 2637 2966 2705 jam
3023 2643 3077 2692 et
3117 2635 3219 2690 fuit
3253 2646 3712 2701 consummatum,

2142 2732 2436 2786 accedente
2475 2731 2658 2785 divina
2685 2729 2985 2792 voluntate,
3041 2727 3095 2782 id
3130 2728 3307 2797 ipsum
3344 2728 3521 2782 denuo
3551 2726 3718 2784 homo

2142 2820 2252 2876 ﬁet.
2315 2819 2450 2875 Nam
2520 2819 2773 2888 alioqui,
2837 2818 2971 2890 quid
3022 2818 3212 2873 volens
3281 2817 3562 2888 theologus
3623 2815 3717 2872 illo

2142 2915 2377 2988 Moyses,
2415 2914 2614 2970 festum
2643 2910 3126 2968 tabernaculorum
3185 2910 3504 2981 spiritaliter
3545 2907 3718 2964 edixit

2143 3008 2432 3078 sanxitque
2473 3006 2884 3070 celebrandum,
2916 3004 2973 3058 in
2997 3001 3240 3059 Levitico
3268 3003 3350 3057 ‘°?
3381 3002 3520 3056 Num
3569 3001 3713 3056 enim

2142 3113 2205 3160 ut
2232 3105 2306 3159 ita
2332 3103 2503 3160 Deum
2536 3102 2674 3158 festo
2706 3103 2953 3157 colamus
2985 3140 3000 3166 ,
3036 3098 3494 3170 quemadmodum
3543 3095 3714 3152 Judaei

465 3185 602 3252 φάς;
636 3185 712 3248 ὡς
742 3184 837 3238 τοῦ
866 3185 999 3238 Θεοῦ
1026 3189 1251 3258 σκηναῖς
1280 3187 1554 3251 τοιαύταις
1579 3189 1644 3240 ὲκ
1676 3187 1925 3260 καρπῶν,
1951 3190 2042 3242 καὶ

2145 3197 2310 3253 vilius
2340 3195 2730 3266 vulgariusque
2777 3193 3093 3264 Scripturas
3123 3192 3486 3262 intelligentes
3510 3228 3525 3256 ,
3557 3203 3720 3259 expo-

464 3273 673 3327 κλάδων
697 3275 790 3328 καὶ
806 3274 1017 3344 φύλλων
1043 3277 1578 3348 κατεσκευασμέναις
1602 3278 1991 3349 ἀρεσκομένου,
2008 3277 2044 3332 ἃ

466 3363 666 3429 εὐθέως
711 3367 1062 3437 μαραίνονται
1100 3367 1200 3438 τὴν
1245 3368 1408 3439 χλόην
1453 3368 1870 3440 ἀποσυλώμενα.
1931 3371 2044 3424 Ούκ

466 3455 613 3510 ἔστιν
637 3457 829 3511 εἰπεῖν.
849 3458 1004 3520 Τίνος
1032 3459 1181 3530 μὲνὴ
1213 3459 1582 3530 Σκηνοπηγία,
1605 3461 1849 3531 φράσατε
1866 3477 1882 3526 ;
1899 3463 2047 3533 εἰσή-

467 3548 569 3620 χθη
625 3549 847 3619 μήνυμα
883 3550 982 3620 τῆς
1016 3549 1274 3620 ἀληθινῆς
1304 3551 1461 3622 ἡμῶν
1489 3550 1692 3621 ταύτης
1728 3553 1951 3623 σκηνῆς,
1979 3553 2046 3622 ἢν

468 3638 880 3692 καταπεσοῦσαν
943 3642 1022 3702 είς
1069 3640 1274 3712 φθορὰν
1320 3641 1406 3694 διὰ
1451 3640 1549 3711 τὴν
1592 3641 1920 3712 παράϐασιν,
1952 3642 2046 3696 καὶ

468 3731 768 3802 λελυμένην
796 3736 862 3803 τῇ
881 3733 1145 3805 ἁμαρτίᾳ,
1170 3731 1326 3798 αὖθις
1347 3734 1711 3806 συμπήξασαν
1742 3735 2045 3808 ἀνώλεθρον

467 3823 793 3893 ἀναστήσειν
817 3824 990 3888 όΘεὸς
1018 3827 1391 3897 ἀπηγγείλατο
1410 3827 1472 3897 (ι’.
1492 3825 1614 3898 ἐπ-)
1635 3844 1648 3856 ο
1683 3827 1828 3891 ὅπως
1861 3829 2048 3899 ἑορτά-

469 3928 656 3982 σωμεν
693 3911 840 3982 αὐτῷ
878 3913 1093 3984 ἀληθῶς
1109 3914 1206 3985 τὴν
1245 3915 1484 3986 μεγάλην
1509 3915 1700 3986 ἑορτὴν
1743 3916 1835 3968 καὶ
1881 3916 2044 3969 πολυ-

469 4003 762 4075 θρύλλητον
809 4005 909 4074 τῆς
951 4007 1326 4078 Σκηνοπηγίας
1351 4008 1408 4059 ἐν
1435 4008 1500 4078 τῇ
1534 3989 1854 4060 ἀναστάσει·
1886 4009 2045 4062 ὁπότε

469 4097 906 4167 συμπηγνύμενα
951 4098 1112 4168 ήμῶν
1135 4099 1214 4161 είς
1255 4098 1664 4169 κατακόσμησιν
1697 4099 1798 4170 τῆς
1839 4099 2045 4153 ἀθανα-

471 4187 591 4250 σίας
650 4191 742 4242 καὶ
780 4189 1096 4261 συμφωνίας
1134 4188 1203 4241 τὰ
1261 4189 1615 4261 σκηνώματα,
1673 4193 1737 4244 ὲκ
1782 4190 1878 4243 τοῦ
1925 4191 2048 4262 χοὸς

468 4279 720 4352 ἄφθαρτα
768 4282 1108 4336 ἀνίστανταιο
1147 4284 1309 4336 ὁπότε
1372 4281 1659 4335 ἀκούσουσι
1701 4283 1769 4335 τὰ
1810 4283 1942 4336 ὀστᾶ
1980 4283 2050 4336 τὰ

471 4371 611 4444 ξηρά
640 4374 781 4427 κατὰ
815 4375 910 4446 τὴν
950 4375 1352 4447 ἀψευδεστάτην
1381 4375 1737 4446 προφητείαν,
1783 4375 2050 4446 προσαγό-

473 4483 610 4538 μενα
636 4467 770 4536 πρὸς
792 4467 888 4529 τὰς
929 4468 1189 4538 ἁρμονίας
1223 4466 1420 4532 αὐτῶν,
1447 4466 1550 4518 ὑπὸ
1573 4466 1667 4519 τοῦ
1701 4466 2048 4530 ζωοπλάστου

2147 3289 2331 3345 nunt?
2380 3288 2528 3342 velut
2578 3287 2838 3341 nimirum
2888 3285 3000 3341 Deo
3033 3287 3284 3355 placeant
3325 3281 3594 3353 ejusmodi
3650 3296 3718 3339 ex

2146 3379 2414 3435 fructibus
2443 3377 2720 3446 ramisque
2758 3382 2812 3430 et
2842 3374 2988 3432 foliis
3023 3376 3287 3430 adornata
3336 3372 3716 3439 tabernacula,

2147 3488 2268 3544 quae
2298 3470 2460 3527 satim
2474 3467 2776 3538 despoliata
2794 3467 2975 3523 virore
3004 3471 3364 3522 marcescant.
3387 3463 3541 3516 Haud
3559 3464 3720 3532 plane

2147 3563 2311 3619 fuerit
2343 3561 2657 3616 dicendum.
2696 3558 2860 3623 Sane,
2895 3574 3049 3628 rogo,
3085 3558 3375 3628 cujusnam
3406 3556 3478 3611 sit
3510 3554 3717 3610 Scene-

2147 3653 2341 3726 pegia?
2370 3652 2620 3706 instituta
2682 3659 2766 3704 est
2815 3659 2876 3704 ut
2924 3650 3038 3705 veri
3063 3647 3402 3704 tabernaculi
3435 3647 3608 3699 nostri
3649 3645 3722 3700 si-

2149 3760 2336 3816 gnum,
2369 3742 2514 3812 quod
2546 3743 2603 3796 in
2657 3741 3063 3811 corruptionem
3112 3738 3560 3810 praevaricatione
3594 3750 3720 3807 pro-

2147 3839 2381 3908 lapsum,
2410 3843 2742 3906 peccatoque
2783 3837 3044 3899 solutum,
3080 3849 3140 3890 se
3175 3832 3318 3886 Deus
3345 3831 3525 3886 denuo
3565 3845 3718 3884 com-

2145 3937 2364 4000 pactum
2425 3931 2898 3998 compositumque
2935 3969 2948 3994 ,
3025 3927 3299 3981 incolume
3354 3924 3717 3980 excitaturum

2149 4022 2431 4092 promisit;
2458 4038 2564 4092 quo
2590 4022 2640 4077 ei
2673 4023 2921 4086 veritate,
2976 4033 3230 4090 magnam
3275 4018 3421 4072 illam
3462 4018 3719 4072 decanta-

2148 4115 2524 4184 tissimamque
2557 4112 2906 4184 Sceuopegite
2951 4111 3346 4166 solemnitatem
3381 4109 3718 4164 celebremus

2149 4203 2205 4257 in
2233 4204 2663 4269 resurrectione;
2720 4202 2941 4272 quando
2973 4208 3254 4270 compacta
3296 4199 3363 4252 ad
3396 4197 3719 4252 immortali-

2150 4297 2280 4353 tatis
2307 4296 2786 4366 consonantiaeque
2823 4304 3076 4349 ornatum
3112 4299 3298 4346 nostra
3340 4289 3714 4354 tabernacula,

2152 4388 2414 4442 immunia
2473 4402 2503 4440 a
2556 4386 2908 4456 corruptione
2938 4385 2983 4417 ’δι
3033 4385 3100 4439 de
3139 4383 3359 4453 pulvere
3396 4392 3715 4450 resurgent;

2152 4478 2372 4547 quando
2431 4477 2700 4547 auditura.
2733 4483 2882 4542 sunt,
2944 4482 3004 4530 ut
3032 4474 3316 4529 verissime
3368 4471 3531 4526 habet
3590 4485 3718 4541 pro-

467 4560 603 4613 Θεοῦ
633 4561 727 4613 καὶ
760 4561 1136 4631 ἀριστοτέχνου
1177 4560 1713 4624 ἀνακαινοποιοῦντος
1749 4557 1904 4624 αὖθις
1945 4561 2042 4631 τὴν

2147 4571 2308 4641 pheta
2323 4569 2390 4633 δ’,
2409 4583 2533 4624 ossa
2546 4569 2718 4633 arida,
2739 4569 2854 4624 suis
2878 4569 3071 4624 iterum
3085 4564 3458 4620 commissuris
3487 4563 3718 4628 reddita,

471 4655 652 4725 σάρκα
699 4652 792 4706 καὶ
845 4653 1264 4724 συμμιγνύντος,
1309 4655 1367 4706 ού
1398 4654 1659 4718 τοιούτοις
1690 4654 1768 4707 ἔτι
1804 4654 2043 4724 δεσμοῖς,

468 4739 551 4808 οἷς
585 4746 678 4798 καὶ
711 4744 923 4816 πρῶτον
968 4747 1262 4816 συνείχετο,
1305 4747 1418 4800 ἀλλ’
1469 4747 1764 4818 ἀκηράτοις
1814 4747 2048 4818 πάμπαν

470 4835 655 4889 λοιπὸν
699 4837 792 4890 καὶ
841 4836 1100 4909 ἀλύτοις..
1131 4838 1472 4910 Ἐθεασάμην
1523 4839 1632 4910 γὰρ
1680 4841 1737 4893 ὲν
1789 4838 2048 4909 Ὀλύμπῳ

472 4928 582 4998 ἐγὼ
606 4930 747 5002 (ὅρος
768 4930 824 4982 δέ
858 4933 973 4984 ἐστι
1003 4931 1102 5000 τῆς
1130 4932 1370 5002 Λυκίας)
1398 4931 1510 5002 πῦρ
1557 4931 1874 5002 αὐτομάτως
1909 4933 2050 4984 κατὰ

473 5022 570 5091 τὴν
593 5021 900 5094 ἀκρώρειαν
939 5023 1031 5074 τοῦ
1071 5023 1228 5094 ὅρους
1252 5024 1496 5077 κάτωθεν
1525 5026 1590 5077 ὲκ
1618 5024 1719 5094 τῆς
1741 5025 1844 5096 γῆς
1867 5024 2048 5076 ἀναδι-

473 5113 724 5185 δόμενονο
767 5117 893 5186 περὶ
935 5115 964 5168 ὃ
1007 5115 1116 5188 πῦρ
1155 5117 1320 5186 ἄγνου
1366 5119 1529 5187 φυτὸν
1567 5117 1918 5181 ἐστὸς,οὖτω
1947 5117 2047 5188 μὲν

541 5282 586 5316 ³³
619 5284 636 5335 l
673 5281 799 5336 Cor.
824 5298 914 5347 xv,
945 5282 1034 5336 54.
1115 5279 1161 5313 ⁸⁸
1190 5279 1335 5336 Levi‘
1385 5297 1546 5347 niti,
1578 5280 1648 5336 ’59
1682 5296 1799 5351 seq.

549 5427 624 5493 (ti)
656 5427 722 5478 Εἰ
747 5425 816 5477 ἐκ
844 5443 894 5478 τ.
933 5424 1006 5478 Ex
1035 5424 1224 5479 eodem
1252 5423 1373 5480 cod.
1411 5423 1596 5492 Rupii‘.

551 5498 626 5564 (7)
655 5498 734 5547 Οὐ
766 5496 872 5566 γὰρ
895 5496 1063 5566 οὕτω,
1101 5494 1261 5550 Deest
1301 5495 1526 5566 ἀπορον,
1575 5500 1668 5547 aut
1699 5492 1830 5562 quid
1853 5493 2049 5550 simile.

548 5565 626 5635 (8)
662 5564 968 5619 Γενέσθαι.
1001 5564 1162 5619 Forte
1194 5564 1500 5634 γενήσεται.

551 5637 628 5705 (9)
663 5635 826 5706 Ἐπεί
870 5637 927 5688 τί
976 5636 1236 5706 βουᾼόμ.
1289 5635 1434 5706 Idem
1497 5645 1874 5706 argumentum
1928 5649 2048 5703 per-

481 5715 677 5776 tractat
713 5706 770 5759 S.
808 5705 967 5776 Pater
991 5709 1045 5759 in
1091 5704 1337 5761 Convicio
1388 5704 1583 5760 decem'
1616 5705 1762 5776 Virg.
1787 5704 1938 5758 Orat.
1973 5720 2047 5769 ix,

485 5774 514 5846 ’ξ
544 5793 580 5834 ι,
617 5793 766 5844 seqq.
795 5775 960 5830 αλιι..

445 5921 448 5923 Δ
555 5849 663 5918 (l0)
691 5851 763 5900 Ar
783 5849 1061 5917 parvitate,
1093 5847 1186 5901 καὶ
1207 5845 1428 5918 πυγμῷ.
1456 5846 1582 5902 Mihi
1616 5845 1770 5902 valde
1795 5852 2048 5916 suspecta

2157 4661 2478 4716 admovente
2513 4659 2726 4714 vivilico
2772 4659 2946 4729 plaste
3007 4659 3318 4729 Optimoque
3355 4654 3549 4725 Opiﬁce
3584 4652 3716 4717 Deo,

2153 4767 2372 4806 carnem
2394 4751 2574 4805 denuo
2599 4759 2895 4804 renovante
2912 4750 3406 4816 commiscenteque
3433 4751 3487 4800 et
3513 4742 3719 4798 astrin-

2153 4851 2328 4912 gente,
2361 4859 2471 4896 non
2493 4843 2606 4912 jam
2639 4842 2894 4912 qualibus
2948 4841 3110 4895 etiam
3160 4841 3313 4894 initio
3339 4837 3720 4892 continebatur

2145 4934 2400 4998 vinculis,
2433 4934 2527 4990 sed
2572 4933 2731 5004 plane
2781 4932 3042 5002 deinceps
3095 4930 3496 4986 immortalibus
3557 4935 3720 4995 atque

2145 5025 2548 5080 insolubilibus.
2599 5024 2738 5078 Nam
2793 5025 2903 5079 vidi
2926 5039 3028 5093 ego
3089 5023 3143 5076 in
3186 5021 3412 5094 Olympo
3457 5020 3528 5090 (is
3554 5031 3719 5088 porro

2147 5131 2306 5172 mons
2331 5124 2415 5172 est
2437 5115 2634 5188 Lyciae)
2666 5116 2845 5187 ignem
2887 5125 3079 5185 sponte
3127 5130 3248 5180 sua,
3296 5117 3350 5166 in
3401 5112 3601 5166 montis
3627 5124 3719 5163 ca-

1881 5280 1923 5312 “
1964 5279 2107 5337 Dan.
2139 5280 2316 5349 xuﬂ.
2389 5280 2435 5312 "
2471 5280 2662 5336 Ezech.
2698 5296 2902 5344 xxxv”,
2935 5279 2989 5333 4.

2159 5441 2262 5479 vox
2289 5432 2392 5480 est.
2423 5423 2561 5478 Illud
2589 5425 2816 5486 clarum,
2869 5421 3082 5475 elevare
3125 5417 3246 5472 istis
3286 5417 3538 5471 omnibus
3571 5415 3714 5469 fetu-

2152 5511 2291 5557 ram,
2322 5509 2426 5565 qua
2453 5495 2634 5564 proles
2659 5493 2833 5562 primo
2851 5489 3204 5565 _concipitur,
3241 5487 3386 5565 velut
3419 5500 3533 5540 rem
3576 5501 3714 5565 pene

2139 5566 2305 5618 .nihili
2338 5557 2356 5616 Ξ
2395 5557 2593 5634 οιξᾳιιιι
2625 5557 2818 5634 tamen
2848 5559 2989 5615 Deus
3024 5574 3182 5613 suum
3211 5557 3372 5634 illud
3406 5571 3565 5634 opus,
3588 5557 3714 5634 __ho-

2148 5637 2370 5697 minem,
2405 5626 2531 5704 quia
2578 5634 2696 5687 vult
2743 5632 2939 5704 solum,
2979 5637 3170 5704 eruat;
3209 5627 3259 5680 id
3289 5628 3466 5704 ipsum
3500 5626 3714 5704 facilius

2147 5696 2492 5775 praastiturus
2557 5720 2622 5758 ex
2675 5700 3054 5772 prmdefunctis
3115 5698 3456 5771 corporibus,
3518 5696 3714 5769 majori

2148 5778 2308 5843 mole,
2339 5783 2446 5832 etc.
