  <div class='ocr_page' id='page_1' title='image "/cluster/home/n/w/nwhite01/storage/ocr_20150623/18/coo.31924054872985/157.png"; bbox 0 0 4150 6420; ppageno 0'>
   <div class='ocr_carea' id='block_1_1' title="bbox 463 337 573 396">
    <p class='ocr_par' dir='ltr' id='par_1_1' title="bbox 463 337 573 396">
     <span class='ocr_line' id='line_1_1' title="bbox 463 337 573 396; baseline -0.018 0"><span class='ocrx_word' id='word_1_1' title='bbox 463 337 573 396; x_wconf 82' lang='grc'><strong>287</strong></span> 
     </span>
    </p>
   </div>
   <div class='ocr_carea' id='block_1_2' title="bbox 1435 336 2736 400">
    <p class='ocr_par' dir='ltr' id='par_1_2' title="bbox 1435 336 2736 400">
     <span class='ocr_line' id='line_1_2' title="bbox 1435 336 2736 400; baseline 0.005 -6"><span class='ocrx_word' id='word_1_2' title='bbox 1435 337 1494 394; x_wconf 88' lang='lat' dir='ltr'><strong>S.</strong></span> <span class='ocrx_word' id='word_1_3' title='bbox 1526 336 1860 396; x_wconf 79' lang='lat' dir='ltr'><strong>METHODII</strong></span> <span class='ocrx_word' id='word_1_4' title='bbox 1897 339 2208 398; x_wconf 84' lang='lat' dir='ltr'><strong>EPISCOPI</strong></span> <span class='ocrx_word' id='word_1_5' title='bbox 2245 342 2334 397; x_wconf 84' lang='lat' dir='ltr'><strong>ET</strong></span> <span class='ocrx_word' id='word_1_6' title='bbox 2375 342 2736 400; x_wconf 74' lang='lat' dir='ltr'><strong>MARTYRIS</strong></span> 
     </span>
    </p>
   </div>
   <div class='ocr_carea' id='block_1_3' title="bbox 3593 347 3702 405">
    <p class='ocr_par' dir='ltr' id='par_1_3' title="bbox 3593 347 3702 405">
     <span class='ocr_line' id='line_1_3' title="bbox 3593 347 3702 405; baseline 0.009 -1"><span class='ocrx_word' id='word_1_7' title='bbox 3593 347 3702 405; x_wconf 74' lang='lat'><strong>283</strong></span> 
     </span>
    </p>
   </div>
   <div class='ocr_carea' id='block_1_4' title="bbox 458 456 2042 540">
    <p class='ocr_par' dir='ltr' id='par_1_4' title="bbox 458 456 2032 532">
     <span class='ocr_line' id='line_1_4' title="bbox 458 456 2032 532; baseline -0.002 -14"><span class='ocrx_word' id='word_1_8' title='bbox 458 459 705 524; x_wconf 64' lang='lat' dir='ltr'><strong>numine,</strong></span> <span class='ocrx_word' id='word_1_9' title='bbox 752 473 819 514; x_wconf 79' lang='lat' dir='ltr'><strong>ex</strong></span> <span class='ocrx_word' id='word_1_10' title='bbox 879 456 991 512; x_wconf 91' lang='lat' dir='ltr'><strong>imo</strong></span> <span class='ocrx_word' id='word_1_11' title='bbox 1030 462 1193 513; x_wconf 68' lang='lat' dir='ltr'><strong>terra:</strong></span> <span class='ocrx_word' id='word_1_12' title='bbox 1237 465 1642 528; x_wconf 87' lang='lat' dir='ltr'><strong>erumpentem;</strong></span> <span class='ocrx_word' id='word_1_13' title='bbox 1674 459 1828 529; x_wconf 79' lang='lat' dir='ltr'><strong>juxta</strong></span> <span class='ocrx_word' id='word_1_14' title='bbox 1869 476 2032 532; x_wconf 86' lang='lat' dir='ltr'><strong>quem</strong></span> 
     </span>
    </p>
   </div>
   <div class='ocr_carea' id='block_1_5' title="bbox 2147 456 3700 540">
    <p class='ocr_par' dir='ltr' id='par_1_5' title="bbox 2147 462 3700 535">
     <span class='ocr_line' id='line_1_5' title="bbox 2147 462 3700 535; baseline 0.003 -20"><span class='ocrx_word' id='word_1_15' title='bbox 2147 462 2355 526; x_wconf 78' lang='grc' dir='ltr'>ιύθαλὲς</span> <span class='ocrx_word' id='word_1_16' title='bbox 2380 463 2476 518; x_wconf 70' lang='grc' dir='ltr'>καὶ</span> <span class='ocrx_word' id='word_1_17' title='bbox 2506 463 2745 535; x_wconf 78' lang='grc' dir='ltr'>χλοερὸν,</span> <span class='ocrx_word' id='word_1_18' title='bbox 2778 462 2920 518; x_wconf 79' lang='grc' dir='ltr'>οὕτω</span> <span class='ocrx_word' id='word_1_19' title='bbox 2962 463 3019 518; x_wconf 71' lang='grc' dir='ltr'><strong>δὲ</strong></span> <span class='ocrx_word' id='word_1_20' title='bbox 3051 463 3290 529; x_wconf 87' lang='grc' dir='ltr'>σύσκιον,</span> <span class='ocrx_word' id='word_1_21' title='bbox 3317 464 3394 529; x_wconf 85' lang='grc' dir='ltr'><strong>ὡς</strong></span> <span class='ocrx_word' id='word_1_22' title='bbox 3426 464 3700 520; x_wconf 77' lang='grc' dir='ltr'>ὑποτοπὰ-</span> 
     </span>
    </p>
   </div>
   <div class='ocr_carea' id='block_1_6' title="bbox 458 548 2027 620">
    <p class='ocr_par' dir='ltr' id='par_1_6' title="bbox 458 548 2027 620">
     <span class='ocr_line' id='line_1_6' title="bbox 458 548 2027 620; baseline -0.001 -12"><span class='ocrx_word' id='word_1_23' title='bbox 458 559 643 608; x_wconf 77' lang='lat' dir='ltr'><strong>exstat</strong></span> <span class='ocrx_word' id='word_1_24' title='bbox 672 550 834 603; x_wconf 86' lang='lat' dir='ltr'><strong>arbor</strong></span> <span class='ocrx_word' id='word_1_25' title='bbox 883 548 1066 617; x_wconf 76' lang='lat' dir='ltr'><strong>Agnus</strong></span> <span class='ocrx_word' id='word_1_26' title='bbox 1118 548 1343 605; x_wconf 81' lang='lat' dir='ltr'><strong>nomine</strong></span> <span class='ocrx_word' id='word_1_27' title='bbox 1363 550 1476 620; x_wconf 86' lang='grc'><strong>(11)</strong></span> <span class='ocrx_word' id='word_1_28' title='bbox 1496 590 1511 615; x_wconf 89' lang='grc'><strong>,</strong></span> <span class='ocrx_word' id='word_1_29' title='bbox 1540 550 1678 606; x_wconf 92' lang='lat' dir='ltr'><strong>adeo</strong></span> <span class='ocrx_word' id='word_1_30' title='bbox 1705 550 1915 618; x_wconf 90' lang='lat' dir='ltr'><strong>ﬂorida,</strong></span> <span class='ocrx_word' id='word_1_31' title='bbox 1946 554 2027 607; x_wconf 84' lang='lat' dir='ltr'><strong>vi-</strong></span> 
     </span>
    </p>
   </div>
   <div class='ocr_carea' id='block_1_7' title="bbox 463 638 2033 713">
    <p class='ocr_par' dir='ltr' id='par_1_7' title="bbox 463 638 2033 713">
     <span class='ocr_line' id='line_1_7' title="bbox 463 638 2033 713; baseline 0.001 -16"><span class='ocrx_word' id='word_1_32' title='bbox 463 659 594 699; x_wconf 87' lang='lat' dir='ltr'><strong>rens</strong></span> <span class='ocrx_word' id='word_1_33' title='bbox 619 649 672 697; x_wconf 92' lang='lat' dir='ltr'><strong>et</strong></span> <span class='ocrx_word' id='word_1_34' title='bbox 692 654 885 711; x_wconf 87' lang='lat' dir='ltr'><strong>opaca,</strong></span> <span class='ocrx_word' id='word_1_35' title='bbox 921 648 982 695; x_wconf 94' lang='lat' dir='ltr'><strong>ut</strong></span> <span class='ocrx_word' id='word_1_36' title='bbox 1005 638 1228 709; x_wconf 92' lang='lat' dir='ltr'><strong>jugibus</strong></span> <span class='ocrx_word' id='word_1_37' title='bbox 1259 641 1439 710; x_wconf 90' lang='lat' dir='ltr'><strong>potius</strong></span> <span class='ocrx_word' id='word_1_38' title='bbox 1465 643 1622 711; x_wconf 80' lang='lat' dir='ltr'><strong>aquis</strong></span> <span class='ocrx_word' id='word_1_39' title='bbox 1650 643 1853 713; x_wconf 84' lang='lat' dir='ltr'><strong>irrigua</strong></span> <span class='ocrx_word' id='word_1_40' title='bbox 1878 645 2033 700; x_wconf 88' lang='lat' dir='ltr'><strong>nasci</strong></span> 
     </span>
    </p>
   </div>
   <div class='ocr_carea' id='block_1_8' title="bbox 461 733 2035 802">
    <p class='ocr_par' dir='ltr' id='par_1_8' title="bbox 461 733 2035 802">
     <span class='ocr_line' id='line_1_8' title="bbox 461 733 2035 802; baseline 0.001 -11"><span class='ocrx_word' id='word_1_41' title='bbox 461 735 734 791; x_wconf 71' lang='lat' dir='ltr'><strong>videatur.</strong></span> <span class='ocrx_word' id='word_1_42' title='bbox 788 735 962 798; x_wconf 86' lang='lat' dir='ltr'><strong>Quam</strong></span> <span class='ocrx_word' id='word_1_43' title='bbox 1024 733 1189 802; x_wconf 90' lang='lat' dir='ltr'><strong>igitur</strong></span> <span class='ocrx_word' id='word_1_44' title='bbox 1226 734 1298 787; x_wconf 92' lang='lat' dir='ltr'><strong>ob</strong></span> <span class='ocrx_word' id='word_1_45' title='bbox 1349 749 1593 797; x_wconf 81' lang='lat' dir='ltr'><strong>causam,</strong></span> <span class='ocrx_word' id='word_1_46' title='bbox 1658 752 1782 791; x_wconf 88' lang='lat' dir='ltr'><strong>eum</strong></span> <span class='ocrx_word' id='word_1_47' title='bbox 1828 746 2035 793; x_wconf 62' lang='lat' dir='ltr'><strong>natura:</strong></span> 
     </span>
    </p>
   </div>
   <div class='ocr_carea' id='block_1_9' title="bbox 458 825 2035 897">
    <p class='ocr_par' dir='ltr' id='par_1_9' title="bbox 458 825 2035 897">
     <span class='ocr_line' id='line_1_9' title="bbox 458 825 2035 897; baseline 0.003 -15"><span class='ocrx_word' id='word_1_48' title='bbox 458 825 849 897; x_wconf 88' lang='lat' dir='ltr'><strong>corruptibiles</strong></span> <span class='ocrx_word' id='word_1_49' title='bbox 878 825 1009 887; x_wconf 81' lang='lat' dir='ltr'><strong>sint,</strong></span> <span class='ocrx_word' id='word_1_50' title='bbox 1034 836 1086 879; x_wconf 92' lang='lat' dir='ltr'><strong>et</strong></span> <span class='ocrx_word' id='word_1_51' title='bbox 1112 839 1343 894; x_wconf 89' lang='lat' dir='ltr'><strong>corpora</strong></span> <span class='ocrx_word' id='word_1_52' title='bbox 1372 826 1481 896; x_wconf 91' lang='lat' dir='ltr'><strong>igni</strong></span> <span class='ocrx_word' id='word_1_53' title='bbox 1504 841 1915 893; x_wconf 90' lang='lat' dir='ltr'><strong>consumantur,</strong></span> <span class='ocrx_word' id='word_1_54' title='bbox 1932 848 2035 886; x_wconf 89' lang='lat' dir='ltr'><strong>nec</strong></span> 
     </span>
    </p>
   </div>
   <div class='ocr_carea' id='block_1_10' title="bbox 461 916 2034 990">
    <p class='ocr_par' dir='ltr' id='par_1_10' title="bbox 461 916 2034 990">
     <span class='ocr_line' id='line_1_10' title="bbox 461 916 2034 990; baseline 0.002 -17"><span class='ocrx_word' id='word_1_55' title='bbox 461 919 580 974; x_wconf 89' lang='lat' dir='ltr'><strong>ﬁeri</strong></span> <span class='ocrx_word' id='word_1_56' title='bbox 610 917 784 988; x_wconf 83' lang='lat' dir='ltr'><strong>possit</strong></span> <span class='ocrx_word' id='word_1_57' title='bbox 813 924 872 972; x_wconf 93' lang='lat' dir='ltr'><strong>ut</strong></span> <span class='ocrx_word' id='word_1_58' title='bbox 907 916 1017 987; x_wconf 91' lang='lat' dir='ltr'><strong>igni</strong></span> <span class='ocrx_word' id='word_1_59' title='bbox 1053 916 1221 970; x_wconf 62' lang='lat' dir='ltr'><strong>illaesa</strong></span> <span class='ocrx_word' id='word_1_60' title='bbox 1275 928 1647 986; x_wconf 72' lang='lat' dir='ltr'><strong>permaneant,</strong></span> <span class='ocrx_word' id='word_1_61' title='bbox 1709 935 1829 990; x_wconf 68' lang='lat' dir='ltr'><strong>quae</strong></span> <span class='ocrx_word' id='word_1_62' title='bbox 1867 922 2034 976; x_wconf 86' lang='lat' dir='ltr'><strong>semel</strong></span> 
     </span>
    </p>
   </div>
   <div class='ocr_carea' id='block_1_11' title="bbox 464 1010 2035 1082">
    <p class='ocr_par' dir='ltr' id='par_1_11' title="bbox 464 1010 2035 1082">
     <span class='ocr_line' id='line_1_11' title="bbox 464 1010 2035 1082; baseline 0.003 -18"><span class='ocrx_word' id='word_1_63' title='bbox 464 1028 563 1082; x_wconf 85' lang='lat' dir='ltr'><strong>per</strong></span> <span class='ocrx_word' id='word_1_64' title='bbox 592 1020 844 1066; x_wconf 82' lang='lat' dir='ltr'><strong>naturam</strong></span> <span class='ocrx_word' id='word_1_65' title='bbox 880 1017 1007 1066; x_wconf 90' lang='lat' dir='ltr'><strong>sunt</strong></span> <span class='ocrx_word' id='word_1_66' title='bbox 1044 1010 1448 1065; x_wconf 87' lang='lat' dir='ltr'><strong>combustibilia</strong></span> <span class='ocrx_word' id='word_1_67' title='bbox 1494 1026 1508 1063; x_wconf 89' lang='lat'><strong>:</strong></span> <span class='ocrx_word' id='word_1_68' title='bbox 1547 1019 1759 1067; x_wconf 88' lang='lat' dir='ltr'><strong>tantum</strong></span> <span class='ocrx_word' id='word_1_69' title='bbox 1790 1014 1946 1069; x_wconf 88' lang='lat' dir='ltr'><strong>abest</strong></span> <span class='ocrx_word' id='word_1_70' title='bbox 1975 1021 2035 1069; x_wconf 83' lang='lat' dir='ltr'><strong>ut</strong></span> 
     </span>
    </p>
   </div>
   <div class='ocr_carea' id='block_1_12' title="bbox 463 1104 2034 1174">
    <p class='ocr_par' dir='ltr' id='par_1_12' title="bbox 463 1104 2034 1174">
     <span class='ocr_line' id='line_1_12' title="bbox 463 1104 2034 1174; baseline 0.001 -15"><span class='ocrx_word' id='word_1_71' title='bbox 463 1104 582 1159; x_wconf 69' lang='lat' dir='ltr'><strong>haec</strong></span> <span class='ocrx_word' id='word_1_72' title='bbox 628 1104 794 1159; x_wconf 84' lang='lat' dir='ltr'><strong>arbor</strong></span> <span class='ocrx_word' id='word_1_73' title='bbox 845 1109 1146 1167; x_wconf 76' lang='lat' dir='ltr'><strong>exuratur,</strong></span> <span class='ocrx_word' id='word_1_74' title='bbox 1213 1111 1272 1157; x_wconf 96' lang='lat' dir='ltr'><strong>ut</strong></span> <span class='ocrx_word' id='word_1_75' title='bbox 1314 1104 1497 1168; x_wconf 89' lang='lat' dir='ltr'><strong>etiam,</strong></span> <span class='ocrx_word' id='word_1_76' title='bbox 1550 1120 1860 1174; x_wconf 83' lang='lat' dir='ltr'><strong>quanquam</strong></span> <span class='ocrx_word' id='word_1_77' title='bbox 1910 1117 2034 1161; x_wconf 89' lang='lat' dir='ltr'><strong>nata</strong></span> 
     </span>
    </p>
   </div>
   <div class='ocr_carea' id='block_1_13' title="bbox 464 1193 2032 1268">
    <p class='ocr_par' dir='ltr' id='par_1_13' title="bbox 464 1193 2032 1268">
     <span class='ocr_line' id='line_1_13' title="bbox 464 1193 2032 1268; baseline 0.001 -17"><span class='ocrx_word' id='word_1_78' title='bbox 464 1195 738 1258; x_wconf 85' lang='lat' dir='ltr'><strong>comburi,</strong></span> <span class='ocrx_word' id='word_1_79' title='bbox 766 1193 1028 1249; x_wconf 89' lang='lat' dir='ltr'><strong>virentior</strong></span> <span class='ocrx_word' id='word_1_80' title='bbox 1053 1194 1282 1250; x_wconf 79' lang='lat' dir='ltr'><strong>exsistat</strong></span> <span class='ocrx_word' id='word_1_81' title='bbox 1313 1203 1476 1265; x_wconf 90' lang='lat' dir='ltr'><strong>atque</strong></span> <span class='ocrx_word' id='word_1_82' title='bbox 1508 1194 1824 1264; x_wconf 89' lang='lat' dir='ltr'><strong>ﬂorentior;</strong></span> <span class='ocrx_word' id='word_1_83' title='bbox 1848 1197 2032 1268; x_wconf 89' lang='lat' dir='ltr'><strong>idque.</strong></span> 
     </span>
    </p>
   </div>
   <div class='ocr_carea' id='block_1_14' title="bbox 464 1286 2034 1356">
    <p class='ocr_par' dir='ltr' id='par_1_14' title="bbox 464 1286 2034 1356">
     <span class='ocr_line' id='line_1_14' title="bbox 464 1286 2034 1356; baseline 0.002 -15"><span class='ocrx_word' id='word_1_84' title='bbox 464 1302 592 1341; x_wconf 90' lang='lat' dir='ltr'><strong>cum</strong></span> <span class='ocrx_word' id='word_1_85' title='bbox 625 1287 690 1340; x_wconf 90' lang='lat' dir='ltr'><strong>ad</strong></span> <span class='ocrx_word' id='word_1_86' title='bbox 714 1287 886 1356; x_wconf 86' lang='lat' dir='ltr'><strong>ipsius</strong></span> <span class='ocrx_word' id='word_1_87' title='bbox 940 1287 1058 1355; x_wconf 87' lang='lat' dir='ltr'><strong>ejus</strong></span> <span class='ocrx_word' id='word_1_88' title='bbox 1104 1287 1319 1343; x_wconf 79' lang='lat' dir='ltr'><strong>radices</strong></span> <span class='ocrx_word' id='word_1_89' title='bbox 1349 1287 1490 1356; x_wconf 85' lang='lat' dir='ltr'><strong>ignis</strong></span> <span class='ocrx_word' id='word_1_90' title='bbox 1525 1286 1769 1342; x_wconf 81' lang='lat' dir='ltr'><strong>foveatur</strong></span> <span class='ocrx_word' id='word_1_91' title='bbox 1817 1295 1873 1343; x_wconf 89' lang='lat' dir='ltr'><strong>et</strong></span> <span class='ocrx_word' id='word_1_92' title='bbox 1904 1304 2034 1345; x_wconf 91' lang='lat' dir='ltr'><strong>eru-</strong></span> 
     </span>
    </p>
   </div>
   <div class='ocr_carea' id='block_1_15' title="bbox 464 1378 2039 1450">
    <p class='ocr_par' dir='ltr' id='par_1_15' title="bbox 464 1378 2039 1450">
     <span class='ocr_line' id='line_1_15' title="bbox 464 1378 2039 1450; baseline 0.001 -16"><span class='ocrx_word' id='word_1_93' title='bbox 464 1386 597 1435; x_wconf 90' lang='lat' dir='ltr'><strong>ctet.</strong></span> <span class='ocrx_word' id='word_1_94' title='bbox 625 1378 772 1434; x_wconf 86' lang='lat' dir='ltr'><strong>Sane</strong></span> <span class='ocrx_word' id='word_1_95' title='bbox 796 1395 896 1450; x_wconf 84' lang='lat' dir='ltr'><strong>ego</strong></span> <span class='ocrx_word' id='word_1_96' title='bbox 924 1378 1211 1449; x_wconf 86' lang='lat' dir='ltr'><strong>decerptos</strong></span> <span class='ocrx_word' id='word_1_97' title='bbox 1257 1391 1289 1430; x_wconf 88' lang='lat' dir='ltr'><strong>e</strong></span> <span class='ocrx_word' id='word_1_98' title='bbox 1338 1379 1761 1450; x_wconf 88' lang='lat' dir='ltr'><strong>cireumjacente</strong></span> <span class='ocrx_word' id='word_1_99' title='bbox 1789 1382 1924 1437; x_wconf 89' lang='lat' dir='ltr'><strong>silva</strong></span> <span class='ocrx_word' id='word_1_100' title='bbox 1947 1398 2039 1437; x_wconf 89' lang='lat' dir='ltr'><strong>ar-</strong></span> 
     </span>
    </p>
   </div>
   <div class='ocr_carea' id='block_1_16' title="bbox 469 1471 2033 1545">
    <p class='ocr_par' dir='ltr' id='par_1_16' title="bbox 469 1471 2033 1545">
     <span class='ocr_line' id='line_1_16' title="bbox 469 1471 2033 1545; baseline 0.002 -17"><span class='ocrx_word' id='word_1_101' title='bbox 469 1472 687 1536; x_wconf 80' lang='lat' dir='ltr'><strong>borum,</strong></span> <span class='ocrx_word' id='word_1_102' title='bbox 717 1488 922 1535; x_wconf 85' lang='lat' dir='ltr'><strong>ramos,</strong></span> <span class='ocrx_word' id='word_1_103' title='bbox 958 1471 1013 1526; x_wconf 92' lang='lat' dir='ltr'><strong>in</strong></span> <span class='ocrx_word' id='word_1_104' title='bbox 1037 1471 1216 1543; x_wconf 87' lang='lat' dir='ltr'><strong>ignem</strong></span> <span class='ocrx_word' id='word_1_105' title='bbox 1248 1473 1359 1528; x_wconf 89' lang='lat' dir='ltr'><strong>illic</strong></span> <span class='ocrx_word' id='word_1_106' title='bbox 1387 1480 1759 1543; x_wconf 89' lang='lat' dir='ltr'><strong>erumpentem</strong></span> <span class='ocrx_word' id='word_1_107' title='bbox 1787 1475 2033 1545; x_wconf 83' lang='lat' dir='ltr'><strong>conieci;</strong></span> 
     </span>
    </p>
   </div>
   <div class='ocr_carea' id='block_1_17' title="bbox 467 1563 2034 1634">
    <p class='ocr_par' dir='ltr' id='par_1_17' title="bbox 467 1563 2034 1634">
     <span class='ocr_line' id='line_1_17' title="bbox 467 1563 2034 1634; baseline 0.001 -15"><span class='ocrx_word' id='word_1_108' title='bbox 467 1566 564 1634; x_wconf 91' lang='lat' dir='ltr'><strong>qui</strong></span> <span class='ocrx_word' id='word_1_109' title='bbox 624 1565 808 1619; x_wconf 84' lang='lat' dir='ltr'><strong>subito</strong></span> <span class='ocrx_word' id='word_1_110' title='bbox 856 1563 1094 1620; x_wconf 91' lang='lat' dir='ltr'><strong>ﬂammis</strong></span> <span class='ocrx_word' id='word_1_111' title='bbox 1148 1564 1407 1634; x_wconf 85' lang='lat' dir='ltr'><strong>correpti,</strong></span> <span class='ocrx_word' id='word_1_112' title='bbox 1440 1564 1497 1619; x_wconf 90' lang='lat' dir='ltr'><strong>in</strong></span> <span class='ocrx_word' id='word_1_113' title='bbox 1531 1564 1771 1621; x_wconf 87' lang='lat' dir='ltr'><strong>cinerem</strong></span> <span class='ocrx_word' id='word_1_114' title='bbox 1827 1566 2034 1621; x_wconf 87' lang='lat' dir='ltr'><strong>redacti</strong></span> 
     </span>
    </p>
   </div>
   <div class='ocr_carea' id='block_1_18' title="bbox 467 1655 2040 1727">
    <p class='ocr_par' dir='ltr' id='par_1_18' title="bbox 467 1655 2040 1727">
     <span class='ocr_line' id='line_1_18' title="bbox 467 1655 2040 1727; baseline 0.003 -15"><span class='ocrx_word' id='word_1_115' title='bbox 467 1664 618 1712; x_wconf 81' lang='lat' dir='ltr'><strong>sunt.</strong></span> <span class='ocrx_word' id='word_1_116' title='bbox 653 1655 805 1727; x_wconf 80' lang='lat' dir='ltr'><strong>Rogo</strong></span> <span class='ocrx_word' id='word_1_117' title='bbox 856 1656 1069 1726; x_wconf 88' lang='lat' dir='ltr'><strong>itaque.</strong></span> <span class='ocrx_word' id='word_1_118' title='bbox 1104 1656 1458 1726; x_wconf 85' lang='lat' dir='ltr'><strong>quamobrem</strong></span> <span class='ocrx_word' id='word_1_119' title='bbox 1487 1655 1633 1726; x_wconf 90' lang='lat' dir='ltr'><strong>quod</strong></span> <span class='ocrx_word' id='word_1_120' title='bbox 1686 1671 1862 1727; x_wconf 86' lang='lat' dir='ltr'><strong>neque</strong></span> <span class='ocrx_word' id='word_1_121' title='bbox 1904 1657 2040 1716; x_wconf 85' lang='lat' dir='ltr'><strong>solis</strong></span> 
     </span>
    </p>
   </div>
   <div class='ocr_carea' id='block_1_19' title="bbox 466 1746 2031 1819">
    <p class='ocr_par' dir='ltr' id='par_1_19' title="bbox 466 1746 2031 1819">
     <span class='ocr_line' id='line_1_19' title="bbox 466 1746 2031 1819; baseline 0.001 -17"><span class='ocrx_word' id='word_1_122' title='bbox 466 1755 659 1802; x_wconf 61' lang='lat' dir='ltr'><strong>astam</strong></span> <span class='ocrx_word' id='word_1_123' title='bbox 697 1746 839 1802; x_wconf 90' lang='lat' dir='ltr'><strong>ferre</strong></span> <span class='ocrx_word' id='word_1_124' title='bbox 868 1754 1068 1817; x_wconf 88' lang='lat' dir='ltr'><strong>potest,</strong></span> <span class='ocrx_word' id='word_1_125' title='bbox 1105 1747 1203 1803; x_wconf 87' lang='lat' dir='ltr'><strong>sed</strong></span> <span class='ocrx_word' id='word_1_126' title='bbox 1257 1747 1363 1802; x_wconf 87' lang='lat' dir='ltr'><strong>nisi</strong></span> <span class='ocrx_word' id='word_1_127' title='bbox 1408 1748 1663 1818; x_wconf 86' lang='lat' dir='ltr'><strong>irrigetur</strong></span> <span class='ocrx_word' id='word_1_128' title='bbox 1690 1756 2031 1819; x_wconf 90' lang='lat' dir='ltr'><strong>poteturque.</strong></span> 
     </span>
    </p>
   </div>
   <div class='ocr_carea' id='block_1_20' title="bbox 2136 554 3703 629">
    <p class='ocr_par' dir='ltr' id='par_1_20' title="bbox 2136 554 3703 629">
     <span class='ocr_line' id='line_1_20' title="bbox 2136 554 3703 629; baseline 0.003 -22"><span class='ocrx_word' id='word_1_129' title='bbox 2136 571 2226 608; x_wconf 84' lang='grc' dir='ltr'><strong>σαι</strong></span> <span class='ocrx_word' id='word_1_130' title='bbox 2252 554 2392 627; x_wconf 68' lang='grc' dir='ltr'>ὕδωρ</span> <span class='ocrx_word' id='word_1_131' title='bbox 2431 556 2629 626; x_wconf 82' lang='grc' dir='ltr'>μᾶλλον</span> <span class='ocrx_word' id='word_1_132' title='bbox 2679 557 2903 610; x_wconf 81' lang='grc' dir='ltr'>ἀὲνναον</span> <span class='ocrx_word' id='word_1_133' title='bbox 2950 557 3082 610; x_wconf 81' lang='grc' dir='ltr'>αὐτὸ</span> <span class='ocrx_word' id='word_1_134' title='bbox 3126 557 3569 629; x_wconf 75' lang='grc' dir='ltr'>βεϐλαστηκέναι.</span> <span class='ocrx_word' id='word_1_135' title='bbox 3621 556 3703 612; x_wconf 85' lang='grc' dir='ltr'><strong>Δι’</strong></span> 
     </span>
    </p>
   </div>
   <div class='ocr_carea' id='block_1_21' title="bbox 2132 643 3705 722">
    <p class='ocr_par' dir='ltr' id='par_1_21' title="bbox 2132 643 3705 722">
     <span class='ocr_line' id='line_1_21' title="bbox 2132 643 3705 722; baseline 0.001 -21"><span class='ocrx_word' id='word_1_136' title='bbox 2132 648 2199 718; x_wconf 76' lang='grc' dir='ltr'>ἢν</span> <span class='ocrx_word' id='word_1_137' title='bbox 2224 647 2400 701; x_wconf 79' lang='grc' dir='ltr'>αἰτίαν</span> <span class='ocrx_word' id='word_1_138' title='bbox 2423 643 2536 712; x_wconf 84' lang='grc' dir='ltr'>οῦν,</span> <span class='ocrx_word' id='word_1_139' title='bbox 2563 649 2612 701; x_wconf 84' lang='grc' dir='ltr'><strong>εί</strong></span> <span class='ocrx_word' id='word_1_140' title='bbox 2635 648 2823 718; x_wconf 84' lang='grc' dir='ltr'>φύσεις</span> <span class='ocrx_word' id='word_1_141' title='bbox 2848 650 2954 702; x_wconf 75' lang='grc' dir='ltr'>εἰσὶ</span> <span class='ocrx_word' id='word_1_142' title='bbox 2976 650 3249 721; x_wconf 82' lang='grc' dir='ltr'><strong>φθαρτῶν,</strong></span> <span class='ocrx_word' id='word_1_143' title='bbox 3280 650 3371 704; x_wconf 73' lang='grc' dir='ltr'>καὶ</span> <span class='ocrx_word' id='word_1_144' title='bbox 3402 651 3505 703; x_wconf 75' lang='grc' dir='ltr'><strong>ὑπὸ</strong></span> <span class='ocrx_word' id='word_1_145' title='bbox 3535 650 3705 722; x_wconf 64' lang='grc' dir='ltr'>πυρὸς</span> 
     </span>
    </p>
   </div>
   <div class='ocr_carea' id='block_1_22' title="bbox 2132 740 3705 811">
    <p class='ocr_par' dir='ltr' id='par_1_22' title="bbox 2132 740 3705 811">
     <span class='ocr_line' id='line_1_22' title="bbox 2132 740 3705 811; baseline 0.003 -18"><span class='ocrx_word' id='word_1_146' title='bbox 2132 740 2673 811; x_wconf 77' lang='grc' dir='ltr'><strong>καταναλισκομένων</strong></span> <span class='ocrx_word' id='word_1_147' title='bbox 2699 742 2985 811; x_wconf 76' lang='grc' dir='ltr'>σωμάτων,</span> <span class='ocrx_word' id='word_1_148' title='bbox 3034 743 3127 796; x_wconf 66' lang='grc' dir='ltr'><strong>κα)⁵</strong></span> <span class='ocrx_word' id='word_1_149' title='bbox 3162 743 3421 797; x_wconf 82' lang='grc' dir='ltr'>ἀδύνατον</span> <span class='ocrx_word' id='word_1_150' title='bbox 3456 742 3705 797; x_wconf 72' lang='grc' dir='ltr'>ἄκαυστα</span> 
     </span>
    </p>
   </div>
   <div class='ocr_carea' id='block_1_23' title="bbox 2132 831 3700 907">
    <p class='ocr_par' dir='ltr' id='par_1_23' title="bbox 2132 831 3700 907">
     <span class='ocr_line' id='line_1_23' title="bbox 2132 831 3700 907; baseline 0.003 -22"><span class='ocrx_word' id='word_1_151' title='bbox 2132 831 2400 901; x_wconf 82' lang='grc' dir='ltr'>διαμεῖναι</span> <span class='ocrx_word' id='word_1_152' title='bbox 2419 833 2488 886; x_wconf 85' lang='grc' dir='ltr'>τὰ</span> <span class='ocrx_word' id='word_1_153' title='bbox 2512 832 2654 899; x_wconf 73' lang='grc' dir='ltr'>ἅπαξ</span> <span class='ocrx_word' id='word_1_154' title='bbox 2672 833 2884 903; x_wconf 84' lang='grc' dir='ltr'>φύσεως</span> <span class='ocrx_word' id='word_1_155' title='bbox 2903 836 3211 907; x_wconf 78' lang='grc' dir='ltr'>ὑπάρχοντα</span> <span class='ocrx_word' id='word_1_156' title='bbox 3240 837 3339 907; x_wconf 84' lang='grc' dir='ltr'>τῆς</span> <span class='ocrx_word' id='word_1_157' title='bbox 3370 837 3665 906; x_wconf 81' lang='grc' dir='ltr'>καυστικῆς</span> <span class='ocrx_word' id='word_1_158' title='bbox 3682 852 3700 867; x_wconf 92' lang='grc'><strong>·</strong></span> 
     </span>
    </p>
   </div>
   <div class='ocr_carea' id='block_1_24' title="bbox 2131 922 3704 997">
    <p class='ocr_par' dir='ltr' id='par_1_24' title="bbox 2131 922 3704 997">
     <span class='ocr_line' id='line_1_24' title="bbox 2131 922 3704 997; baseline 0.005 -22"><span class='ocrx_word' id='word_1_159' title='bbox 2131 922 2192 975; x_wconf 86' lang='grc' dir='ltr'><strong>ού</strong></span> <span class='ocrx_word' id='word_1_160' title='bbox 2249 924 2406 993; x_wconf 88' lang='grc' dir='ltr'>μόνον</span> <span class='ocrx_word' id='word_1_161' title='bbox 2466 925 2527 977; x_wconf 79' lang='grc' dir='ltr'><strong>ού</strong></span> <span class='ocrx_word' id='word_1_162' title='bbox 2582 924 2980 994; x_wconf 80' lang='grc' dir='ltr'>καταφλέγεται</span> <span class='ocrx_word' id='word_1_163' title='bbox 3041 926 3102 980; x_wconf 81' lang='grc' dir='ltr'>τὸ</span> <span class='ocrx_word' id='word_1_164' title='bbox 3149 928 3314 997; x_wconf 84' lang='grc' dir='ltr'>φυτὸν</span> <span class='ocrx_word' id='word_1_165' title='bbox 3369 927 3545 992; x_wconf 84' lang='grc' dir='ltr'>τοῦτο,</span> <span class='ocrx_word' id='word_1_166' title='bbox 3585 928 3704 983; x_wconf 82' lang='grc' dir='ltr'>ἀλλ’</span> 
     </span>
    </p>
   </div>
   <div class='ocr_carea' id='block_1_25' title="bbox 2134 1016 3702 1091">
    <p class='ocr_par' dir='ltr' id='par_1_25' title="bbox 2134 1016 3702 1091">
     <span class='ocr_line' id='line_1_25' title="bbox 2134 1016 3702 1091; baseline 0.003 -22"><span class='ocrx_word' id='word_1_167' title='bbox 2134 1016 2494 1087; x_wconf 76' lang='grc' dir='ltr'><strong>ἀκμαιότερον</strong></span> <span class='ocrx_word' id='word_1_168' title='bbox 2537 1019 2733 1088; x_wconf 77' lang='grc' dir='ltr'>μᾶλλον</span> <span class='ocrx_word' id='word_1_169' title='bbox 2764 1019 2995 1091; x_wconf 79' lang='grc' dir='ltr'><strong>ὑπάρχει</strong></span> <span class='ocrx_word' id='word_1_170' title='bbox 3032 1020 3127 1073; x_wconf 77' lang='grc' dir='ltr'>καὶ</span> <span class='ocrx_word' id='word_1_171' title='bbox 3164 1020 3537 1091; x_wconf 84' lang='grc' dir='ltr'>χλοηρότερον,</span> <span class='ocrx_word' id='word_1_172' title='bbox 3581 1019 3610 1072; x_wconf 82' lang='grc' dir='ltr'>δ</span> <span class='ocrx_word' id='word_1_173' title='bbox 3634 1021 3702 1091; x_wconf 80' lang='grc' dir='ltr'>τῇ</span> 
     </span>
    </p>
   </div>
   <div class='ocr_carea' id='block_1_26' title="bbox 2134 1107 3707 1182">
    <p class='ocr_par' dir='ltr' id='par_1_26' title="bbox 2134 1107 3707 1182">
     <span class='ocr_line' id='line_1_26' title="bbox 2134 1107 3707 1182; baseline 0.003 -23"><span class='ocrx_word' id='word_1_174' title='bbox 2134 1107 2291 1176; x_wconf 84' lang='grc' dir='ltr'>φύσει</span> <span class='ocrx_word' id='word_1_175' title='bbox 2316 1109 2431 1161; x_wconf 78' lang='grc' dir='ltr'>ἐστὶ</span> <span class='ocrx_word' id='word_1_176' title='bbox 2452 1110 2705 1174; x_wconf 79' lang='grc' dir='ltr'>καυστὸν,</span> <span class='ocrx_word' id='word_1_177' title='bbox 2755 1111 2847 1165; x_wconf 78' lang='grc' dir='ltr'><strong>καὶ</strong></span> <span class='ocrx_word' id='word_1_178' title='bbox 2880 1110 3052 1165; x_wconf 87' lang='grc' dir='ltr'>ταῦτα</span> <span class='ocrx_word' id='word_1_179' title='bbox 3082 1113 3210 1182; x_wconf 79' lang='grc' dir='ltr'>περὶ</span> <span class='ocrx_word' id='word_1_180' title='bbox 3229 1112 3397 1173; x_wconf 75' lang='grc' dir='ltr'>αὑτὰς</span> <span class='ocrx_word' id='word_1_181' title='bbox 3416 1110 3577 1164; x_wconf 70' lang='grc' dir='ltr'>αὑτοῦ</span> <span class='ocrx_word' id='word_1_182' title='bbox 3605 1115 3707 1175; x_wconf 71' lang='grc' dir='ltr'>τὰς</span> 
     </span>
    </p>
   </div>
   <div class='ocr_carea' id='block_1_27' title="bbox 2136 1198 3706 1273">
    <p class='ocr_par' dir='ltr' id='par_1_27' title="bbox 2136 1198 3706 1273">
     <span class='ocr_line' id='line_1_27' title="bbox 2136 1198 3706 1273; baseline 0.001 -22"><span class='ocrx_word' id='word_1_183' title='bbox 2136 1199 2290 1269; x_wconf 75' lang='grc' dir='ltr'>ῥίζας</span> <span class='ocrx_word' id='word_1_184' title='bbox 2325 1198 2418 1253; x_wconf 86' lang='grc' dir='ltr'><strong>τοῦ</strong></span> <span class='ocrx_word' id='word_1_185' title='bbox 2464 1200 2633 1271; x_wconf 87' lang='grc' dir='ltr'>πυρὸς</span> <span class='ocrx_word' id='word_1_186' title='bbox 2681 1202 3065 1273; x_wconf 77' lang='grc' dir='ltr'>ὲντυφομὲνου.</span> <span class='ocrx_word' id='word_1_187' title='bbox 3120 1201 3365 1265; x_wconf 84' lang='grc' dir='ltr'>Κλάδους</span> <span class='ocrx_word' id='word_1_188' title='bbox 3416 1200 3547 1270; x_wconf 90' lang='grc' dir='ltr'>γοῦν</span> <span class='ocrx_word' id='word_1_189' title='bbox 3594 1199 3706 1269; x_wconf 76' lang='grc' dir='ltr'><strong>ἐγὼ</strong></span> 
     </span>
    </p>
   </div>
   <div class='ocr_carea' id='block_1_28' title="bbox 2133 1286 3708 1365">
    <p class='ocr_par' dir='ltr' id='par_1_28' title="bbox 2133 1286 3708 1365">
     <span class='ocr_line' id='line_1_28' title="bbox 2133 1286 3708 1365; baseline 0.002 -24"><span class='ocrx_word' id='word_1_190' title='bbox 2133 1286 2362 1361; x_wconf 83' lang='grc' dir='ltr'>δένδρων</span> <span class='ocrx_word' id='word_1_191' title='bbox 2411 1292 2477 1343; x_wconf 81' lang='grc' dir='ltr'>ὲκ</span> <span class='ocrx_word' id='word_1_192' title='bbox 2525 1292 2624 1360; x_wconf 80' lang='grc' dir='ltr'>τῆς</span> <span class='ocrx_word' id='word_1_193' title='bbox 2668 1292 3073 1365; x_wconf 78' lang='grc' dir='ltr'><strong>παρακειμένης</strong></span> <span class='ocrx_word' id='word_1_194' title='bbox 3100 1292 3229 1362; x_wconf 76' lang='grc' dir='ltr'>ὕλης</span> <span class='ocrx_word' id='word_1_195' title='bbox 3263 1291 3463 1364; x_wconf 67' lang='grc' dir='ltr'>ἔρριψα</span> <span class='ocrx_word' id='word_1_196' title='bbox 3492 1290 3611 1345; x_wconf 87' lang='grc' dir='ltr'>καθ’</span> <span class='ocrx_word' id='word_1_197' title='bbox 3648 1290 3708 1344; x_wconf 84' lang='grc' dir='ltr'>ὃν</span> 
     </span>
    </p>
   </div>
   <div class='ocr_carea' id='block_1_29' title="bbox 2134 1380 3709 1453">
    <p class='ocr_par' dir='ltr' id='par_1_29' title="bbox 2134 1380 3709 1453">
     <span class='ocr_line' id='line_1_29' title="bbox 2134 1380 3709 1453; baseline 0.001 -21"><span class='ocrx_word' id='word_1_198' title='bbox 2134 1380 2485 1452; x_wconf 80' lang='grc' dir='ltr'><strong>ἀνερεύγεται</strong></span> <span class='ocrx_word' id='word_1_199' title='bbox 2531 1384 2593 1436; x_wconf 79' lang='grc' dir='ltr'>τὸ</span> <span class='ocrx_word' id='word_1_200' title='bbox 2651 1382 2761 1453; x_wconf 89' lang='grc' dir='ltr'><strong>πῦρ</strong></span> <span class='ocrx_word' id='word_1_201' title='bbox 2808 1384 2992 1447; x_wconf 86' lang='grc' dir='ltr'>τόπον,</span> <span class='ocrx_word' id='word_1_202' title='bbox 3037 1384 3131 1437; x_wconf 78' lang='grc' dir='ltr'>καὶ</span> <span class='ocrx_word' id='word_1_203' title='bbox 3163 1382 3365 1447; x_wconf 79' lang='grc' dir='ltr'>εὐθέως</span> <span class='ocrx_word' id='word_1_204' title='bbox 3410 1385 3490 1447; x_wconf 78' lang='grc' dir='ltr'><strong>είς</strong></span> <span class='ocrx_word' id='word_1_205' title='bbox 3534 1381 3709 1452; x_wconf 80' lang='grc' dir='ltr'>φλόγα</span> 
     </span>
    </p>
   </div>
   <div class='ocr_carea' id='block_1_30' title="bbox 2134 1471 3708 1546">
    <p class='ocr_par' dir='ltr' id='par_1_30' title="bbox 2134 1471 3708 1546">
     <span class='ocr_line' id='line_1_30' title="bbox 2134 1471 3708 1546; baseline 0.001 -20"><span class='ocrx_word' id='word_1_206' title='bbox 2134 1471 2390 1542; x_wconf 75' lang='grc' dir='ltr'><strong>ἀρθέντες</strong></span> <span class='ocrx_word' id='word_1_207' title='bbox 2413 1473 2819 1544; x_wconf 78' lang='grc' dir='ltr'>ὲτεφρώθησαν.</span> <span class='ocrx_word' id='word_1_208' title='bbox 2836 1475 3085 1546; x_wconf 70' lang='grc' dir='ltr'>Φράσατε</span> <span class='ocrx_word' id='word_1_209' title='bbox 3112 1471 3205 1529; x_wconf 81' lang='grc' dir='ltr'>οὖν</span> <span class='ocrx_word' id='word_1_210' title='bbox 3231 1473 3314 1545; x_wconf 83' lang='grc' dir='ltr'>δὴ,</span> <span class='ocrx_word' id='word_1_211' title='bbox 3336 1474 3403 1527; x_wconf 81' lang='grc' dir='ltr'>δι’</span> <span class='ocrx_word' id='word_1_212' title='bbox 3432 1475 3498 1546; x_wconf 77' lang='grc' dir='ltr'>ἢν</span> <span class='ocrx_word' id='word_1_213' title='bbox 3529 1471 3708 1528; x_wconf 79' lang='grc' dir='ltr'>αἰτίαν</span> 
     </span>
    </p>
   </div>
   <div class='ocr_carea' id='block_1_31' title="bbox 2133 1562 3708 1637">
    <p class='ocr_par' dir='ltr' id='par_1_31' title="bbox 2133 1562 3708 1637">
     <span class='ocr_line' id='line_1_31' title="bbox 2133 1562 3708 1637; baseline 0 -22"><span class='ocrx_word' id='word_1_214' title='bbox 2133 1563 2194 1616; x_wconf 82' lang='grc' dir='ltr'>τὸ</span> <span class='ocrx_word' id='word_1_215' title='bbox 2211 1562 2285 1634; x_wconf 74' lang='grc' dir='ltr'>μὴ</span> <span class='ocrx_word' id='word_1_216' title='bbox 2313 1564 2581 1635; x_wconf 81' lang='grc' dir='ltr'>ὑποφέρον</span> <span class='ocrx_word' id='word_1_217' title='bbox 2600 1564 2734 1636; x_wconf 80' lang='grc' dir='ltr'>μηδὲ</span> <span class='ocrx_word' id='word_1_218' title='bbox 2756 1565 2856 1636; x_wconf 79' lang='grc' dir='ltr'>τὴν</span> <span class='ocrx_word' id='word_1_219' title='bbox 2890 1564 2950 1629; x_wconf 78' lang='grc' dir='ltr'><strong>ἐξ</strong></span> <span class='ocrx_word' id='word_1_220' title='bbox 2967 1565 3119 1637; x_wconf 83' lang='grc' dir='ltr'>ηλίου</span> <span class='ocrx_word' id='word_1_221' title='bbox 3143 1564 3398 1631; x_wconf 76' lang='grc' dir='ltr'>δέξασθαι</span> <span class='ocrx_word' id='word_1_222' title='bbox 3423 1563 3708 1633; x_wconf 76' lang='grc' dir='ltr'>ἔκκαυσιν,</span> 
     </span>
    </p>
   </div>
   <div class='ocr_carea' id='block_1_32' title="bbox 2135 1650 3711 1729">
    <p class='ocr_par' dir='ltr' id='par_1_32' title="bbox 2135 1650 3711 1729">
     <span class='ocr_line' id='line_1_32' title="bbox 2135 1650 3711 1729; baseline 0 -21"><span class='ocrx_word' id='word_1_223' title='bbox 2135 1655 2268 1709; x_wconf 72' lang='grc' dir='ltr'>ἀλλὰ</span> <span class='ocrx_word' id='word_1_224' title='bbox 2300 1654 2686 1728; x_wconf 80' lang='grc' dir='ltr'>ξηραινόμενον</span> <span class='ocrx_word' id='word_1_225' title='bbox 2718 1657 2812 1710; x_wconf 79' lang='grc' dir='ltr'>ἐὰν</span> <span class='ocrx_word' id='word_1_226' title='bbox 2840 1656 2915 1729; x_wconf 81' lang='grc' dir='ltr'>μὴ</span> <span class='ocrx_word' id='word_1_227' title='bbox 2953 1650 3187 1729; x_wconf 80' lang='grc' dir='ltr'>ἀρδευθῇ</span> <span class='ocrx_word' id='word_1_228' title='bbox 3224 1656 3445 1728; x_wconf 83' lang='grc' dir='ltr'>βραχὲν,</span> <span class='ocrx_word' id='word_1_229' title='bbox 3470 1654 3711 1726; x_wconf 79' lang='grc' dir='ltr'>τοσούτῳ</span> 
     </span>
    </p>
   </div>
   <div class='ocr_carea' id='block_1_33' title="bbox 2142 1746 3711 1819">
    <p class='ocr_par' dir='ltr' id='par_1_33' title="bbox 2142 1746 3711 1819">
     <span class='ocr_line' id='line_1_33' title="bbox 2142 1746 3711 1819; baseline 0 -20"><span class='ocrx_word' id='word_1_230' title='bbox 2142 1747 2310 1817; x_wconf 77' lang='grc' dir='ltr'>πυρὸς</span> <span class='ocrx_word' id='word_1_231' title='bbox 2338 1747 2562 1819; x_wconf 83' lang='grc' dir='ltr'>φλογμῷ</span> <span class='ocrx_word' id='word_1_232' title='bbox 2587 1750 2938 1819; x_wconf 85' lang='grc' dir='ltr'>συνεχόμενον</span> <span class='ocrx_word' id='word_1_233' title='bbox 2973 1750 3035 1802; x_wconf 84' lang='grc' dir='ltr'>οὐ</span> <span class='ocrx_word' id='word_1_234' title='bbox 3063 1748 3540 1811; x_wconf 82' lang='grc' dir='ltr'>καταναλίσκεται,</span> <span class='ocrx_word' id='word_1_235' title='bbox 3575 1746 3711 1800; x_wconf 80' lang='grc' dir='ltr'>ἀλλὰ.</span> 
     </span>
    </p>
   </div>
   <div class='ocr_carea' id='block_1_34' title="bbox 465 1825 2042 1909">
    <p class='ocr_par' dir='ltr' id='par_1_34' title="bbox 465 1837 2031 1905">
     <span class='ocr_line' id='line_1_34' title="bbox 465 1837 2031 1905; baseline -0.001 -12"><span class='ocrx_word' id='word_1_236' title='bbox 465 1838 689 1905; x_wconf 82' lang='lat' dir='ltr'><strong>arescit,</strong></span> <span class='ocrx_word' id='word_1_237' title='bbox 713 1846 1030 1893; x_wconf 90' lang='lat' dir='ltr'><strong>coarctante</strong></span> <span class='ocrx_word' id='word_1_238' title='bbox 1059 1845 1213 1892; x_wconf 90' lang='lat' dir='ltr'><strong>tanto</strong></span> <span class='ocrx_word' id='word_1_239' title='bbox 1240 1837 1514 1903; x_wconf 91' lang='lat' dir='ltr'><strong>incendio,</strong></span> <span class='ocrx_word' id='word_1_240' title='bbox 1546 1853 1652 1893; x_wconf 88' lang='lat' dir='ltr'><strong>non</strong></span> <span class='ocrx_word' id='word_1_241' title='bbox 1674 1840 2031 1905; x_wconf 89' lang='lat' dir='ltr'><strong>consumitur;</strong></span> 
     </span>
    </p>
   </div>
   <div class='ocr_carea' id='block_1_35' title="bbox 2147 1825 3712 1909">
    <p class='ocr_par' dir='ltr' id='par_1_35' title="bbox 2147 1834 3712 1909">
     <span class='ocr_line' id='line_1_35' title="bbox 2147 1834 3712 1909; baseline -0.001 -19"><span class='ocrx_word' id='word_1_242' title='bbox 2147 1834 2202 1908; x_wconf 70' lang='grc' dir='ltr'><strong>τῇ</strong></span> <span class='ocrx_word' id='word_1_243' title='bbox 2255 1853 2315 1889; x_wconf 85' lang='grc' dir='ltr'><strong>τε</strong></span> <span class='ocrx_word' id='word_1_244' title='bbox 2356 1838 2451 1891; x_wconf 75' lang='grc' dir='ltr'>καὶ</span> <span class='ocrx_word' id='word_1_245' title='bbox 2501 1838 2722 1906; x_wconf 83' lang='grc' dir='ltr'>θάλλει;</span> <span class='ocrx_word' id='word_1_246' title='bbox 2785 1838 2849 1892; x_wconf 88' lang='grc' dir='ltr'>Τί</span> <span class='ocrx_word' id='word_1_247' title='bbox 2875 1835 2968 1893; x_wconf 76' lang='grc' dir='ltr'><strong>οὖν</strong></span> <span class='ocrx_word' id='word_1_248' title='bbox 3015 1838 3261 1909; x_wconf 83' lang='grc' dir='ltr'>βούλεται</span> <span class='ocrx_word' id='word_1_249' title='bbox 3285 1839 3346 1892; x_wconf 84' lang='grc' dir='ltr'><strong>τὺ</strong></span> <span class='ocrx_word' id='word_1_250' title='bbox 3376 1837 3712 1909; x_wconf 75' lang='grc' dir='ltr'>παράδοξονς</span> 
     </span>
    </p>
   </div>
   <div class='ocr_carea' id='block_1_36' title="bbox 466 1927 2037 2001">
    <p class='ocr_par' dir='ltr' id='par_1_36' title="bbox 466 1927 2037 2001">
     <span class='ocr_line' id='line_1_36' title="bbox 466 1927 2037 2001; baseline -0.001 -17"><span class='ocrx_word' id='word_1_251' title='bbox 466 1930 604 2001; x_wconf 89' lang='lat' dir='ltr'><strong>quin</strong></span> <span class='ocrx_word' id='word_1_252' title='bbox 636 1929 771 1983; x_wconf 90' lang='lat' dir='ltr'><strong>vivit</strong></span> <span class='ocrx_word' id='word_1_253' title='bbox 791 1936 843 1984; x_wconf 87' lang='lat' dir='ltr'><strong>et</strong></span> <span class='ocrx_word' id='word_1_254' title='bbox 894 1927 1091 1985; x_wconf 81' lang='lat' dir='ltr'><strong>ﬂoret?</strong></span> <span class='ocrx_word' id='word_1_255' title='bbox 1115 1927 1256 1995; x_wconf 84' lang='lat' dir='ltr'><strong>Quid</strong></span> <span class='ocrx_word' id='word_1_256' title='bbox 1298 1929 1401 1984; x_wconf 83' lang='lat' dir='ltr'><strong>sibi</strong></span> <span class='ocrx_word' id='word_1_257' title='bbox 1436 1943 1566 1998; x_wconf 89' lang='lat' dir='ltr'><strong>ergo</strong></span> <span class='ocrx_word' id='word_1_258' title='bbox 1587 1928 1701 1983; x_wconf 89' lang='lat' dir='ltr'><strong>vult</strong></span> <span class='ocrx_word' id='word_1_259' title='bbox 1734 1929 1837 1985; x_wconf 87' lang='lat' dir='ltr'><strong>hoc</strong></span> <span class='ocrx_word' id='word_1_260' title='bbox 1869 1929 2037 1985; x_wconf 86' lang='lat' dir='ltr'><strong>mira-</strong></span> 
     </span>
    </p>
   </div>
   <div class='ocr_carea' id='block_1_37' title="bbox 466 2019 2036 2078">
    <p class='ocr_par' dir='ltr' id='par_1_37' title="bbox 466 2019 2036 2078">
     <span class='ocr_line' id='line_1_37' title="bbox 466 2019 2036 2078; baseline -0.001 0"><span class='ocrx_word' id='word_1_261' title='bbox 466 2022 699 2078; x_wconf 80' lang='lat' dir='ltr'><strong>culum?</strong></span> <span class='ocrx_word' id='word_1_262' title='bbox 747 2019 935 2077; x_wconf 82' lang='lat' dir='ltr'><strong>Posuit</strong></span> <span class='ocrx_word' id='word_1_263' title='bbox 996 2020 1140 2077; x_wconf 86' lang='lat' dir='ltr'><strong>Deus</strong></span> <span class='ocrx_word' id='word_1_264' title='bbox 1191 2020 1387 2077; x_wconf 68' lang='lat' dir='ltr'><strong>futura:</strong></span> <span class='ocrx_word' id='word_1_265' title='bbox 1443 2020 1552 2078; x_wconf 90' lang='lat' dir='ltr'><strong>diei</strong></span> <span class='ocrx_word' id='word_1_266' title='bbox 1579 2021 1726 2078; x_wconf 86' lang='lat' dir='ltr'><strong>illius</strong></span> <span class='ocrx_word' id='word_1_267' title='bbox 1773 2021 2036 2077; x_wconf 88' lang='lat' dir='ltr'><strong>indicium</strong></span> 
     </span>
    </p>
   </div>
   <div class='ocr_carea' id='block_1_38' title="bbox 466 2113 2038 2186">
    <p class='ocr_par' dir='ltr' id='par_1_38' title="bbox 466 2113 2038 2186">
     <span class='ocr_line' id='line_1_38' title="bbox 466 2113 2038 2186; baseline -0.002 -15"><span class='ocrx_word' id='word_1_268' title='bbox 466 2114 745 2186; x_wconf 83' lang='lat' dir='ltr'><strong>quoddam</strong></span> <span class='ocrx_word' id='word_1_269' title='bbox 765 2122 822 2169; x_wconf 88' lang='lat' dir='ltr'><strong>et</strong></span> <span class='ocrx_word' id='word_1_270' title='bbox 845 2113 1092 2179; x_wconf 89' lang='lat' dir='ltr'><strong>initium,</strong></span> <span class='ocrx_word' id='word_1_271' title='bbox 1123 2120 1181 2167; x_wconf 91' lang='lat' dir='ltr'><strong>ut</strong></span> <span class='ocrx_word' id='word_1_272' title='bbox 1198 2114 1460 2179; x_wconf 86' lang='lat' dir='ltr'><strong>sciamus,</strong></span> <span class='ocrx_word' id='word_1_273' title='bbox 1492 2113 1609 2171; x_wconf 88' lang='lat' dir='ltr'><strong>fore</strong></span> <span class='ocrx_word' id='word_1_274' title='bbox 1639 2122 1699 2169; x_wconf 91' lang='lat' dir='ltr'><strong>ut</strong></span> <span class='ocrx_word' id='word_1_275' title='bbox 1728 2115 1853 2186; x_wconf 86' lang='lat' dir='ltr'><strong>igne</strong></span> <span class='ocrx_word' id='word_1_276' title='bbox 1882 2115 2038 2171; x_wconf 65' lang='lat' dir='ltr'><strong>coali-</strong></span> 
     </span>
    </p>
   </div>
   <div class='ocr_carea' id='block_1_39' title="bbox 468 2206 2036 2280">
    <p class='ocr_par' dir='ltr' id='par_1_39' title="bbox 468 2206 2036 2280">
     <span class='ocr_line' id='line_1_39' title="bbox 468 2206 2036 2280; baseline -0.002 -15"><span class='ocrx_word' id='word_1_277' title='bbox 468 2217 561 2265; x_wconf 86' lang='lat' dir='ltr'><strong>tus</strong></span> <span class='ocrx_word' id='word_1_278' title='bbox 582 2209 820 2280; x_wconf 89' lang='lat' dir='ltr'><strong>pluente,</strong></span> <span class='ocrx_word' id='word_1_279' title='bbox 844 2206 1318 2263; x_wconf 86' lang='lat' dir='ltr'><strong>omnibusobrutis</strong></span> <span class='ocrx_word' id='word_1_280' title='bbox 1345 2207 1776 2277; x_wconf 72' lang='lat' dir='ltr'><strong>absumptisque,</strong></span> <span class='ocrx_word' id='word_1_281' title='bbox 1805 2222 2036 2280; x_wconf 81' lang='lat' dir='ltr'><strong>corpora</strong></span> 
     </span>
    </p>
   </div>
   <div class='ocr_carea' id='block_1_40' title="bbox 470 2296 2038 2369">
    <p class='ocr_par' dir='ltr' id='par_1_40' title="bbox 470 2296 2038 2369">
     <span class='ocr_line' id='line_1_40' title="bbox 470 2296 2038 2369; baseline -0.001 -15"><span class='ocrx_word' id='word_1_282' title='bbox 470 2300 566 2355; x_wconf 87' lang='lat' dir='ltr'><strong>illa</strong></span> <span class='ocrx_word' id='word_1_283' title='bbox 623 2314 745 2369; x_wconf 75' lang='lat' dir='ltr'><strong>qua:</strong></span> <span class='ocrx_word' id='word_1_284' title='bbox 793 2298 1109 2353; x_wconf 83' lang='lat' dir='ltr'><strong>claruerunt</strong></span> <span class='ocrx_word' id='word_1_285' title='bbox 1139 2297 1195 2352; x_wconf 92' lang='lat' dir='ltr'><strong>in</strong></span> <span class='ocrx_word' id='word_1_286' title='bbox 1226 2296 1477 2354; x_wconf 83' lang='lat' dir='ltr'><strong>castitate</strong></span> <span class='ocrx_word' id='word_1_287' title='bbox 1535 2305 1591 2353; x_wconf 92' lang='lat' dir='ltr'><strong>et</strong></span> <span class='ocrx_word' id='word_1_288' title='bbox 1642 2298 1881 2368; x_wconf 88' lang='lat' dir='ltr'><strong>justitia,</strong></span> <span class='ocrx_word' id='word_1_289' title='bbox 1938 2311 2038 2367; x_wconf 85' lang='lat' dir='ltr'><strong>per</strong></span> 
     </span>
    </p>
   </div>
   <div class='ocr_carea' id='block_1_41' title="bbox 474 2388 2038 2463">
    <p class='ocr_par' dir='ltr' id='par_1_41' title="bbox 474 2388 2038 2463">
     <span class='ocr_line' id='line_1_41' title="bbox 474 2388 2038 2463; baseline -0.003 -15"><span class='ocrx_word' id='word_1_290' title='bbox 474 2394 651 2463; x_wconf 84' lang='lat' dir='ltr'><strong>ignem</strong></span> <span class='ocrx_word' id='word_1_291' title='bbox 686 2407 795 2446; x_wconf 91' lang='lat' dir='ltr'><strong>non</strong></span> <span class='ocrx_word' id='word_1_292' title='bbox 816 2406 975 2448; x_wconf 86' lang='lat' dir='ltr'><strong>secus</strong></span> <span class='ocrx_word' id='word_1_293' title='bbox 1006 2406 1069 2444; x_wconf 85' lang='lat' dir='ltr'><strong>ac</strong></span> <span class='ocrx_word' id='word_1_294' title='bbox 1099 2405 1194 2460; x_wconf 81' lang='lat' dir='ltr'><strong>per</strong></span> <span class='ocrx_word' id='word_1_295' title='bbox 1237 2404 1431 2460; x_wconf 89' lang='lat' dir='ltr'><strong>aquam</strong></span> <span class='ocrx_word' id='word_1_296' title='bbox 1475 2388 1748 2459; x_wconf 81' lang='lat' dir='ltr'><strong>frigidam,</strong></span> <span class='ocrx_word' id='word_1_297' title='bbox 1780 2390 1899 2445; x_wconf 90' lang='lat' dir='ltr'><strong>sine</strong></span> <span class='ocrx_word' id='word_1_298' title='bbox 1938 2389 2038 2443; x_wconf 89' lang='lat' dir='ltr'><strong>ali-</strong></span> 
     </span>
    </p>
   </div>
   <div class='ocr_carea' id='block_1_42' title="bbox 471 2479 2039 2556">
    <p class='ocr_par' dir='ltr' id='par_1_42' title="bbox 471 2479 2039 2556">
     <span class='ocr_line' id='line_1_42' title="bbox 471 2479 2039 2556; baseline -0.001 -16"><span class='ocrx_word' id='word_1_299' title='bbox 471 2502 585 2556; x_wconf 91' lang='lat' dir='ltr'><strong>quo</strong></span> <span class='ocrx_word' id='word_1_300' title='bbox 613 2484 799 2540; x_wconf 90' lang='lat' dir='ltr'><strong>dolore</strong></span> <span class='ocrx_word' id='word_1_301' title='bbox 850 2499 912 2538; x_wconf 90' lang='lat' dir='ltr'><strong>ac</strong></span> <span class='ocrx_word' id='word_1_302' title='bbox 946 2484 1190 2540; x_wconf 85' lang='lat' dir='ltr'><strong>molestia</strong></span> <span class='ocrx_word' id='word_1_303' title='bbox 1229 2483 1297 2537; x_wconf 89' lang='lat' dir='ltr'><strong>ab</strong></span> <span class='ocrx_word' id='word_1_304' title='bbox 1334 2481 1454 2550; x_wconf 89' lang='lat' dir='ltr'><strong>ipso</strong></span> <span class='ocrx_word' id='word_1_305' title='bbox 1507 2481 1863 2536; x_wconf 80' lang='lat' dir='ltr'><strong>deducantur.</strong></span> <span class='ocrx_word' id='word_1_306' title='bbox 1899 2479 2039 2539; x_wconf 77' lang='lat' dir='ltr'><strong>Vere</strong></span> 
     </span>
    </p>
   </div>
   <div class='ocr_carea' id='block_1_43' title="bbox 471 2571 2040 2655">
    <p class='ocr_par' dir='ltr' id='par_1_43' title="bbox 471 2571 2040 2655">
     <span class='ocr_line' id='line_1_43' title="bbox 471 2571 2040 2655; baseline -0.003 -22"><span class='ocrx_word' id='word_1_307' title='bbox 471 2578 620 2633; x_wconf 85' lang='lat' dir='ltr'><strong>enim</strong></span> <span class='ocrx_word' id='word_1_308' title='bbox 660 2583 978 2631; x_wconf 84' lang='lat' dir='ltr'><strong>nostrorum</strong></span> <span class='ocrx_word' id='word_1_309' title='bbox 1034 2571 1925 2655; x_wconf 50' lang='lat' dir='ltr'><strong>commodorum,.studiosissime</strong></span> <span class='ocrx_word' id='word_1_310' title='bbox 1985 2581 2040 2628; x_wconf 91' lang='lat' dir='ltr'><strong>et</strong></span> 
     </span>
    </p>
   </div>
   <div class='ocr_carea' id='block_1_44' title="bbox 476 2666 2039 2737">
    <p class='ocr_par' dir='ltr' id='par_1_44' title="bbox 476 2666 2039 2737">
     <span class='ocr_line' id='line_1_44' title="bbox 476 2666 2039 2737; baseline -0.003 -14"><span class='ocrx_word' id='word_1_311' title='bbox 476 2669 758 2737; x_wconf 88' lang='lat' dir='ltr'><strong>magniﬁce</strong></span> <span class='ocrx_word' id='word_1_312' title='bbox 783 2667 1031 2732; x_wconf 89' lang='lat' dir='ltr'><strong>Domine,</strong></span> <span class='ocrx_word' id='word_1_313' title='bbox 1069 2667 1161 2720; x_wconf 81' lang='lat' dir='ltr'><strong>tibi</strong></span> <span class='ocrx_word' id='word_1_314' title='bbox 1195 2666 1388 2737; x_wconf 76' lang='lat' dir='ltr'><strong>[actori</strong></span> <span class='ocrx_word' id='word_1_315' title='bbox 1439 2666 1665 2720; x_wconf 74' lang='lat' dir='ltr'><strong>serviens</strong></span> <span class='ocrx_word' id='word_1_316' title='bbox 1714 2675 1960 2719; x_wconf 83' lang='lat' dir='ltr'><strong>creatura</strong></span> <span class='ocrx_word' id='word_1_317' title='bbox 1985 2666 2039 2719; x_wconf 89' lang='lat' dir='ltr'><strong>in</strong></span> 
     </span>
    </p>
   </div>
   <div class='ocr_carea' id='block_1_45' title="bbox 473 2754 2038 2827">
    <p class='ocr_par' dir='ltr' id='par_1_45' title="bbox 473 2754 2038 2827">
     <span class='ocr_line' id='line_1_45' title="bbox 473 2754 2038 2827; baseline -0.001 -16"><span class='ocrx_word' id='word_1_318' title='bbox 473 2757 727 2812; x_wconf 78' lang='lat' dir='ltr'><strong>ultionem</strong></span> <span class='ocrx_word' id='word_1_319' title='bbox 765 2756 1014 2812; x_wconf 78' lang='lat' dir='ltr'><strong>adversus</strong></span> <span class='ocrx_word' id='word_1_320' title='bbox 1044 2758 1249 2827; x_wconf 76' lang='lat' dir='ltr'><strong>iniquas</strong></span> <span class='ocrx_word' id='word_1_321' title='bbox 1284 2756 1576 2810; x_wconf 77' lang='lat' dir='ltr'><strong>intenditur</strong></span> <span class='ocrx_word' id='word_1_322' title='bbox 1624 2754 1998 2826; x_wconf 77' lang='lat' dir='ltr'><strong>obrigescitque</strong></span> <span class='ocrx_word' id='word_1_323' title='bbox 2019 2771 2038 2810; x_wconf 90' lang='lat'><strong><em>:</em></strong></span> 
     </span>
    </p>
   </div>
   <div class='ocr_carea' id='block_1_46' title="bbox 471 2842 2041 2917">
    <p class='ocr_par' dir='ltr' id='par_1_46' title="bbox 471 2842 2041 2917">
     <span class='ocr_line' id='line_1_46' title="bbox 471 2842 2041 2917; baseline -0.002 -17"><span class='ocrx_word' id='word_1_324' title='bbox 471 2856 630 2917; x_wconf 84' lang='lat' dir='ltr'><strong>atque</strong></span> <span class='ocrx_word' id='word_1_325' title='bbox 649 2846 718 2900; x_wconf 82' lang='lat' dir='ltr'><strong>ad</strong></span> <span class='ocrx_word' id='word_1_326' title='bbox 744 2846 1048 2915; x_wconf 78' lang='lat' dir='ltr'><strong>beneﬁcium</strong></span> <span class='ocrx_word' id='word_1_327' title='bbox 1088 2860 1183 2914; x_wconf 82' lang='lat' dir='ltr'><strong>pro</strong></span> <span class='ocrx_word' id='word_1_328' title='bbox 1225 2845 1291 2898; x_wconf 75' lang='lat' dir='ltr'><strong>iis</strong></span> <span class='ocrx_word' id='word_1_329' title='bbox 1332 2845 1422 2915; x_wconf 86' lang='lat' dir='ltr'><strong>qui</strong></span> <span class='ocrx_word' id='word_1_330' title='bbox 1456 2842 1726 2912; x_wconf 81' lang='lat' dir='ltr'><strong>confidunt</strong></span> <span class='ocrx_word' id='word_1_331' title='bbox 1773 2844 1827 2896; x_wconf 87' lang='lat' dir='ltr'><strong>in</strong></span> <span class='ocrx_word' id='word_1_332' title='bbox 1857 2852 1926 2907; x_wconf 83' lang='lat' dir='ltr'><strong>te,</strong></span> <span class='ocrx_word' id='word_1_333' title='bbox 1958 2860 2041 2898; x_wconf 88' lang='lat' dir='ltr'><strong>re-</strong></span> 
     </span>
    </p>
   </div>
   <div class='ocr_carea' id='block_1_47' title="bbox 475 2932 2041 3005">
    <p class='ocr_par' dir='ltr' id='par_1_47' title="bbox 475 2932 2041 3005">
     <span class='ocr_line' id='line_1_47' title="bbox 475 2932 2041 3005; baseline -0.002 -15"><span class='ocrx_word' id='word_1_334' title='bbox 475 2937 641 2991; x_wconf 75' lang='lat' dir='ltr'><strong>missa</strong></span> <span class='ocrx_word' id='word_1_335' title='bbox 669 2937 936 2990; x_wconf 77' lang='lat' dir='ltr'><strong>emollitur</strong></span> <span class='ocrx_word' id='word_1_336' title='bbox 957 2936 1002 2967; x_wconf 86' lang='grc'><strong>⁸³</strong></span> <span class='ocrx_word' id='word_1_337' title='bbox 1037 2954 1050 2988; x_wconf 90' lang='lat'><strong>:</strong></span> <span class='ocrx_word' id='word_1_338' title='bbox 1083 2936 1405 3004; x_wconf 77' lang='lat' dir='ltr'><strong>volenteque</strong></span> <span class='ocrx_word' id='word_1_339' title='bbox 1434 2942 1509 2997; x_wconf 88' lang='lat' dir='ltr'><strong>te,</strong></span> <span class='ocrx_word' id='word_1_340' title='bbox 1535 2934 1675 3005; x_wconf 84' lang='lat' dir='ltr'><strong>ignis</strong></span> <span class='ocrx_word' id='word_1_341' title='bbox 1704 2932 1922 3002; x_wconf 89' lang='lat' dir='ltr'><strong>quidem</strong></span> <span class='ocrx_word' id='word_1_342' title='bbox 1957 2950 2041 2988; x_wconf 87' lang='lat' dir='ltr'><strong>re-</strong></span> 
     </span>
    </p>
   </div>
   <div class='ocr_carea' id='block_1_48' title="bbox 474 3023 2039 3094">
    <p class='ocr_par' dir='ltr' id='par_1_48' title="bbox 474 3023 2039 3094">
     <span class='ocr_line' id='line_1_48' title="bbox 474 3023 2039 3094; baseline -0.003 -12"><span class='ocrx_word' id='word_1_343' title='bbox 474 3026 757 3092; x_wconf 75' lang='lat' dir='ltr'><strong>frigerium</strong></span> <span class='ocrx_word' id='word_1_344' title='bbox 786 3025 935 3090; x_wconf 83' lang='lat' dir='ltr'><strong>facit,</strong></span> <span class='ocrx_word' id='word_1_345' title='bbox 980 3026 1048 3081; x_wconf 90' lang='lat' dir='ltr'><strong>iis</strong></span> <span class='ocrx_word' id='word_1_346' title='bbox 1104 3024 1239 3080; x_wconf 85' lang='lat' dir='ltr'><strong>nihil</strong></span> <span class='ocrx_word' id='word_1_347' title='bbox 1276 3024 1418 3078; x_wconf 63' lang='lat' dir='ltr'><strong>laasis</strong></span> <span class='ocrx_word' id='word_1_348' title='bbox 1451 3038 1683 3094; x_wconf 87' lang='lat' dir='ltr'><strong>quorum</strong></span> <span class='ocrx_word' id='word_1_349' title='bbox 1726 3024 1841 3093; x_wconf 90' lang='lat' dir='ltr'><strong>ipse</strong></span> <span class='ocrx_word' id='word_1_350' title='bbox 1878 3023 2039 3077; x_wconf 89' lang='lat' dir='ltr'><strong>saluti</strong></span> 
     </span>
    </p>
   </div>
   <div class='ocr_carea' id='block_1_49' title="bbox 475 3116 2037 3186">
    <p class='ocr_par' dir='ltr' id='par_1_49' title="bbox 475 3116 2037 3186">
     <span class='ocr_line' id='line_1_49' title="bbox 475 3116 2037 3186; baseline -0.002 -12"><span class='ocrx_word' id='word_1_351' title='bbox 475 3120 790 3174; x_wconf 88' lang='lat' dir='ltr'><strong>consultum</strong></span> <span class='ocrx_word' id='word_1_352' title='bbox 812 3118 1157 3184; x_wconf 88' lang='lat' dir='ltr'><strong>decreveris;</strong></span> <span class='ocrx_word' id='word_1_353' title='bbox 1190 3124 1381 3172; x_wconf 88' lang='lat' dir='ltr'><strong>contra</strong></span> <span class='ocrx_word' id='word_1_354' title='bbox 1413 3132 1543 3172; x_wconf 86' lang='lat' dir='ltr'><strong>vero</strong></span> <span class='ocrx_word' id='word_1_355' title='bbox 1572 3131 1713 3186; x_wconf 86' lang='lat' dir='ltr'><strong>aqua</strong></span> <span class='ocrx_word' id='word_1_356' title='bbox 1752 3116 2037 3171; x_wconf 86' lang='lat' dir='ltr'><strong>vehemen-</strong></span> 
     </span>
    </p>
   </div>
   <div class='ocr_carea' id='block_1_50' title="bbox 2141 1927 3715 2002">
    <p class='ocr_par' dir='ltr' id='par_1_50' title="bbox 2141 1927 3715 2002">
     <span class='ocr_line' id='line_1_50' title="bbox 2141 1927 3715 2002; baseline 0.001 -21"><span class='ocrx_word' id='word_1_357' title='bbox 2141 1930 2350 2000; x_wconf 81' lang='grc' dir='ltr'>Δεῖγμα</span> <span class='ocrx_word' id='word_1_358' title='bbox 2407 1930 2565 1985; x_wconf 83' lang='grc' dir='ltr'>τοῦτο</span> <span class='ocrx_word' id='word_1_359' title='bbox 2612 1931 2713 2002; x_wconf 82' lang='grc' dir='ltr'>τῆς</span> <span class='ocrx_word' id='word_1_360' title='bbox 2760 1930 3058 2002; x_wconf 84' lang='grc' dir='ltr'>μελλούσης</span> <span class='ocrx_word' id='word_1_361' title='bbox 3119 1928 3148 1983; x_wconf 82' lang='grc' dir='ltr'><strong>ό</strong></span> <span class='ocrx_word' id='word_1_362' title='bbox 3193 1930 3325 1994; x_wconf 80' lang='grc' dir='ltr'>Θεὸς</span> <span class='ocrx_word' id='word_1_363' title='bbox 3370 1929 3582 2001; x_wconf 80' lang='grc' dir='ltr'>ἡμέρας</span> <span class='ocrx_word' id='word_1_364' title='bbox 3622 1927 3715 1983; x_wconf 69' lang='grc' dir='ltr'>καὶ</span> 
     </span>
    </p>
   </div>
   <div class='ocr_carea' id='block_1_51' title="bbox 2141 2021 3717 2095">
    <p class='ocr_par' dir='ltr' id='par_1_51' title="bbox 2141 2021 3717 2095">
     <span class='ocr_line' id='line_1_51' title="bbox 2141 2021 3717 2095; baseline 0.001 -22"><span class='ocrx_word' id='word_1_365' title='bbox 2141 2021 2424 2094; x_wconf 86' lang='grc' dir='ltr'>προοίμιον</span> <span class='ocrx_word' id='word_1_366' title='bbox 2478 2022 2648 2089; x_wconf 74' lang='grc' dir='ltr'>ἔθετο,</span> <span class='ocrx_word' id='word_1_367' title='bbox 2700 2024 2789 2078; x_wconf 81' lang='grc' dir='ltr'>ἵνα</span> <span class='ocrx_word' id='word_1_368' title='bbox 2814 2023 3168 2095; x_wconf 84' lang='grc' dir='ltr'>γινώσκωμεν</span> <span class='ocrx_word' id='word_1_369' title='bbox 3209 2021 3575 2095; x_wconf 83' lang='grc' dir='ltr'>εύδηλότερον,</span> <span class='ocrx_word' id='word_1_370' title='bbox 3607 2023 3717 2089; x_wconf 76' lang='grc' dir='ltr'>ὅτι,</span> 
     </span>
    </p>
   </div>
   <div class='ocr_carea' id='block_1_52' title="bbox 2142 2111 3727 2187">
    <p class='ocr_par' dir='ltr' id='par_1_52' title="bbox 2142 2111 3727 2187">
     <span class='ocr_line' id='line_1_52' title="bbox 2142 2111 3727 2187; baseline 0 -20"><span class='ocrx_word' id='word_1_371' title='bbox 2142 2113 2361 2168; x_wconf 81' lang='grc' dir='ltr'>πάντων</span> <span class='ocrx_word' id='word_1_372' title='bbox 2413 2115 2548 2187; x_wconf 79' lang='grc' dir='ltr'>πυρὶ</span> <span class='ocrx_word' id='word_1_373' title='bbox 2605 2115 2926 2187; x_wconf 77' lang='grc' dir='ltr'>καταὸασίῳ</span> <span class='ocrx_word' id='word_1_374' title='bbox 2970 2114 3488 2187; x_wconf 73' lang='grc' dir='ltr'>κατομϐρουμένων,</span> <span class='ocrx_word' id='word_1_375' title='bbox 3539 2111 3610 2166; x_wconf 77' lang='grc' dir='ltr'><strong>τὰ</strong></span> <span class='ocrx_word' id='word_1_376' title='bbox 3656 2114 3727 2167; x_wconf 64' lang='grc' dir='ltr'>ἔνι</span> 
     </span>
    </p>
   </div>
   <div class='ocr_carea' id='block_1_53' title="bbox 2142 2202 3725 2281">
    <p class='ocr_par' dir='ltr' id='par_1_53' title="bbox 2142 2202 3725 2281">
     <span class='ocr_line' id='line_1_53' title="bbox 2142 2202 3725 2281; baseline -0.001 -22"><span class='ocrx_word' id='word_1_377' title='bbox 2142 2204 2333 2278; x_wconf 78' lang='grc' dir='ltr'>ἁγνείᾳ</span> <span class='ocrx_word' id='word_1_378' title='bbox 2356 2207 2580 2277; x_wconf 82' lang='grc' dir='ltr'>σώματα</span> <span class='ocrx_word' id='word_1_379' title='bbox 2604 2207 2698 2261; x_wconf 74' lang='grc' dir='ltr'><strong>καὶ</strong></span> <span class='ocrx_word' id='word_1_380' title='bbox 2717 2207 3033 2281; x_wconf 74' lang='grc' dir='ltr'>δικαιοσύνῃ</span> <span class='ocrx_word' id='word_1_381' title='bbox 3051 2205 3442 2278; x_wconf 68' lang='grc' dir='ltr'>διαπρέψαντα,</span> <span class='ocrx_word' id='word_1_382' title='bbox 3463 2202 3725 2275; x_wconf 79' lang='grc' dir='ltr'>καθάπερ</span> 
     </span>
    </p>
   </div>
   <div class='ocr_carea' id='block_1_54' title="bbox 2140 2293 3716 2370">
    <p class='ocr_par' dir='ltr' id='par_1_54' title="bbox 2140 2293 3716 2370">
     <span class='ocr_line' id='line_1_54' title="bbox 2140 2293 3716 2370; baseline 0 -22"><span class='ocrx_word' id='word_1_383' title='bbox 2140 2295 2334 2369; x_wconf 77' lang='grc' dir='ltr'>ψυχρῷ</span> <span class='ocrx_word' id='word_1_384' title='bbox 2367 2297 2520 2352; x_wconf 76' lang='grc' dir='ltr'>ὕδατι</span> <span class='ocrx_word' id='word_1_385' title='bbox 2549 2298 2628 2369; x_wconf 85' lang='grc' dir='ltr'>τῷ</span> <span class='ocrx_word' id='word_1_386' title='bbox 2652 2299 2787 2370; x_wconf 76' lang='grc' dir='ltr'>πυρὶ</span> <span class='ocrx_word' id='word_1_387' title='bbox 2812 2294 2963 2352; x_wconf 74' lang='grc' dir='ltr'>οὐδὲν</span> <span class='ocrx_word' id='word_1_388' title='bbox 2994 2298 3354 2369; x_wconf 79' lang='grc' dir='ltr'>ἁλγυνόμενα,</span> <span class='ocrx_word' id='word_1_389' title='bbox 3384 2296 3521 2368; x_wconf 82' lang='grc' dir='ltr'>πρὸς</span> <span class='ocrx_word' id='word_1_390' title='bbox 3552 2293 3716 2350; x_wconf 83' lang='grc' dir='ltr'>αὐτοῦ</span> 
     </span>
    </p>
   </div>
   <div class='ocr_carea' id='block_1_55' title="bbox 2143 2385 3719 2462">
    <p class='ocr_par' dir='ltr' id='par_1_55' title="bbox 2143 2385 3719 2462">
     <span class='ocr_line' id='line_1_55' title="bbox 2143 2385 3719 2462; baseline 0.01 -23"><span class='ocrx_word' id='word_1_391' title='bbox 2143 2387 2513 2459; x_wconf 79' lang='grc' dir='ltr'>ὲπιϐήσονται.</span> <span class='ocrx_word' id='word_1_392' title='bbox 2550 2390 2786 2461; x_wconf 78' lang='grc' dir='ltr'><strong>Ἀληθῶς</strong></span> <span class='ocrx_word' id='word_1_393' title='bbox 2813 2390 2940 2462; x_wconf 83' lang='grc' dir='ltr'>γὰρ,</span> <span class='ocrx_word' id='word_1_394' title='bbox 2962 2385 3007 2444; x_wconf 81' lang='grc' dir='ltr'><strong>ὦ</strong></span> <span class='ocrx_word' id='word_1_395' title='bbox 3040 2388 3397 2461; x_wconf 79' lang='grc' dir='ltr'>μεγαλωφελῆ</span> <span class='ocrx_word' id='word_1_396' title='bbox 3428 2388 3522 2442; x_wconf 71' lang='grc' dir='ltr'><strong>καὶ</strong></span> <span class='ocrx_word' id='word_1_397' title='bbox 3550 2403 3719 2459; x_wconf 79' lang='grc' dir='ltr'>μεγα-</span> 
     </span>
    </p>
   </div>
   <div class='ocr_carea' id='block_1_56' title="bbox 2143 2480 3717 2554">
    <p class='ocr_par' dir='ltr' id='par_1_56' title="bbox 2143 2480 3717 2554">
     <span class='ocr_line' id='line_1_56' title="bbox 2143 2480 3717 2554; baseline -0.003 -18"><span class='ocrx_word' id='word_1_398' title='bbox 2143 2481 2344 2554; x_wconf 85' lang='grc' dir='ltr'>λόδωρε</span> <span class='ocrx_word' id='word_1_399' title='bbox 2368 2483 2631 2542; x_wconf 83' lang='grc' dir='ltr'>Δέσποτα,</span> <span class='ocrx_word' id='word_1_400' title='bbox 2679 2485 2717 2552; x_wconf 78' lang='grc' dir='ltr'><strong><em>ἠ</em></strong></span> <span class='ocrx_word' id='word_1_401' title='bbox 2747 2483 2945 2549; x_wconf 83' lang='grc' dir='ltr'>κτίσις</span> <span class='ocrx_word' id='word_1_402' title='bbox 2985 2497 3083 2536; x_wconf 80' lang='grc' dir='ltr'><strong>σοι</strong></span> <span class='ocrx_word' id='word_1_403' title='bbox 3110 2481 3191 2548; x_wconf 82' lang='grc' dir='ltr'>τῷ</span> <span class='ocrx_word' id='word_1_404' title='bbox 3214 2480 3534 2547; x_wconf 79' lang='grc' dir='ltr'>ποιήσαντι</span> <span class='ocrx_word' id='word_1_405' title='bbox 3564 2483 3717 2547; x_wconf 83' lang='grc' dir='ltr'>ὑπη-</span> 
     </span>
    </p>
   </div>
   <div class='ocr_carea' id='block_1_57' title="bbox 2136 2569 3719 2645">
    <p class='ocr_par' dir='ltr' id='par_1_57' title="bbox 2136 2569 3719 2645">
     <span class='ocr_line' id='line_1_57' title="bbox 2136 2569 3719 2645; baseline -0.004 -15"><span class='ocrx_word' id='word_1_406' title='bbox 2136 2575 2421 2645; x_wconf 87' lang='grc' dir='ltr'>ρετοῦσα,</span> <span class='ocrx_word' id='word_1_407' title='bbox 2469 2576 2820 2630; x_wconf 78' lang='grc' dir='ltr'>ἐπιτείνεται</span> <span class='ocrx_word' id='word_1_408' title='bbox 2860 2579 2949 2641; x_wconf 74' lang='grc' dir='ltr'><strong>εις</strong></span> <span class='ocrx_word' id='word_1_409' title='bbox 2976 2577 3239 2629; x_wconf 78' lang='grc' dir='ltr'>κόλασιν</span> <span class='ocrx_word' id='word_1_410' title='bbox 3284 2574 3434 2628; x_wconf 81' lang='grc' dir='ltr'>κατὰ</span> <span class='ocrx_word' id='word_1_411' title='bbox 3459 2571 3576 2626; x_wconf 84' lang='grc' dir='ltr'>τῶν</span> <span class='ocrx_word' id='word_1_412' title='bbox 3598 2569 3719 2625; x_wconf 81' lang='grc' dir='ltr'><strong>ἀδί-</strong></span> 
     </span>
    </p>
   </div>
   <div class='ocr_carea' id='block_1_58' title="bbox 2143 2657 3717 2737">
    <p class='ocr_par' dir='ltr' id='par_1_58' title="bbox 2143 2657 3717 2737">
     <span class='ocr_line' id='line_1_58' title="bbox 2143 2657 3717 2737; baseline -0.004 -15"><span class='ocrx_word' id='word_1_413' title='bbox 2143 2683 2284 2722; x_wconf 83' lang='grc' dir='ltr'>κων·</span> <span class='ocrx_word' id='word_1_414' title='bbox 2309 2667 2406 2720; x_wconf 72' lang='grc' dir='ltr'>καὶ</span> <span class='ocrx_word' id='word_1_415' title='bbox 2434 2666 2659 2721; x_wconf 83' lang='grc' dir='ltr'>ἀνίεται</span> <span class='ocrx_word' id='word_1_416' title='bbox 2686 2670 2773 2732; x_wconf 82' lang='grc' dir='ltr'><strong>εὶς</strong></span> <span class='ocrx_word' id='word_1_417' title='bbox 2807 2668 3157 2737; x_wconf 77' lang='grc' dir='ltr'>εὐεργεσίαν</span> <span class='ocrx_word' id='word_1_418' title='bbox 3186 2665 3337 2734; x_wconf 80' lang='grc' dir='ltr'>ὑπὲρ</span> <span class='ocrx_word' id='word_1_419' title='bbox 3362 2664 3479 2719; x_wconf 82' lang='grc' dir='ltr'>τῶν</span> <span class='ocrx_word' id='word_1_420' title='bbox 3495 2664 3594 2717; x_wconf 77' lang='grc' dir='ltr'><strong>ἐπὶ</strong></span> <span class='ocrx_word' id='word_1_421' title='bbox 3616 2657 3717 2717; x_wconf 78' lang='grc' dir='ltr'>σοι</span> 
     </span>
    </p>
   </div>
   <div class='ocr_carea' id='block_1_59' title="bbox 2143 2752 3716 2828">
    <p class='ocr_par' dir='ltr' id='par_1_59' title="bbox 2143 2752 3716 2828">
     <span class='ocr_line' id='line_1_59' title="bbox 2143 2752 3716 2828; baseline -0.004 -16"><span class='ocrx_word' id='word_1_422' title='bbox 2143 2758 2537 2814; x_wconf 76' lang='grc' dir='ltr'><strong>πεποιθότων·</strong></span> <span class='ocrx_word' id='word_1_423' title='bbox 2562 2758 2656 2810; x_wconf 77' lang='grc' dir='ltr'>καὶ</span> <span class='ocrx_word' id='word_1_424' title='bbox 2683 2756 2927 2821; x_wconf 83' lang='grc' dir='ltr'>θέλοντός</span> <span class='ocrx_word' id='word_1_425' title='bbox 2965 2773 3082 2821; x_wconf 90' lang='grc' dir='ltr'>σου,</span> <span class='ocrx_word' id='word_1_426' title='bbox 3110 2755 3220 2828; x_wconf 87' lang='grc' dir='ltr'><strong>πῦρ</strong></span> <span class='ocrx_word' id='word_1_427' title='bbox 3253 2755 3352 2826; x_wconf 85' lang='grc' dir='ltr'>μὲν</span> <span class='ocrx_word' id='word_1_428' title='bbox 3394 2752 3716 2823; x_wconf 77' lang='grc' dir='ltr'>καταψύχει,</span> 
     </span>
    </p>
   </div>
   <div class='ocr_carea' id='block_1_60' title="bbox 2145 2843 3717 2922">
    <p class='ocr_par' dir='ltr' id='par_1_60' title="bbox 2145 2843 3717 2922">
     <span class='ocr_line' id='line_1_60' title="bbox 2145 2843 3717 2922; baseline -0.004 -18"><span class='ocrx_word' id='word_1_429' title='bbox 2145 2849 2538 2922; x_wconf 82' lang='grc' dir='ltr'>λυμαινόμενον</span> <span class='ocrx_word' id='word_1_430' title='bbox 2566 2850 2719 2903; x_wconf 77' lang='grc' dir='ltr'>οὐδὲν</span> <span class='ocrx_word' id='word_1_431' title='bbox 2761 2843 2837 2903; x_wconf 82' lang='grc' dir='ltr'>ὧν</span> <span class='ocrx_word' id='word_1_432' title='bbox 2887 2850 3050 2914; x_wconf 70' lang='grc' dir='ltr'>αὐτὸς</span> <span class='ocrx_word' id='word_1_433' title='bbox 3097 2849 3303 2921; x_wconf 85' lang='grc' dir='ltr'>κρίνεις</span> <span class='ocrx_word' id='word_1_434' title='bbox 3326 2844 3717 2912; x_wconf 79' lang='grc' dir='ltr'>διασώζεσθαι·</span> 
     </span>
    </p>
   </div>
   <div class='ocr_carea' id='block_1_61' title="bbox 2149 2937 3721 3015">
    <p class='ocr_par' dir='ltr' id='par_1_61' title="bbox 2149 2937 3721 3015">
     <span class='ocr_line' id='line_1_61' title="bbox 2149 2937 3721 3015; baseline -0.003 -20"><span class='ocrx_word' id='word_1_435' title='bbox 2149 2941 2292 3012; x_wconf 73' lang='grc' dir='ltr'>ὕδωρ</span> <span class='ocrx_word' id='word_1_436' title='bbox 2340 2943 2433 2996; x_wconf 74' lang='grc' dir='ltr'>καὶ</span> <span class='ocrx_word' id='word_1_437' title='bbox 2490 2940 2722 3013; x_wconf 77' lang='grc' dir='ltr'>ἔμπαλιν</span> <span class='ocrx_word' id='word_1_438' title='bbox 2767 2941 3118 3015; x_wconf 82' lang='grc' dir='ltr'>δριμυτέραις</span> <span class='ocrx_word' id='word_1_439' title='bbox 3168 2938 3497 3010; x_wconf 82' lang='grc' dir='ltr'>καταφλέγει</span> <span class='ocrx_word' id='word_1_440' title='bbox 3550 2937 3721 3009; x_wconf 86' lang='grc' dir='ltr'>πυρὸς</span> 
     </span>
    </p>
   </div>
   <div class='ocr_carea' id='block_1_62' title="bbox 2149 3028 3721 3104">
    <p class='ocr_par' dir='ltr' id='par_1_62' title="bbox 2149 3028 3721 3104">
     <span class='ocr_line' id='line_1_62' title="bbox 2149 3028 3721 3104; baseline -0.006 -17"><span class='ocrx_word' id='word_1_441' title='bbox 2149 3032 2500 3104; x_wconf 75' lang='grc' dir='ltr'>προσϐολαῖς·</span> <span class='ocrx_word' id='word_1_442' title='bbox 2536 3034 2630 3087; x_wconf 70' lang='grc' dir='ltr'>καὶ</span> <span class='ocrx_word' id='word_1_443' title='bbox 2655 3033 2808 3086; x_wconf 76' lang='grc' dir='ltr'>οὐδὲν</span> <span class='ocrx_word' id='word_1_444' title='bbox 2840 3032 3216 3085; x_wconf 80' lang='grc' dir='ltr'>ἀντιτάσσεται</span> <span class='ocrx_word' id='word_1_445' title='bbox 3246 3047 3337 3083; x_wconf 91' lang='grc' dir='ltr'><strong>σου</strong></span> <span class='ocrx_word' id='word_1_446' title='bbox 3369 3028 3447 3098; x_wconf 77' lang='grc' dir='ltr'>τῷ</span> <span class='ocrx_word' id='word_1_447' title='bbox 3478 3028 3721 3098; x_wconf 85' lang='grc' dir='ltr'>ἀνικήτῳ</span> 
     </span>
    </p>
   </div>
   <div class='ocr_carea' id='block_1_63' title="bbox 2148 3118 3723 3197">
    <p class='ocr_par' dir='ltr' id='par_1_63' title="bbox 2148 3118 3723 3197">
     <span class='ocr_line' id='line_1_63' title="bbox 2148 3118 3723 3197; baseline -0.006 -18"><span class='ocrx_word' id='word_1_448' title='bbox 2148 3127 2361 3196; x_wconf 84' lang='grc' dir='ltr'>κράτει,</span> <span class='ocrx_word' id='word_1_449' title='bbox 2415 3126 2508 3179; x_wconf 79' lang='grc' dir='ltr'>καὶ</span> <span class='ocrx_word' id='word_1_450' title='bbox 2533 3128 2599 3196; x_wconf 78' lang='grc' dir='ltr'>τῇ</span> <span class='ocrx_word' id='word_1_451' title='bbox 2643 3128 2709 3197; x_wconf 79' lang='grc' dir='ltr'><strong>σῇ</strong></span> <span class='ocrx_word' id='word_1_452' title='bbox 2762 3125 2922 3195; x_wconf 74' lang='grc' dir='ltr'>ἰσχύϊ.</span> <span class='ocrx_word' id='word_1_453' title='bbox 2950 3124 3133 3177; x_wconf 85' lang='grc' dir='ltr'>Πάντα</span> <span class='ocrx_word' id='word_1_454' title='bbox 3158 3121 3267 3193; x_wconf 80' lang='grc' dir='ltr'><strong>γὰρ</strong></span> <span class='ocrx_word' id='word_1_455' title='bbox 3304 3120 3523 3181; x_wconf 78' lang='grc' dir='ltr'>ἔκτισας</span> <span class='ocrx_word' id='word_1_456' title='bbox 3545 3118 3603 3184; x_wconf 74' lang='grc' dir='ltr'>ἐξ</span> <span class='ocrx_word' id='word_1_457' title='bbox 3621 3118 3723 3170; x_wconf 83' lang='grc' dir='ltr'><strong>ούκ</strong></span> 
     </span>
    </p>
   </div>
   <div class='ocr_carea' id='block_1_64' title="bbox 489 3194 2042 3286">
    <p class='ocr_par' dir='ltr' id='par_1_64' title="bbox 489 3207 2038 3282">
     <span class='ocr_line' id='line_1_64' title="bbox 489 3207 2038 3282; baseline -0.003 -17"><span class='ocrx_word' id='word_1_458' title='bbox 489 3212 600 3267; x_wconf 85' lang='lat' dir='ltr'><strong>tius</strong></span> <span class='ocrx_word' id='word_1_459' title='bbox 628 3211 917 3281; x_wconf 88' lang='lat' dir='ltr'><strong>acriusque</strong></span> <span class='ocrx_word' id='word_1_460' title='bbox 949 3211 1071 3282; x_wconf 83' lang='lat' dir='ltr'><strong>igne</strong></span> <span class='ocrx_word' id='word_1_461' title='bbox 1126 3209 1429 3275; x_wconf 89' lang='lat' dir='ltr'><strong>comburit,</strong></span> <span class='ocrx_word' id='word_1_462' title='bbox 1480 3222 1580 3263; x_wconf 91' lang='lat' dir='ltr'><strong>nec</strong></span> <span class='ocrx_word' id='word_1_463' title='bbox 1612 3207 1906 3278; x_wconf 88' lang='lat' dir='ltr'><strong>quidquam</strong></span> <span class='ocrx_word' id='word_1_464' title='bbox 1941 3209 2038 3262; x_wconf 84' lang='lat' dir='ltr'><strong>im-</strong></span> 
     </span>
    </p>
   </div>
   <div class='ocr_carea' id='block_1_65' title="bbox 2147 3194 3721 3286">
    <p class='ocr_par' dir='ltr' id='par_1_65' title="bbox 2149 3194 3721 3286">
     <span class='ocr_line' id='line_1_65' title="bbox 2149 3194 3721 3286; baseline -0.003 -20"><span class='ocrx_word' id='word_1_465' title='bbox 2149 3194 2343 3267; x_wconf 75' lang='grc' dir='ltr'>ὅντων·</span> <span class='ocrx_word' id='word_1_466' title='bbox 2389 3214 2468 3268; x_wconf 83' lang='grc' dir='ltr'><strong>διὸ</strong></span> <span class='ocrx_word' id='word_1_467' title='bbox 2526 3194 2621 3269; x_wconf 84' lang='grc' dir='ltr'>καὶ</span> <span class='ocrx_word' id='word_1_468' title='bbox 2873 3213 3239 3286; x_wconf 87' lang='grc' dir='ltr'>μεταλλεύεις,</span> <span class='ocrx_word' id='word_1_469' title='bbox 3283 3211 3353 3265; x_wconf 76' lang='grc' dir='ltr'><strong>σὰ</strong></span> <span class='ocrx_word' id='word_1_470' title='bbox 3384 3210 3721 3280; x_wconf 78' lang='grc' dir='ltr'>ὑπάρχοντα,</span> 
     </span>
    </p>
   </div>
   <div class='ocr_carea' id='block_1_66' title="bbox 492 3298 2046 3373">
    <p class='ocr_par' dir='ltr' id='par_1_66' title="bbox 492 3298 2046 3373">
     <span class='ocr_line' id='line_1_66' title="bbox 492 3298 2046 3373; baseline -0.003 -16"><span class='ocrx_word' id='word_1_471' title='bbox 492 3303 707 3357; x_wconf 77' lang='lat' dir='ltr'><strong>mortali</strong></span> <span class='ocrx_word' id='word_1_472' title='bbox 742 3313 834 3357; x_wconf 89' lang='lat' dir='ltr'><strong>tuo</strong></span> <span class='ocrx_word' id='word_1_473' title='bbox 887 3302 1116 3373; x_wconf 88' lang='lat' dir='ltr'><strong>imperio</strong></span> <span class='ocrx_word' id='word_1_474' title='bbox 1161 3312 1215 3356; x_wconf 90' lang='lat' dir='ltr'><strong>et</strong></span> <span class='ocrx_word' id='word_1_475' title='bbox 1233 3301 1418 3356; x_wconf 90' lang='lat' dir='ltr'><strong>virtuti</strong></span> <span class='ocrx_word' id='word_1_476' title='bbox 1472 3299 1701 3355; x_wconf 87' lang='lat' dir='ltr'><strong>resistit.</strong></span> <span class='ocrx_word' id='word_1_477' title='bbox 1745 3298 1939 3354; x_wconf 89' lang='lat' dir='ltr'><strong>Omnia</strong></span> <span class='ocrx_word' id='word_1_478' title='bbox 1968 3301 2046 3355; x_wconf 88' lang='lat' dir='ltr'><strong>si-</strong></span> 
     </span>
    </p>
   </div>
   <div class='ocr_carea' id='block_1_67' title="bbox 2152 3298 3721 3377">
    <p class='ocr_par' dir='ltr' id='par_1_67' title="bbox 2152 3298 3721 3377">
     <span class='ocr_line' id='line_1_67' title="bbox 2152 3298 3721 3377; baseline -0.003 -19"><span class='ocrx_word' id='word_1_479' title='bbox 2152 3304 2247 3358; x_wconf 60' lang='grc' dir='ltr'><strong>καὶ⁵</strong></span> <span class='ocrx_word' id='word_1_480' title='bbox 2276 3306 2720 3375; x_wconf 78' lang='grc' dir='ltr'>μετασκευάζεις,</span> <span class='ocrx_word' id='word_1_481' title='bbox 2764 3307 2922 3376; x_wconf 74' lang='grc' dir='ltr'>μόνος</span> <span class='ocrx_word' id='word_1_482' title='bbox 2957 3305 3215 3377; x_wconf 81' lang='grc' dir='ltr'>ὑπάρχων</span> <span class='ocrx_word' id='word_1_483' title='bbox 3252 3302 3403 3367; x_wconf 80' lang='grc' dir='ltr'>Θεὸς,</span> <span class='ocrx_word' id='word_1_484' title='bbox 3425 3302 3500 3364; x_wconf 82' lang='grc' dir='ltr'>ὡς</span> <span class='ocrx_word' id='word_1_485' title='bbox 3528 3298 3721 3362; x_wconf 82' lang='grc' dir='ltr'>θέλεις.</span> 
     </span>
    </p>
   </div>
   <div class='ocr_carea' id='block_1_68' title="bbox 474 3395 3724 3468">
    <p class='ocr_par' dir='ltr' id='par_1_68' title="bbox 474 3395 3724 3468">
     <span class='ocr_line' id='line_1_68' title="bbox 474 3395 3724 3468; baseline -0.001 -17"><span class='ocrx_word' id='word_1_486' title='bbox 474 3396 699 3467; x_wconf 84' lang='lat' dir='ltr'><strong>quidem</strong></span> <span class='ocrx_word' id='word_1_487' title='bbox 727 3412 793 3452; x_wconf 80' lang='lat' dir='ltr'><strong>ex</strong></span> <span class='ocrx_word' id='word_1_488' title='bbox 816 3397 985 3452; x_wconf 90' lang='lat' dir='ltr'><strong>nihilo</strong></span> <span class='ocrx_word' id='word_1_489' title='bbox 1015 3396 1213 3452; x_wconf 90' lang='lat' dir='ltr'><strong>creasti</strong></span> <span class='ocrx_word' id='word_1_490' title='bbox 1253 3416 1266 3451; x_wconf 93' lang='lat'>:</span> <span class='ocrx_word' id='word_1_491' title='bbox 1300 3411 1471 3466; x_wconf 90' lang='lat' dir='ltr'><strong>quare</strong></span> <span class='ocrx_word' id='word_1_492' title='bbox 1495 3396 1658 3451; x_wconf 88' lang='lat' dir='ltr'><strong>etiam</strong></span> <span class='ocrx_word' id='word_1_493' title='bbox 1694 3395 1896 3460; x_wconf 89' lang='lat' dir='ltr'><strong>omnia,</strong></span> <span class='ocrx_word' id='word_1_494' title='bbox 1923 3412 2043 3452; x_wconf 90' lang='lat' dir='ltr'><strong>cum</strong></span> <span class='ocrx_word' id='word_1_495' title='bbox 2076 3404 2171 3454; x_wconf 89' lang='lat' dir='ltr'><strong>tua</strong></span> <span class='ocrx_word' id='word_1_496' title='bbox 2199 3399 2332 3468; x_wconf 90' lang='lat' dir='ltr'><strong>sint,</strong></span> <span class='ocrx_word' id='word_1_497' title='bbox 2367 3409 2427 3456; x_wconf 89' lang='lat' dir='ltr'><strong>ut</strong></span> <span class='ocrx_word' id='word_1_498' title='bbox 2479 3401 2723 3466; x_wconf 79' lang='lat' dir='ltr'><strong>libuerit,</strong></span> <span class='ocrx_word' id='word_1_499' title='bbox 2762 3403 2819 3457; x_wconf 89' lang='lat' dir='ltr'><strong>in</strong></span> <span class='ocrx_word' id='word_1_500' title='bbox 2862 3402 3089 3457; x_wconf 86' lang='lat' dir='ltr'><strong>formam</strong></span> <span class='ocrx_word' id='word_1_501' title='bbox 3132 3401 3293 3454; x_wconf 88' lang='lat' dir='ltr'><strong>aliam</strong></span> <span class='ocrx_word' id='word_1_502' title='bbox 3348 3398 3724 3465; x_wconf 86' lang='lat' dir='ltr'><strong>rationemque</strong></span> 
     </span>
    </p>
   </div>
   <div class='ocr_carea' id='block_1_69' title="bbox 474 3485 1804 3558">
    <p class='ocr_par' dir='ltr' id='par_1_69' title="bbox 474 3485 1804 3558">
     <span class='ocr_line' id='line_1_69' title="bbox 474 3485 1804 3558; baseline -0.005 -12"><span class='ocrx_word' id='word_1_503' title='bbox 474 3490 754 3546; x_wconf 74' lang='lat' dir='ltr'><strong>convertis</strong></span> <span class='ocrx_word' id='word_1_504' title='bbox 776 3497 829 3543; x_wconf 89' lang='lat' dir='ltr'><strong>et</strong></span> <span class='ocrx_word' id='word_1_505' title='bbox 856 3496 1054 3552; x_wconf 85' lang='lat' dir='ltr'><strong>mutas,</strong></span> <span class='ocrx_word' id='word_1_506' title='bbox 1089 3487 1354 3558; x_wconf 90' lang='lat' dir='ltr'><strong>quisolus</strong></span> <span class='ocrx_word' id='word_1_507' title='bbox 1385 3485 1529 3542; x_wconf 89' lang='lat' dir='ltr'><strong>Deus</strong></span> <span class='ocrx_word' id='word_1_508' title='bbox 1559 3487 1804 3543; x_wconf 81' lang='lat' dir='ltr'><strong>exsistis.</strong></span> 
     </span>
    </p>
   </div>
   <div class='ocr_carea' id='block_1_70' title="bbox 551 3582 2043 3654">
    <p class='ocr_par' dir='ltr' id='par_1_70' title="bbox 551 3582 2043 3654">
     <span class='ocr_line' id='line_1_70' title="bbox 551 3582 2043 3654; baseline 0 -17"><span class='ocrx_word' id='word_1_509' title='bbox 551 3582 666 3638; x_wconf 82' lang='lat' dir='ltr'><strong>XV.</strong></span> <span class='ocrx_word' id='word_1_510' title='bbox 698 3582 994 3652; x_wconf 87' lang='lat' dir='ltr'><strong>Apostolus</strong></span> <span class='ocrx_word' id='word_1_511' title='bbox 1016 3597 1169 3653; x_wconf 88' lang='lat' dir='ltr'><strong>ergo,</strong></span> <span class='ocrx_word' id='word_1_512' title='bbox 1195 3598 1320 3637; x_wconf 91' lang='lat' dir='ltr'><strong>cum</strong></span> <span class='ocrx_word' id='word_1_513' title='bbox 1352 3582 1599 3653; x_wconf 84' lang='lat' dir='ltr'><strong>plantare</strong></span> <span class='ocrx_word' id='word_1_514' title='bbox 1624 3590 1680 3638; x_wconf 94' lang='lat' dir='ltr'><strong>et</strong></span> <span class='ocrx_word' id='word_1_515' title='bbox 1706 3584 1906 3654; x_wconf 87' lang='lat' dir='ltr'><strong>rigare,</strong></span> <span class='ocrx_word' id='word_1_516' title='bbox 1938 3583 2043 3637; x_wconf 87' lang='lat' dir='ltr'><strong>arti</strong></span> 
     </span>
    </p>
   </div>
   <div class='ocr_carea' id='block_1_71' title="bbox 481 3673 2043 3745">
    <p class='ocr_par' dir='ltr' id='par_1_71' title="bbox 481 3673 2043 3745">
     <span class='ocr_line' id='line_1_71' title="bbox 481 3673 2043 3745; baseline -0.001 -15"><span class='ocrx_word' id='word_1_517' title='bbox 481 3689 550 3731; x_wconf 81' lang='lat' dir='ltr'><strong>ac</strong></span> <span class='ocrx_word' id='word_1_518' title='bbox 582 3683 738 3730; x_wconf 72' lang='lat' dir='ltr'><strong>terra:</strong></span> <span class='ocrx_word' id='word_1_519' title='bbox 762 3683 813 3730; x_wconf 93' lang='lat' dir='ltr'><strong>et</strong></span> <span class='ocrx_word' id='word_1_520' title='bbox 839 3690 993 3745; x_wconf 67' lang='lat' dir='ltr'><strong>aqua:</strong></span> <span class='ocrx_word' id='word_1_521' title='bbox 1022 3674 1306 3730; x_wconf 84' lang='lat' dir='ltr'><strong>tribuisset</strong></span> <span class='ocrx_word' id='word_1_522' title='bbox 1328 3713 1345 3739; x_wconf 88' lang='lat'><strong>,</strong></span> <span class='ocrx_word' id='word_1_523' title='bbox 1385 3673 1498 3730; x_wconf 90' lang='lat' dir='ltr'><strong>Deo</strong></span> <span class='ocrx_word' id='word_1_524' title='bbox 1528 3676 1631 3730; x_wconf 85' lang='lat' dir='ltr'><strong>soli</strong></span> <span class='ocrx_word' id='word_1_525' title='bbox 1680 3677 2043 3731; x_wconf 83' lang='lat' dir='ltr'><strong>accretionem</strong></span> 
     </span>
    </p>
   </div>
   <div class='ocr_carea' id='block_1_72' title="bbox 481 3763 2045 3838">
    <p class='ocr_par' dir='ltr' id='par_1_72' title="bbox 481 3763 2045 3838">
     <span class='ocr_line' id='line_1_72' title="bbox 481 3763 2045 3838; baseline -0.001 -17"><span class='ocrx_word' id='word_1_526' title='bbox 481 3766 777 3830; x_wconf 79' lang='lat' dir='ltr'><strong>concessit,</strong></span> <span class='ocrx_word' id='word_1_527' title='bbox 806 3780 931 3820; x_wconf 89' lang='lat' dir='ltr'><strong>cum</strong></span> <span class='ocrx_word' id='word_1_528' title='bbox 962 3766 1037 3819; x_wconf 85' lang='lat' dir='ltr'><strong>ait</strong></span> <span class='ocrx_word' id='word_1_529' title='bbox 1066 3783 1079 3818; x_wconf 93' lang='lat'><strong>:</strong></span> <span class='ocrx_word' id='word_1_530' title='bbox 1120 3763 1301 3834; x_wconf 82' lang='lat' dir='ltr'><strong>Neque</strong></span> <span class='ocrx_word' id='word_1_531' title='bbox 1329 3765 1419 3836; x_wconf 83' lang='lat' dir='ltr'><strong>qui</strong></span> <span class='ocrx_word' id='word_1_532' title='bbox 1456 3765 1663 3834; x_wconf 83' lang='lat' dir='ltr'><strong>plantat</strong></span> <span class='ocrx_word' id='word_1_533' title='bbox 1698 3777 1776 3821; x_wconf 77' lang='lat' dir='ltr'><strong>est</strong></span> <span class='ocrx_word' id='word_1_534' title='bbox 1807 3766 2045 3838; x_wconf 84' lang='lat' dir='ltr'><strong>aliquid,</strong></span> 
     </span>
    </p>
   </div>
   <div class='ocr_carea' id='block_1_73' title="bbox 485 3856 2043 3928">
    <p class='ocr_par' dir='ltr' id='par_1_73' title="bbox 485 3856 2043 3928">
     <span class='ocr_line' id='line_1_73' title="bbox 485 3856 2043 3928; baseline 0.001 -16"><span class='ocrx_word' id='word_1_535' title='bbox 485 3874 646 3928; x_wconf 81' lang='lat' dir='ltr'><strong>neque</strong></span> <span class='ocrx_word' id='word_1_536' title='bbox 671 3858 760 3927; x_wconf 87' lang='lat' dir='ltr'><strong>qui</strong></span> <span class='ocrx_word' id='word_1_537' title='bbox 789 3858 958 3926; x_wconf 86' lang='lat' dir='ltr'><strong>rigat;</strong></span> <span class='ocrx_word' id='word_1_538' title='bbox 1007 3856 1099 3910; x_wconf 79' lang='lat' dir='ltr'><strong>sed</strong></span> <span class='ocrx_word' id='word_1_539' title='bbox 1120 3860 1210 3928; x_wconf 84' lang='lat' dir='ltr'><strong>qui</strong></span> <span class='ocrx_word' id='word_1_540' title='bbox 1238 3857 1331 3910; x_wconf 86' lang='lat' dir='ltr'><strong>dat</strong></span> <span class='ocrx_word' id='word_1_541' title='bbox 1360 3858 1773 3923; x_wconf 84' lang='lat' dir='ltr'><strong>incrementum,</strong></span> <span class='ocrx_word' id='word_1_542' title='bbox 1804 3858 1945 3913; x_wconf 73' lang='lat' dir='ltr'><strong>Deus</strong></span> <span class='ocrx_word' id='word_1_543' title='bbox 1976 3858 2043 3912; x_wconf 76' lang='grc'><strong>⁸⁸.</strong></span> 
     </span>
    </p>
   </div>
   <div class='ocr_carea' id='block_1_74' title="bbox 484 3947 2045 4030">
    <p class='ocr_par' dir='ltr' id='par_1_74' title="bbox 484 3947 2045 4030">
     <span class='ocr_line' id='line_1_74' title="bbox 484 3947 2045 4030; baseline -0.001 -25"><span class='ocrx_word' id='word_1_544' title='bbox 484 3948 720 4005; x_wconf 75' lang='lat' dir='ltr'><strong>Noverat</strong></span> <span class='ocrx_word' id='word_1_545' title='bbox 751 3948 896 4003; x_wconf 90' lang='lat' dir='ltr'><strong>enim</strong></span> <span class='ocrx_word' id='word_1_546' title='bbox 947 3947 1185 4003; x_wconf 87' lang='lat' dir='ltr'><strong>divinam</strong></span> <span class='ocrx_word' id='word_1_547' title='bbox 1218 3948 1388 4013; x_wconf 90' lang='lat' dir='ltr'><strong>illam,</strong></span> <span class='ocrx_word' id='word_1_548' title='bbox 1414 3954 1539 4004; x_wconf 84' lang='lat' dir='ltr'><strong>ante</strong></span> <span class='ocrx_word' id='word_1_549' title='bbox 1560 3949 1745 4030; x_wconf 74' lang='lat' dir='ltr'><strong>omnia</strong></span> <span class='ocrx_word' id='word_1_550' title='bbox 1770 3950 2007 4021; x_wconf 85' lang='lat' dir='ltr'><strong>genitam</strong></span> <span class='ocrx_word' id='word_1_551' title='bbox 2027 3989 2045 4017; x_wconf 93' lang='lat'><strong>,</strong></span> 
     </span>
    </p>
   </div>
   <div class='ocr_carea' id='block_1_75' title="bbox 485 4040 2049 4112">
    <p class='ocr_par' dir='ltr' id='par_1_75' title="bbox 485 4040 2049 4112">
     <span class='ocr_line' id='line_1_75' title="bbox 485 4040 2049 4112; baseline 0.002 -17"><span class='ocrx_word' id='word_1_552' title='bbox 485 4040 669 4095; x_wconf 89' lang='lat' dir='ltr'><strong>omnia</strong></span> <span class='ocrx_word' id='word_1_553' title='bbox 698 4040 1102 4112; x_wconf 87' lang='lat' dir='ltr'><strong>progignentem</strong></span> <span class='ocrx_word' id='word_1_554' title='bbox 1128 4041 1481 4111; x_wconf 89' lang='lat' dir='ltr'><strong>omniumque</strong></span> <span class='ocrx_word' id='word_1_555' title='bbox 1510 4040 1771 4097; x_wconf 88' lang='lat' dir='ltr'><strong>artiﬁcem</strong></span> <span class='ocrx_word' id='word_1_556' title='bbox 1814 4041 1906 4098; x_wconf 89' lang='lat' dir='ltr'><strong>Dei</strong></span> <span class='ocrx_word' id='word_1_557' title='bbox 1948 4041 2049 4098; x_wconf 87' lang='lat' dir='ltr'><strong>Sa-</strong></span> 
     </span>
    </p>
   </div>
   <div class='ocr_carea' id='block_1_76' title="bbox 487 4133 2049 4207">
    <p class='ocr_par' dir='ltr' id='par_1_76' title="bbox 487 4133 2049 4207">
     <span class='ocr_line' id='line_1_76' title="bbox 487 4133 2049 4207; baseline 0.001 -19"><span class='ocrx_word' id='word_1_558' title='bbox 487 4135 781 4207; x_wconf 88' lang='lat' dir='ltr'><strong>pientiam,</strong></span> <span class='ocrx_word' id='word_1_559' title='bbox 810 4135 1063 4191; x_wconf 88' lang='lat' dir='ltr'><strong>universa</strong></span> <span class='ocrx_word' id='word_1_560' title='bbox 1091 4135 1147 4190; x_wconf 92' lang='lat' dir='ltr'><strong>in</strong></span> <span class='ocrx_word' id='word_1_561' title='bbox 1186 4133 1448 4189; x_wconf 89' lang='lat' dir='ltr'><strong>mundum</strong></span> <span class='ocrx_word' id='word_1_562' title='bbox 1498 4133 1833 4206; x_wconf 88' lang='lat' dir='ltr'><strong>producere;</strong></span> <span class='ocrx_word' id='word_1_563' title='bbox 1885 4151 2049 4207; x_wconf 90' lang='lat' dir='ltr'><strong>quam</strong></span> 
     </span>
    </p>
   </div>
   <div class='ocr_carea' id='block_1_77' title="bbox 485 4225 2048 4297">
    <p class='ocr_par' dir='ltr' id='par_1_77' title="bbox 485 4225 2048 4297">
     <span class='ocr_line' id='line_1_77' title="bbox 485 4225 2048 4297; baseline 0.001 -16"><span class='ocrx_word' id='word_1_564' title='bbox 485 4226 651 4282; x_wconf 87' lang='lat' dir='ltr'><strong>etiam</strong></span> <span class='ocrx_word' id='word_1_565' title='bbox 680 4225 891 4296; x_wconf 89' lang='lat' dir='ltr'><strong>antiqui</strong></span> <span class='ocrx_word' id='word_1_566' title='bbox 921 4236 1173 4281; x_wconf 89' lang='lat' dir='ltr'><strong>naturam</strong></span> <span class='ocrx_word' id='word_1_567' title='bbox 1197 4235 1531 4283; x_wconf 90' lang='lat' dir='ltr'><strong>vocaverunt</strong></span> <span class='ocrx_word' id='word_1_568' title='bbox 1552 4233 1607 4283; x_wconf 92' lang='lat' dir='ltr'><strong>et</strong></span> <span class='ocrx_word' id='word_1_569' title='bbox 1630 4227 2048 4297; x_wconf 86' lang='lat' dir='ltr'><strong>providentiam,</strong></span> 
     </span>
    </p>
   </div>
   <div class='ocr_carea' id='block_1_78' title="bbox 486 4317 2052 4390">
    <p class='ocr_par' dir='ltr' id='par_1_78' title="bbox 486 4317 2052 4390">
     <span class='ocr_line' id='line_1_78' title="bbox 486 4317 2052 4390; baseline 0.002 -20"><span class='ocrx_word' id='word_1_570' title='bbox 486 4317 632 4388; x_wconf 91' lang='lat' dir='ltr'><strong>quod</strong></span> <span class='ocrx_word' id='word_1_571' title='bbox 663 4331 877 4387; x_wconf 86' lang='lat' dir='ltr'><strong>semper</strong></span> <span class='ocrx_word' id='word_1_572' title='bbox 910 4318 1198 4387; x_wconf 88' lang='lat' dir='ltr'><strong>providens</strong></span> <span class='ocrx_word' id='word_1_573' title='bbox 1218 4333 1527 4390; x_wconf 89' lang='lat' dir='ltr'><strong>curansque</strong></span> <span class='ocrx_word' id='word_1_574' title='bbox 1546 4358 1561 4383; x_wconf 91' lang='lat'><strong>,</strong></span> <span class='ocrx_word' id='word_1_575' title='bbox 1592 4318 1846 4375; x_wconf 90' lang='lat' dir='ltr'><strong>omnibus</strong></span> <span class='ocrx_word' id='word_1_576' title='bbox 1876 4318 1966 4375; x_wconf 91' lang='lat' dir='ltr'><strong>det</strong></span> <span class='ocrx_word' id='word_1_577' title='bbox 1993 4326 2052 4373; x_wconf 92' lang='lat' dir='ltr'><strong>ut</strong></span> 
     </span>
    </p>
   </div>
   <div class='ocr_carea' id='block_1_79' title="bbox 488 4409 2052 4482">
    <p class='ocr_par' dir='ltr' id='par_1_79' title="bbox 488 4409 2052 4482">
     <span class='ocr_line' id='line_1_79' title="bbox 488 4409 2052 4482; baseline 0.001 -18"><span class='ocrx_word' id='word_1_578' title='bbox 488 4416 786 4465; x_wconf 83' lang='lat' dir='ltr'><strong>nascantur</strong></span> <span class='ocrx_word' id='word_1_579' title='bbox 825 4416 879 4464; x_wconf 94' lang='lat' dir='ltr'><strong>et</strong></span> <span class='ocrx_word' id='word_1_580' title='bbox 907 4418 1173 4464; x_wconf 90' lang='lat' dir='ltr'><strong>crescant.</strong></span> <span class='ocrx_word' id='word_1_581' title='bbox 1208 4409 1343 4464; x_wconf 88' lang='lat' dir='ltr'><strong>Nam</strong></span> <span class='ocrx_word' id='word_1_582' title='bbox 1364 4451 1379 4476; x_wconf 96' lang='lat'><strong>,</strong></span> <span class='ocrx_word' id='word_1_583' title='bbox 1415 4412 1592 4482; x_wconf 90' lang='lat' dir='ltr'><strong>inquit</strong></span> <span class='ocrx_word' id='word_1_584' title='bbox 1614 4410 1683 4479; x_wconf 87' lang='grc'><strong>⁸⁸,</strong></span> <span class='ocrx_word' id='word_1_585' title='bbox 1715 4410 1877 4466; x_wconf 84' lang='lat' dir='ltr'><strong>Pater</strong></span> <span class='ocrx_word' id='word_1_586' title='bbox 1910 4428 2052 4466; x_wconf 80' lang='lat' dir='ltr'><strong>meus</strong></span> 
     </span>
    </p>
   </div>
   <div class='ocr_carea' id='block_1_80' title="bbox 2218 3580 3725 3652">
    <p class='ocr_par' dir='ltr' id='par_1_80' title="bbox 2218 3580 3725 3652">
     <span class='ocr_line' id='line_1_80' title="bbox 2218 3580 3725 3652; baseline -0.001 -16"><span class='ocrx_word' id='word_1_587' title='bbox 2218 3582 2321 3639; x_wconf 68' lang='grc' dir='ltr'>ιε’.</span> <span class='ocrx_word' id='word_1_588' title='bbox 2361 3582 2420 3636; x_wconf 85' lang='lat'><strong>&#39;0</strong></span> <span class='ocrx_word' id='word_1_589' title='bbox 2444 3581 2574 3652; x_wconf 89' lang='grc' dir='ltr'>γοῦν</span> <span class='ocrx_word' id='word_1_590' title='bbox 2613 3581 2932 3646; x_wconf 79' lang='grc' dir='ltr'>Ἀπόστολος</span> <span class='ocrx_word' id='word_1_591' title='bbox 2977 3580 3111 3652; x_wconf 89' lang='grc'><strong>(12),</strong></span> <span class='ocrx_word' id='word_1_592' title='bbox 3158 3582 3221 3635; x_wconf 83' lang='grc' dir='ltr'>τὸ</span> <span class='ocrx_word' id='word_1_593' title='bbox 3265 3581 3586 3650; x_wconf 80' lang='grc' dir='ltr'>φυτεύεσθαι</span> <span class='ocrx_word' id='word_1_594' title='bbox 3631 3582 3725 3636; x_wconf 61' lang='grc' dir='ltr'><strong>καὶ⁸</strong></span> 
     </span>
    </p>
   </div>
   <div class='ocr_carea' id='block_1_81' title="bbox 2151 3672 3725 3747">
    <p class='ocr_par' dir='ltr' id='par_1_81' title="bbox 2151 3672 3725 3747">
     <span class='ocr_line' id='line_1_81' title="bbox 2151 3672 3725 3747; baseline 0 -18"><span class='ocrx_word' id='word_1_595' title='bbox 2151 3675 2464 3741; x_wconf 77' lang='grc' dir='ltr'>ποτίζεσθαι</span> <span class='ocrx_word' id='word_1_596' title='bbox 2491 3676 2654 3747; x_wconf 80' lang='grc' dir='ltr'>τέχνῃ</span> <span class='ocrx_word' id='word_1_597' title='bbox 2698 3676 2791 3729; x_wconf 77' lang='grc' dir='ltr'>καὶ</span> <span class='ocrx_word' id='word_1_598' title='bbox 2822 3678 2893 3747; x_wconf 73' lang='grc' dir='ltr'>γῇ</span> <span class='ocrx_word' id='word_1_599' title='bbox 2926 3675 3020 3727; x_wconf 85' lang='grc' dir='ltr'>καὶ</span> <span class='ocrx_word' id='word_1_600' title='bbox 3043 3673 3192 3728; x_wconf 71' lang='grc' dir='ltr'>ὕδατι</span> <span class='ocrx_word' id='word_1_601' title='bbox 3221 3673 3363 3738; x_wconf 75' lang='grc' dir='ltr'>δοὺς,</span> <span class='ocrx_word' id='word_1_602' title='bbox 3393 3672 3472 3744; x_wconf 82' lang='grc' dir='ltr'>τῷ</span> <span class='ocrx_word' id='word_1_603' title='bbox 3516 3674 3636 3746; x_wconf 85' lang='grc' dir='ltr'>Θεῷ</span> <span class='ocrx_word' id='word_1_604' title='bbox 3661 3675 3725 3729; x_wconf 81' lang='grc' dir='ltr'>τὸ</span> 
     </span>
    </p>
   </div>
   <div class='ocr_carea' id='block_1_82' title="bbox 2151 3764 3728 3839">
    <p class='ocr_par' dir='ltr' id='par_1_82' title="bbox 2151 3764 3728 3839">
     <span class='ocr_line' id='line_1_82' title="bbox 2151 3764 3728 3839; baseline 0 -19"><span class='ocrx_word' id='word_1_605' title='bbox 2151 3765 2399 3832; x_wconf 76' lang='grc' dir='ltr'>αὐξάνειν</span> <span class='ocrx_word' id='word_1_606' title='bbox 2424 3766 2767 3839; x_wconf 85' lang='grc' dir='ltr'>συνεχώρησε</span> <span class='ocrx_word' id='word_1_607' title='bbox 2805 3766 2979 3837; x_wconf 83' lang='grc' dir='ltr'>μόνῳ·</span> <span class='ocrx_word' id='word_1_608' title='bbox 3014 3764 3171 3831; x_wconf 71' lang='grc' dir='ltr'>ἔνθα,</span> <span class='ocrx_word' id='word_1_609' title='bbox 3202 3765 3342 3819; x_wconf 76' lang='grc' dir='ltr'>οὔτε</span> <span class='ocrx_word' id='word_1_610' title='bbox 3377 3768 3411 3819; x_wconf 85' lang='grc' dir='ltr'><em>ὀ</em></span> <span class='ocrx_word' id='word_1_611' title='bbox 3450 3766 3728 3834; x_wconf 65' lang='grc' dir='ltr'>φυτεύων·</span> 
     </span>
    </p>
   </div>
   <div class='ocr_carea' id='block_1_83' title="bbox 2151 3854 3724 3925">
    <p class='ocr_par' dir='ltr' id='par_1_83' title="bbox 2151 3854 3724 3925">
     <span class='ocr_line' id='line_1_83' title="bbox 2151 3854 3724 3925; baseline 0 -14"><span class='ocrx_word' id='word_1_612' title='bbox 2151 3857 2290 3911; x_wconf 81' lang='grc' dir='ltr'>οὔτε</span> <span class='ocrx_word' id='word_1_613' title='bbox 2326 3861 2360 3914; x_wconf 85' lang='grc' dir='ltr'><strong>ό</strong></span> <span class='ocrx_word' id='word_1_614' title='bbox 2387 3858 2636 3919; x_wconf 79' lang='grc' dir='ltr'>ποτιζὶυν</span> <span class='ocrx_word' id='word_1_615' title='bbox 2674 3859 2811 3912; x_wconf 81' lang='grc' dir='ltr'>ἐστι</span> <span class='ocrx_word' id='word_1_616' title='bbox 2856 3874 2932 3923; x_wconf 90' lang='grc' dir='ltr'><strong>τι,</strong></span> <span class='ocrx_word' id='word_1_617' title='bbox 2994 3856 3132 3911; x_wconf 72' lang='grc' dir='ltr'><em>ἀλλ’</em></span> <span class='ocrx_word' id='word_1_618' title='bbox 3171 3858 3204 3909; x_wconf 88' lang='lat' dir='ltr'><strong>d</strong></span> <span class='ocrx_word' id='word_1_619' title='bbox 3236 3854 3515 3919; x_wconf 75' lang='grc' dir='ltr'><strong>αὐξάνων</strong></span> <span class='ocrx_word' id='word_1_620' title='bbox 3557 3858 3724 3925; x_wconf 86' lang='grc' dir='ltr'>Θεὸς,</span> 
     </span>
    </p>
   </div>
   <div class='ocr_carea' id='block_1_84' title="bbox 2154 3944 3725 4021">
    <p class='ocr_par' dir='ltr' id='par_1_84' title="bbox 2154 3944 3725 4021">
     <span class='ocr_line' id='line_1_84' title="bbox 2154 3944 3725 4021; baseline 0.001 -20"><span class='ocrx_word' id='word_1_621' title='bbox 2154 3946 2280 4020; x_wconf 66' lang='grc' dir='ltr'>εφη.</span> <span class='ocrx_word' id='word_1_622' title='bbox 2314 3944 2739 4021; x_wconf 78' lang='grc' dir='ltr'>Ἦπίστατογὰρ</span> <span class='ocrx_word' id='word_1_623' title='bbox 2762 3948 2936 4002; x_wconf 81' lang='grc' dir='ltr'>πάντα</span> <span class='ocrx_word' id='word_1_624' title='bbox 2955 3946 3228 4017; x_wconf 86' lang='grc' dir='ltr'>γεννῶσαν</span> <span class='ocrx_word' id='word_1_625' title='bbox 3253 3948 3351 4019; x_wconf 80' lang='grc' dir='ltr'><strong>τὴν</strong></span> <span class='ocrx_word' id='word_1_626' title='bbox 3383 3948 3725 4020; x_wconf 76' lang='grc' dir='ltr'>πρωτόγονον</span> 
     </span>
    </p>
   </div>
   <div class='ocr_carea' id='block_1_85' title="bbox 2156 4041 3729 4112">
    <p class='ocr_par' dir='ltr' id='par_1_85' title="bbox 2156 4041 3729 4112">
     <span class='ocr_line' id='line_1_85' title="bbox 2156 4041 3729 4112; baseline 0.002 -18"><span class='ocrx_word' id='word_1_627' title='bbox 2156 4041 2348 4112; x_wconf 81' lang='grc' dir='ltr'>σοφίαν</span> <span class='ocrx_word' id='word_1_628' title='bbox 2378 4042 2473 4096; x_wconf 78' lang='grc' dir='ltr'><strong>τοῦ</strong></span> <span class='ocrx_word' id='word_1_629' title='bbox 2517 4043 2673 4108; x_wconf 83' lang='grc' dir='ltr'>Θεοῦ,</span> <span class='ocrx_word' id='word_1_630' title='bbox 2709 4043 2804 4096; x_wconf 79' lang='grc' dir='ltr'>καὶ</span> <span class='ocrx_word' id='word_1_631' title='bbox 2850 4042 3068 4096; x_wconf 83' lang='grc' dir='ltr'>πάντων</span> <span class='ocrx_word' id='word_1_632' title='bbox 3100 4041 3387 4111; x_wconf 86' lang='grc' dir='ltr'>τεχνίτιδα,</span> <span class='ocrx_word' id='word_1_633' title='bbox 3426 4042 3606 4097; x_wconf 86' lang='grc' dir='ltr'>πάντα</span> <span class='ocrx_word' id='word_1_634' title='bbox 3643 4045 3729 4108; x_wconf 80' lang='grc' dir='ltr'>εις</span> 
     </span>
    </p>
   </div>
   <div class='ocr_carea' id='block_1_86' title="bbox 2150 4126 3724 4205">
    <p class='ocr_par' dir='ltr' id='par_1_86' title="bbox 2150 4126 3724 4205">
     <span class='ocr_line' id='line_1_86' title="bbox 2150 4126 3724 4205; baseline 0.002 -20"><span class='ocrx_word' id='word_1_635' title='bbox 2150 4126 2245 4186; x_wconf 67' lang='grc' dir='ltr'><strong>Ιτὸν</strong></span> <span class='ocrx_word' id='word_1_636' title='bbox 2277 4131 2480 4205; x_wconf 87' lang='grc' dir='ltr'>κόσμον</span> <span class='ocrx_word' id='word_1_637' title='bbox 2519 4134 2840 4205; x_wconf 82' lang='grc' dir='ltr'>προφέρειν·</span> <span class='ocrx_word' id='word_1_638' title='bbox 2890 4133 2955 4203; x_wconf 83' lang='grc' dir='ltr'>ἢν</span> <span class='ocrx_word' id='word_1_639' title='bbox 2992 4132 3100 4204; x_wconf 74' lang='grc' dir='ltr'><strong>γὰρ</strong></span> <span class='ocrx_word' id='word_1_640' title='bbox 3127 4132 3235 4203; x_wconf 74' lang='grc'><strong>(15)</strong></span> <span class='ocrx_word' id='word_1_641' title='bbox 3267 4132 3485 4186; x_wconf 80' lang='grc' dir='ltr'>παλαιοὶ</span> <span class='ocrx_word' id='word_1_642' title='bbox 3533 4133 3724 4205; x_wconf 78' lang='grc' dir='ltr'>ἄνδρες</span> 
     </span>
    </p>
   </div>
   <div class='ocr_carea' id='block_1_87' title="bbox 2156 4223 3724 4297">
    <p class='ocr_par' dir='ltr' id='par_1_87' title="bbox 2156 4223 3724 4297">
     <span class='ocr_line' id='line_1_87' title="bbox 2156 4223 3724 4297; baseline 0.001 -20"><span class='ocrx_word' id='word_1_643' title='bbox 2156 4224 2317 4293; x_wconf 87' lang='grc' dir='ltr'>φύσιν</span> <span class='ocrx_word' id='word_1_644' title='bbox 2347 4224 2609 4279; x_wconf 75' lang='grc' dir='ltr'>ἐκάλεσαν</span> <span class='ocrx_word' id='word_1_645' title='bbox 2648 4226 2743 4279; x_wconf 81' lang='grc' dir='ltr'>καὶ</span> <span class='ocrx_word' id='word_1_646' title='bbox 2777 4224 3049 4296; x_wconf 85' lang='grc' dir='ltr'>πρόνοιαν,</span> <span class='ocrx_word' id='word_1_647' title='bbox 3085 4223 3238 4295; x_wconf 68' lang='grc' dir='ltr'>παρὰ</span> <span class='ocrx_word' id='word_1_648' title='bbox 3265 4224 3326 4278; x_wconf 85' lang='grc' dir='ltr'>τὸ</span> <span class='ocrx_word' id='word_1_649' title='bbox 3358 4225 3512 4295; x_wconf 83' lang='grc' dir='ltr'>φύειν</span> <span class='ocrx_word' id='word_1_650' title='bbox 3557 4226 3724 4297; x_wconf 75' lang='grc' dir='ltr'>αὐτὴν</span> 
     </span>
    </p>
   </div>
   <div class='ocr_carea' id='block_1_88' title="bbox 2160 4315 3724 4389">
    <p class='ocr_par' dir='ltr' id='par_1_88' title="bbox 2160 4315 3724 4389">
     <span class='ocr_line' id='line_1_88' title="bbox 2160 4315 3724 4389; baseline 0 -18"><span class='ocrx_word' id='word_1_651' title='bbox 2160 4317 2375 4372; x_wconf 77' lang='grc' dir='ltr'>ἅπαντα</span> <span class='ocrx_word' id='word_1_652' title='bbox 2408 4317 2500 4370; x_wconf 79' lang='grc' dir='ltr'>καὶ</span> <span class='ocrx_word' id='word_1_653' title='bbox 2530 4315 2715 4383; x_wconf 69' lang='grc' dir='ltr'>αὔξειν</span> <span class='ocrx_word' id='word_1_654' title='bbox 2734 4354 2749 4380; x_wconf 90' lang='grc'><strong>,</strong></span> <span class='ocrx_word' id='word_1_655' title='bbox 2797 4316 3200 4388; x_wconf 85' lang='grc' dir='ltr'>προνοουμένην</span> <span class='ocrx_word' id='word_1_656' title='bbox 3242 4318 3328 4371; x_wconf 75' lang='grc' dir='ltr'><strong>ἀεὶ</strong></span> <span class='ocrx_word' id='word_1_657' title='bbox 3375 4318 3470 4371; x_wconf 72' lang='grc' dir='ltr'>καὶ</span> <span class='ocrx_word' id='word_1_658' title='bbox 3508 4318 3724 4389; x_wconf 90' lang='grc' dir='ltr'>φροντί-</span> 
     </span>
    </p>
   </div>
   <div class='ocr_carea' id='block_1_89' title="bbox 2160 4406 3724 4479">
    <p class='ocr_par' dir='ltr' id='par_1_89' title="bbox 2160 4406 3724 4479">
     <span class='ocr_line' id='line_1_89' title="bbox 2160 4406 3724 4479; baseline 0 -18"><span class='ocrx_word' id='word_1_659' title='bbox 2160 4406 2388 4472; x_wconf 78' lang='grc' dir='ltr'>ζουσαν·</span> <span class='ocrx_word' id='word_1_660' title='bbox 2430 4409 2484 4461; x_wconf 85' lang='lat'><strong>&#39;0</strong></span> <span class='ocrx_word' id='word_1_661' title='bbox 2526 4407 2637 4479; x_wconf 79' lang='grc' dir='ltr'><strong>γὰρ</strong></span> <span class='ocrx_word' id='word_1_662' title='bbox 2672 4406 2872 4476; x_wconf 81' lang='grc' dir='ltr'>Πατήρ</span> <span class='ocrx_word' id='word_1_663' title='bbox 2913 4425 3030 4477; x_wconf 85' lang='grc' dir='ltr'><strong>μου</strong></span> <span class='ocrx_word' id='word_1_664' title='bbox 3078 4406 3188 4473; x_wconf 80' lang='grc' dir='ltr'>ἕως</span> <span class='ocrx_word' id='word_1_665' title='bbox 3225 4407 3356 4476; x_wconf 77' lang='grc' dir='ltr'>ἄρτι</span> <span class='ocrx_word' id='word_1_666' title='bbox 3407 4407 3724 4478; x_wconf 80' lang='grc' dir='ltr'>ἐργάζεται,</span> 
     </span>
    </p>
   </div>
   <div class='ocr_carea' id='block_1_90' title="bbox 490 4497 2042 4575">
    <p class='ocr_par' dir='ltr' id='par_1_90' title="bbox 490 4500 2042 4575">
     <span class='ocr_line' id='line_1_90' title="bbox 490 4500 2042 4575; baseline 0.001 -20"><span class='ocrx_word' id='word_1_667' title='bbox 490 4517 653 4571; x_wconf 77' lang='lat' dir='ltr'><strong>usque</strong></span> <span class='ocrx_word' id='word_1_668' title='bbox 695 4500 848 4554; x_wconf 81' lang='lat' dir='ltr'><strong>modo</strong></span> <span class='ocrx_word' id='word_1_669' title='bbox 887 4513 1153 4569; x_wconf 82' lang='lat' dir='ltr'><strong>operatur,</strong></span> <span class='ocrx_word' id='word_1_670' title='bbox 1186 4512 1234 4556; x_wconf 87' lang='lat' dir='ltr'><strong>et</strong></span> <span class='ocrx_word' id='word_1_671' title='bbox 1281 4519 1372 4575; x_wconf 87' lang='lat' dir='ltr'><strong>ego</strong></span> <span class='ocrx_word' id='word_1_672' title='bbox 1426 4520 1629 4573; x_wconf 89' lang='lat' dir='ltr'><strong>operor.</strong></span> <span class='ocrx_word' id='word_1_673' title='bbox 1692 4502 2042 4570; x_wconf 72' lang='lat' dir='ltr'><strong>Quamobrem</strong></span> 
     </span>
    </p>
   </div>
   <div class='ocr_carea' id='block_1_91' title="bbox 2147 4497 3727 4575">
    <p class='ocr_par' dir='ltr' id='par_1_91' title="bbox 2162 4497 3727 4571">
     <span class='ocr_line' id='line_1_91' title="bbox 2162 4497 3727 4571; baseline -0.001 -17"><span class='ocrx_word' id='word_1_674' title='bbox 2162 4503 2315 4571; x_wconf 81' lang='grc' dir='ltr'>φησὶ,</span> <span class='ocrx_word' id='word_1_675' title='bbox 2357 4498 2518 4569; x_wconf 61' lang='grc' dir='ltr'><strong>κάγὼ</strong></span> <span class='ocrx_word' id='word_1_676' title='bbox 2557 4497 2887 4569; x_wconf 78' lang='grc' dir='ltr'>ἐργάζομαι.</span> <span class='ocrx_word' id='word_1_677' title='bbox 2928 4498 3090 4553; x_wconf 85' lang='grc' dir='ltr'>Ὅθεν</span> <span class='ocrx_word' id='word_1_678' title='bbox 3135 4499 3222 4552; x_wconf 75' lang='grc' dir='ltr'><strong>διὰ</strong></span> <span class='ocrx_word' id='word_1_679' title='bbox 3268 4499 3440 4553; x_wconf 87' lang='grc' dir='ltr'>ταῦτα</span> <span class='ocrx_word' id='word_1_680' title='bbox 3471 4499 3534 4571; x_wconf 79' lang='grc' dir='ltr'><strong>δὴ</strong></span> <span class='ocrx_word' id='word_1_681' title='bbox 3564 4500 3658 4553; x_wconf 74' lang='grc' dir='ltr'>καὶ</span> <span class='ocrx_word' id='word_1_682' title='bbox 3697 4501 3727 4552; x_wconf 84' lang='grc' dir='ltr'><strong>ό</strong></span> 
     </span>
    </p>
   </div>
   <div class='ocr_carea' id='block_1_92' title="bbox 490 4589 2051 4669">
    <p class='ocr_par' dir='ltr' id='par_1_92' title="bbox 490 4589 2051 4669">
     <span class='ocr_line' id='line_1_92' title="bbox 490 4589 2051 4669; baseline 0.001 -22"><span class='ocrx_word' id='word_1_683' title='bbox 490 4591 656 4648; x_wconf 88' lang='lat' dir='ltr'><strong>etiam</strong></span> <span class='ocrx_word' id='word_1_684' title='bbox 691 4589 977 4657; x_wconf 84' lang='lat' dir='ltr'><strong>Salomon,</strong></span> <span class='ocrx_word' id='word_1_685' title='bbox 1031 4595 1288 4664; x_wconf 76' lang='lat' dir='ltr'><strong>artiﬁcem</strong></span> <span class='ocrx_word' id='word_1_686' title='bbox 1322 4596 1587 4661; x_wconf 77' lang='lat' dir='ltr'><strong>omnium,</strong></span> <span class='ocrx_word' id='word_1_687' title='bbox 1638 4596 1926 4669; x_wconf 77' lang='lat' dir='ltr'><strong>appellavit</strong></span> <span class='ocrx_word' id='word_1_688' title='bbox 1954 4595 2001 4628; x_wconf 79' lang='lat'>“</span> <span class='ocrx_word' id='word_1_689' title='bbox 2035 4613 2051 4649; x_wconf 92' lang='lat'><strong>:</strong></span> 
     </span>
    </p>
   </div>
   <div class='ocr_carea' id='block_1_93' title="bbox 492 4684 2055 4758">
    <p class='ocr_par' dir='ltr' id='par_1_93' title="bbox 492 4684 2055 4758">
     <span class='ocr_line' id='line_1_93' title="bbox 492 4684 2055 4758; baseline 0.003 -21"><span class='ocrx_word' id='word_1_690' title='bbox 492 4684 694 4757; x_wconf 88' lang='lat' dir='ltr'><strong>quippe</strong></span> <span class='ocrx_word' id='word_1_691' title='bbox 720 4699 842 4739; x_wconf 91' lang='lat' dir='ltr'><strong>cum</strong></span> <span class='ocrx_word' id='word_1_692' title='bbox 880 4686 1027 4739; x_wconf 85' lang='lat' dir='ltr'><strong>nulla</strong></span> <span class='ocrx_word' id='word_1_693' title='bbox 1056 4687 1126 4742; x_wconf 89' lang='lat' dir='ltr'><strong>sit</strong></span> <span class='ocrx_word' id='word_1_694' title='bbox 1152 4687 1206 4741; x_wconf 91' lang='lat' dir='ltr'><strong>in</strong></span> <span class='ocrx_word' id='word_1_695' title='bbox 1238 4686 1346 4743; x_wconf 88' lang='lat' dir='ltr'><strong>Deo</strong></span> <span class='ocrx_word' id='word_1_696' title='bbox 1386 4687 1683 4758; x_wconf 89' lang='lat' dir='ltr'><strong>indigentia</strong></span> <span class='ocrx_word' id='word_1_697' title='bbox 1705 4728 1720 4749; x_wconf 91' lang='lat'><strong>,</strong></span> <span class='ocrx_word' id='word_1_698' title='bbox 1749 4686 1843 4741; x_wconf 90' lang='lat' dir='ltr'><strong>sed</strong></span> <span class='ocrx_word' id='word_1_699' title='bbox 1873 4687 2055 4742; x_wconf 87' lang='lat' dir='ltr'><strong>omnia</strong></span> 
     </span>
    </p>
   </div>
   <div class='ocr_carea' id='block_1_94' title="bbox 492 4776 2060 4850">
    <p class='ocr_par' dir='ltr' id='par_1_94' title="bbox 492 4776 2060 4850">
     <span class='ocr_line' id='line_1_94' title="bbox 492 4776 2060 4850; baseline 0.003 -20"><span class='ocrx_word' id='word_1_700' title='bbox 492 4776 781 4845; x_wconf 89' lang='lat' dir='ltr'><strong>opulenter</strong></span> <span class='ocrx_word' id='word_1_701' title='bbox 817 4784 872 4831; x_wconf 91' lang='lat' dir='ltr'><strong>et</strong></span> <span class='ocrx_word' id='word_1_702' title='bbox 905 4791 1091 4833; x_wconf 89' lang='lat' dir='ltr'><strong>creare</strong></span> <span class='ocrx_word' id='word_1_703' title='bbox 1135 4785 1190 4833; x_wconf 92' lang='lat' dir='ltr'><strong>et</strong></span> <span class='ocrx_word' id='word_1_704' title='bbox 1218 4778 1397 4835; x_wconf 90' lang='lat' dir='ltr'><strong>facere</strong></span> <span class='ocrx_word' id='word_1_705' title='bbox 1428 4786 1485 4835; x_wconf 90' lang='lat' dir='ltr'><strong>et</strong></span> <span class='ocrx_word' id='word_1_706' title='bbox 1517 4779 1728 4834; x_wconf 87' lang='lat' dir='ltr'><strong>variare</strong></span> <span class='ocrx_word' id='word_1_707' title='bbox 1759 4787 1813 4835; x_wconf 92' lang='lat' dir='ltr'><strong>et</strong></span> <span class='ocrx_word' id='word_1_708' title='bbox 1861 4794 2060 4850; x_wconf 85' lang='lat' dir='ltr'><strong>augere</strong></span> 
     </span>
    </p>
   </div>
   <div class='ocr_carea' id='block_1_95' title="bbox 494 4868 694 4923">
    <p class='ocr_par' dir='ltr' id='par_1_95' title="bbox 494 4868 694 4923">
     <span class='ocr_line' id='line_1_95' title="bbox 494 4868 694 4923; baseline 0.01 -2"><span class='ocrx_word' id='word_1_709' title='bbox 494 4868 694 4923; x_wconf 89' lang='lat' dir='ltr'><strong>valeat.</strong></span> 
     </span>
    </p>
   </div>
   <div class='ocr_carea' id='block_1_96' title="bbox 2158 4590 3729 4661">
    <p class='ocr_par' dir='ltr' id='par_1_96' title="bbox 2158 4590 3729 4661">
     <span class='ocr_line' id='line_1_96' title="bbox 2158 4590 3729 4661; baseline -0.001 -16"><span class='ocrx_word' id='word_1_710' title='bbox 2158 4591 2408 4661; x_wconf 84' lang='grc' dir='ltr'>Σολομῶν</span> <span class='ocrx_word' id='word_1_711' title='bbox 2452 4590 2734 4645; x_wconf 76' lang='grc' dir='ltr'>ἁπάντων</span> <span class='ocrx_word' id='word_1_712' title='bbox 2765 4590 2934 4661; x_wconf 80' lang='grc' dir='ltr'>αὐτὴν</span> <span class='ocrx_word' id='word_1_713' title='bbox 2982 4591 3282 4660; x_wconf 81' lang='grc' dir='ltr'>τεχνιτιδα</span> <span class='ocrx_word' id='word_1_714' title='bbox 3327 4593 3616 4646; x_wconf 75' lang='grc' dir='ltr'>ἐκάλεσεν·</span> <span class='ocrx_word' id='word_1_715' title='bbox 3649 4593 3729 4654; x_wconf 84' lang='grc' dir='ltr'><strong>είς</strong></span> 
     </span>
    </p>
   </div>
   <div class='ocr_carea' id='block_1_97' title="bbox 2158 4685 3728 4757">
    <p class='ocr_par' dir='ltr' id='par_1_97' title="bbox 2158 4685 3728 4757">
     <span class='ocr_line' id='line_1_97' title="bbox 2158 4685 3728 4757; baseline -0.003 -15"><span class='ocrx_word' id='word_1_716' title='bbox 2158 4686 2311 4742; x_wconf 82' lang='grc' dir='ltr'>οὐδὲν</span> <span class='ocrx_word' id='word_1_717' title='bbox 2344 4686 2708 4757; x_wconf 82' lang='grc' dir='ltr'>πτωχεύοντος</span> <span class='ocrx_word' id='word_1_718' title='bbox 2739 4686 2833 4741; x_wconf 85' lang='grc' dir='ltr'><strong>τοῦ</strong></span> <span class='ocrx_word' id='word_1_719' title='bbox 2877 4685 3036 4751; x_wconf 84' lang='grc' dir='ltr'>Θεοῦ,</span> <span class='ocrx_word' id='word_1_720' title='bbox 3080 4686 3214 4740; x_wconf 82' lang='grc' dir='ltr'>ἀλλὰ</span> <span class='ocrx_word' id='word_1_721' title='bbox 3246 4686 3512 4749; x_wconf 85' lang='grc' dir='ltr'>πλουσίως</span> <span class='ocrx_word' id='word_1_722' title='bbox 3552 4686 3728 4739; x_wconf 82' lang='grc' dir='ltr'>πάντα</span> 
     </span>
    </p>
   </div>
   <div class='ocr_carea' id='block_1_98' title="bbox 2163 4774 3731 4845">
    <p class='ocr_par' dir='ltr' id='par_1_98' title="bbox 2163 4774 3731 4845">
     <span class='ocr_line' id='line_1_98' title="bbox 2163 4774 3731 4845; baseline -0.003 -12"><span class='ocrx_word' id='word_1_723' title='bbox 2163 4778 2259 4833; x_wconf 78' lang='grc' dir='ltr'>καὶ</span> <span class='ocrx_word' id='word_1_724' title='bbox 2294 4776 2520 4841; x_wconf 76' lang='grc' dir='ltr'>κτίζειν,</span> <span class='ocrx_word' id='word_1_725' title='bbox 2550 4780 2645 4832; x_wconf 83' lang='grc' dir='ltr'><strong>καί</strong></span> <span class='ocrx_word' id='word_1_726' title='bbox 2689 4781 2880 4845; x_wconf 83' lang='grc' dir='ltr'>ποιεῖν,</span> <span class='ocrx_word' id='word_1_727' title='bbox 2917 4778 3012 4832; x_wconf 79' lang='grc' dir='ltr'>καὶ</span> <span class='ocrx_word' id='word_1_728' title='bbox 3053 4778 3382 4844; x_wconf 84' lang='grc' dir='ltr'>ποικίλλειν,</span> <span class='ocrx_word' id='word_1_729' title='bbox 3429 4778 3523 4832; x_wconf 70' lang='grc' dir='ltr'>καὶ</span> <span class='ocrx_word' id='word_1_730' title='bbox 3549 4774 3731 4842; x_wconf 71' lang='grc' dir='ltr'>αὔξειν</span> 
     </span>
    </p>
   </div>
   <div class='ocr_carea' id='block_1_99' title="bbox 2164 4855 3078 4940">
    <p class='ocr_par' dir='ltr' id='par_1_99' title="bbox 2164 4855 3078 4940">
     <span class='ocr_line' id='line_1_99' title="bbox 2164 4855 3078 4940; baseline 0 -17"><span class='ocrx_word' id='word_1_731' title='bbox 2164 4868 2483 4940; x_wconf 81' lang='grc' dir='ltr'>δυναμένου.</span> <span class='ocrx_word' id='word_1_732' title='bbox 3069 4855 3078 4865; x_wconf 61' lang='grc'><strong>’</strong></span> 
     </span>
    </p>
   </div>
   <div class='ocr_carea' id='block_1_100' title="bbox 567 4978 2042 5050">
    <p class='ocr_par' dir='ltr' id='par_1_100' title="bbox 567 4979 2042 5050">
     <span class='ocr_line' id='line_1_100' title="bbox 567 4979 2042 5050; baseline -0.001 -13"><span class='ocrx_word' id='word_1_733' title='bbox 567 4981 612 5014; x_wconf 72' lang='grc'><strong>⁸³</strong></span> <span class='ocrx_word' id='word_1_734' title='bbox 646 4981 776 5050; x_wconf 77' lang='lat' dir='ltr'><strong>Sep.</strong></span> <span class='ocrx_word' id='word_1_735' title='bbox 802 4998 916 5050; x_wconf 80' lang='lat' dir='ltr'><strong>xvr,</strong></span> <span class='ocrx_word' id='word_1_736' title='bbox 945 4983 1036 5039; x_wconf 69' lang='grc'><strong>24.</strong></span> <span class='ocrx_word' id='word_1_737' title='bbox 1118 4982 1204 5037; x_wconf 88' lang='grc'><strong>⁸⁸1</strong></span> <span class='ocrx_word' id='word_1_738' title='bbox 1238 4982 1364 5039; x_wconf 89' lang='lat' dir='ltr'><strong>Cor.</strong></span> <span class='ocrx_word' id='word_1_739' title='bbox 1399 4996 1483 5049; x_wconf 81' lang='lat' dir='ltr'><strong>In,</strong></span> <span class='ocrx_word' id='word_1_740' title='bbox 1507 4981 1559 5036; x_wconf 87' lang='lat'><strong>7.</strong></span> <span class='ocrx_word' id='word_1_741' title='bbox 1645 4981 1691 5014; x_wconf 86' lang='grc'><strong>⁸³</strong></span> <span class='ocrx_word' id='word_1_742' title='bbox 1712 4979 1934 5046; x_wconf 82' lang='lat' dir='ltr'><strong>Jaan.v.</strong></span> <span class='ocrx_word' id='word_1_743' title='bbox 1961 4979 2042 5036; x_wconf 83' lang='grc'><strong>17.</strong></span> 
     </span>
    </p>
   </div>
   <div class='ocr_carea' id='block_1_101' title="bbox 2147 4978 2575 5050">
    <p class='ocr_par' dir='ltr' id='par_1_101' title="bbox 2147 4978 2575 5050">
     <span class='ocr_line' id='line_1_101' title="bbox 2147 4978 2575 5050; baseline 0 -14"><span class='ocrx_word' id='word_1_744' title='bbox 2147 4981 2179 5014; x_wconf 79' lang='grc'><strong>’⁸</strong></span> <span class='ocrx_word' id='word_1_745' title='bbox 2210 4978 2337 5050; x_wconf 81' lang='lat' dir='ltr'><strong>Sap.</strong></span> <span class='ocrx_word' id='word_1_746' title='bbox 2366 4998 2464 5050; x_wconf 86' lang='lat' dir='ltr'><strong>vn,</strong></span> <span class='ocrx_word' id='word_1_747' title='bbox 2486 4980 2575 5036; x_wconf 88' lang='grc'><strong>21.</strong></span> 
     </span>
    </p>
   </div>
   <div class='ocr_carea' id='block_1_102' title="bbox 570 5092 2063 5169">
    <p class='ocr_par' dir='ltr' id='par_1_102' title="bbox 570 5092 2063 5169">
     <span class='ocr_line' id='line_1_102' title="bbox 570 5092 2063 5169; baseline -0.006 -16"><span class='ocrx_word' id='word_1_748' title='bbox 570 5096 684 5169; x_wconf 86' lang='grc'><strong>(11)</strong></span> <span class='ocrx_word' id='word_1_749' title='bbox 715 5096 886 5169; x_wconf 75' lang='lat' dir='ltr'><strong>A_rbor</strong></span> <span class='ocrx_word' id='word_1_750' title='bbox 919 5097 1096 5169; x_wconf 81' lang='lat' dir='ltr'><strong>Agnus</strong></span> <span class='ocrx_word' id='word_1_751' title='bbox 1147 5098 1374 5169; x_wconf 72' lang='lat' dir='ltr'><strong>nomine,</strong></span> <span class='ocrx_word' id='word_1_752' title='bbox 1439 5097 1602 5164; x_wconf 77' lang='grc' dir='ltr'>ἄγνου</span> <span class='ocrx_word' id='word_1_753' title='bbox 1649 5093 1838 5169; x_wconf 53' lang='grc' dir='ltr'>φυτόν,</span> <span class='ocrx_word' id='word_1_754' title='bbox 1868 5092 2063 5169; x_wconf 42' lang='lat' dir='ltr'><strong>Hiero:-</strong></span> 
     </span>
    </p>
   </div>
   <div class='ocr_carea' id='block_1_103' title="bbox 497 5164 2062 5240">
    <p class='ocr_par' dir='ltr' id='par_1_103' title="bbox 497 5164 2062 5240">
     <span class='ocr_line' id='line_1_103' title="bbox 497 5164 2062 5240; baseline -0.004 -16"><span class='ocrx_word' id='word_1_755' title='bbox 497 5164 710 5240; x_wconf 76' lang='lat' dir='ltr'><strong>nymus</strong></span> <span class='ocrx_word' id='word_1_756' title='bbox 738 5167 909 5240; x_wconf 44' lang='lat' dir='ltr'><strong>gerit.</strong></span> <span class='ocrx_word' id='word_1_757' title='bbox 925 5164 1126 5240; x_wconf 53' lang='lat' dir='ltr'><strong>nisi&quot;,</strong></span> <span class='ocrx_word' id='word_1_758' title='bbox 1157 5167 1247 5240; x_wconf 71' lang='lat'><strong>49,</strong></span> <span class='ocrx_word' id='word_1_759' title='bbox 1278 5167 1494 5240; x_wconf 66' lang='lat' dir='ltr'><strong>calicem</strong></span> <span class='ocrx_word' id='word_1_760' title='bbox 1514 5165 1759 5240; x_wconf 63' lang='lat' dir='ltr'><strong>torrentis</strong></span> <span class='ocrx_word' id='word_1_761' title='bbox 1787 5165 1941 5240; x_wconf 75' lang='lat' dir='ltr'><strong>dicit,</strong></span> <span class='ocrx_word' id='word_1_762' title='bbox 1966 5164 2062 5240; x_wconf 82' lang='lat' dir='ltr'><strong>ubi</strong></span> 
     </span>
    </p>
   </div>
   <div class='ocr_carea' id='block_1_104' title="bbox 500 5234 2071 5307">
    <p class='ocr_par' dir='ltr' id='par_1_104' title="bbox 500 5234 2071 5307">
     <span class='ocr_line' id='line_1_104' title="bbox 500 5234 2071 5307; baseline -0.006 -12"><span class='ocrx_word' id='word_1_763' title='bbox 500 5234 663 5295; x_wconf 76' lang='lat' dir='ltr'><strong>etiam</strong></span> <span class='ocrx_word' id='word_1_764' title='bbox 689 5234 831 5291; x_wconf 76' lang='lat' dir='ltr'><strong>LXX</strong></span> <span class='ocrx_word' id='word_1_765' title='bbox 874 5237 940 5291; x_wconf 88' lang='lat' dir='ltr'><strong>ad</strong></span> <span class='ocrx_word' id='word_1_766' title='bbox 960 5251 1147 5294; x_wconf 89' lang='lat' dir='ltr'><strong>vocem</strong></span> <span class='ocrx_word' id='word_1_767' title='bbox 1178 5235 1358 5307; x_wconf 55' lang='lat' dir='ltr'><strong>ﬁmo</strong></span> <span class='ocrx_word' id='word_1_768' title='bbox 1394 5235 1599 5291; x_wconf 88' lang='lat' dir='ltr'><strong>addunt</strong></span> <span class='ocrx_word' id='word_1_769' title='bbox 1627 5234 1718 5307; x_wconf 83' lang='grc' dir='ltr'><strong>τοῦ</strong></span> <span class='ocrx_word' id='word_1_770' title='bbox 1745 5234 2071 5307; x_wconf 73' lang='grc' dir='ltr'>χειμάρρου,</span> 
     </span>
    </p>
   </div>
   <div class='ocr_carea' id='block_1_105' title="bbox 502 5304 2067 5377">
    <p class='ocr_par' dir='ltr' id='par_1_105' title="bbox 502 5304 2067 5377">
     <span class='ocr_line' id='line_1_105' title="bbox 502 5304 2067 5377; baseline -0.004 -14"><span class='ocrx_word' id='word_1_771' title='bbox 502 5308 571 5363; x_wconf 89' lang='lat' dir='ltr'><strong>ad</strong></span> <span class='ocrx_word' id='word_1_772' title='bbox 604 5307 1015 5377; x_wconf 86' lang='lat' dir='ltr'><strong>signiﬁcandum</strong></span> <span class='ocrx_word' id='word_1_773' title='bbox 1051 5306 1579 5377; x_wconf 13' lang='lat' dir='ltr'><strong>gauderegejusmodi</strong></span> <span class='ocrx_word' id='word_1_774' title='bbox 1604 5304 1854 5377; x_wconf 65' lang='lat' dir='ltr'><strong>arborea:</strong></span> <span class='ocrx_word' id='word_1_775' title='bbox 1886 5304 2067 5377; x_wconf 76' lang='lat' dir='ltr'><strong>aquis,</strong></span> 
     </span>
    </p>
   </div>
   <div class='ocr_carea' id='block_1_106' title="bbox 2172 5092 3732 5168">
    <p class='ocr_par' dir='ltr' id='par_1_106' title="bbox 2172 5092 3732 5168">
     <span class='ocr_line' id='line_1_106' title="bbox 2172 5092 3732 5168; baseline 0.001 -19"><span class='ocrx_word' id='word_1_776' title='bbox 2172 5094 2266 5168; x_wconf 83' lang='lat' dir='ltr'><strong>ubi</strong></span> <span class='ocrx_word' id='word_1_777' title='bbox 2297 5092 2457 5168; x_wconf 49' lang='grc' dir='ltr'>δίκῃ,</span> <span class='ocrx_word' id='word_1_778' title='bbox 2491 5094 2695 5158; x_wconf 87' lang='grc' dir='ltr'>κλῶνες</span> <span class='ocrx_word' id='word_1_779' title='bbox 2744 5093 2938 5167; x_wconf 84' lang='grc' dir='ltr'>ἀγροῦ,</span> <span class='ocrx_word' id='word_1_780' title='bbox 2971 5101 3025 5148; x_wconf 90' lang='lat' dir='ltr'><strong>et</strong></span> <span class='ocrx_word' id='word_1_781' title='bbox 3061 5093 3282 5168; x_wconf 68' lang='lat' dir='ltr'><strong>1\_qu_ila,</strong></span> <span class='ocrx_word' id='word_1_782' title='bbox 3327 5093 3732 5168; x_wconf 62' lang='lat' dir='ltr'><strong>i‘péatxetpép-</strong></span> 
     </span>
    </p>
   </div>
   <div class='ocr_carea' id='block_1_107' title="bbox 2175 5164 3734 5236">
    <p class='ocr_par' dir='ltr' id='par_1_107' title="bbox 2175 5164 3734 5236">
     <span class='ocr_line' id='line_1_107' title="bbox 2175 5164 3734 5236; baseline 0.001 -19"><span class='ocrx_word' id='word_1_783' title='bbox 2175 5167 2271 5236; x_wconf 82' lang='grc' dir='ltr'><strong>ρου</strong></span> <span class='ocrx_word' id='word_1_784' title='bbox 2296 5208 2309 5231; x_wconf 93' lang='grc'><strong>,</strong></span> <span class='ocrx_word' id='word_1_785' title='bbox 2341 5166 2529 5220; x_wconf 77' lang='lat' dir='ltr'><strong>salices</strong></span> <span class='ocrx_word' id='word_1_786' title='bbox 2552 5164 2833 5236; x_wconf 58' lang='lat' dir='ltr'><strong>torrentis,</strong></span> <span class='ocrx_word' id='word_1_787' title='bbox 2867 5173 3024 5219; x_wconf 87' lang='lat' dir='ltr'><strong>notat</strong></span> <span class='ocrx_word' id='word_1_788' title='bbox 3060 5164 3307 5236; x_wconf 70' lang='lat' dir='ltr'><strong>Nobilius</strong></span> <span class='ocrx_word' id='word_1_789' title='bbox 3350 5164 3403 5236; x_wconf 76' lang='lat' dir='ltr'><strong>in</strong></span> <span class='ocrx_word' id='word_1_790' title='bbox 3436 5165 3557 5220; x_wconf 89' lang='lat' dir='ltr'><strong>aliis</strong></span> <span class='ocrx_word' id='word_1_791' title='bbox 3578 5164 3734 5236; x_wconf 76' lang='lat' dir='ltr'><strong>libris</strong></span> 
     </span>
    </p>
   </div>
   <div class='ocr_carea' id='block_1_108' title="bbox 2172 5233 3733 5305">
    <p class='ocr_par' dir='ltr' id='par_1_108' title="bbox 2172 5233 3733 5305">
     <span class='ocr_line' id='line_1_108' title="bbox 2172 5233 3733 5305; baseline 0.001 -17"><span class='ocrx_word' id='word_1_792' title='bbox 2172 5233 2295 5290; x_wconf 81' lang='lat' dir='ltr'><strong>esse</strong></span> <span class='ocrx_word' id='word_1_793' title='bbox 2349 5236 2530 5305; x_wconf 75' lang='grc' dir='ltr'>ἄγνου·</span> <span class='ocrx_word' id='word_1_794' title='bbox 2570 5235 2706 5291; x_wconf 88' lang='lat' dir='ltr'><strong>forte</strong></span> <span class='ocrx_word' id='word_1_795' title='bbox 2739 5236 3089 5291; x_wconf 86' lang='lat' dir='ltr'><strong>scribendum</strong></span> <span class='ocrx_word' id='word_1_796' title='bbox 3143 5235 3326 5302; x_wconf 78' lang='grc' dir='ltr'>ἄγνου.</span> <span class='ocrx_word' id='word_1_797' title='bbox 3357 5233 3559 5305; x_wconf 77' lang='lat' dir='ltr'><strong>Catena</strong></span> <span class='ocrx_word' id='word_1_798' title='bbox 3590 5235 3733 5290; x_wconf 83' lang='lat' dir='ltr'><strong>Lon-</strong></span> 
     </span>
    </p>
   </div>
   <div class='ocr_carea' id='block_1_109' title="bbox 2172 5304 3726 5374">
    <p class='ocr_par' dir='ltr' id='par_1_109' title="bbox 2172 5304 3726 5374">
     <span class='ocr_line' id='line_1_109' title="bbox 2172 5304 3726 5374; baseline -0.002 -15"><span class='ocrx_word' id='word_1_799' title='bbox 2172 5304 2474 5359; x_wconf 38' lang='lat' dir='ltr'><strong>diniana&#39;in</strong></span> <span class='ocrx_word' id='word_1_800' title='bbox 2504 5305 2625 5368; x_wconf 74' lang='lat' dir='ltr'><strong>Job,</strong></span> <span class='ocrx_word' id='word_1_801' title='bbox 2657 5304 2723 5358; x_wconf 85' lang='lat' dir='ltr'><strong>ad</strong></span> <span class='ocrx_word' id='word_1_802' title='bbox 2754 5322 2876 5359; x_wconf 90' lang='lat' dir='ltr'><strong>eum</strong></span> <span class='ocrx_word' id='word_1_803' title='bbox 2914 5320 3131 5360; x_wconf 87' lang='lat' dir='ltr'><strong>versum</strong></span> <span class='ocrx_word' id='word_1_804' title='bbox 3166 5320 3365 5371; x_wconf 81' lang='lat' dir='ltr'><strong>marg..</strong></span> <span class='ocrx_word' id='word_1_805' title='bbox 3400 5323 3488 5374; x_wconf 75' lang='grc' dir='ltr'>γρ.</span> <span class='ocrx_word' id='word_1_806' title='bbox 3521 5304 3726 5374; x_wconf 72' lang='grc' dir='ltr'>ἄγνου,</span> 
     </span>
    </p>
   </div>
   <div class='ocr_carea' id='block_1_110' title="bbox 502 5373 3733 5448">
    <p class='ocr_par' dir='ltr' id='par_1_110' title="bbox 502 5373 3733 5448">
     <span class='ocr_line' id='line_1_110' title="bbox 502 5373 3733 5448; baseline -0.001 -15"><span class='ocrx_word' id='word_1_807' title='bbox 502 5373 861 5447; x_wconf 79' lang='lat' dir='ltr'><strong>videmusque</strong></span> <span class='ocrx_word' id='word_1_808' title='bbox 895 5373 1096 5448; x_wconf 76' lang='lat' dir='ltr'><strong>passim</strong></span> <span class='ocrx_word' id='word_1_809' title='bbox 1132 5373 1467 5448; x_wconf 77' lang='lat' dir='ltr'><strong>luxuriantes</strong></span> <span class='ocrx_word' id='word_1_810' title='bbox 1492 5375 1560 5429; x_wconf 91' lang='lat' dir='ltr'><strong>ad</strong></span> <span class='ocrx_word' id='word_1_811' title='bbox 1599 5376 1748 5445; x_wconf 87' lang='lat' dir='ltr'><strong>ripas</strong></span> <span class='ocrx_word' id='word_1_812' title='bbox 1774 5373 2065 5448; x_wconf 71' lang='lat' dir='ltr'><strong>ﬂuminum</strong></span> <span class='ocrx_word' id='word_1_813' title='bbox 2169 5384 2222 5429; x_wconf 78' lang='lat' dir='ltr'><strong>et</strong></span> <span class='ocrx_word' id='word_1_814' title='bbox 2245 5376 2320 5448; x_wconf 72' lang='lat' dir='ltr'><strong>sic</strong></span> <span class='ocrx_word' id='word_1_815' title='bbox 2346 5376 2401 5448; x_wconf 75' lang='lat' dir='ltr'><strong>in</strong></span> <span class='ocrx_word' id='word_1_816' title='bbox 2424 5393 2521 5448; x_wconf 77' lang='lat' dir='ltr'><strong>ms.</strong></span> <span class='ocrx_word' id='word_1_817' title='bbox 2553 5375 2774 5430; x_wconf 66' lang='lat' dir='ltr'><strong>Theclaz.</strong></span> <span class='ocrx_word' id='word_1_818' title='bbox 2828 5375 3086 5431; x_wconf 85' lang='lat' dir='ltr'><strong>Eamdem</strong></span> <span class='ocrx_word' id='word_1_819' title='bbox 3152 5373 3415 5448; x_wconf 69' lang='lat' dir='ltr'><strong>arborem</strong></span> <span class='ocrx_word' id='word_1_820' title='bbox 3457 5373 3620 5429; x_wconf 84' lang='lat' dir='ltr'><strong>etiam</strong></span> <span class='ocrx_word' id='word_1_821' title='bbox 3665 5392 3733 5431; x_wconf 73' lang='lat' dir='ltr'><strong>ex</strong></span> 
     </span>
    </p>
   </div>
   <div class='ocr_carea' id='block_1_111' title="bbox 503 5444 2068 5519">
    <p class='ocr_par' dir='ltr' id='par_1_111' title="bbox 503 5444 2068 5519">
     <span class='ocr_line' id='line_1_111' title="bbox 503 5444 2068 5519; baseline -0.005 -15"><span class='ocrx_word' id='word_1_822' title='bbox 503 5450 750 5519; x_wconf 78' lang='lat' dir='ltr'><strong>locisque</strong></span> <span class='ocrx_word' id='word_1_823' title='bbox 773 5444 1108 5519; x_wconf 77' lang='lat' dir='ltr'><strong>palustribus</strong></span> <span class='ocrx_word' id='word_1_824' title='bbox 1132 5461 1146 5497; x_wconf 91' lang='lat'><strong>:</strong></span> <span class='ocrx_word' id='word_1_825' title='bbox 1171 5461 1280 5519; x_wconf 90' lang='lat' dir='ltr'><strong>quo</strong></span> <span class='ocrx_word' id='word_1_826' title='bbox 1306 5446 1476 5519; x_wconf 85' lang='lat' dir='ltr'><strong>magis</strong></span> <span class='ocrx_word' id='word_1_827' title='bbox 1515 5444 1745 5519; x_wconf 76' lang='lat' dir='ltr'><strong>augetur</strong></span> <span class='ocrx_word' id='word_1_828' title='bbox 1773 5444 2068 5519; x_wconf 76' lang='lat' dir='ltr'><strong>Methodia-</strong></span> 
     </span>
    </p>
   </div>
   <div class='ocr_carea' id='block_1_112' title="bbox 508 5516 2061 5586">
    <p class='ocr_par' dir='ltr' id='par_1_112' title="bbox 508 5516 2061 5586">
     <span class='ocr_line' id='line_1_112' title="bbox 508 5516 2061 5586; baseline -0.003 -13"><span class='ocrx_word' id='word_1_829' title='bbox 508 5516 841 5573; x_wconf 60' lang='lat' dir='ltr'><strong>nunt&#39;istud</strong></span> <span class='ocrx_word' id='word_1_830' title='bbox 897 5533 1023 5573; x_wconf 88' lang='lat' dir='ltr'><strong>vere</strong></span> <span class='ocrx_word' id='word_1_831' title='bbox 1082 5518 1287 5586; x_wconf 86' lang='lat' dir='ltr'><strong>grande</strong></span> <span class='ocrx_word' id='word_1_832' title='bbox 1337 5516 1701 5570; x_wconf 91' lang='lat' dir='ltr'><strong>miraculum:</strong></span> <span class='ocrx_word' id='word_1_833' title='bbox 1741 5516 1828 5586; x_wconf 78' lang='lat' dir='ltr'><strong>cui</strong></span> <span class='ocrx_word' id='word_1_834' title='bbox 1880 5522 2061 5569; x_wconf 86' lang='lat' dir='ltr'><strong>tamen</strong></span> 
     </span>
    </p>
   </div>
   <div class='ocr_carea' id='block_1_113' title="bbox 510 5584 2061 5657">
    <p class='ocr_par' dir='ltr' id='par_1_113' title="bbox 510 5584 2061 5657">
     <span class='ocr_line' id='line_1_113' title="bbox 510 5584 2061 5657; baseline -0.005 -14"><span class='ocrx_word' id='word_1_835' title='bbox 510 5595 764 5644; x_wconf 86' lang='lat' dir='ltr'><strong>astruunt</strong></span> <span class='ocrx_word' id='word_1_836' title='bbox 791 5586 949 5641; x_wconf 84' lang='lat' dir='ltr'><strong>tidem</strong></span> <span class='ocrx_word' id='word_1_837' title='bbox 983 5584 1136 5641; x_wconf 82' lang='lat' dir='ltr'><strong>nives</strong></span> <span class='ocrx_word' id='word_1_838' title='bbox 1160 5587 1264 5641; x_wconf 67' lang='lat' dir='ltr'><strong>illa:</strong></span> <span class='ocrx_word' id='word_1_839' title='bbox 1289 5586 1530 5657; x_wconf 70' lang='lat' dir='ltr'><strong>adjpsas</strong></span> <span class='ocrx_word' id='word_1_840' title='bbox 1554 5586 1737 5657; x_wconf 86' lang='lat' dir='ltr'><strong>fauces</strong></span> <span class='ocrx_word' id='word_1_841' title='bbox 1757 5584 2061 5657; x_wconf 75' lang='lat' dir='ltr'><strong>ﬂammij-</strong></span> 
     </span>
    </p>
   </div>
   <div class='ocr_carea' id='block_1_114' title="bbox 511 5653 2062 5726">
    <p class='ocr_par' dir='ltr' id='par_1_114' title="bbox 511 5653 2062 5726">
     <span class='ocr_line' id='line_1_114' title="bbox 511 5653 2062 5726; baseline -0.003 -13"><span class='ocrx_word' id='word_1_842' title='bbox 511 5672 631 5714; x_wconf 84' lang='lat' dir='ltr'><strong>mas</strong></span> <span class='ocrx_word' id='word_1_843' title='bbox 668 5658 923 5712; x_wconf 86' lang='lat' dir='ltr'><strong>similium</strong></span> <span class='ocrx_word' id='word_1_844' title='bbox 952 5659 1214 5712; x_wconf 90' lang='lat' dir='ltr'><strong>montium</strong></span> <span class='ocrx_word' id='word_1_845' title='bbox 1261 5657 1316 5710; x_wconf 89' lang='lat' dir='ltr'><strong>in</strong></span> <span class='ocrx_word' id='word_1_846' title='bbox 1361 5653 1535 5719; x_wconf 80' lang='lat' dir='ltr'><strong>Italia,</strong></span> <span class='ocrx_word' id='word_1_847' title='bbox 1563 5656 1800 5726; x_wconf 85' lang='lat' dir='ltr'><strong>olimque</strong></span> <span class='ocrx_word' id='word_1_848' title='bbox 1832 5655 1887 5726; x_wconf 89' lang='lat' dir='ltr'><strong>in</strong></span> <span class='ocrx_word' id='word_1_849' title='bbox 1923 5653 2062 5726; x_wconf 80' lang='lat' dir='ltr'><strong>Sici-</strong></span> 
     </span>
    </p>
   </div>
   <div class='ocr_carea' id='block_1_115' title="bbox 513 5724 2067 5792">
    <p class='ocr_par' dir='ltr' id='par_1_115' title="bbox 513 5724 2067 5792">
     <span class='ocr_line' id='line_1_115' title="bbox 513 5724 2067 5792; baseline -0.004 -9"><span class='ocrx_word' id='word_1_850' title='bbox 513 5730 606 5792; x_wconf 87' lang='lat' dir='ltr'><strong>lia,</strong></span> <span class='ocrx_word' id='word_1_851' title='bbox 635 5727 729 5782; x_wconf 90' lang='lat' dir='ltr'><strong>ubi</strong></span> <span class='ocrx_word' id='word_1_852' title='bbox 749 5728 1040 5781; x_wconf 87' lang='lat' dir='ltr'><strong>bituminea</strong></span> <span class='ocrx_word' id='word_1_853' title='bbox 1085 5726 1312 5781; x_wconf 88' lang='lat' dir='ltr'><strong>materia</strong></span> <span class='ocrx_word' id='word_1_854' title='bbox 1342 5727 1490 5780; x_wconf 89' lang='lat' dir='ltr'><strong>velut</strong></span> <span class='ocrx_word' id='word_1_855' title='bbox 1521 5724 1785 5781; x_wconf 75' lang='lat' dir='ltr'><strong>exhausta</strong></span> <span class='ocrx_word' id='word_1_856' title='bbox 1814 5725 1879 5780; x_wconf 91' lang='lat' dir='ltr'><strong>ad</strong></span> <span class='ocrx_word' id='word_1_857' title='bbox 1913 5724 2067 5779; x_wconf 85' lang='lat' dir='ltr'><strong>ﬂam-</strong></span> 
     </span>
    </p>
   </div>
   <div class='ocr_carea' id='block_1_116' title="bbox 515 5794 2065 5868">
    <p class='ocr_par' dir='ltr' id='par_1_116' title="bbox 515 5794 2065 5868">
     <span class='ocr_line' id='line_1_116' title="bbox 515 5794 2065 5868; baseline -0.005 -12"><span class='ocrx_word' id='word_1_858' title='bbox 515 5814 635 5856; x_wconf 85' lang='lat' dir='ltr'><strong>mas</strong></span> <span class='ocrx_word' id='word_1_859' title='bbox 666 5797 788 5853; x_wconf 85' lang='lat' dir='ltr'><strong>illas</strong></span> <span class='ocrx_word' id='word_1_860' title='bbox 835 5797 1106 5854; x_wconf 81' lang='lat' dir='ltr'><strong>terribiles</strong></span> <span class='ocrx_word' id='word_1_861' title='bbox 1148 5797 1377 5853; x_wconf 86' lang='lat' dir='ltr'><strong>videtur.</strong></span> <span class='ocrx_word' id='word_1_862' title='bbox 1425 5794 1528 5852; x_wconf 78' lang='lat' dir='ltr'><strong>Job</strong></span> <span class='ocrx_word' id='word_1_863' title='bbox 1558 5811 1771 5868; x_wconf 88' lang='lat' dir='ltr'><strong>quoque</strong></span> <span class='ocrx_word' id='word_1_864' title='bbox 1810 5810 1932 5865; x_wconf 88' lang='lat' dir='ltr'><strong>cap.</strong></span> <span class='ocrx_word' id='word_1_865' title='bbox 1976 5811 2065 5861; x_wconf 76' lang='grc' dir='ltr'><strong>ιι,</strong></span> 
     </span>
    </p>
   </div>
   <div class='ocr_carea' id='block_1_117' title="bbox 2172 5443 3735 5515">
    <p class='ocr_par' dir='ltr' id='par_1_117' title="bbox 2172 5443 3735 5515">
     <span class='ocr_line' id='line_1_117' title="bbox 2172 5443 3735 5515; baseline 0 -18"><span class='ocrx_word' id='word_1_866' title='bbox 2172 5445 2416 5515; x_wconf 83' lang='lat' dir='ltr'><strong>profanis</strong></span> <span class='ocrx_word' id='word_1_867' title='bbox 2445 5446 2602 5501; x_wconf 86' lang='lat' dir='ltr'><strong>docet</strong></span> <span class='ocrx_word' id='word_1_868' title='bbox 2636 5448 2879 5500; x_wconf 84' lang='lat' dir='ltr'><strong>Dioscor.</strong></span> <span class='ocrx_word' id='word_1_869' title='bbox 2929 5447 2965 5499; x_wconf 91' lang='lat' dir='ltr'><strong>l.</strong></span> <span class='ocrx_word' id='word_1_870' title='bbox 3014 5462 3054 5507; x_wconf 84' lang='grc' dir='ltr'><strong>ι,</strong></span> <span class='ocrx_word' id='word_1_871' title='bbox 3089 5462 3138 5499; x_wconf 88' lang='lat' dir='ltr'><strong>c.</strong></span> <span class='ocrx_word' id='word_1_872' title='bbox 3166 5443 3288 5509; x_wconf 83' lang='grc'><strong>116,</strong></span> <span class='ocrx_word' id='word_1_873' title='bbox 3312 5445 3540 5515; x_wconf 87' lang='lat' dir='ltr'><strong>ejusque</strong></span> <span class='ocrx_word' id='word_1_874' title='bbox 3566 5460 3735 5513; x_wconf 76' lang='lat' dir='ltr'><strong>expo-</strong></span> 
     </span>
    </p>
   </div>
   <div class='ocr_carea' id='block_1_118' title="bbox 2170 5514 3730 5584">
    <p class='ocr_par' dir='ltr' id='par_1_118' title="bbox 2170 5514 3730 5584">
     <span class='ocr_line' id='line_1_118' title="bbox 2170 5514 3730 5584; baseline 0.001 -18"><span class='ocrx_word' id='word_1_875' title='bbox 2170 5516 2307 5584; x_wconf 82' lang='lat' dir='ltr'><strong>sitor</strong></span> <span class='ocrx_word' id='word_1_876' title='bbox 2336 5514 2669 5571; x_wconf 81' lang='lat' dir='ltr'><strong>Mattbiolus.</strong></span> <span class='ocrx_word' id='word_1_877' title='bbox 2698 5546 2769 5557; x_wconf 93' lang='lat'>—</span> <span class='ocrx_word' id='word_1_878' title='bbox 2804 5516 3043 5584; x_wconf 85' lang='lat' dir='ltr'><strong>Hujusce</strong></span> <span class='ocrx_word' id='word_1_879' title='bbox 3095 5515 3310 5569; x_wconf 89' lang='lat' dir='ltr'><strong>arboris</strong></span> <span class='ocrx_word' id='word_1_880' title='bbox 3331 5515 3577 5570; x_wconf 87' lang='lat' dir='ltr'><strong>meminit</strong></span> <span class='ocrx_word' id='word_1_881' title='bbox 3604 5517 3730 5569; x_wconf 88' lang='lat' dir='ltr'><strong>item</strong></span> 
     </span>
    </p>
   </div>
   <div class='ocr_carea' id='block_1_119' title="bbox 2171 5582 3736 5657">
    <p class='ocr_par' dir='ltr' id='par_1_119' title="bbox 2171 5582 3736 5657">
     <span class='ocr_line' id='line_1_119' title="bbox 2171 5582 3736 5657; baseline 0.001 -19"><span class='ocrx_word' id='word_1_882' title='bbox 2171 5582 2228 5657; x_wconf 67' lang='grc' dir='ltr'><strong>ξ.</strong></span> <span class='ocrx_word' id='word_1_883' title='bbox 2267 5584 2467 5657; x_wconf 81' lang='lat' dir='ltr'><strong>Martyr</strong></span> <span class='ocrx_word' id='word_1_884' title='bbox 2496 5587 2548 5640; x_wconf 90' lang='lat' dir='ltr'><strong>in</strong></span> <span class='ocrx_word' id='word_1_885' title='bbox 2576 5585 2827 5657; x_wconf 79' lang='lat' dir='ltr'><strong>_Convivio</strong></span> <span class='ocrx_word' id='word_1_886' title='bbox 2849 5582 3023 5640; x_wconf 77' lang='lat' dir='ltr'><strong>decem</strong></span> <span class='ocrx_word' id='word_1_887' title='bbox 3050 5585 3237 5657; x_wconf 84' lang='lat' dir='ltr'><strong>virgin.</strong></span> <span class='ocrx_word' id='word_1_888' title='bbox 3282 5586 3387 5641; x_wconf 83' lang='lat' dir='ltr'><strong>sub</strong></span> <span class='ocrx_word' id='word_1_889' title='bbox 3415 5586 3651 5651; x_wconf 89' lang='lat' dir='ltr'><strong>initium,</strong></span> <span class='ocrx_word' id='word_1_890' title='bbox 3679 5591 3736 5639; x_wconf 79' lang='lat' dir='ltr'><strong>et</strong></span> 
     </span>
    </p>
   </div>
   <div class='ocr_carea' id='block_1_120' title="bbox 2167 5654 2732 5728">
    <p class='ocr_par' dir='ltr' id='par_1_120' title="bbox 2167 5654 2732 5728">
     <span class='ocr_line' id='line_1_120' title="bbox 2167 5654 2732 5728; baseline -0.005 -17"><span class='ocrx_word' id='word_1_891' title='bbox 2167 5654 2321 5728; x_wconf 67' lang='lat' dir='ltr'><strong>Orat.</strong></span> <span class='ocrx_word' id='word_1_892' title='bbox 2337 5654 2463 5728; x_wconf 11' lang='lat' dir='ltr'><strong>gxr,&#39;§</strong></span> <span class='ocrx_word' id='word_1_893' title='bbox 2487 5655 2732 5728; x_wconf 53' lang='lat' dir='ltr'><strong>5.6mm.</strong></span> 
     </span>
    </p>
   </div>
   <div class='ocr_carea' id='block_1_121' title="bbox 2242 5725 3492 5798">
    <p class='ocr_par' dir='ltr' id='par_1_121' title="bbox 2242 5725 3492 5798">
     <span class='ocr_line' id='line_1_121' title="bbox 2242 5725 3492 5798; baseline -0.001 -16"><span class='ocrx_word' id='word_1_894' title='bbox 2242 5726 2353 5798; x_wconf 73' lang='grc'><strong>(12)</strong></span> <span class='ocrx_word' id='word_1_895' title='bbox 2375 5725 2614 5798; x_wconf 71' lang='grc' dir='ltr'>’σγοῦν</span> <span class='ocrx_word' id='word_1_896' title='bbox 2661 5728 2790 5798; x_wconf 75' lang='grc' dir='ltr'><strong>’ᾼπ.</strong></span> <span class='ocrx_word' id='word_1_897' title='bbox 2814 5726 2892 5798; x_wconf 69' lang='lat' dir='ltr'><strong>Ex</strong></span> <span class='ocrx_word' id='word_1_898' title='bbox 2927 5727 3116 5798; x_wconf 87' lang='lat' dir='ltr'><strong>eodem</strong></span> <span class='ocrx_word' id='word_1_899' title='bbox 3150 5726 3272 5781; x_wconf 87' lang='lat' dir='ltr'><strong>cod.</strong></span> <span class='ocrx_word' id='word_1_900' title='bbox 3307 5725 3492 5798; x_wconf 85' lang='lat' dir='ltr'><strong>Rupif.</strong></span> 
     </span>
    </p>
   </div>
   <div class='ocr_carea' id='block_1_122' title="bbox 2243 5796 3285 5872">
    <p class='ocr_par' dir='ltr' id='par_1_122' title="bbox 2243 5796 3285 5872">
     <span class='ocr_line' id='line_1_122' title="bbox 2243 5796 3285 5872; baseline -0.001 -20"><span class='ocrx_word' id='word_1_901' title='bbox 2243 5797 2357 5868; x_wconf 78' lang='grc'><strong>(15)</strong></span> <span class='ocrx_word' id='word_1_902' title='bbox 2389 5798 2501 5852; x_wconf 85' lang='grc' dir='ltr'>Ἦν</span> <span class='ocrx_word' id='word_1_903' title='bbox 2529 5796 2658 5872; x_wconf 61' lang='grc' dir='ltr'>γάρ.</span> <span class='ocrx_word' id='word_1_904' title='bbox 2680 5796 2787 5853; x_wconf 89' lang='lat' dir='ltr'><strong>Pro</strong></span> <span class='ocrx_word' id='word_1_905' title='bbox 2831 5797 2940 5869; x_wconf 85' lang='grc' dir='ltr'>γάρ</span> <span class='ocrx_word' id='word_1_906' title='bbox 2969 5797 3132 5853; x_wconf 88' lang='lat' dir='ltr'><strong>scrib.</strong></span> <span class='ocrx_word' id='word_1_907' title='bbox 3170 5797 3285 5851; x_wconf 80' lang='grc' dir='ltr'>καί.</span> 
     </span>
    </p>
   </div>
  </div>
