4150 6440
491 340 594 398 291

1470 350 1526 404 S.
1566 345 1899 403 METHDDI!
1941 345 2246 399 LPIbCUl’I
2283 347 2363 397 Ικῖ
2415 347 2597 396 MAlt'l
2621 344 2777 398 ruis

3642 351 3750 406 292

490 463 684 533 ligatas
727 463 932 517 animas
976 477 1004 516 a
1067 461 1294 516 Ieremia
1350 461 1613 531 propheta
1685 461 1787 514 dici
1844 459 1934 524 ",
1989 473 2054 512 eo

2161 455 2493 527 δεσμώτιδας
2545 457 2646 522 τάς
2695 458 2875 530 ψυχὰς
2924 456 3068 533 [καὶ]
3115 461 3269 534 παρὰ
3321 464 3415 517 τού
3464 470 3746 540 προφήτου

491 554 634 623 quod
661 553 713 606 in
744 552 1060 620 corporibus
1089 552 1217 606 sint.
1251 550 1436 624 Mque
1466 551 1609 604 enim
1645 550 1839 603 anima:
1861 561 2054 616 opera-

491 643 666 697 tiones
695 657 722 694 a
749 656 977 709 corpore
1005 641 1250 710 impediri
1292 642 1552 705 aiIirmat;
1579 641 1688 695 imo
1715 653 1915 708 corpus
1945 637 2054 691 cir-

489 733 744 788 cumferri
773 734 972 803 potius,
990 737 1333 804 etcoopcrari
1366 737 1509 790 adea
1528 736 1593 789 ad
1614 751 1733 804 quae
1761 734 1940 787 anima
1967 731 2053 785 in-

489 821 644 876 vitat.
668 821 982 884 Enimvero,
1008 823 1280 891 quomodo
1303 824 1402 877 hac
1430 823 1482 876 in
1507 833 1656 892 parte
1677 804 2052 893 intelligendus

488 911 782 980 Gregorius
811 911 1020 983 (20-21)
1052 911 1376 983 Theologus,
1405 922 1458 968 et
1481 912 1569 967 alii
1602 912 1824 981 plures?

561 997 627 1052 ll.
662 996 818 1064 Quod
842 997 1122 1067 Origenes,
1155 1005 1280 1066 post
1306 996 1831 1064 praevaricationem,
1865 1012 2065 1068 corpus

489 1093 685 1144 anima:
717 1089 921 1142 vinculi
948 1090 1072 1142 loco
1109 1085 1427 1157 adjunctum
1465 1086 1701 1151 dixerit,
1751 1102 1876 1142 cum
1912 1089 2065 1158 prius

489 1185 610 1239 sine
642 1168 873 1252 corpore
908 1180 1134 1236 viveret.
1167 1179 1272 1235 Sed
1301 1189 1356 1234 et
1397 1179 1501 1235 hoc
1532 1179 1828 1248 adjecerit,
1863 1195 2064 1251 corpus

487 1276 636 1348 quod
665 1283 981 1347 gestamus,
1009 1289 1232 1329 causam
1279 1287 1402 1327 esse
1449 1279 1802 1340 peccatorum
1837 1288 1852 1325 :
1895 1287 2067 1343 quare

487 1369 649 1422 etiam
687 1367 964 1422 vinculum
991 1364 1302 1434 appellavit,
1339 1371 1399 1416 ut
1424 1362 1571 1433 quod
1592 1362 1830 1417 animam
1855 1377 1887 1416 a
1906 1362 2065 1420 bonis

486 1461 744 1531 cperibus
773 1458 1063 1529 prohibere
1095 1456 1293 1527 possit.

561 1551 646 1606 lll.
683 1550 836 1617 Quod
867 1549 912 1605 si
949 1564 1157 1618 corpus
1198 1547 1386 1602 datum
1417 1557 1502 1603 est
1541 1545 1738 1601 anima:
1774 1553 1835 1600 ut
1876 1546 2065 1601 vincu-

485 1644 599 1699 lum
649 1649 771 1712 post
805 1641 1342 1711 praevaricationem,
1395 1641 1478 1694 vel
1524 1647 1610 1696 est
1649 1639 1836 1692 datum
1871 1638 1974 1708 ipsi
2007 1648 2066 1693 ut

484 1735 749 1790 malorum
773 1732 1053 1786 vinculum
1081 1729 1217 1801 (22),
1242 1730 1328 1784 vel
1358 1736 1414 1782 ut
1438 1728 1728 1783 bonorum.
1768 1725 1913 1782 Sane
1935 1739 2065 1781 vero

481 1824 671 1893 nequit
697 1821 816 1876 ﬁeri
851 1831 911 1876 ut
953 1821 1226 1875 bonorum
1284 1817 1568 1872 vinculum
1619 1833 1632 1869 :
1682 1815 1868 1868 nullus
1917 1811 2057 1868 enim

2167 1811 2426 1912 τεχνιίξῶν
2470 1811 2627 1906 ἄλλοξ
2670 1842 2749 1913 τῷ
2790 1811 3166 1917 ἀμαρτήσαντι

481 1915 732 1970 medicus
789 1913 1000 1969 aliusve
1040 1910 1235 1966 artifex
1277 1909 1576 1964 remedium
1608 1907 1854 1978 peccanti
1887 1906 2065 1979 porri-

481 2007 594 2074 git,
627 2014 687 2060 ut
730 2005 853 2076 plus
899 2011 1129 2076 peccet:
1167 2001 1340 2057 multo
1372 2001 1556 2056 minus
1590 1999 1756 2056 Deus.
1801 2000 2065 2071 Superest

477 2111 611 2165 ergo
663 2103 724 2148 ut
769 2094 840 2150 sit
891 2094 1080 2148 datum
1124 2101 1384 2162 tanquam
1432 2093 1715 2146 vinculum
1765 2093 2058 2146 malorum.

477 2184 646 2257 Atqui
670 2185 940 2248 videmus,
974 2189 1034 2236 ut
1063 2182 1298 2251 primum
1332 2179 1470 2235 Cain
1497 2180 1604 2236 hoc
1622 2195 1853 2250 corpore
1891 2180 2062 2235 vesti-

478 2284 594 2342 tus,
620 2276 974 2334 homicidium
1006 2273 1203 2328 fecerit
1230 2291 1244 2326 :
1278 2273 1486 2343 posteri
1537 2287 1669 2328 vero
1697 2272 1766 2328 ad
1797 2288 1919 2344 qua:
1946 2287 2064 2329 sce-

480 2371 598 2427 lera
628 2369 870 2440 prolapsi
922 2361 1066 2434 sint,
1119 2375 1205 2424 est
1265 2366 1642 2423 manifestum.
1693 2367 1836 2439 Ergo
1885 2382 2064 2437 neque

384 2499 386 2501 -
479 2478 684 2533 corpus
728 2470 815 2517 est
852 2459 1134 2516 vinculum
1167 2459 1438 2514 malorum
1490 2476 1507 2514 :
1552 2473 1682 2531 ergo
1728 2475 1906 2530 neque
1953 2460 2064 2516 ullo

479 2555 644 2609 modo
682 2553 996 2621 vinculum;
1035 2567 1213 2623 neque
1245 2551 1380 2607 illud
1410 2551 1594 2607 anima
1634 2560 1762 2622 post
1801 2552 2062 2622 praevari-

478 2647 752 2701 cationem
784 2645 1022 2716 primum
1050 2643 1249 2698 induit.

550 2737 640 2793 ιν.
677 2737 885 2803 Homo,
917 2735 1130 2807 inquit,
1167 2736 1215 2794 si
1247 2735 1368 2806 ejus
1400 2743 1656 2792 naturam
1687 2742 1935 2808 spectes,
1969 2751 2064 2791 ve-

476 2833 695 2888 rissime
719 2831 954 2900 dicitur,
979 2844 1159 2901 neque
1210 2830 1392 2884 anima
1426 2830 1548 2884 sine
1574 2843 1836 2900 corpore,
1882 2843 2062 2898 neque

476 2933 690 2990 contra,
721 2939 924 2991 corpus
952 2923 1075 2979 sine
1102 2921 1324 2990 anima;
1359 2921 1455 2977 sed
1488 2921 1622 2976 illud
1645 2921 1794 2992 quod
1825 2936 1893 2975 ex
1931 2935 2062 2976 coa-

476 3017 668 3071 litione
697 3015 894 3070 anima:
921 3022 975 3070 et
999 3015 1280 3086 corporis,
1308 3013 1365 3068 in
1388 3027 1552 3068 unam
1579 3012 1792 3086 pulchri
1821 3013 2061 3084 bonique

478 3108 712 3164 formam
748 3107 1041 3163 conﬂatur.
1103 3106 1365 3178 Origenes
1418 3120 1580 3173 vero,
1612 3113 1673 3160 ut
1723 3105 1878 3161 Plato
1917 3104 2055 3178 (25),

476 3203 652 3261 Solam
690 3199 928 3256 animam
959 3199 1095 3253 dixit
1123 3199 1460 3255 constituere
1485 3198 1786 3253 hominem.

555 3292 615 3348 ι’.
640 3292 1010 3348 Diﬂ‘erentiam
1032 3291 1174 3346 inter
1209 3289 1487 3345 hominem
1536 3297 1593 3344 et
1625 3296 1820 3344 caetera
1850 3289 2059 3343 anima-

473 3382 548 3440 lia
587 3398 706 3440 esse
741 3382 915 3437 dicit:
951 3390 1117 3451 atque
1153 3379 1241 3435 his
1275 3379 1497 3451 quidem
1521 3395 1646 3436 esse
1686 3378 1844 3433 datas
1875 3379 2057 3434 diver-

471 3491 566 3534 sas
596 3485 805 3531 natura
851 3475 1062 3545 species
1115 3472 1467 3544 formasque,
1514 3480 1749 3543 quantas
1795 3473 2055 3528 nimirum

473 3571 650 3627 solida
678 3569 792 3640 (24)
825 3576 880 3624 et
911 3567 1087 3623 oculis
1132 3565 1382 3636 subjecta
1428 3574 1628 3621 natura
1683 3565 1796 3622 Deo
1829 3566 2058 3637 iubente

473 3662 733 3734 produxit
767 3675 781 3710 :
821 3659 1030 3712 homini
1059 3673 1190 3712 vero
1227 3657 1414 3712 datum
1446 3671 1571 3713 esse
1594 3695 1610 3720 ,
1646 3664 1708 3710 ut
1748 3666 1897 3711 esset
1945 3653 2056 3711 Deo

475 3753 673 3808 similis
695 3758 749 3806 et
767 3749 1048 3805 deiformis
1070 3789 1086 3814 ,
1115 3757 1281 3819 utque
1305 3748 1512 3814 omnia,
1535 3747 1606 3802 ad
1627 3755 1874 3804 exactam
1906 3746 2056 3802 illam

474 3845 843 3915 cxcmplarem
897 3840 1076 3897 Patris
1134 3840 1525 3913 Unigenitique
1572 3840 1866 3910 imaginem
1927 3855 2055 3910 spe-

475 3937 716 4002 ctantia,
746 3935 991 3989 haberet.
1034 3931 1221 3993 Fuerit
1261 3947 1392 3988 vero
1419 3932 1879 3990 considerandum
1915 3931 2056 4006 (25).

481 4047 591 4102 qua
625 4036 851 4084 sanctus
880 4027 1094 4082 ratione
1122 4026 1176 4081 id
1209 4025 1376 4080 dicat.

546 4121 634 4177 Vl.
662 4120 907 4176 Phidiam
932 4118 1256 4177 statuarium
1278 4117 1374 4183 ait,
1404 4132 1529 4173 cum
1563 4115 1787 4172 Pisaeam
1814 4123 2054 4168 statuam

474 4232 542 4272 ex
569 4215 734 4271 ebore
784 4213 1101 4280 formassct,
1136 4212 1435 4283 imperasse
1477 4216 1605 4266 ante
1649 4215 1885 4264 statuam
1941 4205 2054 4280 (26)

546 4352 592 4386 ⁸⁷
625 4353 816 4408 Thren.
853 4366 939 4417 In,
974 4313 1068 4406 54..

546 4484 759 4559 (ΞΟ-21)
790 4482 1063 4559 Quomodo
1089 4482 1186 4559 hac
1209 4482 1264 4535 in
1283 4489 1441 4559 Parte
1460 4476 2049 4559 intelligendus‘Grego-

473 4541 754 4630 γήμειε-ί
770 4541 886 4618 πῶς
901 4553 1117 4630 νοητέον
1133 4553 1193 4606 τδ
1216 4541 1311 4630 τού
1335 4549 1586 4630 θεολόγοι)
1609 4541 1911 4630 Ῠρηγορίού
1931 4541 2059 4630 ε’]ε-
2088 4541 2133 4597 ι)

470 4629 662 4696 junius
717 4623 1199 4696 interseritur,iac
1229 4623 1376 4696 velut
1426 4635 1692 4696 concesso
1741 4623 1862 4696 vim
1897 4628 2048 4676 tanto

475 4691 842 4768 Origenianis,
877 4695 1038 4764 cujus
1069 4695 1139 4768 ab
1164 4694 1416 4768 Origene,
1440 4692 1500 4768 in
1536 4707 1734 4768 errore
1776 4691 2051 4768 hoc__pes-

477 4760 636 4831 sim'o,
661 4780 770 4820 non
800 4760 1052 4820 occurrat
1082 4760 1395 4819 discrimen.
1450 4761 1643 4818 Melius
1671 4769 1820 4816 certe
1879 4760 2050 4816 Maxi-

476 4854 599 4893 mus
619 4838 728 4899 ille.
756 4851 881 4891 vere
909 4835 1178 4890 maximus
1210 4833 1456 4903 Gregorii
1515 4831 1798 4903 expositor
1853 4848 2050 4903 prope-

477 4909 620 4963 diem
656 4905 923 4970 edendus,
950 4904 1018 4958 ad
1052 4902 1352 4960 orationem
1397 4902 1470 4957 De
1504 4902 1682 4956 amore
1735 4902 2046 4971 pauperum,

478 4980 572 5034 ubi
603 4977 901 5048 Gregorius
932 4971 1651 5048 nonnullamdillicultatem
1674 4972 1914 5048 przefert.

549 5049 662 5122 (22)
702 5042 796 5122 Vel
817 5057 895 5103 est
936 5047 1120 5122 datum
1171 5046 1273 5114 ipsi
1307 5055 1379 5122 _u_t
1436 5042 1700 5122 malorum
1759 5042 2044 5122 vinculum.

477 5115 928 5174 Velut'nimirum
953 5117 1156 5172 abillis
1205 5115 1500 5185 prohibens
1530 5121 1632 5185 :Aut
1681 5129 1748 5169 ex
1797 5116 2047 5185 sequenti

516 5191 818 5255 robatione,
849 5204 959 5244 non
989 5183 1249 5256 prohibiti
1291 5185 1429 5256 mali
1453 5186 1509 5238 in
1535 5183 1705 5256 Caiuo
1734 5191 1787 5256 et
1813 5184 2048 5256 posteris

501 5261 696 5341 iqueti
727 5253 848 5341 quae
876 5253 1158 5341 pluribus_
1171 5255 1528 5341 prosequitur
1579 5255 1697 5325 ipse
1738 5253 2046 5310 Methodius

477 5328 621 5402 aliud
646 5328 1014 5402 Epipl'latiium
1044 5344 1100 5383 η.
1131 5328 1222 5384 45.

552 5401 664 5472 (25)
702 5394 963 5471 Ὀὶίςεηεε
1017 5416 1156 5465 vero,
1207 5408 1264 5472 ut
1309 5396 1489 5472 Plato.
1536 5394 1656 5472 Alia
1717 5395 1903 5459 lectio,
1938 5395 2044 5472 οὐδ’

493 5467 800 5544 ᾮριγένης,
813 5467 1286 5544 ininus_congr_uit_
1314 5488 1328 5523 :
1350 5469 1508 5539 plane
1523 5469 1682 5544 cnim_
1701 5467 2046 5544 consensisse

470 5536 695 5614 videtur
713 5536 971 5614 Origenes
1001 5536 1233 5614 Platoni,
1256 5536 1510 5610 dogmate
1540 5537 1686 5607 quod
1721 5542 1929 5607 spectat
1977 5536 2045 5590 ad

482 5612 976 5681 animas;ut’ips:e
995 5619 1178 5667 essent
1205 5613 1399 5677 homo;
1433 5623 1745 5681 quanquam
1796 5623 1902 5681 non
1955 5623 2042 5681 re:

481 5677 724 5750 ciperem.
775 5677 893 5737 eam
942 5677 1465 5744 denominationem,
1502 5681 1610 5733 nisi
1661 5679 1717 5750 in
1752 5677 2044 5750 ordinegad

479 5748 700 5820 corpus,
753 5759 806 5805 et
835 5752 966 5805 illud
1017 5752 1358 5806 connotando
1391 5759 1450 5804 ut
1503 5749 1781 5820 proprium
1825 5748 2039 5803 mobile.

481 5819 746 5880 Videntur
773 5837 901 5878 vero
927 5837 1047 5879 esse
1081 5822 1195 5877 haec
1224 5825 1388 5881 verba
1423 5820 1622 5890 Pluotii,
1644 5819 1828 5891 priora
1862 5826 2040 5875 autem

2179 547 2441 619 Ἱερεμίου
2470 547 2771 608 καλεῖσθαι,
2795 549 2883 601 διὰ
2905 549 2966 602 τὸ
2999 551 3055 602 ἐν
3087 549 3332 622 σώμασιν
3362 553 3528 618 αὑτὰς
3549 558 3750 628 τυγχά-

2168 658 2300 693 νειν.
2331 641 2407 694 Οὐ
2433 641 2542 712 γὰρ
2567 641 2878 712 ἐμποδίζειν
2911 642 3010 706 τὰς
3038 644 3138 714 τῆς
3169 645 3345 716 ψυχῆς
3375 647 3649 719 ἐνεργείας
3688 649 3750 704 τὸ

2170 733 2328 804 σῶμα
2341 733 2548 787 τίθεται
2565 749 2578 764 ο
2602 735 3143 805 συμπεριάγεσθαιδὲ
3169 738 3368 807 μᾶλλον
3384 739 3442 792 τὸ
3461 739 3638 811 σῶμα,
3653 743 3750 797 καὶ

2171 828 2510 896 συνενεργεῖν
2542 826 2678 898 πρὸς
2708 826 2744 880 ὃ.
2771 828 2802 898 ἡ
2826 825 2973 899 ψυχὴ
3015 828 3317 900 ἐπιτρέπει.
3365 831 3520 884 ’Λλλά
3547 833 3663 897 πῶς
3687 834 3750 888 τὸ

2165 915 2261 970 τοῦ
2295 917 2547 986 Θεολόγου
2575 918 2874 990 Γρηγορίου
2908 921 3146 990 νοητέον,
3186 923 3280 976 καὶ
3307 922 3481 977 ἄλλων
3501 925 3626 978 πολ).
3637 927 3746 994 ῶν;

2239 1010 2314 1064 B’.
2354 1012 2476 1064 ’Ότι
2521 1011 2804 1083 Ὠριγένης
2829 1010 3025 1082 δεσμὸν
3049 1013 3110 1065 τὸ
3144 1015 3302 1085 σῶμα
3331 1016 3484 1086 ἔλεγε
3510 1019 3751 1073 δεδόσθαι

2167 1105 2232 1176 τῇ
2257 1103 2402 1176 ψυχῇ
2430 1104 2570 1176 μετά
2600 1104 2699 1175 τὴν
2724 1105 3056 1176 παράϐασιν,
3081 1109 3209 1178 πρὶν
3231 1108 3287 1162 δὲ
3310 1109 3616 1180 ἀσωμάτως
3635 1111 3751 1183 (2Ῐ)

2167 1196 2334 1267 αὐτὴν
2369 1195 2631 1266 βιοτεύειν
2653 1212 2666 1226 '
2704 1195 2841 1249 ἀλλὰ
2885 1198 2979 1251 καὶ
3016 1197 3175 1251 τοῦτο
3207 1200 3267 1252 τὸ
3303 1201 3484 1272 σῶμα,
3527 1203 3555 1255 ὂ
3596 1221 3753 1275 περι-

2167 1288 2419 1359 κείμεθα,
2452 1287 2626 1341 αἶτιον
2678 1283 2816 1343 εἶναι
2848 1289 2957 1342 τῶν
2994 1291 3277 1362 ἁμαρτιῶν
3297 1309 3309 1322 ·
3343 1294 3429 1346 διὰ
3460 1294 3618 1348 τοῦτο
3659 1300 3752 1350 καὶ

2166 1381 2362 1453 δεσμὸν
2395 1381 2602 1450 ἔλεγεν,
2642 1381 2718 1446 ὡς
2764 1381 2872 1436 ἀπὸ
2902 1383 3012 1436 τῶν
3055 1384 3276 1452 ἀγαθῶν
3307 1386 3487 1458 ἔργων
3521 1389 3751 1444 κωλύειν

2167 1474 2461 1546 δυνάμενον
2491 1473 2589 1546 τὴν
2611 1473 2808 1545 ψυχήν.

2239 1567 2312 1624 I".
2345 1567 2466 1619 ’Ὁτι
2491 1567 2540 1619 εί
2577 1565 2774 1637 δεσμὸς
2804 1566 2960 1638 ἐδόθη
2994 1569 3055 1622 τὺ
3089 1570 3248 1641 σῶμα
3277 1572 3416 1642 μετά
3442 1573 3538 1644 τὴν
3573 1575 3751 1645 παρά--

2169 1659 2345 1723 ϐασιν,
2380 1658 2413 1730 ἦ
2451 1659 2561 1712 τῶν
2591 1657 2796 1723 κακῶν,
2827 1657 2860 1730 ἢ
2890 1660 3000 1713 τῶν
3032 1662 3249 1731 ἀγαθῶν
3283 1664 3438 1736 ἐδόθη
3483 1669 3546 1737 τῇ
3579 1667 3747 1738 ψυχῇ.

2167 1751 2288 1804 Τῶν
2319 1751 2419 1822 μὲν
2442 1747 2534 1805 οὗν
2567 1752 2810 1821 ἀγαθῶν,
2839 1754 3100 1809 ἀδύνατον
3123 1775 3138 1787 ·
3176 1758 3296 1811 ούδέ
3339 1759 3447 1831 γὰρ
3481 1761 3679 1831 ἰατρῶν
3713 1763 3746 1832 ἦ

3211 1848 3391 1902 δίδωσι
3435 1840 3748 1921 φάρμακον,

2165 1933 2305 1988 ὥστε
2337 1935 2497 1990 πλέον
2529 1935 2928 2008 ἐξαμαρτῆσαι.
2970 1941 3044 2010 μὴ
3087 1941 3167 1994 ὅτι
3207 1959 3270 2010 γε
3301 1943 3451 2007 Θεός.
3486 1945 3750 2001 Λείπεται

2164 2027 2227 2098 δὴ
2256 2027 2362 2082 τῶν
2392 2029 2598 2084 κακῶν.
2645 2031 2804 2087 Ἀλλὰ
2837 2035 2946 2106 μὴν
2973 2034 3214 2106 ὁρῶμεν,
3237 2036 3313 2100 ὼς
3349 2040 3467 2091 κατ’
3500 2039 3675 2110 ἀρχὰς
3719 2041 3750 2094 ὁ

2168 2122 2266 2191 μὲν
2295 2121 2457 2187 Κάῖν,
2496 2125 2878 2196 περικείμενος
2913 2125 3072 2179 τοῦτο
3100 2127 3160 2179 τὺ
3210 2130 3391 2199 σῶμα,
3426 2131 3744 2200 ἐφόνευσεν

2164 2215 2211 2266 οἱ
2238 2215 2295 2269 δέ
2323 2215 2519 2289 ἐφεξῆς
2554 2218 2694 2289 πρὸς
2723 2218 2788 2284 ἃς
2841 2217 3263 2292 ἀθεμιτουργίας
3316 2219 3628 2288 ἐξίδκειλαντ
3655 2223 3735 2296 δῆ·

2163 2304 2273 2361 λον.
2303 2307 2436 2362 Οὐδὲ
2465 2309 2574 2363 τῶν
2603 2310 2790 2364 κακῶν
2815 2310 2921 2382 ἄρα
2949 2310 3147 2381 δεσμὸς
3173 2311 3235 2365 τὸ
3265 2312 3444 2384 σῶμα,
3471 2314 3579 2369 οὐδ’
3610 2314 3746 2379 ὅλως

2163 2400 2272 2471 ἄρα
2299 2400 2496 2472 δεσμός
2516 2418 2530 2432 ο
2561 2401 2671 2456 οὐδ’
2702 2402 2929 2476 ὕστερον
2959 2403 3092 2457 αὐτὸ
3121 2405 3431 2475 ἠμφιέσατο
3462 2406 3602 2480 μετά
3644 2407 3746 2480 τὴν

2165 2489 2477 2562 παράϐασιν
2513 2493 2548 2564 ἡ
2583 2491 2749 2566 ψυχή.

2233 2738 2306 2791 Δν.
2341 2738 2464 2791 Ὅτι
2493 2737 2798 2812 ἄνθρωπος,
2823 2741 2978 2814 φησὶ,
3007 2741 3224 2811 λέγεται
3257 2741 3396 2797 κατά
3425 2743 3584 2813 φύσιν
3612 2745 3744 2816 ἀλη-

2162 2829 2398 2885 θέστατα
2439 2829 2564 2884 οὔτε
2596 2831 2743 2904 ψυχὴ
2777 2834 2946 2906 χωρὶς
2990 2833 3268 2906 σώματος,
3319 2835 3430 2889 οὔτ’
3461 2833 3527 2890 αὖ
3580 2837 3743 2890 πάλιν

2164 2922 2322 2994 σῶμα
2349 2925 2517 2996 χωρὶς
2573 2924 2785 2996 ψυχῆς·
2833 2926 2968 2980 ἀλλά
3001 2927 3060 2981 τδ
3113 2929 3178 2980 ἐκ
3227 2929 3537 2994 συστάσεως
3565 2931 3744 3002 ψυχῆς

2161 3014 2254 3068 καὶ
2288 3015 2540 3086 σώματος
2573 3017 2655 3080 είς
2685 3016 2814 3088 μίαν
2839 3018 2939 3090 τὴν
2967 3019 3062 3072 τοῦ
3099 3019 3266 3073 καλοῦ
3302 3023 3518 3094 μορφὴν
3550 3040 3738 3076 συντε-

2162 3103 2272 3159 θέν.
2316 3104 2374 3160 ’0
2403 3105 2451 3159 δ’
2485 3106 2769 3180 Ὠριγένης
2783 3108 2882 3181 τὴν
2906 3109 3084 3182 ψυχὴν
3117 3109 3288 3183 μόνην
3317 3111 3500 3179 ἔλεγεν
3531 3113 3742 3186 ἄνθρω-

2085 3169 2132 3231 C
2163 3212 2285 3261 πον,
2318 3197 2393 3260 ὡς
2413 3197 2442 3248 ὁ
2463 3197 2710 3255 Πλάτων.

2230 3287 2310 3343 E'.
2345 3291 2466 3343 Ὅτι
2497 3290 2760 3362 διαφορὰν
2787 3291 3077 3366 ἀνθρώπου
3122 3297 3218 3351 καὶ
3247 3297 3356 3350 τῶν
3390 3295 3563 3352 ἄλλων
3587 3296 3742 3361 ζώων

2160 3381 2322 3453 φησί·
2357 3382 2450 3436 καὶ
2488 3386 2598 3447 τοῖς
2637 3384 2735 3455 μὲν
2772 3385 3003 3460 διάφορα
3052 3390 3307 3460 σχήματα
3340 3389 3550 3460 (pasam;
3593 3391 3739 3443 δέδο-

2155 3490 2280 3536 ται,
2311 3473 2406 3527 καὶ
2459 3477 2698 3547 μορφαὶ,
2741 3478 3005 3552 ὁπόσαςὴ
3063 3482 3379 3554 στερέμνιος
3428 3484 3521 3536 καὶ
3569 3485 3739 3557 ὁρατὴ

2159 3565 2320 3636 φύσις
2351 3566 2663 3633 κελεύοντος
2705 3571 2962 3643 ἐγέννησε
2991 3573 3159 3628 Θεοῦ·
3196 3575 3274 3648 τῷ
3316 3577 3374 3630 δὲ
3412 3576 3472 3630 τὸ
3511 3577 3740 3642 θεοειδές

2157 3660 2251 3713 καὶ
2285 3659 2603 3730 θεοείκελον,
2647 3665 2742 3718 καὶ
2773 3666 2950 3721 πάντα
2993 3668 3130 3741 πρὸς
3163 3670 3380 3743 ἐκείνην
3415 3672 3740 3744 ἀπηκριϐω-

2171 3750 2338 3838 μένην
2378 3752 2436 3822 (f.
2471 3755 2926 3833 ἀπηκριϐωμένα)
2965 3765 3066 3838 τὴν
3109 3767 3461 3838 πρωτότυπον
3485 3768 3578 3820 τοῦ
3624 3770 3735 3822 Παι-

2168 3836 2295 3934 σξρὸς
2326 3839 2418 3934 καὶ
2447 3842 2778 3934 Μονογενοῢς
2821 3836 3031 3908 εὶκόναξ
3049 3836 3167 3908 Καὶί
3194 3854 3312 3919 πῶς
3347 3854 3504 3911 τοῦτο
3531 3855 3676 3923 λέγει
3705 3857 3735 3909 ὁ

2168 3928 2321 3991 ἅγιος
2345 3928 2720 3988 ἐπισκεπτέον.

2229 4122 2320 4187 ς’.
2359 4120 2481 4174 Ὅτι
2515 4119 2651 4192 φησὶ
2675 4118 2890 4172 Φειδίαν
2915 4117 3010 4173 τὸν
3029 4120 3468 4192 ἀγαλματοποιὸν
3487 4163 3502 4186 ,
3545 4125 3606 4177 τὸ
3634 4125 3735 4177 Πι-

2160 4214 2309 4265 σαῖον
2354 4211 2566 4265 εἴδωλον
2611 4212 2912 4284 ποιήσαντα
2958 4213 3019 4276 ἐξ
3068 4213 3358 4284 ἐλέφαντος
3383 4215 3521 4286 (28),
3566 4233 3736 4288 προσ-

2162 4483 2289 4532 sunt
2311 4473 2568 4531 Methodii
2592 4489 2648 4529 n.
2685 4474 2753 4529 l8
2776 4473 2916 4543 apud
2949 4472 3331 4542 Epiphanium,

2235 4548 2346 4618 (24)
2377 4546 2584 4604 Solida,
2606 4545 2941 4618 στερέμνιος.
2971 4544 3171 4615 Nempe
3188 4553 3335 4599 terra
3357 4555 3410 4600 et
3433 4559 3592 4616 aqua,
3611 4562 3734 4616 qua:

2153 4615 2269 4690 ipsa
2301 4615 2432 4690 Sunt
2457 4619 2489 4688 ὴ
2518 4619 2686 4690 ὁρατὴ
2708 4615 3002 4690 summae):
3047 4631 3155 4684 qua
3188 4631 3344 4670 sacer
3396 4615 3576 4690 textus
3607 4615 3735 4690 pro-

2153 4684 2314 4742 (lucta
2347 4684 2513 4743 refert
2551 4684 3077 4758 'aniuialiakMi‘nus
3107 4701 3237 4742 vero
3284 4687 3540 4758 quadrat,
3579 4684 3727 4758 quod

2151 4759 2464 4814 reddiderat
2489 4760 2758 4829 interpres
2785 4756 2985 4810 valida.

2218 4852 2331 4921 (25)
2366 4849 2548 4906 Fuerit
2578 4867 2695 4905 vero
2727 4849 3189 4911 considerandum,
3224 4857 3330 4904 etc.
3357 4847 3611 4921 Planum
3643 4859 3731 4905 est

2149 4919 2272 4978 esse
2297 4921 2475 4976 Photii
2503 4922 2688 4983 verba,
2711 4921 3037 4977 remittentis
3059 4921 3127 4974 ad
3149 4923 3324 4990 ipsum
3356 4919 3685 4974 Methodium
3710 4938 3728 4989 ;

2150 5008 2468 5063 quanquam
2502 4994 2771 5063 interpres
2795 4992 3028 5063 violenta
3042 4999 3105 5063 et
3141 4991 3492 5063 punctationc
3519 5000 3574 5046 et
3600 5007 3728 5063 ver;-

2149 5059 2302 5118 sione
2319 5059 2395 5118 ’σα
2421 5059 2752 5118 Methodium
2785 5062 3006 5118 referat.
3042 5059 3167 5116 Fuit
3213 5062 3383 5116 codex
3442 5060 3726 5115 Sirmundi

2149 5143 2210 5188 ut
2244 5145 2720 5205 repraesentamus.
2749 5131 2939 5188 Potest
2978 5148 3110 5205 ergo
3138 5132 3312 5205 videri
3345 5133 3458 5205 ipse
3489 5131 3726 5205 lletho-

2148 5206 2274 5287 dius
2304 5202 2518 5276 plenius
2545 5204 2856 5260 edisserens
2894 5219 2952 5258 ιι.
2981 5202 3062 5262 18
3095 5211 3151 5257 et
3197 5204 3262 5259 19
3302 5204 3442 5274 apud
3487 5202 3728 5273 Epipha-

2147 5291 2317 5330 llllllll.

2217 5367 2330 5441 (26)
2379 5369 2514 5424 Ante
2567 5378 2820 5441 Mutuom,
2849 5365 3188 5441 ἔμπροσθεν
3221 5365 3336 5441 fovi
3370 5366 3722 5441 gdydikuajcoc.

2150 5437 2240 5494 Sic
2293 5437 2455 5495 etiam
2509 5440 2652 5510 apud
2707 5437 3177 5510 Epiphaniumin.
3214 5437 3301 5502 19,
3321 5438 3501 5510 ’ἀμφὶ
3539 5437 3725 5510 πόδας

2148 5511 2455 5581 ἔμπροσθεν
2493 5504 2586 5564 τοῦ
2620 5504 2954 5581 ἀγάλματος,
3008 5509 3102 5563 ubi
3126 5508 3262 5564 bene
3316 5504 3590 5572 Petavius,
3653 5504 3725 5581 ait

3569 5576 3727 5651 ρεάρε

2219 5741 2332 5812 (27)
2374 5740 2738 5812 ’Λσῳμάτως.
2764 5739 2852 5812 _Al.
2884 5737 3194 5812 ἀσώματον.

2222 5810 2337 5886 ('28)
2380 5810 2578 5883 Ἐλέρ.
2610 5812 2699 5867 ΑΙ.
2735 5810 3028 5880 ἐλεφάντου
