4150 6436
534 351 646 411 295

1485 345 1543 401 s.
1581 320 1912 401 qu'rnoun
1952 343 2264 429 Episcopi
2306 344 2396 401 ET
2437 345 2799 404 MARTYRIS

3673 352 3780 407 296

532 470 687 525 dicit.
738 465 922 536 Neque
968 461 1113 518 enim
1140 459 1471 532 Apostolus,
1523 459 1735 528 inquit,
1791 457 2096 527 paradisum

2211 457 2439 530 Παύλῳ·
2477 457 2624 527 λέγει
2654 460 2790 532 γάρ’
2830 459 2968 513 Ἀλλ’
3008 460 3128 513 ούδέ
3160 460 3188 512 6
3230 461 3550 525 ’Δπόστολος
3594 463 3776 519 ὑποτίο

531 565 588 618 in
625 559 786 616 tertio
817 556 957 611 coelo
991 555 1256 619 collocat,
1295 554 1340 608 si
1386 552 1509 623 quis
1543 553 1687 606 illius
1716 551 1879 604 verba
1911 549 2099 604 subtili

531 653 761 724 quadam
800 645 1154 716 intelligentia
1188 645 1454 714 percipiat
1480 662 1492 697 :
1516 641 1635 696 Scio
1666 639 2098 709 enim,inquit",

530 739 833 812 hujusmodi
853 739 1110 792 hominem
1144 747 1351 805 raptum
1378 751 1537 804 usque
1559 733 1626 786 ad
1660 735 1867 786 tertium
1891 731 2096 785 emtum.

538 835 607 891 Ει
636 835 742 888 scio
789 829 1092 901 Imjusmodi
1142 829 1435 886 hominem,
1485 827 1588 879 sive
1625 826 1679 878 in
1716 839 1961 892 corpore,
1995 824 2102 876 sive

530 937 682 981 extra
712 941 931 993 corpus,
963 922 1102 975 Deus
1124 922 1252 982 scit;
1283 919 1530 990 quoniam
1571 925 1758 985 raptus
1800 925 1876 969 est
1914 915 1970 967 in
2005 929 2102 982 pa-

530 1015 791 1069 radisum.
842 1012 1054 1079 Quibus
1099 1011 1314 1073 verbis,
1351 1011 1487 1064 duas
1517 1023 1575 1062 se
1607 1008 1845 1061 illustres
1892 1006 2102 1060 revela-

529 1110 709 1162 tiones
764 1107 968 1160 vidisse
1035 1103 1338 1174 signiﬁcat;
1393 1103 1478 1158 bis
1521 1100 1807 1156 manifeste
1859 1108 2097 1169 raptus:

531 1200 697 1254 semel
730 1198 948 1268 quidem
977 1212 1149 1266 usque
1178 1196 1243 1249 ad
1279 1195 1500 1250 tertium
1530 1193 1764 1258 caelum;
1797 1192 1963 1246 semel
2003 1207 2101 1244 au-

530 1301 661 1354 tem,
700 1290 753 1343 in
788 1288 1122 1358 paradisum.
1151 1285 1275 1340 "me
1304 1285 1447 1340 enim
1487 1284 1648 1338 verba
1685 1301 1697 1336 :
1738 1279 1862 1336 Scio
1889 1290 2099 1348 raptum

530 1381 832 1451 hujusmodi
854 1395 1015 1449 usque
1046 1378 1114 1432 ad
1147 1378 1358 1430 tertium
1392 1375 1600 1439 cwlum,
1636 1371 1910 1442 peculiare
1937 1367 2099 1439 quid-

531 1473 656 1526 dam
681 1512 696 1535 ,
739 1486 863 1526 cum
890 1469 956 1523 ad
979 1470 1194 1524 tertium
1225 1469 1423 1522 caelum
1461 1473 1607 1520 esset
1638 1470 1880 1525 evectus,
1914 1471 2101 1516 osten-

531 1577 655 1616 sum
694 1561 770 1615 illi
817 1575 940 1615 esse
979 1558 1372 1612 demonstrant.
1406 1555 1539 1608 Illud
1577 1568 1709 1608 vero
1746 1550 1892 1622 quod
1924 1550 2097 1618 subji-

529 1655 673 1708 citur
702 1673 715 1708 :
743 1651 812 1706 Et
832 1653 940 1706 scio
971 1647 1276 1719 hujusmodi
1321 1647 1602 1707 hominem,
1631 1645 1737 1698 sive
1756 1645 1811 1696 in
1842 1657 2056 1711 corpore
2078 1679 2096 1704 ,

527 1746 632 1800 sive
658 1754 809 1798 extra
836 1757 1021 1810 corpus
1043 1783 1058 1808 ,
1089 1739 1230 1793 Deus
1268 1739 1402 1803 scit;
1432 1739 1682 1807 quoniam
1716 1743 1899 1803 raptus
1931 1744 2007 1786 est
2039 1733 2094 1786 in

2206 549 2357 602 θεται
2383 547 2519 604 εἶναι
2547 552 2636 604 τὸν
2665 551 2990 622 παράδεισον
3022 553 3080 605 ἐν
3109 551 3188 622 τῷ
3216 553 3384 623 τρίτῳ
3401 553 3634 625 οὐρανῷ,
3667 545 3780 621 τοῖς

2202 640 2412 694 λεπτῶν
2462 643 2761 714 ἀκροᾶσθαι
2808 643 2979 712 λόγων
3033 645 3445 715 ἐπισταμένοις,
3494 641 3636 700 Οἶδα
3669 647 3780 716 γὰρ

2200 735 2311 787 τὸν
2351 733 2620 788 τοιοῦτον
2680 734 3021 804 ἁρπαγέντα
3083 736 3194 801 ἓως
3256 735 3456 802 τρίτου
3495 739 3778 804 οὐρανοῦ,

2201 826 2392 894 λέγων.
2423 826 2535 881 Καὶ
2575 825 2706 879 οῖδα
2738 830 2844 879 τὸν
2884 827 3156 880 τοιοῦτον
3184 826 3544 895 ἄνθρωπον.
3559 830 3679 883 εἴτε
3709 829 3781 884 ἐν

2201 919 2280 983 τῷ
2301 917 2544 986 σώματι,
2575 919 2694 971 εἴτε
2718 919 2894 987 χωρὶς
2918 919 3023 972 τοῦ
3053 919 3342 988 σώματος,
3369 923 3402 973 ό
3426 920 3568 985 Θεὸς
3594 920 3777 976 οἶδεν·

2201 1011 2290 1064 ὅτι
2319 1011 2555 1080 ἡρπάγη
2585 1014 2670 1077 εἰς
2708 1011 2816 1064 τὸν
2852 1011 3236 1079 παράδεισον.
3270 1012 3372 1065 Δύο
3407 1013 3780 1084 ἀποκαλύψεις

2204 1103 2442 1172 μεγάλας
2474 1104 2772 1174 ἑωρακέναι
2806 1101 3018 1173 μηνύει,
3049 1104 3131 1166 δὶς
3147 1103 3476 1174 ἀναληφθεὶς
3503 1106 3775 1176 ἐναργῶςο

2202 1192 2349 1257 ἅπαξ
2384 1194 2480 1264 μὲν
2506 1193 2610 1256 ἕως
2632 1193 2814 1264 τρίτου
2842 1194 2902 1246 ού
2913 1193 3094 1264 ρανοῦ,
3121 1195 3264 1262 ἅπαξ
3297 1195 3340 1248 δ’
3370 1199 3449 1259 εἰς
3472 1197 3562 1250 τὸν
3596 1200 3775 1270 παρά-

2198 1284 2395 1338 δεισον.
2422 1283 2495 1335 Τὸ
2520 1282 2648 1354 γὰρ,
2678 1278 2821 1336 Οἶδα
2849 1283 3188 1353 ἁρπαγέντα
3228 1286 3333 1338 τὸν
3361 1284 3631 1340 τοιοῦτον
3666 1287 3778 1354 ἕως

2198 1377 2398 1443 τρίτου
2426 1374 2686 1443 οὐρανοῦ
2705 1414 2720 1439 ,
2764 1373 2907 1438 ἰδίως
2945 1377 3286 1446 ἀποκάλυψιν
3321 1379 3468 1450 αὐτῷ
3513 1379 3654 1433 κατὰ
3685 1377 3778 1433 τὸν

2197 1467 2378 1537 τρίτον
2402 1466 2625 1538 οὐρανὸν
2657 1464 2952 1536 πεφηνέναι
2976 1467 3274 1538 συνίστησι.
3294 1469 3366 1521 Τὸ
3390 1470 3466 1531 δὲ,
3489 1469 3600 1522 Καὶ
3620 1469 3772 1533 οῖδα,

2201 1559 2359 1611 πάλιν
2393 1558 2804 1630 ἐπιφερόμενον,
2835 1559 2940 1612 τὸν
2977 1559 3248 1614 τοιοῦτον
3286 1562 3618 1629 ἄνθρωπον,
3653 1561 3775 1615 εἴτε

2200 1650 2267 1704 ἐν
2287 1650 2529 1719 σώματι,
2563 1651 2683 1703 εἴτε
2716 1651 2888 1715 ἐκτὸς
2917 1651 3209 1720 σώματος,
3232 1656 3264 1706 o'
3308 1653 3450 1718 Θεὸς
3473 1648 3655 1715 οἶδεν,
3685 1649 3774 1708 ὅτι

2201 1741 2438 1811 ἡρπάγη
2464 1745 2550 1807 εἰς
2596 1741 2704 1796 τὸν
2747 1741 3144 1809 παράδεισον,
3196 1743 3386 1814 ἑτέραν
3429 1738 3584 1806 αὖθις
3626 1739 3775 1813 αύτῷ

525 1837 870 1909 paradisum:
893 1833 1038 1887 aliud
1074 1845 1263 1886 rursus
1295 1830 1347 1883 in
1377 1829 1633 1899 paradiso
1665 1828 1738 1881 illi
1767 1824 2094 1896 patefactum

2199 1833 2612 1904 πεφανερῶσθαι
2639 1833 2780 1886 κατὰ
2811 1833 2902 1886 τὸν
2933 1835 3256 1905 παράδεισον
3285 1833 3622 1902 ἀποκάλυψιν
3660 1831 3768 1884 δεί-

525 1938 580 1987 et
611 1929 906 1985 revelatum
939 1922 1199 1978 ostendit.
1260 1919 1386 1974 Ηαο
1427 1929 1605 1973 autem
1639 1933 1706 1973 eo
1751 1917 1914 1980 dicit,
1953 1913 2099 1985 quod

525 2021 863 2076 contrarium
917 2015 1214 2072 sentientes
1239 2056 1252 2080 ,
1295 2011 1610 2083 paradisum
1641 2017 1852 2064 tantum
1877 2008 2098 2078 spirita-

525 2111 630 2166 lem
690 2113 954 2179 ponerent
1003 2120 1070 2159 ex
1123 2102 1424 2173 apostolico
1480 2100 1666 2166 dicto,
1725 2099 1872 2154 velut
1929 2112 2096 2168 supra

525 2203 761 2268 cmlum;
809 2208 867 2254 ut
915 2197 1040 2251 inde
1117 2195 1354 2249 futuram
1384 2193 1440 2247 in
1469 2193 1727 2264 paradiso
1760 2192 1926 2248 vitam
1977 2191 2098 2246 sine

524 2310 754 2365 corpore
783 2290 1194 2346 concluderent.

594 2384 666 2440 Χ.
699 2384 862 2438 Docet
895 2383 1091 2444 etiam,
1143 2379 1346 2433 malum
1386 2375 1565 2432 facere
1613 2383 1708 2430 aut
1735 2391 1846 2430 non
1878 2374 2094 2439 facere,

525 2495 646 2533 esse
680 2477 736 2530 in
765 2482 953 2530 nostra
976 2481 1246 2544 potestate
1276 2489 1290 2527 :
1323 2486 1452 2525 nam
1499 2469 1740 2538 alioquin
1764 2484 1872 2522 non
1905 2482 2097 2538 [1031138

525 2570 800 2623 lueremns
852 2580 949 2636 pro
993 2563 1132 2619 male
1167 2563 1335 2628 actis,
1395 2552 1497 2615 nec
1551 2560 1773 2631 praemia
1819 2559 2096 2630 recipere-

523 2677 648 2716 mus
679 2659 794 2731 (54)
824 2672 922 2729 pro
944 2657 1156 2712 meritis
1183 2674 1196 2709 :
1219 2663 1274 2708 at
1303 2655 1543 2724 cogitare
1566 2691 1582 2715 ,
1618 2650 1703 2706 vel
1721 2665 1831 2706 non
1859 2651 2098 2719 cogitare

522 2754 687 2816 m‘ala,
720 2766 826 2806 non
864 2765 986 2805 esse
1012 2750 1066 2802 in
1096 2758 1282 2802 nostra
1315 2745 1550 2817 positum
1570 2752 1862 2814 potestate.
1895 2742 2097 2808 Quam-

522 2846 708 2899 obrem
753 2843 828 2895 ait
878 2840 1128 2894 divinum
1191 2836 1418 2890 Paulum
1472 2835 1656 2890 dicere
1710 2853 1723 2888 :
1790 2832 1915 2887 Non
1959 2835 2094 2886 enFm

522 2934 658 3008 quod
677 2933 821 2996 volo,
851 2931 946 2985 hoc
967 2945 1096 3001 ago;
1123 2928 1212 2983 sed
1243 2927 1377 2998 quod
1403 2927 1551 2989 uolo,
1579 2925 1674 2978 hoc
1705 2925 1844 2993 facio
1869 2923 1936 2979 ⁸⁰.
1981 2920 2096 2975 Hoc

523 3035 609 3083 est
637 3046 649 3081 :
680 3025 798 3079 Non
825 3023 969 3093 quod
1011 3022 1133 3076 volo
1156 3021 1416 3091 cogitare.
1442 3019 1545 3072 hoc
1578 3017 1757 3086 cogito
1777 3057 1792 3081 ,
1826 3013 1922 3070 sed
1949 3012 2094 3082 quod

522 3119 672 3174 nolo.
727 3115 901 3170 Porro
951 3114 1286 3170 eradicatum
1339 3111 1415 3164 ait
1444 3109 1597 3163 mala:
1629 3106 1978 3178 cogitationis
2008 3105 2089 3158 vi-

2200 1941 2375 1977 κνυσι.
2403 1923 2587 1977 Ταῦτα
2610 1924 2668 1976 δὲ
2683 1923 2850 1992 λέγει,
2879 1926 3000 1978 ἐπεὶ
3021 1927 3069 1977 οἱ
3094 1925 3160 1978 δι’
3190 1925 3434 1988 ἐναντίας
3466 1924 3556 1978 τὸν
3591 1923 3771 1995 παρά-

2197 2018 2370 2071 δεισον
2399 2019 2587 2088 νοητὸν
2620 2018 2802 2072 ἔθεντο
2835 2020 2900 2073 ὲκ
2932 2018 3026 2072 τοῦ
3058 2018 3414 2073 ἀποστολικοῦ
3465 2015 3650 2089 ῥητοῦ,
3693 2018 3770 2080 ὡς

2197 2113 2326 2166 ὅντα
2351 2112 2490 2183 ὑπὲρ
2530 2112 2622 2165 τὸν
2649 2113 2905 2184 οὐρανόν·
2943 2113 3030 2165 ἵνα
3077 2113 3139 2166 τὸ
3176 2112 3480 2182 ἀσωμάτως
3513 2109 3768 2180 γενέσθαι

2195 2201 2295 2274 τὴν
2317 2203 2376 2255 ἐν
2405 2201 2483 2272 τῷ
2515 2201 2830 2272 παραδείσῳ
2862 2201 3136 2274 διαγωγὴν
3167 2201 3483 2265 συνάξωσιν.

2265 2379 2324 2432 I'.
2361 2379 2482 2432 Ὀτι
2503 2379 2636 2448 φησὶ
2663 2378 2723 2431 τὸ
2748 2379 2846 2449 μὲν
2869 2379 3094 2449 πρᾶξαι,
3118 2378 3150 2450 ἢ
3185 2378 3259 2450 μὴ
3285 2376 3489 2450 πρᾶξαι
3509 2376 3578 2430 τὰ
3601 2376 3766 2441 κακὰ,

2197 2469 2279 2537 ἐφ’
2324 2470 2479 2540 ἡμῖν’
2533 2470 2654 2522 ἐπεὶ
2685 2470 2784 2524 οὐκ
2834 2471 2900 2524 ἂν
2938 2470 3090 2534 δίκας
3134 2469 3374 2541 ἐδίδομεν
3425 2468 3532 2521 τῶν
3583 2469 3768 2532 κακῶς

2195 2560 2506 2630 δρωμένων,
2558 2562 2665 2615 οὐδ’
2720 2563 2952 2632 eumsi;
2985 2562 3361 2635 ἐλαμϐάνομεν
3403 2562 3510 2616 τῶν
3551 2563 3763 2628 καλῶς·

2195 2652 2256 2705 τὸ
2294 2652 2338 2704 δ’
2363 2652 2736 2726 ἐνθυμηθῆναι
2776 2654 2845 2708 τὰ
2901 2655 3079 2720 κακὰ,
3131 2655 3164 2726 ἢ
3204 2656 3300 2726 μὴ,
3345 2657 3443 2708 οὐκ
3482 2656 3566 2725 ἐφ’
3611 2658 3765 2727 ἡμῖν.

2195 2745 2293 2798 Διὰ
2320 2744 2475 2798 τοῦτο
2507 2748 2600 2800 καὶ
2623 2747 2717 2800 τὸν
2739 2747 2879 2801 θεῖον
2909 2748 3119 2802 Παῦλὸν
3141 2765 3272 2818 φησι
3306 2748 3483 2816 λέγειν
3503 2766 3515 2778 ·
3549 2751 3629 2803 Οὐ
3658 2749 3769 2819 γὰρ

2153 2848 2177 2870 ο
2196 2837 2227 2889 ὃ
2257 2835 2425 2903 θέλω,
2477 2837 2652 2892 τοῦτο
2704 2839 2986 2907 πράσσω·
3014 2841 3150 2896 ἀλλ’
3178 2841 3210 2893 ὃ
3253 2843 3324 2895 οὐ
3376 2843 3548 2905 θέλω,
3593 2841 3768 2896 τοῦτο

2194 2927 2341 2982 ποιῶ
2361 2946 2373 2958 ·
2404 2930 2710 2994 τουτέστιν,
2743 2933 2840 3002 οὐχ
2875 2932 2904 2984 ὃ
2927 2933 3064 2986 θέλω
3106 2933 3325 2999 ἐννοεῖν,
3355 2934 3513 2986 τοῦτο
3568 2934 3767 2988 ἐννοῶ·

2193 3020 2355 3073 ἀλλ’ὃ
2387 3020 2462 3092 μὴ
2524 3019 2681 3075 θέλω.
2752 3020 3142 3094 Ἐκριζωθῆναι
3173 3023 3230 3076 δέ
3283 3040 3416 3093 φησι
3464 3024 3558 3077 καὶ
3596 3023 3656 3077 τὸ
3699 3022 3770 3077 τὰ

2195 3113 2342 3166 κακὰ
2397 3113 2747 3184 ἐνθυμεῖσθαι
2815 3114 2902 3167 διὰ
2951 3115 3050 3185 τῆς
3095 3113 3190 3168 τοῦ
3245 3115 3474 3184 φυσικοῦ
3535 3114 3768 3169 θανάτο.)

522 3209 682 3272 titnn,
707 3207 1025 3262 adveniente
1061 3203 1295 3259 naturali
1327 3209 1499 3256 morte
1525 3216 1538 3252 :
1564 3215 1690 3254 nam
1720 3206 1773 3253 et
1794 3197 1916 3253 ideo
1942 3212 2092 3252 mors

2194 3174 2674 3276 napouoiac°'é7rsl
2706 3208 2800 3260 καὶ
2830 3206 2919 3260 διὰ
2940 3174 3096 3260 τοῦτο
3126 3207 3154 3258 6
3187 3174 3412 3268 θάνατος
3431 3205 3582 3277 ἐδόθη
3617 3209 3769 3278 παρὰ

521 3299 796 3372 peccatori
827 3297 1030 3352 inﬂicta
1059 3305 1162 3358 est,
1191 3303 1250 3350 ut
1294 3311 1363 3349 ne
1393 3293 1594 3348 malum
1628 3301 1887 3348 aeternum
1925 3289 2086 3346 foret.

2194 3297 2327 3352 Θεοῦ
2369 3298 2448 3370 τῷ
2504 3297 2925 3371 ἐξημαρτηκότι,
2962 3301 3047 3353 ἵνα
3081 3300 3154 3371 μὴ
3192 3300 3456 3354 ἀθάνατον
3499 3299 3652 3370 μείνῃ
3706 3297 3768 3351 τὸ

521 3392 788 3448 Caeterum
836 3406 944 3461 qua
997 3389 1050 3444 id
1112 3387 1328 3444 ratione
1397 3384 1847 3456 intelligendum?
1897 3381 2088 3438 Scien-

2194 3391 2382 3445 κακόν.
2416 3390 2574 3444 Ἀλλὰ
2604 3391 2720 3456 πῶς
2732 3391 2891 3445 τοῦτο
2922 3391 3132 3465 εἴρηται
3165 3391 3534 3463 (σημειωτέον,
3566 3392 3646 3443 ὃτι
3673 3389 3767 3443 καὶ

522 3487 652 3541 dum
681 3483 798 3556 (55)
834 3483 937 3539 hoc
964 3482 1127 3538 etiam
1159 3481 1228 3537 ab
1255 3480 1379 3536 aliis
1404 3479 1608 3535 nostris
1635 3477 1891 3533 Patribus
1918 3476 2090 3533 fuisse

2194 3483 2370 3548 ἄλλοις
2398 3484 2555 3557 ἡμῶν
2581 3487 2856 3557 Πατράσιν
2891 3485 3144 3558 εἴρηται),
3161 3485 3319 3556 εἴπερ
3344 3486 3373 3538 6
3401 3483 3628 3544 θάνατος
3654 3483 3770 3545 τοῖς

520 3575 804 3630 traditum.
840 3573 986 3629 Mors
1030 3582 1176 3629 certe
1241 3587 1340 3642 per
1383 3570 1517 3626 illud
1570 3579 1786 3641 tempus
1823 3585 1932 3641 quo
1965 3570 2089 3640 quis

2194 3577 2376 3632 τοῦτον
2410 3579 2826 3654 μετερχομένοις
2877 3579 3020 3634 κατὰ
3049 3579 3140 3632 τὸν
3161 3576 3351 3650 καιρὸν
3401 3576 3605 3630 ἐκεῖνον
3641 3571 3767 3627 οὔτε

522 3667 615 3722 illa
643 3665 977 3738 defungitur,
1000 3679 1178 3738 neque
1209 3663 1456 3720 accessio
1489 3668 1839 3733 peccatorum
1858 3699 1875 3728 ,
1910 3675 2090 3734 neque

522 3759 824 3816 subtractio
853 3758 1040 3815 fuerit.

2196 3671 2485 3745 προσθήκη
2515 3670 2639 3726 οὔτε
2671 3672 3079 3746 dedignatum)
3100 3669 3511 3745 ἁμαρτημάτων
3535 3667 3764 3736 γίνεταις

521 3759 824 3818 subtractio
853 3758 1040 3815 fuerit.

522 3985 903 4058 Compendiosa
943 3983 1519 4058 Expositiodictorum
1561 3983 1908 4058 quorumdam
1943 3998 2076 4052 apo-

2194 3985 2299 4040 Τοῦ
2337 3983 2545 4058 αὐτοῦ,
2592 3983 2662 4058 ἐκ
2709 3979 2814 4058 τοῦ
2861 3976 3048 4058 aurai}
3091 3976 3299 4058 domu,
3348 3969 3765 4058 ᾁποστολικῶν

696 4046 1118 4121 διοίὶεονιιηι,ἐπ
1153 4053 1331 4110 eodem
1363 4054 1421 4109 S.
1454 4046 1705 4109 Hethodii
1736 4054 1895 4110 libro.
1977 4046 1987 4052 ’

2461 4046 2664 4122 ῥητῶν
2699 4050 2977 4120 ἑρμηνεία
3013 4050 3161 4100 κατὰ
3197 4046 3482 4124 σύνοψιν.

1651 4165 1832 4239 (Apud
1853 4163 2104 4222 Photium
2129 4169 2283 4235 ibid.,
2312 4184 2433 4241 pag,
2465 4168 2623 4239 909.)
3041 4181 3064 4210 ο

590 4283 632 4336 1.
655 4279 819 4336 Lecta
844 4288 928 4336 est
979 4295 1046 4335 ex
1087 4282 1276 4336 eodem
1307 4281 1456 4336 illius
1507 4279 1649 4334 libro
1689 4278 2081 4347 compendiosa

2261 4281 2337 4333 A'.
2382 4276 2719 4347 ’Λνεγνώσθη
2770 4273 2865 4328 τοῦ
2907 4271 3094 4339 αὐτοῦ,
3138 4274 3200 4325 ἐκ
3232 4269 3325 4328 τοῦ
3370 4269 3532 4324 αὐτοῦ
3581 4267 3762 4336 λόγου,

519 4371 789 4427 dictorum
848 4373 1206 4442 quorumdam
1265 4372 1688 4443 apostolicorum
1748 4369 2079 4440 explanatio.

2194 4370 2559 4428 ἀποστολικῶν
2591 4369 2768 4441 ῥητῶν
2803 4366 3066 4438 ἑρμηνεία
3092 4365 3230 4418 κατὰ
3259 4363 3496 4432 σύνοψιν.
3537 4362 3764 4430 Ἰδωμεν

518 4465 816 4522 Videamus
847 4482 976 4523 vero
1007 4467 1154 4538 quod
1199 4468 1437 4537 primum
1470 4466 1524 4519 in
1549 4465 1869 4535 Apostolum
1893 4463 2079 4518 dicere

2194 4463 2263 4527 δὲ,
2293 4463 2346 4514 τί
2379 4457 2446 4533 ἦν
2473 4461 2609 4534 ὅπερ
2641 4459 2854 4531 πρῶτον
2887 4459 2964 4521 είς
2996 4457 3087 4509 τὸν
3131 4453 3448 4507 Ἀπόστολον
3484 4450 3763 4524 προήχθη-

519 4559 631 4631 (36)
661 4560 902 4632 aggressi
938 4536 1232 4615 fueramus.
1264 4558 1399 4613 Nam
1431 4557 1576 4629 quod
1611 4559 1687 4612 ait
1717 4558 1762 4589 ⁸ο
1800 4577 1813 4611 :
1851 4555 1960 4626 Ego
1987 4572 2082 4609 au-

2194 4571 2284 4626 μεν
2321 4555 2514 4607 εἰπεῖν.
2554 4551 2629 4605 Τὸ
2670 4552 2800 4622 γὰρ,
2839 4550 2979 4621 Ἐγὼ
3023 4549 3091 4602 δὲ
3123 4547 3294 4612 ἔζων,
3340 4544 3529 4614 λεχθὲν
3580 4541 3762 4614 αύτῷ,

586 4675 635 4714 ⁴⁹
665 4674 707 4731 ll
737 4674 862 4731 Cor.
890 4690 990 4741 xu,
1013 4675 1068 4743 2,
1109 4677 1163 4732 5.
1238 4676 1284 4709 ⁵ο
1308 4673 1461 4729 Rom.
1492 4689 1588 4737 vu,
1614 4673 1701 4728 l5.
1761 4671 1806 4704 ⁸¹
1829 4669 1980 4726 Rom.
2013 4687 2110 4735 vn,
2141 4670 2195 4726 9.

2197 4805 2396 4874 quibus
2417 4803 2526 4872 jam
2551 4801 2773 4874 subjicit
2801 4814 2918 4854 sua.
2947 4797 3178 4874 Exstant
3208 4795 3310 4848 ista
3347 4792 3485 4874 apud
3523 4791 3762 4874 Epipha-

2193 4865 2342 4930 nium
2380 4865 2433 4927 n:
2467 4874 2556 4926 55.
2588 4865 2847 4925 Litteratn
2892 4872 3028 4923 male
3077 4869 3516 4934 interpunctione
3572 4865 3626 4917 in
3659 4865 3761 4917 im-

2191 4949 2395 5016 pressis
2426 4944 2794 5016 depravatam,
2823 4955 2920 4994 nec
2956 4942 3088 5016 bene
3113 4939 3375 5016 redditam
3399 4936 3758 4997 restitnimus,

2193 5007 2253 5070 ut
2287 5016 2401 5084 ipsa
2434 5007 2532 5083 per
2557 5029 2614 5068 se
2650 5013 2796 5084 clara
2840 5012 3117 5084 procedat.
3143 5007 3315 5084 Quod
3343 5022 3529 5084 _porro_
3552 5014 3762 5072 spectat

2191 5087 2258 5140 ad
2297 5075 2454 5139 i'stan'n
2511 5083 2764 5138 Methodii
2802 5075 3219 5150 eipositionent,
3270 5076 3427 5150 video
3465 5075 3762 5128 adversan-

2191 5166 2274 5212 tes
2302 5157 2485 5227 plures
2506 5155 2776 5225 iuniores,
2812 5146 3042 5227 quorum
3071 5150 3273 5227 leviora
3294 5146 3579 5227 videantur
3609 5161 3764 5214 argu-

2191 5216 2395 5282 menta.
2429 5216 2542 5294 Ego
2581 5239 2704 5278 cum
2748 5216 3023 5277 soliditate
3054 5216 3466 5294 subtilissimum
3502 5216 3757 5294 arbitror,

2189 5313 2352 5367 quam
2401 5286 2563 5352 etiam
2609 5295 2892 5367 amplexus
2941 5298 3259 5367 est_nostcr
3309 5287 3623 5367 Qajetanus,
3679 5286 3762 5338 vir

2189 5357 2335 5423 certe
2363 5367 2508 5421 acris
2533 5357 2734 5435 ingenii
2758 5366 2810 5417 in
2841 5361 3092 5435 venando
3122 5374 3284 5414 sensu
3321 5357 3562 5419 litterali,
3593 5370 3761 5434 quem

2189 5453 2358 5494 unum
2388 5438 2498 5494 fere
2542 5427 2805 5491 sectatur.
2849 5433 2987 5486 Ριιῑο
3018 5442 3197 5485 tamen
3220 5445 3328 5484 non
3360 5441 3482 5481 esse
3535 5427 3764 5481 restrin-

2187 5511 2415 5579 gendam
2469 5506 2820 5580 apostolicam
2849 5501 3220 5580 _scntentiam,
3270 5497 3557 5580 adusolam
3612 5497 3760 5580 illam

2188 5568 2590 5637 Hethodianam
2633 5574 3049 5642 expositionem,
3099 5586 3275 5642 neque
3325 5569 3380 5626 id
3413 5568 3765 5692 contird‘ilsse

3604 5653 3632 5690 e
3699 5651 3759 5688 o-

3604 5651 3759 5690 εωθ-

542 4882 553 4892 _
589 4810 717 4892 (34)Δ
764 4808 870 4892 Nec
897 4813 1148 4892 Δριἰιξηιία
1177 4815 1542 4892 reciperemus,
1583 4818 1689 4865 etc.
1723 4808 1878 4892 Apud
1942 4804 2088 4892 Plio-

515 4876 722 4952 liu'mii
759 4876 946 4952 Quom.
1003 4876 1362 4939 Restitnimus
1416 4883 1535 4935 οὺδέ
1597 4897 1668 4952 ex
1727 4876 2088 4952 codieeSir-

515 4947 728 5034 mundi'.
759 4947 982 5006 Tractat
1020 4954 1123 5008 ista
1157 4953 1462 5008 Methodius
1485 4969 1538 5007 ιι.
1575 4950 1642 5006 56
1674 4949 1814 5020 apud
1847 4947 2088 5019 Epipha-

514 5037 690 5078 mum.

572 5093 700 5174 βξ)
725 5092 1023 5174 ξείεηάιᾳη,
1052 5104 1157 5149 etc.
1199 5092 1521 5174 [lapassim
1569 5091 1995 5174 Cbrysostomtts
2033 5094 2088 5174 et

515 5159 627 5218 alii.
652 5159 860 5218 Iudicat
885 5165 1050 5221 etiam
1078 5159 1340 5234 propheta
1371 5163 1478 5218 illis
1511 5159 1699 5234 verbis
1718 5178 1730 5212 :
1769 5159 2083 5228 Superuenit

514 5238 942 5306 mansuetudoiet
980 5233 1346 5306 corripiemur,
1391 5243 1496 5306 etc.
1530 5233 1890 5306 _Acceleratas
1939 5245 2086 5306 mor-

512 5310 600 5377 tes
621 5305 977 5377 quorumdam
1011 5297 1282 5377 singulari
1317 5303 1580 5359 beneﬁcio
1623 5302 1876 5377 legimus,
1909 5297 2084 5377 ut_Jo-

514 5370 764 5438 sim—etc.
792 5375 1063 5446 lnterpres
1085 5370 1228 5446 male
1273 5376 1377 5429 ista
1415 5370 2040 5446 sequentibus__co_pulat
2068 5383 2082 5420 :

512 5446 661 5500 velut
687 5446 778 5499 illa
808 5440 994 5500 dicaht
1037 5448 1129 5502 alii
1163 5445 1376 5511 Patres,
1403 5440 1511 5500 noxi
1543 5440 2085 5514 priorailla‘bletho-

515 5515 611 5598 dii.
649 5514 751 5598 Est
771 5517 928 5586 plane
952 5519 1089 5598 illud
1139 5517 1296 5598 εἴπερ
1324 5511 1685 5585 epiphonema
1713 5511 1917 5598 Pbotii,
1947 5525 2084 5581 qua-

514 5584 582 5638 lia
611 5581 812 5654 passii'n
839 5597 1122 5644 auctorum
1150 5581 1312 5642 dictis
1332 5581 1434 5643 ceti
1463 5601 1658 5640 censor
1678 5581 1938 5637 annectit.

514 5722 538 5738 _
586 5644 696 5724 (36)
723 5656 874 5738 Quod
901 5661 1125 5738 primum
1153 5660 1206 5738 in
1235 5656 1544 5738 Apostolum
1573 5654 1774 5738 dicere,
1795 5663 1900 5733 etc.
1931 5650 1984 5704 τί
2012 5644 2081 5720 ἦν

512 5723 649 5799 ᾇπερ
680 5723 937 5799 πρῶτον..
951 5768 962 5780 .
979 5723 1330 5799 προήχθημεν
1350 5730 1540 5799 είπείν.
1575 5723 1738 5799 Plura
1755 5723 1867 5799 jam
1887 5723 1939 5776 in
1957 5736 2081 5775 eum

513 5781 692 5850 locum
727 5781 1156 5867 'disputav'ei'at:
1189 5781 1337 5854 velut
1382 5795 1710 5868 Origcniana
1755 5781 2071 5856 destruens,
2252 5784 2364 5858 (57)
2406 5783 2641 5857 'rsmt'p.
2673 5783 2758 5838 ΑΙ·
2797 5781 3008 5852 ὕφεσις·
