4150 6478
472 331 577 387 ἓίΗ
621 376 627 383 .

1571 336 1663 391 ex
1706 336 1908 392 usue
1944 336 2032 390 DE
2069 322 2677 395 RESUttltECTlONE.

3631 355 3737 408 21.3

471 429 652 500 χωρίς
684 431 874 494 νόμου
928 431 1103 486 ποτέ·
1163 432 1259 504 τὴν
1316 432 1428 485 ἄνω
1480 435 1539 485 ἐν
1588 433 1665 504 τῷ
1725 434 2028 506 παραδείσῳ

2132 488 2135 495 ,
2165 442 2266 487 tem
2297 435 2527 489 vivebam
2558 439 2671 491 sine
2689 437 2798 508 lege
2824 438 3109 508 aliquando
3137 458 3155 495 :
3191 458 3352 513 quam
3386 445 3514 499 olim
3563 451 3618 501 in
3653 468 3742 518 pa,-

472 522 725 596 καθάπερ
748 524 808 589 ἐξ
836 525 1012 596 ἀρχῆς
1045 524 1374 596 ὑπεθέμεθα,
1410 526 1515 596 πρὸ
1554 527 1653 597 τῆς
1690 527 1929 596 ἐντολῆς,
1959 529 2058 581 οὑκ

469 613 628 677 ἐκτὸς
667 612 935 684 σώματος,
964 615 1114 669 -ἀλλὰ
1164 614 1299 687 μετὰ
1349 615 1600 686 σώματος
1630 618 1805 688 ἡμῶν,
1851 620 1908 672 ἐν
1948 622 2058 683 τοῖς

470 706 915 776 πρωτοπλάστοις
950 707 1224 780 διαγωγὴν
1267 711 1571 781 παρεγγυᾷ.
1603 711 1793 776 Ἐκτδς
1831 710 1888 764 δέ
1933 712 2055 764 ἐπι-

470 799 668 871 θυμίας
710 802 1001 875 διήγομεν,
1056 803 1118 854 οὑ
1167 802 1527 870 γινώσκοντες
1580 802 1716 867 ὅλως
1762 804 2057 875 ἐπιθυμίας

468 892 794 963 προσϐολάς.
830 895 904 947 Τὸ
934 893 1044 965 γὰρ
1097 894 1171 967 μὴ
1216 894 1360 965 ἔχειν
1384 897 1684 968 διορισμὸν,
1733 896 1857 950 καθ’
1891 897 1949 950 ὃν
1976 898 2058 951 δεῖ

466 984 877 1040 πολιτεύεσθαι·
936 986 1071 1061 μηδὲ
1116 986 1366 1051 ἐξουσίαν
1407 987 1795 1043 αὑτοδὲσποτον
1848 987 2051 1057 λογίου,

464 1073 605 1145 ποίῳ
631 1074 712 1129 δεῖ
736 1076 967 1148 χρῆσθαι
992 1077 1369 1149 πολιτεύματι,
1410 1078 1497 1132 ἵνα
1534 1078 1758 1143 δικαίως
1784 1078 1817 1150 ἢ
1848 1079 2050 1151 τιμηθῇ

462 1163 497 1234 ἦ
535 1165 744 1237 ψεχθῇ,
802 1168 1171 1222 ἀνυπεύθυνον
1228 1169 1427 1233 παντὸς
1483 1169 1731 1224 λέλεκται
1786 1170 2052 1240 ὑπάρχειν

461 1257 621 1311 τοῦτο
656 1260 1021 1331 ἐγκλήματος.
1048 1261 1168 1315 ’Ὁτι
1203 1261 1277 1333 μὴ
1304 1262 1526 1316 δύναται
1567 1262 1770 1316 τούτων
1807 1280 1891 1327 τις
1928 1266 2050 1317 ἐπι-

461 1351 727 1424 θυμῆσαι,
759 1345 834 1407 ὧν
862 1353 937 1426 μὴ
984 1354 1318 1408 κεκώλυται·
1357 1354 1462 1411 κᾶν
1493 1354 1809 1428 ἐπιθυμήσῃ
1846 1353 1924 1416 δέ,
1951 1356 2050 1407 οὑκ

458 1443 858 1517 αἱτιαθήσεται.
894 1446 938 1497 Τ
940 1444 967 1497 δ
998 1443 1107 1516 γὰρ
1136 1444 1472 1515 ἐπιθυμῆσαι
1502 1445 1603 1498 οὑκ
1630 1444 1722 1497 ἐπὶ
1762 1443 1870 1497 τῶν
1911 1462 2050 1516 παρ-

458 1536 631 1591 όντων
704 1539 799 1593 καὶ
860 1538 1234 1610 ὑποκειμένων
1281 1540 1338 1591 ἐν
1389 1537 1607 1611 ἐξουσίᾳ
1653 1538 1863 1601 πίπτει,
1911 1536 2047 1591 ἀλλά

458 1630 553 1683 ἐπὶ
583 1615 1000 1702 τῶν’παρόντων
1034 1631 1153 1703 μὲν,
1188 1631 1262 1703 μὴ
1296 1631 1465 1686 ὄντων
1488 1630 1534 1684 δ’
1568 1633 1624 1684 ἐν
1653 1630 1892 1702 ἐξουσίᾳ.
1921 1629 2048 1694 Πῶς

455 1722 566 1793 γὰρ
595 1714 656 1776 οὗ
690 1723 763 1796 μὴ
797 1723 1101 1777 κεκώλυταί
1128 1741 1230 1787 τις,
1267 1723 1401 1795 μηδὲ
1433 1724 1621 1794 ἐνδεής
1664 1724 1801 1786 ἐστι,
1855 1721 2043 1776 τούτου

2160 527 2365 592 radiso,
2388 529 2445 582 in
2492 530 2683 598 primis
2714 533 3054 600 parentibus,
3093 542 3219 589 ante
3245 545 3597 607 praceptum,
3628 556 3736 595 non

2160 621 2409 691 corporis
2441 630 2713 692 expertes,
2741 624 2835 678 sed
2861 642 2983 678 cum
3012 642 3261 697 corpore,
3289 629 3627 687 ducebamus
3657 650 3741 688 vi-

2160 719 2292 774 tam,
2349 711 2642 782 significat,
2676 713 3132 782 quemadmodum
3165 716 3455 774 docuimus
3497 720 3552 774 in
3583 738 3738 792 supe-

2158 802 2418 857 rioribus.
2455 802 2628 859 Porro
2653 804 2925 860 immunes
2960 809 3254 877 agebamus
3286 824 3317 863 a
3339 813 3736 882 concupiscen-

2159 896 2254 958 tia,
2303 911 2373 950 ne
2421 896 2533 951 ullo
2557 896 2776 966 quidem
2840 900 3002 955 modo
3065 900 3302 957 insultas
3342 903 3461 969 eius
3514 907 3735 976 vimque

2158 981 2417 1036 scientes.
2448 982 2660 1038 Etenim
2686 1001 2797 1040 non
2827 986 3027 1042 habere
3058 989 3124 1042 ad
3158 991 3318 1059 cujus
3349 997 3733 1065 praescriptum

2156 1073 2311 1130 vivas
2338 1114 2354 1139 ,
2383 1090 2561 1145 neque
2581 1077 2888 1146 explicandi
2917 1080 3061 1150 jussi
3098 1082 3268 1137 divini
3294 1085 3423 1156 (quo
3452 1099 3614 1159 pacto
3647 1092 3731 1145 vi—

2154 1167 2389 1219 vendum
2445 1166 2539 1234 sit,
2587 1178 2646 1222 ut
2672 1170 2757 1224 vel
2803 1171 2987 1227 debito
3039 1177 3265 1246 praemio
3305 1178 3580 1245 alliciaris,
3644 1183 3731 1237 vel

2153 1255 2455 1331 damneris)
2506 1260 2811 1316 absolutam
2845 1265 3072 1322 omnino
3119 1276 3474 1338 potestatem,
3525 1272 3629 1327 hoc
3661 1274 3729 1327 ab

2151 1349 2302 1402 omni
2327 1350 2555 1406 crimine
2587 1351 2839 1409 absolvit.
2862 1354 2997 1410 Nam
3024 1374 3183 1415 nemo
3199 1363 3556 1432 concupierit,
3578 1368 3725 1435 quod

2152 1453 2261 1492 non
2284 1446 2370 1494 est
2402 1442 2627 1497 vetitum
2656 1462 2671 1502 :
2696 1460 2799 1499 nec
2828 1461 2959 1501 vero
2978 1450 3082 1503 etsi
3117 1453 3725 1522 concupierit,~crimini

2151 1530 2389 1589 dabitur.
2446 1534 2657 1606 Cupere
2689 1539 2833 1592 enim
2892 1556 3000 1595 non
3033 1542 3089 1597 in
3124 1557 3188 1598 ea
3236 1546 3402 1609 cadit,
3435 1563 3556 1618 qure
3578 1564 3723 1618 prie--

2151 1625 2350 1690 sentia,
2383 1625 2440 1681 in
2473 1634 2662 1683 nostra
2712 1639 2980 1698 potestate
3004 1641 3133 1689 sunt
3166 1655 3179 1690 :
3247 1637 3342 1692 sed
3398 1639 3453 1693 in
3492 1655 3556 1695 ea
3603 1658 3726 1712 quae

2150 1715 2369 1785 quidem
2401 1719 2694 1788 praesentia
2738 1729 2886 1785 sunt,
2933 1739 3042 1778 non
3075 1733 3256 1781 tamen
3287 1735 3415 1783 sunt
3444 1731 3499 1784 in
3534 1744 3725 1790 nostra

452 1816 592 1886 ἐρᾷ;
624 1794 761 1868 ὅθεν
786 1814 881 1869 διὰ
915 1814 1075 1869 τοῦτο
1109 1815 1226 1888 τῂν
1260 1794 1582 1886 ἐπιθυμίαν
1617 1818 1728 1869 οὐκ
1774 1814 1963 1885 ᾔδειν,
1995 1831 2028 1867 et

2149 1813 2436 1874 potestate.
2496 1807 2783 1875 Quomodo
2809 1813 2953 1867 enim
3000 1814 3122 1885 ejus
3150 1818 3421 1888 quispiam
3451 1821 3723 1880 desiderio

450 1908 536 1978 μὴ
566 1911 598 1962 ό
629 1909 814 1977 νόμος
853 1909 1093 1977 ἔλεγεν
1138 1907 1260 1961 Οὐκ
1299 1908 1708 1978 ἐπιθυμήσεις.
1753 1907 2047 1962 Ἀκούσαν-

450 2018 547 2065 τες
578 2002 715 2074 γάρ·
756 2001 889 2056 Ἀπὸ
917 2001 986 2055 δὲ
1010 2001 1116 2055 τοῦ
1146 2000 1336 2066 ξύλου
1365 1998 1473 2053 τοῦ
1508 2000 1823 2071 γινώσκειν
1854 2000 2047 2055 καλὸν

450 2095 552 2148 καί
606 2093 876 2163 πονηρὸν
922 2096 994 2148 οὐ
1040 2092 1304 2163 φάγεσθε
1344 2092 1446 2147 ἀπ’
1494 2093 1701 2148 αὐτοῦ.
1737 2086 1822 2165 τῌ
1867 2092 1926 2146 δ’
1968 2091 2045 2146 ἂν

449 2187 644 2256 θήμέρᾳ
684 2186 914 2258 φάγητε
957 2186 1060 2240 ἀπ’
1098 2185 1306 2249 αὐτοῦ,
1348 2182 1580 2249 θανάτῳ
1614 2184 2038 2240 ἀποθανεῖσθεο

447 2281 572 2333 τότε
613 2279 673 2332 τὸ
716 2278 1055 2350 ἐπιθυμῆσαι
1104 2276 1417 2342 συνέλαϐον,
1448 2277 1543 2330 καὶ
1585 2277 1905 2348 ἐκίσσησαν.
1951 2277 2042 2330 Διὸ

447 2372 513 2444 δὴ
549 2371 669 2441 Τὴν
693 2369 1012 2441 ἐπιθυμίαν
1052 2369 1234 2433 καλῶς
1266 2371 1387 2423 οὐκ
1416 2368 1584 2438 ᾔδειν
1624 2368 1836 2440 ἐλέχθη,
1873 2370 1925 2422 εὶ
1951 2367 2038 2437 μὴ

448 2465 485 2517 ὁ
520 2463 705 2533 νόμος
749 2464 992 2531 ἔλεγεν·
1039 2461 1162 2515 Οὐκ
1200 2460 1619 2530 ἐπιθυμήσεις·
1651 2459 1771 2513 οὑδὲ
1815 2459 2035 2524 ἐσθίειν,

445 2557 498 2608 εί
541 2554 614 2626 μὴ
641 2555 860 2627 εἴρητοο
909 2552 1007 2623 Μὴ
1061 2551 1324 2623 φάγεσθε
1360 2553 1461 2607 ἀπ’
1504 2551 1711 2607 αὐτοῦ.
1757 2551 2038 2605 Ἐντεῦθεν

445 2645 557 2719 γὰρ
586 2648 855 2717 ἐκτήσατο
886 2645 1136 2718 ἀφορμὴν
1161 2646 1242 2708 είς
1277 2645 1339 2697 τὸ
1373 2643 1653 2710 διαπαίξαί
1696 2662 1763 2715 με
1795 2646 1827 2716 ή
1860 2646 2038 2715 ἀμαρ-

438 2734 856 2807 .τία.⁹Δοθείσης
885 2737 994 2808 γὰρ
1023 2736 1122 2807 τῆς
1150 2735 1390 2807 ἐντολῆς,
1427 2735 1553 2806 ἔσχε
1591 2735 1762 2807 λαϐὴν
1791 2737 1820 2789 ὁ
1856 2735 2037 2789 διάϐο-

445 2829 537 2894 λος
575 2828 1015 2901 κατεργάσασθαι
1063 2832 1120 2884 ἐν
1166 2829 1292 2900 ἐμοὶ
1336 2828 1434 2899 τὴν
1480 2826 1804 2899 ἐπιθυμίαν·
1846 2830 2035 2898 Χωρίς

444 2924 556 2995 γὰρ
608 2924 797 2993 νόμου
854 2924 893 2990 ἢ
933 2922 1187 2992 ἁμαρτία
1239 2920 1443 2989 νεκρά.
1498 2915 1630 2975 Οἷα’
1667 2922 1742 2975 Οὑ
1788 2921 2035 2993 δοθείσης

445 3017 556 3090 γὰρ
584 3016 685 3086 τῆς
722 3015 967 3085 ἐντολῆς,
1015 3014 1296 3086 ἄπρακτος
1324 3009 1449 3086 ἦνὴ
1490 3014 1753 3085 ἁμαρτία.
1789 3012 1931 3081 Ἐγὼ
1973 3011 2036 3066 δέ

444 3107 581 3173 ἔζων
611 3108 718 3180 πρὸ
745 3109 841 3180 τῆς
862 3106 1081 3179 ἐντολῆς
1102 3106 1409 3178 ἀμέμπτως
1432 3104 1585 3176 (57‘),
1618 3106 1718 3158 οὑκ
1748 3104 1884 3176 ἔχων
1914 3105 2033 3158 ἐπι-

441 3198 641 3270 ταγὴν,
691 3198 810 3253 καθ’
864 3199 932 3271 ἢν
981 3198 1085 3252 ἔδει
1139 3196 1537 3250 πολιτεύεσθαι.
1586 3196 1916 3263 Ἐλθούσης
1959 3195 2028 3249 δὲ

442 3289 556 3359 τῆς
580 3289 854 3357 ἐντολῆς,
897 3292 935 3359 ἡ
969 3289 1223 3359 ἁμαρτία
1253 3276 1563 3356 ἀνέζησεν.
1600 3285 1747 3357 Ἐγὼ
1783 3285 1851 3339 δὲ
1878 3287 2025 3339 ἀπὲο

440 3384 658 3437 θανονο
702 3379 803 3433 καὶ
842 3379 1054 3447 εὑρέθη
1094 3380 1133 3448 ἡ
1175 3378 1417 3446 ἐντολὴ,
1454 3380 1491 3447 ἡ
1524 3380 1613 3444 εἰς
1659 3376 1831 3445 ζωὴν,
1871 3378 2025 3447 αὕτη

424 3473 529 3537 τείς
563 3469 842 3524 θάνατον.
878 3471 999 3524 Ὅτι
1041 3469 1179 3541 μετὰ
1227 3469 1287 3523 τὸ
1327 3468 1687 3540 νομοθετῆσαι
1737 3469 1827 3522 τὸν
1870 3469 2022 3532 Θεὸν,

442 3562 538 3615 καὶ
563 3560 966 3615 διαστείλασθαί
1004 3578 1092 3633 μοι
1120 3561 1157 3616 ἃ
1190 3562 1459 3636 ποιητέον,
1492 3562 1585 3614 καὶ¹
1635 3561 1710 3634 μὴ
1747 3561 2020 3632 ποιητέον,

440 3654 836 3727 κατειργάσατο
876 3655 933 3707 ἐν
979 3654 1102 3724 ἐμοὶ
1131 3654 1228 3725 τὴν
1260 3653 1551 3724 ἐπιθυμίαν
1588 3655 1616 3707 ὁ
1650 3652 1914 3717 διάϐολος.
1957 3653 2022 3706 'H

438 3747 550 3818 γὰρ
579 3748 879 3817 ἐπαγγελία
928 3747 1021 3801 τοῦ
1076 3745 1211 3801 Θεοῦ
1257 3748 1291 3817 ἡ
1329 3746 1542 3800 δοθείσά
1593 3763 1703 3818 μοι,
1758 3745 1896 3816 αὑτη
1943 3747 2023 3809 εἰς

440 3835 587 3907 ζωὴν
630 3838 725 3890 καὶ
765 3836 1095 3909 ἀφθαρσίαν,
1130 3836 1239 3900 ἵνα,
1272 3835 1588 3908 πειθόμενος
1617 3836 1775 3908 αὑτῇ,
1809 3834 2023 3889 ἀειθάλ-

438 3926 599 3981 λοντα
632 3927 770 3999 πρὸς
801 3926 1098 3983 ἀθανασίαν
1127 3926 1240 3997 βίον
1277 3926 1405 3996 ἔχω,
1460 3926 1555 3980 καὶ
1595 3926 1799 3997 χαράν
1828 3924 2022 3996 ἀθετή-

436 4036 592 4074 σαντι
619 4018 807 4091 αὐτὴν,
837 4021 917 4082 είς
958 4017 1187 4085 θάνατον
1215 4018 1417 4089 ἀπέϐη.
1457 4017 1673 4089 Ἐπειδὴ
1698 4019 1726 4070 ὁ
1753 4016 2015 4079 διάϐολος,

426 4109 494 4166 ὃν
520 4111 791 4184 ἁμαρτίαν
817 4104 910 4165 νῦν
932 4105 1088 4172 οὗτος
1115 4108 1339 4163 ἐκάλεσε
1369 4107 1456 4162 διὰ
1476 4108 1536 4161 τὸ
1566 4106 1892 4179 δημιουργὸν
1920 4105 2019 4159 αὑ-

2147 1897 2483 1964 exardescat,
2514 1914 2545 1953 a
2585 1915 2693 1970 quo
2724 1917 2832 1957 non
2860 1914 3098 1969 arcetur,
3131 1914 3184 1961 et
3210 1909 3354 1978 quod
3378 1910 3601 1967 minime
3627 1929 3722 1969 ne-

2145 1990 2452 2045 cessarium
2516 1992 2751 2048 habeat?
2812 1995 2937 2050 ideo
3006 1999 3192 2068 igitur,
3242 2003 3720 2071 concupiscentiam

2145 2083 2496 2148 nescioissem,
2530 2086 2635 2139 nisi
2677 2088 2762 2140 tea:
2816 2086 3037 2143 dixisset
3065 2107 3079 2118 ·
3118 2090 3241 2146 Non
3283 2097 3613 2163 concupisces
3646 2098 3714 2152 ³³.

2143 2171 2279 2227 Nam
2303 2189 2427 2228 cum
2457 2176 2798 2233 audivissent
2829 2199 2841 2233 :
2873 2180 2948 2233 De
2975 2182 3114 2253 ligno
3172 2195 3347 2240 autem
3374 2189 3719 2257 cognoscendi

2144 2265 2335 2321 bonum
2361 2276 2415 2322 et
2452 2269 2676 2335 malum,
2714 2287 2817 2325 non
2853 2272 3017 2329 edetis
3050 2275 3112 2329 de
3135 2277 3247 2330 illo.
3282 2277 3401 2343 Qua
3438 2280 3522 2334 die
3542 2290 3718 2337 autem

2138 2360 2354 2413 ederitis
2375 2375 2441 2415 ea:
2469 2376 2549 2427 eo,
2580 2372 2748 2417 morte
2793 2366 3093 2420 moriemini
3146 2371 3226 2437 5';
3260 2378 3392 2426 tunc
3448 2387 3716 2445 concepe-

2138 2458 2269 2504 runt
2297 2452 2824 2522 concupiscentiam,
2861 2456 3214 2528 improbeque
3275 2474 3338 2515 ac
3368 2462 3543 2517 instar
3573 2480 3712 2534 prae—

2139 2543 2360 2613 gnantis
2391 2545 2756 2614 appetierunt.
2785 2544 2910 2602 ldeo
2940 2549 3077 2605 bene
3102 2551 3306 2607 dictum
3338 2562 3423 2610 est
3451 2574 3464 2610 :
3507 2555 3716 2611 Concu-

2136 2633 2450 2702 piscentiam
2471 2636 2824 2703 nescivissem,
2869 2641 2973 2693 nisi
3004 2640 3092 2694 lea:
3116 2644 3337 2698 dixisset
3371 2661 3391 2699 :
3428 2645 3552 2701 Non
3587 2665 3713 2703 con-

2137 2727 2392 2796 cupisces.
2415 2726 2602 2798 Neque
2626 2728 3023 2787 desiderassem
3054 2737 3359 2802 comedere,
3391 2740 3496 2795 nisi
3519 2740 3714 2800 fuisset

2135 2819 2338 2874 dictum
2376 2839 2388 2874 :
2421 2819 2546 2874 Non
2577 2823 2855 2903 comedetis
2886 2841 2951 2879 ex
2979 2843 3057 2881 eo.
3088 2826 3227 2884 Hinc
3256 2834 3399 2885 enim
3432 2845 3713 2903 peccatum

2132 2912 2269 2966 mihi
2302 2912 2567 2969 illudendi
2594 2897 2937 2972 occasionem
2961 2920 3189 2989 accepit.
3222 2919 3358 2978 Dato
3385 2897 3528 2980 enim
3557 2943 3714 2983 man-

2132 3002 2281 3069 dato,
2327 3005 2517 3059 habuit
2564 3007 2816 3063 diabolus
2860 3010 3052 3081 quoin
3105 3027 3191 3067 me
3214 3017 3711 3086 concupiscentiam

2134 3102 2410 3162 operetur.
2449 3094 2575 3150 Sine
2610 3096 2718 3167 lege
2754 3098 2892 3151 enim
2925 3110 3193 3169 peccatum
3217 3115 3482 3160 mortuum
3505 3111 3704 3167 erat”.

2136 3182 2297 3238 Velut
2318 3184 2500 3241 dicat:
2529 3185 2647 3243 Non
2697 3189 2828 3244 data
2871 3192 3018 3245 enim
3062 3193 3176 3264 lege
3230 3206 3515 3266 peccatum
3558 3202 3706 3256 velut
3760 3197 3771 3207 ’

2132 3275 2379 3332 ineﬂicax
2405 3287 2543 3332 erat.
2577 3278 2691 3349 Ego
2744 3288 2925 3335 autem
2965 3292 3091 3337 ante
3150 3296 3479 3359 praeceptum
3511 3290 3702 3356 latum,

2131 3367 2670 3438 irreprehensibilem
2720 3373 2889 3429 vitam
2927 3376 3175 3445 agebam,
3214 3385 3272 3431 ut
3321 3381 3413 3449 qui
3450 3397 3697 3437 normam

2133 3476 2242 3514 non
2267 3460 2522 3516 haberem
2548 3467 2850 3519 secundum
2881 3482 3044 3537 quam
3068 3469 3329 3523 viverem.
3362 3469 3465 3526 Sed
3481 3489 3600 3527 cum
3627 3491 3705 3528 ve-

2130 3553 2294 3607 nisset
2327 3553 2636 3607 mandatum
2654 3596 2668 3619 ,
2700 3567 2970 3625 peccatum
3002 3562 3206 3614 revixit.
3233 3560 3346 3632 Ego
3369 3573 3542 3617 autem
3564 3582 3706 3619 mor-

2132 3650 2252 3698 tuus
2290 3660 2407 3698 sum
2434 3662 2453 3699 :
2476 3654 2525 3698 et
2553 3646 2821 3702 inventum
2840 3659 2916 3704 est
2949 3652 3073 3705 mihi
3099 3651 3411 3707 mandatum
3439 3657 3578 3725 quod
3587 3667 3703 3713 erat

2130 3735 2199 3787 ad
2222 3737 2403 3799 vitam,
2422 3736 2518 3791 hoc
2542 3754 2657 3793 esse
2688 3739 2759 3793 ad
2796 3754 3016 3797 mortem
3045 3743 3114 3798 Μ’.
3159 3743 3292 3798 Nam
3319 3756 3441 3815 post
3465 3749 3637 3820 legem
3670 3767 3701 3805 a

2129 3827 2240 3883 Deo
2281 3830 2466 3894 latam,
2509 3839 2563 3887 et
2619 3841 2909 3904 postquam
2959 3835 3061 3889 fuit
3092 3836 3148 3891 in
3194 3840 3464 3896 mandatis
3513 3842 3701 3899 datum

2126 3922 2256 3992 quid
2285 3920 2596 3977 faciendum
2636 3931 2782 3980 esset
2813 3940 2992 3994 quove
3043 3927 3451 3997 abstinendum,
3503 3949 3702 4004 opera-

2126 4019 2217 4067 tus
2276 4019 2362 4067 est
2412 4016 2469 4067 in
2531 4028 2619 4068 me
2662 4015 3167 4085 concupiscentiam
3207 4017 3479 4077 diabolus.
3541 4021 3701 4089 Quod

2125 4105 2272 4160 enim
2300 4120 2331 4158 a
2360 4104 2468 4161 Deo
2502 4106 2571 4160 ad
2594 4106 2763 4160 vitam
2806 4116 2862 4162 et
2883 4108 3352 4179 incorruptionem
3378 4115 3699 4173 mandatum

501 4268 543 4299 ἰ
570 4266 721 4321 Rom.
745 4282 844 4331 vn,
880 4265 931 4319 7.
1006 4265 1051 4297 “
1078 4262 1205 4320 Gen.
1242 4279 1302 4330 ll,
1332 4262 1417 4318 17.
1493 4262 1540 4294 ’⁵³
1569 4259 1722 4316 Rom.
1764 4277 1862 4325 vit,
1887 4260 1941 4335 8.
2010 4261 2028 4293 ⁵

2132 4259 2205 4315 id.
2242 4259 2296 4326 9,
2326 4261 2410 4317 10.

433 4423 791 4488 Methodium,
828 4429 888 4478 ut
914 4438 1094 4493 neque
1127 4420 1580 4493 Clirysostomum
1610 4425 1666 4473 et
1712 4417 1852 4493 alios
1881 4432 2014 4472 con-
2047 4421 2092 4474 Ι)
2122 4417 2297 4493 pluris
2320 4416 2472 4484 facit,
2495 4417 2932 4493 impugnatioex
2963 4420 3057 4475 illo
3089 4423 3284 4493 capite.
3316 4423 3503 4477 Solum
3539 4426 3698 4480 video

431 4494 678 4551 tendisse
703 4494 983 4558 existimo,
1006 4488 1398 4560 restringenda
1443 4491 1510 4543 ad
1553 4505 1712 4545 suum
1768 4488 2010 4560 ipsorum

364 4593 369 4597 ο
430 4580 653 4623 sensum
681 4565 846 4618 verba
869 4557 1185 4633 apostolica.
1223 4557 1788 4633 Fueritergolocutus
1808 4557 2011 4615 Paulus

430 4635 730 4709 universim
757 4635 825 4688 de
843 4630 1052 4703 ex'lege.
1085 4634 1264 4702 qualis
1284 4630 1619 4709 luit‘primu‘s
1641 4643 1860 4709 parens,
1885 4637 2012 4709 ante

431 4706 571 4777 illud
597 4712 926 4777 praeceptum
967 4699 1079 4758 non
1105 4699 1426 4777 comedendi
1455 4699 1526 4777 de
1555 4701 1705 4777 ligno
1737 4701 2008 4777 scientiae,

426 4776 578 4848 quod
597 4769 862 4848 nimirum
884 4783 1094 4848 spectat
1119 4773 1203 4848 ad
1219 4775 1388 4848 legem
1413 4769 1700 4848 positivum
1725 4769 2010 4848 :_fuerunt-

428 4840 536 4916 que
568 4846 821 4921 homines
850 4840 1007 4921 _aiite
1036 4843 1241 4913 Moysis
1278 4840 1475 4921 legem,
1510 4840 2009 4921 quodetiamspe-

428 4909 543 4971 (Stat
562 4915 630 4969 ad
663 4914 985 4981 multajuris
1013 4909 1224 4968 natura;
1254 4909 1436 4966 minus
1461 4909 1612 4964 nota.
1642 4909 2005 4973 lisomnibus,

426 4986 574 5058 quod
602 4994 814 5054 spectat
837 4985 903 5038 ad
937 4983 1352 5061 ejusmodi_non
1382 4988 1673 5061 praecepta,
1729 4989 2006 5061 mortuum

425 5051 544 5113 erat
589 5051 908 5124 peccatum;
957 5051 1100 5132 Sive_
1127 5053 1805 5132 diabolumhincentorem
1852 5051 2003 5132 illum

423 5122 795 5183 extrinsecum
850 5140 1015 5181 sensu
1052 5122 1404 5178 Methodiano
1440 5122 1831 5189 intelligamus,
1889 5122 2005 5177 sive

424 5195 929 5267 concupiscentiam
959 5203 1014 5250 et
1034 5194 1310 5267 il'omitem,
1358 5190 2002 5267 incentoreni_doine_sti-

421 5283 556 5338 cum,
584 5260 802 5338 ι’νεκρὰ
835 5266 1101 5338 ἁμαρτία,
1131 5264 1434 5335 ἄπρακτος,
1460 5263 1637 5338 inquit
1673 5260 2002 5338 bletliodius,

421 5337 662 5407 inefﬁcax
688 5331 786 5413 [ut
817 5331 974 5413 nihil".
1009 5331 1244 5413 posset}
1273 5349 1447 5402 eoque
1482 5333 1726 5413 ignotum
1745 5331 2005 5413 formali-

419 5399 535 5473 ter:
552 5422 653 5461 nec
669 5406 773 5459 nisi
798 5399 1089 5482 occasione
1112 5405 1242 5482 legis
1257 5399 1716 5482 cognoscendum.
1745 5399 1836 5455 Sic
1855 5401 2003 5482 enim

418 5492 611 5534 revera
645 5478 1004 5547 cognovimus
1031 5473 1330 5547 diabolum,
1352 5473 1721 5547 icognovitque
1768 5473 2003 5527 maxime

420 5550 631 5620 primus
655 5544 887 5620 parens,
918 5555 980 5600 ut
1001 5546 1231 5620 nibil__in
1273 5546 1395 5620 istis
1429 5544 1610 5620 minus
1655 5556 2000 5620 consequens

423 5612 620 5674 habeat
652 5612 984 5679 Methodius,
1035 5612 1302 5688 nihilique
1351 5616 1425 5670 sit
1472 5613 1793 5679 Justiniani,
1833 5627 1998 5682 quam

491 5774 628 5848 (57‘)
670 5773 1028 5844 Ἀμέμπτως.
1057 5774 1163 5839 AL,
1199 5772 1312 5842 βίον
1349 5772 1658 5843 ἄμεμπτον.

735 5873 1009 5935 Pyrum.
1052 5871 1169 5931 Gn.
1209 5869 1443 5932 XVIII.

2120 4488 2389 4563 {achillem
2419 4489 2507 4563 cui
2537 4488 2631 4542 uni
2664 4496 2719 4544 et
2751 4489 2937 4545 Estius
2987 4500 3040 4544 et
3073 4488 3172 4544 alii
3195 4508 3354 4548 secus
3404 4496 3694 4563 opinantes

2116 4558 2312 4632 ﬁdunt,
2348 4558 2591 4632 nondum
2640 4568 2976 4632 prostratum
3008 4578 3021 4613 :
3071 4577 3264 4632 nempe
3294 4558 3691 4620 dissonantium

2116 4629 2345 4702 alterius
2387 4629 2492 4702 loci
2531 4630 2774 4697 ejusdem
2813 4629 3083 4701 Apostoli,
3113 4629 3222 4702 quo
3251 4635 3348 4698 ait,
3373 4651 3483 4690 non
3520 4635 3693 4691 fuisse

2112 4699 2603 4772 Adamseductum
2626 4720 2652 4772 A:
2676 4717 2785 4753 non
2812 4699 2939 4772 ergo
2960 4703 3050 4758 hic
3067 4699 3350 4759 seductum
3387 4705 3552 4761 dicit:
3580 4723 3692 4761 non

2113 4784 2244 4837 ergo
2280 4770 2347 4847 de
2379 4785 2438 4823 sc
2479 4770 2603 4847 ipso
2626 4770 2960 4847 loquiturut
2987 4773 3041 4827 in
3070 4774 3279 4847 Adamo
3316 4788 3443 4847 ante
3496 4791 3692 4847 pecca-

2114 4846 2229 4916 tum
2249 4840 2471 4916 exlege.
2506 4838 2796 4916 Enimvero
2818 4840 2997 4916 facile
3035 4846 3350 4916 responderi
3381 4838 3578 4916 potést,
3608 4847 3690 4900 lo-

2115 4910 2208 4978 qui
2249 4909 2352 4964 boc
2376 4910 2495 4963 loco
2523 4908 2751 4965 Paulum
2784 4911 3060 4979 absolute;
3106 4908 3278 4970 altero
3324 4908 3505 4971 au'tem
3536 4908 3688 4972 como

2116 4979 2399 5047 paratione
2412 4979 2492 5053 _ad
2521 4979 2688 5034 Evam
2710 4996 2723 5031 :
2744 4985 3008 5053 atque_ita
3036 4985 3340 5047 verissime,
3373 4988 3683 5053 seductum,

2112 5056 2300 5104 etnon
2333 5049 2641 5115 seductum,
2670 5049 2870 5107 dicere.
2903 5050 3029 5106 Fuit
3051 5062 3200 5110 certe
3250 5057 3397 5110 velut
3450 5049 3686 5114 mediate

2098 5120 2393 5197 seductus,
2430 5120 2522 5189 qui
2553 5136 2738 5197 errore
2780 5124 3397 5197 practico__judicaverit
3436 5127 3687 5197 acquies-

2088 5190 2342 5266 cendum
2387 5191 2715 5266 serpentium
2768 5190 2833 5248 ac
2870 5190 3554 5266 diabolicazwsuggestioni,
3590 5212 3687 5266 per

2111 5258 2279 5314 Evam
2312 5258 2637 5336 propositae,
2672 5279 2986 5336 quanquam
3010 5265 3224 5336 νοητῶς
3249 5258 3680 5336 ἐιέρεοιιιὰιὶἶνθ,

2109 5345 2220 5384 non
2252 5332 2488 5404 nesciret
2516 5332 2732 5402 suggeri
2782 5332 2940 5395 faisa,
2976 5332 3169 5404 inquo
3210 5332 3371 5390 velut'
3388 5352 3495 5392 non
3520 5338 3685 5393 sedu-

2108 5410 2253 5475 ctus,
2291 5400 2465 5455 videri
2488 5400 2686 5475 potest,
2716 5410 2769 5457 et
2818 5404 3023 5457 dicitur
3065 5400 3097 5458 a
3131 5404 3319 5469 Paulo,
3362 5410 3684 5475 praeferente

2107 5473 2283 5546 virum
2318 5483 2375 5524 ut
2405 5474 2595 5540 majori
2616 5490 2655 5546 ~a
2685 5481 2929 5546 natura,
2957 5476 3222 5543 sapientia
3277 5473 3492 5533 mulieri
3521 5497 3538 5546 ;
3591 5483 3681 5534 cui

2107 5542 2161 5619 in
2186 5540 2295 5619 Eva
2333 5544 2662 5619 serpenssic
2692 5545 2850 5598 facile
2880 5540 3130 5619 illuserit,
3172 5548 3479 5619 falsumque
3510 5540 3565 5606 et
3595 5551 3681 5608 tli-

2107 5613 2389 5669 vinitatem
2416 5613 2783 5669 existimatum
2816 5616 3174 5684 persuaserit.

3327 5862 3441 5918 10.
