4150 6422
456 329 560 383 299

1417 319 1475 374 S.
1518 315 1851 375 Mb‘THODlI
1888 315 2199 372 EPISCOPI
2238 315 2326 371 ET
2362 313 2724 371 MARTYRIS

3628 316 3734 369 δυο

454 421 794 515 acceperam,
842 449 903 495 ut
931 439 1009 495 illi
1055 437 1320 495 obediens
1378 439 1640 494 virentem
1689 452 1905 509 semper
1965 435 2025 491 ad

2134 435 2226 490 τὸν
2267 434 2543 507 ἁμαρτίας
2596 433 2897 507 ὑπάρχειν,
2940 428 3031 485 διὰ
3070 429 3170 501 τῆς
3208 427 3428 501 ἐντολῆς
3474 429 3735 501 ἀφορμὴν

454 535 921 593 immortalitatem
948 540 1002 586 et
1057 530 1318 604 gaudium
1349 530 1514 586 vitam
1565 530 1822 585 haberem
1843 569 1859 592 .
1893 544 2028 582 eon-

454 629 716 685 temnenti
741 624 899 689 mihi,
932 624 1104 680 cessit
1138 624 1195 678 in
1231 631 1485 679 mortem.
1518 621 1731 692 Quippe
1778 620 2031 676 diabolus

452 738 612 793 quem
678 720 769 774 hic
821 716 1028 773 Paulus
1082 725 1367 788 peccatum
1416 716 1840 786 appellavit,eo
1882 714 2030 784 quod

453 815 569 885 ipse
596 814 934 868 architectus
968 811 1045 867 sit
1082 820 1136 867 et
1183 817 1377 863 auctor
1410 808 1644 879 peccati,
1682 808 1972 864 occasione
2000 823 2032 862 a

451 914 676 979 peccato
708 914 958 977 accepta,
1006 913 1066 959 ut
1098 919 1195 973 per
1247 901 1672 958 inobedientiam
1731 900 2027 971 deciperet,

448 1003 737 1072 deceptum
760 1000 995 1067 occidit;
1028 1000 1417 1066 sententiaeque
1437 995 1583 1050 illius
1608 993 1816 1065 peregit
1842 1008 2029 1049 reum:

452 1090 518 1145 In
548 1108 654 1162 qua
684 1100 860 1144 autem
906 1089 990 1143 die
1025 1087 1354 1142 comederilis
1404 1100 1470 1140 ea:
1516 1100 1600 1150 eo,
1642 1096 1810 1138 morte
1840 1098 2032 1137 mone—

450 1186 604 1240 mt'ni.
639 1183 827 1254 Itaque
884 1183 968 1236 lex
1024 1179 1234 1251 quidem
1284 1186 1472 1232 sancta
1502 1186 1550 1231 et
1581 1174 1891 1230 mandatum
1911 1190 2034 1229 san-

450 1285 614 1340 ctum,
635 1284 682 1330 et
709 1274 939 1345 justum,
970 1281 1020 1326 et
1043 1270 1235 1325 bonum
1267 1268 1353 1323 ":
1390 1267 1813 1323 velutnimirum
1843 1266 1912 1321 ad
1943 1281 2033 1322 sa-

451 1369 644 1433 lutem,
675 1382 786 1422 non
815 1365 883 1420 ad
915 1364 1142 1420 exitium
1169 1360 1542 1418 datum.Nihil
1566 1361 1711 1416 enim
1740 1360 2031 1416 credamus

453 1459 575 1516 ﬁeri
602 1475 634 1513 a
673 1457 784 1512 Deo
807 1455 999 1511 inutile
1046 1460 1098 1509 et
1147 1452 1393 1508 noxium.
1418 1449 1526 1517 Qui
1562 1450 1737 1521 ergo?
1760 1448 1912 1517 Quod
1933 1446 2028 1502 bo-

451 1570 581 1609 num
619 1551 841 1608 estmiln'
853 1550 1055 1622 factum
1072 1554 1149 1602 est
1167 1556 1307 1599 mors
1337 1544 1421 1598 "2
1461 1543 1515 1599 id
1567 1542 1849 1606 nimirum,
1884 1540 2030 1613 quod

449 1648 649 1702 summi
682 1659 745 1699 ac
772 1641 1032 1714 praecipui
1062 1638 1350 1709 cujusdam
1402 1636 1533 1692 boni
1563 1649 1732 1690 causa
1761 1634 2028 1699 futurum,

448 1738 584 1794 mihi
641 1735 820 1791 fuerat
866 1733 983 1805 lege
1034 1727 1406 1803 praeceptum?
1457 1725 1633 1783 Absit.
1656 1723 1845 1797 Neque
1886 1724 2031 1781 enim

2139 527 2322 582 λαϐὼν
2357 527 2495 599 πρὸς
2526 525 2806 598 παρακοὴν
2834 522 3115 594 ἀπατῆσαί
3153 538 3241 593 με,
3272 520 3563 591 ἀπατήσας
3594 519 3733 573 ἀπέ-

2139 637 2346 676 κτεινε·
2382 618 2481 690 τῷ,
2511 613 2596 692 ⁷ῌ
2646 617 2697 672 δ’
2751 615 2829 671 ἂν
2870 615 3058 685 ἡμέρᾳ
3108 612 3335 683 φάγητε
3367 611 3467 667 ἀπ’
3516 610 3731 665 αὐτοῦ.

2139 714 2372 781 θανάτῳ
2408 710 2834 775 ἀποθανεῖσθε,
2876 707 3249 779 κατακρίματι
3299 703 3600 759 ὑπεύθυνον
3640 720 3734 773 γε-

2138 805 2325 861 νέσθαι
2367 802 2866 874 κατεργασάμενος.
2895 802 3072 854 Ὥστε
3110 803 3143 854 ό
3179 797 3297 869 μὲν
3328 797 3514 867 νόμος
3541 795 3731 866 ἅγιος,

2138 899 2239 953 καὶ
2286 900 2324 968 ἠ
2375 895 2595 965 ἐντολὴ
2642 893 2750 948 τοῦ
2798 893 2947 949 Θεοῦ
2998 894 3158 963 ἁγία,
3203 891 3301 945 καὶ
3357 890 3588 954 δικαία,
3628 887 3731 943 καὶ

2138 990 2366 1062 ἀγαθή·
2400 991 2481 1043 ὅτι
2529 988 2604 1060 μὴ
2643 988 2735 1041 ἐπὶ
2778 986 2841 1040 τὸ
2886 984 3106 1056 βλάψαι,
3158 984 3272 1038 ἀλλ’
3321 983 3414 1036 ἐπὶ
3447 981 3509 1035 τὸ
3554 979 3731 1035 σῶσαι

2138 1082 2315 1155 ἐδόθη.
2353 1080 2447 1152 Μὴ
2493 1079 2603 1151 γάρ
2645 1076 2886 1150 οἰώμεθα
2935 1075 3207 1145 ἀνωφελές
3262 1092 3318 1129 τι
3367 1073 3402 1145 ἢ
3467 1072 3732 1145 βλαϐερὸν

2138 1177 2312 1228 ποιεῖν
2342 1173 2435 1227 τὸν
2466 1170 2618 1225 Θεὸν.
2651 1170 2695 1223 Τ
2702 1170 2717 1223 ί
2762 1165 2887 1236 οὗνς
2927 1168 2996 1223 Τὸ
3050 1166 3274 1237 ἀγαθὸν
3314 1165 3445 1236 ἐμοὶ
3489 1164 3729 1234 ἐγένετο

2138 1266 2429 1332 θάνατος;
2477 1263 2506 1317 ὃ
2547 1262 2640 1316 τοῦ
2690 1262 2948 1335 μεγίστου
2996 1278 3086 1331 μοι
3131 1259 3208 1323 ὼς
3257 1259 3425 1313 αἴτιον
3468 1256 3728 1327 ἐσόμενον

2137 1358 2367 1427 ἀγαθοῦ,
2413 1354 2759 1429 νομοθέτημα
2806 1353 3001 1426 ὲδόθη;
3052 1351 3150 1421 Μὴ
3191 1350 3464 1422 γένοιτο]
3493 1350 3613 1403 Ὅτι
3650 1348 3728 1423 μὴ

2137 1450 2172 1521 ἡ
2199 1448 2387 1522 ἐντολὴ
2418 1446 2513 1502 τοῦ
2542 1446 2678 1501 Θεοῦ
2709 1450 2788 1511 εἰς
2815 1446 2876 1500 τὸ
2905 1443 3380 1515 καταδουλωθῆναί
3416 1460 3483 1513 με
3511 1442 3729 1512 ἐγένετο

2136 1546 2204 1614 τῇ
2235 1542 2411 1615 φθορᾷ
2448 1541 2617 1605 αἰτία,
2640 1540 2753 1594 ἀλλ’
2791 1541 2821 1592 ὀ
2866 1538 3141 1601 διάϐολοςο
3196 1536 3282 1590 ἴνα
3316 1535 3600 1608 φανερωθῇ
3633 1532 3725 1589 διὰ

2136 1635 2230 1689 τοῦ
2258 1633 2463 1705 ἀγαθοῦ
2493 1634 2554 1687 τὸ
2577 1633 2748 1688 κακὸν
2781 1630 3196 1694 κατασκευάσας
3216 1646 3228 1659 ·
3263 1629 3349 1684 ἵνα
3376 1628 3601 1698 γένηται
3630 1628 3725 1683 καὶ

2137 1727 2365 1800 ἐλεγχθῇ
2424 1726 2546 1782 καθ’
2592 1724 2896 1797 ὑπερϐολὴν
2948 1726 2978 1778 ὁ
3024 1722 3251 1794 εὑρετὴς
3304 1721 3403 1792 τῆς
3449 1720 3725 1793 ἁμαρτιας

447 1828 545 1885 Dei
573 1826 887 1883 mandatum
913 1824 1045 1879 mihi
1066 1837 1235 1879 causa
1261 1821 1384 1885 fuit,
1413 1828 1472 1876 ut
1505 1818 1879 1889 corruptionis
1893 1817 2025 1888 jugo

2132 1818 2472 1890 ἁμαρτωλός.
2508 1816 2767 1887 Οἴδαμεν
2797 1815 2928 1885 γὰρ,
2960 1814 3049 1883 ὅτι
3078 1817 3111 1868 ό
3142 1814 3324 1883 νόμος
3367 1812 3500 1867 ἐστὶ
3540 1826 3725 1866 πνευ-

444 1922 816 1991 manciparer,
849 1915 947 1974 sed
974 1916 1227 1971 diabolus
1264 1912 1382 1985 (38)
1424 1932 1437 1967 :
1464 1921 1526 1967 ut
1561 1912 1740 1983 palam
1772 1911 2025 1982 prodere-

2132 1911 2405 1982 ματικόςο
2440 1911 2521 1963 διὸ
2548 1910 2643 1964 καὶ
2674 1908 2826 1962 οὐδὲν
2852 1906 3024 1970 αἴτιος
3055 1905 3260 1977 βλάϐης
3295 1903 3489 1959 οὐδενί.
3525 1904 3726 1976 Πόρῤω

447 2023 560 2078 tur,
590 2011 687 2083 qui
746 2025 844 2081 per
894 2008 1100 2064 bonum
1154 2005 1290 2061 mihi
1334 2011 1484 2061 esset
1513 2003 1738 2058 molitus
1782 2001 2023 2069 malum;

445 2104 709 2174 ﬁeretque
737 2109 791 2157 et
818 2100 1248 2157 convinceretur
1298 2096 1554 2152 inventor
1582 2092 1817 2165 peccati,
1858 2107 2026 2163 supra

445 2195 670 2251 modum
696 2199 974 2265 peccator.
997 2189 1210 2244 Scimus
1236 2186 1376 2241 enim
1428 2186 1558 2257 quia
1599 2184 1685 2239 lea:
1725 2182 2024 2254 spiritualis

443 2295 523 2341 est
540 2286 589 2317 ⁵⁷
626 2305 641 2341 :
669 2298 862 2355 eoque,
906 2281 1048 2336 nulli
1077 2280 1245 2336 ullius
1281 2277 1469 2333 damni
1504 2284 1594 2334 est
1626 2291 1815 2333 causa.
1847 2275 2024 2347 Spiri-

446 2377 613 2432 tualia
641 2376 809 2437 enim,
841 2372 1033 2443 procul
1083 2386 1114 2425 a
1174 2368 1475 2440 cupiditate
1503 2368 1678 2424 aliena
1720 2383 1751 2422 a
1789 2368 2024 2435 ratione,

446 2469 639 2541 procul
668 2483 700 2521 a
732 2475 959 2537 peccato
986 2463 1254 2518 habitant.
1281 2460 1394 2532 Ego
1422 2474 1597 2515 autem
1627 2460 1861 2514 carnalis
1883 2476 2023 2527 sum,

447 2557 793 2614 venumdatus
813 2556 907 2611 sub
943 2563 1178 2625 peccato.
1212 2552 1384 2620 Quasi
1412 2552 1660 2607 diceret:
1694 2549 1806 2622 Ego
1841 2560 2026 2605 autem

446 2651 686 2706 carnalis
721 2664 867 2714 sum,
893 2657 949 2702 et
977 2647 1033 2701 in
1056 2646 1187 2702 boni
1217 2644 1456 2715 malique
1479 2643 1742 2706 conﬁnio,
1777 2643 1926 2697 velut
1961 2642 2025 2696 li-

446 2743 561 2798 beri
586 2741 824 2805 arbitrii,
855 2738 1102 2811 positus;
1129 2747 1189 2793 ut
1215 2737 1271 2792 in
1321 2752 1442 2791 mea
1465 2738 1539 2791 sit
1568 2741 1859 2805 potestate,
1894 2733 2026 2805 quid

444 2834 605 2889 velim
640 2834 859 2904 eligere.
897 2831 1059 2885 Ροεαὶ
1083 2826 1464 2898 enim,in'quit,
1500 2836 1621 2881 ante
1649 2826 1841 2895 [aciem
1878 2836 2025 2881 tuam

444 2927 607 2979 vitam
638 2933 687 2977 et
717 2932 939 2977 mortem
963 2922 1030 2980 ⁸⁸.
1059 2921 1198 2976 Cum
1248 2920 1432 2990 itaque
1471 2918 1811 2982 annuissem,
1837 2926 1895 2973 ut
1923 2918 2026 2989 legi

445 3017 671 3087 quidem
706 3015 961 3086 spiritali,
1020 3014 1303 3078 mandato,
1343 3013 1590 3082 inquam,
1621 3027 1731 3066 non
1758 3010 2028 3080 obseque-

446 3122 572 3173 rer;
599 3107 933 3176 obsequerer
965 3120 1096 3161 vero
1125 3105 1229 3175 legi
1259 3103 1492 3168 carnali,
1542 3103 1812 3173 serpentis
1858 3101 2024 3157 nimi-

2130 2003 2240 2076 γὰρ
2269 2003 2564 2074 ἐπιθυμίας
2603 2003 2798 2072 ἀλόγου
2844 2001 2939 2056 καὶ
2990 2000 3264 2073 ἁμαρτίας
3312 2000 3611 2071 ἐσκήνηται
3655 1998 3726 2052 τὰ

2132 2096 2497 2168 πνευματικά.
2543 2095 2691 2165 Ἐγὼ
2729 2094 2797 2148 δὲ
2838 2095 3126 2163 σάρκινός
3175 2094 3314 2162 ειμι,
3344 2089 3725 2160 πεπραμένος

2130 2189 2251 2244 ὐπὸ
2280 2190 2395 2258 τὴν
2426 2190 2740 2260 ἁμαρτίαν.
2775 2182 2930 2243 Οἷον·
2971 2186 3111 2256 Ἐγὼ
3141 2184 3197 2240 δὲ
3228 2186 3480 2258 σάρκινος
3509 2184 3605 2250 ὣν,
3625 2184 3726 2238 καὶ

2132 2279 2191 2334 ὲν
2242 2280 2392 2353 μέσῳ
2426 2273 2524 2334 τοῦ
2572 2279 2777 2350 ἀγαθοῦ
2830 2281 2925 2335 καὶ
2974 2278 3214 2350 πονηροῦ
3248 2276 3614 2341 κατασταθεὶς
3646 2276 3724 2339 ὡς

2132 2371 2500 2441 αὑτεξούσιος,
2530 2373 2617 2426 ἵνα
2647 2373 2734 2425 ἐπ’
2766 2373 2890 2442 ἐμοὶ
2927 2371 3142 2425 ἑλέσθαι
3166 2370 3194 2424 ὃ
3243 2368 3502 2440 βούλομαι
3630 2368 3725 2423 Τέ-

2133 2469 2299 2520 θεικα
2328 2465 2439 2535 γὰρ
2470 2465 2583 2534 πρὸ
2612 2464 2936 2533 προσώπου
2963 2480 3102 2528 σου,
3126 2464 3279 2535 φησὶ,
3304 2462 3419 2531 τὴν
3447 2461 3599 2532 ζωὴν
3622 2461 3721 2516 καὶ

2130 2560 2239 2612 τὸν
2279 2557 2555 2612 θάνατον.
2596 2556 2813 2621 Νεύσας
2835 2556 2968 2629 πρὸς
3016 2556 3077 2610 τὸ
3111 2553 3453 2628 παρακοῦσαι
3495 2554 3593 2625 μὲν
3626 2551 3722 2608 τοῦ

2133 2649 2505 2721 πνευματικοῦ
2532 2648 2696 2720 νόμου
2722 2665 2737 2679 ο
2783 2642 2873 2701 οἶα
2914 2647 3015 2717 τῆς
3041 2646 3260 2715 ἐντολῆς
3283 2663 3296 2677 ’
3329 2645 3631 2700 ἐπακοῦσαι
3664 2644 3724 2699 δὲ

2130 2740 2226 2795 τοῦ
2263 2740 2476 2795 ὑλικοῦ·
2525 2725 2734 2794 οἷα’τοῦ
2767 2740 2947 2811 ὄφεως
2973 2739 3071 2809 τῆς
3103 2738 3464 2809 συμϐουλίας’
3499 2737 3723 2807 πέπρα-

2127 2850 2235 2904 μαι
2264 2833 2352 2887 διὰ
2382 2832 2481 2905 τὴν
2508 2835 2762 2905 τοιαύτην
2787 2833 3020 2904 αἵρεσιν,
3052 2830 3235 2885 πεσὼν
3270 2830 3374 2885 ὑπὸ
3418 2830 3519 2903 τὴν
3541 2831 3725 2902 ἁμαρ-

2133 2926 2274 2989 τίαν,
2296 2924 2376 2996 τῷ
2401 2924 2652 2996 διαϐόλῳ.
2675 2925 2837 2979 Ὅθεν
2874 2923 3123 2978 ἐντεῦθεν
3161 2922 3527 2994 πολιορκῆσάν
3565 2939 3631 2994 με
3660 2921 3724 2975 τὸ

2132 3018 2303 3073 κακὸν
2332 3017 2565 3083 ὲνιζάνει
2596 3018 2688 3071 καὶ
2716 3016 3131 3087 ὲμπολιτεύεται
3165 3015 3488 3068 εἰσοικὶσθαι
3519 3014 3633 3085 (59)
3664 3015 3724 3067 ὲν

2132 3112 2198 3181 τῇ
2253 3110 2416 3181 σαρκί
2471 3125 2596 3179 μου,
2641 3108 2798 3179 δίκης
2835 3108 3143 3179 ὲντεθείσης
3198 3124 3309 3176 μοι,
3357 3108 3456 3179 τὴν
3499 3106 3723 3177 ἐντολὴν

446 3215 569 3255 rum
603 3199 854 3270 consilio,
870 3208 1090 3269 propter
1133 3197 1404 3267 eiusmodi
1464 3197 1789 3252 electionem
1832 3198 2022 3267 lapsus

2132 3200 2472 3272 άθετήσαντι,
2499 3201 2773 3272 πραθῆναι
2801 3199 2879 3272 τῷ
2904 3200 3075 3270 κακῷ.
3112 3200 3202 3253 Διὸ
3228 3201 3421 3264 καὶτὸ,
3452 3204 3533 3256 Οὐ
3558 3200 3728 3271 τινώ-

446 3295 502 3349 in
532 3301 839 3364 peccatum,
872 3290 1090 3347 diabolo
1108 3292 1453 3347 venumdatus
1477 3306 1616 3345 sum.
1653 3289 1793 3344 Hinc
1823 3290 2025 3344 iualum

445 3387 595 3440 velut
642 3384 926 3457 obsidens,
977 3385 1113 3439 mihi
1161 3385 1513 3449 adhaerescit,
1569 3391 1734 3455 atque
1774 3383 1829 3438 in
1861 3399 2028 3440 carne

444 3493 563 3532 mea
600 3484 859 3547 tanquam
894 3478 951 3532 in
979 3476 1142 3533 domo
1175 3478 1418 3543 habitat;
1453 3478 1558 3532 hac
1586 3478 1773 3531 violati
1823 3492 2026 3547 praece-

445 3571 524 3641 pti
571 3572 743 3625 multa
800 3570 1074 3640 imposita,
1125 3570 1205 3625 uti
1255 3570 1400 3639 malo
1445 3569 1732 3624 venderer.
1789 3566 1947 3625 Unde
1975 3579 2030 3625 et

447 3661 593 3731 quod
622 3662 859 3716 dicitur:
894 3659 1017 3715 Non
1050 3678 1303 3733 cognosco
1326 3660 1464 3733 quod
1488 3677 1710 3730 operor:
1735 3668 1790 3717 et
1824 3678 1839 3715 :
1875 3660 2029 3728 Quod

448 3753 537 3807 odi
569 3752 709 3821 facio
737 3751 783 3783 "
819 3770 834 3805 :
865 3767 979 3807 non
1013 3753 1094 3806 sic
1148 3752 1322 3823 accipi
1355 3752 1536 3816 debet,
1572 3752 1730 3823 quasi
1761 3752 1831 3807 de
1885 3752 2030 3807 malo

445 3859 612 3915 opere
643 3844 997 3913 intelligatur,
1020 3842 1116 3899 sed
1144 3843 1428 3898 dumtaxat
1451 3843 1518 3899 de
1538 3844 1890 3915 cogitatione.
1907 3842 2026 3900 Non

446 3936 591 3991 enim
623 3939 680 3991 in
708 3944 899 3992 nostra
931 3946 1016 3991 est
1044 3943 1330 4006 potestate,
1363 3943 1425 3990 ut
1451 3936 1758 4007 cogitemus
1799 3936 1883 3991 vel
1917 3951 2029 3991 non

446 4029 747 4100 cogitemus
774 4030 1001 4096 absona,
1038 4028 1134 4085 sed
1197 4040 1255 4084 ut
1285 4034 1506 4083 utamur
1549 4029 1634 4084 vel
1662 4043 1770 4084 non
1801 4036 2026 4085 utamur

447 4118 719 4189 cogitatis.
745 4117 907 4186 Nam,
959 4135 1029 4176 ne
1075 4118 1236 4175 nobis
1295 4118 1610 4174 istiusmodi
1662 4119 2025 4189 cogitationes

328 4226 331 4229 ·
447 4212 882 4281 obrepant,qu2e
934 4210 1202 4282 probandi
1255 4206 1431 4266 nostri
1482 4225 1649 4268 causa
1690 4211 2025 4269 intrinsecus

448 4302 839 4365 immittuntur,
870 4302 1161 4372 prohibere
1190 4317 1298 4358 non
1339 4316 1670 4372 possumus;
1702 4319 1811 4358 non
1834 4318 2028 4359 assen-

448 4393 538 4448 tiri
560 4402 614 4448 et
639 4409 747 4448 non
795 4394 898 4458 uti,
956 4409 1270 4465 possumus.
1303 4393 1595 4460 Quocirca,
1651 4396 1923 4467 ejusmodi
1955 4411 2025 4452 ne

2129 3309 2257 3347 σκω
2288 3292 2321 3346 ὁ
2357 3291 2776 3362 κατεργάζομαι
2796 3309 2810 3322 ·
2862 3293 2977 3356 καὶ,
3011 3290 3163 3345 Ποιώ
3216 3290 3248 3345 ὃ
3279 3291 3458 3360 μισῶ,
3492 3291 3724 3364 λεγόμε-

2129 3402 2247 3441 νονο
2295 3386 2396 3438 οὐκ
2449 3386 2543 3438 ἐπὶ
2593 3385 2687 3438 τοῦ
2731 3385 2923 3457 δρᾶσαι
2970 3384 3031 3437 τὸ
3076 3382 3275 3453 φαῦλον
3316 3384 3723 3457 παραληπτέον,

2128 3479 2243 3531 ἀλλ’
2276 3480 2370 3532 ἐπὶ
2405 3478 2501 3531 τοῦ
2545 3478 2706 3550 μόνον
2748 3476 3136 3548 ἐνθυμηθῆναι.
3184 3477 3259 3529 Οὐ
3308 3477 3416 3548 γὰρ
3458 3476 3543 3546 ἐφ’
3590 3478 3724 3547 ἡμῖν

2128 3571 2190 3625 τὸ
2222 3570 2646 3643 ὲνθυμεῖσθαι,ἢ
2683 3570 2758 3643 μὴ
2797 3568 3166 3642 ἐνθυμεῖσθαι,
3208 3572 3383 3622 κεῖται
3416 3567 3487 3622 τὰ
3523 3568 3721 3633 ἄτοπα,

2136 3663 2274 3719 ἀλλὰ
2302 3665 2363 3718 τὸ
2383 3664 2620 3737 χρῆσθαι
2648 3664 2681 3736 ἢ
2715 3664 2789 3736 μὴ
2812 3664 3048 3736 χρῆσθαι
3070 3666 3179 3727 τοῖς
3212 3662 3577 3735 ἐνθυμήμασι.
3604 3663 3727 3717 Κω-

2135 3755 2296 3814 λῦσαι
2342 3757 2439 3828 μὲν
2467 3757 2574 3827 γὰρ
2604 3755 2823 3810 πίπτειν
2869 3758 2953 3819 εἰς
2992 3757 3142 3827 ἡμᾶς
3183 3756 3309 3819 τοὺς
3342 3754 3632 3825 λογισμοὺς
3658 3756 3722 3807 οὺ

2134 3846 2440 3919 δυνάμεθα,
2486 3847 2931 3921 προσδεχομένων
2978 3845 3089 3917 (40)
3140 3844 3296 3917 ἡμῶν
3353 3844 3551 3908 ἔξωθεν
3605 3845 3722 3898 ela-

2137 3938 2497 4008 πνεομένους·
2532 3938 2607 4009 μὴ
2641 3936 2931 4007 πεισθῆναι
2962 3936 3165 4006 μέντοι,
3193 3935 3225 4006 ἢ
3266 3935 3340 4006 μὴ
3367 3935 3603 4007 χρῆσθαι
3630 3934 3722 3989 δυ-

2129 4027 2361 4098 νάμεθα.
2391 4029 2484 4081 Διὸ
2513 4029 2573 4081 τὸ
2607 4028 2706 4098 μὲν
2734 4028 2908 4081 θέλειν
2937 4026 3077 4080 αὐτὰ
3112 4026 3186 4098 μὴ
3213 4026 3580 4100 ἐνθυμηθῆναι
3611 4045 3718 4081 παι

2135 4120 2398 4193 ράκειται·
2420 4120 2481 4173 τὸ
2499 4120 2553 4174 δὲ
2573 4118 3013 4191 κατεργάσασθαι
3034 4121 3114 4184 εἰς
3136 4119 3198 4174 τὸ
3224 4120 3502 4190 ἀφανίσαι,
3534 4122 3621 4174 ἴνα
3645 4120 3722 4191 μὴ

2131 4205 2287 4273 αὖθις
2312 4210 2441 4282 περ),
2453 4208 2546 4263 τὸν
2574 4208 2834 4281 λογισμὸν
2847 4210 3171 4276 άνέλθωσιν,
3196 4209 3258 4265 οὔ
3282 4227 3298 4241 ’
3326 4213 3408 4264 ὅτι
3441 4211 3515 4284 μὴ
3542 4215 3721 4266 κεῖται

2130 4300 2289 4355 τοῦτο
2309 4303 2394 4372 ὲφ⁸
2410 4303 2562 4373 ἡμῖν,
2582 4300 2657 4365 ὡς
2681 4287 2927 4370 ἔφηνοῶς
2953 4298 3089 4357 εἶναι
3106 4303 3198 4357 τὸν
3220 4302 3345 4357 νοῦν
3365 4304 3603 4359 τοιοῦτον
3626 4304 3722 4358 τοῦ

2137 4394 2328 4467 ρητοῦ⁶
2368 4398 2450 4449 Οὐ
2489 4399 2601 4464 γὰρ
2638 4394 2670 4448 ὃ
2708 4394 2883 4459 θέλω,
2933 4393 3079 4449 ποιῶ
3126 4396 3379 4467 ἀγαθόν·
3436 4395 3575 4450 θέλω
3610 4397 3723 4468 γάρ

444 4484 690 4567 cogitare
744 4484 964 4554 quidem
1024 4485 1180 4551 velle,
1223 4496 1425 4541 nostrae
1476 4495 1563 4542 est
1600 4489 1890 4558 potestatis
1924 4507 1937 4543 :
1971 4488 2025 4544 id

2138 4486 2214 4559 μὴ
2234 4484 2581 4558 ἐνθυμεῖσθαι
2612 4487 2647 4542 ἃ
2677 4486 2900 4557 βλάπτει
2930 4505 3016 4561 με.
3058 4490 3275 4561 Ἐπειδὴ
3299 4488 3457 4544 τοῦτο
3484 4490 3545 4544 τὸ
3586 4490 3724 4559 ἁγα-

430 4574 628 4654 ξιιιιοιῐι
685 4577 904 4647 assequi
938 4583 996 4630 ut
1025 4578 1243 4646 penitus
1273 4578 1694 4649 exstinguantur
1729 4594 1905 4649 neque
1935 4595 2028 4634 no-

444 4668 532 4726 bis
554 4668 786 4739 amplius
806 4682 1120 4734 occurrant,
1145 4670 1388 4725 minime.
1420 4669 1578 4737 Nam,
1611 4678 1669 4725 ut
1700 4671 1832 4742 dixi,
1852 4672 2026 4728 haud-

513 4823 718 4879 "Rom.
748 4840 846 4887 vn,
877 4824 963 4878 12.
1040 4825 1087 4857 ⁸⁸
1115 4824 1245 4881 ibid.
1281 4826 1365 4881 15.

1457 4826 1502 4859 ³⁷
1538 4827 1666 4881 ibid.
1717 4830 1799 4888 14.
1898 4831 1945 4863 ⁸⁸
1975 4829 2142 4885 Eccti.
2177 4846 2268 4895 tr,
2298 4829 2398 4896 l8;
2430 4828 2544 4886 Jer.
2579 4843 2697 4894 nl,
2736 4831 2790 4891 8.

2135 4578 2228 4632 θὸν
2252 4579 2612 4650 πανάμωμον.
2634 4581 2744 4634 Καὶ
2770 4578 2945 4634 τοῦτο
2965 4579 3102 4651 μὲν,
3133 4580 3165 4635 ὃ
3199 4580 3352 4637 θέλω
3384 4582 3627 4653 ἀγαθὸν,
3646 4583 3721 4635 οὐ

2121 4671 2317 4727 οποιιῖι·
2369 4670 2401 4725 ὃ
2451 4671 2519 4725 δὲ
2551 4672 2638 4742 μὴ
2679 4674 2850 4738 θέλω,
2888 4674 3142 4743 πράσσω
3186 4676 3404 4730 κακόν·
3444 4678 3506 4730 οὐ
3550 4675 3721 4730 θέλων

2893 4835 2940 4867 ⁸³
2976 4837 3125 4891 Rom.
3160 4850 3257 4897 vn,
3287 4834 3374 4889 l5.

517 5012 633 5085 (58)
663 5012 767 5069 Sed
779 5014 1056 5094 diabolus.
1087 5014 1258 5094 Quem
1283 5016 1484 5094 ubique
1504 5016 1823 5094 dicit_Pauli
1878 5018 2015 5094 illud
2123 5021 2301 5078 lenter
2334 5032 2589 5094 peccator
2622 5042 2636 5078 :
2674 5039 2769 5079 seu
2804 5024 3076 5094 maximus
3104 5030 3379 5094 peccator.
3403 5019 3561 5094 Apud
3591 5018 3718 5094 Epit

444 5083 740 5161 peccatum.
778 5083 873 5140 Est
922 5088 1273 5161 paraplirasis
1326 5083 1473 5142 velut
1517 5091 1796 5161 continua,
1832 5092 2018 5161 sequi-

447 5152 642 5228 turque
667 5152 1371 5228 ,Graacam'punctationem,
1407 5172 1515 5228 qua
1545 5160 1707 5213 verba
1738 5152 1851 5223 illa,
1883 5152 2021 5214 αλλὰ

443 5226 479 5296 ή
520 5227 784 5299 ἁμαρτία,
818 5224 1129 5299 referuntur
1158 5230 1224 5282 ad
1254 5224 1440 5299 priora
1479 5247 1493 5282 :
1526 5228 1709 5299 Latini
1716 5238 1916 5299 _autem
1950 5231 2019 5285 ad

446 5295 729 5369 sequentia
760 5295 1023 5369 referunt,
1044 5314 1208 5353 sensu
1232 5295 1343 5353 non
1369 5300 1440 5351 ita
1465 5299 1646 5368 plano.
1690 5297 1816 5353 Vult
1867 5314 2016 5369 ergo,

446 5378 556 5446 non
587 5365 779 5446 legem,
817 5368 910 5422 sed
946 5378 1231 5446 peccatum
1265 5365 1558 5446 occasione
1601 5370 1754 5437 legis,
1788 5365 2018 5446 mortem

447 5434 753 5515 induxisse,
776 5507 789 5515 _
812 5446 870 5515 ut
903 5434 1227 5515 ostendatur
1267 5434 1735 5515 convincatur-que
1781 5440 2017 5494 maxima

449 5507 570 5579 ejus
602 5507 915 5579 improbitas
947 5518 1000 5563 et
1043 5511 1277 5576 malitia;
1339 5511 1485 5579 quod
1522 5507 1722 5563 malum
1780 5518 2016 5573 tantum,

450 5573 718 5649 honoillb
756 5579 1137 5649 conciliaverit
1192 5595 1206 5631 :
1254 5573 1580 5649 egregieque
1630 5580 1865 5649 quadrat
1904 5579 2019 5633 Me-

451 5644 722 5720 thodianae
755 5646 809 5698 in
838 5647 1136 5720 diabolum,
1167 5644 1316 5703 τρῖϐ’
1351 5644 1662 5719 γενόμενον“
1690 5649 1813 5703 καθ’
1850 5651 2021 5720 ὑπερ-

448 5711 612 5783 ϐολὴν
662 5713 1021 5789 ἁμαρτωλὸν·
1054 5716 1281 5789 Paulina
1319 5711 1534 5789 phrasis
1567 5738 1579 5771 :
1613 5719 1715 5787 Qui
1751 5721 1823 5774 sit
1845 5711 2021 5775 factus

448 5797 543 5837 seu
578 5790 837 5838 ostensus
858 5802 923 5840 eo
960 5788 1133 5842 abusu
1172 5788 1405 5854 bonique
1442 5790 1809 5856 penei-sione,
1844 5790 2023 5845 excel-

2127 5090 2388 5163 phaniuin
2411 5101 2591 5149 tamen
2617 5111 2669 5148 ιι.
2695 5095 2764 5149 56
2787 5094 3021 5150 habetur
3045 5090 3237 5147 Latina
3260 5090 3545 5163 punctatio
3580 5107 3593 5143 :
3618 5090 3718 5148 sed

2130 5161 2309 5234 potest
2335 5164 2526 5220 vitiosa
2553 5179 2696 5226 esse,
2729 5180 2839 5220 non
2873 5166 3054 5219 minus
3090 5178 3251 5234 quam
3276 5162 3337 5215 τὸ
3362 5161 3560 5226 αἰτίας,
3596 5163 3718 5217 ἀντὶ

2127 5232 2244 5298 τοῦ,
2275 5236 2444 5298 αἰτία,
2503 5236 2649 5304 quod
2699 5235 3011 5290 immediate
3043 5232 3301 5304 praecedit
3336 5248 3349 5283 :
3380 5242 3719 5302 possemque

2128 5306 2241 5358 illic
2277 5307 2432 5376 plura
2478 5302 2692 5376 restitui
2727 5322 2795 5361 ex
2836 5302 3418 5376 nostrisAPbotianis;
3465 5311 3618 5376 puta,
3660 5319 3715 5358 ιι.

2126 5376 2216 5435 55.
2270 5372 2459 5440 initio,
2512 5375 2731 5447 ῐδωμεν,
2766 5377 2890 5431 ἀντὶ
2922 5374 3040 5440 τοῦ,
3072 5372 3240 5444 ῐωμεν
3266 5393 3279 5405 ·
3329 5373 3714 5444 ὲνεκίσσησαν,

2125 5447 2246 5500 ἀντὶ
2267 5446 2361 5500 τοῦ
2385 5446 2732 5518 ὲνεκίσσησα.

2199 5518 2314 5589 (59)
2345 5511 2742 5571 Electae/abut.
2777 5514 2970 5588 Epiph.
3006 5515 3137 5570 liter.
3165 5529 3310 5577 inv,
3335 5530 3489 5569 num.
3518 5511 3587 5568 56
3611 5512 3716 5567 sub

2131 5585 2313 5649 linem,
2344 5590 2725 5641 εἰσοικείσθαι.

2171 5658 2312 5780 ἀρ)
2344 5656 2872 5782 Πρὲίςδεχομένων.
2907 5656 3051 5727 Lego
3078 5657 3212 5727 πρὸς
3241 5657 3471 5727 δοκιμήν
3495 5669 3562 5710 ex
3583 5650 3716 5724 Epi-

2188 5743 2333 5782 ianio
2355 5744 2403 5781 ιι.
2513 5768 2527 5781 .

2131 5743 2333 5799 pnamo
2355 5744 2403 5781 ιι.
2438 5743 2527 5782 οι.
