4150 6456
528 276 629 333 361

1619 276 1708 329 EX
1751 275 1952 330 LIBRO
1990 276 2078 329 DE
2114 275 2704 332 RESURRECTiONE.

3664 278 3766 333 Sil"!

528 392 843 450 ἐννοεῖσθαι.
871 395 964 447 καὶ
993 393 1355 469 ἐννοούμενος,
1386 394 1420 448 ἃ
1461 395 1535 466 μὴ
1568 394 1724 448 θέλω.
1746 396 1855 449 Καὶ
1881 396 2101 449 ἐπισκέ-

2207 411 2478 466 quaquam
2535 396 2589 450 id
2620 395 2855 467 positum
2905 403 2989 450 est
3020 395 3074 449 in
3126 402 3313 450 nostra
3354 393 3613 448 facultate
3644 411 3656 422 ·
3709 406 3769 447 ut

525 486 727 556 ψασθαι
761 484 891 556 (Η),
919 487 966 539 εἰ
996 486 1070 557 μὴ
1102 485 1189 539 διὰ
1213 486 1385 538 ταῦτα
1417 485 1555 539 αὐτὰ
1596 488 1688 539 καὶ
1718 488 1747 540 ὁ
1785 486 1947 540 Δαυῖδ
1982 489 2098 540 ἐνε-

522 577 755 648 τύγχανε
776 578 853 647 τῷ
878 576 1015 647 θεῷ,
1053 576 1415 648 δυσχεραίνων
1445 578 1536 630 ἐπὶ
1563 576 1642 648 τῷ
1661 576 1968 646 λογίζεσθαι
2001 579 2096 632 καὶ

523 667 705 729 αὐτὸν,
728 669 762 723 ἃ
798 667 870 739 μὴ
896 667 1111 739 ἤθελεν·
1150 668 1280 722 Ἀπὸ
1320 667 1439 720 τῶν
1469 670 1733 737 κρυφίων
1759 687 1880 739 μου
1911 670 2092 725 καθά-

518 761 696 829 ρισόν
720 776 816 828 με,
849 760 943 812 καὶ
988 758 1106 814 ἀπὸ
1143 758 1479 825 ἀλλοτρίων
1497 759 1697 829 φεῖσαι
1734 759 1840 814 τοῦ
1869 761 2092 816 δούλου

522 868 659 906 σου.
691 851 824 904 Ἐὰν
854 850 938 920 μή
972 868 1090 920 μου
1128 852 1657 918 κατακυριεύσωσι,
1693 852 1826 906 τότε
1861 851 2096 921 ἄμωμος

522 943 754 1018 ἔσομαι,
793 944 887 997 καὶ
923 941 1429 1012 καθαρισθήσομαι
1460 943 1578 998 ἀπὸ
1609 944 1896 1013 ἁμαρτίας
1918 944 2099 1014 μεγά-

520 1038 656 1102 λης.
692 1035 801 1087 Καὶ
832 1035 995 1097 αὐτὸς
1036 1033 1093 1087 δὲ
1129 1035 1158 1086 ὁ
1203 1034 1520 1099 Ἀπόστολος
1541 1037 1599 1088 ὲν
1621 1036 1783 1108 ἑτέρᾳ
1810 1037 1921 1108 (42)
1942 1054 1957 1068 '
1987 1042 2099 1092 Λο-

522 1127 773 1199 τισμοὺς
797 1126 1236 1195 καθαιροῦντες,
1265 1126 1361 1180 καὶ
1390 1125 1514 1181 πᾶν
1546 1128 1763 1197 ὕψωμα
1794 1129 2099 1198 ἐπαιρόμε-

522 1237 633 1273 νον
670 1219 819 1272 κατὰ
854 1216 961 1286 τῆς
993 1217 1267 1287 γνώσεως
1301 1218 1406 1272 τοῦ
1450 1218 1628 1273 Θεοῦο
1670 1220 1768 1273 καὶ
1801 1222 2100 1289 αἰχμαλω-

522 1310 777 1378 τίζοντες
813 1309 936 1365 πᾶν
972 1310 1167 1378 νόημα
1210 1312 1300 1377 εἰς
1341 1308 1456 1379 τὴν
1486 1311 1768 1381 ὑπακοὴν
1812 1313 1919 1367 τοῦ
1962 1316 2098 1381 Χρι-

523 1416 674 1456 στου

2200 489 2314 544 haec
2337 489 2574 544 sitillius
2606 488 2709 542 loci
2760 491 3051 552 sententia,
3108 486 3233 542 Non
3281 488 3419 541 enim
3454 486 3592 558 quod
3615 476 3763 549 uoto,

2201 581 2339 650 facio
2374 580 2583 635 bonum.
2611 578 2746 634 Volo
2775 580 2919 634 enim
2945 580 3166 635 minime
3196 580 3452 650 cogitare,
3489 593 3609 649 qua:
3633 578 3767 632 mihi

2199 679 2453 725 noceant.
2479 669 2613 724 Nam
2647 678 2731 726 est
2761 671 2864 726 hoc
2892 672 3090 725 bonum
3130 685 3392 741 perquam
3423 669 3770 738 irrepreben-

2200 763 2359 817 sibile
2388 770 2443 816 et
2489 778 2685 831 purum
2745 763 2883 836 (45).
2920 762 3208 823 Caeterum,
3242 764 3435 814 bonum
3466 760 3603 814 illud
3629 759 3767 830 quod

2201 852 2338 918 volo,
2366 869 2472 906 non
2503 852 2675 921 facio;
2708 854 2847 924 quod
2870 860 3045 906 autem
3105 851 3247 913 nolo,
3283 867 3380 920 ago
3403 850 3602 904 malum
3622 867 3640 903 :
3674 848 3768 918 qui

2202 945 2484 1011 nimirum,
2541 946 2707 999 uolim
2760 946 3022 1017 cogitare,
3076 952 3131 1000 et
3159 944 3414 1014 cogitem,
3467 958 3588 1013 quae
3619 943 3767 998 nolo.

2200 1035 2377 1106 Atque
2431 1036 2564 1091 illud
2603 1051 2787 1107 quaeso
2818 1036 3019 1101 videte,
3056 1051 3187 1090 num
3224 1034 3470 1089 eamdem
3520 1034 3592 1088 ob
3638 1048 3771 1087 cau-

2201 1147 2316 1186 sam
2359 1132 2527 1187 David
2554 1131 2664 1187 Deo
2716 1133 3064 1203 supplicaret,
3096 1144 3237 1201 aegre
3297 1128 3499 1193 ferens,
3540 1125 3687 1197 quod
3716 1134 3771 1182 et

2200 1223 2319 1293 ipse
2367 1224 2630 1294 cogitaret
2656 1238 2779 1293 quae
2822 1225 3003 1277 minus
3037 1222 3234 1277 vellet:
3288 1217 3368 1273 Ab
3421 1219 3662 1280 occultis,
3686 1216 3772 1269 in-

2203 1315 2342 1385 quit,
2368 1318 2493 1369 meis
2527 1315 2723 1370 munda
2751 1330 2849 1375 me,
2897 1322 2948 1368 et
2998 1313 3061 1365 ab
3087 1312 3274 1365 alienis
3298 1327 3455 1380 parce
3483 1326 3628 1364 servo
3657 1317 3765 1363 tuo.

2209 1406 2269 1462 Si
2292 1408 2393 1462 mei
2423 1425 2528 1463 non
2571 1408 2767 1477 fuerint
2798 1405 3079 1468 dominati,
3106 1418 3228 1457 tunc
3259 1402 3632 1455 immaculatus
3656 1416 3768 1461 ero,

522 1509 574 1553 et
594 1496 919 1553 emundabor
948 1516 980 1552 a
1023 1507 1235 1568 peccato
1274 1515 1462 1570 magno
1490 1500 1559 1556 ⁸⁸.
1592 1498 1698 1556 Sed
1720 1510 1781 1556 et
1828 1500 2124 1572 Apostolus
2154 1502 2211 1558 in
2246 1506 2490 1575 Epistula
2529 1507 2633 1559 alia
2657 1505 2701 1535 “
2738 1522 2751 1558 :
2782 1501 3137 1573 Cogitationes
3160 1499 3509 1561 destruentes,
3561 1504 3610 1549 et
3659 1511 3772 1548 om-

522 1609 642 1649 nem
671 1593 1005 1649 altitudinem
1050 1594 1381 1650 extollentem
1423 1612 1479 1650 se
1525 1595 1778 1653 adversus
1814 1577 2088 1653 scientiam
2120 1597 2221 1654 Dei
2235 1611 2322 1665 ,et
2361 1602 2415 1654 in
2440 1602 2797 1669 captivitatem
2840 1597 3130 1666 redigentes
3189 1610 3395 1648 omnem
3452 1589 3774 1645 intellectam

523 1690 581 1744 in
600 1689 902 1762 obsequium
926 1690 1144 1746 Christi.

598 1783 673 1838 B'.
713 1784 776 1836 Εἰ
797 1782 855 1836 δέ
887 1800 971 1846 τις
999 1783 1169 1855 ὁμόσε
1197 1781 1275 1855 τῷ
1300 1783 1444 1855 λόγῳ
1476 1784 1613 1838 ἱέναι
1643 1784 1858 1857 τολμῶν
1878 1785 2105 1857 ἀποκρξο

2272 1780 2338 1836 ll.
2373 1779 2528 1847 Quod
2553 1780 2599 1835 si
2633 1778 2779 1849 quis,
2812 1777 2899 1834 his
2939 1777 3099 1833 dictis
3154 1775 3417 1847 refragari
3463 1791 3650 1837 ausus,
3683 1776 3777 1830 ob'

524 1892 686 1939 νοιτο,
720 1875 794 1938 ὡς
819 1875 925 1947 ἄρα
952 1874 1192 1929 διδάσκει
1221 1877 1250 1931 ὁ
1294 1877 1634 1941 Ἀπόστολος,
1671 1878 1747 1941 ὼς
1774 1877 1834 1931 οὐ
1864 1878 2020 1948 μόνον
2044 1879 2103 1930 ἐν

525 1967 603 2037 τῷ
628 1966 934 2036 λογίζεσθαι
967 1967 1029 2020 τὸ
1061 1966 1230 2021 κακὸν
1260 1967 1550 2039 μισοῦμεν,
1587 1969 1680 2022 καὶ
1707 1966 1736 2020 ὃ
1758 1968 1822 2020 οὺ
1856 1966 2101 2036 θέλομεν,

528 2057 839 2128 πράττομεν
858 2074 872 2087 ο
901 2056 1036 2110 ἀλλὰ
1067 2056 1161 2110 καὶ
1190 2059 1247 2110 ἐν
1279 2055 1358 2127 τῷ
1378 2055 1814 2128 κατεργάζεσθαι
1841 2055 1992 2117 αὐτὸ,
2017 2053 2106 2107 διὰ

524 2146 619 2198 τό*
687 2147 768 2199 οὐ
824 2144 934 2215 γὰρ
987 2144 1019 2198 ὃ
1069 2144 1240 2207 θέλω,
1293 2144 1442 2198 ποιῶ
1504 2144 1747 2215 ἀγαθὸν,
1814 2143 2099 2214 λελέχθαι’

524 2237 662 2291 ἀλλ’
713 2236 745 2289 ὃ
798 2238 872 2291 οὐ
914 2235 1066 2291 θέλω
1113 2237 1323 2301 κακὸν,
1366 2237 1539 2291 τοῦτο
1595 2236 1850 2304 πράσσω
1871 2253 1884 2266 ·
1943 2233 2106 2300 ἀξιώ-

528 2328 710 2399 σωμέν
731 2346 833 2381 που
857 2329 904 2382 εἰ
932 2328 1106 2399 ἀληθῆ
1137 2328 1247 2397 (45)
1275 2328 1473 2397 λέγειό
1500 2327 1675 2382 ταῦτα
1703 2328 1899 2396 λέγων,
1926 2327 2106 2380 διασα-

527 2419 728 2488 φῆσαι·
766 2418 830 2471 Τί
872 2414 940 2489 ἦν
982 2418 1045 2471 τὸ
1089 2417 1279 2480 κακὸν,
1303 2417 1332 2470 ὃ
1360 2417 1537 2488 ἐμίσει
1573 2418 1670 2488 μὲν
1694 2420 1722 2470 ὁ
1762 2416 2101 2482 Ἀπόστολος,

526 2513 621 2565 καὶ
647 2511 746 2564 οὐκ
777 2509 1031 2563 ἐϐούλετο
1063 2512 1259 2574 ποιεῖν,
1294 2510 1466 2563 ἐποίει
1493 2508 1549 2561 δέ
1568 2525 1582 2539 ·
1617 2509 1711 2561 καὶ
1756 2509 1819 2562 τὸ
1845 2508 2045 2576 ἀγαθὸν
2075 2508 2104 2562 ὃ

527 2602 773 2656 ἐϐούλετο
824 2607 920 2673 μὲν
955 2604 1145 2666 ποιεῖν,
1188 2602 1289 2655 οὐκ
1332 2601 1502 2654 ἐποίει
1534 2601 1625 2654 δέο
1680 2600 1794 2654 ἀλλ’
1825 2600 2105 2673 ἀντιστρό-

526 2710 640 2762 φως
662 2711 677 2724 ·
710 2694 897 2757 ὁσάκις
933 2694 1031 2762 μὲν
1058 2692 1214 2764 ἤθελε
1248 2692 1471 2762 ποιῆσαι
1496 2692 1559 2746 τὸ
1583 2691 1806 2761 ἀγαθὸν,
1841 2692 2106 2745 τοσαυτά-

526 2804 613 2852 κις
634 2785 696 2839 οὐ
726 2784 789 2837 τὸ
813 2784 1035 2853 ἀγαθὸν,
1061 2784 1089 2838 ὃ
1113 2783 1324 2856 ἤθελεν,
1358 2785 1564 2838 ἐποίει·
1590 2782 1727 2838 ἀλλὰ
1757 2783 1817 2836 τὸ
1842 2782 2100 2854 πονηρὸν,

524 2871 555 2925 ὂ
588 2871 662 2943 μὴ
695 2870 906 2942 ἤθελεν,
939 2872 1146 2936 ἐποίει;
1181 2871 1303 2936 Πῶς
1331 2872 1387 2924 δὲ
1417 2873 1510 2927 καὶ
1549 2873 1720 2944 ἡμᾶς,
1752 2874 1834 2935 εἰς
1869 2872 1929 2925 τὸ
1969 2889 2104 2925 παν·

524 2965 761 3021 τάπασιν
806 2963 1229 3028 ἁποτινάξασθαι
1260 2964 1320 3017 τὸ
1359 2965 1692 3035 ἁμαρτάνειν
1727 2964 2104 3035 προτρεπόμε-

525 3073 636 3121 νος,
682 3056 941 3126 Μιμηταί
986 3074 1128 3126 μου,
1156 3057 1540 3126 ἀποφαίνεται,
1581 3056 1856 3126 γίνεσθε,
1910 3054 2105 3123 καθὼς

2200 1874 2357 1944 jiciat
2392 1892 2406 1928 :
2444 1872 2632 1926 haberi
2660 1888 2728 1927 ex
2760 1870 3039 1941 Apostolo,
3082 1868 3226 1939 quod
3275 1883 3383 1922 non
3420 1867 3595 1922 solum
3625 1868 3770 1939 cogi-

2205 1966 2372 2021 tando
2408 1966 2611 2019 malum
2636 1961 2948 2024 oderimus,
3009 1969 3064 2017 et
3110 1960 3257 2032 quod
3295 1962 3551 2016 nolumus
3603 1959 3773 2013 facia-

2204 2074 2358 2122 mus;
2410 2070 2597 2111 verum
2648 2062 2812 2109 etiam
2854 2055 2975 2124 ipso
3030 2068 3216 2123 Opere,
3263 2067 3329 2107 eo
3380 2053 3524 2123 quod
3579 2051 3770 2106 dicat:

2207 2149 2331 2203 Non
2358 2150 2496 2204 enim
2518 2146 2655 2218 quod
2681 2147 2795 2202 volo
2821 2145 3148 2209 bonum,ltoc
3169 2145 3308 2213 facio
3333 2162 3351 2198 :
3373 2144 3462 2198 sed
3492 2145 3629 2215 quod
3653 2144 3775 2198 nolo

2205 2237 2427 2305 malum,
2461 2234 2556 2289 hoc
2578 2252 2678 2306 ago
2708 2236 2795 2301 ";
2830 2234 2977 2289 hunc
3005 2249 3158 2297 sane,
3195 2235 3285 2303 qui
3311 2234 3386 2287 ita
3415 2234 3562 2289 dicat
3604 2242 3658 2289 et
3688 2249 3777 2287 ra-

2205 2328 2518 2391 tiocinetur,
2546 2328 2594 2383 si
2624 2326 2788 2381 modo
2813 2341 2941 2381 vera
2971 2326 3127 2391 dicit,
3158 2325 3773 2395 explicarejuheamus:

2206 2419 2480 2491 quodnam
2513 2428 2658 2474 esset
2694 2417 2827 2472 illud
2861 2419 3087 2480 malum,
3134 2416 3282 2487 quod
3323 2432 3446 2470 cum
3480 2416 3777 2486 Apostolus

2206 2510 2414 2565 odisset
2441 2524 2544 2564 nec
2579 2509 2740 2564 vellet
2775 2508 2979 2573 facere,
3011 2508 3370 2564 nihilominus
3397 2508 3640 2563 faceret:
3681 2519 3777 2564 aut

2205 2601 2339 2657 iiiud
2365 2615 2397 2656 e
2429 2600 2706 2654 contrario
2732 2600 2959 2662 bonum,
2981 2599 3126 2669 quod
3153 2614 3277 2652 cum
3306 2598 3465 2656 vellet
3496 2607 3776 2671 praestare,

2205 2704 2316 2743 non
2341 2696 2525 2758 posset
2561 2707 2573 2742 :
2621 2688 2732 2741 imo
2764 2703 2899 2741 vero
2926 2690 3144 2757 quoties
3184 2697 3401 2759 patrare
3433 2692 3633 2745 bouum
3662 2693 3777 2746 vel-

2205 2781 2302 2843 let,
2329 2797 2439 2835 non
2469 2780 2612 2851 quod
2643 2781 2804 2835 vellet
2831 2780 3072 2847 bonum;
3115 2783 3208 2837 sed
3244 2784 3445 2837 malum
3476 2784 3622 2853 quod
3654 2786 3778 2838 nol—

2206 2872 2301 2933 let,
2328 2872 2611 2942 patraret?
2663 2870 2783 2938 Qua
2817 2871 3096 2928 enimvero
3127 2874 3361 2936 ratione,
3410 2876 3680 2930 hortando
3709 2877 3776 2931 ad

2206 2965 2591 3020 excutiendum
2633 2963 2948 3020 omnimode
2985 2976 3292 3038 peccatum,
3333 2967 3635 3022 Imitatores
3678 2972 3780 3024 mei

2207 3065 2391 3123 estote,
2420 3058 2557 3111 sicut
2584 3066 2633 3110 et
2656 3072 2750 3128 ego
2776 3054 2976 3113 Christi
3002 3059 3070 3123 ⁸³,
3107 3060 3463 3129 pronuntiat?
3515 3060 3607 3115 Sic
3647 3077 3778 3117 sane

526 3148 689 3219 κάγὼ
746 3149 1039 3218 Χριστοῦ;
1096 3148 1281 3214 Οὕτως
1324 3150 1386 3204 οὐ
1426 3149 1505 3220 τῷ
1567 3151 1743 3202 ποιεῖν
1785 3147 1822 3202 ἃ.
1865 3148 1939 3220 μὴ
1979 3148 2105 3220 ἤθε-

2211 3165 2319 3203 ιιοη
2352 3149 2407 3202 in
2439 3150 2647 3220 agendo
2669 3165 2792 3219 qua:
2822 3153 3008 3213 nollet,
3038 3153 3138 3207 sed
3178 3152 3232 3205 in
3275 3154 3393 3207 sola
3428 3154 3777 3222 cogitatione,

526 3242 637 3306 λεν,
693 3242 922 3296 ὑπέθετο
964 3243 1033 3297 τὰ
1079 3243 1472 3314 προειρημένα,
1512 3241 1648 3295 ἀλλὰ
1688 3240 1766 3312 τῷ
1819 3241 1978 3311 μόνον
2027 3240 2110 3293 λου

525 3332 791 3403 γίζεσθαι.
813 3333 964 3386 Ἐπεὶ
988 3333 1105 3397 πῶς
1128 3333 1194 3387 ἂν
1220 3329 1287 3403 ἦν
1321 3333 1564 3403 μιμητὴς
1587 3332 1824 3404 Χριστοῦ
1845 3330 2110 3404 ἀκριϐήςς

528 3425 711 3478 Καλὸν
748 3424 846 3494 μὲν
875 3419 990 3487 οὖν,
1033 3425 1082 3476 εἰ
1116 3424 1190 3495 μὴ
1224 3425 1465 3494 εἴχομεν,
1492 3419 1560 3494 ἦν
1594 3423 1658 3476 ἂν
1682 3424 1778 3477 καὶ
1804 3421 2113 3494 χαρμιώτα-

526 3532 641 3581 τον,
670 3515 796 3578 τοὺς
817 3515 1280 3587 ἀντιπράσσοντας
1308 3518 1440 3585 ἡμῖν
1461 3515 1556 3569 καὶ
1582 3514 1923 3587 μαχομένους
1943 3531 1958 3545 ο
1990 3514 2112 3567 ἐπεὶ

528 3607 588 3661 δέ
627 3606 785 3659 τοῦτο
827 3605 1104 3671 ἀδύνατον,
1140 3606 1234 3659 καὶ
1263 3606 1291 3659 ὃ
1319 3605 1543 3677 θέλομεν
1579 3606 1641 3659 οὐ
1674 3605 1967 3677 δυνάμεθα.
2002 3605 2104 3658 Θέο

529 3697 693 3768 λομεν
715 3697 824 3769 γὰρ
848 3697 922 3768 μὴ
946 3697 1090 3769 ἔχειν
1116 3698 1242 3761 τοὺς
1266 3696 1584 3764 ἐξέλκοντας
1602 3698 1682 3761 εἰς
1706 3696 1851 3767 πάθη
1867 3713 1881 3726 ’
1903 3692 1971 3767 ἦν
1997 3694 2105 3767 γὰρ

529 3789 781 3860 ἀνιδρωτὶ
828 3788 1091 3859 σωθῆναι·
1125 3789 1217 3841 καὶ
1253 3788 1281 3841 ὃ
1328 3787 1572 3858 θέλομεν,
1605 3786 1760 3840 τοῦτο
1785 3787 1847 3840 οὐ
1877 3786 2103 3855 γίνεται.

529 3880 646 3933 ἀλλ’
675 3880 706 3933 ὃ
732 3881 792 3932 οὐ
825 3879 1071 3950 θέλομεν.
1102 3882 1194 3932 Δεῖ
1234 3880 1343 3951 γὰρ
1387 3881 1534 3950 ἡμᾶς
1578 3877 1983 3950 δοκιμάζεσθαι,
2032 3879 2107 3943 ὡς

530 3972 696 4044 ἐχρῆν
720 3972 858 4042 (44).
885 3971 976 4043 Μὴ
1005 3971 1292 4042 ὲνδιδῶμεν
1318 3967 1476 4044 [οὖν],
1507 3965 1553 4023 ὧ
1589 3971 1757 4042 ψυχὴ,
1796 3971 1868 4042 μὴ
1900 3970 2109 4024 evastat?)-

533 4083 631 4136 μεν
662 4067 721 4118 ὲν
748 4065 826 4135 τῷ
854 4063 1072 4136 πονηρῷ
1091 4081 1105 4095 ’
1150 4064 1286 4127 ἀλλ’,
1331 4065 1750 4129 Ἀναλαϐόντες
1780 4062 1895 4131 τὴν
1920 4078 2105 4116 πανο-

531 4156 717 4209 πλίαν
744 4155 850 4210 τοῦ
884 4154 1051 4217 Θεοῦ,
1070 4152 1601 4223 ὑπερασπίζουσαν
1625 4153 1815 4223 ἡμῶν,
1840 4152 2107 4207 ἐνδυσώ-

524 4254 676 4319 ,ιιεθα
703 4249 810 4303 τὸν
843 4248 1077 4318 θώρακα
1104 4248 1215 4315 τῆς
1242 4247 1654 4315 δικαιοσύνης,
1674 4247 1772 4301 καὶ
1804 4244 2110 4301 ὑποδυσω-

525 4343 677 4410 μεθα
711 4339 852 4407 τοὺς
894 4339 1085 4407 πόδας
1115 4340 1186 4393 ἐν
1221 4339 1534 4408 ἑτοιμασίᾳ
1570 4337 1680 4393 τοῦ
1715 4337 2103 4407 Εὑαγ-γελίου.

2210 3242 2489 3311 praemissa
2511 3242 2718 3299 docuit.
2740 3243 2955 3314 Alioqui
2980 3244 3146 3309 enim,
3170 3246 3264 3313 qui
3287 3245 3401 3314 ipse
3428 3246 3649 3301 sedulus
3665 3257 3782 3300 erat

2212 3331 2454 3386 imitator
2488 3332 2732 3389 Christi?
2762 3331 2899 3387 Illud
2933 3333 3154 3404 quidem
3186 3335 3483 3404 Optandum
3514 3344 3652 3400 erat,
3689 3336 3780 3390 lae—

2209 3423 2452 3492 titireque
2508 3424 2917 3494 plenissimum,
2977 3431 3037 3478 ut
3090 3424 3436 3480 adversarios
3486 3426 3665 3480 nullos
3717 3442 3781 3481 ac

2209 3512 2398 3569 hostes
2431 3514 2794 3580 haberemus;
2850 3515 2947 3570 sed
3001 3515 3259 3585 quoniam
3316 3516 3432 3570 ﬁeri
3482 3517 3625 3572 istud
3671 3532 3779 3572 non

2211 3611 2417 3676 potest,
2448 3606 2575 3661 hinc
2600 3621 2818 3676 quoque
2848 3613 2932 3660 est
2964 3614 3025 3660 ut
3054 3605 3199 3676 quod
3230 3607 3502 3673 volumus,
3523 3624 3630 3662 non
3655 3624 3782 3678 pos-

2213 3699 2410 3755 simus.
2444 3696 2710 3752 Yolumus
2742 3698 2910 3762 enim,
2954 3713 3061 3752 nou
3092 3698 3290 3753 habere
3321 3699 3555 3767 aliquem
3591 3701 3683 3770 qui
3712 3700 3784 3756 ad

2210 3789 2501 3861 passiones
2533 3789 2773 3860 vitisque
2800 3790 3054 3845 detrahat
3083 3808 3097 3845 :
3136 3806 3265 3845 nam
3297 3799 3444 3846 esset
3488 3807 3552 3847 ea
3607 3792 3778 3855 salus,

2214 3882 2434 3940 sudoris
2469 3897 2704 3951 expers:
2742 3890 2999 3936 caeterum
3035 3898 3145 3936 non
3181 3883 3362 3938 evenit
3393 3883 3538 3953 quod
3577 3888 3659 3939 sic
3688 3902 3784 3939 vo-

2212 3970 2417 4034 lumus,
2448 3969 2541 4026 sed
2573 3969 2716 4038 quod
2742 3970 3017 4026 nolumus.
3048 3969 3136 4025 Uti
3166 3971 3308 4026 enim
3331 3971 3591 4038 diximus,
3622 3989 3786 4043 Opor-

2214 4066 2290 4113 tet
2317 4075 2417 4114 nos
2449 4059 2691 4129 probari.
2723 4057 2802 4113 Ne
2821 4074 2971 4128 ergo,
3010 4058 3214 4123 anima,
3255 4074 3353 4126 ne,
3397 4075 3551 4130 rogo,
3584 4076 3784 4115 conce-

2211 4150 2406 4204 damus
2463 4150 2517 4204 in
2548 4150 2692 4204 malo
2740 4150 2882 4204 :sed
2914 4159 3241 4203 assumentes
3298 4159 3630 4203 armaturam
3686 4150 3784 4205 Dei

2199 4255 2311 4312 qua
2343 4245 2699 4311 protegamur
2729 4245 2787 4293 et
2860 4243 2964 4295 tuti
2996 4243 3187 4303 simus,
3204 4239 3434 4308 justitiaz
3453 4241 3673 4295 loricam
3703 4244 3785 4296 in-

2209 4334 2460 4400 daamus,
2500 4342 2549 4389 et
2577 4333 2868 4388 calceemus
2895 4332 3045 4400 pedes
3076 4334 3131 4386 in
3176 4334 3560 4402 praeparatione
3606 4332 3783 4389 Evan-

576 4519 655 4584 ,'°
696 4518 843 4573 Psal.
879 4534 1034 4583 xvm,
1078 4518 1165 4579 i5,
1201 4516 1287 4571 H.
1357 4517 1399 4552 ⁶¹
1430 4514 1496 4569 II
1520 4514 1646 4571 Cor.
1673 4531 1729 4579 ς,
1755 4514 1810 4580 οὗ,
1849 4514 1902 4568 5.
1971 4514 2016 4545 ⁸³
2045 4511 2105 4566 Rt

2232 4526 2330 4577 vn,
2360 4510 2440 4566 I9.
2484 4511 2529 4543 ⁸³
2560 4508 2733 4567 ICor.
2763 4527 2840 4576 ιι,
2879 4509 2929 4564 1.

605 4696 718 4764 (41)
753 4695 1243 4764 Ἐπισκέψασοαι.
1281 4691 1443 4747 Forte
1474 4688 1862 4760 ἐπισκέψασθε.

605 4762 720 4829 (4'2)
752 4762 977 4831 Ἐτέρᾳ.
1004 4765 1112 4826 AL,
1138 4763 1332 4833 erepo).

603 4824 717 4904 (‘45)
765 4824 1005 4904 Ἀλήθῆ.
1034 4824 1155 4904 _Al.,
1201 4824 1435 4904 ἀλήθῶς.
1470 4828 1770 4904 pompm
1802 4828 2112 4904 βεδρέλητο.

632 4899 722 4977 44)
757 4899 1161 4977 ξβχρῆφληῐιοε.
1190 4899 1347 4973 ἔφην,
1378 4918 1441 4956 ex
1476 4900 1779 4977 Epiphanio
1805 4915 1867 4977 _u.

632 4916 722 4977 M)
767 4916 1004 4973 Ἑχρην.
1034 4916 1161 4972 Leg.
1190 4919 1347 4973 εφην,
1378 4918 1441 4956 ex
1476 4916 1779 4969 bptpuamo
1813 4916 1867 4952 ιι.
1901 4916 1972 4954 at!

607 4916 718 5047 ξιξ)
747 4972 798 5027 N
779 4990 890 5047 11m
907 4983 983 5047 est
1007 4975 1103 5027 hoc
1118 4975 1309 5047 bonum
1328 4987 1575 5047 perquam
1597 4968 2048 5047 irreprehensibi-(e
2065 4976 2115 5021 et

533 5037 744 5117 parum.
778 5043 1146 5117 Πανάμωμον,
1192 5037 1338 5117 velut
1361 5037 1599 5095 ἀπάθεια
1628 5037 1718 5117 illa
1754 5040 1828 5093 ita
1863 5037 2117 5093 Patribus

536 5112 589 5173 et
610 5117 873 5186 theologis
906 5112 1149 5186 mysticis
1182 5112 1487 5186 decantata,
1519 5112 1814 5180 paucisque
1828 5124 2110 5186 concessa.

538 5187 661 5242 Fuit
685 5180 1113 5256 iueaginsi'guis,
1147 5184 1309 5256 cujus
1342 5183 1506 5237 hodie
1552 5188 1799 5256 octavam
1845 5180 1987 5234 tliem
2021 5194 2113 5256 so-

537 5257 699 5311 lemni
758 5250 1420 5316 oﬂicio,'Pr:edicatores,
1480 5252 1735 5307 colimus.
1792 5258 1980 5305 noster
2022 5250 2113 5303 ille

537 5327 796 5388 Thomas,
823 5327 1204 5395 quinunquam
1236 5323 1500 5393 pestifera:
1528 5319 1809 5395 superbiae,
1840 5320 2008 5395 tantis
2058 5326 2112 5374 et

535 5398 725 5466 gratia:
740 5404 799 5449 et
820 5390 1023 5450 natura
1051 5390 1209 5448 donis
1228 5390 1440 5466 auctus,
1465 5392 1774 5466 persenserit
1800 5390 2114 5466 stimulum:

538 5460 779 5535 omnique
808 5473 1012 5533 postea,
1040 5479 1070 5518 a
1108 5464 1438 5535 miraculose
1465 5460 1669 5535 eiut-tis
1711 5461 1958 5535 renibus,
1992 5460 2115 5513 libi-

536 5537 675 5589 dinis
695 5530 862 5588 sensu
890 5536 1121 5589 caruerit
1148 5552 1166 5589 :
1195 5534 1277 5589 sic
1321 5533 1505 5602 divina
1536 5533 1732 5602 gratia,
1758 5530 1951 5602 pruenti
1982 5545 2109 5602 vere

538 5606 814 5676 angelicae,
852 5613 1077 5676 aptante
1120 5604 1423 5676 vasculum.
1455 5600 1840 5676 Eni—endantlus
1872 5616 1939 5655 ex
1988 5601 2110 5676 istis

540 5670 719 5730 imitus
766 5670 1274 5746 EpiphaniLquam
1307 5674 1470 5746 etiam
1512 5670 1945 5746 emepflationem
1980 5672 2110 5725 sub-

534 5747 711 5816 juucti
742 5740 905 5800 in'eo
935 5740 1310 5815 iambi,'plane
1351 5743 1592 5814 exigunt.
1630 5740 1794 5797 Planc
1822 5753 1972 5805 vero,
2021 5755 2111 5794 so-

2146 4692 2190 4746 D
2221 4690 2329 4745 lida
2359 4688 2495 4752 haec,
2525 4687 2764 4743 Paulina
2809 4688 2956 4743 illius
3010 4690 3295 4744 sententia:
3348 4688 3670 4759 explicatio;
3721 4697 3783 4746 ut

2211 4765 2330 4831 ipse
2367 4758 2477 4826 iam
2501 4760 2685 4828 justus
2718 4758 2985 4829 iustorum
3023 4769 3144 4831 agat
3175 4758 3482 4828 personam,
3510 4768 3566 4812 et
3608 4759 3778 4831 inea,

2211 4829 2319 4887 vim
2347 4830 2514 4894 illam,
2546 4844 2611 4882 ex
2646 4832 2784 4882 mala
2816 4830 3162 4898 suggestione
3183 4832 3464 4891 daemonis,
3498 4838 3592 4882 aut
3612 4829 3776 4884 etiam

2212 4920 2279 4958 ex
2314 4899 2509 4952 virium
2543 4898 2860 4953 inferiorum
2893 4900 3160 4953 seditione
3187 4908 3239 4952 et
3271 4900 3635 4960 contumacia,
3671 4898 3778 4952 im-

2213 4971 2396 5026 missis
2429 4969 2609 5038 pravis
2629 4970 3072 5038 cogitationibus,
3098 4985 3328 5038 quarum
3350 4984 3455 5038 non
3480 4971 3652 5038 possit
3671 4984 3779 5022 non

2214 4987 2396 5026 mrssrs
2429 4987 2609 5038 pravrs
2629 4987 3072 5038 coguauomuus,
3137 4987 3328 5024 uarum
3350 4987 3455 5021 non
3481 4987 3652 5038 possu
3671 4987 3779 5022 non

2214 5040 2413 5095 habere
2459 5053 2703 5102 sensum,
2742 5051 3002 5108 queratur
3029 5049 3082 5095 et
3098 4987 3314 5108 iugeat.
3351 5037 3409 5093 Si
3443 5046 3623 5093 autem
3654 5053 3780 5092 cum

2215 5111 2358 5169 aliis.
2385 5109 2441 5163 in
2472 5123 2701 5177 persona
2731 5109 2969 5164 hominis
2990 5123 3097 5162 uon
3123 5108 3258 5177 justi
3279 5117 3332 5163 et
3362 5110 3417 5164 in
3449 5108 3645 5178 gratia,
3678 5109 3779 5163 ad—

2213 5179 2524 5234 miserimus
2560 5178 2726 5248 loqui,
2761 5178 2925 5232 fuerit
2945 5180 3109 5232 etiam
3144 5180 3197 5233 in
3227 5179 3484 5248 operibus
3518 5178 3780 5248 nonnulla

2213 5248 2481 5319 ejusmodi
2506 5249 2587 5302 vis
2601 5247 2943 5303 c0ncedenda
2963 5269 2976 5312 ;
2995 5250 3096 5303 etsi
3121 5264 3229 5302 non
3256 5247 3478 5302 omnino
3508 5247 3778 5319 absoluta,

2214 5318 2267 5374 et
2301 5319 2594 5390 qualisest
2640 5319 2693 5390 in
2749 5319 3169 5387 cogitationibus
3203 5337 3217 5371 :
3256 5334 3416 5390 quam
3453 5326 3632 5372 tamen
3667 5318 3782 5386 ipse

2215 5387 2341 5453 sibi,
2371 5390 2450 5444 sic
2473 5387 2672 5441 diaboli
2700 5390 2968 5457 captivus,
2994 5395 3258 5457 actusque
3276 5387 3282 5388 “
3299 5387 3365 5441 ad
3394 5389 3566 5456 ipsius
3593 5391 3781 5457 vpiun-

2214 5470 2377 5514 tatem
2420 5459 2472 5511 in
2501 5460 2681 5513 scelus
2727 5472 2910 5521 omne,
2968 5458 3316 5526 ascripserit;
3381 5459 3472 5526 qui
3526 5465 3580 5511 ct
3615 5456 3781 5510 Deum

2217 5530 2534 5589 deseruerit,
2585 5542 2686 5582 nec
2735 5528 2911 5581 adhuc
2948 5529 3241 5582 conciliare
3277 5528 3498 5589 volenti,
3532 5527 3779 5596 acquies-

2216 5614 2341 5654 cere
2366 5600 2515 5653 velit.
2548 5597 2803 5669 Egregia_
2828 5606 2956 5652 sunt
2989 5611 3109 5665 qua:
3124 5597 3548 5669 Amphilochius
3596 5604 3779 5652 noster

2220 5669 2564 5739 prosequitur
2597 5665 2743 5721 hom.
2770 5665 2835 5720 de
2866 5668 3169 5739 pcenitentia
3194 5665 3259 5720 iu"
3292 5668 3598 5736 huiusmodi
3624 5668 3779 5739 rogio

2220 5737 2474 5806 tatioues,
2497 5752 2815 5809 magnaeque
2839 5752 2893 5793 et
2923 5737 3246 5792 eruditionis
3274 5747 3326 5793 et
3365 5738 3779 5792 consolationis.
