4150 6412
430 268 538 323 385

1392 265 1451 321 S.
1496 263 1826 366 ME‘THODH
1868 265 1992 319 iiPZf

2096 264 2176 319 lPl
2218 265 2306 320 ΕΤ
2349 266 2710 322 ΜᾹΠΤῩΙΠΞ
3589 269 3637 320 Et
3660 269 3689 323 4

430 387 572 459 gelii.
610 386 676 441 In
708 384 946 442 omnibus
972 394 1147 438 autem
1176 402 1511 441 assumamus
1537 397 1744 442 scutum
1776 388 1922 456 ﬁdei,
1946 388 1992 440 in

2118 388 2242 441 Ἐπί
2269 387 2421 443 πᾶσί
2436 407 2499 444 τε
2513 390 2904 459 ἀναλάϐωμεν
2920 389 3027 442 τὸν
3042 388 3259 458 θυρεὸν
3278 387 3387 457 τῆς
3405 390 3682 457 πίστεως,

430 496 538 550 qua
559 480 819 547 possimus
850 478 1027 529 omnia
1057 478 1161 530 tela
1191 479 1499 548 nequissimi
1530 480 1685 549 ignea
1713 481 2005 551 exstingue-

429 587 487 624 re
518 580 605 624 :et
628 569 832 640 galeam
859 566 1084 631 salutis,
1135 577 1183 621 et
1225 568 1465 639 gladium
1489 571 1735 637 spiritus,
1764 573 1899 641 quod
1926 580 2006 625 est

428 660 636 716 verbum
693 659 790 713 Dei
848 674 866 712 :
916 665 974 710 ut
1026 659 1292 727 possimus
1323 669 1465 713 stare
1496 660 1746 715 adversus
1780 661 2001 716 insidias

426 751 628 806 diaboli
660 751 705 781 “
729 766 747 804 :
776 750 1120 821 cogitationes
1151 750 1276 804 item
1306 750 1597 813 destruere.
1623 762 1671 806 et
1693 768 1896 806 omnem
1922 753 2005 805 al~

428 843 707 896 titudinem
748 841 1083 895 extollentem
1134 858 1189 896 se
1231 840 1483 897 adversus
1528 844 1803 897 scientiam
1844 843 2003 897 Chri-

426 935 498 989 sti
524 934 588 989 ε’.
626 935 889 1000 Quoniam
925 950 1029 987 non
1070 942 1149 988 est
1196 934 1348 988 nobis
1404 934 1708 989 colluctatio
1753 936 2001 990 adversus

425 1042 636 1080 carnem
658 1036 707 1079 et
738 1027 1047 1098 sanguinem
1069 1027 1136 1080 “.
1170 1025 1291 1079 Non
1314 1026 1455 1080 enim
1483 1028 1623 1097 quod
1646 1026 1761 1081 colo
1785 1028 1997 1091 bonum,

427 1115 523 1170 hoc
544 1132 677 1187 ago;
704 1115 794 1169 sed
827 1116 965 1187 quod
999 1114 1107 1181 odi,
1136 1115 1271 1169 illud
1318 1117 1479 1186 facio.
1542 1116 1604 1173 Si
1648 1128 1822 1173 autem
1862 1118 2001 1189 quod

429 1206 571 1272 nolo,
611 1205 744 1259 illud
788 1206 962 1276 facio,
999 1207 1266 1261 consentio
1299 1207 1419 1276 legi,
1456 1210 1704 1278 quoniam
1736 1209 1870 1263 bona
1899 1220 1995 1265 est.

430 1296 586 1351 Nunc
617 1308 737 1351 ante
757 1316 786 1349 ιι
807 1297 925 1367 jam
956 1314 1058 1351 non
1098 1314 1191 1368 ego
1233 1315 1419 1368 operor
1447 1299 1605 1368 illud,
1634 1300 1725 1355 sed
1746 1301 1885 1370 quod
1909 1301 2002 1354 Ita-

428 1392 561 1444 bitat
592 1390 646 1443 in
674 1407 752 1443 me
772 1398 1062 1458 peccatum.
1092 1389 1215 1443 Scio
1242 1391 1380 1444 enim
1406 1392 1531 1462 quia
1566 1409 1670 1446 non
1707 1391 1913 1447 habitat
1944 1393 1999 1447 in

425 1500 526 1546 me,
556 1484 650 1536 hoc
679 1483 831 1537 estin
860 1498 1020 1534 carne
1050 1498 1187 1547 mea,
1222 1482 1412 1535 bonum
1441 1483 1506 1538 ⁸⁷.
1546 1482 1815 1539 Prmclare
1849 1485 1998 1539 istud

425 1574 664 1644 quidem.
698 1572 1022 1628 Meministis
1050 1574 1217 1639 enim,
1268 1575 1411 1643 quod
1446 1576 1700 1646 superius
1733 1575 1835 1630 fuit
1864 1591 1998 1631 con-

426 1674 673 1721 stitutum
714 1685 727 1720 :
768 1672 829 1718 ut
860 1680 926 1719 ex
958 1680 1067 1735 quo
1093 1666 1330 1734 primum
1380 1666 1546 1722 homo
1580 1668 1862 1733 seductus,
1901 1667 1996 1723 Dei

2106 479 2179 533 ἐν
2207 475 2247 552 ᾗ
2272 480 2654 550 δυνησόμεθα
2691 480 2889 534 πάντα
2916 479 2984 533 τὰ
3004 480 3163 548 βέλη
3197 480 3302 535 τοῦ
3325 482 3593 550 πονηροῦ
3620 483 3690 536 τὰ

2107 570 2500 639 πεπυρωμένα
2520 571 2734 624 σϐέσαι.
2754 589 2767 601 ·
2802 570 2903 623 καὶ
2933 568 3047 636 τὴν
3078 571 3551 638 περικεφαλαίαν
3583 571 3690 625 τοῦ

2105 662 2425 730 σωτηρίου,
2444 664 2541 716 καί
2559 662 2675 730 τὴν
2688 661 2990 731 μάχαιραν
3006 662 3112 715 τοῦ
3131 663 3487 732 πνεύματος,
3506 662 3539 716 ὅ
3558 663 3690 717 ἐστι

2096 751 2264 821 ῥῆμα
2304 752 2480 806 Θεοῦ·
2520 752 2670 821 πρδς
2704 751 2769 804 τὸ
2803 752 3095 805 δύνασθαι
3130 752 3351 822 στῆναι
3388 753 3538 821 πρὸς
3575 753 3690 822 τὴν

2097 841 2415 911 μεθοδείαν
2442 842 2549 895 τοῦ
2578 842 2861 897 διαϐόλου
2882 861 2895 874 ·
2936 846 3269 914 ,λογισμούς
3298 861 3363 897 τε
3389 847 3686 909 καθελειν,

2103 934 2209 986 παὶ
2231 932 2353 989 πᾶν
2367 935 2583 1004 ὕψωμα
2598 936 2992 1005 ἐπαιρόμενον
3008 938 3157 989 κατὰ
3171 935 3280 1005 τῆς
3294 935 3567 1004 γνώσεως
3581 936 3689 990 τοῦ

2101 1026 2505 1094 Χριστοῦ.”οτι
2525 1026 2611 1096 μή
2639 1027 2809 1080 ἐστιν
2833 1028 2979 1097 ημῖν
3002 1030 3039 1097 ἠ
3065 1027 3228 1095 πάλη
3255 1028 3405 1096 πρὸς
3426 1022 3569 1096 αἷμα
3591 1026 3691 1081 καί

2101 1116 2317 1187 σάρκα.
2342 1121 2423 1173 Οὺ
2443 1119 2553 1187 γὰρ
2574 1118 2603 1171 ὃ
2626 1120 2779 1173 θέλω
2802 1120 3077 1187 πράσσω,
3101 1121 3241 1175 ἀλλ’
3264 1120 3294 1173 ὃ
3314 1118 3495 1189 μισῶ,
3509 1121 3689 1175 τοῦτο

2101 1208 2266 1262 ποιῶ.
2277 1212 2346 1263 El
2359 1209 2426 1262 δὲ
2439 1209 2469 1262 ὃ
2483 1212 2554 1263 οὐ
2568 1208 2743 1274 θέλω,
2756 1211 2933 1264 τοῦτο
2964 1209 3132 1273 ποιῶ,
3149 1212 3423 1280 σύμφημι
3436 1210 3514 1276 τῷ
3526 1214 3689 1281 νόμῳ

2101 1301 2187 1354 ὅτι
2212 1302 2397 1366 καλός
2416 1300 2548 1370 (49).
2574 1300 2726 1355 Νυνὶ
2761 1300 2830 1354 δὲ
2859 1303 2969 1354 οὐκ
2996 1302 3084 1355 ἔτι
3109 1299 3225 1371 ἐγὼ
3263 1299 3689 1370 κατεργάζᾋμαι

2098 1392 2266 1457 αὐτὸ,
2288 1393 2475 1461 aut,
2499 1392 2751 1447 οἰκοῦσα
2767 1393 2836 1446 ἐν
2856 1393 2985 1463 ἐμοὶ
3000 1389 3425 1462 ἀμαρτία.οἷδα
3442 1398 3571 1462 γὰρ,
3597 1392 3687 1445 ὅτι

2100 1487 2210 1539 οὐκ
2231 1484 2384 1538 οἰκεῖ
2395 1486 2465 1537 ἐν
2478 1485 2629 1554 ἐμοὶ,
2644 1484 2917 1539 τουτέστι
2936 1486 3007 1538 ἐν
3022 1484 3095 1553 τῇ
3111 1485 3291 1553 σαρκί
3303 1502 3444 1553 μου,
3460 1483 3527 1536 τὸ
3545 1484 3690 1552 ἁγα-

2100 1577 2229 1629 θόν·
2247 1574 2420 1646 ὀρθῶς
2440 1574 2633 1643 λέγων.
2651 1575 2943 1647 Μέμνησθε
2958 1575 3028 1645 γά
3037 1593 3085 1647 ρ,
3101 1575 3175 1639 ὡς
3192 1577 3247 1627 ἐν
3259 1578 3370 1638 τοῖς
3384 1574 3691 1647 ἔμπροσθεν

2099 1666 2477 1739 διωριζόμεθα,
2510 1666 2603 1737 ἀφ’
2636 1661 2698 1720 οὗ
2747 1666 2837 1719 τὸν
2887 1666 3173 1738 ἄνθρωπον
3205 1665 3549 1736 πλανηθέντα
3583 1664 3682 1738 τὴν

424 1757 736 1811 mandatum
779 1756 1030 1825 violavit,
1068 1757 1215 1821 inde,
1268 1774 1337 1813 ex
1391 1758 1763 1814 inobedientia
1818 1771 1992 1815 ortum

2105 1734 2334 1829 ἐντολὴν*
2348 1734 2610 1828 ἀθετῆσαι
2644 1758 2867 1830 συνέϐη,
2900 1734 3148 1812 ἐντεῦθεν
3175 1760 3239 1812 ἐκ
3267 1734 3379 1829 τῆς
3403 1734 3685 1829 παρακοῆς

424 1857 729 1921 peccatum,
766 1848 947 1905 sedem
998 1849 1054 1903 in
1084 1864 1149 1905 eo
1179 1851 1446 1920 posuerit.
1507 1850 1600 1906 Sic
1629 1853 1775 1907 enim
1807 1854 1992 1909 seditio

2103 1849 2201 1919 τὴν
2230 1848 2503 1919 ἁμαρτίαν
2535 1847 2805 1902 λαϐοῦσαν
2832 1847 3064 1917 γένεσιν,
3092 1850 3172 1912 είς
3195 1847 3357 1900 αὑτὸν
3386 1847 3686 1918 είσῳκηκέ-

423 1939 842 2011 conﬂaricmpit
875 1939 988 2011 (46)
1042 1957 1158 1996 :ac
1217 1942 1549 1998 turbulentis
1607 1944 1992 2015 agitationibus

2103 1954 2209 1992 ναι.
2243 1937 2399 1991 Οὕτω
2447 1937 2558 2009 γὰρ
2609 1937 2798 2000 στάσις
2851 1937 3094 2001 ἐνέπεσε,
3131 1936 3461 2007 σφαδασμῶν
3499 1952 3557 1988 τε
3591 1936 3687 1991 καὶ

422 2033 957 2105 cogitationibusque
988 2032 1305 2103 incongruis
1334 2047 1527 2089 sumus
1561 2034 1778 2104 repleti,
1816 2035 2001 2091 divino

422 2126 603 2182 adlatu
630 2126 813 2190 vacui,
839 2142 1132 2197 rerumque
1159 2126 1213 2181 in
1241 2126 1472 2181 materia
1493 2134 1547 2181 et
1580 2142 1997 2198 corporearum,

2102 2028 2376 2099 λογισμῶν
2425 2029 2705 2083 ἀνοικείων
2739 2028 3169 2100 ἐπληρώθημεν
3206 2028 3531 2091 κενωθέντες
3586 2027 3686 2098 μὲν

2100 2118 2195 2171 τοῦ
2242 2121 2637 2190 ἐμφυσήματος
2669 2118 2762 2171 τοῦ
2794 2118 2950 2182 Θεοῦ,
2984 2118 3361 2189 πληρωθέντες
3404 2118 3461 2170 δέ
3493 2117 3685 2170 ἐπιθυο

419 2234 584 2290 quam
613 2218 846 2274 callidus
882 2217 1041 2274 nobis
1072 2233 1302 2289 serpens
1333 2217 1655 2284 insuﬂlaret,
1702 2221 1992 2291 cupiditate

2106 2210 2232 2281 μίας
2280 2209 2490 2279 ὑλικῆς,
2520 2211 2586 2280 ἥν
2629 2210 2657 2261 6
2707 2208 3042 2288 πρλύτροπος
3077 2210 3189 2276 (50)
3240 2207 3570 2277 ἐνεφύσησεν
3607 2209 3687 2271 είς

422 2309 588 2380 pleni.
644 2307 785 2364 Hinc
836 2307 1001 2375 Deus,
1057 2317 1288 2364 mortem
1317 2324 1424 2379 qua
1456 2308 1662 2365 deleret
1690 2321 1997 2381 peccatum,

421 2400 598 2456 nostri
620 2415 788 2456 causa
811 2401 1166 2471 excogitavit.
1195 2412 1251 2455 ut
1280 2416 1350 2456 ne
1385 2405 1440 2455 in
1474 2402 1634 2458 nobis
1672 2404 1997 2461 immortali-

419 2493 545 2562 bus,
571 2492 1028 2564 quemadmodum
1045 2492 1255 2548 dictum
1281 2502 1389 2558 est,
1419 2492 1801 2563 reﬂorescens,
1834 2498 1999 2553 etiam

421 2586 600 2657 ipsum
642 2585 947 2641 immortale
979 2593 1146 2641 esset.
1177 2584 1315 2640 Cum
1349 2601 1481 2657 ergo
1532 2587 1607 2641 ait
1647 2588 1947 2659 Apostolus
1981 2611 1995 2646 :

2103 2302 2249 2371 ἡμᾶς
2279 2300 2422 2369 ὄφις.
2458 2299 2549 2352 Διὸ
2575 2299 2670 2352 καὶ
2697 2299 2788 2353 τὸν
2821 2298 3051 2352 θάνατον
3078 2299 3106 2351 6
3139 2299 3270 2361 Θεὸς
3302 2298 3437 2369 πρὸς
3470 2297 3688 2368 ἀναίρε-

2104 2410 2187 2444 σιν
2230 2391 2331 2460 τῆς
2373 2390 2647 2463 ἁμαρτίας
2696 2389 2837 2460 ὑπὲρ
2875 2389 3033 2460 ἡμῶν
3068 2387 3357 2460 ἀνεύρετο·
3396 2388 3484 2441 ἵνα
3522 2388 3597 2459 μὴ
3626 2390 3685 2441 ἐν

2102 2483 2393 2547 ἀθανάτοις
2439 2486 2571 2555 ἡμῖν
2620 2481 2968 2545 ἀνατείλασα,
2995 2481 3071 2544 ὡς
3114 2480 3270 2550 ἔφην,
3311 2479 3574 2543 ἀθάνανος

2104 2572 2264 2626 Ὅθεν
2307 2575 2336 2627 6
2376 2573 2724 2636 Ἀπόστολος·
2768 2567 2913 2624 Οἶδα
2963 2570 3093 2640 γὰρ,
3138 2570 3227 2623 ὅτι
3272 2572 3382 2623 οὐκ
3433 2570 3584 2623 οἰκεῖ
3613 2570 3683 2622 ἐν

421 2676 547 2733 Scio
574 2679 713 2733 enim
744 2678 883 2750 quod
907 2695 1008 2733 non
1040 2678 1251 2732 habitat
1282 2679 1336 2732 in
1369 2695 1468 2742 me,
1504 2678 1601 2735 hoc
1633 2690 1732 2746 est,
1757 2683 1809 2736 in
1842 2700 1992 2739 carne

2099 2665 2251 2734 ἐμοὶ,
2289 2665 2602 2718 τουτέστιν
2645 2664 2714 2717 ἐν
2750 2662 2824 2731 τῇ
2850 2663 3030 2731 σαρκί
3052 2680 3189 2731 μου,
3234 2663 3301 2716 τὸ
3327 2661 3570 2731 ἀγαθὸν,
3596 2662 3683 2716 λέ-

421 2769 797 2839 mea,bonum,
837 2778 1122 2842 peccatum
1158 2770 1332 2824 voluit
1369 2771 1706 2841 signiﬁcare,
1742 2776 1887 2845 quod
1930 2792 1992 2831 ex

2099 2774 2231 2827 γων,
2264 2756 2362 2829 τὴν
2405 2757 2514 2810 ἀπὸ
2560 2756 2661 2826 τῆς
2706 2755 3070 2827 παραὸάσεως
3116 2754 3204 2807 διὰ
3244 2755 3342 2824 τῆς
3390 2754 3683 2826 ἐπιθυμίας

419 2865 511 2918 illa
546 2863 718 2920 divini
754 2863 994 2919 mandati
1026 2864 1489 2935 transgressione,
1509 2880 1610 2935 per
1640 2843 1992 2937 cupiditatem

2098 2846 2518 2901 εἰσοικισθεῖσαν
2549 2850 2627 2910 είς
2656 2847 2803 2917 ἡμᾶς
2839 2845 3112 2916 ἁμαρτίαν
3140 2843 3386 2914 βούλεται
3423 2844 3681 2916 μηνύεινο

418 2954 475 3008 in
510 2967 613 3009 nos
646 2954 925 3008 invectum
954 2961 1039 3008 est
1076 2972 1090 3008 :
1144 2969 1213 3009 ex
1273 2969 1404 3025 quo,
1462 2970 1561 3010 ceu
1615 2936 1740 3011 novi
1772 2958 1992 3029 quidam

2096 2936 2165 3012 ἧς
2197 2941 2284 3010 δὴ,
2316 2938 2570 3010 καθάπερ
2602 2939 2958 3010 βλαστήματα
3004 2937 3118 3001 νέα,
3147 2938 3197 2989 οἱ
3239 2937 3508 3008 φιλήδονοι
3557 2938 3685 3011 περὶ

424 3044 631 3099 surculi
660 3044 982 3116 voluptaria;
1019 3060 1118 3100 nos
1148 3045 1531 3116 cogitationes,
1596 3063 1693 3103 ceu
1756 3051 1991 3118 agmine,

2098 3034 2246 3104 ἡμᾶς
2291 3033 2377 3085 ἀεὶ
2418 3032 2670 3103 λογισμοὶ
2702 3031 3065 3084 συνίστανται.
3103 3030 3270 3083 Δισσὰ
3311 3029 3420 3100 γὰρ
3465 3032 3524 3083 ἐν
3549 3032 3686 3101 ἡμῖν

415 3135 779 3189 circumstant
802 3147 1017 3203 semper
1039 3140 1093 3188 et
1122 3132 1396 3187 obsident.
1446 3132 1542 3189 Est
1572 3135 1718 3188 enim
1751 3136 1805 3188 in
1833 3136 1992 3191 nobis

2097 3124 2375 3195 λογισμῶν
2416 3123 2550 3194 γένη
2569 3140 2584 3155 ο
2634 3122 2695 3175 τὸ
2723 3122 2824 3193 μὲν
2855 3122 2963 3176 ἀπὸ
2999 3120 3101 3191 τῆς
3128 3119 3420 3190 ἐπιθυμίας
3450 3121 3546 3192 τῆς
3582 3123 3682 3191 ἐμ-

415 3228 617 3299 duplex
653 3226 1049 3299 cogitationum
1084 3241 1258 3296 genus
1291 3244 1305 3280 :
1342 3225 1490 3280 aliud
1518 3227 1664 3297 quod
1719 3242 1787 3282 ex
1835 3230 1992 3299 cupi-

414 3318 584 3372 ditate
611 3316 727 3382 illa,
755 3315 1006 3370 latitante
1030 3315 1085 3369 in
1118 3330 1349 3385 corpore
1391 3316 1621 3370 excitari
1669 3318 1839 3383 solet;
1872 3333 1994 3387 qua:

414 3406 693 3469 nimirum,
751 3414 808 3460 ut
851 3405 986 3470 dixi,
1018 3419 1048 3459 a
1085 3404 1280 3460 fraude
1323 3405 1663 3476 artiﬁcioque
1721 3409 1989 3478 procedit,

412 3497 615 3553 addicti
640 3498 881 3552 materia:
908 3496 1136 3567 spiritus
1167 3496 1314 3567 (47);
1351 3496 1498 3552 aliud
1526 3505 1729 3562 autem,
1760 3497 1902 3568 quod
1924 3513 1991 3552 ex

413 3590 531 3660 lege
567 3588 810 3642 mandati
836 3587 1120 3643 derivatur
1160 3606 1173 3643 :
1216 3590 1357 3659 lege,
1392 3590 1640 3660 inquam,
1685 3590 1798 3654 illa,
1827 3606 1989 3660 quam

415 3680 639 3736 insitam
692 3686 747 3734 et
794 3694 824 3732 a
881 3691 1076 3732 natura
1112 3680 1410 3751 ingenitam
1469 3680 1755 3736 hausimus
1794 3699 1807 3734 :
1844 3682 1897 3735 in
1936 3679 1990 3734 id

414 3770 656 3824 animum
682 3768 1008 3823 excitantem
1040 3778 1560 3841 provocantemque,
1599 3771 1746 3841 quod
1776 3779 1859 3826 est
1886 3772 1989 3825 ho-

415 3870 654 3918 nestum.
717 3860 796 3915 Eo
843 3861 921 3926 ﬁt,
964 3869 1023 3917 ut
1073 3869 1259 3917 mente
1291 3862 1510 3932 quidem
1545 3862 1991 3917 condelectemur

417 3955 521 4025 legi
546 3952 641 4008 Dei
676 3972 690 4009 :
724 3953 829 4007 hoc
852 3955 996 4008 enim
1020 3960 1104 4009 est
1131 3951 1295 4008 homo
1328 3954 1418 4009 ille
1457 3954 1689 4009 interior
1721 3973 1735 4008 :
1772 3955 1988 4024 cupidi-

417 4054 529 4100 tate
552 4054 735 4101 autem
769 4061 890 4116 quae
917 4046 1128 4101 habitat
1168 4046 1225 4100 in
1256 4061 1444 4109 carne,
1481 4044 1584 4115 legi
1621 4044 1844 4100 diaboli.
1864 4044 1990 4100 Haec

414 4137 560 4191 enim
589 4151 654 4192 ea
680 4137 765 4193 lex
798 4147 882 4194 est
917 4137 1059 4209 (48),
1093 4153 1219 4192 cum
1271 4137 1455 4192 divina
1508 4151 1781 4207 pugnans,
1830 4138 1991 4208 eique

413 4228 709 4295 resistens;
756 4228 833 4282 illi
874 4229 1135 4283 nimirum
1192 4229 1394 4284 mentis
1431 4228 1487 4282 in
1526 4228 1752 4290 bonum.
1790 4229 1991 4298 impul-

412 4321 591 4388 sioni;
623 4336 745 4391 quae
774 4321 1006 4377 vitiosas
1043 4320 1494 4392 facculentasque,
1520 4329 1573 4375 et
1607 4320 1677 4375 ad
1724 4320 1991 4392 improbi-

411 4419 576 4469 tatem
606 4413 902 4485 dissipatas
928 4414 1293 4486 cogitationes
1316 4414 1592 4485 producit.

479 4521 566 4578 lll.
592 4522 872 4594 Siquidem
900 4525 1197 4595 Apostolus
1250 4532 1363 4581 tres
1411 4526 1635 4579 omnino
1686 4524 1832 4595 leges
1882 4524 1985 4579 hoc

409 4616 468 4672 in
491 4617 613 4672 loco
634 4616 953 4673 distinxisse
986 4616 1275 4672 manifeste
1327 4615 1562 4673 videtur.
1599 4613 1718 4670 Una
1754 4616 1847 4670 illa
1875 4621 1979 4679 est,

403 4707 563 4778 juxta
598 4707 823 4763 insitum
866 4708 1026 4766 nobis
1068 4709 1299 4775 bonum,
1352 4723 1518 4780 quam
1567 4714 1756 4777 aperte
1806 4706 1980 4777 legem

2096 3214 2444 3287 φωλευούσης
2489 3216 2548 3268 ἐν
2601 3213 2679 3285 τῷ
2734 3213 2946 3285 σώματι
2998 3212 3400 3283 συνιστάμενον,
3452 3212 3573 3283 ἥτις
3619 3213 3681 3281 ἐξ

2094 3308 2357 3372 ἐπινοίας,
2387 3307 2463 3371 ὡς
2493 3306 2650 3376 ἔφην,
2689 3305 2916 3375 συνέστη
2960 3304 3055 3358 τοῦ
3104 3303 3287 3358 ύλικοῦ
3334 3304 3676 3374 πνεύματος·

2093 3398 2156 3452 τὸ
2178 3398 2235 3452 δὲ
2265 3399 2371 3452 ἀπὸ
2401 3397 2496 3477 τοῦ
2524 3398 2690 3469 νόμου
2720 3398 2814 3451 τοῦ
2842 3396 2983 3451 κατὰ
3017 3396 3116 3468 τὴν
3141 3394 3380 3465 ἐντολὴν,
3410 3396 3468 3448 ὃν
3507 3395 3681 3466 ἐμφυ-

2093 3509 2185 3545 τον
2218 3488 2484 3563 ἐλάϐομεν
2509 3492 2653 3563 ἔχειν
2679 3492 2773 3547 καὶ
2806 3491 3035 3562 φυσικὸν
3070 3490 3233 3559 νόμον
3261 3489 3396 3561 πρὸς
3431 3489 3491 3541 τὸ
3516 3488 3681 3544 καλὸν

2093 3585 2250 3657 ἡμῶν
2281 3583 2623 3656 ἐξεγείροντα
2657 3585 2746 3637 τὸν
2780 3581 3226 3655 λογισμόν.”οθεν
3270 3583 3336 3651 τῇ
3388 3580 3485 3651 μὲν
3517 3597 3679 3651 νομο-

2094 3678 2249 3749 θεσίᾳ
2294 3677 2387 3731 τοῦ
2436 3678 2569 3730 Θεοῦ
2616 3676 2757 3730 κατὰ
2798 3677 2889 3729 τὸν
2940 3674 3064 3729 νοῦν
3112 3675 3479 3745 ωνηδόμεοαο
3523 3673 3680 3726 τοῦτο

2091 3769 2200 3841 γάρ
2230 3772 2259 3822 6
2287 3769 2394 3822 ἔσω
2424 3768 2707 3840 ἄνθρωπος
2726 3785 2739 3798 θ
2781 3771 2848 3838 τῇ
2891 3767 2948 3820 δὲ
2995 3767 3286 3837 νομοθεσίᾳ
3311 3766 3403 3819 τοῦ
3432 3764 3678 3819 διαϐόλου

2092 3860 2233 3913 κατὰ
2262 3859 2358 3931 τὴν
2390 3861 2702 3914 ἐνοικοῦσαν
2730 3860 3022 3930 ἐπιθυμίαν
3064 3861 3121 3912 ἐν
3166 3862 3231 3930 τῇ
3276 3858 3457 3929 σαρκί.
3476 3858 3533 3911 '0
3568 3856 3677 3927 γὰρ

2093 3951 2646 4022 ἀντιστρατευόμενος
2698 3950 2793 4004 καὶ
2840 3950 3223 4021 ἀντιπράσσων
3269 3949 3347 4018 τῷ
3388 3950 3537 4020 νόμῳ
3580 3947 3674 4002 τοῦ

2091 4040 2246 4104 Θεοῦ,
2276 4036 2388 4093 οἷον
2430 4043 2497 4111 τῇ
2545 4040 2680 4111 πρὸς
2719 4040 2780 4105 τὸ
2809 4039 3012 4108 ἀγαθὸν
3046 4042 3190 4111 ὁρμῇ
3220 4039 3315 4092 τοῦ
3342 4040 3480 4102 νοὸς,
3513 4040 3675 4101 αὑτός

2092 4134 2257 4197 ἐστιν,
2288 4134 2317 4185 6
2342 4132 2467 4195 τοὺς
2493 4130 2759 4202 ἐμπαθεῖς
2782 4131 3039 4203 ἀναφύων
3063 4132 3149 4185 ἀεὶ
3179 4131 3273 4184 καὶ
3293 4131 3509 4195 ύλικοὺς
3539 4126 3673 4203 πρδς

2092 4223 2324 4295 ἀνομίαν
2357 4222 2791 4293 περισπασμούς.

2161 4524 2238 4579 Γ’.
2255 4524 2416 4595 Τρεῖς
2430 4523 2539 4595 γάρ
2558 4524 2753 4595 νόμους
2768 4524 3156 4597 ὑποτιθέμενος
3173 4528 3201 4579 ὁ
3212 4526 3419 4591 Παῦλος
3444 4529 3670 4598 ἀναφαν-

2090 4612 2178 4667 δὸν
2206 4612 2442 4667 ἐνταῦθά
2472 4631 2561 4684 μοι
2592 4614 3149 4683 καταφαίνεται.”Ενα
3173 4617 3269 4688 μὲν
3304 4617 3443 4671 κατά
3482 4617 3543 4671 τὺ
3569 4616 3669 4689 ἐμ-

2090 4721 2255 4774 φυτον
2305 4706 2362 4758 ἐν
2405 4706 2535 4777 ἡμῖν
2567 4707 2790 4775 ἀγαθὸν,
2819 4708 2877 4760 ὃν
2911 4709 3006 4761 καὶ
3037 4710 3198 4782 νόμον
3226 4710 3410 4780 σαφῶς
3438 4709 3664 4764 ἐκάλεσε

482 4883 531 4917 ⁸⁵
560 4882 750 4956 Ephes.
789 4901 862 4955 v1,
888 4885 979 4952 Η,
1022 4883 1219 4941 15-17.
1296 4884 1340 4916 ⁸⁵
1370 4882 1434 4938 II
1463 4881 1589 4938 Cor.
1623 4897 1679 4947 x,
1711 4881 1764 4936 5.
1842 4881 1888 4914 “
1913 4880 1991 4950 Ep

2096 4923 2102 4935 .
2135 4896 2209 4945 γι,
2243 4879 2331 4933 12.
2408 4880 2451 4911 "
2474 4879 2623 4936 Rom.
2655 4896 2752 4947 vn,
2794 4881 2971 4937 15-17.

480 5041 596 5111 (46)
630 5040 719 5097 Sic
746 5044 884 5098 enim
927 5042 1113 5097 seditio
1156 5041 1380 5110 conﬂari
1411 5040 1581 5109 coepit.
1626 5040 1823 5105 Στάσις
1871 5039 1981 5094 ἐνέ-

407 5127 544 5183 «eos
566 5127 579 5140 ·
613 5111 764 5183 velut
797 5113 959 5183 irruit
988 5132 1001 5167 :
1044 5113 1263 5183 justum
1286 5113 1443 5180 plane
1466 5114 1744 5181 praemium
1802 5112 1979 5183 rebel—

408 5182 572 5253 lionis
601 5184 657 5238 in
699 5182 891 5240 Deum.
929 5181 1202 5253 lntci'pres
1236 5181 1413 5236 Photii
1463 5183 1620 5235 aliter
1662 5181 1873 5252 accepit
1920 5181 1979 5233 τὸ

408 5252 616 5316 στάσις,
650 5268 750 5323 pro
777 5262 922 5309 statu
948 5272 959 5306 :
994 5252 1089 5308 sed
1118 5253 1301 5306 minus
1329 5254 1600 5321 congruit.

478 5323 592 5389 (47)
627 5321 671 5376 Ᾰ
698 5323 884 5391 fraude
918 5325 1247 5393 arti/icioque
1278 5323 1521 5393 procedit
1557 5321 1758 5375 addicti
1806 5331 1976 5393 mate-

407 5391 503 5445 ria:
532 5389 772 5462 spiritus.
815 5394 905 5458 Ἐξ
933 5389 1173 5456 ἐπινοίας
1207 5389 1300 5445 τοῦ
1329 5392 1511 5445 ὑλικοῦ
1537 5393 1863 5461 πνεύματος.
1896 5389 1981 5443 ln-

408 5462 599 5533 tclligit
633 5465 929 5525 diabolum,
961 5480 1121 5533 quem
1174 5465 1426 5533 superius
1475 5478 1598 5533 cum
1636 5464 1979 5533 Athenagora

406 5529 548 5586 dixit
599 5533 814 5604 πνεῦμα
860 5529 993 5604 περϊ
1032 5533 1130 5657 την
1188 5529 1321 5605 ὓλην
1373 5532 1662 5603 γενόμενον
1728 5529 1978 5584 ὑπὸήτοῦ

406 5600 563 5655 Θεοῦ.
596 5601 756 5657 Velut
803 5619 928 5656 cum
953 5619 1074 5657 auat
1101 5620 1186 5657 am
1223 5603 1545 5657 habitudine
1575 5605 1639 5656 ad
1670 5601 1976 5657 materiam.

406 5600 563 5673 Θεοῦ.
596 5600 756 5659 Velut
803 5600 1186 5673 cum'quadam
1223 5600 1545 5657 habitudine
1575 5605 1639 5656 ad
1670 5601 1976 5673 materiam.

406 5678 461 5727 et
496 5671 572 5727 illi
605 5674 902 5739 addictum,
937 5671 983 5727 a‘
1009 5675 1306 5730 creatione.
1332 5673 1648 5731 Plusculum
1685 5673 1823 5727 forte
1846 5671 1979 5726 dicit

2086 5040 2245 5165 illudg
2272 5039 2501 5164 clontti'reti
2547 5055 2667 5093 cum
2694 5041 2940 5105 materia,
2965 5038 3210 5109 Petavii;
3243 5048 3302 5095 ut
3330 5045 3385 5095 et
3412 5054 3663 5108 corpora-

2109 5128 2174 5165 ιδ.
2249 5127 2277 5163 c
2302 5129 2349 5163 io
2404 5126 2438 5164 I.

2109 5112 2174 5173 is,
2209 5110 2438 5164 Schutti.

2158 5182 2270 5250 (ιδ)
2313 5180 2437 5234 llwc
2462 5179 2598 5232 enim
2632 5178 2809 5250 eatex
2832 5189 2928 5234 est.
2973 5177 3196 5235 Referre
3247 5180 3443 5250 legem,
3470 5188 3519 5235 et
3547 5180 3666 5250 ipse

2086 5249 2397 5312 contextus,
2421 5258 2475 5304 et
2499 5252 2675 5302 littera
2705 5249 2990 5319 Epiphanii
3019 5266 3123 5319 qua
3148 5249 3496 5320 exprimitur,
3526 5249 3664 5307 satis

2089 5321 2286 5375 docent
2322 5337 2334 5372 :
2375 5336 2548 5388 eoque
2579 5320 2840 5375 Schottus
2867 5320 3046 5373 minus
3067 5321 3203 5374 bene
3244 5322 3429 5375 retulit
3452 5322 3517 5374 ad
3543 5321 3664 5375 dia-

2088 5391 2271 5445 holum
2299 5391 2402 5445 sub
2450 5391 2649 5443 diaboli
2675 5459 2680 5460 γ
2707 5392 2927 5443 nomine
2964 5409 2976 5443 :
3016 5391 3279 5443 hactenus
3310 5394 3452 5444 enim
3487 5393 3661 5460 legem

2089 5461 2190 5531 legi
2220 5461 2465 5531 Opponit,
2491 5459 2722 5515 subinde
2750 5460 3100 5529 expositurus
3148 5470 3201 5514 et
3247 5461 3517 5517 divisione
3548 5459 3664 5517 de-

2088 5532 2413 5591 claraturus,
2441 5531 2749 5599 hujusmodi
2784 5532 2948 5600 leges.

2161 5599 2271 5670 (i9)
2289 5602 2508 5666 Καλός.
2541 5601 2623 5653 Al.
2655 5600 2839 5653 καλόν.

2159 5669 2269 5742 (50)
2294 5672 2700 5739 Πολύτροπος.
2736 5669 2955 5741 Epiph.,
2984 5684 3042 5725 τι.
3071 5669 3161 5735 60,
3199 5669 3560 5734 πολύπλοκος.
