4150 6412
430 417 537 473 5θὸ

1519 415 1610 471 EX
1650 418 1858 475 LIBRO
1897 417 1983 472 DE
2021 414 2624 473 RESURRECTlONE.

3585 410 3689 463 δυσὶ

428 535 709 599 νοός.Ἔνα
735 534 791 588 δὲ
823 531 914 588 τὸν
947 535 1013 589 ἐκ
1060 533 1363 606 προσϐολῆς
1416 535 1803 607 συνιστάμενον
1850 537 2008 607 νόμον

2119 536 2318 592 mentis
2341 536 2600 606 appellat.
2631 531 2815 587 Altera
2848 537 2932 585 est
2960 543 3081 600 qua:
3129 543 3198 583 ex
3227 525 3547 597 nequissimi
3583 527 3684 581 ima

426 627 521 683 τοῦ
556 625 817 698 πονηροῦ,
850 626 942 680 κα)⁸
970 628 1050 691 εἰς
1080 626 1181 690 τὰς
1208 625 1477 698 ἐμπαθεῖς
1507 627 1794 692 ἐξέλκοντα
1828 630 2017 685 πολλά-

426 737 513 783 κις
564 717 864 788 φαντασίας
916 717 1013 789 τὴν
1064 716 1263 788 ψυχὴν,
1306 717 1365 770 ὃν
1411 718 1898 791 ἐπιστρατεύεσθαι
1938 722 2015 794 τῷ

426 812 587 879 νόμῳ
614 809 719 864 τοῦ
745 809 887 876 νοὸς
916 808 1039 880 ἔφη.
1074 808 1186 863 Καὶ
1212 808 1395 881 τρίτον
1440 809 1581 863 κατὰ
1613 810 1711 881 τὴν
1738 813 2015 885 ἁμαρτίαν

426 902 489 954 ἐκ
540 901 637 971 τῆς
681 900 974 972 ἐπιθυμίας
1004 897 1348 972 σκιρὼσαντα
1383 900 1496 971 (51)
1544 902 1602 954 ἐν
1634 904 1699 973 τῇ
1733 905 1914 976 σαρκὶ,
1956 905 2015 958 ὃν

426 990 714 1060 ἁμαρτίας
762 991 952 1059 νόμον
979 989 1261 1043 οἰκοῦντα
1298 990 1369 1043 ἐν
1396 988 1521 1055 τοῖς
1542 989 1799 1060 μέλεσιν
1826 991 2017 1058 ἐκάλε-

427 1100 520 1136 σεν
545 1100 558 1113 ·
588 1076 632 1151 ᾧ
653 1082 1018 1154 ἐποχούμενος
1039 1081 1300 1145 πολλάκις
1329 1081 1452 1135 καθ’
1469 1084 1502 1152 ἡ
1512 1082 1628 1152 μῶν
1643 1082 2013 1151 ἐγκελεύεται,

427 1171 565 1245 πρὸς
593 1171 806 1225 ἀδικίαν
845 1171 939 1225 καὶ
971 1170 1201 1242 πράξεις
1230 1169 1571 1226 συνελαύνων
1604 1172 1801 1237 κακάς.
1829 1172 2018 1227 Φαίνε-

423 1281 513 1318 ται
540 1263 648 1336 γὰρ
668 1263 742 1326 ὡς
775 1264 989 1327 ἑαυτοῖς
1018 1266 1150 1335 ἡμῖν
1177 1262 1238 1316 τὸ
1272 1263 1373 1335 μὲν
1402 1262 1634 1334 βέλτιον,
1664 1264 1725 1318 τὸ
1753 1264 1810 1318 δὲ
1835 1268 2016 1340 χεῖρον

425 1358 505 1411 ὅν.
544 1356 655 1411 Καὶ
687 1358 813 1411 ὅταν
855 1356 1024 1430 μέλλῃ
1070 1356 1130 1410 τὸ
1180 1355 1387 1427 βέλτιον
1433 1356 1592 1426 φύσει
1639 1356 1734 1410 τοῦ
1776 1358 2016 1430 χείρονος

425 1448 855 1520 ἐγκρατέστερον
884 1447 1199 1519 γενηθῆναι,
1240 1450 1464 1522 φέρεται
1494 1450 1614 1515 ὅλος
1639 1451 1773 1521 πρὸς
1797 1452 1856 1505 τὸ
1880 1454 2019 1522 ἀγα-

426 1541 516 1593 θὸν
560 1542 588 1593 6
631 1540 788 1605 νοῦς·
834 1542 963 1594 ὅταν
998 1540 1053 1593 δὲ
1079 1541 1141 1594 τὸ
1180 1544 1360 1612 χεῖρον
1403 1542 1657 1615 ἐπιϐρίσῃ
1694 1544 2015 1610 πλεονάσαν,

425 1633 615 1703 ἄγεται
644 1632 803 1688 πάλιν
838 1634 1208 1706 ἀντιστρόφως
1258 1635 1396 1707 πρὸς
1428 1634 1721 1706 λογισμοὺς
1769 1637 2019 1710 χείρονας

424 1727 455 1778 6
487 1726 787 1801 ἄνθρωπος.
821 1718 896 1779 Οῦ
939 1726 1004 1797 δὴ
1047 1726 1143 1780 καὶ
1172 1726 1332 1799 χάριν
1374 1727 1403 1779 ὁ
1443 1727 1767 1792 ’Λπόστολος
1800 1727 2017 1800 εὔχεται

426 1817 689 1889 ρυσθῆναι
718 1858 733 1883 ,
785 1816 1013 1871 θάνατον
1066 1817 1199 1871 αὐτὸ
1258 1817 1351 1870 καὶ
1412 1817 1632 1889 ὄλεθρον
1678 1819 2012 1891 ἡγούμενος·

2116 628 2403 699 pressione
2429 625 2686 692 conﬂata,
2720 625 2775 679 in
2802 622 3030 678 vitiosas
3078 621 3278 690 szepius
3332 619 3690 689 cogitationes

2113 728 2167 775 et
2196 720 2516 790 phantasias
2560 720 2805 774 animum
2846 715 3097 786 conjicit.
3132 727 3298 784 quam
3348 711 3449 783 legi
3500 712 3690 766 mentis

2115 812 2387 867 adversari
2416 811 2576 867 dixit.
2635 808 2822 864 Tertia
2855 808 3099 869 demum,
3130 819 3252 874 qua;
3282 819 3379 874 per
3411 813 3690 874 peccatum

2113 921 2177 959 ex
2203 903 2503 975 cupiditate
2527 902 2681 957 carni
2706 899 2997 967 occalluit;
3048 913 3213 970 quam
3247 897 3359 962 ille,
3390 896 3550 967 legem
3582 911 3695 965 pec-

2115 996 2222 1049 cati
2255 995 2584 1049 habitantem
2620 996 2675 1048 in
2705 992 2954 1047 membris
3013 990 3236 1053 nostris,
3284 988 3504 1045 vocavit
3540 1006 3553 1043 :
3603 986 3694 1041 cui

2116 1090 2282 1143 etiam
2312 1087 2596 1159 improbus
2630 1087 2721 1143 ille
2753 1085 2929 1141 hostis
2964 1083 3208 1140 insidens
3239 1080 3375 1153 (55),
3422 1094 3565 1151 sape
3598 1078 3695 1133 ad-

2115 1196 2336 1237 versum
2357 1196 2459 1238 nos
2488 1180 2714 1244 excitat,
2747 1187 2911 1250 atque
2955 1177 3024 1232 ad
3069 1176 3398 1246 iniustitiam
3434 1173 3694 1230 scelesta-

2117 1290 2222 1344 que
2258 1274 2500 1328 facinora
2530 1272 2827 1342 compellit.
2861 1270 2996 1324 Nam
3028 1269 3187 1340 quasi
3232 1268 3391 1324 nobis
3418 1267 3553 1338 ipsis
3580 1265 3693 1335 (54)

2118 1365 2265 1419 aliud
2296 1379 2420 1420 esse
2445 1364 2685 1427 videtur,
2714 1362 2861 1432 quod
2898 1362 2969 1418 sit
2994 1361 3212 1424 melius,
3250 1360 3400 1415 aliud
3425 1358 3569 1429 quod
3606 1358 3694 1412 de-

2119 1455 2290 1510 terius
2317 1454 2410 1509 sit.
2438 1452 2688 1523 Cumque
2710 1454 2764 1508 id
2795 1451 2938 1522 quod
2965 1459 3160 1505 natura
3182 1450 3400 1514 melius,
3436 1449 3694 1505 deteriori

2116 1546 2398 1618 potentius
2428 1560 2553 1601 esse
2585 1545 2858 1609 debuerit,
2895 1559 3050 1598 mens
3098 1551 3210 1598 tota
3243 1542 3365 1612 ipso
3401 1542 3606 1611 impetu
3638 1540 3695 1595 in

2120 1638 2327 1693 bonum
2365 1634 2560 1690 fertur.
2600 1634 2739 1691 Cum
2771 1642 2951 1688 autem
2985 1632 3039 1687 id
3073 1632 3218 1702 quod
3250 1638 3333 1686 est
3362 1631 3539 1701 pejus,
3562 1645 3697 1686 exu-

2117 1731 2318 1786 berans
2343 1743 2445 1786 suo
2462 1727 2704 1800 pondere
2731 1726 3090 1798 depresserit,
3113 1732 3228 1780 tum
3258 1724 3476 1779 demum
3501 1739 3568 1778 ex
3596 1725 3697 1777 ad-

2117 1837 2279 1877 verso
2307 1822 2365 1877 in
2393 1821 2695 1877 deteriores
2720 1820 3083 1891 cogitationes
3122 1832 3365 1889 prmceps
3419 1818 3603 1887 agitur
3632 1830 3697 1871 ac

424 1906 612 1980 ὥσπερ
645 1908 708 1980 δὴ
732 1908 826 1963 καὶ
859 1911 887 1962 6
916 1909 1207 1981 προφήτης
1227 1926 1242 1940 ο
1296 1910 1431 1964 Ἀπὸ
1456 1910 1576 1965 τῶν
1602 1912 1871 1981 κρυφίων
1896 1930 2008 1983 μου

2122 1914 2375 1969 trahitur.
2408 1913 2587 1984 Atque
2612 1928 2677 1969 ea
2715 1928 2883 1968 causa
2927 1920 3013 1967 est
3043 1928 3144 1967 cur
3180 1909 3501 1984 Apostolus,
3548 1922 3697 1961 mor-

423 1999 756 2068 καθάρισον
786 2018 883 2071 με,
915 2000 1109 2070 λέγων.
1143 2001 1293 2056 Αὺτὰ
1337 1997 1431 2056 οῦν
1473 2002 1543 2057 τὰ
1597 2005 1816 2076 ῥήματα
1855 2005 2013 2059 τοῦτο

425 2091 715 2144 συνιστῶσι
739 2109 752 2121 ·
785 2090 1128 2161 Συνήδομαι
1154 2092 1265 2170 γᾴρ
1296 2090 1376 2158 τῷ
1407 2095 1569 2163 νόμῳ
1593 2095 1699 2148 τοῦ
1740 2096 1889 2150 Θεοῦ
1910 2113 2015 2150 κα-

421 2185 493 2236 τὰ
517 2182 623 2235 τόν
646 2182 789 2246 ἔσω,
822 2181 1090 2251 λέγοντος,
1118 2183 1434 2251 ἄνθρωπον
1453 2201 1466 2215 ’
1500 2185 1712 2250 ,βλέπω
1736 2186 1788 2240 δ’
1810 2187 2014 2258 ἕτερον

418 2275 607 2343 νόμον
635 2272 761 2339 τοῖς
786 2273 1002 2343 μέλεσί
1020 2293 1160 2344 μου,
1186 2276 1799 2348 ἀντιστρατεϋόμενον
1818 2279 1900 2347 τῷ
1921 2281 2014 2335 νό-

419 2383 513 2433 ιιῳ
538 2364 643 2419 τοῦ
672 2366 813 2433 νοός
833 2384 975 2435 μου,
1011 2367 1108 2420 καὶ
1135 2369 1641 2438 αἰχμαλωτίζοντά
1660 2389 1738 2440 με
1756 2370 1836 2437 τῷ
1850 2372 2012 2441 νόμῳ

420 2475 530 2526 της
546 2458 857 2527 ἁμαρτίας,
883 2457 963 2524 τῷ
992 2458 1120 2514 ὄντι
1148 2461 1218 2513 ἐν
1247 2460 1372 2527 τοῖς
1387 2461 1608 2532 μέλεσι
1632 2481 1772 2532 μου.
1807 2465 2013 2518 Tuda!-

418 2567 615 2619 πωρος
642 2551 756 2622 ἐγὼ
787 2551 1132 2620 ἅνθρωπος]
1173 2555 1265 2620 Τίς
1287 2573 1364 2625 με
1383 2557 1637 2623 ῥύσεται
1666 2556 1733 2610 ἐκ
1756 2557 1863 2611 τοῦ
1894 2556 2012 2611 σώ-

417 2662 604 2715 ματος
635 2645 741 2699 τοῦ
775 2646 1036 2702 θανάτου
1070 2648 1283 2701 τούτου
1303 2664 1321 2712 ;
1349 2648 1423 2701 Οὐ
1468 2648 1530 2702 τὸ
1576 2648 1738 2720 σῶμα
1780 2648 2010 2703 θάνατον

420 2738 877 2809 ἀποφαινόμενος,
913 2738 1047 2792 ἀλλὰ
1076 2738 1167 2792 τὸν
1196 2740 1363 2811 νόμον
1393 2740 1495 2811 τῆς
1528 2742 1802 2814 ἁμαρτίας
1830 2741 1921 2795 τὸν
1951 2743 2010 2795 ἐν

416 2832 533 2894 τοῖς
564 2829 771 2902 μέλεσι,
799 2828 884 2883 διά
913 2830 1013 2901 τῆς
1048 2830 1413 2902 παραϐάσεως
1461 2832 1520 2886 ἐν
1553 2835 1686 2905 ἡμῖν
1729 2833 2011 2904 ἐμφωλεύ-

417 2941 568 2989 οντα,
593 2924 691 2977 καὶ
723 2923 859 2995 πρὸς
889 2922 1119 2977 θάνατον
1141 2925 1228 2977 ἀεὶ
1256 2923 1396 2997 [τὸν]
1424 2925 1522 2997 τῆς
1550 2925 1766 2990 ἀδικίας
1788 2925 1886 2999 τὴν
1908 2925 2012 2996 ψυ-

419 3014 520 3087 χὴν
572 3015 1306 3089 ἐμφαντάζοντα.Ἐπιφὲρει
1351 3015 1484 3087 γοῦν
1534 3017 1758 3082 εὐθέως,
1815 3018 2009 3089 ἀμέλει

416 3107 785 3178 διαλυόμενος,
821 3108 1003 3162 ὁποίου
1049 3108 1281 3163 θανάτου
1324 3107 1568 3179 ἐγλίχετο
1600 3108 1885 3182 ῥυσθῆναι,
1915 3109 2009 3162 καὶ

416 3202 502 3264 τίς
531 3200 690 3254 αὐτὸν
723 3203 751 3256 6
782 3202 1045 3273 ῥυόμενος
1070 3197 1138 3274 ἦν
1164 3220 1177 3231 ·
1211 3201 1391 3270 Χάρις
1421 3201 1489 3255 δὲ
1512 3200 1591 3267 τῷ
1625 3200 1748 3267 Θεῷ
1776 3201 1873 3255 διὰ
1900 3200 2008 3255 τοῦ

2121 2012 2229 2059 tem
2258 2004 2551 2074 quamdam
2586 2011 2640 2058 et
2684 2002 2914 2058 exitium
2957 2017 3070 2056 rem
3107 1982 3428 2062 arbitratus,
3478 1996 3696 2051 liberari

2121 2114 2181 2152 se
2228 2104 2414 2167 optet;
2465 2093 2930 2166 quemadmodum
2998 2093 3164 2148 etiam
3218 2090 3516 2162 PrOpheta,
3570 2103 3697 2143 cum

2120 2188 2197 2242 ait
2219 2188 2313 2242 ‘3:
2357 2186 2436 2241 Ab
2484 2186 2703 2241 occultis
2766 2187 2893 2239 meis
2951 2183 3150 2238 munda
3214 2199 3312 2237 me.
3364 2180 3513 2237 Istud
3550 2179 3698 2235 enim

2117 2282 2283 2337 verba
2312 2282 2431 2351 ipsa
2460 2296 2571 2351 prae
2601 2295 2660 2335 se
2687 2278 2869 2333 ferunt
2909 2298 2922 2334 :
2957 2277 3304 2333 Condelector
3332 2276 3494 2337 enim,
3521 2274 3699 2344 inquit

2121 2367 2189 2433 ⁸⁸,
2224 2369 2323 2439 legi
2344 2367 2440 2422 Dei
2460 2367 2746 2422 secundum
2770 2368 3070 2422 interiorem
3092 2367 3375 2420 hominem.
3408 2363 3567 2420 Video
3598 2380 3700 2419 att-

2121 2469 2224 2514 tem
2254 2461 2420 2513 aliam
2450 2459 2610 2531 legem
2632 2460 2689 2513 in
2717 2459 2965 2515 membris
2994 2461 3145 2523 meis,
3198 2467 3571 2529 repugnantem
3599 2458 3700 2531 legi

2118 2551 2306 2605 mentis
2334 2567 2485 2619 mete,
2507 2560 2558 2605 et
2583 2552 2939 2621 captivantem
2976 2568 3058 2605 me
3089 2552 3189 2621 legi
3219 2552 3445 2621 peccati,
3476 2568 3592 2622 qum
3621 2561 3701 2606 es:

2116 2645 2171 2698 in
2201 2643 2448 2700 membris
2471 2645 2622 2699 meis.
2648 2643 2851 2715 Infelix
2868 2661 2962 2715 ego
2990 2645 3182 2698 homo!
3225 2643 3356 2710 Quis
3386 2660 3467 2698 me
3506 2644 3700 2698 libera-

2118 2735 2191 2791 bit
2235 2736 2299 2790 de
2344 2753 2565 2807 corpore
2609 2738 2797 2791 mortis
2842 2736 3048 2806 hujus?
3107 2734 3322 2802 Quibus
3354 2750 3461 2790 non
3497 2749 3700 2805 corpus

2116 2839 2349 2884 mortem
2399 2830 2744 2899 pronuntiat,
2795 2830 2889 2884 sed
2921 2829 3131 2899 peccati
3176 2829 3345 2898 legem
3376 2842 3498 2898 qua:
3523 2833 3609 2883 est
3642 2827 3697 2881 in

2117 2920 2400 2985 membris,
2435 2920 2492 2975 in
2534 2922 2738 2991 quibus
2766 2937 2796 2975 a
2830 2921 3031 2975 violato
3063 2918 3321 2974 mandato
3365 2934 3465 2974 ceu
3495 2918 3700 2973 latibu-

2116 3010 2230 3064 lum
2257 3010 2440 3077 habet,
2476 3026 2579 3067 nec
2619 3013 2864 3067 animum
2900 3011 2969 3067 ad
2998 3010 3284 3081 iniustitia:
3319 3017 3572 3075 mortem,
3600 3026 3699 3065 va~

2115 3103 2216 3159 riis
2264 3104 2591 3176 imaginibus
2639 3104 2939 3169 illudendo,
2975 3104 3193 3160 trahere
3240 3105 3461 3161 desinit.
3500 3103 3695 3161 Statim

2115 3210 2246 3265 ergo
2278 3194 2441 3251 infert
2471 3216 2483 3251 :
2520 3197 2780 3252 nimirum
2841 3197 3202 3267 quaestionem
3257 3197 3569 3253 dissolvens
3599 3195 3699 3251 de-

430 3292 627 3360 ’Ῑησοῦ
653 3293 933 3362 Χριστοῦ.
963 3293 1305 3365 Προσεκτέον
1328 3292 1405 3356 δὲ,
1434 3293 1483 3345 εί
1509 3292 1570 3345 τὸ
1598 3292 1758 3362 σῶμα
1781 3291 2008 3346 θάνατον

2113 3288 2440 3358 claransque
2461 3286 2575 3361 (55)
2604 3304 2712 3360 qua
2738 3295 2912 3344 morte
2940 3296 3167 3358 cuperet
3195 3288 3438 3350 liberari,
3459 3296 3511 3343 et
3536 3303 3567 3342 a
3586 3301 3696 3359 quo

419 3384 595 3447 τοῦτο,
617 3378 661 3438 ὧ
697 3385 1007 3454 Ἀγλαοφῶν
1028 3385 1162 3456 (52),
1185 3387 1261 3449 ὡς
1291 3385 1656 3457 ὑπειλήφατε,
1676 3386 1883 3456 ἔλεγεν,
1907 3388 2009 3440 οὐκ

420 3474 487 3527 ἂν
529 3475 618 3527 τὸν
662 3475 919 3548 Χριστὸν,
945 3476 1021 3539 ὡς
1070 3476 1335 3548 ῥυόμενον
1379 3477 1542 3531 αὐτὸν
1570 3476 1795 3549 ὕστερον
1821 3479 1885 3531 ἐκ
1912 3458 2007 3532 τοῦ

420 3566 662 3620 τοιούτου
709 3567 905 3632 κακοῦ,
955 3568 1566 3640 παρελάμϐανεν.Ἐπεὶ
1608 3569 1661 3622 τί
1706 3570 2008 3643 παράδοξον

419 3661 527 3713 ἀπὸ
546 3659 639 3712 τοῦ
663 3660 901 3733 Χριστοῦ
926 3661 1024 3732 τῆς
1046 3662 1348 3733 παρουσίας
1370 3663 1686 3733 ἐσχήκαμεν
1709 3680 1723 3729 ;
1749 3663 1816 3716 Τί
1833 3663 1889 3717 δὲ
1914 3664 2008 3717 καὶ

418 3752 448 3804 6
476 3752 794 3816 ’Λπόστολος
817 3752 974 3816 ὅλως,
1000 3753 1075 3816 ὡς
1100 3752 1188 3806 διὰ
1206 3753 1307 3822 τῆς
1332 3754 1630 3825 παρουσίας
1652 3754 1748 3808 τοῦ
1770 3754 2005 3828 Χριστοῦ

417 3843 654 3914 δυναμού
663 3861 820 3915 μενος
846 3842 938 3897 τοῦ
962 3843 1191 3897 θανάτου
1222 3845 1327 3898 ὑπὸ
1350 3844 1443 3898 τοῦ
1464 3845 1599 3899 Θεοῦ
1640 3846 1822 3899 ἐλευθε
1832 3846 2004 3919 ρωθῆ-

418 3954 526 3999 ναι,
543 3935 701 3989 τοῦτο
722 3936 1019 4006 ἐφθέγγετο
1034 3953 1047 3966 °
1073 3937 1234 3989 ὁπότε
1256 3937 1389 3989 πᾶσι
1413 3937 1505 3989 καὶ
1527 3936 1633 4009 πρὸ
1654 3936 1747 3991 τοῦ
1768 3938 1859 3992 τὸν
1880 3939 2006 4010 Χρι-

420 4029 545 4083 στὸν
568 4028 740 4081 ἐλθεῖν
778 4029 860 4092 είς
883 4029 972 4082 τὸν
1000 4029 1204 4099 κόσμον
1231 4028 1512 4084 συνέϐαινε
1536 4028 1820 4102 θνήσκειν;
1844 4031 2006 4083 Ὥστε

416 4121 481 4175 οὐ
520 4119 580 4174 τὸ
624 4119 782 4191 σῶμα
820 4118 999 4185 τοῦτο,
1024 4114 1068 4174 ὦ
1102 4119 1437 4190 Ἀγλαοφῶν,
1465 4119 1713 4188 θάνατον,
1736 4120 1872 4176 ἀλλὰ
1908 4122 2007 4194 τὴν

491 4276 536 4308 ⁸⁸
562 4275 711 4331 Psal.
736 4291 891 4340 xvm,
926 4276 1013 4331 l3.
1096 4275 1139 4307 ⁸³
1175 4275 1328 4331 Rom.
1361 4293 1459 4341 vn,
1480 4275 1674 4332 22-24.
1754 4278 1800 4310 "°
1825 4276 1952 4331 ibid.
1984 4276 2074 4332 25.

475 4435 607 4521 ,(31)
639 4433 892 4503 Σκιρώσ.
918 4432 1331 4506 Σκιρρὡαντα.
1364 4433 1559 4504 Epiph.
1584 4449 1641 4488 ιι.
1673 4432 1764 4496 61,
1827 4434 2006 4490 ἐνσκι-

438 4524 534 4559 5100
539 4523 672 4560 αντα
680 4547 694 4560 .

423 4526 694 4580 ρωσαντα.

494 4577 605 4645 (52)
650 4578 812 4645 ’ATJ.
862 4573 1053 4639 Sirm.,
1110 4573 1481 4645 Ἀγλαόφρων,
1527 4584 1586 4629 ιιι
1638 4581 1801 4645 paqu
1847 4580 1994 4642 post.

421 4648 491 4701 At
524 4644 859 4715 Epiphanius
892 4646 1115 4714 ubique,
1160 4644 1498 4715 Ἀγλαοφῶν.

494 4712 605 4783 (55)
629 4712 740 4770 'Cui
760 4716 919 4770 etiam
950 4712 1218 4782 improbus
1245 4713 1337 4767 ille
1380 4713 1550 4766 hostis
1599 4713 1854 4767 insidens.
1908 4712 2003 4766 Sic

423 4789 579 4857 clare,
602 4786 745 4857 apud
789 4784 1176 4857 Epiphanium,
1234 4783 1524 4857 referendo
1557 4783 1857 4857 diabolum,
1909 4783 2003 4853 qui

427 4853 667 4915 invadat.
705 4872 769 4910 ac
802 4853 951 4910 velut
994 4855 1261 4923 inequitet
1292 4854 1600 4923 cupiditati.
1658 4854 1779 4923 ejus
1812 4853 1864 4907 in
1900 4868 2002 4908 nos

423 4936 606 4981 motus
642 4926 986 4981 inordinatus
1021 4922 1381 4979 succendens.
1419 4923 1554 4978 Male
1582 4938 1712 4993 ergo
1740 4922 2001 4993 Schottus

424 5000 609 5052 retulit
642 4997 707 5051 ad
753 4996 1052 5062 hominem,
1098 4994 1220 5065 ipso
1265 4995 1429 5050 etiam
1484 4992 1821 5065 repugnante
1858 4992 2004 5048 Pho—

421 5069 572 5122 tiano
592 5076 869 5123 contextu.

496 5137 768 5209 (διμναῖα
799 5138 954 5209 quasi
1001 5135 1149 5209 nobis
1176 5136 1325 5203 ipsis.
1351 5206 1363 5209 _
1391 5134 1477 5209 Ὡς
1505 5135 1751 5209 ἑαυτοῖς,
1782 5134 1905 5209 vel,
1942 5142 2002 5190 ut

423 5204 832 5278 apnd'Epiphf,
896 5205 971 5265 ὡς
1000 5208 1073 5278 ,ἐν
1130 5208 1263 5278 ἡμῖν
1306 5206 1509 5278 αὐτοῖς,
1543 5205 1794 5278 quodin
1855 5204 1997 5278 idem

424 5275 584 5333 redit.
614 5275 1101 5348 Significaturista
1131 5275 1352 5348 bonitas
1402 5276 1485 5328 vel
1548 5275 1775 5348 malitia,
1827 5283 1908 5348 ιιιΔ
1941 5275 1996 5329 in

424 5351 581 5405 nubis
643 5343 706 5402 ac
756 5363 923 5431 penes
969 5346 1261 5431 judicium.
1298 5354 1581 5428 nostrum:
1630 5343 1999 5431 sequentibus

423 5436 553 5473 vero
576 5415 799 5487 exponit
821 5418 1120 5473 discrimen
1152 5422 1336 5487 motus
1368 5415 1547 5487 animi
1569 5415 1621 5469 in
1644 5415 1701 5487 id
1722 5417 1868 5487 quod
1901 5430 1999 5487 na-

423 5500 542 5544 tura
565 5484 765 5542 bonum
791 5496 894 5549 cst,
923 5497 976 5541 et
1005 5487 1056 5540 id
1088 5486 1234 5557 quod
1259 5494 1467 5540 tantum
1503 5486 1572 5540 ab
1598 5484 1884 5557 ell‘ectione
1911 5486 1998 5540 hic

421 5570 475 5616 et
514 5575 662 5614 nunc
682 5560 810 5613 boni
845 5556 1311 5612 rationem'induit
1346 5577 1358 5611 :
1393 5564 1452 5609 ut
1482 5558 1533 5609 in
1571 5556 1702 5610 illud
1733 5565 1882 5611 totus
1917 5556 1997 5611 fe-

421 5642 594 5698 ratur,
616 5631 764 5684 velut
793 5644 895 5683 suo
923 5630 1038 5697 ipse
1066 5626 1337 5697 pondere;
1388 5628 1442 5680 in
1465 5625 1595 5698 illud
1631 5628 1776 5698 velut
1809 5627 1997 5698 traha-

421 5710 512 5756 tur
546 5697 611 5757 ac
653 5701 705 5754 vi
740 5699 975 5769 quadam
1031 5707 1223 5767 agatur
1253 5714 1266 5748 :
1296 5698 1376 5753 sic
1428 5697 1573 5751 enim
1628 5697 1717 5750 illa
1768 5697 1994 5769 φέρεται

422 5783 476 5827 et
509 5774 720 5840 ᾶγεται,
755 5771 969 5825 delectu
999 5769 1338 5837 signiﬁcant;
1361 5769 1474 5840 sive.
1529 5775 1861 5840 postremum
1912 5784 1996 5822 re-

425 5836 567 5896 ferat
586 5841 677 5896 τδν
709 5840 854 5903 νοῦν,
891 5846 951 5892 ιιι
981 5836 1157 5909 potest
1186 5837 1473 5909 commode
1500 5837 1641 5909 apud
1688 5836 1943 5909 Photium
1976 5856 1989 5891 :

425 5915 537 5970 sive
565 5912 652 5967 τὸν
686 5906 997 5983 ἄνθρωπον,
1024 5916 1082 5965 ut
1103 5919 1186 5966 est
1215 5909 1355 5980 apud
1383 5908 1764 5981 Epiphanium.
1790 5906 1925 5964 Nam
1942 5916 1995 5964 et

2113 3380 2430 3437 liberandus
2461 3390 2608 3437 esset
2640 3399 2653 3434 :
2690 3378 2903 3445 Gratia,
2939 3381 3140 3450 inquit,
3193 3380 3301 3435 Deo
3335 3380 3449 3451 (56)
3482 3396 3573 3449 per
3599 3377 3694 3434 Je-

2114 3494 2234 3532 sum
2262 3476 2534 3532 Christum
2564 3478 2636 3531 "°.
2674 3475 2887 3548 Quippe
2915 3475 3203 3547 diligenter
3250 3473 3691 3530 animadversum

2113 3571 2277 3625 velim
2313 3589 2326 3626 :
2363 3570 2410 3626 si
2445 3585 2646 3641 corpus
2666 3569 2793 3635 hoc,
2825 3576 2887 3624 ut
2911 3567 3260 3631 existimatis,
3294 3582 3327 3622 ο
3351 3565 3691 3637 Aglaophon,

2114 3670 2345 3716 mortem
2407 3660 2661 3726 dixisset,
2721 3660 3145 3731 haudquaquam
3199 3658 3438 3721 Christi,
3498 3665 3559 3712 ut
3605 3657 3693 3712 sui

2114 3755 2464 3825 postmodum
2505 3755 2573 3810 ab
2611 3754 2883 3825 ejusmodi
2914 3753 3059 3809 malo
3088 3752 3423 3815 liberatoris,
3455 3751 3693 3806 mentio-

2112 3859 2239 3903 nem
2271 3846 2570 3903 facturum.
2606 3847 2825 3918 Alioqui
2860 3847 3007 3903 enim
3059 3845 3191 3916 quid
3224 3845 3384 3900 nobis
3418 3842 3695 3913 singulare

2114 3938 2443 3994 accessisset
2495 3938 2701 3994 Christi
2752 3938 3029 3993 adventu?
3083 3936 3227 4003 Quid
3288 3953 3420 3992 vero
3468 3935 3693 3991 omnino

2113 4028 2429 4099 Apostolus,
2470 4028 2629 4099 quasi
2663 4027 2868 4083 Christi
2904 4027 3195 4097 praesentia
3228 4025 3608 4090 conlirmatus,
3633 4031 3694 4079 ut

2118 4121 2212 4177 Dei
2244 4120 2508 4176 beneﬁcio
2536 4131 2766 4176 mortem
2796 4120 2936 4176 liber
2964 4119 3238 4183 evaderet,
3272 4116 3418 4173 istud
3448 4131 3693 4189 pronun-

2113 4431 2318 4485 homini
2355 4431 2651 4487 violentum
2681 4438 2786 4494 est,
2814 4430 3116 4501 quodiejus
3148 4428 3342 4501 potiori
3391 4429 3555 4501 parti,
3593 4428 3690 4484 καὶ

2112 4501 2188 4572 τῷ
2211 4505 2269 4555 ἐν
2301 4502 2451 4573 αὐτῷ
2471 4503 2785 4573 ἡγεμονικῷ
2814 4498 2922 4573 vim
2964 4498 3119 4573 facit.
3148 4498 3687 4573 Neuterjinterpreg

2111 4569 2245 4627 satis
2277 4569 2502 4628 videtur
2521 4569 2661 4626 hanc
2687 4569 3043 4628 Methodianaa
3070 4572 3285 4641 phrasis
3314 4569 3381 4625 ad
3417 4572 3688 4626 intentum

2033 4621 2080 4677 Β
2106 4621 3182 4713 ipsisipsi-sariasestimates;

2182 4706 2949 4785 (55yNii'nirum‘anestione'm
2966 4711 3254 4785 dissolvens
3272 4711 3682 4785 ideclaransgue,

2105 4781 2212 4838 etc.
2258 4783 2473 4853 Ἀμέλει
2506 4782 2875 4853 διαλυόμενος.
2909 4784 2968 4837 In
3009 4783 3150 4838 idem
3188 4784 3327 4837 redit
3380 4783 3521 4853 apud
3552 4781 3683 4850 Epi-

2107 4852 2366 4923 phanium
2412 4871 2469 4908 n.
2506 4852 2598 4917 62,
2643 4852 2705 4924 το
2737 4853 3141 4924 διαλεγόμενος,
3179 4854 3327 4908 velut
3371 4852 3680 4924 edisserens.

2107 4922 2368 4979 Schottus
2390 4939 2519 4979 vero
2549 4923 2737 4995 nescio
2763 4940 2871 4994 qua
2898 4922 3209 4995 parenthesi
3227 4922 3682 4995 totutniinvolvit,

2099 4995 2324 5064 jamque
2354 5002 2576 5065 repente
2622 4993 2912 5048 liberatum
2948 4994 3175 5049 Paulum
3211 5009 3372 5065 quem
3402 4994 3680 5065 hactenus

2103 5063 2473 5136 captivitatem
2517 5070 2836 5136 querentem
2871 5064 3194 5136 habuimus1
3229 5063 3460 5136 inducit.

2175 5130 2285 5206 (56)
2312 5133 2504 5206 Gratia
2537 5130 2674 5189 'Deo.
2712 5133 2924 5189 Habent
2958 5136 3133 5206 modo
3156 5133 3346 5189 Graeca
3375 5130 3684 5206 εὐχαριστῶ

2102 5204 2189 5277 τῷ
2210 5204 2350 5276 Θεῷ,
2387 5221 2489 5261 nec
2512 5216 2597 5261 est
2631 5206 2924 5261 verisimile
2958 5204 3127 5262 fuisse
3148 5207 3200 5259 in
3236 5206 3344 5260 illis
3382 5204 3677 5277 quidquam

2103 5272 2412 5330 mutatum:
2446 5291 2511 5331 ac
2535 5292 2634 5346 nec
2674 5283 2924 5329 nostrum
2961 5276 3323 5346 interpretem,
3352 5272 3457 5331 sibi
3500 5272 3682 5346 indul-

2103 5346 2263 5409 sisse,
2295 5347 2441 5417 quod
2466 5348 2554 5401 hic
2584 5345 2867 5417 Schottus.
2901 5355 2958 5399 ut
2989 5343 3125 5414 grati
3161 5345 3328 5399 animi
3359 5343 3679 5417 ειμι-θεξίοη

2102 5432 2225 5471 nem
2250 5412 2419 5480 illam,
2452 5418 2505 5470 in
2546 5416 2792 5471 heneticri
2823 5412 3179 5471 assertionem
3199 5412 3510 5470 mutaverit.
3546 5412 3683 5469 Cre-

2103 5486 2332 5558 diderim
2365 5503 2495 5558 ergo
2527 5486 2853 5558 reddidisse,
2888 5492 2945 5558 ut
2984 5486 3325 5558 Methmliana
3355 5484 3422 5539 ad
3453 5484 3677 5558 verbum

2099 5556 2341 5612 habent:
2382 5554 2568 5611 Gratia
2596 5557 2723 5614 Deo.
2757 5557 2902 5627 quod
2938 5558 3190 5627 subinde,
3212 5554 3679 5627 scriptorumjm-

2101 5629 2296 5696 peritia
2330 5636 2540 5682 mutato
2572 5646 2601 5682 0
2633 5628 2686 5681 in
2719 5623 2981 5691 i,_Gratia
3023 5626 3117 5680 Dei
3171 5623 3375 5681 factum
3413 5626 3505 5682 sit.
3541 5623 3679 5696 Nam

2098 5695 2154 5753 et
2203 5698 2569 5770 Hieronymus
2612 5704 2807 5767 qua-st.
2844 5696 2899 5770 8_,
2952 5696 3019 5751 ad
3066 5697 3343 5770 Algasiam
3393 5697 3467 5770 ita
3509 5695 3675 5770 legit;

2140 5784 2200 5823 ro
2228 5785 2339 5840 quq
2366 5761 2554 5840 pbstea
2588 5761 2810 5840 reperit,
2854 5764 3069 5822 Gratias
3112 5761 3207 5840 σξιο
3240 5766 3364 5822 Deo.
3406 5761 3585 5823 Plura'
3610 5761 3674 5820 Ρ.

2146 5838 2276 5897 ucas
2315 5838 2628 5912 Brugensis,
2656 5838 2837 5895 Estius
2867 5847 2920 5893 ct
2942 5840 3053 5893 alii.
