4150 6422
465 428 571 485 ωπ

1446 431 1504 487 S.
1547 431 1876 488 METIIODH
1918 433 2228 493 EPISCOPI
2274 438 2361 493 ET
2402 439 2763 496 MARTYRIS

3627 451 3733 505 3:28

466 555 680 613 "asset,
730 562 855 602 cum
897 547 1179 614 omnibus,
1223 548 1542 620 priusquam
1597 553 1758 607 etiam
1789 552 2042 609 Christus

2152 557 2424 629 ἁμαρτῖαν
2444 560 2544 631 τὴν
2566 563 2968 633 κατοικήσασαν
2990 559 3079 614 διὰ
3100 560 3200 633 τῆς
3239 562 3527 635 ἐπιθυμίας
3565 566 3621 618 ἐν
3653 565 3733 637 τῷ

467 639 673 695 veniret
698 642 752 695 in
784 640 1072 707 mundum,
1102 643 1242 697 mori
1269 644 1651 714 contingeret?
1680 646 1870 717 Itaque
1934 664 2047 702 non

464 747 665 803 corpus
704 733 830 796 hoc,
880 749 914 789 o
962 736 1306 806 Aglaophon,
1365 748 1597 792 mortem
1655 740 1913 809 appeilat,
1949 740 2047 796 sed

464 834 750 894 peccatum
785 826 930 897 quod
955 843 1052 898 per
1080 828 1437 899 cupiditatem
1472 831 1530 885 in
1560 846 1789 902 corpore
1818 833 2044 902 residet;

463 934 495 971 a
528 933 638 989 quo
688 917 832 974 Deus
882 919 1091 975 Christi
1135 921 1371 977 adventu
1423 923 1603 992 ipsum
1662 926 1882 994 eripuit.
1939 925 2049 982 Lex

461 1012 603 1065 enim
640 1013 683 1043 “
722 1013 942 1081 spiritus
967 1016 1088 1068 vita:
1117 1014 1170 1068 in
1196 1014 1412 1069 Christo
1439 1014 1591 1081 Jesu,
1619 1017 1860 1073 liberavit
1894 1036 1988 1072 nos
2014 1037 2048 1074 a

465 1105 576 1175 lege
602 1107 808 1174 peccati
833 1116 884 1161 et
919 1108 1104 1162 mortis
1148 1125 1167 1163 :
1216 1117 1274 1162 ut
1324 1110 1415 1180 qui
1464 1113 1742 1167 suscitavit
1781 1113 1965 1169 Iesum
2015 1133 2048 1170 a

464 1199 715 1263 mortuis,
749 1209 964 1269 propter
996 1201 1380 1257 inhabitantem
1419 1203 1682 1273 Spiritum
1715 1208 1830 1277 ejus
1865 1209 1920 1263 in
1949 1225 2047 1265 no-

465 1288 569 1353 bis,
595 1291 818 1360 viviﬁcet
847 1300 896 1345 et
940 1294 1195 1347 mortalia
1247 1309 1471 1363 corpora
1526 1307 1735 1362 nostra,
1791 1297 2046 1355 damnato

463 1391 678 1436 peccato
725 1383 869 1453 quod
904 1391 990 1439 est
1046 1384 1104 1438 in
1153 1399 1406 1457 corpore,
1443 1389 1510 1443 ad
1541 1389 1894 1446 abolitionem
1926 1410 1939 1445 :
1978 1390 2048 1446 Ut

466 1473 781 1542 mstiﬁcatio
815 1474 943 1543 legis
1001 1475 1292 1538 naturalis,
1345 1486 1718 1535 consentanea
1778 1489 2047 1552 praecepto

463 1575 573 1634 qua
609 1566 880 1620 trahimur
901 1567 955 1621 in
990 1568 1217 1635 bonum,
1254 1585 1355 1625 ceu
1390 1587 1584 1628 recens
1610 1587 1843 1629 accensa
1878 1592 2049 1629 novo-

463 1673 571 1726 que
602 1665 760 1713 aucta
795 1659 999 1715 lumine
1023 1659 1159 1733 (57).
1192 1661 1509 1733 refulgeret.
1538 1662 1743 1718 Etenim
1778 1666 1925 1736 quod
1950 1683 2047 1721 na-

462 1750 658 1805 turalis
712 1752 798 1805 tea:
845 1752 1006 1808 nobis
1053 1754 1220 1809 insita
1253 1764 1511 1824 prestare
1542 1772 1647 1811 nam
1677 1766 1910 1822 poterat,
1940 1776 2047 1829 qua

460 1852 611 1911 parte
641 1843 908 1898 imbecilla
936 1855 1074 1910 erat,
1107 1846 1363 1902 vincente
1386 1848 1551 1903 insita
1585 1851 1804 1921 corpori
1830 1853 2042 1921 cupidi-

462 1942 595 2000 tate,
626 1938 973 1994 conﬁrmavit
995 1940 1480 2012 corroboravitque
1517 1942 1681 2010 Deus,
1706 1946 1870 2000 misso
1897 1943 2042 2002 Filio

462 2044 580 2094 suo,
612 2044 770 2082 carne
797 2039 1073 2097 assumpta
1106 2031 1273 2085 simili
1298 2033 1451 2085 carni
1480 2036 1684 2103 peccati
1727 2052 1746 2089 :
1788 2044 1847 2089 ut
1887 2038 2045 2108 adju-

462 2118 646 2173 dicato
690 2121 813 2176 neci
840 2130 1086 2192 peccato,
1123 2131 1183 2177 ut
1207 2140 1274 2180 ne
1301 2125 1443 2182 ullos
1477 2129 1715 2198 amplius
1769 2130 1825 2184 in
1878 2146 2044 2187 carne

461 2206 678 2263 fructus
706 2210 914 2276 ederet,
929 2211 1256 2282 justiﬁcatio
1292 2214 1418 2285 legis
1455 2225 1666 2273 natura:
1711 2220 2040 2290 impteretur,

462 2300 790 2357 oboedientiae
816 2305 1012 2358 merito
1045 2304 1114 2359 iis
1148 2306 1481 2369 exuberans,
1507 2310 1601 2379 qui
1632 2327 1743 2365 non
1765 2327 1832 2366 ex
1857 2314 2044 2371 carnis

462 2393 789 2461 cupiditate,
817 2395 911 2449 sed
937 2411 1003 2450 ex
1044 2396 1275 2467 Spiritus
1308 2398 1586 2455 desiderio
1614 2405 2045 2477 praescriptoque

463 2483 802 2540 incederent.
837 2484 946 2539 Lex
978 2488 1115 2541 enim
1145 2488 1363 2555 spiritus
1395 2491 1535 2555 vitaz,
1560 2492 1665 2547 hoc
1689 2501 1772 2548 est
1798 2493 2045 2567 Evange-

465 2577 625 2641 lium,
661 2577 729 2631 ab
755 2579 1133 2648 superioribus
1156 2581 1368 2649 legibus
1393 2598 1535 2638 nova
1559 2585 1648 2640 lex
1672 2585 1808 2658 (58),
1843 2589 2044 2658 praedi-

462 2669 700 2734 catione,
719 2670 787 2725 ad
806 2673 1169 2729 obedientiam
1189 2683 1650 2748 peccatorumque
1664 2680 2043 2736 remissionem

464 2763 663 2830 posita,
694 2778 724 2817 a
748 2764 862 2835 lege
895 2780 1001 2820 nos
1025 2767 1234 2836 peccati
1287 2776 1341 2822 et
1378 2770 1594 2835 mortis,
1643 2781 1865 2841 peccato
1897 2774 2044 2843 quod

464 2856 520 2909 in
549 2870 718 2911 carne
748 2857 1013 2926 regnabat
1046 2873 1271 2929 prorsus
1305 2858 1542 2929 devicto,
1579 2862 1785 2922 liberos
1820 2866 1971 2922 fecit.

536 3034 629 3090 Π.
665 3033 890 3093 Plantas
934 3037 1011 3091 ait
1046 3035 1402 3115 [Methodius]
1442 3057 1543 3098 nec
1576 3044 1650 3099 ali
1692 3054 1899 3101 eterra
1943 3065 2045 3105 nec

465 3128 674 3198 augeri.
712 3127 871 3194 Nam,
911 3129 1109 3198 inquit,
1141 3132 1356 3188 dubitet
1404 3136 1677 3205 quispiam
1702 3178 1719 3202 ,
1770 3144 2045 3209 quomodo

2151 647 2385 719 σώματι,
2408 650 2620 719 λέγειν·
2646 647 2715 724 ἧς
2752 656 2780 707 ὀ
2817 653 2950 716 Θεὸς
2985 654 3148 707 αὐτὸν
3183 654 3270 708 διὰ
3290 655 3390 727 τῆς
3431 657 3735 728 παρουσίας

2147 736 2242 792 τοῦ
2281 741 2518 812 Χριστοῦ
2560 744 2848 815 ἐρρύσατο.
2870 746 2922 797 '0
2960 745 3070 815 γὰρ
3101 747 3285 814 νόμος
3308 745 3419 815 τῆς
3450 745 3596 816 ζωῆς
3628 766 3736 803 του

2150 831 2489 899 πνεύματος
2521 833 2592 885 ἐν
2632 833 2867 901 Χριστῷ
2897 834 3093 901 Ἰησοῦ
3112 836 3531 906 ἠλευθέρωσεν
3578 838 3737 909 ἡμᾶς

2148 920 2268 976 ἀπὸ
2296 921 2402 975 τοῦ
2433 924 2622 992 νόμου
2662 922 2771 992 τῆς
2809 925 3098 995 ἁμαρτίας
3138 928 3237 982 καὶ
3283 928 3390 982 τοῦ
3433 928 3729 984 θανάτου·

2150 1013 2308 1081 ὅπως
2341 1018 2374 1069 ὀ
2413 1016 2650 1085 ἐγείρας
2675 1017 2743 1071 ἐκ
2785 1019 3015 1087 νεκρῶν
3048 1020 3299 1088 Ἰησοῦν,
3346 1021 3443 1074 διὰ
3477 1020 3545 1075 τὸ
3583 1023 3739 1076 ἐνοι-

2150 1106 2302 1160 κοῦν
2349 1107 2541 1162 αὐτοῦ
2601 1109 2845 1180 Πνεῦμα
2869 1112 2939 1165 ἐν
2965 1112 3126 1181 ὑμῖν,
3159 1112 3497 1183 ζωοποιήσῃ
3533 1116 3629 1169 καὶ
3663 1116 3738 1169 τὰ

2149 1195 2336 1262 θνητὰ
2355 1195 2601 1266 σώματα
2624 1196 2794 1268 τἰμῶν
2816 1199 2925 1266 τῆς
2959 1201 3248 1269 ἁμαρτίας
3286 1204 3383 1274 τῆς
3429 1206 3487 1258 ὲν
3525 1204 3603 1274 τῷ
3628 1204 3735 1258 σώ-

2153 1304 2284 1358 ματι
2308 1290 2649 1357 κατακριθεί
2652 1305 2770 1357 σης
2790 1290 2927 1362 πρὸς
2951 1292 3226 1364 ἀναίρεσιν
3242 1310 3256 1324 ·
3286 1294 3408 1349 Ἵνα
3428 1298 3492 1348 τὸ
3511 1295 3740 1350 δικαίω-

2142 1396 2229 1449 μα
2258 1379 2366 1433 τοῦ
2390 1381 2533 1435 κατὰ
2553 1380 2650 1453 τὴν
2673 1382 2890 1455 ἐντολὴν
2912 1384 3050 1456 πρὸς
3085 1384 3146 1437 τὸ
3184 1384 3386 1453 ἀγαθὸν
3410 1387 3556 1457 ἡμᾶς
3578 1388 3736 1457 ἐφελ-

2149 1472 2383 1544 κομένου
2420 1473 2650 1543 φυσικοῦ
2690 1476 2880 1545 νόμου
2916 1476 3204 1549 φανερωθῇ
3237 1477 3487 1548 ἐξαφθὲν.
3521 1478 3592 1535 Τὸ
3625 1479 3740 1550 γὰρ

2149 1565 2451 1620 ἀδύνατον
2484 1565 2581 1619 τοῦ
2617 1569 2675 1621 ὲν
2714 1569 2846 1639 ἡμῖν
2886 1569 3117 1639 φυσικοῦ
3152 1571 3374 1640 ἀγαθοῦ
3408 1569 3539 1642 (60),
3580 1574 3651 1626 ἐν
3689 1567 3739 1640 ᾧ

2147 1658 2393 1726 ἠσθένει
2421 1659 2527 1714 ὑπὸ
2549 1659 2651 1731 τῆς
2674 1659 2969 1731 ἐπιθυμίας
2989 1662 3134 1734 ἡττώ
3147 1680 3324 1735 μενον,
3356 1664 3457 1735 τῆς
3484 1666 3739 1735 ἐγκειμὲ-

2147 1769 2247 1822 νης
2267 1754 2325 1806 ὲν
2349 1752 2427 1824 τῷ
2451 1751 2685 1824 σώματι,
2710 1756 2743 1807 ὁ
2778 1753 2924 1820 Θεὸς
2946 1753 3314 1826 ἀνερρώσατο,
3361 1755 3604 1825 πέμψας
3630 1756 3739 1810 τόν

2149 1843 2288 1898 Υὶὸν
2318 1845 2530 1909 αὑτοῦ,
2571 1845 2688 1913 τὴν
2738 1846 2952 1914 ὁμοίαν
2999 1845 3109 1914 τῆς
3149 1848 3374 1915 σαρκὸς
3409 1846 3518 1915 τῆς
3554 1849 3737 1918 ἁμαρ-

2148 1935 2279 2001 τίας
2306 1936 2505 2004 σάρκα
2548 1936 2915 2004 ἀνειληφότα
2939 1952 2955 1966 ⁸
2990 1935 3097 2001 ἵνα,
3127 1937 3225 2007 τῆς
3252 1937 3525 2007 ἁμαρτίας
3568 1954 3739 1991 κατα-

2146 2026 2501 2099 κεκριμὲνης,
2527 2028 2664 2099 πρὸς
2687 2028 2986 2100 ἀναίρεσιν,
3009 2030 3089 2092 εἰς
3124 2031 3183 2083 τὸ
3227 2030 3422 2101 μηκέτι
3461 2047 3740 2100 καρποφο-

2150 2120 2312 2191 ρῆσαι
2344 2120 2401 2171 ὲν
2422 2120 2488 2187 τῇ
2521 2118 2706 2188 σαρκὶ,
2730 2117 2791 2171 τὸ
2824 2117 3022 2188 ἰδίωμα
3046 2118 3137 2171 τοῦ
3157 2118 3388 2185 φυσικοῦ
3415 2119 3577 2190 νόμου
3609 2119 3741 2192 πλη.

2153 2212 2321 2283 ρωθῇ,
2352 2209 2655 2264 πλεονάσαν
2689 2212 2754 2280 τῇ
2780 2210 2995 2280 ὑπακοῇ
3019 2212 3131 2273 τοῖς
3172 2211 3246 2281 μὴ
3274 2210 3415 2264 κατὰ
3439 2211 3536 2282 τὴν
3558 2210 3740 2265 ἐπιθυ-

2150 2304 2278 2375 μίαν
2303 2304 2402 2375 τῆς
2430 2303 2632 2374 σαρκὸς
2654 2303 3066 2375 περιπατοῦσιν,
3092 2302 3228 2357 ἀλλὰ
3267 2304 3409 2357 κατὰ
3428 2305 3525 2376 τὴν
3547 2306 3736 2359 ἐπιθυ-

2150 2394 2278 2466 μίαν
2299 2393 2393 2447 τοῦ
2420 2395 2752 2464 πνεύματος,
2786 2397 2879 2447 καὶ
2901 2396 2999 2466 τὴν
3020 2396 3314 2467 ὑφήγησιν.
3333 2396 3387 2448 Ὁ
3419 2397 3526 2466 γὰρ
3552 2398 3735 2466 νόμος

2145 2484 2253 2539 τοῦ
2300 2486 2642 2555 πνεύματος
2669 2485 2776 2554 τῆς
2801 2484 2969 2555 (huic,
2992 2486 3020 2539 ὃ
3048 2486 3111 2557 δή
3141 2487 3258 2539 ἐστι
3288 2487 3347 2540 τὸ
3379 2488 3730 2556 Εὑαγγέλιον,

2145 2577 2332 2648 ἕτερος
2377 2575 2453 2630 ὢν
2499 2576 2604 2631 τῶν
2653 2576 3063 2648 προειρημένων
3096 2578 3295 2649 νόμων,
3334 2578 3422 2632 διὰ
3441 2579 3531 2632 τοῦ
3562 2580 3734 2652 κηρύέ

2146 2685 2358 2739 γματος
2382 2670 2462 2733 εἰς
2487 2668 2735 2739 ὑπακοὴν
2760 2669 2936 2732 τεθεὶς
2955 2670 3050 2723 καὶ
3079 2669 3275 2740 ἄφεσιν
3298 2671 3731 2743 ἁμαρτημάτων,

2146 2762 2521 2834 ἠλευθέρωσεν
2561 2765 2708 2835 ἡμᾶς
2752 2764 2861 2817 ἀπὸ
2903 2762 2997 2817 τοῦ
3020 2763 3185 2834 νόμου
3225 2765 3323 2835 τῆς
3349 2764 3620 2836 ἁμαρτίας
3638 2767 3734 2820 καὶ

2144 2854 2240 2909 τοῦ
2272 2856 2526 2921 θανάτου,
2562 2858 2792 2928 νικήσας
2813 2859 2877 2909 ἐκ
2898 2857 3098 2920 παντὸς
3125 2858 3224 2930 τὴν
3269 2857 3541 2928 ἁμαρτίαν
3581 2857 3730 2930 βασι-

2145 2947 2428 3014 λεύουσαν,
2458 2947 2603 3021 [καὶ]
2636 2949 2737 3020 τῆς
2762 2949 2981 3021 σαρκός.

2215 3063 2291 3118 Δ’.
2335 3063 2458 3117 Ὀτι
2494 3065 2628 3134 φησι
2664 3064 2739 3135 μὴ
2781 3062 3076 3136 τρέφεσθαι
3110 3064 3142 3134 ἢ
3188 3064 3438 3129 αὐξάνειν
3484 3064 3593 3118 ἀπὸ
3631 3065 3732 3137 τῆς

2146 3154 2252 3226 γῆς
2279 3154 2351 3209 τὰ
2372 3157 2532 3225 φυτά.
2571 3157 2734 3224 Λέγει
2776 3158 2905 3228 γὰρ,
2938 3156 3266 3228 διαπορῆσαι
3295 3156 3341 3208 δ’
3379 3156 3445 3210 ἄν
3476 3174 3578 3220 τις,
3610 3157 3727 3221 πῶς

467 3221 750 3276 immutata
779 3228 944 3285 terra,
981 3223 1037 3277 in
1064 3232 1271 3279 tantam
1327 3226 1586 3282 arborum
1630 3231 2042 3301 amplitudinem

2147 3221 2228 3311 εἰς
2270 3246 2362 3302 τὸν
2385 3221 2567 3317 ⁷ὄγκον
2597 3221 3076 3319 ἀναλαμϐανεσθὰι
3106 3221 3325 3303 δῦναται
3358 3247 3465 3300 τῶν
3498 3245 3728 3318 δένδρων

463 3315 668 3370 assumi
716 3315 891 3385 possit
915 3316 938 3370 ?
968 3315 1265 3387 Oportebat
1282 3316 1444 3374 ‘enitn
1468 3321 1647 3377 locum
1676 3325 1729 3379 in
1750 3342 1861 3396 quo
1885 3329 2048 3385 arbor

462 3408 726 3472 excrevit,
753 3408 1176 3479 circumjacente
1206 3420 1372 3478 terra,
1399 3418 1829 3486 exsurgentibus
1850 3420 2047 3476 radici-

464 3503 590 3565 bus,
643 3501 703 3555 in
735 3501 867 3573 ligni
904 3511 1154 3558 naturam
1189 3512 1363 3560 totam
1418 3507 1710 3574 subducta,
1764 3516 2040 3571 excavari.

462 3592 646 3657 Quare
676 3592 856 3649 inanis
883 3602 969 3648 est
1015 3594 1232 3652 illorum
1281 3597 1409 3653 talis
1442 3596 1511 3653 de
1552 3614 1844 3671 corporum
1892 3604 2042 3662 ﬂuxu

463 3677 855 3737 consideratio.
886 3681 1022 3737 Nam
1049 3686 1164 3754 qui,
1182 3701 1336 3756 rogo,
1373 3701 1495 3743 sese
1529 3697 1676 3745 terra
1704 3707 1802 3762 per
1828 3696 2042 3753 radices

463 3770 520 3826 in
551 3772 860 3842 plantarum
892 3785 1115 3831 truncos
1162 3778 1473 3843 insinuans,
1502 3796 1705 3853 perque
1735 3796 1944 3845 meatus
1984 3789 2041 3846 in

464 3878 657 3920 omnes
688 3880 877 3920 earum
909 3867 1201 3924 distributa
1255 3885 1462 3936 ramos,
1493 3873 1547 3927 in
1573 3874 1701 3930 folia
1737 3885 1790 3932 et
1828 3877 2042 3940 fructus

464 3959 863 4012 eommutetur?
893 3956 1030 4013 Sunt
1046 3960 1263 4030 quidem
1284 3979 1525 4033 procerae
1549 3967 1794 4036 arbores,
1816 3973 2039 4041 cedrus,

462 4042 548 4097 vel
584 4043 766 4113 pinus,
812 4046 894 4102 vel
939 4047 1163 4114 abietes,
1195 4059 1249 4104 et
1279 4056 1482 4109 multas
1532 4054 1754 4114 frondes
1800 4060 2041 4121 fructus-

463 4150 575 4205 que
625 4139 923 4208 quotannis
970 4140 1151 4196 ferunt
1182 4160 1201 4197 :
1258 4144 1419 4213 plane
1453 4153 1632 4204 tamen
1690 4156 2039 4224 perspicuum

462 4238 566 4293 est,
596 4231 731 4285 nihil
758 4248 855 4289 eas
895 4234 964 4289 de
998 4235 1245 4305 subjecta
1284 4245 1429 4292 terra
1456 4238 1513 4294 in
1543 4242 1886 4305 silvescentis
1910 4253 2043 4309 sub-

460 4324 678 4378 stantia:
691 4326 887 4381 molem
907 4327 1020 4398 (59)
1050 4328 1171 4384 insu
1180 4329 1652 4403 mere.0portebat
1662 4339 1831 4408 enim,
1847 4343 1894 4399 si
1914 4361 2042 4404 vere

527 4456 577 4490 "
607 4455 758 4513 Rom.
790 4475 906 4524 vm,
940 4461 994 4527 2,
1025 4462 1114 4530 Η,
1146 4463 1203 4533 5,
1235 4464 1295 4518 4.

2143 3340 2179 3411 ἡ
2213 3339 2286 3410 Υῆ
2325 3340 2819 3413 μεταλλοιουμένη;
2861 3342 3058 3414 Ἐχρῆν
3087 3340 3226 3412 γὰρ,
3255 3339 3349 3393 ᾶτε
3377 3339 3478 3408 τῆς
3510 3339 3729 3391 ὑποπι-

2140 3431 2314 3502 μένης
2343 3431 2446 3503 γῆς
2490 3433 2946 3504 ἀναρπαζομένης
2992 3432 3081 3487 ἀεὶ
3115 3432 3201 3485 διὰ
3251 3430 3361 3483 τῶν
3411 3428 3595 3499 ῥιζῶν,
3648 3430 3730 3493 εἰς

2140 3521 2269 3594 ὅλην
2291 3521 2388 3594 τὴν
2414 3521 2527 3589 ἕξιν
2557 3522 2650 3576 τοῦ
2683 3523 2842 3590 ξύλου
2868 3524 2960 3576 τὸν
2987 3523 3208 3595 τρόπον,
3240 3521 3362 3575 καθ’
3391 3520 3450 3573 ὃν
3480 3521 3542 3572 τὸ
3574 3519 3734 3584 ξύλον

2142 3612 2516 3687 βεϐλάστηκε,
2555 3614 2946 3671 κοιλαίνεσθαι.
2994 3616 3156 3669 Ὥστε
3194 3615 3418 3686 μάταιος
3470 3612 3651 3667 αὐτῶν
3697 3614 3729 3666 ὁ

2148 3708 2388 3772 τοιοῦτος
2416 3708 2515 3779 τῆς
2547 3709 2676 3781 περὶ
2705 3708 2775 3761 τὰ
2809 3707 3034 3779 σώματα
3068 3708 3311 3779 ρυήσεως
3342 3702 3726 3775 ἀναλογισμός.

2149 3801 2275 3866 Πῶς
2309 3801 2418 3873 γὰρ
2454 3801 2588 3865 ὅλως
2616 3802 2651 3872 ἡ
2686 3800 2760 3872 γῆ
2786 3800 2872 3855 διὰ
2898 3800 3007 3853 τῶν
3033 3798 3199 3872 ῥιζῶν
3230 3800 3310 3861 εἰς
3336 3800 3461 3860 τοὺς
3489 3796 3728 3868 κορμοὺς

2145 3894 2256 3951 τῶν
2285 3894 2466 3965 φυτῶν
2502 3893 2844 3966 εἰσδυομένη,
2876 3895 2971 3947 καὶ
2998 3892 3086 3947 διὰ
3119 3890 3226 3944 τῶν
3261 3889 3442 3962 πόρων
3474 3891 3553 3953 εἰς
3588 3890 3726 3944 πάν-

2146 4002 2245 4048 τας
2294 3984 2474 4039 αὐτῶν
2530 3982 3109 4056 κατακερματιζομένη
3156 3982 3283 4044 τοὺς
3338 3979 3585 4043 κλάδους,
3647 3980 3728 4044 εἰς

2148 4075 2321 4146 φύλλα
2369 4075 2465 4130 καὶ
2508 4077 2719 4148 καρπὸν
2765 4074 3195 4146 μεταϐάλλεται;
3235 4073 3467 4143 Εὐμήκη
3504 4071 3600 4142 μὲν
3633 4066 3726 4125 οὖν

2147 4168 2359 4239 δένδρα,
2392 4168 2600 4240 κέδρος,
2631 4168 2664 4240 ἢ
2695 4168 2902 4233 πίτυες,
2938 4167 2971 4238 ἢ
3013 4166 3220 4231 ἐλάται,
3259 4164 3355 4218 καὶ
3389 4163 3588 4235 πολλὴν
3625 4161 3725 4231 φέρ-

2149 4278 2311 4326 ροντα
2343 4262 2464 4315 κατ’
2496 4261 2613 4326 ἔτος
2650 4261 2826 4332 κόμην
2869 4261 2964 4314 καὶ
3004 4258 3232 4331 καρπόν.
3289 4255 3438 4311 Ἰδεῖν
3467 4252 3583 4325 γὰρ
3612 4253 3724 4326 (6i)

2142 4352 2318 4420 ἐστιν,
2347 4353 2423 4417 ὡς
2454 4353 2604 4407 οὐδὲν
2648 4353 2746 4424 τῆς
2777 4352 3143 4424 ὑποκειμένης
3167 4349 3270 4421 γῆς
3306 4348 3386 4411 εἰς
3420 4345 3514 4399 τὸν
3556 4344 3726 4416 αὐτῆς

534 4592 648 4679 (Ξῖ)
677 4592 983 4679 geureceus
1013 4614 1231 4679 accensa
1254 4618 1484 4673 novoque
1504 4614 1668 4679 aucta
1695 4606 1913 4665 lumine.
1948 4608 2041 4667 Sic
2071 4616 2120 4676 υ
2146 4613 2286 4669 ritus
2317 4622 2370 4669 et
2404 4618 2602 4668 mentis
2634 4613 2723 4667 cui
2764 4613 3015 4668 subsidio
3045 4612 3281 4668 advenit.
3315 4613 3495 4679 Quare
3539 4616 3723 4671 minus

461 4663 649 4743 multis
692 4664 1089 4743 hletltodianam
1136 4670 1281 4743 illam
1329 4663 1704 4743 paraphrasim
1746 4663 2039 4735 circumlo;

461 4734 866 4820 quidcolgimur.
916 4736 1014 4820 Est
1053 4754 1183 4820 ergo
1224 4739 1296 4820 τὸ
1326 4734 1871 4820 ἐξαφθὲνψδικαξωμα
1911 4734 2037 4820 legis

462 4803 757 4883 Methodio,
794 4808 938 4877 quod
977 4803 1166 4874 Paulo,
1200 4803 1505 4883 πληρὼθέν,
1539 4815 1741 4871 Christi
1774 4803 2035 4876 nituit-lini

458 4876 670 4998 Eratia.
720 4884 774 4931 et
814 4876 998 4944 nova,
1050 4892 1243 4950 praeter
1291 4876 1481 4940 omnes
1525 4886 1637 4954 jam
1690 4889 2033 4959 assignatas,

508 4946 737 4998 vanuelii
776 4948 891 4998 leae
924 4968 936 4998 :
969 4949 1087 4998 sine
1113 4968 1240 4998 mm-
1277 4953 1438 4998 insita
1478 4957 1565 4998 illa
1599 4957 1650 4998 in
1680 4958 1880 4998 lmnnm
1910 4978 2033 4998 nm-

508 4946 752 5031 vangelii
776 4948 891 5031 lege
924 4968 936 5003 :
969 4946 1087 5031 sine
1113 4968 1240 5022 qua,
1277 4953 1439 5031 insita
1478 4946 1573 5031 ilia
1595 4957 1652 5031 i_n
1680 4946 1881 5015 bonum
1910 4946 2037 5031 pro:

458 5019 672 5084 pensio,
705 5027 758 5072 et
781 5019 866 5074 lex
898 5019 1290 5083 mentis,'caaca
1321 5032 1375 5078 et
1398 5026 1730 5084 insuﬂiciens
1767 5040 1869 5085 est.
1899 5019 2037 5086 Cor-

458 5088 808 5171 nariusnnon
837 5089 1053 5171 videtur
1088 5094 1287 5163 legisse
1319 5095 1464 5171 illam
1496 5112 1717 5165 vecem;
1751 5115 2036 5171 novusque

459 5158 597 5210 aiter
650 5156 942 5239 Epiphanii
990 5156 1593 5239 interpres,__clausaut
1652 5156 2032 5239 repraesentat,

459 5240 523 5279 ac
563 5243 686 5312 ceu“
719 5230 989 5312 inutilem,
1039 5230 1153 5287 non
1204 5234 1470 5312 redditam
1522 5230 1869 5312 transcurrit.
1924 5230 2035 5312 Ego

458 5297 842 5377 gitti_Pltolio,
885 5303 1148 5377 potiorem
1192 5306 1549 5373 sequentibus
1588 5310 1733 5377 apud
1782 5297 2031 5367 eumdem

459 5365 821 5447 Epiphanium
842 5365 1110 5447 arbitror,
1153 5365 1768 5447 necessariumque-tum
1795 5365 1869 5435 ad
1906 5365 2029 5437 illo;

458 5450 577 5518 rum
601 5441 933 5521 antithesin},
962 5450 1074 5496 tum
1105 5444 1170 5497 ad
1192 5443 1404 5521 Paulini
1429 5441 1608 5521 textus
1626 5455 2027 5521 paraphrasim,

457 5509 615 5588 cujus
645 5512 823 5566 versio
858 5512 947 5588 illa
981 5529 1120 5567 nova
1165 5517 1323 5585 plane
1355 5509 1697 5588 antiphrasis
1723 5509 1825 5575 est.
1872 5509 2031 5578 Fortz':

458 5584 649 5659 tamen
671 5591 753 5659 est
782 5584 1078 5659 genuinum
1111 5582 1284 5657 magis
1316 5582 1498 5652 αὖθις,
1524 5593 1800 5659 quomodo
1829 5594 2033 5649 Gorna-
2093 5604 2107 5617 '

457 5647 586 5721 rius__
606 5647 816 5721 videtur
856 5652 1069 5721 legisse.

498 5717 645 5797 ~(i525)
674 5720 751 5773 Ab
774 5717 1128 5802 superioribus
1158 5725 1358 5802 legibus
1394 5746 1527 5802 nova
1558 5728 1662 5802 lea;
1682 5732 1925 5802 7"Erspo;
1954 5732 2029 5787 ὢν

452 5791 565 5875 sunt
595 5791 1233 5875 necet-pqttevortvéng}
1268 5797 1389 5875 Non
1421 5800 1560 5853 male
1588 5791 1880 5875 _Scltotttts,
1906 5791 2033 5875 qua:

454 5858 565 5911 atia
595 5858 671 5915 est
703 5858 767 5915 at‘
798 5858 1076 5917 antedictis
1101 5858 1306 5933 legibus
1329 5883 1348 5921 :
1378 5868 1493 5939 ipsa
1528 5871 1693 5924 etiam
1747 5858 1879 5944 lege.
1914 5858 2031 5947 spi-

2147 4693 2272 4755 apte
2307 4699 2485 4739 novus
2514 4683 3138 4755 Epiphaniiiintcrpt‘es,
3171 4685 3235 4737 ab
3264 4687 3619 4754 superioribus
3647 4686 3723 4740 le-

2144 4754 2296 4824 gibus
2321 4754 2649 4824 discrepans,
2692 4754 2838 4824 quod
2870 4755 3084 4809 videtur
3116 4763 3454 4809 contrarium
3501 4771 3720 4809 sonare.

2220 4826 2331 4894 (59)
2375 4824 2442 4878 In
2486 4826 2806 4880 silvescentis
2854 4824 3170 4879 substantia:
3223 4824 3434 4881 molem.
3489 4826 3584 4890 Εἰς
3633 4825 3721 4879 τὸν

2145 4896 2306 4949 αὑτὸν
2351 4896 2513 4964 ὄγκον
2562 4895 2958 4967 τῆςδρυάδος.
3012 4895 3291 4967 scitottus,
3330 4899 3383 4949 in
3423 4899 3720 4967 castitatem

2144 4983 2387 5033 quercus,
2427 4968 2570 5037 quod
2609 4966 2825 5021 videtur
2854 4966 3125 5037 nonnihil
3181 4968 3494 5021 barbarum.
3533 4966 3721 5022 Bel'crt

2144 5051 2404 5107 proceras
2434 5036 2661 5092 arbores
2708 5036 2957 5105 proxime
2986 5039 3210 5099 relatas,
3239 5053 3377 5106 quas
3412 5038 3719 5101 contendit,

2143 5106 2279 5179 nihil
2300 5108 2368 5179 de
2393 5116 2540 5163 terra
2576 5108 2630 5161 in
2661 5122 2815 5162 suam
2848 5107 3211 5162 substantiam
3239 5116 3577 5165 convertere.
3608 5124 3718 5179 quo

2141 5173 2197 5229 in
2239 5178 2433 5232 molem
2474 5189 2677 5232 tantam
2711 5186 3035 5232 excrescant
3066 5196 3078 5227 :
3108 5192 3230 5247 quae
3272 5192 3405 5232 sane
3441 5173 3717 5243 doctrina,

2140 5260 2273 5315 pace
2304 5249 2439 5302 tanti
2481 5248 2606 5310 viri,
2637 5248 2742 5302 nisi
2775 5259 3113 5317 exponatur;
3148 5259 3207 5301 ut
3258 5249 3413 5307 nihil.
3448 5263 3544 5316 pro
3593 5266 3715 5303 mo-

2137 5317 2283 5389 tlico,
2337 5320 2629 5389 acceperit,
2665 5319 2881 5373 videtur
2931 5334 3125 5389 parum
3168 5319 3543 5388 philosOphica
3574 5339 3587 5374 :
3615 5335 3718 5375 nec

2137 5387 2413 5458 instantia:
2445 5387 2636 5443 otnnes
2659 5390 2807 5443 aliud
2836 5387 3121 5451 evincunt,
3153 5387 3316 5458 uuam
3340 5387 3399 5443 ut
3419 5391 3575 5445 valde
3597 5407 3716 5444 ιιιυ-

2136 5457 2316 5531 diuum
2350 5459 2488 5531 quid
2518 5467 2677 5514 terra:
2711 5460 2985 5528 depereat,
3029 5461 3083 5512 in
3111 5457 3365 5514 arborum
3390 5458 3720 5531 frugumque

2139 5528 2477 5596 alimoniam,
2518 5531 2662 5601 quod
2692 5531 2926 5587 subinde
2950 5530 3078 5587 aliis
3111 5538 3405 5586 crementis
3442 5528 3715 5587 instaure-

3624 5610 3717 5656 tur

2212 5732 2324 5803 (60)
2357 5735 2628 5811 musae.
2660 5735 2822 5806 Lege,
2838 5743 2912 5811 _ut
2940 5734 3082 5805 apud
3104 5735 3298 5809 Epiph.
3332 5755 3386 5794 n.
3413 5737 3503 5805 62,
3523 5736 3718 5811 νόμον.

2136 5802 2203 5859 Ει
2218 5802 2376 5877 nius
2392 5802 2664 5877 δικαίωμα
2689 5802 2787 5877 pro
2815 5802 3032 5877 ἰδίωμα.

2208 5873 2323 5947 (6i)
2367 5875 2540 5931 ἰδεῖν
2565 5873 2705 5949 reip.-
2728 5877 2886 5934 Strib
2936 5873 3082 5932 ἶδεῖν
3108 5879 3189 5932 δέ.
