4150 6468
505 369 609 426 3'09

1605 365 1695 426 EX
1733 369 1938 427 LIBRO
1972 370 2061 425 DE
2101 371 2708 429 RESURRECTiONE.

3667 381 3772 437 310

503 485 664 552 ὖγκον
695 482 794 554 τῆς
834 485 1061 557 δρυάδος
1091 487 1599 542 καταναλίσκουσιν.
1645 489 1841 561 Ἐχρῆν
1871 489 2000 561 γὰρ,
2041 506 2066 542 ε

2195 504 2225 543 a
2258 489 2536 544 radicibus
2563 488 2866 546 ascendens
2902 499 3070 556 terra,
3120 491 3466 564 iignesceret,
3506 501 3567 549 ut
3591 500 3774 553 omnis

500 567 697 645 ἀληθὲς
735 571 824 646 ἦν,
866 577 954 630 διὰ
1000 577 1106 630 τῶν
1154 579 1320 649 ῥιζῶν
1364 581 1734 652 ἀνερχομένην
1784 579 2087 645 ἀποξυλοῦ-

503 669 624 722 σθαι
653 669 764 739 (62)
799 669 896 741 τὴν
931 671 1054 742 γῆν,
1089 671 1302 726 ἅπαντα
1330 672 1422 725 τὸν
1457 673 1588 744 περὶ
1621 672 1762 726 αὺτά
1786 673 1951 727 τόπον
1983 673 2086 745 τῆς

500 764 602 834 γῆς
625 764 1011 829 κοιλαίνεσθαι,
1041 766 1121 818 ὅτι
1154 767 1227 838 μὴ
1258 767 1531 839 ὲπιρῤἑειν
1557 767 1768 836 πέφυκε
1801 767 1862 820 τὸ
1898 766 2080 839 ξηρὸν,

499 854 750 926 καθάπερ
771 857 864 909 καὶ
887 856 948 909 τὸ
975 858 1160 928 ὑγρὸν,
1197 859 1283 912 ἀεὶ
1314 860 1448 930 πρὸς
1481 859 1541 912 τὸ
1568 858 1904 931 κινούμενον.
1942 861 2082 932 ’Ήδη

497 945 553 999 δὲ
588 947 680 999 καὶ
719 948 900 1011 συκαὶ,
933 948 1026 1000 καὶ
1065 947 1199 1002 ἄλλα
1233 949 1456 1003 τοιαῦτα
1495 949 1671 1020 φυτὰ,
1708 951 1986 1021 μνημείων
2026 953 2084 1005 ὲν

497 1037 894 1108 οἰκοδομήμασι
920 1037 1181 1104 πολλάκις
1204 1040 1602 1112 βλαστήσαντα,
1629 1042 1780 1096 οὐδὲν
1808 1044 1888 1106 εἰς
1916 1043 2084 1098 ἑαυτὰ

494 1127 594 1200 τῆς
634 1128 918 1200 οἰκοδομῆς
961 1131 1097 1196 ὅλως
1139 1131 1479 1206 ἱστοροῦνται
1511 1133 1975 1203 κατηναλωκέναι.
2020 1135 2082 1186 Εἰ

495 1220 626 1289 γοῦν
661 1221 798 1275 ὲτῶν
829 1221 1038 1276 πολλῶν
1070 1225 1489 1294 συλλογίσασθαί
1517 1242 1600 1289 τις
1627 1225 1717 1281 τὸν
1748 1226 1958 1297 καρπὸν
1981 1226 2082 1279 αὑ-

495 1314 604 1368 τῶν
633 1315 728 1369 καὶ
759 1314 828 1368 τὰ
869 1315 1049 1385 φύλλα
1077 1317 1386 1390 βουληθείη,
1433 1319 1640 1372 κατίδοι
1673 1318 1738 1373 ἂν
1772 1319 2081 1373 πολλαπλα-

495 1405 647 1461 σίονα
688 1407 788 1476 τῆς
831 1407 1061 1460 ἐπὶτῶν
1111 1410 1391 1481 μνημείων
1423 1410 1526 1480 γῆς
1568 1410 1662 1464 τὸν
1710 1411 1873 1480 ὄγκον
1905 1410 2082 1464 αὐτῶν

491 1497 882 1568 γεγενημένον.
926 1497 1088 1552 Ὅθεν
1135 1498 1483 1554 ἀτοπώτατον
1523 1502 1772 1573 ἡγεῖσθαι
1818 1502 1916 1572 τὴν
1956 1503 2087 1575 γῆν,

491 1591 572 1652 εἰς
604 1589 833 1661 καρπῶν
871 1590 1043 1661 φορὰν
1076 1592 1555 1665 μεταϐαλλομένην
1583 1595 1676 1647 καὶ
1715 1593 1890 1663 φύλλα
1946 1614 2083 1650 κατ-

485 1679 891 1734 αναλίσκεσθαιο
922 1679 1023 1732 κᾶν
1073 1679 1140 1732 δι’
1190 1681 1361 1752 αὐτῆς
1409 1683 1624 1735 ἅπαντα
1674 1683 1881 1752 γίνεται
1944 1684 2078 1751 (65),

490 1764 622 1836 ἕδρᾳ
655 1768 791 1839 αὐτῇ
828 1768 1099 1840 χρώμενοι
1136 1771 1230 1823 καὶ
1263 1771 1432 1842 τόπῳ.
1468 1773 1601 1825 Οὐδὲ
1626 1773 1732 1844 γάρ
1763 1774 1926 1845 ἄρτος
1961 1775 2084 1844 δίχα

491 1857 661 1928 μύλου
691 1859 787 1912 καὶ
812 1861 1000 1920 τόπου.
1033 1863 1125 1915 καὶ
1154 1863 1370 1934 χρόνου,
1407 1864 1500 1918 καὶ
1528 1865 1700 1937 πυρὸς
1729 1865 1956 1934 γίνεται⁶
1989 1869 2084 1920 καὶ

486 1950 639 2004 οὐδέν
665 1952 814 2006 ἐστιν
840 1951 872 2024 ἢ
899 1953 1112 2020 γίνεται
1139 1955 1346 2009 τούτων
1379 1956 1408 2009 ὁ
1439 1957 1620 2030 ἄρτος.
1650 1959 1762 2012 Καὶ
1791 1958 1884 2010 ἐπὶ
1909 1956 2084 2012 ἄλλων

487 2043 705 2113 μυρίων
732 2043 1015 2107 ὡσαύτως.

554 2131 630 2188 E'.
655 2134 776 2187 Ὀτι
794 2137 883 2203 τὸ,
899 2135 1156 2204 Οἴδαμεν
1171 2136 1303 2205 γὰρ,
1328 2137 1429 2204 ὠς,
1455 2137 1566 2193 ἐὰν
1581 2140 1617 2209 ἠ
1638 2141 1898 2213 ἐπίγειος
1915 2144 2083 2215 ἡμῶν

480 2225 640 2280 οἰκία
673 2226 780 2280 τοῦ
813 2227 1085 2295 σκήνους
1119 2229 1452 2299 καταλυθῇ,
1481 2232 1575 2286 καὶ¹
1610 2233 1757 2304 ἐξῆςσ
1786 2237 1835 2288 οί
1871 2237 2081 2307 Ὠριγε-

481 2318 660 2371 νισταὶ
709 2321 789 2382 εἰς
829 2319 1109 2390 ἀναίρεσιν
1143 2321 1242 2391 τῆς
1271 2322 1381 2375 τῶν
1427 2323 1696 2392 σωμάτων
1733 2326 2081 2392 ἀναστάσεως

482 2411 897 2481 προϐάλλονται,
928 2412 1122 2484 σκῆνος
1149 2412 1210 2468 τὸ
1238 2412 1416 2484 σῶμα,
1444 2415 1536 2468 καὶ
1573 2417 1982 2490 ἀχειροποίητον
2021 2421 2079 2474 ἐν

477 2505 729 2576 οὐρανοῖς
750 2506 946 2574 οἰκίαν,
972 2507 1038 2561 τὰ
1069 2509 1199 2579 παρ’
1232 2508 1410 2562 αὐτῶν
1433 2511 1780 2581 πνευματικὰ
1807 2513 2079 2586 ἐνδύματα

480 2597 752 2666 λέγοντες.
784 2599 896 2665 Διὸ,
943 2600 1108 2672 φησὶν
1151 2602 1178 2652 ὁ
1221 2601 1374 2668 ἅγιος
1402 2601 1688 2667 Μεθόδιος,
1717 2604 1958 2674 ἐπίγειον
2000 2609 2078 2661 οἰ-

480 2689 606 2742 κίαν
658 2689 756 2762 τὴν
807 2691 1043 2745 ἐνταῦθα
1097 2692 1394 2765 βραχύϐιον
1430 2693 1576 2765 ζωὴν
1620 2699 2074 2769 καταχρηστικῶς

479 2781 734 2854 ληπτέον,
776 2785 871 2838 καὶ
911 2785 970 2838 οὺ
1021 2786 1081 2838 τὺ
1112 2786 1312 2856 σκῆνος
1350 2786 1527 2841 τοῦτο.
1569 2789 1632 2841 Εἰ
1681 2789 1790 2862 γὰρ
1832 2791 2074 2860 ἐπίγειον

478 2873 657 2928 οἰκίαν
697 2876 1106 2948 καταλυομένην
1145 2876 1204 2930 τὸ
1239 2877 1397 2950 σῶμα
1440 2879 1686 2933 τίθεσθαι
1713 2881 1875 2934 αὐτὸν
1921 2883 2073 2954 νομί-

479 2965 634 3031 ζετεο
686 2969 951 3037 φράσατε,
987 2969 1048 3022 τὸ
1088 2970 1284 3042 σκῆνος
1317 2971 1370 3024 τί
1403 2971 1575 3038 ἐστιν,
1625 2965 1688 3026 οῦ
1723 2975 1756 3045 ὴ
1790 2975 1938 3028 οἰκία
1971 2993 2070 3030 κα-

477 3056 766 3125 ταλύεται;
796 3060 1022 3132 Ἕτερον
1054 3061 1163 3133 γὰρ
1192 3062 1252 3116 τὸ
1282 3063 1498 3134 σκῆνος,
1534 3064 1627 3118 καὶ
1657 3064 1784 3118 ἄλλο
1811 3065 1906 3120 τοῦ
1937 3069 2070 3140 σκη-

477 3167 603 3214 νους
631 3153 664 3223 ἡ
705 3151 854 3204 οἰκία
873 3168 886 3181 ·
935 3153 1029 3206 καὶ
1059 3153 1245 3226 ἕτερον
1288 3156 1468 3226 ἡμεῖς,
1502 3148 1576 3208 ὧν
1610 3157 1726 3210 ἐστι
1753 3156 1815 3209 τὸ
1846 3158 2066 3229 σκῆνος.

490 3240 624 3294 Ἐὰν
655 3241 764 3312 γὰρ
794 3244 832 3312 ἠ
873 3243 1134 3314 ἐπίγειος
1167 3243 1337 3315 ἡμῶν
1377 3247 1557 3313 οἰκία,
1587 3246 1744 3318 φησὶ,
1772 3247 1880 3302 τοῦ
1917 3248 2069 3316 σκή-

476 3349 625 3399 νους
646 3335 985 3404 καταλυθῇ·
1021 3333 1131 3390 οἷον
1159 3338 1310 3408 ἡμᾶς
1341 3338 1440 3409 μὲν
1467 3337 1565 3403 τὰς
1597 3338 1775 3410 ψυχὰς
1803 3335 1942 3394 εῖναι
1974 3341 2068 3413 δη-

477 3423 688 3488 λώσας’
729 3427 927 3497 σκῆνος
969 3428 1026 3481 δὲ
1072 3428 1135 3481 τὸ
1180 3428 1369 3499 σῶμα·
1409 3429 1588 3483 οἰκίαν
1614 3430 1670 3483 δὲ
1703 3429 1797 3483 τοῦ
1833 3432 2068 3501 σκήνους

2190 580 2618 651 circumquaque
2652 580 2806 637 locus
2843 591 3172 651 cavaretur;
3203 584 3348 655 quod
3385 593 3622 655 nequeat
3648 603 3773 642 cor-

2189 686 2292 741 pus
2321 670 2559 737 aridum,
2593 669 2768 725 instar
2794 671 3116 733 substantia:
3140 672 3397 738 humidae,
3446 675 3513 728 ad
3549 675 3602 730 id
3627 677 3771 748 quod

2187 774 2438 817 movetur
2459 769 2513 818 et
2547 760 2690 816 cedit
2730 762 2872 826 loco,
2899 764 3160 818 continuo
3201 765 3343 819 velut
3372 765 3600 830 afﬁuxu,
3626 784 3759 822 con-

2189 854 2433 911 tendere.
2472 854 2590 911 Jam
2621 872 2748 912 vero
2768 857 2932 913 etiam
2965 856 3100 912 ﬁcus
3126 857 3500 930 videmus(64)
3529 860 3771 931 aliasque

2187 946 2457 1016 ejusmodi
2482 948 2704 1020 stirpes,
2735 935 3033 1005 exstructis
3063 952 3433 1006 monumentis
3465 951 3768 1007 adnascen-

2187 1047 2291 1102 tes,
2319 1045 2379 1092 ut
2415 1038 2552 1094 nihil
2578 1038 2805 1094 omnino
2829 1039 3043 1094 aediﬁcii
3073 1039 3132 1094 in
3155 1056 3213 1096 se
3247 1039 3395 1110 ipsas
3419 1052 3766 1099 convertant.

2188 1128 2246 1185 Si
2264 1131 2388 1202 quis
2405 1147 2538 1188 sane
2569 1132 2747 1188 editos
2768 1134 2954 1188 multis
2976 1135 3136 1189 annis
3160 1133 3372 1189 fructus
3403 1132 3639 1206 foliaque
3656 1137 3771 1192 col-

2185 1224 2354 1295 ligere
2382 1226 2656 1289 statuerit,
2692 1227 2886 1282 multis
2919 1226 3170 1300 partibus
3207 1228 3508 1282 auctiorem
3545 1229 3765 1295 molem,

2185 1321 2331 1370 terra
2360 1317 2730 1372 monumentis
2764 1327 2982 1389 aggesta
3020 1320 3380 1388 perspexerit.
3416 1319 3769 1378 Absurdissi-

2183 1422 2332 1461 mum
2364 1423 2495 1479 ergo
2526 1416 2630 1473 est,
2657 1409 2999 1476 existimare,
3022 1418 3224 1467 terram
3243 1413 3297 1466 in
3317 1411 3594 1469 fructuum
3615 1416 3769 1471 uber-

2183 1504 2353 1554 tatem
2382 1496 2623 1570 foliaque
2656 1501 2909 1556 consumi
2944 1519 2959 1569 ;
2993 1517 3309 1574 quanquam
3351 1521 3446 1574 per
3469 1505 3610 1560 hanc
3639 1507 3770 1562 ﬁant

2183 1592 2388 1658 omnia,
2453 1593 2636 1649 sedem
2669 1593 2785 1665 ipsa
2816 1603 2870 1650 et
2899 1594 3079 1650 locum
3132 1604 3446 1667 pratstante.
3500 1597 3637 1654 Nam
3671 1615 3771 1654 nc-

2183 1701 2290 1756 que
2315 1686 2470 1757 panis
2519 1687 2640 1742 sine
2672 1688 2816 1742 mola
2871 1687 2952 1753 ﬁt,
2985 1689 3102 1744 sine
3129 1689 3273 1754 loco,
3299 1691 3417 1745 sine
3447 1698 3691 1762 tempore
3714 1699 3769 1746 et

2182 1779 2329 1848 igni:
2385 1795 2486 1835 nec
2525 1787 2710 1836 tamen
2745 1781 2944 1836 horum
2978 1781 3184 1852 aliquid
3209 1789 3292 1838 est
3342 1790 3436 1836 aut
3481 1782 3541 1837 ﬁt
3586 1783 3766 1854 panis.

2183 1869 2341 1938 Quod
2369 1873 2551 1945 ipsum
2574 1873 2632 1930 in
2660 1875 2939 1932 sexcentis
2970 1874 3095 1931 aliis
3117 1874 3408 1947 contingit.

2255 2133 2323 2190 ν.
2355 2133 2472 2191 Hoc
2497 2133 2682 2191 Pauli:
2710 2133 2920 2190 Scimus
2953 2125 3114 2202 enim,
3137 2135 3390 2206 quoniam
3421 2136 3470 2189 si
3500 2137 3766 2190 terrestris

2182 2225 2370 2281 domus
2398 2239 2584 2283 nostra
2611 2227 2937 2282 tabernaculi
2965 2227 3288 2282 dissolvatur
3307 2227 3377 2293 τ’,
3408 2233 3515 2283 etc.
3577 2227 3768 2298 Orige—

2181 2321 2342 2375 nistae
2364 2320 2430 2375 ad
2466 2319 2762 2375 tollendam
2786 2334 3080 2392 corporum
3098 2319 3562 2376 resurrectionem
3591 2321 3765 2392 profe-

2180 2421 2311 2467 runt
2342 2451 2357 2478 ,
2386 2413 2655 2475 dicentes,
2680 2412 3103 2467 tabernaculum
3130 2427 3254 2467 esse
3273 2428 3513 2484 corpus;
3541 2413 3764 2468 domum

2181 2513 2362 2560 autem
2391 2521 2502 2561 non
2533 2521 2701 2561 manu
2751 2504 2954 2559 factam
2985 2505 3040 2559 in
3073 2504 3250 2569 caelis,
3284 2520 3404 2575 qua:
3436 2505 3513 2559 illi
3537 2507 3766 2560 commi-

2178 2599 2469 2653 niscuntur
2509 2598 2776 2668 spiritalia
2825 2597 3169 2652 indumenta.
3221 2597 3362 2652 Hinc
3389 2598 3521 2654 dicit
3554 2597 3614 2653 S.
3652 2597 3764 2654 Me-

2177 2689 2421 2756 thodius,
2451 2705 2549 2760 per
2565 2696 2882 2744 terrestrem
2917 2689 3165 2754 domum,
3189 2689 3407 2745 brevem
3441 2690 3582 2744 lianc
3596 2689 3763 2745 vitam

2176 2783 2405 2838 abusive
2449 2782 2863 2853 intelligendam
2897 2799 2912 2848 ;
2935 2797 3047 2835 non
3064 2796 3198 2836 vero
3219 2797 3342 2837 esse
3369 2783 3475 2837 hoc
3505 2782 3764 2838 taberna-

2173 2875 2379 2930 culum.
2410 2873 2470 2930 Si
2497 2875 2666 2939 enim,
2699 2873 2898 2944 inquit,
2926 2889 3023 2944 per
3053 2881 3370 2930 terrestrem
3405 2875 3628 2929 domum
3651 2875 3764 2932 dis-

2172 2968 2512 3034 solvendam,
2543 2982 2748 3036 corpus
2778 2977 3029 3020 nostrum
3062 2966 3131 3021 ab
3159 2981 3225 3021 eo
3265 2965 3492 3038 intelligi
3521 2967 3761 3036 putatis;

2170 3061 2302 3135 quid
2320 3061 2732 3117 tabernaculum
2747 3061 2839 3126 sit,
2853 3060 3066 3126 docete,
3084 3059 3242 3131 cujus
3266 3057 3462 3114 domus
3483 3059 3555 3114 sit
3571 3057 3765 3114 dissol-

2169 3153 2345 3210 venda
2371 3152 2395 3206 ?
2437 3152 2600 3208 Aliud
2631 3153 2779 3209 enim
2809 3163 2895 3209 est
2934 3152 3372 3218 tabernaculum,
3402 3149 3548 3206 aliud
3584 3151 3764 3206 taber-

2168 3246 2355 3302 naculi
2383 3245 2582 3301 domus
2619 3252 2718 3300 :et
2746 3243 2896 3298 aliud
2933 3259 3034 3298 nos
3057 3283 3071 3308 ,
3109 3257 3344 3314 quorum
3381 3249 3465 3298 est
3504 3240 3761 3295 taberna-

2167 3341 2373 3397 culum.
2408 3338 2470 3395 Si
2513 3339 2672 3402 em’m,
2715 3337 2914 3408 inquit,
2947 3335 3210 3391 terrestris
3244 3333 3432 3388 domus
3463 3341 3646 3390 nostra
3679 3343 3764 3385 ta-

2169 3432 2438 3489 bernaculi
2495 3431 2873 3486 dissolvatur:
2923 3429 3111 3494 velut,
3167 3440 3292 3482 esse
3339 3440 3464 3489 nos,
3501 3424 3758 3493 animas;

477 3511 575 3583 τὴν
601 3513 744 3568 κατὰ
767 3517 864 3587 τὴν
897 3516 1179 3587 παροῦσαν
1211 3519 1356 3591 ζωὴν
1383 3518 1682 3574 ἀπόλαυσιν
1710 3520 1809 3592 τῆς
1841 3522 2064 3592 σαρκὸς,

2173 3523 2588 3580 tabernaculum
2629 3530 2835 3586 autem,
2864 3535 3100 3591 corpus;
3127 3516 3465 3572 tabernaculi
3501 3531 3630 3571 vero
3660 3517 3762 3571 do-

475 3606 770 3674 τροπικῶς.
835 3609 959 3662 Ἐὰν
992 3605 1085 3664 οῦν
1119 3613 1152 3682 ἡ
1183 3610 1278 3664 νῦν
1308 3611 1371 3684 δὴ
1423 3610 1561 3682 αῦτη
1606 3614 1639 3685 ἡ
1673 3612 1766 3666 τοῦ
1814 3611 2066 3684 σώματος

475 3697 590 3771 ζωὴ
637 3700 792 3771 δίκην
823 3701 998 3764 οἰκίας
1028 3703 1325 3776 καταλυθῇ,
1372 3703 1566 3777 ἕξομεν
1612 3705 1710 3780 τὴν
1743 3707 1801 3758 ἐν
1827 3709 1942 3770 τοῖς
1973 3707 2065 3759 οὺ-

476 3794 658 3862 ρανοῖς
693 3794 1130 3866 ἀχειροποίητον.
1184 3796 1231 3850 Ἀ
1239 3799 1678 3866 χειροποίητον,
1709 3797 1863 3870 φησί,
1888 3798 1977 3852 διὰ
2006 3798 2068 3851 τὸ

471 3885 852 3956 χειροποίητον
900 3885 1104 3958 ταύτην
1143 3887 1396 3956 λέγεσθαι
1439 3888 1537 3960 τὴν
1570 3888 1734 3961 ζωὴν,
1789 3890 1930 3944 κατὰ
1975 3891 2068 3942 ἀν-

471 3975 831 4048 τιδιαστολὴν,
877 3977 1028 4049 παρά
1078 3980 1138 4033 τὸ
1185 3980 1364 4036 πάντα
1411 3982 1568 4054 ἡμῶν
1614 3984 1685 4038 τὰ
1731 3985 2067 4056 κοσμήματα

472 4068 567 4120 καὶ
612 4069 1004 4138 σπουδάσματα
1054 4071 1149 4126 τοῦ
1205 4073 1320 4144 βίου
1374 4076 1531 4145 χερσὶ
1585 4076 1942 4147 παλαμᾶσθαι
1973 4077 2067 4130 ἀν-

473 4159 730 4232 θρώπων.
763 4162 836 4215 Τὸ
864 4164 973 4234 γὰρ
1005 4163 1184 4234 σῶμα,
1212 4164 1604 4239 δημιούργημα
1628 4167 1874 4240 ὑπάρχον
1904 4167 2064 4234 Θεοῦ,

471 4253 851 4325 χειροποίητον
898 4255 959 4307 οὐ
1024 4255 1266 4324 λέγεται,
1317 4258 1399 4311 ὅτι
1434 4259 1509 4330 μὴ
1557 4259 1888 4333 ὲπαλαμήθη
1935 4261 2062 4332 τέχ-

475 4360 596 4407 ναις
620 4343 944 4416 ἀνθρὼπων.
971 4347 1036 4400 Εἰ
1063 4347 1141 4412 δὲ,
1171 4347 1306 4403 διότι
1340 4351 1444 4404 ὑπὸ
1469 4351 1602 4405 Θεοῦ
1633 4353 2065 4426 ὲδημιουργήθη,

471 4437 848 4508 χειροποίητον
910 4439 1042 4492 αὐτὸ
1097 4439 1347 4506 λέξουσιο
1403 4445 1770 4516 χειροποίητοι
1813 4445 1922 4516 ἄρα
1973 4446 2066 4499 καὶ

471 4529 528 4581 αἱ
560 4529 749 4600 ψυχαὶ,
797 4529 968 4604 [καὶ]
1011 4535 1058 4586 οἱ
1110 4533 1352 4603 ἄγγελοι,
1389 4537 1484 4589 καὶ
1527 4536 1598 4590 τὰ
1644 4536 1939 4608 ἐνδύματα,
1997 4537 2067 4592 τὰ

471 4622 530 4673 ὲν
553 4625 665 4684 τοῖς
690 4622 956 4693 οὐρανοῖς.
985 4623 1120 4676 Θεοῦ
1150 4625 1260 4697 γὰρ
1288 4627 1562 4700 αὐτουργή
1572 4646 1716 4699 ματα
1741 4630 1833 4687 καὶ
1856 4629 2050 4682 ταῦτα.

2175 3631 2350 3680 muta,
2373 3617 2559 3669 carnis
2594 3627 2818 3668 usuram
2865 3612 2922 3666 in
2950 3612 3062 3665 vita
3094 3609 3374 3682 praesenti,
3400 3608 3681 3662 moraliter
3705 3615 3760 3662 et

2176 3723 2343 3764 sensu
2393 3705 2627 3776 spiritali
2659 3703 3072 3776 signiﬁcaverit.
3110 3700 3168 3756 Si
3197 3716 3327 3774 ergo
3361 3699 3476 3755 haec
3509 3699 3764 3770 corporis

2174 3800 2285 3857 vita
2318 3800 2494 3854 instar
2517 3797 2714 3852 domus
2748 3797 3113 3860 dissolvatur,
3154 3794 3393 3849 habituri
3429 3807 3620 3847 sumus
3659 3791 3758 3846 do-

2174 3907 2325 3946 mum
2373 3890 2521 3944 illam
2554 3904 2665 3944 non
2693 3905 2859 3943 manu
2891 3888 3092 3942 factam
3139 3887 3191 3940 in
3228 3887 3407 3942 cmlis.
3445 3883 3616 3939 Vocat
3653 3900 3758 3939 non

2174 3997 2336 4034 manu
2367 3980 2587 4050 faciam,
2631 3977 2952 4033 diﬁ‘erentia‘.
3005 3991 3219 4044 causa;
3277 3975 3424 4047 quod
3470 3977 3581 4031 vita
3639 3973 3756 4030 hac

2173 4077 2296 4133 ideo
2327 4089 2492 4130 manu
2525 4073 2668 4128 facta
2701 4071 2938 4136 dicatur,
2962 4071 3109 4142 quod
3141 4070 3320 4125 omnis
3352 4070 3473 4139 ejus
3490 4070 3673 4125 cultus
3699 4079 3761 4125 et

2173 4161 2374 4227 studia,
2405 4160 2685 4216 hominum
2710 4159 2964 4214 manibus
2992 4159 3454 4214 administrentur
3477 4167 3532 4213 et
3564 4175 3760 4231 geran‘

2165 4263 2276 4308 tur.
2310 4251 2448 4307 Nam
2483 4265 2705 4322 corpus,
2738 4265 2862 4304 cum
2892 4250 2967 4305 sit
2990 4247 3083 4304 Dei
3137 4248 3438 4318 opiﬁcium,
3477 4263 3587 4303 non
3617 4249 3755 4305 dici-

2164 4354 2256 4402 tur
2279 4361 2446 4399 manu
2474 4343 2702 4405 factum,
2738 4341 2886 4412 quod
2912 4357 3020 4395 non
3056 4340 3127 4396 sit
3149 4348 3267 4394 arte
3301 4341 3540 4393 humana
3575 4343 3748 4396 mani-

2163 4439 2267 4494 bus
2296 4437 2663 4494 eﬂ'ormatum.
2683 4432 2841 4500 Quod
2879 4435 2927 4490 si
2962 4433 3086 4487 ideo
3108 4445 3311 4502 corpus
3325 4430 3563 4486 dixerint
3585 4449 3748 4489 manu

2164 4533 2392 4598 factum,
2424 4531 2570 4602 quod
2600 4529 2734 4584 illud
2768 4528 2912 4583 Deus
2943 4526 3012 4582 sit
3037 4539 3300 4596 operatus
3328 4567 3343 4591 ,
3376 4525 3539 4595 plane
3571 4527 3751 4596 sequi-

2165 4635 2274 4691 tur,
2307 4633 2368 4680 ut
2394 4633 2450 4682 et
2482 4625 2700 4688 animae,
2732 4632 2785 4676 et
2818 4620 3014 4691 angeli,
3047 4619 3275 4688 ipsaque
3305 4618 3360 4672 in
3393 4617 3549 4674 caelis
3580 4619 3750 4690 spiri-

472 4711 569 4776 Τίς
610 4709 702 4766 οὖν
734 4715 882 4767 ἐστιν
918 4718 950 4786 ἡ
1002 4719 1377 4790 χειροποίητος
1407 4720 1588 4790 οἰκία;
1636 4721 1714 4775 Ἦ·
1742 4721 2058 4795 βραχύϐιος,

2173 4719 2297 4775 talia
2321 4717 2869 4784 indumentatmanu
2904 4711 3048 4768 facta
3075 4711 3351 4766 dicantur.
3386 4710 3528 4765 Nam
3543 4718 3597 4766 et
3631 4711 3760 4776 illa,-

443 4864 452 4937 ξ
538 4869 585 4900 ⁷³
618 4867 682 4923 II
713 4867 916 4937 Conv,
953 4871 1005 4925 1.

472 5030 583 5099 tur,
619 5033 714 5080 aut
753 5033 902 5082 certe
941 5027 1126 5082 minus
1169 5029 1504 5099 percipiatur
1549 5031 1912 5086 subtractum.
1955 5031 2051 5085 Vi-

471 5096 658 5170 demus
689 5113 853 5170 quam
884 5113 1090 5170 paucos
1111 5096 1346 5162 eineres,
1375 5117 1496 5170 qua:
1533 5102 1644 5156 fere
1671 5109 1886 5158 terrena
1915 5103 2052 5157 sub-

471 5166 674 5243 stantia
697 5166 750 5221 i'n
790 5166 1268 5243 combustibilibus
1314 5166 1420 5233 est,
1457 5175 1650 5243 ingens
1695 5173 1830 5226 silva
1881 5175 2051 5228 relin-

471 5243 636 5304 quat:
661 5239 844 5295 inesse
863 5255 994 5294 vero
1022 5241 1318 5310 plurimum
1342 5244 1485 5298 aeris
1503 5239 1816 5307 arboribus,
1847 5243 2056 5299 indicat

541 5439 654 5509 (62)
696 5441 900 5506 Ἀποξ.
937 5441 1102 5498 Sirm.
1139 5443 1551 5509 ἂναξυλοῦσθαι.

541 5511 658 5583 (θῦ)
688 5513 950 5568 Γίνεται.
997 5513 1110 5576 Αἰ..
1142 5514 1418 5583 γίνωνται.
1451 5514 1517 5569 Et
1553 5531 1685 5570 mox.
1722 5516 1976 5592 forte,”
1999 5520 2052 5572 ἴ)-

541 5599 570 5633 ν

543 5599 654 5722 ἷίῗί)
682 5651 846 5730 Ficus
867 5654 1119 5730 videmus,
1143 5665 1249 5712 etc.
1272 5655 1536 5730 Accipere
1565 5657 1774 5728 aliquid
1803 5676 1833 5715 e
1864 5661 2044 5730 par-ie-

469 5721 1274 5801 tibusquibusadnascuntur,
1315 5721 1631 5797 huj'usmodi
1659 5721 1782 5786 sive
1824 5721 2044 5801 capriﬁ-

468 5807 584 5855 cos,
639 5795 753 5869 sive
800 5797 1000 5867 stirpes
1048 5800 1206 5863 alias,
1258 5795 1456 5869 praeter
1503 5801 1630 5863 alia,
1662 5801 1827 5855 etiam
1880 5795 2038 5856 ruina

470 5863 728 5934 ostendit,
763 5863 934 5939 quani
969 5869 1189 5926 tandem
1239 5863 1471 5928 aedilicio
1506 5871 1760 5938 aﬁ‘crunt,
1793 5872 2037 5944 disjectis

2164 5031 2376 5093 levitas,
2410 5047 2518 5101 qua
2563 5032 2726 5086 etiam
2759 5029 3580 5101 aquis-supernatant;laquam
3613 5041 3744 5083 vero

2167 5110 2368 5172 prater
2397 5099 2502 5156 alia
2538 5101 2780 5156 ostendit
2813 5099 3004 5178 earum
3026 5099 3221 5178 ’virens
3253 5099 3521 5161 luxuries,
3557 5102 3744 5178 rnatu-

2161 5182 2454 5244 ratumque
2479 5180 2854 5245 augmentum,
2881 5172 3083 5242 quibus
3107 5172 3246 5226 locis
3264 5185 3420 5240 aqua:
3448 5172 3606 5239 copia
3628 5184 3744 5223 ma-

2163 5255 2313 5299 nant.

2163 5449 2437 5518 lapidibus
2488 5450 2824 5520 intrusisque
2856 5448 2915 5503 in
2935 5449 3133 5520 locum
3147 5443 3737 5520 caementiradicibus,

2159 5515 2391 5590 ejusque
2427 5528 2656 5575 exsueto
2685 5515 3209 5590 terreovpinguiore;
3249 5526 3308 5571 ut
3338 5515 3532 5590 debeat
3566 5531 3741 5590 quan-

2157 5585 2338 5658 doque
2370 5591 2550 5661 paries
2581 5590 2776 5646 infesta
2802 5585 3138 5661 plantatione
3155 5585 3540 5661 depurgandus
3564 5585 3734 5649 dirui,

2153 5657 2442 5733 novusque
2481 5657 2817 5733 instaurari;—
2857 5660 3004 5733 quod
3047 5659 3164 5733 ipse
3203 5657 3508 5733 Methodius
3548 5673 3743 5711 exem-

2151 5732 2322 5800 plum,
2351 5731 2407 5787 in
2431 5741 2696 5799 nostram,
2725 5732 2973 5802 stirpitus
3004 5731 3285 5809 evellendo
3317 5738 3558 5809 peccato,
3591 5743 3746 5790 mor.

2149 5811 2292 5879 tem_._
2304 5811 2730 5879 secuturumque
2758 5801 3218 5860 reSurrectionem
3231 5841 3245 5870 ,
3263 5801 3478 5879 egregie
3504 5801 3561 5855 in
3579 5813 3715 5869 supe

2143 5875 2383 5932 rioribus
2411 5873 2652 5931 deducit.
