4150 6464
403 384 501 444 ΞΗ

1374 385 1431 443 S.
1475 386 1809 443 METIlODIl
1839 386 2149 444 EPlSCOl’l
2191 387 2279 441 ΕΤ
2322 386 2685 445 ΜΛΙὶΤῩῐίιδ

3556 391 3665 447 ’512

400 502 519 558 suis
544 499 692 554 velut
720 496 993 563 manibus,
1025 495 1073 550 is
1106 495 1224 567 ipse
1254 506 1534 567 operatus,
1561 498 1707 553 fec-it.
1730 498 1864 565 Qua:
1892 514 1953 555 es

2080 499 2152 563 ὡς
2187 498 2343 569 ἔφην,
2376 499 2515 572 αὕτη
2544 500 2678 571 ζωὴ,
2771 499 2867 553 ἀπ’
2903 499 3256 573 ἀνθρωπίνων
3291 501 3492 574 χειρῶν
3536 504 3665 577 δρα-

398 609 530 664 ergo
556 592 751 647 domus
782 605 945 644 manu
979 588 1121 644 facta
1144 591 1170 644 ?
1221 588 1421 662 Utique
1459 593 1643 648 brevis
1672 596 1787 648 hinc
1841 595 1973 656 vita,

397 683 848 758 quemadmodum
899 683 1173 748 dicebam,
1227 684 1483 740 humanis
1516 685 1771 741 manibus
1825 685 1978 739 velut

397 781 589 834 aii‘ecta
619 787 673 832 et
706 783 1035 832 sustentata.
1064 774 1199 830 Nam
1250 776 1449 848 inquit,
1478 776 1546 833 In
1574 778 1771 833 sudore
1801 779 1975 833 vultus

396 874 472 926 tui
493 872 711 925 vesceris
743 886 878 940 pane
913 877 1001 923 tuo
1035 868 1082 901 ⁷³
1109 886 1128 923 :
1161 884 1267 940 qua
1291 869 1581 936 dissoluta,
1612 871 1974 926 immortalem

393 964 541 1018 illam
567 963 735 1016 vitam
768 978 875 1017 non
900 977 1065 1017 manu
1096 961 1294 1015 iactam
1312 976 1681 1032 occupamus:
1712 960 1976 1033 quemad-

393 1059 614 1114 modum
639 1059 756 1130 ipse
788 1057 1056 1114 Dominus
1086 1057 1404 1123 declaravit,
1436 1073 1561 1113 cum
1588 1057 1729 1113 dixit
1761 1058 1843 1113 τις
1870 1055 1974 1111 Fa-

389 1153 491 1207 cile
538 1151 681 1208 vobis
713 1153 911 1207 amicos
948 1152 1012 1207 de
1053 1169 1353 1207 mammona
1382 1153 1560 1223 iniquo
1590 1151 1723 1224 (65),
1751 1160 1809 1205 ut
1854 1168 1974 1206 cum

389 1243 689 1313 defeceritis
718 1283 733 1307 ,
788 1244 1046 1312 recipiant
1092 1259 1181 1298 vos
1232 1244 1287 1297 in
1346 1251 1545 1298 (eterna
1598 1240 1967 1299 tabernacula.

390 1335 549 1401 Quod
587 1336 731 1390 enim
758 1335 870 1389 illic
910 1332 1171 1389 Dominus
1200 1331 1545 1387 tabernacula
1572 1332 1786 1386 vocavit
1816 1371 1831 1395 ,
1880 1330 1971 1384 hic

389 1431 687 1500 Apostolus
740 1433 900 1483 vocat
952 1426 1284 1479 indumenta.
1336 1423 1492 1491 Quod
1525 1423 1636 1478 illic
1669 1423 1867 1476 amicos
1906 1421 1975 1476 de

386 1522 687 1593 iniquitate,
714 1521 803 1576 hic
819 1519 1114 1591 Apostolus
1134 1516 1317 1572 domos
1344 1515 1730 1571 dissolvendas.
1762 1514 1968 1581 Quem-

389 1614 679 1669 admodum
730 1627 879 1683 ergo,
910 1624 1056 1686 ocum
1104 1609 1390 1681 prassentis
1433 1608 1561 1664 vitae
1601 1615 1808 1663 nostra:
1851 1605 1971 1662 dies

388 1705 705 1772 defecerint,
721 1713 940 1760 nostras
957 1703 1169 1757 animas
1186 1710 1315 1759 sunt
1338 1708 1632 1772 acceptura
1661 1699 1969 1756 bcneilcen~

386 1799 475 1853 tiae
504 1797 719 1861 merita,
750 1794 798 1852 si
825 1810 954 1867 qua,
980 1793 1166 1864 iniqua
1187 1793 1291 1848 hac
1322 1794 1455 1857 vita,
1477 1793 1918 1863 comparavimus
1949 1808 1965 1859 ;

2083 592 2527 664 ματουργημένη.
2576 593 2740 663 didm
2786 592 2915 665 γὰρ,
2970 593 3156 664 φησὶν,
3209 594 3282 648 ἐν
3324 594 3521 664 ἱδρῶτι
3555 597 3665 651 τοῦ

2078 684 2404 752 προσώπου
2458 700 2575 738 σου
2638 683 2747 738 τὸν
2800 684 2983 752 ἄρτον
3033 699 3182 739 σου’
3230 679 3298 758 ἧς
3340 686 3663 743 καταλυθεί-

2080 790 2200 844 σης,
2247 775 2464 845 ἐκείνην
2502 774 2600 847 τὴν
2639 775 3051 848 ἀχειροποίητον
3093 775 3239 848 ζωὴν
3276 776 3496 848 ἔχομεν.
3545 781 3663 834 Κα-

2077 865 2255 938 θάπερ
2288 867 2384 920 καὶ
2415 869 2446 920 ὁ
2480 866 2683 938 Κύριος
2712 867 2902 933 εἰπὼν,
2934 867 3203 939 ἐδήλωσε·
3232 868 3535 939 Ποιήσατε
3564 872 3662 941 φί-

2075 963 2227 1025 λους
2264 958 2334 1011 ἐκ
2356 957 2467 1025 τῆς
2495 958 2731 1025 ἀδικίας
2760 959 2866 1013 τοῦ
2897 958 3211 1030 μαμμωνᾶ,
3233 962 3353 1028 ἵνα,
3389 961 3538 1018 ὅταν
3563 964 3659 1018 ἐκ-

2073 1052 2309 1119 λίπητε,
2354 1050 2641 1116 δέξωνται
2678 1051 2835 1121 ὑμᾶς
2863 1054 2951 1116 εις
2977 1052 3084 1118 τὰς
3099 1054 3378 1121 αἰωνίους
3396 1055 3655 1124 σκηνάς.

2080 1144 2146 1197 Ὅ
2178 1143 2291 1215 γὰρ
2352 1145 2469 1198 ἐκεῖ
2518 1144 2758 1213 σκηνὰς
2792 1144 2821 1195 ὁ
2861 1144 3067 1216 Κύριος
3098 1146 3345 1212 ἐκάλεσε,
3374 1148 3535 1202 τοῦτο
3564 1149 3654 1204 ὲν-

2071 1236 2249 1291 ταῧθα
2288 1239 2318 1291 ὁ
2359 1237 2679 1300 Ἀπόστολος
2723 1236 3044 1306 ἐνδύματα.
3086 1240 3151 1292 ὐ
3185 1238 3244 1294 δὲ
3281 1240 3401 1293 ἐκεῖ
3437 1241 3658 1309 φίλους

2071 1331 2141 1385 ἐκ
2171 1329 2282 1400 τῆς
2303 1330 2559 1396 ἀδικίας,
2595 1329 2828 1385 ἐνταῦθα
2858 1330 3310 1401 καταλυομένας
3341 1335 3371 1386 ὁ
3401 1333 3657 1389 Ἀπόστο-

2071 1421 2161 1486 λος
2218 1423 2428 1489 οἰκίας.
2478 1422 2747 1495 Καθάπερ
2777 1421 2932 1492 γοῦν,
2981 1424 3075 1478 ἐὰν
3105 1423 3420 1495 ὲλλείψωσιν
3461 1428 3519 1478 αἱ
3553 1426 3655 1498 τῆς

2070 1513 2356 1586 παρούσης
2395 1514 2541 1585 ζωῆς
2573 1515 2728 1586 ἡμῶν
2762 1516 2986 1587 ἡμέραι,
3020 1517 3088 1570 τὸ.
3117 1517 3251 1590 πρὸς
3281 1519 3526 1573 εὐποιίαν
3555 1518 3657 1585 τὰς

2069 1605 2248 1678 ψυχὰς
2299 1606 2459 1679 ἡμῶν
2503 1604 2851 1675 ὑποδέξονται
2909 1608 3218 1681 ἀγαθοεργή
3228 1627 3401 1681 ματα,
3458 1609 3495 1664 ἃ
3544 1612 3652 1664 ἀπὸ

2068 1699 2167 1769 τῆς
2195 1700 2253 1752 ὲν
2274 1702 2342 1771 τῇ
2367 1699 2551 1771 ἀδικίᾳ
2590 1700 2740 1771 ζωῆς
2784 1702 3157 1774 ἐκτησάμεθα,
3182 1704 3261 1776 τῷ
3282 1704 3391 1759 τὸν
3418 1706 3659 1776 κόσμον

2067 1790 2139 1844 ἐν
2171 1789 2252 1857 τῷ
2298 1791 2540 1860 πονηρῷ
2592 1792 2824 1849 κεῖσθαι
2848 1810 2863 1824 ·
2897 1794 3059 1862 οὕτω,
3092 1796 3190 1867 τῆς
3236 1797 3382 1868 ζωῆς
3411 1797 3650 1852 καταλυ-

385 1908 452 1948 eo
484 1892 692 1962 iniqua,
726 1890 871 1961 quod
904 1889 1133 1943 mundus
1190 1889 1259 1943 sit
1295 1888 1500 1957 positus
1529 1889 1585 1941 in
1611 1885 1846 1956 maligno
1868 1885 1914 1917 ⁷⁵
1947 1899 1956 1938 .'

2069 1881 2258 1954 θείσης
2290 1884 2389 1954 τῆς
2422 1884 2733 1957 ὼκυμόρου,
2759 1886 2857 1958 τὴν
2890 1888 2997 1958 πρὸ
3021 1889 3118 1959 τῆς
3151 1890 3500 1955 ἀναστάσεως
3530 1891 3651 1958 ’ἐξο-

385 1988 463 2041 ita
492 1988 602 2042 cito
638 1987 880 2057 peritura
912 1984 1024 2040 vita
1079 1983 1185 2038 hac
1225 1981 1516 2045 dissoluta,
1566 1981 1965 2049 habitationem

385 2081 526 2150 apud
567 2079 734 2134 Deum
792 2092 914 2148 qua:
969 2085 1054 2134 est
1104 2083 1231 2130 ante
1272 2074 1734 2131 resurrectionem
1764 2114 1781 2141 ,
1835 2072 1961 2144 ipsi,

382 2172 489 2228 hoc
518 2179 603 2228 est
644 2172 860 2234 animae,
908 2184 1099 2226 sumus
1129 2168 1369 2223 habituri
1400 2166 1538 2238 (66),
1585 2166 1760 2222 donec
1804 2165 1964 2221 nobis

382 2265 742 2321 instauratam
776 2262 999 2341 domum
1045 2262 1215 2325 illam,
1251 2275 1553 2331 numquam
1593 2274 1846 2316 casuram
1877 2276 1964 2315 re-

379 2360 670 2430 cipiamus.
714 2356 861 2411 Unde
909 2366 957 2412 et
1006 2356 1421 2427 ingemiscimus,
1456 2371 1516 2408 eo
1543 2352 1681 2425 quod
1715 2353 1963 2407 nolumus

378 2447 671 2516 exspoliari
702 2462 926 2516 corpus,
964 2447 1055 2500 sed
1089 2451 1300 2501 retento
1331 2445 1447 2510 illo,
1483 2445 1650 2498 vitam
1691 2443 1963 2515 reliquam

381 2539 720 2608 superiacit-tiri
740 2538 810 2594 ⁷⁸.
842 2536 977 2593 Illud
1011 2538 1157 2593 enim
1190 2536 1255 2590 de
1286 2535 1415 2589 calo
1442 2534 1794 2598 domicilium,
1822 2532 1962 2603 quod

382 2631 689 2702 superindui
731 2632 991 2703 cupimus,
1048 2631 1431 2686 immortalitas
1475 2638 1559 2685 est
1594 2643 1803 2699 :quam
1834 2643 1961 2682 cum

379 2726 647 2783 fuerimus
700 2724 1068 2796 superinduti,
1126 2723 1495 2779 absorbebitur
1545 2724 1767 2793 penitus
1799 2721 1959 2793 quid-

377 2819 510 2891 quid
538 2819 595 2873 iu
624 2837 687 2874 ea
725 2818 1004 2873 iulirmum
1036 2826 1121 2871 est
1153 2825 1208 2873 et
1239 2815 1483 2880 mortale,
1517 2814 1582 2868 ab
1618 2825 1818 2870 aeterna
1851 2815 1959 2867 vita

377 2920 785 2985 consumptum.
823 2911 928 2965 Per
959 2909 1117 2981 ﬁdem
1168 2911 1307 2965 enim
1356 2908 1714 2973 ambulamus,
1762 2915 1812 2962 et
1854 2924 1959 2961 non

374 3023 469 3077 per
492 3007 712 3076 speciem
742 3006 811 3060 "".
852 3002 968 3059 Hoc
998 3010 1082 3059 cst
1122 3022 1136 3059 :
1178 3002 1314 3058 Nam
1346 3004 1526 3058 adimo
1558 3017 1655 3074 per
1688 3000 1848 3057 ﬁdem
1879 3000 1959 3054 in-

375 3098 643 3160 cedimus,
678 3103 876 3150 statum
903 3096 1053 3149 illum
1088 3094 1480 3151 obscurissima
1515 3092 1955 3149 consideratione

375 3188 723 3258 aspicientes,
748 3196 799 3241 ct
838 3202 943 3240 non
975 3186 1123 3241 clare
1149 3203 1163 3252 ;
1191 3192 1250 3239 ut
1279 3185 1487 3250 videre,
1516 3183 1623 3239 l'rui
1661 3191 1715 3239 et
1741 3197 1865 3239 esse
1895 3182 1951 3235 in

373 3282 468 3335 illo
498 3281 791 3350 possimus.
826 3278 940 3334 Hoc
972 3289 1146 3334 autem
1184 3279 1324 3347 dico,
1355 3278 1571 3349 fratres,
1601 3276 1725 3348 quia
1744 3293 1871 3331 caro
1903 3284 1953 3329 el

372 3373 589 3443 sanguis
636 3388 851 3443 regnum
891 3372 981 3427 Dei
1012 3370 1281 3442 possidere
1335 3387 1440 3425 non
1487 3378 1707 3439 possunt
1741 3385 1760 3433 ;
1793 3384 1955 3439 neque

370 3465 639 3534 corruptio
690 3465 1137 3533 incorruptionem
1182 3462 1474 3535 possidebit
1506 3463 1573 3520 ⁷⁸.
1621 3462 1819 3518 Carnis
1852 3477 1953 3516 no-

370 3558 518 3614 mine
574 3573 686 3612 non
734 3558 908 3629 ipsam
941 3572 1162 3613 carnem
1215 3555 1569 3626 signiﬁcavit,
1603 3555 1699 3610 sed
1727 3554 1951 3609 brutum

369 3650 673 3720 appetitum
704 3650 757 3704 in
788 3649 1021 3705 lascivas
1051 3649 1251 3704 animas
1302 3648 1634 3719 voluptates.
1677 3645 1783 3701 Ubi
1819 3659 1952 3717 ergo

370 3741 624 3802 dixisset,
649 3741 786 3810 quod
816 3758 939 3795 caro
970 3749 1019 3795 et
1051 3740 1271 3812 sanguis
1304 3755 1521 3811 regnum
1559 3738 1654 3793 Dei
1681 3736 1952 3809 possidere

369 3851 475 3889 non
512 3844 754 3901 possunt,
787 3841 1193 3903 consequentur
1215 3831 1610 3903 pronuntiavit,
1642 3847 1804 3903 neque
1831 3846 1951 3885 cor-

372 3928 548 3997 ruptio
607 3926 1053 3996 incorruptionem
1109 3925 1415 3995 possidebit.
1451 3924 1617 3997 Atqui
1671 3923 1952 3994 corruptio

368 4036 480 4076 non
503 4036 595 4076 res
628 4020 746 4091 ipsa
791 4028 876 4076 est
926 4036 1047 4092 qum
1098 4021 1491 4092 corrumpitur,
1523 4019 1619 4077 sed
1648 4020 1796 4091 quod
1821 4033 1949 4074 cor-

366 4114 594 4185 rumpit.
627 4113 959 4171 Przevalente
993 4115 1209 4185 quidem
1244 4122 1456 4181 morte,
1516 4114 1693 4185 vergit
1744 4127 1950 4183 corpus

368 4209 426 4263 in
457 4210 862 4281 corruptionem
904 4218 1143 4265 :contra
1175 4225 1325 4274 vero,
1373 4216 1730 4280 permanente
1780 4208 1835 4262 in
1883 4221 1949 4262 eo

364 4300 501 4365 vita,
551 4308 661 4357 stat
714 4302 1160 4359 illabefactatum.
1212 4302 1393 4370 Quare
1446 4318 1571 4358 cum
1620 4316 1751 4357 caro
1806 4299 1950 4355 inter

367 4395 606 4452 conﬁnia
636 4396 1010 4467 corruptionis
1030 4404 1085 4452 et
1111 4395 1568 4467 incorruptionis,
1601 4409 1666 4448 ac
1700 4409 1801 4448 nec
1822 4408 1948 4448 cor-

365 4491 548 4561 ruptio
572 4505 673 4547 nec
704 4490 1046 4561 incorruptio
1073 4490 1213 4546 facta
1268 4498 1414 4545 esset
1438 4507 1454 4557 ;
1481 4489 1622 4543 victa
1651 4503 1782 4543 vero
1813 4503 1945 4558 pro-

364 4591 488 4655 pter
516 4584 871 4654 voluptatem,
901 4599 1212 4655 quanquam
1254 4579 1691 4652 incorruptionis
1726 4594 1865 4650 opus
1891 4586 1945 4634 et

2072 1992 2172 2047 μεν
2221 1977 2454 2048 οἴκησιν,
2507 1979 2565 2033 αι
2617 1978 2808 2051 ψυχαὶ,
2854 1980 3005 2050 παρά
3030 1981 3109 2053 τῷ
3145 1981 3266 2054 ὰῷ
3324 1980 3457 2055 (67),
3501 1987 3580 2049 εἰς
3602 1984 3650 2039 τ’

2067 2068 2648 2141 ἀνακαινοποιηθεῖσαν
2694 2074 2825 2144 ἡμῖν
2872 2073 3123 2129 ἄπτωτον
3170 2075 3525 2148 ἀναλάϐωμεν
3551 2078 3655 2151 τὴν

2065 2159 2265 2216 οἰκίαν.
2319 2160 2489 2217 Ὅθεν
2541 2163 2639 2217 καὶ
2700 2164 3080 2236 στενάζομεν,
3119 2167 3206 2238 μὴ
3258 2168 3539 2238 θέλοντες
3590 2172 3651 2225 τὸ

2068 2250 2228 2323 σῶμα
2287 2253 2779 2321 ἀπεκδύσασθαι,
2841 2259 2979 2314 ἀλλ’
3043 2262 3130 2315 ἐπ’
3188 2261 3338 2334 αὐτῷ
3382 2264 3481 2336 τὴν
3543 2266 3654 2319 λοι-

2065 2344 2173 2417 πὴν
2235 2345 2683 2405 ἐπενδύσασθαι
2726 2349 2891 2423 ζωήν.
2942 2352 3016 2406 Τὸ
3058 2352 3168 2426 γὰρ
3210 2355 3551 2426 οἰκητήριον
3584 2375 3652 2413 το

2063 2436 2131 2503 ἐξ
2165 2439 2446 2507 οὐρανοῦ,
2478 2438 2511 2493 ὃ
2537 2441 2986 2499 ἐπενδύσασθαι
3007 2444 3427 2517 ἐπιθυμοῦμεν,
3454 2450 3486 2520 ἠ
3516 2448 3650 2505 ἀθα-

2063 2532 2222 2585 νασία
2249 2533 2397 2588 ἐστίν
2418 2549 2433 2564 ’
2462 2533 2529 2605 ἢν
2563 2533 2659 2588 ἐὰν
2703 2536 3143 2609 ὲπενδυσὼμεθα,
3171 2540 3648 2609 καταποθήσεται

2063 2625 2174 2679 πᾶν
2194 2625 2256 2678 τὸ
2290 2626 2348 2681 ὲν
2389 2627 2524 2697 αὐτῇ
2552 2628 2857 2701 ὁλοσχερῶς
2888 2630 3131 2696 ἀσθενὲς,
3153 2633 3270 2687 ὑπὸ
3292 2633 3392 2705 τῆς
3417 2635 3650 2707 ἀχρόνου

2063 2713 2211 2784 ζωῆς
2234 2716 2638 2786 καταναλωθὲν,
2670 2720 2765 2773 καὶ
2797 2722 3037 2788 θνητόν.
3074 2723 3176 2778 Διὰ
3230 2726 3489 2793 πίστεως
3539 2729 3645 2799 γὰρ

2060 2809 2518 2880 περιπατοῦμεν,
2567 2815 2640 2867 οὐ
2690 2813 2788 2868 διὰ
2811 2813 3032 2883 εἴδους.
3087 2816 3378 2872 Τουτέστι·
3409 2821 3510 2875 Διά
3553 2820 3656 2876 πί-

2062 2916 2232 2965 στεως
2259 2900 2369 2974 γὰρ
2389 2903 2741 2975 ἐπιθαίνομεν
2776 2904 2875 2973 ἔτι,
2913 2908 3282 2981 ἀτρανωτάτῳ
3309 2911 3558 2984 λογισμῷ
3576 2915 3645 2967 τὰ

2058 2997 2174 3049 ἐκεῖ
2208 2997 2510 3069 πράγματα
2536 3001 2981 3066 κατοπτεύοντες,
3022 3005 3116 3058 καὶ
3149 3006 3209 3058 οὐ
3246 3006 3433 3075 σαφῶς
3454 3022 3469 3037 ·
3504 3006 3645 3061 ὥστε

2059 3090 2152 3142 καί
2176 3092 2328 3162 ὁρᾷν,
2366 3094 2461 3146 καὶ
2508 3093 2822 3160 ἀπολαύειν,
2858 3097 2954 3150 καὶ
2973 3099 3032 3151 ἐν
3057 3098 3240 3162 αὐτοῖς
3274 3094 3433 3154 εἶναι.
3464 3100 3646 3155 Τοῦτο

2055 3180 2125 3235 δέ
2145 3198 2317 3253 φημι,
2362 3183 2633 3256 ἀδελφοὶ,
2674 3186 2763 3241 ὅτι
2788 3188 2945 3257 σὰρξ
2972 3189 3073 3244 καὶ
3097 3186 3242 3261 αἷμα
3270 3192 3651 3263 κληρονομῆα

2059 3289 2164 3328 σαι
2190 3276 2518 3340 βασιλείαν
2563 3279 2713 3334 Θεοῦ
2757 3282 2829 3334 οὺ
2856 3280 3161 3350 δύνανται,
3206 3284 3348 3339 οὐδὲ
3383 3287 3422 3355 ἡ
3455 3288 3646 3356 φθορὰ

2057 3368 2175 3436 τὴν
2198 3368 2543 3438 ἀφθαρσίαν
2580 3372 2956 3442 κληρονομεῖ.
2996 3374 3204 3446 Σάρκα,
3246 3377 3432 3449 φησὶν,
3461 3378 3523 3430 οὺ
3545 3379 3644 3448 τὴν

2059 3458 2237 3531 σάρκα
2298 3462 2470 3533 αὐτὴν
2528 3463 2817 3535 ἐδήλωσεν,
2853 3465 2990 3519 ἀλλά
3024 3467 3123 3539 τὴν
3162 3468 3357 3538 ἄλογον
3381 3470 3518 3543 πρὸς
3544 3470 3644 3534 τὰς

2060 3551 2351 3623 μαχλὼσας
2414 3554 2514 3624 τῆς
2569 3554 2747 3627 ψυχῆς
2793 3557 2969 3629 ὁρμὴν
3013 3559 3224 3630 ἡδονάς.
3268 3559 3453 3616 Εἰπὼν
3500 3558 3595 3616 οὖν
3622 3579 3639 3592 ·

2058 3642 2354 3712 Ὅτι-σὰρξ
2377 3645 2475 3698 καὶ
2496 3640 2639 3715 alga
2657 3647 2987 3709 ,βασιλείαν
3010 3649 3159 3704 Θεοῦ
3188 3652 3643 3722 κληρονομῆσαι

2054 3735 2128 3789 οὐ
2186 3734 2505 3791 δύνανται⁶
2574 3741 2994 3812 ὲπαπεφήνατο·
3029 3741 3182 3796 Οὐδὲ
3228 3745 3265 3813 ἡ
3305 3745 3496 3813 φθορὰ
3526 3744 3645 3814 τὴν

2054 3828 2398 3899 ἀφθαρσίαν
2434 3834 2811 3904 κληρονομεῖ.
2859 3834 3041 3907 ⁴ιιθορςὲι
3070 3836 3126 3889 δὲ
3154 3837 3253 3890 οὐκ
3279 3838 3410 3892 αὐτό
3437 3842 3552 3893 ἐστι
3579 3840 3647 3893 τὸ

2055 3921 2433 3994 φθειρόμενον,
2460 3924 2598 3980 ἀλλά
2625 3927 2687 3980 τὸ
2719 3927 2959 4000 φθεῖρον.
3005 3929 3503 4004 Ἐπικρατήσαντος
3538 3933 3637 4005 μὲν

2053 4016 2161 4090 γὰρ
2194 4016 2290 4071 τοῦ
2328 4017 2582 4087 θανάτου,
2612 4019 2853 4076 κλίνεται
2876 4021 2936 4076 τὸ
2961 4022 3119 4095 σῶμα
3147 4025 3225 4088 εἰς
3254 4023 3487 4097 φθοράψ
3520 4028 3643 4080 ἐπι-

2056 4110 2323 4183 μενούσης
2370 4111 2429 4165 δὲ
2464 4110 2698 4183 ἔμπαλιν
2721 4115 2820 4185 τῆς
2844 4115 2993 4184 ζωῆς
3042 4116 3101 4169 ἐν
3132 4116 3302 4188 αὐτῷ,
3332 4118 3529 4190 ἕστηκε
3559 4120 3637 4191 μὴ

2053 4204 2501 4278 καθαιρούμενον.
2545 4205 2638 4259 Διὸ
2693 4207 2880 4279 ἐπειδὴ
2918 4208 3166 4281 μεθόριον
3201 4210 3303 4281 τῆς
3330 4210 3638 4285 ἀφθαρσίας

2051 4298 2286 4370 ἐγενήθη
2307 4300 2401 4353 καὶ
2424 4300 2524 4371 τῆς
2547 4298 2753 4372 φθορᾶς
2776 4302 2809 4372 ἡ
2842 4299 2998 4372 σὰρξ,
3027 4304 3129 4356 οὐκ
3148 4299 3284 4358 οὖσα
3313 4305 3430 4358 οὐδὲ
3462 4304 3638 4378 φθορά

2050 4388 2171 4442 οὐδὲ
2196 4388 2498 4461 ἀφθαρσία,
2532 4388 2811 4463 ἐκρατήθη
2853 4390 2909 4445 δὲ
2932 4391 3019 4445 διὰ
3056 4392 3154 4463 τὴν
3177 4393 3369 4465 ἡδονὴν
3406 4395 3510 4449 ὑπὸ
3537 4397 3636 4468 τῆς

2052 4483 2280 4556 φθορᾶς,
2332 4484 2544 4555 ποίημα
2598 4484 2697 4556 τῆς
2734 4483 3043 4555 ἀφθαρσίας
3093 4487 3190 4539 καὶ
3242 4488 3427 4559 κτῆμα
3456 4488 3635 4560 ὑπάρ-

2053 4594 2224 4648 χουσα
2249 4595 2262 4608 ·
2324 4577 2414 4631 διὰ
2462 4577 2619 4631 τοῦτο
2672 4579 2964 4650 γεγένηται
2994 4580 3073 4643 είς
3099 4578 3324 4653 φθοράν.
3359 4582 3470 4636 Καὶ
3514 4581 3638 4635 ἐπεὶ

362 4678 674 4751 possessio,
722 4676 916 4731 fuisset
956 4692 988 4730 ιι
1028 4676 1421 4746 corruptione:
1482 4680 1772 4744 propterea
1820 4687 1946 4728 cor-

2060 4671 2420 4745 ςυνεκροτήθη
2465 4671 2578 4743 (68)
2625 4672 2731 4725 ὑπὸ
2762 4672 2862 4743 τῆς
2889 4673 3114 4746 φθορᾶς,
3149 4676 3243 4730 καὶ
3300 4676 3517 4752 θανάτῳ
3547 4677 3640 4734 διὰ

428 4792 476 4825 ⁷³
505 4790 634 4847 Gen.
666 4806 749 4856 ιιι,
776 4791 865 4847 i9.
940 4793 989 4824 ⁷⁵
1015 4792 1146 4850 Luc.
1181 4810 1293 4859 xvi,
1321 4793 1376 4849 9.
1450 4795 1499 4826 ⁷⁸
1522 4794 1543 4849 1
1568 4793 1728 4849 Joan.
1762 4812 1816 4857 ν,
1848 4795 1932 4851 l9.

437 4883 551 4955 (65)
598 4881 676 4955 De
722 4897 1026 4955 mammona
1069 4884 1281 4955 iniquo.
1316 4882 1411 4937 Ἐκ
1437 4883 1539 4954 τῆς
1585 4884 1802 4948 ἀδικίας
1846 4884 1940 4938 τοῦ

368 4954 681 5026 μαμμωνᾶ,
734 4954 881 5026 velut
927 4968 995 5006 ex
1053 4954 1321 5021 injustitia
1375 4970 1702 5009 mammonae
1738 4972 1751 5007 :
1794 4957 1941 5026 quod

366 5024 614 5107 magnam
670 5024 832 5107 habet
874 5027 1286 5107 eximes-sionem
1331 5040 1343 5075 :
1378 5038 1692 5107 quanquam
1733 5024 1944 5107 habent

363 5092 552 5149 Graeca
590 5092 724 5147 Luc.
761 5100 819 5147 ut
864 5092 1102 5148 reddidit
1150 5103 1340 5148 noster
1390 5092 1683 5163 interpres,
1729 5099 1794 5150 ὲκ
1847 5096 1943 5150 τοῦ

367 5166 644 5236 μαμμωνᾶ
662 5164 760 5236 τῆς
777 5164 989 5236 ἀδικίας
1017 5185 1027 5219 :
1055 5180 1156 5219 nec
1187 5164 1326 5219 forte
1354 5166 1488 5220 illud
1521 5166 1775 5221 Methodii
1798 5168 1941 5222 aliud

362 5234 638 5306 estQuam
676 5234 1007 5307 ῥπερϐατόν,
1052 5236 1233 5306 qualia
1275 5238 1479 5305 passim
1518 5237 1667 5292 illius
1700 5246 1944 5304 exstant,

364 5325 427 5361 ac
456 5304 599 5359 velut
631 5304 901 5359 aﬂ‘ectata.

437 5376 549 5447 (66)
583 5372 717 5449 Ipsi,
747 5376 846 5449 [ioc
881 5377 1215 5449 est_anima',
1247 5394 1429 5449 sumus
1471 5376 1724 5439 habituri,
1753 5378 1945 5449 ἕξομεν

362 5444 692 5519 οἴκησινμαὶ
732 5444 921 5519 ψυχαί,
957 5445 1049 5501 Sic
1071 5450 1233 5516 paulo
1275 5448 1504 5503 inferius
1538 5462 1595 5502 n.
1632 5449 1662 5500 7
1691 5466 1703 5500 :
1753 5444 1946 5519 Ἡμεῖς

363 5515 542 5590 γάρόἰ
572 5515 775 5580 ζῶντες
809 5515 863 5571 αἱ
889 5515 1280 5590 ψυχαίίὲσμεν,
1309 5535 1403 5574 nos
1436 5519 1526 5589 qui
1557 5520 1797 5581 vivimus,
1824 5515 1947 5573 ani-

364 5604 464 5642 mae
510 5603 717 5651 sumus,
764 5591 914 5642 velut
954 5598 1125 5643 totum
1174 5590 1470 5656 hominem,
1502 5605 1662 5644 unam
1703 5590 1943 5644 animam

365 5658 969 5729 Platoniceuagnoscat,
998 5669 1051 5713 et
1081 5660 1209 5714 velit
1237 5676 1267 5714 a
1306 5660 1477 5715 Paulo
1516 5660 1882 5729 signiﬁcatum
1920 5675 1934 5711 :

361 5729 509 5799 quod
556 5726 691 5780 nihil
721 5727 1014 5785 Viennensi
1059 5737 1111 5783 et
1146 5729 1501 5785 Lateranensi
1544 5726 1792 5785 conciliis
1834 5730 1935 5783 ad-

360 5806 636 5861 versatur,
669 5800 1146 5867 pronuntiantibus
1186 5801 1451 5855 adversus
1479 5801 1827 5855 Averroistas
1849 5802 1935 5855 vel

364 5874 523 5928 etiam
571 5867 932 5939 Origenianos
975 5885 1115 5940 quos
1144 5870 1241 5943 hic
1286 5870 1591 5927 Metbodius
1629 5871 1931 5943 impugnat,

2040 4795 2089 4826 7‘
2116 4794 2161 4849 ll
2184 4794 2309 4849 Cor.
2335 4810 2389 4858 v,
2410 4792 2467 4858 2,
2500 4793 2554 4848 5.

2651 4794 2694 4823 ⁷⁷
2728 4792 2857 4848 ibid.
2894 4793 2942 4846 7.
3024 4794 3070 4826 ⁷⁸
3099 4795 3119 4850 Ι
3152 4794 3278 4855 Cor.
3314 4812 3406 4865 xv,
3437 4797 3526 4854 50.

2046 4893 2315 4955 ponentes
2363 4899 2564 4953 corpus
2595 4884 2742 4937 velut
2772 4884 2997 4938 omnino
3030 4893 3351 4942 extraneum
3397 4888 3629 4953 homini,

2046 4972 2148 5010 nec
2182 4970 2221 5031 a_
2243 4955 2519 5009 creatione
2549 4962 2855 5031 acceptum,
2891 4956 2985 5031 sed
3014 4958 3255 5031 carceris
3290 4959 3409 5031 loco
3430 4962 3482 5013 in
3515 4977 3633 5031 ρω-

2048 5040 2173 5096 nam
2191 5025 2411 5092 datum;
2437 5039 2554 5096 non;
2574 5025 2885 5096 damnatam
2905 5027 3181 5096 plerisque
3205 5027 3462 5086 Patribus
3493 5025 3633 5086 ἐντε-

2047 5094 2265 5167 λέχειαν
2288 5096 2433 5149 illam
2465 5094 2800 5167 Aristotelis,
2826 5097 2971 5151 velut
2998 5094 3194 5154 anima:
3232 5099 3632 5156 immortalitati

2047 5167 2323 5240 infestam.
2356 5180 2426 5240 ac
2458 5167 2581 5235 plus
2604 5166 2755 5234 justo
2790 5168 3028 5221 materiae
3060 5167 3494 5240 imntergeutem,
3530 5189 3632 5227 nec

2051 5237 2192 5311 satis
2217 5237 2524 5311 absolutam
2568 5246 2898 5311 servantem,
2929 5253 3035 5311 ceu
3066 5237 3311 5311 divinum
3355 5242 3552 5311 dogma
3577 5252 3631 5297 et

2052 5308 2120 5380 ab
2160 5307 2369 5380 Spiritu
2403 5314 2618 5368 sancto,
2658 5306 3069 5380 delinientibus.
3104 5306 3377 5380 lnterpres
3413 5306 3630 5368 videtur

2051 5378 2464 5439 dissimulasse,
2513 5383 2722 5448 mutata
2762 5378 2937 5447 prima
2983 5394 3217 5448 persona
3250 5378 3326 5435 'in
3373 5385 3629 5447 tertiam,

2052 5450 2246 5501 anima:
2279 5447 2543 5524 habebunt
2568 5464 2594 5524 ί
2631 5447 2727 5524 sed
2768 5463 2877 5524 non
2908 5447 3079 5524 _lic_uit
3112 5450 3168 5503 in
3212 5453 3459 5522 reliquis.
3509 5452 3631 5524 ipse

2051 5527 2231 5593 tamen
2263 5521 2442 5588 palam
2470 5516 2777 5593 Methodius
2803 5519 2959 5572 initio
2988 5519 3188 5593 horum
3219 5516 3629 5593 exeérptorutn,

2048 5588 2325 5660 hominem
2368 5605 2479 5644 non
2528 5590 2701 5643 solam
2745 5604 2868 5645 esse
2912 5590 3150 5643 animam
3194 5588 3406 5647 statuit:
3449 5595 3631 5660 Quare

2049 5658 2138 5713 hic
2169 5662 2533 5734 metonymice
2562 5660 2825 5730 loquitur,
2855 5667 2907 5715 et
2938 5660 3381 5719 denominatione
3410 5658 3631 5734 sumpta

2044 5745 2075 5783 a
2107 5730 2329 5799 potiori.

2116 5801 2228 5868 (67)
2262 5802 2365 5867 Εἰς
2390 5803 2441 5854 τ’
2469 5802 2644 5856 ἀνακ.
2679 5799 2845 5864 Editi,
2879 5803 2988 5855 ἔστ’
3017 5803 3084 5855 ἂν
3110 5802 3270 5857 ἀνακ.

2114 5871 2226 5944 (68)
2244 5872 2681 5943 Συνεκροτήθη.
2722 5871 2913 5930 Scribe
2944 5876 3322 5948 συνεκρατήθη
3351 5893 3419 5933 οι
3441 5876 3624 5949 Rupit.
