4150 6416
352 402 462 458 ετιὸ

1426 385 1544 440 οΕΧ
1582 383 1785 440 LIBRO
1827 383 1913 438 DE
1950 375 2553 438 BESUBRECTIONE.

3512 366 3620 423 ΞΜ

353 521 602 579 παιδείαν
654 515 950 589 παρεδόθη,
999 515 1078 576 είς
1108 514 1255 572 νῖκος
1284 510 1455 576 αὐτὴν
1480 513 1546 582 τῇ
1574 510 1749 582 φθορᾷ
1777 508 1938 563 καθά.

2041 505 2282 577 ruptioni
2314 503 2624 572 mancipata
2653 505 2758 554 est.
2813 495 3109 565 Postquam
3142 506 3273 564 ergo
3299 491 3443 546 victa
3485 489 3621 546 inis-

354 631 461 686 περ
487 609 852 681 κληρονομίαν
884 608 945 659 οὐ
975 603 1294 658 κατέλιπεν·
1326 601 1463 654 ἀλλά
1506 601 1689 665 πάλιν,
1724 600 1813 653 διὰ
1835 601 1935 671 τῆς

353 702 701 763 ἀναστάσεως
726 700 954 769 νικήσας
980 695 1071 748 τὸν
1094 693 1344 756 θάνατον,
1361 691 1611 745 ἀπέδωκε
1630 694 1696 763 τῇ
1723 692 1953 764 ἀφθαρ-

354 796 466 866 aia,
508 793 596 846 ἵνα
630 792 704 863 μὴ
749 788 1134 861 κληρονομήσῃ
1175 787 1208 856 ἡ
1244 784 1421 856 φθορὰ
1461 786 1562 856 τὴν
1603 784 1932 858 ἀφθαρσίαν,

352 887 467 940 ἀλλ’
494 887 526 956 ἡ
555 882 837 954 ἀφθαρσία
866 880 926 933 τὸ
964 877 1223 949 φθαρτόν.
1270 876 1726 948 Ἐπαποκρὶνεται
1756 878 1899 946 γοῦν
1917 895 1931 909 ο

352 976 452 1032 Δεῖ
477 976 587 1047 γὰρ
610 974 675 1028 τὸ
704 971 969 1042 φθαρτὸν
989 968 1162 1022 τοῦτο
1183 968 1554 1022 ἐνδύσασθαι
1576 968 1692 1037 τὴν
1709 970 1935 1038 ἀφθαρ-

352 1069 518 1130 σίαν,
548 1065 649 1119 καὶ
688 1064 753 1118 τὸ
788 1061 1010 1130 θνητὸν
1053 1059 1169 1127 τὴν
1209 1059 1567 1114 ἀθανασίαν.
1595 1060 1836 1132 Φθαρτὸν
1877 1061 1935 1113 δὲ

353 1159 445 1213 καὶ
476 1156 670 1227 θνητὸν
711 1154 1026 1225 ἐνδυόμενον
1061 1150 1360 1207 ἀθανασίαν
1393 1152 1487 1205 καὶ
1519 1150 1849 1223 ἀφθαρσίαν,
1883 1151 1934 1205 τί

352 1250 418 1305 ἂν
448 1249 635 1320 ἕτερον
664 1247 751 1317 εἴη
789 1244 943 1316 παρὰ
972 1244 1041 1299 τὸ
1073 1245 1468 1315 σπειρόμενον
1492 1243 1562 1297 ἐν
1598 1241 1809 1313 φθορᾷ,
1836 1242 1934 1296 καὶ

350 1336 755 1406 ἀνιστάμενον
770 1336 840 1388 ἐν
856 1335 1162 1403 ἀφθαρσίᾳ
1182 1351 1197 1401 ;
1217 1334 1323 1398 ἵνα,
1345 1331 1542 1398 καθὼς
1563 1331 1937 1402 ἐφορέσαμεν

350 1427 466 1496 τὴν
490 1428 695 1481 εἰκόνα
716 1425 822 1479 τοῦ
845 1423 1076 1494 χοϊκοῦ,
1100 1424 1446 1494 φορέσωμεν
1474 1423 1576 1477 καὶ
1596 1423 1710 1491 τὴν
1730 1424 1936 1478 εἰκόνα

350 1519 459 1573 τοῦ
487 1517 873 1586 ἐπουρανίου.
922 1518 985 1569 Ἦ
1018 1515 1127 1586 γὰρ
1158 1514 1440 1570 εἰκὼντοῦ
1472 1514 1677 1586 χοϊκοῦ,
1709 1517 1777 1586 ἢν
1810 1517 1938 1584 ἐφο-

354 1614 625 1685 ρέσαμεν·
651 1611 733 1674 τὸ,
764 1608 855 1678 Γῆ
885 1604 959 1671 εἷ,
986 1606 1089 1660 καὶ
1133 1609 1220 1673 εὶς
1247 1605 1366 1677 γῆν
1397 1606 1733 1674 ἀπελεύσῃ,
1762 1605 1932 1659 ἐστίν.

359 1704 426 1757 Ἥ
452 1702 510 1756 δὲ
547 1699 711 1756 εἰκὼν
734 1699 829 1753 τοῦ
862 1698 1183 1770 ἐπουρανίου
1208 1699 1243 1768 ἡ
1271 1698 1338 1750 ὲκ
1380 1694 1589 1768 νεκρῶν
1637 1696 1935 1759 ἀνάστασις

349 1794 446 1847 καὶ
473 1794 506 1863 ή
539 1791 839 1864 ἀφθαρσία.

351 1884 486 1939 illud
535 1892 621 1939 est
679 1901 693 1937 :

351 1979 570 2033 incorru
577 1977 710 2045 ptio.

2038 607 2174 655 seta
2208 596 2585 667 corruptione,
2614 590 2890 660 mortique
2923 594 3150 658 propter
3199 584 3618 655 castigationem

2038 691 2149 764 (7i)
2184 690 2382 745 tradita
2412 730 2426 754 ,
2472 687 2648 742 noluit
2678 685 2843 745 Deus,
2885 697 2985 736 ceu
3020 679 3391 736 haereditatem
3426 718 3441 739 ,
3496 688 3621 728 cor—

2037 782 2272 853 ruptioni
2298 780 2367 835 ad
2383 778 2670 833 victoriam
2699 775 3012 844 relinquere
3048 789 3063 826 :
3090 769 3186 824 sed
3215 768 3361 821 victa
3392 781 3619 821 rursum

2038 882 2212 929 morte
2260 887 2357 943 per
2399 867 2886 929 resurrectionem,
2926 859 3328 930 incorruptioni
3358 856 3618 919 reddidit,

2037 972 2098 1018 ut
2133 980 2203 1019 ne
2232 960 2514 1032 corruptio
2547 956 3016 1026 incorruptionem
3042 994 3060 1021 ,
3103 949 3200 1007 sed
3233 948 3407 1018 magis
3438 947 3621 1000 incor-

2036 1054 2238 1124 ruptio,
2272 1052 2420 1123 quod
2471 1058 2555 1106 est
2603 1046 2959 1118 corruptibile
2986 1045 3041 1098 in
3073 1040 3447 1097 baereditatem
3478 1036 3617 1090 acci-

2035 1153 2210 1217 peret.
2230 1145 2312 1200 Ad
2339 1144 2452 1200 haec
2486 1143 2672 1212 itaque
2699 1138 2995 1210 respondet
3014 1133 3309 1206 Apostolus
3334 1132 3379 1163 τ’
3408 1148 3422 1184 :
3449 1128 3621 1197 Opor-

2037 1248 2108 1294 tet
2131 1239 2272 1292 enim
2293 1236 2633 1306 corruptibile
2660 1234 2756 1288 hoc
2791 1230 3008 1286 induere
3051 1226 3499 1295 incorruptionem
3520 1263 3537 1288 ,
3570 1228 3620 1274 et

2036 1330 2301 1394 mortale,
2355 1328 2837 1383 immortalitatem.
2902 1318 3273 1390 Corruptibile
3318 1324 3504 1369 autem
3566 1318 3622 1366 et

2035 1423 2266 1478 mortale
2317 1422 2422 1477 hoc
2479 1420 2709 1476 induere
2768 1413 3237 1471 immortalitatem
3280 1415 3335 1464 et
3363 1407 3620 1461 incorru-

2036 1515 2299 1585 ptionem,
2324 1514 2453 1585 quid
2489 1511 2639 1568 aliud
2671 1511 2762 1573 sit,
2801 1522 2964 1578 quam
2997 1511 3057 1559 ut
3086 1499 3222 1573 quod
3253 1499 3545 1554 seminatur
3566 1498 3621 1552 in

2039 1607 2395 1674 corruptione,
2424 1613 2606 1675 surgat
2634 1604 2691 1658 in
2717 1596 3170 1667 incorruptione8°
3192 1598 3219 1651 ?
3248 1592 3318 1649 Ut
3349 1594 3622 1661 sicutpor-

2039 1698 2269 1751 tauimus
2327 1697 2612 1767 imaginem
2662 1692 2878 1756 terreni,
2924 1698 3190 1759 portemus
3238 1693 3286 1740 et
3336 1684 3622 1753 imaginem

2037 1788 2257 1843 caelestis
2307 1788 2374 1841 3‘.
2401 1786 2538 1842 Nam
2586 1787 2768 1855 imago
2795 1779 3000 1836 terreni
3058 1793 3223 1849 quam
3257 1775 3618 1847 portavimus,

752 1883 916 1937 Terra
947 1898 1023 1947 es,
1058 1880 1186 1935 etin
1218 1889 1414 1934 terram
1443 1879 1715 1936 reverteris
1755 1880 1824 1936 3’.
1868 1879 2051 1951 Imago
2084 1889 2264 1937 autem
2312 1881 2578 1944 caelestis,
2634 1876 2972 1935 resurrectio
3041 1882 3127 1929 est
3168 1887 3237 1926 ex
3293 1869 3525 1924 mortuis
3567 1873 3623 1921 et

423 2101 511 2168 (τ’.
557 2099 841 2159 Ἰουστῖνος
878 2094 935 2149 δὲ
976 2097 1005 2149 6
1059 2093 1444 2167 Νεαπολίτης,
1500 2095 1640 2167 ἀνὴρ
1684 2092 1809 2147 οὔτε
1854 2092 1933 2164 τῷ

2107 2092 2194 2149 Vl.
2224 2093 2476 2150 Justinus
2527 2108 2660 2149 vero
2709 2088 3106 2159 Neapolitanus
3133 2083 3299 2157 ;(72),
3339 2082 3429 2137 vir
3474 2078 3622 2137 haud

349 2188 527 2264 χρόνῳ
573 2186 764 2258 πόρρω
809 2183 884 2239 ὢν
933 2183 1044 2240 τῶν
1097 2185 1412 2239 ἀποστόλων
1435 2184 1558 2239 οὔτε
1610 2188 1675 2257 τῇ
1729 2186 1933 2257 ἀρετῇ,

348 2277 805 2352 κληρονομεῖσθαι
843 2277 943 2349 μὲν
972 2277 1033 2331 τὸ
1078 2277 1441 2350 ἀποθνῆσκον,
1481 2277 1840 2350 κληρονομεῖν
1873 2278 1936 2349 δὴ

345 2375 447 2447 τὴν
475 2373 620 2445 ζωὴν
652 2372 787 2444 (69),
818 2372 987 2441 λέγει.
1026 2372 1137 2425 Καὶ
1182 2372 1550 2441 ἀποθνήσκειν
1585 2371 1682 2442 μὲν
1722 2371 1900 2442 σάρκα
1921 2410 1936 2434 ,

349 2466 447 2538 ζῇν
501 2465 560 2519 δὲ
613 2464 711 2535 τὴν
769 2462 1044 2534 βασιλείαν
1095 2462 1205 2517 τῶν
1257 2462 1523 2534 οὐρανῶν.
1591 2462 1823 2515 Ὀπόταν
1873 2462 1938 2535 δὴ

349 2554 545 2624 σάρκα
575 2557 603 2608 6
634 2554 846 2618 Παῦλος
878 2554 976 2609 καὶ
1002 2548 1145 2623 αἷμα
1171 2553 1257 2623 μὴ
1294 2553 1587 2608 δύνασθαι
1616 2553 1940 2622 thr-ﬂam-

347 2646 523 2701 λείαν
550 2645 657 2700 τοῦ
700 2644 848 2699 Θεοῦ
885 2642 1337 2713 κ2ηρονομῆσαι
1379 2643 1547 2718 λέγῃ·
1585 2645 1683 2714 οὐχ
1720 2643 1795 2708 ὡς
1841 2646 1937 2697 ὲκ-

349 2734 658 2804 φαυλίζων,
729 2733 896 2805 φησι,
953 2735 1052 2805 τῆς
1110 2733 1313 2805 σαρκὸς
1361 2734 1462 2804 τὴν
1518 2732 1938 2802 παλιγγενεσίαν

349 2826 729 2897 ἀποφαίνεται,
761 2825 898 2879 ἀλλά
926 2824 1214 2889 διδάσκων,
1243 2825 1305 2878 οὐ
1349 2824 1805 2897 κληρονομεϊσθαι
1840 2825 1938 2895 βα-

355 2919 558 2973 σιλείαν
601 2916 768 2981 Θεοῦ,
799 2914 1017 2971 αἰώνιον
1060 2915 1413 2986 ὑπάρχουσαν
1458 2913 1642 2986 ζωὴν,
1688 2915 1793 2968 ὑπὸ
1842 2915 1936 2969 τοῦ

356 3011 627 3082 σώματος,
652 3009 788 3063 ἀλλὰ
814 3008 874 3062 τὸ
905 3009 1063 3079 σῶμα
1090 3008 1196 3061 ὑπὸ
1222 3007 1321 3078 τῆς
1346 3005 1511 3078 ζωῆς.
1540 3008 1603 3060 El
1638 3006 1749 3079 γὰρ
1777 3009 1940 3079 ἐκλη-

355 3102 683 3176 ρονομεῖτοή
720 3099 964 3172 βασιλεία
992 3098 1088 3151 τοῦ
1117 3095 1253 3152 Θεοῦ
1284 3098 1389 3151 ὑπὸ
1409 3096 1505 3150 τοῦ
1545 3096 1794 3170 σώματος
1822 3099 1936 3172 ζωὴ

350 3194 669 3265 ὑπάρχουσα
689 3234 704 3258 ,
738 3190 1047 3245 συνέσαινεν
1078 3190 1144 3244 ἂν
1181 3188 1280 3261 τὴν
1301 3190 1446 3260 ζωὴν
1469 3189 1575 3242 ὑπὸ
1599 3191 1696 3260 τῆς
1732 3189 1939 3260 φθορᾶς

353 3285 766 3342 κατατείνεσθαι.
788 3284 902 3338 Νῦν
923 3283 978 3336 δὲ
1006 3283 1067 3335 τὸ
1090 3279 1353 3351 τεθνηκὸς
1378 3283 1412 3352 ἡ
1444 3280 1557 3352 ζωὴ
1586 3281 1935 3353 κληρονομεῖ,

354 3374 443 3430 ἵνα
490 3376 571 3438 είς
611 3377 760 3438 νῖκος
795 3372 1079 3444 καταποθῇ
1138 3374 1167 3424 6
1197 3371 1445 3434 θάνατοςῗ
1475 3370 1581 3423 ὑπὸ
1615 3371 1714 3442 τῆς
1755 3371 1934 3442 ζωῆς,

352 3468 448 3521 καὶ
503 3465 564 3519 τὸ
627 3463 866 3535 φθαρτὸν
915 3464 1014 3534 τῆς
1063 3461 1370 3534 ἀφθαρσίας
1420 3461 1609 3531 κτῆμα
1660 3463 1938 3533 ἀναφανῇ·
1970 3446 2009 3501 C

351 3555 637 3627 ἐλεύθερον
698 3555 795 3626 μὲν
857 3554 1090 3607 θανάτου
1148 3553 1241 3607 καὶ
1303 3553 1580 3624 ἁμαρτίας
1638 3554 1938 3624 γεγενημέ-

351 3666 476 3711 νον,
520 3647 705 3701 δοῦλον
743 3646 799 3700 δὲ
853 3648 948 3700 καὶ
983 3647 1224 3718 ὑπήκοον
1270 3645 1566 3708 ἀθανασίας
1588 3661 1602 3675 ·
1648 3646 1797 3709 ὅπως
1838 3647 1938 3717 τῆς

350 3739 660 3812 ἀφθαρσίας
681 3738 744 3792 τὸ
777 3737 936 3808 σῶμα
964 3734 1020 3813 ᾗ,
1045 3738 1137 3791 καὶ
1169 3738 1241 3811 μὴ
1264 3736 1358 3790 τοῦ
1386 3736 1636 3807 σώματος
1664 3738 1698 3807 ή
1725 3736 1936 3807 ἀφθαρ-

353 3830 464 3885 σία.

422 3917 496 3970 Ζ¹.
526 3916 792 3980 ”Οτι,Καὶ
821 3919 874 3970 οἱ
907 3916 1108 3984 νεκροὶ
1132 3917 1202 3971 ἐν
1227 3916 1460 3985 Χριστῷ
1487 3916 1937 3983 ἀναστήσονται

353 4006 610 4075 πρῶτον,
639 4008 844 4062 ἔπειτα
876 4007 1044 4077 ἡμεῖς
1080 4012 1132 4062 οὶ
1169 4007 1382 4075 ζῶντες
1400 4026 1413 4038 ·
1441 4009 1469 4061 ὁ
1500 4009 1652 4077 ἆγιος
1678 4007 1937 4071 Μεθὸδιος

352 4098 495 4151 οὕτω
530 4099 682 4169 φησί.
710 4099 969 4151 Τουτέστι
988 4114 1001 4129 ⁸
1033 4098 1172 4153 αὐτὰ
1190 4101 1222 4169 ἡ
1233 4098 1348 4169 μῶν
1370 4098 1544 4152 ταῦτα
1574 4098 1644 4151 τὰ
1676 4097 1932 4169 σώματα·

354 4189 518 4261 ἡμεῖς
546 4190 655 4262 γὰρ
681 4192 729 4243 οἱ
761 4190 962 4257 ζῶντες
994 4193 1049 4245 αἱ
1081 4191 1250 4261 ψυχαί
1298 4194 1485 4262 ἐσμεν,
1521 4192 1570 4244 οἱ
1601 4178 1936 4262 ’ἀπολαμϐά-

355 4298 538 4347 νοντες
566 4282 879 4354 ἐγερθέντες
905 4284 1012 4357 (70)
1045 4285 1109 4337 ἐκ
1129 4285 1228 4355 τῆς
1258 4284 1364 4354 γῆς
1389 4285 1516 4348 τοὺς
1541 4282 1797 4352 νεκρούς·
1825 4284 1933 4348 ἵνα,

352 4372 438 4438 ei;
475 4375 776 4447 ἀπάντησιν
811 4375 928 4447 ἅμα
960 4376 1142 4440 αὐτοῖς
1177 4375 1550 4448 ἁρπασθέντες
1576 4375 1670 4429 τοῦ
1707 4376 1936 4447 Κυρίου,

2040 2188 2201 2259 longe
2244 2188 2313 2243 ab
2352 2187 2728 2257 apostolorum
2752 2181 3097 2253 temporibus
3129 2185 3184 2233 et
3209 2177 3504 2231 virtutibus
3537 2191 3624 2230 re-

2039 2289 2242 2344 motus,
2279 2278 2426 2351 quod
2454 2278 2674 2349 quidem
2702 2273 2960 2335 rmortale
3002 2278 3107 2334 est,
3158 2269 3429 2339 possideri
3463 2267 3621 2330 dicit,

2037 2372 2202 2426 vitam
2236 2380 2416 2426 autem
2477 2367 2780 2440 possidere.
2831 2363 2898 2417 Et
2925 2376 3147 2417 carnem
3180 2359 3399 2430 quidem
3429 2357 3568 2412 mori
3601 2396 3619 2420 ,

2038 2464 2305 2517 cmlorum
2343 2468 2525 2516 autem
2577 2471 2807 2528 regnum
2862 2453 3071 2509 vivere.
3129 2451 3266 2507 Cum
3320 2450 3505 2518 itaque
3545 2448 3623 2501 ait

2038 2554 2241 2611 Paulus
2273 2553 2340 2620 ⁸³,
2376 2568 2481 2607 non
2510 2564 2661 2620 posse
2692 2563 2906 2602 carnem
2935 2556 2985 2601 et
3014 2545 3325 2614 sanguinem
3353 2580 3370 2607 ,
3406 2555 3622 2611 regnum

2040 2646 2139 2700 Dei
2162 2645 2431 2716 possidere
2455 2660 2473 2697 :
2508 2612 2642 2696 non,
2669 2653 2757 2707 eo,
2802 2637 3002 2709 inquit,
3045 2634 3200 2698 dicit,
3231 2641 3291 2687 ut
3317 2632 3504 2687 carnis
3534 2646 3623 2686 re-

2039 2738 2442 2809 generationem
2468 2734 2722 2790 videatur
2756 2745 2955 2800 negare
2983 2746 2998 2795 ;
3031 2727 3126 2784 sed
3158 2733 3220 2781 ut
3261 2724 3478 2788 doceat,
3509 2737 3622 2777 non

2038 2829 2308 2902 possideri
2335 2842 2564 2899 regnum
2602 2825 2695 2881 Dei
2728 2825 2875 2895 quod
2915 2831 3000 2878 est
3023 2824 3134 2875 vita
3167 2826 3392 2881 aeterna,
3437 2830 3468 2869 a
3499 2829 3624 2869 θοι-ε

2040 2935 2205 2990 pore,
2237 2919 2335 2975 sed
2365 2932 2566 2989 corpus
2588 2930 2619 2970 a
2652 2915 2786 2971 vita.
2822 2913 2879 2968 Si
2906 2914 3053 2968 enim
3093 2923 3323 2981 regnum
3355 2904 3621 2968 Dei,cum

2038 3011 2109 3066 sit
2131 3010 2263 3076 vita,
2293 3024 2324 3062 a
2350 3022 2582 3078 corpore
2607 3005 3022 3076 possideretur;
3069 3001 3312 3057 eveniret
3337 3005 3399 3053 ut
3442 2997 3553 3052 vita
3589 3009 3623 3049 a

2039 3079 2395 3170 corruptione
2447 3099 2855 3154 absorberetur.
2913 3094 3070 3150 Nunc
3125 3100 3340 3155 contra,
3375 3090 3431 3146 id
3474 3088 3622 3160 quod

2038 3201 2122 3248 est
2154 3199 2454 3255 mortuum,
2485 3206 2516 3244 a
2541 3191 2651 3244 vita
2683 3189 3018 3259 possidetur,
3049 3195 3111 3241 ut
3139 3200 3292 3241 mors
3316 3185 3373 3238 in
3392 3182 3623 3238 victoria

2039 3286 2403 3341 absorbeatur
2428 3299 2460 3337 a
2494 3284 2604 3338 vita
2637 3303 2649 3338 :
2678 3279 3144 3350 corruptibileque
3192 3274 3326 3330 illud
3370 3276 3625 3329 incorru-

2044 3374 2215 3445 ptioni
2241 3372 2522 3443 possessio
2554 3372 2711 3427 cedat
2742 3388 2757 3438 ;
2812 3371 3104 3424 liberatum
3134 3365 3355 3436 quidem
3388 3379 3418 3417 a
3449 3374 3624 3418 morte

2046 3476 2100 3522 et
2129 3473 2377 3537 peccato,
2421 3464 2625 3518 factum
2659 3471 2840 3517 autem
2881 3456 3279 3513 immortalitati
3315 3454 3622 3525 subjectum

2044 3570 2098 3615 et
2128 3574 2383 3625 servum;
2435 3566 2495 3612 ut
2524 3571 2725 3625 corpus
2754 3553 2974 3625 quidem
3025 3550 3098 3606 sit
3142 3546 3574 3619 incorruptionis
3602 3584 3620 3611 ,

2044 3668 2151 3707 non
2183 3650 2525 3722 incorruptio
2557 3647 2823 3718 corporis.

2113 3917 2230 3974 VII.
2261 3919 2399 3973 lllud
2434 3935 2448 3973 :
2486 3917 2553 3972 Et
2585 3917 2781 3971 mortui
2815 3915 2906 3986 qui
2933 3915 2985 3969 in
3020 3913 3236 3969 Christo
3267 3921 3410 3977 sunt,
3439 3927 3619 3967 resur-

2042 4021 2162 4085 gant
2192 4014 2463 4083 primum,
2503 4011 2691 4064 deinde
2720 4027 2814 4063 nos
2845 4009 2935 4079 qui
2973 4008 3194 4062 vivimus
3230 4006 3277 4038 ⁸⁵
3307 4022 3325 4059 ;
3358 4006 3438 4060 sic
3474 4004 3624 4060 edis-

2045 4107 2178 4164 serit
2207 4104 2264 4158 S.
2300 4103 2625 4160 Methodius.
2660 4102 2773 4156 Hoc
2804 4112 2926 4156 est:
2964 4099 3088 4170 Ipsa
3120 4106 3309 4154 nostra
3343 4097 3458 4150 haec
3495 4112 3623 4150 cor-

2045 4209 2177 4265 pora
2206 4209 2219 4243 :
2252 4191 2365 4247 Nos
2400 4192 2546 4246 enim
2588 4192 2683 4261 qui
2712 4190 2950 4245 vivimus
2987 4189 3123 4260 (73),
3175 4188 3371 4242 animae
3406 4201 3622 4251 sumus,

2043 4289 2136 4356 qui
2171 4284 2501 4340 resumimus
2533 4285 2766 4339 excitata
2787 4298 2817 4336 a
2845 4290 2990 4337 terra
3012 4295 3244 4352 corpora
3275 4287 3525 4345 mortua;
3564 4287 3624 4333 ut

2047 4378 2103 4429 in
2137 4386 2429 4431 occursum
2462 4372 2702 4439 Domini,
2728 4389 2838 4427 una
2871 4388 2997 4427 cum
3028 4372 3138 4427 illis
3173 4371 3349 4441 rapti,
3385 4369 3625 4441 gloriose

427 4551 517 4608 "1
547 4551 674 4608 Cor.
707 4569 796 4617 xv,
822 4552 909 4608 55.
987 4552 1034 4584 ⁸⁰
1062 4550 1195 4607 ibid.
1225 4552 1317 4606 42.
1387 4552 1431 4584 ⁸⁸
1468 4549 1597 4604 ibid.
1624 4551 1717 4606 49.
1793 4551 1838 4583 ⁸³
1866 4550 1938 4605 Ge

2048 4566 2085 4614 ι,
2120 4551 2205 4605 19.
2281 4551 2327 4584 ⁸³
2354 4549 2374 4604 l
2402 4550 2528 4607 Cor.
2556 4566 2648 4615 xv,
2677 4549 2765 4604 50.
2840 4546 2888 4580 ⁸⁸
2918 4546 2939 4599 l
2976 4546 3157 4602 Thess.
3189 4561 3262 4611 Iv,
3292 4544 3378 4601 16.

434 4724 698 4797 (69)77Τὴν
738 4723 910 4797 («enim
948 4725 1107 4789 Editi.
1140 4730 1201 4782 τὸ
1245 4727 1371 4793 ζῶν.
1409 4726 1669 4785 Fortasse
1710 4730 1931 4784 rectius.

2042 4728 2240 4800 Συρίας
2262 4728 2359 4800 τῆς
2381 4727 2764 4800 Παλαιστίνης,
2788 4708 2960 4798 Syria)
2986 4726 3311 4800 Pala'stinaf,
3336 4735 3395 4780 ut
3418 4725 3616 4800 Euseb.

364 4794 760 4878 Hmretlitariid
782 4797 919 4878 quod
949 4798 1171 4878 mortale
1202 4811 1279 4878 est
1311 4799 1459 4878 dicit,
1495 4798 1806 4878 hwreditare
1835 4817 1934 4852 au-
1968 4824 2009 4878 ο
2043 4794 2187 4878 lady,
2218 4794 2385 4878 (ξι-Η,
2421 4808 2479 4878 ει
2505 4809 2570 4878 ut
2589 4794 3039 4878 Plro'ti_us:noster
3065 4798 3118 4878 in
3149 4799 3385 4878 suamne
3421 4799 3620 4878 Μυρω-

366 4866 716 4939 temidﬂquod
760 4867 905 4939 vivit.
953 4866 1066 4939 Hoc
1107 4869 1313 4923 dictum
1361 4870 1722 4939 rel'ertiinter
1767 4885 1932 4939 opera

368 4934 740 5010 deperditaS.
773 4934 972 5010 Justini
1016 4936 1085 4993 M.
1112 4940 1476 5010 doctissimus
1513 4938 1768 4994 Maranus
1806 4934 1929 5010 pag.

368 5007 494 5071 596,
527 5007 619 5061 ubi
658 5008 769 5079 haec
803 5009 1027 5061 adnotat
1058 5025 1077 5079 :7
1107 5007 1312 5064 Similis
1358 5010 1626 5065 sententia
1655 5007 1934 5079 apud‘lre-

365 5091 544 5134 meum
578 5097 590 5131 :
623 5078 715 5147 qui
757 5080 973 5145 quidem
1011 5078 1142 5131 mihi
1172 5080 1387 5134 videtur
1415 5078 1725 5135 accuratius
1755 5081 1938 5134 dicere

367 5163 579 5203 carnem
601 5147 906 5203 hwreditate
923 5147 1178 5217 possideri
1196 5151 1260 5220 in
1290 5166 1467 5220 regno,
1501 5166 1563 5205 ea
1592 5151 1645 5203 in
1674 5148 1935 5219 Spiritum

369 5226 621 5292 sanctum
653 5222 1012 5292 transierens,
1039 5234 1158 5289 quae
1192 5219 1496 5275 Melliodius
1521 5221 1589 5276 de
1626 5221 1745 5290 ipso
1776 5237 1944 5292 regno

369 5290 630 5343 cmlorum
653 5289 807 5343 dixit.
838 5288 1006 5345 (ἶσαι.

438 5358 550 5430 (Id)
596 5358 982 5430 Ἐγερθέντες.
1013 5359 1098 5414 Al.
1134 5359 1474 5430 ὲγερθέντας.

438 5426 553 5499 (71)
592 5426 830 5499 ΔΡιὊριον
863 5426 1279 5498 castigationem.
1330 5431 1430 5484 Διά
1474 5430 1774 5486 παίδευσιν.
1822 5430 1940 5485 Ru-

367 5497 843 5571 pil‘ucaldLhabet,
874 5499 963 5571 διὰ
997 5497 1303 5571 παρακοήν.
1335 5501 1535 5554 Neutra
1575 5502 1737 5555 lectio
1785 5518 1940 5571 sper-

367 5565 568 5640 nenda.
612 5565 681 5621 Ut
709 5570 852 5622 enim
904 5565 1131 5640 fuerit'a
1164 5565 1611 5640 prievaricatione
1660 5579 1712 5625 et
1752 5565 1942 5627 inube-

368 5638 597 5711 dientia,
627 5639 918 5711 castigatio
941 5638 1329 5711 Anibilominus
1376 5641 1499 5703 fuit,
1535 5656 1804 5711 poenaque
1854 5644 1940 5697 in-

368 5708 551 5778 dui-ta,
581 5724 688 5762 non
721 5709 993 5778 perdemlo
1024 5710 1249 5775 homini,
1282 5712 1376 5765 sed
1409 5708 1727 5766 erudiendo.

443 5776 557 5850 (7‘2)
586 5776 832 5831 Justinus
861 5796 982 5850 uero
1024 5779 1432 5850 Neapolitanus.
1470 5779 1791 5850 Neapoleos.
1828 5796 1938 5836 non

373 5848 603 5905 celebris
647 5849 792 5905 illius
838 5849 1149 5920 Campaniae
1197 5851 1271 5904 in-
1302 5849 1479 5917 Italia,
1536 5848 1638 5908 sed
1688 5868 1809 5922 qua:
1856 5865 1939 5908 est

2041 4869 2233 4955 ὅίᾷλερο
2258 4869 2497 4955 Παξτρςίδα
2519 4865 2630 4955 εἶχε
2648 4868 2941 4955 Νεάπολιν,
2972 4868 3070 4955 τὴν
3097 4867 3323 4955 ⁷’τὴν
3348 4865 3621 4955 ἐπαρχίαν

2040 4937 2299 4992 τελοῦσαν
2316 4937 2697 5010 Παλαιστίνης.
2719 4941 2957 5010 patriant
2971 4937 3152 5010 habuit
3182 4937 3481 5010 Neapolim,
3519 4937 3622 4990 Pa-

2045 5011 2267 5063 larstinu:
2308 5025 2582 5062 accensum
2616 5006 2882 5078 oppidum.
2927 5006 3016 5062 Sic
3048 5006 3237 5063 Latine
3270 5006 3405 5063 satis
3451 5010 3619 5061 inter-

2044 5095 2169 5149 pres
2207 5080 2348 5149 apud
2379 5078 2655 5133 Justinum
2702 5080 2961 5134 Parisinus
3005 5080 3261 5135 editionis
3301 5078 3458 5139 16l5,
3509 5080 3618 5131 uti-

2045 5166 2171 5203 nam
2211 5166 2367 5219 aeque
2395 5149 2706 5204 Christiane
2741 5151 2793 5203 in
2836 5150 3009 5219 titulo_
3031 5149 3251 5219 egisset,
3285 5163 3348 5202 ac
3385 5150 3466 5202 vel
3502 5164 3617 5219 non

2052 5217 2501 5280 fecisset—fucum,
2533 5221 2615 5273 vel
2645 5220 2750 5275 sibi
2782 5220 2893 5273 fieri
2922 5235 2952 5273 a
2974 5217 3219 5273 Graeculo
3241 5218 3615 5284 schismatico,

2049 5298 2665 5365 praenotantesanctum,
2693 5289 2798 5343 diri
2833 5289 3612 5365 schismatisantesignanum,

2048 5358 2156 5413 nou
2188 5362 2543 5429 permisisset.
2567 5359 2770 5414 Locum
2800 5376 2864 5413 ex
2907 5358 3016 5427 quo
3041 5358 3482 5429 Methodius’ista
3517 5359 3615 5413 de-

2047 5427 2287 5498 scripsit.
2326 5432 2465 5483 mala
2513 5431 2723 5483 numeri
2773 5431 3032 5499 ascriptio
3070 5430 3122 5481 in
3158 5427 3373 5483 Justiuo
3395 5429 3613 5485 celavit.

2117 5501 2231 5568 (75)
2252 5500 2363 5553 Nos
2387 5501 2524 5554 enim
2543 5501 2633 5570 qui
2659 5501 2893 5553 vivimus
2929 5498 3192 5555 Subtilior
3213 5501 3428 5553 videtur
3447 5514 3609 5569 quam

2048 5573 2276 5627 solidior
2316 5572 2446 5624 dicti
2494 5571 2779 5640 apostolici
2828 5572 3126 5640 expositio,
3184 5570 3318 5625 satis
3367 5569 3612 5640 alioquin

2048 5642 2317 5706 dillicilis;
2345 5658 2453 5710 quo
2488 5639 2664 5694 Ia’men
2701 5639 2908 5694 Paulus
2929 5641 3104 5709 magni
3137 5656 3249 5695 rem
3281 5639 3609 5695 sacramenti

2047 5713 2317 5767 contineri
2348 5712 2542 5765 innuit.
2578 5710 2896 5765 Communis
2934 5712 3224 5780 expositio,
3257 5719 3317 5764 ut
3356 5712 3612 5781 loquatur

2046 5784 2114 5839 de
2148 5785 2214 5836 iis
2246 5782 2338 5852 qui
2379 5792 2510 5836 tunc
2534 5782 2859 5851 superstites
2879 5790 3061 5846 erunt,
3096 5789 3149 5838 et
3187 5783 3238 5836 in
3265 5796 3454 5837 eorum
3486 5794 3610 5851 per-

2046 5869 2178 5908 sona
2201 5869 2215 5919 ;
2241 5868 2345 5923 qua
2369 5853 2438 5908 de
2468 5867 2528 5907 re
2560 5853 2629 5907 ibi
2664 5853 3006 5921 interpretes.
