4150 6422
511 404 620 458 ῗίὸ

1481 397 1538 452 S.
1581 395 1908 451 METIIODII
1953 393 2261 448 EPISCOPI
2302 390 2389 444 ET
2435 387 2793 443 MARTYRIS

3671 387 3777 442 '5I6

509 519 615 584 ipsi
657 516 996 572 celebremus
1050 513 1246 568 Icstum
1300 513 1771 567 resurrectionis:
1824 527 1889 566 eo
1941 509 2087 580 quod

2206 505 2417 572 ινδόξως
2445 506 2793 575 ἐορτάσωμεν
2824 501 2972 574 αύτῷ
3012 502 3112 574 τὴν
3144 501 3373 574 φαιδρὰν
3405 501 3507 573 τῆς
3541 503 3775 558 ἀναστά-

509 619 712 664 :Eterna
739 613 927 660 nostra
958 602 1333 665 tabernacula,
1370 619 1648 671 nunquam
1682 602 1914 671 amplius
1949 601 2088 654 inte-

513 703 683 754 ritura
716 699 799 753 vel
829 694 1204 757 dissolvenda,
1235 696 1629 763 acceperimus.

584 790 720 846 V'Ill.
756 791 897 849 \‘idi,
921 789 1118 858 inquit,
1145 804 1198 840 In
1219 786 1446 857 Olympo
1470 796 1654 841 monte
1683 786 1880 857 Lycia},
1910 789 2087 857 ignem

513 895 707 955 Sponte
731 899 827 935 sua
862 883 916 935 in
953 881 1154 934 mantis
1183 884 1468 934 cacumine
1508 893 1852 935 enascenlem
1888 899 1902 946 ;
1935 881 2088 949 juxta

512 992 670 1046 quem
705 976 896 1044 stirps,
938 989 1214 1044 pyragnus
1254 975 1496 1035 nomine,
1525 973 1763 1036 exsistit,
1797 973 1933 1026 adeo
1988 971 2089 1025 Ilo-

513 1069 631 1121 riila
664 1069 844 1120 virens
859 1077 908 1119 ct
938 1083 1128 1136 opaca,
1159 1075 1215 1119 ut
1239 1082 1269 1121 e
1298 1065 1444 1120 fonte
1468 1065 1646 1134 potius
1671 1072 1796 1117 nata
1820 1064 2087 1117 videatur.

512 1158 687 1226 Quam
715 1159 880 1227 igitur
899 1160 968 1212 ob
999 1174 1243 1221 causam,
1289 1173 1412 1211 cum
1448 1165 1656 1210 naturae
1705 1156 2091 1226 corruptibiles

515 1253 646 1310 sint,
683 1259 735 1303 et
769 1266 996 1319 corpora
1052 1251 1120 1304 ab
1151 1250 1275 1319 igne
1305 1257 1741 1315 consumantur;
1793 1248 1906 1302 haec
1946 1249 2090 1301 nihi-

515 1343 754 1396 lominus
789 1345 976 1411 stirps,
1016 1359 1123 1396 non
1159 1343 1320 1396 modo
1348 1358 1454 1396 non
1481 1342 1766 1403 exuritur,
1801 1341 1895 1395 sed
1926 1341 2091 1395 etiam

516 1436 691 1506 magis
719 1434 1034 1495 efﬂorescit,
1077 1433 1330 1503 quamvis
1358 1441 1553 1487 natura
1579 1433 1737 1487 facile
1765 1433 1924 1487 exuri
1964 1448 2094 1502 pos-

517 1531 610 1590 sit,
645 1530 946 1598 prazsertim
973 1529 1038 1584 ad
1077 1528 1250 1596 ipsius
1309 1526 1522 1580 radices
1579 1526 1704 1596 igne
1756 1525 2094 1580 eructante?

517 1618 717 1673 Ii-unos
748 1634 878 1689 ergo
927 1635 991 1673 ex
1024 1618 1472 1685 circumjacentis
1514 1617 1664 1671 silva:
1695 1617 1980 1671 arboribus
2037 1617 2093 1669 in

517 1711 696 1781 ignem
744 1710 856 1763 illic
886 1718 1264 1778 erumpentem
1293 1709 1503 1778 conjcci
1537 1727 1552 1774 ;
1602 1708 1694 1778 qui
1727 1708 1910 1762 subito
1943 1705 2094 1760 llam-

517 1804 624 1856 mis
657 1802 920 1870 correpti,
976 1803 1030 1853 in
1088 1801 1330 1854 cinerem
1375 1799 1578 1854 redacti
1609 1808 1755 1853 sunt.
1791 1799 1932 1864 Quid
1965 1815 2093 1868 ergo

2191 615 2326 661 σεως
2376 598 2601 668 ἑορτὴν,
2653 598 2769 650 ἀνθ’
2817 613 2892 649 ων
2923 596 3174 658 αἰωνίους
3221 595 3375 666 ἡμῶν
3422 594 3522 658 τάς
3572 596 3778 666 σκηνὰς

2190 691 2370 744 οὐκέτι
2408 689 2804 760 τεθνηξομένας
2839 689 2872 758 ἢ
2899 687 3273 758 λυθησομένας
3302 686 3704 756 ἀπειλήφαμεν.

2261 783 2341 836 II'.
2381 783 2521 844 Ὅτι,
2549 782 2736 850 φησὶν,
2772 781 3084 850 ἐθεασάμην
3111 782 3167 831 ἐν
3207 779 3467 849 Ὀλύμπῳ
3487 778 3596 847 ἐγὼ
3621 777 3777 850 (ὅρος

2190 871 2246 925 δέ
2294 874 2439 924 ἐστιν
2479 874 2507 924 ὁ
2545 870 2822 940 Ὄλυμπος
2856 869 2952 937 τῆς
2998 867 3274 935 Λυκίας·)
3320 867 3431 938 πῦρ
3458 866 3781 935 αὐτομάτως

2191 963 2334 1016 κατά
2362 961 2458 1032 τὴν
2486 959 2798 1032 ἀκρώρειαν
2837 959 2932 1012 τοῦ
2979 963 3140 1030 ὄρους
3171 957 3414 1012 κάτωθεν
3440 961 3504 1011 ἐκ
3537 959 3634 1029 τῆς
3673 957 3776 1026 γῆς

2192 1053 2598 1122 ἀναδιδόμενον,
2634 1051 2763 1122 περ).
2791 1051 2819 1103 ὃ
2870 1049 3148 1122 πύραγνος
3201 1051 3366 1119 φυτόν
3411 1052 3592 1109 ἐστιν,
3634 1049 3780 1103 οὕτω

2197 1146 2292 1215 μὲν
2324 1143 2550 1207 εὐθαλὲς
2583 1143 2676 1197 καὶ
2723 1142 2966 1213 χλοερὸν,
3002 1142 3142 1195 οὕτω
3187 1141 3245 1194 δὲ
3278 1141 3518 1204 σύσκιον,
3551 1141 3628 1204 ὡς
3669 1141 3780 1194 ὑπὸ

2195 1237 2378 1306 πηγῆς
2409 1236 2605 1308 μᾶλλον
2637 1235 2767 1288 αύτδ
2815 1233 3256 1304 βεδλαστηκέναι.
3306 1234 3382 1285 Δι’
3441 1235 3632 1302 ἥντινα
3683 1229 3777 1286 οὖν

2194 1329 2395 1392 αἰτίαν,
2427 1331 2474 1382 εἰ
2501 1328 2694 1398 φύσεις
2728 1328 2836 1380 εἰσὶ
2870 1324 3127 1396 φθαρτῶν
3149 1365 3163 1388 ,
3206 1319 3295 1372 καὶ
3318 1318 3413 1370 ὑτὸ
3442 1322 3612 1390 πυρὸς
3641 1333 3781 1372 κατ..

2199 1419 2320 1469 an)
2338 1415 2639 1486 ισκομένων
2695 1419 2984 1488 σωμάτων,
3007 1417 3066 1468 ού
3109 1414 3266 1486 μόνον
3287 1414 3347 1466 ού
3377 1411 3776 1481 καταφλέγεται

2193 1511 2253 1565 τὸ
2282 1510 2447 1579 φυτὸν
2477 1511 2655 1573 τοῦτο,
2683 1509 2819 1563 ἀλλά
2851 1507 2946 1562 καὶ
2977 1505 3174 1576 μᾶλλον
3208 1503 3569 1574 ἀκμαιότερον
3601 1502 3778 1572 ὑπάρο

2194 1619 2300 1672 χει,
2330 1603 2379 1655 εί
2403 1604 2469 1672 τῇ
2513 1601 2676 1671 φύσει
2721 1601 2872 1654 ἐστὶν
2903 1597 3235 1661 εύκαυστον,
3293 1597 3388 1650 καὶ
3441 1595 3612 1648 ταῦτα
3651 1595 3784 1666 περὶ

2195 1692 2365 1756 αὐτὰς
2385 1692 2550 1746 αὑτοῦ
2581 1691 2736 1763 ῥίζας
2765 1690 2858 1742 τοῦ
2892 1689 3064 1760 πυρὸς
3094 1687 3504 1756 ἐντυφωμένου;
3538 1685 3777 1748 κλάδους

2196 1784 2326 1852 γοῦν
2360 1783 2470 1852 ἐγὼ
2503 1783 2734 1855 δένδρων
2768 1783 2833 1834 ἐκ
2858 1782 2956 1852 τῆς
2988 1779 3400 1852 παρακειμένης
3437 1777 3568 1848 ὕλης
3611 1776 3778 1848 ἐπέρ-

516 1895 620 1948 sibi
652 1896 765 1947 vult
795 1894 898 1947 hoc
924 1892 1288 1945 miraculum?
1313 1891 1537 1959 Signum
1567 1899 1621 1946 et
1651 1891 1912 1945 indicium
1941 1889 2089 1944 futu-

2206 1876 2348 1947 ῥιψα,
2379 1876 2502 1930 καθ’
2541 1875 2600 1928 δν
2645 1874 2933 1946 ἐρεύγεται
2953 1873 3016 1926 τὸ
3049 1872 3160 1942 πῦρ
3196 1872 3359 1924 τόπον
3385 1887 3398 1901 ο
3437 1871 3531 1923 καὶ
3577 1869 3778 1933 εὐθέως

516 2002 590 2041 ra:
619 1987 766 2040 illius
798 1986 903 2040 diei
957 1984 1099 2040 Deus
1131 1985 1232 2038 hoc
1269 1983 1536 2044 exhibuit,
1566 1985 1642 2036 uti
1669 1984 1945 2045 sciamus,
1980 1981 2095 2036 fore

517 2087 577 2131 ut
606 2079 728 2148 igne
783 2079 1050 2132 obruente
1094 2077 1276 2130 omnia
1306 2091 1370 2130 ac
1403 2083 1765 2130 consumente
1791 2114 1806 2138 ,
1860 2089 2093 2144 corpora

515 2189 637 2242 qua:
668 2173 719 2224 in
759 2171 1016 2226 castitate
1038 2180 1091 2225 et
1114 2170 1330 2238 justitia
1361 2176 1577 2223 versata
1602 2175 1753 2230 sunt,
1789 2182 1887 2237 per
1911 2167 2092 2237 ignem

516 2264 774 2318 incedant
802 2262 946 2316 haud
979 2277 1140 2316 secus
1167 2275 1230 2315 ac
1271 2275 1366 2330 per
1400 2258 1659 2329 frigidam
1695 2271 1918 2328 aquam.

587 2504 680 2561 IX.
728 2505 884 2568 Vide,
919 2506 1116 2575 inquit,
1164 2514 1348 2559 utrum
1396 2521 1506 2559 non
1552 2505 1613 2562 Β.
1659 2504 1936 2569 Joannes,
1969 2521 2095 2560 cum

519 2600 652 2654 dicit
672 2600 716 2630 ⁸⁸
752 2620 764 2654 :
792 2598 943 2652 Dedit
979 2617 1122 2652 mare
1153 2614 1386 2653 mortuos
1412 2617 1560 2662 suos,
1596 2601 1686 2669 qui
1723 2602 1775 2654 in
1804 2617 1863 2654 eo
1892 2611 2043 2654 erant
2078 2617 2097 2654 :

516 2702 567 2746 et
591 2710 730 2746 mors
759 2702 808 2746 et
830 2693 1066 2759 infernus
1090 2691 1344 2745 dederunt
1368 2701 1600 2744 mortuos
1622 2694 1874 2763 suos,qui
1895 2694 1949 2745 in
1969 2693 2097 2760 ipsis

515 2797 713 2849 erant;
745 2794 928 2856 partes
953 2786 1022 2838 ab
1053 2785 1339 2839 elementis
1363 2783 1604 2838 redditas
1644 2784 1712 2838 ad
1743 2785 2100 2854 uniuscujus—

519 2893 626 2947 que
657 2878 1090 2946 reparationem,
1139 2875 1485 2930 ostenderit?
1540 2874 1608 2929 Ut
1667 2891 1818 2930 mare
1854 2877 2099 2946 quidem,

521 2967 858 3035 intelligatur
903 2964 1218 3019 substantia
1269 2963 1538 3017 humida:
1592 2963 1840 3019 infernus
1895 2971 2100 3027 autem,

523 3074 640 3122 aer,
691 3057 836 3126 quod
885 3057 1154 3110 obscurus
1184 3071 1290 3109 non
1316 3054 1586 3118 videatur,
1643 3055 2102 3124 quemadmodum

523 3150 786 3222 Origenes
822 3153 937 3220 ipse
955 3149 1190 3217 explicat
1218 3168 1228 3201 :
1257 3162 1404 3201 mors
1436 3148 1675 3216 denique
1699 3157 1842 3202 terra
1864 3148 2105 3218 accipia-

2194 1973 2274 2035 εἰς
2307 1971 2480 2040 φλόγα
2523 1967 2808 2040 ἀρθέντες,
2853 1963 3262 2036 ἐτεφρὼθησαν.
3299 1962 3365 2015 Τί
3408 1957 3500 2015 οὖν
3534 1960 3778 2031 βούλεται

2193 2061 2254 2113 τὸ
2296 2059 2624 2130 παράδοξονς
2668 2060 2874 2127 Δεῖγμα
2908 2056 3064 2110 τοῦτο
3109 2055 3211 2125 τῆς
3260 2052 3558 2124 μελλούσης
3586 2054 3614 2105 ό
3649 2052 3780 2116 Θεὸς

2195 2150 2404 2224 ἡμέρας
2440 2153 2534 2204 καὶ
2567 2149 2849 2222 προοίμιον
2887 2146 3068 2200 ἔθετοο
3110 2146 3196 2199 ἴνα
3239 2143 3598 2214 γινώσκωμεν
3623 2185 3637 2209 ,
3673 2145 3778 2206 δτι,

2196 2245 2412 2296 πάντων
2443 2243 2574 2312 πυρὶ
2603 2238 3123 2311 κατομὸρουμένων,
3147 2237 3214 2290 τά
3245 2240 3302 2290 ἐν
3330 2236 3521 2306 ἁγνείᾳ
3553 2233 3781 2305 σώματα

2195 2334 2552 2405 διατρίψαντα
2580 2333 2691 2404 (76)
2752 2333 2846 2386 καὶ
2901 2328 3254 2400 δικαιοσύνῃ,
3297 2328 3546 2398 καθάπερ
3590 2326 3782 2398 ψυχρῷ

2199 2423 2350 2478 ὕδατι
2385 2425 2757 2496 ὲπιϐήσονται.

2268 2516 2345 2570 Θ’.
2386 2518 2528 2580 "Ott,
2563 2516 2748 2587 φησὶν,
2780 2514 3074 2584 ἐπίστησον
3103 2511 3159 2564 δὲ
3188 2512 3394 2582 μήποτε
3419 2511 3512 2563 καὶ
3541 2511 3569 2561 ό
3602 2507 3783 2578 μακά-

2206 2620 2316 2674 ριος
2345 2602 2615 2670 Ἰωάννης,
2660 2605 2916 2656 Ἔδωκεν
2956 2606 2991 2668 ὴ
3025 2602 3305 2655 θάλασσα
3341 2601 3480 2664 τοὺς
3524 2600 3777 2666 νεκροὺς

2199 2693 2343 2759 τοὺς
2369 2694 2438 2746 ἐν
2477 2691 2651 2760 αὐτῇ,
2680 2693 2884 2760 λέγων·
2915 2692 3011 2744 καὶ
3061 2695 3092 2746 ό
3132 2692 3385 2757 θάνατος
3415 2692 3514 2744 καὶ
3561 2696 3592 2745 ό
3629 2693 3778 2759 ᾅδης

2202 2783 2433 2838 ἔδωκαν
2458 2783 2598 2848 τοὺς
2626 2784 2879 2850 νεκροὺς
2905 2783 3047 2849 τοὺς
3073 2784 3142 2836 ἐν
3165 2784 3368 2849 αὐτοῖς
3387 2798 3402 2813 ο
3429 2783 3499 2835 τά
3531 2783 3639 2837 ἀπὸ
3673 2783 3780 2836 τῶν

2207 2880 2481 2950 στοιχείων
2511 2879 2867 2948 ἀναδιδόμενα
2900 2877 3036 2949 πρὸς
3078 2877 3520 2930 ἀποκατάστασιν
3552 2878 3780 2930 ἑκάστου

2210 2969 2372 3040 μόρια
2415 2969 2684 3038 ἐδήλωσες
2722 2969 2832 3038 Τὴν
2886 2968 2983 3037 μὲν
3032 2966 3140 3037 γὰρ
3189 2966 3461 3018 θάλασσαν
3509 2961 3648 3018 εἶναι
3685 2965 3784 3036 τὴν

2212 3058 2384 3130 ὑγρὰν
2409 3060 2614 3112 οὐσίανο
2645 3058 2776 3128 ᾅδην
2805 3058 2862 3110 δὲ
2896 3057 2986 3110 τὸν
3017 3057 3174 3127 ἀέρι,
3207 3057 3355 3128 παρά
3384 3057 3442 3109 τὸ
3470 3058 3663 3120 ἀειδέςο
3699 3057 3786 3110 διὰ

2207 3153 2268 3204 τὸ
2313 3153 2385 3222 μὴ
2431 3149 2691 3222 ὁρᾶσθαι,
2728 3149 2976 3221 καθάπερ
3016 3147 3205 3218 ἐλέχθη
3252 3150 3342 3201 καὶ
3370 3149 3654 3220 Ὡριγένειο
3691 3151 3784 3202 καὶ

524 3248 636 3301 tur,
691 3254 756 3294 eo
787 3249 932 3308 quod
985 3247 1235 3292 mortuus
1278 3238 1330 3291 in
1381 3253 1444 3291 ea
1475 3246 1819 3307 reponatur:
1875 3239 2020 3294 unde
2052 3250 2104 3296 et

2212 3213 2438 3298 θάνατον
2588 3246 2710 3312 γῆν,
2743 3241 2894 3311 παρά
2917 3213 2978 3293 «ci
2999 3242 3055 3293 ὲν
3247 3213 3519 3294 κλίνεσθαι⁵
3547 3241 3635 3292 τὸν
3666 3239 3785 3312 Θνή-

525 3329 698 3400 pulvis
729 3331 915 3383 mortis
948 3330 1256 3399 appellatur
1299 3328 1352 3380 in
1386 3325 1621 3383 Psalmis
1651 3329 1718 3395 “,
1753 3327 1977 3385 Christo
2023 3331 2098 3386 ἀι-

527 3431 704 3485 conte,
733 3421 864 3476 sein
895 3423 1158 3490 pulverem
1186 3422 1371 3473 mortis
1404 3419 1690 3473 deductum
1724 3437 1857 3475 esse.

599 3515 667 3572 Χ.
706 3515 809 3582 Qui
833 3515 979 3585 Iquid
1017 3515 1182 3573 enim.
1221 3513 1417 3581 inquit,
1459 3526 1527 3564 ex
1561 3527 1700 3580 puro
1735 3526 1860 3566 aere
1887 3518 1941 3564 et
1968 3526 2110 3581 puro

527 3610 654 3678 igne
688 3608 1055 3676 componitur.
1086 3603 1332 3670 ejusdem
1359 3618 1482 3655 cum
1513 3602 1773 3670 angelicis
1799 3602 2111 3657 concretio»-

531 3702 696 3755 nibus
729 3700 840 3770 (74)
889 3709 939 3753 et
974 3699 1298 3768 corporibus
1339 3697 1660 3752 substantiae
1695 3706 1800 3759 est,
1833 3697 2114 3767 haudqua-

531 3806 697 3860 quam
742 3803 898 3844 ιρι-τω
937 3805 1000 3843 ac
1030 3806 1183 3860 aqua:
1213 3790 1476 3860 qualitate
1504 3789 1790 3858 praeditum
1833 3799 1950 3857 est;
1981 3792 2110 3861 quia

532 3875 848 3938 necessario
891 3881 1069 3950 ipsum
1113 3889 1255 3936 esset
1313 3889 1594 3936 terrestre.
1652 3881 1784 3937 Tale
1813 3889 1866 3937 et
1911 3883 2113 3938 talibus

534 3982 813 4034 constans,
873 3982 1308 4027 resurrecturum
1356 3988 1557 4042 corpus
1606 3973 1764 4028 ﬁnxit
1823 3974 2109 4043 Origenes,

533 4067 679 4137 quod
715 4067 876 4119 etiam
910 4065 1191 4134 spirituale
1225 4067 1535 4135 appellavit.

606 4156 697 4210 XI.
739 4157 925 4226 Atqui,
956 4157 1151 4226 inquit,
1198 4159 1318 4228 quae
1358 4161 1569 4228 species
1599 4159 1706 4215 erit
1753 4159 2110 4230 resurgentis,

536 4250 585 4306 si
618 4249 790 4304 forma
823 4251 936 4304 hate
968 4251 1223 4316 humana,
1256 4253 1400 4306 velut
1437 4253 1707 4307 sententia
1747 4252 1918 4322 ipsius
1951 4251 2117 4305 inuti-

538 4341 628 4403 lis,
665 4341 930 4396 abolenda
959 4342 1068 4408 sit;
1102 4343 1260 4413 longe
1298 4345 1387 4397 illa
1419 4359 1485 4398 ex
1515 4345 1772 4398 omnibus
1803 4344 2112 4408 amabilior,

537 4448 660 4503 qua:
684 4433 736 4485 in
772 4434 1029 4486 animalia
1058 4444 1457 4490 concrescunt:
1479 4451 1585 4504 qua
1613 4443 1667 4490 et
1701 4418 1913 4489 Numen
1935 4435 2113 4504 ipsum

539 4530 601 4578 ut
644 4523 880 4593 imagine
914 4526 1084 4578 utitur
1117 4525 1252 4596 (75),
1307 4527 1769 4598 quemadmodum
1813 4527 1976 4581 etiam
2017 4544 2115 4584 ex-

615 4679 662 4712 ⁸⁸
690 4681 851 4750 Apoc.
887 4699 978 4748 xx,
1009 4682 1064 4736 '5.
1140 4683 1186 4715 ⁸⁸
1218 4680 1369 4736 Psal.
1405 4699 1519 4746 ut,
1551 4681 1639 4736 I6.

2215 3352 2412 3388 σκοντα
2432 3352 2444 3364 ·
2472 3335 2594 3386 ὅθεν
2633 3334 2725 3386 καὶ
2751 3332 2899 3400 χοῦς
2923 3331 3124 3404 ἐκλήθη
3153 3331 3410 3385 θανάτου
3437 3334 3494 3385 ἐν
3530 3331 3782 3402 ψαλμοῖς·

2211 3429 2299 3494 εἰς
2331 3428 2484 3496 χοῦ-ν
2509 3425 2765 3481 θανάτου
2795 3423 3104 3492 κατῆχθαι,
3137 3425 3416 3494 εἰρηκότος
3443 3424 3698 3497 Χριστοῦ.

2280 3525 2337 3577 I'.
2379 3525 2522 3584 Ὅτι,
2559 3523 2712 3593 φησὶ,
2756 3523 2863 3574 πᾶν
2897 3520 3006 3592 γὰρ
3034 3519 3094 3572 τὺ
3124 3520 3189 3571 ἐκ
3230 3515 3473 3588 καθαροῦ
3502 3515 3660 3585 ἀέρος
3691 3512 3787 3566 κει)⁵

2209 3615 2449 3688 καθαροῦ
2507 3615 2678 3686 πυρὸς
2734 3615 3121 3682 συνιστάμενον
3183 3610 3483 3682 σύγκριμα,
3532 3607 3626 3660 καὶ
3679 3607 3792 3668 τοῖς

2209 3705 2516 3775 ἀγγελικοῖς
2544 3703 2827 3774 ὁμοούσιον
2857 3704 3123 3773 ὑπάρχον,
3144 3701 3206 3754 ού
3241 3700 3463 3754 δύναται
3502 3698 3603 3768 γῆς
3648 3696 3794 3766 ἔχειν

2213 3797 2470 3866 ποιότητα
2525 3797 2619 3848 καὶ
2665 3795 2873 3858 ὓδατος·
2925 3793 3113 3864 ἐπειδὴ
3171 3793 3510 3862 συμϐᾐσεται
3577 3786 3794 3841 ἔσεσθαι

2212 3887 2344 3941 αὐτὸ
2385 3886 2606 3956 γεῶδες.
2639 3886 2894 3940 Τοιοῦτον
2924 3885 3020 3939 καὶ
3047 3885 3111 3938 ἐκ
3148 3885 3353 3936 τούτων
3395 3883 3456 3935 τὸ
3499 3878 3794 3949 ἀναστῆναι

2217 3979 2405 4050 μέλλον
2433 3979 2594 4050 σῶμα
2625 3977 2915 4050 ἀνθρώπου
2959 3975 3238 4048 Ὠριγένης
3264 3972 3614 4043 ὲφαντάζετο·
3639 3968 3675 4024 δ’
3699 3970 3794 4025 καὶ

2215 4071 2583 4141 πνευματικὸν
2615 4071 2718 4142 ἔφη
2747 4071 2880 4140 (77).

2289 4165 2384 4218 ΙΑ¹.
2424 4164 2566 4227 Ὅτι,
2605 4163 2756 4233 φησὶ,
2785 4163 3024 4216 ποταπὸν
3048 4163 3158 4232 ἄρα
3181 4159 3330 4212 ἔσται
3353 4156 3464 4227 (78)
3488 4155 3581 4208 καὶ
3611 4153 3797 4223 σχῆμα

2214 4257 2274 4310 τὸ
2308 4257 2682 4326 ἀνιστάμενον,
2719 4258 2768 4308 εἰ
2812 4256 2948 4319 ὅλως
2975 4255 3038 4308 τὸ
3072 4250 3465 4324 ἀνθρωποειδὲς
3508 4246 3686 4308 τοῦτο,
3719 4243 3795 4306 ὡς

2216 4349 2487 4420 ἄχρηστον
2511 4349 2569 4402 δν
2599 4349 2718 4402 κατ’
2741 4348 2924 4410 αὑτὸν,
2954 4346 3356 4418 ἐξαφανίζεται·
3381 4342 3409 4394 ὂ
3441 4341 3658 4394 πάντων
3681 4336 3798 4390 ἐστὶ

2214 4441 2323 4494 τῶν
2357 4444 2436 4505 είς
2471 4441 2583 4505 ζῶα
2632 4440 3078 4512 συγκεκριμένων
3129 4436 3423 4508 σχημάτων
3456 4427 3799 4504 ἐρασμιώτα-

2215 4549 2306 4586 τον
2331 4549 2344 4563 ·
2375 4526 2420 4601 ᾧ
2446 4534 2541 4587 καὶ
2567 4533 2629 4585 τὸ
2649 4533 2803 4586 Θεῖον
2833 4533 3032 4603 χρῆται
3061 4530 3229 4583 εἰκόνι
3253 4528 3393 4600 (79),
3424 4525 3676 4595 καθάπερ
3705 4520 3801 4575 καὶ

615 4836 726 4908 (74)
767 4835 898 4891 Cum
942 4838 1190 4907 angelicis
1241 4838 1658 4891 concretiunibus
1696 4846 1746 4890 et
1795 4838 2098 4905 corporibus

2228 4835 2424 4908 Omisit
2450 4837 2719 4904 interpres
2747 4835 2837 4908 vel,
2867 4835 3127 4908 librarius
3167 4833 3249 4908 -τδ
3294 4833 3458 4908 εἰκόνι
3489 4834 3571 4887 vel
3597 4831 3799 4901 εἰκόνα,

545 4907 733 4962 Refert
762 4910 905 4963 enim
935 4908 996 4960 τὸ
1028 4908 1304 4979 σύγκριμα
1337 4924 1398 4961 ex
1434 4923 1557 4962 aere
1585 4917 1639 4962 et
1673 4909 1794 4976 igne
1818 4951 1831 4974 ,
1871 4911 2020 4977 puris
2059 4909 2124 4961 il-

550 4979 636 5032 lis.
670 4979 737 5031 ab
763 4980 1122 5046 impuriorum
1147 4989 1305 5032 teme
1347 4985 1400 5029 ct
1429 4993 1584 5047 aquae
1643 4980 1895 5033 mistione
1922 4999 1934 5032 :
1965 4980 2124 5047 quale

549 5049 766 5118 plurimi
797 5057 1007 5102 veteres
1065 5051 1368 5120 angelicum
1407 5048 1684 5120 σύγκριμα
1709 5058 1762 5104 et
1797 5064 2126 5120 corpuspo-

2227 4907 2372 4978 quod
2401 4901 2696 4978 utrumque
2725 4906 3010 4978 probatum
3043 4907 3144 4978 est.
3167 4901 3368 4966 Utitur,
3390 4905 3642 4978 inquam;
3691 4919 3800 4978 non

2229 4974 2384 5048 quasi
2413 4977 2589 5047 ipsum
2609 4974 2688 5031 'sit
2718 4975 3019 5048 ligurabile,
3041 4975 3427 5048 scdtanquam
3470 4974 3596 5026 Vt‘lll
3624 4976 3803 5048 perfe-

2230 5044 2476 5102 ctissimo
2504 5044 2880 5116 repraasentari
2907 5046 2960 5098 in
2992 5045 3232 5115 quolibet
3261 5045 3343 5098 vel
3393 5060 3525 5098 sexu
3573 5044 3659 5116 _\'el
3711 5061 3806 5114 ge-

553 5117 812 5185 suerunt;
845 5134 984 5187 quos
1007 5118 1169 5188 etiam
1197 5119 1492 5186 Cajetanus
1515 5117 1579 5171 ad
1605 5117 1724 5188 eap.
1748 5135 1800 5172 γι
1827 5117 2122 5186 ιιιΙΕρΙιοε.

553 5200 775 5258 secutus
813 5199 917 5254 est,
977 5188 1029 5241 in
1081 5187 1182 5242 hoc
1228 5191 1342 5258 ipse
1400 5190 1621 5243 minime
1659 5187 1989 5258 sequendus.
2032 5188 2128 5243 llic

555 5259 669 5326 ipse
703 5257 956 5327 Origenis
998 5273 1172 5330 error,
1209 5257 1297 5313 ille
1332 5258 1576 5330 Entychii
1624 5257 1945 5328 patriarcha:
1976 5259 2126 5312 vide-

553 5338 660 5389 tur,
686 5332 936 5399 negantis
968 5329 1096 5382 olim
1159 5329 1491 5399 tractabilem
1526 5345 1815 5398 corporum
1873 5344 2122 5383 resurre-

552 5397 820 5466 ctionem;
853 5415 962 5470 quo
989 5413 1112 5453 cum
1143 5414 1352 5460 errore,
1393 5397 1686 5469 Gregorius
1719 5407 1924 5461 noster,
1971 5407 2030 5470 ut
2055 5414 2120 5452 eo
2222 5400 2385 5470 etiam
2415 5398 2685 5470 corporis,
2717 5397 3438 5470 imagine,_philosophatur.

552 5470 688 5522 nihil
714 5472 761 5522 ei
792 5464 1088 5525 decesserit
1131 5471 1458 5533 sanctitatis,
1486 5464 1738 5525 absolvit.
1770 5471 1860 5523 Sic
1891 5468 2104 5538 passim,

2289 5469 2403 5538 (76)
2434 5464 2850 5536 Διάτρίψανταξ
2883 5466 3016 5521 Cod.
3051 5464 3260 5538 Rupili"
3291 5465 3670 5538 διατρέψαντα.

555 5540 903 5594 successione
930 5548 1256 5609 temporum,
1295 5542 1687 5596 recrudescunt
1738 5534 1918 5610 potius
1979 5546 2104 5591 vete-

2247 5609 2250 5610 ν
2297 5534 2412 5610 (77)
2453 5542 2513 5592 Ὃ
2564 5534 2670 5590 ’καὶ
2737 5536 3343 5607 πνευματικὸν-ἐφη.
3406 5534 3587 5602 Editi;
3628 5534 3659 5589 δ
3707 5549 3804 5593 πν.

554 5623 641 5660 res
679 5611 927 5671 ἕηκε-θεας,
992 5627 1152 5678 quam
1210 5626 1361 5664 nova:
1401 5612 1644 5665 oriantur
1680 5629 1693 5664 :
1727 5609 1872 5678 quod
1917 5610 2119 5662 utinam
2229 5609 2417 5679 ἔφησε.

555 5680 714 5750 paulo
743 5677 1018 5748 superius,
1044 5689 1395 5748 nostrumque
1425 5682 1599 5750 ipsum
1644 5677 1839 5744 aevum,
1875 5680 1928 5732 in
1973 5687 2104 5731 lant:

2272 5677 2410 5750 (78)
2440 5677 2814 5750 ἜσταιηΑΙη
2839 5677 2867 5731 ὃ
2894 5677 3030 5750 ἐστι.

557 5696 714 5746 paulo
743 5696 1014 5748 superius,
1044 5696 1395 5748 nosuumqne
1426 5698 1599 5750 ipsum
1644 5697 1839 5744 aevum,
1875 5696 1928 5732 in
1973 5696 2104 5731 iam:

557 5747 831 5822 haeLeseon
864 5751 1094 5822 colluvie
1124 5766 1231 5803 non
1258 5759 1400 5822 esset
1435 5759 1740 5822 expertum.
1790 5821 1797 5822 ί
1997 5820 2004 5822 Α

2336 5696 2410 5746 ιδ)
2441 5696 2674 5732 ισται.
2706 5696 2814 5739 AL,
2839 5696 2867 5731 ο
2894 5696 3030 5728 εστι.

2299 5696 2411 5822 (79)
2430 5750 2654 5804 Εικόνι.
2681 5748 2846 5803 Sirm.
2884 5747 3084 5802 εἰκόνα.

630 5817 744 5888 (75)
779 5818 898 5886 Qua
956 5828 1005 5873 et
1040 5819 1249 5876 Numen
1307 5820 1476 5887 ipsum
1507 5817 1590 5876 'ut
1640 5821 1866 5890 imagine
1929 5820 2113 5873 utitur.

2232 5134 2362 5172 nere
2394 5137 2406 5172 :
2435 5132 2541 5188 qua
2563 5113 2752 5170 eadem
2790 5113 3022 5176 ratione,
3049 5116 3402 5188 incorporeos
3429 5113 3659 5188 angelos

2233 5189 2426 5258 bisque
2454 5183 2678 5258 'natura
2728 5192 3068 5258 prastantes.
3106 5183 3218 5258 non
3248 5186 3353 5238 nisi
3408 5184 3548 5258 virili
3581 5183 3806 5258 exhibe-

2230 5251 2354 5313 mus
2387 5259 2576 5326 Iigura.
2607 5257 2678 5310 De
2699 5251 2897 5325 quibus
2922 5264 3100 5310 tamen
3124 5255 3270 5326 velut
3299 5255 3579 5323 corporeis
3601 5251 3805 5326 Metho-

2226 5327 2350 5383 dius
2382 5325 2586 5392 uester,
2621 5338 2808 5380 nostro
2843 5327 3024 5381 statim
3056 5325 3251 5391 modo;
3277 5327 3557 5391 attributa,
3590 5325 3805 5380 ratione
