4150 6426
365 443 470 498 317

1463 438 1557 495 ex
1593 411 1797 494 uano
1835 433 1926 491 DE
1956 435 2557 499 RESUBRECTIONE.

3512 437 3618 493 518

365 567 394 615 ὁ
447 560 755 631 σοφώτατος
800 560 1013 625 Παῦλος
1058 560 1240 632 δηλοῖ·
1298 560 1469 630 Ἀνὴρ
1506 560 1624 632 μὲν
1664 560 1775 633 γὰρ
1837 563 1949 615 οὐκ

2063 562 2236 631 planat
2284 566 2723 635 sapientissimus
2771 562 2976 619 Paulus
2998 562 3087 619 "’:
3126 560 3221 614 Vir
3264 559 3471 631 quidem
3515 577 3620 614 non

367 654 594 723 ὀφείλει
646 655 1209 709 κατακαλύπτεσθαι
1259 653 1374 723 τὴν
1422 653 1719 722 κεφαλὴν,
1768 651 1950 706 εἰκὼν

368 748 466 801 καὶ
505 746 656 812 δόξα
707 745 855 801 Θεοῦ
885 744 1202 815 ὑπάρχων·
1238 748 1318 809 εἰς
1355 745 1383 799 ὃ
1420 745 1610 799 καὶτὰ
1641 745 1802 817 νοερὰ
1839 745 1948 798 τῶν

368 839 617 907 ἀγγέλων
647 836 876 909 σώματα
915 836 1388 908 διεκοσμήθησαν;
1416 833 1565 908 Ἀρα
1599 838 1946 909 κυκλοτερὲς,

367 928 786 1002 ἢπολυγώνιον,
832 929 866 999 ἦ
905 928 1203 1000 κυϐικὺν,ἢ
1246 930 1645 1001 πυραμοειδές;
1693 929 1948 983 Πλεῖσται

368 1023 477 1093 γὰρ
503 1022 612 1075 τῶν
638 1022 932 1092 σχημάτων
961 1023 1016 1074 αἱ
1045 1021 1394 1093 παραλλαγαί
1412 1040 1425 1053 ’
1462 1022 1595 1076 ἀλλά
1620 1022 1780 1075 τοῦτο
1806 1024 1950 1093 ἀμή-

369 1130 552 1185 χανον.
589 1111 797 1166 υύκοῦν
827 1113 910 1176 τίς
935 1115 968 1184 ἡ
996 1112 1397 1185 ἀποκλήρωσις,
1426 1113 1486 1167 τὸ
1521 1115 1619 1185 μὲν
1647 1112 1950 1167 θεοείκελον

373 1206 560 1277 σχῆμα
594 1204 875 1276 (ὁμολογεῖ
911 1204 1019 1277 γὰρ
1065 1205 1161 1258 καὶ
1200 1205 1361 1269 αὐτὸς
1406 1206 1626 1277 ὁμοειδῆ
1674 1200 1811 1258 εἶναι
1852 1203 1950 1276 τὴν

370 1296 548 1369 ψυχὴν
579 1296 657 1368 τῷ
690 1294 959 1368 σώματι·)
994 1296 1432 1368 ἀπαγορεύεσθαι
1462 1297 1538 1362 ὡς
1569 1295 1948 1368 ἀκλεέστερον,

372 1390 544 1445 ἄπουν
570 1389 627 1441 δὲ
653 1389 747 1443 καὶ
774 1387 992 1461 άχειρον
1014 1387 1362 1455 ἀνίστασθαι;

442 1573 543 1628 lB'.
583 1573 724 1638 Ὅτι,
750 1574 935 1645 φησὶν,
963 1575 991 1627 ὁ
1019 1573 1595 1646 μετασχηματισμδςή
1624 1576 1707 1641 είς
1730 1576 1791 1630 τὸ
1818 1577 1955 1631 ἀπαρ

375 1664 465 1729 θὲς
491 1666 584 1719 καὶ
611 1664 816 1730 ἔνδοξόν
850 1667 997 1720 ἐστιν
1046 1665 1507 1730 ἀποκατάστασις.
1539 1665 1654 1721 Νῦν
1692 1667 1796 1737 μὲν
1843 1667 1953 1740 γὰρ

373 1758 441 1811 τὸ
468 1757 637 1828 σῶμα
669 1758 961 1830 ἐπιθυμίας
994 1760 1110 1812 ἐστὶ
1142 1758 1236 1813 καὶ
1266 1756 1696 1826 ταπεινώσεως
1731 1760 1813 1814 διὸ
1855 1762 1954 1816 καὶ

374 1849 572 1921 Δανιὴλ
600 1850 755 1918 ἀνὴρ
781 1851 1098 1920 ἐπιθυμίας
1147 1851 1310 1922 ἤκουε
1340 1850 1477 1923 (80).
1512 1850 1644 1903 Τότε
1678 1851 1736 1905 δὲ
1784 1868 1952 1922 μετα-

380 1942 774 2011 σχηματίσεται
808 1943 888 2005 είς
921 1941 1079 2013 σῶμα
1106 1941 1343 2006 ἀπαθές’
1374 1943 1434 1995 οὐ
1465 1945 1531 2015 τῇ
1557 1942 1825 2016 ἐξαλλαγῇ
1853 1946 1953 2016 τῆς

373 2029 787 2102 διακοσμήσεως
831 2029 940 2084 τῶν
989 2030 1187 2103 μελῶν,
1237 2029 1374 2084 ἀλλά
1418 2029 1497 2103 τῷ
1538 2031 1614 2104 μὴ
1671 2032 1955 2105 ἐπιθυμεῖν

372 2117 482 2171 τῶν
515 2119 714 2172 ὑλικῶν
738 2119 961 2191 ἡδονῶν.

447 2210 567 2265 Ὀτι
637 2211 821 2282 φησὶν,
874 2210 1172 2283 ἐξελέγχων
1236 2211 1328 2265 τὸν
1390 2212 1693 2285 Ὠριγὲνην·
1757 2213 1954 2268 Βούλε-

373 2319 463 2356 ται
507 2300 685 2355 τοίνυν
724 2303 753 2354 ὀ
805 2303 1085 2375 Ὠριγὲνης
1126 2302 1223 2374 τὴν
1272 2305 1370 2374 μὲν
1418 2304 1587 2375 αὐτὴν
1627 2305 1807 2377 σάρκα
1855 2307 1957 2360 οὐκ

376 2395 841 2450 ἀποκαθίστασθαι
868 2398 934 2467 τῇ
968 2396 1136 2468 ψυχῇ,
1160 2397 1259 2469 τὴν
1290 2397 1347 2451 δὲ
1375 2397 1534 2451 ποίαν
1561 2399 1792 2452 ἑκάστου
1827 2418 1959 2472 μορ-

379 2486 507 2559 φὴν,
530 2487 671 2541 κατά
688 2488 747 2541 τὸ
775 2483 938 2552 εἶδος,
962 2488 1023 2541 τὸ
1050 2488 1148 2559 τὴν
1174 2489 1353 2561 σάρκα
1374 2491 1469 2544 καὶ
1496 2490 1591 2544 νῦν
1621 2493 1959 2565 χαρακτηρί-

375 2579 488 2645 ζον,
528 2580 586 2632 ἐν
632 2578 803 2651 ἑτέρῳ
841 2578 1196 2651 πνευματικῷ
1239 2581 1690 2656 ὲντετυπωμένην
1722 2585 1959 2658 ἀναστή-

377 2670 563 2724 σεσθαι
589 2670 819 2741 σώματι·
843 2673 931 2725 ἴνα
958 2671 1189 2737 ἕκαστος
1208 2673 1370 2728 πάλιν
1393 2675 1422 2726 ὁ
1451 2675 1614 2740 αὐτὸς
1645 2679 1793 2749 φανῇ,
1816 2678 1958 2733 κατά

374 2763 473 2835 τὴν
523 2765 759 2836 μορφήν*
813 2765 907 2818 καὶ
949 2764 1109 2819 τοῦτο
1154 2762 1292 2820 εἶναι
1339 2766 1439 2840 τὴν
1481 2767 1958 2843 ἐπαγγελλομένην

376 2855 691 2909 ἀνάστασιν.
750 2855 999 2910 Ῥευστοῢ
1045 2857 1175 2930 γὰρ,
1227 2860 1413 2929 φησὶν,
1474 2860 1818 2935 ὑπάρχοντος
1862 2862 1958 2918 τοῦ

378 2947 563 3002 ὕλικοῦ
599 2947 872 3019 σώματος,
914 2948 1011 3005 καὶ
1051 2950 1320 3022 μηδέποτε
1357 2953 1608 3024 μένοντος
1638 2956 1723 3026 ἐφ’
1758 2956 1957 3028 ἐαυτῷ,

377 3040 513 3095 άλλά
542 3043 935 3112 ἀπογινομένου
962 3043 1056 3096 καὶ
1086 3044 1465 3115 ἐπιγινομένου
1488 3063 1556 3099 πε
1566 3047 1619 3117 pi.
1641 3048 1701 3101 τὸ
1732 3043 1871 3113 εἶδος
1898 3049 1960 3103 τὸ

378 3133 785 3206 χαρακτηρίςον
809 3134 908 3206 τὴν
949 3134 1185 3207 μορφὴν,
1220 3137 1311 3207 ὑφ’
1345 3130 1405 3190 οὗ
1442 3138 1537 3191 καὶ
1568 3143 1958 3212 συγκρατεῖται

2050 655 2200 710 debet
2249 657 2423 712 velare
2459 668 2615 728 caput
2662 674 2837 723 suum,
2868 656 3117 728 quoniam
3157 655 3333 725 imago
3365 664 3413 708 et
3452 653 3623 725 gloria

2049 748 2151 803 Dei
2177 759 2291 813 est;
2325 748 2395 803 ad
2427 751 2571 821 quod
2600 750 2788 813 etiam,
2823 746 3157 819 intelligendi
3192 745 3451 801 facultate
3480 762 3622 813 prte-

2049 838 2162 893 dita
2194 842 2511 909 angelorum
2545 855 2797 910 corpora,
2835 849 3095 894 exornata
3124 847 3254 893 sunt
3286 846 3340 892 et
3377 835 3628 906 digesta?

2049 929 2189 984 Num
2223 947 2351 1002 ergo
2384 931 2557 1002 ﬁgura
2599 930 2869 1000 ejusmodi
2910 930 3199 985 rotundior
3226 928 3329 984 erit
3361 936 3455 982 ant
3485 928 3627 981 mul—

2051 1021 2296 1091 tangula.
2330 1029 2424 1074 aut
2481 1021 2694 1085 cubica,
2727 1029 2820 1074 aut
2851 1019 3241 1091 pyratuidalis?
3273 1017 3449 1072 Variae
3477 1019 3625 1072 enim

2051 1122 2180 1169 sunt
2218 1114 2514 1185 ﬁgurarum
2560 1115 2772 1184 species
2800 1130 2814 1167 :
2841 1112 2936 1168 sed
2986 1125 3072 1167 est
3119 1112 3223 1166 hoc
3267 1110 3626 1181 impossibile.

2050 1205 2237 1277 Ecqua
2267 1221 2396 1262 vero
2424 1205 2759 1272 distributio,
2791 1214 2849 1259 ut
2879 1205 3052 1259 forma
3086 1203 3305 1274 quidem
3348 1202 3442 1258 Dei
3473 1202 3632 1257 simi-

2053 1295 2121 1352 lis
2152 1296 2409 1365 (similem
2442 1295 2588 1350 enim
2637 1295 2874 1348 animam
2917 1308 3041 1348 esse
3071 1292 3284 1363 corpori
3332 1293 3448 1362 ipse
3489 1307 3632 1362 quo-

2054 1405 2162 1459 que
2203 1388 2425 1460 fatetur)
2474 1404 2574 1444 ceu
2643 1387 2933 1459 ignobilior
2965 1387 3290 1456 abjiciatnr;
3340 1388 3461 1443 sine
3496 1402 3629 1444 vero

2057 1479 2291 1551 pedibus
2321 1478 2687 1549 manibusque
2714 1478 2879 1533 homo
2906 1477 3198 1548 resurgat?

2128 1567 2245 1624 Xll.
2288 1568 2744 1631 Transformatio,
2777 1569 2979 1639 inquit,
3013 1577 3098 1623 est
3122 1568 3175 1622 in
3201 1576 3403 1624 statum
3440 1568 3633 1623 immu-

2056 1676 2180 1717 nem
2208 1678 2238 1715 a
2275 1663 2551 1733 passione,
2574 1675 2638 1714 ac
2664 1660 2854 1732 gloriae
2925 1662 2980 1714 in
3012 1661 3282 1731 integrum
3327 1662 3625 1720 restitutio.

2056 1752 2214 1809 Nunc
2236 1755 2437 1824 quippe
2461 1769 2651 1823 corpus
2671 1753 2927 1809 desiderii
2963 1761 3045 1810 est
3068 1761 3122 1809 et
3149 1754 3463 1809 humilitatis
3479 1756 3628 1826 (82);

2057 1842 2204 1899 unde
2250 1850 2305 1898 et
2340 1842 2527 1897 Daniel
2559 1842 2637 1896 vir
2680 1841 3060 1897 desideriorum
3101 1845 3399 1914 appellatus
3437 1854 3522 1899 est
3541 1846 3629 1902 ’δι

2062 1942 2193 1990 tunc
2225 1942 2403 1990 autem
2434 1934 2913 2007 transﬁgurabitur
2943 1936 2998 1990 in
3030 1950 3231 2006 corpus
3260 1936 3633 2005 impossibile;

2059 2043 2167 2081 non
2214 2027 2585 2082 membrorum
2626 2034 2822 2081 ornatu
2869 2035 3097 2094 mutato,
3129 2027 3223 2083 sed
3265 2029 3633 2100 corporalium

2058 2120 2401 2189 voluptatum
2427 2120 2699 2175 exstincto
2721 2119 3018 2175 desiderio.

2128 2210 2268 2266 Tum
2308 2213 2407 2278 ait,
2439 2227 2748 2283 coarguens
2773 2210 3059 2284 Origenem
3088 2232 3101 2267 :
3130 2211 3421 2268 Existimat
3451 2212 3635 2285 itaque

2058 2302 2322 2374 Origenes
2363 2319 2473 2358 non
2505 2305 2753 2359 eamdem
2789 2305 2983 2359 anima:
3012 2320 3232 2360 carnem
3270 2306 3634 2359 instauratum

2058 2397 2162 2464 iri;
2208 2395 2302 2451 sed
2335 2395 2471 2462 fore,
2515 2402 2575 2450 ut
2612 2397 2794 2473 qualis
2848 2405 2932 2454 est
2983 2397 3323 2466 singulorum
3367 2395 3540 2449 forma
3580 2394 3637 2448 in

2058 2490 2260 2561 specie,
2303 2505 2425 2561 qua:
2456 2498 2512 2544 et
2544 2491 2706 2544 modo
2731 2503 2953 2544 carnem
3001 2503 3100 2543 ceu
3145 2487 3401 2558 obsignat
3435 2487 3637 2541 distin-

2058 2584 2302 2656 guitque,
2332 2582 2564 2654 spiritali
2586 2583 2678 2637 alii
2702 2582 2918 2653 corpori
2951 2582 3241 2651 impressa,
3268 2590 3546 2652 resurgat;
3578 2587 3638 2635 ut

2058 2678 2256 2733 iterum
2295 2674 2435 2730 idem
2467 2674 2723 2746 quisque,
2763 2673 3064 2729 secundum
3103 2673 3336 2743 speciem
3372 2671 3638 2727 formam-

2059 2785 2168 2841 que
2215 2775 2512 2840 appareat:
2543 2775 2708 2838 atque
2752 2768 2895 2823 hanc
2939 2781 3062 2822 esse
3107 2766 3439 2836 promissam
3478 2765 3638 2822 nobis

2060 2860 2542 2917 resurrectionem.
2587 2858 2724 2915 Cum
2774 2859 2943 2927 enim,
2975 2857 3174 2928 inquit,
3215 2871 3418 2928 corpus
3464 2863 3639 2912 mat:-

2061 2954 2197 3010 riale
2230 2953 2438 3008 ﬂuxum
2474 2954 2569 3018 sit,
2612 2967 2792 3023 neque
2823 2951 2879 3005 in
2923 2967 2982 3007 se
3027 2951 3145 3023 ipso
3180 2963 3418 3020 unquam
3465 2949 3641 3003 consi-

2063 3054 2192 3113 stat,
2234 3046 2330 3102 sed
2359 3045 2587 3101 decedat
2615 3044 2949 3113 accedatque
2987 3043 3136 3097 circa
3180 3042 3416 3113 speciem
3444 3039 3642 3095 distin~

2063 3143 2316 3208 guentem
2368 3134 2624 3200 formam,
2683 3148 2791 3205 qua
2847 3135 3011 3190 etiam
3060 3133 3229 3204 ﬁgura
3282 3131 3640 3200 continetur;

376 3226 439 3279 τὸ
473 3228 674 3296 σχῆμω
712 3225 924 3297 ἀνάγκη
972 3226 1036 3298 δὴ
1076 3229 1174 3299 τὴν
1214 3227 1510 3283 ἀνάστασιν
1543 3230 1636 3283 ἐπί
1683 3231 1844 3303 μόνου
1878 3231 1957 3285 εῖ-

2065 3230 2227 3300 plane
2250 3227 2627 3283 necessarium
2648 3224 2961 3288 conﬁcitur,
2994 3232 3055 3279 ut
3083 3224 3417 3281 resurrectio
3443 3225 3500 3279 in
3523 3224 3644 3280 sola

377 3318 501 3381 δους
533 3316 772 3372 ἔσεσθαι.

456 3409 550 3465 ll".
586 3407 719 3463 Εἶτα
750 3412 866 3481 μετ’
896 3410 1075 3481 ὀλίγον
1100 3409 1283 3481 φησίψ
1320 3410 1551 3476 Οὐκοῦν,
1581 3405 1626 3464 ὦ
1669 3411 1959 3485 Ὠρίγενες,

381 3502 431 3553 εί
464 3501 555 3553 ἐπὶ
582 3499 676 3553 τοῦ
703 3500 877 3564 εἴδους
903 3501 1063 3572 μόνον
1094 3500 1492 3570 προσδοκᾶσθαι
1527 3501 1835 3574 διισχυρίζῃ
1863 3503 1962 3575 τὴν

383 3591 679 3646 ἀνάστασιν
728 3593 785 3645 ἐν
833 3591 1187 3663 πνευματικῷ
1237 3592 1675 3664 μεταθησομένου
1729 3592 1962 3664 σώματι,

383 3683 657 3748 ἀπόδειξίν
690 3700 748 3737 τε
779 3684 1154 3756 δοκιμωτάτην
1185 3685 1282 3756 τὴν
1314 3686 1456 3740 κο.τά
1479 3687 1570 3740 τὸν
1615 3685 1801 3741 Ἠλίαν
1833 3677 1965 3758 ἡμῖν

382 3774 648 3829 ὀπτασίαν
676 3776 772 3829 καὶ
815 3777 1020 3836 Μωσέα
1071 3778 1351 3850 παρέχεις·
1382 3777 1571 3848 ὥσπερ
1604 3780 1821 3842 ἐκεῖνοι,
1859 3778 1966 3847 φά·-

387 3883 567 3939 μενος,
619 3867 757 3938 μετά
787 3868 887 3939 τὴν
916 3869 1023 3922 ἀπὸ
1049 3869 1143 3923 τοῦ
1180 3870 1295 3939 βίου
1329 3870 1505 3935 ἔξοδον
1554 3867 1834 3941 ὤφθησαν,
1868 3870 1968 3941 οὐχ

382 3960 569 4033 ἕτερον
615 3961 744 4031 παρ’
790 3959 819 4013 ὃ
866 3956 1011 4032 εἶχον
1059 3957 1199 4025 εἶδος
1232 3962 1291 4030 ἐξ
1352 3963 1525 4034 ἀρχῆς
1573 3962 1926 4028 διασώζοντες
1951 3978 1967 3995 ⁸

382 4052 524 4107 κατά
552 4053 624 4107 τά
654 4053 794 4107 αὐτὰ
837 4055 931 4108 καὶ
969 4057 1002 4126 ἡ
1039 4055 1256 4109 πάντων
1299 4053 1450 4108 ἔσται
1489 4056 1789 4119 ἀνάστασις
1825 4054 1964 4126 (81).

399 4146 455 4199 '0
493 4147 702 4221 Μωσῆς
759 4146 817 4199 δὲ
846 4147 942 4200 καὶ
983 4146 1189 4211 Ἠλίας,
1221 4147 1326 4219 πρὸ
1351 4145 1447 4200 τοῦ
1478 4148 1572 4202 τὸν
1599 4148 1833 4219 Χριστὸν
1864 4165 1969 4203 πα-

388 4236 499 4292 θεῖν
524 4238 616 4292 καὶ
644 4239 961 4309 ἀναστῆναι,
980 4239 1081 4310 ήδη
1109 4239 1170 4293 τὸ
1187 4237 1324 4304 εἶδος
1346 4240 1521 4304 τοῦτο,
1543 4240 1572 4294 ὃ
1600 4242 1726 4313 φῂς,
1752 4239 1969 4312 ἔχοντες

385 4331 687 4402 ἀνέστησαν
711 4332 805 4385 καὶ
834 4330 1097 4402 ὤφθησαν
1124 4349 1137 4363 ·
1174 4331 1292 4396 πῶς
1313 4332 1376 4405 δὴ
1401 4333 1480 4386 ἔτι
1498 4335 1527 4386 ὁ
1550 4332 1782 4406 Χριστὸς
1810 4338 1971 4403 Πρω-

384 4423 628 4489 τότοκος
657 4420 796 4477 εἶναι
829 4422 948 4477 τῶν
974 4423 1204 4493 νεκρῶν
1254 4425 1359 4478 ὑπὸ
1404 4424 1513 4479 τῶν
1541 4425 1837 4498 προφητῶν
1875 4425 1969 4480 καὶ

384 4514 492 4569 τῶν
526 4516 838 4570 ἀποστόλων
872 4516 1095 4588 ᾅδεται;
1131 4517 1196 4570 Εἰ
1224 4517 1334 4589 γὰρ
1362 4517 1712 4585 Πρωτότοκος
1743 4517 1851 4571 τῶν
1883 4534 1967 4571 νε-

2065 3319 2248 3390 specie
2278 3326 2332 3373 et
2366 3318 2544 3371 forma
2573 3316 2685 3372 ﬁat.

2133 3408 2274 3466 XIII.
2316 3408 2522 3464 Deinde
2565 3417 2691 3479 post
2724 3421 2897 3477 pauca
2926 3403 3060 3461 dicit
3092 3423 3105 3460 :
3137 3403 3195 3459 Si
3240 3405 3428 3476 igitur,
3453 3420 3488 3460 ο
3524 3406 3643 3460 Ori-

2063 3519 2253 3575 genes,
2285 3500 2744 3557 resurrectionem
2793 3498 2847 3553 in
2879 3498 2995 3555 sola
3041 3496 3224 3567 specie
3263 3507 3319 3551 et
3355 3495 3552 3560 forma,
3585 3498 3643 3553 in

2065 3596 2312 3667 spiritale
2344 3610 2546 3663 corpus
2586 3599 2817 3659 mutata,
2859 3589 3279 3661 exspectandam
3330 3588 3640 3653 contendis,

2065 3698 2119 3746 et
2144 3689 2406 3744 visionem
2438 3686 2568 3741 Elite
2592 3693 2647 3741 et
2678 3686 2880 3754 Moysis
2905 3700 3005 3756 pro
3032 3683 3340 3738 certissima
3374 3682 3533 3737 nobis
3557 3683 3647 3737 de-

2066 3780 2467 3837 monstratione
2502 3779 2726 3833 exhibes
2762 3773 3260 3848 :quemadmodum
3304 3774 3404 3841 illi,
3437 3774 3642 3844 inquis,

2069 3882 2195 3945 post
2218 3881 2471 3937 mortem,
2512 3888 2621 3927 non
2662 3871 2768 3924 alia
2814 3883 2979 3940 quam
3025 3867 3272 3922 viventes
3300 3866 3429 3920 olim
3479 3866 3648 3921 habe-

2067 3964 2221 4026 bant,
2245 3965 2427 4034 specie
2458 3962 2741 4029 formaque
2768 3966 3177 4030 apparuerunt;
3211 3957 3285 4011 ita
3315 3964 3369 4011 et
3395 3971 3496 4011 nos
3527 3971 3648 4011 om-

2068 4070 2169 4110 nes
2205 4070 2576 4125 resurgemus.
2609 4052 2772 4123 Atqui
2820 4050 3036 4122 Moyses
3065 4049 3340 4119 Eliasque,
3369 4049 3481 4118 jam
3516 4056 3646 4104 ante

2069 4144 2276 4202 Christi
2308 4147 2618 4216 passionem
2644 4159 2708 4199 ac
2740 4142 3220 4205 resurrectionem,
3246 4140 3476 4194 formam
3503 4139 3644 4195 hanc

2071 4252 2237 4308 quam
2272 4238 2375 4301 ais,
2406 4236 2669 4291 habentes
2697 4242 3119 4289 resurrexerunt
3150 4238 3204 4286 et
3236 4238 3642 4301 apparuerunt:

2071 4331 2164 4401 qui
2189 4345 2320 4400 ergo
2344 4328 2601 4384 Christus
2661 4325 3051 4396 Primogenitus
3096 4334 3423 4377 mortuorum
3447 4321 3492 4353 “
3523 4334 3648 4389 pro-

2069 4423 2290 4492 phetico
2318 4421 2731 4493 apostolicoque
2760 4418 3032 4490 praeconio
3061 4414 3412 4472 celebratur?
3441 4411 3576 4467 Nam
3597 4412 3646 4468 si

2072 4514 2327 4570 Christus
2352 4513 2754 4582 Primogenitus
2778 4517 3119 4565 mortuorum
3151 4506 3394 4561 creditus
3421 4512 3527 4568 est,
3561 4508 3650 4561 est

384 4610 530 4682 κρῶν
552 4609 785 4681 Χριστὸς
807 4605 945 4663 εἶναι
974 4609 1352 4671 πεπίστευται,
1398 4609 1742 4682 πρωτότοκος
1764 4608 1820 4661 δέ
1848 4610 1959 4662 ἐστι

2073 4622 2200 4662 vero
2246 4605 2651 4675 primogenitus
2694 4613 3057 4663 mortuorum,
3087 4601 3181 4670 qui
3224 4612 3415 4653 omnes
3456 4610 3646 4651 resur-

382 4701 489 4756 τῶν
517 4700 724 4772 νεκρῶν
752 4702 779 4753 ὁ
805 4701 912 4772 πρὸ
940 4703 1159 4755 πάντων
1191 4700 1448 4764 ἀναστάς⁸
1474 4703 1502 4755 ὁ
1523 4701 1581 4754 δὲ
1621 4699 1825 4771 Μωσῆς
1860 4700 1960 4772 ήδη

384 4795 478 4848 καὶ
510 4794 617 4866 πρὸ
643 4792 738 4846 τοῦ
763 4793 855 4846 τὸν
887 4792 1119 4864 Χριστὸν
1154 4792 1345 4846 παθεῖν
1378 4792 1517 4864 ἔχων
1544 4803 1607 4846 το
1639 4788 1777 4857 εἶδος
1805 4792 1965 4847 τοῦτο

386 4887 556 4959 ἐφάνη
588 4889 701 4950 τοῖς
725 4885 1063 4948 ἀποστόλοις,
1092 4884 1221 4955 περὶ
1244 4885 1272 4938 ὃ
1300 4884 1637 4955 πληροῦσθαι
1669 4885 1775 4957 φῂς
1801 4885 1964 4950 αὐτὸς

384 4979 480 5050 τὴν
508 4979 822 5033 ἀνάστασιν·
850 4979 952 5032 οὐκ
980 4978 1089 5050 ἄρα
1118 4977 1213 5031 τοῦ
1245 4977 1419 5042 εἴδους
1444 4979 1613 5050 χωρὶς
1636 4979 1736 5051 τῆς
1765 4980 1967 5053 σαρκός

453 5135 499 5168 ⁸⁷
527 5134 548 5190 1
574 5134 701 5191 Cor.
730 5151 810 5201 χι,
843 5134 894 5189 7.
969 5135 1017 5167 ⁸⁸
1040 5133 1182 5189 Dan.
1216 5150 1294 5201 ιι,
1327 5135 1417 5191 23.
1492 5135 1537 5167 "
1567 5133 1731 5205 Apoc.
1764 5150 1807 5201 ι,
1838 5135 1896 5191 5.

457 5291 569 5362 (sm
599 5292 829 5345 Ἦκουε.
864 5290 975 5362 AL,
1010 5291 1234 5362 ἤκουσε.

457 5360 570 5429 (81)
613 5359 1047 5415 Ἕσταιὰνάστζ
1082 5361 1143 5413 Al
1175 5401 1189 5422 ,
1221 5377 1303 5413 σοι
1333 5359 1526 5416 ἀνάστ.

459 5432 570 5496 (8‘2)
598 5430 801 5501 Corpus
824 5430 1075 5485 desiderii
1122 5440 1171 5484 et
1203 5431 1542 5487 humilitatis.
1580 5430 1821 5486 Alterum
1870 5431 1971 5484 ha-

387 5502 477 5556 bet
513 5501 714 5554 Panlus
757 5501 985 5570 Philipp.
1047 5518 1128 5562 ιιι,
1179 5501 1272 5564 Si,
1333 5503 1564 5557 alterum
1601 5511 1719 5572 ipse
1765 5502 1968 5572 aliique

386 5574 589 5641 passim
624 5572 925 5632 insinuant,
952 5572 1081 5625 dum
1113 5573 1299 5626 carnis
1326 5579 1382 5626 et
1408 5574 1654 5641 corporis
1696 5571 1970 5627 desideria

389 5646 685 5712 loquuntur
737 5661 750 5696 :
798 5643 994 5708 vixque
1032 5642 1134 5695 nisi
1170 5643 1223 5696 in
1258 5643 1452 5696 tnalam
1508 5653 1738 5712 partem.
1790 5645 1855 5695 At
1900 5642 1966 5712 in

391 5711 605 5766 Daniele
652 5728 880 5767 summae
912 5712 1132 5767 virtutis
1155 5712 1403 5782 probatio
1428 5711 1532 5775 est,
1560 5721 1619 5767 ut
1653 5714 1734 5767 vir
1755 5711 1966 5766 deside-

388 5786 588 5837 riorum
621 5782 876 5839 audierit.
911 5797 1222 5853 quanquam
1253 5799 1356 5837 nec
1388 5783 1504 5853 ipse
1548 5784 1694 5838 male
1740 5782 1967 5837 affertur

386 5853 442 5909 in
499 5854 1023 5922 esetnplumpsunt
1075 5853 1219 5908 enim
1268 5853 1432 5907 etiam
1473 5853 1744 5921 ejusmodi
1780 5853 1963 5915 cordis

386 5924 608 5981 contriti
631 5921 822 5979 sancta
849 5921 1143 5991 desideria,
1174 5922 1350 5980 aliena
1371 5924 1442 5981 ab
1479 5938 1679 5997 supera
1706 5924 1799 5980 illa
1820 5924 1962 5999 ἀπα-

2070 4699 2245 4772 gendo
2273 4698 2590 4769 praeessit:
2631 4694 2845 4767 Moyses
2870 4702 3055 4749 autem
3104 4693 3215 4761 jam
3271 4701 3398 4746 ante
3441 4687 3646 4745 Christi

2070 4795 2382 4868 passionem
2413 4809 2477 4850 ea
2503 4793 2679 4848 forma
2704 4791 2969 4862 apostolis
3001 4788 3155 4845 visus
3182 4799 3289 4851 est,
3330 4786 3385 4840 in
3416 4799 3524 4855 qua
3555 4797 3645 4839 re-

2072 4887 2465 4945 surrectionem
2537 4884 2867 4955 implendam
2937 4882 3077 4936 dicis
3130 4900 3143 4935 :
3201 4879 3391 4948 utique
3463 4874 3650 4945 sequi-

2074 4988 2166 5036 tur
2194 4977 2333 5051 (85),
2370 4984 2431 5033 ut
2468 4974 2645 5033 forma
2678 4988 2787 5028 non
2826 4981 3076 5042 resurgat
3118 4969 3238 5024 sine
3280 4978 3464 5022 carne.
3509 4960 3649 5016 Nam

2077 5286 2215 5358 θείᾳ.
2237 5292 2292 5340 et
2320 5291 2465 5340 statu
2500 5283 2706 5358 gloriae,
2733 5296 2845 5354 quo
2873 5282 2988 5338 sola
3017 5288 3122 5347 est,
3142 5279 3229 5335 vel
3257 5286 3316 5332 ut
3337 5277 3453 5334 sola
3494 5276 3651 5333 beata

2075 5355 2380 5413 desiderata
2416 5355 2714 5424 possessio.

2147 5428 2260 5498 185)
2297 5420 2486 5498 Utique
2530 5425 2790 5498 sequitur,
2824 5432 2883 5475 ut
2911 5421 3086 5498 forma
3117 5436 3220 5498 non
3270 5429 3509 5498 resurget
3541 5420 3654 5498 sine

2075 5490 2254 5553 carne.
2285 5490 2411 5550 Οὐκ
2431 5497 2539 5563 ἄρα
2569 5490 2664 5548 τοῦ
2697 5493 2869 5555 εἴδους
2894 5492 3062 5563 χωρὶς
3095 5491 3191 5560 τῆς
3219 5490 3418 5563 σαρκός
3440 5492 3587 5543 ἐστιν
3605 5491 3652 5563 ΔἸι

2075 5514 2254 5553 carne.
2285 5513 2401 5550 υυκ
2431 5513 2466 5550 α
2569 5513 2664 5548 του
2697 5513 2869 5555 ειοους
2894 5513 3062 5563 χωρις
3095 5513 3191 5560 της
3219 5513 3418 5561 σαρκος
3440 5513 3587 5543 εστιν
3617 5513 3652 5562 η

2075 5569 2393 5631 ἀνάστασις.
2429 5513 2586 5621 (ὶῗὲιτο
2643 5564 2947 5623 conclusio,
3007 5577 3169 5631 quam
3224 5559 3483 5615 Schottus
3514 5560 3653 5615 male

2073 5639 2504 5707 assumptionem
2538 5635 2667 5689 iacit
2699 5652 2713 5688 :
2755 5648 3098 5707 sequensque
3134 5631 3388 5707 dilemma
3437 5645 3654 5686 assum-

2073 5701 2280 5779 ptionis
2304 5709 2489 5778 specie
2526 5707 2785 5779 obscurat
2819 5704 3047 5779 planeet
3076 5701 3397 5779 confundit;
3434 5709 3493 5754 ut
3522 5714 3654 5756 vero

2073 5772 2449 5837 reddidimus.
2492 5776 2627 5830 nihil
2672 5772 2836 5828 habet
2885 5773 3257 5833 difﬁcultatis;
3318 5772 3544 5841 ipseque
3593 5784 3654 5826 se

2069 5849 2247 5919 ipsum
2293 5847 2627 5916 Methodius,
2659 5860 2824 5916 quam
2876 5842 3363 5919 strtystoqpartxbg
3408 5842 3495 5919 sit.
3526 5854 3652 5919 iter:

2070 5908 2347 5992 {osusque
2403 5926 2627 5990 argutor
2679 5908 2692 5916 ”
2719 5908 2983 5971 ostendit.
3038 5908 3247 5984 Ubique
3303 5912 3359 5966 in
3409 5911 3529 5967 istis
3590 5908 3654 5964 τὸ
