4150 6450
494 415 598 471 δι’.)

1454 417 1512 474 S.
1552 411 1880 469 METHODII
1918 409 2227 468 EPISCOPi
2268 404 2356 468 ΕΤ
2391 412 2749 470 MARTYRIS

3610 409 3716 466 320

494 532 572 584 vel
609 528 936 585 resurrectio
982 527 1177 594 solius,
1213 536 1275 583 ut
1318 529 1504 595 doces,
1549 530 1736 585 formae
1778 540 1892 597 eSt;
1919 534 1935 551 ⁸
1964 544 2051 585 eo-

2160 532 2305 585 ὲστιν
2350 532 2384 603 ἡ
2425 533 2737 596 ἀνάστασις.
2771 533 2926 584 Ἤτοι
2966 528 3075 599 γάρ
3111 525 3205 581 τοῦ
3240 525 3412 590 εἴδους
3443 525 3610 587 ἐστὶν,
3643 523 3721 587 ὡς

492 637 598 691 que
641 620 828 689 nequit
854 619 969 688 jam
1006 619 1262 675 Christus
1300 637 1424 678 esse
1466 620 1868 693 Primogenitus
1917 635 2058 674 mor-

491 721 730 774 tuorum,
779 712 925 782 quod
974 726 1037 766 ea
1092 711 1268 767 forma
1314 722 1439 770 ante
1479 716 1655 785 ipsum
1707 715 2057 785 apparuerint

488 801 875 859 defunctorum
932 803 1166 858 animm:
1204 814 1298 858 aut
1330 821 1390 860 re
1447 821 1611 870 vera,
1655 803 2056 875 Primogenitus

488 902 595 959 est,
629 901 690 948 ut
735 901 854 960 est;
885 902 1131 966 tumque,
1164 897 1316 952 nullo
1364 914 1593 970 prorsus
1637 899 1819 961 modo,
1853 905 1912 951 ut
1958 899 2059 952 ali-

489 989 735 1059 quiante
765 988 941 1058 ipsum
973 1003 1094 1043 eam
1126 993 1406 1046 consecuti
1441 994 1553 1048 sint
1576 992 2055 1056 resurrectionem,

489 1093 601 1149 qua
631 1094 699 1131 ne
742 1078 976 1147 amplius
1019 1089 1386 1146 morerentur,
1417 1081 1534 1136 ﬁeri
1583 1089 1779 1152 potest.
1816 1080 1969 1147 Quod
2009 1079 2056 1134 si

491 1184 652 1225 nemo
681 1177 806 1223 ante
834 1170 986 1225 illum
1019 1172 1353 1239 resurrexit;
1388 1171 1565 1228 Moses
1600 1179 1781 1226 autem
1830 1180 1883 1225 et
1915 1169 2058 1227 Elias

493 1277 605 1316 non
640 1261 815 1315 induti
867 1276 1109 1326 carnem,
1157 1264 1252 1318 sed
1304 1264 1475 1318 solam
1525 1262 1757 1318 formam
1786 1263 2058 1317 habentes

490 1361 862 1423 apparuerunt
902 1355 1166 1425 apostolis
1202 1374 1215 1410 :
1248 1356 1533 1426 perspicue
1576 1356 1759 1409 futura
1800 1354 1854 1409 in
1895 1368 2059 1409 carne

493 1446 827 1499 resurrectio
880 1445 1210 1501 ostenditur.
1268 1446 1557 1500 Enimvero
1601 1445 2057 1500 absurdissimum

491 1543 597 1598 est,
633 1543 691 1588 ut
731 1534 787 1588 in
830 1535 947 1590 sola
983 1536 1156 1589 forma
1201 1536 1530 1591 resurrectio
1575 1534 1886 1598 deﬁniatur,
1932 1548 2056 1588 cum

494 1626 670 1696 palam
698 1627 790 1691 sit,
823 1627 1034 1682 animas
1059 1626 1193 1698 (84),
1233 1637 1521 1697 postquam
1547 1627 1710 1681 etiam
1739 1633 1869 1680 sunt
1893 1638 2060 1679 carne

491 1731 746 1786 egressae,
780 1715 1015 1785 speciem
1049 1716 1194 1769 illam
1226 1714 1565 1784 formamque
1592 1730 1753 1785 quam
1779 1717 1852 1768 ait
1873 1729 2060 1769 resur-

492 1816 788 1870 recturam,
828 1822 1108 1877 nunquam
1137 1808 1428 1877 deponere.
1453 1806 1613 1875 Quod
1650 1808 1695 1861 si
1728 1808 1817 1859 illa
1851 1807 2058 1860 irrevo-

2156 624 2470 695 παρεγγυᾷς
2503 623 2809 694 (85),μόνου
2844 624 2877 693 ἡ
2903 620 3196 682 ἀνάστασις
3224 619 3265 682 θ,
3288 617 3381 670 καὶ
3411 617 3472 670 οὐ
3497 615 3721 669 δύναται

2154 712 2234 767 ἔτι
2267 714 2614 785 Πρωτότοκος
2637 711 2776 767 εἶναι
2803 715 2832 767 ὁ
2864 710 3095 783 Χριστὸς
3115 709 3222 762 τῶν
3246 707 3472 779 νεκρῶν,
3504 706 3583 776 τῷ
3614 706 3723 778 πρὸ

2156 803 2319 856 αὐτοῦ
2380 804 2607 873 ἐχούσας
2659 803 2815 858 τοῦτο
2866 802 3003 874 μετά
3057 800 3154 872 τὴν
3186 798 3438 870 τελευτὴν
3473 797 3535 851 τὸ
3584 793 3722 861 εἶδος

2155 896 2451 964 πεφηνέναι
2494 895 2671 967 ψυχάς
2694 913 2709 929 ·
2770 895 2804 967 ἦ
2863 895 3211 966 Πρωτότοκος
3268 891 3480 961 ἀληθῶς
3536 890 3723 963 ὥσπερ

2158 986 2293 1049 ἐστὶ,
2334 986 2427 1041 καὶ
2459 987 2717 1041 ἀδύνατον
2747 987 2883 1050 ὅλως
2912 986 3174 1056 ἠξιῶσθαι
3223 983 3329 1056 πρὸ
3360 982 3524 1038 αὑτοῦ
3570 999 3723 1044 τινας

2155 1077 2255 1146 τῆς
2284 1079 2364 1141 εἰς
2394 1078 2455 1131 τὸ
2504 1079 2579 1149 μὴ
2627 1072 2783 1142 αὖθις
2815 1075 3103 1131 ἀποθανεῖν
3149 1076 3517 1138 ἀναστάσεως.
3567 1075 3630 1126 Εἰ
3664 1074 3722 1127 δὲ

2156 1168 2353 1240 ἀνέστη
2400 1168 2575 1231 οὐδεὶς
2617 1168 2724 1238 πρὸ
2763 1166 2949 1233 αὐτοῦ,
2983 1169 3031 1222 οἱ
3078 1166 3135 1220 δὲ
3192 1168 3334 1238 ἀμφὶ
3363 1166 3454 1219 τὸν
3486 1165 3724 1220 Μωῦσέα

2158 1260 2254 1312 καὶ¹
2283 1258 2375 1311 τὸν
2420 1258 2605 1311 Ἠλίαν
2638 1259 2847 1331 σάρκας
2884 1258 2982 1330 μὲν
3021 1257 3237 1329 ἔχοντες
3268 1260 3380 1321 τοῖς
3411 1257 3725 1320 ἀποστόλοις

2156 1351 2256 1403 οὐκ
2287 1349 2564 1421 ὤφθησαν,
2603 1349 2761 1420 μόνον
2792 1350 2850 1403 δὲ
2890 1350 2951 1403 τὸ
2990 1345 3163 1411 εἶδος·
3199 1349 3233 1419 η
3279 1348 3386 1417 ἀρα
3434 1349 3725 1411 ἀνάστασις

2159 1443 2252 1495 ἐπὶ
2281 1441 2381 1511 τῆς
2412 1441 2611 1511 σαρκὸς
2657 1440 2947 1512 προφανῶς
2992 1439 3264 1511 δηλοῦται.
3310 1440 3419 1493 Καὶ
3451 1439 3559 1510 γὰρ
3598 1440 3724 1493 ἀτο-

2161 1531 2407 1586 πώτατον
2439 1532 2532 1586 ἐπὶ
2578 1531 2739 1603 μόνου
2773 1531 2866 1585 τοῦ
2898 1532 3072 1595 εἴδους
3100 1532 3199 1603 τὴν
3231 1530 3525 1585 ἀνάστασιν
3561 1530 3727 1603 διορί-

2160 1624 2370 1689 ζεσθαι,
2419 1625 2581 1678 ὁπότε
2611 1626 2666 1677 αἱ
2693 1624 2883 1695 ψυχαὶ,
2918 1624 3012 1678 καὶ
3051 1623 3190 1695 μετά
3226 1623 3324 1695 τὴν
3358 1622 3575 1695 σαρκῶν
3614 1623 3724 1690 ἕξοι

2159 1715 2268 1779 δον,
2317 1714 2568 1769 οὐδέποτε
2610 1714 2889 1785 φαίνονται
2933 1716 2992 1768 τὸ
3033 1712 3190 1779 εἶδος,
3236 1716 3264 1769 ὅ
3302 1731 3465 1785 φησιν
3508 1714 3728 1767 ἀνίστα-

2165 1806 2307 1871 σθαι,
2355 1806 2764 1876 ἀποτιθέμεναι.
2798 1806 2860 1858 El
2888 1804 2944 1857 δὲ
2975 1805 3353 1877 συμπαρέσται
3387 1804 3498 1874 (86)
3544 1805 3728 1869 αὐτοῖς

488 1898 686 1953 cabilis
731 1896 903 1960 adest,
941 1905 999 1951 ut
1043 1896 1098 1951 in
1142 1898 1323 1952 anima
1370 1897 1532 1954 Mosis
1595 1905 1648 1952 et
1676 1896 1845 1963 Elize;
1881 1911 1946 1950 ac
1972 1912 2051 1952 ne-

2157 1896 2314 1951 τοῦτο
2333 1897 2710 1967 ἀναφαίρετον,
2735 1895 2984 1966 καθάπερ
3011 1897 3106 1948 καὶ
3129 1896 3221 1948 ἐπὶ
3244 1896 3311 1965 τῇ
3335 1893 3610 1956 Μωῦσέως
3634 1893 3729 1947 καὶ

490 2004 618 2057 que,
648 1997 707 2042 ut
735 1989 1041 2051 existimas,
1068 1989 1442 2058 corrumpitur
1475 1989 1702 2057 peritve,
1735 1988 1935 2057 ubique
1967 1987 2055 2042 in-

489 2079 664 2133 divise
713 2078 1026 2145 adhaerens;
1073 2079 1233 2148 plane
1287 2078 1555 2149 sequitur,
1609 2093 1719 2132 non
1773 2093 2059 2149 resurgere

489 2168 722 2223 formam
753 2169 1023 2238 ejusmodi
1049 2186 1169 2239 qua:
1200 2186 1477 2240 nunquam
1509 2169 1724 2224 cecidit.

560 2256 699 2311 XIV.
742 2256 899 2323 Quod
948 2258 995 2313 si
1047 2257 1171 2328 quis
1220 2258 1442 2328 indigne
1496 2257 1719 2322 ferens,
1779 2255 1963 2311 dicat:
1999 2253 2057 2309 Si

488 2363 670 2410 nemo,
699 2349 1015 2417 priusquam
1043 2348 1295 2403 Christus
1334 2349 1400 2404 ad
1437 2349 1646 2406 inl‘cros
1675 2349 2055 2414 descenderet,

490 2438 813 2501 resurrexit,
850 2437 1122 2507 quomodo
1161 2437 1476 2493 referuntur
1509 2439 1677 2510 aliqui
1715 2446 1841 2494 ante
1876 2439 2057 2509 ipsum

490 2512 836 2591 surrexisse;
872 2527 1010 2581 inter
1048 2542 1188 2597 quos
1245 2527 1390 2583 ﬁlius
1418 2529 1598 2583 viduae
1646 2527 1961 2598 Sareptanae
1984 2529 2054 2596 ",

490 2622 545 2670 et
584 2614 939 2673 Sunamitidis
990 2617 1133 2673 ﬁlius
1153 2618 1230 2681 “,
1282 2619 1521 2689 itemque
1568 2618 1809 2675 Lazarus
1831 2621 1916 2672 ἠ
1950 2619 2057 2676 Re-

490 2706 902 2777 spondendum,
953 2707 1028 2762 ita
1081 2709 1478 2774 resurrexisse,
1526 2719 1587 2763 ut
1633 2710 1828 2763 iterum
1871 2717 2059 2765 essent

492 2799 742 2852 morituri
774 2816 787 2853 :
820 2814 923 2854 nos
948 2807 1129 2854 autem
1157 2800 1226 2855 de
1249 2801 1317 2856 iis
1343 2802 1784 2871 pronuntiamus,
1814 2803 1907 2870 qui
1937 2811 2058 2872 post

490 2880 950 2943 resurrectionem
999 2904 1278 2960 nunquam
1324 2896 1453 2946 sunt
1485 2889 1756 2943 morituri.
1810 2888 1965 2955 Quod
2009 2891 2057 2943 si

489 2981 655 3037 etiam
704 2979 772 3035 de
815 2979 995 3035 anima
1037 2979 1169 3036 Eliae
1214 2981 1415 3037 dubius
1459 2980 1678 3045 dixerit,
1712 2982 1868 3052 quasi
1916 2980 2059 3036 Scri-

491 3073 666 3145 pturis
686 3071 1077 3127 aﬂirmantibus
1100 3074 1250 3128 illum
1271 3074 1324 3128 in
1352 3088 1521 3129 carne
1543 3083 1886 3145 assumptum
1908 3090 2053 3141 esse,

492 3181 592 3219 nos
627 3171 806 3217 autem
834 3163 1130 3221 doceamus
1176 3166 1327 3220 illum
1359 3166 1621 3234 apostolis
1648 3167 1855 3236 absque
1890 3180 2055 3222 carne

492 3257 1316 3327 apparuisse:respondendum,
1349 3260 1520 3329 atqui,
1554 3258 1699 3329 quod
1735 3259 2056 3330 apparuisse

490 3347 750 3417 apostolis
783 3346 837 3401 in
868 3362 1036 3402 carne
1076 3348 1345 3411 dicamus,
1375 3347 1503 3403 huic
1543 3355 1744 3403 nostrae
1775 3349 2056 3404 sententia:

487 3438 660 3508 magis
683 3435 845 3491 favet.
875 3436 984 3493 Res
1011 3436 1178 3501 enim,
1202 3453 1405 3509 corpus
1434 3453 1655 3508 quoque
1676 3446 1924 3493 nostrum
1955 3452 2067 3492 ca-'

488 3543 591 3598 pax
625 3543 746 3584 esse
791 3529 1218 3585 immortalitatis
1252 3532 1468 3600 probat,
1523 3532 1667 3585 sicut
1697 3539 1750 3586 et
1794 3529 1897 3586 fuit
1927 3547 2056 3601 pro-

490 3618 672 3670 batum
716 3619 772 3672 in
806 3616 992 3673 Enoch
1020 3621 1286 3675 translato
1317 3621 1383 3673 ⁹⁹.
1416 3621 1473 3675 Si
1515 3622 1659 3677 enim
1689 3624 2054 3691 incorruptio-

490 3710 575 3763 nis
605 3725 777 3781 capax
801 3726 912 3765 non
941 3721 1109 3777 esset,
1143 3715 1562 3785 haudquaquam
1604 3725 1757 3772 tanto
1788 3724 2050 3787 tempore,

490 3799 731 3854 immune
760 3815 792 3852 a
839 3802 1207 3873 corruptionis
1235 3804 1356 3859 labe
1400 3805 1711 3861 mansisset.
1744 3806 1803 3860 Si
1832 3807 2051 3877 quidem

561 3978 579 3997 ‘
615 3973 883 4031 Scholion.
951 3977 1074 4033 Not.
1135 3979 1271 4036 Esse
1328 3982 1432 4038 hoc
1484 3984 1714 4040 minoris
1766 3984 2049 4041 momenti.

490 4043 813 4126 Quanquam
845 4050 991 4102 enim
1022 4064 1130 4103 non
1160 4053 1227 4105 de
1258 4053 1442 4126 specie
1482 4062 1547 4126 get
1596 4056 1791 4118 forma,
1840 4055 1951 4126 sed,
1983 4055 2053 4109 de

488 4124 791 4197 composito
819 4135 1048 4197 corpore
1076 4125 1369 4197 contendat
1393 4140 1408 4189 ;
1439 4124 1571 4178 nihil
1596 4127 1776 4197 minus
1803 4125 2053 4197 sequitur

488 4183 591 4266 hoc
612 4183 695 4266 vel
727 4187 878 4243 illud.
904 4183 1147 4266 Alterum
1178 4183 1404 4266 quidem
1434 4209 1499 4248 eo
1535 4196 1783 4266 solvitur,
1811 4183 1956 4266 quod
1986 4195 2052 4247 il-

489 4254 578 4336 lud
610 4256 806 4336 iterum
831 4259 1154 4313 moriturum
1187 4254 1290 4336 sit;
1322 4265 1595 4336 quomodo
1618 4280 1724 4319 non
1760 4254 1977 4336 proprie
1997 4272 2051 4336 et

486 4324 733 4404 absolute
783 4337 963 4404 statua
1009 4333 1245 4401 resurgit
1277 4324 1298 4383 ἐ
1340 4324 1572 4404 alterum
1629 4324 1809 4390 autent
1861 4324 2051 4404 nequit

485 4396 656 4475 solvi;
686 4398 951 4475 siquidem
982 4416 1093 4454 non
1122 4396 1306 4475 potest
1326 4472 1335 4475 _
1355 4402 1527 4458 forma
1561 4404 1757 4461 iterum
1785 4419 1908 4461 esse
1936 4396 2053 4458 {uo-

483 4469 676 4531 ritura,
696 4482 820 4521 cum
838 4469 987 4522 nullo
1011 4472 1170 4524 modo
1204 4472 1487 4528 moriatur.

2171 1988 2348 2041 Ἠλίου
2392 1987 2567 2059 ψυχῇ·
2619 1989 2712 2041 καὶ
2757 1986 2879 2041 οὔτε
2924 1986 3223 2057 φθείρεται,
3285 1985 3425 2039 κατά
3474 1985 3553 2049 σὲ,
3602 1982 3727 2036 οὔτε

2158 2080 2474 2143 ἀπόλλυται,
2533 2079 2630 2132 σὺν
2682 2080 2871 2142 αὑταῖς
2933 2077 3204 2148 πανταχοῦ
3260 2077 3577 2147 συμπαρόν·
3627 2076 3728 2129 οὐκ

2156 2173 2264 2244 ἄρα
2307 2172 2368 2225 τὸ
2411 2168 2550 2235 εἶδος
2591 2170 2894 2235 ἀνίσταται,
2948 2170 2977 2224 ὃ
3012 2170 3277 2242 μηδέποτε
3308 2169 3618 2222 πέπτωκεν.

2228 2265 2322 2318 ΙΔ’.
2381 2263 2505 2317 Ἐὰν
2546 2262 2604 2316 δέ
2643 2281 2746 2326 τις,
2780 2262 3135 2333 δυσχεράνας.
3181 2261 3289 2313 Καὶ
3320 2258 3437 2323 πῶς
3472 2259 3557 2331 δὴ,
3592 2259 3729 2312 ἀπο-

2157 2352 2340 2424 κριθῇ,
2385 2354 2432 2405 εί
2481 2352 2667 2423 μηδεὶς
2704 2352 2901 2424 ἀνέστη
2934 2351 3041 2422 τρὸ
3087 2351 3181 2405 τοῦ
3225 2349 3499 2403 κατελθεῖν
3530 2351 3610 2412 είς
3635 2350 3727 2401 τὴν

2158 2444 2288 2517 ᾅδην
2306 2444 2396 2497 τὸν
2425 2444 2677 2515 Χριστὸν,
2708 2444 3036 2506 ἀναστάντες
3065 2441 3166 2513 ἤδη
3196 2442 3335 2505 τινὲς
3365 2438 3727 2510 ίστορήθησαν

2158 2536 2265 2608 πρὺ
2293 2533 2456 2589 αὑτοῦ
2478 2553 2491 2566 ο
2527 2538 2587 2591 ὲν
2613 2531 2694 2599 οἷς
2717 2537 2816 2607 τῆς
2837 2534 3180 2606 Σαραφθίνης
3208 2535 3380 2605 χήρας
3406 2534 3433 2585 ὁ
3464 2532 3598 2595 υἱὸς,
3630 2532 3725 2584 καὶ

2157 2625 2257 2695 τῆς
2304 2624 2704 2696 Σουναμιτιδος,
2752 2625 2846 2679 καὶ
2894 2627 2922 2677 ὁ
2957 2624 3239 2695 Λάζαρος;
3287 2621 3529 2676 λεκτέον·
3585 2620 3725 2673 Ἀλλ’

2156 2711 2302 2771 οὗτοι
2333 2719 2411 2779 εἰς
2440 2716 2500 2769 τὸ
2541 2717 2635 2770 καὶ
2667 2711 2824 2780 αὖθις
2864 2714 3152 2767 ἀποθανεῖν
3201 2714 3522 2783 ἀνέστησαν·
3563 2712 3726 2781 ἡμεῖς

2156 2810 2215 2866 δὲ
2264 2811 2393 2882 περὶ
2438 2807 2544 2861 τῶν
2579 2808 2775 2879 μηκέτι
2820 2805 2958 2878 μετά
2993 2807 3092 2877 τὴν
3130 2804 3345 2876 ἔγερσιν
3386 2800 3728 2873 διοριζόμεθα

2156 2900 2577 2972 τεθνηξομένων.
2636 2900 2759 2953 Ἐάν
2802 2899 2984 2952 δὲκαὶ
3026 2896 3154 2967 περί
3198 2895 3301 2965 τῆς
3330 2893 3507 2963 ψυχῆς
3539 2892 3729 2945 διαπο-

2159 2990 2330 3061 ρήσας
2362 2989 2545 3061 φράσῃ
2568 2987 2663 3041 τοῦ
2703 2986 2905 3053 Ἠλίου,
2938 2986 3012 3049 ὡς
3038 2987 3144 3039 τῶν
3182 2987 3278 3058 μὲν
3318 2986 3356 3037 Γ
3363 2982 3549 3056 ραφῶν
3583 2983 3727 3036 ἀνει-

2156 3079 2354 3151 λῆφθαι
2384 3080 2545 3134 αὑτὸν
2567 3079 2836 3149 λεγουσῶν
2859 3081 2917 3132 ὲν
2952 3078 3133 3150 σαρκὶ,
3167 3080 3199 3148 ἡ
3210 3077 3325 3147 μῶν
3354 3076 3409 3129 δὲ
3444 3074 3725 3145 ἀσύμπλο-

2158 3187 2252 3224 κον
2312 3170 2514 3240 σαρκὸς
2574 3172 2689 3234 τοῖς
2761 3167 3076 3231 ἀποστόλοις
3133 3160 3311 3235 ὦφθαι
3369 3165 3721 3235 φασκόντωνο

2155 3261 2393 3326 λεκτέον,
2426 3262 2509 3314 ὅτι
2542 3260 2636 3314 καὶ
2672 3260 2777 3332 μὴν
2827 3260 3022 3332 μᾶλλον
3055 3258 3114 3311 τὸ
3143 3258 3319 3327 λέγειν
3352 3256 3513 3309 αὑτὸν
3544 3249 3725 3323 ὦφθαι

2153 3356 2265 3416 τοῖς
2296 3352 2610 3415 ἀποστόλοις
2637 3353 2694 3405 ὲν
2726 3351 2889 3423 σαρκὶ
2916 3350 3052 3421 πρὸς
3083 3348 3241 3420 ἡμῶν
3275 3351 3410 3401 ἐστι.
3438 3347 3722 3399 Δείκνυται

2154 3444 2262 3514 γάρ
2289 3444 2383 3497 καὶ
2405 3442 2491 3496 διά
2508 3442 2664 3495 τοῦτο
2687 3441 2992 3513 ἀφθαρσίας
3011 3440 3169 3511 ἡμῶν
3191 3441 3455 3512 ὑπάρχον,
3475 3438 3534 3492 τὸ
3564 3437 3723 3508 σῶμα

2152 3533 2415 3595 δεκτικὸν,
2464 3531 2712 3604 καθάπερ
2750 3532 2961 3602 ἐδείχθη
2993 3532 3085 3585 καὶ
3128 3530 3220 3583 ἐπὶ
3262 3529 3356 3583 τοῦ
3415 3527 3581 3598 Ἑνὼχ
3629 3544 3726 3597 με·

2152 3625 2522 3698 τατιθεμένου.
2573 3626 2635 3678 Εἰ
2674 3625 2747 3695 μὴ
2787 3623 2893 3695 γάρ
2946 3621 3253 3693 ἀφθαρσίαν
3301 3620 3531 3690 ἠδύνατο
3569 3616 3725 3682 δέξα-

2154 3720 2297 3786 σθαι,
2343 3720 2443 3773 οὐκ
2497 3719 2563 3772 ἂν
2612 3717 2733 3771 οὐδὲ
2785 3716 3051 3786 διέμεινεν
3099 3716 3156 3767 ἐν
3203 3712 3441 3782 ἀπαθείᾳ
3484 3710 3722 3781 τοσούτῳ

2152 3813 2349 3886 χρόνῳ.
2420 3811 2483 3864 Εἰ
2513 3809 2689 3864 τοίνυν
2722 3807 2874 3879 ὤφθη
2925 3806 3062 3879 μετὰ
3091 3805 3187 3859 τοῦ
3219 3804 3489 3876 σώματος,
3523 3802 3617 3856 καὶ
3653 3798 3723 3874 ἦν

2223 3998 2242 4017 '
2292 3994 2470 4062 Σχόλ.
2504 3990 2836 4062 Σημείωσαι.
2866 3986 3133 4062 παρά
3168 3985 3361 4062 τοῦτοί
3383 3982 3487 4062 ’καὶ
3524 3982 3630 4062 γάρ
3671 3983 3722 4034 εί

2152 4064 2246 4118 κα)⁵
2279 4051 2472 4133 pri-51:1
2496 4051 2814 4133 co§'_el.'60§g,
2854 4059 2967 4133 an)
2994 4051 3088 4133 ἐπὶ
3115 4055 3208 4133 τος)
3239 4054 3491 4133 συνθέτου
3508 4051 3720 4133 ’σῶμα-

2150 4151 2241 4198 τος
2262 4123 2513 4211 τείνεται.
2540 4126 2881 4211 ρὺδὲνιῆττον
2912 4129 2973 4211 τὸ
3010 4127 3142 4211 αὐτρ
3169 4127 3359 4211 ἕπεται
3400 4125 3458 4207 ἢ..
3473 4123 3534 4176 τὸ
3566 4123 3714 4207 αὑτό.

2152 4192 2239 4256 Τὸ⁷
2259 4204 2358 4274 μὲν
2389 4202 2495 4273 γὰρ
2538 4201 2651 4274 ἔχει
2695 4192 2867 4274 λύσιν,
2906 4201 2992 4274 δτι
3033 4197 3191 4251 πάλιν
3221 4192 3580 4274 emes-“37:9;
3618 4192 3719 4274 οὐκ

2150 4259 2272 4343 ἔστί
2304 4259 2530 4343 acup-Aloi;
2545 4259 2863 4343 ἀνδριάντος
2892 4268 3212 4343 ἀνάσταᾲσιςο
3247 4259 3402 4343 ’ξδὀὗ
3423 4281 3436 4293 ο
3467 4266 3625 4334 εἴπερ
3656 4271 3721 4315 το

2150 4340 2288 4407 εἶδος
2310 4335 2583 4413 οὐθνήξει
2611 4335 2793 4405 πάλιν,
2827 4340 2906 4392 ὅτι
2937 4338 3057 4410 μηδ’
3088 4338 3222 4399 ὅλως
3252 4335 3495 4405 θνήσκει.

550 4621 596 4652 ⁹⁰
630 4620 699 4674 ΠΙ
723 4618 845 4691 Reg.
880 4637 1011 4686 xvn,
1039 4623 1131 4679 22.
1206 4625 1253 4655 ’ί
1283 4622 1351 4678 ιν
1380 4625 1503 4697 Reg.
1541 4642 1616 4685 Iv,
1640 4628 1729 4682 35.
1809 4628 1855 4661 "
1879 4630 2040 4683 Joau.

2152 4676 2153 4679 η
2185 4626 2276 4681 44.
2353 4627 2400 4659 ⁸³
2432 4625 2559 4680 Gen.
2596 4642 2648 4690 v,
2678 4624 2770 4679 2L

478 4775 764 4860 9.55996“
801 4782 947 4860 velut
969 4784 1304 4860 _distin_ctiva
1356 4789 1683 4860 proprietas,
1714 4802 1820 4857 qua
1869 4790 2041 4857 possit
2072 4792 2116 4847 D
2145 4806 2265 4860 quae
2290 4800 2419 4845 sunt
2471 4790 2654 4845 minus
2709 4788 2985 4860 spiritales
3019 4806 3033 4841 :
3077 4784 3368 4860 qu_omodo_
3402 4783 3565 4839 etiam
3593 4780 3713 4860 _alii

478 4851 587 4930 diei
607 4858 666 4930 et
694 4853 936 4930 agnosci,
969 4854 1056 4907 hic
1078 4857 1222 4919 talis,
1257 4851 1474 4930 Petrus;
1494 4851 1696 4912 Paulus
1723 4851 2040 4930 z'ipsejdem

477 4921 572 4989 qui
605 4920 779 5000 fuerat
813 4922 865 4974 in
897 4938 1094 5000 carne;
1127 4928 1398 5000 quomodo
1442 4926 1661 4981 fuerunt
1694 4920 1858 5000 agniti
1892 4928 2041 5000 Moy-

479 5005 568 5043 ses
593 5000 647 5044 et
681 4989 828 5070 Elias
851 5006 865 5041 :
888 4989 1446 5070 divesquedaazarum
1498 4989 1755 5067 agnovit:
1793 4989 2040 5070 Explicat

476 5076 596 5133 non
614 5062 799 5133 procul
823 5077 851 5114 a
882 5061 986 5117 ﬁne
1008 5061 1124 5133 ipse
1152 5064 1480 5122 Methodius.

551 5130 662 5209 (δᾴ)
702 5131 835 5209 Gram
855 5130 1044 5209 palam‘
1066 5136 1156 5197 sit,
1186 5136 1416 5209 animas,
1442 5143 1546 5191 etc.
1567 5136 1822 5194 Crassius
1855 5138 2038 5209 loqui-

472 5205 566 5279 tur
601 5201 666 5254 de
689 5201 996 5279 animabus,
1030 5213 1286 5273 tanquam
1316 5207 1444 5259 velit
1493 5221 1649 5261 suum
1690 5210 1823 5263 illud
1862 5201 2036 5279 spini-

477 5271 584 5349 tale
610 5286 833 5348 corpus,
867 5273 920 5326 in
955 5288 1063 5349 quo
1108 5271 1512 5331 resurrecturas
1540 5280 1794 5349 volebant
1842 5271 2035 5349 OEige-

474 5343 645 5403 niani,
678 5357 956 5415 nunquam
995 5343 1297 5415 deponere;
1327 5362 1501 5415 coque
1552 5347 1795 5402 ﬁctitiam
1823 5343 2032 5405 esse'in

473 5424 541 5484 eo
571 5414 1045 5484 resurrectionem.
1066 5414 1154 5470 vel
1180 5415 1290 5484 jam
1317 5414 1439 5471 esse
1482 5416 1676 5471 factam
1701 5435 1716 5482 ;
1749 5427 1808 5471 ut
1836 5420 1871 5472 ii
1903 5420 2032 5473 olim

474 5477 742 5552 docebant
766 5498 901 5550 quos
934 5480 1136 5540 Paulus
1166 5477 1389 5540 tradidit
1419 5486 1636 5541 Satanze
1671 5477 1711 5541 ll
1741 5488 1879 5543 Tim.
1911 5506 1950 5552 ι,
1977 5506 2028 5544 v.

474 5548 562 5610 15,
603 5561 658 5625 ut
680 5548 898 5607 doceret
922 5568 1025 5625 non
1054 5556 1447 5625 blasphemarc.
1475 5555 1705 5612 Possent
1757 5548 2031 5612 nihilomi-

474 5633 579 5698 nus
611 5620 722 5698 haec
742 5623 936 5698 exponi
969 5631 1025 5676 ut
1055 5626 1120 5698 ad
1153 5620 1424 5679 hominem
1453 5628 1624 5693 dicta;
1661 5628 1765 5681 nisi
1796 5644 2030 5698 sequen-

473 5691 547 5740 tia
589 5691 871 5744 obstarent
901 5692 1184 5768 in_quibus
1216 5707 1297 5749 est
1339 5691 1653 5768 expressiOr
1679 5716 1691 5751 :
1722 5691 2035 5768 quanquam

470 5771 580 5812 non
607 5776 858 5838 magnum
888 5764 1172 5838 viden-thr,
1192 5773 1249 5816 ut
1276 5767 1368 5838 qui
1410 5764 1615 5838 angelis
1656 5764 2040 5838 mittereac-or-

473 5843 601 5899 pora
623 5838 676 5883 ct
705 5830 968 5898 spiritalia
998 5832 1219 5903 alliugit,
1274 5830 1434 5888 etiam
1479 5830 1764 5893 animabus
1796 5837 2031 5908 allingat,

2143 4853 2349 4931 plures,
2386 4863 2529 4929 iique
2569 4853 2827 4929 perquam
2860 4859 3021 4913 alicui
3066 4853 3404 4931 a'damnatis
3431 4853 3716 4931 erroribus

2142 4924 2390 5001 Origenis
2416 4924 2471 4985 In
2504 4924 2731 4983 materia
2784 4930 3111 5001 animarum,
3156 4927 3408 5001 videntur
3449 4924 3709 5001 sensisse.

2141 4994 2279 5054 Num
2308 5003 2379 5056 sit
2409 5002 2568 5054 modo
2600 5016 2754 5053 error
2786 5000 2837 5052 in
2864 4998 2986 5059 ﬁde,
3013 5000 3115 5052 ista
3140 4999 3254 5052 sive
3275 4997 3341 5051 de
3365 4995 3571 5063 angelis
3598 4994 3714 5048 sive

2140 5072 2209 5126 de
2276 5071 2530 5126 humanis
2581 5070 2866 5123 animabus
2931 5070 3241 5131 sententia,
3301 5072 3714 5119 controvertunt

2139 5143 2373 5211 theologi
2389 5158 2416 5214 _t
2448 5157 2500 5209 p.
2527 5157 2579 5210 q.
2614 5139 3003 5214 50:7Mitior_em
3051 5153 3151 5208 ego
3178 5147 3232 5192 et.
3265 5136 3711 5214 negantem'eum

2144 5205 2351 5266 nostris
2377 5205 2644 5271 Ca'rariza,
2680 5210 2853 5273 Sixto,
2893 5205 3175 5277 Cajctano,
3205 5205 3380 5277 exque
3424 5206 3547 5259 aliis
3599 5205 3711 5259 Me-

2141 5284 2301 5344 ratio,
2332 5289 2464 5342 etc.,
2491 5282 2828 5350 amplexatus
2856 5279 3073 5341 luerim,
3108 5279 3257 5332 nullo
3286 5279 3463 5331 adhuc
3513 5290 3711 5350 occur-

2141 5361 2314 5413 rente,
2343 5352 2432 5403 ubi
2453 5353 2498 5405 is
2528 5348 2662 5404 satis
2690 5353 2761 5405 sit
2781 5366 3097 5419 expressus.
3153 5350 3238 5402 vel
3292 5364 3359 5401 ex
3409 5348 3711 5419 intentione

2140 5421 2429 5475 damnatus
2480 5436 2634 5475 error
2680 5438 2692 5472 :
2742 5417 2996 5475 Pati-ibus
3054 5418 3547 5479 Lateranensibus,
3601 5417 3708 5470 alio

2177 5492 2315 5551 lane,
2353 5498 2407 5545 et
2429 5491 2495 5544 ad
2524 5490 2917 5560 praedamnatas
2933 5489 3182 5557 Origcuis
3215 5491 3469 5549 hwrcses,
3502 5502 3610 5560 non
3637 5487 3707 5540 ad

2136 5506 2315 5613 Plane,
2353 5506 2407 5545 et
2429 5506 2495 5544 au
2524 5506 2917 5560 praeuamnatas
2933 5506 3182 5557 urtgcuis
3215 5506 3469 5549 uzereses,
3502 5506 3610 5541 non
3637 5506 3707 5540 au

2158 5561 2356 5615 ’atrum
2383 5562 2666 5630 opiniones
2700 5560 2963 5614 hactenus
3011 5560 3357 5630 obtinenzes,
3412 5558 3710 5625 respicien-

2136 5632 2284 5686 tibus
2319 5649 2332 5684 :
2365 5628 2470 5699 qua
2490 5633 2557 5685 de
2580 5649 2635 5684 re
2664 5631 2925 5686 videndus
2957 5630 3022 5683 ad
3050 5629 3273 5697 primam
3296 5628 3369 5682 De
3390 5638 3551 5682 creat.
3582 5644 3708 5683 vere

2138 5704 2364 5770 angelus
2401 5702 2568 5769 pacis,
2592 5700 2898 5770 Praaceptor
2920 5700 3233 5770 Angelicus.

2208 5768 2321 5839 (‘82))
2366 5768 2460 5836 Ὠς
2487 5768 2852 5840 παρετγυᾷς.
2889 5768 3027 5832 Al,
3063 5768 3251 5840 ὥσπερ
3287 5769 3505 5838 ὲγγυᾷς.

2209 5842 2320 5911 (86)
2348 5839 2780 5909 Συμπαρέσται.
2817 5839 2975 5899 Forte
3013 5839 3368 5911 συμπάρεστι.
