4150 6420
350 285 443 340 Sil

1442 284 1531 339 EX
1574 286 1779 342 Ι.ιῦΒο
1824 284 1911 339 DE
1948 283 2548 342 RES‘CRRECTIONE.
3509 292 3615 347 5‘29.

352 404 670 476 τελευτήσας
706 406 827 476 μὲν.
865 405 1102 471 ἀναστὰς
1132 406 1187 460 δὲ
1226 405 1326 478 ἤδη
1362 408 1427 461 ἐκ
1457 408 1666 480 νεκρῶν
1690 409 1919 463 οὐδέπω.

2025 422 2157 479 ergo
2189 406 2301 478 (88)
2335 406 2589 478 apparuit
2616 421 2742 461 eum
2770 421 3024 479 corpore,
3083 416 3311 478 eratque
3332 420 3613 480 mortuus;

353 497 455 553 Kal.
478 494 645 549 ταῦτα
676 496 761 549 ἵνα
790 497 853 568 δὴ
890 499 1340 569 συγχωρήσωμεν
1365 498 1443 569 τῷ
1483 499 1767 571 Ὠριγένει,
1806 499 1931 554 καθ’

353 588 503 643 ἑαυτὸ
536 587 596 641 τὺ
644 584 786 652 εἶδος
824 589 1035 657 λέγοντι
1086 588 1227 660 μετά
1259 590 1358 661 τὴν
1399 590 1656 662 τελευτὴν
1700 589 1933 656 ἀποζευ-

351 680 610 751 γνύμενον
653 680 761 734 ἀπὸ
793 681 887 735 τοῦ
925 681 1176 752 σώματος
1205 684 1269 753 τῇ
1318 681 1464 753 ψυχῇ
1494 682 1755 748 δίδοσθαι,
1793 684 1931 755 ὅπερ

350 774 489 828 ἐστὶν
519 773 775 828 ἁπάντων
806 773 1088 838 ἀδύνατον,
1117 773 1195 845 τῷ
1226 774 1667 847 προαπόλλυσθαι
1700 776 1761 830 τὸ
1792 772 1931 841 εἶδος

349 866 451 919 τῶν
500 864 722 937 σαρκῶν
776 867 835 919 ἐν
880 869 1003 929 ταῖς
1045 865 1386 929 ἀλλοιώσεσι,
1440 866 1690 939 καθάπερ
1723 868 1820 921 καὶ
1868 867 1931 921 τὸ

348 958 527 1029 σχῆμα
561 957 655 1010 τοῦ
691 958 1169 1031 συγχωνευομένου
1212 959 1529 1031 ἀνδριάντος
1560 959 1667 1031 πρὸ
1692 961 1792 1032 τῆς
1815 960 1930 1014 δια-

346 1049 545 1113 λύσεως
569 1048 663 1103 τοῦ
693 1050 835 1104 ὅλου.
877 1051 998 1103 Ὅτι
1038 1049 1113 1122 μὴ
1158 1050 1380 1104 δύναται
1426 1050 1757 1122 χωρίζεσθαι
1802 1050 1928 1105 καθ’

348 1143 638 1197 ὑπόστασιν
670 1143 779 1197 ἀπὸ
819 1144 919 1214 τῆς
950 1142 1084 1214 ὕλης
1127 1146 1161 1216 ή
1195 1143 1452 1213 ποιότης·
1485 1143 1779 1214 χωρίζεται
1828 1144 1928 1215 μὲν

344 1234 447 1306 γὰρ
499 1235 608 1288 ἀπὸ
669 1233 762 1288 τοῦ
818 1235 1138 1307 ἀνδριάντος
1183 1234 1549 1307 χωνευθέντος
1598 1237 1631 1307 ἡ
1678 1236 1807 1308 περὶ
1848 1236 1928 1308 τῷ

342 1326 526 1399 χαλκῷ
579 1328 761 1400 μορφὴ
792 1322 1187 1399 ἀφανιζομένη,
1238 1328 1300 1381 οὑ
1355 1328 1463 1400 μὴν
1511 1327 1802 1398 ὑφεστῶσα
1846 1327 1927 1383 ἔτι

342 1423 459 1476 κατ’
492 1420 701 1475 οὑσίαν.

406 1512 507 1567 ΙΕ’.
562 1515 714 1568 Ἐπεὶ¹
744 1513 801 1569 δὲ
828 1513 1049 1582 λέγεται
1076 1514 1133 1567 ἐν
1153 1513 1232 1585 τῷ
1253 1513 1471 1585 θανάτῳ
1500 1514 1562 1567 τὸ
1595 1508 1735 1579 εἶδος
1759 1512 1927 1586 χωρί-

341 1605 528 1672 ζεσθαι
556 1606 667 1661 ἀπὸ
708 1606 811 1677 τῆς
848 1608 1085 1679 σαρκὸς,
1120 1605 1274 1678 φέρε,
1315 1607 1375 1660 τὸ
1409 1605 1774 1678 χωριζόμενον
1825 1623 1924 1659 πο-

340 1698 518 1770 σαχῶς
563 1699 780 1768 λέγεται
829 1698 1180 1771 χωρίζεσθαι,
1216 1698 1660 1770 ἐπισκεψώμεθα.
1691 1697 1922 1767 Λέγεται

2035 508 2090 554 at
2123 515 2230 555 non
2261 501 2409 556 velut
2434 500 2548 570 jam
2579 516 2644 556 ex
2680 502 2914 558 mortuis
2946 502 3361 558 resurrexisset.
3400 503 3466 557 Et
3498 505 3615 562 luce

2032 596 2093 642 ιιι
2114 588 2308 645 demus
2353 589 2558 660 aliquid
2608 588 2851 662 Origeni,
2902 591 2997 662 qui
3042 592 3216 662 ipsam
3260 608 3359 663 per
3407 611 3467 650 se
3502 595 3617 650 for-

2031 695 2200 745 mam,
2237 689 2362 751 post
2404 690 2635 739 mortem
2686 697 2718 738 a
2756 698 2989 755 corpore
3038 683 3370 754 seiunctam,
3420 688 3618 744 animae

2031 769 2188 825 reddi
2218 770 2374 838 dicit,
2405 771 2550 842 quod
2590 787 2704 843 prae
2742 772 3002 828 omnibus
3034 772 3219 829 minus
3251 774 3470 830 videtur
3489 792 3619 847 pos-

2030 864 2219 929 sibile;
2250 878 2316 920 eo
2337 862 2486 935 qttod
2527 863 2582 918 in
2632 864 3076 930 alterationibus,
3104 865 3259 935 prior
3302 865 3476 921 forma
3502 868 3618 940 (89)

2028 970 2195 1026 quam
2226 970 2427 1011 carnes
2459 964 2886 1027 corrumpatur;
2931 967 2993 1011 ut
3035 966 3090 1013 et
3140 958 3312 1029 ﬁgura
3345 960 3481 1018 fusae
3513 973 3621 1019 sta-

2029 1054 2138 1101 tuae
2166 1045 2326 1113 prius
2344 1061 2510 1119 quam
2557 1054 2733 1103 totum
2781 1048 3149 1105 dissolutione
3188 1052 3449 1111 intereat.
3491 1053 3613 1110 Non

2028 1137 2175 1192 enim
2202 1146 2382 1207 potest
2409 1138 2651 1208 qualitas
2682 1154 2713 1192 a
2745 1138 2976 1194 materia
3017 1141 3286 1209 separari,
3325 1143 3402 1197 ita
3429 1148 3490 1197 ut
3520 1159 3619 1214 per

2027 1244 2089 1285 se
2114 1228 2348 1283 exsistat
2378 1247 2391 1283 :
2417 1238 2706 1300 separatur
2728 1229 2953 1300 quidem
2988 1245 3017 1284 a
3046 1229 3167 1287 fusa
3194 1242 3375 1288 statua
3403 1251 3527 1305 qua:
3556 1236 3617 1292 in

2025 1334 2135 1375 tere
2178 1326 2285 1387 est,
2315 1319 2495 1375 deleta
2536 1318 2734 1388 forma,
2772 1320 2854 1377 sic
2902 1327 3089 1377 tamen
3146 1329 3206 1377 ut
3237 1339 3348 1380 non
3381 1329 3619 1399 amplius

2026 1413 2331 1468 secundum
2367 1412 2735 1467 substantiam
2767 1412 3057 1469 subsistat.

2098 1501 2215 1557 XV.
2248 1501 2387 1569 Quia
2402 1518 2535 1558 vero
2556 1502 2734 1557 forma
2753 1517 2783 1557 a
2800 1518 2967 1559 carne
2986 1504 3041 1559 in
3066 1514 3244 1564 morte
3265 1512 3512 1580 separari
3541 1512 3621 1567 di—

2025 1597 2172 1652 citur
2184 1615 2206 1673 ;
2240 1612 2373 1670 age,
2409 1605 2547 1668 quot
2595 1596 2773 1653 modis
2828 1614 3000 1653 unum
3033 1601 3103 1655 ab
3152 1603 3326 1659 altero
3372 1606 3614 1676 separari

2025 1691 2266 1755 dicatur,
2297 1690 2606 1746 videamus.
2649 1690 2861 1747 Dicitur
2882 1708 3013 1765 ergo
3034 1709 3205 1748 unum
3232 1696 3299 1750 ab
3321 1697 3429 1751 alio
3458 1713 3587 1767 sepa
3603 1728 3617 1738 -

337 1790 516 1842 τοίνυν
544 1787 875 1861 χωρίζεσθαι
907 1806 961 1841 τι
994 1788 1103 1842 ἀπό
1135 1806 1281 1854 τινος
1315 1788 1349 1859 ἢ
1384 1788 1639 1861 ἐνεργείᾳ
1670 1788 1765 1843 καὶ
1798 1789 1920 1842 ὑπο-

2030 1781 2179 1850 rari,
2204 1782 2292 1838 vel
2333 1791 2463 1838 actu
2492 1791 2547 1838 et
2580 1782 2962 1848 subsistentia,
2997 1785 3083 1840 vel
3111 1788 3442 1857 cogitatione
3481 1808 3494 1844 :
3531 1789 3617 1844 vel

338 1880 601 1952 στάσει.ἣ
628 1881 859 1952 ἐπινοίᾳ*
893 1880 927 1952 ἦ
957 1880 1231 1952 ἐνεργείᾳ,
1260 1880 1322 1933 οὑ
1353 1878 1459 1952 μὴν
1483 1880 1578 1934 καὶ
1600 1879 1915 1934 ὑποστάσει.

345 1973 431 2037 Ὣς
459 1975 511 2026 εί
540 1972 747 2043 πυρούς
789 1990 873 2036 τις
917 1971 1014 2026 καὶ
1055 1971 1254 2045 κριθὰς
1297 1973 1612 2044 μεμιγμένα
1637 1972 1920 2043 χωρίσειεν

334 2066 425 2121 ἀπ’
462 2066 750 2138 ἀλλήλων⁹
872 2066 971 2138 μὲν
1013 2064 1125 2138 γὰρ
1170 2065 1313 2119 κατά
1356 2065 1573 2136 κίνησιν
1605 2066 1918 2137 χωρίζεται,

336 2155 591 2226 ἐνέργεια
613 2156 852 2225 λέγεται·
973 2155 1030 2209 δὲ
1065 2155 1404 2227 χωρισθέντα
1436 2156 1763 2228 ὑφέστηκεν,
1790 2157 1920 2211 ὑπο-

335 2248 522 2302 στάσει
552 2249 770 2317 λέγεται
809 2249 1165 2321 κεχωρίσθαι.
1227 2248 1472 2321 Ἐπινοίᾳ
1516 2249 1595 2313 δὲ,
1645 2250 1776 2304 ὅταν
1821 2251 1920 2322 τὴν

334 2338 464 2412 ὓλην
500 2340 611 2395 ἀπὸ
648 2340 757 2395 τῶν
798 2342 1100 2412 ποιοτήτων
1132 2340 1476 2413 χωρίζωμεν,
1512 2340 1609 2395 καὶ
1639 2339 1740 2405 τάς
1771 2341 1919 2395 ποιό-

331 2449 503 2506 τητας
541 2433 649 2489 ἀπὸ
678 2433 779 2504 τῆς
809 2431 962 2497 ὕλης,
991 2433 1243 2504 ἐνεργείᾳ
1280 2433 1358 2498 δὲ,
1407 2433 1468 2487 οὑ
1507 2433 1615 2504 μὴν
1648 2433 1744 2488 καὶ
1783 2434 1919 2488 ὑπο-

334 2525 545 2588 στάσει,
575 2524 703 2577 ὅταν
734 2521 1002 2595 χωρισθὲν
1023 2537 1077 2574 τι
1104 2521 1214 2575 ἀπό
1244 2537 1393 2585 τινος
1425 2520 1625 2593 μηκέτι
1659 2521 1917 2593 ὑπάρχοι,

333 2616 632 2671 ὑπόστασιν
668 2614 857 2679 οὐσίας
886 2615 988 2668 οὑκ
1028 2613 1188 2685 ἔχων.
1226 2613 1388 2684 Γνοίη
1418 2612 1463 2667 δ’
1501 2614 1570 2668 ἄν
1602 2631 1690 2677 τις
1722 2614 1819 2668 καὶ¹
1859 2614 1919 2668 ἐν

330 2712 440 2773 τοῖς
470 2709 926 2780 χειροτεχνήμασι
957 2705 1032 2770 ὡς
1061 2705 1197 2777 ἔχει,
1233 2705 1530 2779 ἀνδριάντα
1566 2703 1711 2770 ἰδὼν,
1745 2705 1780 2778 ἢ
1831 2706 1921 2760 ἶπ-

330 2816 431 2856 πον
477 2798 736 2871 χαλκοῦν.
772 2797 957 2853 Ταῦτα
1001 2798 1112 2870 γὰρ
1159 2797 1531 2870 λογιζόμενος,
1579 2798 1771 2869 ὄψεται
1819 2798 1919 2871 τὴν

330 2891 571 2963 ἔμφυτον
623 2890 838 2963 μορφὴν
881 2888 1299 2944 διαλλάττοντα·
1344 2892 1425 2954 είς
1457 2890 1512 2944 δὲ
1557 2890 1752 2962 ἑτέραν
1797 2890 1919 2962 ὄψιν

332 2982 705 3054 μεθιστάμενα
738 2983 829 3053 ὑφ’
852 2975 922 3053 ἦς
951 2980 1061 3053 (87)
1093 2981 1155 3035 τὸ
1183 2982 1582 3055 ξυγγενόμενον
1609 2978 1747 3047 εἶδος
1772 2984 1918 3053 ἀφα-

328 3074 557 3139 νίζεται.
589 3075 653 3127 Εί
700 3074 811 3144 γάρ
848 3090 932 3138 τις
960 3072 1029 3127 τά
1056 3072 1195 3145 ἔργα
1226 3073 1296 3128 τά
1343 3076 1795 3147 σχηματιζόμενα
1837 3076 1918 3139 είς

327 3163 468 3229 εἶδος
501 3165 788 3239 ἀνθρώπου
835 3166 870 3238 ἢ
920 3166 1089 3219 ίππου
1141 3167 1417 3238 συντήκοι,
1463 3168 1690 3239 εὑρήσει
1718 3166 1781 3220 τὸ
1816 3166 1916 3238 μέν

326 3256 424 3312 τοῦ
459 3260 737 3331 σχήματος
765 3254 905 3323 εἶδος
926 3257 1345 3331 ἀφανιζόμενον,
1376 3260 1545 3332 αὐτὴν
1566 3259 1623 3314 δὲ
1653 3260 1753 3331 τὴν
1783 3259 1917 3330 ὓλην

332 3350 621 3421 μένουσαν.
660 3352 823 3404 Ὥστε
856 3350 1161 3405 ἀσύστατον
1196 3350 1257 3403 τὸ
1286 3350 1470 3420 λέγειν
1517 3350 1579 3404 τὸ
1630 3350 1730 3423 μὲν
1775 3347 1916 3415 εἶδος

327 3441 651 3495 ἀνίστασθαι
685 3441 1090 3513 ἠμαυρωμένον
1117 3441 1301 3513 μηδὲν,
1335 3442 1399 3496 τὸ
1424 3442 1483 3496 δὲ
1513 3441 1672 3514 σῶμα
1694 3443 1751 3496 ἐν
1773 3435 1819 3510 ᾧ
1847 3437 1917 3515 ἦν

326 3531 391 3586 τὸ
419 3527 560 3596 εἶδος
588 3532 1053 3603 ἐντετυπωμένον,
1087 3532 1518 3606 διαφθείρεσθαι.

399 3713 518 3778 ις’.
568 3711 729 3767 Ἀλλά
757 3714 866 3778 ναὶ,
898 3714 1093 3784 φησίν·
1124 3715 1185 3768 ἐν
1227 3712 1584 3785 πνευματικῷ
1607 3714 1715 3786 γὰρ
1750 3731 1916 3786 μετα-

324 3805 614 3877 τεθήσεται
645 3806 877 3879 σώματι.
904 3807 1116 3861 Οὐκοῦν
1142 3809 1355 3880 ἀνάγκη
1385 3808 1445 3862 τὸ
1477 3809 1577 3880 μὲν
1600 3806 1740 3875 εἶδος
1771 3811 1916 3876 ἰδίως

323 3898 611 3967 ὁμολογεῖν
651 3899 784 3952 αὐτὸ
831 3900 892 3953 τὺ
926 3898 1141 3971 πρῶτον
1172 3902 1247 3974 μὴ
1286 3900 1633 3969 ἀνίστασθαι,
1680 3901 1759 3974 τῷ
1794 3920 1917 3956 συν-

320 3989 653 4061 ⁴ηλλοιῶςςθαι
696 3992 827 4046 αὑτὸ
867 3992 1168 4064 συμφθίνον
1212 3995 1278 4065 τῇ
1333 3994 1528 4065 σαρκί·
1569 3994 1672 4048 κᾶν
1714 3995 1825 4068 γάρ
1856 3997 1916 4049 ἐν

325 4081 682 4154 πνευματικῷ
717 4084 1067 4157 μεταπλασθῇ
1109 4083 1344 4157 σώματι,
1372 4085 1506 4139 αὑτὸ
1550 4087 1649 4158 μὲν
1680 4088 1826 4153 ἰδίως
1853 4088 1914 4142 τὸ

324 4171 543 4244 πρῶτον
585 4174 943 4246 ὑποκείμενον
977 4176 1153 4229 ἐκεῖνο
1199 4175 1301 4230 οὐκ
1348 4174 1523 4242 ἔσται,
1572 4177 1827 4249 ὁμοιότης
1853 4178 1913 4232 δέ

320 4279 409 4328 τις
438 4264 652 4318 ἐκείνου
685 4267 741 4319 ἐν
773 4266 1100 4339 λεπτομερεῖ
1138 4267 1638 4341 μεταπεπλασμένη
1678 4268 1907 4342 σώματι’

323 4356 372 4407 εί
398 4356 457 4409 δὲ
496 4356 632 4428 μήτε
664 4357 725 4410 τὸ
770 4353 910 4423 εἶδος
944 4359 1005 4412 τὸ
1033 4359 1188 4425 αὑτὸ,
1236 4361 1374 4432 μήτε
1406 4358 1469 4414 τὸ
1501 4359 1662 4430 σῶμα
1693 4361 1914 4415 ἀνίστα-

323 4465 435 4513 ται,
466 4449 585 4503 ἀλλ’
624 4450 811 4523 ἕτερον
841 4452 961 4506 ἀντὶ
993 4451 1087 4506 τοῦ
1116 4452 1405 4525 προτέρου.
1441 4452 1516 4506 Τὸ
1556 4454 1664 4527 γὰρ
1695 4454 1904 4526 ὅμοιον,
1938 4473 1990 4536 ι)

322 4538 513 4613 ἕτερον
539 4540 634 4594 τοῦ
667 4540 863 4596 ἑαυτοῦ
883 4542 1071 4614 ὁμοίου
1103 4543 1183 4609 ὃν,
1216 4544 1347 4598 αὐτὸ
1369 4546 1549 4598 ἐκεῖνο
1575 4543 1638 4597 τὸ
1665 4542 1910 4617 πρῶτον,

324 4630 462 4703 πρὸς
491 4631 520 4685 ὃ
549 4632 786 4699 ἐγένετο,
822 4629 962 4689 εἶναι
994 4635 1053 4689 οὐ
1085 4634 1330 4690 δύναται.

394 4849 508 4992 ξ87)
542 4852 824 4933 Μεθηὺςςΐ
851 4847 947 4923 ἧς.
984 4852 1095 4916 ΑΙ..
1152 4853 1567 4927 μεθιστάμενος,
1596 4856 1682 4927 ἐφ’
1703 4851 1795 4929 ἧς.

420 4920 514 4989 88)
540 4921 826 4988 Siquidem
864 4940 1007 4992 ergo.
1031 4923 1193 4978 Clara
1221 4928 1505 4981 conclusio
1553 4944 1567 4980 :
1601 4936 1662 4981 ut
1709 4929 1795 4983 sivt

420 4920 514 4989 88)
540 4921 600 4976 Si
620 4920 826 4988 quidem
864 4920 1007 4992 ergo.
1031 4920 1193 4978 Clara
1221 4920 1505 4981 conclusio
1528 4920 1567 4980 ﬂ:
1601 4920 1662 4981 ut
1709 4920 1826 4985 sive
1856 4928 1915 4984 in

326 5004 579 5067 corpore.
603 4993 720 5067 sive
742 4994 1082 5067 solaanima,
1113 4996 1427 5067 siveadhue
1461 5005 1766 5067 superstes,
1797 5000 1916 5055 sive

329 5062 608 5118 redivivus
639 5064 790 5118 visus
824 5065 896 5138 sit
937 5063 1105 5126 Elias,
1132 5066 1410 5138 nihllejus
1449 5062 1720 5138 apparitio
1766 5070 1916 5125 obsit

328 5141 563 5204 sperata:
592 5135 985 5189 resnrrectioni
1016 5136 1220 5191 carnis.
1258 5135 1537 5193 schottus'
1554 5138 1717 5193 aliter
1736 5139 1911 5204 effert,

327 5202 497 5291 velut,
515 5212 793 5291 mortuum
846 5206 1092 5291 ιιίιίιπιιιςιΔ
1113 5206 1423 5291 Μξιίιοάἰιιε
1458 5226 1471 5262 :
1500 5209 1662 5291 quod.
1688 5224 1755 5291 _re
1793 5202 1916 5291 ipsa

328 5286 435 5352 non
474 5272 642 5333 facit;
691 5275 786 5352 sed
832 5277 1099 5352 permittit
1162 5277 1384 5349 Origeni
1435 5272 1702 5352 quidquid
1738 5272 1912 5352 malit,

327 5345 973 5421 tziusque‘undequaque
1027 5345 1389 5421 inconsultum
1452 5345 1648 5421 dogma
1707 5351 1911 5417 arguit.

331 5409 685 5489 §peclatltuc
707 5409 978 5489 scholion,
1011 5419 1157 5487 quod
1185 5420 1348 5489 paulo
1373 5409 1733 5483 antefsecuti
1754 5409 1915 5476 notas

328 5481 646 5562 thnschelii,
673 5481 1069 5562 ascripsimus,
1093 5481 1407 5562 ascribente
1424 5561 1429 5562 ί
1446 5481 1552 5562 hic
1580 5493 1917 5562 papographo

332 5549 875 5631 Sirm_ttndi;_estque
903 5549 1253 5631 ejus'seusns
1292 5560 1510 5626 facilis,
1546 5549 1748 5631 siquis
1789 5549 1914 5615 cum

332 5622 453 5695 ipso
471 5621 815 5680 Methodiano
842 5621 1013 5689 textu,
1050 5638 1111 5684 ut
1142 5629 1246 5685 fuit
1277 5645 1308 5683 a
1329 5621 1507 5686 nobis
1522 5621 1794 5695 redditus,
1826 5632 1913 5685 vel

334 5698 393 5744 ut
419 5692 536 5764 ipse
559 5695 755 5764 liabet,
777 5698 1093 5753 contulerit.

406 5762 518 5835 (89)
550 5762 629 5820 Eo
673 5765 897 5837 quodin
924 5769 1327 5827 alterationibus
1377 5773 1525 5841 prior
1570 5771 1764 5842 forma,
1806 5783 1914 5828 etc.

2024 1881 2174 1938 actu,
2213 1889 2326 1929 non
2360 1874 2491 1931 item
2542 1874 2922 1930 subsistentia.
2957 1874 3029 1930 Ut
3058 1877 3104 1930 si
3128 1879 3253 1946 quis
3284 1879 3520 1933 triticum
3560 1886 3618 1935 et

2024 1963 2288 2020 hordeum
2313 1967 2480 2022 mista
2509 1965 2653 2021 inter
2680 1980 2760 2031 se,
2783 1975 3038 2021 secernat
3063 1985 3077 2022 :
3103 1978 3375 2039 quatenus
3395 1970 3614 2041 quidem

2022 2072 2121 2127 per
2146 2067 2353 2113 motum
2389 2067 2739 2131 separantur,
2764 2059 2970 2115 dicitur
2997 2062 3271 2132 separatio
3300 2074 3422 2117 actu
3451 2070 3616 2133 atque

2023 2162 2119 2214 re;
2154 2160 2428 2220 quatenus
2460 2166 2592 2206 vero
2622 2159 2879 2221 separata
2906 2154 3138 2207 seorsim
3168 2154 3498 2219 subsistunt,
3532 2156 3618 2211 di-

2022 2239 2169 2293 citur
2201 2243 2503 2311 separatio,
2536 2243 2916 2300 subsistentia.
2967 2244 3313 2316 Cogitatione
3341 2256 3520 2301 autem
3558 2255 3615 2302 et

2021 2333 2254 2398 ratione,
2273 2333 2424 2388 velut
2451 2335 2495 2389 si
2530 2336 2810 2390 materiam
2832 2351 2863 2389 a
2885 2336 3245 2407 qualitatibus
3271 2353 3610 2408 separemus,

2022 2437 2089 2479 ac
2117 2424 2411 2494 qualitates
2441 2441 2472 2480 a
2496 2427 2748 2485 materia.
2783 2427 2924 2483 Actu
2956 2427 3194 2499 denique
3217 2471 3231 2495 ,
3262 2435 3317 2482 at
3347 2444 3454 2483 non
3484 2430 3617 2484 sub-

2020 2515 2270 2574 sistentia
2292 2554 2309 2581 ,
2342 2532 2467 2572 cum
2502 2524 2818 2587 separatum
2858 2517 3063 2588 aliquid
3097 2519 3165 2573 ab
3190 2518 3299 2572 alio
3319 2558 3333 2581 ,
3361 2534 3470 2573 non
3500 2533 3615 2572 am-

2022 2608 2166 2680 plius
2194 2607 2389 2673 fuerit,
2431 2625 2541 2664 non
2582 2611 2788 2668 habens
2820 2626 2931 2682 quo
2974 2609 3265 2666 subsistat.
3303 2608 3527 2664 Noverit
3553 2617 3613 2664 ut

2020 2700 2135 2756 haec
2165 2699 2404 2756 habeant
2433 2703 2599 2756 etiam
2632 2703 2684 2756 in
2718 2703 3077 2766 meebanicis,
3127 2703 3172 2757 si
3212 2702 3336 2773 quis
3374 2709 3613 2757 statuam

2019 2806 2296 2863 equumve
2339 2807 2451 2848 aere
2500 2798 2684 2848 fusum
2728 2793 2980 2863 aSpiciat.
3014 2790 3231 2846 Videbit
3254 2792 3436 2858 enim,
3481 2793 3612 2847 dum

2020 2880 2272 2936 advertat
2318 2884 2588 2948 animum,
2626 2888 2688 2954 ut
2736 2880 3031 2937 immutent
3059 2880 3290 2937 formam
3327 2881 3611 2947 innatum,

2020 2979 2185 3043 atque
2239 2973 2298 3029 in
2350 2973 2580 3046 ﬁguram
2611 2973 2772 3028 aliam
2804 2989 2835 3029 a
2863 2988 2972 3045 qua
2995 2973 3243 3029 deleatur
3271 2974 3448 3031 forma
3476 2990 3612 3031 con-

2021 3065 2204 3135 genita
2230 3105 2245 3128 ,
2274 3064 2638 3123 transferant.
2675 3064 2812 3121 Nam
2855 3065 2901 3121 si
2934 3066 3059 3136 quis
3087 3067 3245 3138 signa
3280 3067 3335 3122 in
3372 3068 3613 3125 hominis

2020 3164 2116 3212 aut
2143 3158 2271 3229 equi
2295 3158 2526 3231 ﬁguram
2543 3157 2778 3230 effigiata
2802 3156 3140 3223 eonﬂaverit,
3182 3157 3372 3215 formae
3393 3161 3611 3231 quidem

2020 3247 2249 3320 figuram
2269 3251 2624 3315 exstinctam,
2654 3250 2943 3306 materiam
2991 3267 3123 3307 vero
3153 3254 3501 3322 superstitem
3527 3255 3615 3308 in-

2018 3351 2284 3396 venturus
2305 3350 2411 3398 est.
2444 3342 2636 3412 Itaque
2657 3341 2958 3397 absurdum
2990 3349 3108 3410 est,
3141 3351 3196 3397 ut
3225 3344 3351 3413 quis
3376 3343 3637 3416 formam_
3664 3372 3667 3383 ι

2018 3447 2141 3503 quae
2168 3432 2306 3488 nihil
2345 3432 2452 3488 fuit
2482 3433 2757 3490 exstincta
2799 3443 3233 3488 resurrecturam
3269 3432 3450 3498 dicat,
3487 3447 3614 3488 eor-

2018 3540 2232 3597 pusque
2288 3525 2380 3580 cui
2449 3525 2544 3581 illa
2604 3524 2710 3580 fuit
2765 3524 3067 3594 impressa,
3154 3535 3472 3597 corruptum
3544 3526 3612 3581 iri

2019 3618 2338 3675 contendat.

2089 3711 2133 3765 Χ
2148 3710 2232 3767 Vl.
2252 3709 2486 3767 Maxime
2504 3710 2805 3776 enimvero,
2836 3712 3041 3783 inquit;
3079 3710 3441 3767 transferetur
3463 3711 3609 3767 enim

2018 3807 2074 3861 in
2097 3819 2300 3875 corpus
2320 3802 2586 3875 spiritale.
2618 3804 2759 3876 Ergo
2790 3804 2947 3862 fateri
2983 3822 3209 3862 necesse
3234 3814 3338 3871 est,
3360 3805 3610 3861 eamdem

2016 3899 2237 3969 proprie
2266 3897 2497 3951 formam
2517 3896 2751 3967 primam
2769 3912 2880 3952 non
2907 3912 3218 3970 resurgere,
3238 3913 3305 3953 eo
3321 3897 3467 3968 quod
3491 3914 3613 3953 mu-

2017 3986 2139 4042 tata
2170 3987 2243 4044 sit
2269 3996 2324 4044 et
2362 3997 2620 4058 corrupta
2637 4014 2657 4052 η,
2690 4003 2799 4043 una
2832 4004 2957 4044 eum
3000 4004 3185 4046 carne.
3233 3988 3347 4045 Etsi
3372 3990 3518 4045 enim
3551 3989 3611 4045 in

2016 4079 2265 4150 spiritale
2312 4094 2515 4150 corpus
2557 4081 2826 4136 translata
2868 4082 2974 4147 sit,
3020 4084 3140 4153 ipsa
3187 4091 3369 4140 tamen
3417 4085 3611 4141 eadem

2014 4187 2125 4227 non
2165 4170 2272 4227 erit
2315 4172 2553 4242 primum
2586 4174 2805 4244 proprie
2833 4175 3181 4244 subjectum,
3220 4175 3314 4231 sed
3351 4177 3599 4246 quaedam

2015 4262 2166 4318 illius
2193 4264 2249 4317 in
2286 4262 2477 4318 subtili
2508 4278 2741 4334 corpore
2771 4266 3163 4322 transformata
3185 4268 3507 4324 similitudo.
3545 4268 3607 4323 Si

2014 4364 2195 4411 autem
2214 4369 2323 4410 non
2339 4355 2529 4411 eadem
2561 4354 2737 4411 forma
2764 4373 2905 4434 ;nec
2937 4358 3080 4415 idem
3111 4375 3315 4431 corpus
3346 4359 3604 4431 resurgit,

2018 4446 2114 4505 sed
2145 4447 2295 4502 aliud
2329 4461 2432 4517 pro
2460 4447 2589 4503 alio.
2615 4447 2752 4503 Nam
2800 4449 3008 4517 simile,
3052 4466 3179 4506 cum
3229 4454 3301 4508 sit
3343 4454 3489 4508 aliud
3536 4455 3608 4509 ab

2017 4555 2084 4596 eo
2098 4538 2214 4613 (90)
2245 4538 2391 4611 quod
2420 4539 2524 4611 ipsi
2562 4539 2740 4597 simile
2766 4549 2874 4607 est,
2893 4541 3027 4597 illud
3057 4543 3234 4614 ipsum
3255 4545 3511 4616 primum,
3535 4545 3606 4601 ad

2015 4631 2163 4704 quod
2184 4631 2288 4688 fuit
2320 4631 2524 4688 factum
2552 4640 2610 4689 et
2633 4634 2780 4705 quod
2813 4635 3079 4704 imitatur,
3103 4652 3227 4693 esse
3261 4653 3372 4692 non
3402 4645 3604 4710 potest.

2015 4857 2108 4931 Τῷ
2152 4858 2599 4931 προαπόλλυσθαι
2642 4860 2707 4915 τὸ
2750 4856 2889 4923 εἶδος
2932 4858 3063 4931 τῶν,
3096 4859 3336 4928 σαρκῶν,
3385 4860 3506 4931 νει,Δ
3544 4867 3605 4914 ιιι

2018 4927 2546 5001 δίεσιζησαριεικῶν,
2581 4934 2770 4985 eodem
2811 4945 2997 4986 sensu.
3041 4927 3234 5000 Arguit
3262 4939 3451 4986 contra
3485 4929 3601 4984 for-

2015 5015 2162 5053 mam
2192 4998 2340 5053 illam
2363 4998 2775 5069 Origenianam,
2812 5009 2870 5055 ut
2899 5016 3008 5055 non
3034 4998 3208 5070 possit
3241 5000 3332 5055 illa
3384 5000 3603 5056 restitui

2017 5070 2250 5141 animae,
2283 5084 2451 5124 carne
2501 5078 2803 5141 perempta,
2858 5086 2984 5125 cum
3038 5081 3225 5141 pereat
3278 5072 3395 5141 ipsa
3454 5071 3607 5140 prior

2017 5155 2206 5211 carne,
2241 5140 2295 5193 in
2323 5155 2431 5211 qua
2463 5142 2611 5211 velut
2640 5140 2998 5211 subsistebat,
3029 5140 3096 5211 eo
3117 5140 3402 5211 modoquo
3427 5142 3601 5211 figura

2014 5219 2072 5266 et
2104 5210 2277 5264 forma
2301 5210 2427 5279 equi
2460 5210 2515 5263 in
2539 5226 2666 5267 aere.
2705 5210 2843 5266 Male
2874 5226 3005 5273 ergo
3040 5210 3319 5265 Schottus'
3352 5228 3411 5265 eo
3462 5210 3602 5281 quod

2018 5281 2195 5353 forma
2225 5282 2425 5343 carnis,
2458 5288 2590 5353 elc.,
2612 5281 2883 5353 pluraque
2908 5283 3013 5335 alia
3039 5282 3275 5352 quisque
3310 5297 3604 5353 perspexe-

2016 5351 2090 5405 rit
2116 5352 2298 5406 minus
2326 5358 2452 5421 apte
2486 5352 2567 5406 vel
2602 5351 2833 5407 fideliter
2863 5354 3096 5406 reddita.

2088 5421 2201 5491 (90)
2229 5420 2448 5476 Cum’sit
2475 5422 2624 5491 aliud
2653 5420 2718 5474 ab
2747 5431 2955 5491 eo,detc.
2995 5420 3086 5475 Sic
3112 5421 3272 5491 plane
3288 5421 3600 5491 legendum,

2020 5489 2206 5563 ἕτερον
2258 5491 2354 5544 τοῦ
2383 5490 2563 5563 ἑαυιῷ
2595 5491 2782 5563 όμοίου
2818 5489 2897 5555 ὃν,
2918 5489 3128 5563 suadet
3156 5492 3272 5560 ipse
3312 5489 3602 5548 contextus

2017 5574 2071 5617 et
2119 5562 2353 5617 inducta
2409 5562 2696 5630 probatio;
2729 5577 2850 5631 quae
2880 5562 3039 5614 aliter
3088 5570 3376 5631 concepta,
3418 5564 3599 5687 incrta

2018 5640 2123 5686 est.
2149 5631 2303 5686 Valet
2325 5647 2456 5687 vero
2484 5633 2790 5687 in.creatis.
2822 5632 2914 5686 ubi
2959 5632 3106 5684 nulla
3165 5631 3361 5687 forma.
3416 5650 3503 5687 mn
3529 5634 3599 5687 tis

3529 5634 3601 5690 tis

1998 5630 2123 5686 'est.
2149 5631 2303 5686 Valet
2325 5647 2456 5687 vero
2484 5630 2790 5696 in.creatis,
2822 5632 2914 5686 ubi
2959 5632 3106 5684 nulla
3165 5630 3361 5695 forma,
3416 5650 3503 5687 mn

2021 5718 2082 5756 re
2135 5718 2264 5758 vera
2296 5711 2352 5758 et
2372 5695 2663 5758 'individue
2695 5702 3005 5757 communis
3037 5709 3141 5757 est.
3173 5704 3228 5756 In
3282 5703 3482 5757 divinis
3513 5714 3597 5759 est

2024 5774 2216 5830 saltem
2247 5773 2384 5829 alter
2405 5773 2561 5829 alteri
2583 5773 2798 5841 similis,
2829 5788 3002 5842 eoque
3032 5773 3325 5843 singularis
3350 5776 3594 5845 quaedam
