4110 6414
557 257 664 317 323

1535 268 1591 324 S.
1626 269 1957 328 METllODll
1998 272 2305 330 EPISCOPI
2346 275 2431 330 ET
2474 274 2832 331 MARTYBIS

3708 276 3815 336 524

619 377 781 435 XVII.
818 379 907 435 Ait
952 377 1094 447 εἶδος
1130 391 1184 439 et
1216 385 1450 441 formam
1491 404 1638 456 esse,
1672 392 1820 461 quod
1849 395 2114 449 membro-

2308 395 2404 450 IZ'.
2448 398 2564 451 Ὀτι
2597 394 2735 465 εἶδός
2780 416 2943 471 φησιν
2972 395 3110 453 εἶναι
3138 400 3199 452 τὸ
3226 400 3325 471 τὴν
3365 398 3668 471 ταυτότητά
3705 400 3813 452 τῶν

554 483 678 525 rum
708 472 1067 540 identitatem,
1104 475 1158 530 in
1184 478 1354 546 tigura
1381 479 1566 536 formae
1588 484 1861 556 propriisq
1874 502 1936 540 ue
1955 487 2139 541 unius-

553 563 1185 632 cujusquedistinctivis,
1201 570 1439 626 exhibet.

627 654 809 709 XVIII.
847 656 1165 729 Exponente
1184 659 1424 731 Origene
1447 679 1612 718 sensu
1645 665 1961 735 allegorico,
1991 669 2136 738 quod

551 748 621 800 ab
650 747 931 806 Ezechiele
960 752 1222 821 propheta
1248 754 1452 808 dictum
1476 756 1595 821 fuit,
1616 756 1684 812 de
1701 760 2132 826 resurrectione,

549 848 714 909 atque
741 841 808 895 ad
854 841 1222 898 Israelitarum
1255 862 1285 900 e
1318 846 1647 918 Babylonica
1706 851 2018 921 captivitate
2046 868 2135 908 re-

547 930 722 985 ditum
756 931 1133 1003 detorquente,
1159 946 1280 1005 post
1320 938 1511 1001 multa,
1546 954 1670 993 eum
1710 955 1945 1012 arguens
1997 942 2137 998 San-

548 1030 694 1084 ctus,
730 1025 832 1077 hoc
862 1025 1052 1094 adjicit
1080 1045 1093 1080 :
1128 1026 1205 1082 Ac
1229 1043 1404 1098 neque
1438 1029 1540 1099 ipsi
1563 1028 1737 1086 Judaei
1768 1034 1985 1102 plenam
2019 1035 2137 1090 sin-

551 1128 844 1185 ceramque
897 1116 1199 1172 libertatem
1260 1122 1496 1175 assecuti
1551 1130 1711 1186 sunt,
1742 1139 1920 1195 neque
1942 1127 2134 1195 majori

549 1213 821 1275 potestate
853 1208 1083 1266 devictis
1122 1211 1395 1277 hostibus,
1425 1212 1857 1288 Hierosolymam
1884 1218 2133 1273 incolue-

548 1306 708 1353 runt:
730 1314 793 1353 ac
813 1315 936 1353 cum
960 1302 1160 1371 saepius
1187 1306 1512 1361 statuissent
1545 1308 1808 1378 templum
1837 1307 2129 1373 aediﬁcare,

549 1398 619 1452 ab
644 1399 767 1453 aliis
802 1402 1057 1470 gentibus
1102 1404 1360 1473 prohibiti
1390 1416 1537 1461 sunt.
1574 1405 1726 1463 Unde
1746 1407 1911 1463 etiam
1945 1409 2035 1463 vix
2066 1409 2133 1463 il-

548 1490 640 1544 lud
666 1491 808 1545 intra
837 1508 1011 1549 annos
1039 1511 1162 1550 xcvi
1188 1496 1563 1563 absolverunt,
1587 1515 1710 1554 cum
1737 1499 2000 1555 Salomon
2035 1516 2133 1555 an-

546 1584 634 1638 nis
651 1594 857 1654 septem
878 1602 909 1639 a
929 1586 1298 1645 fundamentis
1314 1593 1611 1647 excitatum
1635 1595 1973 1663 perfecisset.
1989 1592 2130 1659 Quid

545 1690 677 1729 vero
710 1692 936 1734 necesse
982 1679 1055 1735 sit
1106 1681 1263 1752 plura
1313 1682 1656 1745 dicere,cum
1696 1698 1725 1738 a
1766 1682 2130 1739 Nabuchodoo

2241 489 2418 559 μελῶν
2464 491 2520 541 ἐν
2556 490 2635 561 τῷ
2672 491 2977 562 χαρακτῆρι
3027 490 3128 561 τῆς
3179 490 3394 563 μορφῆς
3435 492 3663 545 ἑκάστου
3717 493 3817 561 ἐμ-

2240 584 2447 650 φαῖνον.

2308 674 2415 725 lll'.
2467 673 2608 738 Ὅτι,
2655 672 2716 726 τὸ
2744 673 2896 743 παρά
2925 672 3020 726 τοῦ
3073 673 3350 743 προφήτου
3392 670 3648 742 Ἰεζεκιὴλ
3686 670 3815 742 περὶ

2236 762 2335 831 τῆς
2378 764 2724 827 ἀναστάσεως
2768 762 2874 816 τῶν
2913 763 3123 833 νεκρῶν
3159 762 3320 834 ῥητὸν
3363 763 3669 834 εἰρημένον,
3719 760 3812 813 τοῦ

2250 854 2555 926 Ὧριγένους
2591 854 3035 926 ἀλληγοροῦντος,
3081 855 3174 909 καὶ
3220 856 3301 919 εἰς
3334 856 3432 924 τὴν
3460 854 3568 907 τῶν
3597 855 3676 917 εἰς
3711 853 3816 905 Βα-

2235 946 2449 1000 ϐυλῶνα
2481 945 3023 1017 αἰχμαλωτισθέντων
3065 945 3412 1019 Ἰσραηλιτῶν
3439 945 3695 998 ἐπάνοδον
3723 944 3817 997 ἐκμ-

2236 1035 2555 1108 6ιαζομένου
2576 1038 2846 1109 εἰρῆσθαι,
2875 1036 3169 1107 ἐξελέγχων
3193 1037 3331 1108 μετὰ
3353 1035 3524 1089 πολλὰ
3546 1037 3573 1088 ὁ
3601 1035 3812 1103 Ἄγιος,

2234 1129 2328 1181 καὶ
2355 1129 2514 1183 τοῦτό
2549 1146 2731 1201 φησιν’
2775 1129 2911 1183 Οὐδὲ
2949 1120 3057 1201 γάρ
3084 1129 3205 1183 οὐδὲ
3236 1130 3388 1183 αὐτοὶ¹
3420 1127 3557 1200 πρὸς
3601 1125 3814 1180 ἐλευθε-

2237 1220 2358 1292 ρίαν
2387 1220 2695 1291 άνέσφηλαν
2728 1221 2996 1292 καθαράν,
3018 1220 3136 1274 οὐδὲ
3167 1219 3274 1273 τῶν
3296 1219 3504 1290 ἐχθρῶν
3537 1235 3815 1290 κατακρα-

2232 1313 2495 1382 Ιδήσαντες
2562 1312 3110 1384 ὲξουσιαστικὼτερον
3160 1312 3270 1382 (95)
3327 1310 3654 1382 κατῴκησαν
3710 1310 3814 1382 τὴν

2246 1404 2617 1476 Ἰερουσαλήμ.
2653 1405 2912 1476 Είργοντο
2943 1405 3071 1474 γοῦν
3097 1405 3202 1458 ὑπὸ
3237 1403 3344 1456 τῶν
3383 1402 3680 1456 ἀλλοεθνῶν
3702 1402 3811 1473 (94)

2232 1497 2490 1561 πολλάκις
2516 1496 2868 1568 οἰκοδομῆσαι
2895 1497 3218 1568 θελήσαντες
3250 1495 3449 1566 μᾶλλον
3476 1494 3610 1565 (95).
3647 1494 3813 1548 Ὅθεν

2233 1590 2326 1641 καὶ
2376 1590 2434 1642 ὲν
2482 1593 2577 1658 pg’
2614 1588 2775 1641 αὑτὸν
2823 1587 2919 1641 καὶ
2968 1586 3028 1651 ἒξ
3072 1586 3216 1639 ἔτεσι
3267 1585 3418 1655 μόλις
3467 1582 3812 1655 ἠδυνήθησαν

2231 1678 2542 1749 δείμασθαι,
2592 1676 2686 1732 τοῦ
2739 1676 3081 1748 Σολομῶντος
3127 1677 3185 1728 ὲν
3230 1677 3482 1729 ἑπταετεῖ
3529 1676 3704 1747 χρόνῳ
3746 1675 3813 1728 ὲκ

544 1781 745 1824 nosore
788 1777 843 1824 et
878 1774 1299 1830 successoribus
1335 1775 1455 1843 ejus
1502 1776 1556 1829 in
1590 1774 1868 1848 Babylone
1892 1792 2114 1846 regnan-

2231 1770 2495 1842 θεμελίων
2517 1771 2678 1824 αὐτὸν
2707 1768 3226 1841 συμπληρώσαντος.
3251 1770 3358 1821 Καὶ
3381 1767 3435 1821 τί
3468 1767 3573 1839 χρὴ
3594 1767 3810 1835 λέγειν;

541 1858 713 1924 tlbus,
738 1876 911 1931 usque
944 1864 1011 1918 ad
1033 1862 1322 1920 Persarum
1352 1867 1406 1921 in
1437 1866 1696 1937 Assyrios
1726 1868 2128 1937 expeditionem

541 1960 598 2007 et
647 1953 946 2009 Alexandri
991 1957 1284 2027 imperium
1324 1966 1378 2013 et
1428 1958 1630 2013 bellum
1683 1975 1807 2014 cum
1867 1959 2130 2015 Romanis

540 2047 920 2112 commissum,
952 2048 1132 2105 sexies
1165 2050 1234 2104 ab
1259 2051 1511 2107 hostibus
1535 2050 1910 2123 Hierosolyma
1943 2054 1995 2107 in
2031 2070 2129 2125 po-

542 2144 797 2193 testatem
829 2138 1051 2194 redacta
1075 2140 1535 2214 sintiNarratque
1560 2142 1850 2213 Josephus,
1883 2144 2075 2200 dicens
2109 2165 2123 2201 :

536 2227 740 2299 [Capta
754 2238 833 2283 est
865 2229 1259 2305 Hierosolyma]
1283 2251 1420 2289 anno
1439 2235 1664 2289 secundo
1698 2235 2006 2303 Vespasiani
2023 2240 2124 2291 im-

537 2322 822 2389 peretoris.
854 2319 1027 2391 Capta
1051 2332 1100 2377 et
1132 2333 1254 2378 ante
1287 2324 1402 2394 jam
1435 2327 1708 2397 quinquies
1730 2367 1744 2390 ,
1766 2336 1889 2381 tunc
1928 2329 2119 2383 iterum

540 2421 752 2466 vastata
802 2422 902 2467 est.
951 2413 1236 2470 Asochteus
1274 2417 1413 2471 enim
1442 2416 1665 2488 Αἶας]ρή
1697 2433 1816 2481 rex,
1861 2427 1911 2473 et
1962 2420 2121 2489 hujus

536 2519 808 2558 successor
844 2506 1165 2570 Antiochus;
1199 2506 1385 2561 deinde
1425 2507 1735 2579 Pompeius,
1783 2520 1831 2564 et
1876 2520 1992 2580 post
2023 2511 2119 2564 hos

536 2611 657 2648 eum
699 2594 909 2651 Herode
951 2595 1160 2659 Sosius,
1203 2609 1413 2668 captam
1463 2600 1644 2655 urbem
1680 2618 1949 2656 servavere
1978 2601 2118 2674 (9i).

534 2681 670 2738 Ante
699 2704 817 2743 vero
847 2706 940 2744 rex
963 2689 1376 2761 Babyloniorum
1401 2709 1464 2747 ea
1489 2695 1709 2763 potitus,
1736 2694 2026 2749 exciderat.

2231 1863 2339 1917 ἀπὸ
2367 1863 2476 1935 γὰρ
2503 1864 2567 1934 δὴ
2600 1862 3067 1934 Ναϐουχοδονόσορ
3105 1863 3199 1916 καὶ
3230 1860 3339 1915 τῶν
3368 1863 3482 1931 μετ’
3517 1860 3677 1915 αὐτὸν
3704 1861 3813 1915 Βα-

2231 1957 2467 2020 ϐυλῶνος
2511 1956 2945 2027 βασιλευσάντων
2988 1956 3115 2026 ἄχρι
3147 1955 3247 2023 τῆς
3292 1953 3514 2025 Περσων
3543 1952 3635 2005 ἐπὶ
3682 1954 3810 2017 τοὺς

2242 2049 2559 2120 Ἀσσυρίους
2601 2047 2850 2110 καθόδου,
2878 2047 2976 2117 τῆς
3013 2063 3073 2099 τε
3115 2044 3462 2115 Ἀλεξάνδρου
3492 2044 3808 2115 ἡγεμονίας,

2230 2142 2326 2196 καί
2352 2141 2444 2196 τοῦ
2489 2139 2776 2211 Ῥωμαίων
2808 2139 2902 2193 τοῦ
2942 2139 3081 2211 πρὸς
3112 2140 3238 2202 τοὺς
3281 2135 3568 2200 Ἰουδαίους
3603 2137 3809 2207 συρῤα-

2228 2236 2421 2305 γέντος
2468 2234 2731 2305 πολέμου,
2785 2233 2973 2300 ἑξάκις
3030 2231 3488 2304 κατεστράφησαν
3536 2229 3643 2283 ὑπὸ
3686 2228 3811 2299 ,τῶν

2229 2326 2502 2397 πολεμίων
2554 2326 2623 2380 τά
2690 2325 3056 2397 Ἱεροσόλυμα.
3106 2325 3217 2377 Καὶ
3274 2321 3433 2376 τοῦτο
3504 2320 3808 2392 Ἰώσηππος

2228 2421 2433 2491 ἱστορεῖ
2458 2418 2630 2486 λέγων
2651 2434 2665 2449 °
2688 2419 2842 2471 Ἔτει
2873 2416 3130 2485 δευτέρῳ
3151 2416 3261 2486 (96)
3284 2415 3394 2484 τῆς
3424 2418 3808 2471 Οὐεσπασια-

2227 2508 2340 2563 νοῦ
2371 2508 2711 2577 ἡγεμονίας.
2752 2507 3008 2560 Ἀλοῦσα
3039 2505 3110 2558 δὲ
3140 2505 3240 2559 καί
3266 2508 3556 2573 πρότερον
3593 2506 3811 2559 πεντά-

2225 2619 2339 2667 κις,
2373 2596 2553 2656 τοῦτο
2579 2597 2866 2666 δεύτερον
2887 2596 3184 2666 ἠρημώθη.
3213 2596 3529 2665 Ἀσωχαῖος
3557 2596 3675 2666 μὲν
3699 2598 3809 2667 γὰρ

2227 2696 2260 2747 ό
2290 2691 2408 2747 τῶν
2434 2691 2774 2762 Αἰγυπτίων
2797 2688 3118 2755 βασιλεὺς,
3158 2688 3257 2743 καί
3284 2690 3410 2757 μετ’
3457 2688 3645 2743 αὐτόν
3691 2690 3811 2742 Ἀν-

532 2776 756 2848 τίοχος,
790 2781 993 2835 ἔπειτα
1027 2784 1356 2851 Πομπήϊος.
1387 2786 1483 2839 καί
1512 2786 1610 2839 ἐπὶ
1640 2789 1875 2856 τούτοις
1901 2788 2023 2842 σὺν
2056 2783 2272 2855 Ἡρώδῃ
2307 2784 2534 2851 Σώσιος
2558 2784 2824 2849 ἑλόντες,
2847 2781 3195 2849 ἐνέπρησαν
3223 2779 3338 2849 τὴν
3362 2781 3564 2834 πόλιν.
3589 2780 3710 2848 Πρὸ
3739 2779 3811 2834 δὲ

531 2871 778 2933 τούτων,
816 2875 850 2926 ὁ
880 2872 1001 2926 τῶν
1030 2876 1431 2930 Βαϐυλωνίων
1453 2877 1777 2945 βασιλεὺς,
1813 2876 2143 2946 κρατήσας.
2179 2875 2502 2946 ἠρήμωσεν
2536 2872 2749 2938 αὐτὴν.

604 2958 747 3014 XIX.
783 2959 929 3027 Haec,
964 2963 1159 3032 inquit,
1187 2964 1262 3017 ait
1284 2961 1568 3036 Origenes.
1600 2967 1765 3037 Atqui
1797 2976 1976 3038 potest
2000 2982 2115 3021 mo-

531 3052 649 3107 veri
681 3053 908 3108 dubium
935 3055 1002 3110 de
1034 3053 1244 3110 Lazaro
1271 3066 1326 3111 et
1354 3056 1557 3112 divite:
1584 3059 1706 3113 aliis
1736 3058 1954 3129 quidem
1985 3060 2117 3113 sim-

533 3146 732 3213 plicius
781 3146 990 3202 dictum
1042 3149 1401 3219 putantibus,
1435 3151 1594 3221 quasi
1623 3151 1785 3207 ambo
1831 3152 1886 3206 in
1921 3165 2117 3221 corpo.

2431 2919 3056 3035 :Oztu‘tt'pt'vévqcaﬂs
3098 2962 3264 3032 φησί’
3298 2963 3435 3034 Περὶ
3468 2962 3526 3015 δὲ
3569 2961 3664 3015 τοῦ
3697 2963 3809 3015 Λα-

2226 3058 2391 3128 ζάρου
2429 3056 2525 3109 καὶ
2572 3053 2666 3108 τοῦ
2715 3055 2968 3108 πλουσίου
3021 3055 3345 3125 ἀπορεῖσθαι
3389 3054 3644 3109 δύναταιο
3696 3055 3809 3108 τῶν

2228 3151 2327 3223 μὲν
2374 3147 2757 3219 ἁπλουστέρων
2792 3147 2903 3219 (97)
2938 3147 3199 3217 οἰομένων
3228 3148 3403 3202 ταῦτα
3428 3147 3697 3217 λελέχθαι,
3728 3146 3807 3211 ὡς

534 3237 723 3304 rihus,
758 3237 924 3309 digna
974 3239 1135 3297 factis
1167 3242 1222 3296 in
1252 3242 1365 3297 vita
1392 3219 1702 3314 receperint
1736 3263 1750 3300 :
1781 3244 1904 3300 aliis
1935 3219 2114 3300 autem

2223 3219 2549 3313 ἀμφοτέρων
2580 3240 2717 3311 μετὰ
2743 3238 2850 3292 τῶν
2881 3238 3150 3309 σωμάτων
3172 3239 3554 3309 λαμϐανόντων
3580 3239 3651 3292 τὰ
3679 3238 3807 3304 ἄξια

492 3360 500 3369 -
532 3330 820 3399 subtilius;
844 3347 967 3386 cum
986 3340 1110 3403 post
1134 3334 1594 3391 resurrectionem
1610 3334 1721 3407 (92)
1740 3336 1924 3390 nullus
1941 3336 1995 3390 in
2009 3336 2119 3389 vita

531 3423 908 3494 relinquatur;
966 3440 1075 3480 non
1116 3428 1560 3484 existimantibus
1609 3430 1725 3483 haec
1764 3429 1821 3484 in
1870 3444 2120 3484 resurre-

529 3515 710 3570 ctione
752 3516 1069 3587 contigisse.
1098 3514 1238 3573 Nam
1264 3522 1339 3575 ait
1366 3520 1520 3577 dives
1542 3521 1591 3554 “
1625 3539 1641 3577 :
1681 3519 1863 3576 Habeo
1892 3521 2119 3592 quinque

602 3650 649 3685 ’δ
668 3650 801 3708 Luc.
837 3668 951 3722 xvi.
969 3653 1063 3710 28.

527 3767 879 3840 similitudo,
939 3785 1102 3839 quam
1182 3768 1363 3840 aptius
1441 3769 1781 3826 identitatem
1852 3768 2109 3825 dicimus.

528 3837 725 3911 βαθεῖ,
755 3837 1167 3910 ὁμοουσιότηταο
1189 3837 1495 3911 ταυτότητά
1526 3856 1673 3905 vero,
1715 3848 1773 3895 ut
1801 3857 1907 3911 qua
1931 3840 2113 3896 Sabel-

529 3909 818 3965 lianismus
847 3909 1169 3980 explicetur.
1189 3909 1723 3967 omniex’tremorum
1753 3909 2107 3967 diSttnctione

528 3980 769 4039 sublata.
818 3981 1077 4051 reprobat
1114 3980 1467 4051 Epiphanius.
1539 3980 1611 4036 De
1650 3982 1755 4036 hac.
1784 3982 1967 4035 divina
2007 3997 2107 4035 ex-

530 4051 748 4122 cellenti
781 4051 1157 4122 similiuuliue,
1185 4066 1355 4121 pauca
1391 4052 1637 4122 quaedam
1672 4052 1740 4105 ad
1772 4068 1967 4106 novam
1998 4051 2107 4105 Ca-

529 4121 754 4176 techesin
777 4121 985 4186 Basilii,
1022 4121 1076 4175 in
1102 4120 1220 4176 Vita
1242 4120 1435 4193 ipsius,
1468 4129 1695 4178 auctore
1721 4123 2104 4193 Amphilochio

526 4200 738 4246 ηοπιτο.

600 4262 713 4333 (9i)
745 4261 1045 4333 Servavere.
1083 4263 1409 4333 Ἐτήρησαν.
1436 4260 1513 4316 Ita
1540 4260 1831 4333 legendum
1862 4268 2007 4330 patet
2039 4279 2105 4317 ex

528 4331 649 4401 ipso
680 4331 830 4387 textu
871 4331 1113 4401 Joscphi.
1142 4331 1303 4403 quem
1330 4333 1527 4387 melius
1563 4331 1875 4388 Hmschelio
1909 4334 2104 4403 legisse

523 4411 581 4457 et
613 4405 936 4473 expendisse
965 4403 1294 4458 Methodium
1335 4403 1631 4458 verisimile
1658 4411 1763 4459 est.
1792 4410 1846 4473 et
1877 4418 1940 4455 ex
1993 4419 2105 4456 orn-

2222 3332 2333 3385 τῶν
2365 3332 2467 3403 (ὲν)
2516 3331 2593 3402 τῷ
2626 3330 2727 3401 βίῳ
2760 3330 3193 3402 πεπραγμένων·
3242 3330 3349 3383 τῶν
3391 3331 3448 3384 δὲ
3484 3330 3807 3403 ἁκριὸεστέο

2226 3444 2354 3498 ρωνο
2385 3428 2507 3480 ἐπεὶ
2538 3425 2675 3497 μετὰ
2707 3424 2804 3496 τὴν
2833 3426 3127 3479 ἀνάστασιν
3169 3424 3342 3488 οὐδεὶς
3389 3425 3448 3479 ὲν
3492 3424 3592 3496 βίῳ
3643 3440 3809 3480 κατο-

2223 3517 2488 3575 λείπεται.
2522 3519 2623 3571 οὐκ
2651 3518 2708 3571 ὲν
2734 3520 2799 3589 τῇ
2822 3516 3117 3571 ἀναστάσει
3149 3516 3410 3585 οἰομένων
3440 3516 3612 3569 ταῦτα
3639 3532 3772 3585 γεγο
3797 3546 3807 3553 -

2216 3784 2340 3823 rum
2390 3769 2765 3840 apparitiones
2811 3767 3038 3838 exponit
3089 3784 3102 3819 :
3156 3783 3280 3837 qua:
3330 3777 3481 3840 certe
3527 3768 3805 3824 crassiora

2216 3848 2367 3901 sunt.
2392 3838 2688 3910 putidaque
2706 3848 2760 3894 et
2790 3841 3045 3893 haeretica
3072 3857 3086 3904 ;
3118 3853 3432 3908 quanquam
3460 3838 3598 3910 forte
3618 3840 3804 3910 minus

2216 3909 2447 3966 solide’a
2478 3920 2669 3964 nostro
2698 3910 2973 3965 Methodio
3003 3910 3317 3979 impugnata
3346 3909 3469 3978 :qui
3496 3919 3548 3963 et
3584 3910 3700 3978 ipse
3729 3909 3799 3963 ad

2215 3997 2449 4051 corpora
2476 3988 2750 4043 recurrat,
2777 3981 2871 4035 sed
2902 3980 3053 4034 velut
3080 3988 3341 4051 cognata,
3360 3988 3415 4033 et
3445 3981 3564 4035 sine
3596 3980 3800 4048 quibus

2215 4049 2442 4106 minime
2480 4051 2752 4106 exsistant
2796 4051 3026 4121 spiritus
3077 4049 3324 4112 humani,
3359 4060 3554 4120 suapte
3598 4061 3794 4104 natura

2212 4122 2486 4191 corporei,
2533 4136 2846 4190 quanquam
2903 4136 3134 4189 corpore
3187 4122 3411 4175 alterius
3461 4121 3689 4175 rationis
3726 4122 3799 4175 ab

2211 4192 2340 4249 isto.
2373 4192 2517 4262 quod
2549 4192 3053 4262 ceiriudumeutum
3076 4199 3359 4262 externum
3398 4200 3672 4258 gestemus
3693 4229 3708 4255 ,
3738 4198 3796 4262 et

2210 4261 2579 4342 corruptibili.
2632 4261 2789 4316 Esset
2822 4276 2961 4342 opus
2995 4262 3246 4342 longiori.
3285 4261 3676 4342 disputatione,
3721 4261 3794 4316 ad

2209 4331 2607 4388 ostendendum
2650 4334 2928 4402 quomodo
2990 4331 3105 4385 veri
3164 4331 3413 4401 spiritus,
3474 4341 3795 4401 naturaeque

2211 4418 2437 4472 prorsus
2491 4404 2829 4473 incorporcze
2870 4402 3170 4473 patiantur,
3234 4403 3538 4473 praesertim
3582 4404 3651 4457 ab
3679 4403 3790 4472 igni

526 4472 697 4544 nibus
726 4474 1024 4534 historicis,
1062 4475 1205 4544 apud
1218 4488 1378 4544 quos
1423 4489 1695 4542 nusquam
1752 4472 1839 4544 illa
1884 4481 2103 4544 exstant
2138 4489 2181 4543 υ
2210 4489 2476 4544 corporeo
2505 4491 2519 4527 :
2544 4472 2835 4529 sed’I‘uerit
2861 4472 3033 4544 metas
3072 4473 3358 4531 excedere.
3389 4472 3593 4543 quibus
3640 4487 3790 4544 unus

526 4541 1296 4615 Hierosolymorum_excidia:
1323 4541 1747 4615 excepto’priino
1770 4543 1863 4596 illo
1883 4541 2107 4611 Babjlo-
2142 4541 2166 4543 ”
2209 4541 2469 4599 Μθίιιοόίί
2496 4551 2693 4615 _textus
2730 4543 3092 4615 elucidandus
3132 4541 3448 4615 propositus
3492 4551 3596 4597 est.
3635 4542 3791 4615 Miris

525 4614 654 4669 nico
696 4621 751 4669 et
787 4613 989 4669 ultimo
1036 4613 1300 4667 Romano.
1362 4614 1749 4684 Ka‘tea‘tpdcpq
1784 4628 1916 4684 ergo
1973 4615 2105 4669 urbs

526 4684 641 4747 illa,
667 4684 890 4738 subacta
917 4694 1002 4739 est
1028 4694 1080 4755 et
1114 4691 1273 4753 capta
1291 4685 1470 4739 sexies
1492 4703 1505 4738 :
1525 4682 1796 4755 ἠρημώθη
1818 4683 2104 4755 eé,_eversa

524 4764 581 4809 et
614 4755 797 4809 excisa
818 4762 903 4809 est
925 4754 1140 4808 tandem
1166 4752 1363 4824 iterum
1384 4752 1871 4823 secundoimperit
1900 4752 2104 4824 Vespa-

523 4825 665 4879 siani
697 4839 875 4893 anno;
916 4826 1061 4894 quod
1090 4831 1144 4878 et
1170 4824 1287 4894 ipse
1313 4823 1694 4880 Methodianus
1720 4832 1923 4888 textus,
1952 4823 2101 4881 clare

522 4901 679 4953 satis.
703 4896 879 4966 iusua
909 4896 1074 4951 etiam
1099 4896 1417 4962 vitiosuate,
1443 4904 1817 4966 repraesentat.

595 4966 708 5037 (92)
732 4964 867 5020 Cum
891 4976 1009 5036 post
1027 4966 1478 5037 resurrectionem,
1500 4963 1608 5021 etc.
1642 4964 1869 5019 Videtur
1896 4963 2103 5035 signiti-

520 5035 635 5090 cari
670 5035 918 5092 absoluta
943 5039 1032 5090 illa
1055 5035 1383 5107 Origeniana
1407 5038 1877 5100 ἀποκατάστασις,
1918 5046 1973 5091 et
2012 5051 2101 5090 re-

520 5107 1130 5177 stitutioiuintegrum,
1157 5109 1344 5177 inqua
1369 5109 1553 5163 nullus
1589 5108 1663 5162 sit
1706 5108 2099 5177 relinquendus

521 5176 577 5231 in
596 5178 759 5249 _vita;
790 5176 1051 5249 intellige,
1084 5176 1352 5249 passibili,
1378 5193 1475 5232 seu
1531 5180 1696 5233 etiam
1731 5179 1787 5231 in
1816 5193 2092 5249 corpore;

520 5247 607 5301 cui
636 5248 685 5303 is
715 5247 1186 5318 alligatos‘censct
1223 5248 1450 5317 spiritus
1503 5249 1558 5302 in
1596 5263 1833 5318 pinnam,
1864 5248 1957 5302 sed
2006 5247 2097 5318 illa

519 5318 737 5392 tandem
758 5317 997 5392 solubili.
1017 5327 1078 5392 et
1113 5319 1371 5392 omnibus
1385 5317 1730 5392 quanddque
1742 5317 2093 5392 remittenda.

520 5386 756 5453 Exponit
783 5405 913 5460 ergo
934 5388 1219 5459 Origenes,
1240 5397 1301 5442 ut
1317 5386 1427 5444 ista
1441 5391 1494 5443 in
1518 5386 1842 5458 corporibus
1867 5403 1897 5441 a
1922 5396 2097 5442 morte

517 5461 795 5541 acceptis;
828 5462 883 5515 in
938 5461 1140 5541 quibus
1168 5475 1364 5541 _usque
1404 5460 1472 5514 ad
1523 5460 1980 5541 resurrectionem
2039 5465 2096 5541 et

517 5528 885 5585 omnimodam
906 5528 975 5584 ab
1008 5531 1116 5585 illis
1132 5528 1555 5597 absolutionem,
1590 5531 1675 5585 vel
1698 5529 1985 5597 refrigerio
2007 5528 2093 5583 vel

516 5611 700 5671 pmna,
733 5600 961 5670 spiritus
990 5602 1322 5671 emigrautes
1372 5604 1687 5671 potiantur;
1739 5608 1892 5671 gesta
1918 5598 2093 5653 dicta-

515 5682 624 5735 que
650 5670 795 5741 sint;
824 5670 1093 5741 ejusmodi
1114 5670 1297 5725 adhuc
1321 5671 1667 5741 corporibus,
1703 5670 1879 5725 instar
1902 5683 2092 5724 carce-

516 5753 637 5791 rum
664 5753 695 5793 a
717 5738 828 5796 Deo
856 5738 1141 5808 adhibitis,
1171 5738 1447 5811 quomodo
1476 5742 1639 5799 etiam
1665 5742 1803 5797 alias
1844 5749 2091 5797 mortuo-

2207 4626 2375 4677 certe,
2416 4613 2512 4670 sed
2557 4615 2702 4669 veris
2754 4614 2933 4668 modis
2965 4612 3149 4667 divina
3202 4613 3418 4683 justuia
3474 4628 3609 4668 suos
3664 4613 3793 4671 illos

2206 4702 2331 4740 reos
2364 4693 2582 4754 torquet
2614 4700 2627 4735 :
2668 4700 2769 4740 nec
2799 4683 2955 4738 deest
2990 4691 3050 4736 ut
3069 4692 3333 4738 extraneo
3392 4699 3623 4752 corpore
3679 4693 3796 4738 tor-

2204 4765 2388 4827 queat,
2419 4771 2541 4825 quae
2578 4758 2742 4811 torsit
2775 4754 3421 4827 conjunctu._Exteusior
3446 4755 3635 4827 divina
3668 4772 3787 4809 uia-

2204 4825 2330 4889 nus,
2362 4842 2525 4897 quam
2577 4837 2635 4880 ut
2677 4841 2798 4882 eam
2849 4825 3790 4897 subtilissimusiquisque_spiritus

2203 4894 2409 4968 fugiat}
2433 4913 2500 4952 eo
2534 4912 2642 4951 non
2694 4898 2857 4968 male,
2893 4903 2947 4950 et
2979 4896 3387 4968 comparatione
3417 4896 3482 4949 ad
3519 4894 3685 4949 Deum
3720 4898 3785 4951 it-

2201 4964 2311 5040 qun
2359 4966 2645 5040 Spiritum,
2685 4976 2739 5040 et
2771 4965 2941 5040 Deum
2990 4966 3318 5040 spirituum,
3353 4964 3692 5020 Damasceuo
3732 4975 3790 5021 et

2200 5038 2359 5105 aliis;
2387 5032 2514 5093 dum
2544 5040 2617 5092 ita
2648 5038 2734 5107 pie
2762 5053 2888 5094 cum
2910 5035 2973 5090 D.
2990 5032 3200 5091 Thoma
3220 5037 3451 5090 velimus
3474 5051 3785 5108 exponere;

2199 5109 2381 5165 dictus
2420 5124 2741 5179 corporeus.

2254 5202 2387 5287 .(93)
2428 5198 3090 5268 Ἐξουσιαστικώτερον.
3141 5197 3209 5254 Η.
3268 5197 3374 5263 St.,
3439 5195 3786 5264 έξουσιαστι-

2198 5290 2427 5346 κωτεροι
2440 5320 2454 5334 ,

2269 5366 2381 5436 (94)
2423 5360 2812 5436 Ἀλλοεθνῷν.
2837 5360 2902 5415 u.
2935 5360 3041 5436 se.
3077 5360 3253 5415 ἄλλων
3280 5359 3471 5414 ἐθνῶν.

2268 5432 2380 5503 (95)
2417 5435 2689 5488 Μᾶλλον.
2716 5433 2844 5501 Leg.
2868 5432 3017 5486 ναόν.

2268 5499 2381 5577 (96)
2420 5508 2581 5559 Ἔτει
2636 5499 2816 5558 δευτῖ
2834 5502 3024 5573 Suppl.
3069 5517 3133 5555 ex
3167 5501 3392 5573 Ioseph.
3428 5499 3573 5555 ἑάλω
3611 5499 3781 5575 Ἱερο-

2196 5580 2321 5634 σόλυ
2331 5593 2427 5634 μα.

2196 5596 2321 5634 σοιν
2370 5596 2427 5633 α.

2194 5596 2886 5814 ὰκὲξὲὶὶὶςσὲέξυστέρων,
2936 5663 3047 5731 AL,
3104 5666 3493 5740 ἁπλούστερον,
3542 5673 3598 5721 et
3626 5678 3783 5731 ωσι,
