4110 6430
334 305 439 362 ῧὲὅ

1423 288 1515 354 EX
1553 298 1760 355 LIBBO
1799 298 1889 353 DE
1926 296 2539 354 RESURRECTIONE.

3507 297 3613 355 326

331 418 497 475 νὲνσιι.
529 414 693 483 Λέγει
735 412 840 486 γὰρ
877 412 907 466 ό
940 413 1213 477 πλούσιος,
1262 412 1345 466 ὅτι
1379 411 1567 465 Πέντε
1610 409 1911 480 ἀδελφοὺς

2020 409 2217 479 fratres
2242 426 2261 464 :
2308 426 2373 463 ne
2401 421 2449 463 et
2478 409 2581 479 ipsi
2622 410 2835 464 veniant
2875 409 2930 463 in
2966 408 3104 463 hunc
3125 407 3299 464 locum
3329 417 3614 467 tormento-

330 509 465 578 ἔχω,
508 505 608 559 καί
651 505 752 558 ἵνα
775 503 861 574 μὴ
893 506 1157 559 ἔλθωσιν
1203 506 1291 571 εἰς
1319 503 1429 557 τὸν
1470 503 1658 556 τόπον
1696 504 1912 556 τοῦτον

332 597 439 666 τῆς
462 594 766 660 βασάνου,
800 593 1044 664 πέμψον
1074 592 1344 663 Λάζαρον
1374 593 1788 663 ἀπαγγέλλοντα
1817 593 1914 646 αὑ-

330 689 439 752 τοῖς
462 686 531 740 τὰ
559 686 814 740 ἐνταῦθα.
844 688 955 741 Καὶ
980 685 1069 740 διὰ
1092 686 1249 740 τοῦτο
1278 686 1584 758 ζητούντων
1608 687 1705 756 τὴν
1737 685 1914 755 γλῶσ-

333 798 451 845 σαν,
486 780 582 833 καὶ
611 779 702 832 τὸν
732 779 1015 843 δάκτυλον,
1057 778 1307 842 καὶτοὺς
1355 778 1593 842 κόλπους
1636 776 1910 850 Ἀϐραὰμ,

331 871 424 925 καὶ
443 871 540 941 τὴν
569 870 867 942 ἀνάκλησιν
887 869 1021 940 (9S),
1039 871 1133 924 καὶ
1148 869 1291 941 τάχα
1320 870 1381 925 τὸ
1402 872 1499 942 τῆς
1518 870 1693 942 ψυχῆς
1715 871 1830 943 ἃμα
1846 874 1911 943 τῇ

330 961 618 1034 ἀπαλλαγῇ
672 963 860 1032 σχῆμα
886 962 1130 1032 ὁμοειδὲς
1172 962 1231 1016 ὃν
1269 962 1347 1034 τῷ
1398 966 1565 1035 παχεῖ
1606 964 1701 1017 καὶ
1738 965 1915 1036 γηΐνῳ

331 1053 563 1125 σώματι,
619 1052 841 1108 δύναται
892 1052 1035 1108 οὕτω
1083 1053 1479 1126 λαμϐάνεσθαι.
1538 1055 1607 1109 Ei'
1641 1071 1772 1109 ποτε
1821 1051 1914 1110 οὖν

332 1143 609 1217 ἱστόρηται
627 1163 712 1210 τις
731 1143 840 1199 τῶν
864 1147 1281 1218 κεκοιμημένων
1301 1146 1648 1218 φαινόμενος,
1712 1146 1914 1217 ὁμοίως

330 1236 439 1308 (99)
472 1236 711 1310 ἑώραται
743 1237 822 1308 τῷ
852 1239 942 1292 ὅτε
971 1239 1070 1310 τὴν
1098 1238 1277 1311 σάρκα
1310 1235 1450 1309 εἶχε,
1482 1233 1917 1310 σχήματι.Εῐτα·

326 1326 460 1387 ἀλλά
533 1331 675 1385 ’καὶ
711 1332 740 1383 ό
783 1329 1042 1402 Σαμουὴλ
1066 1330 1415 1401 φαινόμενος,
1443 1330 1520 1395 ὡς
1563 1330 1723 1403 δῆλόν
1768 1333 1919 1385 ἐστιν

325 1422 521 1493 ὁρατὸς
539 1419 638 1486 ὢν,
661 1421 1014 1493 παρίστησιν,
1038 1423 1119 1475 ὅτι
1146 1421 1305 1494 σῶμα
1325 1423 1653 1495 περιέκειτο·
1682 1424 1917 1496 μάλιστα

328 1510 423 1564 ἐὰν
456 1510 892 1583 ἀναγκασθῶμεν
937 1511 1043 1566 ὑπὸ
1071 1511 1182 1566 τῶν
1225 1513 1554 1581 ἀποδείξεων
1596 1514 1695 1587 τὴν
1727 1515 1917 1569 οὐσίαν

325 1603 422 1674 τῆς
449 1604 627 1677 ψυχῆς
650 1605 940 1678 ἀσώματον
963 1602 1231 1672 εἷναι,κα“ι
1279 1603 1486 1673 ταυτὴν
1510 1606 1913 1679 ἀποφήνασθαι.

314 1694 452 1750 ἀλλά
487 1700 504 1718 “
534 1697 628 1750 καὶ
655 1698 684 1751 ό
715 1696 1077 1768 κολαζόμενος
1111 1695 1385 1763 πλούσιος,
1416 1698 1511 1750 καὶ
1540 1699 1569 1751 ό
1596 1699 1655 1751 ὲν
1694 1697 1918 1763 κόλποις

338 1782 593 1859 ’Δ6ραάμ
624 1787 794 1861 πένης
836 1787 1277 1860 ἀναπαυόμενος,
1324 1788 1431 1858 πρὸ
1472 1788 1575 1860 τῆς
1615 1788 1917 1861 παρουσίας

322 1875 416 1932 τοῦ
452 1879 706 1953 Σωτῆρος
728 1881 823 1936 καὶ
851 1881 958 1955 πρὸ
982 1881 1084 1952 τῆς
1118 1880 1429 1946 συντελείας
1446 1880 1541 1934 τοῦ
1572 1881 1787 1947 αίῶνος,
1821 1881 1916 1935 καὶ

320 1970 408 2026 διὰ
441 1971 605 2026 τοῦτο
647 1972 756 2044 πρὸ
797 1973 898 2044 τῆς
943 1972 1297 2036 ἀναστάσεως
1324 1971 1606 2043 λεγόμενοι
1637 1973 1666 2025 ό
1705 1973 1806 2044 μὲν
1856 1974 1914 2026 ὲν

320 2062 451 2137 ᾅδου
514 2064 861 2131 κολάζεσθαι,
899 2064 929 2117 ό
979 2065 1037 2119 δὲ
1083 2068 1143 2119 ὲν
1195 2064 1419 2129 κόλποις
1484 2064 1737 2136 Ἀϐραὰμ.
1784 2066 1918 2120 ἀνα-

319 2155 613 2222 παύεσθαι,
635 2156 1000 2221 διδάσκουσιν,
1021 2158 1103 2211 ὅτι
1133 2155 1229 2210 καὶ
1274 2154 1372 2210 νῦν
1393 2158 1460 2229 τῇ
1490 2156 1778 2230 ἀπαλλαγῇ
1813 2158 1912 2231 (1),

320 2246 538 2321 σώματι
586 2250 784 2321 χρῆται
832 2250 866 2320 ή
913 2250 1079 2320 ψυχή.
1133 2249 1279 2320 Πρὸς
1307 2247 1481 2303 ταῦτα
1526 2250 1556 2303 ό
1604 2248 1761 2318 ἅγιος
1787 2248 1915 2304 τάδε

317 2340 487 2413 φησί·
522 2340 719 2412 Σχῆμα
751 2341 880 2395 ἀλλο
911 2341 1156 2412 ὁμοειδὲς
1183 2340 1263 2412 τῷ
1289 2339 1535 2412 αἰσθητῷ
1568 2341 1744 2412 τούτῳ
1775 2342 1916 2412 μετά

318 2431 416 2503 τὴν
444 2432 700 2488 ἐντεῦθεν
733 2433 998 2505 ἐκδημίαν
1027 2432 1168 2503 ἔχειν
1198 2430 1547 2504 ἐκτιθέμενος
1580 2432 1681 2505 τὴν
1712 2432 1911 2505 ψυχήν*

318 2524 618 2598 ἀσώματον
654 2526 761 2582 ὑπὸ
811 2527 864 2582 τί
900 2526 1265 2593 Πλατωνικῶς
1302 2528 1663 2598 ἀποφαίνεται
1704 2531 1911 2603 abs-qv;

319 2616 393 2670 Τὸ
427 2617 541 2690 γὰρ
583 2619 679 2674 καὶ
725 2619 865 2691 μετά
903 2618 1000 2693 τὴν
1033 2619 1141 2673 ἀπὸ
1166 2618 1262 2673 τοῦ
1298 2619 1507 2690 κόσμου
1553 2623 1914 2696 ἀποφοίτησιν

318 2709 597 2782 ὀχήματος
618 2711 787 2783 αὐτὴν
813 2711 1032 2765 δέεσθαι
1059 2711 1156 2766 καὶ
1184 2709 1481 2783 περιϐολῆς
1520 2713 1721 2783 λέγειν,
1752 2716 1829 2779 ὡς
1851 2715 1912 2769 οὐ

319 2799 627 2873 δυναμένην
674 2800 1079 2872 κατασχεθῆναι
1123 2802 1358 2876 γυμνὴν,
1404 2802 1522 2867 πῶς
1553 2804 1654 2857 οὐκ
1694 2804 1761 2858 ἂν
1787 2805 1910 2860 καθ’

321 2892 527 2965 ἑαυτὴν
553 2892 843 2965 ἀσώματος
873 2897 993 2968 atq;
1040 2897 1359 2971 Ἀσώματος
1383 2898 1441 2953 δὲ
1473 2894 1626 2963 οὖσα,
1660 2898 1780 2964 πῶς
1811 2902 1913 2955 οὐκ

322 2983 479 3039 ἔσται
525 2986 621 3041 καὶ
657 2988 1009 3054 ἀνεπίδεκτος
1049 2989 1278 3058 παθῶν;
1336 2991 1644 3046 Ἀκολουθεῖ
1682 2991 1793 3066 γὰρ
1833 2992 1912 3065 τῷ

322 3076 614 3150 ἀσώματον
663 3080 833 3152 αὐτὴν
868 3081 1138 3153 ὑπάρχειν
1184 3084 1278 3137 καὶ
1323 3083 1387 3137 τὸ
1414 3083 1600 3156 ἀπαθῆ
1631 3080 1776 3142 εἶναι
1816 3087 1913 3139 καὶ

322 3168 754 3241 ἀπερίσπαστον.
788 3173 852 3226 El
877 3173 977 3245 μὲν
1007 3169 1100 3228 οὖν
1132 3175 1239 3229 ὑπὸ
1269 3174 1465 3244 ἀλόγου
1489 3174 1550 3229 οὐ
1583 3174 1912 3247 παρείλκετο

2019 519 2159 563 rum.
2194 503 2344 556 mitte
2370 500 2642 555 Lazarum
2660 510 2716 554 ut
2741 500 2850 554 illis
2873 498 3180 566 denuntiet,
3199 517 3319 572 quae
3340 501 3429 557 hic
3448 504 3605 561 liunt.

2022 596 2203 666 Atque
2233 596 2369 650 adeo
2401 596 2447 651 si
2478 609 2788 665 quaeramus
2823 594 3062 663 linguam
3088 594 3233 646 illam
3267 604 3324 649 et
3350 595 3607 666 digitum,

2018 686 2311 756 sinumque
2338 687 2572 741 Abrahae
2590 694 2643 741 ct
2672 684 2978 740 recubitum
3008 703 3020 738 :
3050 682 3189 738 forte
3209 700 3339 739 vero
3368 693 3422 739 et
3442 701 3608 756 quam

2018 780 2203 835 statim
2233 794 2264 833 a
2297 788 2508 843 morte,
2540 793 2730 833 crasso
2786 780 2912 832 huic
2944 784 2998 832 et
3027 784 3249 830 terreno
3282 778 3500 848 corpori
3533 779 3611 833 si-

2016 870 2199 925 milem
2252 870 2482 924 fortnam
2531 870 2713 923 anima
2751 868 2957 934 induit;
3004 868 3085 922 sic
3124 875 3304 938 potest
3358 867 3606 939 intelligi.

2020 961 2076 1016 Si
2111 964 2333 1034 quando
2376 964 2544 1033 igitur
2593 962 2838 1018 historiis
2865 962 3138 1032 proditum
3177 969 3261 1016 est
3286 963 3610 1032 apparuisse

2018 1055 2255 1126 aliquem
2286 1067 2587 1115 mortuum.
2619 1054 2783 1110 simili
2821 1051 2998 1107 forma
3032 1069 3096 1108 ac
3122 1052 3253 1108 dum
3294 1060 3611 1109 versaretur

2018 1147 2075 1201 in
2125 1162 2314 1212 carne,
2362 1146 2639 1218 apparuit.
2674 1145 2944 1201 Praeterea
2976 1165 2988 1198 :
3023 1144 3304 1201 enimvero
3343 1149 3358 1167 '
3388 1144 3612 1201 Samuel

2019 1253 2297 1309 apparens
2326 1238 2405 1309 (2)
2436 1238 2584 1293 velut
2604 1238 2781 1293 oculis
2812 1239 3150 1308 conspicuus
3172 1237 3241 1302 ⁸⁵,
3278 1237 3527 1291 indutum
3551 1252 3615 1293 se

2018 1347 2223 1402 corpus
2248 1328 2493 1386 ostendit
2523 1349 2537 1385 :
2587 1332 2892 1400 praesertim
2917 1332 2964 1385 si
2993 1330 3504 1386 demonstrantibus
3525 1345 3617 1386 ur-

2019 1438 2247 1493 geamur
2279 1423 2436 1478 fateri
2470 1439 2593 1479 esse
2618 1424 2857 1478 animam
2881 1432 3079 1477 natura
3113 1424 3518 1494 incorporeum,
3548 1440 3615 1480 ac

2019 1514 2290 1580 eamdem,
2315 1516 2580 1587 nullaque
2596 1516 2861 1571 varietate
2884 1518 3121 1585 partium
3142 1517 3242 1587 (5).
3272 1514 3375 1571 Sed
3393 1515 3615 1572 etdives

2018 1608 2267 1679 punitus,
2298 1616 2352 1670 et.
2377 1624 2588 1680 pauper
2616 1609 2670 1663 in
2700 1609 2825 1663 sinu
2858 1609 3114 1673 Abrahm,
3152 1617 3279 1663 ante
3308 1607 3613 1664 Salvatoris

2020 1700 2314 1756 adventum
2350 1701 2648 1772 saeculique
2689 1701 3258 1764 consummationem,
3290 1712 3452 1771 atque
3477 1702 3615 1758 adeo

2020 1802 2148 1850 ante
2170 1795 2626 1849 resurrectionem
2647 1794 2828 1865 quiete
2847 1795 3057 1865 potitus
3077 1811 3091 1859 ;
3110 1793 3256 1864 quod
3272 1794 3410 1848 alter
3430 1793 3615 1863 puniri

2022 1887 2077 1941 in
2140 1885 2388 1951 inferno,
2435 1886 2572 1942 alter
2605 1886 2660 1940 in
2705 1887 2831 1942 sinu
2868 1886 3099 1940 Abrahae
3141 1884 3359 1939 dicatur
3395 1885 3616 1956 requie-

2016 1994 2201 2045 scere;
2238 1977 2292 2033 id
2322 1978 2542 2043 docent,
2576 1979 2742 2034 etiam
2779 1978 2960 2037 modo.
2997 1977 3181 2031 statim
3207 1992 3237 2030 a
3264 1977 3614 2047 migratione,

1983 2071 2099 2126 ~uti
2148 2071 2387 2125 animam
2422 2086 2673 2142 corpore.
2712 2069 2795 2124 Ad
2829 2086 2953 2141 quae
3004 2070 3078 2124 ita
3134 2070 3220 2123 vir
3249 2078 3476 2125 sanctus
3523 2085 3614 2124 re—

2018 2162 2280 2233 spondet:
2314 2160 2542 2226 docens,
2569 2162 2769 2217 habere
2788 2161 3025 2214 animam
3059 2160 3149 2215 ubi
3185 2175 3214 2214 a
3245 2175 3480 2231 corpore
3507 2161 3616 2216 mi-

2014 2254 2197 2325 gravit
2219 2294 2235 2319 ,
2281 2252 2514 2308 formam
2548 2252 2712 2307 aliam
2740 2293 2756 2317 ,
2792 2252 2988 2308 huicce
3030 2253 3312 2321 sensibili,
3339 2255 3520 2324 specie
3546 2268 3614 2310 ac

2017 2345 2208 2401 habitu
2251 2345 2510 2402 similem.
2545 2343 2820 2411 Quorsum
2859 2360 2990 2400 vero
3016 2346 3277 2407 animam.
3314 2346 3611 2417 inquit“),

2015 2436 2299 2495 Platonico
2322 2439 2701 2509 incorpoream
2734 2437 3042 2511 (Origenes)
3069 2438 3255 2494 detinit
3270 2440 3293 2493 ?
3308 2446 3440 2507 una:
3461 2442 3611 2498 enim

2014 2538 2142 2601 post
2186 2530 2354 2587 etiam
2401 2546 2688 2588 excessum
2720 2546 2752 2587 e
2787 2532 2922 2596 vita,
2966 2532 3221 2586 vehiculo
3263 2543 3420 2603 egeat
3448 2540 3503 2588 et
3527 2548 3612 2588 ve-

2019 2625 2125 2690 ste,
2160 2624 2311 2678 velut
2338 2621 2487 2678 nuda
2513 2621 2903 2693 comprehendi
2933 2638 3045 2678 non
3079 2626 3254 2694 possit
3289 2633 3385 2679 aut
3413 2625 3610 2690 teneri,

2013 2714 2290 2787 quomodo
2315 2730 2427 2770 non
2451 2715 2569 2786 ipsa
2588 2730 2684 2786 per
2714 2729 2774 2770 se
2799 2716 3123 2785 incorporea
3146 2716 3255 2771 sit?
3281 2715 3611 2787 lncorporea

2013 2821 2169 2872 vero,
2190 2807 2287 2878 qui
2311 2823 2420 2863 non
2451 2810 2613 2864 etiam
2635 2807 2702 2862 ab
2729 2806 2878 2860 omni
2927 2806 3183 2877 passione
3214 2807 3476 2864 immunis
3501 2807 3614 2864 sit?

2012 2897 2388 2969 Consequitur
2421 2897 2569 2955 enim
2596 2932 2612 2959 ,
2653 2902 2713 2949 ut
2742 2898 3065 2969 incorporea
3087 2899 3181 2963 sit,
3198 2906 3252 2955 et
3272 2907 3454 2954 utnon
3478 2913 3610 2970 pos-

2013 2990 2085 3046 sit
2102 2988 2241 3045 aci
2263 3004 2329 3045 ac
2362 2989 2697 3061 perturbari.
2723 2986 2780 3044 Si
2798 2989 2948 3043 nulla
2972 3003 3104 3060 ergo
3121 2991 3353 3052 ratione,
3377 2989 3557 3044 alieno
3575 3003 3608 3045 ει

2012 3081 2227 3137 ratione
2250 3082 2494 3152 appetitu
2520 3080 2866 3148 trahebatur,
2902 3082 3065 3150 plane
3097 3096 3201 3137 nec
3231 3082 3609 3138 dolentiscor-

2011 3172 2165 3242 poris
2181 3172 2549 3244 patientiaque
2560 3186 2726 3227 sensu
2750 3173 2862 3226 ullo
2882 3172 3295 3228 immutabatur.
3317 3171 3607 3245 Nunquam

323 3260 459 3326 ὅλως
496 3262 813 3336 ἐπιθυμίας,
854 3265 975 3320 οὐδὲ
1007 3266 1481 3340 συμμετεϐάλλετο
1524 3267 1779 3336 ἀλγοῦντι
1816 3269 1910 3323 καὶ¹

2013 3264 2159 3320 enim
2190 3264 2338 3336 quod
2369 3271 2527 3320 vacat
2548 3252 2797 3334 corpore,
2831 3280 2940 3319 una
2971 3280 3097 3319 cum
3122 3280 3374 3335 corpore,
3410 3282 3474 3321 ac
3505 3284 3609 3323 nec

323 3353 586 3426 πάσχοντι
640 3356 720 3427 τῷ
769 3355 1002 3429 σώματι.
1063 3359 1379 3431 Ἀσὼματον
1426 3358 1536 3431 γάρ
1587 3357 1821 3430 σώματι,
1868 3360 1903 3430 ἢ

325 3444 489 3516 σῶμα
513 3447 791 3519 ἀσωμάτῳ
816 3448 917 3501 οὐκ
947 3448 1014 3503 ἀν
1044 3466 1173 3502 ποτε
1216 3448 1515 3519 συμπάθοι,
1550 3449 1638 3503 ἵνα
1669 3446 1737 3503 ἂν
1764 3446 1909 3502 ἀσώ-

396 3603 418 3623 ’
446 3605 956 3683 2:2;61._4t1t96vt01
964 3603 1033 3680 ἦν
1059 3608 1296 3683 τδμπαρά
1314 3611 1414 3682 τῆς
1441 3608 1908 3683 Ἐνγαστριμύθου

321 3674 580 3746 ἀναχθὲν,
602 3677 717 3730 ἀλλ’
735 3674 832 3748 οὖχ
858 3679 886 3731 ό
919 3674 1192 3751 Σαμουὴλ.

395 3812 442 3844 ³⁸
472 3813 493 3867 l
521 3810 647 3884 Reg.
675 3829 870 3880 xxvnt,
897 3814 986 3869 12.

392 3950 505 4019 (98)
550 3952 935 4021 Ἀνάκληονιν.
969 3951 1132 4007 Forte
1155 3952 1455 4008 ἁνάκλισιν.

418 4023 507 4093 99)
546 4023 808 4095 ζομοίως.
835 4024 945 4095 Al,
975 4025 1180 4095 ὅμοιος.

420 4097 472 4164 ι)
496 4093 574 4164 Τῇ
597 4095 824 4149 damn.
860 4093 1021 4149 Deest
1047 4094 1183 4164 ᾅμα.

420 4097 443 4150 ι
496 4097 574 4164 Τῇ
597 4097 824 4149 damn.
860 4097 1020 4149 Deest
1047 4097 1183 4164 ἅμα.

417 4097 475 4236 *2)
504 4164 720 4236 Samuel
745 4181 1026 4236 apparens.
1057 4163 1257 4219 Paucis
1294 4163 1908 4236 scholionrsententiam

322 4234 583 4295 He'thodii
611 4236 738 4289 huic
762 4234 1108 4306 Origenianre
1123 4236 1411 4290 adversam
1428 4235 1699 4305 explicat;
1720 4246 1778 4289 ut
1798 4249 1908 4306 non

323 4308 569 4372 Samuel,
597 4307 690 4361 sed
721 4304 931 4361 daemon
976 4304 1125 4360 Sauli
1159 4306 1449 4368 illusurus,
1483 4304 1745 4360 ementita
1785 4305 1908 4374 ejus

321 4379 533 4449 specie,
568 4386 829 4441 evocatus
852 4377 1168 4449 apparuerit
1198 4391 1352 4446 :qua:
1379 4386 1462 4431 est
1482 4390 1743 4449 perquam
1765 4390 1912 4449 com-

319 4445 509 4505 munis
560 4445 1201 4512 salictorumseiitetitia,
1250 4445 1308 4501 in
1338 4445 1504 4516 quam
1537 4448 1696 4517 plura
1746 4445 1908 4503 docte

394 4024 415 4238 ἓ

2012 3372 2217 3428 corpus
2250 3371 2359 3411 una
2384 3371 2509 3411 cum
2538 3371 2605 3412 eo
2653 3356 2799 3426 quod
2826 3357 2920 3411 illo
2951 3365 3126 3421 vacat,
3152 3358 3405 3411 habuerit
3426 3358 3607 3428 afﬁci;

2017 3455 2078 3504 ut
2110 3448 2186 3503 ita
2214 3463 2347 3505 sane
2373 3455 2746 3505 consentanee
2771 3449 2935 3505 dictis
2963 3447 3040 3520 (5)
3080 3449 3404 3519 incorporea
3432 3450 3607 3507 videri

2087 3607 2110 3631 ’
2148 3603 2328 3661 Schol.
2372 3602 2712 3675 Damonium
2751 3611 2871 3660 erat
2907 3604 3053 3675 quod
3093 3603 3196 3675 fuit
3235 3611 3525 3660 evocatum
3571 3620 3604 3661 a

2014 3676 2362 3748 ventriloqua
2387 3683 2443 3732 et
2470 3674 2821 3746 Pythonissa,
2844 3674 2955 3730 non
2977 3691 3105 3732 vero
3131 3674 3396 3747 Samuel.,

2095 3951 2171 4020 (4)
2196 3949 2464 4018 Quorsum
2479 3965 2596 4022 vero
2621 3949 2879 4022 animam,
2910 3948 3101 4022 inquit,
3127 3956 3235 4004 etc.
3282 3948 3601 4022 ’ᾼσὼματον

2017 4023 2131 4079 ὑπὸ
2152 4018 2204 4076 τί
2235 4019 2600 4084 Πλατωνικῶς
2633 4020 2997 4089 ἀποφαίνεται
3045 4021 3250 4091 αὐτήν;
3274 4018 3383 4091 Sic
3422 4018 3599 4078 inter-

2013 4093 2258 4164 rogative
2304 4092 2592 4164 legendum
2629 4091 2748 4164 ipsa
2776 4099 2960 4145 textus
2995 4092 3168 4146 series
3196 4090 3481 4164 exigit,_ut
3509 4093 3599 4149 hic

2015 4161 2246 4234 incipiat
2284 4161 2434 4232 loqui
2470 4161 2781 4234 Mctbodius
2812 4170 2866 4216 et
2892 4162 3332 4234 arguerepriora
3374 4161 3596 4232 (Photio

2012 4231 2207 4304 verbis
2250 4231 2521 4304 proximis
2561 4242 2871 4304 exponente
2912 4231 3168 4304 Methodii
3215 4234 3594 4304 sententiam),

2012 4320 2136 4376 quae
2183 4301 2446 4376 seliottns
2479 4310 2553 4376 ut_
2586 4301 2847 4376 Methodii
2877 4301 3186 4376 confundit,
3234 4303 3311 4356 illi
3351 4301 3596 4374 ascripta

2014 4371 2308 4438 sententia,
2339 4389 2503 4444 qnam
2541 4374 2590 4429 is
2612 4373 2727 4444 Asibi
2778 4371 3210 4444 impugnandam
3262 4371 3587 4443 assumpsit,

2010 4453 2067 4501 et
2114 4441 2387 4501 sententia
2436 4444 2555 4514 ipsa
2597 4441 2903 4514 Origenis‘:
2942 4441 3008 4496 'ut
3044 4443 3303 4497 nimirum
3348 4441 3513 4498 etiam
3557 4461 3592 4501 a

319 4517 705 4590 disputatALeo
732 4517 969 4590 Allatius
993 4519 1052 4590 in
1083 4532 1184 4572 suo
1210 4511 1515 4590 Eustathio,
1537 4511 1782 4590 tractatu
1815 4533 1910 4586 pe-
1940 4511 1985 4567 D
2013 4526 2214 4577 morte,
2262 4516 2374 4570 sint
2421 4511 2718 4590 animabus
2763 4521 3024 4590 tanquam
3087 4514 3490 4590 spiritualibus,
3538 4525 3594 4573 et

319 4585 519 4645 culiari
553 4588 621 4643 de
642 4603 718 4660 ea,
739 4604 799 4644 re
828 4590 885 4643 in
910 4587 1223 4660 Origenem,
1254 4587 1473 4659 qualem
1499 4587 1663 4660 etiam
1724 4585 1917 4643 noster
2016 4602 2138 4658 qua:
2169 4602 2277 4643 non
2311 4587 2522 4660 possint
2553 4588 2710 4660 aliter
2748 4586 2944 4660 teneri,
2976 4599 3073 4660 sua
3111 4585 3357 4660 vehicu:a
3386 4591 3596 4660 eteor-

320 4661 633 4718 Methodins
675 4657 1151 4724 elaboravit,'sed
1195 4657 1461 4714 hactenus
1506 4657 1912 4714 desideramus.

322 4733 448 4802 Ipse
476 4731 541 4784 D.
575 4728 965 4802 Thomasﬂ-ﬁﬁ,
996 4746 1052 4800 q.
1082 4728 1173 4802 95,
1198 4729 1329 4802 αι,
1362 4729 1504 4802 2._et
1535 4744 1590 4797 q.
1620 4727 1742 4802 επ.
1778 4729 1911 4802 n.5,

319 4798 377 4867 ξ,
400 4804 461 4858 in
491 4816 557 4857 ea
580 4801 727 4854 velut
755 4798 1029 4855 solutione
1059 4800 1314 4870 quiescit,
1342 4808 1404 4853 ut
1425 4798 1591 4853 fuerit
1615 4798 1775 4870 [ictus
1811 4798 1914 4854 Sa-

322 4873 491 4935 muel,
522 4886 585 4927 ea
612 4871 888 4926 solutione
918 4870 1209 4940 utrobique
1259 4871 1451 4924 ultimo
1483 4870 1605 4924 loco
1634 4869 1816 4940 allata,
1847 4885 1913 4925 ac

322 4944 568 5014 neoipsa
590 4941 925 5014 auctoritate
946 4942 1068 4996 libri
1098 4939 1307 5014 Eccles.
1332 4941 1586 5014 quteAsola
1621 4939 1909 5014 videbatur

321 5010 547 5140 pbstare
586 5013 644 5067 in
674 5027 690 5066 ι
722 5027 778 5082 p.
812 5012 1001 5077 tacita,
1038 5011 1136 5067 sed
1175 5019 1230 5066 et
1270 5012 1390 5083 ipsa
1416 5011 1611 5065 ultimo
1651 5010 1772 5064 loco
1814 5026 1910 5066 so-

346 5096 459 5140 uta.

346 5096 459 5140 uta.

397 5156 474 5225 (ὃ)
504 5153 582 5208 Ac
631 5153 893 5225 eamdem,
936 5151 1187 5225 nullaque
1220 5153 1474 5225 uarietate
1516 5152 1770 5225 partium.
1825 5150 1906 5225 ita

323 5223 651 5296 exponimus
692 5224 840 5293 quod
884 5224 1468 5296 legenduinduximus
1499 5223 1725 5294 ταυτήν,
1760 5224 1908 5277 velut

320 5294 426 5369 τῂν
452 5297 643 5369 αὐτήν,
668 5296 903 5369 eamdem
930 5297 1104 5363 ipsam
1131 5294 1233 5348 sibi
1263 5310 1282 5348 :
1311 5310 1422 5365 quo
1455 5295 1612 5369 longe
1644 5296 1799 5369 abest.
1846 5300 1906 5346 ut

323 5364 498 5421 videri
537 5364 710 5435 pussit
746 5381 809 5420 ea
840 5364 1037 5422 forma.
1069 5381 1177 5435 qua
1208 5381 1268 5421 se
1317 5364 1677 5435 aspectandas
1708 5365 1906 5417 animae

324 5452 436 5490 non
470 5434 598 5490 raro
639 5435 1020 5505 praebuerunt;
1061 5434 1208 5491 velut
1256 5434 1464 5490 retenta
1498 5434 1667 5504 priori
1721 5435 1904 5503 specie

324 5517 381 5562 et
408 5507 596 5563 habitu
621 5522 718 5561 seu
750 5506 1116 5567 lineamentis,
1152 5514 1374 5575 totaque
1401 5507 1648 5574 corporis
1678 5519 1902 5575 compo-

326 5578 549 5640 sitione,
572 5592 695 5646 qua:
728 5578 960 5646 partium
984 5577 1428 5646 Adissimiharium
1488 5576 1725 5646 propriis
1755 5575 1899 5630 notis

327 5644 601 5704 consistit.
656 5644 937 5706 Scbottns.
975 5644 1129 5701 Hanc
1160 5646 1325 5700 videri
1373 5644 1896 5712 demonstrationem,

330 5717 386 5769 in
411 5720 607 5788 quibus
664 5732 766 5788 ego
804 5718 986 5771 verbis
1035 5732 1104 5770 ne
1150 5717 1319 5770 hilum
1356 5731 1552 5773 sensus
1581 5718 1761 5783 video,
1797 5731 1896 5770 nec

332 5791 446 5843 Scio
475 5805 544 5844 an
576 5787 945 5861 perspicacior
976 5787 1115 5843 alius
1148 5788 1362 5842 viderit.

2016 4654 2150 4728 pora
2176 4675 2192 4723 ;
2222 4654 2387 4727 quam
2427 4656 2517 4728 ille
2539 4656 3010 4727 spiritualitatem,
3042 4654 3393 4711 incommodo
3415 4655 3590 4721 ducit,

2014 4727 2340 4784 existimans
2381 4727 2474 4782 illa
2518 4741 2802 4792 concessa,
2841 4741 2950 4781 non
2986 4739 3146 4795 posse
3192 4728 3431 4780 annnam
3464 4742 3590 4782 cum

2014 4813 2249 4869 corpore
2281 4805 2337 4853 et
2391 4796 2778 4852 aﬂectionibus
2827 4796 3102 4867 corporis,
3137 4798 3285 4851 velut
3318 4798 3587 4869 extranei,

2013 4861 2151 4923 allici
2181 4886 2194 4922 :
2227 4869 2372 4938 quod
2418 4875 2472 4938 et.
2501 4868 2849 4938 experientiae
2893 4861 3214 4922 adversatur
3241 4876 3294 4921 et
3335 4861 3588 4937 Scriptu-

2012 4939 2114 4993 ris.
2146 4937 2378 5002 Τὺ,“ὑπὸ
2408 4937 2482 5008 τί,
2513 4937 2827 5008 quanquam
2876 4939 3081 5000 rarius,
3118 4939 3424 5008 accipimus
3468 4939 3590 4993 ἀντὶ

2009 5009 2125 5075 τοῦ,
2156 5009 2306 5081 παρὰ
2332 5009 2404 5064 τί.
2441 5006 2608 5081 Forte
2657 5006 2786 5063 vero
2824 5010 3112 5081 scripserit
3160 5006 3467 5063 Methodius
3500 5009 3591 5064 ἵνα

2008 5081 2081 5132 si“
2115 5081 2199 5152 sic
2240 5080 2351 5152 nos
2411 5080 2613 5149 passim
2654 5080 3135 5152 παραγράμματα,
3174 5082 3226 5152 in
3271 5087 3589 5152 portentosa

2009 5151 2258 5222 quaedam
2291 5151 2599 5222 impellunt,
2648 5149 2934 5220 nunquam
2972 5149 3298 5222 auctoribus
3324 5149 3584 5222 cogitata.

2081 5222 2160 5293 (5)
2189 5219 2375 5293 Utjta
2415 5236 2543 5293 sane
2591 5218 2935 5293 consentanea
2972 5220 3149 5273 dictis.
3183 5220 3299 5293 Ἵνα
3341 5218 3413 5293 ον
3442 5219 3583 5273 ἀσώο

2010 5289 2177 5363 ματον
2208 5290 2357 5357 δόξαι
2402 5291 2593 5364 αὐτήν.
2634 5291 2979 5364 Htesohelius
3028 5290 3290 5364 putatae
3339 5289 3428 5364 ἰδία
3474 5306 3584 5346 non

2007 5358 2197 5419 carere
2218 5365 2382 5430 vitio;
2417 5358 2661 5417 sed'non
2700 5362 2906 5431 detegit
2939 5358 3041 5415 aut
3062 5360 3310 5431 corrigit.
3344 5358 3585 5416 Putare-

2005 5435 2108 5488 rim
2138 5449 2240 5504 ego
2274 5433 2561 5504 legendum
2587 5433 2663 5497 ὼς
2701 5432 2801 5504 vel
2832 5432 2962 5502 quid
2996 5432 3199 5504 simile,
3231 5439 3291 5484 ut
3312 5433 3427 5504 sit
3450 5445 3586 5504 con-

2003 5500 2198 5559 clusio'
2225 5500 2373 5558 illata
2402 5502 2625 5573 quidem
2658 5500 2919 5573 legitime,
2948 5510 3009 5573 ut
3052 5500 3274 5573 quidem
3309 5500 3585 5573 methodio

2001 5576 2253 5643 videtur;
2279 5575 2375 5630 sed
2404 5570 2470 5629 ex
2501 5573 2639 5627 l'also
2664 5570 3030 5635 antecedenti,
3069 5570 3213 5641 quod
3237 5571 3434 5629 deinde
3463 5572 3582 5629 vel-

2001 5655 2059 5699 nt
2095 5645 2472 5714 assumptione
2524 5643 2794 5708 destruat,
2830 5650 3043 5698 asserta
3069 5654 3272 5714 mutua
3314 5644 3403 5697 illa
3432 5644 3582 5714 velut

2000 5717 2237 5785 partium
2285 5711 2316 5770 ὸ
2347 5724 2545 5769 natura
2602 5714 2883 5768 unitarum
2936 5711 3194 5783 passione
3235 5728 3400 5781 quam
3451 5713 3580 5769 Ori-

1998 5802 2164 5858 genes
2193 5786 2443 5858 negabat.
