4110 6422
487 315 597 372 5‘27

1466 312 1525 365 S.
1570 309 1903 366 METHODII
1947 309 2258 364 EPISCOPI
2299 309 2387 364 ET
2427 308 2792 365 MARTYRIS

3657 309 3764 363 δῖε

487 436 683 508 possit.
718 436 813 490 Sin
838 445 1018 491 autem
1048 450 1154 490 una
1178 450 1303 490 cum
1336 450 1567 506 corpore
1596 435 1856 506 patiatur,
1891 443 1948 488 ut
1987 451 2069 489 eo-

2186 450 2354 503 ματον
2387 433 2535 499 δόξαι
2566 433 2734 504 αὐτὴν
2760 430 3069 495 ἀκολούθως
3096 434 3207 494 τοῖς
3238 430 3568 503 εἰρημένοις.
3607 428 3674 483 Ei
3705 427 3767 482 δὲ

489 539 611 579 rum
634 524 726 590 qui
759 532 1133 594 apparuerunt
1160 525 1473 579 testimonia
1505 525 1738 595 probant
1761 565 1775 588 ,
1802 525 1961 595 plane
1992 524 2076 577 in-

486 630 750 685 corporea
774 631 894 669 esse
918 617 1128 685 nequit.
1167 615 1309 685 Ergo
1349 617 1501 672 solus
1538 617 1681 671 Deus
1702 657 1717 679 ,
1761 625 1956 670 natura
1985 617 2072 669 in-

486 703 687 769 genita,
715 702 921 757 nullius
942 718 1126 773 egens,
1155 720 1219 757 ac
1253 704 1524 761 indefessa
1543 706 2070 773 celebratur;velut,

485 808 553 847 eo
588 793 918 858 invisibilis,
949 796 1092 865 quod
1122 796 1481 866 incorporeus
1516 819 1529 853 :
1565 798 1732 852 Deum
1789 800 1933 853 enim
1977 816 2072 852 ne-

488 901 573 937 mo
607 884 737 938 vidit
770 885 838 939 °‘.
870 885 1077 940 Animae
1110 903 1240 941 vero
1268 890 1337 941 ab
1362 889 1608 942 omnium
1637 898 1861 943 auclore
1893 899 2073 958 patre-

485 991 614 1046 que,
638 991 871 1047 corpora
898 978 1234 1049 intelligendi
1267 978 1523 1034 facultate
1552 981 1774 1050 prmdita
1805 986 1990 1041 editze,
2022 981 2078 1035 in

485 1068 737 1122 membra
792 1070 1021 1124 rationis
1070 1072 1231 1125 oculo
1291 1072 1678 1140 aspectabilia,
1743 1072 2079 1140 ejuscemodi

487 1158 857 1216 delineatione
903 1171 1149 1232 accepta,
1202 1163 1427 1234 digestae
1472 1171 1621 1219 sunt.
1655 1162 1809 1219 Unde
1846 1172 1901 1218 et
1934 1164 2079 1234 apud

489 1253 699 1310 inferos
721 1295 734 1318 ,
772 1263 830 1309 ut
876 1263 931 1309 et
980 1256 1034 1310 in
1078 1255 1286 1311 Lazaro
1320 1266 1373 1312 et
1403 1259 1572 1313 divite
1615 1258 1799 1313 videre
1830 1265 1936 1320 est,
1969 1258 2079 1311 lin-

486 1362 675 1420 guam,
694 1356 747 1401 et
765 1347 1016 1417 digitum,
1035 1357 1089 1402 et
1112 1349 1217 1403 alia
1241 1350 1483 1404 membra
1509 1349 2068 1405 reierunturhabere:

487 1456 596 1495 non
621 1441 764 1511 quod
782 1443 1018 1495 alienum
1037 1457 1237 1512 corpus
1257 1459 1380 1496 cum
1418 1444 1526 1498 illis
1543 1446 1771 1498 exsistat
1803 1442 2035 1496 informe
2053 1483 2069 1508 ,

486 1535 581 1589 sed
609 1535 752 1604 quod
785 1534 914 1604 ipsae
944 1535 1139 1589 anima:
1170 1535 1239 1590 ab
1284 1536 1432 1589 omni
1468 1543 1784 1605 legumento
1815 1537 2067 1602 nudatae,

488 1635 682 1682 natura
712 1644 812 1683 sua
837 1634 891 1682 et
920 1627 1223 1682 secundum
1255 1627 1620 1683 substantiam
1653 1630 1762 1684 sint
1792 1630 1951 1685 tales.

2184 526 2495 597 συμπάσχοι
2540 524 2619 595 τῷ
2663 525 2909 595 σώματι,
2953 524 3204 596 καθάπερ
3253 525 3346 577 καὶ
3386 523 3473 576 διὰ
3513 523 3614 593 τῆς
3646 522 3767 574 επι-

2183 619 2579 690 μαρτυρήσεως
2630 616 2738 669 τῶν
2778 617 3117 688 φαινομένων
3173 616 3572 676 ἀποδείκνυται,
3620 610 3768 695 ἀσφ-

2184 727 2352 780 ματος
2385 706 2523 762 εἶναι
2556 710 2617 763 οὐ
2646 709 2888 762 δύναται.
2942 710 3147 777 Ἥγουν
3180 708 3443 777 ἀγένητος
3475 707 3569 759 καὶ
3609 706 3766 758 ἀνεν-

2178 799 2303 871 δεὴς
2331 800 2426 853 καὶ
2454 800 2736 869 ἀκάματος
2765 798 2925 869 φύσις
2953 801 2981 851 ὁ
3009 799 3141 862 Θεὸς
3177 798 3335 868 μόνος
3369 797 3552 869 ᾄδεται
3572 811 3585 824 ⁸
3620 794 3766 850 ἀσώ-

2181 910 2349 962 ματος
2378 891 2471 946 ὢν,
2500 892 2580 945 διὸ
2609 891 2704 944 καὶ
2732 892 2981 960 ἀόρατος.
3006 889 3141 942 Θεὸν
3164 889 3273 961 γὰρ
3295 889 3470 951 οὐδεὶς
3497 888 3760 961 ἑώρακεν.

2177 983 2240 1034 Ai
2270 981 2326 1034 δὲ
2357 982 2526 1052 ψυχαὶ
2582 982 2691 1035 ἀπὸ
2738 980 2830 1035 τοῦ
2872 980 3203 1054 δημιουργοῦ
3251 982 3347 1035 καὶ
3398 981 3612 1054 Πατρὸς
3651 982 3763 1034 τῶν

2177 1074 2334 1139 ὅλων,
2363 1074 2592 1144 σώματα
2634 1073 2801 1145 νοερά
2830 1074 3197 1145 ὑπάρχουσαι,
3224 1076 3303 1138 εἰς
3335 1073 3479 1144 λόγῳ
3510 1073 3762 1145 θεωρητὰ

2183 1165 2321 1236 μέλη
2373 1165 2856 1239 διακεκόσμηνται,
2904 1166 3109 1237 ταύτην
3145 1166 3408 1221 λαϐοῦσαι
3446 1166 3545 1237 τὴν
3577 1167 3763 1221 διατύ-

2179 1270 2376 1307 πωσιν.
2422 1253 2585 1307 Ὅθεν
2630 1254 2724 1309 καὶ
2763 1257 2821 1308 ὲν
2850 1254 2927 1326 τῷ
2970 1256 3093 1328 ᾅδῃ,
3134 1255 3384 1328 καθάπερ
3412 1256 3507 1310 καὶ
3543 1258 3634 1310 ἐπὶ
3666 1257 3761 1311 τοῦ

2180 1348 2437 1423 Λαζάρου
2472 1350 2681 1404 καὶτοῦ
2713 1351 2992 1414 πλουσίου,
3018 1354 3111 1406 καὶ
3137 1352 3409 1420 γλῶσσαν,
3438 1355 3533 1406 καὶ
3560 1354 3761 1407 δάκτυ-

2178 1441 2288 1507 λον,
2316 1444 2409 1496 καὶ
2433 1441 2502 1495 τά
2524 1442 2659 1496 ἄλλα
2692 1443 2824 1514 μέλη
2858 1442 3192 1514 ἱστοροῦνται
3214 1442 3358 1514 ἔχειν
3375 1460 3391 1475 ο
3421 1445 3519 1515 οὐχ
3543 1444 3618 1508 ὡς
3645 1444 3764 1498 ἐτέ-

2182 1552 2276 1607 ρου
2317 1533 2567 1606 σώματος
2596 1536 3034 1608 συνυπάρχοντος
3061 1537 3253 1601 αὑταῖς
3280 1535 3511 1601 ἀειδοῦς,
3540 1536 3656 1590 ἀλλ’
3679 1538 3762 1590 ὅτι

2179 1620 2340 1680 αὗται
2378 1625 2539 1695 φύσει
2569 1627 2625 1680 αἱ
2668 1626 2858 1699 ψυχαὶ,
2894 1630 3113 1693 πάντως
3146 1628 3627 1700 ἀπγυμνωθεῖσαι
3665 1646 3764 1682 πε-

2178 1722 2533 1793 ριϐλήματος,
2572 1721 2824 1777 τοιαῦται
2854 1723 2995 1778 κατά
3026 1723 3127 1795 τὴν
3164 1722 3356 1777 οὐσίαν
3399 1723 3757 1794 ὑπάρχουσιν.

552 1805 669 1862 XX.
700 1806 860 1862 Addit
900 1808 955 1862 in
1000 1807 1106 1864 line
1137 1809 1219 1864 vir
1259 1817 1533 1865 sanctus:
1566 1809 1624 1864 Id
1671 1811 1817 1882 quod
1863 1813 2067 1869 dictum

2244 1818 2315 1869 K.
2361 1816 2485 1869 Ὅτι
2510 1817 2674 1888 φησὶν
2703 1820 2731 1871 ὁ
2756 1818 2908 1886 ἅγιος
2940 1820 2999 1871 ὲν
3029 1816 3201 1869 τέλει·
3235 1816 3400 1868 Ὥστε
3427 1811 3615 1867 τὸιδιά
3640 1813 3761 1867 τοῦ·

482 1907 568 1953 est
585 1900 670 1954 "'z
704 1898 769 1952 In
798 1900 894 1954 hoc
938 1900 1187 1956 Christus
1232 1910 1470 1956 mortuus
1505 1913 1602 1967 est,
1635 1913 1688 1956 ut
1735 1915 2063 1960 mortuorum

2177 1927 2233 1964 το
2276 1910 2511 1983 Χριστὸς
2559 1908 3269 1982 ἀπέθανειλεγόμενον,‹ἴνα
3296 1905 3514 1972 ζώντων
3551 1905 3645 1958 καὶ
3674 1921 3763 1960 νε-

480 1998 531 2042 et
554 1991 791 2043 vivorum
823 1990 1130 2046 dominetur
1151 2007 1170 2046 :
1206 1992 1275 2047 de
1319 1992 1609 2049 animabus
1635 2000 1689 2048 et
1739 1997 2068 2066 corporibus

481 2081 863 2152 accipiendum
890 2099 1014 2139 esse
1045 2103 1058 2139 :
1088 2084 1229 2141 vivis
1268 2085 1480 2141 scilicet
1526 2086 1835 2155 animabus,
1880 2098 2071 2160 utpote

480 2175 919 2243 immortalibus;
952 2177 1182 2232 mortuis
1207 2193 1335 2233 vero
1369 2180 1716 2249 corporibus.

553 2265 693 2320 XXI.
725 2266 884 2331 Cum,
918 2269 1115 2338 inquit,
1150 2270 1449 2324 humanum
1482 2286 1683 2341 corpus
1705 2270 1807 2343 (6),
1838 2272 2071 2328 aliorum

483 2357 805 2411 animalium
844 2360 1176 2428 corporibus
1208 2361 1279 2415 sit
1316 2360 1576 2424 nobilius,
1611 2362 1760 2416 velut
1793 2362 1939 2432 quod
1974 2362 2068 2418 Dei

491 2451 747 2506 manibus
791 2450 1011 2506 dicatur
1043 2452 1338 2508 formatum
1359 2496 1375 2520 ,
1419 2454 1747 2525 habeatque,
1780 2462 1841 2508 ut
1874 2457 2069 2511 animm

482 2541 769 2596 rationalis
805 2557 927 2613 quae
960 2550 1043 2597 est
1066 2542 1322 2607 nobilior,
1352 2543 1424 2600 sit
1459 2543 1767 2598 vehiculum
1795 2561 1809 2596 :
1833 2560 2069 2636 quomp-

482 2633 555 2687 do
585 2635 763 2705 ipsum
799 2635 1021 2706 quidem
1063 2644 1172 2692 tam
1204 2637 1387 2692 brevis
1428 2645 1514 2692 est
1554 2637 1678 2702 aevi,
1715 2655 1839 2694 cum
1875 2633 2069 2694 bruto-

483 2740 605 2779 rum
641 2727 1008 2796 quorumdam
1054 2743 1308 2799 corpora,
1347 2730 1471 2783 vitae
1510 2729 1621 2785 sint
1657 2732 1831 2785 multo
1858 2730 2072 2800 longio-

484 2816 601 2872 ris?
626 2815 767 2872 Num
792 2820 992 2889 palam,
1039 2820 1186 2889 quod
1220 2834 1251 2873 a
1284 2822 1711 2886 resurrectione,
1762 2821 2069 2876 substantia

480 2907 607 2978 ejus
626 2908 871 2979 longmva
900 2911 1085 2963 t‘utura
1105 2909 1216 2964 sit?

2174 2003 2323 2075 κρῶν
2367 2003 2783 2076 κυριεύσῃςιὲπὶ
2810 2003 2918 2057 τῶν
2956 2002 3144 2073 ψυχῶν
3183 2000 3278 2053 καὶ
3310 2000 3405 2052 ἐπὶ
3437 1998 3549 2050 τῶν
3577 1995 3765 2066 σωμά-

2176 2111 2283 2146 των
2337 2094 2753 2167 παραληπτέον
2804 2093 3022 2159 ζώντων
3085 2093 3183 2164 μὲν
3231 2089 3341 2144 τῶν
3370 2087 3580 2159 ψυχῶν,
3629 2086 3763 2142 καθὸ

2177 2184 2439 2240 ἀθάνατοι
2460 2204 2474 2216 ο
2501 2186 2710 2258 νεκρῶν
2732 2186 2789 2240 δὲ
2812 2186 2920 2239 τῶν
2954 2186 3241 2255 σωμάτων.

2250 2278 2381 2331 KA’.
2425 2280 2547 2331 Ὅτι
2579 2277 2674 2351 [εξ]
2698 2277 3021 2349 τιμιώτερον
3052 2276 3209 2347 σῶμα
3229 2274 3517 2347 ἀνθρώπου
3540 2270 3648 2326 τῶν
3670 2270 3763 2324 ἄλ-

2176 2366 2285 2421 λων
2312 2368 2487 2434 ζώων,
2516 2371 2599 2423 ὅτι
2627 2371 2783 2441 χερσί
2808 2387 2867 2423 τε
2897 2368 3032 2422 Θεοῦ
3057 2367 3277 2437 λέγεται
3308 2365 3639 2429 πεπλάσθαι,
3668 2364 3763 2417 καὶ

2175 2460 2257 2514 ὅτι
2286 2462 2614 2534 τιμιωτέρου
2653 2463 2752 2533 τῆς
2792 2462 3019 2532 λογικῆς
3046 2460 3227 2531 ψυχῆς
3260 2460 3524 2531 τετύχηκε
3557 2458 3765 2527 ὀχήμα-

2174 2568 2268 2616 τος
2288 2570 2303 2583 ·
2356 2554 2474 2618 πῶς
2521 2554 2679 2608 τοῦτο
2727 2554 2828 2625 μὲν
2860 2555 3243 2626 ὀλιγοχρόνιον,
3276 2548 3493 2622 ἀλόγων
3519 2550 3576 2604 δέ
3599 2566 3762 2603 τινων

2178 2643 2683 2715 πολυχρονιώτερας
2719 2646 2789 2698 Ἢ
2815 2645 2973 2716 δῆλον
3003 2645 3079 2709 ὡς
3115 2647 3148 2716 ἡ
3187 2644 3378 2698 τούτου
3412 2640 3762 2716 πολυχρόνιος

2179 2736 2411 2812 ὓπαρξις
2437 2739 2577 2811 μετὰ
2604 2738 2705 2810 τὴν
2730 2740 3028 2795 ἀνάστασιν
3061 2737 3211 2792 ἔσται
3235 2754 3251 2805 ;

1094 3176 1160 3243 S.
1199 3174 1642 3238 METHODII
1673 3176 1784 3237 DE
1811 3176 2057 3240 JON/E

2177 3178 2496 3241 'STORIA
2528 3181 2585 3242 F
2586 3182 2688 3243 ΒΑ
2700 3180 3062 3245 GMENTU
3064 3181 3136 3241 Μ
3138 3227 3151 3241 .

1635 3327 1731 3392 Ex
1767 3330 1933 3393 libro
1972 3332 2064 3392 De
2104 3333 2612 3396 resurrectione.

488 3568 868 3635 (Fragmentum
911 3565 1048 3635 istud
1070 3565 1510 3635 V_I.atl-ne_pro_fert
1534 3565 1927 3635 combetisjusjp
1960 3564 2261 3635 Bibliotheca
2281 3563 2659 3635 concionqtoria,
2681 3572 2799 3635 tom.
2831 3566 2889 3623 Π,
2935 3579 2983 3635 p.
3012 3564 3105 3613 265
3129 3578 3226 3635 seq.
3264 3570 3315 3635 et
3338 3578 3403 3635 ex
3426 3565 3734 3635 golcalland.

542 3626 717 3691 Gréca
748 3642 808 3677 ex
834 3628 945 3691 cod.
990 3627 1150 3691 Yatic.
1186 3627 1275 3691 161
1287 3626 1545 3691 [exhibet
1568 3628 1738 3678 Simon
1762 3630 1825 3678 de
1866 3628 2115 3691 magistris
2136 3629 2185 3680 iu
2213 3629 2341 3679 libro
2363 3633 2442 3679 cui
2470 3627 2645 3677 titulus
2669 3642 2681 3675 :
2708 3631 2829 3678 Acta
2855 3626 3129 3691 martyrwn
3162 3628 3226 3676 ad
3268 3626 3396 3677 Ostia
3423 3626 3653 3679 Tiberim

542 3688 748 3742 Claudio
764 3688 978 3740 Gothico.
1002 3689 1171 3739 Romae
1192 3688 1334 3751 1792,
1358 3692 1411 3738 in
1434 3690 1542 3751 fol.,
1559 3691 1790 3754 Append.
1817 3705 1866 3754 p.
1892 3686 2029 3751 462.:

818 3955 1074 4012 Melltodii
1098 3958 1326 4028 episcopi
1360 3955 1707 4016 Patarorum.

548 4047 592 4106 1.
621 4048 876 4120 Magnum
920 4066 1140 4121 quoque
1180 4050 1427 4106 continet
1453 4052 1772 4124 mysterium
1794 4051 1948 4108 Jonas
1978 4053 2066 4108 bi-

479 4143 676 4199 storia.
720 4141 950 4198 Videtur
991 4144 1137 4199 enim
1181 4158 1277 4213 per
1321 4153 1501 4198 cetum
1543 4152 1760 4216 tempus
1813 4146 2066 4219 intelligi,

480 4236 629 4308 quod
660 4250 945 4307 nunquam
978 4236 1269 4300 consistat,
1301 4236 1394 4291 sed
1427 4251 1646 4309 semper
1676 4238 1917 4306 labatur,
1950 4240 2070 4295 lon-

479 4329 674 4399 gisque
702 4342 767 4384 ac
800 4328 1146 4383 brevioribus
1168 4328 1482 4386 interstitiis
1511 4337 1713 4386 cuncta
1756 4338 2064 4385 consumat.

480 4422 585 4489 Qui
614 4429 797 4478 autem
834 4419 1004 4478 Jonas
1033 4421 1222 4494 fugita
1253 4421 1393 4478 facie
1422 4422 1538 4487 Dei,
1572 4424 1691 4495 ipse
1729 4424 1821 4479 ille
1854 4423 2066 4493 primus

479 4514 646 4570 homo
672 4522 778 4580 est,
804 4515 919 4586 qui,
941 4513 1259 4571 mandatum
1285 4524 1687 4588 transgressus,
1721 4531 1787 4571 ac
1814 4532 1912 4587 per
1940 4530 2069 4587 pec-

478 4614 664 4664 catum
707 4607 910 4664 amissa
946 4607 1214 4665 adversus
1255 4607 1427 4663 Deum
1471 4608 1690 4676 ﬁducia,
1732 4608 1918 4664 nudus
1962 4608 2065 4662 im-

478 4699 816 4755 mortalitate
838 4700 918 4754 illi
941 4715 1002 4756 se
1031 4715 1219 4757 coram
1249 4701 1445 4758 sistere
1468 4699 1691 4770 refugit.
1711 4699 1878 4756 Navis
1896 4714 2064 4770 quam

478 4791 862 4848 conscendens
911 4800 1233 4865 tempestate
1267 4793 1508 4863 iactatus
1559 4799 1665 4857 est,
1706 4793 1892 4848 brevis
1947 4793 2064 4847 haec

478 4893 567 4941 est
618 4899 684 4940 ac
716 4899 935 4940 morosa
980 4885 1270 4955 praesentis
1313 4884 1575 4956 temporis
1611 4886 1759 4955 vita;
1802 4893 2062 4958 tanquam

481 4977 743 5031 nimirum
773 4984 1091 5033 nostrarum
1138 4992 1323 5033 rerum
1354 4985 1565 5034 mutato
1597 4986 1771 5044 statu,
1802 4994 1867 5033 ac
1908 4979 2003 5050 qui
2032 4993 2066 5032 a

484 5069 767 5135 felicitate,
800 5076 1029 5141 tutaque
1077 5070 1171 5125 illa
1213 5086 1243 5125 a
1274 5071 1535 5141 periculis
1576 5073 1711 5137 vita,
1757 5071 1826 5127 ad
1873 5073 2068 5128 turbu-

483 5161 686 5217 lentam
716 5176 782 5217 ac
807 5161 1120 5219 instabilem
1155 5162 1298 5218 hanc
1330 5163 1501 5218 veluti
1530 5178 1561 5218 a
1585 5172 1730 5221 terra
1754 5165 1810 5219 in
1839 5166 2070 5220 navicu-

566 5316 614 5349 ⁸⁸
632 5315 799 5376 Joan.
824 5334 864 5387 I,
907 5318 997 5374 18.
1102 5319 1146 5350 ⁸³⁷
1176 5316 1329 5373 Rom.
1362 5335 1477 5386 x1v,
1514 5318 1569 5375 9.

560 5472 637 5546 (6)
663 5472 799 5549 Cgm
827 5475 1021 5549 inquit,
1051 5475 1341 5549 [romanum
1360 5465 1576 5549 corpus.
1599 5473 1723 5529 Ὀτι
1757 5473 1852 5549 [εἰ]
1871 5476 2075 5549 τιμιώ-

560 5493 637 5546 {oy
663 5493 799 5530 eum
827 5493 1021 5546 inquit,
1051 5493 1341 5530 numanum
1360 5493 1570 5546 corpus.
1611 5493 1723 5529 υτι
1758 5493 1852 5549 [ει]
1884 5493 2073 5600 τιμιω-

487 5561 668 5617 τερον.
700 5545 817 5617 Non
868 5546 1031 5602 habet
1060 5546 1226 5602 Sirm.
1255 5546 1338 5610 τὸ,
1373 5548 1444 5611 ει,
1472 5555 1531 5601 et
1566 5547 1834 5616 impressa
1871 5547 1937 5600 ba
1979 5552 2073 5600 ent

489 5615 760 5672 clausum.
797 5615 1040 5688 Sebotto
1057 5617 1278 5674 videtur
1303 5617 1592 5688 legendum
1626 5615 1683 5688 ἦ,
1717 5625 1943 5688 propter
1975 5630 2066 5670 se-

488 5700 687 5758 quens,
734 5687 931 5757 inquit.
961 5687 996 5758 ἦ
1023 5687 1205 5758 δῆλον
1239 5686 1402 5758 quem
1436 5697 1616 5741 tamen
1651 5686 1792 5741 inde
1823 5686 2062 5742 sensum

489 5756 676 5813 eliciat
705 5765 758 5814 et
787 5756 937 5826 velit,
984 5756 1119 5813 mihi
1147 5756 1433 5829 Ibac’tenus
1468 5758 1895 5829 imperspectum
1940 5763 2063 5827 est;

2644 3951 2938 4008 Μεθοδίου
2970 3950 3275 4019 Πατάρων.

2242 4048 2323 4100 A'.
2365 4044 2617 4118 Περιέχει
2663 4044 2721 4097 δὲ
2760 4045 2855 4098 καὶ
2909 4043 3052 4114 μέγα
3088 4044 3384 4115 μυστήριον
3426 4047 3459 4117 ἡ
3497 4044 3639 4099 κατὰ
3666 4044 3760 4098 τὸν

2185 4143 2370 4197 Ἰωνᾶν
2416 4138 2647 4212 ἱστορία.
2677 4140 2861 4191 Ἔοικε
2889 4137 2999 4209 γὰρ
3045 4138 3106 4191 τὸ
3145 4138 3242 4208 μὲν
3272 4138 3438 4210 κῆτος
3468 4139 3701 4195 νοεῖσθαι
3727 4140 3760 4194 ό

2172 4237 2381 4309 χρόνος,
2410 4234 2507 4288 ἅτε
2544 4232 2811 4304 μηδέποτε
2841 4230 3033 4297 ἑστὼς,
3062 4232 3199 4285 ἀλλά
3242 4232 3608 4303 πορευόμενος
3647 4232 3757 4299 ἀεὶ,

2173 4330 2265 4385 καὶ
2294 4325 2687 4382 καταδαπανῶν
2710 4325 2779 4378 τὰ
2802 4327 3114 4395 γεννώμενα
3153 4328 3385 4397 μακροῖς
3414 4344 3474 4379 τε
3503 4326 3600 4381 καὶ
3627 4325 3760 4399 βρα-

2172 4422 2419 4493 χυτέροις
2444 4421 2828 4491 διαστήμασιν.
2846 4418 2905 4472 Ὀ
2923 4418 2981 4471 δὲ
3010 4417 3437 4486 φεύγων·Ἱωνᾶς
3459 4418 3567 4472 ἀπὸ
3592 4433 3763 4489 προσ-

2170 4514 2322 4570 ώπου
2362 4513 2456 4567 τοῦ
2504 4512 2664 4577 Θεοῦ,
2688 4511 2850 4575 αὐτὸς
2890 4512 3095 4575 ἐκεῖνος
3142 4513 3171 4564 ό
3210 4510 3425 4582 πρῶτος
3474 4510 3760 4582 ἄνθρωπος

2170 4606 2445 4677 ἀθετήσας
2505 4604 2602 4675 τὴν
2651 4604 2875 4676 ἐντολὴν
2922 4603 3121 4674 ἔφυγεν
3171 4603 3476 4675 ἀφθαρσίας
3527 4603 3759 4674 ὀφθῆναι

2170 4697 2400 4769 γυμνὸς,
2428 4696 2528 4769 τὴν
2557 4697 2694 4770 πρὸς
2723 4695 2785 4749 τὸ
2812 4696 2967 4750 Θεῖον
2995 4697 3100 4749 ὑπὸ
3126 4697 3224 4767 τῆς
3247 4695 3521 4768 ἁμαρτίας
3544 4696 3761 4767 παρῤθ·

2173 4792 2294 4845 σίαν
2325 4791 2702 4862 ἀφῃρημένος.
2730 4789 2804 4844 Τὸ
2846 4790 2904 4844 δὲ
2933 4789 3116 4844 πλοῖον
3146 4792 3225 4853 εἰς
3254 4790 3282 4843 ὃ
3311 4789 3506 4853 ἐπιϐὰς
3539 4788 3762 4859 ἐχειμά-

2172 4884 2316 4949 ζετο,
2335 4887 2367 4957 ἡ
2392 4883 2532 4938 κατὰ
2550 4884 2641 4937 τὸν
2664 4883 2907 4955 παρόντα
2921 4883 3118 4954 καιρὸν
3136 4881 3431 4953 βραχύὸιός
3447 4883 3594 4934 ἐστιν
3620 4880 3761 4949 αὓτη

2173 4982 2269 5035 καὶ
2298 4981 2627 5054 δυσάρεστος
2660 4980 2772 5051 ζωή
2789 4998 2802 5010 ·
2833 4973 2944 5034 οἷον
2971 4978 3286 5050 τραπέντων
3314 4976 3605 5049 ἡμῶν,καὶ
3632 4993 3763 5047 μετ-

2173 5074 2623 5127 αναστευσάντων
2667 5073 2776 5126 ἀπὸ
2820 5072 2921 5143 τῆς
2988 5072 3392 5144 μακαριότητος
3422 5069 3640 5139 ἐκείνης
3672 5068 3766 5121 καὶ

2177 5167 2462 5221 ἀκινδύνου
2507 5166 2653 5237 ζωῆς
2696 5168 2778 5232 εἰς
2820 5167 2915 5219 τὸν
2960 5163 3526 5236 πολυχειμαστότατον
3577 5160 3769 5214 τοῦτον

2183 5475 2386 5545 alioqui
2419 5475 2568 5529 clara
2614 5475 2823 5537 littera,
2868 5475 2985 5531 sive
3032 5476 3163 5531 illud
3190 5478 3239 5530 εἰ
3279 5478 3619 5540 retineatur,
3651 5475 3764 5530 sive

2180 5562 2291 5616 non
2320 5561 2333 5597 :
2367 5561 2477 5615 quo
2524 5557 2701 5601 tamen
2754 5548 3001 5612 omisso,
3045 5559 3193 5602 esset
3246 5548 3622 5603 subnectenda
3662 5545 3764 5616 τῷ,

2179 5615 2317 5688 πῶς,
2348 5616 2618 5688 particula
2659 5616 2737 5688 δέ,
2773 5626 2868 5670 aut
2904 5616 3119 5673 similis.
3154 5616 3502 5673 Postremum
3541 5615 3764 5688 veroﬁ,

2176 5686 2364 5761 liquet‘
2389 5686 2770 5761 accipiendum
2812 5688 3225 5759 interrogative,
3282 5689 3533 5760 solvique
3571 5702 3640 5746 eo
3675 5686 3759 5742 iu-

2175 5757 2394 5813 ductam
2424 5756 2839 5813 dubitationem.
