4110 6410
369 377 493 430 39.9

1392 384 1405 390 '
1454 376 1543 430 ΕΞ
1584 377 1784 432 LIBRO
1815 377 1899 431 DE

2032 375 2536 435 SURRECTlONE;
3481 389 3567 441 π

378 492 491 565 βίον
525 493 618 545 καὶ
659 492 1049 557 ἀκατάστατον,
1072 493 1318 562 καθάπερ
1346 493 1452 546 ἀπὸ
1479 493 1584 563 γῆς
1616 497 1695 559 είς
1728 496 1925 548 πλοῖον.

2032 493 2138 547 lam
2168 492 2725 563 eommigraverimus.
2757 492 2913 559 Quod
2936 493 3080 549 enim
3113 501 3258 549 terra
3291 491 3358 549 ad
3384 497 3589 564 navim,

383 589 447 639 Ὃ
466 586 535 652 γά
542 601 573 654 ρ
602 583 780 638 πλοῖον
805 585 939 653 πρὸς
965 584 1088 653 γῆν,
1110 582 1265 636 τοῦτο
1284 586 1312 637 ὁ
1340 585 1526 655 παρὼν
1560 586 1669 655 βίος
1691 586 1826 657 πρὸς
1848 588 1937 640 τὸν

377 677 655 730 ἀθάνατον.
673 676 731 729 ὐ
769 675 823 730 δὲ
857 678 1061 747 χειμὼν
1102 678 1195 730 καὶ
1226 679 1281 730 αἱ
1311 677 1785 748 ὲπισυνιστάμεναι
1814 676 1936 730 καθ’

378 767 529 837 ήμῶν
557 767 816 830 λαίλαπες
838 768 971 820 εἰσὶν
991 770 1038 820 oi
1065 767 1297 821 ἐνταῦθα
1325 767 1615 839 πειρασμοί
1636 785 1648 798 ·
1672 768 1859 840 ὥσπερ
1881 770 1938 821 ὲν

376 857 603 912 κλύδωνι
646 857 727 929 τῷ
766 858 972 929 κόσμῳ,
1000 858 1219 922 ἀλύπως
1263 859 1781 940 εὐθυδῳμῆσαιὶτὸν
1825 861 1938 931 βίον

376 950 522 1019 ἡμᾶς
554 949 612 1000 ἐν
637 947 839 1021 γαλήνῃ
858 948 951 1000 καὶ
978 949 1207 1020 νηνεμίᾳ
1224 949 1406 1003 κακῶν
1435 949 1508 1021 μὴ
1532 952 1936 1021 ἐπιτρέποντες.

384 1037 450 1089 Ἦ
480 1036 537 1088 δὲ
566 1035 674 1089 ἀπὸ
703 1034 797 1088 τοῦ
828 1035 1012 1089 πλοίου
1043 1039 1121 1099 είς
1156 1038 1255 1107 τὴν
1295 1036 1567 1092 θάλασσαν
1605 1040 1816 1111 ἔκριψις
1844 1042 1938 1095 τοῦ

387 1124 542 1178 Ἰωνᾶ
566 1125 897 1197 γεγενημένη
929 1127 1026 1198 τὴν
1055 1127 1162 1199 ἀπὸ
1187 1127 1279 1179 τοῦ
1312 1125 1410 1197 ζῇν
1432 1128 1511 1190 εἰς
1534 1128 1594 1182 τὺ
1620 1130 1936 1201 τελευτῆσαι

374 1214 468 1268 τοῦ
502 1215 924 1287 πρωτοπλάστου
948 1217 1097 1288 δηλοί
1118 1219 1477 1288 μετάπτωσιν,
1506 1220 1831 1290 ἀποφάσεως
1854 1238 1940 1276 τυ-

377 1306 578 1375 χόντος,
611 1307 726 1361 ἀνθ’
754 1300 828 1361 ὧν
870 1310 1186 1381 ἁμαρτήσας
1215 1311 1423 1381 ἀπέδρα
1451 1311 1550 1381 τῆς
1576 1312 1936 1385 δικαιοσύνης,

372 1394 457 1460 τὸ,
487 1392 575 1463 Γῆ
602 1393 779 1451 εἶκαὶ
803 1400 889 1465 εις
923 1399 1040 1468 γῆν
1070 1401 1395 1469 ἀπελεύσῃ.
1436 1403 1511 1463 Τὸ
1540 1403 1597 1457 δὲ
1628 1406 1938 1477 καταποθῆ-

373 1502 461 1540 ναι
489 1488 649 1566 αὑτὸν
672 1489 776 1542 ὑπὸ
803 1489 894 1542 τοῦ
928 1490 1144 1562 κήτους,
1168 1493 1266 1563 τὴν
1310 1493 1414 1546 ὑπὸ
1441 1494 1533 1547 τοῦ
1560 1496 1750 1566 χρόνου
1786 1514 1941 1566 γεγε-

372 1564 614 1660 νημένην
657 1580 1028 1651 ἀπαραίτητον
1073 1583 1227 1653 ήμῶν
1253 1584 1401 1656 δηλοῖ
1426 1564 1809 1659 ἀναίρεσινΆΗ
1831 1564 1938 1660 γάρ

372 1658 569 1730 κοιλία,
604 1669 693 1737 ὑφ’
725 1663 792 1741 ἦς
822 1670 1095 1743 ὲκαλύφθη
1127 1675 1452 1740 καταποθεὶς
1475 1679 1503 1729 ὁ
1531 1658 1728 1743 Ἰωνᾶς,
1749 1682 1781 1751 ἡ
1806 1658 1941 1732 πανζ

369 1757 589 1828 τοδόχος
618 1760 732 1813 ἐστὶ
771 1762 861 1833 γῆ,
892 1763 959 1816 τὰ
991 1764 1095 1817 ὑπὸ
1122 1764 1214 1817 τοῦ
1243 1768 1432 1837 χρόνου
1471 1770 1605 1821 δαῖε..
1641 1772 1822 1841 ώμενα
1853 1762 1940 1824 δεὲ

366 1850 599 1919 χομένη.

390 1946 397 1949 “
445 1939 517 1994 Β’.
560 1941 823 2015 Καθάπερ
870 1938 961 1998 οὖν
1004 1945 1204 2012 Ἰωνᾶς,
1235 1947 1292 2001 ὲν
1324 1951 1388 2020 τῇ
1418 1950 1593 2021 κοιλίᾳ
1614 1950 1707 2003 τοῦ
1740 1952 1936 2023 κήτους

365 2032 522 2102 τρεῖς
552 2032 763 2104 ἡμέρας
795 2028 1133 2108 ἐνδιατρίῷας
1164 2040 1256 2092 καὶ
1286 2030 1485 2102 νύκτας
1522 2042 1806 2109 τοσαύτας,
1837 2040 1934 2098 αὖ·

363 2121 457 2189 Θις
490 2124 645 2196 ὑγιὴς
691 2127 955 2200 ἀπεδόθη·
989 2128 1130 2183 οὕτω
1174 2130 1229 2184 δὲ
1273 2133 1366 2185 καὶ
1410 2128 1629 2199 πάντες,
1663 2127 1761 2200 τάξ
1790 2141 1945 2207 τρεῖς·

362 2213 467 2267 τοῦ
489 2216 752 2286 παρόντος
773 2219 965 2283 αἰῶνος
988 2220 1293 2287 διαστάσεις
1319 2225 1641 2294 ποιήσαντες
1669 2229 1726 2281 ὲν
1749 2231 1814 2299 τῇ
1841 2232 1933 2301 γῇ,

362 2304 547 2376 ἀρχὴν
578 2306 739 2375 λέγω,
775 2310 866 2362 καὶ
894 2312 1163 2382 μεσότητα
1191 2315 1286 2366 καὶ
1316 2314 1486 2380 τέλος,
1515 2317 1572 2383 ἐξ
1612 2311 1688 2372 ὧν
1720 2320 1936 2389 σύγκει-

361 2409 462 2447 ται
495 2396 602 2459 πᾶς
627 2391 779 2461 οὗτος
817 2400 846 2452 ό
891 2400 1080 2471 παρὼν
1102 2400 1307 2473 χρόνος,
1339 2406 1769 2480 ἀναστησόμεθα.
1800 2412 1938 2483 Τρία

362 2484 481 2558 γὰρ
524 2488 783 2544 καθολικά
824 2488 1014 2563 χρόνου
1055 2494 1409 2567 διαστήματα,
1445 2502 1808 2572 παρῳχηκὼς,
1844 2506 1937 2557 καὶ

368 2578 605 2663 μέλλων,
639 2582 732 2634 καὶ
760 2582 966 2654 παρών.
1005 2586 1114 2638 Καὶ
1145 2586 1231 2640 διὰ
1261 2587 1416 2642 τοῦτο
1447 2591 1538 2643 καὶ
1572 2593 1601 2644 ό
1625 2592 1826 2663 Κύριος
1850 2613 1938 2649 το-

367 2660 579 2735 σαύτας
608 2673 818 2744 ἡμέρας
843 2674 1180 2746 συμϐολικῶς
1209 2676 1437 2750 ποιήσας
1466 2683 1606 2755 ἐντῇ
1636 2660 1936 2754 γῇ-ὲδίδαξε

366 2763 590 2832 σαφῶς,
639 2766 741 2831 ὅτι,
788 2766 1177 2838 πληρωθέντων
1223 2771 1330 2826 τῶν
1382 2766 1791 2846 προειρημένῶν
1841 2777 1935 2830 τοῦ

365 2853 560 2923 χρόνου
604 2855 1003 2929 διαστημάτων,
1043 2860 1190 2915 ἔσται
1234 2864 1388 2934 ήμῶν
1422 2867 1454 2936 ή
1492 2867 1806 2934 ἀνάστασις,
1841 2869 1934 2924 τοῦ

368 2944 658 3014 μέλλοντος
708 2949 808 3019 μὲν
856 2952 996 3024 ἀρχὴ
1039 2953 1230 3018 αἰῶνος
1277 2952 1610 3028 ὑπάρχουσα,
1641 2960 1830 3014 τούτου
1878 2962 1935 3017 δὲ

369 3034 541 3099 τέλος.
561 3037 647 3091 Ἐν
681 3040 835 3094 αίῶνι
860 3042 966 3115 γάρ
997 3040 1120 3098 οὔτε
1151 3046 1447 3119 παρῴχηκὲ
1477 3068 1550 3114 τι,
1579 3050 1701 3104 οὔτε
1731 3053 1931 3122 μέλλει,

372 3124 509 3179 ἀλλά
540 3128 695 3197 μόνον
721 3129 1170 3203 ὑφέστηκεν.Ἔτι
1194 3138 1221 3189 ό
1246 3138 1445 3203 Ἰωνᾶς,
1472 3142 1530 3193 ὲν
1555 3144 1619 3213 τῇ
1643 3144 1817 3215 κοιλίᾳ
1840 3142 1935 3198 τοῦ
1961 3173 2003 3230 C

373 3219 571 3289 κήτους
599 3225 748 3293 τρεῖς
778 3226 990 3296 ἡμέρας
1022 3229 1114 3281 καὶ
1157 3228 1302 3302 τρεῖς
1345 3231 1543 3297 νύκτας
1583 3237 1834 3308 ποιήσας,
1874 3239 1934 3291 οὐ

374 3311 706 3384 κατεφθάρη,
741 3319 1147 3388 συντηκομένων
1191 3321 1336 3392 αὐτῷ
1381 3322 1489 3377 τῶν
1537 3327 1750 3398 σαρκῶν
1796 3329 1936 3383 κατά

375 3493 693 3562 φερομένων
735 3495 1035 3567 βρωμάτων
1079 3501 1167 3555 διὰ
1216 3506 1316 3575 τὴν
1348 3506 1566 3563 πλείονα
1608 3513 1666 3563 ὲν
1704 3516 1818 3576 τοῖς
1857 3515 1936 3566 ὲν-

374 3580 551 3675 ύδροις
581 3582 906 3656 θερμότητα,
927 3589 1014 3643 ἵνα
1040 3590 1245 3665 δειχθῇ,
1271 3596 1350 3649 ὅτι
1373 3597 1595 3653 δύναται
1622 3598 1757 3655 εἷναι
1780 3603 1935 3675 ήμῶν

372 3671 442 3763 τά
482 3674 709 3745 σώματα
735 3679 906 3733 ταῦτα
939 3683 1237 3756 ἀνώλεθρα.
1265 3688 1393 3742 Νόει
1419 3691 1526 3762 γάρ
1574 3710 1661 3763 μοι
1684 3694 1776 3748 τὸν
1802 3671 1937 3750 δεον

371 3762 470 3827 τὰς
504 3765 602 3835 μὲν
637 3766 712 3831 ὡς
738 3769 846 3823 ἀπὸ
873 3772 1071 3842 χρυσοῦ
1095 3762 1604 3850 κατεσκευασμένας
1634 3782 1775 3854 ἔχειν
1800 3786 1936 3839 είκό-

370 3870 466 3947 νας
490 3857 680 3947 ἑαυτοῦ
706 3860 814 3913 ἀπὸ
844 3861 945 3932 τῆς
987 3869 1358 3939 πνευματικῆς
1404 3871 1795 3947 καθαρωτέρας
1839 3878 1932 3932 ού-

372 3944 509 4009 σίας,
535 3941 645 3999 οἷον
655 3951 797 4040 -τοὺς
821 3952 1079 4022 ἀγγέλους
1101 3972 1115 3986 ο
1148 3958 1247 4022 τὰς
1270 3959 1326 4012 δὲ
1352 3941 1676 4033 ῶσπερ-ἀπὸ
1694 3941 1873 4037 γύψου
1897 3968 1929 4040 ἢ

368 4036 735 4129 χαλκοῦ,Δοῖον
761 4045 929 4113 ἡμᾶς.
966 4045 1056 4117 Τῷ
1085 4050 1256 4121 γηΐνῳ
1280 4051 1389 4123 γὰρ
1426 4053 1525 4124 τὴν
1554 4054 1729 4128 ψυχὴν
1755 4036 1930 4129 ἥνωσε

368 4120 466 4194 τὴν
495 4126 614 4178 κατ’
647 4129 829 4182 εἰκόνα
878 4130 1013 4186 Θεοῦ
1060 4120 1580 4212 γεγενημένην.
1755 4120 1935 4211 πάσας

367 4213 602 4311 ἐνταῦθα
630 4217 721 4311 τοῦ
751 4220 1012 4290 βασιλέως
1035 4227 1132 4290 τὰς
1172 4231 1385 4295 εἰκόνας
1410 4235 1669 4305 τιμᾶσθαι
1696 4240 1800 4311 χρὴ
1845 4241 1933 4294 διὰ

366 4306 468 4378 τὴν
499 4306 557 4361 ὲν
587 4310 773 4375 αὐταῖς
808 4315 1037 4387 μορφὴν,
1068 4319 1207 4373 οὓτω
1233 4321 1294 4392 δὴ
1323 4325 1412 4377 καὶ
1441 4327 1584 4396 ἡμᾶς
1623 4306 1932 4385 ἀνένδεκτόν

369 4397 486 4459 ἐστι
516 4400 649 4495 θεοῦ
678 4406 890 4467 εἰκόνας
910 4410 1249 4482 ὑπάρχοντας
1273 4418 1407 4488 πρὸς
1427 4418 1697 4475 ἀπώλειαν
1719 4424 1794 4487 ὡς
1823 4425 1938 4495 ήτι-

2037 583 2141 639 boe
2168 572 2407 656 praesens
2446 584 2556 638 vita
2584 592 2688 649 est,
2723 584 2770 640 si
2806 593 3152 655 comparetur
3194 576 3319 641 eum
3346 582 3450 641 illa
3484 587 3587 641 im-

2036 678 2276 733 mortali.
2305 676 2621 748 Tempestas
2653 685 2832 732 autem
2876 692 2943 732 ae
2988 679 3233 734 turbines
3264 679 3447 733 navim
3482 695 3587 734 un-

2036 766 2200 835 dique
2228 774 2679 837 conquassantes,
2715 769 3041 824 tentationes
3070 777 3218 835 sunt,
3250 785 3371 840 qua:
3396 770 3452 824 in
3481 770 3587 824 hoc

2039 853 2263 925 mundo,
2300 862 2555 924 tanquam
2602 855 2657 908 in
2700 862 2937 911 aestuoso
2981 871 3045 911 ac
3071 858 3380 913 turbulento
3428 861 3586 923 mari,

2038 932 2378 997 rectum'nos
2403 942 2528 998 vita:
2554 958 2776 999 cursum
2809 945 2998 1003 faciles
3028 955 3232 1011 tenere,
3268 951 3589 1020 tranquillo-

1997 1046 2144 1101 -que
2172 1046 2203 1086 a
2230 1033 2390 1089 malis
2433 1040 2549 1088 tum
2591 1049 2828 1105 aequore,
2866 1048 2976 1091 tum
3027 1040 3167 1093 coelo
3193 1041 3429 1110 gaudere
3480 1058 3589 1098 non

2039 1123 2247 1178 sinunt.
2286 1121 2438 1179 Jonas
2484 1124 2541 1181 in
2584 1140 2733 1180 mare
2770 1127 3145 1198 praecipitatio,
3200 1133 3522 1200 protoplasti
3563 1150 3591 1186 τι

2038 1209 2147 1265 vita
2176 1211 2232 1265 in
2274 1220 2503 1267 mortem
2541 1213 2752 1283 lapsum
2781 1215 3030 1286 designat
3056 1233 3069 1269 :
3103 1219 3198 1288 qui
3228 1220 3432 1276 ideirco
3463 1220 3589 1291 quia

2037 1304 2312 1372 peccando
2345 1319 2374 1357 a
2412 1304 2625 1374 justitia
2664 1306 2901 1373 deﬂexit,
2940 1308 3085 1362 illam
3115 1312 3329 1381 excepit
3371 1320 3591 1369 senten-

2037 1394 2168 1447 tiam
2197 1414 2208 1448 :
2239 1395 2409 1465 Terra,
2430 1413 2483 1450 es
2512 1406 2567 1463 ,ει
2604 1398 2660 1451 in
2686 1407 2877 1453 terram
2911 1402 3179 1456 reverteris
3200 1403 3265 1456 ⁸⁸.
3301 1403 3476 1474 ipsius
3499 1421 3592 1460 an-

2039 1492 2145 1539 tem
2179 1500 2209 1539 a
2240 1495 2361 1541 ceto
2402 1488 2677 1559 absorptio
2711 1490 2981 1567 signiﬁcat
3021 1492 3387 1551 inevitabilem
3437 1498 3587 1569 illam

2038 1572 2232 1638 nostri,
2262 1588 2384 1643 quae
2419 1589 2450 1628 a
2480 1584 2718 1646 tempore
2755 1573 2835 1642 tit,
2867 1579 3271 1638 demolitionem
3316 1598 3381 1640 ac
3424 1586 3593 1644 inter-

2040 1659 2209 1729 itum;
2244 1672 2432 1718 venter
2458 1666 2601 1720 enim
2633 1682 2741 1737 quo
2764 1668 3053 1739 absorptus
3094 1670 3261 1729 Jonas
3288 1675 3590 1733 absconsus

2038 1754 2143 1811 est,
2175 1756 2334 1804 terra;
2359 1758 2443 1806 est
2477 1754 2723 1809 omnium
2755 1766 3042 1827 susceptor
3081 1762 3257 1827 sinus,
3300 1780 3409 1835 quo
3450 1781 3588 1823 con-

1965 1839 2014 1899 Β
2038 1836 2235 1892 dantur
2262 1846 2600 1913 quaecunque
2632 1845 2769 1900 edax
2808 1846 3020 1918 tempus
3049 1855 3339 1908 consumit.

2104 1926 2168 1982 ll.
2199 1927 2660 1995 Quemadmodum
2692 1934 2853 2006 igitur
2870 1938 3037 1996 Jonas
3066 1941 3120 1995 in
3154 1952 3338 2000 ventre
3353 1947 3458 2002 ceti
3479 1955 3592 2005 tres

2036 2022 2154 2078 dies
2181 2030 2236 2078 et
2282 2026 2505 2081 totidem
2549 2034 2737 2083 noctes
2775 2041 3165 2101 commoratus,
3204 2050 3397 2095 rursus
3425 2055 3592 2098 sanus

2037 2112 2162 2167 inde
2192 2127 2256 2168 ac
2294 2114 2504 2186 integer
2545 2117 2748 2185 evasit;
2789 2120 2870 2174 sic
2896 2128 2949 2176 et
2994 2137 3184 2179 omnes
3231 2126 3323 2180 ubi
3352 2127 3453 2181 tria
3492 2132 3592 2185 avi

2036 2205 2321 2277 praesentis
2346 2208 2625 2263 intervalla
2669 2208 3019 2282 {principium
3063 2215 3309 2279 scilicet,
3354 2221 3591 2276 medium

2037 2310 2102 2352 ac
2140 2297 2320 2360 tinem,
2355 2299 2554 2368 quibus
2596 2315 2834 2369 praesens
2878 2304 2980 2358 hoc
3014 2314 3225 2375 tempus
3260 2306 3594 2368 omne'con-

2037 2388 2167 2457 stat)
2206 2387 2310 2442 sub
2356 2399 2498 2442 terra
2530 2391 2825 2459 egerimus,
2864 2406 3231 2464 resurgemus.
3277 2395 3338 2452 In
3368 2400 3593 2456 univer-

2037 2493 2156 2533 sum
2179 2480 2323 2534 enim
2347 2481 2449 2535 tria
2478 2475 2876 2553 sunttemporis
2906 2485 3207 2553 intervalla,
3238 2492 3591 2561 praeteritum.

2037 2571 2299 2637 futurum,
2347 2582 2403 2629 et
2441 2589 2680 2644 praesens
2717 2596 2729 2631 :
2776 2578 3003 2648 pr0pter
3041 2581 3189 2651 quod
3227 2590 3283 2638 et
3332 2583 3593 2644 Dominus

2035 2665 2259 2720 totidem
2282 2665 2403 2721 dies
2442 2666 2497 2721 in
2528 2674 2672 2722 terra
2702 2679 3090 2736 commoratus,
3126 2671 3231 2727 hoc
3261 2675 3504 2746 symbolo
3529 2688 3594 2733 ae

2038 2754 2207 2826 ﬁgura
2236 2757 2522 2815 manifeste
2564 2774 2666 2815 nos
2694 2760 2901 2824 docuit,
2934 2773 3059 2832 post
3097 2773 3287 2820 exacta
3333 2783 3454 2838 qua:
3480 2769 3609 2825 dixi-

2035 2849 2297 2919 temporis
2326 2850 2519 2919 spatia,
2554 2856 2798 2906 nostram
2831 2853 2946 2909 fore
2975 2859 3444 2926 resurrectionem,
3473 2878 3594 2932 quae

2036 2938 2203 2994 futuri
2226 2942 2409 2996 saeculi
2437 2942 2668 3006 initium,
2701 2945 2862 3015 hujus
2892 2945 3015 3003 ﬁnis
3038 2950 3284 3005 exsistat.
3310 2950 3368 3007 in
3394 2956 3594 3009 saeculo

2035 3033 2187 3087 enim
2210 3034 2304 3088 illo
2341 3048 2519 3104 neque
2556 3037 2817 3106 praeteriit
2866 3038 3095 3108 aliquid,
3133 3048 3311 3112 neque
3350 3041 3592 3099 futurum

2037 3131 2141 3189 est,
2177 3126 2271 3180 sed
2303 3138 2545 3195 praesens
2571 3127 2837 3182 duntaxat
2865 3131 3133 3185 consistit.
3176 3131 3343 3189 Jonas
3369 3134 3596 3205 insuper

2036 3217 2215 3272 tribus
2239 3218 2431 3274 diebus
2447 3224 2502 3274 et
2515 3219 2690 3274 tribus
2716 3220 2969 3275 noctibus
2991 3223 3046 3276 in
3075 3232 3262 3279 ventre
3281 3227 3385 3280 ceti
3410 3234 3594 3280 trans-

2036 3309 2196 3373 actis,
2241 3324 2353 3364 non
2395 3314 2478 3365 est
2505 3316 2817 3381 corruptus,
2842 3319 2936 3366 aut
2964 3313 3082 3382 ejus
3112 3324 3446 3387 consumptae
3474 3334 3596 3374 car-

1915 3452 1936 3463 ,
2037 3414 2168 3464 nes;
2203 3398 2283 3451 uti
2315 3406 2545 3454 caeteros
2595 3398 2748 3454 cibos
2774 3400 2831 3453 in
2873 3406 3117 3455 ventrem
3160 3403 3269 3456 ceti
3317 3404 3603 3462 immissos-

2034 3488 2271 3544 naturali
2317 3490 2667 3560 corruptione
2708 3491 2981 3547 consumit
3028 3493 3334 3565 digeritque
3396 3497 3590 3554 bellum

2034 3577 2262 3631 marinae
2288 3579 2499 3633 auctior
2522 3579 2735 3633 nativus
2766 3580 2917 3635 calor
2937 3598 2951 3635 :
2973 3582 3041 3636 ad
3071 3584 3456 3641 declarandum
3480 3586 3605 3643 ﬁeri-

2034 3682 2218 3738 posse,
2250 3678 2309 3723 ut
2338 3677 2393 3725 et
2421 3681 2607 3725 nostra
2636 3666 2748 3726 hee
2769 3682 2998 3741 corpora
3029 3676 3311 3745 superiora
3341 3676 3592 3739 evadant,

2034 3775 2197 3831 quam
2229 3771 2288 3818 ut
2319 3780 2555 3834 unquam
2592 3764 2876 3820 intereant.
2907 3765 3095 3837 Cogita
3123 3768 3291 3831 enim,
3323 3767 3493 3824 Deum
3518 3771 3603 3825 ἀί·-

2035 3868 2221 3911 versas
2260 3858 2345 3910 sui
2375 3856 2575 3911 habere
2603 3856 2886 3927 imagines,
2922 3859 3058 3914 alias
3086 3860 3301 3929 quidem
3329 3863 3496 3917 veluti
3524 3877 3590 3918 ex

2035 3960 2172 4001 auro
2199 3945 2512 4011 fabricatas,
2545 3960 2667 4016 quae
2692 3949 2904 4003 scilicet
2931 3962 2996 4003 ex
3028 3951 3259 4020 spiritali
3288 3966 3354 4006 ae
3383 3954 3605 4022 purior;

2035 4038 2339 4092 substantia
2369 4039 2695 4107 consistant,
2742 4040 2820 4093 uti
2866 4043 3123 4112 angelos:
3167 4043 3305 4098 alias
3348 4058 3478 4099 vero
3523 4061 3587 4101 ex

2032 4141 2201 4198 gypso
2226 4129 2309 4183 vel
2335 4143 2462 4193 aere,
2501 4131 2578 4184 uti
2612 4130 2879 4187 homines.
2909 4132 3158 4186 Animam
3189 4135 3332 4187 enim
3363 4149 3484 4203 quae
3523 4134 3601 4193 ad.

2032 4217 2126 4274 Dei
2159 4220 2454 4291 imaginem
2481 4222 2695 4277 condita
2743 4226 2835 4289 sit,
2869 4233 3096 4280 terrenae
3135 4225 3455 4281 substantiae
3497 4243 3602 4281 (το-ν

2032 4311 2255 4380 putavit.
2285 4312 2360 4385 (7)
2386 4312 2537 4367 Sicut
2575 4313 2740 4384 igitur
2768 4315 2853 4370 hic
2885 4319 3026 4385 regis
3071 4331 3262 4370 omnes
3302 4316 3589 4388 imagines.

2034 4411 2257 4474 propter
2305 4404 2424 4473 ejus
2448 4420 2554 4475 qua
2604 4414 2733 4462 sunt
2762 4407 3032 4478 insignitae
3052 4406 3300 4477 eﬂigiem,
3331 4408 3600 4482 inpretio‘

371 4489 654 4584 μωμένους
696 4497 938 4567 χωρῆσαι
977 4503 1400 4576 παντελῆ.”Οθεν
1427 4510 1519 4562 καὶ
1552 4512 1816 4583 κατῆλθεν
1848 4489 1933 4580 είς

2035 4505 2164 4551 sunt
2210 4509 2276 4550 ac
2323 4496 2583 4552 honorem
2631 4499 2856 4566 habent;
2902 4501 2976 4553 ita
3028 4501 3251 4555 minime
3291 4501 3590 4570 putandum

504 4583 623 4677 καθ’
648 4586 793 4656 ἡμᾶς
819 4591 1140 4664 οἰκουμένην
1165 4598 1193 4648 ὁ
1220 4597 1407 4666 Λόγος,
1430 4600 1524 4654 καὶ
1547 4580 1833 4677 ἐσαρκώθη
1864 4610 1929 4660 ἐκ

366 4670 740 4768 τοῦ-σώματος
772 4680 946 4749 ήμῶν,
970 4684 1115 4748 ὅπως
1145 4687 1224 4749 είς
1255 4688 1316 4741 τὸ
1349 4670 1930 4768 θεοπρεπέστεροντὴν

366 4764 553 4819 εἰκόνα
578 4768 961 4835 ἐπισκευάσας,
996 4774 1245 4848 καθάπερ
1267 4779 1370 4834 ὑπὸ
1397 4783 1587 4853 χρόνου
1615 4764 1931 4858 διαλελυμέ-

368 4870 486 4951 νην,
517 4856 790 4931 ἀναστήσῃ
821 4860 1118 4936 ἀνώλεθρον
1170 4870 1280 4922 Καὶ
1301 4871 1428 4939 γοῦν
1450 4875 1550 4945 τὴν
1575 4876 1668 4930 ἐπὶ
1692 4877 1785 4931 τοῦ

368 4946 538 5043 ἱρήτου
587 4953 972 5043 μυστηριωδῶς
1022 4965 1585 5037 πεπραγματευμένην
1622 4946 1929 5043 οίκονομίαν

364 5033 668 5106 δηλοῦντες,
705 5040 921 5096 ἅπαντα
965 5046 1044 5108 είς
1077 5046 1236 5101 τοῦτο
1262 5033 1559 5121 ἀναφανδὸν
1592 5033 1937 5113 συντείνοντα

367 5125 599 5200 εὕρομεν
624 5131 716 5186 τὸν
748 5132 921 5203 λόγον.

460 5461 506 5494 ⁹⁶
529 5460 656 5519 Gen.
685 5481 770 5530 ιιι,
799 5468 887 5523 19.

367 5662 532 5724 αλιι.

2035 4595 2139 4653 est,
2171 4602 2272 4644 nos
2301 4590 2395 4660 qui
2423 4588 2517 4645 Dei
2548 4590 2723 4663 imago
2757 4607 2945 4647 sumus
2975 4608 3039 4648 eo
3061 4609 3234 4664 usque
3263 4593 3598 4649 inhonorati-

2035 4678 2135 4753 dos
2164 4696 2306 4746 esse,
2340 4687 2397 4737 ut
2426 4681 2642 4752 penitus
2666 4685 2836 4739 simus
2858 4684 3127 4740 abolendi.
3151 4683 3416 4751 Quocirca
3435 4685 3601 4739 etiam

2038 4776 2319 4834 descendit
2353 4774 2586 4831 Verbum
2608 4778 2664 4831 in
2692 4785 2941 4832 nostrum
2972 4777 3117 4832 hunc
3154 4776 3362 4839 orbem,
3395 4791 3461 4831 ae
3493 4776 3602 4839 hu:

2036 4884 2253 4923 manam
2288 4883 2506 4923 carnem
2538 4869 2855 4938 assumpsit,
2895 4875 2953 4922 ut
2988 4866 3257 4921 divinitus
3308 4865 3595 4936 imaginem

2036 4974 2388 5030 componens,
2425 4968 2680 5030 tanquam
2728 4968 2971 5030 tempore
3026 4957 3368 5021 dissolutam,
3412 4956 3598 5009 incor-

2035 5058 2250 5114 ruptam
2275 5049 2443 5114 itlam,
2484 5058 2747 5121 extraque
2781 5065 2997 5105 omnem
3031 5048 3284 5111 interitus
3316 5047 3487 5101 aleam
3512 5062 3598 5099 re-

2039 5142 2349 5198 suscitaret.
2376 5140 2456 5196 Ae
2484 5155 2617 5196 sane
2647 5140 2909 5212 quidquid
2936 5140 3166 5210 mystica
3193 5134 3601 5206 dispensatione

2039 5234 2094 5287 in
2123 5233 2382 5303 prepheta
2409 5241 2620 5303 gestum
2654 5239 2757 5297 est,
2801 5233 2849 5288 si
2882 5231 3112 5287 velimus
3154 5239 3445 5297 esponere,
3488 5225 3596 5278 huc

2037 5323 2325 5379 manifeste
2354 5324 2647 5380 collineare
2673 5323 3030 5379 inveniemus.

439 5596 516 5692 Ψ
548 5595 671 5653 Haec
699 5598 950 5654 conferas
977 5602 1137 5659 velim
1172 5618 1297 5657 eum
1321 5616 1574 5677 excerpto
1602 5621 1665 5662 ex
1697 5608 1753 5665 S.
1773 5608 1929 5667 Joan.
1956 5613 2232 5688 Damasc.,
2266 5630 2403 5676 orat.
2423 5623 2457 5677 5
2487 5622 2562 5677 De
2584 5624 2742 5692 imag.
2777 5623 3029 5692 superius
3087 5621 3263 5677 relato
3302 5619 3410 5675 col.
3463 5614 3597 5677 289.

1917 5779 2058 5795 ﬂ

566 5875 837 5936 PATBOL.
872 5877 986 5938 Gn.
1021 5876 1252 5939 XVIII.

3112 5866 3274 5953 ‘11
