4110 6420
389 372 494 428 333
1580 366 1673 421 EX
1708 366 1916 424 LIBRO
1954 366 2044 421 DE
2084 364 2402 422 CREATIS.
3520 371 3624 425 354

385 508 531 562 ρων,
568 491 643 556 ὡς
687 491 912 565 ὲρῤήθη·
948 492 981 564 ἢ
1029 493 1237 557 τούτου,
1268 492 1342 556 ὡς
1382 492 1597 565 ὲλέχθη,
1637 495 1950 566 νοουμένου,

2055 492 2184 563 cipi,
2212 500 2271 546 ut
2295 491 2501 545 dictum
2547 495 2669 545 est:
2705 496 2796 545 aut
2828 489 2931 544 hoc
2965 490 3035 545 ita
3082 498 3305 562 accepto
3335 501 3396 547 ut
3434 502 3518 549 est
3543 496 3631 549 di-

387 585 601 654 ἀνάγκη
654 587 800 656 ἡμᾶς
847 584 1043 653 λέγειν,
1077 584 1152 648 ὡς
1194 584 1369 637 οὐδενὶ
1404 582 1513 636 τῶν
1554 584 1815 649 ἀπίστων,
1862 585 1954 650 οὒς

2059 592 2231 649 ctum,
2269 598 2613 653 consequens
2651 580 2711 636 fit
2745 589 2805 637 ut
2835 582 3117 648 dicamus,
3158 585 3291 639 nulli
3329 584 3629 641 infidelium

388 675 590 747 χοίροις
619 677 1007 747 ἀπεικάζομεν,
1038 676 1102 727 ὲκ
1152 672 1259 727 τῶν
1293 674 1661 729 ἀποστολικῶν
1688 675 1953 746 διδαγμά-

2059 692 2199 746 quos
2220 676 2403 746 porcis
2430 689 2834 745 comparamus,
2864 690 2960 744 per
2990 677 3286 744 apostolica
3308 676 3633 733 documenta

387 784 514 833 των,
554 768 905 842 μαργαριτῶν
928 769 1083 840 δίκην
1110 767 1207 832 τὰς
1231 765 1407 837 ψυχὰς
1438 765 1954 839 καταυγαζόντων,ή

2060 784 2179 839 qua:
2208 768 2419 822 animas
2460 767 2635 821 instar
2667 766 3082 837 margaritarum
3119 768 3449 834 illuminant,
3472 769 3631 824 fidem

388 862 468 924 εἰς
496 861 730 933 Χριστὸν
758 861 957 925 πίστις,
1006 861 1101 913 καὶ
1135 860 1169 930 ἡ
1214 858 1311 929 τῆς
1366 856 1616 921 ἀσεϐείας
1676 857 1954 931 ἐλευθερία

2062 864 2115 916 in
2142 860 2417 918 Christum
2445 868 2499 915 et
2518 859 2885 930 abimpietate
2914 860 3222 915 libertatem
3248 868 3458 930 partam
3486 877 3628 916 esse.

387 950 697 1022 γεγένηται.
736 951 1060 1022 Βλάσφημον
1091 950 1146 1003 δὲ
1169 950 1343 1003 τοῦτο.
1379 949 1504 1002 Οὐκ·
1517 949 1625 1020 ἀρα
1648 949 1728 1002 δεῖ
1747 967 1958 1022 μαργα-

392 1042 547 1114 ρίτας
581 1043 680 1114 μὲν
728 1043 794 1097 τὰ
848 1042 1222 1115 μυστικώτερα
1246 1040 1352 1096 τῶν
1384 1039 1717 1112 μαθημάτων
1748 1041 1954 1112 ὲκλαμ⁴

2057 1047 2164 1101 hoc
2197 1046 2316 1101 loco
2344 1060 2452 1100 non
2478 1051 2603 1101 sunt
2626 1043 2954 1115 accipiendae
2976 1044 3277 1099 sanctiores
3301 1042 3631 1113 disciplinae;

392 1135 574 1189 ϐἁνειν
607 1133 860 1199 ἐνταῦθα,
890 1135 1103 1208 χοίρους
1150 1135 1207 1189 δὲ
1254 1136 1378 1199 τοὺς
1432 1134 1675 1197 ἀσεϐεῖς·
1724 1133 1844 1187 οὐδὲ
1872 1132 1954 1196 τὸ,

2062 1136 2343 1207 porcique,
2376 1135 2529 1206 impii
2559 1152 2572 1190 :
2599 1150 2775 1204 neque
2806 1134 2935 1188 illud
2966 1149 2977 1184 :
3019 1132 3198 1187 Nolite
3219 1134 3474 1204 projicere
3489 1148 3659 1188 mar--

388 1226 488 1295 Μὴ
510 1226 742 1297 βάλητε
766 1228 907 1295 τοὺς
919 1230 1284 1298 μαργαρίτας
1298 1227 1817 1299 ὑμῶτῄέμπροσθεν
1842 1226 1954 1280 τῶν

2061 1229 2265 1296 garitas
2299 1235 2500 1280 vestras
2523 1235 2644 1280 ante
2678 1242 2886 1294 porcos,
2926 1227 2995 1278 ita
3029 1224 3411 1295 explicandum
3436 1233 3540 1291 est,
3570 1231 3634 1278 ut

392 1321 632 1392 χοίρων,
683 1322 765 1385 εἰς
811 1322 893 1390 τὸ,
917 1321 990 1393 μὴ
1026 1321 1400 1393 παραϐάλλετε
1441 1322 1552 1385 τοῖς
1595 1320 1813 1374 ἀσεϐέσι
1864 1320 1954 1374 καὶ

2063 1319 2346 1389 prohibeat
2379 1318 2604 1387 proponi
2634 1317 2818 1387 impiis
2861 1316 3306 1388 inlidelibusque,
3339 1333 3495 1374 sacra
3540 1318 3633 1371 illa

392 1413 642 1476 ἀπίστοις
673 1413 741 1467 τὰ
772 1414 1004 1485 μυστικὰ.
1029 1415 1123 1467 καὶ
1154 1412 1458 1467 τελειοποιὰ
1496 1411 1594 1484 τῆς
1620 1414 1699 1476 είς
1730 1411 1954 1483 Χριστὸν

2060 1417 2114 1465 et
2142 1410 2574 1464 consummativa
2604 1409 2656 1463 in
2680 1408 2956 1464 Christum
2976 1409 3339 1464 documenta:
3371 1409 3463 1465 sed
3488 1424 3635 1464 mar-

391 1504 627 1569 πίστεως
656 1504 1439 1576 διδάγματα,παραλαμϐάνειν
1461 1520 1474 1533 ·
1516 1502 1651 1557 ἀλλὰ
1695 1503 1954 1574 μαργαρί-

2063 1503 2252 1574 ειινὶιεε
2283 1502 2488 1558 fuerint
2516 1502 2765 1566 virtutes,
2795 1502 2993 1572 quibus
3014 1502 3163 1556 velut
3191 1503 3500 1574 margaritis
3517 1519 3638 1575 pre-

2063 951 2170 1008 Sed
2215 959 2299 1008 est
2352 952 2731 1023 blasphemum
2760 952 2866 1006 hoc
2907 952 3107 1007 dicere.
3146 950 3294 1022 Ergo
3324 954 3636 1022 margaritae
3735 944 3741 948 ’

389 1611 489 1657 τας
538 1594 636 1665 μὲν
667 1594 767 1657 τὰς
784 1592 995 1665 ιάρετάς
1025 1592 1335 1663 ἐκδέχεσθαι
1365 1592 1491 1665 χρὴ,
1527 1586 1615 1654 αἶς
1643 1589 1829 1662 ὥσπερ
1860 1607 1959 1650 πον

389 1685 635 1756 λυτίμοις
667 1686 1025 1758 μαργαρίταις
1051 1687 1083 1757 ἡ
1110 1686 1254 1758 ψυχὴ
1278 1682 1701 1758 καθωραῒζεται·
1749 1683 1824 1755 μὴ
1858 1699 1963 1735 πα·

394 1778 646 1851 ραϐαλεῖν
676 1778 733 1831 δὲ
762 1778 959 1842 αὐτοὺς
990 1780 1100 1840 τοῖς
1129 1776 1347 1848 χοίροις,
1383 1775 1647 1839 τουτέστι,
1686 1774 1759 1846 μὴ
1786 1790 1963 1846 παρα-

390 1870 573 1924 ϐαλεῖν
606 1870 775 1933 αὐτὰς
806 1869 904 1934 τὰς
934 1868 1152 1941 ἀρετὰς,
1177 1862 1286 1921 οἷον
1304 1867 1543 1937 ἁγνείαν,
1566 1868 1661 1921 καὶ⁴
1687 1865 1961 1938 σωφροσύ-

388 1978 509 2033 νην,
526 1962 621 2015 καὶ
646 1960 1009 2032 δικαιοσύνην,
1039 1961 1131 2013 καὶ
1150 1958 1425 2032 ἀλήθειαν,
1453 1958 1656 2023 ταύτας
1673 1958 1735 2029 δὴ
1764 1958 1838 2030 μὴ
1856 1974 1961 2012 πα-

395 2053 643 2127 ραϐαλεῖν
670 2055 785 2117 ταῖς
809 2051 1118 2124 μχλὼσαις
1134 2052 1348 2123 ἡδοναῖς
1386 2053 1610 2124 (χοίροις
1640 2052 1748 2124 γὰρ
1780 2051 1961 2106 ἐοίκα-

393 2162 477 2200 σιν
508 2141 712 2212 αὖται),
742 2146 833 2199 ἵνα
865 2144 960 2217 μὴ,
985 2144 1083 2209 τὰς
1111 2144 1312 2217 ἀρετὰς
1337 2140 1495 2200 αὗται
1528 2144 1957 2214 καταφαγοῦσαι,

388 2235 619 2309 χοιρώδη
649 2235 760 2306 βίον
794 2238 886 2291 καὶ
915 2237 1198 2308 πολυπαθῆ
1228 2236 1325 2309 τὴν
1350 2236 1526 2309 ψυχὴν
1561 2236 1823 2308 βιοτεύειν
1854 2253 1960 2291 πα-

384 2328 826 2401 ρασκευάσωσιν.
1654 2344 1662 2348 “

456 2420 535 2471 B'.
571 2419 694 2472 Ὅτι
726 2419 755 2471 ὁ
791 2418 1104 2491 Ὡριγένης,
1137 2420 1198 2475 ὃν
1244 2418 1538 2491 κένταυρον
1583 2419 1771 2486 καλεῖ,
1806 2418 1960 2489 ἔλεγε

388 2510 657 2565 συναῖδιον
691 2506 830 2564 εἶναι
870 2511 949 2582 τῷ
994 2512 1138 2583 μόνῳ
1181 2511 1329 2585 σοφῷ
1374 2512 1468 2565 καὶ
1508 2511 1799 2581 ἀπροσδεεῖ
1841 2511 1960 2585 Θεῷ

384 2602 450 2656 τὸ
473 2604 601 2658 πᾶν.
635 2603 880 2673 Ἔφασκε
913 2603 1041 2675 γάρ·
1087 2582 1150 2657 Εἰ
1183 2582 1283 2659 οὐκ
1304 2582 1430 2658 *ἔστι
1462 2604 1792 2677 δημιουργδς
1831 2582 1957 2659 ἄνευ

384 2693 903 2768 δημιουργημάτων,
933 2695 966 2766 ἢ
1003 2696 1231 2767 ποιητὴς
1278 2696 1408 2750 ἄνευ
1450 2696 1802 2767 ποιημάτων,
1837 2696 1959 2750 οὐδὲ

389 2787 785 2859 παντοκράτωρ
821 2786 948 2841 ἄνευ
988 2786 1098 2842 τῶν
1141 2787 1541 2860 κρατουμένωνο
1586 2787 1678 2841 τὸν
1726 2786 1833 2860 γὰρ
1861 2788 1957 2858 δη-

389 2878 649 2951 μιουργὸν
689 2879 777 2932 διὰ
810 2879 878 2933 τὰ
930 2878 1388 2952 δημιουργήματα
1436 2879 1685 2951 ἀνάγκη,
1731 2881 1825 2933 καὶ
1865 2880 1957 2933 τὸν

386 2973 617 3043 ποιητὴν
647 2971 734 3026 διὰ
758 2971 827 3026 τὰ
851 2973 1151 3044 ποιήματα,
1184 2974 1277 3026 καὶ
1302 2972 1393 3026 τὸν
1423 2973 1832 3045 παντοκράτορα
1869 2971 1958 3027 διὰ

383 3064 454 3120 τὰ
500 3063 842 3136 κρατούμενα
892 3062 1179 3132 λέγεσθαι·
1230 3064 1444 3135 ἀνάγκη
1481 3063 1540 3132 ἐξ
1588 3064 1763 3137 ἀρχῆς
1817 3064 1957 3120 αὐτὰ

386 3151 492 3205 ὑπὸ
520 3151 612 3205 τοῦ
641 3151 776 3206 Θεοῦ
811 3152 1165 3249 γεγενῆσθαι,
1192 3155 1286 3207 καὶ
1321 3153 1395 3225 μὴ
1438 3149 1577 3208 εἶναι
1618 3155 1828 3249 χρόνον,
1862 3155 1953 3208 ὅτε
1980 3191 2023 3249 C

383 3245 486 3298 οὐκ
529 3240 598 3317 ἦν
648 3244 836 3300 ταῦτα.
882 3245 947 3299 Et
978 3243 1088 3315 γὰρ
1135 3239 1203 3316 ἦν
1250 3245 1460 3319 χρόνος,
1509 3247 1598 3299 ὅτε
1642 3246 1744 3300 οὐκ
1788 3240 1856 3318 ἦν
1884 3245 1954 3299 τὰ

385 3337 687 3408 ποιήματα,
719 3338 839 3391 ἐπεὶ
866 3336 972 3390 τῶν
996 3336 1313 3407 ποιημάτων
1351 3336 1423 3406 μὴ
1454 3335 1641 3403 ὄντων,
1664 3336 1784 3389 οὐδὲ
1804 3353 1957 3406 ποιη-

383 3428 488 3497 τής
520 3430 686 3492 ἐστιν,
726 3428 827 3500 ὅρα
855 3422 965 3482 οἷον
995 3429 1188 3492 ἀσεϐὲς
1220 3427 1521 3481 ἀκολουθεῖ.
1557 3427 1718 3482 Ἀλλά
1739 3428 1835 3482 καὶ
1857 3427 1955 3482 ἁλ-

384 3513 657 3573 λοιοῦσθαι
697 3519 790 3571 καὶ
834 3518 1186 3589 μεταϐάλλειν
1216 3518 1307 3571 τὸν
1352 3519 1620 3590 ἄτρεπτον
1669 3519 1764 3572 καὶ
1795 3520 1956 3573 ἀναλ-

384 3605 603 3662 λοίωτον
625 3610 966 3681 συμϐήσεται
1000 3609 1151 3662 Θεόν.
1178 3610 1241 3662 Et
1280 3609 1388 3681 γὰρ
1429 3609 1653 3682 ὕστερον
1688 3609 1954 3682 πεποίηκε

381 3698 444 3752 τὸ
482 3700 610 3762 πᾶν,
652 3699 810 3768 δῆλον
845 3699 929 3752 ὅτι
964 3699 1073 3752 ἀπὸ
1104 3698 1197 3752 τοῦ
1231 3699 1305 3772 μὴ
1348 3702 1519 3755 ποιεῖν
1562 3702 1642 3765 είς
1674 3702 1735 3755 τὸ
1782 3705 1954 3756 ποιεῖν

382 3788 668 3860 μετέϐαλε.
700 3789 871 3844 Τοῦτο
902 3791 960 3845 δὲ
984 3792 1181 3846 ἄτοπον
1213 3793 1350 3863 μετὰ
1374 3792 1482 3847 τῶν
1503 3794 1825 3865 εἰρημένωνο
1855 3795 1955 3849 οὐκ

380 3881 488 3955 ἄρα
518 3881 740 3935 δυνατὸν
784 3882 984 3949 λέγειν,
1018 3883 1092 3955 μὴ
1135 3880 1272 3937 εἶναι
1300 3885 1532 3956 ἄναρχον
1567 3885 1661 3939 καὶ
1687 3886 1952 3941 ωναῖδιον

378 3971 457 4043 τῷ
481 3971 600 4043 Θεῷ
629 3972 690 4025 τὸ
712 3974 839 4026 πᾶν.
871 3973 1014 4044 Πρὸς
1057 3975 1117 4027 ὅν
1157 3992 1290 4045 φησι
1337 3975 1404 4028 δι’
1436 3976 1622 4047 ἐτέρου
1659 3976 1950 4049 προσώπου

378 4066 409 4119 ὁ
434 4065 620 4134 Ἀγιος
665 4063 903 4136 ἐρωτῶν·
933 4060 1079 4138 *Αρά
1121 4083 1184 4135 γε
1234 4068 1426 4136 σοφίας
1477 4069 1571 4123 καὶ
1621 4069 1811 4142 δόξης,
1858 4072 1953 4146 και

383 4156 683 4228 συλλήϐδην
730 4158 911 4227 πάσης
940 4159 1138 4231 ἀρετῆς
1183 4161 1355 4231 ἀρχὴν
1388 4161 1482 4214 καὶ
1530 4161 1715 4233 πηγὴν
1760 4163 1952 4216 οὐσιω-

378 4246 503 4311 δῶς.
530 4247 666 4302 ἀλλὰ
698 4248 770 4319 μὴ
813 4249 1121 4320 ὲπικτήτως
1150 4252 1254 4322 ἡγῇ
1298 4251 1389 4303 τὸν
1416 4250 1581 4315 Θεόν;
1625 4252 1684 4304 Ὀ
1708 4251 1786 4305 δέ’
1821 4253 1948 4307 Ναί.

375 4336 446 4390 Τί
491 4337 548 4390 δὲ
596 4338 730 4408 πρὸς
759 4339 1005 4402 τούτοιςς
1038 4340 1171 4411 Οὐχὶ
1212 4340 1415 4405 τέλειος
1448 4342 1625 4412 πάντη
1657 4342 1724 4395 δι’
1759 4343 1951 4397 ἑαυτὸν

378 4427 473 4480 καὶ
502 4427 832 4499 ἀπροσδεήςς
877 4428 1091 4501 Ἀληθῆ·
1125 4431 1405 4501 ἀμήχανον
1433 4432 1542 4504 γὰρ
1566 4432 1628 4485 τὸ
1653 4433 1951 4504 ἀπροσδεὲς

2064 1595 2224 1651 tiosis
2259 1602 2488 1650 ornatur
2518 1594 2757 1650 animus.
2792 1592 2909 1648 Non
2950 1594 3285 1663 abjiciendas
3326 1601 3507 1650 autem
3537 1610 3632 1650 eas

2064 1687 2280 1757 porcis;
2321 1685 2426 1739 hoc
2465 1692 2572 1749 est,
2620 1700 2727 1739 non
2779 1684 3142 1755 projicicndas
3189 1686 3458 1751 virtutes,
3500 1694 3632 1756 puta

2063 1780 2392 1842 castitatem,
2444 1775 2889 1846 temperantiam,
2943 1776 3249 1846 justitiam,
3308 1778 3628 1844 veritatem,

1990 1849 2034 1904 Β
2062 1868 2354 1938 ejusmodi,
2390 1868 2634 1939 inquam,
2674 1868 2926 1932 virtutes,
2962 1884 3068 1924 non
3092 1869 3428 1938 objiciendas
3454 1872 3632 1942 impu-

2061 1960 2139 2016 ris
2179 1961 2549 2032 voluptatibus
2590 1976 2604 2012 :
2646 1960 2729 2015 ba:
2768 1962 2915 2015 enim
2970 1963 3347 2017 assimilantur
3390 1965 3573 2034 porcis
3612 1982 3629 2021 :

2062 2067 2131 2107 ne
2156 2052 2255 2108 has
2281 2052 2668 2109 conculcantes
2698 2052 2834 2123 (10),
2862 2052 2914 2107 in
2949 2052 3117 2108 vitam
3150 2070 3442 2126 porcorum
3479 2055 3635 2111 simi-

2062 2143 2167 2199 lem
2188 2145 2445 2216 omnique
2481 2145 2731 2200 vitiorum
2760 2160 2956 2216 genere
2987 2148 3226 2216 plenam,
3270 2149 3509 2203 animam
3540 2163 3634 2205 co-

2062 2242 2212 2304 gant.

2132 2412 2195 2469 ῙΙ.
2228 2412 2512 2482 Origenes,
2544 2414 2741 2486 inquit,
2766 2429 2926 2486 quem
2952 2425 3276 2472 centaurum
3306 2426 3487 2482 vocat,
3506 2420 3635 2475 uni-

2059 2521 2278 2562 versum
2325 2507 2451 2572 hoc,
2509 2508 2614 2563 soli
2669 2508 2903 2578 sapienti
2938 2508 3252 2580 nulliusquc
3285 2510 3464 2583 egenti
3498 2510 3632 2580 Deo,

2059 2604 2387 2651 coaetemum
2415 2597 2673 2654 asseruit.
2724 2596 2860 2651 Nam
2889 2598 2965 2652 ait
2990 2618 3003 2653 :
3031 2596 3166 2654 Cum
3194 2616 3306 2655 non
3337 2601 3409 2655 sit
3448 2601 3630 2672 opifex

2060 2688 2178 2745 sine
2210 2688 2458 2759 opiﬁcio,
2478 2703 2580 2745 nec
2610 2696 2828 2745 creator
2851 2691 2971 2746 sine
3000 2699 3251 2747 creatura
3275 2693 3388 2764 (Η)
3407 2734 3427 2760 ,
3456 2711 3635 2766 neque

2059 2780 2385 2835 universalis
2439 2779 2705 2836 Dominus
2756 2780 2876 2835 sine
2914 2780 3156 2851 subjecta
3215 2783 3572 2840 universitate
3614 2805 3630 2840 :

2057 2871 2255 2942 quippe
2294 2886 2521 2927 necesse
2552 2879 2637 2927 est
2679 2883 2740 2928 ut
2773 2872 2955 2942 opifex
2979 2876 3048 2929 ab
3077 2874 3329 2946 opificio,
3357 2882 3575 2931 creator
3602 2893 3634 2931 a

2057 2973 2309 3018 creatura
2343 3006 2359 3031 ,
2432 2966 2759 3022 universalis
2821 2965 3085 3023 Dominus
3144 2968 3213 3022 ab
3278 2968 3635 3058 universitate

2057 3056 2304 3127 subjecta
2356 3060 2715 3115 nominetur:
2771 3060 3020 3130 sequitur
3061 3061 3375 3117 necessario
3404 3056 3464 3115 ut
3519 3061 3635 3116 hzec

2058 3150 2200 3206 Deus
2230 3166 2260 3204 a
2286 3151 2552 3223 principio
2575 3154 2863 3218 creaverit,
2885 3168 2987 3207 nec
3035 3153 3105 3209 sit
3134 3153 3303 3207 ullum
3334 3161 3550 3223 tempus
3577 3153 3635 3208 in

2055 3259 2166 3315 quo
2199 3243 2290 3297 illa
2314 3259 2426 3298 non
2459 3242 2685 3299 fuerint.
2717 3243 2853 3298 Nam
2886 3245 2931 3300 si
2964 3244 3087 3309 fuit,
3120 3244 3338 3315 quando
3368 3254 3636 3302 creaturae

2053 3349 2163 3389 non
2198 3343 2388 3401 erant;
2420 3349 2545 3388 cum
2578 3336 2849 3392 creaturis
2889 3351 2998 3391 non
3030 3334 3439 3401 exsistentibus,
3457 3352 3635 3408 neque

2053 3425 2217 3481 etiam
2250 3425 2323 3481 sit
2349 3437 2571 3482 creator
2609 3444 2624 3481 :
2654 3427 2780 3482 vide
2824 3435 3028 3497 quanta
3065 3433 3328 3497 sequatur
3354 3428 3630 3498 impietas.

2054 3512 2198 3580 Quin
2225 3526 2280 3571 et
2304 3517 2528 3571 alterari
2562 3518 2871 3587 mutarique
2901 3517 3179 3587 continget
3237 3516 3632 3573 immutabilem

2054 3606 2223 3663 Deum
2257 3623 2322 3663 ac
2373 3608 2771 3664 invariabilem.
2805 3607 2863 3663 Si
2902 3608 3047 3664 enim
3094 3606 3309 3665 tandem
3338 3609 3632 3681 aliquando

2052 3699 2260 3755 creavit
2309 3700 2647 3765 universum,
2685 3700 2830 3755 haud
2889 3700 3075 3765 dubie,
3129 3715 3159 3754 a
3210 3716 3318 3756 non
3368 3703 3627 3766 creando,

2052 3799 2297 3846 mutatus
2326 3791 2581 3846 transivit
2609 3791 2676 3847 ad
2713 3791 3031 3847 creandum.
3063 3791 3177 3847 Hoc
3217 3801 3395 3847 autem
3437 3794 3633 3848 absur-

2052 3879 2182 3934 dum
2214 3887 2319 3946 est,
2355 3890 2413 3935 ut
2443 3887 2498 3933 et
2530 3897 2639 3952 quo
2697 3881 2958 3948 infertur;
2998 3896 3103 3937 ron
3139 3897 3269 3953 ergo
3309 3882 3417 3937 dici
3449 3891 3630 3954 potest

2052 3988 2162 4028 non
2190 3988 2314 4028 esse
2342 3974 2411 4028 ab
2442 3984 2647 4029 aeterno
2677 3989 2863 4031 rerum
2919 3977 3325 4032 universitatem
3349 4017 3364 4040 ,
3407 3992 3473 4032 ac
3519 3976 3630 4032 Deo

2053 4076 2398 4122 coaeternam.
2430 4066 2511 4122 Ad
2551 4082 2715 4139 quem
2747 4066 3004 4136 Sanctus,
3037 4083 3104 4123 ex
3135 4070 3360 4125 alterius
3394 4085 3629 4140 persona

2052 4160 2398 4232 interrogans
2434 4180 2447 4215 :
2479 4159 2673 4215 Nonne
2716 4158 2910 4225 Deum,
2947 4160 3275 4231 principium
3321 4162 3627 4227 existimas,

2052 4250 2373 4324 fontemque
2394 4252 2678 4324 sapientiae
2705 4267 2769 4307 ac
2797 4253 3004 4325 gloriae,
3035 4254 3225 4316 verbo,
3253 4253 3473 4309 virtutis
3499 4255 3629 4309 uni-

2051 4357 2244 4407 versae,
2269 4341 2700 4421 substantialiter
2719 4350 2772 4398 et
2805 4357 2914 4397 non
2942 4342 3212 4399 ascititie?
3233 4342 3395 4412 Sane,
3428 4346 3623 4416 inquit.

2053 4433 2195 4499 Quid
2248 4448 2378 4488 vero
2410 4433 2706 4503 praeterea?
2733 4433 2923 4490 Nonne
2955 4435 3180 4490 omnino
3214 4450 3244 4489 a
3268 4452 3326 4492 se
3354 4438 3627 4506 perfectus

378 4519 443 4572 δι’
470 4519 653 4590 ἓτερον
696 4514 834 4574 εἶναί
865 4538 919 4573 τι
958 4522 1256 4593 ἀπροσδεές
1320 4522 1672 4597 [ἀμήχανον].
1692 4527 1807 4580 Πᾶν
1838 4526 1948 4598 γὰρ

2054 4534 2160 4591 est,
2202 4541 2266 4581 ac
2296 4526 2503 4607 nullius
2544 4526 2827 4597 indigens?
2854 4529 2936 4580 Ita
2964 4535 3084 4584 est:
3118 4527 3454 4599 impossibile
3479 4529 3627 4585 enim

375 4610 443 4664 δι’
482 4610 669 4683 ἕτερον
715 4612 917 4684 πλῆρες
955 4612 1034 4677 ὃν,
1076 4614 1170 4667 καὶ
1213 4615 1401 4680 ἀτελὲς
1441 4615 1661 4670 λεκτέον
1703 4617 1945 4688 ἀνάγκη.

375 4701 452 4757 Th
473 4703 581 4775 γὰρ
614 4703 745 4756 αὐτὸ
777 4703 843 4756 δι’
866 4704 1023 4759 ἑαυτὸ
1051 4705 1243 4759 ἑαυτοῦ
1279 4705 1551 4778 πλήρωμα
1576 4707 1656 4771 ὃν,
1684 4710 1778 4763 καὶ
1813 4709 1944 4763 αὐτὸ

377 4797 438 4853 ἓν
461 4797 638 4869 ἐαυτῷ
669 4797 847 4868 μόνον,
875 4798 1077 4852 τέλειον
1098 4796 1238 4853 εἶναι
1266 4799 1423 4854 τοῦτο
1453 4801 1612 4871 μόνον
1636 4801 1939 4867 δοξαστέον.

386 4886 750 4960 ’Δληθὲστατα
771 4888 968 4960 λέγεις.
1001 4890 1074 4943 Τὸ
1096 4889 1152 4943 δὲ
1186 4892 1325 4963 μήτε
1357 4892 1487 4946 αὐτὸ
1509 4893 1575 4947 δι’
1599 4895 1780 4960 ἑαυτὸ,
1807 4896 1945 4968 μήτε

446 5036 556 5110 (10)
588 5037 671 5094 Ne
706 5039 803 5095 Ita:
847 5040 1231 5095 conculcantes.
1277 5038 1406 5111 Leg.
1458 5041 1524 5111 in
1572 5039 1665 5095 Gr.
1692 5058 1758 5097 ex
1791 5050 1941 5098 textu

372 5106 578 5182 Evang.
624 5111 1054 5165 xaramroﬁaat.
1087 5111 1275 5164 Amica
1323 5106 1409 5166 est
1456 5110 1724 5168 Methodio
1781 5129 1942 5182 para-

375 5179 608 5252 phrasis.
638 5184 759 5252 Nox
796 5196 1013 5252 quoque
1042 5188 1165 5252 apta
1196 5183 1551 5252 metaphora,
1581 5184 1669 5237 cui
1718 5179 1945 5238 mendo-

374 5265 494 5303 sum
522 5250 653 5324 illud
682 5250 825 5322 quod
856 5250 1248 5324 reprmsentant
1278 5250 1569 5323 impressa,
1593 5254 1942 5324 καταφαγοῦη

374 5336 488 5393 σαι,
513 5321 699 5393 minus
727 5323 997 5393 congruit.

444 5389 573 5464 (11)Δ
610 5389 721 5446 Nec
744 5389 956 5464 greater
1005 5393 1117 5464 sine
1158 5401 1426 5457 creatura,
1469 5392 1502 5464 ἢ
1548 5392 1775 5464 ποιητὴς
1814 5394 1943 5448 ἄνευ

370 5460 710 5537 ποιημάτων.
744 5459 803 5516 in
834 5462 998 5518 Deum
1025 5463 1245 5525 dicitur,
1284 5471 1343 5516 ut
1385 5475 1439 5537 et
1486 5459 1817 5537 antecedens
1851 5464 1945 5537 δη-

372 5531 651 5615 μιουργός,
674 5546 745 5615 Διιι)
770 5548 1111 5612 consequens
1146 5534 1538 5615 παντοκράτωρ
1565 5552 1578 5588 :
1604 5548 1774 5615 quare
1799 5531 1943 5615 jejli-

2054 4626 2157 4681 est,
2193 4627 2255 4671 ut
2286 4606 2433 4688 quod
2462 4617 2667 4674 nullius
2699 4618 2926 4689 indiget,
2959 4620 3027 4675 ab
3053 4620 3234 4690 aliquo
3257 4620 3365 4675 alio
3390 4636 3500 4676 non
3541 4621 3627 4674 in-

2052 4708 2351 4780 digentiam
2378 4711 2645 4779 ejusmodi
2671 4711 2882 4767 habeat.
2928 4710 3061 4766 Nam
3113 4713 3379 4784 quidquid
3406 4714 3475 4768 ab
3516 4713 3627 4769 alio

2053 4801 2272 4870 plenum
2320 4807 2406 4857 est
2451 4809 2507 4857 et
2545 4801 3101 4873 perfectum,'ipsum
3156 4819 3375 4876 quoque
3427 4806 3627 4875 imper-

2052 4891 2253 4948 fectum
2292 4893 2402 4949 dici
2452 4909 2678 4950 necesse
2728 4904 2831 4951 est.
2891 4894 3080 4953 Solum
3134 4897 3434 4968 siquidem,
3479 4888 3631 4968 quod

2051 5043 2130 5116 dit
2150 5041 2399 5099 Justinus
2428 5041 2639 5116 Martyri
2664 5044 2741 5116 (a)
2772 5060 2786 5096 :
2813 5053 2873 5098 ut
2922 5044 3010 5100 ille
3040 5044 3245 5099 nullius
3289 5044 3517 5116 alterius
3546 5043 3627 5116 in-

2051 5115 2363 5189 digens,_ex
2398 5128 2496 5168 sua
2541 5112 2952 5183 ipsitts'virtute
3000 5123 3054 5169 et
3102 5115 3504 5189 potentiaopus
3542 5112 3625 5189 ζει-ο
3684 5180 3689 5189 ί

2052 5183 2194 5251 ciat;
2230 5184 2322 5254 hic
2343 5191 2524 5239 autem
2548 5223 2564 5249 ,
2614 5194 2899 5240 mutuatus
2931 5201 2960 5239 a
3009 5183 3234 5240 materia
3280 5183 3482 5254 opilicii
3510 5185 3624 5241 vir-

2054 5262 2246 5327 tutem.
2280 5252 2395 5327 Hoc
2414 5269 2577 5327 porro
2602 5265 2983 5327 argumentum
2998 5252 3407 5327 Qrigenianum,
3439 5255 3625 5309 Achil-

2054 5326 2134 5380 les
2157 5333 2241 5380 est
2270 5323 2431 5380 etiam
2458 5323 2758 5389 Aristoteli,
2786 5326 2854 5380 ad
2883 5323 3128 5380 eamdem
3157 5325 3346 5379 mundi
3371 5334 3423 5380 et
3438 5335 3624 5381 motus

2047 5396 2839 5465 zeternitatemﬂastruendam;
2895 5396 3072 5465 ipsum
3131 5395 3291 5450 valtle
3345 5395 3623 5451 infirmant

2050 5480 2153 5521 nec
2208 5466 2343 5520 satis
2395 5464 2617 5535 dignum
2670 5467 2802 5520 tanti
2845 5464 3086 5519 nominis
3138 5465 3487 5535 philosopho,
3530 5467 3622 5522 cui

2048 5535 2192 5606 Deus
2222 5538 2301 5590 sic
2318 5534 2582 5606 ἐμπαθῶς
2614 5544 2758 5606 agat.
2791 5536 2965 5606 Aliter
2990 5535 3287 5606 Christiani
3320 5534 3375 5592 et
3399 5536 3620 5606 dignius

369 5599 805 5679 niusSchottu‘s,
833 5599 986 5669 poeta
1013 5605 1125 5679 sine
1154 5599 1439 5679 pegmatis.
1464 5599 1767 5679 Discrimen
1797 5599 1940 5661 inter
2044 5600 2157 5679 Deo
2181 5606 2263 5675 (ut
2287 5599 2372 5660 est
2399 5606 2517 5661 sola
2550 5599 2675 5661 Βεᾶ
2701 5605 2867 5677 digna
2897 5605 3211 5661 Christiana
3234 5606 3447 5679 religio)
3459 5599 3623 5664 ’άηίἀί-

370 5670 598 5743 ποιητὴν
623 5672 715 5726 καὶ
739 5671 1067 5745 δημιουργόν
1086 5713 1100 5738 ,
1134 5670 1202 5729 ex
1230 5672 1474 5730 Platonis
1509 5675 1800 5742 sententia,
1827 5685 1941 5731 tra-

2039 5677 2241 5732 cimus.

431 5785 502 5849 (a)
528 5786 686 5835 Locus
706 5786 886 5837 ἰοειῖηί
909 5787 1136 5849 Martyris
1158 5790 1218 5838 ad
1240 5804 1388 5853 quem
1411 5791 1494 5860 hic
1512 5792 1717 5905 reiicit
1736 5789 2082 5857 Combeﬁsius,
2107 5798 2279 5859 eastat
2316 5794 2369 5845 in
2412 5791 2607 5846 Cohort.
2646 5793 2712 5844 ad
2744 5796 2923 5856 Grave,
2945 5793 2973 5858 §
2994 5792 3074 5856 22,
3098 5799 3247 5857 atque
3271 5797 3479 5860 egregie
3500 5796 3595 5848 illa
3622 5792 3630 5833 τ

431 5854 552 5899 ratur
572 5862 600 5899 a
621 5848 864 5899 Μαθεωο
887 5849 945 5901 V.
968 5849 1022 5902 C.
1046 5850 1107 5901 ad
1130 5853 1251 5903 Acta
1275 5854 1333 5902 S.
1367 5855 1545 5904 lusum
1628 5889 1641 5903 .
1669 5852 1817 5905 GALL.

367 5851 552 5899 uratur
572 5862 600 5899 a
621 5848 864 5899 Μαθεωο
887 5849 945 5901 V.
968 5849 1022 5902 C.
1038 5848 1107 5901 ad
1130 5848 1333 5903 Acta’S.
1367 5850 1546 5904 lustini
1570 5848 1641 5905 Η.
1669 5852 1817 5905 θλιι..
1844 5910 1852 5916 η
