4110 6398
480 374 583 442 3'55

1330 427 1341 435 ,
1452 378 1511 433 s.
1556 340 1889 432 Μετιιοῡιι
1928 344 2233 432 mscdm
2278 376 2363 431 ET
2402 374 2761 431 MARTYRIS

3594 362 3715 428 536‘

478 512 655 581 ipsum
688 521 716 558 τι
749 520 827 569 se,
854 504 938 558 sui
970 501 1144 572 ipsius
1172 499 1450 568 plenitudo
1481 508 1565 554 est
1593 508 1880 569 manetque
1909 500 1964 553 in
1988 513 2047 554 se

2158 498 2280 551 αὐτὸ
2306 496 2497 551 ἑαυτοῦ
2532 497 2803 568 πλήρωμα
2830 476 2920 559 ὸν,
2952 493 3113 565 φαίης
3146 486 3210 546 ἂν
3244 480 3563 562 άπροσδεέςς
3595 492 3705 544 Οὐα-

476 602 618 670 ipso,
649 595 948 670 perfectum
983 594 1316 646 censendum
1350 600 1452 646 est.
1478 590 1774 645 Verissime
1829 605 2039 644 censes.

477 691 615 746 Num
643 666 793 753 vcro,
825 686 968 757 quod
1013 701 1187 754 neque
1214 700 1241 737 a
1273 699 1353 746 se,
1385 699 1559 753 neque
1607 684 1692 737 sui
1729 683 1900 753 ipsius
1932 682 2047 751 ple-

478 779 671 837 uitudo
704 786 808 843 est,
851 776 1056 831 nullius
1095 774 1338 845 indigum
1369 773 1611 828 dixeris?
1644 772 1863 827 Minime
1895 788 2040 826 vero.

481 876 623 927 Deus
654 889 781 942 ergo
816 888 943 926 num
972 870 1041 923 ab
1072 869 1176 922 alio
1203 867 1476 939 perfectus
1498 867 1894 921 mstimabitur?
1913 865 2044 920 Nam

480 965 626 1036 quod
656 964 956 1035 perfectum
986 969 1068 1016 est
1116 962 1183 1016 ab
1234 961 1360 1025 alio,
1399 976 1576 1014 nonne
1610 960 1786 1030 ipsum
1835 975 1931 1028 per
1984 969 2045 1009 se

479 1056 794 1114 necessario
825 1053 1197 1125 imperfectum
1226 1053 1346 1106 est?
1370 1051 1463 1106 Est
1505 1052 1682 1120 plane.
1723 1049 1864 1105 Deus
1893 1064 2044 1118 ergo,

480 1166 509 1204 a
538 1166 616 1213 se,
638 1165 743 1202 non
775 1148 843 1201 ab
871 1146 976 1200 alio
1006 1142 1630 1214 perfectusjudicabitur
1651 1143 1673 1196 ?
1697 1141 2046 1196 Rectissime.

479 1239 670 1309 Nonne
720 1237 863 1291 aliud
918 1244 1001 1291 est
1051 1234 1193 1289 Deus
1241 1250 1270 1288 a
1320 1235 1522 1289 nnmdo
1584 1235 1733 1306 (l2),
1795 1235 2048 1304 aliudque

481 1324 715 1383 mundus
739 1343 766 1381 a
795 1326 1206 1383 Deo?0mnino.
1238 1324 1377 1379 Num
1428 1326 1591 1394 igitur
1640 1324 1781 1380 Deus
1827 1316 2050 1394 prepter

479 1419 741 1473 mundum
777 1417 918 1474 Deus
949 1426 1002 1473 et
1025 1418 1321 1489 perfectus,
1344 1425 1396 1472 et
1424 1416 1627 1487 opifex,
1650 1410 1703 1471 ei
1726 1416 2048 1471 universalis

482 1510 742 1565 Dominus
789 1509 1049 1564 dicendus
1106 1510 1226 1564 est?
1268 1508 1623 1578 Nequaquam
1675 1507 1828 1579 (1'5);
1878 1516 1938 1561 ut
1982 1522 2051 1562 ne

482 1614 699 1674 prop'er
727 1601 1011 1664 mundum,
1049 1602 1347 1671 praesertim
1375 1601 1712 1664 mutabilem,
1737 1615 1843 1655 non
1875 1599 1989 1669 ipse
2019 1614 2049 1652 a

480 1711 555 1758 se,
584 1708 679 1765 per
699 1708 756 1748 se
783 1692 1055 1763 perfectus
1075 1693 1402 1746 inveniatur.
1418 1690 1667 1762 Congrue
1683 1706 1827 1746 vero.
1850 1690 2050 1757 Quam-

477 1809 660 1865 obrem
713 1807 865 1862 dives
920 1823 1100 1861 nonne
1154 1814 1372 1876 propter
1417 1805 1637 1861 divitias
1669 1804 1820 1859 dives
1862 1803 2048 1874 appel-

477 1899 671 1953 landus
699 1898 822 1952 est?
872 1896 1055 1953 Recte.
1083 1897 1223 1963 Quid
1252 1911 1380 1951 vero
1436 1896 1675 1965 sapiens,
1709 1910 1890 1950 nonne
1920 1894 2050 1950 sul)-

478 1987 748 2042 stantialis
780 1987 927 2041 illius
961 1985 1242 2056 sapientia:
1283 1985 1593 2056 participio,
1632 1998 1744 2038 non
1774 1985 2046 2040 exsistens

477 2082 591 2152 ipse
631 2081 920 2151 sapientia,
952 2080 1168 2149 Sapiens
1220 2078 1604 2149 nuncupatur?
1641 2078 1719 2131 Ita
1762 2093 1912 2133 sane.
1965 2078 2048 2132 An

480 2187 609 2241 ergo
638 2180 693 2226 et
721 2170 886 2233 Deus,
908 2172 999 2241 qui
1049 2171 1121 2225 sit
1148 2168 1292 2223 aliud
1318 2184 1349 2222 a
1375 2168 1612 2236 mundo,
1638 2182 1702 2223 ea
1740 2168 1972 2229 ratione,
1996 2175 2050 2221 et

477 2266 630 2322 dives
649 2274 870 2337 propter
904 2265 1166 2320 mundum
1198 2273 1251 2321 et
1285 2264 1579 2329 beneficus,
1624 2270 1681 2319 et
1710 2262 1911 2333 opifex,
1954 2278 2053 2316 vo-

476 2360 690 2417 candus
713 2358 910 2414 fuerit?
937 2356 1320 2427 Nequaquam;
1355 2372 1542 2428 apage.
1574 2354 1695 2426 ipse
1748 2355 1913 2426 igitur
1941 2368 2053 2409 suae

480 2451 682 2506 divitiae
717 2457 823 2514 est,
861 2459 1022 2518 atque
1051 2463 1082 2501 a
1118 2463 1177 2502 se
1214 2447 1333 2517 ipso
1360 2447 1513 2502 dives
1539 2455 1625 2501 est
1654 2455 1701 2500 el
1731 2452 1943 2514 potens.
1975 2444 2052 2498 Ita

482 2544 715 2599 videtur.
750 2540 948 2595 Eratne
984 2542 1145 2594 etiam
1172 2546 1298 2593 ante
1340 2538 1531 2592 mundi
1564 2537 1898 2592 molitionem
1930 2537 2054 2590 nul-

483 2637 592 2691 lius
632 2633 900 2705 indigens,
930 2635 1077 2689 velut
1101 2632 1193 2701 qui
1234 2631 1415 2699 Pater,
1447 2639 1502 2686 et
1541 2628 1806 2687 Dominus
1839 2632 2055 2684 univer-

484 2729 640 2791 salis,
673 2727 965 2797 opifexque
991 2732 1165 2792 esset;
1202 2725 1339 2779 adeo
1380 2730 1461 2787 ut,
1492 2738 1522 2777 a
1546 2739 1625 2785 se,
1659 2740 1767 2777 non
1829 2722 1896 2776 ab
1948 2723 2054 2778 alio

482 2823 558 2879 sit
608 2819 795 2876 omnia
841 2818 991 2873 haec?
1025 2815 1116 2872 Sic
1145 2823 1294 2872 certe
1334 2831 1560 2871 necesse
1606 2823 1708 2870 est.
1745 2813 1879 2869 Nam
1934 2815 1979 2869 si
2024 2828 2054 2867 a

485 2911 713 2973 mundo,
758 2924 869 2964 non
906 2909 1022 2979 ipse
1053 2923 1083 2962 a
1114 2924 1173 2964 se
1198 2949 1213 2975 ,
1261 2907 1355 2977 qui
1388 2907 1459 2962 sit
1494 2907 1634 2962 alius
1658 2922 1687 2960 a
1718 2906 1941 2971 mundo,
1971 2906 2056 2959 in-

486 3002 823 3070 telligeretur
854 2998 1114 3054 Dominus
1154 2998 1532 3054 universorum
1562 2996 1717 3068 (pace
1751 3006 1863 3064 tua,
1891 2996 2054 3064 Deus,

487 3106 653 3161 cogor
709 3089 791 3143 sic
834 3086 1031 3159 loqui),
1056 3088 1171 3157 ipse
1215 3101 1311 3156 per
1363 3100 1423 3141 se
1475 3084 1824 3157 imperfectus
1883 3093 2055 3148 esset,

489 3185 665 3253 iisque
717 3179 1011 3252 indigeret,
1069 3193 1099 3231 a
1147 3178 1346 3249 quibus
1416 3175 1678 3232 Dominus
1733 3174 2058 3231 universalis

2145 591 2348 660 δαμῶς.
2376 590 2486 642 Οὐκ
2517 584 2624 660 ἆρα
2654 590 2682 641 ό
2708 586 2839 649 Θεὸς
2863 584 3062 649 τέλειος
3091 584 3178 637 διά
3204 600 3253 635 τι
3284 576 3697 654 νομισθήσεται;

2152 687 2215 738 Ὃ
2247 684 2355 755 γὰρ
2380 683 2467 736 διά
2500 700 2551 734 τι
2588 681 2788 734 τέλειόν
2830 681 2995 741 ἐστιν,
3024 677 3155 730 αὐτὸ
3182 676 3302 730 καθ’
3330 676 3489 729 ἑαυτὸ
3513 674 3699 738 ἀτελὲς
3723 684 3727 689 ”

2145 777 2358 846 ἀνάγκη
2384 774 2685 845 τυγχάνειν.
2719 770 2925 824 Οὐκοῦν
2953 769 3044 822 καὶ
3072 771 3101 823 ό
3133 768 3263 831 Θεὸς
3298 768 3455 831 αὐτὸς
3480 767 3546 821 δι’
3571 768 3701 820 ἑαυο

2144 867 2234 920 τὸν
2260 867 2483 930 τέλειος,
2516 862 2628 918 ἀλλ’
2662 864 2723 916 οὐ
2764 862 2829 914 δι’
2855 861 3038 934 ἕτερον
3069 860 3473 931 λογισθήσεται;
3512 856 3699 929 Ὀρθό-

2144 976 2300 1012 τατα.
2337 958 2558 1027 Ἕτερον
2582 954 2710 1018 Θεὸς
2739 954 2962 1023 κόσμου,
2985 952 3077 1005 καὶ
3099 951 3281 1022 ἕτερον
3313 950 3512 1020 κόσμος
3532 947 3698 1012 Θεοῦ;

2147 1051 2449 1114 Παντελῶς.
2485 1051 2597 1103 Οὐκ
2621 1045 2729 1121 ἆρα
2758 1048 2960 1101 τέλειον
2984 1045 3176 1114 φατέον
3193 1084 3206 1106 ,
3234 1044 3328 1097 καὶ
3354 1041 3701 1114 δημιουργὸν,

2147 1153 2242 1207 καὶ
2271 1130 2705 1224 παντοκράτορα,
2739 1148 2825 1201 διά
2854 1138 3069 1216 ’κόσμον
3111 1142 3200 1195 τὸν
3229 1139 3392 1201 θεόν;
3427 1133 3521 1187 Οὖο
3556 1133 3704 1224 ὅπως

2148 1247 2273 1321 [μὴ]
2316 1248 2381 1301 δι’
2417 1223 2639 1310 ἑαυτὸν,
2669 1243 2803 1297 ἁλλά
2841 1238 2962 1314 [μὴ]
3006 1236 3094 1291 διά
3135 1235 3357 1303 κόσμον,
3397 1227 3491 1282 καί
3530 1223 3701 1321 ταῦτα

2147 1317 2397 1409 ῐερεέττδν,
2424 1338 2583 1399 αὐτὸς
2614 1334 2733 1389 καθ’
2757 1332 2943 1387 ἑαυτὸν
2966 1328 3164 1389 τέλειος
3188 1325 3245 1376 εὑ
3256 1322 3505 1392 ρίσκοιτο.
3530 1317 3704 1409 Προσ-

2149 1404 2408 1503 ηἰκόντως.
2429 1429 2493 1481 Τί
2516 1428 2604 1492 δέ;
2633 1428 2722 1479 τὸν
2742 1424 2986 1479 πλούσιον
3006 1420 3091 1473 διὰ
3116 1419 3205 1471 τὸν
3235 1412 3459 1467 πλοῦτον
3484 1404 3701 1503 λεκτέρν

2150 1498 2399 1577 πλούσιον
2418 1538 2432 1587 ;
2454 1519 2689 1591 Ὀρθῶς.
2711 1518 2820 1572 Καὶ
2847 1518 2935 1570 τὸν
2973 1512 3134 1582 σοφὸν
3164 1507 3302 1562 κατά
3341 1500 3565 1576 μετοχὴν
3602 1498 3701 1568 τῆς

2149 1614 2434 1677 οὑσιὼδους
2452 1612 2659 1682 σοφίας,
2682 1611 2779 1663 οὐκ
2799 1608 2959 1663 αὐτὸν
2983 1602 3169 1671 σοφίαν
3187 1599 3333 1660 ὄντα,
3356 1594 3513 1663 σοφὸν
3530 1602 3717 1677 προαος

2150 1705 2433 1779 γορευτέον
2452 1704 2512 1775 (Ῑ.
2528 1701 2807 1774 προσαγ-);
2823 1698 2928 1752 Ναί
2940 1731 2952 1744 ο
2975 1697 3039 1749 Τί
3055 1694 3109 1747 δέ
3126 1710 3140 1757 ;
3156 1692 3250 1745 καὶ
3270 1689 3358 1742 τὸν
3375 1686 3503 1779 Θεὸν
3519 1685 3603 1779 Ξτε
3611 1697 3702 1751 ρον

2150 1801 2278 1853 ὄντα
2304 1799 2530 1868 κόσμου,
2570 1794 2657 1847 διὰ
2683 1793 2882 1862 κόσμον
2920 1789 3093 1859 ταύτῃ
3131 1783 3379 1838 πλούσιον
3424 1778 3517 1831 καὶ
3548 1774 3702 1843 εὐερ-

2149 1891 2313 1961 γέτην
2340 1864 2455 1959 καὶ
2485 1883 2812 1957 δημιουργὸν
2850 1879 3106 1950 κλητέον;
3156 1872 3435 1943 Οὐδαμῶς
3485 1864 3715 1961 ἄπαγε-ί·

2151 1955 2360 2035 ὸὺκοῦν
2398 1955 2559 2039 αὐτὸς
2594 1972 2783 2028 ἑαυτοῦ
2813 1970 3059 2034 πλοῦτος,
3090 1967 3183 2021 καὶ
3220 1966 3285 2019 δι’
3318 1962 3503 2018 ἑαυτὸν
3544 1955 3706 2011 πλού-

2152 2091 2263 2137 σιος
2299 2072 2392 2125 καὶ
2419 2069 2638 2132 δυνατὸς
2658 2065 2932 2135 τυγχάνει.
2960 2063 3193 2115 Ἔοικεν.
3224 2055 3331 2111 τΗν
3352 2057 3459 2127 ἀρα
3483 2052 3577 2107 καὶ
3597 2048 3709 2123 πρὸ,

2150 2164 2354 2235 κόσμου
2390 2162 2565 2229 πάντη
2605 2157 2926 2229 ἀπροσδεὴς,
2953 2154 3027 2206 ὣν
3061 2152 3153 2205 καὶ
3179 2150 3366 2227 Πατὴρ
3390 2145 3483 2200 καὶ

2151 2231 2390 2329 κράτωρ,
2415 2252 2508 2306 καὶ
2523 2249 2869 2320 δημιουργὸς,
2891 2248 3036 2308 ὅπως
3062 2241 3220 2305 αὐτὸς
3245 2239 3309 2292 δι’
3336 2237 3543 2300 ἑαυτὸν,
3572 2231 3707 2287 ἀλλὰ

2154 2328 2230 2420 μὴ
2252 2348 2316 2401 δι’
2343 2346 2525 2417 ἓτερον
2549 2340 2725 2395 ταῦτα
2749 2337 2815 2413 ﬁ;
2862 2338 3116 2405 Ἀνάγκη.
3144 2336 3206 2392 Ei
3228 2331 3334 2402 γὰρ
3362 2329 3448 2383 διὰ
3481 2328 3705 2397 κόσμον,

2151 2441 2246 2495 καὶ
2271 2439 2391 2509 οὐχὶ
2416 2437 2480 2490 δι’
2512 2433 2699 2488 ἑαυτὸν
2738 2432 2923 2502 ἕτερος
2961 2427 3035 2482 ὢν
3067 2425 3206 2499 [καὶ]
3246 2425 3445 2495 κόσμου
3464 2463 3480 2487 ,
3508 2436 3705 2473 παντο-

2151 2531 2373 2602 κράτωρ
2406 2525 2724 2599 γνωρίζοιτο
2751 2520 3098 2594 (συγγνώμην
3126 2520 3154 2571 ὁ
3190 2516 3320 2580 Θεὸς
3340 2555 3355 2579 ,
3409 2510 3709 2602 ἀναγκάζοτ

2157 2599 2253 2697 μαι
2278 2599 2387 2692 γὰρ
2413 2618 2569 2674 τοῦτο
2600 2614 2817 2686 εἰπεῖν),
2839 2612 2996 2676 αὐτὸς
3027 2609 3144 2664 καθ’
3176 2607 3360 2661 ἑαυτὸν
3376 2604 3566 2674 ἀτελὴς
3589 2599 3709 2683 [ἂν]

2153 2692 2248 2771 καὶ
2282 2711 2547 2787 προσδεὴς
2593 2707 2816 2770 τούτων,
2866 2705 2933 2758 δι’
2979 2702 3016 2757 ἃ
3060 2698 3448 2770 παντοκράτωρ
3480 2694 3582 2787 καὶ
3614 2692 3711 2787 61!-

2158 2781 2414 2878 μιουργός
2439 2781 2584 2854 ἐστιν
2614 2796 2921 2870 ὑπερφυῶς.
2959 2794 3070 2847 Οὐκ
3103 2792 3210 2863 ἀρα
3236 2786 3551 2844 ἀποδεκτέον
3581 2781 3711 2837 ταύ-

2154 2917 2253 2971 την
2279 2899 2378 2970 τὴν
2409 2895 2647 2966 ὀλέθριον
2674 2891 2944 2963 ἁμαρτίαν
2976 2887 3103 2959 περὶ
3131 2884 3266 2938 Θεοῦ
3290 2882 3396 2937 τῶν
3426 2879 3710 2949 λεγόντων,

2158 2989 2571 3059 παντοκράτορα
2617 2986 2710 3039 καὶ
2754 2981 3078 3053 δημιουργὸν
3126 2979 3212 3034 διὰ
3257 2977 3326 3031 τά
3372 2972 3710 3059 κρατούμενα

2157 3081 2251 3135 καὶ
2280 3057 2748 3150 δημιουργούμενα
2772 3070 2998 3145 τρεπτὰ,
3028 3068 3140 3123 aut
3171 3068 3231 3121 οὑ
3267 3067 3333 3121 δι’
3363 3063 3549 3119 ἑαυτὸν
3572 3057 3710 3119 εἶναι

2159 3174 2249 3226 τὸν
2277 3171 2428 3226 Θεόν.

470 3286 785 3347 auctorque
810 3274 1042 3330 mirabili
1073 3274 1281 3329 ratione
1302 3279 1467 3329 esset.
1503 3272 1598 3329 Est
1620 3288 1749 3343 ergo
1782 3271 2123 3342 perniciosus
2157 3270 2247 3324 ille
2277 3282 2433 3324 error
2487 3264 2835 3336 rejiciendus,
2897 3260 3190 3319 dicentium
3233 3257 3290 3311 in
3344 3253 3511 3311 Deum
3536 3289 3554 3319 ,
3603 3265 3714 3306 non

489 3377 666 3445 ipsum
715 3388 746 3426 a
782 3386 861 3439 ae,
890 3370 987 3428 sed
1014 3385 1045 3423 a
1075 3368 1337 3440 subjectis
1385 3370 1548 3424 rebus
1591 3378 1643 3423 et
1680 3368 1902 3430 creatis,
1936 3380 2059 3436 quae
2112 3373 2240 3419 sunt
2271 3363 2554 3419 mutationi
2605 3359 2871 3426 obnoxiae,
2907 3357 3267 3412 universalem
3306 3350 3592 3406 Dominum
3650 3359 3714 3400 ac

487 3476 788 3526 creatorem
808 3483 949 3523 esse.
1010 3532 1015 3536 η

559 3562 649 3620 ΙΙΙ.
680 3562 851 3616 Etiam
881 3561 955 3614 ita
983 3532 1330 3616 ratiocinare.
1360 3556 1419 3613 Si
1458 3560 1699 3624 tandem,
1730 3558 1936 3628 inquis,
1960 3557 2056 3611 ali-

2232 3550 2304 3604 I".
2341 3547 2479 3618 Ὅρα
2511 3545 2568 3599 δὲ
2594 3546 2686 3599 καὶ
2716 3540 2838 3599 ὧδε.
2870 3544 2932 3596 El
2968 3540 3209 3610 ὕστερον,
3240 3537 3393 3607 ἔφης,
3427 3535 3715 3605 πεποίηται

491 3653 710 3736 quando
739 3660 958 3708 creatus
988 3660 1071 3707 est
1101 3652 1359 3715 mundus,
1397 3666 1519 3706 cum
1554 3651 1706 3720 prius
1740 3666 1851 3705 non
1876 3655 2057 3716 esset;

492 3750 722 3802 necesse
765 3751 869 3807 est,
899 3744 1192 3798 immunem
1223 3741 1391 3798 Deum
1422 3757 1451 3795 a
1486 3746 1740 3813 passione
1769 3750 1824 3796 et
1864 3741 2063 3796 altera-

468 3841 663 3904 .tione,
695 3835 917 3890 mutari.
962 3831 1171 3903 Quippe
1203 3841 1435 3904 oportet,
1469 3832 1755 3887 mutationi
1786 3831 2062 3886 alteratio-

497 3929 664 3999 niquc
685 3926 983 3996 subiaceat,
1015 3927 1107 3995 qui
1139 3924 1207 3980 ab
1234 3926 1346 3981 otio
1402 3925 1748 3995 postmodum
1801 3920 1871 3975 ad
1924 3935 2062 3991 opus

498 4018 762 4090 procedit.
810 4016 944 4071 Nam
975 4016 1219 4071 dicebam
1270 4016 1381 4088 (14)
1417 4013 1810 4084 :Bequievitne
1839 4009 1979 4066 Deus
2030 4026 2063 4066 a

500 4111 687 4167 mundi
732 4110 1026 4173 creatione,
1078 4108 1292 4164 necne?
1327 4107 1471 4163 Sane
1520 4105 1823 4177 requievit:
1861 4103 2062 4173 alioqui

499 4203 643 4258 enim
670 4190 903 4256 necdum
932 4200 982 4254 is
1029 4206 1176 4254 esset
1225 4200 1523 4269 perfectus.
1559 4195 1637 4250 lta
1668 4204 1772 4250 est.
1828 4191 1886 4247 Si
1934 4207 2061 4263 ergo

499 4291 705 4349 creatio
752 4306 782 4345 a
837 4305 944 4345 non
990 4290 1266 4345 creatione
1310 4287 1421 4343 Deo
1463 4286 1833 4341 alterationem
1889 4282 2060 4348 ail‘ert,

500 4396 683 4437 nonne
708 4380 869 4435 etiam
903 4394 1010 4433 non
1044 4376 1250 4433 creatio
1283 4390 1312 4428 a
1360 4373 1671 4429 creatione?
1702 4370 1778 4424 lta
1816 4385 2060 4440 prorsus.

465 4532 469 4537 ,
502 4473 717 4528 Dixeris
746 4486 875 4526 vero
901 4477 1192 4533 mutatum,
1226 4467 1371 4538 quod
1423 4481 1533 4521 non
1586 4470 1732 4519 creet
1764 4463 1943 4527 hodie,
1999 4477 2065 4517 eo

464 4610 467 4615 ,
502 4564 647 4636 quod
691 4560 982 4632 aliquando
1013 4559 1257 4614 crearet?
1313 4557 1687 4626 Nequaquam.
1720 4552 1905 4623 Neque
1937 4568 2066 4621 ergo

502 4664 588 4713 est
640 4654 960 4709 necessitate
1002 4660 1240 4707 mutatus
1289 4647 1525 4705 creando
1581 4645 1876 4709 mundum,
1922 4644 2066 4715 quod

462 4792 467 4797 .
502 4746 667 4813 fuerit
694 4745 910 4816 quando
939 4758 1047 4798 non
1074 4750 1306 4798 crearet.
1336 4739 1511 4808 Atque
1558 4736 1693 4791 adeo
1723 4750 1831 4790 non
1880 4752 2067 4793 neces-

608 4855 690 4925 ΙΞ)
727 4852 913 4908 Nonne
943 4852 1089 4906 aliud
1118 4860 1195 4906 est
1224 4849 1365 4931 Deus
1409 4865 1441 4902 a
1469 4846 1687 4911 mundo,
1717 4853 1851 4911 etc.,
1878 4846 2065 4968 ἕτερον

613 4943 638 4968 r
671 4924 907 4968 minimo:
945 4922 1082 4968 Ouid
1116 4921 1365 4968 nlamns?
1396 4918 1642 4968 Ostendit
1671 4932 1779 4968 non
1812 4932 1931 4968 esse
2017 4916 2065 4968 ei
2098 4896 2141 4951 ι)

2017 4932 2065 4970 Cl

505 4918 638 4990 Θεὸς
671 4918 909 4995 κόσμους
945 4922 1085 4989 Quid
1115 4921 1365 4995 planius?
1396 4918 1642 4995 Ostendit
1671 4932 1779 4995 non
1812 4932 1931 4971 esse

462 5032 470 5041 -
506 4986 893 5064 perfectionem
929 4986 1213 5064 a—mun'do,
1253 4990 1345 5064 qui
1379 4990 1471 5064 sit_
1493 4988 1638 5064 aliud
1668 4988 1736 5042 ab
1766 4986 1919 5064 ipso;
1942 5000 2065 5064 cum

508 5055 690 5120 :livina
721 5072 776 5118 et
804 5063 1050 5118 absoluta
1086 5055 1347 5130 perfectio
1367 5100 1381 5125 ,
1423 5060 1492 5130 ab
1518 5058 1657 5130 ipso
1703 5055 1861 5130 cujus
1888 5064 1973 5111 est
2016 5061 2072 5109 et

509 5144 727 5207 propter
776 5134 951 5204 ipsqu
1003 5125 1196 5207 debeat
1250 5144 1387 5207 esse.
1446 5125 1741 5207 Scliottus:
1778 5125 1964 5207 Nonne
1995 5133 2071 5179 est

509 5197 656 5260 aliud
692 5197 824 5256 Deu's
854 5200 1054 5263 mundi,
1087 5210 1215 5267 etc.,
1253 5198 1399 5267 fmda
1428 5206 1574 5267 certe
1594 5197 1861 5252 barbarie.

584 5273 696 5344 (l3)
726 5261 1091 5344 Nequaquam,
1123 5261 1314 5344 οὑίμή.
1380 5265 1470 5344 Sic
1510 5266 1667 5344 facile
1706 5272 1884 5338 potest
1915 5261 2077 5319 resti.

514 5338 603 5398 tut‘
624 5338 830 5405 littera,
847 5342 1056 5396 reddita
1083 5338 1341 5407 particula
1373 5340 1444 5409 μή
1477 5353 1577 5409 suo
1608 5338 1941 5409 loco,_eo_que
1962 5347 2069 5409 uo_u

517 5415 711 5468 inutili.
746 5401 904 5467 velut
944 5401 1238 5465 adversarii
1286 5401 1569 5477 responsio
1618 5408 1689 5462 sit
1718 5401 1878 5477 abiis
1900 5401 2071 5473 parti—

517 5485 656 5538 culis
689 5482 945 5551 usquead
987 5481 1208 5551 verbum
1238 5476 1563 5551 εὑρίσκοιτο,
1598 5479 1684 5551 cui
1718 5476 1863 5529 velut
1888 5480 2073 5551 gratu-

519 5554 639 5607 lans
669 5541 968 5607 Metimdius
997 5541 1394 5621 subjungat'vb
1440 5547 1842 5619 προσηκόντως,
1883 5541 1947 5596 ac
1996 5541 2073 5594 ita

521 5623 855 5690 interrogare
887 5630 1089 5690 pergat.

593 5691 701 5772 (li)
731 5681 1168 5772 Nam-dicebam,
1208 5687 1390 5772 ἕλεγρν
1425 5686 1552 5772 γάρ.
1589 5685 1812 5772 Replica
1851 5691 1933 5739 est
1957 5681 2076 5772 (ble-

492 5774 497 5781 '
522 5752 713 5824 thodii,
750 5776 852 5829 qua
876 5759 943 5811 ad
971 5752 1241 5829 hominem
1268 5752 1515 5829 infringit
1532 5752 1917 5829 argumentum
1955 5752 2076 5829 0_ri-

524 5831 696 5901 genis,
722 5824 1017 5900 probatque
1042 5828 1181 5884 idem
1206 5826 1359 5896 sequi
1389 5824 1790 5881 incommodum
1817 5840 1878 5879 ex
1905 5824 2074 5894 ipsius

2160 3644 2189 3696 ὁ
2222 3642 2442 3712 κόσμος,
2482 3639 2556 3710 μὴ
2588 3639 2847 3711 πρότερον
2870 3634 2966 3698 ὢν,
3002 3630 3353 3703 μταὸάλλειν
3383 3627 3590 3698 ἀνάγκη
3623 3627 3715 3680 τὸν

2161 3730 2348 3801 ἀπαθῆ
2398 3728 2492 3782 καὶ
2554 3726 2903 3781 ἀναλλοίωτον
2960 3720 3110 3773 Θεόν.
3160 3719 3262 3771 Τὸν
3310 3718 3416 3787 γάρ
3461 3714 3716 3768 ποιοῦντα

2162 3823 2423 3896 πρότερον
2457 3817 2617 3890 μηδὲν
2637 3858 2650 3883 ,
2683 3815 2905 3885 ὕστερον
2948 3813 3004 3866 δὲ
3045 3810 3150 3865 ἀπὸ
3181 3808 3273 3862 τοῦ
3321 3809 3394 3879 μὴ
3427 3809 3596 3861 ποιεῖν
3637 3809 3715 3870 είς

2160 3915 2221 3968 τὸ
2255 3916 2428 3968 ποιεῖν
2462 3910 2592 3981 (15),
2624 3906 2969 3979 μεταϐάλλειν
3000 3904 3092 3957 καὶ
3118 3900 3452 3956 ἀλλοιοῦσθαι
3482 3900 3712 3969 ἀνάγκη.

2166 4005 2389 4073 Ἔλεγον
2415 4003 2540 4075 γάρ’
2575 3999 2854 4052 Πέπαυται
2893 3995 2950 4048 δὲ
2993 3994 3085 4048 τοῦ
3118 3996 3287 4047 ποιεῖν
3320 3992 3410 4044 τὸν
3446 3990 3645 4061 κόσμον
3686 3992 3716 4043 ό

2162 4098 2313 4161 Θεὸς,
2347 4095 2380 4165 ἢ
2412 4092 2510 4158 ob;
2546 4091 2856 4145 Πέπαυται·
2892 4086 3043 4141 οὔπω
3072 4084 3179 4156 γάρ
3207 4081 3275 4157 ἦν
3306 4083 3718 4152 τετελειωμένος

2163 4189 2248 4243 ἀν.
2290 4185 2528 4258 ⁸Δληθές.
2562 4184 2624 4237 Εἰ
2655 4177 2746 4236 οὖν
2784 4181 2846 4234 τὸ
2875 4183 3045 4233 ποιεῖν
3072 4181 3136 4232 ὲκ
3168 4176 3261 4231 τοῦ
3305 4175 3377 4247 μὴ
3408 4177 3579 4227 ποιεῖν
3626 4174 3718 4226 άλ-

2162 4282 2377 4336 λοίωσιν
2420 4277 2514 4331 τοῦ
2562 4276 2695 4329 Θεοῦ
2742 4272 3200 4344 καταψηφίζεται,
3242 4270 3361 4340 οὐχὶ
3408 4268 3502 4322 καὶ
3547 4268 3607 4321 τὸ
3641 4267 3718 4338 μὴ

2165 4378 2334 4428 ποιεῖν
2362 4375 2425 4426 ἐκ
2452 4370 2546 4424 τοῦ
2592 4371 2796 4433 ποιεῖν;
2837 4366 3092 4437 Ἀνάγκη.
3134 4362 3480 4417 Ἠλλοιῶσθαι
3524 4361 3580 4414 δὲ
3623 4361 3721 4414 αὒ-

2164 4467 2254 4520 τὸν
2307 4465 2470 4535 φαίης
2529 4460 2603 4533 μὴ
2656 4459 2907 4513 ποιοῦντα
2972 4462 3205 4528 σήμερον
3254 4457 3379 4526 παρ’
3432 4454 3461 4506 ὃ
3506 4450 3572 4525 ἦν
3631 4455 3720 4508 ὅτε

2166 4552 2686 4624 ἐποίει;’οὐδαμῶς.
2735 4552 2855 4604 Οὐδ’
2903 4551 3011 4621 ἄρα
3049 4550 3138 4601 ὅτε
3186 4550 3327 4601 ποιεῖ
3366 4547 3455 4600 τὸν
3488 4546 3718 4617 κόσμον,

2166 4646 2487 4719 ἠλλοιῶσθαι
2520 4644 2679 4698 αὐτὸν
2707 4643 2938 4712 ἀνάγκη,
2969 4640 3095 4711 παρ’
3123 4639 3151 4692 ὃ
3176 4635 3242 4709 ἦν
3271 4639 3357 4691 ὅτε
3401 4638 3717 4691 οὐκ·ὲποίει·

2167 4743 2261 4796 καὶ
2292 4739 2413 4794 οὔτε
2453 4739 2664 4806 ἀνάγκη
2699 4735 3058 4805 συνυπάρχειν
3104 4731 3251 4802 αὐτῷ
3288 4732 3350 4784 τὸ
3388 4732 3494 4784 πᾶν
3531 4731 3610 4783 δεῖ
3635 4729 3723 4782 λέ-

2170 4850 2469 4914 sententia,
2522 4849 2590 4903 ab
2627 4848 2767 4910 otio,
2814 4852 3072 4916 sequente
3111 4859 3269 4916 opus,
3302 4840 3445 4911 quod
3469 4841 3596 4916 ipse
3630 4855 3725 4894 os-

2171 4922 2343 4975 tendit
2366 4911 2697 4981 ab’eodem,
2749 4916 2799 4971 id
2845 4911 3021 4985 ipsum
3062 4911 3724 4985 praiceden_te._Schottus

2170 4993 2316 5046 nulla
2344 4979 2726 5044 consecutione
2766 4989 2819 5041 in
2851 4979 3009 5041 t'ertia
3038 4979 3236 5052 accipit
3263 5001 3275 5035 :
3313 4979 3720 5052 dicebantenim,

2172 5061 2279 5116 nisi
2301 5062 2508 5130 prelum
2538 5058 2677 5130 male
2700 5056 2940 5130 sudavit,
2965 5047 3426 5130 scripsilqueipse
3455 5047 3686 5130 dicebam
3704 5064 3723 5102 :

2173 5119 2334 5201 quam
2368 5140 2545 5201 tamen
2568 5119 3114 5201 pianrconjecturarn
3145 5119 3382 5201 depellit,
3414 5119 3554 5201 quod
3592 5133 3723 5199 pau-

2175 5189 2256 5255 éis
2286 5207 2406 5269 post
2456 5189 3162 5269 lineiseademfoscitantia
3201 5189 3403 5269 peccat,
3445 5189 3536 5242 ubi
3563 5190 3727 5269 etiam

2177 5257 2369 5325 novam
2421 5267 2796 5321 transitionem
2842 5266 2987 5318 illam
3034 5257 3379 5315 Metliodiiad
3428 5273 3617 5311 novam
3646 5257 3729 5310 in—

2178 5340 2432 5394 stantiam
2461 5336 2591 5390 :Kal
2624 5353 2711 5405 μοι
2740 5333 2869 5402 φάθι
2900 5334 2992 5405 καὶ
3033 5325 3154 5394 ὧδε,
3203 5332 3281 5383 sic
3316 5327 3490 5405 reddit
3524 5346 3536 5381 :
3569 5327 3729 5405 Atqui

2175 5410 2252 5464 sic
2309 5423 2506 5462 mecum
2567 5396 2855 5474 disputant.
2908 5404 3224 5470 Quanquam
3280 5399 3616 5474 enim_not_at
3673 5396 3731 5451 in

2178 5494 2370 5550 marg,
2401 5467 2692 5550 ἅληεεασῖ,
2722 5467 2948 5550 planuui
2975 5467 3150 5550 tamen
3182 5476 3264 5522 est
3290 5484 3410 5524 esse
3443 5467 3725 5520 lectionem

2179 5540 2326 5602 illan‘i
2368 5540 2858 5607 meudosamfnec
2910 5540 3292 5610 Origenianum
3352 5546 3729 5608 argumentum

2178 5617 2443 5677 inchoari,
2476 5616 2570 5671 sed
2605 5614 3026 5669 Metliodianum.

2250 5689 2359 5771 (l5)
2385 5671 2486 5768 Ιζὶς
2511 5683 2808 5771 τοῖσξριεῖν.
2854 5682 3013 5737 Deest
3045 5677 3463 5751 προεληλυθότα,
3508 5682 3602 5730 aut
3630 5671 3730 5728 ali-

2179 5755 2309 5831 quid
2345 5755 2676 5828 hujusmodi.
