  <div class='ocr_page' id='page_1' title='image "/cluster/home/n/w/nwhite01/storage/ocr_20150623/18/coo.31924054872985/183.png"; bbox 0 0 4110 6418; ppageno 0'>
   <div class='ocr_carea' id='block_1_1' title="bbox 507 361 3729 421">
    <p class='ocr_par' dir='ltr' id='par_1_1' title="bbox 507 361 3729 421">
     <span class='ocr_line' id='line_1_1' title="bbox 507 361 3729 421; baseline -0.001 -1"><span class='ocrx_word' id='word_1_1' title='bbox 507 362 611 420; x_wconf 78' lang='lat'><strong>359</strong></span> <span class='ocrx_word' id='word_1_2' title='bbox 1472 363 1530 420; x_wconf 90' lang='lat' dir='ltr'><strong>S.</strong></span> <span class='ocrx_word' id='word_1_3' title='bbox 1572 362 1902 421; x_wconf 71' lang='lat' dir='ltr'><strong>METIIODII</strong></span> <span class='ocrx_word' id='word_1_4' title='bbox 1943 361 2245 419; x_wconf 68' lang='lat' dir='ltr'><strong>EPISCOPI</strong></span> <span class='ocrx_word' id='word_1_5' title='bbox 2290 363 2373 417; x_wconf 83' lang='lat' dir='ltr'><strong>ET</strong></span> <span class='ocrx_word' id='word_1_6' title='bbox 2413 363 2767 421; x_wconf 74' lang='lat' dir='ltr'><strong>MARTYBIS</strong></span> <span class='ocrx_word' id='word_1_7' title='bbox 3624 362 3729 417; x_wconf 56' lang='lat'><strong>360</strong></span> 
     </span>
    </p>
   </div>
   <div class='ocr_carea' id='block_1_2' title="bbox 506 475 2066 555">
    <p class='ocr_par' dir='ltr' id='par_1_2' title="bbox 506 479 2066 555">
     <span class='ocr_line' id='line_1_2' title="bbox 506 479 2066 555; baseline -0.004 -15"><span class='ocrx_word' id='word_1_8' title='bbox 506 486 796 555; x_wconf 86' lang='lat' dir='ltr'><strong>ipsammet</strong></span> <span class='ocrx_word' id='word_1_9' title='bbox 839 481 1119 536; x_wconf 84' lang='lat' dir='ltr'><strong>statuam?</strong></span> <span class='ocrx_word' id='word_1_10' title='bbox 1167 479 1225 537; x_wconf 90' lang='lat' dir='ltr'><strong>Si</strong></span> <span class='ocrx_word' id='word_1_11' title='bbox 1276 480 1495 553; x_wconf 87' lang='lat' dir='ltr'><strong>quidem</strong></span> <span class='ocrx_word' id='word_1_12' title='bbox 1528 498 1657 538; x_wconf 82' lang='lat' dir='ltr'><strong>vero</strong></span> <span class='ocrx_word' id='word_1_13' title='bbox 1696 491 1917 554; x_wconf 79' lang='lat' dir='ltr'><strong>propter</strong></span> <span class='ocrx_word' id='word_1_14' title='bbox 1945 482 2066 535; x_wconf 90' lang='lat' dir='ltr'><strong>arti-</strong></span> 
     </span>
    </p>
   </div>
   <div class='ocr_carea' id='block_1_3' title="bbox 2167 475 3733 555">
    <p class='ocr_par' dir='ltr' id='par_1_3' title="bbox 2182 475 3733 553">
     <span class='ocr_line' id='line_1_3' title="bbox 2182 475 3733 553; baseline -0.004 -19"><span class='ocrx_word' id='word_1_15' title='bbox 2182 481 2282 553; x_wconf 79' lang='grc' dir='ltr'><strong>μὲν</strong></span> <span class='ocrx_word' id='word_1_16' title='bbox 2326 482 2434 553; x_wconf 86' lang='grc' dir='ltr'><strong>γάρ</strong></span> <span class='ocrx_word' id='word_1_17' title='bbox 2478 482 2566 535; x_wconf 83' lang='grc' dir='ltr'>διὰ</span> <span class='ocrx_word' id='word_1_18' title='bbox 2601 482 2691 535; x_wconf 77' lang='grc' dir='ltr'><strong>τὸν</strong></span> <span class='ocrx_word' id='word_1_19' title='bbox 2735 479 3003 550; x_wconf 75' lang='grc' dir='ltr'>τεχνίτην,</span> <span class='ocrx_word' id='word_1_20' title='bbox 3045 477 3163 543; x_wconf 84' lang='grc' dir='ltr'>πῶς</span> <span class='ocrx_word' id='word_1_21' title='bbox 3199 478 3458 550; x_wconf 77' lang='grc' dir='ltr'><strong>ἀγένητος</strong></span> <span class='ocrx_word' id='word_1_22' title='bbox 3493 475 3569 530; x_wconf 86' lang='grc' dir='ltr'><strong>ὢν</strong></span> <span class='ocrx_word' id='word_1_23' title='bbox 3598 476 3733 546; x_wconf 65' lang='grc' dir='ltr'>πρὸς</span> 
     </span>
    </p>
   </div>
   <div class='ocr_carea' id='block_1_4' title="bbox 507 568 2066 646">
    <p class='ocr_par' dir='ltr' id='par_1_4' title="bbox 507 574 2066 646">
     <span class='ocr_line' id='line_1_4' title="bbox 507 574 2066 646; baseline -0.002 -15"><span class='ocrx_word' id='word_1_24' title='bbox 507 576 682 639; x_wconf 81' lang='lat' dir='ltr'><strong>licem,</strong></span> <span class='ocrx_word' id='word_1_25' title='bbox 710 576 802 644; x_wconf 86' lang='lat' dir='ltr'><strong>qui</strong></span> <span class='ocrx_word' id='word_1_26' title='bbox 847 575 961 638; x_wconf 91' lang='lat' dir='ltr'><strong>illa,</strong></span> <span class='ocrx_word' id='word_1_27' title='bbox 988 589 1113 628; x_wconf 91' lang='lat' dir='ltr'><strong>cum</strong></span> <span class='ocrx_word' id='word_1_28' title='bbox 1145 575 1216 630; x_wconf 86' lang='lat' dir='ltr'><strong>sit</strong></span> <span class='ocrx_word' id='word_1_29' title='bbox 1243 590 1352 629; x_wconf 91' lang='lat' dir='ltr'><strong>non</strong></span> <span class='ocrx_word' id='word_1_30' title='bbox 1381 574 1552 639; x_wconf 87' lang='lat' dir='ltr'><strong>facta,</strong></span> <span class='ocrx_word' id='word_1_31' title='bbox 1586 576 1855 646; x_wconf 81' lang='lat' dir='ltr'><strong>eﬂingitur</strong></span> <span class='ocrx_word' id='word_1_32' title='bbox 1882 576 1950 630; x_wconf 89' lang='lat' dir='ltr'><strong>ab</strong></span> <span class='ocrx_word' id='word_1_33' title='bbox 1983 591 2066 628; x_wconf 89' lang='lat' dir='ltr'><strong>ar-</strong></span> 
     </span>
    </p>
   </div>
   <div class='ocr_carea' id='block_1_5' title="bbox 2167 568 3730 646">
    <p class='ocr_par' dir='ltr' id='par_1_5' title="bbox 2171 568 3730 645">
     <span class='ocr_line' id='line_1_5' title="bbox 2171 568 3730 645; baseline -0.005 -17"><span class='ocrx_word' id='word_1_34' title='bbox 2171 575 2265 628; x_wconf 82' lang='grc' dir='ltr'>τοῦ</span> <span class='ocrx_word' id='word_1_35' title='bbox 2290 575 2533 645; x_wconf 76' lang='grc' dir='ltr'><strong>τεχνίτου</strong></span> <span class='ocrx_word' id='word_1_36' title='bbox 2573 574 3011 643; x_wconf 84' lang='grc' dir='ltr'>δημιουργεῖται;</span> <span class='ocrx_word' id='word_1_37' title='bbox 3051 572 3097 623; x_wconf 81' lang='grc' dir='ltr'>εἰ</span> <span class='ocrx_word' id='word_1_38' title='bbox 3143 571 3251 642; x_wconf 78' lang='grc' dir='ltr'><strong>γάρ</strong></span> <span class='ocrx_word' id='word_1_39' title='bbox 3282 570 3416 634; x_wconf 84' lang='grc' dir='ltr'><strong>ὅλως</strong></span> <span class='ocrx_word' id='word_1_40' title='bbox 3462 572 3518 623; x_wconf 81' lang='grc' dir='ltr'><strong>ὲν</strong></span> <span class='ocrx_word' id='word_1_41' title='bbox 3556 568 3730 639; x_wconf 63' lang='grc' dir='ltr'>ἐνδείᾳ</span> 
     </span>
    </p>
   </div>
   <div class='ocr_carea' id='block_1_6' title="bbox 502 658 2066 737">
    <p class='ocr_par' dir='ltr' id='par_1_6' title="bbox 502 668 2066 724">
     <span class='ocr_line' id='line_1_6' title="bbox 502 668 2066 724; baseline -0.002 -1"><span class='ocrx_word' id='word_1_42' title='bbox 502 670 688 724; x_wconf 85' lang='lat' dir='ltr'><strong>titice?</strong></span> <span class='ocrx_word' id='word_1_43' title='bbox 717 668 773 722; x_wconf 87' lang='lat' dir='ltr'><strong>Si</strong></span> <span class='ocrx_word' id='word_1_44' title='bbox 800 669 945 722; x_wconf 90' lang='lat' dir='ltr'><strong>enim</strong></span> <span class='ocrx_word' id='word_1_45' title='bbox 976 668 1199 721; x_wconf 84' lang='lat' dir='ltr'><strong>omnino</strong></span> <span class='ocrx_word' id='word_1_46' title='bbox 1235 669 1600 723; x_wconf 84' lang='lat' dir='ltr'><strong>necessariam</strong></span> <span class='ocrx_word' id='word_1_47' title='bbox 1636 669 1797 723; x_wconf 83' lang='lat' dir='ltr'><strong>habet</strong></span> <span class='ocrx_word' id='word_1_48' title='bbox 1828 668 2066 723; x_wconf 82' lang='lat' dir='ltr'><strong>metalla-</strong></span> 
     </span>
    </p>
   </div>
   <div class='ocr_carea' id='block_1_7' title="bbox 2167 658 3734 737">
    <p class='ocr_par' dir='ltr' id='par_1_7' title="bbox 2172 658 3734 737">
     <span class='ocr_line' id='line_1_7' title="bbox 2172 658 3734 737; baseline -0.005 -17"><span class='ocrx_word' id='word_1_49' title='bbox 2172 667 2269 737; x_wconf 83' lang='grc' dir='ltr'>τῆς</span> <span class='ocrx_word' id='word_1_50' title='bbox 2316 667 2509 736; x_wconf 80' lang='grc' dir='ltr'>τέχνης</span> <span class='ocrx_word' id='word_1_51' title='bbox 2559 665 2860 734; x_wconf 78' lang='grc' dir='ltr'>καθέστηκε</span> <span class='ocrx_word' id='word_1_52' title='bbox 2921 660 3417 733; x_wconf 80' lang='grc' dir='ltr'>χαλκουργούμενος</span> <span class='ocrx_word' id='word_1_53' title='bbox 3479 658 3614 732; x_wconf 82' lang='grc' dir='ltr'>πρὸς</span> <span class='ocrx_word' id='word_1_54' title='bbox 3676 658 3734 712; x_wconf 79' lang='grc' dir='ltr'>τὸ</span> 
     </span>
    </p>
   </div>
   <div class='ocr_carea' id='block_1_8' title="bbox 503 751 2066 833">
    <p class='ocr_par' dir='ltr' id='par_1_8' title="bbox 503 761 2066 833">
     <span class='ocr_line' id='line_1_8' title="bbox 503 761 2066 833; baseline 0 -17"><span class='ocrx_word' id='word_1_55' title='bbox 503 763 641 816; x_wconf 87' lang='lat' dir='ltr'><strong>riam</strong></span> <span class='ocrx_word' id='word_1_56' title='bbox 676 771 870 827; x_wconf 82' lang='lat' dir='ltr'><strong>artem,</strong></span> <span class='ocrx_word' id='word_1_57' title='bbox 901 771 960 815; x_wconf 92' lang='lat' dir='ltr'><strong>ut</strong></span> <span class='ocrx_word' id='word_1_58' title='bbox 1012 761 1241 832; x_wconf 84' lang='lat' dir='ltr'><strong>recipiat</strong></span> <span class='ocrx_word' id='word_1_59' title='bbox 1271 778 1656 833; x_wconf 82' lang='lat' dir='ltr'><strong>quamcunque</strong></span> <span class='ocrx_word' id='word_1_60' title='bbox 1696 762 1891 818; x_wconf 75' lang='lat' dir='ltr'><strong>artifex</strong></span> <span class='ocrx_word' id='word_1_61' title='bbox 1920 763 2066 818; x_wconf 83' lang='lat' dir='ltr'><strong>malit</strong></span> 
     </span>
    </p>
   </div>
   <div class='ocr_carea' id='block_1_9' title="bbox 2167 751 3732 833">
    <p class='ocr_par' dir='ltr' id='par_1_9' title="bbox 2173 751 3732 828">
     <span class='ocr_line' id='line_1_9' title="bbox 2173 751 3732 828; baseline -0.006 -17"><span class='ocrx_word' id='word_1_62' title='bbox 2173 760 2318 828; x_wconf 77' lang='grc' dir='ltr'>σχεῖν</span> <span class='ocrx_word' id='word_1_63' title='bbox 2361 759 2541 810; x_wconf 78' lang='grc' dir='ltr'>ὁποῖον</span> <span class='ocrx_word' id='word_1_64' title='bbox 2569 760 2597 810; x_wconf 91' lang='lat'><strong>6</strong></span> <span class='ocrx_word' id='word_1_65' title='bbox 2622 754 2949 827; x_wconf 80' lang='grc' dir='ltr'>δημιουργὸς</span> <span class='ocrx_word' id='word_1_66' title='bbox 2980 753 3149 806; x_wconf 78' lang='grc' dir='ltr'>ἐθέλοι</span> <span class='ocrx_word' id='word_1_67' title='bbox 3196 751 3548 824; x_wconf 70' lang='grc' dir='ltr'><strong>χαρακτῆρα,</strong></span> <span class='ocrx_word' id='word_1_68' title='bbox 3592 751 3732 821; x_wconf 82' lang='grc' dir='ltr'>ποίῳ</span> 
     </span>
    </p>
   </div>
   <div class='ocr_carea' id='block_1_10' title="bbox 505 855 2071 927">
    <p class='ocr_par' dir='ltr' id='par_1_10' title="bbox 505 855 2071 927">
     <span class='ocr_line' id='line_1_10' title="bbox 505 855 2071 927; baseline 0.001 -19"><span class='ocrx_word' id='word_1_69' title='bbox 505 856 754 925; x_wconf 76' lang='lat' dir='ltr'><strong>figuram,</strong></span> <span class='ocrx_word' id='word_1_70' title='bbox 784 871 891 925; x_wconf 91' lang='lat' dir='ltr'><strong>qua</strong></span> <span class='ocrx_word' id='word_1_71' title='bbox 918 856 1130 909; x_wconf 82' lang='lat' dir='ltr'><strong>ratione</strong></span> <span class='ocrx_word' id='word_1_72' title='bbox 1157 856 1260 910; x_wconf 90' lang='lat' dir='ltr'><strong>erit</strong></span> <span class='ocrx_word' id='word_1_73' title='bbox 1292 871 1400 909; x_wconf 91' lang='lat' dir='ltr'><strong>non</strong></span> <span class='ocrx_word' id='word_1_74' title='bbox 1433 855 1595 921; x_wconf 83' lang='lat' dir='ltr'><strong>facta,</strong></span> <span class='ocrx_word' id='word_1_75' title='bbox 1618 872 1737 927; x_wconf 70' lang='lat' dir='ltr'><strong>qua:</strong></span> <span class='ocrx_word' id='word_1_76' title='bbox 1763 865 1814 910; x_wconf 90' lang='lat' dir='ltr'><strong>et</strong></span> <span class='ocrx_word' id='word_1_77' title='bbox 1838 856 2071 926; x_wconf 90' lang='lat' dir='ltr'><strong>patiatur</strong></span> 
     </span>
    </p>
   </div>
   <div class='ocr_carea' id='block_1_11' title="bbox 502 947 2067 1020">
    <p class='ocr_par' dir='ltr' id='par_1_11' title="bbox 502 947 2067 1020">
     <span class='ocr_line' id='line_1_11' title="bbox 502 947 2067 1020; baseline 0.003 -21"><span class='ocrx_word' id='word_1_78' title='bbox 502 948 815 1011; x_wconf 80' lang='lat' dir='ltr'><strong>abartitice,</strong></span> <span class='ocrx_word' id='word_1_79' title='bbox 842 957 896 1002; x_wconf 91' lang='lat' dir='ltr'><strong>et</strong></span> <span class='ocrx_word' id='word_1_80' title='bbox 930 948 1055 1002; x_wconf 82' lang='lat' dir='ltr'><strong>fiat?</strong></span> <span class='ocrx_word' id='word_1_81' title='bbox 1086 947 1179 1001; x_wconf 88' lang='lat' dir='ltr'><strong>Sin</strong></span> <span class='ocrx_word' id='word_1_82' title='bbox 1213 956 1416 1012; x_wconf 89' lang='lat' dir='ltr'><strong>autem,</strong></span> <span class='ocrx_word' id='word_1_83' title='bbox 1444 950 1588 1004; x_wconf 78' lang='lat' dir='ltr'><strong>velut</strong></span> <span class='ocrx_word' id='word_1_84' title='bbox 1614 967 1643 1002; x_wconf 90' lang='lat' dir='ltr'><strong>a</strong></span> <span class='ocrx_word' id='word_1_85' title='bbox 1673 966 1731 1004; x_wconf 92' lang='lat' dir='ltr'><strong>se</strong></span> <span class='ocrx_word' id='word_1_86' title='bbox 1760 950 1874 1020; x_wconf 90' lang='lat' dir='ltr'><strong>ipsa</strong></span> <span class='ocrx_word' id='word_1_87' title='bbox 1906 950 2067 1003; x_wconf 86' lang='lat' dir='ltr'><strong>abso-</strong></span> 
     </span>
    </p>
   </div>
   <div class='ocr_carea' id='block_1_12' title="bbox 501 1039 2070 1113">
    <p class='ocr_par' dir='ltr' id='par_1_12' title="bbox 501 1039 2070 1113">
     <span class='ocr_line' id='line_1_12' title="bbox 501 1039 2070 1113; baseline 0.001 -21"><span class='ocrx_word' id='word_1_88' title='bbox 501 1040 762 1095; x_wconf 89' lang='lat' dir='ltr'><strong>lutionem</strong></span> <span class='ocrx_word' id='word_1_89' title='bbox 796 1041 1023 1105; x_wconf 85' lang='lat' dir='ltr'><strong>habens,</strong></span> <span class='ocrx_word' id='word_1_90' title='bbox 1054 1049 1108 1096; x_wconf 90' lang='lat' dir='ltr'><strong>et</strong></span> <span class='ocrx_word' id='word_1_91' title='bbox 1156 1039 1355 1095; x_wconf 85' lang='lat' dir='ltr'><strong>infecta</strong></span> <span class='ocrx_word' id='word_1_92' title='bbox 1407 1041 1788 1113; x_wconf 88' lang='lat' dir='ltr'><strong>increataque,</strong></span> <span class='ocrx_word' id='word_1_93' title='bbox 1845 1052 1903 1095; x_wconf 93' lang='lat' dir='ltr'><strong>ut</strong></span> <span class='ocrx_word' id='word_1_94' title='bbox 1946 1057 2070 1110; x_wconf 87' lang='lat' dir='ltr'><strong>per-</strong></span> 
     </span>
    </p>
   </div>
   <div class='ocr_carea' id='block_1_13' title="bbox 499 1131 2069 1197">
    <p class='ocr_par' dir='ltr' id='par_1_13' title="bbox 499 1131 2069 1197">
     <span class='ocr_line' id='line_1_13' title="bbox 499 1131 2069 1197; baseline 0.001 -11"><span class='ocrx_word' id='word_1_95' title='bbox 499 1131 709 1188; x_wconf 86' lang='lat' dir='ltr'><strong>niciosa</strong></span> <span class='ocrx_word' id='word_1_96' title='bbox 736 1141 916 1187; x_wconf 74' lang='lat' dir='ltr'><strong>vestra</strong></span> <span class='ocrx_word' id='word_1_97' title='bbox 945 1133 1106 1186; x_wconf 85' lang='lat' dir='ltr'><strong>habet</strong></span> <span class='ocrx_word' id='word_1_98' title='bbox 1131 1132 1425 1197; x_wconf 87' lang='lat' dir='ltr'><strong>sententia,</strong></span> <span class='ocrx_word' id='word_1_99' title='bbox 1478 1133 1694 1187; x_wconf 82' lang='lat' dir='ltr'><strong>dicatur</strong></span> <span class='ocrx_word' id='word_1_100' title='bbox 1725 1149 1834 1188; x_wconf 91' lang='lat' dir='ltr'><strong>non</strong></span> <span class='ocrx_word' id='word_1_101' title='bbox 1870 1133 2069 1187; x_wconf 87' lang='lat' dir='ltr'><strong>habere</strong></span> 
     </span>
    </p>
   </div>
   <div class='ocr_carea' id='block_1_14' title="bbox 500 1222 2067 1290">
    <p class='ocr_par' dir='ltr' id='par_1_14' title="bbox 500 1222 2067 1290">
     <span class='ocr_line' id='line_1_14' title="bbox 500 1222 2067 1290; baseline 0 -15"><span class='ocrx_word' id='word_1_102' title='bbox 500 1229 671 1277; x_wconf 82' lang='lat' dir='ltr'><strong>artem</strong></span> <span class='ocrx_word' id='word_1_103' title='bbox 696 1223 1055 1277; x_wconf 82' lang='lat' dir='ltr'><strong>necessariam</strong></span> <span class='ocrx_word' id='word_1_104' title='bbox 1079 1239 1094 1290; x_wconf 91' lang='lat'><strong>;</strong></span> <span class='ocrx_word' id='word_1_105' title='bbox 1122 1238 1412 1278; x_wconf 87' lang='lat' dir='ltr'><strong>necessum</strong></span> <span class='ocrx_word' id='word_1_106' title='bbox 1442 1231 1545 1286; x_wconf 90' lang='lat' dir='ltr'><strong>est,</strong></span> <span class='ocrx_word' id='word_1_107' title='bbox 1572 1222 1868 1283; x_wconf 87' lang='lat' dir='ltr'><strong>fateamini,</strong></span> <span class='ocrx_word' id='word_1_108' title='bbox 1886 1238 2067 1277; x_wconf 89' lang='lat' dir='ltr'><strong>rerum</strong></span> 
     </span>
    </p>
   </div>
   <div class='ocr_carea' id='block_1_15' title="bbox 500 1314 2067 1384">
    <p class='ocr_par' dir='ltr' id='par_1_15' title="bbox 500 1314 2067 1384">
     <span class='ocr_line' id='line_1_15' title="bbox 500 1314 2067 1384; baseline -0.001 -18"><span class='ocrx_word' id='word_1_109' title='bbox 500 1328 530 1366; x_wconf 92' lang='lat' dir='ltr'><strong>a</strong></span> <span class='ocrx_word' id='word_1_110' title='bbox 554 1328 612 1368; x_wconf 89' lang='lat' dir='ltr'><strong>se</strong></span> <span class='ocrx_word' id='word_1_111' title='bbox 644 1323 694 1367; x_wconf 89' lang='lat' dir='ltr'><strong>ct</strong></span> <span class='ocrx_word' id='word_1_112' title='bbox 717 1324 1071 1383; x_wconf 84' lang='lat' dir='ltr'><strong>spontaneum</strong></span> <span class='ocrx_word' id='word_1_113' title='bbox 1098 1321 1278 1366; x_wconf 91' lang='lat' dir='ltr'><strong>ortum</strong></span> <span class='ocrx_word' id='word_1_114' title='bbox 1312 1334 1325 1368; x_wconf 88' lang='lat'>:</span> <span class='ocrx_word' id='word_1_115' title='bbox 1353 1314 1436 1367; x_wconf 86' lang='lat' dir='ltr'><strong>vel</strong></span> <span class='ocrx_word' id='word_1_116' title='bbox 1478 1325 1643 1378; x_wconf 83' lang='lat' dir='ltr'><strong>certe,</strong></span> <span class='ocrx_word' id='word_1_117' title='bbox 1692 1330 1867 1384; x_wconf 82' lang='lat' dir='ltr'><strong>neque</strong></span> <span class='ocrx_word' id='word_1_118' title='bbox 1925 1314 2067 1367; x_wconf 86' lang='lat' dir='ltr'><strong>hunc</strong></span> 
     </span>
    </p>
   </div>
   <div class='ocr_carea' id='block_1_16' title="bbox 498 1400 2066 1473">
    <p class='ocr_par' dir='ltr' id='par_1_16' title="bbox 498 1400 2066 1473">
     <span class='ocr_line' id='line_1_16' title="bbox 498 1400 2066 1473; baseline 0 -17"><span class='ocrx_word' id='word_1_119' title='bbox 498 1400 639 1457; x_wconf 85' lang='lat' dir='ltr'><strong>forte</strong></span> <span class='ocrx_word' id='word_1_120' title='bbox 672 1402 1015 1456; x_wconf 88' lang='lat' dir='ltr'><strong>admittentes</strong></span> <span class='ocrx_word' id='word_1_121' title='bbox 1062 1418 1393 1465; x_wconf 87' lang='lat' dir='ltr'><strong>sermonem,</strong></span> <span class='ocrx_word' id='word_1_122' title='bbox 1427 1404 1718 1458; x_wconf 89' lang='lat' dir='ltr'><strong>absurdius</strong></span> <span class='ocrx_word' id='word_1_123' title='bbox 1752 1403 2066 1473; x_wconf 85' lang='lat' dir='ltr'><strong>responsuri</strong></span> 
     </span>
    </p>
   </div>
   <div class='ocr_carea' id='block_1_17' title="bbox 500 1494 2064 1563">
    <p class='ocr_par' dir='ltr' id='par_1_17' title="bbox 500 1494 2064 1563">
     <span class='ocr_line' id='line_1_17' title="bbox 500 1494 2064 1563; baseline 0.001 -18"><span class='ocrx_word' id='word_1_124' title='bbox 500 1502 660 1558; x_wconf 83' lang='lat' dir='ltr'><strong>sunt;</strong></span> <span class='ocrx_word' id='word_1_125' title='bbox 698 1500 757 1547; x_wconf 89' lang='lat' dir='ltr'><strong>ut</strong></span> <span class='ocrx_word' id='word_1_126' title='bbox 810 1501 1043 1548; x_wconf 87' lang='lat' dir='ltr'><strong>statuam</strong></span> <span class='ocrx_word' id='word_1_127' title='bbox 1089 1494 1305 1563; x_wconf 88' lang='lat' dir='ltr'><strong>quidem</strong></span> <span class='ocrx_word' id='word_1_128' title='bbox 1358 1495 1611 1549; x_wconf 84' lang='lat' dir='ltr'><strong>infectam</strong></span> <span class='ocrx_word' id='word_1_129' title='bbox 1670 1512 1778 1549; x_wconf 90' lang='lat' dir='ltr'><strong>non</strong></span> <span class='ocrx_word' id='word_1_130' title='bbox 1840 1495 2064 1560; x_wconf 82' lang='lat' dir='ltr'><strong>dicant;</strong></span> 
     </span>
    </p>
   </div>
   <div class='ocr_carea' id='block_1_18' title="bbox 500 1580 2065 1651">
    <p class='ocr_par' dir='ltr' id='par_1_18' title="bbox 500 1580 2065 1651">
     <span class='ocr_line' id='line_1_18' title="bbox 500 1580 2065 1651; baseline -0.001 -14"><span class='ocrx_word' id='word_1_131' title='bbox 500 1580 699 1637; x_wconf 83' lang='lat' dir='ltr'><strong>factam</strong></span> <span class='ocrx_word' id='word_1_132' title='bbox 729 1598 857 1638; x_wconf 88' lang='lat' dir='ltr'><strong>vero</strong></span> <span class='ocrx_word' id='word_1_133' title='bbox 878 1583 1171 1651; x_wconf 85' lang='lat' dir='ltr'><strong>ejusmodi,</strong></span> <span class='ocrx_word' id='word_1_134' title='bbox 1206 1592 1264 1636; x_wconf 89' lang='lat' dir='ltr'><strong>ut</strong></span> <span class='ocrx_word' id='word_1_135' title='bbox 1300 1599 1406 1638; x_wconf 93' lang='lat' dir='ltr'><strong>non</strong></span> <span class='ocrx_word' id='word_1_136' title='bbox 1429 1584 1626 1637; x_wconf 82' lang='lat' dir='ltr'><strong>habeat</strong></span> <span class='ocrx_word' id='word_1_137' title='bbox 1652 1592 1805 1639; x_wconf 92' lang='lat' dir='ltr'><strong>ortus</strong></span> <span class='ocrx_word' id='word_1_138' title='bbox 1828 1583 2065 1646; x_wconf 88' lang='lat' dir='ltr'><strong>initium,</strong></span> 
     </span>
    </p>
   </div>
   <div class='ocr_carea' id='block_1_19' title="bbox 499 1673 2067 1743">
    <p class='ocr_par' dir='ltr' id='par_1_19' title="bbox 499 1673 2067 1743">
     <span class='ocr_line' id='line_1_19' title="bbox 499 1673 2067 1743; baseline -0.002 -14"><span class='ocrx_word' id='word_1_139' title='bbox 499 1682 558 1729; x_wconf 85' lang='lat' dir='ltr'><strong>ut</strong></span> <span class='ocrx_word' id='word_1_140' title='bbox 599 1682 860 1729; x_wconf 66' lang='lat' dir='ltr'><strong>aeternum</strong></span> <span class='ocrx_word' id='word_1_141' title='bbox 912 1673 1104 1728; x_wconf 76' lang='lat' dir='ltr'><strong>artifex</strong></span> <span class='ocrx_word' id='word_1_142' title='bbox 1132 1674 1333 1728; x_wconf 89' lang='lat' dir='ltr'><strong>habere</strong></span> <span class='ocrx_word' id='word_1_143' title='bbox 1380 1675 1592 1729; x_wconf 88' lang='lat' dir='ltr'><strong>dicatur</strong></span> <span class='ocrx_word' id='word_1_144' title='bbox 1631 1674 1774 1743; x_wconf 88' lang='lat' dir='ltr'><strong>quod</strong></span> <span class='ocrx_word' id='word_1_145' title='bbox 1815 1675 2067 1728; x_wconf 86' lang='lat' dir='ltr'><strong>moliatur</strong></span> 
     </span>
    </p>
   </div>
   <div class='ocr_carea' id='block_1_20' title="bbox 496 1764 2062 1835">
    <p class='ocr_par' dir='ltr' id='par_1_20' title="bbox 496 1764 2062 1835">
     <span class='ocr_line' id='line_1_20' title="bbox 496 1764 2062 1835; baseline 0.001 -18"><span class='ocrx_word' id='word_1_146' title='bbox 496 1765 792 1835; x_wconf 77' lang='lat' dir='ltr'><strong>opificium.</strong></span> <span class='ocrx_word' id='word_1_147' title='bbox 820 1764 965 1819; x_wconf 86' lang='lat' dir='ltr'><strong>lleus</strong></span> <span class='ocrx_word' id='word_1_148' title='bbox 1005 1781 1103 1819; x_wconf 89' lang='lat' dir='ltr'><strong>vos</strong></span> <span class='ocrx_word' id='word_1_149' title='bbox 1136 1780 1285 1834; x_wconf 81' lang='lat' dir='ltr'><strong>ergo,</strong></span> <span class='ocrx_word' id='word_1_150' title='bbox 1317 1765 1593 1832; x_wconf 89' lang='lat' dir='ltr'><strong>dicemus,</strong></span> <span class='ocrx_word' id='word_1_151' title='bbox 1627 1767 1672 1820; x_wconf 94' lang='lat' dir='ltr'><strong>si</strong></span> <span class='ocrx_word' id='word_1_152' title='bbox 1723 1781 1897 1835; x_wconf 83' lang='lat' dir='ltr'><strong>neque</strong></span> <span class='ocrx_word' id='word_1_153' title='bbox 1926 1773 2062 1819; x_wconf 80' lang='lat' dir='ltr'><strong>tem-</strong></span> 
     </span>
    </p>
   </div>
   <div class='ocr_carea' id='block_1_21' title="bbox 496 1836 2139 1927">
    <p class='ocr_par' dir='ltr' id='par_1_21' title="bbox 496 1836 2139 1927">
     <span class='ocr_line' id='line_1_21' title="bbox 496 1836 2139 1927; baseline 0.001 -17"><span class='ocrx_word' id='word_1_154' title='bbox 496 1874 597 1927; x_wconf 87' lang='lat' dir='ltr'><strong>pus</strong></span> <span class='ocrx_word' id='word_1_155' title='bbox 648 1872 824 1926; x_wconf 89' lang='lat' dir='ltr'><strong>neque</strong></span> <span class='ocrx_word' id='word_1_156' title='bbox 854 1871 1028 1909; x_wconf 74' lang='lat' dir='ltr'><strong>aevum</strong></span> <span class='ocrx_word' id='word_1_157' title='bbox 1073 1864 1219 1910; x_wconf 90' lang='lat' dir='ltr'><strong>retro</strong></span> <span class='ocrx_word' id='word_1_158' title='bbox 1272 1855 1439 1908; x_wconf 92' lang='lat' dir='ltr'><strong>ullum</strong></span> <span class='ocrx_word' id='word_1_159' title='bbox 1489 1856 1812 1925; x_wconf 86' lang='lat' dir='ltr'><strong>reperiatur.</strong></span> <span class='ocrx_word' id='word_1_160' title='bbox 1851 1857 2066 1927; x_wconf 90' lang='lat' dir='ltr'><strong>quando</strong></span> <span class='ocrx_word' id='word_1_161' title='bbox 2099 1836 2139 1888; x_wconf 77' lang='grc' dir='ltr'><strong><em>Β</em></strong></span> 
     </span>
    </p>
   </div>
   <div class='ocr_carea' id='block_1_22' title="bbox 496 1944 2063 2017">
    <p class='ocr_par' dir='ltr' id='par_1_22' title="bbox 496 1944 2063 2017">
     <span class='ocr_line' id='line_1_22' title="bbox 496 1944 2063 2017; baseline 0 -16"><span class='ocrx_word' id='word_1_162' title='bbox 496 1954 674 2001; x_wconf 78' lang='lat' dir='ltr'><strong>statua</strong></span> <span class='ocrx_word' id='word_1_163' title='bbox 714 1946 950 2017; x_wconf 83' lang='lat' dir='ltr'><strong>perfecta</strong></span> <span class='ocrx_word' id='word_1_164' title='bbox 1002 1962 1111 1999; x_wconf 91' lang='lat' dir='ltr'><strong>non</strong></span> <span class='ocrx_word' id='word_1_165' title='bbox 1156 1944 1339 2009; x_wconf 91' lang='lat' dir='ltr'><strong>fuerit,</strong></span> <span class='ocrx_word' id='word_1_166' title='bbox 1370 1945 1522 2015; x_wconf 87' lang='lat' dir='ltr'><strong>quid,</strong></span> <span class='ocrx_word' id='word_1_167' title='bbox 1559 1962 1711 2016; x_wconf 84' lang='lat' dir='ltr'><strong>rogo,</strong></span> <span class='ocrx_word' id='word_1_168' title='bbox 1742 1947 1817 2000; x_wconf 94' lang='lat' dir='ltr'><strong>illi</strong></span> <span class='ocrx_word' id='word_1_169' title='bbox 1869 1946 2063 2001; x_wconf 83' lang='lat' dir='ltr'><strong>artifex</strong></span> 
     </span>
    </p>
   </div>
   <div class='ocr_carea' id='block_1_23' title="bbox 496 2035 2067 2109">
    <p class='ocr_par' dir='ltr' id='par_1_23' title="bbox 496 2035 2067 2109">
     <span class='ocr_line' id='line_1_23' title="bbox 496 2035 2067 2109; baseline 0.001 -18"><span class='ocrx_word' id='word_1_170' title='bbox 496 2037 768 2109; x_wconf 69' lang='lat' dir='ltr'><strong>praestitit,</strong></span> <span class='ocrx_word' id='word_1_171' title='bbox 811 2036 1008 2106; x_wconf 85' lang='lat' dir='ltr'><strong>quidve</strong></span> <span class='ocrx_word' id='word_1_172' title='bbox 1047 2036 1101 2090; x_wconf 93' lang='lat' dir='ltr'><strong>in</strong></span> <span class='ocrx_word' id='word_1_173' title='bbox 1136 2036 1224 2090; x_wconf 93' lang='lat' dir='ltr'><strong>illa</strong></span> <span class='ocrx_word' id='word_1_174' title='bbox 1260 2037 1409 2106; x_wconf 84' lang='lat' dir='ltr'><strong>egit?</strong></span> <span class='ocrx_word' id='word_1_175' title='bbox 1454 2035 1589 2091; x_wconf 90' lang='lat' dir='ltr'><strong>Nam</strong></span> <span class='ocrx_word' id='word_1_176' title='bbox 1625 2040 1671 2093; x_wconf 93' lang='lat' dir='ltr'><strong>si</strong></span> <span class='ocrx_word' id='word_1_177' title='bbox 1716 2038 1833 2108; x_wconf 88' lang='lat' dir='ltr'><strong>ipsa</strong></span> <span class='ocrx_word' id='word_1_178' title='bbox 1864 2038 2067 2093; x_wconf 85' lang='lat' dir='ltr'><strong>nullius</strong></span> 
     </span>
    </p>
   </div>
   <div class='ocr_carea' id='block_1_24' title="bbox 494 2128 2063 2201">
    <p class='ocr_par' dir='ltr' id='par_1_24' title="bbox 494 2128 2063 2201">
     <span class='ocr_line' id='line_1_24' title="bbox 494 2128 2063 2201; baseline 0.001 -17"><span class='ocrx_word' id='word_1_179' title='bbox 494 2145 681 2201; x_wconf 89' lang='lat' dir='ltr'><strong>egens,</strong></span> <span class='ocrx_word' id='word_1_180' title='bbox 710 2128 961 2200; x_wconf 86' lang='lat' dir='ltr'><strong>principii</strong></span> <span class='ocrx_word' id='word_1_181' title='bbox 987 2136 1142 2183; x_wconf 91' lang='lat' dir='ltr'><strong>ortus</strong></span> <span class='ocrx_word' id='word_1_182' title='bbox 1168 2143 1361 2197; x_wconf 83' lang='lat' dir='ltr'><strong>expers</strong></span> <span class='ocrx_word' id='word_1_183' title='bbox 1388 2140 1509 2197; x_wconf 85' lang='lat' dir='ltr'><strong>est;</strong></span> <span class='ocrx_word' id='word_1_184' title='bbox 1539 2145 1819 2199; x_wconf 85' lang='lat' dir='ltr'><strong>nunquam</strong></span> <span class='ocrx_word' id='word_1_185' title='bbox 1863 2133 2063 2201; x_wconf 87' lang='lat' dir='ltr'><strong>potius,</strong></span> 
     </span>
    </p>
   </div>
   <div class='ocr_carea' id='block_1_25' title="bbox 492 2218 2067 2289">
    <p class='ocr_par' dir='ltr' id='par_1_25' title="bbox 492 2218 2067 2289">
     <span class='ocr_line' id='line_1_25' title="bbox 492 2218 2067 2289; baseline 0.003 -14"><span class='ocrx_word' id='word_1_186' title='bbox 492 2220 549 2275; x_wconf 92' lang='lat' dir='ltr'><strong>iu</strong></span> <span class='ocrx_word' id='word_1_187' title='bbox 591 2220 858 2275; x_wconf 84' lang='lat' dir='ltr'><strong>sententia</strong></span> <span class='ocrx_word' id='word_1_188' title='bbox 888 2227 1088 2284; x_wconf 83' lang='lat' dir='ltr'><strong>vestra,</strong></span> <span class='ocrx_word' id='word_1_189' title='bbox 1124 2218 1301 2289; x_wconf 81' lang='lat' dir='ltr'><strong>Opifex</strong></span> <span class='ocrx_word' id='word_1_190' title='bbox 1348 2220 1635 2287; x_wconf 77' lang='lat' dir='ltr'><strong>efﬁnxerit,</strong></span> <span class='ocrx_word' id='word_1_191' title='bbox 1669 2229 1764 2276; x_wconf 92' lang='lat' dir='ltr'><strong>aut</strong></span> <span class='ocrx_word' id='word_1_192' title='bbox 1811 2222 2067 2279; x_wconf 87' lang='lat' dir='ltr'><strong>inventus</strong></span> 
     </span>
    </p>
   </div>
   <div class='ocr_carea' id='block_1_26' title="bbox 491 2308 2067 2382">
    <p class='ocr_par' dir='ltr' id='par_1_26' title="bbox 491 2308 2067 2382">
     <span class='ocr_line' id='line_1_26' title="bbox 491 2308 2067 2382; baseline 0.001 -14"><span class='ocrx_word' id='word_1_193' title='bbox 491 2310 676 2381; x_wconf 84' lang='lat' dir='ltr'><strong>opifex</strong></span> <span class='ocrx_word' id='word_1_194' title='bbox 728 2308 909 2364; x_wconf 87' lang='lat' dir='ltr'><strong>fuerit.</strong></span> <span class='ocrx_word' id='word_1_195' title='bbox 942 2310 1119 2382; x_wconf 86' lang='lat' dir='ltr'><strong>Atque</strong></span> <span class='ocrx_word' id='word_1_196' title='bbox 1168 2309 1239 2363; x_wconf 91' lang='lat' dir='ltr'><strong>ita</strong></span> <span class='ocrx_word' id='word_1_197' title='bbox 1289 2325 1482 2366; x_wconf 86' lang='lat' dir='ltr'><strong>rursus</strong></span> <span class='ocrx_word' id='word_1_198' title='bbox 1530 2313 1584 2366; x_wconf 91' lang='lat' dir='ltr'><strong>in</strong></span> <span class='ocrx_word' id='word_1_199' title='bbox 1634 2314 1778 2369; x_wconf 91' lang='lat' dir='ltr'><strong>idem</strong></span> <span class='ocrx_word' id='word_1_200' title='bbox 1822 2316 2067 2370; x_wconf 89' lang='lat' dir='ltr'><strong>revoluta</strong></span> 
     </span>
    </p>
   </div>
   <div class='ocr_carea' id='block_1_27' title="bbox 492 2400 2067 2475">
    <p class='ocr_par' dir='ltr' id='par_1_27' title="bbox 492 2400 2067 2475">
     <span class='ocr_line' id='line_1_27' title="bbox 492 2400 2067 2475; baseline 0.001 -15"><span class='ocrx_word' id='word_1_201' title='bbox 492 2405 695 2467; x_wconf 91' lang='lat' dir='ltr'><strong>oratio,</strong></span> <span class='ocrx_word' id='word_1_202' title='bbox 722 2409 916 2473; x_wconf 89' lang='lat' dir='ltr'><strong>sponte</strong></span> <span class='ocrx_word' id='word_1_203' title='bbox 966 2417 1065 2457; x_wconf 91' lang='lat' dir='ltr'><strong>sua</strong></span> <span class='ocrx_word' id='word_1_204' title='bbox 1123 2400 1323 2455; x_wconf 87' lang='lat' dir='ltr'><strong>factum</strong></span> <span class='ocrx_word' id='word_1_205' title='bbox 1356 2417 1528 2471; x_wconf 88' lang='lat' dir='ltr'><strong>opus.</strong></span> <span class='ocrx_word' id='word_1_206' title='bbox 1566 2403 1720 2460; x_wconf 80' lang='lat' dir='ltr'><strong>fateri</strong></span> <span class='ocrx_word' id='word_1_207' title='bbox 1773 2414 1948 2475; x_wconf 81' lang='lat' dir='ltr'><strong>coget.</strong></span> <span class='ocrx_word' id='word_1_208' title='bbox 2008 2405 2067 2461; x_wconf 88' lang='lat' dir='ltr'><strong>Si</strong></span> 
     </span>
    </p>
   </div>
   <div class='ocr_carea' id='block_1_28' title="bbox 494 2491 2064 2562">
    <p class='ocr_par' dir='ltr' id='par_1_28' title="bbox 494 2491 2064 2562">
     <span class='ocr_line' id='line_1_28' title="bbox 494 2491 2064 2562; baseline 0.001 -14"><span class='ocrx_word' id='word_1_209' title='bbox 494 2495 641 2548; x_wconf 88' lang='lat' dir='ltr'><strong>enim</strong></span> <span class='ocrx_word' id='word_1_210' title='bbox 664 2491 854 2549; x_wconf 80' lang='lat' dir='ltr'><strong>artifex</strong></span> <span class='ocrx_word' id='word_1_211' title='bbox 887 2493 971 2547; x_wconf 90' lang='lat' dir='ltr'><strong>vel</strong></span> <span class='ocrx_word' id='word_1_212' title='bbox 1004 2491 1301 2548; x_wconf 91' lang='lat' dir='ltr'><strong>exilissime</strong></span> <span class='ocrx_word' id='word_1_213' title='bbox 1326 2500 1558 2548; x_wconf 90' lang='lat' dir='ltr'><strong>statuam</strong></span> <span class='ocrx_word' id='word_1_214' title='bbox 1578 2496 1814 2553; x_wconf 87' lang='lat' dir='ltr'><strong>movisse</strong></span> <span class='ocrx_word' id='word_1_215' title='bbox 1841 2497 2064 2562; x_wconf 91' lang='lat' dir='ltr'><strong>dicitur,</strong></span> 
     </span>
    </p>
   </div>
   <div class='ocr_carea' id='block_1_29' title="bbox 495 2583 2067 2656">
    <p class='ocr_par' dir='ltr' id='par_1_29' title="bbox 495 2583 2067 2656">
     <span class='ocr_line' id='line_1_29' title="bbox 495 2583 2067 2656; baseline 0.003 -17"><span class='ocrx_word' id='word_1_216' title='bbox 495 2585 684 2656; x_wconf 87' lang='lat' dir='ltr'><strong>utique</strong></span> <span class='ocrx_word' id='word_1_217' title='bbox 717 2583 962 2654; x_wconf 90' lang='lat' dir='ltr'><strong>subjaeet</strong></span> <span class='ocrx_word' id='word_1_218' title='bbox 988 2583 1276 2653; x_wconf 88' lang='lat' dir='ltr'><strong>principio,</strong></span> <span class='ocrx_word' id='word_1_219' title='bbox 1306 2600 1413 2655; x_wconf 91' lang='lat' dir='ltr'><strong>qua</strong></span> <span class='ocrx_word' id='word_1_220' title='bbox 1445 2585 1491 2640; x_wconf 93' lang='lat' dir='ltr'><strong>is</strong></span> <span class='ocrx_word' id='word_1_221' title='bbox 1525 2586 1735 2643; x_wconf 86' lang='lat' dir='ltr'><strong>ratione</strong></span> <span class='ocrx_word' id='word_1_222' title='bbox 1779 2589 2067 2645; x_wconf 88' lang='lat' dir='ltr'><strong>informem</strong></span> 
     </span>
    </p>
   </div>
   <div class='ocr_carea' id='block_1_30' title="bbox 494 2676 2067 2749">
    <p class='ocr_par' dir='ltr' id='par_1_30' title="bbox 494 2676 2067 2749">
     <span class='ocr_line' id='line_1_30' title="bbox 494 2676 2067 2749; baseline 0.003 -18"><span class='ocrx_word' id='word_1_223' title='bbox 494 2676 623 2731; x_wconf 91' lang='lat' dir='ltr'><strong>olim</strong></span> <span class='ocrx_word' id='word_1_224' title='bbox 647 2683 701 2731; x_wconf 89' lang='lat' dir='ltr'><strong>et</strong></span> <span class='ocrx_word' id='word_1_225' title='bbox 728 2676 845 2731; x_wconf 90' lang='lat' dir='ltr'><strong>sine</strong></span> <span class='ocrx_word' id='word_1_226' title='bbox 867 2684 1037 2741; x_wconf 92' lang='lat' dir='ltr'><strong>motu,</strong></span> <span class='ocrx_word' id='word_1_227' title='bbox 1090 2691 1308 2732; x_wconf 88' lang='lat' dir='ltr'><strong>movere</strong></span> <span class='ocrx_word' id='word_1_228' title='bbox 1341 2677 1507 2746; x_wconf 69' lang='lat' dir='ltr'><strong>cmpit</strong></span> <span class='ocrx_word' id='word_1_229' title='bbox 1534 2684 1694 2747; x_wconf 90' lang='lat' dir='ltr'><strong>atque</strong></span> <span class='ocrx_word' id='word_1_230' title='bbox 1730 2680 1921 2749; x_wconf 88' lang='lat' dir='ltr'><strong>polire.</strong></span> <span class='ocrx_word' id='word_1_231' title='bbox 1956 2680 2067 2737; x_wconf 84' lang='lat' dir='ltr'><strong>Nec</strong></span> 
     </span>
    </p>
   </div>
   <div class='ocr_carea' id='block_1_31' title="bbox 491 2766 2065 2838">
    <p class='ocr_par' dir='ltr' id='par_1_31' title="bbox 491 2766 2065 2838">
     <span class='ocr_line' id='line_1_31' title="bbox 491 2766 2065 2838; baseline 0.005 -15"><span class='ocrx_word' id='word_1_232' title='bbox 491 2782 623 2838; x_wconf 90' lang='lat' dir='ltr'><strong>ergo</strong></span> <span class='ocrx_word' id='word_1_233' title='bbox 657 2779 791 2833; x_wconf 88' lang='lat' dir='ltr'><strong>erat,</strong></span> <span class='ocrx_word' id='word_1_234' title='bbox 823 2782 925 2823; x_wconf 89' lang='lat' dir='ltr'><strong>nec</strong></span> <span class='ocrx_word' id='word_1_235' title='bbox 950 2775 1035 2823; x_wconf 90' lang='lat' dir='ltr'><strong>est</strong></span> <span class='ocrx_word' id='word_1_236' title='bbox 1080 2766 1299 2833; x_wconf 88' lang='lat' dir='ltr'><strong>futurus</strong></span> <span class='ocrx_word' id='word_1_237' title='bbox 1333 2768 1471 2823; x_wconf 89' lang='lat' dir='ltr'><strong>idem</strong></span> <span class='ocrx_word' id='word_1_238' title='bbox 1516 2777 1774 2838; x_wconf 88' lang='lat' dir='ltr'><strong>perpetuo</strong></span> <span class='ocrx_word' id='word_1_239' title='bbox 1806 2773 2065 2831; x_wconf 90' lang='lat' dir='ltr'><strong>mundus.</strong></span> 
     </span>
    </p>
   </div>
   <div class='ocr_carea' id='block_1_32' title="bbox 492 2857 2065 2929">
    <p class='ocr_par' dir='ltr' id='par_1_32' title="bbox 492 2857 2065 2929">
     <span class='ocr_line' id='line_1_32' title="bbox 492 2857 2065 2929; baseline 0.003 -14"><span class='ocrx_word' id='word_1_240' title='bbox 492 2857 904 2929; x_wconf 88' lang='lat' dir='ltr'><strong>Comparandus</strong></span> <span class='ocrx_word' id='word_1_241' title='bbox 928 2860 1073 2913; x_wconf 89' lang='lat' dir='ltr'><strong>enim</strong></span> <span class='ocrx_word' id='word_1_242' title='bbox 1112 2866 1197 2915; x_wconf 89' lang='lat' dir='ltr'><strong>est</strong></span> <span class='ocrx_word' id='word_1_243' title='bbox 1228 2858 1422 2913; x_wconf 79' lang='lat' dir='ltr'><strong>artifex</strong></span> <span class='ocrx_word' id='word_1_244' title='bbox 1445 2858 1575 2923; x_wconf 88' lang='lat' dir='ltr'><strong>Deo,</strong></span> <span class='ocrx_word' id='word_1_245' title='bbox 1609 2868 1661 2915; x_wconf 89' lang='lat' dir='ltr'><strong>et</strong></span> <span class='ocrx_word' id='word_1_246' title='bbox 1697 2870 1876 2918; x_wconf 88' lang='lat' dir='ltr'><strong>statua</strong></span> <span class='ocrx_word' id='word_1_247' title='bbox 1905 2880 2065 2919; x_wconf 90' lang='lat' dir='ltr'><strong>mun-</strong></span> 
     </span>
    </p>
   </div>
   <div class='ocr_carea' id='block_1_33' title="bbox 495 2949 2064 3022">
    <p class='ocr_par' dir='ltr' id='par_1_33' title="bbox 495 2949 2064 3022">
     <span class='ocr_line' id='line_1_33' title="bbox 495 2949 2064 3022; baseline 0.004 -17"><span class='ocrx_word' id='word_1_248' title='bbox 495 2949 589 3005; x_wconf 92' lang='lat' dir='ltr'><strong>do.</strong></span> <span class='ocrx_word' id='word_1_249' title='bbox 648 2949 933 3016; x_wconf 81' lang='lat' dir='ltr'><strong>Quomodo</strong></span> <span class='ocrx_word' id='word_1_250' title='bbox 980 2951 1163 3021; x_wconf 82' lang='lat' dir='ltr'><strong>igitur,</strong></span> <span class='ocrx_word' id='word_1_251' title='bbox 1216 2965 1249 3005; x_wconf 92' lang='grc' dir='ltr'><strong>ο</strong></span> <span class='ocrx_word' id='word_1_252' title='bbox 1300 2951 1698 3022; x_wconf 90' lang='lat' dir='ltr'><strong>stupidissimi,</strong></span> <span class='ocrx_word' id='word_1_253' title='bbox 1759 2964 2064 3011; x_wconf 85' lang='lat' dir='ltr'><strong>creaturam</strong></span> 
     </span>
    </p>
   </div>
   <div class='ocr_carea' id='block_1_34' title="bbox 492 3041 2067 3116">
    <p class='ocr_par' dir='ltr' id='par_1_34' title="bbox 492 3041 2067 3116">
     <span class='ocr_line' id='line_1_34' title="bbox 492 3041 2067 3116; baseline 0.004 -20"><span class='ocrx_word' id='word_1_254' title='bbox 492 3041 815 3097; x_wconf 86' lang='lat' dir='ltr'><strong>existimatis</strong></span> <span class='ocrx_word' id='word_1_255' title='bbox 838 3043 1071 3097; x_wconf 89' lang='lat' dir='ltr'><strong>creatori</strong></span> <span class='ocrx_word' id='word_1_256' title='bbox 1098 3048 1444 3108; x_wconf 82' lang='lat' dir='ltr'><strong>coaeternam,</strong></span> <span class='ocrx_word' id='word_1_257' title='bbox 1478 3043 1599 3113; x_wconf 90' lang='lat' dir='ltr'><strong>ejus</strong></span> <span class='ocrx_word' id='word_1_258' title='bbox 1631 3059 1797 3116; x_wconf 90' lang='lat' dir='ltr'><strong>opera</strong></span> <span class='ocrx_word' id='word_1_259' title='bbox 1829 3062 1938 3102; x_wconf 93' lang='lat' dir='ltr'><strong>non</strong></span> <span class='ocrx_word' id='word_1_260' title='bbox 1981 3048 2067 3103; x_wconf 82' lang='lat' dir='ltr'><strong>in—</strong></span> 
     </span>
    </p>
   </div>
   <div class='ocr_carea' id='block_1_35' title="bbox 493 3131 2065 3204">
    <p class='ocr_par' dir='ltr' id='par_1_35' title="bbox 493 3131 2065 3204">
     <span class='ocr_line' id='line_1_35' title="bbox 493 3131 2065 3204; baseline 0.004 -17"><span class='ocrx_word' id='word_1_261' title='bbox 493 3131 713 3204; x_wconf 82' lang='lat' dir='ltr'><strong>digere?</strong></span> <span class='ocrx_word' id='word_1_262' title='bbox 740 3131 895 3200; x_wconf 85' lang='lat' dir='ltr'><strong>Quod</strong></span> <span class='ocrx_word' id='word_1_263' title='bbox 930 3134 1074 3188; x_wconf 90' lang='lat' dir='ltr'><strong>enim</strong></span> <span class='ocrx_word' id='word_1_264' title='bbox 1118 3144 1202 3190; x_wconf 87' lang='lat' dir='ltr'><strong>est</strong></span> <span class='ocrx_word' id='word_1_265' title='bbox 1231 3142 1580 3200; x_wconf 73' lang='lat' dir='ltr'><strong>coaeternum,</strong></span> <span class='ocrx_word' id='word_1_266' title='bbox 1612 3151 1736 3191; x_wconf 92' lang='lat' dir='ltr'><strong>cum</strong></span> <span class='ocrx_word' id='word_1_267' title='bbox 1770 3138 1917 3192; x_wconf 91' lang='lat' dir='ltr'><strong>nulla</strong></span> <span class='ocrx_word' id='word_1_268' title='bbox 1973 3154 2065 3193; x_wconf 89' lang='lat' dir='ltr'><strong>ra-</strong></span> 
     </span>
    </p>
   </div>
   <div class='ocr_carea' id='block_1_36' title="bbox 500 3224 2062 3298">
    <p class='ocr_par' dir='ltr' id='par_1_36' title="bbox 500 3224 2062 3298">
     <span class='ocr_line' id='line_1_36' title="bbox 500 3224 2062 3298; baseline 0.004 -19"><span class='ocrx_word' id='word_1_269' title='bbox 500 3225 649 3280; x_wconf 91' lang='lat' dir='ltr'><strong>tione</strong></span> <span class='ocrx_word' id='word_1_270' title='bbox 680 3224 875 3281; x_wconf 86' lang='lat' dir='ltr'><strong>babeat</strong></span> <span class='ocrx_word' id='word_1_271' title='bbox 903 3226 1195 3281; x_wconf 89' lang='lat' dir='ltr'><strong>creationis</strong></span> <span class='ocrx_word' id='word_1_272' title='bbox 1234 3235 1496 3295; x_wconf 86' lang='lat' dir='ltr'><strong>ortusque</strong></span> <span class='ocrx_word' id='word_1_273' title='bbox 1524 3227 1871 3298; x_wconf 88' lang='lat' dir='ltr'><strong>principium,</strong></span> <span class='ocrx_word' id='word_1_274' title='bbox 1900 3231 2062 3285; x_wconf 90' lang='lat' dir='ltr'><strong>etiam</strong></span> 
     </span>
    </p>
   </div>
   <div class='ocr_carea' id='block_1_37' title="bbox 492 3315 2060 3387">
    <p class='ocr_par' dir='ltr' id='par_1_37' title="bbox 492 3315 2060 3387">
     <span class='ocr_line' id='line_1_37' title="bbox 492 3315 2060 3387; baseline 0.003 -17"><span class='ocrx_word' id='word_1_275' title='bbox 492 3316 795 3385; x_wconf 90' lang='lat' dir='ltr'><strong>oportuerit</strong></span> <span class='ocrx_word' id='word_1_276' title='bbox 848 3331 970 3371; x_wconf 88' lang='lat' dir='ltr'><strong>esse</strong></span> <span class='ocrx_word' id='word_1_277' title='bbox 1016 3315 1427 3379; x_wconf 90' lang='lat' dir='ltr'><strong>eoincreatum,</strong></span> <span class='ocrx_word' id='word_1_278' title='bbox 1483 3316 1785 3387; x_wconf 87' lang='lat' dir='ltr'><strong>eademque</strong></span> <span class='ocrx_word' id='word_1_279' title='bbox 1837 3318 2060 3375; x_wconf 88' lang='lat' dir='ltr'><strong>virtute.</strong></span> 
     </span>
    </p>
   </div>
   <div class='ocr_carea' id='block_1_38' title="bbox 491 3403 2060 3478">
    <p class='ocr_par' dir='ltr' id='par_1_38' title="bbox 491 3403 2060 3478">
     <span class='ocr_line' id='line_1_38' title="bbox 491 3403 2060 3478; baseline 0.004 -20"><span class='ocrx_word' id='word_1_280' title='bbox 491 3403 681 3471; x_wconf 87' lang='lat' dir='ltr'><strong>Porro,</strong></span> <span class='ocrx_word' id='word_1_281' title='bbox 705 3404 851 3477; x_wconf 91' lang='lat' dir='ltr'><strong>quod</strong></span> <span class='ocrx_word' id='word_1_282' title='bbox 880 3405 1045 3461; x_wconf 89' lang='lat' dir='ltr'><strong>semel</strong></span> <span class='ocrx_word' id='word_1_283' title='bbox 1072 3407 1373 3461; x_wconf 87' lang='lat' dir='ltr'><strong>increatum</strong></span> <span class='ocrx_word' id='word_1_284' title='bbox 1416 3414 1579 3477; x_wconf 90' lang='lat' dir='ltr'><strong>atque</strong></span> <span class='ocrx_word' id='word_1_285' title='bbox 1616 3421 1646 3460; x_wconf 92' lang='lat' dir='ltr'><strong>a</strong></span> <span class='ocrx_word' id='word_1_286' title='bbox 1676 3423 1735 3462; x_wconf 89' lang='lat' dir='ltr'><strong>se</strong></span> <span class='ocrx_word' id='word_1_287' title='bbox 1759 3407 2060 3478; x_wconf 86' lang='lat' dir='ltr'><strong>perfectum</strong></span> 
     </span>
    </p>
   </div>
   <div class='ocr_carea' id='block_1_39' title="bbox 488 3496 2060 3579">
    <p class='ocr_par' dir='ltr' id='par_1_39' title="bbox 488 3496 2060 3579">
     <span class='ocr_line' id='line_1_39' title="bbox 488 3496 2060 3579; baseline 0.004 -29"><span class='ocrx_word' id='word_1_288' title='bbox 488 3503 544 3551; x_wconf 88' lang='lat' dir='ltr'><strong>et</strong></span> <span class='ocrx_word' id='word_1_289' title='bbox 580 3496 915 3551; x_wconf 87' lang='lat' dir='ltr'><strong>immutabile</strong></span> <span class='ocrx_word' id='word_1_290' title='bbox 945 3496 1122 3551; x_wconf 86' lang='lat' dir='ltr'><strong>visum</strong></span> <span class='ocrx_word' id='word_1_291' title='bbox 1174 3497 1278 3562; x_wconf 90' lang='lat' dir='ltr'><strong>sit,</strong></span> <span class='ocrx_word' id='word_1_292' title='bbox 1311 3498 1516 3553; x_wconf 92' lang='lat' dir='ltr'><strong>nullius</strong></span> <span class='ocrx_word' id='word_1_293' title='bbox 1575 3498 1767 3579; x_wconf 64' lang='lat' dir='ltr'><strong>etiam.</strong></span> <span class='ocrx_word' id='word_1_294' title='bbox 1786 3514 1951 3569; x_wconf 86' lang='lat' dir='ltr'><strong>egens</strong></span> <span class='ocrx_word' id='word_1_295' title='bbox 2005 3511 2060 3556; x_wconf 86' lang='lat' dir='ltr'><strong>et</strong></span> 
     </span>
    </p>
   </div>
   <div class='ocr_carea' id='block_1_40' title="bbox 2168 842 3733 923">
    <p class='ocr_par' dir='ltr' id='par_1_40' title="bbox 2168 842 3733 923">
     <span class='ocr_line' id='line_1_40' title="bbox 2168 842 3733 923; baseline -0.004 -19"><span class='ocrx_word' id='word_1_296' title='bbox 2168 851 2353 923; x_wconf 77' lang='grc' dir='ltr'>τρόπῳ</span> <span class='ocrx_word' id='word_1_297' title='bbox 2390 849 2647 920; x_wconf 78' lang='grc' dir='ltr'><strong>ἀγένητος</strong></span> <span class='ocrx_word' id='word_1_298' title='bbox 2679 848 2826 901; x_wconf 73' lang='grc' dir='ltr'>ἔσται</span> <span class='ocrx_word' id='word_1_299' title='bbox 2872 846 3092 917; x_wconf 81' lang='grc' dir='ltr'>πάσχων</span> <span class='ocrx_word' id='word_1_300' title='bbox 3126 863 3184 898; x_wconf 86' lang='grc' dir='ltr'><strong>τε</strong></span> <span class='ocrx_word' id='word_1_301' title='bbox 3219 844 3309 897; x_wconf 73' lang='grc' dir='ltr'><strong>καὶ</strong></span> <span class='ocrx_word' id='word_1_302' title='bbox 3349 842 3652 915; x_wconf 85' lang='grc' dir='ltr'>δρώμενος;</span> <span class='ocrx_word' id='word_1_303' title='bbox 3684 844 3733 897; x_wconf 71' lang='grc' dir='ltr'><strong>ει</strong></span> 
     </span>
    </p>
   </div>
   <div class='ocr_carea' id='block_1_41' title="bbox 2168 933 3737 1007">
    <p class='ocr_par' dir='ltr' id='par_1_41' title="bbox 2168 933 3737 1007">
     <span class='ocr_line' id='line_1_41' title="bbox 2168 933 3737 1007; baseline -0.008 -10"><span class='ocrx_word' id='word_1_304' title='bbox 2168 944 2224 998; x_wconf 83' lang='grc' dir='ltr'>δὲ</span> <span class='ocrx_word' id='word_1_305' title='bbox 2254 938 2321 997; x_wconf 79' lang='grc' dir='ltr'><strong>αὖ</strong></span> <span class='ocrx_word' id='word_1_306' title='bbox 2368 942 2432 994; x_wconf 84' lang='grc' dir='ltr'>δι’</span> <span class='ocrx_word' id='word_1_307' title='bbox 2476 940 2667 994; x_wconf 79' lang='grc' dir='ltr'>ἑαυτὸν</span> <span class='ocrx_word' id='word_1_308' title='bbox 2712 940 2913 1002; x_wconf 80' lang='grc' dir='ltr'>τέλειος</span> <span class='ocrx_word' id='word_1_309' title='bbox 2960 938 3054 991; x_wconf 74' lang='grc' dir='ltr'><strong>καὶ</strong></span> <span class='ocrx_word' id='word_1_310' title='bbox 3104 936 3364 1007; x_wconf 74' lang='grc' dir='ltr'><strong>ἀγένητος</strong></span> <span class='ocrx_word' id='word_1_311' title='bbox 3409 934 3619 1004; x_wconf 79' lang='grc' dir='ltr'><strong>λέγοιτο</strong></span> <span class='ocrx_word' id='word_1_312' title='bbox 3658 933 3737 1005; x_wconf 75' lang='grc' dir='ltr'>μὴ</span> 
     </span>
    </p>
   </div>
   <div class='ocr_carea' id='block_1_42' title="bbox 2167 1024 3733 1104">
    <p class='ocr_par' dir='ltr' id='par_1_42' title="bbox 2167 1024 3733 1104">
     <span class='ocr_line' id='line_1_42' title="bbox 2167 1024 3733 1104; baseline -0.007 -17"><span class='ocrx_word' id='word_1_313' title='bbox 2167 1032 2372 1087; x_wconf 84' lang='grc' dir='ltr'>δεῖσθαι</span> <span class='ocrx_word' id='word_1_314' title='bbox 2398 1033 2495 1104; x_wconf 81' lang='grc' dir='ltr'>τῆς</span> <span class='ocrx_word' id='word_1_315' title='bbox 2538 1032 2734 1102; x_wconf 83' lang='grc' dir='ltr'>τέχνης</span> <span class='ocrx_word' id='word_1_316' title='bbox 2767 1033 2795 1084; x_wconf 90' lang='lat'><strong>6</strong></span> <span class='ocrx_word' id='word_1_317' title='bbox 2826 1030 3068 1101; x_wconf 80' lang='grc' dir='ltr'>ἀνδριὰς,</span> <span class='ocrx_word' id='word_1_318' title='bbox 3112 1028 3252 1080; x_wconf 84' lang='grc' dir='ltr'><strong>κατά</strong></span> <span class='ocrx_word' id='word_1_319' title='bbox 3285 1028 3343 1079; x_wconf 76' lang='grc' dir='ltr'>τὸ</span> <span class='ocrx_word' id='word_1_320' title='bbox 3383 1025 3620 1097; x_wconf 81' lang='grc' dir='ltr'>ὀλέθριον</span> <span class='ocrx_word' id='word_1_321' title='bbox 3649 1024 3733 1077; x_wconf 78' lang='grc' dir='ltr'><strong>δό-</strong></span> 
     </span>
    </p>
   </div>
   <div class='ocr_carea' id='block_1_43' title="bbox 2168 1115 3735 1197">
    <p class='ocr_par' dir='ltr' id='par_1_43' title="bbox 2168 1115 3735 1197">
     <span class='ocr_line' id='line_1_43' title="bbox 2168 1115 3735 1197; baseline -0.007 -17"><span class='ocrx_word' id='word_1_322' title='bbox 2168 1143 2304 1197; x_wconf 89' lang='grc' dir='ltr'>γμα,</span> <span class='ocrx_word' id='word_1_323' title='bbox 2333 1124 2542 1195; x_wconf 79' lang='grc' dir='ltr'>ἀνάγκη</span> <span class='ocrx_word' id='word_1_324' title='bbox 2574 1121 2978 1194; x_wconf 75' lang='grc' dir='ltr'>αὐτοματισμὸν</span> <span class='ocrx_word' id='word_1_325' title='bbox 3024 1120 3327 1191; x_wconf 83' lang='grc' dir='ltr'><strong>ὁμολογεῖν.</strong></span> <span class='ocrx_word' id='word_1_326' title='bbox 3360 1120 3431 1171; x_wconf 85' lang='grc' dir='ltr'><strong>Ἦ</strong></span> <span class='ocrx_word' id='word_1_327' title='bbox 3465 1117 3584 1171; x_wconf 78' lang='grc' dir='ltr'>οὐδὲ</span> <span class='ocrx_word' id='word_1_328' title='bbox 3611 1115 3735 1170; x_wconf 71' lang='grc' dir='ltr'><strong>τοῦι</strong></span> 
     </span>
    </p>
   </div>
   <div class='ocr_carea' id='block_1_44' title="bbox 2166 1212 3733 1288">
    <p class='ocr_par' dir='ltr' id='par_1_44' title="bbox 2166 1212 3733 1288">
     <span class='ocr_line' id='line_1_44' title="bbox 2166 1212 3733 1288; baseline -0.004 -16"><span class='ocrx_word' id='word_1_329' title='bbox 2166 1237 2255 1273; x_wconf 86' lang='grc' dir='ltr'><strong>τον</strong></span> <span class='ocrx_word' id='word_1_330' title='bbox 2306 1220 2433 1284; x_wconf 77' lang='grc' dir='ltr'>τσως</span> <span class='ocrx_word' id='word_1_331' title='bbox 2473 1217 2824 1288; x_wconf 78' lang='grc' dir='ltr'><strong>ἐθελήσαντες</strong></span> <span class='ocrx_word' id='word_1_332' title='bbox 2876 1214 3251 1287; x_wconf 84' lang='grc' dir='ltr'>προσήκασοαι</span> <span class='ocrx_word' id='word_1_333' title='bbox 3297 1212 3389 1266; x_wconf 79' lang='grc' dir='ltr'><strong>τὸν</strong></span> <span class='ocrx_word' id='word_1_334' title='bbox 3424 1212 3600 1280; x_wconf 86' lang='grc' dir='ltr'>λόγον,</span> <span class='ocrx_word' id='word_1_335' title='bbox 3642 1230 3733 1265; x_wconf 85' lang='grc' dir='ltr'><strong>πι-</strong></span> 
     </span>
    </p>
   </div>
   <div class='ocr_carea' id='block_1_45' title="bbox 2168 1306 3735 1386">
    <p class='ocr_par' dir='ltr' id='par_1_45' title="bbox 2168 1306 3735 1386">
     <span class='ocr_line' id='line_1_45' title="bbox 2168 1306 3735 1386; baseline -0.006 -18"><span class='ocrx_word' id='word_1_336' title='bbox 2168 1315 2420 1386; x_wconf 84' lang='grc' dir='ltr'>κρότερον</span> <span class='ocrx_word' id='word_1_337' title='bbox 2454 1314 2564 1385; x_wconf 62' lang='grc'><strong>(25)</strong></span> <span class='ocrx_word' id='word_1_338' title='bbox 2606 1310 3053 1383; x_wconf 81' lang='grc' dir='ltr'>ἀποκρινοῦνται,</span> <span class='ocrx_word' id='word_1_339' title='bbox 3091 1310 3152 1363; x_wconf 88' lang='grc' dir='ltr'><strong>τδ</strong></span> <span class='ocrx_word' id='word_1_340' title='bbox 3187 1308 3283 1380; x_wconf 79' lang='grc' dir='ltr'><strong>μὲν</strong></span> <span class='ocrx_word' id='word_1_341' title='bbox 3316 1307 3510 1379; x_wconf 82' lang='grc' dir='ltr'>βρέτας</span> <span class='ocrx_word' id='word_1_342' title='bbox 3539 1306 3735 1377; x_wconf 81' lang='grc' dir='ltr'>ἀγένη-</span> 
     </span>
    </p>
   </div>
   <div class='ocr_carea' id='block_1_46' title="bbox 2165 1398 3731 1473">
    <p class='ocr_par' dir='ltr' id='par_1_46' title="bbox 2165 1398 3731 1473">
     <span class='ocr_line' id='line_1_46' title="bbox 2165 1398 3731 1473; baseline -0.004 -15"><span class='ocrx_word' id='word_1_343' title='bbox 2165 1424 2256 1459; x_wconf 83' lang='grc' dir='ltr'>τον</span> <span class='ocrx_word' id='word_1_344' title='bbox 2283 1407 2381 1460; x_wconf 76' lang='grc' dir='ltr'>οὐκ</span> <span class='ocrx_word' id='word_1_345' title='bbox 2411 1401 2545 1459; x_wconf 74' lang='grc' dir='ltr'>εἶναι</span> <span class='ocrx_word' id='word_1_346' title='bbox 2573 1404 2837 1473; x_wconf 67' lang='grc' dir='ltr'>λέγοντεςυ</span> <span class='ocrx_word' id='word_1_347' title='bbox 2867 1403 3090 1473; x_wconf 79' lang='grc' dir='ltr'>γενητὸν</span> <span class='ocrx_word' id='word_1_348' title='bbox 3114 1402 3169 1455; x_wconf 82' lang='grc' dir='ltr'>δὲ</span> <span class='ocrx_word' id='word_1_349' title='bbox 3198 1398 3332 1455; x_wconf 78' lang='grc' dir='ltr'>εἶναι</span> <span class='ocrx_word' id='word_1_350' title='bbox 3360 1400 3444 1455; x_wconf 74' lang='grc' dir='ltr'>ἀεὶ</span> <span class='ocrx_word' id='word_1_351' title='bbox 3468 1398 3731 1468; x_wconf 80' lang='grc' dir='ltr'>γενέσεως</span> 
     </span>
    </p>
   </div>
   <div class='ocr_carea' id='block_1_47' title="bbox 2167 1488 3729 1568">
    <p class='ocr_par' dir='ltr' id='par_1_47' title="bbox 2167 1488 3729 1568">
     <span class='ocr_line' id='line_1_47' title="bbox 2167 1488 3729 1568; baseline -0.004 -19"><span class='ocrx_word' id='word_1_352' title='bbox 2167 1497 2336 1568; x_wconf 80' lang='grc' dir='ltr'>ἀρχὴν</span> <span class='ocrx_word' id='word_1_353' title='bbox 2365 1497 2463 1550; x_wconf 78' lang='grc' dir='ltr'><strong>οὐκ</strong></span> <span class='ocrx_word' id='word_1_354' title='bbox 2491 1496 2633 1567; x_wconf 73' lang='grc' dir='ltr'>ἔχον,</span> <span class='ocrx_word' id='word_1_355' title='bbox 2662 1497 2810 1558; x_wconf 82' lang='grc' dir='ltr'><strong>ὅπως</strong></span> <span class='ocrx_word' id='word_1_356' title='bbox 2852 1495 3101 1565; x_wconf 89' lang='grc' dir='ltr'>ἀνάρχως</span> <span class='ocrx_word' id='word_1_357' title='bbox 3143 1493 3351 1562; x_wconf 83' lang='grc' dir='ltr'><strong>λέγοιτο</strong></span> <span class='ocrx_word' id='word_1_358' title='bbox 3379 1493 3601 1563; x_wconf 84' lang='grc' dir='ltr'>κρατεῖν</span> <span class='ocrx_word' id='word_1_359' title='bbox 3636 1488 3729 1543; x_wconf 74' lang='grc' dir='ltr'>τοῦ</span> 
     </span>
    </p>
   </div>
   <div class='ocr_carea' id='block_1_48' title="bbox 2165 1577 3731 1656">
    <p class='ocr_par' dir='ltr' id='par_1_48' title="bbox 2165 1577 3731 1656">
     <span class='ocr_line' id='line_1_48' title="bbox 2165 1577 3731 1656; baseline -0.003 -17"><span class='ocrx_word' id='word_1_360' title='bbox 2165 1587 2534 1656; x_wconf 78' lang='grc' dir='ltr'>τεχνάσματος</span> <span class='ocrx_word' id='word_1_361' title='bbox 2577 1588 2605 1638; x_wconf 98' lang='lat'><strong>6</strong></span> <span class='ocrx_word' id='word_1_362' title='bbox 2647 1585 2913 1656; x_wconf 78' lang='grc' dir='ltr'>τεχνίτης.</span> <span class='ocrx_word' id='word_1_363' title='bbox 2943 1582 3170 1648; x_wconf 73' lang='grc' dir='ltr'>Οὐκοῦν,</span> <span class='ocrx_word' id='word_1_364' title='bbox 3206 1577 3251 1635; x_wconf 82' lang='grc' dir='ltr'><strong>ὦ</strong></span> <span class='ocrx_word' id='word_1_365' title='bbox 3292 1578 3456 1647; x_wconf 72' lang='grc' dir='ltr'>οὗτοι,</span> <span class='ocrx_word' id='word_1_366' title='bbox 3504 1580 3731 1650; x_wconf 77' lang='grc' dir='ltr'>λέξομεν</span> 
     </span>
    </p>
   </div>
   <div class='ocr_carea' id='block_1_49' title="bbox 2166 1670 3730 1745">
    <p class='ocr_par' dir='ltr' id='par_1_49' title="bbox 2166 1670 3730 1745">
     <span class='ocr_line' id='line_1_49' title="bbox 2166 1670 3730 1745; baseline -0.001 -18"><span class='ocrx_word' id='word_1_367' title='bbox 2166 1676 2367 1737; x_wconf 74' lang='grc' dir='ltr'>αὐτοῖς,</span> <span class='ocrx_word' id='word_1_368' title='bbox 2415 1675 2463 1727; x_wconf 74' lang='grc' dir='ltr'><strong>εἰ</strong></span> <span class='ocrx_word' id='word_1_369' title='bbox 2494 1674 2567 1744; x_wconf 83' lang='grc' dir='ltr'>μὴ</span> <span class='ocrx_word' id='word_1_370' title='bbox 2610 1674 2818 1745; x_wconf 83' lang='grc' dir='ltr'><strong>χρόνος,</strong></span> <span class='ocrx_word' id='word_1_371' title='bbox 2861 1675 2998 1745; x_wconf 84' lang='grc' dir='ltr'>μήτε</span> <span class='ocrx_word' id='word_1_372' title='bbox 3024 1672 3157 1725; x_wconf 87' lang='grc' dir='ltr'><strong>αἰὼν</strong></span> <span class='ocrx_word' id='word_1_373' title='bbox 3193 1673 3496 1744; x_wconf 74' lang='grc' dir='ltr'><strong>εὑρίσκοιτο</strong></span> <span class='ocrx_word' id='word_1_374' title='bbox 3525 1670 3730 1735; x_wconf 75' lang='grc' dir='ltr'>ἐπάνω,</span> 
     </span>
    </p>
   </div>
   <div class='ocr_carea' id='block_1_50' title="bbox 2166 1761 3734 1837">
    <p class='ocr_par' dir='ltr' id='par_1_50' title="bbox 2166 1761 3734 1837">
     <span class='ocr_line' id='line_1_50' title="bbox 2166 1761 3734 1837; baseline -0.001 -18"><span class='ocrx_word' id='word_1_375' title='bbox 2166 1767 2254 1819; x_wconf 82' lang='grc' dir='ltr'><strong>ὅτε</strong></span> <span class='ocrx_word' id='word_1_376' title='bbox 2301 1766 2400 1819; x_wconf 73' lang='grc' dir='ltr'>οὐκ</span> <span class='ocrx_word' id='word_1_377' title='bbox 2442 1761 2509 1835; x_wconf 80' lang='grc' dir='ltr'><strong>ἦν</strong></span> <span class='ocrx_word' id='word_1_378' title='bbox 2544 1765 2744 1829; x_wconf 83' lang='grc' dir='ltr'>τέλειος</span> <span class='ocrx_word' id='word_1_379' title='bbox 2781 1767 2810 1818; x_wconf 90' lang='lat'><strong>6</strong></span> <span class='ocrx_word' id='word_1_380' title='bbox 2852 1765 3098 1837; x_wconf 83' lang='grc' dir='ltr'>ἀνδριάς,</span> <span class='ocrx_word' id='word_1_381' title='bbox 3133 1765 3184 1818; x_wconf 80' lang='grc' dir='ltr'>τί</span> <span class='ocrx_word' id='word_1_382' title='bbox 3227 1764 3494 1834; x_wconf 84' lang='grc' dir='ltr'>παρέσχεν</span> <span class='ocrx_word' id='word_1_383' title='bbox 3526 1764 3673 1834; x_wconf 77' lang='grc' dir='ltr'>αὐτῷ</span> <span class='ocrx_word' id='word_1_384' title='bbox 3700 1765 3734 1818; x_wconf 77' lang='grc' dir='ltr'><strong>ὁ</strong></span> 
     </span>
    </p>
   </div>
   <div class='ocr_carea' id='block_1_51' title="bbox 2166 1855 3736 1928">
    <p class='ocr_par' dir='ltr' id='par_1_51' title="bbox 2166 1855 3736 1928">
     <span class='ocr_line' id='line_1_51' title="bbox 2166 1855 3736 1928; baseline -0.001 -17"><span class='ocrx_word' id='word_1_385' title='bbox 2166 1856 2432 1928; x_wconf 79' lang='grc' dir='ltr'>τεχνίτης,</span> <span class='ocrx_word' id='word_1_386' title='bbox 2462 1856 2494 1927; x_wconf 80' lang='grc' dir='ltr'><strong>ἥ</strong></span> <span class='ocrx_word' id='word_1_387' title='bbox 2519 1856 2571 1909; x_wconf 82' lang='grc' dir='ltr'><strong>τί</strong></span> <span class='ocrx_word' id='word_1_388' title='bbox 2600 1858 2901 1927; x_wconf 78' lang='grc' dir='ltr'>ἐνήργησεν</span> <span class='ocrx_word' id='word_1_389' title='bbox 2933 1858 3013 1920; x_wconf 85' lang='grc' dir='ltr'>εἰς</span> <span class='ocrx_word' id='word_1_390' title='bbox 3047 1855 3206 1910; x_wconf 75' lang='grc' dir='ltr'>αὑτὸν</span> <span class='ocrx_word' id='word_1_391' title='bbox 3226 1896 3241 1921; x_wconf 93' lang='grc'><strong>,</strong></span> <span class='ocrx_word' id='word_1_392' title='bbox 3278 1856 3442 1925; x_wconf 65' lang='lat' dir='ltr'><strong>(parti;</strong></span> <span class='ocrx_word' id='word_1_393' title='bbox 3474 1855 3535 1907; x_wconf 77' lang='lat' dir='ltr'><strong>Et</strong></span> <span class='ocrx_word' id='word_1_394' title='bbox 3567 1855 3673 1926; x_wconf 78' lang='grc' dir='ltr'><strong>γὰρ</strong></span> <span class='ocrx_word' id='word_1_395' title='bbox 3704 1856 3736 1909; x_wconf 89' lang='lat'><strong>6</strong></span> 
     </span>
    </p>
   </div>
   <div class='ocr_carea' id='block_1_52' title="bbox 2168 1944 3738 2018">
    <p class='ocr_par' dir='ltr' id='par_1_52' title="bbox 2168 1944 3738 2018">
     <span class='ocr_line' id='line_1_52' title="bbox 2168 1944 3738 2018; baseline -0.003 -17"><span class='ocrx_word' id='word_1_396' title='bbox 2168 1948 2327 2013; x_wconf 82' lang='grc' dir='ltr'>αὐτὸς</span> <span class='ocrx_word' id='word_1_397' title='bbox 2375 1947 2627 2018; x_wconf 78' lang='grc' dir='ltr'>ἀνενδεὴς</span> <span class='ocrx_word' id='word_1_398' title='bbox 2668 1946 2764 2011; x_wconf 82' lang='grc' dir='ltr'>ὢν,</span> <span class='ocrx_word' id='word_1_399' title='bbox 2814 1947 2905 2001; x_wconf 77' lang='grc' dir='ltr'>καὶ</span> <span class='ocrx_word' id='word_1_400' title='bbox 2948 1948 3048 2000; x_wconf 79' lang='grc' dir='ltr'>οὐκ</span> <span class='ocrx_word' id='word_1_401' title='bbox 3093 1945 3231 2016; x_wconf 79' lang='grc' dir='ltr'>ἔχων</span> <span class='ocrx_word' id='word_1_402' title='bbox 3266 1945 3437 2017; x_wconf 79' lang='grc' dir='ltr'>ἀρχὴν</span> <span class='ocrx_word' id='word_1_403' title='bbox 3470 1944 3738 2014; x_wconf 76' lang='grc' dir='ltr'>γενέσεως</span> 
     </span>
    </p>
   </div>
   <div class='ocr_carea' id='block_1_53' title="bbox 2165 2036 3736 2111">
    <p class='ocr_par' dir='ltr' id='par_1_53' title="bbox 2165 2036 3736 2111">
     <span class='ocr_line' id='line_1_53' title="bbox 2165 2036 3736 2111; baseline -0.004 -18"><span class='ocrx_word' id='word_1_404' title='bbox 2165 2041 2441 2111; x_wconf 82' lang='grc' dir='ltr'>τυγχάνει,</span> <span class='ocrx_word' id='word_1_405' title='bbox 2475 2039 2649 2111; x_wconf 81' lang='grc' dir='ltr'>ταύτῃ</span> <span class='ocrx_word' id='word_1_406' title='bbox 2677 2038 2873 2109; x_wconf 77' lang='grc' dir='ltr'>μᾶλλον</span> <span class='ocrx_word' id='word_1_407' title='bbox 2903 2037 3023 2091; x_wconf 86' lang='grc' dir='ltr'>καθ’</span> <span class='ocrx_word' id='word_1_408' title='bbox 3055 2038 3197 2107; x_wconf 78' lang='grc' dir='ltr'>ὑμᾶς</span> <span class='ocrx_word' id='word_1_409' title='bbox 3226 2039 3254 2091; x_wconf 87' lang='lat'><strong>6</strong></span> <span class='ocrx_word' id='word_1_410' title='bbox 3284 2037 3613 2109; x_wconf 82' lang='grc' dir='ltr'>δημιουργὸς</span> <span class='ocrx_word' id='word_1_411' title='bbox 3643 2036 3736 2089; x_wconf 75' lang='grc' dir='ltr'><strong>οὐ·</strong></span> 
     </span>
    </p>
   </div>
   <div class='ocr_carea' id='block_1_54' title="bbox 2165 2128 3735 2205">
    <p class='ocr_par' dir='ltr' id='par_1_54' title="bbox 2165 2128 3735 2205">
     <span class='ocr_line' id='line_1_54' title="bbox 2165 2128 3735 2205; baseline -0.004 -18"><span class='ocrx_word' id='word_1_412' title='bbox 2165 2133 2354 2187; x_wconf 83' lang='grc' dir='ltr'>δέποτε</span> <span class='ocrx_word' id='word_1_413' title='bbox 2399 2134 2841 2205; x_wconf 82' lang='grc' dir='ltr'><strong>δημιουργήσας,</strong></span> <span class='ocrx_word' id='word_1_414' title='bbox 2895 2130 3018 2184; x_wconf 73' lang='grc' dir='ltr'>οὔτε</span> <span class='ocrx_word' id='word_1_415' title='bbox 3066 2129 3407 2201; x_wconf 75' lang='grc' dir='ltr'><strong>δημιουργῶν</strong></span> <span class='ocrx_word' id='word_1_416' title='bbox 3446 2128 3735 2200; x_wconf 84' lang='grc' dir='ltr'>εὑρεθήσε-</span> 
     </span>
    </p>
   </div>
   <div class='ocr_carea' id='block_1_55' title="bbox 2166 2220 3734 2292">
    <p class='ocr_par' dir='ltr' id='par_1_55' title="bbox 2166 2220 3734 2292">
     <span class='ocr_line' id='line_1_55' title="bbox 2166 2220 3734 2292; baseline -0.004 -15"><span class='ocrx_word' id='word_1_417' title='bbox 2166 2242 2275 2279; x_wconf 88' lang='grc' dir='ltr'>ται.</span> <span class='ocrx_word' id='word_1_418' title='bbox 2304 2226 2412 2278; x_wconf 59' lang='lat' dir='ltr'><strong>Kal</strong></span> <span class='ocrx_word' id='word_1_419' title='bbox 2439 2224 2596 2279; x_wconf 78' lang='grc' dir='ltr'>πάλιν</span> <span class='ocrx_word' id='word_1_420' title='bbox 2629 2227 2709 2287; x_wconf 71' lang='grc' dir='ltr'><strong>εἰς</strong></span> <span class='ocrx_word' id='word_1_421' title='bbox 2738 2224 2865 2277; x_wconf 73' lang='grc' dir='ltr'>αὐτὸ</span> <span class='ocrx_word' id='word_1_422' title='bbox 2903 2222 3076 2276; x_wconf 79' lang='grc' dir='ltr'>ἔοικεν</span> <span class='ocrx_word' id='word_1_423' title='bbox 3103 2223 3131 2274; x_wconf 90' lang='lat'><strong>6</strong></span> <span class='ocrx_word' id='word_1_424' title='bbox 3157 2220 3311 2289; x_wconf 80' lang='grc' dir='ltr'>λόγος</span> <span class='ocrx_word' id='word_1_425' title='bbox 3338 2220 3734 2292; x_wconf 80' lang='grc' dir='ltr'>περιδεδραμη-</span> 
     </span>
    </p>
   </div>
   <div class='ocr_carea' id='block_1_56' title="bbox 2166 2311 3734 2387">
    <p class='ocr_par' dir='ltr' id='par_1_56' title="bbox 2166 2311 3734 2387">
     <span class='ocr_line' id='line_1_56' title="bbox 2166 2311 3734 2387; baseline -0.003 -16"><span class='ocrx_word' id='word_1_426' title='bbox 2166 2317 2352 2380; x_wconf 81' lang='grc' dir='ltr'>κέναι,</span> <span class='ocrx_word' id='word_1_427' title='bbox 2404 2316 2807 2387; x_wconf 73' lang='grc' dir='ltr'>αὐτοματισμὸν</span> <span class='ocrx_word' id='word_1_428' title='bbox 2856 2317 3157 2387; x_wconf 78' lang='grc' dir='ltr'>ὁμολογεῖν.</span> <span class='ocrx_word' id='word_1_429' title='bbox 3206 2314 3330 2367; x_wconf 79' lang='grc' dir='ltr'><strong>Ἐὰν</strong></span> <span class='ocrx_word' id='word_1_430' title='bbox 3378 2314 3486 2385; x_wconf 81' lang='grc' dir='ltr'><strong>γὰρ</strong></span> <span class='ocrx_word' id='word_1_431' title='bbox 3536 2313 3637 2367; x_wconf 77' lang='grc' dir='ltr'>κᾶν</span> <span class='ocrx_word' id='word_1_432' title='bbox 3671 2311 3734 2367; x_wconf 78' lang='grc' dir='ltr'>τὸ</span> 
     </span>
    </p>
   </div>
   <div class='ocr_carea' id='block_1_57' title="bbox 2166 2403 3730 2479">
    <p class='ocr_par' dir='ltr' id='par_1_57' title="bbox 2166 2403 3730 2479">
     <span class='ocr_line' id='line_1_57' title="bbox 2166 2403 3730 2479; baseline -0.003 -17"><span class='ocrx_word' id='word_1_433' title='bbox 2166 2409 2551 2479; x_wconf 82' lang='grc' dir='ltr'>ἀκαριαιτατον</span> <span class='ocrx_word' id='word_1_434' title='bbox 2579 2408 2867 2479; x_wconf 84' lang='grc' dir='ltr'>ἀνδριάντα</span> <span class='ocrx_word' id='word_1_435' title='bbox 2897 2409 3122 2479; x_wconf 80' lang='grc' dir='ltr'>κινήσας</span> <span class='ocrx_word' id='word_1_436' title='bbox 3148 2409 3176 2460; x_wconf 89' lang='lat'><strong>6</strong></span> <span class='ocrx_word' id='word_1_437' title='bbox 3198 2404 3524 2477; x_wconf 76' lang='grc' dir='ltr'>δημιουργὸς</span> <span class='ocrx_word' id='word_1_438' title='bbox 3546 2403 3730 2475; x_wconf 73' lang='grc' dir='ltr'>λεχθῇ,</span> 
     </span>
    </p>
   </div>
   <div class='ocr_carea' id='block_1_58' title="bbox 2167 2496 3734 2572">
    <p class='ocr_par' dir='ltr' id='par_1_58' title="bbox 2167 2496 3734 2572">
     <span class='ocr_line' id='line_1_58' title="bbox 2167 2496 3734 2572; baseline -0.003 -19"><span class='ocrx_word' id='word_1_439' title='bbox 2167 2501 2308 2572; x_wconf 74' lang='grc' dir='ltr'>ἀρχῇ</span> <span class='ocrx_word' id='word_1_440' title='bbox 2338 2502 2708 2564; x_wconf 81' lang='grc' dir='ltr'>ὑποπεσεϊται,</span> <span class='ocrx_word' id='word_1_441' title='bbox 2749 2498 2867 2552; x_wconf 78' lang='grc' dir='ltr'>καθ’</span> <span class='ocrx_word' id='word_1_442' title='bbox 2909 2500 2975 2569; x_wconf 78' lang='grc' dir='ltr'><strong>ἢν</strong></span> <span class='ocrx_word' id='word_1_443' title='bbox 3006 2499 3265 2570; x_wconf 77' lang='grc' dir='ltr'>πρότερον</span> <span class='ocrx_word' id='word_1_444' title='bbox 3306 2498 3465 2550; x_wconf 78' lang='grc' dir='ltr'>αὐτὸν</span> <span class='ocrx_word' id='word_1_445' title='bbox 3495 2496 3734 2567; x_wconf 76' lang='grc' dir='ltr'>ἄκοσμον</span> 
     </span>
    </p>
   </div>
   <div class='ocr_carea' id='block_1_59' title="bbox 2167 2589 3732 2663">
    <p class='ocr_par' dir='ltr' id='par_1_59' title="bbox 2167 2589 3732 2663">
     <span class='ocr_line' id='line_1_59' title="bbox 2167 2589 3732 2663; baseline -0.004 -16"><span class='ocrx_word' id='word_1_446' title='bbox 2167 2595 2261 2647; x_wconf 68' lang='grc' dir='ltr'>καὶ</span> <span class='ocrx_word' id='word_1_447' title='bbox 2289 2594 2542 2663; x_wconf 83' lang='grc' dir='ltr'>ἀκίνητον</span> <span class='ocrx_word' id='word_1_448' title='bbox 2569 2593 2726 2655; x_wconf 75' lang='grc' dir='ltr'>ὄντα,</span> <span class='ocrx_word' id='word_1_449' title='bbox 2757 2590 2957 2662; x_wconf 69' lang='grc' dir='ltr'>ἤρξατο</span> <span class='ocrx_word' id='word_1_450' title='bbox 2997 2593 3169 2644; x_wconf 87' lang='grc' dir='ltr'>κινεῖν</span> <span class='ocrx_word' id='word_1_451' title='bbox 3197 2590 3288 2643; x_wconf 73' lang='grc' dir='ltr'><strong>καὶ</strong></span> <span class='ocrx_word' id='word_1_452' title='bbox 3319 2591 3561 2659; x_wconf 84' lang='grc' dir='ltr'>κοσμεῖν.</span> <span class='ocrx_word' id='word_1_453' title='bbox 3592 2589 3732 2641; x_wconf 83' lang='grc' dir='ltr'>Οὐκ-</span> 
     </span>
    </p>
   </div>
   <div class='ocr_carea' id='block_1_60' title="bbox 2166 2674 3730 2753">
    <p class='ocr_par' dir='ltr' id='par_1_60' title="bbox 2166 2674 3730 2753">
     <span class='ocr_line' id='line_1_60' title="bbox 2166 2674 3730 2753; baseline -0.004 -18"><span class='ocrx_word' id='word_1_454' title='bbox 2166 2682 2259 2735; x_wconf 82' lang='grc' dir='ltr'><strong>οῦν</strong></span> <span class='ocrx_word' id='word_1_455' title='bbox 2292 2683 2387 2736; x_wconf 72' lang='grc' dir='ltr'>καὶ</span> <span class='ocrx_word' id='word_1_456' title='bbox 2424 2677 2491 2753; x_wconf 81' lang='grc' dir='ltr'><strong>ἦν</strong></span> <span class='ocrx_word' id='word_1_457' title='bbox 2529 2682 2623 2735; x_wconf 77' lang='grc' dir='ltr'>καὶ</span> <span class='ocrx_word' id='word_1_458' title='bbox 2653 2680 2805 2733; x_wconf 72' lang='grc' dir='ltr'>ἔσται</span> <span class='ocrx_word' id='word_1_459' title='bbox 2843 2678 3105 2751; x_wconf 82' lang='grc' dir='ltr'>διηνεκῶς</span> <span class='ocrx_word' id='word_1_460' title='bbox 3133 2679 3162 2731; x_wconf 83' lang='lat'><strong>6</strong></span> <span class='ocrx_word' id='word_1_461' title='bbox 3196 2677 3358 2740; x_wconf 78' lang='grc' dir='ltr'>αὐτὸς</span> <span class='ocrx_word' id='word_1_462' title='bbox 3398 2676 3483 2729; x_wconf 78' lang='grc' dir='ltr'><strong>ἀεὶ</strong></span> <span class='ocrx_word' id='word_1_463' title='bbox 3509 2674 3730 2745; x_wconf 84' lang='grc' dir='ltr'>κόσμος.</span> 
     </span>
    </p>
   </div>
   <div class='ocr_carea' id='block_1_61' title="bbox 2179 2766 3732 2845">
    <p class='ocr_par' dir='ltr' id='par_1_61' title="bbox 2179 2766 3732 2845">
     <span class='ocr_line' id='line_1_61' title="bbox 2179 2766 3732 2845; baseline -0.006 -18"><span class='ocrx_word' id='word_1_464' title='bbox 2179 2774 2559 2827; x_wconf 82' lang='grc' dir='ltr'>Ἀπεικαστέον</span> <span class='ocrx_word' id='word_1_465' title='bbox 2599 2773 2707 2845; x_wconf 84' lang='grc' dir='ltr'><strong>γάρ</strong></span> <span class='ocrx_word' id='word_1_466' title='bbox 2744 2772 2821 2843; x_wconf 81' lang='grc' dir='ltr'>τῷ</span> <span class='ocrx_word' id='word_1_467' title='bbox 2853 2772 2951 2842; x_wconf 82' lang='grc' dir='ltr'>μὲν</span> <span class='ocrx_word' id='word_1_468' title='bbox 2993 2769 3111 2841; x_wconf 77' lang='grc' dir='ltr'>θεῷ</span> <span class='ocrx_word' id='word_1_469' title='bbox 3139 2770 3227 2823; x_wconf 78' lang='grc' dir='ltr'>τδν</span> <span class='ocrx_word' id='word_1_470' title='bbox 3259 2769 3529 2840; x_wconf 77' lang='grc' dir='ltr'>τεχνίτην,</span> <span class='ocrx_word' id='word_1_471' title='bbox 3554 2766 3644 2819; x_wconf 79' lang='grc' dir='ltr'><strong>τὸν</strong></span> <span class='ocrx_word' id='word_1_472' title='bbox 3674 2766 3732 2819; x_wconf 83' lang='grc' dir='ltr'>δὲ</span> 
     </span>
    </p>
   </div>
   <div class='ocr_carea' id='block_1_62' title="bbox 2167 2854 3732 2935">
    <p class='ocr_par' dir='ltr' id='par_1_62' title="bbox 2167 2854 3732 2935">
     <span class='ocr_line' id='line_1_62' title="bbox 2167 2854 3732 2935; baseline -0.004 -18"><span class='ocrx_word' id='word_1_473' title='bbox 2167 2864 2457 2935; x_wconf 87' lang='grc' dir='ltr'>ἀνδριάντα</span> <span class='ocrx_word' id='word_1_474' title='bbox 2488 2862 2569 2934; x_wconf 83' lang='grc' dir='ltr'>τῷ</span> <span class='ocrx_word' id='word_1_475' title='bbox 2599 2864 2806 2934; x_wconf 84' lang='grc' dir='ltr'>κόσμῳ.</span> <span class='ocrx_word' id='word_1_476' title='bbox 2853 2862 2933 2933; x_wconf 87' lang='grc' dir='ltr'><strong>Πῆ</strong></span> <span class='ocrx_word' id='word_1_477' title='bbox 2979 2861 3023 2914; x_wconf 72' lang='grc' dir='ltr'>δ’</span> <span class='ocrx_word' id='word_1_478' title='bbox 3064 2858 3179 2925; x_wconf 64' lang='grc' dir='ltr'>οὗν,</span> <span class='ocrx_word' id='word_1_479' title='bbox 3230 2854 3274 2913; x_wconf 81' lang='grc' dir='ltr'>ὧ</span> <span class='ocrx_word' id='word_1_480' title='bbox 3311 2859 3527 2929; x_wconf 64' lang='grc' dir='ltr'>ἠλίθιοι,</span> <span class='ocrx_word' id='word_1_481' title='bbox 3558 2856 3732 2920; x_wconf 72' lang='grc' dir='ltr'>οἴεσθε</span> 
     </span>
    </p>
   </div>
   <div class='ocr_carea' id='block_1_63' title="bbox 2165 2948 3733 3026">
    <p class='ocr_par' dir='ltr' id='par_1_63' title="bbox 2165 2948 3733 3026">
     <span class='ocr_line' id='line_1_63' title="bbox 2165 2948 3733 3026; baseline -0.001 -18"><span class='ocrx_word' id='word_1_482' title='bbox 2165 2955 2261 3026; x_wconf 79' lang='grc' dir='ltr'><strong>τὴν</strong></span> <span class='ocrx_word' id='word_1_483' title='bbox 2292 2955 2469 3008; x_wconf 76' lang='grc' dir='ltr'>κτίσιν</span> <span class='ocrx_word' id='word_1_484' title='bbox 2520 2955 2919 3026; x_wconf 82' lang='grc' dir='ltr'>συναπέραντον</span> <span class='ocrx_word' id='word_1_485' title='bbox 2967 2948 3130 3006; x_wconf 80' lang='grc' dir='ltr'>οὖσαν</span> <span class='ocrx_word' id='word_1_486' title='bbox 3172 2951 3251 3023; x_wconf 81' lang='grc' dir='ltr'>τῷ</span> <span class='ocrx_word' id='word_1_487' title='bbox 3292 2948 3625 3021; x_wconf 79' lang='grc' dir='ltr'>δημιουργῷ,</span> <span class='ocrx_word' id='word_1_488' title='bbox 3660 2948 3733 3020; x_wconf 76' lang='grc' dir='ltr'>μὴ</span> 
     </span>
    </p>
   </div>
   <div class='ocr_carea' id='block_1_64' title="bbox 2165 3043 3735 3118">
    <p class='ocr_par' dir='ltr' id='par_1_64' title="bbox 2165 3043 3735 3118">
     <span class='ocr_line' id='line_1_64' title="bbox 2165 3043 3735 3118; baseline -0.004 -19"><span class='ocrx_word' id='word_1_489' title='bbox 2165 3046 2372 3099; x_wconf 84' lang='grc' dir='ltr'>δεῖσθαι</span> <span class='ocrx_word' id='word_1_490' title='bbox 2417 3046 2509 3099; x_wconf 82' lang='grc' dir='ltr'><strong>τοῦ</strong></span> <span class='ocrx_word' id='word_1_491' title='bbox 2547 3045 2910 3118; x_wconf 59' lang='grc' dir='ltr'>δημιουργοῖη</span> <span class='ocrx_word' id='word_1_492' title='bbox 2942 3045 3014 3097; x_wconf 85' lang='grc' dir='ltr'><strong>Τὸ</strong></span> <span class='ocrx_word' id='word_1_493' title='bbox 3051 3044 3161 3115; x_wconf 69' lang='grc' dir='ltr'>γὰρ</span> <span class='ocrx_word' id='word_1_494' title='bbox 3191 3043 3590 3113; x_wconf 82' lang='grc' dir='ltr'>συναπέραντον</span> <span class='ocrx_word' id='word_1_495' title='bbox 3632 3056 3735 3111; x_wconf 83' lang='grc' dir='ltr'>μη-</span> 
     </span>
    </p>
   </div>
   <div class='ocr_carea' id='block_1_65' title="bbox 2166 3130 3731 3210">
    <p class='ocr_par' dir='ltr' id='par_1_65' title="bbox 2166 3130 3731 3210">
     <span class='ocr_line' id='line_1_65' title="bbox 2166 3130 3731 3210; baseline -0.004 -19"><span class='ocrx_word' id='word_1_496' title='bbox 2166 3138 2352 3207; x_wconf 85' lang='grc' dir='ltr'>δαμῶς</span> <span class='ocrx_word' id='word_1_497' title='bbox 2398 3137 2571 3210; x_wconf 78' lang='grc' dir='ltr'>ἀρχὴν</span> <span class='ocrx_word' id='word_1_498' title='bbox 2607 3136 2871 3205; x_wconf 82' lang='grc' dir='ltr'>γενέσεως</span> <span class='ocrx_word' id='word_1_499' title='bbox 2913 3136 3065 3207; x_wconf 78' lang='grc' dir='ltr'>ἔχον,</span> <span class='ocrx_word' id='word_1_500' title='bbox 3102 3134 3194 3188; x_wconf 70' lang='grc' dir='ltr'>καὶ</span> <span class='ocrx_word' id='word_1_501' title='bbox 3249 3133 3602 3203; x_wconf 82' lang='grc' dir='ltr'>συναγένητον</span> <span class='ocrx_word' id='word_1_502' title='bbox 3636 3130 3731 3186; x_wconf 76' lang='grc' dir='ltr'>καὶ</span> 
     </span>
    </p>
   </div>
   <div class='ocr_carea' id='block_1_66' title="bbox 2173 3223 3734 3299">
    <p class='ocr_par' dir='ltr' id='par_1_66' title="bbox 2173 3223 3734 3299">
     <span class='ocr_line' id='line_1_66' title="bbox 2173 3223 3734 3299; baseline -0.004 -18"><span class='ocrx_word' id='word_1_503' title='bbox 2173 3229 2488 3299; x_wconf 78' lang='grc' dir='ltr'>ἱσοδύναμον</span> <span class='ocrx_word' id='word_1_504' title='bbox 2512 3228 2723 3298; x_wconf 82' lang='grc' dir='ltr'>ἀνάγκη</span> <span class='ocrx_word' id='word_1_505' title='bbox 2758 3227 3061 3297; x_wconf 84' lang='grc' dir='ltr'>τυγχάνειν.</span> <span class='ocrx_word' id='word_1_506' title='bbox 3088 3226 3161 3278; x_wconf 82' lang='grc' dir='ltr'>Τὸ</span> <span class='ocrx_word' id='word_1_507' title='bbox 3182 3224 3237 3277; x_wconf 86' lang='grc' dir='ltr'>δὲ</span> <span class='ocrx_word' id='word_1_508' title='bbox 3267 3225 3546 3294; x_wconf 85' lang='grc' dir='ltr'>ἀγένητον,</span> <span class='ocrx_word' id='word_1_509' title='bbox 3575 3223 3734 3277; x_wconf 87' lang='grc' dir='ltr'>αὐτο-</span> 
     </span>
    </p>
   </div>
   <div class='ocr_carea' id='block_1_67' title="bbox 2166 3312 3736 3393">
    <p class='ocr_par' dir='ltr' id='par_1_67' title="bbox 2166 3312 3736 3393">
     <span class='ocr_line' id='line_1_67' title="bbox 2166 3312 3736 3393; baseline -0.006 -19"><span class='ocrx_word' id='word_1_510' title='bbox 2166 3321 2318 3385; x_wconf 84' lang='grc' dir='ltr'>τελὲς</span> <span class='ocrx_word' id='word_1_511' title='bbox 2341 3323 2435 3375; x_wconf 76' lang='grc' dir='ltr'>καὶ</span> <span class='ocrx_word' id='word_1_512' title='bbox 2458 3320 2723 3393; x_wconf 78' lang='grc' dir='ltr'>ἄτρεπτον</span> <span class='ocrx_word' id='word_1_513' title='bbox 2750 3318 2968 3388; x_wconf 84' lang='grc' dir='ltr'><strong>φανΘὲν.</strong></span> <span class='ocrx_word' id='word_1_514' title='bbox 3000 3319 3095 3371; x_wconf 77' lang='grc' dir='ltr'>καὶ</span> <span class='ocrx_word' id='word_1_515' title='bbox 3128 3316 3423 3387; x_wconf 79' lang='grc' dir='ltr'>ἀπροσδεὲς</span> <span class='ocrx_word' id='word_1_516' title='bbox 3453 3315 3546 3368; x_wconf 75' lang='grc' dir='ltr'><strong>καὶ</strong></span> <span class='ocrx_word' id='word_1_517' title='bbox 3573 3312 3736 3384; x_wconf 71' lang='grc' dir='ltr'><strong>ἄφθο-</strong></span> 
     </span>
    </p>
   </div>
   <div class='ocr_carea' id='block_1_68' title="bbox 2172 3404 3735 3486">
    <p class='ocr_par' dir='ltr' id='par_1_68' title="bbox 2172 3404 3735 3486">
     <span class='ocr_line' id='line_1_68' title="bbox 2172 3404 3735 3486; baseline -0.008 -18"><span class='ocrx_word' id='word_1_518' title='bbox 2172 3431 2261 3484; x_wconf 87' lang='grc' dir='ltr'>ρον</span> <span class='ocrx_word' id='word_1_519' title='bbox 2306 3412 2421 3486; x_wconf 84' lang='grc' dir='ltr'>[ἀν]</span> <span class='ocrx_word' id='word_1_520' title='bbox 2470 3414 2648 3466; x_wconf 76' lang='grc' dir='ltr'>ἐσται·</span> <span class='ocrx_word' id='word_1_521' title='bbox 2689 3412 2783 3465; x_wconf 74' lang='grc' dir='ltr'><strong>καὶ</strong></span> <span class='ocrx_word' id='word_1_522' title='bbox 2820 3411 2867 3463; x_wconf 79' lang='grc' dir='ltr'><strong>εἰ</strong></span> <span class='ocrx_word' id='word_1_523' title='bbox 2912 3406 3067 3462; x_wconf 78' lang='grc' dir='ltr'>τοῦτο</span> <span class='ocrx_word' id='word_1_524' title='bbox 3105 3407 3276 3471; x_wconf 69' lang='grc' dir='ltr'>οὕτως</span> <span class='ocrx_word' id='word_1_525' title='bbox 3312 3407 3458 3478; x_wconf 73' lang='grc' dir='ltr'>ἔχει,</span> <span class='ocrx_word' id='word_1_526' title='bbox 3494 3404 3675 3459; x_wconf 81' lang='grc' dir='ltr'>οὐκέτι</span> <span class='ocrx_word' id='word_1_527' title='bbox 3704 3404 3735 3457; x_wconf 85' lang='lat'><strong>6</strong></span> 
     </span>
    </p>
   </div>
   <div class='ocr_carea' id='block_1_69' title="bbox 2166 3504 2963 3577">
    <p class='ocr_par' dir='ltr' id='par_1_69' title="bbox 2166 3504 2963 3577">
     <span class='ocr_line' id='line_1_69' title="bbox 2166 3504 2963 3577; baseline -0.004 -18"><span class='ocrx_word' id='word_1_528' title='bbox 2166 3507 2369 3576; x_wconf 77' lang='grc' dir='ltr'>κόσμος</span> <span class='ocrx_word' id='word_1_529' title='bbox 2396 3505 2627 3577; x_wconf 79' lang='grc' dir='ltr'>τρεπτὸς</span> <span class='ocrx_word' id='word_1_530' title='bbox 2654 3504 2772 3557; x_wconf 79' lang='grc' dir='ltr'>καθ’</span> <span class='ocrx_word' id='word_1_531' title='bbox 2799 3505 2963 3574; x_wconf 79' lang='grc' dir='ltr'>ὑμᾶς.</span> 
     </span>
    </p>
   </div>
   <div class='ocr_carea' id='block_1_70' title="bbox 492 3586 3736 3661">
    <p class='ocr_par' dir='ltr' id='par_1_70' title="bbox 492 3586 3736 3661">
     <span class='ocr_line' id='line_1_70' title="bbox 492 3586 3736 3661; baseline 0.001 -21"><span class='ocrx_word' id='word_1_532' title='bbox 492 3586 732 3642; x_wconf 88' lang='lat' dir='ltr'><strong>immune</strong></span> <span class='ocrx_word' id='word_1_533' title='bbox 758 3602 789 3641; x_wconf 91' lang='lat' dir='ltr'><strong>a</strong></span> <span class='ocrx_word' id='word_1_534' title='bbox 823 3588 1172 3657; x_wconf 84' lang='lat' dir='ltr'><strong>corruptione</strong></span> <span class='ocrx_word' id='word_1_535' title='bbox 1218 3587 1367 3644; x_wconf 90' lang='lat' dir='ltr'><strong>erit:</strong></span> <span class='ocrx_word' id='word_1_536' title='bbox 1404 3598 1567 3660; x_wconf 85' lang='lat' dir='ltr'><strong>atque</strong></span> <span class='ocrx_word' id='word_1_537' title='bbox 1610 3587 1768 3655; x_wconf 83' lang='lat' dir='ltr'><strong>adeo,</strong></span> <span class='ocrx_word' id='word_1_538' title='bbox 1820 3588 1948 3645; x_wconf 91' lang='lat' dir='ltr'><strong>dum</strong></span> <span class='ocrx_word' id='word_1_539' title='bbox 1992 3607 2081 3650; x_wconf 89' lang='lat' dir='ltr'><strong>res</strong></span> <span class='ocrx_word' id='word_1_540' title='bbox 2125 3598 2204 3651; x_wconf 90' lang='lat' dir='ltr'><strong>sic</strong></span> <span class='ocrx_word' id='word_1_541' title='bbox 2231 3596 2446 3661; x_wconf 88' lang='lat' dir='ltr'><strong>habeat,</strong></span> <span class='ocrx_word' id='word_1_542' title='bbox 2481 3596 2587 3650; x_wconf 88' lang='lat' dir='ltr'><strong>erit</strong></span> <span class='ocrx_word' id='word_1_543' title='bbox 2624 3594 2860 3649; x_wconf 89' lang='lat' dir='ltr'><strong>mundus</strong></span> <span class='ocrx_word' id='word_1_544' title='bbox 2888 3594 2943 3648; x_wconf 93' lang='lat' dir='ltr'><strong>in</strong></span> <span class='ocrx_word' id='word_1_545' title='bbox 3001 3600 3182 3649; x_wconf 89' lang='lat' dir='ltr'><strong>vestra</strong></span> <span class='ocrx_word' id='word_1_546' title='bbox 3222 3589 3488 3648; x_wconf 77' lang='lat' dir='ltr'><strong>sententia</strong></span> <span class='ocrx_word' id='word_1_547' title='bbox 3537 3588 3736 3643; x_wconf 82' lang='lat' dir='ltr'><strong>immu-</strong></span> 
     </span>
    </p>
   </div>
   <div class='ocr_carea' id='block_1_71' title="bbox 495 3682 696 3738">
    <p class='ocr_par' dir='ltr' id='par_1_71' title="bbox 495 3682 696 3738">
     <span class='ocr_line' id='line_1_71' title="bbox 495 3682 696 3738; baseline -0.005 -2"><span class='ocrx_word' id='word_1_548' title='bbox 495 3682 696 3738; x_wconf 84' lang='lat' dir='ltr'><strong>tahilis.</strong></span> 
     </span>
    </p>
   </div>
   <div class='ocr_carea' id='block_1_72' title="bbox 564 3772 2059 3847">
    <p class='ocr_par' dir='ltr' id='par_1_72' title="bbox 564 3772 2059 3847">
     <span class='ocr_line' id='line_1_72' title="bbox 564 3772 2059 3847; baseline 0.007 -21"><span class='ocrx_word' id='word_1_549' title='bbox 564 3772 654 3827; x_wconf 79' lang='lat' dir='ltr'><strong>Vl.</strong></span> <span class='ocrx_word' id='word_1_550' title='bbox 681 3781 697 3797; x_wconf 88' lang='lat'><strong>&#39;</strong></span> <span class='ocrx_word' id='word_1_551' title='bbox 725 3773 1042 3842; x_wconf 86' lang='lat' dir='ltr'><strong>Eeclesiam,</strong></span> <span class='ocrx_word' id='word_1_552' title='bbox 1079 3778 1147 3832; x_wconf 89' lang='lat' dir='ltr'><strong>ab</strong></span> <span class='ocrx_word' id='word_1_553' title='bbox 1202 3778 1559 3847; x_wconf 87' lang='lat' dir='ltr'><strong>appellandis,</strong></span> <span class='ocrx_word' id='word_1_554' title='bbox 1586 3794 1649 3833; x_wconf 81' lang='lat' dir='ltr'><strong>ac</strong></span> <span class='ocrx_word' id='word_1_555' title='bbox 1681 3795 1780 3835; x_wconf 88' lang='lat' dir='ltr'><strong>ceu</strong></span> <span class='ocrx_word' id='word_1_556' title='bbox 1837 3782 1903 3837; x_wconf 90' lang='lat' dir='ltr'><strong>ad</strong></span> <span class='ocrx_word' id='word_1_557' title='bbox 1935 3797 2059 3837; x_wconf 90' lang='lat' dir='ltr'><strong>cer-</strong></span> 
     </span>
    </p>
   </div>
   <div class='ocr_carea' id='block_1_73' title="bbox 493 3867 1870 3941">
    <p class='ocr_par' dir='ltr' id='par_1_73' title="bbox 493 3867 1870 3941">
     <span class='ocr_line' id='line_1_73' title="bbox 493 3867 1870 3941; baseline 0.005 -22"><span class='ocrx_word' id='word_1_558' title='bbox 493 3871 673 3919; x_wconf 87' lang='lat' dir='ltr'><strong>tamen</strong></span> <span class='ocrx_word' id='word_1_559' title='bbox 706 3867 966 3921; x_wconf 87' lang='lat' dir='ltr'><strong>vocandis</strong></span> <span class='ocrx_word' id='word_1_560' title='bbox 995 3868 1363 3938; x_wconf 85' lang='lat' dir='ltr'><strong>voluptatibus</strong></span> <span class='ocrx_word' id='word_1_561' title='bbox 1394 3869 1510 3941; x_wconf 71' lang='lat'><strong>(21)</strong></span> <span class='ocrx_word' id='word_1_562' title='bbox 1542 3871 1742 3925; x_wconf 90' lang='lat' dir='ltr'><strong>dictam</strong></span> <span class='ocrx_word' id='word_1_563' title='bbox 1773 3873 1870 3926; x_wconf 91' lang='lat' dir='ltr'><strong>ait.</strong></span> 
     </span>
    </p>
   </div>
   <div class='ocr_carea' id='block_1_74' title="bbox 567 3953 2062 4037">
    <p class='ocr_par' dir='ltr' id='par_1_74' title="bbox 567 3953 2062 4037">
     <span class='ocr_line' id='line_1_74' title="bbox 567 3953 2062 4037; baseline 0.007 -27"><span class='ocrx_word' id='word_1_564' title='bbox 567 3955 679 4014; x_wconf 83' lang='grc' dir='ltr'><strong>νιι.</strong></span> <span class='ocrx_word' id='word_1_565' title='bbox 710 3957 799 4012; x_wconf 76' lang='lat' dir='ltr'><strong>Ait</strong></span> <span class='ocrx_word' id='word_1_566' title='bbox 825 3957 1061 4016; x_wconf 88' lang='lat' dir='ltr'><strong>Sanctus</strong></span> <span class='ocrx_word' id='word_1_567' title='bbox 1117 3980 1131 4016; x_wconf 92' lang='lat'>:</span> <span class='ocrx_word' id='word_1_568' title='bbox 1163 3953 1501 4032; x_wconf 73' lang='lat' dir='ltr'><strong>Duas&#39;porro</strong></span> <span class='ocrx_word' id='word_1_569' title='bbox 1563 3963 1698 4034; x_wconf 69' lang='lat'><strong>(9.1),</strong></span> <span class='ocrx_word' id='word_1_570' title='bbox 1740 3964 1794 4018; x_wconf 93' lang='lat' dir='ltr'><strong>in</strong></span> <span class='ocrx_word' id='word_1_571' title='bbox 1847 3965 1914 4021; x_wconf 93' lang='lat' dir='ltr'><strong>iis</strong></span> <span class='ocrx_word' id='word_1_572' title='bbox 1941 3983 2062 4037; x_wconf 71' lang='lat' dir='ltr'><strong>qua:</strong></span> 
     </span>
    </p>
   </div>
   <div class='ocr_carea' id='block_1_75' title="bbox 565 4115 2063 4192">
    <p class='ocr_par' dir='ltr' id='par_1_75' title="bbox 565 4115 2063 4192">
     <span class='ocr_line' id='line_1_75' title="bbox 565 4115 2063 4192; baseline 0.003 -21"><span class='ocrx_word' id='word_1_573' title='bbox 565 4115 588 4137; x_wconf 82' lang='grc'><strong>⁹</strong></span> <span class='ocrx_word' id='word_1_574' title='bbox 618 4115 1092 4192; x_wconf 69' lang='lat' dir='ltr'><strong>Schol.Quom_odo</strong></span> <span class='ocrx_word' id='word_1_575' title='bbox 1114 4116 1167 4172; x_wconf 91' lang='lat' dir='ltr'><strong>id</strong></span> <span class='ocrx_word' id='word_1_576' title='bbox 1196 4119 1355 4192; x_wconf 84' lang='lat' dir='ltr'><strong>dicis,</strong></span> <span class='ocrx_word' id='word_1_577' title='bbox 1391 4128 1580 4176; x_wconf 89' lang='lat' dir='ltr'><strong>sancte</strong></span> <span class='ocrx_word' id='word_1_578' title='bbox 1617 4120 1731 4186; x_wconf 91' lang='lat' dir='ltr'><strong>Dei,</strong></span> <span class='ocrx_word' id='word_1_579' title='bbox 1767 4123 1811 4175; x_wconf 88' lang='lat' dir='ltr'><strong>si</strong></span> <span class='ocrx_word' id='word_1_580' title='bbox 1846 4123 2063 4192; x_wconf 82' lang='lat' dir='ltr'><strong>quidem</strong></span> 
     </span>
    </p>
   </div>
   <div class='ocr_carea' id='block_1_76' title="bbox 492 4184 1259 4257">
    <p class='ocr_par' dir='ltr' id='par_1_76' title="bbox 492 4184 1259 4257">
     <span class='ocr_line' id='line_1_76' title="bbox 492 4184 1259 4257; baseline 0.004 -17"><span class='ocrx_word' id='word_1_581' title='bbox 492 4184 761 4257; x_wconf 85' lang='lat' dir='ltr'><strong>ejusmodi</strong></span> <span class='ocrx_word' id='word_1_582' title='bbox 792 4195 886 4242; x_wconf 88' lang='lat' dir='ltr'><strong>tua</strong></span> <span class='ocrx_word' id='word_1_583' title='bbox 913 4190 1099 4257; x_wconf 89' lang='lat' dir='ltr'><strong>opinio</strong></span> <span class='ocrx_word' id='word_1_584' title='bbox 1136 4190 1259 4245; x_wconf 84' lang='lat' dir='ltr'><strong>est?</strong></span> 
     </span>
    </p>
   </div>
   <div class='ocr_carea' id='block_1_77' title="bbox 561 4341 2055 4463">
    <p class='ocr_par' dir='ltr' id='par_1_77' title="bbox 561 4341 2055 4463">
     <span class='ocr_line' id='line_1_77' title="bbox 561 4341 2055 4463; baseline 0.003 -68"><span class='ocrx_word' id='word_1_585' title='bbox 561 4341 673 4463; x_wconf 49' lang='grc' dir='ltr'><strong>γει)</strong></span> <span class='ocrx_word' id='word_1_586' title='bbox 702 4344 779 4395; x_wconf 69' lang='lat' dir='ltr'><strong>.lb</strong></span> <span class='ocrx_word' id='word_1_587' title='bbox 808 4343 1131 4411; x_wconf 75' lang='lat' dir='ltr'><strong>appellandis</strong></span> <span class='ocrx_word' id='word_1_588' title='bbox 1171 4361 1234 4398; x_wconf 88' lang='lat' dir='ltr'><strong>ac</strong></span> <span class='ocrx_word' id='word_1_589' title='bbox 1262 4361 1354 4399; x_wconf 86' lang='lat' dir='ltr'><strong>ceu</strong></span> <span class='ocrx_word' id='word_1_590' title='bbox 1400 4344 1469 4398; x_wconf 83' lang='lat' dir='ltr'><strong>ad</strong></span> <span class='ocrx_word' id='word_1_591' title='bbox 1519 4354 1780 4399; x_wconf 81' lang='lat' dir='ltr'><strong>certamen</strong></span> <span class='ocrx_word' id='word_1_592' title='bbox 1812 4345 2055 4399; x_wconf 80' lang='lat' dir='ltr'><strong>vocandis</strong></span> 
     </span>
     <span class='ocr_line' id='line_1_78' title="bbox 581 4413 2055 4463; baseline 0 0"><span class='ocrx_word' id='word_1_593' title='bbox 581 4413 843 4463; x_wconf 74' lang='lat' dir='ltr'><strong>natatibus</strong></span> <span class='ocrx_word' id='word_1_594' title='bbox 876 4454 889 4463; x_wconf 94' lang='lat'><strong>.</strong></span> <span class='ocrx_word' id='word_1_595' title='bbox 939 4414 1090 4463; x_wconf 70' lang='grc' dir='ltr'>παρὰ</span> <span class='ocrx_word' id='word_1_596' title='bbox 1153 4415 1212 4463; x_wconf 85' lang='grc' dir='ltr'><strong>τὸ</strong></span> <span class='ocrx_word' id='word_1_597' title='bbox 1249 4416 1641 4463; x_wconf 69' lang='grc' dir='ltr'>ὲκκεκλτικέναι</span> <span class='ocrx_word' id='word_1_598' title='bbox 1698 4420 1797 4463; x_wconf 70' lang='grc' dir='ltr'><strong>τὰς</strong></span> <span class='ocrx_word' id='word_1_599' title='bbox 1846 4416 2055 4463; x_wconf 59' lang='grc' dir='ltr'>ἡδονάς.</span> 
     </span>
    </p>
   </div>
   <div class='ocr_carea' id='block_1_78' title="bbox 492 4413 2059 4486">
    <p class='ocr_par' dir='ltr' id='par_1_78' title="bbox 492 4413 2059 4486">
     <span class='ocr_line' id='line_1_79' title="bbox 492 4413 2059 4486; baseline 0.002 -23"><span class='ocrx_word' id='word_1_600' title='bbox 492 4413 843 4486; x_wconf 45' lang='lat' dir='ltr'><strong>{voluptatibus</strong></span> <span class='ocrx_word' id='word_1_601' title='bbox 876 4454 890 4476; x_wconf 88' lang='lat'><strong>,</strong></span> <span class='ocrx_word' id='word_1_602' title='bbox 928 4414 1090 4486; x_wconf 12' lang='lat' dir='ltr'><strong>inopi</strong></span> <span class='ocrx_word' id='word_1_603' title='bbox 1128 4415 1212 4486; x_wconf 51' lang='lat' dir='ltr'><strong>fro</strong></span> <span class='ocrx_word' id='word_1_604' title='bbox 1249 4416 1641 4486; x_wconf 80' lang='grc' dir='ltr'>ὲκκεκληκέναι</span> <span class='ocrx_word' id='word_1_605' title='bbox 1698 4420 1797 4478; x_wconf 73' lang='grc' dir='ltr'><strong>τὰς</strong></span> <span class='ocrx_word' id='word_1_606' title='bbox 1846 4416 2059 4486; x_wconf 76' lang='grc' dir='ltr'>ἡδονάς.</span> 
     </span>
    </p>
   </div>
   <div class='ocr_carea' id='block_1_79' title="bbox 494 4479 2062 4555">
    <p class='ocr_par' dir='ltr' id='par_1_79' title="bbox 494 4479 2062 4555">
     <span class='ocr_line' id='line_1_80' title="bbox 494 4479 2062 4555; baseline 0.003 -20"><span class='ocrx_word' id='word_1_607' title='bbox 494 4479 769 4555; x_wconf 63' lang='lat' dir='ltr'><strong>Vixcerte</strong></span> <span class='ocrx_word' id='word_1_608' title='bbox 804 4483 965 4555; x_wconf 73' lang='lat' dir='ltr'><strong>fuerit</strong></span> <span class='ocrx_word' id='word_1_609' title='bbox 994 4479 1250 4555; x_wconf 80' lang='lat' dir='ltr'><strong>subtilius</strong></span> <span class='ocrx_word' id='word_1_610' title='bbox 1272 4479 1543 4555; x_wconf 74' lang='lat' dir='ltr'><strong>etymum.</strong></span> <span class='ocrx_word' id='word_1_611' title='bbox 1586 4479 1916 4555; x_wconf 81' lang='lat' dir='ltr'><strong>digniusque</strong></span> <span class='ocrx_word' id='word_1_612' title='bbox 1950 4484 2062 4539; x_wconf 83' lang='lat' dir='ltr'><strong>Me-</strong></span> 
     </span>
    </p>
   </div>
   <div class='ocr_carea' id='block_1_80' title="bbox 490 4552 2061 4624">
    <p class='ocr_par' dir='ltr' id='par_1_80' title="bbox 490 4552 2061 4624">
     <span class='ocr_line' id='line_1_81' title="bbox 490 4552 2061 4624; baseline 0.003 -20"><span class='ocrx_word' id='word_1_613' title='bbox 490 4552 689 4624; x_wconf 64' lang='lat' dir='ltr'><strong>tliodio</strong></span> <span class='ocrx_word' id='word_1_614' title='bbox 705 4568 768 4605; x_wconf 90' lang='lat' dir='ltr'><strong>ac</strong></span> <span class='ocrx_word' id='word_1_615' title='bbox 784 4568 849 4607; x_wconf 84' lang='lat' dir='ltr'><strong>eo</strong></span> <span class='ocrx_word' id='word_1_616' title='bbox 874 4554 1076 4607; x_wconf 84' lang='lat' dir='ltr'><strong>Christi</strong></span> <span class='ocrx_word' id='word_1_617' title='bbox 1100 4552 1438 4624; x_wconf 45' lang='lat' dir='ltr'><strong>athletafqui</strong></span> <span class='ocrx_word' id='word_1_618' title='bbox 1458 4554 1549 4608; x_wconf 89' lang='lat' dir='ltr'><strong>tali</strong></span> <span class='ocrx_word' id='word_1_619' title='bbox 1585 4552 1713 4609; x_wconf 80' lang='lat' dir='ltr'><strong>olim</strong></span> <span class='ocrx_word' id='word_1_620' title='bbox 1745 4552 2061 4617; x_wconf 75' lang='lat' dir='ltr'><strong>certamine,</strong></span> 
     </span>
    </p>
   </div>
   <div class='ocr_carea' id='block_1_81' title="bbox 490 4619 2066 4695">
    <p class='ocr_par' dir='ltr' id='par_1_81' title="bbox 490 4619 2066 4695">
     <span class='ocr_line' id='line_1_82' title="bbox 490 4619 2066 4695; baseline 0.003 -22"><span class='ocrx_word' id='word_1_621' title='bbox 490 4619 559 4695; x_wconf 73' lang='lat' dir='ltr'><strong>ad</strong></span> <span class='ocrx_word' id='word_1_622' title='bbox 589 4622 854 4691; x_wconf 77' lang='lat' dir='ltr'><strong>insignem</strong></span> <span class='ocrx_word' id='word_1_623' title='bbox 886 4624 1034 4695; x_wconf 77' lang='lat' dir='ltr'><strong>illam</strong></span> <span class='ocrx_word' id='word_1_624' title='bbox 1064 4626 1129 4695; x_wconf 82' lang='lat' dir='ltr'><strong>de</strong></span> <span class='ocrx_word' id='word_1_625' title='bbox 1149 4619 1380 4695; x_wconf 80' lang='lat' dir='ltr'><strong>tyranno</strong></span> <span class='ocrx_word' id='word_1_626' title='bbox 1410 4626 1715 4685; x_wconf 79' lang='lat' dir='ltr'><strong>victoriam,</strong></span> <span class='ocrx_word' id='word_1_627' title='bbox 1750 4640 1912 4693; x_wconf 92' lang='lat' dir='ltr'><strong>quam</strong></span> <span class='ocrx_word' id='word_1_628' title='bbox 1944 4633 2066 4678; x_wconf 87' lang='lat' dir='ltr'><strong>tan-</strong></span> 
     </span>
    </p>
   </div>
   <div class='ocr_carea' id='block_1_82' title="bbox 488 4689 2065 4764">
    <p class='ocr_par' dir='ltr' id='par_1_82' title="bbox 488 4689 2065 4764">
     <span class='ocr_line' id='line_1_83' title="bbox 488 4689 2065 4764; baseline 0.001 -20"><span class='ocrx_word' id='word_1_629' title='bbox 488 4689 615 4745; x_wconf 87' lang='lat' dir='ltr'><strong>dem</strong></span> <span class='ocrx_word' id='word_1_630' title='bbox 642 4689 846 4764; x_wconf 81' lang='lat' dir='ltr'><strong>martyr</strong></span> <span class='ocrx_word' id='word_1_631' title='bbox 884 4693 1113 4764; x_wconf 77' lang='lat' dir='ltr'><strong>illustris</strong></span> <span class='ocrx_word' id='word_1_632' title='bbox 1138 4689 1396 4755; x_wconf 85' lang='lat' dir='ltr'><strong>obtinuit,</strong></span> <span class='ocrx_word' id='word_1_633' title='bbox 1435 4710 1553 4748; x_wconf 77' lang='lat' dir='ltr'><strong>Scse</strong></span> <span class='ocrx_word' id='word_1_634' title='bbox 1590 4689 1812 4749; x_wconf 80' lang='lat' dir='ltr'><strong>strenue</strong></span> <span class='ocrx_word' id='word_1_635' title='bbox 1842 4709 2065 4764; x_wconf 89' lang='lat' dir='ltr'><strong>compa-</strong></span> 
     </span>
    </p>
   </div>
   <div class='ocr_carea' id='block_1_83' title="bbox 491 4763 2062 4834">
    <p class='ocr_par' dir='ltr' id='par_1_83' title="bbox 491 4763 2062 4834">
     <span class='ocr_line' id='line_1_84' title="bbox 491 4763 2062 4834; baseline 0.002 -22"><span class='ocrx_word' id='word_1_636' title='bbox 491 4768 710 4834; x_wconf 64' lang='lat' dir='ltr'><strong>rasset;</strong></span> <span class='ocrx_word' id='word_1_637' title='bbox 751 4763 896 4834; x_wconf 87' lang='lat' dir='ltr'><strong>velut</strong></span> <span class='ocrx_word' id='word_1_638' title='bbox 941 4763 1082 4832; x_wconf 91' lang='lat' dir='ltr'><strong>apud</strong></span> <span class='ocrx_word' id='word_1_639' title='bbox 1130 4774 1404 4819; x_wconf 86' lang='lat' dir='ltr'><strong>nostrates</strong></span> <span class='ocrx_word' id='word_1_640' title='bbox 1446 4764 1641 4818; x_wconf 83' lang='lat' dir='ltr'><strong>Petrus</strong></span> <span class='ocrx_word' id='word_1_641' title='bbox 1699 4765 1790 4818; x_wconf 87' lang='lat' dir='ltr'><strong>ille</strong></span> <span class='ocrx_word' id='word_1_642' title='bbox 1838 4763 2062 4834; x_wconf 79' lang='lat' dir='ltr'><strong>martyr,</strong></span> 
     </span>
    </p>
   </div>
   <div class='ocr_carea' id='block_1_84' title="bbox 489 4826 2085 4906">
    <p class='ocr_par' dir='ltr' id='par_1_84' title="bbox 489 4826 2085 4906">
     <span class='ocr_line' id='line_1_85' title="bbox 489 4826 2085 4906; baseline 0.003 -23"><span class='ocrx_word' id='word_1_643' title='bbox 489 4844 619 4884; x_wconf 80' lang='lat' dir='ltr'><strong>vere</strong></span> <span class='ocrx_word' id='word_1_644' title='bbox 638 4826 843 4906; x_wconf 64' lang='lat' dir='ltr'><strong>Christi</strong></span> <span class='ocrx_word' id='word_1_645' title='bbox 884 4843 937 4887; x_wconf 90' lang='lat' dir='ltr'><strong>et</strong></span> <span class='ocrx_word' id='word_1_646' title='bbox 976 4826 1130 4906; x_wconf 67' lang='lat' dir='ltr'><strong>ante</strong></span> <span class='ocrx_word' id='word_1_647' title='bbox 1172 4836 1488 4906; x_wconf 75' lang='lat' dir='ltr'><strong>martyrium</strong></span> <span class='ocrx_word' id='word_1_648' title='bbox 1541 4835 1754 4906; x_wconf 79' lang='lat' dir='ltr'><strong>hostia_,</strong></span> <span class='ocrx_word' id='word_1_649' title='bbox 1798 4826 2085 4906; x_wconf 76' lang='lat' dir='ltr'><strong>pauloque&#39;</strong></span> 
     </span>
    </p>
   </div>
   <div class='ocr_carea' id='block_1_85' title="bbox 489 4901 2067 4972">
    <p class='ocr_par' dir='ltr' id='par_1_85' title="bbox 489 4901 2067 4972">
     <span class='ocr_line' id='line_1_86' title="bbox 489 4901 2067 4972; baseline 0.003 -20"><span class='ocrx_word' id='word_1_650' title='bbox 489 4901 734 4955; x_wconf 72' lang='lat' dir='ltr'><strong>anterior</strong></span> <span class='ocrx_word' id='word_1_651' title='bbox 787 4917 850 4955; x_wconf 87' lang='lat' dir='ltr'><strong>ac</strong></span> <span class='ocrx_word' id='word_1_652' title='bbox 885 4902 1055 4972; x_wconf 85' lang='lat' dir='ltr'><strong>gradu</strong></span> <span class='ocrx_word' id='word_1_653' title='bbox 1082 4901 1329 4958; x_wconf 63' lang='lat' dir='ltr'><strong>vicinior&#39;</strong></span> <span class='ocrx_word' id='word_1_654' title='bbox 1363 4903 1658 4968; x_wconf 80' lang='lat' dir='ltr'><strong>Methodio,</strong></span> <span class='ocrx_word' id='word_1_655' title='bbox 1696 4901 1938 4957; x_wconf 85' lang='lat' dir='ltr'><strong>Thomas</strong></span> <span class='ocrx_word' id='word_1_656' title='bbox 1974 4901 2067 4957; x_wconf 87' lang='lat' dir='ltr'><strong>ille</strong></span> 
     </span>
    </p>
   </div>
   <div class='ocr_carea' id='block_1_86' title="bbox 527 4972 2059 5043">
    <p class='ocr_par' dir='ltr' id='par_1_86' title="bbox 527 4972 2059 5043">
     <span class='ocr_line' id='line_1_87' title="bbox 527 4972 2059 5043; baseline 0.003 -22"><span class='ocrx_word' id='word_1_657' title='bbox 527 4974 670 5043; x_wconf 67' lang='lat' dir='ltr'><strong>cutis</strong></span> <span class='ocrx_word' id='word_1_658' title='bbox 712 4972 1034 5043; x_wconf 74' lang='lat' dir='ltr'><strong>Anglorum,</strong></span> <span class='ocrx_word' id='word_1_659' title='bbox 1090 4973 1294 5027; x_wconf 87' lang='lat' dir='ltr'><strong>utinam</strong></span> <span class='ocrx_word' id='word_1_660' title='bbox 1346 4974 1566 5028; x_wconf 88' lang='lat' dir='ltr'><strong>virtutis</strong></span> <span class='ocrx_word' id='word_1_661' title='bbox 1616 4976 1822 5028; x_wconf 60' lang='lat' dir='ltr'><strong>aemulae</strong></span> <span class='ocrx_word' id='word_1_662' title='bbox 1869 4977 2059 5027; x_wconf 79' lang='lat' dir='ltr'><strong>decus.</strong></span> 
     </span>
    </p>
   </div>
   <div class='ocr_carea' id='block_1_87' title="bbox 549 5040 2062 5113">
    <p class='ocr_par' dir='ltr' id='par_1_87' title="bbox 549 5040 2062 5113">
     <span class='ocr_line' id='line_1_88' title="bbox 549 5040 2062 5113; baseline 0.003 -22"><span class='ocrx_word' id='word_1_663' title='bbox 549 5040 624 5092; x_wconf 84' lang='lat' dir='ltr'><strong>ire</strong></span> <span class='ocrx_word' id='word_1_664' title='bbox 639 5040 839 5113; x_wconf 74' lang='lat' dir='ltr'><strong>accipit</strong></span> <span class='ocrx_word' id='word_1_665' title='bbox 862 5059 1014 5096; x_wconf 65' lang='lat' dir='ltr'><strong>meus</strong></span> <span class='ocrx_word' id='word_1_666' title='bbox 1037 5043 1127 5097; x_wconf 90' lang='lat' dir='ltr'><strong>ille</strong></span> <span class='ocrx_word' id='word_1_667' title='bbox 1150 5042 1560 5113; x_wconf 85' lang='lat' dir='ltr'><strong>Amphilochius</strong></span> <span class='ocrx_word' id='word_1_668' title='bbox 1577 5044 1723 5098; x_wconf 89' lang='lat' dir='ltr'><strong>hont.</strong></span> <span class='ocrx_word' id='word_1_669' title='bbox 1758 5043 1830 5096; x_wconf 88' lang='lat' dir='ltr'><strong>De</strong></span> <span class='ocrx_word' id='word_1_670' title='bbox 1857 5044 2062 5113; x_wconf 76' lang='lat' dir='ltr'><strong>pwpit.,</strong></span> 
     </span>
    </p>
   </div>
   <div class='ocr_carea' id='block_1_88' title="bbox 488 5108 2062 5183">
    <p class='ocr_par' dir='ltr' id='par_1_88' title="bbox 488 5108 2062 5183">
     <span class='ocr_line' id='line_1_89' title="bbox 488 5108 2062 5183; baseline 0.002 -21"><span class='ocrx_word' id='word_1_671' title='bbox 488 5112 814 5183; x_wconf 51' lang='grc' dir='ltr'><strong>(ξων-ἰηιρε</strong></span> <span class='ocrx_word' id='word_1_672' title='bbox 841 5114 1057 5167; x_wconf 87' lang='lat' dir='ltr'><strong>diabolo</strong></span> <span class='ocrx_word' id='word_1_673' title='bbox 1077 5108 1395 5169; x_wconf 82' lang='lat' dir='ltr'><strong>succentore</strong></span> <span class='ocrx_word' id='word_1_674' title='bbox 1422 5116 1761 5183; x_wconf 88' lang='lat' dir='ltr'><strong>passionum,</strong></span> <span class='ocrx_word' id='word_1_675' title='bbox 1799 5108 2062 5183; x_wconf 82' lang='lat' dir='ltr'><strong>loquitur,</strong></span> 
     </span>
    </p>
   </div>
   <div class='ocr_carea' id='block_1_89' title="bbox 488 5178 2068 5256">
    <p class='ocr_par' dir='ltr' id='par_1_89' title="bbox 488 5178 2068 5256">
     <span class='ocr_line' id='line_1_90' title="bbox 488 5178 2068 5256; baseline 0.003 -26"><span class='ocrx_word' id='word_1_676' title='bbox 488 5192 545 5247; x_wconf 88' lang='lat' dir='ltr'><strong>p.</strong></span> <span class='ocrx_word' id='word_1_677' title='bbox 572 5178 641 5233; x_wconf 79' lang='lat'><strong>93</strong></span> <span class='ocrx_word' id='word_1_678' title='bbox 659 5198 682 5256; x_wconf 84' lang='lat'><strong>_:</strong></span> <span class='ocrx_word' id='word_1_679' title='bbox 709 5182 902 5256; x_wconf 66' lang='grc' dir='ltr'>Φθρνεζ</span> <span class='ocrx_word' id='word_1_680' title='bbox 923 5183 1031 5256; x_wconf 82' lang='grc' dir='ltr'>γὰρ</span> <span class='ocrx_word' id='word_1_681' title='bbox 1065 5183 1207 5256; x_wconf 78' lang='grc' dir='ltr'>ὑπὲρ</span> <span class='ocrx_word' id='word_1_682' title='bbox 1246 5178 1453 5256; x_wconf 70' lang='grc' dir='ltr'>πάντας</span> <span class='ocrx_word' id='word_1_683' title='bbox 1495 5185 1556 5236; x_wconf 80' lang='grc' dir='ltr'>τὸ</span> <span class='ocrx_word' id='word_1_684' title='bbox 1582 5184 1738 5256; x_wconf 74' lang='grc' dir='ltr'>γένος</span> <span class='ocrx_word' id='word_1_685' title='bbox 1784 5178 1892 5236; x_wconf 74' lang='grc' dir='ltr'><strong>τῶν</strong></span> <span class='ocrx_word' id='word_1_686' title='bbox 1942 5184 2068 5256; x_wconf 74' lang='grc' dir='ltr'>Χρι-</span> 
     </span>
    </p>
   </div>
   <div class='ocr_carea' id='block_1_90' title="bbox 490 5251 2066 5324">
    <p class='ocr_par' dir='ltr' id='par_1_90' title="bbox 490 5251 2066 5324">
     <span class='ocr_line' id='line_1_91' title="bbox 490 5251 2066 5324; baseline 0.003 -24"><span class='ocrx_word' id='word_1_687' title='bbox 490 5251 743 5324; x_wconf 81' lang='grc' dir='ltr'>στιανῷν,</span> <span class='ocrx_word' id='word_1_688' title='bbox 770 5251 845 5315; x_wconf 86' lang='grc' dir='ltr'><strong>ὡς</strong></span> <span class='ocrx_word' id='word_1_689' title='bbox 880 5251 1352 5324; x_wconf 68' lang='grc' dir='ltr'>ἀποστρεφόμενον</span> <span class='ocrx_word' id='word_1_690' title='bbox 1405 5255 1504 5324; x_wconf 81' lang='grc' dir='ltr'>τῆς</span> <span class='ocrx_word' id='word_1_691' title='bbox 1539 5251 2066 5324; x_wconf 72' lang='grc' dir='ltr'>ἑαυτοῠματαιότη-</span> 
     </span>
    </p>
   </div>
   <div class='ocr_carea' id='block_1_91' title="bbox 488 5321 2067 5385">
    <p class='ocr_par' dir='ltr' id='par_1_91' title="bbox 488 5321 2067 5385">
     <span class='ocr_line' id='line_1_92' title="bbox 488 5321 2067 5385; baseline 0.003 -15"><span class='ocrx_word' id='word_1_692' title='bbox 488 5333 581 5382; x_wconf 91' lang='grc' dir='ltr'><strong>τος</strong></span> <span class='ocrx_word' id='word_1_693' title='bbox 610 5321 844 5377; x_wconf 83' lang='grc' dir='ltr'><strong>πάντων.</strong></span> <span class='ocrx_word' id='word_1_694' title='bbox 886 5322 1010 5377; x_wconf 75' lang='lat' dir='ltr'><strong>Prw</strong></span> <span class='ocrx_word' id='word_1_695' title='bbox 1042 5321 1355 5379; x_wconf 67' lang='lat' dir='ltr'><strong>mortalibus</strong></span> <span class='ocrx_word' id='word_1_696' title='bbox 1402 5321 1541 5377; x_wconf 67' lang='lat' dir='ltr'><strong>enim</strong></span> <span class='ocrx_word' id='word_1_697' title='bbox 1592 5321 1856 5385; x_wconf 67' lang='lat' dir='ltr'><strong>omnibus,</strong></span> <span class='ocrx_word' id='word_1_698' title='bbox 1905 5321 2067 5376; x_wconf 73' lang='lat' dir='ltr'><strong>livore</strong></span> 
     </span>
    </p>
   </div>
   <div class='ocr_carea' id='block_1_92' title="bbox 490 5387 2067 5464">
    <p class='ocr_par' dir='ltr' id='par_1_92' title="bbox 490 5387 2067 5464">
     <span class='ocr_line' id='line_1_93' title="bbox 490 5387 2067 5464; baseline 0.003 -25"><span class='ocrx_word' id='word_1_699' title='bbox 490 5387 658 5464; x_wconf 70' lang='lat' dir='ltr'><strong>fertur</strong></span> <span class='ocrx_word' id='word_1_700' title='bbox 686 5393 739 5445; x_wconf 84' lang='lat' dir='ltr'><strong>in</strong></span> <span class='ocrx_word' id='word_1_701' title='bbox 760 5390 1121 5447; x_wconf 80' lang='lat' dir='ltr'><strong>Christianum</strong></span> <span class='ocrx_word' id='word_1_702' title='bbox 1149 5411 1309 5464; x_wconf 83' lang='lat' dir='ltr'><strong>genus</strong></span> <span class='ocrx_word' id='word_1_703' title='bbox 1341 5409 1390 5449; x_wconf 84' lang='lat' dir='ltr'><strong>et</strong></span> <span class='ocrx_word' id='word_1_704' title='bbox 1431 5411 1636 5456; x_wconf 84' lang='lat' dir='ltr'><strong>nomen,</strong></span> <span class='ocrx_word' id='word_1_705' title='bbox 1682 5393 1818 5447; x_wconf 83' lang='lat' dir='ltr'><strong>velut</strong></span> <span class='ocrx_word' id='word_1_706' title='bbox 1846 5392 1984 5461; x_wconf 84' lang='lat' dir='ltr'><strong>quod</strong></span> <span class='ocrx_word' id='word_1_707' title='bbox 2004 5407 2067 5445; x_wconf 79' lang='lat' dir='ltr'><strong>ea:</strong></span> 
     </span>
    </p>
   </div>
   <div class='ocr_carea' id='block_1_93' title="bbox 489 5461 2064 5532">
    <p class='ocr_par' dir='ltr' id='par_1_93' title="bbox 489 5461 2064 5532">
     <span class='ocr_line' id='line_1_94' title="bbox 489 5461 2064 5532; baseline 0.002 -21"><span class='ocrx_word' id='word_1_708' title='bbox 489 5461 733 5532; x_wconf 67' lang='lat' dir='ltr'><strong>omnibus</strong></span> <span class='ocrx_word' id='word_1_709' title='bbox 787 5478 897 5518; x_wconf 67' lang='lat' dir='ltr'><strong>aut?</strong></span> <span class='ocrx_word' id='word_1_710' title='bbox 948 5464 1111 5532; x_wconf 71' lang='lat' dir='ltr'><strong>ipsius</strong></span> <span class='ocrx_word' id='word_1_711' title='bbox 1151 5461 1438 5521; x_wconf 64' lang='lat' dir='ltr'><strong>dementia:</strong></span> <span class='ocrx_word' id='word_1_712' title='bbox 1494 5465 1768 5519; x_wconf 75' lang='lat' dir='ltr'><strong>adversum</strong></span> <span class='ocrx_word' id='word_1_713' title='bbox 1817 5463 2064 5516; x_wconf 76' lang='lat' dir='ltr'><strong>noverit:</strong></span> 
     </span>
    </p>
   </div>
   <div class='ocr_carea' id='block_1_94' title="bbox 491 5531 2066 5602">
    <p class='ocr_par' dir='ltr' id='par_1_94' title="bbox 491 5531 2066 5602">
     <span class='ocr_line' id='line_1_95' title="bbox 491 5531 2066 5602; baseline -0.001 -14"><span class='ocrx_word' id='word_1_714' title='bbox 491 5535 654 5602; x_wconf 65' lang='lat' dir='ltr'><strong>atque</strong></span> <span class='ocrx_word' id='word_1_715' title='bbox 668 5531 806 5602; x_wconf 77' lang='lat' dir='ltr'><strong>adeo</strong></span> <span class='ocrx_word' id='word_1_716' title='bbox 839 5531 981 5587; x_wconf 86' lang='lat' dir='ltr'><strong>velut</strong></span> <span class='ocrx_word' id='word_1_717' title='bbox 1016 5536 1163 5590; x_wconf 90' lang='lat' dir='ltr'><strong>solos</strong></span> <span class='ocrx_word' id='word_1_718' title='bbox 1210 5537 1404 5590; x_wconf 84' lang='lat' dir='ltr'><strong>habeat</strong></span> <span class='ocrx_word' id='word_1_719' title='bbox 1454 5535 1834 5598; x_wconf 87' lang='lat' dir='ltr'><strong>adversarios;</strong></span> <span class='ocrx_word' id='word_1_720' title='bbox 1865 5533 2066 5602; x_wconf 89' lang='lat' dir='ltr'><strong>quibus</strong></span> 
     </span>
    </p>
   </div>
   <div class='ocr_carea' id='block_1_95' title="bbox 488 5600 2063 5674">
    <p class='ocr_par' dir='ltr' id='par_1_95' title="bbox 488 5600 2063 5674">
     <span class='ocr_line' id='line_1_96' title="bbox 488 5600 2063 5674; baseline 0.001 -21"><span class='ocrx_word' id='word_1_721' title='bbox 488 5600 718 5674; x_wconf 64' lang='lat' dir='ltr'><strong>proinde</strong></span> <span class='ocrx_word' id='word_1_722' title='bbox 757 5603 902 5674; x_wconf 82' lang='lat' dir='ltr'><strong>velut</strong></span> <span class='ocrx_word' id='word_1_723' title='bbox 931 5605 1062 5659; x_wconf 87' lang='lat' dir='ltr'><strong>solis</strong></span> <span class='ocrx_word' id='word_1_724' title='bbox 1092 5605 1168 5659; x_wconf 90' lang='lat' dir='ltr'><strong>illi</strong></span> <span class='ocrx_word' id='word_1_725' title='bbox 1199 5607 1438 5660; x_wconf 86' lang='lat' dir='ltr'><strong>militans</strong></span> <span class='ocrx_word' id='word_1_726' title='bbox 1476 5606 1814 5674; x_wconf 88' lang='lat' dir='ltr'><strong>voluptatum</strong></span> <span class='ocrx_word' id='word_1_727' title='bbox 1846 5600 2063 5671; x_wconf 78' lang='lat' dir='ltr'><strong>agmen.</strong></span> 
     </span>
    </p>
   </div>
   <div class='ocr_carea' id='block_1_96' title="bbox 494 5667 2065 5745">
    <p class='ocr_par' dir='ltr' id='par_1_96' title="bbox 494 5667 2065 5745">
     <span class='ocr_line' id='line_1_97' title="bbox 494 5667 2065 5745; baseline -0.007 -10"><span class='ocrx_word' id='word_1_728' title='bbox 494 5667 789 5745; x_wconf 63' lang='lat' dir='ltr'><strong>flbiectum_</strong></span> <span class='ocrx_word' id='word_1_729' title='bbox 820 5673 989 5745; x_wconf 79' lang='lat' dir='ltr'><strong>videri</strong></span> <span class='ocrx_word' id='word_1_730' title='bbox 1024 5677 1227 5745; x_wconf 85' lang='lat' dir='ltr'><strong>possit,</strong></span> <span class='ocrx_word' id='word_1_731' title='bbox 1269 5684 1454 5745; x_wconf 88' lang='lat' dir='ltr'><strong>aperta</strong></span> <span class='ocrx_word' id='word_1_732' title='bbox 1493 5667 1764 5744; x_wconf 76' lang='lat' dir='ltr'><strong>baptismo</strong></span> <span class='ocrx_word' id='word_1_733' title='bbox 1797 5667 1944 5745; x_wconf 81' lang='lat' dir='ltr'><strong>velut</strong></span> <span class='ocrx_word' id='word_1_734' title='bbox 1979 5687 2065 5741; x_wconf 84' lang='lat' dir='ltr'><strong>pa-</strong></span> 
     </span>
    </p>
   </div>
   <div class='ocr_carea' id='block_1_97' title="bbox 490 5735 2064 5815">
    <p class='ocr_par' dir='ltr' id='par_1_97' title="bbox 490 5735 2064 5815">
     <span class='ocr_line' id='line_1_98' title="bbox 490 5735 2064 5815; baseline 0.003 -26"><span class='ocrx_word' id='word_1_735' title='bbox 490 5735 699 5815; x_wconf 56' lang='lat' dir='ltr'><strong>laestra;</strong></span> <span class='ocrx_word' id='word_1_736' title='bbox 750 5739 988 5815; x_wconf 65' lang='lat' dir='ltr'><strong>Ecclesia</strong></span> <span class='ocrx_word' id='word_1_737' title='bbox 1025 5735 1144 5813; x_wconf 60' lang='lat' dir='ltr'><strong>&#39;qua</strong></span> <span class='ocrx_word' id='word_1_738' title='bbox 1201 5735 1603 5815; x_wconf 61' lang='lat' dir='ltr'><strong>depitgnctuus&#39;;</strong></span> <span class='ocrx_word' id='word_1_739' title='bbox 1636 5762 1701 5798; x_wconf 80' lang='lat' dir='ltr'><strong>eo</strong></span> <span class='ocrx_word' id='word_1_740' title='bbox 1756 5735 2064 5815; x_wconf 76' lang='lat' dir='ltr'><strong>etiamtum</strong></span> 
     </span>
    </p>
   </div>
   <div class='ocr_carea' id='block_1_98' title="bbox 472 5809 2065 5883">
    <p class='ocr_par' dir='ltr' id='par_1_98' title="bbox 472 5809 2065 5883">
     <span class='ocr_line' id='line_1_99' title="bbox 472 5809 2065 5883; baseline 0.003 -21"><span class='ocrx_word' id='word_1_741' title='bbox 472 5809 863 5877; x_wconf 60' lang='lat' dir='ltr'><strong>caerimoniali,</strong></span> <span class='ocrx_word' id='word_1_742' title='bbox 901 5820 1011 5867; x_wconf 86' lang='lat' dir='ltr'><strong>tum</strong></span> <span class='ocrx_word' id='word_1_743' title='bbox 1041 5809 1219 5881; x_wconf 76' lang='lat' dir='ltr'><strong>sacro,</strong></span> <span class='ocrx_word' id='word_1_744' title='bbox 1257 5809 1309 5869; x_wconf 74' lang='lat' dir='ltr'><strong>iit</strong></span> <span class='ocrx_word' id='word_1_745' title='bbox 1338 5809 1425 5881; x_wconf 64' lang='lat' dir='ltr'><strong>Eo,</strong></span> <span class='ocrx_word' id='word_1_746' title='bbox 1455 5817 1632 5869; x_wconf 86' lang='lat' dir='ltr'><strong>unctis</strong></span> <span class='ocrx_word' id='word_1_747' title='bbox 1655 5815 1805 5879; x_wconf 82' lang='lat' dir='ltr'><strong>oleo;</strong></span> <span class='ocrx_word' id='word_1_748' title='bbox 1847 5812 2065 5883; x_wconf 85' lang='lat' dir='ltr'><strong>quando</strong></span> 
     </span>
    </p>
   </div>
   <div class='ocr_carea' id='block_1_99' title="bbox 2239 3776 3736 3852">
    <p class='ocr_par' dir='ltr' id='par_1_99' title="bbox 2239 3776 3736 3852">
     <span class='ocr_line' id='line_1_100' title="bbox 2239 3776 3736 3852; baseline 0.016 -21"><span class='ocrx_word' id='word_1_749' title='bbox 2239 3783 2498 3849; x_wconf 61' lang='lat'><strong>(7.“‘0-3</strong></span> <span class='ocrx_word' id='word_1_750' title='bbox 2565 3780 2861 3852; x_wconf 79' lang='grc' dir='ltr'>Ἐκκλησία</span> <span class='ocrx_word' id='word_1_751' title='bbox 2904 3779 3057 3852; x_wconf 81' lang='grc' dir='ltr'>παρὰ</span> <span class='ocrx_word' id='word_1_752' title='bbox 3100 3779 3159 3833; x_wconf 80' lang='grc' dir='ltr'>τδ</span> <span class='ocrx_word' id='word_1_753' title='bbox 3203 3776 3596 3848; x_wconf 72' lang='grc' dir='ltr'>ἐκκειληκένατ</span> <span class='ocrx_word' id='word_1_754' title='bbox 3637 3778 3736 3840; x_wconf 49' lang='grc' dir='ltr'><strong>τὰς</strong></span> 
     </span>
    </p>
   </div>
   <div class='ocr_carea' id='block_1_100' title="bbox 2167 3872 2847 3945">
    <p class='ocr_par' dir='ltr' id='par_1_100' title="bbox 2167 3872 2847 3945">
     <span class='ocr_line' id='line_1_101' title="bbox 2167 3872 2847 3945; baseline -0.001 -17"><span class='ocrx_word' id='word_1_755' title='bbox 2167 3875 2359 3945; x_wconf 75' lang='grc' dir='ltr'>ἡδονὰς</span> <span class='ocrx_word' id='word_1_756' title='bbox 2387 3872 2639 3942; x_wconf 81' lang='grc' dir='ltr'>λέγεσθαί</span> <span class='ocrx_word' id='word_1_757' title='bbox 2666 3890 2847 3944; x_wconf 78' lang='grc' dir='ltr'>φησιν.</span> 
     </span>
    </p>
   </div>
   <div class='ocr_carea' id='block_1_101' title="bbox 2239 3960 3734 4037">
    <p class='ocr_par' dir='ltr' id='par_1_101' title="bbox 2239 3960 3734 4037">
     <span class='ocr_line' id='line_1_102' title="bbox 2239 3960 3734 4037; baseline -0.005 -17"><span class='ocrx_word' id='word_1_758' title='bbox 2239 3969 2312 4021; x_wconf 87' lang='grc' dir='ltr'><strong>Ζ’.</strong></span> <span class='ocrx_word' id='word_1_759' title='bbox 2350 3969 2472 4019; x_wconf 87' lang='grc' dir='ltr'><strong>’Ότι</strong></span> <span class='ocrx_word' id='word_1_760' title='bbox 2501 3966 2663 4037; x_wconf 72' lang='grc' dir='ltr'>φησὶν</span> <span class='ocrx_word' id='word_1_761' title='bbox 2692 3966 2722 4017; x_wconf 93' lang='lat'><strong>6</strong></span> <span class='ocrx_word' id='word_1_762' title='bbox 2747 3965 2953 4033; x_wconf 73' lang='grc' dir='ltr'>Ἄγιος·</span> <span class='ocrx_word' id='word_1_763' title='bbox 3003 3963 3105 4016; x_wconf 80' lang='grc' dir='ltr'><strong>Δύο</strong></span> <span class='ocrx_word' id='word_1_764' title='bbox 3145 3962 3203 4016; x_wconf 86' lang='grc' dir='ltr'><strong>δὲ</strong></span> <span class='ocrx_word' id='word_1_765' title='bbox 3246 3960 3501 4032; x_wconf 84' lang='grc' dir='ltr'>δυνάμεις</span> <span class='ocrx_word' id='word_1_766' title='bbox 3538 3962 3601 4014; x_wconf 76' lang='grc' dir='ltr'><strong>ὲν</strong></span> <span class='ocrx_word' id='word_1_767' title='bbox 3623 3960 3734 4023; x_wconf 79' lang='grc' dir='ltr'>τοῖς</span> 
     </span>
    </p>
   </div>
   <div class='ocr_carea' id='block_1_102' title="bbox 2242 4116 3737 4191">
    <p class='ocr_par' dir='ltr' id='par_1_102' title="bbox 2242 4116 3737 4191">
     <span class='ocr_line' id='line_1_103' title="bbox 2242 4116 3737 4191; baseline -0.004 -16"><span class='ocrx_word' id='word_1_768' title='bbox 2242 4123 2257 4140; x_wconf 81' lang='grc'><strong>¹</strong></span> <span class='ocrx_word' id='word_1_769' title='bbox 2292 4124 2568 4189; x_wconf 71' lang='grc' dir='ltr'><strong>Σχόλιον.</strong></span> <span class='ocrx_word' id='word_1_770' title='bbox 2598 4119 2724 4184; x_wconf 83' lang='grc' dir='ltr'><strong>Πῶς</strong></span> <span class='ocrx_word' id='word_1_771' title='bbox 2768 4120 2924 4173; x_wconf 79' lang='grc' dir='ltr'>τοῦτο</span> <span class='ocrx_word' id='word_1_772' title='bbox 2964 4120 3089 4191; x_wconf 78' lang='grc' dir='ltr'>φῂς,</span> <span class='ocrx_word' id='word_1_773' title='bbox 3122 4118 3243 4188; x_wconf 81' lang='grc' dir='ltr'>ἀγιε</span> <span class='ocrx_word' id='word_1_774' title='bbox 3273 4116 3364 4171; x_wconf 81' lang='grc' dir='ltr'><strong>τοῦ</strong></span> <span class='ocrx_word' id='word_1_775' title='bbox 3393 4117 3548 4184; x_wconf 79' lang='grc' dir='ltr'>Θεοῦ,</span> <span class='ocrx_word' id='word_1_776' title='bbox 3578 4117 3737 4187; x_wconf 68' lang='grc' dir='ltr'>εἴπερ</span> 
     </span>
    </p>
   </div>
   <div class='ocr_carea' id='block_1_103' title="bbox 2173 4190 2889 4263">
    <p class='ocr_par' dir='ltr' id='par_1_103' title="bbox 2173 4190 2889 4263">
     <span class='ocr_line' id='line_1_104' title="bbox 2173 4190 2889 4263; baseline 0 -19"><span class='ocrx_word' id='word_1_777' title='bbox 2173 4192 2268 4245; x_wconf 73' lang='grc' dir='ltr'>καὶ</span> <span class='ocrx_word' id='word_1_778' title='bbox 2298 4192 2380 4244; x_wconf 70' lang='grc' dir='ltr'><strong>σο)⁵</strong></span> <span class='ocrx_word' id='word_1_779' title='bbox 2413 4194 2445 4263; x_wconf 76' lang='grc' dir='ltr'>ἡ</span> <span class='ocrx_word' id='word_1_780' title='bbox 2472 4192 2695 4263; x_wconf 80' lang='grc' dir='ltr'>τοιαύτη</span> <span class='ocrx_word' id='word_1_781' title='bbox 2730 4190 2889 4256; x_wconf 82' lang='grc' dir='ltr'>δόξα;</span> 
     </span>
    </p>
   </div>
   <div class='ocr_carea' id='block_1_104' title="bbox 2164 4339 3737 4414">
    <p class='ocr_par' dir='ltr' id='par_1_104' title="bbox 2164 4339 3737 4414">
     <span class='ocr_line' id='line_1_105' title="bbox 2164 4339 3737 4414; baseline -0.003 -15"><span class='ocrx_word' id='word_1_782' title='bbox 2164 4354 2217 4399; x_wconf 91' lang='lat' dir='ltr'><strong>et</strong></span> <span class='ocrx_word' id='word_1_783' title='bbox 2248 4361 2487 4407; x_wconf 82' lang='lat' dir='ltr'><strong>sacrum,</strong></span> <span class='ocrx_word' id='word_1_784' title='bbox 2520 4346 2740 4414; x_wconf 86' lang='lat' dir='ltr'><strong>ejusest</strong></span> <span class='ocrx_word' id='word_1_785' title='bbox 2767 4345 2909 4399; x_wconf 88' lang='lat' dir='ltr'><strong>velut</strong></span> <span class='ocrx_word' id='word_1_786' title='bbox 2940 4343 3356 4401; x_wconf 84' lang='lat' dir='ltr'><strong>consummatio.</strong></span> <span class='ocrx_word' id='word_1_787' title='bbox 3393 4339 3737 4414; x_wconf 75' lang='lat' dir='ltr'><strong>limschelius</strong></span> 
     </span>
    </p>
   </div>
   <div class='ocr_carea' id='block_1_105' title="bbox 2169 4409 3735 4486">
    <p class='ocr_par' dir='ltr' id='par_1_105' title="bbox 2169 4409 3735 4486">
     <span class='ocr_line' id='line_1_106' title="bbox 2169 4409 3735 4486; baseline -0.004 -17"><span class='ocrx_word' id='word_1_788' title='bbox 2169 4416 2337 4470; x_wconf 91' lang='lat' dir='ltr'><strong>hocce</strong></span> <span class='ocrx_word' id='word_1_789' title='bbox 2364 4409 2600 4486; x_wconf 67' lang='lat' dir='ltr'><strong>etymuin</strong></span> <span class='ocrx_word' id='word_1_790' title='bbox 2637 4416 2985 4486; x_wconf 73' lang='lat' dir='ltr'><strong>ita_exponit,</strong></span> <span class='ocrx_word' id='word_1_791' title='bbox 3022 4422 3080 4467; x_wconf 90' lang='lat' dir='ltr'><strong>ut</strong></span> <span class='ocrx_word' id='word_1_792' title='bbox 3112 4414 3343 4486; x_wconf 82' lang='lat' dir='ltr'><strong>voluerit</strong></span> <span class='ocrx_word' id='word_1_793' title='bbox 3373 4412 3573 4465; x_wconf 89' lang='lat' dir='ltr'><strong>dictam</strong></span> <span class='ocrx_word' id='word_1_794' title='bbox 3610 4409 3735 4463; x_wconf 82' lang='grc' dir='ltr'><strong>Ἐκ-</strong></span> 
     </span>
    </p>
   </div>
   <div class='ocr_carea' id='block_1_106' title="bbox 2170 4484 3736 4556">
    <p class='ocr_par' dir='ltr' id='par_1_106' title="bbox 2170 4484 3736 4556">
     <span class='ocr_line' id='line_1_107' title="bbox 2170 4484 3736 4556; baseline -0.004 -17"><span class='ocrx_word' id='word_1_795' title='bbox 2170 4486 2395 4555; x_wconf 85' lang='grc' dir='ltr'>κλησιαν</span> <span class='ocrx_word' id='word_1_796' title='bbox 2422 4484 2579 4556; x_wconf 74' lang='lat' dir='ltr'><strong>quasi</strong></span> <span class='ocrx_word' id='word_1_797' title='bbox 2624 4484 2919 4556; x_wconf 75' lang='grc' dir='ltr'>ἐκκλισίαν,</span> <span class='ocrx_word' id='word_1_798' title='bbox 2952 4502 2982 4537; x_wconf 91' lang='lat' dir='ltr'><strong>a</strong></span> <span class='ocrx_word' id='word_1_799' title='bbox 3013 4486 3137 4553; x_wconf 78' lang='lat' dir='ltr'><strong>fuga</strong></span> <span class='ocrx_word' id='word_1_800' title='bbox 3167 4484 3489 4556; x_wconf 69' lang='lat' dir='ltr'><strong>voluptatum</strong></span> <span class='ocrx_word' id='word_1_801' title='bbox 3517 4523 3533 4547; x_wconf 95' lang='lat'><strong>,</strong></span> <span class='ocrx_word' id='word_1_802' title='bbox 3560 4496 3736 4556; x_wconf 82' lang='lat' dir='ltr'><strong>eoque</strong></span> 
     </span>
    </p>
   </div>
   <div class='ocr_carea' id='block_1_107' title="bbox 2171 4550 3738 4625">
    <p class='ocr_par' dir='ltr' id='par_1_107' title="bbox 2171 4550 3738 4625">
     <span class='ocr_line' id='line_1_108' title="bbox 2171 4550 3738 4625; baseline -0.004 -17"><span class='ocrx_word' id='word_1_803' title='bbox 2171 4550 2456 4625; x_wconf 80' lang='lat' dir='ltr'><strong>legendum</strong></span> <span class='ocrx_word' id='word_1_804' title='bbox 2505 4555 2929 4625; x_wconf 65' lang='grc' dir='ltr'>ξκκεκλικέναιε</span> <span class='ocrx_word' id='word_1_805' title='bbox 2992 4550 3246 4625; x_wconf 63' lang='grc' dir='ltr'>ἁάήιιοᾴ</span> <span class='ocrx_word' id='word_1_806' title='bbox 3288 4550 3470 4625; x_wconf 64' lang='lat' dir='ltr'><strong>etiam</strong></span> <span class='ocrx_word' id='word_1_807' title='bbox 3523 4550 3738 4625; x_wconf 80' lang='lat' dir='ltr'><strong>videtur</strong></span> 
     </span>
    </p>
   </div>
   <div class='ocr_carea' id='block_1_108' title="bbox 2170 4620 3738 4695">
    <p class='ocr_par' dir='ltr' id='par_1_108' title="bbox 2170 4620 3738 4695">
     <span class='ocr_line' id='line_1_109' title="bbox 2170 4620 3738 4695; baseline -0.003 -18"><span class='ocrx_word' id='word_1_808' title='bbox 2170 4620 2474 4695; x_wconf 75' lang='lat' dir='ltr'><strong>respexisse</strong></span> <span class='ocrx_word' id='word_1_809' title='bbox 2509 4623 2768 4679; x_wconf 85' lang='lat' dir='ltr'><strong>Schottus</strong></span> <span class='ocrx_word' id='word_1_810' title='bbox 2801 4626 2891 4678; x_wconf 91' lang='lat' dir='ltr'><strong>illa</strong></span> <span class='ocrx_word' id='word_1_811' title='bbox 2939 4620 3250 4695; x_wconf 85' lang='lat' dir='ltr'><strong>parenthesi</strong></span> <span class='ocrx_word' id='word_1_812' title='bbox 3299 4620 3416 4694; x_wconf 82' lang='lat' dir='ltr'><strong>(hoc</strong></span> <span class='ocrx_word' id='word_1_813' title='bbox 3436 4631 3511 4675; x_wconf 76' lang='lat' dir='ltr'><strong>est</strong></span> <span class='ocrx_word' id='word_1_814' title='bbox 3545 4621 3738 4695; x_wconf 59' lang='lat' dir='ltr'><strong>exstir:</strong></span> 
     </span>
    </p>
   </div>
   <div class='ocr_carea' id='block_1_109' title="bbox 2167 4687 3738 4765">
    <p class='ocr_par' dir='ltr' id='par_1_109' title="bbox 2167 4687 3738 4765">
     <span class='ocr_line' id='line_1_110' title="bbox 2167 4687 3738 4765; baseline -0.003 -17"><span class='ocrx_word' id='word_1_815' title='bbox 2167 4687 2403 4765; x_wconf 66' lang='lat' dir='ltr'><strong>pan&#39;dis).</strong></span> <span class='ocrx_word' id='word_1_816' title='bbox 2426 4694 2721 4765; x_wconf 83' lang='lat' dir='ltr'><strong>Enimvero</strong></span> <span class='ocrx_word' id='word_1_817' title='bbox 2757 4696 2836 4749; x_wconf 90' lang='lat' dir='ltr'><strong>sic</strong></span> <span class='ocrx_word' id='word_1_818' title='bbox 2887 4687 2994 4749; x_wconf 83' lang='lat' dir='ltr'><strong>non</strong></span> <span class='ocrx_word' id='word_1_819' title='bbox 3040 4687 3318 4765; x_wconf 84' lang='lat' dir='ltr'><strong>egregium</strong></span> <span class='ocrx_word' id='word_1_820' title='bbox 3345 4700 3605 4765; x_wconf 80' lang='lat' dir='ltr'><strong>etymum,</strong></span> <span class='ocrx_word' id='word_1_821' title='bbox 3640 4687 3738 4744; x_wconf 89' lang='lat' dir='ltr'><strong>sed</strong></span> 
     </span>
    </p>
   </div>
   <div class='ocr_carea' id='block_1_110' title="bbox 2170 4761 3738 4834">
    <p class='ocr_par' dir='ltr' id='par_1_110' title="bbox 2170 4761 3738 4834">
     <span class='ocr_line' id='line_1_111' title="bbox 2170 4761 3738 4834; baseline -0.004 -15"><span class='ocrx_word' id='word_1_822' title='bbox 2170 4761 2369 4834; x_wconf 80' lang='lat' dir='ltr'><strong>inepta</strong></span> <span class='ocrx_word' id='word_1_823' title='bbox 2414 4764 2578 4819; x_wconf 84' lang='lat' dir='ltr'><strong>fuerit</strong></span> <span class='ocrx_word' id='word_1_824' title='bbox 2630 4766 3027 4834; x_wconf 76' lang='lat' dir='ltr'><strong>aequivocatio,</strong></span> <span class='ocrx_word' id='word_1_825' title='bbox 3079 4761 3301 4834; x_wconf 74' lang='lat' dir='ltr'><strong>dignior</strong></span> <span class='ocrx_word' id='word_1_826' title='bbox 3352 4761 3476 4834; x_wconf 81' lang='lat' dir='ltr'><strong>rudi</strong></span> <span class='ocrx_word' id='word_1_827' title='bbox 3542 4761 3738 4829; x_wconf 71' lang='lat' dir='ltr'><strong>lingua:</strong></span> 
     </span>
    </p>
   </div>
   <div class='ocr_carea' id='block_1_111' title="bbox 2168 4832 3737 4903">
    <p class='ocr_par' dir='ltr' id='par_1_111' title="bbox 2168 4832 3737 4903">
     <span class='ocr_line' id='line_1_112' title="bbox 2168 4832 3737 4903; baseline -0.004 -15"><span class='ocrx_word' id='word_1_828' title='bbox 2168 4832 2390 4898; x_wconf 61' lang='lat' dir='ltr'><strong>Graecae,</strong></span> <span class='ocrx_word' id='word_1_829' title='bbox 2416 4850 2578 4903; x_wconf 88' lang='lat' dir='ltr'><strong>quant</strong></span> <span class='ocrx_word' id='word_1_830' title='bbox 2614 4832 3005 4890; x_wconf 82' lang='lat' dir='ltr'><strong>facundissimo</strong></span> <span class='ocrx_word' id='word_1_831' title='bbox 3035 4835 3089 4888; x_wconf 92' lang='lat' dir='ltr'><strong>in</strong></span> <span class='ocrx_word' id='word_1_832' title='bbox 3145 4850 3205 4888; x_wconf 87' lang='lat' dir='ltr'><strong>ea</strong></span> <span class='ocrx_word' id='word_1_833' title='bbox 3244 4832 3737 4903; x_wconf 79' lang='lat' dir='ltr'><strong>Methodio,quent</strong></span> 
     </span>
    </p>
   </div>
   <div class='ocr_carea' id='block_1_112' title="bbox 2168 4902 3738 4975">
    <p class='ocr_par' dir='ltr' id='par_1_112' title="bbox 2168 4902 3738 4975">
     <span class='ocr_line' id='line_1_113' title="bbox 2168 4902 3738 4975; baseline -0.004 -17"><span class='ocrx_word' id='word_1_834' title='bbox 2168 4906 2329 4975; x_wconf 86' lang='lat' dir='ltr'><strong>plane</strong></span> <span class='ocrx_word' id='word_1_835' title='bbox 2361 4902 2468 4959; x_wconf 90' lang='lat' dir='ltr'><strong>non</strong></span> <span class='ocrx_word' id='word_1_836' title='bbox 2498 4906 2653 4974; x_wconf 82' lang='lat' dir='ltr'><strong>fugit,</strong></span> <span class='ocrx_word' id='word_1_837' title='bbox 2682 4920 2841 4975; x_wconf 89' lang='lat' dir='ltr'><strong>quam</strong></span> <span class='ocrx_word' id='word_1_838' title='bbox 2876 4905 3262 4975; x_wconf 37' lang='lat' dir='ltr'><strong>dedimus-non</strong></span> <span class='ocrx_word' id='word_1_839' title='bbox 3309 4903 3381 4975; x_wconf 77' lang='lat' dir='ltr'><strong>ita</strong></span> <span class='ocrx_word' id='word_1_840' title='bbox 3415 4902 3738 4975; x_wconf 80' lang='lat' dir='ltr'><strong>insolentem</strong></span> 
     </span>
    </p>
   </div>
   <div class='ocr_carea' id='block_1_113' title="bbox 2169 4968 3731 5045">
    <p class='ocr_par' dir='ltr' id='par_1_113' title="bbox 2169 4968 3731 5045">
     <span class='ocr_line' id='line_1_114' title="bbox 2169 4968 3731 5045; baseline -0.004 -17"><span class='ocrx_word' id='word_1_841' title='bbox 2169 4968 2618 5045; x_wconf 76' lang='lat' dir='ltr'><strong>aptissimamque</strong></span> <span class='ocrx_word' id='word_1_842' title='bbox 2640 4968 2937 5045; x_wconf 80' lang='lat' dir='ltr'><strong>proposito.</strong></span> <span class='ocrx_word' id='word_1_843' title='bbox 2954 4977 3044 5029; x_wconf 92' lang='lat' dir='ltr'><strong>illa</strong></span> <span class='ocrx_word' id='word_1_844' title='bbox 3073 4968 3165 5028; x_wconf 73' lang='grc' dir='ltr'><strong>τοῦ</strong></span> <span class='ocrx_word' id='word_1_845' title='bbox 3185 4972 3434 5026; x_wconf 78' lang='grc' dir='ltr'>ἐκκαλεῖν</span> <span class='ocrx_word' id='word_1_846' title='bbox 3465 4970 3731 5040; x_wconf 88' lang='lat' dir='ltr'><strong>acceptio.</strong></span> 
     </span>
    </p>
   </div>
   <div class='ocr_carea' id='block_1_114' title="bbox 2240 5066 3740 5139">
    <p class='ocr_par' dir='ltr' id='par_1_114' title="bbox 2240 5066 3740 5139">
     <span class='ocr_line' id='line_1_115' title="bbox 2240 5066 3740 5139; baseline -0.004 -18"><span class='ocrx_word' id='word_1_847' title='bbox 2240 5066 2353 5139; x_wconf 68' lang='lat'><strong>(22)</strong></span> <span class='ocrx_word' id='word_1_848' title='bbox 2390 5067 2533 5122; x_wconf 77' lang='lat' dir='ltr'><strong>Duas</strong></span> <span class='ocrx_word' id='word_1_849' title='bbox 2559 5085 2736 5137; x_wconf 85' lang='lat' dir='ltr'><strong>porro.</strong></span> <span class='ocrx_word' id='word_1_850' title='bbox 2779 5076 2886 5124; x_wconf 89' lang='lat' dir='ltr'><strong>etc.</strong></span> <span class='ocrx_word' id='word_1_851' title='bbox 2929 5067 3071 5139; x_wconf 81' lang='lat' dir='ltr'><strong>Duas</strong></span> <span class='ocrx_word' id='word_1_852' title='bbox 3115 5066 3418 5139; x_wconf 81' lang='lat' dir='ltr'><strong>hypostasi,</strong></span> <span class='ocrx_word' id='word_1_853' title='bbox 3468 5076 3628 5117; x_wconf 91' lang='lat' dir='ltr'><strong>unam</strong></span> <span class='ocrx_word' id='word_1_854' title='bbox 3678 5075 3740 5115; x_wconf 85' lang='lat' dir='ltr'><strong>re</strong></span> 
     </span>
    </p>
   </div>
   <div class='ocr_carea' id='block_1_115' title="bbox 2169 5135 3742 5208">
    <p class='ocr_par' dir='ltr' id='par_1_115' title="bbox 2169 5135 3742 5208">
     <span class='ocr_line' id='line_1_116' title="bbox 2169 5135 3742 5208; baseline -0.004 -17"><span class='ocrx_word' id='word_1_855' title='bbox 2169 5135 2355 5207; x_wconf 80' lang='lat' dir='ltr'><strong>ipsaet</strong></span> <span class='ocrx_word' id='word_1_856' title='bbox 2374 5135 2591 5202; x_wconf 80' lang='lat' dir='ltr'><strong>natura,</strong></span> <span class='ocrx_word' id='word_1_857' title='bbox 2621 5154 2797 5208; x_wconf 92' lang='lat' dir='ltr'><strong>eoque</strong></span> <span class='ocrx_word' id='word_1_858' title='bbox 2829 5154 2934 5192; x_wconf 90' lang='lat' dir='ltr'><strong>una</strong></span> <span class='ocrx_word' id='word_1_859' title='bbox 2965 5135 3194 5192; x_wconf 86' lang='lat' dir='ltr'><strong>indivisa</strong></span> <span class='ocrx_word' id='word_1_860' title='bbox 3228 5135 3439 5189; x_wconf 84' lang='lat' dir='ltr'><strong>actione</strong></span> <span class='ocrx_word' id='word_1_861' title='bbox 3466 5142 3524 5208; x_wconf 76' lang='lat' dir='ltr'><strong>et</strong></span> <span class='ocrx_word' id='word_1_862' title='bbox 3547 5145 3742 5185; x_wconf 82' lang='lat' dir='ltr'><strong>crean-</strong></span> 
     </span>
    </p>
   </div>
   <div class='ocr_carea' id='block_1_116' title="bbox 2169 5204 3742 5281">
    <p class='ocr_par' dir='ltr' id='par_1_116' title="bbox 2169 5204 3742 5281">
     <span class='ocr_line' id='line_1_117' title="bbox 2169 5204 3742 5281; baseline -0.006 -19"><span class='ocrx_word' id='word_1_863' title='bbox 2169 5204 2251 5281; x_wconf 81' lang='lat' dir='ltr'><strong>tes</strong></span> <span class='ocrx_word' id='word_1_864' title='bbox 2285 5211 2592 5281; x_wconf 85' lang='lat' dir='ltr'><strong>materiam,</strong></span> <span class='ocrx_word' id='word_1_865' title='bbox 2618 5217 2672 5263; x_wconf 89' lang='lat' dir='ltr'><strong>et</strong></span> <span class='ocrx_word' id='word_1_866' title='bbox 2701 5204 3051 5281; x_wconf 82' lang='lat' dir='ltr'><strong>distinctione</strong></span> <span class='ocrx_word' id='word_1_867' title='bbox 3086 5213 3366 5281; x_wconf 79' lang='lat' dir='ltr'><strong>ornantcs.</strong></span> <span class='ocrx_word' id='word_1_868' title='bbox 3400 5204 3516 5258; x_wconf 85' lang='lat' dir='ltr'><strong>sola</strong></span> <span class='ocrx_word' id='word_1_869' title='bbox 3540 5217 3742 5281; x_wconf 63' lang='lat' dir='ltr'><strong>appro-</strong></span> 
     </span>
    </p>
   </div>
   <div class='ocr_carea' id='block_1_117' title="bbox 2170 5270 3742 5348">
    <p class='ocr_par' dir='ltr' id='par_1_117' title="bbox 2170 5270 3742 5348">
     <span class='ocr_line' id='line_1_118' title="bbox 2170 5270 3742 5348; baseline -0.008 -16"><span class='ocrx_word' id='word_1_870' title='bbox 2170 5279 2440 5348; x_wconf 90' lang='lat' dir='ltr'><strong>priatione</strong></span> <span class='ocrx_word' id='word_1_871' title='bbox 2473 5270 2642 5333; x_wconf 86' lang='lat' dir='ltr'><strong>altera</strong></span> <span class='ocrx_word' id='word_1_872' title='bbox 2677 5280 2779 5333; x_wconf 90' lang='lat' dir='ltr'><strong>sibi</strong></span> <span class='ocrx_word' id='word_1_873' title='bbox 2811 5279 3061 5337; x_wconf 85' lang='lat' dir='ltr'><strong>alterum,</strong></span> <span class='ocrx_word' id='word_1_874' title='bbox 3091 5277 3259 5329; x_wconf 87' lang='lat' dir='ltr'><strong>altera</strong></span> <span class='ocrx_word' id='word_1_875' title='bbox 3288 5275 3518 5348; x_wconf 81' lang='lat' dir='ltr'><strong>alterum</strong></span> <span class='ocrx_word' id='word_1_876' title='bbox 3559 5270 3742 5348; x_wconf 79' lang='lat' dir='ltr'><strong>vindi-</strong></span> 
     </span>
    </p>
   </div>
   <div class='ocr_carea' id='block_1_118' title="bbox 2168 5341 3745 5419">
    <p class='ocr_par' dir='ltr' id='par_1_118' title="bbox 2168 5341 3745 5419">
     <span class='ocr_line' id='line_1_119' title="bbox 2168 5341 3745 5419; baseline -0.008 -15"><span class='ocrx_word' id='word_1_877' title='bbox 2168 5341 2326 5404; x_wconf 75' lang='lat' dir='ltr'><strong>caute</strong></span> <span class='ocrx_word' id='word_1_878' title='bbox 2364 5371 2378 5403; x_wconf 89' lang='lat'><strong><em>:</em></strong></span> <span class='ocrx_word' id='word_1_879' title='bbox 2411 5348 2572 5404; x_wconf 88' lang='lat' dir='ltr'><strong>Patre</strong></span> <span class='ocrx_word' id='word_1_880' title='bbox 2600 5350 2932 5419; x_wconf 70' lang='lat' dir='ltr'><strong>creationem</strong></span> <span class='ocrx_word' id='word_1_881' title='bbox 2953 5387 2982 5419; x_wconf 14' lang='grc' dir='ltr'>,Α</span> <span class='ocrx_word' id='word_1_882' title='bbox 3019 5355 3077 5400; x_wconf 84' lang='grc' dir='ltr'>ιιι</span> <span class='ocrx_word' id='word_1_883' title='bbox 3107 5348 3159 5399; x_wconf 89' lang='lat' dir='ltr'><strong>in</strong></span> <span class='ocrx_word' id='word_1_884' title='bbox 3193 5361 3301 5414; x_wconf 84' lang='lat' dir='ltr'><strong>qua</strong></span> <span class='ocrx_word' id='word_1_885' title='bbox 3349 5343 3584 5419; x_wconf 73' lang='lat' dir='ltr'><strong>maxime</strong></span> <span class='ocrx_word' id='word_1_886' title='bbox 3631 5341 3745 5419; x_wconf 79' lang='lat' dir='ltr'><strong>elu-</strong></span> 
     </span>
    </p>
   </div>
   <div class='ocr_carea' id='block_1_119' title="bbox 2167 5409 3749 5489">
    <p class='ocr_par' dir='ltr' id='par_1_119' title="bbox 2167 5409 3749 5489">
     <span class='ocr_line' id='line_1_120' title="bbox 2167 5409 3749 5489; baseline -0.008 -16"><span class='ocrx_word' id='word_1_887' title='bbox 2167 5428 2286 5474; x_wconf 89' lang='lat' dir='ltr'><strong>ceat</strong></span> <span class='ocrx_word' id='word_1_888' title='bbox 2322 5421 2505 5474; x_wconf 86' lang='lat' dir='ltr'><strong>divina</strong></span> <span class='ocrx_word' id='word_1_889' title='bbox 2567 5421 2808 5489; x_wconf 88' lang='lat' dir='ltr'><strong>potentia</strong></span> <span class='ocrx_word' id='word_1_890' title='bbox 2842 5437 2855 5472; x_wconf 88' lang='lat'><strong>:</strong></span> <span class='ocrx_word' id='word_1_891' title='bbox 2888 5415 3025 5471; x_wconf 86' lang='lat' dir='ltr'><strong>Filio</strong></span> <span class='ocrx_word' id='word_1_892' title='bbox 3070 5409 3323 5489; x_wconf 80' lang='lat' dir='ltr'><strong>ornatum</strong></span> <span class='ocrx_word' id='word_1_893' title='bbox 3348 5409 3749 5489; x_wconf 32' lang='lat' dir='ltr'><strong>‘etperfectio-</strong></span> 
     </span>
    </p>
   </div>
   <div class='ocr_carea' id='block_1_120' title="bbox 2168 5480 3744 5603">
    <p class='ocr_par' dir='ltr' id='par_1_120' title="bbox 2168 5480 3744 5603">
     <span class='ocr_line' id='line_1_121' title="bbox 2168 5480 3744 5603; baseline -0.008 -60"><span class='ocrx_word' id='word_1_894' title='bbox 2168 5506 2315 5555; x_wconf 90' lang='lat' dir='ltr'><strong>nem,</strong></span> <span class='ocrx_word' id='word_1_895' title='bbox 2352 5500 2411 5545; x_wconf 91' lang='lat' dir='ltr'><strong>ut</strong></span> <span class='ocrx_word' id='word_1_896' title='bbox 2438 5480 2722 5561; x_wconf 47' lang='lat' dir='ltr'><strong>prop-rium</strong></span> <span class='ocrx_word' id='word_1_897' title='bbox 2761 5489 2995 5543; x_wconf 88' lang='lat' dir='ltr'><strong>maxime</strong></span> <span class='ocrx_word' id='word_1_898' title='bbox 3018 5486 3155 5541; x_wconf 88' lang='lat' dir='ltr'><strong>artis</strong></span> <span class='ocrx_word' id='word_1_899' title='bbox 3186 5496 3241 5541; x_wconf 91' lang='lat' dir='ltr'><strong>et</strong></span> <span class='ocrx_word' id='word_1_900' title='bbox 3256 5481 3489 5537; x_wconf 83' lang='lat' dir='ltr'><strong>rationis</strong></span> <span class='ocrx_word' id='word_1_901' title='bbox 3517 5480 3744 5603; x_wconf 48' lang='lat' dir='ltr'><strong>dirigit-ex.</strong></span> 
     </span>
     <span class='ocr_line' id='line_1_122' title="bbox 3670 5566 3702 5600; baseline 0 0"><span class='ocrx_word' id='word_1_902' title='bbox 3670 5566 3702 5600; x_wconf 86' lang='grc' dir='ltr'>υ</span> 
     </span>
    </p>
   </div>
   <div class='ocr_carea' id='block_1_121' title="bbox 3670 5566 3702 5600">
    <p class='ocr_par' dir='ltr' id='par_1_121' title="bbox 3670 5566 3702 5600">
     <span class='ocr_line' id='line_1_123' title="bbox 3670 5566 3702 5600; baseline 0 0"><span class='ocrx_word' id='word_1_903' title='bbox 3670 5566 3702 5600; x_wconf 88' lang='grc' dir='ltr'>υ</span> 
     </span>
    </p>
   </div>
   <div class='ocr_carea' id='block_1_122' title="bbox 2201 5724 3736 5864">
    <p class='ocr_par' dir='ltr' id='par_1_122' title="bbox 2201 5724 3736 5864">
     <span class='ocr_line' id='line_1_124' title="bbox 2201 5724 3736 5864; baseline -0.01 -72"><span class='ocrx_word' id='word_1_904' title='bbox 2201 5739 2352 5864; x_wconf 53' lang='lat' dir='ltr'><strong>bad?)</strong></span> <span class='ocrx_word' id='word_1_905' title='bbox 2380 5740 2749 5808; x_wconf 68' lang='grc' dir='ltr'>Πικρίτερίιν.</span> <span class='ocrx_word' id='word_1_906' title='bbox 2781 5736 2961 5801; x_wconf 82' lang='lat' dir='ltr'><strong>Forte,</strong></span> <span class='ocrx_word' id='word_1_907' title='bbox 3008 5729 3361 5803; x_wconf 77' lang='grc' dir='ltr'>ἀλογώτερον.</span> <span class='ocrx_word' id='word_1_908' title='bbox 3398 5725 3464 5783; x_wconf 84' lang='lat' dir='ltr'><strong>Et</strong></span> <span class='ocrx_word' id='word_1_909' title='bbox 3487 5740 3609 5781; x_wconf 85' lang='lat' dir='ltr'><strong>mox</strong></span> <span class='ocrx_word' id='word_1_910' title='bbox 3638 5724 3736 5787; x_wconf 80' lang='lat' dir='ltr'><strong>aL,</strong></span> 
     </span>
     <span class='ocr_line' id='line_1_125' title="bbox 2231 5827 2446 5864; baseline 0 -1"><span class='ocrx_word' id='word_1_911' title='bbox 2231 5829 2256 5863; x_wconf 83' lang='grc' dir='ltr'><strong>ν</strong></span> <span class='ocrx_word' id='word_1_912' title='bbox 2320 5827 2446 5864; x_wconf 63' lang='lat' dir='ltr'><strong>me.</strong></span> 
     </span>
    </p>
   </div>
   <div class='ocr_carea' id='block_1_123' title="bbox 2166 5827 2446 5881">
    <p class='ocr_par' dir='ltr' id='par_1_123' title="bbox 2166 5827 2446 5881">
     <span class='ocr_line' id='line_1_126' title="bbox 2166 5827 2446 5881; baseline -0.004 -17"><span class='ocrx_word' id='word_1_913' title='bbox 2166 5827 2256 5864; x_wconf 82' lang='grc' dir='ltr'><strong>τον</strong></span> <span class='ocrx_word' id='word_1_914' title='bbox 2282 5827 2446 5881; x_wconf 81' lang='grc' dir='ltr'>ακαρ.</span> 
     </span>
    </p>
   </div>
  </div>
