4110 6400
403 322 504 377 341

1592 327 1685 381 EX
1725 325 1924 382 LIBRU
1960 327 2046 382 DE
2085 327 2403 384 CREATIS.

3537 326 3646 380 5H

398 439 944 512 προωμολογημένοις
967 440 1172 514 ἔφαμεν
1201 438 1334 496 εἶναι
1365 444 1671 516 ποιητικὰς,
1689 446 1788 518 τὴν
1811 445 1868 512 ἐξ
1884 447 1982 500 οὐκ

2085 448 2194 517 jam
2229 447 2492 501 evicimus
2521 452 2574 500 et
2607 451 2732 500 sunt
2756 444 3015 508 admissa,
3043 442 3358 499 dieebamus
3387 456 3510 498 esse
3539 444 3649 495 vir-

397 528 566 583 ὅντων
591 531 785 602 γυμνῷ
806 531 884 603 τῷ
910 533 1232 604 βουλήματι,
1265 536 1433 607 χωρὶς
1465 535 1748 607 μελισμοῦ,
1784 539 1897 609 ἅμα
1919 539 1980 591 τὸ

397 621 461 690 (Ι.
480 621 578 692 τῷ)
597 622 816 694 θελῆσαι
838 626 1242 697 αὑτουργοῦσαν
1259 627 1287 680 ὂ
1305 626 1551 698 βούλεται
1575 631 1765 683 ποιεῖν’
1781 631 1981 700 τυγχά-

397 729 475 767 νει
500 713 556 766 δὲ
571 716 600 766 ὁ
629 717 835 789 Πατήρ·
858 719 1080 791 θάτερον
1101 720 1163 790 (l'.
1179 720 1305 773 Θατὲ
1314 721 1432 792 ραν)
1461 721 1514 774 δὲ
1533 724 1979 794 κατακοσμοῦσαν

401 806 496 858 καὶ
523 807 904 862 ποικίλλουσαν
927 811 1066 864 κατὰ
1101 813 1330 882 μίμησιν
1363 814 1456 885 τῆς
1484 817 1754 886 προτέρας
1783 816 1850 869 τὰ
1878 817 1976 890 ἤδη

397 898 682 966 γεγονότω
715 901 831 955 ἐστι
875 903 933 956 δὲ
973 905 1001 956 ὁ
1037 905 1180 968 Υίὸς,
1215 907 1248 976 ἡ
1281 907 1684 979 παντοδύναμος
1719 909 1812 962 καὶ
1842 926 1978 980 κρα-

398 992 528 1046 ταιὰ
584 995 704 1065 χεὶρ
747 997 838 1048 τοῦ
892 997 1126 1068 Πατρὸς,
1170 992 1289 1070 ὲνῇ
1341 999 1478 1068 μετὰ
1523 1000 1583 1052 τὸ
1619 1001 1836 1071 ποιῆσαι
1881 1001 1980 1072 τὴν

403 1081 534 1154 ὕλην
568 1086 628 1150 ἐξ
649 1088 748 1140 οὐκ
773 1087 940 1141 ὄντων
965 1092 1304 1160 κατακοσμεῖ
1336 1089 1467 1162 (24).

475 1264 557 1317 H'.
597 1265 718 1318 Ὅτι
763 1265 824 1318 τὸ
869 1266 988 1318 Ἰὼϐ
1033 1267 1234 1338 βιόλίον
1278 1269 1523 1334 Μωσέως
1555 1265 1692 1324 εἶναι
1737 1271 1765 1322 ὁ
1795 1269 1978 1338 Ἀγιὸς

402 1373 559 1427 φησι.
590 1357 709 1410 Ὅτι
737 1359 864 1430 περὶ
897 1357 1013 1424 τοῦ,
1058 1361 1160 1414 Ἑν
1192 1361 1350 1430 ἀρχῇ
1385 1363 1634 1430 ἐποίησε
1670 1362 1778 1416 τὸν
1807 1365 1980 1431 οὐρα-

404 1449 515 1501 νὸν
561 1448 659 1502 καὶ
708 1448 821 1518 τὴν
866 1450 1016 1520 γῆν,
1063 1453 1252 1524 φησίν·
1303 1454 1522 1523 Ἀρχὴν
1567 1454 1622 1507 δὲ
1674 1453 1844 1524 αὐτὴν
1879 1455 1978 1525 τὴν

407 1541 594 1609 σοφίαν
619 1541 791 1610 λέγων
815 1561 897 1608 τις
931 1546 1030 1598 οὐκ
1059 1546 1124 1600 ἂν
1148 1547 1402 1619 ἁμάρτοι.
1433 1547 1664 1615 Λέγεται
1687 1547 1796 1618 γὰρ
1826 1547 1979 1618 παρά

405 1649 508 1685 τινι
539 1632 646 1686 τῶν
672 1635 736 1687 ὲκ
769 1635 861 1688 τοῦ
890 1635 1032 1690 θείου
1067 1638 1226 1710 χοροῦ
1265 1638 1496 1708 λέγουσα
1537 1641 1666 1710 περὶ
1691 1641 1859 1711 αὐτῆς
1887 1639 1976 1692 τὸν

406 1723 606 1793 τρόπον
637 1723 842 1778 τοῦτον·
873 1729 1087 1796 Κύριος
1112 1729 1315 1783 ἕκτισέ
1335 1748 1411 1799 με
1451 1730 1649 1800 ἀρχὴν
1686 1731 1842 1784 ὁδῶν
1871 1733 1980 1785 αὐ*

407 1814 512 1867 τοῦ
550 1817 638 1881 εις
679 1817 822 1886 ἔργα
857 1819 1064 1873 αὑτοῦ·
1107 1820 1220 1888 πρὸ
1252 1821 1357 1875 τοῦ
1390 1821 1604 1888 αἰῶνος
1627 1821 1981 1893 ἐθεμελίωσέ
2015 1803 2054 1856 Β

400 1923 498 1974 με.
527 1902 634 1959 Ἦν
667 1907 777 1980 γὰρ
800 1909 1090 1964 ἀκόλουθον
1118 1912 1211 1965 καὶ
1247 1914 1715 1986 πρεπωδέστερον,
1742 1913 1918 1967 πάντα
1944 1915 1981 1969 ἃ

404 2000 484 2062 εἰς
508 1999 718 2067 γένεσιν
747 1997 928 2072 ἦλθον,
959 1999 1096 2056 εἶναι
1121 2004 1323 2077 ταύτης
1347 2006 1604 2079 νεώτερα,
1629 2007 1750 2060 ἐπεὶ
1787 2009 1880 2062 καὶ
1913 2008 1980 2062 δι’

412 2091 580 2161 αὐτῆς
609 2095 914 2162 γεγόνασιν.
957 2097 1276 2170 Ἐπίστησον
1317 2099 1424 2171 γὰρ
1449 2103 1498 2152 εί
1533 2101 1606 2170 μὴ
1644 2099 1845 2166 καὶτὸ,
1883 2102 1981 2154 Ἐν

407 2182 566 2251 ἀρχῇ
609 2180 688 2254 ἦν
729 2188 761 2239 ό
805 2189 1018 2255 Λόγος,
1056 2190 1153 2242 καὶ
1207 2194 1240 2244 ό
1283 2191 1472 2261 Λόγος
1512 2188 1590 2262 ἦν
1618 2194 1769 2261 πρὸς
1810 2193 1978 2256 Θεὸν,

410 2276 550 2328 κατὰ
579 2275 671 2328 τὸν
713 2277 1132 2351 εὐαγγελιστὴν,
1160 2283 1256 2336 καὶ
1297 2282 1440 2349 Θεὸς
1463 2279 1542 2353 ἦν
1568 2287 1600 2337 ὀ
1625 2285 1833 2352 Λόγος.
1867 2279 1981 2339 Οὗ-

407 2383 509 2432 τος
553 2362 633 2436 ἦν
672 2368 742 2420 ἐν
790 2369 946 2438 ἀρχῇ
995 2373 1146 2439 πρὸς
1189 2373 1294 2426 τὸν
1345 2374 1512 2426 Θεεόν⁹
1564 2377 1611 2427 εἰ
1665 2375 1740 2446 μὴ
1774 2375 1982 2440 τούτοις

404 2455 651 2527 ὁμαρτεῖ.
681 2459 790 2530 Τὴν
825 2461 922 2530 μὲν
959 2464 1066 2534 γὰρ
1089 2465 1283 2535 ἀρχὴν,
1309 2465 1400 2533 ἀφ’
1433 2460 1500 2536 ἧς
1534 2466 1929 2536 ἀνεϐλάστησεν
1955 2470 1984 2522 ὁ

406 2549 695 2621 ὀρθότατος
717 2554 908 2622 Λόγος,
939 2556 1029 2609 τὸν
1072 2557 1290 2628 Πατέρα
1319 2559 1409 2610 καὶ
1455 2558 1683 2630 ποιητὴν
1714 2558 1822 2612 τῶν
1846 2558 1982 2612 ὅλων

408 2641 623 2710 φατέον,
667 2646 724 2698 ὲν
761 2639 805 2712 ᾧ
836 2643 923 2718 ἦν’
961 2649 1020 2700 τὸ
1060 2649 1114 2701 δὲ
1168 2645 1355 2715 Οὗτος
1537 2650 1608 2703 ἐν
1642 2650 1800 2719 ἀρχῇ
1831 2652 1980 2719 πρὸς

409 2734 577 2797 Θεὸν,
616 2737 676 2789 τὸ
719 2738 1120 2804 ἐξουσιαστικὸν
1159 2741 1253 2794 τοῦ
1294 2743 1487 2812 Λόγου,
1522 2743 1551 2795 ὃ
1579 2741 1691 2814 εἶχε
1723 2744 1872 2815 παρὰ
1905 2744 1981 2815 τῷ

2081 547 2227 595 tutes
2271 538 2613 595 eﬂ'ectrices:
2653 538 2876 592 alteram
2921 536 3161 606 quidem,
3213 551 3331 604 qum
3363 551 3428 590 ex
3455 534 3646 597 nihilo,

2080 631 2224 685 nuda
2246 631 2545 694 voluntate,
2581 629 2730 684 nulla
2763 644 2934 693 mora,
2969 628 3134 683 simul
3183 637 3347 697 atque
3375 627 3510 689 vult,
3531 642 3648 679 om-

2081 723 2169 776 nia
2199 722 2362 776 faciat
2388 737 2508 791 qua:
2557 722 2706 776 velit.
2752 718 2848 774 Est
2877 727 3059 773 autem
3113 719 3288 772 virtus
3319 718 3409 771 illa
3437 715 3595 770 Pater
3631 735 3645 768 :

2081 815 2305 869 alteram
2331 830 2477 878 vero,
2503 829 2622 884 quae
2651 812 2718 866 ad
2748 811 2948 881 prioris
2987 810 3347 864 imitationem
3380 808 3645 880 perﬁciat,

2080 907 2490 978 distinguatque
2546 922 2610 961 ac
2669 905 2938 976 perpoliat
2985 903 3130 974 quod
3157 903 3270 972 jam
3303 900 3505 955 factum
3542 908 3646 955 est.

2081 996 2146 1051 Et
2178 997 2265 1052 hic
2289 987 2468 1052 'Filius
2509 1006 2612 1062 est,
2661 998 3007 1067 omnipotens
3062 995 3154 1048 illa
3185 994 3450 1063 ﬁrmaque
3475 991 3649 1045 Patris

2079 1101 2294 1150 manus,
2324 1102 2428 1156 qua
2452 1087 2733 1141 materiam
2765 1103 2832 1141 ex
2861 1086 3030 1140 nihilo
3049 1085 3202 1156 prius
3223 1089 3647 1152 creatam,post-

2080 1178 2299 1233 modum
2339 1187 2566 1234 exornat
2595 1195 2657 1233 ac
2679 1179 2908 1249 perﬁcit.

2151 1269 2285 1324 Vlll.
2337 1271 2428 1325 Ait
2465 1269 2720 1334 Sanctus,
2778 1272 2978 1326 librum
3007 1267 3111 1326 Job
3141 1283 3261 1324 esse
3298 1266 3464 1322 Musis
3511 1265 3646 1336 (9.5).

2078 1359 2168 1412 Ait
2201 1369 2458 1429 praetcrea
2486 1376 2649 1430 super
2672 1361 2780 1416 illis
2803 1361 2983 1415 verbis
3019 1380 3031 1414 :
3069 1358 3132 1414 In
3172 1358 3428 1428 principio
3455 1357 3651 1413 creavit

2078 1451 2262 1506 cwlum
2282 1463 2329 1506 et
2350 1463 2543 1506 terram
2561 1455 2580 1483 ¹
2600 1469 2611 1504 :
2634 1452 2750 1508 Non
2767 1454 3030 1508 erraverit
3045 1452 3137 1522 qui
3161 1449 3484 1518 Principium
3540 1447 3654 1517 (26)

2079 1544 2410 1613 Sapientiam
2459 1561 2580 1600 esse
2623 1545 2840 1600 dixerit.
2891 1545 2980 1600 Sic
3007 1545 3153 1600 enim
3191 1543 3331 1612 apud
3363 1541 3652 1612 quemdam

2077 1651 2108 1691 e
2159 1651 2317 1691 sacro
2376 1644 2542 1700 cmtu,
2593 1636 2764 1692 fertur
2818 1638 2931 1706 ipsa
2991 1638 3058 1691 de
3111 1652 3169 1690 se
3216 1635 3361 1705 loqui
3404 1653 3416 1688 ε
3470 1633 3653 1685 Οοηιι-

2077 1741 2175 1780 nus
2240 1728 2432 1779 creavit
2481 1743 2559 1780 me
2601 1727 2712 1798 (27)
2775 1728 2987 1780 initium
3037 1729 3240 1780 viarum
3297 1740 3550 1788 suarum,
3596 1724 3652 1776 in

2086 1834 2242 1886 opera
2271 1835 2405 1882 sua;
2465 1829 2587 1874 ante
2636 1820 2886 1874 sa'culum
2925 1819 3163 1889 fundavit
3200 1834 3282 1871 me
3305 1817 3346 1873 ⁸.
3385 1815 3488 1870 Par
3505 1815 3651 1870 enim

2087 1917 2203 1962 erat
2229 1923 2662 1980 congruumque,
2718 1917 2776 1962 ut
2811 1917 2995 1964 creata
3047 1909 3250 1972 omnia,
3283 1907 3482 1978 quippe
3512 1903 3655 1959 facta

2086 2017 2182 2071 per
2211 2001 2381 2064 illam,
2417 2009 2602 2055 essent
2624 2015 2688 2053 ea
2729 2001 3054 2069 posteriora.
3087 1999 3222 2054 Nam
3253 1999 3396 2062 vide,
3425 2013 3554 2051 num
3588 1996 3656 2050 il-

2086 2093 2177 2148 lud
2208 2093 2577 2163 evangelicum
2617 2110 2632 2148 :
2665 2091 2733 2146 In
2761 2094 3012 2161 principio
3035 2101 3146 2145 erat
3177 2090 3420 2154 Verbum,
3446 2099 3492 2142 et
3529 2087 3657 2142 Ver-

2090 2185 2210 2240 bum
2239 2197 2348 2240 erat
2392 2187 2530 2256 apud
2560 2185 2728 2240 Deum
2766 2203 2785 2240 :
2815 2197 2863 2240 et
2901 2185 3037 2240 Deus
3082 2195 3195 2238 erat
3255 2183 3502 2238 Verbum.
3541 2180 3654 2236 Hoc

2087 2288 2200 2332 erat
2225 2280 2276 2331 in
2307 2279 2560 2348 principio
2582 2278 2720 2348 apud
2748 2278 2984 2343 Deum‘;
3017 2277 3137 2332 istis
3165 2286 3530 2331 consentanee
3559 2274 3658 2328 ha-

2089 2370 2233 2424 beat.
2269 2368 2602 2439 Principium
2633 2372 2778 2425 enim
2814 2369 2997 2430 fuerit,
3033 2368 3193 2424 Pater
3224 2369 3314 2423 ille
3357 2377 3410 2423 et
3439 2373 3657 2422 creator

2089 2463 2488 2527 universorum,
2522 2479 2586 2518 ex
2619 2479 2726 2532 quo
2757 2462 3097 2533 germinavit,
3123 2459 3266 2532 quod
3283 2472 3401 2515 crat
3431 2459 3485 2513 in
3512 2459 3653 2529 ipso,

2087 2558 2325 2615 Verbum
2374 2560 2760 2616 rectissimum.
2815 2558 2952 2614 Illud
2986 2567 3166 2614 autem
3200 2577 3214 2613 ε
3252 2557 3367 2611 Hoc
3394 2567 3508 2610 erat
3540 2553 3654 2626 (28)

2086 2653 2139 2706 in
2177 2653 2432 2722 principio
2473 2651 2614 2721 apud
2655 2651 2843 2717 Deum,
2892 2650 3048 2706 Verbi
3095 2650 3456 2722 principatum
3501 2649 3655 2701 illum

2088 2761 2247 2814 quem
2284 2743 2426 2815 apud
2457 2742 2694 2807 Patrem,
2729 2745 3045 2814 priusquam
3075 2741 3313 2796 mundus
3353 2746 3654 2801 crearetur,

408 2825 585 2897 Πατρὶ
627 2829 722 2881 καὶ
769 2831 873 2900 πρὸ
905 2832 998 2885 τοῦ
1031 2833 1123 2886 τὸν
1167 2835 1370 2905 κόσμον
1403 2837 1482 2899 εἰς
1528 2835 1738 2904 γένεσιν
1782 2836 1982 2906 παρελ-

2091 2836 2320 2892 liberum
2356 2835 2568 2902 habuit,
2627 2834 2936 2906 signiﬁcare
2986 2833 3229 2901 videtur;
3263 2832 3410 2886 velut
3444 2829 3656 2883 Princi-

515 2983 536 3013 ¹
566 2981 690 3038 Cen.
725 2999 766 3050 ι,
801 2985 852 3041 1.
883 2987 903 3018 ³
926 2986 1082 3044 Prov.
1119 3005 1236 3055 vni,
1259 2989 1350 3046 22.
1376 2989 1575 3045 ‘Jaan.
1611 3007 1650 3056 ι,
1680 2992 1730 3046 1.

414 3138 534 3196 Mox
564 3144 622 3197 τὸ
651 3146 776 3199 ἄνευ
809 3143 1068 3214 μελισμοῦ
1116 3146 1292 3214 palam
1327 3146 1586 3201 vitiosum
1630 3154 1735 3203 est.
1787 3147 1982 3203 Schot-

413 3219 523 3277 tus,
569 3215 680 3269 sine
730 3219 961 3285 partium
1013 3215 1369 3270 distinctione.
1397 3215 1537 3283 Quid
1564 3219 1709 3273 enim
1745 3234 1872 3273 vero
1913 3218 1982 3272 ad

409 3283 784 3404 perpositum?
833 3283 1140 3353 Legendum
1191 3301 1320 3356 ergo
1358 3288 1690 3358 μελλησμοῦ,
1738 3297 1795 3341 ιιι
1829 3289 1888 3342 V.
1926 3297 1980 3344 et

465 3353 600 3404 ..vel
623 3355 785 3404 etiam
822 3355 1117 3404 αελησιιοῦ-
1171 3365 1230 3404 nt
1271 3372 1659 3404 nonmnmnam
1708 3360 1980 3404 scribitur.

465 3353 600 3418 .,vel
623 3355 785 3410 etiam
821 3355 1118 3425 μελησμοῦ,
1171 3365 1230 3409 ut
1259 3353 1660 3426 nonnunquam
1708 3360 1984 3422 scribitur,

413 3430 473 3474 ut
497 3431 752 3493 prompta
786 3440 966 3478 rermn
1017 3441 1082 3479 ex
1128 3427 1302 3480 nihilo
1335 3428 1575 3493 eductio,
1615 3426 1724 3483 Deo
1755 3438 1986 3487 vocante

413 3492 674 3562 nulloque
708 3495 1004 3558 obnitente,
1033 3498 1392 3565 exprimatur.

628 3628 1017 3703 ῌᾳτακοᾳμεῖ.
1043 3627 1213 3703 Andr.
1250 3629 1530 3703 Schgttus.
1556 3635 1906 3703 μετακοσμεῖ.

486 3698 598 3768 (95)
625 3697 841 3752 Librum
868 3697 970 3752 Job
998 3716 1107 3754 esse
1137 3699 1326 3755 Mosis.
1363 3700 1457 3755 Est
1487 3697 1601 3756 haec
1639 3697 1984 3758 communior

411 3769 702 3840 veriorque
735 3771 1208 3840 sententia,quam
1234 3773 1481 3840 pluribus
1505 3771 1664 3827 docte
1688 3773 1980 3828 admodum

412 3838 647 3909 explicat
677 3845 967 3909 tneturque
1010 3838 1247 3895 Ja’cobus‘
1278 3842 1552 3897 Bolducus
1574 3842 1691 3900 0rd.
1723 3841 1780 3897 S.
1811 3842 1983 3898 Fran-

413 3908 544 3978 cisci
575 3909 776 3978 Capuc.
800 3952 813 3974 ,
844 3908 1103 3978 przelndio
1128 3926 1188 3974 ll,
1230 3912 1281 3964 in
1315 3927 1473 3966 suum
1507 3912 1628 3966 Job.

487 3925 544 3960 ιρι
575 3925 776 4030 calpuc.
800 3952 813 3974 ,
844 3925 1103 3978 praelme
1128 3926 1188 3974 η,
1230 3928 1281 3964 ιη
1315 3927 1473 3966 suum
1507 3925 1628 3966 Job.

487 3977 600 4048 (26)
693 3996 765 4050 oni
786 3982 1065 4050 erraverit,
1125 3982 1212 4050 qui
1258 3981 1608 4050 Principium,
1644 3990 1751 4037 etc.
1796 3981 1978 4038 Secuti

414 4057 705 4123 sunteam
749 4049 1452 4123 Methodiiexpositionem
1493 4053 1832 4123 Augustinus
1880 4055 1914 4108 1.
1963 4071 1977 4108 l

413 4116 489 4172 De
530 4120 660 4174 Gen.
689 4120 758 4172 ad
796 4122 900 4183 lit.,
932 4137 982 4175 c.
1011 4121 1032 4174 1
1064 4139 1078 4185 ;
1109 4116 1340 4177 Basilius
1373 4130 1426 4176 et
1474 4116 1798 4179 Ambrosius
1829 4125 1974 4178 hom.

412 4189 466 4264 in
497 4189 770 4264 Hexaem.,
800 4199 952 4264 etest
987 4193 1240 4264 subtilis:
1275 4208 1587 4264 quanquam
1611 4208 1718 4246 non
1733 4196 1976 4248 omnium

415 4257 552 4334 forte
569 4260 805 4334 maxime
826 4261 1076 4317 litteralis
1108 4281 1121 4316 :
1160 4278 1267 4331 qua
1295 4257 1362 4318 de
1392 4257 1456 4317 re
1477 4273 1818 4334 exposrtores
1868 4266 1934 4319 ad
1962 4281 1976 4318 ι

412 4328 543 4383 illud
567 4338 729 4397 caput
762 4330 895 4385 Gen.

483 4399 1092 4489 (2)?)lfllontinuslcreavit
1118 4420 1216 4489 me,
1246 4411 1350 4458 etc.
1380 4403 1472 4486 Sic
1489 4403 1652 4487 LXX,
1683 4403 1980 4489 Est-rraéprﬁe,
2018 4436 2060 4489 υ

413 4469 668 4532 condidit,
698 4473 888 4524 creavit
915 4490 1014 4531 me.
1049 4475 1192 4542 quod
1230 4490 1336 4527 non
1370 4469 1648 4530 minimam
1679 4475 1808 4528 olim
1839 4469 1981 4528 (11111-

413 4541 832 4617 cnlta_tem_l'ecit
862 4561 873 4595 :
908 4541 1288 4617 satisq'acitque
1315 4545 1699 4617 Hieronymus
1728 4546 1784 4598 in
1816 4547 1980 4614 epist.

415 4611 482 4664 ad
533 4611 813 4680 Cyprium,
845 4615 1094 4680 negando
1139 4611 1325 4668 haberi
1370 4617 1422 4669 in
1479 4611 1706 4670 Hebraeo
1759 4611 1982 4670 verbum

411 4682 708 4756 creationis
741 4698 861 4752 quae
905 4682 1104 4756 dicitur
1137 4696 1273 4744 x13.
1305 4685 1398 4739 sed
1427 4687 1832 4756 possessionem
1863 4701 1984 4756 qua:

412 4753 612 4805 dicitur
637 4763 900 4832 n:p__;quo
939 4754 1101 4832 etiam
1128 4756 1288 4808 modo
1342 4753 1543 4832 habent
1601 4755 1828 4832 Vulgata

412 4837 597 4890 pressa
627 4823 910 4888 cx'Hebr.,
949 4823 1201 4878 Dominus
1243 4825 1468 4892 possedit
1495 4844 1574 4880 me
1601 4829 1653 4880 in
1694 4823 1847 4879 initio
1873 4828 1981 4879 via-

411 4909 537 4968 rum
561 4907 777 4968 suarum
791 4895 1114 4968 ;_qt_lomodo
1143 4904 1196 4949 et
1229 4896 1688 4968 Aquilargﬁltdpto;
1715 4897 1978 4967 ὲκτήσατό

412 4962 769 5036 μεξάρχῆθεν.
807 4963 944 5036 Quia
975 4971 1154 5036 tamen
1181 4962 1340 5019 etiam
1371 4965 1510 5020 LXX
1543 4962 1787 5021 salvandi
1825 4962 1973 5024 sunt.

410 5041 463 5085 et
493 5033 652 5106 lectio
703 5041 785 5106 tot;
839 5033 1103 5106 Patrihus
1142 5049 1374 5106 recepta,
1427 5038 1717 5094 dicendum
1765 5037 1982 5091 videtur

410 5118 535 5156 cum
553 5101 827 5178 _Jansenio
849 5104 916 5158 ad
943 5120 1068 5157 eum
1098 5101 1298 5167 locum,
1331 5107 1800 5178 idemisignilicari
1830 5115 1982 5162 utra-

410 5189 516 5244 que
551 5174 782 5229 lectione
813 5191 826 5225 :
858 5189 1170 5244 quanquam
1225 5177 1315 5230 illa
1363 5177 1498 5231 LXX
1535 5174 1782 5234 n'onnihil
1808 5179 1984 5232 humi-

409 5243 611 5320 lius,__et
635 5243 1053 5320 humano’morlo
1080 5261 1092 5296 :
1121 5247 1439 5320 signiﬁcari,
1471 5251 1713 5318 inquam,
1749 5248 1982 5320 Sapien-

408 5315 499 5367 tia:
533 5314 679 5368 illius
699 5315 1112 5370 subsistentiam
1145 5314 1399 5379 a'Patre,
1430 5314 1560 5374 ante
1587 5334 1802 5374 omnem
1825 5314 1980 5374 crea-

406 5391 587 5456 turam
615 5401 628 5448 ;
662 5393 1032 5456 aeternamque
1059 5389 1484 5450 emanationem,
1520 5391 1668 5445 velut
1702 5389 1977 5454 Rationis,

406 5452 460 5505 in
478 5469 598 5530 _qn_a
620 5461 676 5530 et
707 5471 800 5523 per
829 5452 993 5530 quain
1021 5467 1344 5530 crearentur
1364 5461 1549 5513 omnia
1578 5479 1590 5514 :
1625 5469 1788 5530 atque
1816 5452 1976 5524 adeo,

404 5522 651 5600 principii
685 5522 750 5577 ex
795 5522 1052 5594 principio
1098 5527 1195 5582 illo
1248 5530 1505 5598 singulari
1557 5532 1669 5584 sine
1700 5522 1977 5600 principio,

409 5591 592 5672 lintre,
618 5591 803 5672 anno,
831 5604 880 5648 et
908 5591 1024 5664 post
1063 5613 1236 5672 quem,
1281 5591 1491 5672 γίνεται
1525 5601 1686 5664 αὐτὸς
1701 5591 1848 5672 ’ἁρχὴ
1869 5591 1978 5653 τῶν

409 5662 791 5740 ἄλλων.-γρ1ιῃ
821 5662 1053 5740 creatur
1074 5662 1128 5721 et
1187 5669 1242 5722 lit
1270 5662 1500 5723 aliorum
1537 5662 1712 5740 ipsum
1747 5662 1978 5725 'l‘r'inci-

409 5734 577 5802 pium,
612 5735 787 5806 inquit
825 5735 1150 5807 Methodius,
1183 5740 1458 5796 inluerens
1486 5734 1669 5812 ph'rasi
1708 5743 1782 5797 illi
1829 5741 1976 5799 Scri-

2088 3155 2283 3217 pturaa,
2318 3146 2504 3219 eodem
2525 3142 2751 3219 proinde
2777 3140 2936 3198 modo
2960 3137 3312 3219 exponendus
3331 3154 3358 3219 ;_
3370 3135 3656 3219 Patrisque

2093 3210 2238 3272 illam
2277 3215 2498 3286 ingeniti
2526 3210 2810 3268 notionem
2852 3227 2923 3286 ac_
2949 3211 3323 3286 auctoritatem
3349 3210 3654 3286 insirmans.

2091 3305 2196 3358 qna
2222 3279 2383 3358 etiam
2409 3286 2813 3358 emanationnm
2860 3281 2928 3334 ad
2977 3281 3138 3358 intra,
3170 3280 3445 3358 totiusque
3477 3279 3656 3334 Trini-

2095 3347 2223 3412 t'atis
2259 3356 2379 3410 fons
2401 3356 2618 3417 dicitur,
2648 3365 2697 3407 et
2743 3360 2826 3406 est
2875 3367 3016 3405 unus
3041 3351 3175 3418 ipse,
3204 3347 3608 3420 ἁρχὴᾶναρχος
3637 3366 3650 3402 :

2094 3444 2200 3482 non
2240 3428 2307 3479 ad
2356 3425 2691 3480 exsistcntiae
2718 3422 2916 3492 prioris
2959 3420 3366 3492 exclusionem;
3398 3420 3477 3472 sic
3508 3422 3654 3492 enim

2090 3508 2143 3552 et
2171 3495 2341 3550 Filius
2372 3495 2605 3564 ἄναρχος
2641 3487 2745 3553 θειζ
2779 3500 2842 3564 ut
2900 3492 3034 3564 bene
3077 3487 3370 3564 Gregorius
3402 3497 3539 3564 orat.
3582 3489 3659 3542 De

2091 3568 2312 3636 theolog.
2341 3559 2545 3636 aliique
2574 3564 2774 3633 passim
2805 3560 3014 3636 Graeci;
3042 3559 3139 3636 sed
3167 3573 3261 3626 per
3299 3560 3654 3636 remotionem

2091 3628 2292 3699 αἰτίαξ,
2324 3651 2387 3689 ac
2421 3628 2590 3688 velnt-
2615 3647 2794 3686 causa:
2823 3630 3186 3702 principiiqne
3239 3628 3456 3702 essendi
3485 3647 3498 3683 :
3527 3644 3655 3683 nam

2090 3697 2313 3761 causam
2363 3706 2416 3758 in
2465 3705 2664 3757 divinis
2719 3697 2839 3756 non'
2878 3701 2951 3754 ita
3003 3697 3184 3753 ferunt
3239 3697 3438 3760 Latini,
3471 3707 3655 3754 utnec

2090 3776 2285 3836 Graeci.
2320 3775 2514 3846 ἀρχήν,
2547 3775 2688 3828 bono
2718 3773 2932 3841 utrique
2985 3787 3172 3846 sensu,
3205 3770 3508 3846 aliisqneot
3534 3770 3656 3826 aliis

2087 3847 2272 3901 verbis
2324 3838 2467 3909 quod
2525 3859 2716 3898 sanum
2776 3838 2880 3906 est,
2932 3840 3290 3910 explicantes.
3345 3838 3481 3895 Male
3525 3857 3656 3910 ergo

2091 3916 2352 3970 Schottns
2374 3915 2453 3974 τὸ,
2491 3915 2622 3968 ἰδίαν
2644 3913 2876 3984 ἄναρχον
2902 3909 3096 3984 ἀρχήν.
3120 3909 3386 3978 proprium
3419 3909 3657 3984 reddidit

2089 3997 2441 4049 a’ternumque
2464 3981 2826 4054 principium}
2861 3997 2957 4035 nec
2980 3982 3114 4054 satis
3136 3997 3288 4054 sane,
3312 3981 3654 4054 cumdi_cl_nm

2087 4056 2226 4109 κατὰ
2251 4049 2532 4126 διαστολῆν
2564 4049 2641 4110 de
2670 4054 2848 4126 Patre,
2884 4051 3066 4120 negari
3098 4051 3342 4105 videatur
3373 4051 3440 4104 de
3483 4049 3652 4116 Filio;

2087 4127 2230 4193 quod
2287 4134 2432 4181 esset
2491 4125 2645 4180 valde
2694 4125 3110 4193 blasphemum,
3174 4135 3453 4192 purusque
3489 4131 3656 4189 putus

2085 4196 2446 4251 Arianismus.

2157 4268 2267 4338 (28)
2303 4265 2446 4319 Illud
2476 4275 2649 4318 autem
2682 4280 2699 4317 :
2732 4262 2844 4338 Hoc
2863 4270 2996 4325 erat,
3019 4269 3123 4338 etc.
3160 4259 3464 4338 Singularis
3497 4262 3658 4338 plane

2091 4329 2198 4397 hic,
2232 4329 2542 4406 quanquam
2579 4351 2684 4389 non
2739 4335 2950 4406 alienus
2995 4347 3036 4406 a_
3062 4332 3244 4406 phrasi
3270 4329 3509 4406 ’Grieca,’
3546 4330 3659 4406 ble-

2091 4399 2265 4461 thodii
2292 4399 2490 4463 sensus
2533 4421 2546 4457 :
2582 4407 2690 4458 imo
2742 4419 2840 4457 nec
2871 4419 2901 4456 a
2924 4399 3135 4455 Latina.
3187 4399 3321 4454 Nam
3351 4402 3514 4455 etiam
3549 4400 3658 4455 La-

2089 4479 2242 4538 tinis,
2271 4494 2383 4531 esse
2417 4477 2470 4529 in
2506 4477 2844 4545 magistratu,
2876 4489 2987 4527 esse
3032 4473 3085 4525 in
3111 4471 3390 4545 dignitate,
3427 4481 3557 4545 etc...
3587 4487 3656 4545 eo

2087 4563 2250 4602 sensu
2279 4554 2496 4617 recepta
2537 4541 2684 4617 sunt.
2721 4545 2856 4598 Cum
2890 4558 3036 4617 ergo
3075 4542 3136 4594 τὸ
3155 4542 3294 4617 ἀρχή
3316 4541 3545 4617 ﬁraecis
3583 4544 3656 4598 sit

2084 4612 2444 4688 arquivocuni,
2477 4616 2785 4688 necimjnus
2816 4615 3167 4688 principatum
3189 4612 3466 4688 signiticet
3489 4628 3654 4688 quam

2083 4683 2420 4759 principium.
2451 4687 2630 4759 potuit
2653 4684 2958 4759 Illethodius
2988 4683 3290 4759 intelligere
3321 4683 3502 4759 verbis
3546 4683 3656 4759 illis

2083 4753 2634 4829 signiticatum'Verbi
2652 4756 2818 4829 divini
2848 4753 3233 4829 principatum,
3251 4761 3310 4806 ut
3335 4753 3654 4829 essistentia

2083 4824 2202 4898 ejus
2233 4829 2376 4899 apud
2425 4827 2589 4882 Deum
2616 4836 2671 4899 et
2697 4825 2924 4899 Patrem
2972 4825 3036 4879 iis
3080 4824 3653 4899 velut_qua_|il_icetur_:

2083 4892 2228 4968 q'uod
2252 4892 2410 4969 plane
2432 4897 2685 4969 congruit
2712 4896 2788 4949 illi
2814 4896 2957 4969 psal_.
2982 4910 3092 4957 cur,
3130 4894 3266 4969 μετὰ
3283 4892 3390 4969 ἧσο-ὖ
3421 4897 3453 4964 ἡ
3485 4895 3650 4967 ἀρχή,

2083 4964 2177 5023 παὶ
2207 4964 2275 5023 τὰ
2308 4969 2463 5040 έξῇς,
2521 4964 2609 5021 η’ὺί
2646 4964 2838 5040 Latina
2869 4984 2882 5020 :
2916 4966 3108 5040 Tecum
3139 4964 3475 5040 principium,
3501 4964 3604 5019 etc.
3633 4981 3649 5028 ;

2084 5041 2177 5096 sed
2232 5055 2297 5094 ex
2343 5035 2502 5093 Hebr.
2547 5047 2764 5092 constat
2812 5037 3094 5105 legendum
3146 5035 3471 5105 principatus
3503 5049 3520 5086 :
3551 5049 3652 5088 nec

2081 5112 2188 5166 nisi
2224 5108 2675 5180 καταχρηστικῶς
2725 5107 3079 5180 ῃοηηίιιὶιῑιιιο
3119 5105 3378 5180 barbare,
3418 5106 3650 5180 alterunt

2080 5196 2180 5250 pro
2215 5175 2652 5250 alterdipositum
2687 5179 2756 5250 ab
2783 5179 3092 5250 interprete,
3115 5191 3222 5228 non
3241 5190 3305 5250 ex
3341 5175 3525 5250 llt_3b_r._,
3555 5175 3649 5250 sed

2081 5245 2145 5306 ex
2180 5251 2370 5305 Graeco
2403 5245 2544 5302 LXX
2582 5247 2862 5303 reddente.
2892 5247 3163 5315 Legernnt
3211 5245 3331 5300 sine
3373 5246 3542 5299 dubio
3571 5245 3649 5299 illi

2078 5316 2240 5381 nim:
2278 5319 2770 5403 1m(ﬂimmecha
2801 5316 3082 5388 nedabath)
3114 5330 3211 5370 seu
3264 5315 3445 5384 potius
3486 5325 3650 5417 nutu

2080 5425 2432 5500 (Nedabuth),
2473 5432 2541 5486 ut,
2585 5425 2722 5480 bene
2784 5422 3017 5500 Sanctus
3065 5427 3274 5500 noster,
3304 5417 3560 5500 recteque
3595 5428 3652 5500 et

2078 5492 2353 5567 eleganter
2390 5492 2796 5567 "expresserunt
2846 5493 3076 5567 erce,_
3110 5493 3246 5567 μετὰ
3298 5492 3446 5566 σοζιὴ
3480 5492 3649 5567 ἀρχή)

2078 5562 2190 5637 μεθ’
2235 5584 2344 5638 quo
2399 5562 2512 5634 jam
2557 5565 2781 5620 mutatis
2809 5565 3028 5634 punctis
3064 5562 3296 5633 legimus
3326 5562 3487 5621 m1:

2081 5627 2417 5743 (Ιιαηυίιεεειια⁷
2432 5670 2732 5738 nedabotlt),
2766 5627 2986 5738 populus
3007 5627 3142 5724 tuus.
3152 5677 3485 5738 spontaneus,

2079 5751 2132 5801 et
2163 5745 2340 5814 ipsum
2376 5743 2660 5810 imperium
2695 5743 2936 5808 respicit.
