4110 6404
466 330 573 389 3ῑὸ

1454 332 1512 389 S.
1555 323 1886 391 METHODII
1924 332 2231 393 EPISCOPI
2268 335 2355 390 ET
2398 332 2757 391 MARTYRIS

3589 334 3699 391 ειη

464 454 610 522 pium
653 440 801 507 dicat
848 452 1226 507 auctoritatem
1269 467 1333 507 ac
1360 446 1586 509 liberum
1639 455 2024 526 principatum.

2130 459 2263 523 θεῖν,
2309 459 2449 512 ἔοικε
2492 458 2796 529 σημαίνειν,
2843 456 2942 527 τὴν
2989 455 3238 521 ἐξουσίαν
3280 452 3458 528 ἀρχὴν
3502 455 3695 511 είπών.

466 544 598 599 Post
619 559 748 615 ergo
784 542 1060 613 singulare
1091 542 1227 598 illud
1270 542 1606 616 Principium
1662 548 1864 617 absque
1889 551 2033 619 prin-

468 636 630 706 cipio,
662 636 861 705 quiest
880 633 1058 701 Pater,
1096 634 1154 689 lit
1188 637 1364 705 ipsum
1408 639 1639 693 aliorum
1670 638 2030 711 Principium,

465 741 564 797 per
587 726 731 798 quod
761 727 942 781 omnia
969 735 1245 781 creantur.

531 817 621 872 IX.
652 817 937 890 Origenes,
986 821 1181 891 inquit,
1223 831 1506 891 postquam
1555 822 1723 876 multa
1756 838 2032 879 commen-

460 921 548 966 tus
581 919 727 966 esset
748 910 815 965 de
858 911 1096 966 universi
1127 915 1451 971 aeternitate.
1504 914 1667 967 etiam
1725 915 1826 969 hoc
1860 916 2028 970 addit.

456 1002 649 1073 Neque
700 1018 830 1073 ergo
883 1003 953 1058 ab
980 1003 1173 1066 Adam,
1230 1013 1289 1057 ut
1323 1004 1543 1074 quidam
1586 1006 1876 1069 allirrnant,
1907 1023 2029 1062 eum

457 1095 611 1164 prius
642 1111 749 1149 non
779 1101 925 1150 esset
945 1096 1128 1158 homo,
1162 1106 1289 1149 tunc
1312 1097 1554 1152 omnium
1587 1098 1794 1168 primus
1826 1098 2032 1154 forma-

458 1195 570 1251 tus,
634 1188 689 1240 in
750 1186 1012 1241 mundum
1065 1188 1352 1263 processit.
1417 1187 1601 1259 Neque
1642 1191 1877 1246 mundus
1908 1200 2030 1246 rur-

458 1290 606 1341 sum.
640 1286 767 1334 ante
815 1295 911 1334 sex
964 1278 1080 1333 dies
1110 1294 1272 1349 quam
1325 1290 1605 1336 crearetur
1633 1282 1828 1347 Adam,
1854 1278 2030 1354 erepit

459 1370 602 1425 tleri.
643 1370 797 1436 Quod
817 1371 861 1426 si
897 1372 1021 1441 quis
1047 1371 1148 1425 bac
1173 1372 1226 1426 in
1263 1380 1416 1442 parte
1466 1372 1729 1429 dissideat
1760 1376 2029 1447 ambigat-

457 1475 585 1528 que,
630 1461 780 1530 prius
811 1462 997 1521 cedat,
1051 1477 1181 1515 num
1218 1463 1293 1516 ita
1323 1465 1737 1534 accipientibus,
1770 1466 1927 1523 facile
1960 1468 2028 1523 ad

458 1549 682 1605 Mosaici
715 1552 839 1607 libri
875 1554 1165 1618 rationem,
1198 1565 1515 1612 numeretur
1542 1573 1719 1614 annus
1748 1562 1925 1617 unus?
1948 1564 2028 1617 sic

456 1642 620 1695 etiam
648 1643 738 1699 hic
768 1645 1106 1701 acclamante
1162 1649 1481 1718 prophetica
1514 1651 1684 1705 voce'
1717 1672 1730 1706 :
1760 1654 1801 1706 Α
1834 1657 2027 1708 saeculo

455 1742 505 1785 et
533 1749 696 1802 usque
729 1735 783 1787 in
812 1734 1064 1789 sarculum
1097 1745 1150 1789 tu
1179 1754 1233 1793 es
1259 1755 1277 1792 :
1309 1741 1555 1813 quoniam
1578 1743 1720 1796 mille
1754 1746 1879 1798 anni
1907 1756 2027 1800 ante

455 1826 632 1879 oculos
654 1836 793 1892 tuos,
820 1839 1071 1900 tanquam
1104 1832 1217 1889 die:
1241 1834 1483 1889 hesterna
1507 1853 1622 1906 qua:
1648 1841 1925 1905 prwteriit,
1980 1850 2031 1895 et
2063 1826 2105 1885 Β

454 1918 696 1973 custodia
726 1922 781 1975 in
818 1933 988 1981 nocte.
1014 1923 1147 1979 Nam
1178 1940 1301 1980 cum
1331 1928 1477 1983 mille
1516 1933 1642 1985 anni
1674 1930 1785 2002 (29)
1808 1933 1861 1987 in
1888 1932 2030 1987 diem

454 2026 624 2068 unum
652 2014 1051 2070 concludantur
1078 2018 1131 2071 in
1161 2019 1336 2074 oculis
1366 2019 1482 2084 Dei,
1520 2036 1551 2076 a
1582 2024 1769 2079 mundi
1803 2032 1926 2078 ortu
1964 2024 2031 2079 ad

452 2118 626 2175 usque
660 2108 936 2176 requiem,
984 2109 1139 2183 [sunt
1188 2109 1308 2167 dies
1339 2126 1471 2180 sex;
1501 2121 1665 2184 atque
1712 2116 1781 2171 ab
1809 2116 1925 2189 illa]
1963 2117 2030 2171 ad

463 2212 568 2254 nos
602 2198 801 2254 iterum
858 2217 951 2256 sex
985 2204 1361 2272 praeterierunt
1389 2204 1529 2270 dies,
1556 2214 1615 2261 ut
1644 2209 1833 2278 Optimi
1890 2210 2034 2264 allir-

454 2300 609 2344 mant
629 2292 1013 2347 calculatores.
1033 2295 1247 2347 Annum
1265 2310 1395 2365 ergo
1407 2298 1585 2352 sexies
1599 2299 1944 2355 millesimum
1963 2302 2033 2356 ab

452 2382 660 2439 Adamo
692 2383 761 2438 ad
810 2399 911 2439 nos
961 2400 1136 2455 usque
1163 2387 1317 2440 aiunt
1345 2388 1563 2443 extendi
1598 2408 1611 2443 :
1654 2407 1780 2445 nam
1830 2392 1919 2449 die
1944 2409 2032 2449 se-

453 2476 647 2544 ptima,
680 2476 913 2546 septimo
942 2477 1163 2547 inquam
1190 2481 1376 2534 mundi
1408 2482 1733 2547 millenario,
1762 2484 2029 2553 judicium

452 2566 698 2621 futurum
726 2567 935 2622 dicunt.
957 2568 1100 2642 Ergo
1150 2586 1180 2625 a
1214 2572 1374 2627 nobis
1403 2589 1578 2643 usque
1604 2575 1671 2629 ad
1699 2577 2030 2648 principium

436 2657 508 2711 ‘in
537 2673 649 2728 quo
673 2657 817 2714 Deus
865 2662 1072 2716 creavit
1098 2663 1294 2717 cmlum
1322 2672 1376 2719 et
1434 2673 1658 2731 terram,
1692 2667 1810 2723 dies
1840 2683 2031 2726 omnes

433 2749 715 2806 'trcdecim
774 2762 1135 2808 numerantur
1163 2774 1176 2808 :
1206 2763 1331 2810 ante
1357 2772 1518 2826 quos,
1549 2774 1673 2813 cum
1721 2758 1869 2815 Deus
1895 2761 2030 2816 nihil

430 2838 957 2912 ’omnino'operatus
990 2846 1061 2899 sit
1083 2856 1137 2901 et
1165 2851 1456 2916 creaverit,
1512 2848 1691 2906 Patris
1718 2854 1948 2909 nomine
1976 2863 2030 2911 et

455 2934 786 2989 universalis
813 2938 1220 2994 conservatoris
1242 2954 1306 2994 ac
1355 2940 1568 2998 Domini
1612 2946 1810 3000 caruit.
1843 2946 2030 3002 Enim-

449 3038 603 3087 vero,
661 3026 708 3079 si
762 3027 1024 3081 tredecim
1076 3027 1193 3085 dies
1228 3039 1355 3085 sunt
1411 3034 1464 3086 in
1519 3036 1694 3091 oculis
1729 3035 1942 3093 Domini
1996 3055 2028 3095 a

449 3115 657 3170 mundo
687 3116 928 3182 condito,
961 3120 1236 3188 quomodo
1272 3122 1545 3193 Sapientia
1574 3126 1629 3180 in
1658 3126 1789 3182 Jesu
1830 3129 2019 3185 Sirach

423 3209 627 3291 dicit:
663 3209 890 3265 Arenam
947 3214 1133 3277 maris,
1158 3223 1206 3269 et
1246 3218 1440 3282 pluvia:
1474 3228 1672 3288 guttas,
1706 3232 1755 3276 et
1790 3224 1901 3277 dies
1928 3242 2025 3279 sre-

446 3302 557 3359 culi
586 3305 701 3375 quis
727 3303 1080 3361 dinumerabit
1106 3307 1168 3364 ’ἲ
1216 3307 1341 3364 Haec
1376 3309 1637 3383 Origenes
1671 3316 1817 3373 serio
1838 3316 2026 3389 dispu-

442 3404 586 3460 tans,
611 3395 751 3461 vide,
775 3413 908 3469 rogo
926 3439 941 3463 ,
964 3415 1128 3471 quam
1158 3413 1412 3473 nugetur.

512 3665 533 3695 '
562 3663 717 3721 Psal.
745 3681 972 3731 Lxxxtx,
994 3667 1051 3731 2,
1080 3667 1133 3720 4.
1164 3668 1184 3699 ⁸
1216 3665 1381 3721 Eccli.
1412 3685 1457 3737 ι,
1482 3668 1541 3721 2.

514 3822 631 3896 (29)
664 3820 807 3876 Nam
845 3839 966 3896 cum
998 3823 1142 3896 mille
1166 3824 1311 3888 anui,
1341 3830 1447 3878 etc.
1500 3821 1727 3896 Videtur
1754 3824 1933 3896 plane,
1961 3832 2015 3879 et

442 3893 536 3951 est
560 3894 713 3948 locus
745 3894 994 3955 mutilus,
1018 3895 1158 3948 male
1188 3896 1412 3947 omnino
1450 3893 1694 3950 redditus
1718 3893 1785 3949 ab
1821 3894 2017 3950 Schol-

440 3976 522 4029 to,
564 3977 671 4035 nec
697 3964 833 4018 bene
866 3964 1172 4035 illustratus
1200 3964 1267 4017 ab
1299 3962 1635 4035 llmscbelio.
1666 3965 1739 4018 Ex
1796 3965 1888 4019 illo
1921 3965 2017 4035 igi-

442 4048 534 4090 tur
557 4033 753 4105 psal_m.
773 4049 973 4087 unt!
1002 4053 1015 4089 :
1042 4032 1193 4087 Mille
1216 4035 1343 4087 anni
1383 4044 1504 4087 ante
1520 4034 1698 4089 oculos
1722 4046 1862 4105 tuos,
1884 4032 2017 4105 etc.,

418 4102 611 4161 infert
655 4102 997 4173 Origenesia
1046 4105 1250 4158 mundo
1282 4106 1514 4173 primum
1551 4114 1735 4158 creato
1767 4104 1835 4159 ad
1873 4103 2019 4160 Ada-

443 4191 592 4231 mum
616 4172 799 4243 usque
833 4174 898 4228 ad
930 4172 1025 4229 Dei
1060 4172 1337 4243 requiem,
1393 4189 1498 4227 non
1532 4182 1805 4237 nostram,
1833 4183 1893 4229 ut
1927 4190 2018 4229 su-

414 4247 627 4316 ‘pinius
651 4246 929 4316 Sehottus,
961 4256 1054 4299 sex
1088 4246 1236 4298 mille
1269 4259 1445 4299 annos
1479 4244 1892 4316 intercessisse;
1920 4261 2013 4300 sex

441 4315 573 4371 vero
604 4316 802 4370 iterum
827 4315 966 4385 alios
986 4318 1071 4385 ab
1095 4316 1186 4369 illa
1211 4316 1507 4384 quieteﬁex
1543 4315 1838 4385 probatiori
1859 4316 2017 4369 chro-

441 4386 658 4456 nologia
688 4401 808 4456 quae
829 4394 913 4441 est
938 4383 1102 4448 LXX,
1135 4385 1201 4440 ad
1230 4383 1333 4440 sua
1367 4383 1558 4455 usque
1582 4394 1826 4456 tempora
1857 4386 2013 4456 colli-

414 4460 520 4528 -git
554 4451 745 4511 {velut
779 4454 891 4523 jam
927 4465 1121 4528 exacto
1148 4456 1320 4510 altero
1347 4451 1585 4528 senario,
1620 4451 1850 4528 postque
1878 4454 2008 4528 illud

412 4524 702 4581 {currente
729 4526 1062 4595 septenario,
1094 4540 1156 4581 ac
1186 4528 1334 4580 velut
1359 4526 1590 4595 septima
1629 4524 1737 4588 die,
1768 4539 1876 4593 qua
1899 4526 2015 4579 vult
2047 4525 2091 4579 D

443 4598 561 4653 fore
597 4595 1355 4665 mundiconsummationem.
1386 4595 1462 4649 Ex
1488 4595 1689 4665 quibus
1719 4596 2016 4665 universim

412 4666 651 4735 'colligit
678 4664 1005 4726 Methodius,
1032 4681 1155 4721 esse
1177 4675 1390 4720 tantum
1435 4664 1552 4721 dies
1599 4664 2017 4734 quatuordecim

440 4737 516 4806 (et
545 4737 622 4808 sic
659 4735 799 4808 forte
826 4736 988 4808 [uer-it
1018 4736 1070 4789 in
1097 4746 1242 4790 textu
1266 4736 1679 4808 corrigendum),
1722 4744 1849 4808 ante
1877 4751 2018 4804 quos

414 4804 497 4862 -in
550 4806 669 4877 ipsa
702 4804 1159 4876 Origenianorum
1215 4804 1506 4877 sententia,
1541 4804 1684 4877 Deus
1716 4805 1853 4877 nilnil
1889 4820 2019 4877 age-

443 4886 527 4934 ret
555 4874 590 4931 ί
607 4891 783 4946 eoque
812 4874 934 4930 tuon
968 4888 1114 4947 stare
1142 4878 1274 4931 illud
1311 4879 1440 4947 Sap.
1479 4875 1671 4930 Sirach
1709 4894 1729 4947 :4
1758 4874 1882 4930 Dies
1916 4874 2019 4933 sae-

442 4946 549 5001 culi
572 4945 1110 5016 quis’dinumerabit?
1147 4948 1294 5002 velut
1326 4945 1405 5003 illi
1433 4945 1860 5000 innumerabiles
1882 4947 2014 5009 sint,

410 5032 413 5037 '
442 5032 730 5085 areamque
746 5018 914 5087 maris
937 5026 991 5071 et
1008 5017 1180 5087 guttis
1208 5018 1402 5087 pluvire
1423 5016 1839 5087 co_mparabiles.
1861 5016 2017 5069 Nulla

438 5103 573 5157 ergo
611 5087 700 5141 hic
742 5085 1034 5154 joeularis'
1064 5085 1421 5141 hallucinatio
1468 5085 1767 5157 Origenis,_
1799 5087 2018 5157 qualem

441 5154 792 5228 limscbelius
824 5158 997 5228 lingit,
1034 5158 1183 5211 velut
1217 5165 1420 5225 septem
1449 5171 1547 5225 pro
1561 5154 1827 5228 tredecim
1874 5156 2016 5228 inje-

438 5229 609 5292 cerit;
642 5227 737 5283 sed
767 5224 998 5282 debilior
1030 5224 1428 5296 argumentatio
1452 5224 1522 5296 ex
1556 5224 1840 5293 Scriptura
1877 5226 2018 5280 male

439 5297 744 5367 intellecta,
784 5313 950 5367 quam
1001 5295 1306 5354 Methodius
1354 5312 1419 5367 ex
1440 5295 1760 5367 _Scriptura
1797 5310 2017 5367 quoque

439 5366 663 5423 refellit.
688 5364 936 5423 Notanda
964 5369 1268 5433 auctoritas
1293 5366 1414 5421 libri
1440 5364 1831 5431 Et-clesiastici,
1854 5364 2015 5433 quem

404 5435 411 5441 “
441 5440 530 5492 vir
560 5446 786 5493 sanctus
817 5438 984 5490 etiam
1012 5436 1245 5493 Psalmis
1289 5447 1546 5560 opsonat.
1596 5436 1769 5491 Porro
1799 5435 2018 5491 videtur

439 5524 508 5560 ex
549 5508 642 5560 illo
682 5507 823 5560 loco.
857 5507 1125 5560 celebrem
1158 5508 1302 5560 illam
1401 5507 1596 5560 reaorii
1626 5515 1679 5560 et
1719 5505 1832 5560 fere
1868 5505 2017 5559 Grae-

439 5524 508 5562 ex
549 5508 642 5561 illo
682 5507 823 5572 loco,
857 5507 1125 5563 celebrem
1158 5508 1302 5561 illam
1327 5505 1596 5577 'Gregorii
1626 5515 1679 5562 et
1719 5505 1832 5560 fere
1868 5505 2017 5577 Grai:

449 5592 643 5631 corum
672 5578 1019 5641 sententiam,
1068 5579 1135 5632 de
1177 5577 1363 5632 mundi
1418 5574 1680 5646 spiritalis
1706 5585 1759 5631 et
1788 5574 2015 5647 angelici

446 5647 729 5717 creatione
756 5656 885 5705 ante
917 5647 1064 5702 hunc
1102 5664 1444 5717 corporeum,
1481 5656 1751 5711 statuere,
1783 5662 1847 5701 ac
1882 5647 2016 5701 insi-

440 5731 639 5777 nuare,
691 5715 1127 5787 innumerabiles.
1165 5715 1286 5787 illos
1331 5719 1449 5776 dies
1488 5718 1673 5771 seculi
1699 5732 1797 5787 seu
1825 5718 1921 5771 aevi
1950 5717 2017 5769 il—

442 5788 574 5851 lius,
613 5799 735 5841 esse
762 5786 1044 5856 spiritalis,
1076 5803 1185 5843 non
1212 5785 1386 5843 nostri
1416 5788 1612 5857 hujus;
1644 5785 1800 5857 cujus
1824 5793 2015 5841 nume.-

2133 548 2343 602 Οὐκοῦν
2382 549 2524 619 ἀρχὴ
2568 548 2706 618 μετὰ
2743 548 2842 618 τὴν
2891 547 3024 600 ἰδίαν
3068 546 3301 618 ἄναρχον
3344 549 3487 619 ᾁρχτ,
3541 587 3557 606 .
3608 547 3700 600 τὸν

2130 640 2385 710 Πατέρα,
2419 639 2581 702 αὐτὸς
2624 638 2734 690 τῶν
2771 635 2943 690 ἄλλων
2986 635 3215 705 γίνεται,
3257 635 3322 688 δι’
3367 631 3434 707 ἦς
3484 636 3704 690 ἅπαντα

2130 732 2561 802 δημιουργεῖται.

2203 827 2279 879 Θ’.
2332 827 2451 879 "Ott
2508 823 2816 895 Ὠριγένης,
2863 821 3003 893 μετὰ
3049 823 3110 875 τὸ
3152 820 3323 875 πολλὰ
3357 819 3702 893 μυθήσασθαι

2132 924 2257 993 περὶ
2292 921 2389 991 τῆς
2429 920 2527 972 τοῦ
2568 919 2768 981 παντὸς
2815 917 3136 987 ἀῖδιάτητος,
3164 916 3359 984 ἐπάγει
3393 915 3487 967 καὶ
3521 913 3699 968 τοῦτο.

2128 1017 2275 1071 υῦτεΔ
2310 1011 2404 1069 οὖν
2449 1014 2558 1068 ἀπὺ
2600 1012 2789 1081 Ἀδὰμ,
2821 1010 2897 1073 ὣς
2936 1006 3067 1078 φασί
3097 1024 3260 1071 τινες,
3295 1005 3554 1077 πρότερον
3601 1004 3704 1057 οὐκ

2129 1105 2204 1160 ὣν
2228 1107 2256 1158 ὁ
2284 1106 2597 1177 ἄνθρωπος,
2642 1101 2764 1156 τότε
2802 1100 3025 1173 πρῶτος
3071 1096 3328 1158 πλασθεὶς
3375 1093 3702 1164 είςκὸσμον

2130 1197 2421 1270 παρῆλθενο
2461 1193 2585 1248 οὔτε
2617 1188 2683 1247 αὖ
2736 1192 2939 1261 κόσμος
2973 1190 3078 1261 πρὸ
3118 1187 3177 1255 ἐξ
3209 1186 3430 1259 ἡμερῶν
3467 1186 3564 1257 τῆς
3603 1182 3698 1237 τοῦ

2141 1290 2311 1360 Ἀδὰμ
2342 1287 2610 1358 γενέσεως
2641 1276 2842 1355 ἧρξαιέο
2879 1279 3348 1353 δημιουργεῖσθαι.
3375 1279 3438 1331 El
3467 1277 3527 1329 δὲ
3555 1275 3700 1344 φιλον

2129 1384 2373 1454 φρονοῖτο
2393 1378 2741 1451 διαφέρεσθαι
2772 1378 2908 1450 πρὸς
2935 1373 3108 1429 ταῦτά
3131 1389 3245 1436 τις,
3278 1370 3537 1442 πρότερον
3565 1385 3703 1440 φραρ

2130 1473 2295 1535 σᾶτω,
2325 1473 2374 1524 εί
2404 1470 2480 1542 μὴ
2522 1468 2886 1541 εὐαρίθμητος
2915 1465 3022 1519 ἀπὸ
3052 1465 3149 1535 τῆς
3193 1461 3282 1516 τοῦ
3314 1458 3519 1530 κόσμου
3552 1459 3704 1527 γενέ·-

2129 1581 2285 1628 σεως,
2324 1562 2464 1641 aea-gi
2504 1562 2601 1633 τὴν
2639 1560 2880 1624 Μωσέως
2924 1558 3122 1629 βίϐλον,
3158 1558 3269 1619 τοῖς
3314 1553 3486 1615 οὕτως
3533 1549 3702 1623 αὐτὴν

2126 1654 2620 1725 ὲκλαμὸανομένοις
2657 1654 2687 1706 δ
2717 1651 2906 1722 χρόνος
2947 1644 3061 1713 εἷς,
3103 1648 3200 1719 τῆς
3234 1641 3704 1716 προφητικῆςκαὶ

2127 1745 2314 1801 ἐνθάδε
2358 1745 2568 1815 βοώσης
2613 1744 2815 1814 φωνῆς·
2865 1741 2996 1796 Ἀπὸ
3030 1737 3137 1793 τοῦ
3182 1736 3397 1802 αἰῶνος
3444 1735 3542 1789 καί
3590 1734 3702 1800 ἕως

2131 1840 2237 1895 τοῦ
2281 1838 2496 1904 αἰῶνος
2537 1837 2619 1890 σὺ
2665 1831 2735 1889 εἷ·
2790 1834 2879 1887 ὅτι
2920 1834 3085 1903 χίλια
3126 1830 3230 1898 ἐτη
3263 1830 3334 1882 ὲν
3375 1825 3701 1897 ὀφθαλμοῖς

2133 1948 2249 1985 σου
2278 1932 2358 1997 ὡς
2384 1928 2572 1999 ἡμέρα
2598 1929 2636 1996 ἠ
2672 1927 2832 1996 χθὲς,
2878 1923 3009 1993 ἣτις
3049 1922 3279 1991 διῆλθε,
3314 1921 3411 1974 καί
3457 1917 3698 1988 φυλακὴ

2130 2025 2201 2077 ἐν
2247 2021 2441 2076 νυκτί·
2491 2019 2676 2091 χιλίων
2707 2017 2817 2088 γὰρ
2858 2015 2992 2069 ὲτῶν
3039 2011 3418 2087 διοριζομένων
3460 2013 3538 2075 είς
3571 2011 3700 2080 μίαν

2130 2102 2343 2186 ἡμέραν
2396 2115 2452 2166 ὲν
2500 2108 2796 2179 ὀφθαλμοῖς
2845 2105 3015 2171 Θεοῦ,
3063 2105 3173 2159 ἀπὸ
3216 2104 3315 2173 τῆς
3357 2102 3449 2156 τοῦ
3495 2101 3700 2171 κόσμου

2129 2205 2398 2275 γενέσεως
2428 2203 2591 2275 μέχρι
2623 2200 3021 2261 καταπαύσεως
3049 2240 3062 2252 .
3108 2238 3122 2252 .
3167 2235 3182 2249 .
3227 2237 3241 2251 .
3286 2236 3300 2250 .
3343 2228 3361 2249 .
3406 2234 3420 2247 .
3464 2234 3477 2249 .
3510 2193 3703 2265 μέχρις

2130 2298 2306 2369 ἡμῶν,
2336 2296 2413 2360 ὡς
2441 2297 2491 2348 οἱ
2522 2295 2651 2365 περὶ
2687 2294 2784 2364 τὴν
2816 2289 3185 2364 ἀριθμητικὴν
3220 2288 3490 2358 φάσκουσι
3516 2286 3699 2353 δεινοὶ,

2130 2390 2189 2456 ἒξ
2221 2391 2426 2462 ἡμέραι
2455 2385 2936 2458 σνμπεραιοῦνται.
2952 2381 3436 2452 Ἕξακισχιλιοστὸν
3455 2381 3564 2451 ἄρα
3581 2380 3702 2443 ἔτος

2131 2482 2294 2550 φασιν
2320 2479 2428 2531 ἀπὸ
2471 2476 2643 2547 Ἀδὰμ
2675 2478 2754 2539 είς
2791 2474 2951 2547 δεῦρο
2980 2472 3289 2526 συντείνεινο
3318 2473 3385 2541 τῇ
3414 2469 3521 2542 γὰρ
3554 2471 3702 2524 ἑϐδο-

2133 2572 2259 2643 μάδι
2322 2569 2399 2641 τῷ
2462 2566 2948 2639 ἑπτακισχιλιοστῷ
3005 2566 3114 2620 ἔτει
3179 2564 3358 2636 κρίσιν
3416 2561 3700 2632 ἀφίξεσθαί

2130 2681 2313 2734 φασιν·
2349 2662 2543 2717 οὐκοῦν
2589 2663 2645 2715 αἱ
2690 2661 2863 2714 πᾶσαι
2904 2656 3108 2729 ἡμέραι
3144 2656 3276 2710 δέκα
3305 2655 3402 2709 καὶ
3429 2657 3576 2726 τρεῖς
3603 2654 3701 2721 ἀφ’

2128 2755 2285 2827 ἡμῶν
2313 2754 2418 2818 ἓως
2445 2756 2524 2817 είς
2554 2752 2653 2824 τὴν
2683 2754 2738 2804 ὲν
2772 2753 2936 2823 ἀρχῇ,
2961 2752 3017 2802 ὲν
3047 2742 3082 2823 ᾖ
3116 2748 3371 2818 ἐποίησεν
3394 2748 3423 2799 ὁ
3444 2745 3575 2808 Θεὸς
3606 2744 3699 2798 τὸν

2126 2848 2355 2919 οὐρανὸν
2383 2847 2477 2900 καὶ
2502 2847 2601 2917 τὴν
2625 2845 2749 2915 γῆν,
2785 2840 3129 2914 μετροῦνται*
3169 2833 3246 2893 ὧν
3276 2842 3305 2893 ὁ
3337 2838 3469 2901 Θεὸς
3494 2834 3698 2890 ἀνώτε-

2131 2957 2240 3012 ρον,
2278 2940 2419 2995 κατὰ
2445 2939 2541 3011 τὴν
2570 2938 2721 3007 σφῶν
2747 2936 2925 2990 αὐτῶν
2950 2934 3134 2988 ἄνοιαν
3158 2931 3309 2986 οὐδὲν
3334 2927 3584 2999 οὐδαμῶς
3613 2926 3694 2997 δη-

2132 3030 2490 3106 μιουργήσας,
2521 3031 2869 3101 ὲγεγύμνωτο
2894 3028 2988 3083 τοῦ
3021 3025 3209 3097 Πατὴρ
3241 3012 3351 3093 (50)
3381 3021 3474 3075 καὶ
3505 3037 3694 3075 παντο-

2127 3126 2351 3199 κράτωρ
2376 3121 2536 3179 εἶναι.
2573 3125 2636 3178 Εἰ
2662 3123 2718 3177 δὲ
2744 3124 2839 3177 καὶ
2856 3118 3205 3194 τρισκαίδεκά
3233 3119 3367 3170 είσιν
3396 3114 3595 3186 ἡμέραι
3620 3113 3701 3169 .ὲν

2130 3218 2426 3289 ὀφθαλμοῖς
2453 3216 2588 3271 Θεοῦ
2617 3216 2724 3269 ἀπὸ
2763 3214 3029 3283 γενέσεως
3071 3211 3296 3280 κόσμου,
3326 3207 3443 3271 πῶς
3473 3222 3634 3278 φησιν
3663 3207 3695 3277 ἡ

2132 3310 2190 3360 ὲν
2227 3306 2305 3378 τῷ
2333 3307 2534 3378 Σειρὲχ
2562 3305 2739 3373 σοφία·
2771 3305 2990 3373 Ἄμμον
3032 3296 3380 3361 θαλασσῶν,
3414 3296 3513 3351 καὶ
3554 3310 3699 3351 στα-

2134 3401 2318 3470 γόνας
2344 3400 2552 3465 ὑετοῦ,
2602 3397 2701 3453 καὶ
2744 3396 2970 3467 ἡμέρας
3016 3391 3230 3458 αἰῶνος
3266 3391 3357 3457 τίς
3385 3388 3697 3459 ἐξαριθμή-

2125 3506 2255 3553 σει;
2289 3490 2475 3544 Ταῦτὰ
2507 3507 2670 3562 φησιν
2706 3491 2736 3544 ὁ
2774 3486 3055 3561 Ὠριγένης
3095 3482 3437 3547 σπουδάζων,
3467 3481 3560 3535 καὶ
3594 3482 3697 3553 ὅρα

2123 3578 2211 3641 οἷα
2243 3583 2447 3649 παίζει.

2121 3841 2216 3883 rus
2266 3826 2499 3886 dierum.
2550 3826 2712 3881 etiam
2748 3824 3110 3895 Origeniane,
3144 3831 3198 3878 et
3218 3824 3379 3895 juxta
3408 3821 3545 3895 illos
3598 3826 3693 3892 qui

2121 3897 2193 3950 ita
2218 3899 2518 3952 extendunt
2560 3896 2677 3951 dies
2718 3913 2813 3952 se:
2847 3891 3169 3956 creationis,
3205 3891 3362 3947 facile
3404 3891 3530 3947 iniri
3574 3891 3697 3961 pos.

2119 3968 2213 4022 sit.
2237 3966 2441 4023 Contra
2473 3968 2614 4021 hanc
2636 3966 2959 4022 sententiam
2992 3963 3225 4020 aestimat
3263 3962 3547 4032 Cornelius
3573 3978 3697 4032 pro-

2121 4039 2428 4094 nuntiatum
2473 4054 2502 4091 a
2545 4035 2799 4091 Patribus
2848 4034 3311 4090 Lateranensibus
3354 4052 3368 4088 :
3408 4031 3503 4087 sed
3558 4031 3694 4089 mihi

2123 4108 2322 4163 melius
2350 4116 2537 4164 censet
2568 4105 2632 4161 D.
2667 4105 2926 4172 Thomas,
2948 4107 3111 4175 cujus
3132 4105 3341 4159 utinam
3372 4103 3427 4156 in
3452 4118 3688 4175 censen-

2123 4177 2210 4231 dis
2268 4179 2537 4247 dogmatis
2592 4171 2917 4232 modestiam
2956 4171 3032 4231 et'
3060 4174 3388 4231 soliditatem
3443 4171 3694 4247 juniores

2125 4247 2281 4303 nmlti
2316 4244 2682 4308 imitarentur,
2716 4262 2815 4302 nec
2848 4247 2955 4301 nisi
2991 4261 3058 4300 ex
3104 4255 3283 4299 mente
3309 4244 3691 4307 conciliorum,

2121 4318 2211 4371 cui
2241 4319 2403 4373 verba
2434 4319 2635 4373 debent
2662 4317 2936 4386 componi,
2978 4315 3031 4369 in
3071 4314 3338 4386 ejusmodi
3373 4312 3694 4386 pronuntia-

2121 4396 2262 4444 rent.
2298 4387 2595 4442 Damnatus
2620 4403 2751 4457 ergo
2786 4379 2947 4442 fuerit
2969 4379 3156 4457 carcer
3187 4385 3278 4439 ille
3311 4379 3549 4457 damnati
3574 4379 3696 4457 Dri-

2119 4458 2297 4527 genis.
2327 4469 2380 4515 et
2410 4457 2647 4513 mundus
2671 4453 2760 4511 ille
2789 4467 2915 4512 ante
2945 4455 3212 4509 Adamum
3234 4470 3325 4509 sex
3351 4454 3497 4508 mille
3516 4453 3691 4527 anuis,

2122 4523 2318 4596 plenus
2349 4527 2691 4599 incorporeis
2722 4527 3036 4599 hominibus
3062 4540 3157 4581 seu
3201 4541 3309 4599 non
3348 4523 3686 4586 carnalibus,

2120 4595 2175 4651 et
2214 4599 2479 4654 hactenus
2499 4595 2741 4667 angelis;
2788 4596 3051 4666 spiritalis
3078 4609 3206 4667 vero
3234 4595 3324 4667 ille
3341 4601 3404 4667 _et
3434 4608 3560 4667 vere
3591 4608 3692 4646 an-
3770 4602 3779 4612 '

2119 4670 2350 4738 gelicus.
2381 4685 2541 4737 quem
2574 4663 2736 4738 nemo
2764 4663 2985 4722 Patrum
3011 4666 3214 4738 erroris
3242 4665 3299 4719 in
3334 4663 3435 4717 ﬁde
3457 4663 3691 4738 insimu-

2121 4732 2268 4800 larit.
2301 4732 2524 4803 Basilio,
2559 4736 2841 4807 Gregorio,
2866 4746 2995 4800 etc.,
3026 4736 3238 4807 ipsique
3265 4741 3452 4807 nostr_o
3480 4732 3694 4807 genio-

2120 4809 2231 4873 dio,
2253 4801 2518 4879 quantum
2541 4825 2607 4865 ex
2631 4801 2792 4863 dictis
2814 4801 3375 4879 colliginfusfyindice
3397 4802 3454 4857 S.
3480 4801 3689 4856 Thoma

2118 4888 2172 4934 et
2199 4876 2406 4950 Atigelo
2427 4879 2657 4950 Scltolze,
2681 4878 2979 4948 probabilis
2996 4876 3307 4950 constiterit
3336 4887 3687 4950 :_qua_nquam

2118 4943 2313 5005 cidem'
2327 4952 2555 5020 ejusque
2585 4943 2891 5019 discipulis,
2916 4963 3056 5020 quos
3079 4946 3315 5020 agimus,
3337 4943 3687 5020 simultanea,

2120 5030 2179 5073 ut
2207 5012 2373 5076 unius
2401 5012 2610 5086 mundi,
2664 5012 2869 5074 créatio
2900 5012 3167 5086 omnium,
3200 5014 3535 5086 probabilior
3566 5012 3687 5067 fue-

2119 5091 2210 5144 rit.
2243 5090 2360 5145 Non
2400 5092 2542 5144 male
2568 5084 2634 5144 de
2662 5090 2746 5143 his
2775 5089 3052 5145 Escalant.
3094 5084 3286 5156 Clypeo
3310 5084 3609 5138 concinnat.

2190 5162 2304 5232 (30)
2335 5161 2559 5232 Πατήρ.
2595 5159 2904 5232 cheudum
2936 5154 3403 5232 omniuo‘_videtur
3435 5154 3685 5232 ποιητής.

2120 5222 2211 5285 sui
2239 5222 2407 5294 enim,
2448 5222 2542 5285 ubi
2576 5230 2643 5283 de
2676 5222 2983 5289 ‘creatione,
3044 5226 3192 5294 loqui
3246 5232 3449 5294 amant,
3489 5222 3686 5294 Patres

2118 5298 2328 5368 Graeci;
2369 5292 2570 5371 quibus
2606 5299 2748 5371 Deus
2782 5292 3242 5371 diciturarodyrhg
3259 5295 3379 5371 δῶν
3413 5293 3546 5348 ὅλων
3579 5292 3688 5371 καὶ

2116 5361 2463 5445 δημιουργδς.
2496 5370 2578 5426 Cl.
2601 5369 2881 5445 S_.AJu_s‘t_iui
2912 5361 3221 5445 Co_ltort.'ail
3248 5365 3479 5445 συνίει-οε,
3500 5361 3684 5445 ιιιβῖζ

2117 5434 2451 5513 dialogi-1',
2502 5459 2561 5498 n.
2590 5441 2698 5513 20.
2750 5440 2883 5494 llinc
2914 5435 3256 5513 reformanda
3284 5436 3462 5513 versio
3505 5453 3550 5513 :_
3548 5434 3683 5486 Cum

2118 5502 2259 5568 Deus
2289 5502 2665 5566 itiltil'omuino
2696 5519 2947 5578 operatus
2977 5508 3046 5560 sit
3076 5515 3149 5578 Aet
3188 5506 3488 5578 creaverit,_
3510 5502 3682 5557 Erre-

2118 5598 2312 5639 croats
2341 5584 2641 5637 nomine...
2676 5574 2870 5634 caruit.
2906 5576 3089 5631 Mirari
3123 5581 3269 5632 subit
3302 5576 3445 5629 hunc
3476 5574 3678 5633 locum,

2117 5668 2227 5707 non
2283 5655 2458 5709 solum
2522 5652 2831 5716 Scliottum,
2896 5647 2989 5702 sed
3045 5654 3098 5701 ct
3153 5645 3535 5702 Combclisium
3597 5641 3682 5697 fu-

2113 5724 2279 5793 gisse.
