4110 6398
493 320 599 375 ῐόἹ

1432 320 1492 376 S.
1531 317 1860 376 METIIODII
1896 318 2205 376 EPISCOPI
2243 320 2330 375 ET
2367 317 2728 376 MARTYRIS

3608 313 3721 372 3m

1155 588 1744 678 ΜΕΘΟΔΙΟΥ
1827 593 2489 680 ΕΠΙΣΚΟΠΟΥ
2561 593 3075 682 ΠΑΤΑΡΩΝ

1846 735 1966 787 ΚΑΙ
1995 735 2368 788 ΜΑΡΤΥΡΟΣ

630 845 737 911 Εἰς
788 846 894 901 τὸν
936 849 1199 919 Σιμεῶνα
1238 851 1335 905 καὶ
1375 854 1462 919 είς
1509 851 1624 920 τὴν
1681 853 1917 922 Ἀννην,
2297 848 2408 919 τῆς
2461 850 2882 922 ’Υπαντήσεως
2913 870 2928 886 ·
2988 854 3086 909 καί
3134 854 3222 921 είς
3253 853 3365 924 τὴν
3405 854 3581 924 ἁγίαν

1093 1151 1707 1243 METHODII
1800 1151 2349 1245 EPISCOPI
2427 1151 3155 1244 PATARENSIS

1888 1325 1967 1366 ET
2012 1324 2332 1368 MABTYBIS

846 1430 924 1485 De
951 1430 1189 1486 Simeone
1219 1439 1271 1485 et
1301 1429 1477 1496 Anna,
1501 1447 1601 1501 quo
1627 1429 1712 1485 die
1745 1429 2018 1485 Dominico
2041 1432 2097 1485 in
2125 1432 2315 1502 templo
2338 1439 2709 1496 occurrerunt;
2730 1447 2791 1485 ac
2818 1429 2881 1485 de
2905 1439 3093 1484 sancta
3120 1428 3371 1496 Deipara.

568 1657 609 1712 1.
639 1656 775 1714 Cum
818 1658 968 1719 olim,
1003 1667 1266 1729 quantum
1320 1660 1542 1731 quidem
1593 1662 1831 1717 breviter
1874 1663 2053 1729 licuit,

2226 1666 2305 1719 A'.
2348 1663 2522 1717 Πάλαι
2564 1660 2783 1724 ἱκανῶς,
2826 1658 2900 1722 ὡς
2945 1651 3055 1710 οἷόν
3099 1673 3179 1718 τε,
3228 1655 3315 1708 διά
3347 1655 3609 1726 βραχέων,
3652 1656 3721 1710 τὰ

498 1761 619 1817 qua!
648 1747 714 1801 de
737 1748 1049 1818 virginitate
1071 1750 1298 1806 dicenda
1321 1759 1498 1816 erant,
1529 1752 1585 1805 in
1617 1751 1971 1823 Symposiacis
1994 1756 2057 1811 de

498 1840 762 1899 castitate.
796 1857 895 1895 ceu
927 1841 1092 1910 jactis
1123 1842 1491 1899 fundamentis
1521 1844 1737 1900 abunde
1776 1848 2056 1916 explicue—

500 1931 693 1995 rimus,
727 1930 988 1986 hodierna
1018 1933 1104 1987 die
1139 1942 1305 1987 totam
1351 1936 1525 2004 ipsam
1560 1943 1612 1991 et
1635 1951 1664 1989 a
1694 1938 1877 1993 radice
1897 1939 2061 2009 virgi-

499 2022 688 2077 uitatis
702 2024 926 2093 gloriam
954 2041 1320 2096 coronamque
1341 2028 1869 2093 immarcescibilem,
1888 2032 2061 2085 alum-

500 2113 589 2168 nis
621 2113 873 2170 Ecclesiae
916 2116 1276 2183 oblectandis,
1308 2126 1521 2189 tempus
1573 2135 1701 2175 ecce
1737 2120 1789 2174 in
1820 2122 2059 2175 medium

498 2206 775 2274 produxit.
823 2205 989 2262 Hodie
1037 2207 1300 2277 siquidem
1355 2208 1663 2263 divinorum
1714 2213 2060 2267 oraculorum

501 2299 795 2354 consilium
825 2300 1001 2369 palam
1046 2301 1323 2370 aperitur;
1384 2302 1730 2372 gloriosaque
1756 2303 1918 2372 hujus
1952 2304 2062 2358 diei

503 2392 659 2460 signa
690 2390 1048 2461 praefigurata,
1072 2406 1369 2461 eorumque
1409 2393 1587 2447 exitus
1623 2402 1786 2463 atque
1838 2390 2063 2449 effectus

505 2498 535 2536 a
588 2482 762 2537 sacris
809 2480 1255 2551 prmdicatoribus
1312 2484 1686 2538 ecclesiastico
1721 2485 1886 2538 coetui
1922 2486 2061 2539 rele-

504 2581 726 2643 guntur.
764 2570 935 2627 llodie
975 2573 1098 2627 linis
1142 2573 1364 2643 antiquo
1414 2574 1492 2628 illi
1537 2590 1777 2645 veroque
1833 2574 2065 2629 consilio

506 2664 816 2734 impositus,
847 2665 1106 2735 praeclare
1137 2681 1317 2719 rerum
1356 2666 1473 2736 ipsa
1498 2666 1830 2722 exhibitione
1861 2667 2066 2722 mundo

505 2754 908 2809 manifestatur.
974 2754 1143 2810 Hodie
1199 2756 1336 2811 citra
1397 2764 1767 2824 tegumentum
1820 2757 2063 2826 aliquod,

506 2844 721 2898 Domini
751 2846 997 2915 gloriam,
1028 2845 1332 2917 divinaeque
1351 2848 1523 2916 ipsius
1545 2862 1683 2900 arcae
1704 2847 2063 2916 maiestatem,

507 2951 607 2990 ceu
650 2939 704 2989 in
736 2936 980 3005 speculo,
1013 2939 1246 2990 revelata
1277 2933 1413 2990 facie
1442 2939 1855 3005 contemplamur
1881 2939 1923 2995 ⁸.
1956 2939 2067 2995 Ho-

2164 1754 2291 1827 περὶ
2350 1751 2644 1821 παρθενίας
2701 1752 2759 1802 ἐν
2816 1751 2929 1811 τοῖς
2988 1746 3126 1815 Περὶ
3187 1746 3427 1816 ἁγνείας
3488 1762 3721 1832 συμμο-

2162 1845 2315 1908 σίοις
2344 1845 2451 1913 (53)
2487 1840 2942 1911 κατεστρωκότων
2964 1837 3138 1909 ἡμῶν,
3175 1839 3412 1909 σήμερον
3432 1837 3600 1907 αὐτὴν
3624 1838 3723 1909 τὴν

2162 1937 2260 2005 τῆς
2315 1931 2607 2004 παρθενίας
2653 1926 2928 1999 ὀλόρριζον
2988 1925 3162 1993 δόξαν,
3218 1926 3312 1979 καὶ
3363 1926 3725 1998 ἀμαράντινον

2165 2026 2422 2095 στέφανον
2446 2024 2523 2086 εἰς
2548 2019 2879 2092 εὐφροσύνην
2905 2020 2934 2070 ὁ
2965 2017 3153 2088 χρόνος
3181 2018 3237 2069 ἐν
3268 2016 3416 2087 μέσῳ
3446 2017 3723 2087 προήγαγε

2162 2120 2275 2179 τοῖς
2299 2116 2398 2185 τῆς
2438 2112 2763 2183 Ἐκκλησξας
2781 2108 3086 2181 τροφίμοις.
3115 2108 3359 2180 Σήμερον
3385 2107 3491 2177 γάρ
3523 2107 3584 2159 τὸ
3610 2107 3725 2177 βου·

2163 2207 2440 2279 λευτήριον
2484 2205 2591 2259 τῶν
2634 2204 2791 2257 θείων
2831 2199 3095 2273 χρησμῶν
3138 2199 3489 2266 ἐξανοίγεται.
3530 2200 3623 2253 καὶ
3659 2200 3728 2253 τά

2165 2298 2265 2366 τῆς
2311 2293 2589 2367 παρούσης
2630 2292 2840 2357 ἐνδόξου
2879 2292 3090 2361 ἡμέρας
3125 2288 3366 2359 σύμϐολα
3398 2289 3492 2343 καὶ⁵
3534 2290 3727 2343 ἀποτε-

2166 2388 2428 2459 λέσματα,
2465 2386 2615 2456 παρὰ
2642 2384 2747 2437 τῶν
2776 2383 3144 2455 ἱεροκηρύκων
3180 2380 3259 2451 τῷ
3291 2380 3726 2453 ἐκκλησιαστικῷ

2171 2480 2409 2550 συλλόγῳ
2438 2475 2956 2546 ἐπαναγινώσκεται.
2989 2475 3235 2545 Σήμερον
3257 2476 3289 2544 ἡ
3314 2475 3607 2546 περαίωσις
3628 2474 3727 2544 τῆς

2169 2572 2399 2642 ἀρχαίας
2432 2570 2625 2641 βουλῆς
2656 2568 2749 2622 καὶ
2776 2567 3031 2640 ἀληθινῆς
3052 2568 3138 2622 διὰ
3165 2567 3271 2621 τῶν
3296 2568 3471 2638 ἔργων
3503 2558 3753 2630 ὲνδόξως¹

2168 2662 2247 2732 τῷ
2273 2662 2459 2731 κόσμω
2491 2660 2866 2730 ἐμφανίζεται.
2902 2659 3145 2728 Σήμερον
3189 2657 3320 2727 ἄτερ
3349 2653 3728 2725 διακαλύμμα-

2169 2771 2259 2818 τος
2290 2752 2787 2823 ἀνακεκαλυμμένῳ
2826 2738 3103 2823 προσώπῳ¹
3133 2752 3247 2819 τὴν
3274 2750 3462 2815 δόξαν
3488 2748 3729 2815 Kvplov,

2170 2847 2265 2899 καὶ
2296 2846 2395 2915 τῆς
2424 2844 2575 2907 θείας
2609 2843 2770 2897 αὐτοῦ
2816 2842 3045 2896 κιϐωτοῦ
3077 2843 3565 2911 κατοπτριζόμεθα
3593 2840 3728 2911 (54).

2172 2937 2417 3007 Σήμερον
2466 2936 2563 3007 τὴν
2608 2934 3067 3009 καραδοκηθείσαν
3107 2936 3352 3005 οὐράνιον
3400 2933 3573 3004 χαράν
3613 2934 3733 2997 ταῖς

509 3027 599 3082 die
634 3029 909 3081 caelestem
940 3027 1107 3091 illam,
1129 3026 1491 3096 gentibusque
1522 3028 1681 3083 anxie
1704 3037 2072 3098 exspectatam

2175 3031 2388 3097 γενεαῖς
2429 3030 2513 3081 ἐπ’
2542 3016 2707 3098 dmin»)
2745 3028 2982 3099 φέρουσα
3018 3026 3125 3098 (55)
3159 3027 3192 3096 ἡ
3238 3024 3513 3095 ἀγιωτάτη
3557 3025 3731 3095 πανή-

509 3118 774 3181 laetitiam,
812 3118 1055 3172 humeris
1098 3117 1215 3172 suis
1267 3118 1611 3172 sanctissima
1664 3120 1953 3173 celebritas
1981 3120 2077 3173 ba-

504 3210 713 3279 julans,
756 3209 1063 3263 mortalium
1092 3208 1274 3278 generi
1308 3207 1635 3279 impertitur.
1694 3208 2074 3264 Prteterierunt

507 3312 711 3364 vetera;
736 3302 1070 3372 eﬂioruerunt
1094 3315 1249 3361 nova,
1298 3308 1349 3353 et
1392 3316 1508 3369 qua:
1539 3317 1641 3353 non
1672 3309 1998 3355 veterascunt
2028 3303 2071 3353 ’.

506 3392 625 3448 Non
653 3394 765 3463 jam
799 3394 1032 3463 amplius
1061 3402 1338 3447 austerum
1386 3392 1519 3461 legis
1574 3392 1854 3447 decretum
1887 3395 2077 3464 praesi-

508 3487 600 3542 det
628 3506 641 3540 :
675 3486 770 3542 sed
802 3485 1013 3539 Domini
1036 3484 1209 3554 gratia
1243 3499 1433 3539 omnes
1464 3483 1531 3537 ad
1561 3499 1622 3539 se
1654 3485 1862 3539 salubri
1894 3486 2078 3556 longa-

507 3578 758 3633 nimitate
789 3583 1112 3630 convertens
1167 3590 1390 3645 regnum
1445 3582 1612 3646 tenet.
1645 3574 2076 3647 Haudquaquam

510 3667 709 3721 iterum
742 3665 889 3720 Ozan
921 3666 1118 3735 aliquis
1146 3666 1509 3720 intrectabilia
1540 3681 1707 3722 ausus
1737 3668 2075 3738 contingere,

513 3756 771 3811 invisibili
788 3757 996 3810 ratione
1008 3756 1308 3826 ﬂagellatur
1322 3758 1384 3810 ιο.
1406 3756 1546 3813 Deus
1561 3758 1703 3812 enim
1722 3760 1837 3829 ipse
1856 3759 2076 3828 invitat;

513 3857 569 3902 et
600 3848 720 3917 quis
741 3862 851 3916 prae
879 3848 1071 3901 timore
1088 3847 1265 3901 adhuc
1287 3849 1664 3903 cunctabitur?
1689 3850 1900 3905 Clamat
1925 3870 1938 3905 :
1980 3850 2079 3905 Ve-

515 3940 621 3991 m'te
650 3937 716 3991 ad
742 3954 840 4001 me,
870 3953 1046 3992 omnes
1081 3939 1170 4007 qui
1198 3936 1453 3992 laboratis
1476 3948 1525 3993 et
1554 3942 1756 3993 onerati
1772 3941 1896 3995 estis
1930 3942 2002 4008 “;
2026 3951 2080 3997 et

515 4029 640 4097 quis
675 4045 781 4083 non
829 4029 1119 4083 accurret?
1166 4027 1243 4083 Ne
1275 4029 1399 4098 quis
1434 4046 1560 4085 vero
1589 4031 1809 4089 Iudaeus
1834 4022 2079 4088 contra-

516 4119 714 4174 dixerit
769 4121 823 4173 in
875 4119 1262 4190 praecedentem
1323 4118 1516 4177 domus
1571 4121 1836 4179 Abedarze
1889 4133 2074 4196 typum

585 4229 1054 4296 'HCor.rt,18.
1122 4231 1142 4262 ⁹
1175 4230 1237 4285 II
1256 4231 1380 4289 Cor.
1411 4251 1464 4299 v,
1491 4234 1588 4301 l8;
1623 4233 1758 4289 Isai.
1811 4253 1967 4306 xmu,
2008 4237 2093 4291 19.

589 4349 699 4419 (55)
743 4350 844 4402 Ἐν
874 4348 997 4413 τοῖς
1018 4349 1153 4417 Περὶ
1176 4350 1416 4417 ἁγνείας
1439 4352 1821 4418 συμποσίοις.
1856 4353 2069 4408 Haben-

2172 3136 2349 3190 γυρις,
2378 3118 2455 3189 τῷ
2492 3119 2638 3187 γένει
2669 3118 2776 3171 τῶν
2804 3116 3104 3189 ἀνθρώπων
3131 3115 3436 3169 ἀποδίδωσι.
3461 3113 3735 3182 Παρῆλθσ

2172 3211 2245 3265 τὰ
2273 3211 2516 3274 παλαιὰ,
2544 3210 2639 3264 καὶ
2671 3209 2904 3277 ἤνθησε
2944 3208 3018 3261 τὰ
3046 3208 3174 3272 νέα,
3214 3208 3310 3261 καί
3351 3210 3423 3261 οὐ
3449 3208 3735 3261 παλαιούς-

2169 3318 2341 3373 μενα.
2391 3302 2584 3355 Οὐκέτι
2637 3301 2798 3371 νόμου
2850 3300 3120 3371 αὐστηρὸν
3167 3299 3343 3370 δόγμα
3398 3297 3733 3371 προεδρεύει,

2174 3394 2308 3447 ἀλλά
2346 3394 2501 3464 χάρις
2529 3393 2799 3447 Δεσπότου
2838 3391 3126 3461 βασιλεύει,
3171 3391 3422 3461 σωτηρίῳ
3465 3390 3738 3461 μακροθυ-

2180 3485 2275 3556 μίᾳ
2321 3486 2525 3547 πάντας
2574 3485 2709 3555 πρὸς
2743 3485 2939 3554 ἐαυτὴν
2984 3481 3403 3554 ἐπιστρέφουσα.
3453 3483 3528 3534 Οὐ
3574 3481 3735 3534 πάλιν

2188 3576 2348 3639 Ὀζᾶν
2401 3591 2485 3639 τις
2535 3575 2779 3646 ἀοράτως
2833 3574 3166 3644 μαστίζεται,
3217 3572 3563 3643 προσψαῦσαι
3625 3574 3738 3635 τοῖς

2178 3667 2474 3736 ἀψαύστοις
2504 3665 2882 3737 κατατολμῶν.
2915 3666 3048 3729 Θεὸς
3078 3666 3186 3735 γάρ
3226 3664 3611 3736 προτρέπεται,
3645 3663 3739 3716 καὶ

2177 3756 2258 3820 τίς
2282 3757 2533 3810 δειλιάσει
2555 3773 2569 3821 ;
2596 3757 2772 3811 Δεῦτε
2794 3756 2942 3825 πρὸς
2970 3755 3048 3825 μὲ
3086 3754 3306 3821 πάντες
3335 3758 3388 3808 οὶ
3414 3753 3741 3820 κοπιῶντες

2183 3850 2283 3903 καὶ
2315 3848 2788 3919 πεφορτισμένοι,
2824 3847 2938 3917 ﬂos].-
2963 3846 3056 3899 καὶ
3085 3846 3167 3908 τίς
3193 3846 3252 3899 οὐ
3282 3844 3736 3916 προσδραμείται;

2183 3942 2291 3994 Καὶ
2336 3941 2520 4011 μηδεὶς
2558 3939 2820 3993 Ἰουδαίων
2850 3937 3170 4005 ἀντιλεγέτω
3210 3940 3273 4009 τῇ
3305 3937 3559 4009 ἀληθείᾳ,
3607 3936 3741 4008 πρὸς

2181 4032 2278 4104 τὴν
2311 4033 2655 4105 προτύπωσιν
2683 4031 2893 4101 βλέπων
2920 4032 3013 4084 τοῦ
3043 4032 3192 4084 οῐκου
3238 4031 3521 4102 ’Μεδιρᾶ
3546 4032 3645 4096 Είς
3668 4028 3745 4083 τὰ

2184 4126 2303 4179 ἴδια
2345 4122 2530 4197 ἦλθεν·
2575 4128 2604 4179 ό
2636 4126 2836 4199 Κύριος
2879 4125 3153 4195 ἐμφανῶς
3182 4125 3313 4198 ('56),
3358 4126 3451 4179 καὶ
3496 4125 3600 4179 ὑπὸ
3628 4123 3741 4195 (57)

2175 4239 2218 4270 ¹⁰
2247 4237 2309 4293 II
2330 4237 2454 4310 Reg.
2475 4255 2552 4302 ix,
2572 4238 2625 4295 6.
2706 4239 2749 4270 ¹¹
2776 4237 2971 4293 Matth.
3003 4253 3081 4303 xl,
3104 4237 3193 4291 28.

2174 4357 2363 4411 eodem
2391 4364 2551 4427 atque
2573 4355 2673 4427 ipsi
2700 4372 2884 4411 sensu.
2922 4354 3160 4417 Erasm.,
3197 4355 3262 4427 _in
3304 4354 3515 4427 speculo
3554 4370 3745 4424 repre-

517 4421 700 4500 tnrjn
744 4419 1068 4500 bibliotheca
1111 4423 1423 4500 monasterii
1468 4422 1613 4500 quod
1662 4433 1739 4475 est
1790 4425 1866 4500 in.
1895 4426 2068 4500 insula
2097 4444 2137 4500 ο
2172 4419 2479 4500 sentantes,'
2514 4419 2656 4496 quod
2693 4427 2895 4500 _minus
2954 4427 3147 4495 placet.
3197 4419 3464 4479 Paulinus
3509 4419 3741 4492 tantum,

518 4489 777 4565 Palbmos
812 4507 823 4540 :
861 4488 966 4565 Ι.εο
991 4489 1153 4542 etiam
1181 4488 1409 4565 Allalins
1434 4488 1648 4565 edenda
1694 4494 1963 4565 promittit
2011 4496 2069 4548 in
2102 4488 2137 4500 ν
2172 4488 2599 4564 σοηῑεηψίοηιήν,
2637 4496 2814 4550 minus
2843 4488 3183 4565 expressum.

521 4574 624 4615 suo
689 4557 969 4632 Eustatliio
1021 4577 1033 4611 :
1081 4560 1309 4632 necdum
1346 4560 1447 4632 ip_si
1498 4557 1771 4632 potuimus
1802 4563 2069 4632 integrum

520 4645 660 4699 opus
693 4629 956 4687 nancisci,
998 4635 1101 4701 _aut
1144 4628 1343 4684 habere
1385 4628 1556 4701 Roma
1586 4629 1869 4699 scriptum,
1900 4628 2074 4701 quan-

522 4714 687 4770 quam
711 4712 827 4770 ιιοηΔ
848 4699 1011 4751 semel
1041 4700 1107 4751 de
1130 4713 1191 4751 ea
1214 4714 1272 4753 re
1305 4699 1625 4770 scripsimus
1675 4717 1687 4751 :
1724 4708 1783 4753 ut
1812 4699 1949 4770 opus
1976 4704 2073 4755 ha-

522 4767 748 4823 beamus
798 4767 927 4839 dare
978 4777 1235 4837 excerpta
1304 4768 1584 4839 Photiana,
1628 4783 1760 4839 cum
1825 4767 2075 4839 pauculis

524 4838 860 4909 fragmentis,
895 4840 1074 4906 potius
1100 4838 1455 4909 sollicitando
1473 4838 1663 4909 _alicui,
1700 4846 1759 4892 ut
1787 4838 1867 4893 vel
1892 4843 2077 4897 edide—

521 4910 594 4965 rit
620 4907 699 4962 τοι
727 4907 988 4961 edendum
1022 4907 1180 4961 nobis
1211 4923 1319 4961 non
1342 4907 1616 4970 inviderit,
1648 4925 1809 4977 quam
1832 4910 2077 4977 faciendo

523 4980 659 5034 satis
694 4977 833 5032 votis
868 4978 1116 5047 publicis.
1167 4989 1221 5031 et
1249 4978 1395 5052 _huic
1423 4977 1547 5052 _ipsi
1591 4976 1842 5052 orationi,
1866 4976 1986 5052 "qua
2020 4999 2079 5039 se.

523 5063 713 5103 aucmr
750 5054 870 5115 qua:
901 5055 1149 5117 spectant
1174 5047 1263 5117 _ad
1298 5048 1685 5117 virginitatem,
1720 5051 1773 5101 in
1813 5047 1919 5107 illis
1948 5070 2080 5105 κατ-

524 5117 875 5191 εστρωκέναι,
908 5133 1009 5191 ceu
1056 5115 1404 5191 fundamenta
1441 5118 1636 5191 jecisse
1664 5123 2081 5191 accuratiusque

524 5186 848 5260 exp'licasse,
872 5187 1109 5260 alioquin
1139 5186 1225 5238 hic
1253 5188 1593 5255 explicanda,
1628 5190 1810 5260 statim
1841 5186 2080 5260 pronun-

524 5256 643 5312 tia't.
679 5258 855 5312 Minus
890 5256 1153 5311 Pantinus
1183 5265 1544 5324 expresserat.
1567 5288 1637 5297 —
1662 5259 1782 5313 llaec
1810 5256 2083 5316 scribebat

524 5328 884 5401 lloinbefisius
931 5342 1077 5401 anno
1110 5325 1283 5401 lli“,
1312 5343 1421 5395 quo
1473 5342 1569 5401 sua
1606 5326 1946 5384 Methodiana
1983 5347 2084 5401 pu-

524 5397 823 5470 blicijurjs
855 5398 1000 5450 fecit.
1033 5396 1286 5449 Metliodii
1315 5403 1457 5470 enim
1480 5396 1828 5470 _Symposium
1850 5396 2082 5470 primum

526 5465 732 5536 prodiit
761 5466 962 5526 Romaz,
993 5480 1123 5519 cura
1172 5473 1225 5520 et
1266 5468 1446 5521 studio
1480 5465 1675 5521 lnionis
1706 5465 1909 5530 Allatii,
1942 5485 2086 5524 anno

528 5538 686 5598 1656,
741 5537 934 5591 deinde
991 5550 1134 5606 ann_o
1186 5536 1502 5606 insequente
1552 5538 1708 5604 1657,
1741 5538 1990 5606 Parisiis,
2019 5557 2086 5595 ex

527 5608 761 5660 editione
789 5606 1041 5661 Possinii.
1069 5604 1237 5658 GALL.

601 5676 711 5739 (54)
765 5672 1280 5745 Κατοπτριζόμεθα.
1344 5673 1580 5745 Respicit
1647 5676 1930 5733 Paulinum
1974 5695 2097 5733 κατ-

533 5745 926 5812 οπτριζόμενοι.
984 5744 1025 5798 ΙΙ
1058 5744 1186 5801 Cor.
1223 5760 1304 5807 tu,
1342 5744 1665 5817 ubi’Vulg”
1708 5751 2030 5817 speculantes
2070 5768 2088 5805 :

2243 4568 2353 4636 (55)
2393 4567 2509 4618 Ἐπ’
2539 4565 2710 4634 ὤμων
2742 4564 3026 4634 φέρουσα.
3067 4564 3284 4636 Bhrasi‘
3322 4565 3411 4618 illa
3458 4564 3601 4636 trita”
3636 4580 3745 4633 qua

2174 4632 2431 4699 dicimus,
2466 4632 2677 4705 tempus
2705 4632 2860 4690 triste
2911 4634 3116 4705 aliquid
3143 4635 3225 4688 vel
3261 4632 3499 4689 faustum
3531 4632 3745 4705 afferre.

2176 4706 2377 4760 Eodem
2410 4703 2842 4760 modo'Andreas
2889 4703 3033 4760 Cret.
3070 4712 3211 4759 orat.
3245 4706 3298 4758 in
3335 4706 3499 4757 natio.
3533 4703 3746 4767 Μαι-ξω,

2176 4776 2409 4846 ἡμέραν,
2428 4775 2592 4847 dicit,
2619 4774 2839 4847 πρώτην
2871 4775 2978 4847 τῷν
3011 4775 3231 4847 ἐορτῷν,
3262 4775 3529 4847 φέρουσαν
3551 4774 3616 4847 το
3632 4774 3751 4841 φῶς

2179 4843 2597 4917 τῆςπαρθενίας
2625 4843 2762 4917 ὑπὲρ
2792 4843 3052 4916 κεφαλῆς,
3073 4843 3231 4898 ’άίεηι
3263 4843 3396 4917 inter
3431 4846 3545 4917 _dies
3589 4843 3748 4913 festos

2178 4913 2426 4986 primunt.
2451 4916 2539 4982 qui
2560 4913 3062 4986 lumen-virginitatis
3086 4917 3138 4968 in
3161 4915 3327 4983 capite
3353 4913 3569 4986 bajuleﬁt.

2250 4985 2359 5054 (56)
2394 4983 2677 5039 Ἦλθεν...
2704 4983 2998 5055 gigas-(Bc.
3034 4985 3297 5053 Sicplaue
3321 4985 3752 5055 textusjungen-

2196 5054 2323 5126 dum
2356 5058 2523 5126 petit;
2570 5054 2739 5124 plana
2781 5056 3047 5109 allusione
3096 5057 3161 5108 ad
3222 5054 3352 5126 illud
3401 5055 3539 5126 ps_al.
3583 5068 3747 5107 xux:

2187 5124 2324 5196 Deus
2358 5124 2539 5180 noster
2574 5126 2843 5196 manifeste
2885 5128 3069 5191 veniet,
3119 5124 3375 5196 ἐμφανῶς
3402 5124 3552 5195 ἥξει·
3587 5137 3750 5196 quem

2181 5195 2360 5249 locum
2399 5204 2586 5249 auctor
2615 5195 2767 5249 alteri
2790 5194 2948 5250 Joan.
2986 5193 3283 5250 Iadnectit.
3326 5193 3506 5259 Quare
3569 5193 3752 5247 minus

2183 5274 2307 5334 apte
2330 5265 2862 5345 Pantinusjunxerat
2886 5266 3258 5334 sequentibus.
3279 5262 3435 5328 Quod
3466 5263 3593 5317 item
3599 5276 3756 5385 (prae-

2183 5335 2327 5385 cedit
2360 5335 2716 5385 ποοτύπωσιν
2743 5353 2836 5385 του
2864 5334 3014 5385 οἴκου
3060 5335 3341 5385 Ἀϐεδαοᾰ.
3367 5349 3472 5385 rem
3511 5334 3563 5385 in
3638 5347 3755 5385 omo

2183 5335 2327 5407 cedit
2360 5335 2716 5407 προτύπωσιν
2743 5334 2836 5388 τοῦ
2864 5334 3014 5407 οἴκου
3060 5335 3341 5405 Ἀϐεδαρᾰ,
3367 5349 3472 5388 rem
3511 5334 3563 5385 in
3599 5334 3755 5385 domo

2185 5404 2429 5475 Abedara
2449 5407 2867 5475 pra’ﬁguratam,
2895 5405 3088 5475 minus
3103 5404 3443 5475 expressum,
3481 5417 3599 5472 pro,
3617 5417 3758 5470 prte-

2187 5472 2458 5529 cedentem'
2475 5472 2699 5544 ﬁguram
2729 5492 2819 5529 seu
2848 5483 3025 5544 typum
3055 5472 3239 5526 domus
3268 5472 3538 5544 Abedara,
3558 5486 3588 5525 a
3623 5486 3753 5541 qua.

2188 5546 2265 5616 rei
2300 5542 2651 5616 praefigurata:
2680 5560 2742 5597 ac
2772 5542 3128 5616 prtes_igna_tae,
3182 5558 3375 5616 nempe
3416 5542 3620 5616 Marias1
3665 5550 3759 5594 aut

2188 5562 2265 5599 rei
2300 5560 2651 5616 prteuguratze
2680 5560 2742 5597 ac
2772 5560 3128 5615 praesrgnatae,
3182 5560 3304 5597 ncm
3416 5560 3615 5600 marrae.
3665 5560 3757 5594 aut

2188 5615 2350 5669 etiam
2379 5616 2599 5684 templo,
2621 5617 2673 5668 in
2697 5614 2842 5684 quod
2872 5614 2995 5684 viva
3015 5613 3103 5666 illa
3126 5628 3278 5684 arca.
3308 5560 3566 5669 82min“
3593 5609 3757 5667 Jesus

2192 5701 2386 5754 pompa
2420 5682 3091 5746 inducilnr,'rcvcrentiam
3129 5682 3405 5738 conciliat.

2261 5754 2370 5827 (57)
2442 5756 2593 5809 Ὑπό.
2622 5755 2781 5811 Forte
2807 5754 2969 5823 ὺπέρ,
3004 5763 3061 5808 ut
3091 5753 3236 5809 alibi.
