4110 6400
379 341 483 398 διο

1474 338 1711 396 SERMO
1752 340 1836 394 DE
1880 339 2181 397 SIMEONE
2217 338 2307 395 ΕΤ
2344 337 2579 395 ΑΝΝΛ.’

3506 344 3611 400 550

376 456 477 528 τῆς
504 454 748 526 ἐμψύχου
782 454 1016 508 κιϐωτοῦ
1038 494 1052 519 ,
1101 454 1176 519 ὡς
1207 455 1299 526 ἐπὶ
1348 453 1674 526 ἱλαστήριον,
1709 454 1801 508 ἐπὶ
1843 456 1946 525 γῆς

2046 455 2346 525 respiciens
2394 456 2456 509 ".
2514 453 2577 508 In
2628 437 2843 524 propria
2888 453 3151 517 Dominus
3221 458 3500 526 manifeste
3529 476 3614 513 ve-

377 544 669 620 πομπεύει.
689 545 903 617 Ταύτης
928 544 1279 615 προσψαύσας
1305 544 1560 616 τελώνης,
1593 545 1795 609 δίκαιος
1823 545 1943 597 ἀνα-

376 637 670 693 δείκνυται.
725 636 910 707 Ταύτῃ
982 634 1405 706 προσπελάσασα
1459 635 1653 705 πόρνη,
1713 632 1943 704 σώφρων

378 729 792 788 ἀναπλάττεται.
824 729 1007 803 Ταύτῃ
1041 728 1194 795 θίξας
1228 728 1448 800 λεπρὸς,
1482 726 1767 790 ἀνωδύνως
1806 727 1941 779 ἀνα-

376 823 714 894 χαλκεύεται.
776 821 979 888 Οὐδένα
1035 820 1369 874 ἀπωθεῖται·
1425 818 1615 873 οὐδένα
1660 818 1942 889 βδελύσσε-

374 930 482 966 ται.
538 912 823 965 Μεταδιδοῖ
872 912 977 965 τῶν
1015 910 1286 980 ὑγιεινῶν,
1347 911 1407 964 ού
1453 910 1943 982 μεταλαμϐάνουσα

374 1004 482 1060 τῶν
511 1004 767 1076 νοσερῶν·
819 1007 847 1057 ό
894 1004 1001 1077 γάρ
1029 1005 1129 1074 τῆς
1158 1003 1567 1075 φιλανθρωπίας
1610 1003 1813 1074 Κύριος
1846 1004 1943 1055 ἐπ-

373 1097 709 1153 αναπαύεται
753 1098 911 1168 αὐτῇ.
959 1097 1142 1150 Ταῦτα
1187 1098 1285 1168 τῆς
1324 1097 1450 1160 νέας
1490 1095 1711 1167 χάριτος
1741 1094 1809 1148 τὰ
1843 1093 1945 1147 δω-

375 1191 609 1263 ρήματα.
654 1188 824 1242 Τοῦτο
868 1190 1175 1260 πρόσφατον
1217 1190 1438 1259 γέγονεν
1486 1188 1590 1240 ὑπὸ
1629 1187 1719 1241 τὸν
1772 1185 1941 1257 ἥλιον,

372 1282 434 1334 οὐ
469 1280 634 1333 πάλχι
684 1280 924 1348 γεγονὸς,
972 1279 1077 1332 οὐδ’
1113 1275 1179 1334 αὖ
1225 1279 1521 1351 μετέπειτα
1560 1276 1940 1348 γενησόμενον.

372 1374 654 1448 Προὼρισε
688 1375 799 1446 (58)
833 1375 899 1428 δι’
922 1372 1117 1429 -οἶκτον
1147 1376 1239 1429 τὸν
1285 1375 1421 1445 πρὸς
1457 1376 1623 1446 ἡμᾶς,
1655 1371 1806 1447 ἦλθε,
1850 1372 1946 1425 καὶ

372 1468 654 1539 ἐπλήρωσε
689 1466 777 1520 διά
821 1466 1227 1539 φιλανθρωπίαν
1269 1467 1367 1539 τὴν
1420 1465 1570 1537 αὑτῷ
1605 1468 1941 1538 πρέπουσαν.

370 1558 610 1625 Εἰκότως
656 1560 786 1629 γοῦν
837 1561 930 1613 καὶ
970 1560 1268 1631 ἀνέκραγεν
1312 1563 1345 1631 ἡ
1382 1559 1504 1629 ἱερά
1550 1560 1804 1629 σάλπιγξ·
1867 1562 1945 1615 Τὰ

368 1652 589 1722 ἀρχαῖα
617 1651 944 1721 παρῆλθεν·
980 1651 1108 1706 ὶδοὺ
1154 1651 1364 1721 γέγονε
1410 1651 1480 1704 τὰ
1516 1650 1712 1704 πάντα
1747 1651 1941 1707 καινά.

369 1746 483 1799 Καὶ
512 1745 565 1798 τί
615 1748 869 1818 ἐννοήσω,
904 1746 935 1817 ἢ
973 1745 1024 1798 τί
1056 1744 1273 1816 λαλήσω
1307 1743 1527 1810 ἐπάξιον
1562 1744 1660 1815 τῆς
1707 1745 1940 1815 ἡμέρας,

366 1839 484 1900 τοῖς
534 1816 839 1905 ἀνεφίκτοις
870 1816 1347 1907 ἐπεκτεινόμενος;
1379 1835 1538 1907 Φέρει
1574 1835 1682 1907 γὰρ
1727 1836 1817 1888 ἀεὶ
1844 1837 1944 1908 τῆς
1977 1816 2016 1870 Β

367 1929 530 1997 ἁγίας
566 1930 837 2002 Παρθένου
868 1932 900 2001 ἠ
936 1930 1124 2000 μνήμη
1157 1928 1299 1982 κατά
1332 1928 1531 1993 παντὸς
1561 1929 1719 1998 λόγου
1761 1928 1828 1982 τὰ
1867 1947 1946 1982 νι-

366 2023 629 2094 κητήρια.
674 2023 772 2077 Διά
802 2040 883 2075 τοι
913 2022 1089 2086 τοῦτο,
1123 2021 1454 2091 δυσωπῆσαν
1496 2022 1625 2092 ἡμῖν
1656 2020 1752 2093 τὴν
1782 2020 1944 2075 ἀσθέ-

367 2131 521 2168 νειαν
562 2114 622 2167 τὸ
673 2114 901 2186 μέγεθος
946 2112 1053 2167 τῶν
1096 2113 1407 2185 ἐγκωμίων,
1451 2113 1541 2166 ἐπὶ
1584 2112 1675 2165 τὸν
1723 2112 1945 2166 δυνατὸν

366 2204 539 2278 ὕμνον
573 2206 1003 2277 καταφεύγωμεν
1037 2206 1131 2260 κα)⁸
1163 2207 1259 2278 τὴν
1280 2207 1532 2278 ἀκίνητον
1556 2202 1722 2278 ἧτταν
1748 2208 1946 2275 ἐγκαυ-

364 2299 668 2370 χησάμενοι
702 2299 833 2371 (59),
866 2299 943 2371 τῷ
993 2298 1257 2371 φιλεόρτῳ
1289 2298 1525 2371 Χριστοῦ
1569 2298 1804 2370 ποιμνίῳ
1849 2315 1944 2367 γε-

364 2391 597 2463 γηθότες
630 2392 1104 2465 συγχορεύσωμεν.
1137 2394 1207 2447 Σὺ
1239 2392 1295 2445 δέ
1335 2410 1443 2464 μοι,
1474 2387 1517 2446 ὧ
1552 2392 1823 2446 θειότατον
1851 2393 1945 2445 καὶ

367 2481 661 2555 ἱερώτατον
694 2485 1074 2556 ἀκροατήριον,
1111 2483 1171 2537 τὸ
1204 2483 1424 2553 σιγηλὸν
1465 2484 1641 2547 ἄσκει,
1675 2483 1822 2546 ὅπως
1854 2482 1944 2536 διὰ

360 2577 478 2631 τῶν
523 2576 779 2648 πορθμῶν
821 2575 931 2629 τῶν
980 2576 1160 2630 ἀκοῶν
1213 2575 1463 2648 γαληνῶς
1516 2578 1638 2639 ταῖς
1683 2574 1945 2638 διανοίαις

364 2668 775 2740 ἐγκαθορμισθῇ
824 2668 924 2739 τῆς
974 2667 1229 2739 ἀληθείας
1279 2666 1349 2721 τὰ
1401 2665 1677 2737 ἀγώγιμα.
1724 2666 1944 2738 Ἐορτὴν

363 2763 596 2835 ἄγομεν,
626 2763 725 2833 οὐχ
769 2760 1085 2832 Ἑλληνικῆς
1109 2758 1505 2830 εἰκαιομυθίας,
1539 2758 1820 2828 γελοποιὸν
1851 2759 1945 2811 καὶ

365 2853 734 2925 ἐμϐρόντητον
802 2850 938 2905 θεῶν
991 2850 1231 2905 ἑστίασιν
1295 2851 1587 2923 φέρουσαν,
1647 2849 1783 2903 ἀλλά
1841 2849 1943 2919 τῆς

366 2945 631 3001 ἁστέκτου
661 2943 816 3014 δόξης
846 2942 940 2998 τοῦ
984 2943 1077 2996 ἐπὶ
1108 2942 1324 2997 πάντων
1356 2940 1491 2995 Θεοῦ
1539 2940 1943 3010 ωγκατάόασιν

370 3037 693 3092 ἐκπαιδεύου
701 3053 814 3089 σαν.

2044 548 2119 600 nit
2153 547 2226 613 ¹³;
2268 548 2509 616 νὶνωιιιιε
2539 555 2593 601 et
2621 547 2872 601 animatae
2915 562 3076 612 areae,
3109 563 3207 603 ceu
3232 551 3610 620 propitiatorio

2044 641 2311 705 insidens,
2347 655 2544 711 pompa
2580 640 2633 693 in
2663 648 2809 693 terra
2861 640 3126 709 procedit.
3166 639 3318 696 lianc
3364 644 3612 712 publica-

2042 749 2149 788 nus
2180 733 2525 802 contingens,
2573 730 2756 801 justus
2806 732 3007 786 evadit.
3068 731 3207 786 Huic
3255 749 3314 788 se
3353 735 3609 793 meretrix

2045 826 2348 896 applicans,
2372 825 2520 880 velut
2547 838 2687 879 nova
2727 823 2944 878 lictione
2974 834 3126 880 casta
3157 826 3425 882 redditur.
3459 825 3611 882 Hane

2043 920 2293 989 leprosus
2322 925 2694 980 contrectans,
2748 917 2865 971 sine
2898 915 3086 973 dolore
3128 933 3317 981 sanus,
3354 920 3499 975 velut
3531 934 3614 976 ro-

2045 1010 2283 1065 cuditur.
2330 1008 2612 1064 Neminem
2661 1008 2892 1078 repellit,
2941 1010 3209 1064 neminem
3242 1011 3610 1068 abominatur.

2046 1103 2359 1172 lmpertitur
2379 1104 2669 1169 sanitates;
2702 1118 2808 1156 non
2827 1103 3116 1173 participat
3133 1104 3335 1174 aliquid
3363 1106 3608 1163 noxium.

2045 1192 2520 1263 Propensissimus
2548 1191 2692 1246 enim
2726 1206 2854 1260 erga
2885 1191 3132 1246 homines
3157 1191 3420 1249 Dominus
3467 1196 3520 1249 in
3547 1212 3611 1252 ea

2043 1283 2356 1354 requiescit.
2397 1281 2537 1337 Sunt
2566 1282 2680 1336 haec
2712 1297 2865 1337 novae
2895 1283 3082 1349 gratia:
3111 1298 3359 1340 munera.
3396 1283 3510 1340 Hoc
3532 1301 3614 1342 re-

2044 1392 2177 1431 cens
2205 1391 2515 1447 novumque
2549 1375 2746 1432 accidit
2800 1376 2903 1431 sub
2945 1377 3060 1430 sole
3100 1377 3179 1446 “;
3247 1394 3347 1433 nec
3376 1379 3504 1433 olim
3537 1378 3615 1433 fa-

2045 1476 2215 1532 ctum,
2244 1484 2343 1522 nec
2370 1477 2493 1538 post
2518 1467 2781 1523 futurum.
2815 1466 2967 1534 Quod
2993 1484 3091 1538 pro
3116 1484 3215 1524 sua
3243 1468 3391 1525 Deus
3423 1470 3477 1524 in
3512 1483 3616 1528 nos

2046 1560 2420 1616 misericordia
2453 1560 2835 1631 prmliniveral,
2868 1561 3048 1628 venit;
3084 1571 3138 1617 et
3189 1579 3286 1632 pro
3319 1578 3418 1618 sua
3449 1564 3615 1635 digna

2045 1667 2170 1723 erga
2204 1652 2498 1706 humanum
2534 1669 2705 1723 genus
2736 1655 3115 1724 propensione,
3173 1655 3288 1725 ipse
3348 1657 3611 1727 adimple-

2044 1742 2142 1795 vit.
2173 1744 2350 1809 Quare
2393 1743 2519 1813 jure
2553 1746 2760 1815 Optimo
2832 1761 2989 1799 sacra
3025 1746 3115 1799 illa
3150 1747 3277 1801 tuba
3312 1748 3552 1802 intonuit
3594 1768 3610 1807 ;

2056 1833 2240 1888 Vetera
2276 1836 2639 1901 transierunt;
2676 1853 2790 1891 ecce
2819 1838 2964 1905 facta
2995 1846 3119 1891 sunt
3160 1841 3338 1892 omnia
3380 1857 3513 1894 nova
3543 1841 3608 1895 ¹⁸.

2047 1926 2189 1993 Quid
2220 1943 2349 1983 vero
2378 1936 2558 1983 mente
2587 1930 2891 1999 concipiam
2919 1930 3118 2000 quidve
3146 1931 3359 2000 loquar,
3393 1932 3496 1987 hac
3529 1934 3612 1988 di-

2047 2034 2211 2088 gnum
2247 2017 2336 2073 die
2360 2019 2573 2075 enitens
2623 2020 2689 2074 ad
2736 2019 3095 2075 inconcessa?
3141 2019 3323 2075 Vincit
3370 2021 3514 2077 enim
3548 2038 3614 2079 ac

2047 2113 2207 2183 longe
2258 2120 2478 2183 superat
2536 2128 2753 2167 omnem
2806 2129 3134 2177 sermonem,
3187 2122 3387 2170 sanctae
3448 2115 3614 2186 hujus

2048 2201 2289 2273 Virginis
2322 2204 2607 2260 memoria.
2642 2202 2910 2270 Quocirca
2947 2205 3254 2261 deterrente
3287 2207 3481 2261 virium
3514 2224 3616 2262 no-

2052 2301 2288 2347 strarum
2320 2294 2743 2349 imbecillitatem
2774 2290 2991 2346 laudum
3019 2290 3189 2362 ipsius
3221 2295 3608 2362 magnitudine,

2050 2386 2116 2440 ad
2154 2387 2411 2457 hymnum
2443 2387 2616 2442 eidem
2646 2402 2744 2457 pro
2774 2387 2974 2457 ingenii
3007 2387 3177 2442 nostri
3215 2386 3472 2442 facultate
3521 2387 3620 2443 de-

2049 2478 2381 2531 cantandum
2426 2476 2837 2549 confugiamus;
2869 2493 3079 2549 nosque
3126 2479 3229 2549 ipsi
3268 2480 3619 2534 immobiliter

2049 2569 2222 2623 victos
2250 2568 2568 2639 gloriantes,
2607 2584 2716 2623 una
2748 2584 2871 2624 cum
2931 2569 3057 2625 festi
3112 2570 3358 2626 studioso
3412 2570 3617 2625 Christi

2049 2675 2231 2731 grege,
2261 2656 2502 2731 tripudib
2535 2660 2816 2717 saliamus.
2870 2660 2951 2716 Tu
2994 2677 3123 2717 vero
3168 2663 3300 2716 mihi
3335 2663 3390 2716 in
3429 2662 3619 2732 primis

2049 2753 2392 2809 divinissima
2425 2754 2907 2826 sacratissimaque
2956 2757 3167 2819 concio,
3205 2757 3480 2812 silentiam
3524 2771 3618 2811 co-

2049 2847 2168 2909 lito.
2185 2855 2244 2901 ιιι
2267 2862 2363 2917 per
2384 2848 2598 2901 aurium
2617 2847 2773 2904 sinus
2805 2849 2951 2903 velut
2972 2848 3345 2919 intelligentiae
3375 2855 3614 2918 portum,

2047 2938 2293 2994 veritatis
2325 2955 2532 2994 merces
2560 2938 2772 3009 placide
2804 2939 3129 2995 subintrent.
3159 2939 3375 2995 Festum
3406 2939 3618 3009 agimus

2048 3047 2157 3085 non
2198 3048 2265 3087 ex
2295 3031 2606 3087 Graacorum
2650 3032 2804 3087 vanis
2850 3033 3071 3096 fabulis,
3101 3033 3392 3088 ridiculum
3426 3027 3620 3086 attoni-

370 3143 596 3203 tamque
643 3132 867 3185 deorum
936 3128 1246 3184 convivium
1295 3142 1479 3183 secum
1518 3125 1829 3193 adducens;
1877 3123 1973 3181 sed
2011 3123 2157 3195 quod
2187 3125 2549 3197 importabilis
2584 3126 2788 3197 gloriae,
2818 3126 2938 3196 ejus
2986 3129 3075 3198 qui
3115 3137 3191 3181 est
3230 3142 3386 3195 super
3440 3122 3619 3179 omnia

374 3226 516 3281 Deus
558 3225 620 3291 ⁵⁸,
650 3222 907 3278 humilem
935 3221 1003 3276 ad
1030 3236 1133 3276 nos
1161 3220 1572 3284 demissionem,
1614 3219 1861 3275 edoceat.

445 3319 518 3371 B'.
557 3316 691 3387 Φέρε
721 3316 920 3380 τοίνυν,
954 3314 1242 3385 σεμνολόγε
1273 3312 1551 3385 κηρύκων,
1593 3314 1687 3368 καὶ
1721 3312 1941 3384 μέγιστε

2113 3302 2178 3360 ll.
2215 3303 2328 3376 Age
2356 3321 2486 3376 ergo
2508 3345 2521 3368 ,
2554 3304 2696 3359 inter
2740 3320 3019 3374 praecones
3052 3304 3375 3375 gravissime
3402 3321 3468 3362 ac
3498 3298 3631 3364 ma-V

375 3406 925 3481 «pocpqttbv,"ﬂaa‘ia,
958 3403 1025 3457 τὰ
1066 3404 1164 3474 τῆς
1210 3402 1418 3469 ἐνδόξου
1462 3401 1818 3473 πανηγύρεως
1851 3418 1942 3471 φι-

377 3498 591 3567 λοσόφει
634 3498 700 3567 τῇ
753 3494 1048 3564 Ἐκκλησία
1096 3495 1390 3565 μυστήρια,
1439 3492 1533 3546 καὶ
1563 3489 1800 3561 δαψιλῶς
1840 3492 1944 3560 ἐμ-

376 3589 676 3663 φορηθῆναι
719 3587 826 3641 τῶν
864 3584 1235 3657 ἀναφαιρέτων
1268 3583 1486 3653 ἀγαθῶν
1515 3583 1790 3655 πρότρεπε
1820 3580 1947 3644 τοὺς

376 3681 693 3744 καλλίστους
718 3679 1061 3749 δαιτυμόνας,
1102 3678 1248 3740 ὅπως
1279 3675 1357 3747 τῷ
1390 3675 1539 3747 παρά
1582 3675 1666 3728 σοὶ
1699 3674 1946 3745 ἐσόπτρῳ

374 3774 474 3844 τὴν
503 3774 632 3844 παρ’
658 3773 787 3843 ἡμῖν
813 3769 1066 3841 ἀλήθειαν
1090 3768 1426 3834 ἀντιζεύξας,
1461 3769 1537 3832 ὡς
1558 3767 1792 3838 ἀψευδὴς
1816 3766 1947 3818 ὑπο-

375 3864 571 3935 φήτης,
594 3864 748 3932 χεῖρα
777 3858 870 3912 ἐπὶ
902 3861 1057 3931 χεῖρα
1078 3861 1348 3931 κροτήσῃς
1368 3857 1447 3928 τῷ
1475 3858 1615 3912 τέλει
1640 3856 1745 3911 τῶν
1777 3858 1947 3928 προρ-

380 3954 610 4027 ρήσεων·
655 3950 938 4021 Ἐγένετο,
963 3951 1118 4021 φησι,
1135 3949 1242 4003 τοῦ
1263 3949 1540 4003 ἐνιαυτοῦ
1557 3945 1628 4005 οὗ
1645 3948 1945 4003 ἀπέθανεν
1976 3948 1991 3967 ¹

393 4040 570 4109 Ὀζίας
602 4044 634 4096 ὁ
662 4040 982 4107 βασιλεὺς,
1011 4035 1173 4092 εἶδον
1205 4038 1314 4092 τὸν
1351 4039 1571 4106 Κύριον
1609 4038 1946 4107 καθήμενον

376 4136 477 4189 ἐπὶ
522 4134 735 4202 θρόνου
771 4133 1014 4202 ὑψηλοῦ
1047 4132 1143 4187 καὶ
1189 4128 1547 4200 ἐπῃρμένου,
1579 4129 1676 4184 καὶ
1708 4127 1946 4197 πλήρης

377 4230 411 4281 ὀ
435 4222 598 4292 οἶκος
634 4224 743 4294 τῆς
771 4224 954 4293 δόξης
980 4223 1186 4278 αὐτοῦ.
1222 4222 1333 4275 Kal
1359 4221 1618 4292 σεραφὶμ
1652 4220 1947 4289 εἱστήκει-

372 4332 498 4372 σαν
538 4318 740 4380 κύκλῳ
784 4314 999 4369 αὑτοῦ·
1044 4313 1114 4379 ἐξ
1168 4313 1451 4384 πτέρυγες
1489 4313 1567 4379 τῷ
1599 4313 1710 4375 ἑνὶ,
1744 4313 1841 4366 καί
1876 4309 1945 4376 ἐξ

374 4405 662 4476 πτέρυγες
686 4404 765 4471 τῷ
794 4404 905 4458 ἐνί.
939 4404 1046 4459 Kal
1082 4404 1403 4473 ἐκέκραγεν
1438 4402 1638 4471 ἔτερος
1665 4403 1814 4471 πρὸς
1842 4402 1947 4455 τόν

374 4497 602 4566 ἕτερον,
643 4494 741 4549 καὶ
766 4494 1006 4564 ἔλεγον·
1038 4495 1258 4564 Ἄγιος,
1298 4494 1483 4566 ἅγιος,
1528 4493 1693 4565 ἅγιος
1732 4495 1946 4561 Κύριος

376 4587 638 4644 Σαϐαὼθ·
687 4586 927 4655 πλήρης
973 4582 1141 4641 πᾶσα
1186 4587 1225 4654 ἡ
1265 4583 1340 4655 γῆ
1364 4585 1475 4654 τῆς
1509 4585 1694 4654 δόξης
1733 4584 1939 4639 αὐτοῦ.

2046 3395 2190 3449 xime
2224 3395 2632 3465 prophetarum,
2663 3392 2824 3459 Isaia,
2857 3394 3106 3465 gloriosae
3139 3394 3475 3451 celebritatis
3521 3414 3615 3454 sa-

2046 3495 2320 3541 cramenta
2344 3488 2617 3558 sapienter
2652 3487 2928 3551 edissere;
2966 3486 3308 3555 Optimosque
3330 3488 3615 3554 convivas,

2046 3586 2107 3632 ut
2126 3579 2418 3635 stabilibus
2457 3578 2618 3633 bonis
2651 3578 2799 3648 large
2824 3585 3232 3642 exsaturentur,
3269 3577 3519 3648 impelle;
3558 3588 3619 3635 ut

2046 3676 2140 3723 tuo
2175 3670 2249 3723 illi
2300 3671 2524 3741 specqu
2555 3671 2835 3725 veritatem
2864 3677 3108 3724 nostram
3158 3685 3227 3723 ex
3262 3670 3492 3725 adverso
3523 3688 3621 3727 nec

2046 3768 2229 3826 ctens,
2262 3760 2710 3831 praedictionibus
2742 3760 2954 3815 sortitis
2982 3760 3272 3815 terminum
3298 3799 3314 3825 ,
3371 3769 3427 3814 ut
3455 3777 3619 3820 verus

2044 3859 2218 3917 vates,
2251 3867 2471 3907 manum
2505 3852 2572 3907 ad
2595 3852 2990 3907 manumlaatus
3021 3853 3366 3923 complodas:
3392 3851 3618 3908 Factum

2044 3958 2160 4011 est,
2210 3945 2421 4017 inquit-,
2455 3945 2508 3999 in
2545 3932 2683 3998 anno
2723 3960 2824 4015 quo
2880 3954 3120 3999 mortuus
3152 3954 3228 3999 est
3273 3944 3434 4001 Ozias
3490 3929 3616 4015 rei,

2045 4041 2152 4096 vidi
2180 4039 2458 4094 Dominum
2490 4037 2752 4092 sedentem
2788 4053 2945 4106 super
2981 4037 3224 4090 thronum
3256 4037 3519 4093 excelsum
3562 4047 3615 4093 et

2044 4133 2299 4188 eleuatum
2325 4146 2343 4184 :
2371 4140 2418 4185 et
2438 4130 2593 4200 plena
2623 4129 2809 4184 domus
2855 4129 3025 4200 gloria
3060 4129 3194 4197 ejus.
3235 4127 3304 4183 Et
3351 4131 3617 4200 seraphim

2046 4224 2257 4279 stabant
2278 4224 2332 4277 in
2359 4223 2584 4276 circuitu
2616 4222 2729 4290 ejus
2762 4238 2781 4275 :
2809 4237 2902 4275 sea:
2921 4221 3022 4276 ala:
3042 4222 3155 4284 uni,
3176 4230 3225 4274 et
3253 4237 3344 4275 sex
3374 4224 3476 4276 ala:
3500 4224 3614 4279 uni.

2048 4315 2117 4371 Et
2135 4314 2441 4370 clamabant
2459 4312 2598 4367 alter
2627 4312 2695 4366 ad
2728 4313 2977 4379 alterum,
3001 4322 3050 4366 et
3076 4311 3616 4383 dicebant:Sanctus,

2046 4417 2290 4472 sanctus,
2343 4416 2560 4462 sanctus
2606 4405 2862 4461 Dominus
2904 4404 3138 4459 Sabaoth
3183 4422 3201 4459 :
3250 4406 3405 4476 plena
3443 4408 3615 4461 omnis

2048 4509 2189 4553 terra
2226 4496 2397 4565 gloria
2449 4496 2582 4566 ejus.
2630 4495 2695 4549 Et
2726 4497 2982 4550 eleuatum
3025 4504 3103 4550 est
3138 4498 3541 4565 superliminare
3582 4516 3618 4554 a

2047 4606 2165 4645 uoce
2186 4606 2290 4660 qua
2320 4587 2662 4641 clamabant:
2686 4597 2734 4641 et
2758 4587 2944 4642 domus
2984 4587 3200 4657 impleta
3235 4596 3313 4643 est
3348 4588 3512 4658 fumo.
3547 4587 3619 4645 Et

375 4679 487 4737 Kal
511 4678 739 4747 ἐπήρθη
771 4678 837 4732 τὸ
861 4677 1195 4745 ὑπέρθυρον
1219 4677 1337 4732 ἀπὸ
1366 4676 1475 4746 τῆς
1496 4675 1698 4747 φωνῆς
1726 4671 1802 4748 ἧς
1823 4674 1946 4730 ἐκέ-

2046 4683 2159 4735 dixi
2187 4697 2204 4735 :
2233 4680 2277 4736 0
2308 4680 2466 4734 miser
2489 4696 2602 4750 ego,
2623 4679 2747 4750 quia
2771 4690 3110 4749 compunctus
3137 4695 3255 4734 sum
3279 4694 3297 4733 :
3318 4681 3442 4751 quia
3462 4681 3618 4736 homo

377 4788 620 4843 κραγον,
653 4770 749 4823 καί
782 4772 815 4823 ὀ
860 4764 1021 4835 οἶκος
1054 4766 1330 4838 ἐπλήσθη
1366 4769 1617 4826 καπνοῦ.
1650 4770 1760 4824 Kal
1783 4766 1939 4824 εἶπα·

373 4861 451 4921 Ὦ
490 4864 673 4930 τάλας
714 4861 847 4933 ἐγὼ,
891 4861 980 4914 ὅτι
1022 4861 1472 4933 κατανένυγιμαι·
1512 4861 1603 4915 ὅτι
1638 4861 1948 4931 ἅνθρωπος

2049 4790 2167 4827 cum
2200 4773 2329 4836 sim,
2352 4781 2400 4827 et
2423 4771 2696 4826 immunda
2730 4771 2872 4825 labia
2897 4771 3140 4834 habeam,
3173 4772 3228 4825 in
3252 4771 3420 4825 medio
3435 4771 3619 4841 populi

2048 4862 2323 4919 immunda
2359 4862 2502 4917 labia
2538 4862 2776 4917 habentis
2802 4861 3014 4926 habito;
3050 4873 3096 4917 et
3130 4879 3300 4932 regem
3330 4863 3613 4917 Dominum

373 4953 480 5016 ὢν,
514 4956 610 5009 καὶ
634 4954 936 5024 ἀκάθαρτα
959 4956 1129 5023 χείλη
1155 4954 1331 5025 ἔχων,
1354 4956 1423 5009 ἐν
1443 4956 1611 5025 μέσῳ
1638 4956 1790 5010 λαοῦ
1812 4954 1946 5010 ἀκά-

2049 4953 2282 5010 Sabaoth
2305 4955 2414 5009 vidi
2453 4956 2621 5009 oculis
2653 4956 2803 5009 meis.
2848 4953 2917 5008 Et
2949 4956 3144 5009 missus
3165 4963 3242 5009 est
3269 4954 3338 5007 ad
3365 4971 3446 5009 me
3480 4971 3617 5011 unus

377 5051 565 5117 θαρτα
583 5048 753 5116 χείλη
781 5047 1029 5117 ἔχοντος
1063 5046 1222 5111 οἰκῶ,
1254 5048 1350 5101 καὶ
1384 5047 1492 5101 τὸν
1522 5047 1787 5112 ,βασιλέα
1823 5046 1944 5102 Κύ-

370 5156 506 5209 ριον
532 5139 772 5194 Σαϐαὼθ
807 5136 971 5194 εἶδον
996 5140 1120 5207 τοῖς
1146 5140 1474 5211 ὀφθαλμοῖς
1509 5159 1648 5210 μου.
1697 5141 1807 5196 Kal
1834 5140 1947 5195 ἀπ-

374 5230 606 5300 εστάλη
633 5231 782 5300 πρὸς
801 5231 881 5303 μὲ
909 5231 978 5287 ἓν
1001 5230 1119 5286 τῶν
1146 5233 1424 5303 σεραερὶμ,
1460 5233 1558 5286 καὶ
1586 5232 1657 5285 έν
1686 5231 1763 5302 τῇ
1792 5232 1945 5302 χειρὶ

2046 5047 2109 5102 de
2148 5047 2412 5117 seraphin:
2432 5062 2452 5111 ;
2484 5056 2532 5101 et
2559 5047 2614 5099 in
2656 5063 2816 5101 manu
2853 5063 2952 5102 sua
2984 5046 3206 5101 habebat
3241 5046 3616 5101 carbunculum

2043 5155 2194 5210 quem
2214 5138 2411 5207 forcipe
2438 5137 2559 5192 tulit
2593 5136 2657 5192 ab
2689 5137 2964 5191 altari:et
3007 5137 3172 5208 tetigit
3217 5153 3274 5190 os
3325 5152 3525 5202 meum,
3566 5136 3637 5231 eti

2046 5231 2216 5285 dixit:
2238 5229 2373 5285 Ecce
2400 5230 2568 5301 tetigit
2590 5230 2685 5283 hoc
2702 5228 2846 5284 labia
2880 5238 2990 5295 tua,
3012 5237 3062 5284 et
3090 5228 3289 5299 auferet
3315 5229 3619 5300 iniquitates

451 5405 497 5441 ⁸³
519 5404 585 5463 ΙΙ
606 5405 729 5480 Reg.
765 5425 842 5474 vr,
874 5408 961 5463 10.
1038 5407 1262 5463 "Joan.
1296 5423 1335 5473 ι,
1362 5408 1419 5462 ll
1446 5428 1461 5476 ;
1496 5408 1645 5465 Psal.
1672 5423 1823 5472 χιιι,
1858 5407 1911 5463 3.

2063 5405 2236 5461 Eccle.
2272 5422 2308 5472 I,
2334 5406 2421 5461 10.
2500 5407 2542 5439 ¹⁵
2571 5404 2632 5460 II
2658 5404 2783 5463 Cor.
2818 5421 2873 5470 ν,
2894 5403 2981 5460 17.
3061 5403 3105 5435 ¹⁶
3131 5402 3283 5459 Rom.
3313 5421 3389 5471 ιι,
3421 5403 3476 5461 5.

453 5590 565 5656 (33)
588 5585 903 5655 Προὼρισε.
935 5586 1133 5644 Deessc
1163 5589 1376 5644 videtur
1400 5589 1449 5643 ὃ.

454 5664 564 5723 (59)
596 5658 713 5731 Τὴν
738 5658 1021 5731 ἀκίνητον
1046 5656 1232 5731 ἧτταν
1267 5657 1803 5731 ὲγχαᾼυχηονάμενοι.
1856 5656 1948 5714 Sic

386 5730 723 5784 retinendum
787 5730 1033 5800 videtur,
1071 5727 1343 5800 quidquid
1404 5727 1637 5783 Paulino
1695 5730 1947 5783 videatur

382 5800 702 5853 mutandum
743 5800 825 5863 τὸ,
877 5799 1155 5868 ἀκ-ίνητον
1209 5799 1261 5855 in
1317 5801 1621 5871 ἀν-ίκητον,
1655 5801 1946 5871 minusque

2054 5589 2191 5644 bene
2219 5587 2433 5650 reddat,
2459 5586 2648 5642 invicto
2670 5589 2765 5643 hoc
2790 5587 3071 5642 certamine
3091 5587 3271 5650 victos,
3294 5592 3401 5642 etc.
3433 5584 3618 5657 Signi-

2054 5661 2247 5712 licatur
2272 5658 2545 5713 excellens
2573 5659 2778 5714 Christi
2825 5658 3049 5712 victoria
3096 5658 3422 5728 laudumque
3472 5659 3615 5727 ejus.

2051 5746 2159 5799 qua
2194 5728 2452 5802 immobili
2475 5771 2500 5802 ,_
2529 5738 2586 5783 ut
2617 5746 2726 5787 non
2758 5728 2932 5802 possit
2960 5743 3072 5785 non
3126 5730 3402 5797 obtinere,
3457 5729 3618 5785 nobis

2050 5800 2428 5869 gratulandum
2458 5799 2550 5855 sit.
