  <div class='ocr_page' id='page_1' title='image "/cluster/home/n/w/nwhite01/storage/ocr_20150623/18/coo.31924054872985/191.png"; bbox 0 0 4110 6396; ppageno 0'>
   <div class='ocr_carea' id='block_1_1' title="bbox 492 328 598 383">
    <p class='ocr_par' dir='ltr' id='par_1_1' title="bbox 492 328 598 383">
     <span class='ocr_line' id='line_1_1' title="bbox 492 328 598 383; baseline 0 -1"><span class='ocrx_word' id='word_1_1' title='bbox 492 328 598 383; x_wconf 77' lang='grc'><strong>555</strong></span> 
     </span>
    </p>
   </div>
   <div class='ocr_carea' id='block_1_2' title="bbox 1445 321 2753 382">
    <p class='ocr_par' dir='ltr' id='par_1_2' title="bbox 1445 321 2753 382">
     <span class='ocr_line' id='line_1_2' title="bbox 1445 321 2753 382; baseline -0.001 -3"><span class='ocrx_word' id='word_1_2' title='bbox 1445 324 1505 380; x_wconf 86' lang='lat' dir='ltr'><strong>S.</strong></span> <span class='ocrx_word' id='word_1_3' title='bbox 1547 324 1876 380; x_wconf 79' lang='lat' dir='ltr'><strong>METHODII</strong></span> <span class='ocrx_word' id='word_1_4' title='bbox 1915 323 2226 382; x_wconf 81' lang='lat' dir='ltr'><strong>EPISCOPI</strong></span> <span class='ocrx_word' id='word_1_5' title='bbox 2267 323 2354 378; x_wconf 85' lang='lat' dir='ltr'><strong>ET</strong></span> <span class='ocrx_word' id='word_1_6' title='bbox 2394 321 2753 379; x_wconf 73' lang='lat' dir='ltr'><strong>MARTYRIS</strong></span> 
     </span>
    </p>
   </div>
   <div class='ocr_carea' id='block_1_3' title="bbox 3614 330 3721 386">
    <p class='ocr_par' dir='ltr' id='par_1_3' title="bbox 3614 330 3721 386">
     <span class='ocr_line' id='line_1_3' title="bbox 3614 330 3721 386; baseline 0.009 -1"><span class='ocrx_word' id='word_1_7' title='bbox 3614 330 3721 386; x_wconf 80' lang='lat'><strong>356</strong></span> 
     </span>
    </p>
   </div>
   <div class='ocr_carea' id='block_1_4' title="bbox 487 435 2056 515">
    <p class='ocr_par' dir='ltr' id='par_1_4' title="bbox 487 438 2056 511">
     <span class='ocr_line' id='line_1_4' title="bbox 487 438 2056 511; baseline -0.002 -14"><span class='ocrx_word' id='word_1_8' title='bbox 487 440 968 511; x_wconf 80' lang='lat' dir='ltr'><strong>virginitatemque</strong></span> <span class='ocrx_word' id='word_1_9' title='bbox 1006 438 1273 493; x_wconf 74' lang='lat' dir='ltr'><strong>naturalis</strong></span> <span class='ocrx_word' id='word_1_10' title='bbox 1299 438 1527 494; x_wconf 90' lang='lat' dir='ltr'><strong>unitatis</strong></span> <span class='ocrx_word' id='word_1_11' title='bbox 1572 439 1863 494; x_wconf 90' lang='lat' dir='ltr'><strong>indivisam</strong></span> <span class='ocrx_word' id='word_1_12' title='bbox 1911 439 2056 494; x_wconf 90' lang='lat' dir='ltr'><strong>inse-</strong></span> 
     </span>
    </p>
   </div>
   <div class='ocr_carea' id='block_1_5' title="bbox 2158 435 3724 515">
    <p class='ocr_par' dir='ltr' id='par_1_5' title="bbox 2158 435 3724 515">
     <span class='ocr_line' id='line_1_5' title="bbox 2158 435 3724 515; baseline 0.003 -24"><span class='ocrx_word' id='word_1_13' title='bbox 2158 438 2244 500; x_wconf 88' lang='grc' dir='ltr'><strong>δος</strong></span> <span class='ocrx_word' id='word_1_14' title='bbox 2301 437 2584 508; x_wconf 82' lang='grc' dir='ltr'>νυμφικῶς</span> <span class='ocrx_word' id='word_1_15' title='bbox 2644 435 2917 489; x_wconf 85' lang='grc' dir='ltr'>ὲνώσαντα</span> <span class='ocrx_word' id='word_1_16' title='bbox 2976 437 3152 508; x_wconf 80' lang='grc' dir='ltr'>ἑαυτῷ</span> <span class='ocrx_word' id='word_1_17' title='bbox 3193 438 3289 492; x_wconf 63' lang='grc' dir='ltr'><strong>τὸν</strong></span> <span class='ocrx_word' id='word_1_18' title='bbox 3359 440 3527 512; x_wconf 84' lang='grc' dir='ltr'>’Δδάμ</span> <span class='ocrx_word' id='word_1_19' title='bbox 3562 443 3724 515; x_wconf 85' lang='grc' dir='ltr'>ἀτρέ-</span> 
     </span>
    </p>
   </div>
   <div class='ocr_carea' id='block_1_6' title="bbox 486 530 2058 604">
    <p class='ocr_par' dir='ltr' id='par_1_6' title="bbox 486 530 2058 604">
     <span class='ocr_line' id='line_1_6' title="bbox 486 530 2058 604; baseline -0.001 -19"><span class='ocrx_word' id='word_1_20' title='bbox 486 532 895 604; x_wconf 82' lang='lat' dir='ltr'><strong>parabilemque</strong></span> <span class='ocrx_word' id='word_1_21' title='bbox 932 530 1277 585; x_wconf 82' lang='lat' dir='ltr'><strong>conservavit</strong></span> <span class='ocrx_word' id='word_1_22' title='bbox 1316 550 1329 584; x_wconf 88' lang='lat'><strong>:</strong></span> <span class='ocrx_word' id='word_1_23' title='bbox 1369 530 1571 600; x_wconf 84' lang='lat' dir='ltr'><strong>quique</strong></span> <span class='ocrx_word' id='word_1_24' title='bbox 1615 532 1669 584; x_wconf 92' lang='lat' dir='ltr'><strong>in</strong></span> <span class='ocrx_word' id='word_1_25' title='bbox 1712 530 1905 592; x_wconf 90' lang='lat' dir='ltr'><strong>terris,</strong></span> <span class='ocrx_word' id='word_1_26' title='bbox 1954 546 2058 584; x_wconf 87' lang='lat' dir='ltr'><strong>nu-</strong></span> 
     </span>
    </p>
   </div>
   <div class='ocr_carea' id='block_1_7' title="bbox 486 619 2058 694">
    <p class='ocr_par' dir='ltr' id='par_1_7' title="bbox 486 619 2058 694">
     <span class='ocr_line' id='line_1_7' title="bbox 486 619 2058 694; baseline 0 -18"><span class='ocrx_word' id='word_1_27' title='bbox 486 622 636 694; x_wconf 91' lang='lat' dir='ltr'><strong>ptiali</strong></span> <span class='ocrx_word' id='word_1_28' title='bbox 672 620 908 692; x_wconf 75' lang='lat' dir='ltr'><strong>Virginis</strong></span> <span class='ocrx_word' id='word_1_29' title='bbox 938 622 1199 687; x_wconf 86' lang='lat' dir='ltr'><strong>thalamo,</strong></span> <span class='ocrx_word' id='word_1_30' title='bbox 1217 619 1348 676; x_wconf 69' lang='lat' dir='ltr'><strong>Adae</strong></span> <span class='ocrx_word' id='word_1_31' title='bbox 1375 621 1478 676; x_wconf 84' lang='lat' dir='ltr'><strong>sibi</strong></span> <span class='ocrx_word' id='word_1_32' title='bbox 1505 630 1755 677; x_wconf 89' lang='lat' dir='ltr'><strong>naturam</strong></span> <span class='ocrx_word' id='word_1_33' title='bbox 1792 621 2058 677; x_wconf 90' lang='lat' dir='ltr'><strong>immobili</strong></span> 
     </span>
    </p>
   </div>
   <div class='ocr_carea' id='block_1_8' title="bbox 486 713 2055 785">
    <p class='ocr_par' dir='ltr' id='par_1_8' title="bbox 486 713 2055 785">
     <span class='ocr_line' id='line_1_8' title="bbox 486 713 2055 785; baseline 0.001 -18"><span class='ocrx_word' id='word_1_34' title='bbox 486 714 687 768; x_wconf 89' lang='lat' dir='ltr'><strong>unione</strong></span> <span class='ocrx_word' id='word_1_35' title='bbox 716 730 814 768; x_wconf 90' lang='lat' dir='ltr'><strong>ceu</strong></span> <span class='ocrx_word' id='word_1_36' title='bbox 846 730 1082 785; x_wconf 88' lang='lat' dir='ltr'><strong>sponsus</strong></span> <span class='ocrx_word' id='word_1_37' title='bbox 1102 713 1424 783; x_wconf 78' lang='lat' dir='ltr'><strong>conjunxit;</strong></span> <span class='ocrx_word' id='word_1_38' title='bbox 1461 729 1524 769; x_wconf 91' lang='lat' dir='ltr'><strong>ac</strong></span> <span class='ocrx_word' id='word_1_39' title='bbox 1551 714 1740 770; x_wconf 82' lang='lat' dir='ltr'><strong>Matris</strong></span> <span class='ocrx_word' id='word_1_40' title='bbox 1765 714 2055 785; x_wconf 83' lang='lat' dir='ltr'><strong>puritatem</strong></span> 
     </span>
    </p>
   </div>
   <div class='ocr_carea' id='block_1_9' title="bbox 486 805 2059 875">
    <p class='ocr_par' dir='ltr' id='par_1_9' title="bbox 486 805 2059 875">
     <span class='ocr_line' id='line_1_9' title="bbox 486 805 2059 875; baseline 0 -16"><span class='ocrx_word' id='word_1_41' title='bbox 486 805 812 859; x_wconf 87' lang='lat' dir='ltr'><strong>indivulsam</strong></span> <span class='ocrx_word' id='word_1_42' title='bbox 854 806 1339 875; x_wconf 85' lang='lat' dir='ltr'><strong>incorruptamque</strong></span> <span class='ocrx_word' id='word_1_43' title='bbox 1387 806 1623 860; x_wconf 81' lang='lat' dir='ltr'><strong>servavit</strong></span> <span class='ocrx_word' id='word_1_44' title='bbox 1675 825 1689 860; x_wconf 88' lang='lat'><strong>:</strong></span> <span class='ocrx_word' id='word_1_45' title='bbox 1728 820 1851 860; x_wconf 86' lang='lat' dir='ltr'><strong>eum</strong></span> <span class='ocrx_word' id='word_1_46' title='bbox 1905 805 2059 860; x_wconf 91' lang='lat' dir='ltr'><strong>deni-</strong></span> 
     </span>
    </p>
   </div>
   <div class='ocr_carea' id='block_1_10' title="bbox 486 898 2061 969">
    <p class='ocr_par' dir='ltr' id='par_1_10' title="bbox 486 898 2061 969">
     <span class='ocr_line' id='line_1_10' title="bbox 486 898 2061 969; baseline -0.001 -16"><span class='ocrx_word' id='word_1_47' title='bbox 486 914 613 969; x_wconf 86' lang='lat' dir='ltr'><strong>que,</strong></span> <span class='ocrx_word' id='word_1_48' title='bbox 648 900 740 968; x_wconf 89' lang='lat' dir='ltr'><strong>qui</strong></span> <span class='ocrx_word' id='word_1_49' title='bbox 794 899 849 953; x_wconf 89' lang='lat' dir='ltr'><strong>in</strong></span> <span class='ocrx_word' id='word_1_50' title='bbox 915 900 1167 969; x_wconf 87' lang='lat' dir='ltr'><strong>supernis</strong></span> <span class='ocrx_word' id='word_1_51' title='bbox 1229 899 1375 953; x_wconf 90' lang='lat' dir='ltr'><strong>nulla</strong></span> <span class='ocrx_word' id='word_1_52' title='bbox 1430 898 1783 968; x_wconf 83' lang='lat' dir='ltr'><strong>corruptione</strong></span> <span class='ocrx_word' id='word_1_53' title='bbox 1825 898 2061 967; x_wconf 83' lang='lat' dir='ltr'><strong>genitus,</strong></span> 
     </span>
    </p>
   </div>
   <div class='ocr_carea' id='block_1_11' title="bbox 487 986 1965 1058">
    <p class='ocr_par' dir='ltr' id='par_1_11' title="bbox 487 986 1965 1058">
     <span class='ocr_line' id='line_1_11' title="bbox 487 986 1965 1058; baseline -0.003 -13"><span class='ocrx_word' id='word_1_54' title='bbox 487 989 757 1045; x_wconf 72' lang='lat' dir='ltr'><strong>Ca‘terum</strong></span> <span class='ocrx_word' id='word_1_55' title='bbox 793 990 1095 1042; x_wconf 90' lang='lat' dir='ltr'><strong>orationem</strong></span> <span class='ocrx_word' id='word_1_56' title='bbox 1137 987 1203 1041; x_wconf 94' lang='lat' dir='ltr'><strong>ad</strong></span> <span class='ocrx_word' id='word_1_57' title='bbox 1239 988 1578 1058; x_wconf 88' lang='lat' dir='ltr'><strong>propositum</strong></span> <span class='ocrx_word' id='word_1_58' title='bbox 1616 986 1965 1042; x_wconf 85' lang='lat' dir='ltr'><strong>reducamus.</strong></span> 
     </span>
    </p>
   </div>
   <div class='ocr_carea' id='block_1_12' title="bbox 561 1077 2060 1149">
    <p class='ocr_par' dir='ltr' id='par_1_12' title="bbox 561 1077 2060 1149">
     <span class='ocr_line' id='line_1_12' title="bbox 561 1077 2060 1149; baseline -0.003 -15"><span class='ocrx_word' id='word_1_59' title='bbox 561 1078 651 1136; x_wconf 82' lang='lat' dir='ltr'><strong>IV.</strong></span> <span class='ocrx_word' id='word_1_60' title='bbox 685 1080 873 1149; x_wconf 79' lang='lat' dir='ltr'><strong>Itaque</strong></span> <span class='ocrx_word' id='word_1_61' title='bbox 905 1079 1094 1133; x_wconf 73' lang='lat' dir='ltr'><strong>eduxit</strong></span> <span class='ocrx_word' id='word_1_62' title='bbox 1143 1080 1405 1148; x_wconf 78' lang='lat' dir='ltr'><strong>prepheta</strong></span> <span class='ocrx_word' id='word_1_63' title='bbox 1444 1079 1718 1148; x_wconf 74' lang='lat' dir='ltr'><strong>Virginem</strong></span> <span class='ocrx_word' id='word_1_64' title='bbox 1776 1094 1840 1132; x_wconf 82' lang='lat' dir='ltr'><strong>ex</strong></span> <span class='ocrx_word' id='word_1_65' title='bbox 1884 1077 2060 1131; x_wconf 86' lang='lat' dir='ltr'><strong>Naza-</strong></span> 
     </span>
    </p>
   </div>
   <div class='ocr_carea' id='block_1_13' title="bbox 490 1170 2059 1236">
    <p class='ocr_par' dir='ltr' id='par_1_13' title="bbox 490 1170 2059 1236">
     <span class='ocr_line' id='line_1_13' title="bbox 490 1170 2059 1236; baseline -0.001 -11"><span class='ocrx_word' id='word_1_66' title='bbox 490 1173 631 1236; x_wconf 88' lang='lat' dir='ltr'><strong>reth,</strong></span> <span class='ocrx_word' id='word_1_67' title='bbox 656 1179 715 1225; x_wconf 91' lang='lat' dir='ltr'><strong>ut</strong></span> <span class='ocrx_word' id='word_1_68' title='bbox 742 1173 794 1225; x_wconf 92' lang='lat' dir='ltr'><strong>in</strong></span> <span class='ocrx_word' id='word_1_69' title='bbox 834 1171 1141 1225; x_wconf 75' lang='lat' dir='ltr'><strong>llethlehem</strong></span> <span class='ocrx_word' id='word_1_70' title='bbox 1176 1170 1344 1224; x_wconf 80' lang='lat' dir='ltr'><strong>fetum</strong></span> <span class='ocrx_word' id='word_1_71' title='bbox 1382 1171 1531 1223; x_wconf 86' lang='lat' dir='ltr'><strong>illum</strong></span> <span class='ocrx_word' id='word_1_72' title='bbox 1561 1170 1853 1223; x_wconf 86' lang='lat' dir='ltr'><strong>salutarem</strong></span> <span class='ocrx_word' id='word_1_73' title='bbox 1884 1170 2059 1224; x_wconf 85' lang='lat' dir='ltr'><strong>enite-</strong></span> 
     </span>
    </p>
   </div>
   <div class='ocr_carea' id='block_1_14' title="bbox 488 1259 2060 1330">
    <p class='ocr_par' dir='ltr' id='par_1_14' title="bbox 488 1259 2060 1330">
     <span class='ocr_line' id='line_1_14' title="bbox 488 1259 2060 1330; baseline -0.003 -14"><span class='ocrx_word' id='word_1_74' title='bbox 488 1270 675 1328; x_wconf 88' lang='lat' dir='ltr'><strong>retur;</strong></span> <span class='ocrx_word' id='word_1_75' title='bbox 728 1260 1080 1330; x_wconf 88' lang='lat' dir='ltr'><strong>eamdemque</strong></span> <span class='ocrx_word' id='word_1_76' title='bbox 1138 1259 1332 1314; x_wconf 86' lang='lat' dir='ltr'><strong>iterum</strong></span> <span class='ocrx_word' id='word_1_77' title='bbox 1392 1260 1648 1329; x_wconf 84' lang='lat' dir='ltr'><strong>propheta</strong></span> <span class='ocrx_word' id='word_1_78' title='bbox 1705 1259 1940 1323; x_wconf 81' lang='lat' dir='ltr'><strong>reduxit,</strong></span> <span class='ocrx_word' id='word_1_79' title='bbox 2003 1269 2060 1313; x_wconf 86' lang='lat' dir='ltr'><strong>ut</strong></span> 
     </span>
    </p>
   </div>
   <div class='ocr_carea' id='block_1_15' title="bbox 488 1349 2059 1427">
    <p class='ocr_par' dir='ltr' id='par_1_15' title="bbox 488 1349 2059 1427">
     <span class='ocr_line' id='line_1_15' title="bbox 488 1349 2059 1427; baseline -0.006 -15"><span class='ocrx_word' id='word_1_80' title='bbox 488 1372 638 1427; x_wconf 83' lang='lat' dir='ltr'><strong>spem</strong></span> <span class='ocrx_word' id='word_1_81' title='bbox 675 1355 817 1408; x_wconf 87' lang='lat' dir='ltr'><strong>illam</strong></span> <span class='ocrx_word' id='word_1_82' title='bbox 844 1353 967 1407; x_wconf 65' lang='lat' dir='ltr'><strong>vitae</strong></span> <span class='ocrx_word' id='word_1_83' title='bbox 1000 1352 1197 1406; x_wconf 84' lang='lat' dir='ltr'><strong>mundo</strong></span> <span class='ocrx_word' id='word_1_84' title='bbox 1223 1351 1610 1406; x_wconf 79' lang='lat' dir='ltr'><strong>manifestaret.</strong></span> <span class='ocrx_word' id='word_1_85' title='bbox 1639 1349 1865 1405; x_wconf 80' lang='lat' dir='ltr'><strong>Solvens</strong></span> <span class='ocrx_word' id='word_1_86' title='bbox 1891 1350 2059 1421; x_wconf 82' lang='lat' dir='ltr'><strong>igitur</strong></span> 
     </span>
    </p>
   </div>
   <div class='ocr_carea' id='block_1_16' title="bbox 486 1442 2054 1512">
    <p class='ocr_par' dir='ltr' id='par_1_16' title="bbox 486 1442 2054 1512">
     <span class='ocr_line' id='line_1_16' title="bbox 486 1442 2054 1512; baseline -0.004 -13"><span class='ocrx_word' id='word_1_87' title='bbox 486 1443 582 1499; x_wconf 87' lang='lat' dir='ltr'><strong>Dei</strong></span> <span class='ocrx_word' id='word_1_88' title='bbox 614 1457 738 1498; x_wconf 87' lang='lat' dir='ltr'><strong>arca</strong></span> <span class='ocrx_word' id='word_1_89' title='bbox 786 1458 851 1496; x_wconf 78' lang='lat' dir='ltr'><strong>ex</strong></span> <span class='ocrx_word' id='word_1_90' title='bbox 909 1442 1357 1497; x_wconf 78' lang='lat' dir='ltr'><strong>Bethlebeniitico</strong></span> <span class='ocrx_word' id='word_1_91' title='bbox 1414 1442 1715 1497; x_wconf 89' lang='lat' dir='ltr'><strong>diversorio</strong></span> <span class='ocrx_word' id='word_1_92' title='bbox 1746 1442 1879 1512; x_wconf 89' lang='lat' dir='ltr'><strong>(illic</strong></span> <span class='ocrx_word' id='word_1_93' title='bbox 1910 1442 2054 1496; x_wconf 87' lang='lat' dir='ltr'><strong>enim</strong></span> 
     </span>
    </p>
   </div>
   <div class='ocr_carea' id='block_1_17' title="bbox 487 1533 2055 1605">
    <p class='ocr_par' dir='ltr' id='par_1_17' title="bbox 487 1533 2055 1605">
     <span class='ocr_line' id='line_1_17' title="bbox 487 1533 2055 1605; baseline -0.002 -14"><span class='ocrx_word' id='word_1_94' title='bbox 487 1537 649 1592; x_wconf 87' lang='lat' dir='ltr'><strong>solvit</strong></span> <span class='ocrx_word' id='word_1_95' title='bbox 701 1535 801 1604; x_wconf 91' lang='lat' dir='ltr'><strong>legi</strong></span> <span class='ocrx_word' id='word_1_96' title='bbox 843 1535 1209 1605; x_wconf 88' lang='lat' dir='ltr'><strong>quadraginta</strong></span> <span class='ocrx_word' id='word_1_97' title='bbox 1245 1535 1476 1600; x_wconf 82' lang='lat' dir='ltr'><strong>dierum,</strong></span> <span class='ocrx_word' id='word_1_98' title='bbox 1532 1550 1639 1588; x_wconf 91' lang='lat' dir='ltr'><strong>non</strong></span> <span class='ocrx_word' id='word_1_99' title='bbox 1683 1535 1927 1603; x_wconf 62' lang='lat' dir='ltr'><strong>jnstitim,</strong></span> <span class='ocrx_word' id='word_1_100' title='bbox 1961 1533 2055 1588; x_wconf 91' lang='lat' dir='ltr'><strong>sed</strong></span> 
     </span>
    </p>
   </div>
   <div class='ocr_carea' id='block_1_18' title="bbox 485 1623 2057 1697">
    <p class='ocr_par' dir='ltr' id='par_1_18' title="bbox 485 1623 2057 1697">
     <span class='ocr_line' id='line_1_18' title="bbox 485 1623 2057 1697; baseline -0.002 -19"><span class='ocrx_word' id='word_1_101' title='bbox 485 1625 672 1697; x_wconf 75' lang='lat' dir='ltr'><strong>gratia:</strong></span> <span class='ocrx_word' id='word_1_102' title='bbox 703 1624 988 1693; x_wconf 81' lang='lat' dir='ltr'><strong>debitum),</strong></span> <span class='ocrx_word' id='word_1_103' title='bbox 1022 1624 1289 1694; x_wconf 78' lang='lat' dir='ltr'><strong>requievit</strong></span> <span class='ocrx_word' id='word_1_104' title='bbox 1321 1623 1373 1676; x_wconf 90' lang='lat' dir='ltr'><strong>in</strong></span> <span class='ocrx_word' id='word_1_105' title='bbox 1398 1623 1672 1677; x_wconf 86' lang='lat' dir='ltr'><strong>montibus</strong></span> <span class='ocrx_word' id='word_1_106' title='bbox 1706 1623 1835 1676; x_wconf 85' lang='lat' dir='ltr'><strong>Sion</strong></span> <span class='ocrx_word' id='word_1_107' title='bbox 1865 1643 1877 1677; x_wconf 95' lang='lat'><strong>:</strong></span> <span class='ocrx_word' id='word_1_108' title='bbox 1912 1623 2057 1677; x_wconf 83' lang='lat' dir='ltr'><strong>acci-</strong></span> 
     </span>
    </p>
   </div>
   <div class='ocr_carea' id='block_1_19' title="bbox 2163 527 3728 609">
    <p class='ocr_par' dir='ltr' id='par_1_19' title="bbox 2163 527 3728 609">
     <span class='ocr_line' id='line_1_19' title="bbox 2163 527 3728 609; baseline 0.003 -28"><span class='ocrx_word' id='word_1_109' title='bbox 2163 545 2308 592; x_wconf 89' lang='grc' dir='ltr'>πτως</span> <span class='ocrx_word' id='word_1_110' title='bbox 2342 528 2471 599; x_wconf 78' lang='grc'><strong>(47),</strong></span> <span class='ocrx_word' id='word_1_111' title='bbox 2515 528 2609 581; x_wconf 61' lang='grc' dir='ltr'><strong>καὶ¹</strong></span> <span class='ocrx_word' id='word_1_112' title='bbox 2655 527 3018 581; x_wconf 74' lang='grc' dir='ltr'><strong>ἀδιάσπαστον</strong></span> <span class='ocrx_word' id='word_1_113' title='bbox 3054 530 3143 582; x_wconf 68' lang='grc' dir='ltr'><strong>καὶ</strong></span> <span class='ocrx_word' id='word_1_114' title='bbox 3178 531 3466 602; x_wconf 43' lang='grc' dir='ltr'>ἀκήρατον,</span> <span class='ocrx_word' id='word_1_115' title='bbox 3490 533 3588 605; x_wconf 69' lang='grc' dir='ltr'>τὴν</span> <span class='ocrx_word' id='word_1_116' title='bbox 3630 554 3728 609; x_wconf 84' lang='grc' dir='ltr'>μη-</span> 
     </span>
    </p>
   </div>
   <div class='ocr_carea' id='block_1_20' title="bbox 2161 619 3725 697">
    <p class='ocr_par' dir='ltr' id='par_1_20' title="bbox 2161 619 3725 697">
     <span class='ocr_line' id='line_1_20' title="bbox 2161 619 3725 697; baseline 0.004 -24"><span class='ocrx_word' id='word_1_117' title='bbox 2161 621 2350 693; x_wconf 79' lang='grc' dir='ltr'>τρικὴν</span> <span class='ocrx_word' id='word_1_118' title='bbox 2391 620 2613 689; x_wconf 80' lang='grc' dir='ltr'><strong>ἁγνείαν</strong></span> <span class='ocrx_word' id='word_1_119' title='bbox 2649 619 3077 692; x_wconf 64' lang='grc' dir='ltr'>διατηρήσανταθ</span> <span class='ocrx_word' id='word_1_120' title='bbox 3131 623 3225 675; x_wconf 72' lang='grc' dir='ltr'>τὸν</span> <span class='ocrx_word' id='word_1_121' title='bbox 3266 624 3377 677; x_wconf 80' lang='grc' dir='ltr'><strong>ἀνω</strong></span> <span class='ocrx_word' id='word_1_122' title='bbox 3409 626 3725 697; x_wconf 78' lang='grc' dir='ltr'>ἀρῤεύστως</span> 
     </span>
    </p>
   </div>
   <div class='ocr_carea' id='block_1_21' title="bbox 2162 709 3727 783">
    <p class='ocr_par' dir='ltr' id='par_1_21' title="bbox 2162 709 3727 783">
     <span class='ocr_line' id='line_1_21' title="bbox 2162 709 3727 783; baseline 0.004 -21"><span class='ocrx_word' id='word_1_123' title='bbox 2162 709 2516 780; x_wconf 83' lang='grc' dir='ltr'><strong>γεννηθέντα,</strong></span> <span class='ocrx_word' id='word_1_124' title='bbox 2565 711 2659 764; x_wconf 65' lang='grc' dir='ltr'><strong>καλ⁸</strong></span> <span class='ocrx_word' id='word_1_125' title='bbox 2707 710 2857 763; x_wconf 85' lang='grc' dir='ltr'>κάτω</span> <span class='ocrx_word' id='word_1_126' title='bbox 2900 710 3190 782; x_wconf 79' lang='grc' dir='ltr'>ἀφράστως</span> <span class='ocrx_word' id='word_1_127' title='bbox 3247 714 3522 783; x_wconf 79' lang='grc' dir='ltr'><strong>τεχθέντα.</strong></span> <span class='ocrx_word' id='word_1_128' title='bbox 3588 715 3727 771; x_wconf 80' lang='grc' dir='ltr'>Ἀλλ’</span> 
     </span>
    </p>
   </div>
   <div class='ocr_carea' id='block_1_22' title="bbox 2163 802 3399 875">
    <p class='ocr_par' dir='ltr' id='par_1_22' title="bbox 2163 802 3399 875">
     <span class='ocr_line' id='line_1_22' title="bbox 2163 802 3399 875; baseline 0.002 -19"><span class='ocrx_word' id='word_1_129' title='bbox 2163 804 2256 856; x_wconf 76' lang='grc' dir='ltr'>ἐπὶ</span> <span class='ocrx_word' id='word_1_130' title='bbox 2281 804 2341 856; x_wconf 81' lang='grc' dir='ltr'>τὸ</span> <span class='ocrx_word' id='word_1_131' title='bbox 2365 803 2719 875; x_wconf 86' lang='grc' dir='ltr'>προκείμενον</span> <span class='ocrx_word' id='word_1_132' title='bbox 2741 802 3093 873; x_wconf 78' lang='grc' dir='ltr'>ἐπανάξωμεν</span> <span class='ocrx_word' id='word_1_133' title='bbox 3108 805 3197 856; x_wconf 80' lang='grc' dir='ltr'><strong>τὸν</strong></span> <span class='ocrx_word' id='word_1_134' title='bbox 3224 804 3399 874; x_wconf 82' lang='grc' dir='ltr'>λόγον.</span> 
     </span>
    </p>
   </div>
   <div class='ocr_carea' id='block_1_23' title="bbox 2120 894 3723 963">
    <p class='ocr_par' dir='ltr' id='par_1_23' title="bbox 2120 894 3723 963">
     <span class='ocr_line' id='line_1_23' title="bbox 2120 894 3723 963; baseline 0.004 -13"><span class='ocrx_word' id='word_1_135' title='bbox 2120 895 2379 951; x_wconf 82' lang='lat' dir='ltr'><strong>inellabili</strong></span> <span class='ocrx_word' id='word_1_136' title='bbox 2426 895 2481 949; x_wconf 92' lang='lat' dir='ltr'><strong>in</strong></span> <span class='ocrx_word' id='word_1_137' title='bbox 2524 895 2677 949; x_wconf 87' lang='lat' dir='ltr'><strong>hisce</strong></span> <span class='ocrx_word' id='word_1_138' title='bbox 2737 894 3087 951; x_wconf 81' lang='lat' dir='ltr'><strong>inferioribus</strong></span> <span class='ocrx_word' id='word_1_139' title='bbox 3136 898 3347 952; x_wconf 85' lang='lat' dir='ltr'><strong>ratione</strong></span> <span class='ocrx_word' id='word_1_140' title='bbox 3392 908 3556 956; x_wconf 87' lang='lat' dir='ltr'><strong>natus</strong></span> <span class='ocrx_word' id='word_1_141' title='bbox 3617 904 3723 963; x_wconf 76' lang='lat' dir='ltr'><strong>est.</strong></span> 
     </span>
    </p>
   </div>
   <div class='ocr_carea' id='block_1_24' title="bbox 2236 1070 3733 1152">
    <p class='ocr_par' dir='ltr' id='par_1_24' title="bbox 2236 1070 3733 1152">
     <span class='ocr_line' id='line_1_24' title="bbox 2236 1070 3733 1152; baseline 0.015 -39"><span class='ocrx_word' id='word_1_142' title='bbox 2236 1074 2308 1126; x_wconf 74' lang='grc' dir='ltr'><strong>Αν,</strong></span> <span class='ocrx_word' id='word_1_143' title='bbox 2335 1072 2625 1143; x_wconf 72' lang='grc' dir='ltr'>Προφήτης</span> <span class='ocrx_word' id='word_1_144' title='bbox 2675 1070 2962 1144; x_wconf 79' lang='grc' dir='ltr'>τοιγαροῦν</span> <span class='ocrx_word' id='word_1_145' title='bbox 2992 1073 3054 1126; x_wconf 81' lang='grc' dir='ltr'>ὲκ</span> <span class='ocrx_word' id='word_1_146' title='bbox 3076 1074 3327 1146; x_wconf 80' lang='grc' dir='ltr'>Ναζαρὲθ</span> <span class='ocrx_word' id='word_1_147' title='bbox 3355 1077 3596 1147; x_wconf 76' lang='grc' dir='ltr'>ἀνήγαγε</span> <span class='ocrx_word' id='word_1_148' title='bbox 3628 1080 3733 1152; x_wconf 82' lang='grc' dir='ltr'><strong>τὴν</strong></span> 
     </span>
    </p>
   </div>
   <div class='ocr_carea' id='block_1_25' title="bbox 2162 1163 3721 1241">
    <p class='ocr_par' dir='ltr' id='par_1_25' title="bbox 2162 1163 3721 1241">
     <span class='ocr_line' id='line_1_25' title="bbox 2162 1163 3721 1241; baseline 0.006 -24"><span class='ocrx_word' id='word_1_149' title='bbox 2162 1163 2435 1235; x_wconf 78' lang='grc' dir='ltr'>Παρθένον</span> <span class='ocrx_word' id='word_1_150' title='bbox 2454 1164 2759 1233; x_wconf 79' lang='grc' dir='ltr'>ἀποκυῆσαι</span> <span class='ocrx_word' id='word_1_151' title='bbox 2789 1165 2846 1216; x_wconf 84' lang='grc' dir='ltr'>ὲν</span> <span class='ocrx_word' id='word_1_152' title='bbox 2877 1164 3120 1234; x_wconf 84' lang='grc' dir='ltr'>Βηθλεὲμ</span> <span class='ocrx_word' id='word_1_153' title='bbox 3140 1167 3200 1219; x_wconf 81' lang='grc' dir='ltr'><strong>τὸ</strong></span> <span class='ocrx_word' id='word_1_154' title='bbox 3231 1168 3494 1239; x_wconf 79' lang='grc' dir='ltr'>σωτήριον</span> <span class='ocrx_word' id='word_1_155' title='bbox 3515 1169 3721 1241; x_wconf 88' lang='grc' dir='ltr'>κύημα·</span> 
     </span>
    </p>
   </div>
   <div class='ocr_carea' id='block_1_26' title="bbox 2162 1257 3726 1335">
    <p class='ocr_par' dir='ltr' id='par_1_26' title="bbox 2162 1257 3726 1335">
     <span class='ocr_line' id='line_1_26' title="bbox 2162 1257 3726 1335; baseline 0.004 -25"><span class='ocrx_word' id='word_1_156' title='bbox 2162 1259 2255 1311; x_wconf 74' lang='grc' dir='ltr'><strong>καὶ</strong></span> <span class='ocrx_word' id='word_1_157' title='bbox 2294 1258 2577 1328; x_wconf 74' lang='grc' dir='ltr'>προφήτης</span> <span class='ocrx_word' id='word_1_158' title='bbox 2622 1257 2890 1328; x_wconf 79' lang='grc' dir='ltr'>ἐξήγαγεν</span> <span class='ocrx_word' id='word_1_159' title='bbox 2928 1257 3035 1327; x_wconf 75' lang='grc'><strong>(48)</strong></span> <span class='ocrx_word' id='word_1_160' title='bbox 3079 1259 3371 1328; x_wconf 80' lang='grc' dir='ltr'>ἐμφανίσαι</span> <span class='ocrx_word' id='word_1_161' title='bbox 3416 1261 3493 1331; x_wconf 82' lang='grc' dir='ltr'><strong>τῷ</strong></span> <span class='ocrx_word' id='word_1_162' title='bbox 3539 1263 3726 1335; x_wconf 82' lang='grc' dir='ltr'>κόσμῳ</span> 
     </span>
    </p>
   </div>
   <div class='ocr_carea' id='block_1_27' title="bbox 2161 1348 3727 1425">
    <p class='ocr_par' dir='ltr' id='par_1_27' title="bbox 2161 1348 3727 1425">
     <span class='ocr_line' id='line_1_27' title="bbox 2161 1348 3727 1425; baseline 0.002 -24"><span class='ocrx_word' id='word_1_163' title='bbox 2161 1352 2260 1419; x_wconf 74' lang='grc' dir='ltr'>τῆς</span> <span class='ocrx_word' id='word_1_164' title='bbox 2295 1348 2438 1420; x_wconf 80' lang='grc' dir='ltr'>ζωῆς</span> <span class='ocrx_word' id='word_1_165' title='bbox 2489 1351 2585 1421; x_wconf 82' lang='grc' dir='ltr'>τὴν</span> <span class='ocrx_word' id='word_1_166' title='bbox 2618 1349 2826 1402; x_wconf 79' lang='grc' dir='ltr'>ἐλπίδα.</span> <span class='ocrx_word' id='word_1_167' title='bbox 2867 1348 3025 1402; x_wconf 84' lang='grc' dir='ltr'>Ὅθεν</span> <span class='ocrx_word' id='word_1_168' title='bbox 3074 1350 3323 1421; x_wconf 80' lang='grc' dir='ltr'>ἐπάρασα</span> <span class='ocrx_word' id='word_1_169' title='bbox 3366 1354 3429 1405; x_wconf 86' lang='grc' dir='ltr'>ὲκ</span> <span class='ocrx_word' id='word_1_170' title='bbox 3472 1354 3727 1425; x_wconf 83' lang='grc' dir='ltr'>σταθμῶν</span> 
     </span>
    </p>
   </div>
   <div class='ocr_carea' id='block_1_28' title="bbox 2164 1440 3726 1513">
    <p class='ocr_par' dir='ltr' id='par_1_28' title="bbox 2164 1440 3726 1513">
     <span class='ocr_line' id='line_1_28' title="bbox 2164 1440 3726 1513; baseline 0.005 -20"><span class='ocrx_word' id='word_1_171' title='bbox 2164 1441 2408 1512; x_wconf 85' lang='grc' dir='ltr'>Βηθλεὲμ</span> <span class='ocrx_word' id='word_1_172' title='bbox 2436 1444 2469 1513; x_wconf 83' lang='grc' dir='ltr'><strong>η</strong></span> <span class='ocrx_word' id='word_1_173' title='bbox 2508 1441 2734 1504; x_wconf 77' lang='grc' dir='ltr'>κιϐωτὸς</span> <span class='ocrx_word' id='word_1_174' title='bbox 2793 1440 2885 1494; x_wconf 90' lang='grc' dir='ltr'><strong>τοῦ</strong></span> <span class='ocrx_word' id='word_1_175' title='bbox 2918 1440 3051 1493; x_wconf 85' lang='grc' dir='ltr'>Θεοῦ</span> <span class='ocrx_word' id='word_1_176' title='bbox 3084 1441 3252 1513; x_wconf 82' lang='grc' dir='ltr'>(αὐτῷ</span> <span class='ocrx_word' id='word_1_177' title='bbox 3284 1442 3392 1513; x_wconf 82' lang='grc' dir='ltr'><strong>γάρ</strong></span> <span class='ocrx_word' id='word_1_178' title='bbox 3442 1445 3726 1501; x_wconf 77' lang='grc' dir='ltr'>ἀπετίννυε</span> 
     </span>
    </p>
   </div>
   <div class='ocr_carea' id='block_1_29' title="bbox 2162 1531 3722 1606">
    <p class='ocr_par' dir='ltr' id='par_1_29' title="bbox 2162 1531 3722 1606">
     <span class='ocr_line' id='line_1_29' title="bbox 2162 1531 3722 1606; baseline 0.003 -21"><span class='ocrx_word' id='word_1_179' title='bbox 2162 1532 2240 1603; x_wconf 80' lang='grc' dir='ltr'>τῷ</span> <span class='ocrx_word' id='word_1_180' title='bbox 2288 1533 2437 1603; x_wconf 75' lang='grc' dir='ltr'>νόμῳ</span> <span class='ocrx_word' id='word_1_181' title='bbox 2456 1532 2584 1601; x_wconf 81' lang='grc' dir='ltr'>’τῆς</span> <span class='ocrx_word' id='word_1_182' title='bbox 2634 1531 3123 1603; x_wconf 86' lang='grc' dir='ltr'>τεσσαρακοντάδος</span> <span class='ocrx_word' id='word_1_183' title='bbox 3161 1532 3259 1602; x_wconf 83' lang='grc' dir='ltr'>τὴν</span> <span class='ocrx_word' id='word_1_184' title='bbox 3284 1534 3343 1586; x_wconf 84' lang='grc' dir='ltr'><strong>ού</strong></span> <span class='ocrx_word' id='word_1_185' title='bbox 3374 1534 3513 1587; x_wconf 87' lang='grc' dir='ltr'>κατὰ</span> <span class='ocrx_word' id='word_1_186' title='bbox 3543 1536 3722 1606; x_wconf 85' lang='grc' dir='ltr'>χρέος,</span> 
     </span>
    </p>
   </div>
   <div class='ocr_carea' id='block_1_30' title="bbox 2161 1617 3727 1694">
    <p class='ocr_par' dir='ltr' id='par_1_30' title="bbox 2161 1617 3727 1694">
     <span class='ocr_line' id='line_1_30' title="bbox 2161 1617 3727 1694; baseline 0.003 -18"><span class='ocrx_word' id='word_1_187' title='bbox 2161 1623 2293 1677; x_wconf 85' lang='grc' dir='ltr'><strong>ἀλλά</strong></span> <span class='ocrx_word' id='word_1_188' title='bbox 2350 1622 2489 1675; x_wconf 83' lang='grc' dir='ltr'>κατὰ</span> <span class='ocrx_word' id='word_1_189' title='bbox 2536 1622 2694 1694; x_wconf 76' lang='grc' dir='ltr'>χάριν</span> <span class='ocrx_word' id='word_1_190' title='bbox 2741 1617 3009 1691; x_wconf 78' lang='grc' dir='ltr'>ὀφειλὴν),</span> <span class='ocrx_word' id='word_1_191' title='bbox 3047 1621 3136 1673; x_wconf 78' lang='grc' dir='ltr'>ἐπὶ</span> <span class='ocrx_word' id='word_1_192' title='bbox 3179 1621 3245 1674; x_wconf 86' lang='grc' dir='ltr'><strong>τά</strong></span> <span class='ocrx_word' id='word_1_193' title='bbox 3287 1622 3385 1694; x_wconf 75' lang='grc' dir='ltr'><strong>ὅρη</strong></span> <span class='ocrx_word' id='word_1_194' title='bbox 3418 1625 3727 1680; x_wconf 82' lang='grc' dir='ltr'>κατέπαυσε</span> 
     </span>
    </p>
   </div>
   <div class='ocr_carea' id='block_1_31' title="bbox 484 1712 2056 1788">
    <p class='ocr_par' dir='ltr' id='par_1_31' title="bbox 484 1715 2056 1788">
     <span class='ocr_line' id='line_1_31' title="bbox 484 1715 2056 1788; baseline -0.003 -17"><span class='ocrx_word' id='word_1_195' title='bbox 484 1718 755 1788; x_wconf 87' lang='lat' dir='ltr'><strong>piensque</strong></span> <span class='ocrx_word' id='word_1_196' title='bbox 783 1716 1096 1772; x_wconf 84' lang='lat' dir='ltr'><strong>castissime</strong></span> <span class='ocrx_word' id='word_1_197' title='bbox 1121 1717 1267 1773; x_wconf 84' lang='lat' dir='ltr'><strong>sinu.</strong></span> <span class='ocrx_word' id='word_1_198' title='bbox 1304 1725 1558 1785; x_wconf 87' lang='lat' dir='ltr'><strong>tanquam</strong></span> <span class='ocrx_word' id='word_1_199' title='bbox 1591 1715 1806 1769; x_wconf 85' lang='lat' dir='ltr'><strong>sublimi</strong></span> <span class='ocrx_word' id='word_1_200' title='bbox 1828 1715 2056 1783; x_wconf 90' lang='lat' dir='ltr'><strong>quodam</strong></span> 
     </span>
    </p>
   </div>
   <div class='ocr_carea' id='block_1_32' title="bbox 2158 1712 3724 1788">
    <p class='ocr_par' dir='ltr' id='par_1_32' title="bbox 2163 1712 3724 1786">
     <span class='ocr_line' id='line_1_32' title="bbox 2163 1712 3724 1786; baseline 0.001 -17"><span class='ocrx_word' id='word_1_201' title='bbox 2163 1716 2263 1786; x_wconf 71' lang='grc' dir='ltr'><strong>τῆς</strong></span> <span class='ocrx_word' id='word_1_202' title='bbox 2305 1714 2463 1779; x_wconf 82' lang='grc' dir='ltr'>Σιὼν,</span> <span class='ocrx_word' id='word_1_203' title='bbox 2501 1715 2594 1768; x_wconf 78' lang='grc' dir='ltr'>καὶ</span> <span class='ocrx_word' id='word_1_204' title='bbox 2643 1712 2982 1767; x_wconf 75' lang='grc' dir='ltr'>ἀναλαϐοῦσα</span> <span class='ocrx_word' id='word_1_205' title='bbox 3026 1718 3138 1777; x_wconf 85' lang='grc' dir='ltr'>τοῖς</span> <span class='ocrx_word' id='word_1_206' title='bbox 3178 1715 3463 1785; x_wconf 73' lang='grc' dir='ltr'>ἀκράντοις</span> <span class='ocrx_word' id='word_1_207' title='bbox 3484 1716 3724 1785; x_wconf 83' lang='grc' dir='ltr'>κόλποις,</span> 
     </span>
    </p>
   </div>
   <div class='ocr_carea' id='block_1_33' title="bbox 485 1804 2060 1877">
    <p class='ocr_par' dir='ltr' id='par_1_33' title="bbox 485 1804 2060 1877">
     <span class='ocr_line' id='line_1_33' title="bbox 485 1804 2060 1877; baseline -0.001 -14"><span class='ocrx_word' id='word_1_208' title='bbox 485 1816 538 1863; x_wconf 91' lang='lat' dir='ltr'><strong>et</strong></span> <span class='ocrx_word' id='word_1_209' title='bbox 561 1809 851 1863; x_wconf 89' lang='lat' dir='ltr'><strong>humanam</strong></span> <span class='ocrx_word' id='word_1_210' title='bbox 872 1824 1087 1863; x_wconf 88' lang='lat' dir='ltr'><strong>onmem</strong></span> <span class='ocrx_word' id='word_1_211' title='bbox 1111 1818 1363 1861; x_wconf 89' lang='lat' dir='ltr'><strong>naturam</strong></span> <span class='ocrx_word' id='word_1_212' title='bbox 1399 1816 1692 1877; x_wconf 78' lang='lat' dir='ltr'><strong>superante</strong></span> <span class='ocrx_word' id='word_1_213' title='bbox 1721 1809 1941 1871; x_wconf 89' lang='lat' dir='ltr'><strong>throno,</strong></span> <span class='ocrx_word' id='word_1_214' title='bbox 1963 1804 2060 1861; x_wconf 85' lang='lat' dir='ltr'><strong>Re-</strong></span> 
     </span>
    </p>
   </div>
   <div class='ocr_carea' id='block_1_34' title="bbox 484 1895 2061 1972">
    <p class='ocr_par' dir='ltr' id='par_1_34' title="bbox 484 1895 2061 1972">
     <span class='ocr_line' id='line_1_34' title="bbox 484 1895 2061 1972; baseline -0.004 -17"><span class='ocrx_word' id='word_1_215' title='bbox 484 1917 603 1972; x_wconf 91' lang='lat' dir='ltr'><strong>gem</strong></span> <span class='ocrx_word' id='word_1_216' title='bbox 633 1901 783 1955; x_wconf 89' lang='lat' dir='ltr'><strong>illum</strong></span> <span class='ocrx_word' id='word_1_217' title='bbox 821 1901 1099 1966; x_wconf 91' lang='lat' dir='ltr'><strong>omnium;</strong></span> <span class='ocrx_word' id='word_1_218' title='bbox 1125 1900 1298 1960; x_wconf 89' lang='lat' dir='ltr'><strong>illum,</strong></span> <span class='ocrx_word' id='word_1_219' title='bbox 1336 1898 1581 1968; x_wconf 87' lang='lat' dir='ltr'><strong>inquam,</strong></span> <span class='ocrx_word' id='word_1_220' title='bbox 1626 1898 1836 1962; x_wconf 84' lang='lat' dir='ltr'><strong>eodem,</strong></span> <span class='ocrx_word' id='word_1_221' title='bbox 1871 1895 1980 1949; x_wconf 83' lang='lat' dir='ltr'><strong>Deo</strong></span> <span class='ocrx_word' id='word_1_222' title='bbox 2007 1904 2061 1951; x_wconf 91' lang='lat' dir='ltr'><strong>et</strong></span> 
     </span>
    </p>
   </div>
   <div class='ocr_carea' id='block_1_35' title="bbox 485 1990 2062 2060">
    <p class='ocr_par' dir='ltr' id='par_1_35' title="bbox 485 1990 2062 2060">
     <span class='ocr_line' id='line_1_35' title="bbox 485 1990 2062 2060; baseline -0.003 -14"><span class='ocrx_word' id='word_1_223' title='bbox 485 1991 661 2059; x_wconf 87' lang='lat' dir='ltr'><strong>Patri,</strong></span> <span class='ocrx_word' id='word_1_224' title='bbox 697 1993 897 2047; x_wconf 87' lang='lat' dir='ltr'><strong>throno</strong></span> <span class='ocrx_word' id='word_1_225' title='bbox 931 1992 1222 2047; x_wconf 91' lang='lat' dir='ltr'><strong>sublimem</strong></span> <span class='ocrx_word' id='word_1_226' title='bbox 1256 1990 1475 2053; x_wconf 84' lang='lat' dir='ltr'><strong>Filium,</strong></span> <span class='ocrx_word' id='word_1_227' title='bbox 1514 2006 1616 2044; x_wconf 89' lang='lat' dir='ltr'><strong>ncc</strong></span> <span class='ocrx_word' id='word_1_228' title='bbox 1648 1990 1765 2060; x_wconf 90' lang='lat' dir='ltr'><strong>ipso</strong></span> <span class='ocrx_word' id='word_1_229' title='bbox 1795 1990 2062 2043; x_wconf 80' lang='lat' dir='ltr'><strong>exceden-</strong></span> 
     </span>
    </p>
   </div>
   <div class='ocr_carea' id='block_1_36' title="bbox 486 2083 2061 2154">
    <p class='ocr_par' dir='ltr' id='par_1_36' title="bbox 486 2083 2061 2154">
     <span class='ocr_line' id='line_1_36' title="bbox 486 2083 2061 2154; baseline -0.005 -13"><span class='ocrx_word' id='word_1_230' title='bbox 486 2094 635 2141; x_wconf 89' lang='lat' dir='ltr'><strong>tem:</strong></span> <span class='ocrx_word' id='word_1_231' title='bbox 671 2102 780 2140; x_wconf 90' lang='lat' dir='ltr'><strong>una</strong></span> <span class='ocrx_word' id='word_1_232' title='bbox 821 2086 932 2139; x_wconf 90' lang='lat' dir='ltr'><strong>illic</strong></span> <span class='ocrx_word' id='word_1_233' title='bbox 963 2100 1085 2140; x_wconf 90' lang='lat' dir='ltr'><strong>cum</strong></span> <span class='ocrx_word' id='word_1_234' title='bbox 1137 2094 1418 2154; x_wconf 89' lang='lat' dir='ltr'><strong>assumpta</strong></span> <span class='ocrx_word' id='word_1_235' title='bbox 1462 2100 1526 2139; x_wconf 84' lang='lat' dir='ltr'><strong>ex</strong></span> <span class='ocrx_word' id='word_1_236' title='bbox 1574 2084 1694 2153; x_wconf 91' lang='lat' dir='ltr'><strong>ipsa</strong></span> <span class='ocrx_word' id='word_1_237' title='bbox 1742 2083 2061 2136; x_wconf 84' lang='lat' dir='ltr'><strong>intemerata</strong></span> 
     </span>
    </p>
   </div>
   <div class='ocr_carea' id='block_1_37' title="bbox 483 2174 2059 2245">
    <p class='ocr_par' dir='ltr' id='par_1_37' title="bbox 483 2174 2059 2245">
     <span class='ocr_line' id='line_1_37' title="bbox 483 2174 2059 2245; baseline -0.003 -14"><span class='ocrx_word' id='word_1_238' title='bbox 483 2191 673 2242; x_wconf 90' lang='lat' dir='ltr'><strong>carne,</strong></span> <span class='ocrx_word' id='word_1_239' title='bbox 704 2176 878 2231; x_wconf 88' lang='lat' dir='ltr'><strong>eidem</strong></span> <span class='ocrx_word' id='word_1_240' title='bbox 912 2177 1282 2245; x_wconf 60' lang='lat' dir='ltr'><strong>praesentavit.</strong></span> <span class='ocrx_word' id='word_1_241' title='bbox 1314 2175 1572 2229; x_wconf 82' lang='lat' dir='ltr'><strong>Ascendit</strong></span> <span class='ocrx_word' id='word_1_242' title='bbox 1600 2176 1653 2227; x_wconf 90' lang='lat' dir='ltr'><strong>in</strong></span> <span class='ocrx_word' id='word_1_243' title='bbox 1678 2174 1934 2242; x_wconf 87' lang='lat' dir='ltr'><strong>templum</strong></span> <span class='ocrx_word' id='word_1_244' title='bbox 1968 2188 2059 2227; x_wconf 89' lang='lat' dir='ltr'><strong>sa-</strong></span> 
     </span>
    </p>
   </div>
   <div class='ocr_carea' id='block_1_38' title="bbox 484 2265 2062 2336">
    <p class='ocr_par' dir='ltr' id='par_1_38' title="bbox 484 2265 2062 2336">
     <span class='ocr_line' id='line_1_38' title="bbox 484 2265 2062 2336; baseline -0.001 -16"><span class='ocrx_word' id='word_1_245' title='bbox 484 2281 581 2320; x_wconf 86' lang='lat' dir='ltr'><strong>cra</strong></span> <span class='ocrx_word' id='word_1_246' title='bbox 613 2266 803 2332; x_wconf 74' lang='lat' dir='ltr'><strong>Mater,</strong></span> <span class='ocrx_word' id='word_1_247' title='bbox 842 2282 1042 2320; x_wconf 88' lang='lat' dir='ltr'><strong>novum</strong></span> <span class='ocrx_word' id='word_1_248' title='bbox 1077 2266 1180 2336; x_wconf 83' lang='lat' dir='ltr'><strong>legi</strong></span> <span class='ocrx_word' id='word_1_249' title='bbox 1209 2266 1522 2321; x_wconf 76' lang='lat' dir='ltr'><strong>exhibitura</strong></span> <span class='ocrx_word' id='word_1_250' title='bbox 1560 2265 1909 2327; x_wconf 85' lang='lat' dir='ltr'><strong>miraculum,</strong></span> <span class='ocrx_word' id='word_1_251' title='bbox 1934 2280 2062 2335; x_wconf 85' lang='lat' dir='ltr'><strong>pro-</strong></span> 
     </span>
    </p>
   </div>
   <div class='ocr_carea' id='block_1_39' title="bbox 484 2358 2059 2430">
    <p class='ocr_par' dir='ltr' id='par_1_39' title="bbox 484 2358 2059 2430">
     <span class='ocr_line' id='line_1_39' title="bbox 484 2358 2059 2430; baseline -0.003 -14"><span class='ocrx_word' id='word_1_252' title='bbox 484 2362 705 2430; x_wconf 89' lang='lat' dir='ltr'><strong>lemque</strong></span> <span class='ocrx_word' id='word_1_253' title='bbox 756 2360 849 2415; x_wconf 88' lang='lat' dir='ltr'><strong>diu</strong></span> <span class='ocrx_word' id='word_1_254' title='bbox 897 2360 1203 2430; x_wconf 74' lang='lat' dir='ltr'><strong>quaesitam,</strong></span> <span class='ocrx_word' id='word_1_255' title='bbox 1256 2374 1376 2428; x_wconf 64' lang='lat' dir='ltr'><strong>qua:</strong></span> <span class='ocrx_word' id='word_1_256' title='bbox 1431 2359 1688 2413; x_wconf 90' lang='lat' dir='ltr'><strong>nimirum</strong></span> <span class='ocrx_word' id='word_1_257' title='bbox 1740 2358 2059 2427; x_wconf 84' lang='lat' dir='ltr'><strong>virginalem</strong></span> 
     </span>
    </p>
   </div>
   <div class='ocr_carea' id='block_1_40' title="bbox 485 2451 2062 2522">
    <p class='ocr_par' dir='ltr' id='par_1_40' title="bbox 485 2451 2062 2522">
     <span class='ocr_line' id='line_1_40' title="bbox 485 2451 2062 2522; baseline -0.003 -13"><span class='ocrx_word' id='word_1_258' title='bbox 485 2454 703 2511; x_wconf 86' lang='lat' dir='ltr'><strong>vulvam</strong></span> <span class='ocrx_word' id='word_1_259' title='bbox 736 2453 971 2522; x_wconf 80' lang='lat' dir='ltr'><strong>aperuit,</strong></span> <span class='ocrx_word' id='word_1_260' title='bbox 1003 2468 1105 2506; x_wconf 87' lang='lat' dir='ltr'><strong>nec</strong></span> <span class='ocrx_word' id='word_1_261' title='bbox 1139 2460 1321 2506; x_wconf 89' lang='lat' dir='ltr'><strong>tamen</strong></span> <span class='ocrx_word' id='word_1_262' title='bbox 1347 2451 1672 2521; x_wconf 83' lang='lat' dir='ltr'><strong>virginitatis</strong></span> <span class='ocrx_word' id='word_1_263' title='bbox 1689 2451 1927 2506; x_wconf 89' lang='lat' dir='ltr'><strong>claustra</strong></span> <span class='ocrx_word' id='word_1_264' title='bbox 1949 2451 2062 2505; x_wconf 84' lang='lat' dir='ltr'><strong>dis-</strong></span> 
     </span>
    </p>
   </div>
   <div class='ocr_carea' id='block_1_41' title="bbox 485 2543 2059 2616">
    <p class='ocr_par' dir='ltr' id='par_1_41' title="bbox 485 2543 2059 2616">
     <span class='ocr_line' id='line_1_41' title="bbox 485 2543 2059 2616; baseline -0.003 -17"><span class='ocrx_word' id='word_1_265' title='bbox 485 2546 673 2616; x_wconf 88' lang='lat' dir='ltr'><strong>rupit:</strong></span> <span class='ocrx_word' id='word_1_266' title='bbox 706 2545 914 2614; x_wconf 84' lang='lat' dir='ltr'><strong>prolem</strong></span> <span class='ocrx_word' id='word_1_267' title='bbox 963 2544 1079 2615; x_wconf 88' lang='lat' dir='ltr'><strong>lege</strong></span> <span class='ocrx_word' id='word_1_268' title='bbox 1112 2544 1472 2614; x_wconf 87' lang='lat' dir='ltr'><strong>superiorem,</strong></span> <span class='ocrx_word' id='word_1_269' title='bbox 1505 2558 1623 2613; x_wconf 68' lang='lat' dir='ltr'><strong>quae</strong></span> <span class='ocrx_word' id='word_1_270' title='bbox 1673 2552 1852 2597; x_wconf 91' lang='lat' dir='ltr'><strong>tamen</strong></span> <span class='ocrx_word' id='word_1_271' title='bbox 1888 2543 2059 2613; x_wconf 89' lang='lat' dir='ltr'><strong>legem</strong></span> 
     </span>
    </p>
   </div>
   <div class='ocr_carea' id='block_1_42' title="bbox 486 2635 2056 2707">
    <p class='ocr_par' dir='ltr' id='par_1_42' title="bbox 486 2635 2056 2707">
     <span class='ocr_line' id='line_1_42' title="bbox 486 2635 2056 2707; baseline -0.003 -16"><span class='ocrx_word' id='word_1_272' title='bbox 486 2636 795 2707; x_wconf 82' lang='lat' dir='ltr'><strong>impleverit</strong></span> <span class='ocrx_word' id='word_1_273' title='bbox 822 2652 832 2689; x_wconf 94' lang='lat'><strong>:</strong></span> <span class='ocrx_word' id='word_1_274' title='bbox 869 2637 1073 2705; x_wconf 89' lang='lat' dir='ltr'><strong>prolem</strong></span> <span class='ocrx_word' id='word_1_275' title='bbox 1100 2646 1223 2689; x_wconf 87' lang='lat' dir='ltr'><strong>ortu</strong></span> <span class='ocrx_word' id='word_1_276' title='bbox 1256 2635 1491 2705; x_wconf 88' lang='lat' dir='ltr'><strong>priorem</strong></span> <span class='ocrx_word' id='word_1_277' title='bbox 1514 2675 1528 2699; x_wconf 93' lang='lat'><strong>,</strong></span> <span class='ocrx_word' id='word_1_278' title='bbox 1551 2635 2014 2705; x_wconf 84' lang='lat' dir='ltr'><strong>posterioremque</strong></span> <span class='ocrx_word' id='word_1_279' title='bbox 2043 2652 2056 2688; x_wconf 89' lang='lat'>:</span> 
     </span>
    </p>
   </div>
   <div class='ocr_carea' id='block_1_43' title="bbox 485 2727 2058 2801">
    <p class='ocr_par' dir='ltr' id='par_1_43' title="bbox 485 2727 2058 2801">
     <span class='ocr_line' id='line_1_43' title="bbox 485 2727 2058 2801; baseline -0.003 -18"><span class='ocrx_word' id='word_1_280' title='bbox 485 2730 694 2801; x_wconf 90' lang='lat' dir='ltr'><strong>prolem</strong></span> <span class='ocrx_word' id='word_1_281' title='bbox 734 2728 969 2798; x_wconf 91' lang='lat' dir='ltr'><strong>denique</strong></span> <span class='ocrx_word' id='word_1_282' title='bbox 1001 2744 1066 2782; x_wconf 76' lang='lat' dir='ltr'><strong>ex</strong></span> <span class='ocrx_word' id='word_1_283' title='bbox 1107 2728 1223 2797; x_wconf 88' lang='lat' dir='ltr'><strong>ipsa</strong></span> <span class='ocrx_word' id='word_1_284' title='bbox 1271 2728 1613 2780; x_wconf 89' lang='lat' dir='ltr'><strong>incarnatam</strong></span> <span class='ocrx_word' id='word_1_285' title='bbox 1669 2741 1835 2797; x_wconf 81' lang='lat' dir='ltr'><strong>supra</strong></span> <span class='ocrx_word' id='word_1_286' title='bbox 1888 2727 2058 2795; x_wconf 90' lang='lat' dir='ltr'><strong>legem</strong></span> 
     </span>
    </p>
   </div>
   <div class='ocr_carea' id='block_1_44' title="bbox 484 2817 2062 2888">
    <p class='ocr_par' dir='ltr' id='par_1_44' title="bbox 484 2817 2062 2888">
     <span class='ocr_line' id='line_1_44' title="bbox 484 2817 2062 2888; baseline -0.005 -12"><span class='ocrx_word' id='word_1_287' title='bbox 484 2828 713 2876; x_wconf 65' lang='lat' dir='ltr'><strong>natura.</strong></span> <span class='ocrx_word' id='word_1_288' title='bbox 732 2818 871 2873; x_wconf 83' lang='lat' dir='ltr'><strong>Nam</strong></span> <span class='ocrx_word' id='word_1_289' title='bbox 904 2818 1106 2888; x_wconf 87' lang='lat' dir='ltr'><strong>alioqui</strong></span> <span class='ocrx_word' id='word_1_290' title='bbox 1131 2818 1311 2872; x_wconf 89' lang='lat' dir='ltr'><strong>omnis</strong></span> <span class='ocrx_word' id='word_1_291' title='bbox 1332 2817 1513 2881; x_wconf 82' lang='lat' dir='ltr'><strong>vulva,</strong></span> <span class='ocrx_word' id='word_1_292' title='bbox 1530 2832 1594 2871; x_wconf 81' lang='lat' dir='ltr'><strong>ex</strong></span> <span class='ocrx_word' id='word_1_293' title='bbox 1620 2818 1718 2871; x_wconf 90' lang='lat' dir='ltr'><strong>viri</strong></span> <span class='ocrx_word' id='word_1_294' title='bbox 1752 2817 1903 2887; x_wconf 86' lang='lat' dir='ltr'><strong>prius</strong></span> <span class='ocrx_word' id='word_1_295' title='bbox 1927 2831 2062 2870; x_wconf 87' lang='lat' dir='ltr'><strong>con-</strong></span> 
     </span>
    </p>
   </div>
   <div class='ocr_carea' id='block_1_45' title="bbox 481 2907 2060 2983">
    <p class='ocr_par' dir='ltr' id='par_1_45' title="bbox 481 2907 2060 2983">
     <span class='ocr_line' id='line_1_45' title="bbox 481 2907 2060 2983; baseline -0.003 -17"><span class='ocrx_word' id='word_1_296' title='bbox 481 2912 769 2983; x_wconf 77' lang='lat' dir='ltr'><strong>iunctione</strong></span> <span class='ocrx_word' id='word_1_297' title='bbox 800 2918 985 2980; x_wconf 89' lang='lat' dir='ltr'><strong>aperta</strong></span> <span class='ocrx_word' id='word_1_298' title='bbox 1013 2917 1066 2964; x_wconf 90' lang='lat' dir='ltr'><strong>et</strong></span> <span class='ocrx_word' id='word_1_299' title='bbox 1116 2909 1324 2965; x_wconf 88' lang='lat' dir='ltr'><strong>semine</strong></span> <span class='ocrx_word' id='word_1_300' title='bbox 1373 2923 1692 2978; x_wconf 86' lang='lat' dir='ltr'><strong>conspersa,</strong></span> <span class='ocrx_word' id='word_1_301' title='bbox 1732 2907 2060 2978; x_wconf 84' lang='lat' dir='ltr'><strong>principium</strong></span> 
     </span>
    </p>
   </div>
   <div class='ocr_carea' id='block_1_46' title="bbox 485 3000 2062 3075">
    <p class='ocr_par' dir='ltr' id='par_1_46' title="bbox 485 3000 2062 3075">
     <span class='ocr_line' id='line_1_46' title="bbox 485 3000 2062 3075; baseline -0.004 -17"><span class='ocrx_word' id='word_1_302' title='bbox 485 3002 731 3075; x_wconf 87' lang='lat' dir='ltr'><strong>pariendi</strong></span> <span class='ocrx_word' id='word_1_303' title='bbox 766 3002 971 3073; x_wconf 87' lang='lat' dir='ltr'><strong>accipit</strong></span> <span class='ocrx_word' id='word_1_304' title='bbox 1008 3020 1022 3055; x_wconf 88' lang='lat'><strong>:</strong></span> <span class='ocrx_word' id='word_1_305' title='bbox 1056 3001 1448 3070; x_wconf 89' lang='lat' dir='ltr'><strong>doloribusque</strong></span> <span class='ocrx_word' id='word_1_306' title='bbox 1482 3000 1642 3054; x_wconf 87' lang='lat' dir='ltr'><strong>linem</strong></span> <span class='ocrx_word' id='word_1_307' title='bbox 1678 3000 1857 3069; x_wconf 88' lang='lat' dir='ltr'><strong>partui</strong></span> <span class='ocrx_word' id='word_1_308' title='bbox 1887 3000 2062 3069; x_wconf 88' lang='lat' dir='ltr'><strong>impo-</strong></span> 
     </span>
    </p>
   </div>
   <div class='ocr_carea' id='block_1_47' title="bbox 406 3066 2130 3164">
    <p class='ocr_par' dir='ltr' id='par_1_47' title="bbox 406 3066 2130 3164">
     <span class='ocr_line' id='line_1_47' title="bbox 406 3066 2130 3164; baseline -0.004 -14"><span class='ocrx_word' id='word_1_309' title='bbox 406 3112 417 3125; x_wconf 87' lang='grc'><strong>·</strong></span> <span class='ocrx_word' id='word_1_310' title='bbox 485 3066 765 3157; x_wconf 67' lang='lat' dir='ltr'><strong>hentibus,</strong></span> <span class='ocrx_word' id='word_1_311' title='bbox 799 3066 1011 3149; x_wconf 77' lang='lat' dir='ltr'><strong>ratione</strong></span> <span class='ocrx_word' id='word_1_312' title='bbox 1039 3094 1255 3148; x_wconf 90' lang='lat' dir='ltr'><strong>tandem</strong></span> <span class='ocrx_word' id='word_1_313' title='bbox 1282 3066 1567 3164; x_wconf 66' lang='lat' dir='ltr'><strong>prieditum</strong></span> <span class='ocrx_word' id='word_1_314' title='bbox 1607 3066 2062 3147; x_wconf 81' lang='lat' dir='ltr'><strong>consentaneum-</strong></span> <span class='ocrx_word' id='word_1_315' title='bbox 2088 3066 2130 3125; x_wconf 67' lang='grc' dir='ltr'><strong>δ</strong></span> 
     </span>
    </p>
   </div>
   <div class='ocr_carea' id='block_1_48' title="bbox 486 3184 2063 3260">
    <p class='ocr_par' dir='ltr' id='par_1_48' title="bbox 486 3184 2063 3260">
     <span class='ocr_line' id='line_1_48' title="bbox 486 3184 2063 3260; baseline -0.004 -17"><span class='ocrx_word' id='word_1_316' title='bbox 486 3205 593 3260; x_wconf 88' lang='lat' dir='ltr'><strong>que</strong></span> <span class='ocrx_word' id='word_1_317' title='bbox 624 3198 831 3244; x_wconf 67' lang='lat' dir='ltr'><strong>naturae</strong></span> <span class='ocrx_word' id='word_1_318' title='bbox 852 3187 1109 3249; x_wconf 76' lang='lat' dir='ltr'><strong>fructum,</strong></span> <span class='ocrx_word' id='word_1_319' title='bbox 1148 3185 1239 3241; x_wconf 89' lang='lat' dir='ltr'><strong>Dei</strong></span> <span class='ocrx_word' id='word_1_320' title='bbox 1264 3185 1542 3240; x_wconf 90' lang='lat' dir='ltr'><strong>Creatoris</strong></span> <span class='ocrx_word' id='word_1_321' title='bbox 1581 3184 1866 3255; x_wconf 88' lang='lat' dir='ltr'><strong>sapientia,</strong></span> <span class='ocrx_word' id='word_1_322' title='bbox 1890 3184 1945 3238; x_wconf 93' lang='lat' dir='ltr'><strong>in</strong></span> <span class='ocrx_word' id='word_1_323' title='bbox 1980 3184 2063 3238; x_wconf 84' lang='lat' dir='ltr'><strong>lu-</strong></span> 
     </span>
    </p>
   </div>
   <div class='ocr_carea' id='block_1_49' title="bbox 486 3277 2060 3351">
    <p class='ocr_par' dir='ltr' id='par_1_49' title="bbox 486 3277 2060 3351">
     <span class='ocr_line' id='line_1_49' title="bbox 486 3277 2060 3351; baseline -0.003 -15"><span class='ocrx_word' id='word_1_324' title='bbox 486 3296 605 3336; x_wconf 80' lang='lat' dir='ltr'><strong>cem</strong></span> <span class='ocrx_word' id='word_1_325' title='bbox 641 3282 955 3351; x_wconf 62' lang='lat' dir='ltr'><strong>edit,juata</strong></span> <span class='ocrx_word' id='word_1_326' title='bbox 999 3280 1129 3334; x_wconf 88' lang='lat' dir='ltr'><strong>illud</strong></span> <span class='ocrx_word' id='word_1_327' title='bbox 1168 3279 1412 3333; x_wconf 90' lang='lat' dir='ltr'><strong>divinum</strong></span> <span class='ocrx_word' id='word_1_328' title='bbox 1467 3279 1707 3334; x_wconf 84' lang='lat' dir='ltr'><strong>scitum:</strong></span> <span class='ocrx_word' id='word_1_329' title='bbox 1744 3277 1974 3333; x_wconf 76' lang='lat' dir='ltr'><strong>Crescite</strong></span> <span class='ocrx_word' id='word_1_330' title='bbox 2013 3289 2060 3332; x_wconf 84' lang='lat' dir='ltr'><strong>et</strong></span> 
     </span>
    </p>
   </div>
   <div class='ocr_carea' id='block_1_50' title="bbox 484 3369 2060 3443">
    <p class='ocr_par' dir='ltr' id='par_1_50' title="bbox 484 3369 2060 3443">
     <span class='ocr_line' id='line_1_50' title="bbox 484 3369 2060 3443; baseline -0.001 -17"><span class='ocrx_word' id='word_1_331' title='bbox 484 3373 931 3442; x_wconf 59' lang='lat' dir='ltr'><strong>multiplicamini,</strong></span> <span class='ocrx_word' id='word_1_332' title='bbox 968 3381 1017 3426; x_wconf 87' lang='lat' dir='ltr'><strong>et</strong></span> <span class='ocrx_word' id='word_1_333' title='bbox 1067 3372 1259 3443; x_wconf 83' lang='lat' dir='ltr'><strong>replete</strong></span> <span class='ocrx_word' id='word_1_334' title='bbox 1316 3380 1509 3423; x_wconf 87' lang='lat' dir='ltr'><strong>terram</strong></span> <span class='ocrx_word' id='word_1_335' title='bbox 1532 3370 1617 3437; x_wconf 77' lang='lat'><strong>&quot;;</strong></span> <span class='ocrx_word' id='word_1_336' title='bbox 1659 3369 1825 3441; x_wconf 80' lang='lat' dir='ltr'><strong>hujus</strong></span> <span class='ocrx_word' id='word_1_337' title='bbox 1880 3379 2060 3425; x_wconf 91' lang='lat' dir='ltr'><strong>autem</strong></span> 
     </span>
    </p>
   </div>
   <div class='ocr_carea' id='block_1_51' title="bbox 485 3462 2061 3536">
    <p class='ocr_par' dir='ltr' id='par_1_51' title="bbox 485 3462 2061 3536">
     <span class='ocr_line' id='line_1_51' title="bbox 485 3462 2061 3536; baseline -0.002 -17"><span class='ocrx_word' id='word_1_338' title='bbox 485 3476 696 3532; x_wconf 86' lang='lat' dir='ltr'><strong>uterus,</strong></span> <span class='ocrx_word' id='word_1_339' title='bbox 729 3482 909 3536; x_wconf 90' lang='lat' dir='ltr'><strong>neque</strong></span> <span class='ocrx_word' id='word_1_340' title='bbox 966 3467 1119 3535; x_wconf 92' lang='lat' dir='ltr'><strong>prius</strong></span> <span class='ocrx_word' id='word_1_341' title='bbox 1170 3473 1414 3535; x_wconf 84' lang='lat' dir='ltr'><strong>apertus,</strong></span> <span class='ocrx_word' id='word_1_342' title='bbox 1459 3478 1634 3534; x_wconf 91' lang='lat' dir='ltr'><strong>neque</strong></span> <span class='ocrx_word' id='word_1_343' title='bbox 1686 3462 1894 3518; x_wconf 87' lang='lat' dir='ltr'><strong>semine</strong></span> <span class='ocrx_word' id='word_1_344' title='bbox 1928 3479 2061 3517; x_wconf 90' lang='lat' dir='ltr'><strong>con-</strong></span> 
     </span>
    </p>
   </div>
   <div class='ocr_carea' id='block_1_52' title="bbox 485 3558 2062 3630">
    <p class='ocr_par' dir='ltr' id='par_1_52' title="bbox 485 3558 2062 3630">
     <span class='ocr_line' id='line_1_52' title="bbox 485 3558 2062 3630; baseline -0.003 -16"><span class='ocrx_word' id='word_1_345' title='bbox 485 3573 731 3630; x_wconf 80' lang='lat' dir='ltr'><strong>spersus,</strong></span> <span class='ocrx_word' id='word_1_346' title='bbox 769 3559 1006 3612; x_wconf 82' lang='lat' dir='ltr'><strong>fructum</strong></span> <span class='ocrx_word' id='word_1_347' title='bbox 1039 3558 1190 3613; x_wconf 92' lang='lat' dir='ltr'><strong>illum</strong></span> <span class='ocrx_word' id='word_1_348' title='bbox 1224 3572 1390 3627; x_wconf 89' lang='lat' dir='ltr'><strong>supra</strong></span> <span class='ocrx_word' id='word_1_349' title='bbox 1435 3564 1709 3621; x_wconf 88' lang='lat' dir='ltr'><strong>naturam,</strong></span> <span class='ocrx_word' id='word_1_350' title='bbox 1742 3564 1951 3611; x_wconf 73' lang='lat' dir='ltr'><strong>natura:</strong></span> <span class='ocrx_word' id='word_1_351' title='bbox 1985 3564 2062 3610; x_wconf 84' lang='lat' dir='ltr'><strong>ta-</strong></span> 
     </span>
    </p>
   </div>
   <div class='ocr_carea' id='block_1_53' title="bbox 484 3649 2063 3721">
    <p class='ocr_par' dir='ltr' id='par_1_53' title="bbox 484 3649 2063 3721">
     <span class='ocr_line' id='line_1_53' title="bbox 484 3649 2063 3721; baseline -0.001 -17"><span class='ocrx_word' id='word_1_352' title='bbox 484 3666 610 3704; x_wconf 89' lang='lat' dir='ltr'><strong>men</strong></span> <span class='ocrx_word' id='word_1_353' title='bbox 646 3658 959 3721; x_wconf 86' lang='lat' dir='ltr'><strong>cognatum,</strong></span> <span class='ocrx_word' id='word_1_354' title='bbox 986 3651 1329 3719; x_wconf 89' lang='lat' dir='ltr'><strong>germinavit,</strong></span> <span class='ocrx_word' id='word_1_355' title='bbox 1355 3649 1516 3721; x_wconf 89' lang='lat' dir='ltr'><strong>idque</strong></span> <span class='ocrx_word' id='word_1_356' title='bbox 1547 3649 1681 3702; x_wconf 89' lang='lat' dir='ltr'><strong>citra</strong></span> <span class='ocrx_word' id='word_1_357' title='bbox 1719 3650 1888 3703; x_wconf 92' lang='lat' dir='ltr'><strong>ullum</strong></span> <span class='ocrx_word' id='word_1_358' title='bbox 1926 3649 2063 3703; x_wconf 90' lang='lat' dir='ltr'><strong>indi-</strong></span> 
     </span>
    </p>
   </div>
   <div class='ocr_carea' id='block_1_54' title="bbox 484 3740 2062 3811">
    <p class='ocr_par' dir='ltr' id='par_1_54' title="bbox 484 3740 2062 3811">
     <span class='ocr_line' id='line_1_54' title="bbox 484 3740 2062 3811; baseline -0.001 -15"><span class='ocrx_word' id='word_1_359' title='bbox 484 3742 655 3797; x_wconf 72' lang='lat' dir='ltr'><strong>vulsze</strong></span> <span class='ocrx_word' id='word_1_360' title='bbox 708 3741 937 3797; x_wconf 88' lang='lat' dir='ltr'><strong>unitatis</strong></span> <span class='ocrx_word' id='word_1_361' title='bbox 993 3742 1380 3797; x_wconf 86' lang='lat' dir='ltr'><strong>detrimentum</strong></span> <span class='ocrx_word' id='word_1_362' title='bbox 1404 3783 1418 3805; x_wconf 94' lang='lat'><strong>,</strong></span> <span class='ocrx_word' id='word_1_363' title='bbox 1454 3740 1522 3794; x_wconf 89' lang='lat' dir='ltr'><strong>ad</strong></span> <span class='ocrx_word' id='word_1_364' title='bbox 1555 3742 1823 3796; x_wconf 89' lang='lat' dir='ltr'><strong>intcnsius</strong></span> <span class='ocrx_word' id='word_1_365' title='bbox 1858 3742 2062 3811; x_wconf 87' lang='lat' dir='ltr'><strong>impen-</strong></span> 
     </span>
    </p>
   </div>
   <div class='ocr_carea' id='block_1_55' title="bbox 486 3829 2059 3903">
    <p class='ocr_par' dir='ltr' id='par_1_55' title="bbox 486 3829 2059 3903">
     <span class='ocr_line' id='line_1_55' title="bbox 486 3829 2059 3903; baseline 0.001 -18"><span class='ocrx_word' id='word_1_366' title='bbox 486 3829 712 3901; x_wconf 88' lang='lat' dir='ltr'><strong>siusque</strong></span> <span class='ocrx_word' id='word_1_367' title='bbox 734 3832 1058 3885; x_wconf 91' lang='lat' dir='ltr'><strong>miraculum</strong></span> <span class='ocrx_word' id='word_1_368' title='bbox 1086 3849 1100 3899; x_wconf 90' lang='lat'><strong>;</strong></span> <span class='ocrx_word' id='word_1_369' title='bbox 1140 3832 1288 3886; x_wconf 91' lang='lat' dir='ltr'><strong>salva</strong></span> <span class='ocrx_word' id='word_1_370' title='bbox 1320 3833 1578 3886; x_wconf 88' lang='lat' dir='ltr'><strong>nimirum</strong></span> <span class='ocrx_word' id='word_1_371' title='bbox 1627 3834 1871 3902; x_wconf 66' lang='lat' dir='ltr'><strong>pristinae</strong></span> <span class='ocrx_word' id='word_1_372' title='bbox 1895 3833 2059 3903; x_wconf 86' lang='lat' dir='ltr'><strong>virgi-</strong></span> 
     </span>
    </p>
   </div>
   <div class='ocr_carea' id='block_1_56' title="bbox 486 3919 2056 3991">
    <p class='ocr_par' dir='ltr' id='par_1_56' title="bbox 486 3919 2056 3991">
     <span class='ocr_line' id='line_1_56' title="bbox 486 3919 2056 3991; baseline -0.001 -16"><span class='ocrx_word' id='word_1_373' title='bbox 486 3920 679 3976; x_wconf 88' lang='lat' dir='ltr'><strong>nitatis</strong></span> <span class='ocrx_word' id='word_1_374' title='bbox 705 3921 1083 3991; x_wconf 65' lang='lat' dir='ltr'><strong>praerogativa.</strong></span> <span class='ocrx_word' id='word_1_375' title='bbox 1108 3919 1368 3973; x_wconf 82' lang='lat' dir='ltr'><strong>Ascendit</strong></span> <span class='ocrx_word' id='word_1_376' title='bbox 1399 3919 1563 3990; x_wconf 88' lang='lat' dir='ltr'><strong>igitur</strong></span> <span class='ocrx_word' id='word_1_377' title='bbox 1594 3919 1646 3972; x_wconf 92' lang='lat' dir='ltr'><strong>in</strong></span> <span class='ocrx_word' id='word_1_378' title='bbox 1669 3919 1949 3988; x_wconf 91' lang='lat' dir='ltr'><strong>templum,</strong></span> <span class='ocrx_word' id='word_1_379' title='bbox 1970 3920 2056 3973; x_wconf 92' lang='lat' dir='ltr'><strong>illa</strong></span> 
     </span>
    </p>
   </div>
   <div class='ocr_carea' id='block_1_57' title="bbox 484 4011 2055 4084">
    <p class='ocr_par' dir='ltr' id='par_1_57' title="bbox 484 4011 2055 4084">
     <span class='ocr_line' id='line_1_57' title="bbox 484 4011 2055 4084; baseline -0.001 -18"><span class='ocrx_word' id='word_1_380' title='bbox 484 4013 687 4084; x_wconf 91' lang='lat' dir='ltr'><strong>templo</strong></span> <span class='ocrx_word' id='word_1_381' title='bbox 727 4014 943 4077; x_wconf 89' lang='lat' dir='ltr'><strong>celsior,</strong></span> <span class='ocrx_word' id='word_1_382' title='bbox 977 4012 1250 4082; x_wconf 92' lang='lat' dir='ltr'><strong>duplicem</strong></span> <span class='ocrx_word' id='word_1_383' title='bbox 1280 4012 1469 4065; x_wconf 82' lang='lat' dir='ltr'><strong>induta</strong></span> <span class='ocrx_word' id='word_1_384' title='bbox 1502 4011 1731 4081; x_wconf 83' lang='lat' dir='ltr'><strong>gloriam</strong></span> <span class='ocrx_word' id='word_1_385' title='bbox 1770 4030 1782 4065; x_wconf 88' lang='lat'><strong>:</strong></span> <span class='ocrx_word' id='word_1_386' title='bbox 1824 4011 2055 4066; x_wconf 89' lang='lat' dir='ltr'><strong>inteme-</strong></span> 
     </span>
    </p>
   </div>
   <div class='ocr_carea' id='block_1_58' title="bbox 484 4104 2056 4175">
    <p class='ocr_par' dir='ltr' id='par_1_58' title="bbox 484 4104 2056 4175">
     <span class='ocr_line' id='line_1_58' title="bbox 484 4104 2056 4175; baseline 0.002 -17"><span class='ocrx_word' id='word_1_387' title='bbox 484 4112 638 4171; x_wconf 55' lang='lat' dir='ltr'><strong>rata,</strong></span> <span class='ocrx_word' id='word_1_388' title='bbox 664 4105 909 4175; x_wconf 88' lang='lat' dir='ltr'><strong>inquam,</strong></span> <span class='ocrx_word' id='word_1_389' title='bbox 936 4104 1289 4175; x_wconf 78' lang='lat' dir='ltr'><strong>virginitatis,</strong></span> <span class='ocrx_word' id='word_1_390' title='bbox 1322 4112 1375 4160; x_wconf 94' lang='lat' dir='ltr'><strong>et</strong></span> <span class='ocrx_word' id='word_1_391' title='bbox 1407 4106 1695 4161; x_wconf 83' lang='lat' dir='ltr'><strong>inetIabiIis</strong></span> <span class='ocrx_word' id='word_1_392' title='bbox 1750 4106 2056 4162; x_wconf 81' lang='lat' dir='ltr'><strong>fecundita-</strong></span> 
     </span>
    </p>
   </div>
   <div class='ocr_carea' id='block_1_59' title="bbox 482 4196 2057 4269">
    <p class='ocr_par' dir='ltr' id='par_1_59' title="bbox 482 4196 2057 4269">
     <span class='ocr_line' id='line_1_59' title="bbox 482 4196 2057 4269; baseline 0.003 -18"><span class='ocrx_word' id='word_1_393' title='bbox 482 4197 594 4252; x_wconf 82' lang='lat' dir='ltr'><strong>tis:</strong></span> <span class='ocrx_word' id='word_1_394' title='bbox 643 4196 778 4266; x_wconf 84' lang='lat' dir='ltr'><strong>legis</strong></span> <span class='ocrx_word' id='word_1_395' title='bbox 829 4197 1288 4263; x_wconf 88' lang='lat' dir='ltr'><strong>benedictionem,</strong></span> <span class='ocrx_word' id='word_1_396' title='bbox 1327 4206 1383 4253; x_wconf 88' lang='lat' dir='ltr'><strong>et</strong></span> <span class='ocrx_word' id='word_1_397' title='bbox 1430 4200 1620 4269; x_wconf 63' lang='lat' dir='ltr'><strong>gratiae</strong></span> <span class='ocrx_word' id='word_1_398' title='bbox 1670 4200 2057 4256; x_wconf 84' lang='lat' dir='ltr'><strong>sanctiﬁcatio-</strong></span> 
     </span>
    </p>
   </div>
   <div class='ocr_carea' id='block_1_60' title="bbox 488 4286 2055 4361">
    <p class='ocr_par' dir='ltr' id='par_1_60' title="bbox 488 4286 2055 4361">
     <span class='ocr_line' id='line_1_60' title="bbox 488 4286 2055 4361; baseline 0.002 -19"><span class='ocrx_word' id='word_1_399' title='bbox 488 4302 633 4342; x_wconf 87' lang='lat' dir='ltr'><strong>nem.</strong></span> <span class='ocrx_word' id='word_1_400' title='bbox 668 4286 1032 4353; x_wconf 85' lang='lat' dir='ltr'><strong>Quamobrem</strong></span> <span class='ocrx_word' id='word_1_401' title='bbox 1070 4289 1145 4342; x_wconf 89' lang='lat' dir='ltr'><strong>ait</strong></span> <span class='ocrx_word' id='word_1_402' title='bbox 1180 4288 1267 4344; x_wconf 92' lang='lat' dir='ltr'><strong>ille</strong></span> <span class='ocrx_word' id='word_1_403' title='bbox 1296 4289 1485 4345; x_wconf 89' lang='lat' dir='ltr'><strong>videns</strong></span> <span class='ocrx_word' id='word_1_404' title='bbox 1514 4308 1529 4344; x_wconf 87' lang='lat'><strong>:</strong></span> <span class='ocrx_word' id='word_1_405' title='bbox 1560 4288 1630 4343; x_wconf 81' lang='lat' dir='ltr'><strong>Et</strong></span> <span class='ocrx_word' id='word_1_406' title='bbox 1662 4291 1816 4361; x_wconf 79' lang='lat' dir='ltr'><strong>plena</strong></span> <span class='ocrx_word' id='word_1_407' title='bbox 1868 4290 2055 4345; x_wconf 83' lang='lat' dir='ltr'><strong>domus</strong></span> 
     </span>
    </p>
   </div>
   <div class='ocr_carea' id='block_1_61' title="bbox 2161 1805 3726 1883">
    <p class='ocr_par' dir='ltr' id='par_1_61' title="bbox 2161 1805 3726 1883">
     <span class='ocr_line' id='line_1_61' title="bbox 2161 1805 3726 1883; baseline 0.001 -22"><span class='ocrx_word' id='word_1_408' title='bbox 2161 1809 2237 1872; x_wconf 84' lang='grc' dir='ltr'>ὡς</span> <span class='ocrx_word' id='word_1_409' title='bbox 2269 1810 2359 1861; x_wconf 72' lang='grc' dir='ltr'><strong>ἐπὶ</strong></span> <span class='ocrx_word' id='word_1_410' title='bbox 2412 1807 2599 1879; x_wconf 77' lang='grc' dir='ltr'>θρόνου</span> <span class='ocrx_word' id='word_1_411' title='bbox 2652 1805 2876 1876; x_wconf 68' lang='grc' dir='ltr'>ὑψηλοῦ,</span> <span class='ocrx_word' id='word_1_412' title='bbox 2918 1805 3011 1859; x_wconf 79' lang='grc' dir='ltr'><strong>καὶ</strong></span> <span class='ocrx_word' id='word_1_413' title='bbox 3059 1805 3154 1877; x_wconf 72' lang='grc' dir='ltr'><strong>τὴν</strong></span> <span class='ocrx_word' id='word_1_414' title='bbox 3184 1805 3527 1879; x_wconf 81' lang='grc' dir='ltr'>ἀνθρωπείαν</span> <span class='ocrx_word' id='word_1_415' title='bbox 3554 1810 3726 1883; x_wconf 76' lang='grc' dir='ltr'>ὑπερ-</span> 
     </span>
    </p>
   </div>
   <div class='ocr_carea' id='block_1_62' title="bbox 2162 1898 3729 1975">
    <p class='ocr_par' dir='ltr' id='par_1_62' title="bbox 2162 1898 3729 1975">
     <span class='ocr_line' id='line_1_62' title="bbox 2162 1898 3729 1975; baseline 0.001 -22"><span class='ocrx_word' id='word_1_416' title='bbox 2162 1902 2413 1954; x_wconf 74' lang='grc' dir='ltr'>ϐαίνοντα</span> <span class='ocrx_word' id='word_1_417' title='bbox 2445 1898 2624 1969; x_wconf 85' lang='grc' dir='ltr'>φύσιν,</span> <span class='ocrx_word' id='word_1_418' title='bbox 2677 1899 2766 1952; x_wconf 77' lang='grc' dir='ltr'>τὸν</span> <span class='ocrx_word' id='word_1_419' title='bbox 2801 1898 3019 1968; x_wconf 80' lang='grc' dir='ltr'>βασιλέα</span> <span class='ocrx_word' id='word_1_420' title='bbox 3060 1898 3167 1950; x_wconf 83' lang='grc' dir='ltr'>τῶν</span> <span class='ocrx_word' id='word_1_421' title='bbox 3198 1899 3472 1965; x_wconf 82' lang='grc' dir='ltr'>ἀπάντων,</span> <span class='ocrx_word' id='word_1_422' title='bbox 3498 1901 3575 1972; x_wconf 79' lang='grc' dir='ltr'><strong>τῷ</strong></span> <span class='ocrx_word' id='word_1_423' title='bbox 3606 1900 3729 1975; x_wconf 86' lang='grc' dir='ltr'><strong>Θεῷ</strong></span> 
     </span>
    </p>
   </div>
   <div class='ocr_carea' id='block_1_63' title="bbox 2161 1990 3728 2067">
    <p class='ocr_par' dir='ltr' id='par_1_63' title="bbox 2161 1990 3728 2067">
     <span class='ocr_line' id='line_1_63' title="bbox 2161 1990 3728 2067; baseline 0 -17"><span class='ocrx_word' id='word_1_424' title='bbox 2161 1997 2254 2050; x_wconf 70' lang='grc' dir='ltr'><strong>καὶ</strong></span> <span class='ocrx_word' id='word_1_425' title='bbox 2307 1995 2499 2067; x_wconf 75' lang='grc' dir='ltr'>Πατρὶ,</span> <span class='ocrx_word' id='word_1_426' title='bbox 2533 1993 2623 2046; x_wconf 72' lang='grc' dir='ltr'>τὸν</span> <span class='ocrx_word' id='word_1_427' title='bbox 2678 1990 2964 2063; x_wconf 84' lang='grc' dir='ltr'>σύνθρονον</span> <span class='ocrx_word' id='word_1_428' title='bbox 3018 1991 3180 2043; x_wconf 78' lang='grc' dir='ltr'>αὐτοῦ</span> <span class='ocrx_word' id='word_1_429' title='bbox 3223 1994 3316 2046; x_wconf 77' lang='grc' dir='ltr'><strong>καὶ</strong></span> <span class='ocrx_word' id='word_1_430' title='bbox 3343 1993 3728 2067; x_wconf 81' lang='grc' dir='ltr'>ἀνεκφοίτητον</span> 
     </span>
    </p>
   </div>
   <div class='ocr_carea' id='block_1_64' title="bbox 2161 2082 3727 2158">
    <p class='ocr_par' dir='ltr' id='par_1_64' title="bbox 2161 2082 3727 2158">
     <span class='ocr_line' id='line_1_64' title="bbox 2161 2082 3727 2158; baseline -0.008 -16"><span class='ocrx_word' id='word_1_431' title='bbox 2161 2089 2309 2154; x_wconf 80' lang='grc' dir='ltr'>Υίὸν,</span> <span class='ocrx_word' id='word_1_432' title='bbox 2358 2086 2669 2156; x_wconf 77' lang='grc' dir='ltr'>ἐνεφάνισεν</span> <span class='ocrx_word' id='word_1_433' title='bbox 2714 2084 2829 2137; x_wconf 76' lang='grc' dir='ltr'>ἐκεῖ</span> <span class='ocrx_word' id='word_1_434' title='bbox 2877 2082 3014 2152; x_wconf 79' lang='grc' dir='ltr'><strong>μετά</strong></span> <span class='ocrx_word' id='word_1_435' title='bbox 3061 2083 3159 2152; x_wconf 81' lang='grc' dir='ltr'>τῆς</span> <span class='ocrx_word' id='word_1_436' title='bbox 3202 2083 3259 2148; x_wconf 72' lang='grc' dir='ltr'><strong>ἐξ</strong></span> <span class='ocrx_word' id='word_1_437' title='bbox 3292 2083 3461 2154; x_wconf 74' lang='grc' dir='ltr'>αὐτῆς</span> <span class='ocrx_word' id='word_1_438' title='bbox 3487 2086 3727 2158; x_wconf 76' lang='grc' dir='ltr'>προσλή-</span> 
     </span>
    </p>
   </div>
   <div class='ocr_carea' id='block_1_65' title="bbox 2159 2175 3730 2253">
    <p class='ocr_par' dir='ltr' id='par_1_65' title="bbox 2159 2175 3730 2253">
     <span class='ocr_line' id='line_1_65' title="bbox 2159 2175 3730 2253; baseline -0.01 -18"><span class='ocrx_word' id='word_1_439' title='bbox 2159 2181 2304 2252; x_wconf 78' lang='grc' dir='ltr'>ψεως</span> <span class='ocrx_word' id='word_1_440' title='bbox 2323 2179 2590 2253; x_wconf 85' lang='grc' dir='ltr'>ἀχράντου</span> <span class='ocrx_word' id='word_1_441' title='bbox 2609 2177 2742 2248; x_wconf 71' lang='grc'><strong>(49).</strong></span> <span class='ocrx_word' id='word_1_442' title='bbox 2781 2178 3019 2229; x_wconf 80' lang='grc' dir='ltr'>’Δνεισιν</span> <span class='ocrx_word' id='word_1_443' title='bbox 3040 2175 3133 2227; x_wconf 75' lang='grc' dir='ltr'><strong>ἐπὶ</strong></span> <span class='ocrx_word' id='word_1_444' title='bbox 3154 2176 3214 2228; x_wconf 86' lang='grc' dir='ltr'><strong>τὸ</strong></span> <span class='ocrx_word' id='word_1_445' title='bbox 3241 2176 3383 2248; x_wconf 78' lang='grc' dir='ltr'>ἱερὸν</span> <span class='ocrx_word' id='word_1_446' title='bbox 3411 2178 3583 2249; x_wconf 79' lang='grc' dir='ltr'>ἠίερά</span> <span class='ocrx_word' id='word_1_447' title='bbox 3608 2179 3730 2251; x_wconf 70' lang='grc' dir='ltr'><strong>Μή-</strong></span> 
     </span>
    </p>
   </div>
   <div class='ocr_carea' id='block_1_66' title="bbox 2160 2268 3730 2346">
    <p class='ocr_par' dir='ltr' id='par_1_66' title="bbox 2160 2268 3730 2346">
     <span class='ocr_line' id='line_1_66' title="bbox 2160 2268 3730 2346; baseline -0.004 -18"><span class='ocrx_word' id='word_1_448' title='bbox 2160 2291 2264 2346; x_wconf 86' lang='grc' dir='ltr'>τηρ</span> <span class='ocrx_word' id='word_1_449' title='bbox 2290 2271 2584 2344; x_wconf 79' lang='grc' dir='ltr'>ἐμφανίσαι</span> <span class='ocrx_word' id='word_1_450' title='bbox 2629 2269 2705 2340; x_wconf 84' lang='grc' dir='ltr'>τῷ</span> <span class='ocrx_word' id='word_1_451' title='bbox 2737 2268 2886 2339; x_wconf 85' lang='grc' dir='ltr'>νόμῳ</span> <span class='ocrx_word' id='word_1_452' title='bbox 2936 2268 3084 2334; x_wconf 80' lang='grc' dir='ltr'>ξένον</span> <span class='ocrx_word' id='word_1_453' title='bbox 3124 2268 3325 2339; x_wconf 85' lang='grc' dir='ltr'>θαῦμα,</span> <span class='ocrx_word' id='word_1_454' title='bbox 3375 2269 3592 2323; x_wconf 76' lang='grc' dir='ltr'>καὶτὸν</span> <span class='ocrx_word' id='word_1_455' title='bbox 3635 2271 3730 2342; x_wconf 76' lang='grc' dir='ltr'><strong>ζη-</strong></span> 
     </span>
    </p>
   </div>
   <div class='ocr_carea' id='block_1_67' title="bbox 2160 2360 3726 2437">
    <p class='ocr_par' dir='ltr' id='par_1_67' title="bbox 2160 2360 3726 2437">
     <span class='ocr_line' id='line_1_67' title="bbox 2160 2360 3726 2437; baseline 0.001 -22"><span class='ocrx_word' id='word_1_456' title='bbox 2160 2366 2418 2437; x_wconf 78' lang='grc' dir='ltr'>τούμενον</span> <span class='ocrx_word' id='word_1_457' title='bbox 2469 2365 2647 2425; x_wconf 82' lang='grc' dir='ltr'>τόκον,</span> <span class='ocrx_word' id='word_1_458' title='bbox 2681 2360 2770 2414; x_wconf 82' lang='grc' dir='ltr'><strong>τὸν</strong></span> <span class='ocrx_word' id='word_1_459' title='bbox 2795 2360 3130 2425; x_wconf 79' lang='grc' dir='ltr'>διανοίξαντα</span> <span class='ocrx_word' id='word_1_460' title='bbox 3162 2362 3375 2431; x_wconf 83' lang='grc' dir='ltr'>μήτραν</span> <span class='ocrx_word' id='word_1_461' title='bbox 3409 2360 3726 2434; x_wconf 81' lang='grc' dir='ltr'>παρθενίας,</span> 
     </span>
    </p>
   </div>
   <div class='ocr_carea' id='block_1_68' title="bbox 2162 2451 3731 2529">
    <p class='ocr_par' dir='ltr' id='par_1_68' title="bbox 2162 2451 3731 2529">
     <span class='ocr_line' id='line_1_68' title="bbox 2162 2451 3731 2529; baseline -0.011 -17"><span class='ocrx_word' id='word_1_462' title='bbox 2162 2463 2256 2513; x_wconf 76' lang='grc' dir='ltr'>καὶ</span> <span class='ocrx_word' id='word_1_463' title='bbox 2282 2457 2506 2529; x_wconf 84' lang='grc' dir='ltr'>κλεῖθρα</span> <span class='ocrx_word' id='word_1_464' title='bbox 2534 2453 2827 2526; x_wconf 79' lang='grc' dir='ltr'>παρθενίας</span> <span class='ocrx_word' id='word_1_465' title='bbox 2863 2451 2937 2523; x_wconf 83' lang='grc' dir='ltr'>μὴ</span> <span class='ocrx_word' id='word_1_466' title='bbox 2967 2451 3332 2527; x_wconf 77' lang='grc' dir='ltr'>διαρῤήξαντα</span> <span class='ocrx_word' id='word_1_467' title='bbox 3352 2475 3366 2487; x_wconf 91' lang='grc'><strong>·</strong></span> <span class='ocrx_word' id='word_1_468' title='bbox 3404 2456 3497 2509; x_wconf 84' lang='grc' dir='ltr'><strong>τὸν</strong></span> <span class='ocrx_word' id='word_1_469' title='bbox 3528 2453 3731 2509; x_wconf 80' lang='grc' dir='ltr'>ἀνώτε.</span> 
     </span>
    </p>
   </div>
   <div class='ocr_carea' id='block_1_69' title="bbox 2164 2550 3723 2624">
    <p class='ocr_par' dir='ltr' id='par_1_69' title="bbox 2164 2550 3723 2624">
     <span class='ocr_line' id='line_1_69' title="bbox 2164 2550 3723 2624; baseline -0.002 -21"><span class='ocrx_word' id='word_1_470' title='bbox 2164 2568 2254 2624; x_wconf 91' lang='grc' dir='ltr'><strong>ρον</strong></span> <span class='ocrx_word' id='word_1_471' title='bbox 2270 2552 2455 2622; x_wconf 86' lang='grc' dir='ltr'>νόμου,</span> <span class='ocrx_word' id='word_1_472' title='bbox 2488 2550 2581 2603; x_wconf 77' lang='grc' dir='ltr'><strong>καὶ</strong></span> <span class='ocrx_word' id='word_1_473' title='bbox 2599 2550 2887 2622; x_wconf 76' lang='grc' dir='ltr'>πληρωτὴν</span> <span class='ocrx_word' id='word_1_474' title='bbox 2917 2552 3079 2622; x_wconf 85' lang='grc' dir='ltr'>νόμου</span> <span class='ocrx_word' id='word_1_475' title='bbox 3105 2569 3117 2581; x_wconf 90' lang='grc'><strong>·</strong></span> <span class='ocrx_word' id='word_1_476' title='bbox 3151 2552 3242 2605; x_wconf 84' lang='grc' dir='ltr'><strong>τὸν</strong></span> <span class='ocrx_word' id='word_1_477' title='bbox 3277 2550 3723 2623; x_wconf 81' lang='grc' dir='ltr'>προγενέστερον,</span> 
     </span>
    </p>
   </div>
   <div class='ocr_carea' id='block_1_70' title="bbox 2162 2641 3730 2717">
    <p class='ocr_par' dir='ltr' id='par_1_70' title="bbox 2162 2641 3730 2717">
     <span class='ocr_line' id='line_1_70' title="bbox 2162 2641 3730 2717; baseline -0.003 -18"><span class='ocrx_word' id='word_1_478' title='bbox 2162 2645 2254 2699; x_wconf 74' lang='grc' dir='ltr'>καὶ</span> <span class='ocrx_word' id='word_1_479' title='bbox 2275 2641 2909 2717; x_wconf 75' lang='grc' dir='ltr'>μεταγενέστερον⁶τὸνέξ</span> <span class='ocrx_word' id='word_1_480' title='bbox 2924 2644 3091 2715; x_wconf 79' lang='grc' dir='ltr'>αὐτῆς</span> <span class='ocrx_word' id='word_1_481' title='bbox 3120 2644 3466 2716; x_wconf 90' lang='grc' dir='ltr'>σαρκωθέντα</span> <span class='ocrx_word' id='word_1_482' title='bbox 3499 2641 3730 2713; x_wconf 84' lang='grc' dir='ltr'>ὑπὲρνό-</span> 
     </span>
    </p>
   </div>
   <div class='ocr_carea' id='block_1_71' title="bbox 2164 2736 3726 2812">
    <p class='ocr_par' dir='ltr' id='par_1_71' title="bbox 2164 2736 3726 2812">
     <span class='ocr_line' id='line_1_71' title="bbox 2164 2736 3726 2812; baseline -0.003 -20"><span class='ocrx_word' id='word_1_483' title='bbox 2164 2756 2263 2810; x_wconf 91' lang='grc' dir='ltr'><strong>μον</strong></span> <span class='ocrx_word' id='word_1_484' title='bbox 2285 2737 2517 2808; x_wconf 83' lang='grc' dir='ltr'>φύσεως.</span> <span class='ocrx_word' id='word_1_485' title='bbox 2536 2740 2679 2793; x_wconf 86' lang='grc' dir='ltr'>Διότι</span> <span class='ocrx_word' id='word_1_486' title='bbox 2697 2741 2844 2793; x_wconf 79' lang='grc' dir='ltr'>πᾶσα</span> <span class='ocrx_word' id='word_1_487' title='bbox 2876 2742 3077 2812; x_wconf 77' lang='grc' dir='ltr'>μήτρα,</span> <span class='ocrx_word' id='word_1_488' title='bbox 3097 2742 3160 2793; x_wconf 80' lang='grc' dir='ltr'>ὲκ</span> <span class='ocrx_word' id='word_1_489' title='bbox 3191 2738 3483 2806; x_wconf 83' lang='grc' dir='ltr'>συναφείας</span> <span class='ocrx_word' id='word_1_490' title='bbox 3512 2736 3726 2809; x_wconf 78' lang='grc' dir='ltr'>πρῶτον</span> 
     </span>
    </p>
   </div>
   <div class='ocr_carea' id='block_1_72' title="bbox 2161 2825 3732 2902">
    <p class='ocr_par' dir='ltr' id='par_1_72' title="bbox 2161 2825 3732 2902">
     <span class='ocr_line' id='line_1_72' title="bbox 2161 2825 3732 2902; baseline 0.001 -23"><span class='ocrx_word' id='word_1_491' title='bbox 2161 2826 2531 2900; x_wconf 86' lang='grc' dir='ltr'>διανοιγομένη</span> <span class='ocrx_word' id='word_1_492' title='bbox 2550 2830 2640 2883; x_wconf 64' lang='grc' dir='ltr'><strong>καὶ</strong></span> <span class='ocrx_word' id='word_1_493' title='bbox 2656 2831 2710 2882; x_wconf 79' lang='grc' dir='ltr'>ὲν</span> <span class='ocrx_word' id='word_1_494' title='bbox 2718 2831 3062 2902; x_wconf 81' lang='grc' dir='ltr'>σπειρομένη,</span> <span class='ocrx_word' id='word_1_495' title='bbox 3080 2829 3248 2901; x_wconf 86' lang='grc' dir='ltr'>ἀρχὴν</span> <span class='ocrx_word' id='word_1_496' title='bbox 3264 2829 3355 2882; x_wconf 89' lang='grc' dir='ltr'><strong>τοῦ</strong></span> <span class='ocrx_word' id='word_1_497' title='bbox 3377 2830 3575 2883; x_wconf 83' lang='grc' dir='ltr'>τίκτειν</span> <span class='ocrx_word' id='word_1_498' title='bbox 3590 2825 3732 2894; x_wconf 75' lang='grc' dir='ltr'>λαμ-</span> 
     </span>
    </p>
   </div>
   <div class='ocr_carea' id='block_1_73' title="bbox 2163 2919 3779 2993">
    <p class='ocr_par' dir='ltr' id='par_1_73' title="bbox 2163 2919 3779 2993">
     <span class='ocr_line' id='line_1_73' title="bbox 2163 2919 3779 2993; baseline 0.001 -20"><span class='ocrx_word' id='word_1_499' title='bbox 2163 2921 2288 2975; x_wconf 83' lang='grc' dir='ltr'>6ἀνε</span> <span class='ocrx_word' id='word_1_500' title='bbox 2298 2939 2334 2983; x_wconf 87' lang='grc' dir='ltr'><strong>ι,</strong></span> <span class='ocrx_word' id='word_1_501' title='bbox 2351 2921 2445 2974; x_wconf 71' lang='grc' dir='ltr'><strong>καὶ</strong></span> <span class='ocrx_word' id='word_1_502' title='bbox 2456 2922 2795 2993; x_wconf 67' lang='grc' dir='ltr'>τελεσφόροις</span> <span class='ocrx_word' id='word_1_503' title='bbox 2810 2923 2958 2976; x_wconf 84' lang='grc' dir='ltr'>ὠδῖσι</span> <span class='ocrx_word' id='word_1_504' title='bbox 2971 2924 3059 2976; x_wconf 81' lang='grc' dir='ltr'><strong>τὸν</strong></span> <span class='ocrx_word' id='word_1_505' title='bbox 3069 2923 3281 2992; x_wconf 81' lang='grc' dir='ltr'>λογικὸν</span> <span class='ocrx_word' id='word_1_506' title='bbox 3295 2923 3387 2975; x_wconf 68' lang='grc' dir='ltr'><strong>καὶ</strong></span> <span class='ocrx_word' id='word_1_507' title='bbox 3401 2919 3729 2990; x_wconf 80' lang='grc' dir='ltr'>κατάλληλον</span> <span class='ocrx_word' id='word_1_508' title='bbox 3776 2982 3779 2985; x_wconf 27' lang='grc' dir='ltr'><strong>λ</strong></span> 
     </span>
    </p>
   </div>
   <div class='ocr_carea' id='block_1_74' title="bbox 2162 3010 3730 3086">
    <p class='ocr_par' dir='ltr' id='par_1_74' title="bbox 2162 3010 3730 3086">
     <span class='ocr_line' id='line_1_74' title="bbox 2162 3010 3730 3086; baseline -0.001 -21"><span class='ocrx_word' id='word_1_509' title='bbox 2162 3013 2263 3083; x_wconf 71' lang='grc' dir='ltr'>τῆς</span> <span class='ocrx_word' id='word_1_510' title='bbox 2294 3012 2505 3083; x_wconf 83' lang='grc' dir='ltr'>φύσεως</span> <span class='ocrx_word' id='word_1_511' title='bbox 2533 3014 2762 3085; x_wconf 78' lang='grc' dir='ltr'>καρπὸν,</span> <span class='ocrx_word' id='word_1_512' title='bbox 2788 3017 2853 3085; x_wconf 81' lang='grc' dir='ltr'>τῇ</span> <span class='ocrx_word' id='word_1_513' title='bbox 2872 3014 2962 3067; x_wconf 89' lang='grc' dir='ltr'><strong>τοῦ</strong></span> <span class='ocrx_word' id='word_1_514' title='bbox 2990 3012 3442 3086; x_wconf 86' lang='grc' dir='ltr'>δημιουργοῦντος</span> <span class='ocrx_word' id='word_1_515' title='bbox 3465 3010 3622 3083; x_wconf 71' lang='grc' dir='ltr'>σοφίᾳ</span> <span class='ocrx_word' id='word_1_516' title='bbox 3649 3013 3730 3075; x_wconf 73' lang='grc' dir='ltr'>εἰς</span> 
     </span>
    </p>
   </div>
   <div class='ocr_carea' id='block_1_75' title="bbox 2162 3102 3729 3176">
    <p class='ocr_par' dir='ltr' id='par_1_75' title="bbox 2162 3102 3729 3176">
     <span class='ocr_line' id='line_1_75' title="bbox 2162 3102 3729 3176; baseline -0.002 -18"><span class='ocrx_word' id='word_1_517' title='bbox 2162 3106 2466 3175; x_wconf 75' lang='grc' dir='ltr'>τούμφανὲς</span> <span class='ocrx_word' id='word_1_518' title='bbox 2486 3105 2767 3176; x_wconf 74' lang='grc' dir='ltr'>προφέρει,</span> <span class='ocrx_word' id='word_1_519' title='bbox 2807 3105 2946 3158; x_wconf 81' lang='grc' dir='ltr'><strong>κατά</strong></span> <span class='ocrx_word' id='word_1_520' title='bbox 2971 3106 3052 3166; x_wconf 86' lang='grc' dir='ltr'><strong>τὸ,</strong></span> <span class='ocrx_word' id='word_1_521' title='bbox 3082 3103 3426 3169; x_wconf 77' lang='grc' dir='ltr'>Αὺξάνεσθε</span> <span class='ocrx_word' id='word_1_522' title='bbox 3455 3102 3552 3156; x_wconf 75' lang='grc' dir='ltr'><strong>καί</strong></span> <span class='ocrx_word' id='word_1_523' title='bbox 3577 3105 3729 3170; x_wconf 73' lang='grc' dir='ltr'>πλη-</span> 
     </span>
    </p>
   </div>
   <div class='ocr_carea' id='block_1_76' title="bbox 2164 3194 3728 3266">
    <p class='ocr_par' dir='ltr' id='par_1_76' title="bbox 2164 3194 3728 3266">
     <span class='ocr_line' id='line_1_76' title="bbox 2164 3194 3728 3266; baseline -0.003 -15"><span class='ocrx_word' id='word_1_524' title='bbox 2164 3198 2434 3260; x_wconf 84' lang='grc' dir='ltr'>θύνεσθε,</span> <span class='ocrx_word' id='word_1_525' title='bbox 2463 3197 2558 3251; x_wconf 75' lang='grc' dir='ltr'><strong>καί</strong></span> <span class='ocrx_word' id='word_1_526' title='bbox 2589 3195 2939 3265; x_wconf 70' lang='grc' dir='ltr'>πληρώσατε</span> <span class='ocrx_word' id='word_1_527' title='bbox 2967 3197 3078 3266; x_wconf 80' lang='grc' dir='ltr'><strong>τὴν</strong></span> <span class='ocrx_word' id='word_1_528' title='bbox 3104 3196 3241 3266; x_wconf 73' lang='grc' dir='ltr'><strong>γῆν.</strong></span> <span class='ocrx_word' id='word_1_529' title='bbox 3264 3196 3356 3249; x_wconf 88' lang='grc' dir='ltr'><strong>τοῦ</strong></span> <span class='ocrx_word' id='word_1_530' title='bbox 3386 3195 3518 3249; x_wconf 85' lang='grc' dir='ltr'>Θεοῦ</span> <span class='ocrx_word' id='word_1_531' title='bbox 3541 3194 3728 3263; x_wconf 88' lang='grc' dir='ltr'>λέγον-</span> 
     </span>
    </p>
   </div>
   <div class='ocr_carea' id='block_1_77' title="bbox 2161 3292 3729 3365">
    <p class='ocr_par' dir='ltr' id='par_1_77' title="bbox 2161 3292 3729 3365">
     <span class='ocr_line' id='line_1_77' title="bbox 2161 3292 3729 3365; baseline -0.001 -20"><span class='ocrx_word' id='word_1_532' title='bbox 2161 3310 2268 3356; x_wconf 90' lang='grc' dir='ltr'>τος.</span> <span class='ocrx_word' id='word_1_533' title='bbox 2299 3295 2361 3346; x_wconf 84' lang='grc' dir='ltr'><strong>Ἠ</strong></span> <span class='ocrx_word' id='word_1_534' title='bbox 2394 3293 2450 3347; x_wconf 84' lang='grc' dir='ltr'>δὲ</span> <span class='ocrx_word' id='word_1_535' title='bbox 2487 3293 2690 3362; x_wconf 81' lang='grc' dir='ltr'>ταύτης</span> <span class='ocrx_word' id='word_1_536' title='bbox 2741 3293 2971 3365; x_wconf 75' lang='grc' dir='ltr'>γαστὴρ,</span> <span class='ocrx_word' id='word_1_537' title='bbox 3008 3292 3128 3347; x_wconf 70' lang='grc' dir='ltr'>οὔτε</span> <span class='ocrx_word' id='word_1_538' title='bbox 3162 3294 3257 3364; x_wconf 83' lang='grc' dir='ltr'><strong>μὲν</strong></span> <span class='ocrx_word' id='word_1_539' title='bbox 3298 3293 3729 3365; x_wconf 83' lang='grc' dir='ltr'>προδιανοιγεϊσα</span> 
     </span>
    </p>
   </div>
   <div class='ocr_carea' id='block_1_78' title="bbox 2161 3383 3729 3459">
    <p class='ocr_par' dir='ltr' id='par_1_78' title="bbox 2161 3383 3729 3459">
     <span class='ocr_line' id='line_1_78' title="bbox 2161 3383 3729 3459; baseline -0.001 -20"><span class='ocrx_word' id='word_1_540' title='bbox 2161 3384 2283 3439; x_wconf 77' lang='grc' dir='ltr'>οὔτε</span> <span class='ocrx_word' id='word_1_541' title='bbox 2308 3386 2717 3457; x_wconf 79' lang='grc' dir='ltr'>ἐνσπειρομένη,</span> <span class='ocrx_word' id='word_1_542' title='bbox 2756 3387 3006 3459; x_wconf 80' lang='grc' dir='ltr'>ὑπερφυᾶ</span> <span class='ocrx_word' id='word_1_543' title='bbox 3043 3404 3101 3439; x_wconf 90' lang='grc' dir='ltr'><strong>τε</strong></span> <span class='ocrx_word' id='word_1_544' title='bbox 3139 3386 3229 3439; x_wconf 79' lang='grc' dir='ltr'><strong>καὶ</strong></span> <span class='ocrx_word' id='word_1_545' title='bbox 3266 3387 3487 3456; x_wconf 81' lang='grc' dir='ltr'>συμφυᾶ</span> <span class='ocrx_word' id='word_1_546' title='bbox 3521 3383 3729 3455; x_wconf 66' lang='grc' dir='ltr'>καρπον</span> 
     </span>
    </p>
   </div>
   <div class='ocr_carea' id='block_1_79' title="bbox 2161 3476 3729 3548">
    <p class='ocr_par' dir='ltr' id='par_1_79' title="bbox 2161 3476 3729 3548">
     <span class='ocr_line' id='line_1_79' title="bbox 2161 3476 3729 3548; baseline -0.001 -19"><span class='ocrx_word' id='word_1_547' title='bbox 2161 3476 2479 3548; x_wconf 75' lang='grc' dir='ltr'>ἐϐλάστησε,</span> <span class='ocrx_word' id='word_1_548' title='bbox 2530 3476 2649 3531; x_wconf 77' lang='grc' dir='ltr'>καθ’</span> <span class='ocrx_word' id='word_1_549' title='bbox 2688 3478 2879 3530; x_wconf 74' lang='grc' dir='ltr'>ἕνωσιν</span> <span class='ocrx_word' id='word_1_550' title='bbox 2938 3477 3299 3531; x_wconf 83' lang='grc' dir='ltr'>ἀδιάσπαστον</span> <span class='ocrx_word' id='word_1_551' title='bbox 3328 3476 3619 3546; x_wconf 79' lang='grc' dir='ltr'>ἁλωὸήτως</span> <span class='ocrx_word' id='word_1_552' title='bbox 3648 3478 3729 3539; x_wconf 86' lang='grc' dir='ltr'>εἰς</span> 
     </span>
    </p>
   </div>
   <div class='ocr_carea' id='block_1_80' title="bbox 2160 3567 3730 3639">
    <p class='ocr_par' dir='ltr' id='par_1_80' title="bbox 2160 3567 3730 3639">
     <span class='ocr_line' id='line_1_80' title="bbox 2160 3567 3730 3639; baseline -0.003 -16"><span class='ocrx_word' id='word_1_553' title='bbox 2160 3570 2411 3624; x_wconf 76' lang='grc' dir='ltr'>ἐπίτασιν</span> <span class='ocrx_word' id='word_1_554' title='bbox 2456 3568 2757 3639; x_wconf 80' lang='grc' dir='ltr'>θαύματος,</span> <span class='ocrx_word' id='word_1_555' title='bbox 2805 3570 2862 3621; x_wconf 84' lang='grc' dir='ltr'><strong>ὲν</strong></span> <span class='ocrx_word' id='word_1_556' title='bbox 2914 3568 3195 3639; x_wconf 82' lang='grc' dir='ltr'>ταυτότητι</span> <span class='ocrx_word' id='word_1_557' title='bbox 3260 3568 3579 3637; x_wconf 80' lang='grc' dir='ltr'>διαμείνασα</span> <span class='ocrx_word' id='word_1_558' title='bbox 3630 3567 3730 3637; x_wconf 78' lang='grc' dir='ltr'>τῆς</span> 
     </span>
    </p>
   </div>
   <div class='ocr_carea' id='block_1_81' title="bbox 2161 3656 3727 3732">
    <p class='ocr_par' dir='ltr' id='par_1_81' title="bbox 2161 3656 3727 3732">
     <span class='ocr_line' id='line_1_81' title="bbox 2161 3656 3727 3732; baseline -0.003 -17"><span class='ocrx_word' id='word_1_559' title='bbox 2161 3662 2473 3732; x_wconf 86' lang='grc' dir='ltr'>παρθενίας.</span> <span class='ocrx_word' id='word_1_560' title='bbox 2527 3663 2730 3715; x_wconf 83' lang='grc' dir='ltr'>’Λνεισι</span> <span class='ocrx_word' id='word_1_561' title='bbox 2780 3660 3062 3732; x_wconf 76' lang='grc' dir='ltr'>τοιγαροῦν</span> <span class='ocrx_word' id='word_1_562' title='bbox 3114 3662 3193 3723; x_wconf 86' lang='grc' dir='ltr'>εἱς</span> <span class='ocrx_word' id='word_1_563' title='bbox 3236 3660 3295 3713; x_wconf 75' lang='grc' dir='ltr'>τὸ</span> <span class='ocrx_word' id='word_1_564' title='bbox 3346 3658 3515 3731; x_wconf 73' lang='grc' dir='ltr'>ἱερὸν,</span> <span class='ocrx_word' id='word_1_565' title='bbox 3557 3659 3590 3729; x_wconf 83' lang='grc' dir='ltr'>ἠ</span> <span class='ocrx_word' id='word_1_566' title='bbox 3633 3656 3727 3710; x_wconf 84' lang='grc' dir='ltr'><strong>τοῦ</strong></span> 
     </span>
    </p>
   </div>
   <div class='ocr_carea' id='block_1_82' title="bbox 2162 3748 3730 3825">
    <p class='ocr_par' dir='ltr' id='par_1_82' title="bbox 2162 3748 3730 3825">
     <span class='ocr_line' id='line_1_82' title="bbox 2162 3748 3730 3825; baseline -0.006 -17"><span class='ocrx_word' id='word_1_567' title='bbox 2162 3754 2305 3825; x_wconf 82' lang='grc' dir='ltr'>ἱεροῦ</span> <span class='ocrx_word' id='word_1_568' title='bbox 2366 3755 2691 3825; x_wconf 62' lang='grc' dir='ltr'>ὑψηλοτέρα,</span> <span class='ocrx_word' id='word_1_569' title='bbox 2722 3755 2900 3808; x_wconf 71' lang='grc' dir='ltr'>δισσὸν</span> <span class='ocrx_word' id='word_1_570' title='bbox 2935 3754 3086 3817; x_wconf 82' lang='grc' dir='ltr'>κλέος</span> <span class='ocrx_word' id='word_1_571' title='bbox 3120 3751 3494 3824; x_wconf 79' lang='grc' dir='ltr'>περικειμένη,</span> <span class='ocrx_word' id='word_1_572' title='bbox 3527 3748 3730 3821; x_wconf 83' lang='grc' dir='ltr'>παρθε-</span> 
     </span>
    </p>
   </div>
   <div class='ocr_carea' id='block_1_83' title="bbox 2158 3840 3729 3918">
    <p class='ocr_par' dir='ltr' id='par_1_83' title="bbox 2158 3840 3729 3918">
     <span class='ocr_line' id='line_1_83' title="bbox 2158 3840 3729 3918; baseline -0.005 -18"><span class='ocrx_word' id='word_1_573' title='bbox 2158 3848 2276 3910; x_wconf 86' lang='grc' dir='ltr'>νίας</span> <span class='ocrx_word' id='word_1_574' title='bbox 2302 3848 2443 3917; x_wconf 78' lang='grc' dir='ltr'>φημὶ</span> <span class='ocrx_word' id='word_1_575' title='bbox 2468 3848 2754 3918; x_wconf 89' lang='grc' dir='ltr'>ἀχράντου,</span> <span class='ocrx_word' id='word_1_576' title='bbox 2778 3846 2872 3900; x_wconf 69' lang='grc' dir='ltr'>καὶ</span> <span class='ocrx_word' id='word_1_577' title='bbox 2896 3845 3230 3907; x_wconf 81' lang='grc' dir='ltr'>παιδοποιῖας</span> <span class='ocrx_word' id='word_1_578' title='bbox 3252 3843 3550 3914; x_wconf 74' lang='grc' dir='ltr'>ἀφράστου,</span> <span class='ocrx_word' id='word_1_579' title='bbox 3574 3840 3729 3893; x_wconf 79' lang='grc' dir='ltr'>εὐλο-</span> 
     </span>
    </p>
   </div>
   <div class='ocr_carea' id='block_1_84' title="bbox 2158 3933 3728 4010">
    <p class='ocr_par' dir='ltr' id='par_1_84' title="bbox 2158 3933 3728 4010">
     <span class='ocr_line' id='line_1_84' title="bbox 2158 3933 3728 4010; baseline -0.004 -17"><span class='ocrx_word' id='word_1_580' title='bbox 2158 3940 2282 4009; x_wconf 88' lang='grc' dir='ltr'>γίαν</span> <span class='ocrx_word' id='word_1_581' title='bbox 2307 3941 2491 4010; x_wconf 81' lang='grc' dir='ltr'>νόμου,</span> <span class='ocrx_word' id='word_1_582' title='bbox 2527 3941 2619 3993; x_wconf 76' lang='grc' dir='ltr'>καὶ</span> <span class='ocrx_word' id='word_1_583' title='bbox 2671 3939 2937 4009; x_wconf 84' lang='grc' dir='ltr'>ἀγιασμὺν</span> <span class='ocrx_word' id='word_1_584' title='bbox 2966 3939 3203 4010; x_wconf 75' lang='grc' dir='ltr'>χάριτος.</span> <span class='ocrx_word' id='word_1_585' title='bbox 3240 3937 3329 3989; x_wconf 86' lang='grc' dir='ltr'>Διό</span> <span class='ocrx_word' id='word_1_586' title='bbox 3361 3953 3523 4007; x_wconf 84' lang='grc' dir='ltr'>φησιν</span> <span class='ocrx_word' id='word_1_587' title='bbox 3555 3937 3583 3988; x_wconf 81' lang='grc'>6</span> <span class='ocrx_word' id='word_1_588' title='bbox 3609 3933 3728 4004; x_wconf 82' lang='grc' dir='ltr'>βλέ-</span> 
     </span>
    </p>
   </div>
   <div class='ocr_carea' id='block_1_85' title="bbox 2160 4021 3729 4100">
    <p class='ocr_par' dir='ltr' id='par_1_85' title="bbox 2160 4021 3729 4100">
     <span class='ocr_line' id='line_1_85' title="bbox 2160 4021 3729 4100; baseline -0.006 -13"><span class='ocrx_word' id='word_1_589' title='bbox 2160 4051 2275 4087; x_wconf 89' lang='grc' dir='ltr'><strong>πων</strong></span> <span class='ocrx_word' id='word_1_590' title='bbox 2299 4051 2312 4063; x_wconf 88' lang='grc'><strong>·</strong></span> <span class='ocrx_word' id='word_1_591' title='bbox 2349 4034 2455 4086; x_wconf 77' lang='grc' dir='ltr'><strong>Καὶ</strong></span> <span class='ocrx_word' id='word_1_592' title='bbox 2490 4034 2725 4100; x_wconf 71' lang='grc' dir='ltr'>πλήρης</span> <span class='ocrx_word' id='word_1_593' title='bbox 2772 4035 2804 4085; x_wconf 83' lang='grc' dir='ltr'><em>ὁ</em></span> <span class='ocrx_word' id='word_1_594' title='bbox 2829 4027 2991 4097; x_wconf 80' lang='grc' dir='ltr'>οἶκος</span> <span class='ocrx_word' id='word_1_595' title='bbox 3027 4028 3137 4097; x_wconf 82' lang='grc' dir='ltr'>τῆς</span> <span class='ocrx_word' id='word_1_596' title='bbox 3164 4029 3350 4095; x_wconf 71' lang='grc' dir='ltr'>δόξης</span> <span class='ocrx_word' id='word_1_597' title='bbox 3375 4027 3557 4082; x_wconf 77' lang='grc' dir='ltr'>αὑτοῦ</span> <span class='ocrx_word' id='word_1_598' title='bbox 3581 4042 3596 4057; x_wconf 90' lang='grc'><strong>·</strong></span> <span class='ocrx_word' id='word_1_599' title='bbox 3628 4021 3729 4078; x_wconf 77' lang='grc' dir='ltr'>και</span> 
     </span>
    </p>
   </div>
   <div class='ocr_carea' id='block_1_86' title="bbox 2157 4116 3731 4194">
    <p class='ocr_par' dir='ltr' id='par_1_86' title="bbox 2157 4116 3731 4194">
     <span class='ocr_line' id='line_1_86' title="bbox 2157 4116 3731 4194; baseline -0.007 -14"><span class='ocrx_word' id='word_1_600' title='bbox 2157 4125 2414 4194; x_wconf 61' lang='grc' dir='ltr'>σεραφὶμ</span> <span class='ocrx_word' id='word_1_601' title='bbox 2450 4122 2832 4189; x_wconf 73' lang='grc' dir='ltr'>είστήχεισαν</span> <span class='ocrx_word' id='word_1_602' title='bbox 2887 4123 3089 4188; x_wconf 74' lang='grc' dir='ltr'>κύκλῳ</span> <span class='ocrx_word' id='word_1_603' title='bbox 3118 4120 3300 4173; x_wconf 74' lang='grc' dir='ltr'>αὐτοῦ</span> <span class='ocrx_word' id='word_1_604' title='bbox 3320 4136 3335 4150; x_wconf 78' lang='grc'><strong>⁸</strong></span> <span class='ocrx_word' id='word_1_605' title='bbox 3369 4120 3461 4172; x_wconf 78' lang='grc' dir='ltr'>καὶ</span> <span class='ocrx_word' id='word_1_606' title='bbox 3487 4116 3731 4185; x_wconf 73' lang='grc' dir='ltr'>ἐνέχρα-</span> 
     </span>
    </p>
   </div>
   <div class='ocr_carea' id='block_1_87' title="bbox 2157 4213 3728 4288">
    <p class='ocr_par' dir='ltr' id='par_1_87' title="bbox 2157 4213 3728 4288">
     <span class='ocr_line' id='line_1_87' title="bbox 2157 4213 3728 4288; baseline -0.006 -16"><span class='ocrx_word' id='word_1_607' title='bbox 2157 4236 2261 4288; x_wconf 82' lang='grc' dir='ltr'>γεν</span> <span class='ocrx_word' id='word_1_608' title='bbox 2291 4218 2490 4285; x_wconf 78' lang='grc' dir='ltr'>ἕτερος</span> <span class='ocrx_word' id='word_1_609' title='bbox 2520 4216 2671 4284; x_wconf 73' lang='grc' dir='ltr'>πρὸς</span> <span class='ocrx_word' id='word_1_610' title='bbox 2704 4215 2809 4268; x_wconf 81' lang='grc' dir='ltr'><strong>τὸν</strong></span> <span class='ocrx_word' id='word_1_611' title='bbox 2843 4214 3065 4281; x_wconf 75' lang='grc' dir='ltr'>ἕτερον,</span> <span class='ocrx_word' id='word_1_612' title='bbox 3097 4214 3193 4267; x_wconf 78' lang='grc' dir='ltr'>καὶ</span> <span class='ocrx_word' id='word_1_613' title='bbox 3231 4214 3448 4281; x_wconf 77' lang='grc' dir='ltr'>ἔλεγον</span> <span class='ocrx_word' id='word_1_614' title='bbox 3469 4229 3481 4241; x_wconf 92' lang='grc'><strong>·</strong></span> <span class='ocrx_word' id='word_1_615' title='bbox 3516 4213 3728 4279; x_wconf 81' lang='grc' dir='ltr'>Ἄγιος,</span> 
     </span>
    </p>
   </div>
   <div class='ocr_carea' id='block_1_88' title="bbox 2157 4302 3726 4381">
    <p class='ocr_par' dir='ltr' id='par_1_88' title="bbox 2157 4302 3726 4381">
     <span class='ocr_line' id='line_1_88' title="bbox 2157 4302 3726 4381; baseline -0.004 -16"><span class='ocrx_word' id='word_1_616' title='bbox 2157 4312 2341 4381; x_wconf 74' lang='grc' dir='ltr'>ἅγιος,</span> <span class='ocrx_word' id='word_1_617' title='bbox 2373 4310 2536 4379; x_wconf 74' lang='grc' dir='ltr'>ἅγιος</span> <span class='ocrx_word' id='word_1_618' title='bbox 2572 4309 2785 4375; x_wconf 70' lang='grc' dir='ltr'>Κύριος</span> <span class='ocrx_word' id='word_1_619' title='bbox 2815 4305 3081 4361; x_wconf 73' lang='grc' dir='ltr'>Σαϐαὼθ·</span> <span class='ocrx_word' id='word_1_620' title='bbox 3114 4306 3349 4372; x_wconf 62' lang='grc' dir='ltr'>πλήρης</span> <span class='ocrx_word' id='word_1_621' title='bbox 3371 4303 3539 4358; x_wconf 82' lang='grc' dir='ltr'>πᾶσα</span> <span class='ocrx_word' id='word_1_622' title='bbox 3582 4305 3619 4371; x_wconf 64' lang='grc' dir='ltr'><strong>τ’)</strong></span> <span class='ocrx_word' id='word_1_623' title='bbox 3648 4302 3726 4374; x_wconf 74' lang='grc' dir='ltr'><em>τῆ</em></span> 
     </span>
    </p>
   </div>
   <div class='ocr_carea' id='block_1_89' title="bbox 485 4380 2056 4472">
    <p class='ocr_par' dir='ltr' id='par_1_89' title="bbox 485 4380 2052 4450">
     <span class='ocr_line' id='line_1_89' title="bbox 485 4380 2052 4450; baseline 0.003 -16"><span class='ocrx_word' id='word_1_624' title='bbox 485 4381 658 4450; x_wconf 76' lang='lat' dir='ltr'><strong>gloria</strong></span> <span class='ocrx_word' id='word_1_625' title='bbox 685 4380 838 4449; x_wconf 74' lang='lat' dir='ltr'><strong>ejus:</strong></span> <span class='ocrx_word' id='word_1_626' title='bbox 870 4390 916 4435; x_wconf 85' lang='lat' dir='ltr'><strong>et</strong></span> <span class='ocrx_word' id='word_1_627' title='bbox 947 4382 1205 4450; x_wconf 75' lang='lat' dir='ltr'><strong>semp/tim</strong></span> <span class='ocrx_word' id='word_1_628' title='bbox 1235 4384 1448 4437; x_wconf 75' lang='lat' dir='ltr'><strong>stabant</strong></span> <span class='ocrx_word' id='word_1_629' title='bbox 1480 4386 1537 4436; x_wconf 89' lang='lat' dir='ltr'><strong>in</strong></span> <span class='ocrx_word' id='word_1_630' title='bbox 1564 4384 1789 4438; x_wconf 79' lang='lat' dir='ltr'><strong>circuitu</strong></span> <span class='ocrx_word' id='word_1_631' title='bbox 1837 4384 1969 4449; x_wconf 79' lang='lat' dir='ltr'><strong>ejus,</strong></span> <span class='ocrx_word' id='word_1_632' title='bbox 2002 4393 2052 4438; x_wconf 84' lang='lat' dir='ltr'><strong>et</strong></span> 
     </span>
    </p>
   </div>
   <div class='ocr_carea' id='block_1_90' title="bbox 2158 4380 3727 4472">
    <p class='ocr_par' dir='ltr' id='par_1_90' title="bbox 2158 4380 3727 4472">
     <span class='ocr_line' id='line_1_90' title="bbox 2158 4380 3727 4472; baseline -0.008 -16"><span class='ocrx_word' id='word_1_633' title='bbox 2158 4380 2261 4470; x_wconf 77' lang='grc' dir='ltr'>τῆς</span> <span class='ocrx_word' id='word_1_634' title='bbox 2282 4400 2466 4466; x_wconf 79' lang='grc' dir='ltr'>δόξης</span> <span class='ocrx_word' id='word_1_635' title='bbox 2499 4398 2705 4455; x_wconf 77' lang='grc' dir='ltr'>αὑτοῦ.</span> <span class='ocrx_word' id='word_1_636' title='bbox 2755 4397 2924 4472; x_wconf 84' lang='grc' dir='ltr'>Τοῦτο</span> <span class='ocrx_word' id='word_1_637' title='bbox 2971 4396 3035 4467; x_wconf 80' lang='grc' dir='ltr'>δὴ</span> <span class='ocrx_word' id='word_1_638' title='bbox 3075 4395 3233 4448; x_wconf 82' lang='grc' dir='ltr'>τοῦτο</span> <span class='ocrx_word' id='word_1_639' title='bbox 3266 4396 3358 4449; x_wconf 79' lang='grc' dir='ltr'>καὶ</span> <span class='ocrx_word' id='word_1_640' title='bbox 3396 4396 3424 4446; x_wconf 82' lang='grc' dir='ltr'>ὁ</span> <span class='ocrx_word' id='word_1_641' title='bbox 3463 4393 3727 4464; x_wconf 84' lang='grc' dir='ltr'>μακάριος</span> 
     </span>
    </p>
   </div>
   <div class='ocr_carea' id='block_1_91' title="bbox 482 4474 2050 4543">
    <p class='ocr_par' dir='ltr' id='par_1_91' title="bbox 482 4474 2050 4543">
     <span class='ocr_line' id='line_1_91' title="bbox 482 4474 2050 4543; baseline 0.004 -13"><span class='ocrx_word' id='word_1_642' title='bbox 482 4474 786 4531; x_wconf 81' lang='lat' dir='ltr'><strong>clamabant</strong></span> <span class='ocrx_word' id='word_1_643' title='bbox 815 4478 949 4533; x_wconf 82' lang='lat' dir='ltr'><strong>alter</strong></span> <span class='ocrx_word' id='word_1_644' title='bbox 972 4478 1039 4531; x_wconf 89' lang='lat' dir='ltr'><strong>ad</strong></span> <span class='ocrx_word' id='word_1_645' title='bbox 1075 4479 1299 4533; x_wconf 86' lang='lat' dir='ltr'><strong>alterum</strong></span> <span class='ocrx_word' id='word_1_646' title='bbox 1327 4494 1345 4532; x_wconf 92' lang='lat'><strong><em>:</em></strong></span> <span class='ocrx_word' id='word_1_647' title='bbox 1380 4478 1629 4543; x_wconf 84' lang='lat' dir='ltr'><strong>Sanctus,</strong></span> <span class='ocrx_word' id='word_1_648' title='bbox 1665 4489 1902 4543; x_wconf 77' lang='lat' dir='ltr'><strong>sanctus,</strong></span> <span class='ocrx_word' id='word_1_649' title='bbox 1922 4498 2050 4535; x_wconf 77' lang='lat' dir='ltr'><strong>san-</strong></span> 
     </span>
    </p>
   </div>
   <div class='ocr_carea' id='block_1_92' title="bbox 483 4567 2047 4641">
    <p class='ocr_par' dir='ltr' id='par_1_92' title="bbox 483 4567 2047 4641">
     <span class='ocr_line' id='line_1_92' title="bbox 483 4567 2047 4641; baseline 0.002 -19"><span class='ocrx_word' id='word_1_650' title='bbox 483 4578 597 4622; x_wconf 80' lang='lat' dir='ltr'><strong>ctus</strong></span> <span class='ocrx_word' id='word_1_651' title='bbox 632 4567 886 4623; x_wconf 79' lang='lat' dir='ltr'><strong>Dominus</strong></span> <span class='ocrx_word' id='word_1_652' title='bbox 940 4568 1175 4624; x_wconf 83' lang='lat' dir='ltr'><strong>Sabaoth</strong></span> <span class='ocrx_word' id='word_1_653' title='bbox 1208 4587 1226 4624; x_wconf 89' lang='lat'><em>:</em></span> <span class='ocrx_word' id='word_1_654' title='bbox 1267 4572 1421 4641; x_wconf 84' lang='lat' dir='ltr'><strong>plena</strong></span> <span class='ocrx_word' id='word_1_655' title='bbox 1470 4572 1639 4625; x_wconf 75' lang='lat' dir='ltr'><strong>omnis</strong></span> <span class='ocrx_word' id='word_1_656' title='bbox 1690 4581 1828 4625; x_wconf 89' lang='lat' dir='ltr'><strong>terra</strong></span> <span class='ocrx_word' id='word_1_657' title='bbox 1875 4573 2047 4641; x_wconf 86' lang='lat' dir='ltr'><strong>gloria</strong></span> 
     </span>
    </p>
   </div>
   <div class='ocr_carea' id='block_1_93' title="bbox 481 4658 2049 4732">
    <p class='ocr_par' dir='ltr' id='par_1_93' title="bbox 481 4658 2049 4732">
     <span class='ocr_line' id='line_1_93' title="bbox 481 4658 2049 4732; baseline 0.003 -19"><span class='ocrx_word' id='word_1_658' title='bbox 481 4658 689 4729; x_wconf 80' lang='lat' dir='ltr'><strong>ejus&quot;;</strong></span> <span class='ocrx_word' id='word_1_659' title='bbox 721 4660 862 4730; x_wconf 90' lang='lat' dir='ltr'><strong>quod</strong></span> <span class='ocrx_word' id='word_1_660' title='bbox 894 4670 947 4715; x_wconf 91' lang='lat' dir='ltr'><strong>et</strong></span> <span class='ocrx_word' id='word_1_661' title='bbox 975 4660 1152 4732; x_wconf 90' lang='lat' dir='ltr'><strong>ipsum</strong></span> <span class='ocrx_word' id='word_1_662' title='bbox 1179 4662 1369 4716; x_wconf 89' lang='lat' dir='ltr'><strong>beatus</strong></span> <span class='ocrx_word' id='word_1_663' title='bbox 1405 4662 1667 4732; x_wconf 81' lang='lat' dir='ltr'><strong>propheta</strong></span> <span class='ocrx_word' id='word_1_664' title='bbox 1701 4661 1956 4716; x_wconf 81' lang='lat' dir='ltr'><strong>llabaeue</strong></span> <span class='ocrx_word' id='word_1_665' title='bbox 1979 4663 2049 4717; x_wconf 79' lang='lat' dir='ltr'><strong>le—</strong></span> 
     </span>
    </p>
   </div>
   <div class='ocr_carea' id='block_1_94' title="bbox 2161 4468 3726 4566">
    <p class='ocr_par' dir='ltr' id='par_1_94' title="bbox 2161 4468 3726 4566">
     <span class='ocr_line' id='line_1_94' title="bbox 2161 4468 3726 4566; baseline -0.008 -19"><span class='ocrx_word' id='word_1_666' title='bbox 2161 4468 2443 4566; x_wconf 82' lang='grc' dir='ltr'>προφήτης</span> <span class='ocrx_word' id='word_1_667' title='bbox 2486 4489 2806 4560; x_wconf 75' lang='grc' dir='ltr'>Ἀμϐακοὺμ</span> <span class='ocrx_word' id='word_1_668' title='bbox 2855 4468 3083 4548; x_wconf 78' lang='grc' dir='ltr'>ἀστείως</span> <span class='ocrx_word' id='word_1_669' title='bbox 3128 4472 3433 4556; x_wconf 76' lang='grc' dir='ltr'>ἔμελῲδησε</span> <span class='ocrx_word' id='word_1_670' title='bbox 3484 4483 3726 4551; x_wconf 87' lang='grc' dir='ltr'>φάσκων·</span> 
     </span>
    </p>
   </div>
   <div class='ocr_carea' id='block_1_95' title="bbox 2165 4570 3730 4653">
    <p class='ocr_par' dir='ltr' id='par_1_95' title="bbox 2165 4570 3730 4653">
     <span class='ocr_line' id='line_1_95' title="bbox 2165 4570 3730 4653; baseline -0.004 -17"><span class='ocrx_word' id='word_1_671' title='bbox 2165 4586 2258 4636; x_wconf 79' lang='grc' dir='ltr'><em>Ἐν</em></span> <span class='ocrx_word' id='word_1_672' title='bbox 2264 4582 2432 4653; x_wconf 83' lang='grc' dir='ltr'>μέσῳ</span> <span class='ocrx_word' id='word_1_673' title='bbox 2467 4581 2574 4633; x_wconf 79' lang='grc' dir='ltr'><strong>δύο</strong></span> <span class='ocrx_word' id='word_1_674' title='bbox 2602 4579 2754 4640; x_wconf 71' lang='grc' dir='ltr'>ᾄδων</span> <span class='ocrx_word' id='word_1_675' title='bbox 2773 4577 3134 4647; x_wconf 74' lang='grc' dir='ltr'>γνωσθήσῃτ</span> <span class='ocrx_word' id='word_1_676' title='bbox 3172 4577 3243 4630; x_wconf 71' lang='grc' dir='ltr'><strong>ἐν</strong></span> <span class='ocrx_word' id='word_1_677' title='bbox 3282 4575 3360 4641; x_wconf 84' lang='grc' dir='ltr'>τῷ</span> <span class='ocrx_word' id='word_1_678' title='bbox 3385 4573 3630 4645; x_wconf 61' lang='grc' dir='ltr'>ἐγγίζειν</span> <span class='ocrx_word' id='word_1_679' title='bbox 3658 4570 3730 4629; x_wconf 80' lang='grc' dir='ltr'>τὰ</span> 
     </span>
    </p>
   </div>
   <div class='ocr_carea' id='block_1_96' title="bbox 2151 4667 3729 4743">
    <p class='ocr_par' dir='ltr' id='par_1_96' title="bbox 2151 4667 3729 4743">
     <span class='ocr_line' id='line_1_96' title="bbox 2151 4667 3729 4743; baseline -0.008 -14"><span class='ocrx_word' id='word_1_680' title='bbox 2151 4678 2253 4743; x_wconf 71' lang='grc' dir='ltr'>ἔτη</span> <span class='ocrx_word' id='word_1_681' title='bbox 2328 4671 2784 4743; x_wconf 61' lang='grc' dir='ltr'>ἐπι-γηιωσθιξσῃ·</span> <span class='ocrx_word' id='word_1_682' title='bbox 2848 4671 2919 4722; x_wconf 78' lang='grc' dir='ltr'><strong>ἐν</strong></span> <span class='ocrx_word' id='word_1_683' title='bbox 2970 4668 3051 4735; x_wconf 85' lang='grc' dir='ltr'>τῷ</span> <span class='ocrx_word' id='word_1_684' title='bbox 3116 4668 3387 4736; x_wconf 76' lang='grc' dir='ltr'>παρεῖναι</span> <span class='ocrx_word' id='word_1_685' title='bbox 3428 4667 3534 4719; x_wconf 66' lang='grc' dir='ltr'><strong>τὸν</strong></span> <span class='ocrx_word' id='word_1_686' title='bbox 3598 4682 3729 4717; x_wconf 79' lang='grc' dir='ltr'>και-</span> 
     </span>
    </p>
   </div>
   <div class='ocr_carea' id='block_1_97' title="bbox 479 4754 2056 4837">
    <p class='ocr_par' dir='ltr' id='par_1_97' title="bbox 479 4759 2046 4828">
     <span class='ocr_line' id='line_1_97' title="bbox 479 4759 2046 4828; baseline 0.002 -15"><span class='ocrx_word' id='word_1_687' title='bbox 479 4759 605 4828; x_wconf 84' lang='lat' dir='ltr'><strong>pide</strong></span> <span class='ocrx_word' id='word_1_688' title='bbox 634 4761 961 4825; x_wconf 77' lang='lat' dir='ltr'><strong>modulatus,</strong></span> <span class='ocrx_word' id='word_1_689' title='bbox 998 4762 1072 4813; x_wconf 86' lang='lat' dir='ltr'><strong>ait</strong></span> <span class='ocrx_word' id='word_1_690' title='bbox 1102 4781 1114 4815; x_wconf 87' lang='lat'><strong>:</strong></span> <span class='ocrx_word' id='word_1_691' title='bbox 1154 4759 1222 4815; x_wconf 86' lang='lat' dir='ltr'><strong>In</strong></span> <span class='ocrx_word' id='word_1_692' title='bbox 1270 4762 1438 4817; x_wconf 83' lang='lat' dir='ltr'><strong>medio</strong></span> <span class='ocrx_word' id='word_1_693' title='bbox 1473 4763 1699 4816; x_wconf 85' lang='lat' dir='ltr'><strong>duorum</strong></span> <span class='ocrx_word' id='word_1_694' title='bbox 1734 4763 2046 4817; x_wconf 84' lang='lat' dir='ltr'><strong>animalium</strong></span> 
     </span>
    </p>
   </div>
   <div class='ocr_carea' id='block_1_98' title="bbox 2158 4754 3725 4837">
    <p class='ocr_par' dir='ltr' id='par_1_98' title="bbox 2158 4754 3725 4834">
     <span class='ocr_line' id='line_1_98' title="bbox 2158 4754 3725 4834; baseline -0.008 -15"><span class='ocrx_word' id='word_1_695' title='bbox 2158 4769 2257 4834; x_wconf 81' lang='grc' dir='ltr'><strong>ρὸν</strong></span> <span class='ocrx_word' id='word_1_696' title='bbox 2296 4763 2719 4833; x_wconf 75' lang='grc' dir='ltr'>ἁναὸειχθήσῃ.</span> <span class='ocrx_word' id='word_1_697' title='bbox 2749 4762 2885 4832; x_wconf 80' lang='grc' dir='ltr'>Ὅρα</span> <span class='ocrx_word' id='word_1_698' title='bbox 2924 4778 3012 4832; x_wconf 90' lang='grc' dir='ltr'><strong>μοι</strong></span> <span class='ocrx_word' id='word_1_699' title='bbox 3062 4757 3345 4830; x_wconf 82' lang='grc' dir='ltr'>τηλαυγῶς</span> <span class='ocrx_word' id='word_1_700' title='bbox 3397 4756 3490 4810; x_wconf 79' lang='grc' dir='ltr'><strong>τοῦ</strong></span> <span class='ocrx_word' id='word_1_701' title='bbox 3553 4754 3725 4809; x_wconf 84' lang='grc' dir='ltr'>Πνεύ-</span> 
     </span>
    </p>
   </div>
   <div class='ocr_carea' id='block_1_99' title="bbox 480 4851 2045 4928">
    <p class='ocr_par' dir='ltr' id='par_1_99' title="bbox 480 4851 2045 4928">
     <span class='ocr_line' id='line_1_99' title="bbox 480 4851 2045 4928; baseline 0.003 -22"><span class='ocrx_word' id='word_1_702' title='bbox 480 4853 710 4906; x_wconf 73' lang='lat' dir='ltr'><strong>nasceris</strong></span> <span class='ocrx_word' id='word_1_703' title='bbox 748 4867 766 4904; x_wconf 89' lang='lat'><em>:</em></span> <span class='ocrx_word' id='word_1_704' title='bbox 797 4851 922 4905; x_wconf 86' lang='lat' dir='ltr'><strong>dum</strong></span> <span class='ocrx_word' id='word_1_705' title='bbox 961 4854 1485 4925; x_wconf 77' lang='lat' dir='ltr'><strong>appropinquaverint</strong></span> <span class='ocrx_word' id='word_1_706' title='bbox 1519 4856 1667 4920; x_wconf 86' lang='lat' dir='ltr'><strong>anni,</strong></span> <span class='ocrx_word' id='word_1_707' title='bbox 1699 4858 1996 4928; x_wconf 75' lang='lat' dir='ltr'><strong>agnosceris</strong></span> <span class='ocrx_word' id='word_1_708' title='bbox 2026 4873 2045 4910; x_wconf 88' lang='lat'><strong><em>:</em></strong></span> 
     </span>
    </p>
   </div>
   <div class='ocr_carea' id='block_1_100' title="bbox 586 5009 1460 5075">
    <p class='ocr_par' dir='ltr' id='par_1_100' title="bbox 586 5009 1460 5075">
     <span class='ocr_line' id='line_1_100' title="bbox 586 5009 1460 5075; baseline 0.001 -11"><span class='ocrx_word' id='word_1_709' title='bbox 586 5009 632 5043; x_wconf 79' lang='grc'>⁸⁸</span> <span class='ocrx_word' id='word_1_710' title='bbox 664 5009 792 5065; x_wconf 79' lang='lat' dir='ltr'><strong>Cen.</strong></span> <span class='ocrx_word' id='word_1_711' title='bbox 816 5024 855 5075; x_wconf 94' lang='grc'>1,</span> <span class='ocrx_word' id='word_1_712' title='bbox 886 5009 977 5064; x_wconf 69' lang='grc'><strong>22.</strong></span> <span class='ocrx_word' id='word_1_713' title='bbox 1051 5010 1098 5041; x_wconf 68' lang='grc' dir='ltr'><strong>⁸ο</strong></span> <span class='ocrx_word' id='word_1_714' title='bbox 1134 5009 1269 5066; x_wconf 81' lang='lat' dir='ltr'><strong>lsai.</strong></span> <span class='ocrx_word' id='word_1_715' title='bbox 1303 5025 1379 5074; x_wconf 79' lang='lat' dir='ltr'><strong>VI,</strong></span> <span class='ocrx_word' id='word_1_716' title='bbox 1407 5011 1460 5065; x_wconf 80' lang='grc'><strong>’5.</strong></span> 
     </span>
    </p>
   </div>
   <div class='ocr_carea' id='block_1_101' title="bbox 548 5143 2046 5216">
    <p class='ocr_par' dir='ltr' id='par_1_101' title="bbox 548 5143 2046 5216">
     <span class='ocr_line' id='line_1_101' title="bbox 548 5143 2046 5216; baseline 0 -18"><span class='ocrx_word' id='word_1_717' title='bbox 548 5143 664 5214; x_wconf 67' lang='grc'><strong>(47)</strong></span> <span class='ocrx_word' id='word_1_718' title='bbox 693 5143 1009 5216; x_wconf 57' lang='grc' dir='ltr'>Νυμφικῷς</span> <span class='ocrx_word' id='word_1_719' title='bbox 1032 5143 1340 5198; x_wconf 76' lang='grc' dir='ltr'>ἐνώσαντα</span> <span class='ocrx_word' id='word_1_720' title='bbox 1356 5144 1545 5211; x_wconf 86' lang='grc' dir='ltr'>ἐαυτῷ</span> <span class='ocrx_word' id='word_1_721' title='bbox 1566 5145 1671 5198; x_wconf 76' lang='grc' dir='ltr'><strong>τὸν</strong></span> <span class='ocrx_word' id='word_1_722' title='bbox 1696 5144 1870 5214; x_wconf 81' lang='grc' dir='ltr'>Ἀδὰμ</span> <span class='ocrx_word' id='word_1_723' title='bbox 1885 5144 2046 5214; x_wconf 82' lang='grc' dir='ltr'>ἀτρέ-</span> 
     </span>
    </p>
   </div>
   <div class='ocr_carea' id='block_1_102' title="bbox 480 5213 2046 5285">
    <p class='ocr_par' dir='ltr' id='par_1_102' title="bbox 480 5213 2046 5285">
     <span class='ocr_line' id='line_1_102' title="bbox 480 5213 2046 5285; baseline 0.003 -19"><span class='ocrx_word' id='word_1_724' title='bbox 480 5213 658 5280; x_wconf 83' lang='grc' dir='ltr'>πτως.</span> <span class='ocrx_word' id='word_1_725' title='bbox 695 5213 763 5268; x_wconf 88' lang='lat' dir='ltr'><strong>Ut</strong></span> <span class='ocrx_word' id='word_1_726' title='bbox 783 5213 1136 5285; x_wconf 72' lang='lat' dir='ltr'><strong>signiﬁcetur</strong></span> <span class='ocrx_word' id='word_1_727' title='bbox 1166 5216 1459 5270; x_wconf 90' lang='lat' dir='ltr'><strong>immobilis</strong></span> <span class='ocrx_word' id='word_1_728' title='bbox 1491 5218 1642 5277; x_wconf 91' lang='lat' dir='ltr'><strong>unio,</strong></span> <span class='ocrx_word' id='word_1_729' title='bbox 1674 5232 1772 5269; x_wconf 90' lang='lat' dir='ltr'><strong>ceu</strong></span> <span class='ocrx_word' id='word_1_730' title='bbox 1804 5213 1920 5285; x_wconf 77' lang='lat' dir='ltr'><strong>lege</strong></span> <span class='ocrx_word' id='word_1_731' title='bbox 1957 5213 2046 5270; x_wconf 9' lang='lat' dir='ltr'><strong>rin-</strong></span> 
     </span>
    </p>
   </div>
   <div class='ocr_carea' id='block_1_103' title="bbox 482 5285 2043 5356">
    <p class='ocr_par' dir='ltr' id='par_1_103' title="bbox 482 5285 2043 5356">
     <span class='ocr_line' id='line_1_103' title="bbox 482 5285 2043 5356; baseline 0.003 -21"><span class='ocrx_word' id='word_1_732' title='bbox 482 5285 750 5340; x_wconf 83' lang='lat' dir='ltr'><strong>violabilis</strong></span> <span class='ocrx_word' id='word_1_733' title='bbox 811 5285 1072 5356; x_wconf 78' lang='lat' dir='ltr'><strong>coniugii.</strong></span> <span class='ocrx_word' id='word_1_734' title='bbox 1119 5295 1327 5340; x_wconf 79' lang='lat' dir='ltr'><strong>naturae</strong></span> <span class='ocrx_word' id='word_1_735' title='bbox 1374 5286 1624 5340; x_wconf 78' lang='lat' dir='ltr'><strong>humanae</strong></span> <span class='ocrx_word' id='word_1_736' title='bbox 1653 5286 1717 5341; x_wconf 89' lang='lat' dir='ltr'><strong>ad</strong></span> <span class='ocrx_word' id='word_1_737' title='bbox 1750 5285 1989 5356; x_wconf 76' lang='lat' dir='ltr'><strong>Verbum</strong></span> <span class='ocrx_word' id='word_1_738' title='bbox 2028 5304 2043 5339; x_wconf 86' lang='lat'><strong>:</strong></span> 
     </span>
    </p>
   </div>
   <div class='ocr_carea' id='block_1_104' title="bbox 479 5355 2051 5507">
    <p class='ocr_par' dir='ltr' id='par_1_104' title="bbox 479 5355 2051 5507">
     <span class='ocr_line' id='line_1_104' title="bbox 479 5355 2047 5428; baseline 0.003 -21"><span class='ocrx_word' id='word_1_739' title='bbox 479 5369 788 5426; x_wconf 87' lang='lat' dir='ltr'><strong>quanquam</strong></span> <span class='ocrx_word' id='word_1_740' title='bbox 822 5355 1005 5425; x_wconf 84' lang='lat' dir='ltr'><strong>posset</strong></span> <span class='ocrx_word' id='word_1_741' title='bbox 1032 5356 1092 5409; x_wconf 83' lang='grc' dir='ltr'><strong>τὸ</strong></span> <span class='ocrx_word' id='word_1_742' title='bbox 1120 5357 1403 5428; x_wconf 83' lang='grc' dir='ltr'>ἀτρέπτως</span> <span class='ocrx_word' id='word_1_743' title='bbox 1440 5357 1644 5413; x_wconf 82' lang='lat' dir='ltr'><strong>referre</strong></span> <span class='ocrx_word' id='word_1_744' title='bbox 1687 5359 1863 5427; x_wconf 91' lang='lat' dir='ltr'><strong>ipsum</strong></span> <span class='ocrx_word' id='word_1_745' title='bbox 1911 5355 2047 5411; x_wconf 84' lang='lat' dir='ltr'><strong>Ver-</strong></span> 
     </span>
     <span class='ocr_line' id='line_1_105' title="bbox 479 5423 2051 5507; baseline 0.001 -29"><span class='ocrx_word' id='word_1_746' title='bbox 479 5423 631 5507; x_wconf 76' lang='lat' dir='ltr'><strong>bum,</strong></span> <span class='ocrx_word' id='word_1_747' title='bbox 659 5433 714 5507; x_wconf 75' lang='lat' dir='ltr'><strong>et</strong></span> <span class='ocrx_word' id='word_1_748' title='bbox 745 5426 960 5507; x_wconf 79' lang='lat' dir='ltr'><strong>modum</strong></span> <span class='ocrx_word' id='word_1_749' title='bbox 993 5428 1211 5483; x_wconf 88' lang='lat' dir='ltr'><strong>unionis</strong></span> <span class='ocrx_word' id='word_1_750' title='bbox 1240 5444 1305 5482; x_wconf 81' lang='lat' dir='ltr'><strong>ex</strong></span> <span class='ocrx_word' id='word_1_751' title='bbox 1330 5436 1484 5497; x_wconf 85' lang='lat' dir='ltr'><strong>parte</strong></span> <span class='ocrx_word' id='word_1_752' title='bbox 1510 5429 1678 5495; x_wconf 89' lang='lat' dir='ltr'><strong>illius,</strong></span> <span class='ocrx_word' id='word_1_753' title='bbox 1698 5429 1847 5482; x_wconf 92' lang='lat' dir='ltr'><strong>nulla</strong></span> <span class='ocrx_word' id='word_1_754' title='bbox 1873 5442 1903 5481; x_wconf 89' lang='lat' dir='ltr'><strong>a</strong></span> <span class='ocrx_word' id='word_1_755' title='bbox 1927 5442 2051 5498; x_wconf 82' lang='lat' dir='ltr'><strong>pro-</strong></span> 
     </span>
    </p>
   </div>
   <div class='ocr_carea' id='block_1_105' title="bbox 479 5496 1029 5565">
    <p class='ocr_par' dir='ltr' id='par_1_105' title="bbox 479 5496 1029 5565">
     <span class='ocr_line' id='line_1_106' title="bbox 479 5496 1029 5565; baseline 0.007 -18"><span class='ocrx_word' id='word_1_756' title='bbox 479 5496 616 5565; x_wconf 81' lang='lat' dir='ltr'><strong>priis</strong></span> <span class='ocrx_word' id='word_1_757' title='bbox 643 5496 1029 5551; x_wconf 88' lang='lat' dir='ltr'><strong>demutatione.</strong></span> 
     </span>
    </p>
   </div>
   <div class='ocr_carea' id='block_1_106' title="bbox 552 5565 2040 5640">
    <p class='ocr_par' dir='ltr' id='par_1_106' title="bbox 552 5565 2040 5640">
     <span class='ocr_line' id='line_1_107' title="bbox 552 5565 2040 5640; baseline 0.002 -22"><span class='ocrx_word' id='word_1_758' title='bbox 552 5565 795 5640; x_wconf 42' lang='grc' dir='ltr'>(ξω-Καί</span> <span class='ocrx_word' id='word_1_759' title='bbox 845 5566 1152 5640; x_wconf 60' lang='grc' dir='ltr'>προφήτης</span> <span class='ocrx_word' id='word_1_760' title='bbox 1202 5567 1514 5640; x_wconf 60' lang='grc' dir='ltr'>ἐξήγαγεν.</span> <span class='ocrx_word' id='word_1_761' title='bbox 1572 5567 1777 5639; x_wconf 86' lang='lat' dir='ltr'><strong>Nempe</strong></span> <span class='ocrx_word' id='word_1_762' title='bbox 1830 5571 1893 5622; x_wconf 84' lang='grc' dir='ltr'>ὲκ</span> <span class='ocrx_word' id='word_1_763' title='bbox 1942 5568 2040 5639; x_wconf 85' lang='grc' dir='ltr'><strong>τῆς</strong></span> 
     </span>
    </p>
   </div>
   <div class='ocr_carea' id='block_1_107' title="bbox 480 5633 2041 5709">
    <p class='ocr_par' dir='ltr' id='par_1_107' title="bbox 480 5633 2041 5709">
     <span class='ocr_line' id='line_1_108' title="bbox 480 5633 2041 5709; baseline 0.004 -24"><span class='ocrx_word' id='word_1_764' title='bbox 480 5633 745 5709; x_wconf 64' lang='grc' dir='ltr'>Βηθλεέμ,</span> <span class='ocrx_word' id='word_1_765' title='bbox 802 5633 1001 5709; x_wconf 68' lang='lat' dir='ltr'><strong>utjllic</strong></span> <span class='ocrx_word' id='word_1_766' title='bbox 1030 5633 1226 5692; x_wconf 85' lang='lat' dir='ltr'><strong>editam</strong></span> <span class='ocrx_word' id='word_1_767' title='bbox 1252 5633 1503 5709; x_wconf 76' lang='lat' dir='ltr'><strong>prolem,</strong></span> <span class='ocrx_word' id='word_1_768' title='bbox 1535 5654 1684 5709; x_wconf 89' lang='lat' dir='ltr'><strong>spem</strong></span> <span class='ocrx_word' id='word_1_769' title='bbox 1712 5633 1865 5694; x_wconf 76' lang='lat' dir='ltr'><strong>illam</strong></span> <span class='ocrx_word' id='word_1_770' title='bbox 1897 5633 2041 5704; x_wconf 66' lang='lat' dir='ltr'><strong>vitae,</strong></span> 
     </span>
    </p>
   </div>
   <div class='ocr_carea' id='block_1_108' title="bbox 481 5705 2046 5780">
    <p class='ocr_par' dir='ltr' id='par_1_108' title="bbox 481 5705 2046 5780">
     <span class='ocr_line' id='line_1_109' title="bbox 481 5705 2046 5780; baseline 0.003 -21"><span class='ocrx_word' id='word_1_771' title='bbox 481 5706 537 5759; x_wconf 90' lang='lat' dir='ltr'><strong>in</strong></span> <span class='ocrx_word' id='word_1_772' title='bbox 559 5706 833 5780; x_wconf 69' lang='lat' dir='ltr'><strong>montibus</strong></span> <span class='ocrx_word' id='word_1_773' title='bbox 865 5705 1017 5770; x_wconf 91' lang='lat' dir='ltr'><strong>Sion,</strong></span> <span class='ocrx_word' id='word_1_774' title='bbox 1040 5716 1095 5763; x_wconf 85' lang='lat' dir='ltr'><strong>ct</strong></span> <span class='ocrx_word' id='word_1_775' title='bbox 1118 5705 1317 5778; x_wconf 86' lang='lat' dir='ltr'><strong>tempr</strong></span> <span class='ocrx_word' id='word_1_776' title='bbox 1338 5705 1813 5780; x_wconf 61' lang='lat' dir='ltr'><strong>Jerosolvmitano,</strong></span> <span class='ocrx_word' id='word_1_777' title='bbox 1842 5711 2046 5763; x_wconf 90' lang='lat' dir='ltr'><strong>mundo</strong></span> 
     </span>
    </p>
   </div>
   <div class='ocr_carea' id='block_1_109' title="bbox 485 5774 2041 5852">
    <p class='ocr_par' dir='ltr' id='par_1_109' title="bbox 485 5774 2041 5852">
     <span class='ocr_line' id='line_1_110' title="bbox 485 5774 2041 5852; baseline 0.001 -19"><span class='ocrx_word' id='word_1_778' title='bbox 485 5774 855 5833; x_wconf 81' lang='lat' dir='ltr'><strong>manifestaret</strong></span> <span class='ocrx_word' id='word_1_779' title='bbox 900 5786 1008 5832; x_wconf 91' lang='lat' dir='ltr'><strong>:ut</strong></span> <span class='ocrx_word' id='word_1_780' title='bbox 1064 5774 1359 5850; x_wconf 85' lang='lat' dir='ltr'><strong>utrunique</strong></span> <span class='ocrx_word' id='word_1_781' title='bbox 1418 5774 1772 5852; x_wconf 76' lang='lat' dir='ltr'><strong>significetur,</strong></span> <span class='ocrx_word' id='word_1_782' title='bbox 1813 5796 1913 5839; x_wconf 88' lang='lat' dir='ltr'><strong>ceu</strong></span> <span class='ocrx_word' id='word_1_783' title='bbox 1976 5796 2041 5835; x_wconf 76' lang='lat' dir='ltr'><strong>ex</strong></span> 
     </span>
    </p>
   </div>
   <div class='ocr_carea' id='block_1_110' title="bbox 2157 4849 3723 4928">
    <p class='ocr_par' dir='ltr' id='par_1_110' title="bbox 2157 4849 3723 4928">
     <span class='ocr_line' id='line_1_111' title="bbox 2157 4849 3723 4928; baseline -0.006 -18"><span class='ocrx_word' id='word_1_784' title='bbox 2157 4872 2325 4928; x_wconf 84' lang='grc' dir='ltr'>ματος</span> <span class='ocrx_word' id='word_1_785' title='bbox 2382 4854 2479 4927; x_wconf 82' lang='grc' dir='ltr'>τὴν</span> <span class='ocrx_word' id='word_1_786' title='bbox 2533 4853 2842 4927; x_wconf 74' lang='grc' dir='ltr'>ἀκρίϐειαν·</span> <span class='ocrx_word' id='word_1_787' title='bbox 2911 4851 3110 4921; x_wconf 82' lang='grc' dir='ltr'>γνῶσίν</span> <span class='ocrx_word' id='word_1_788' title='bbox 3173 4865 3337 4922; x_wconf 83' lang='grc' dir='ltr'>φησιν</span> <span class='ocrx_word' id='word_1_789' title='bbox 3400 4849 3723 4917; x_wconf 84' lang='grc' dir='ltr'>ἐπίγνωσιν,</span> 
     </span>
    </p>
   </div>
   <div class='ocr_carea' id='block_1_111' title="bbox 2152 5142 3730 5215">
    <p class='ocr_par' dir='ltr' id='par_1_111' title="bbox 2152 5142 3730 5215">
     <span class='ocr_line' id='line_1_112' title="bbox 2152 5142 3730 5215; baseline 0.001 -17"><span class='ocrx_word' id='word_1_790' title='bbox 2152 5144 2381 5198; x_wconf 88' lang='lat' dir='ltr'><strong>oraculo</strong></span> <span class='ocrx_word' id='word_1_791' title='bbox 2411 5144 2636 5199; x_wconf 83' lang='lat' dir='ltr'><strong>factum.</strong></span> <span class='ocrx_word' id='word_1_792' title='bbox 2663 5142 2930 5199; x_wconf 86' lang='lat' dir='ltr'><strong>Pantinus</strong></span> <span class='ocrx_word' id='word_1_793' title='bbox 2964 5159 3062 5199; x_wconf 89' lang='lat' dir='ltr'><strong>sua</strong></span> <span class='ocrx_word' id='word_1_794' title='bbox 3095 5145 3314 5215; x_wconf 81' lang='lat' dir='ltr'><strong>ingerit,</strong></span> <span class='ocrx_word' id='word_1_795' title='bbox 3340 5156 3395 5203; x_wconf 90' lang='lat' dir='ltr'><strong>et</strong></span> <span class='ocrx_word' id='word_1_796' title='bbox 3428 5147 3730 5201; x_wconf 80' lang='lat' dir='ltr'><strong>Methodia-</strong></span> 
     </span>
    </p>
   </div>
   <div class='ocr_carea' id='block_1_112' title="bbox 2152 5215 3724 5280">
    <p class='ocr_par' dir='ltr' id='par_1_112' title="bbox 2152 5215 3724 5280">
     <span class='ocr_line' id='line_1_113' title="bbox 2152 5215 3724 5280; baseline 0 -11"><span class='ocrx_word' id='word_1_797' title='bbox 2152 5217 2240 5270; x_wconf 89' lang='lat' dir='ltr'><strong>nis</strong></span> <span class='ocrx_word' id='word_1_798' title='bbox 2260 5215 2512 5277; x_wconf 87' lang='lat' dir='ltr'><strong>adversa,</strong></span> <span class='ocrx_word' id='word_1_799' title='bbox 2548 5215 2695 5269; x_wconf 87' lang='lat' dir='ltr'><strong>velut</strong></span> <span class='ocrx_word' id='word_1_800' title='bbox 2725 5217 2792 5270; x_wconf 93' lang='lat' dir='ltr'><strong>de</strong></span> <span class='ocrx_word' id='word_1_801' title='bbox 2818 5216 3257 5273; x_wconf 77' lang='lat' dir='ltr'><strong>manifestatione</strong></span> <span class='ocrx_word' id='word_1_802' title='bbox 3300 5220 3353 5272; x_wconf 92' lang='lat' dir='ltr'><strong>in</strong></span> <span class='ocrx_word' id='word_1_803' title='bbox 3388 5218 3724 5280; x_wconf 83' lang='lat' dir='ltr'><strong>Bethlehem,</strong></span> 
     </span>
    </p>
   </div>
   <div class='ocr_carea' id='block_1_113' title="bbox 2152 5286 3726 5357">
    <p class='ocr_par' dir='ltr' id='par_1_113' title="bbox 2152 5286 3726 5357">
     <span class='ocr_line' id='line_1_114' title="bbox 2152 5286 3726 5357; baseline -0.001 -16"><span class='ocrx_word' id='word_1_804' title='bbox 2152 5301 2260 5341; x_wconf 87' lang='lat' dir='ltr'><strong>non</strong></span> <span class='ocrx_word' id='word_1_805' title='bbox 2294 5289 2347 5357; x_wconf 83' lang='lat' dir='ltr'><strong>in</strong></span> <span class='ocrx_word' id='word_1_806' title='bbox 2372 5287 2594 5356; x_wconf 90' lang='lat' dir='ltr'><strong>templo,</strong></span> <span class='ocrx_word' id='word_1_807' title='bbox 2622 5294 2876 5356; x_wconf 86' lang='lat' dir='ltr'><strong>ageretur</strong></span> <span class='ocrx_word' id='word_1_808' title='bbox 2912 5306 2923 5340; x_wconf 89' lang='lat'>:</span> <span class='ocrx_word' id='word_1_809' title='bbox 2961 5286 3077 5352; x_wconf 81' lang='lat' dir='ltr'><strong>Quo</strong></span> <span class='ocrx_word' id='word_1_810' title='bbox 3102 5289 3368 5345; x_wconf 74' lang='lat' dir='ltr'><strong>consilio?</strong></span> <span class='ocrx_word' id='word_1_811' title='bbox 3414 5287 3635 5357; x_wconf 84' lang='lat' dir='ltr'><strong>Nempe.</strong></span> <span class='ocrx_word' id='word_1_812' title='bbox 3667 5298 3726 5340; x_wconf 75' lang='lat' dir='ltr'><strong>ut</strong></span> 
     </span>
    </p>
   </div>
   <div class='ocr_carea' id='block_1_114' title="bbox 2153 5356 3727 5425">
    <p class='ocr_par' dir='ltr' id='par_1_114' title="bbox 2153 5356 3727 5425">
     <span class='ocr_line' id='line_1_115' title="bbox 2153 5356 3727 5425; baseline 0 -15"><span class='ocrx_word' id='word_1_813' title='bbox 2153 5356 2347 5412; x_wconf 83' lang='lat' dir='ltr'><strong>mundo</strong></span> <span class='ocrx_word' id='word_1_814' title='bbox 2372 5358 2491 5410; x_wconf 75' lang='lat' dir='ltr'><strong>vita:</strong></span> <span class='ocrx_word' id='word_1_815' title='bbox 2513 5358 2628 5425; x_wconf 87' lang='lat' dir='ltr'><strong>jam</strong></span> <span class='ocrx_word' id='word_1_816' title='bbox 2659 5373 2770 5411; x_wconf 72' lang='lat' dir='ltr'><strong>sum</strong></span> <span class='ocrx_word' id='word_1_817' title='bbox 2807 5373 2948 5425; x_wconf 82' lang='lat' dir='ltr'><strong>spem</strong></span> <span class='ocrx_word' id='word_1_818' title='bbox 2988 5357 3394 5413; x_wconf 75' lang='lat' dir='ltr'><strong>demonstraret.</strong></span> <span class='ocrx_word' id='word_1_819' title='bbox 3435 5358 3727 5413; x_wconf 83' lang='lat' dir='ltr'><strong>Declarant</strong></span> 
     </span>
    </p>
   </div>
   <div class='ocr_carea' id='block_1_115' title="bbox 2155 5425 3730 5501">
    <p class='ocr_par' dir='ltr' id='par_1_115' title="bbox 2155 5425 3730 5501">
     <span class='ocr_line' id='line_1_116' title="bbox 2155 5425 3730 5501; baseline -0.002 -18"><span class='ocrx_word' id='word_1_820' title='bbox 2155 5429 2437 5501; x_wconf 70' lang='lat' dir='ltr'><strong>sequentia</strong></span> <span class='ocrx_word' id='word_1_821' title='bbox 2492 5429 2637 5501; x_wconf 81' lang='lat' dir='ltr'><strong>quod</strong></span> <span class='ocrx_word' id='word_1_822' title='bbox 2691 5428 2931 5501; x_wconf 65' lang='lat' dir='ltr'><strong>diximus</strong></span> <span class='ocrx_word' id='word_1_823' title='bbox 2965 5446 2978 5481; x_wconf 91' lang='lat'>:</span> <span class='ocrx_word' id='word_1_824' title='bbox 3012 5426 3135 5479; x_wconf 85' lang='grc' dir='ltr'>ὅθεν</span> <span class='ocrx_word' id='word_1_825' title='bbox 3182 5429 3435 5501; x_wconf 75' lang='grc' dir='ltr'>ἐπάρασα</span> <span class='ocrx_word' id='word_1_826' title='bbox 3483 5446 3537 5483; x_wconf 89' lang='grc' dir='ltr'>κ.</span> <span class='ocrx_word' id='word_1_827' title='bbox 3561 5425 3730 5495; x_wconf 71' lang='grc' dir='ltr'>τ.έξ.,</span> 
     </span>
    </p>
   </div>
   <div class='ocr_carea' id='block_1_116' title="bbox 2155 5496 2962 5554">
    <p class='ocr_par' dir='ltr' id='par_1_116' title="bbox 2155 5496 2962 5554">
     <span class='ocr_line' id='line_1_117' title="bbox 2155 5496 2962 5554; baseline 0.004 -3"><span class='ocrx_word' id='word_1_828' title='bbox 2155 5496 2247 5552; x_wconf 83' lang='lat' dir='ltr'><strong>ubi</strong></span> <span class='ocrx_word' id='word_1_829' title='bbox 2281 5514 2379 5554; x_wconf 90' lang='lat' dir='ltr'><strong>nec</strong></span> <span class='ocrx_word' id='word_1_830' title='bbox 2407 5496 2669 5553; x_wconf 86' lang='lat' dir='ltr'><strong>Pantinus</strong></span> <span class='ocrx_word' id='word_1_831' title='bbox 2698 5499 2836 5552; x_wconf 78' lang='lat' dir='ltr'><strong>ﬁdus</strong></span> <span class='ocrx_word' id='word_1_832' title='bbox 2860 5506 2962 5554; x_wconf 84' lang='lat' dir='ltr'><strong>est.</strong></span> 
     </span>
    </p>
   </div>
   <div class='ocr_carea' id='block_1_117' title="bbox 2218 5569 3729 5640">
    <p class='ocr_par' dir='ltr' id='par_1_117' title="bbox 2218 5569 3729 5640">
     <span class='ocr_line' id='line_1_118' title="bbox 2218 5569 3729 5640; baseline -0.001 -17"><span class='ocrx_word' id='word_1_833' title='bbox 2218 5569 2329 5640; x_wconf 66' lang='grc'><strong>(49)</strong></span> <span class='ocrx_word' id='word_1_834' title='bbox 2375 5569 2765 5637; x_wconf 70' lang='grc' dir='ltr'>Ἔνεςεάνισεν</span> <span class='ocrx_word' id='word_1_835' title='bbox 2783 5569 2909 5640; x_wconf 71' lang='grc' dir='ltr'>ἐκεῖ</span> <span class='ocrx_word' id='word_1_836' title='bbox 2920 5569 3067 5639; x_wconf 86' lang='grc' dir='ltr'><strong>μετά</strong></span> <span class='ocrx_word' id='word_1_837' title='bbox 3092 5570 3203 5639; x_wconf 79' lang='grc' dir='ltr'>τῆς</span> <span class='ocrx_word' id='word_1_838' title='bbox 3228 5571 3295 5635; x_wconf 79' lang='grc' dir='ltr'><strong>ἐξ</strong></span> <span class='ocrx_word' id='word_1_839' title='bbox 3332 5569 3729 5640; x_wconf 56' lang='grc' dir='ltr'>αὐτῆς-’προσέ-</span> 
     </span>
    </p>
   </div>
   <div class='ocr_carea' id='block_1_118' title="bbox 2150 5637 3727 5711">
    <p class='ocr_par' dir='ltr' id='par_1_118' title="bbox 2150 5637 3727 5711">
     <span class='ocr_line' id='line_1_119' title="bbox 2150 5637 3727 5711; baseline -0.002 -17"><span class='ocrx_word' id='word_1_840' title='bbox 2150 5637 2393 5711; x_wconf 74' lang='grc' dir='ltr'>λῆψεως</span> <span class='ocrx_word' id='word_1_841' title='bbox 2443 5641 2767 5709; x_wconf 77' lang='grc' dir='ltr'>ἀχράντου,</span> <span class='ocrx_word' id='word_1_842' title='bbox 2825 5637 3027 5709; x_wconf 82' lang='lat' dir='ltr'><strong>Nempe</strong></span> <span class='ocrx_word' id='word_1_843' title='bbox 3081 5637 3160 5711; x_wconf 74' lang='grc' dir='ltr'><strong>τῷ</strong></span> <span class='ocrx_word' id='word_1_844' title='bbox 3207 5641 3326 5711; x_wconf 84' lang='grc' dir='ltr'><strong>Θεῷ</strong></span> <span class='ocrx_word' id='word_1_845' title='bbox 3385 5637 3477 5695; x_wconf 67' lang='grc' dir='ltr'><strong>καί</strong></span> <span class='ocrx_word' id='word_1_846' title='bbox 3533 5639 3727 5710; x_wconf 82' lang='grc' dir='ltr'>Πατρί.</span> 
     </span>
    </p>
   </div>
   <div class='ocr_carea' id='block_1_119' title="bbox 2153 5710 3729 5782">
    <p class='ocr_par' dir='ltr' id='par_1_119' title="bbox 2153 5710 3729 5782">
     <span class='ocr_line' id='line_1_120' title="bbox 2153 5710 3729 5782; baseline 0.003 -21"><span class='ocrx_word' id='word_1_847' title='bbox 2153 5712 2298 5779; x_wconf 87' lang='lat' dir='ltr'><strong>quod</strong></span> <span class='ocrx_word' id='word_1_848' title='bbox 2335 5710 2526 5782; x_wconf 76' lang='lat' dir='ltr'><strong>Lucas</strong></span> <span class='ocrx_word' id='word_1_849' title='bbox 2571 5712 2666 5775; x_wconf 92' lang='lat' dir='ltr'><strong>ait,</strong></span> <span class='ocrx_word' id='word_1_850' title='bbox 2700 5711 3046 5782; x_wconf 73' lang='grc' dir='ltr'>παραστῆσαι</span> <span class='ocrx_word' id='word_1_851' title='bbox 3074 5710 3148 5782; x_wconf 83' lang='grc' dir='ltr'>τῷ</span> <span class='ocrx_word' id='word_1_852' title='bbox 3182 5710 3389 5781; x_wconf 81' lang='grc' dir='ltr'>Κυρίῳ.</span> <span class='ocrx_word' id='word_1_853' title='bbox 3421 5712 3525 5766; x_wconf 79' lang='lat' dir='ltr'><strong>Res</strong></span> <span class='ocrx_word' id='word_1_854' title='bbox 3570 5712 3729 5780; x_wconf 81' lang='lat' dir='ltr'><strong>plana</strong></span> 
     </span>
    </p>
   </div>
   <div class='ocr_carea' id='block_1_120' title="bbox 2154 5780 3585 5850">
    <p class='ocr_par' dir='ltr' id='par_1_120' title="bbox 2154 5780 3585 5850">
     <span class='ocr_line' id='line_1_121' title="bbox 2154 5780 3585 5850; baseline -0.001 -14"><span class='ocrx_word' id='word_1_855' title='bbox 2154 5781 2347 5837; x_wconf 85' lang='lat' dir='ltr'><strong>scienti</strong></span> <span class='ocrx_word' id='word_1_856' title='bbox 2377 5782 2671 5850; x_wconf 85' lang='lat' dir='ltr'><strong>terminos;</strong></span> <span class='ocrx_word' id='word_1_857' title='bbox 2700 5780 2967 5837; x_wconf 84' lang='lat' dir='ltr'><strong>Pantinus</strong></span> <span class='ocrx_word' id='word_1_858' title='bbox 2993 5780 3171 5839; x_wconf 85' lang='lat' dir='ltr'><strong>tamen</strong></span> <span class='ocrx_word' id='word_1_859' title='bbox 3198 5780 3353 5838; x_wconf 85' lang='lat' dir='ltr'><strong>male</strong></span> <span class='ocrx_word' id='word_1_860' title='bbox 3368 5784 3585 5839; x_wconf 84' lang='lat' dir='ltr'><strong>oscitat.</strong></span> 
     </span>
    </p>
   </div>
  </div>
