4110 6398
345 366 460 427 587

1441 371 1673 429 SEBMO
1712 374 1800 428 DE
1840 375 2143 432 SlMEONE
2181 376 2272 432 ET
2309 377 2514 434 ANNA.

3475 393 3577 451 558

347 476 637 542 ἀνάδειξιν,
670 476 825 532 ἅτινα
855 478 1022 551 δηλοῖ,
1053 481 1112 535 τὸ
1148 483 1244 552 μὲν
1264 522 1278 546 ,
1314 485 1417 539 Ἔν
1434 488 1601 556 μέσῳ
1624 488 1731 541 δύο
1763 488 1916 549 ζώων

2026 492 2151 545 dum
2192 504 2389 564 tempus
2431 494 2634 559 aderit,
2668 498 2952 553 ostenderis
2983 499 3049 553 ³⁰.
3086 500 3295 572 Inspice
3336 520 3465 560 vero
3489 523 3581 562 ac-

344 569 700 641 γνωσθήσῃ,
726 572 824 642 τήν
843 589 901 624 τε
936 572 1077 626 κατὰ
1093 574 1254 645 νόμον
1280 579 1337 629 ἐν
1369 581 1479 653 τοῖς
1510 579 1720 645 ἀδύτοις
1763 584 1923 653 ὑπερ-

347 657 557 713 άνωθεν
587 657 683 712 τοῦ
713 660 1024 732 ίλαστηρίου
1058 663 1153 734 τῆς
1196 650 1426 719 κιϐωτοῦ
1457 668 1660 737 μεταξὺ
1687 670 1795 722 τῶν
1827 650 1919 724 τυο

347 750 526 803 πικῶν
574 752 844 823 χερουϐὶμ
889 754 1199 809 ὲπισκίασιν
1220 757 1320 827 τῆς
1366 758 1515 823 θείας
1548 761 1712 814 αὐτοῦ
1744 761 1918 831 δόξης,

345 841 426 906 ὣς
451 859 583 914 φησι
612 844 748 915 πρὸς
796 846 1035 917 Μωῦσῆν
1057 885 1071 909 ,
1116 847 1421 902 Ἐντεῦθέν
1446 865 1545 903 σοι
1575 853 1923 921 γνωσθήσο-

340 949 484 1004 gat,
547 935 649 1006 τήν
705 953 765 988 τε
823 939 1241 1009 καταντήσασαν
1300 940 1369 993 τὰ
1415 940 1509 995 νῦν
1540 943 1627 996 διὰ
1659 943 1755 1016 τὴν
1781 945 1921 999 κατὰ

346 1024 529 1097 σάρκα
576 1026 922 1098 πανύμνητον
975 1029 1139 1083 αὐτοῦ
1175 1031 1268 1085 τοῦ
1314 1035 1560 1107 Σωτῆρος
1607 1035 1923 1105 Θεοφάνειαν

342 1116 646 1190 ἀγγελικὴν
684 1120 1010 1186 συνέλευσιν,
1047 1124 1095 1174 εἰ
1128 1125 1223 1177 κα)⁵
1251 1126 1385 1198 πρὸς
1414 1127 1568 1198 ἡμῶν
1596 1128 1921 1199 ἀθεώρητος,

343 1207 532 1275 καθὼς
575 1211 974 1283 προδεδήλωκεν
1026 1214 1248 1281 Ἡσαΐας
1267 1236 1281 1251 ο
1311 1219 1371 1272 τὸ
1401 1219 1479 1284 δὲ,
1531 1221 1626 1273 Ἐν
1654 1220 1733 1286 τῷ
1769 1222 1925 1292 ἐγγί-

343 1301 471 1362 ζειν
508 1302 579 1357 τὰ
636 1304 761 1373 ἐτη,
811 1307 1266 1379 ἑπιγνωσθήσῃ,
1315 1311 1412 1383 τὴν
1457 1312 1793 1377 πανένδοξον,
1848 1314 1924 1379 ὡς

344 1393 693 1465 προείρηται,
721 1398 859 1449 κατὰ
902 1397 1081 1472 σάρκα
1106 1399 1399 1468 ἐπίγνωσιν
1431 1402 1525 1455 τοῦ
1557 1402 1788 1474 ἀοράτου
1817 1403 1922 1456 Σω-

343 1484 518 1555 τῆρος
545 1483 700 1555 ἡμῶν
730 1486 886 1551 Θεοῦ,
912 1488 987 1552 ὣς
1014 1507 1115 1542 που
1146 1491 1309 1560 φησὶν
1337 1493 1365 1544 ό
1394 1492 1563 1563 μέγας
1601 1492 1925 1565 ίερομύστης

343 1575 597 1639 Παῦλος·
650 1579 788 1633 "Ore
812 1579 880 1633 δὲ
916 1577 1064 1651 ἦλθε
1095 1582 1163 1635 τὸ
1204 1582 1494 1653 πλήρωμα
1538 1585 1644 1639 τοῦ
1676 1587 1921 1654 χρόνου,

341 1667 781 1733 ἐξαπέστειλεν
811 1674 844 1725 ό
875 1672 1018 1739 Θεὸς
1060 1672 1167 1727 τὸν
1209 1673 1348 1728 Υἱὺν
1373 1676 1579 1738 αὑτοῦ,
1604 1677 1924 1745 γενόμενον

337 1760 412 1814 ἐκ
446 1762 748 1831 γυναικὸς,
775 1765 1097 1834 γενόμενον
1121 1766 1239 1820 ὑπὸ
1260 1767 1466 1836 νόμον,
1497 1769 1597 1823 ἵνα
1640 1768 1781 1834 τοὺς
1801 1768 1920 1824 ὑπὸ

2022 595 2265 641 curatam
2321 590 2539 659 penitus
2591 586 2830 659 Spiritus
2880 592 3236 664 diligentiam.
3294 594 3579 654 Notionem

2020 680 2179 746 dixit,
2213 680 2542 750 agnitionem
2578 689 2631 735 et
2668 683 3069 751 ostensionem;
3107 702 3338 755 quarunt
3367 688 3582 760 singula

2020 773 2135 827 haec
2156 772 2462 841 declarant;
2494 772 2623 828 illud
2649 774 2865 845 quidem
2903 795 2916 830 :
2943 776 3007 830 )n
3033 780 3201 833 medio
3218 781 3442 835 duorum
3472 784 3563 845 αιιὶ

2020 866 2240 919 malium
2271 866 2497 920 nasceris
2516 865 2605 929 ;in
2640 867 2850 937 primis,
2880 868 3074 924 divina:
3097 872 3285 940 ipsius,
3320 873 3474 941 juxta
3506 875 3582 928 le-

2020 972 2164 1027 gem,
2195 959 2250 1013 in
2278 959 2479 1030 adytis,
2503 975 2667 1032 super
2691 976 2831 1016 arca:
2849 962 3304 1032 propitiatorium,
3324 967 3376 1019 in
3401 967 3583 1022 medio

2021 1049 2327 1119 typicorum
2363 1049 2667 1115 cherubim,
2687 1034 2878 1121 gloriae
2900 1052 3042 1106 velut
3069 1054 3535 1110 obumbrationem
3559 1074 3578 1125 ;

2019 1155 2148 1194 nam
2188 1140 2263 1194 ait
2316 1140 2383 1195 ad
2414 1140 2631 1213 Moysen
2667 1160 2680 1195 :
2713 1140 2844 1196 Inde
2872 1142 2966 1196 tibi
3004 1144 3325 1198 innotescam
3343 1146 3420 1201 ³¹;
3450 1164 3584 1217 ιιι-αι-

2020 1238 2170 1285 terea
2193 1232 2377 1296 etiam,
2414 1247 2562 1287 nunc
2591 1234 2769 1299 nobis,
2817 1238 2914 1304 per
2952 1233 3251 1293 Salvatoris
3299 1238 3471 1307 ipsius
3494 1255 3579 1295 se-

2022 1322 2261 1377 cundum
2296 1338 2536 1390 carnem,
2560 1324 2798 1379 divinam
2834 1326 3192 1397 laudibusque
3217 1330 3469 1386 omnibus
3490 1347 3583 1386 ce-

2021 1411 2339 1467 lebrandam
2371 1414 2783 1484 apparitionem,
2802 1413 2942 1468 factu
2953 1432 3000 1468 ιιι
3025 1416 3239 1472 obvium
3266 1419 3577 1489 angelorum

2024 1517 2396 1558 concursum:
2430 1519 2737 1575 quanquam
2778 1507 2845 1571 is,
2886 1516 3079 1562 natura
3127 1523 3249 1576 sua,
3295 1510 3454 1566 nobis
3495 1511 3582 1565 in-

2022 1602 2373 1672 aspectabilis
2396 1612 2499 1668 est,
2526 1609 2585 1657 ut
2602 1604 2713 1673 jam
2741 1612 2866 1659 ante
2890 1603 3057 1660 Isaias
3082 1606 3396 1661 declaravit.
3423 1606 3580 1673 Quod

2020 1703 2202 1749 autem
2226 1696 2302 1749 ait
2323 1714 2336 1750 :
2363 1694 2501 1748 Dum
2524 1698 3046 1769 appropinquaverint
3070 1698 3215 1762 anni,
3241 1698 3533 1767 agnosceris
3558 1713 3581 1754 :

2023 1787 2247 1842 omnino
2276 1788 2531 1859 inclytam
2560 1787 2730 1856 illam,
2764 1799 2823 1845 ut
2859 1791 2970 1859 jam
3003 1790 3209 1844 dictum
3239 1798 3344 1857 est,
3378 1805 3579 1846 secun-

338 1855 537 1922 νόμον
558 1853 914 1923 ἐξαγοράσῃ.
932 1857 1033 1909 ἵνα
1052 1854 1165 1925 τὴν
1177 1859 1485 1912 υἱοθεσίαν
1506 1858 1916 1929 ἀπολάϐωμεν.

2023 1878 2149 1934 dum
2182 1894 2425 1945 carnem,
2466 1879 2756 1937 invisibilis
2802 1882 3005 1953 alioqui
3038 1881 3131 1936 Dei
3166 1880 3463 1937 Salvatoris
3492 1897 3582 1935 no-

339 1944 416 1998 Τὸ
432 1944 492 1998 δὲ
515 1945 873 2017 ἐπαγόμενον,
891 1947 985 2000 Ἐν
1004 1947 1069 2001 τὸ
1086 1947 1148 2016 (Ῑ.
1164 1946 1262 2018 τῷ)
1288 1948 1558 2017 παρεῖναι
1568 1950 1675 2002 τὸν
1692 1949 1915 2017 καιρὸν,

336 2035 778 2106 ἀναδειχθήσῃ,
813 2038 972 2101 ποίας
1019 2038 1084 2092 ἂν
1113 2040 1207 2092 καὶ
1234 2039 1405 2094 δέοιτο
1442 2042 1814 2114 ἀντιφράσεως
1840 2042 1918 2114 τῷ

337 2126 612 2181 εῦσκοπον
671 2129 806 2200 πρὸς
874 2129 935 2182 τὸ
1001 2130 1387 2202 ὲορταζόμενον
1444 2133 1794 2187 ἁπευθύνοντι
1859 2135 1918 2188 τὸ

335 2218 526 2291 ὅμμα;
563 2220 952 2294 Ἀναδειχθήσῃ
970 2222 1098 2295 γὰρ,
1136 2224 1405 2294 consimili;
1436 2227 1527 2280 ἐπὶ
1555 2228 1739 2281 πίνακι
1768 2227 1920 2298 βασι-

335 2309 505 2382 λικῷ,
528 2312 633 2365 ὑπὸ
675 2312 777 2382 τῆς
820 2313 1086 2386 τεκούσης
1128 2332 1186 2368 σε
1221 2316 1488 2386 ἀχράντου
1521 2320 1721 2391 μητρὸς
1745 2320 1803 2372 ὲν
1841 2320 1919 2392 τῷ

336 2401 480 2474 ναῷ,
512 2404 568 2456 ὲν
595 2406 661 2475 τῇ
713 2404 811 2475 τῆς
846 2404 1173 2475 σαρκώσεώς
1214 2423 1307 2458 σου
1366 2408 1687 2481 εὐπρεπείᾳ.
1734 2408 1919 2463 Ταῦτα

333 2494 395 2549 δὲ
418 2496 990 2568 ἀνακεφαλαιούμενος
1025 2499 1053 2551 ό
1093 2499 1377 2571 προφήτης
1416 2501 1552 2574 πρὸς
1574 2502 1635 2555 τὸ
1659 2502 1919 2572 σαφέστει-

342 2603 463 2659 ρον,
502 2587 847 2660 ἀνακέκραγε
899 2588 1105 2657 λέγων·
1140 2592 1353 2662 Κύριος
1388 2593 1458 2646 ἐν
1490 2593 1613 2659 ναῷ
1648 2595 1792 2665 ἁγίῳ
1820 2595 1918 2647 αὐ-

338 2677 452 2731 τοῦ
468 2694 483 2708 ·
508 2679 874 2733 εὐλαϐεισθω
889 2680 1006 2735 ἀπὸ
1029 2682 1354 2750 προσώπου
1376 2685 1561 2739 αὐτοῦ
1582 2684 1749 2740 πᾶσα
1762 2687 1798 2755 ἡ
1813 2685 1907 2757 τῆ.

2022 1973 2124 2028 stri
2150 1971 2479 2041 agnitionem
2504 1972 2806 2043 signiﬁcat;
2833 1983 2890 2026 ut
2921 1971 3154 2043 quodam
3187 1974 3323 2034 loco,
3352 1988 3580 2044 magnus

2022 2060 2113 2116 ille
2142 2075 2423 2116 sacrorum
2480 2070 2685 2132 mystes
2734 2059 2935 2117 Paulus
2982 2062 3103 2117 ait:
3137 2061 3360 2137 Quando
3408 2072 3580 2117 autem

2023 2154 2160 2207 venit
2188 2151 2457 2220 plenitudo
2491 2154 2761 2222 temporis,
2793 2154 2969 2208 emisit
3007 2154 3146 2209 Deus
3174 2152 3375 2209 Filium
3404 2171 3578 2221 suum,

2022 2243 2223 2313 factum
2251 2259 2316 2297 ea:
2362 2244 2596 2309 muliere,
2629 2246 2831 2315 factum
2859 2245 2954 2299 sub
2985 2245 3115 2317 lege,
3158 2255 3215 2299 ut
3255 2263 3341 2300 eos
3370 2250 3458 2318 qui
3486 2245 3582 2302 sub

2023 2335 2131 2405 lege
2150 2343 2299 2388 erant
2329 2333 2628 2397 redimeret;
2654 2343 2710 2388 ut
2731 2327 3067 2404 'adoptionem
3081 2336 3313 2403 ﬁliorum
3334 2338 3586 2407 recipere-

2024 2441 2141 2479 mus
2165 2425 2229 2479 ³².
2266 2423 2421 2490 Quod
2443 2432 2621 2480 autem
2667 2425 3013 2497 subjuitgitur
3042 2446 3055 2482 :
3092 2426 3231 2480 Dum
3263 2438 3458 2496 tempus
3488 2426 3557 2481 ad
3568 2458 3587 2471 ο

2021 2518 2142 2582 erit,
2183 2517 2509 2583 ostenderis;
2544 2518 2692 2572 nulla
2734 2518 2923 2589 utique
2965 2519 3304 2590 expositione
3354 2520 3581 2592 indiget,

2022 2612 2067 2668 si
2095 2612 2219 2682 quis
2245 2611 2495 2676 solerter,
2534 2610 2601 2664 ad
2640 2609 2836 2667 festum
2867 2612 3012 2682 quod
3041 2629 3188 2668 nunc
3224 2613 3581 2680 celebramus,

2020 2705 2208 2760 oculos
2247 2702 2779 2758 mentismtenderit.
2821 2702 3137 2760 Ostenderis
3174 2706 3336 2770 enim,
3385 2703 3582 2775 inquit,

339 2798 609 2861 tanquam
649 2791 704 2846 in
741 2791 894 2849 disco
938 2795 1194 2866 quopiam
1249 2813 1347 2853 ceu
1402 2796 1607 2856 ferculo
1636 2800 1806 2870 regio,
1869 2798 1939 2852 ab
1978 2797 2299 2851 intemerata
2361 2801 2453 2847 tua
2499 2792 2669 2850 Matre
2711 2795 2767 2850 in
2819 2795 3041 2866 templo,
3088 2795 3249 2866 idque
3294 2795 3352 2849 in
3402 2793 3586 2849 carnis

340 2879 446 2936 abs
476 2887 529 2934 tc
549 2891 841 2954 assumpta:
860 2885 1054 2941 decore
1082 2894 1134 2941 et
1165 2885 1358 2945 forma.
1393 2890 1523 2957 Quae
1561 2891 1872 2946 summatim
1907 2888 2167 2958 colligens
2193 2887 2483 2958 Propheta,
2540 2887 2820 2958 amplioris
2865 2886 3128 2943 claritatis
3166 2886 3360 2958 gratia,
3388 2885 3443 2941 in
3469 2886 3582 2942 hare

341 2972 671 3028 exclamavit
690 2977 851 3031 verba
882 2996 897 3033 :
941 2977 1198 3033 Dominus
1230 2980 1286 3033 in
1316 2982 1502 3051 templo
1523 2992 1704 3037 sancto
1743 3000 1839 3038 suo
1858 2981 1903 3013 ³³
1937 3000 1951 3036 :
1979 2988 2273 3035 revereatur
2302 2996 2335 3031 a
2363 2978 2497 3048 {acie
2522 2978 2634 3048 ejus
2668 2979 2835 3032 omnis
2867 2987 3008 3032 terra
3024 2978 3089 3034 “.

416 3064 494 3118 E'.
530 3065 757 3136 Φρικτὸν
780 3067 891 3141 γὰρ
918 3068 1086 3134 ὅντως
1110 3070 1171 3124 τὸ
1201 3072 1329 3144 περὶ
1358 3073 1417 3126 σὲ
1448 3076 1762 3147 μυστήριον,
1786 3076 1912 3146 Μῆ-

2089 3070 2155 3127 V.
2203 3070 2562 3127 Tremendum
2613 3070 2756 3126 enim
2806 3085 3035 3134 revera,
3091 3085 3124 3124 ο
3174 3069 3343 3127 Mater
3377 3067 3581 3142 Virgo,

340 3173 443 3229 τερ
473 3157 738 3231 Παρθένε,
766 3161 859 3214 καὶ
886 3163 1041 3233 νοητὲ
1073 3163 1250 3235 θρόνε,
1276 3164 1627 3237 δεδοξασμένε
1662 3169 1754 3222 καὶ
1784 3167 1919 3221 Θεοῦ

2023 3162 2180 3219 sedes
2219 3161 2504 3232 spiritalis,
2535 3161 2830 3232 gloriﬁcata
2864 3159 3078 3231 Deoque
3115 3161 3292 3231 digna,
3324 3168 3475 3218 tuum
3512 3163 3584 3217 il-

341 3248 558 3315 ὲπάξιε.
603 3252 923 3324 Προήγαγες
956 3254 1065 3326 γὰρ
1106 3254 1290 3327 θαῦμα
1319 3257 1658 3329 ἐπουρανίοις
1690 3259 1783 3313 καὶ
1812 3261 1922 3313 ἑπι-

340 3341 516 3409 γείοις
540 3342 795 3409 ἐξαίσιον.
821 3346 932 3398 Καὶ
962 3348 1310 3419 παράδειγμα
1336 3349 1539 3404 τούτων
1559 3352 1653 3405 καὶ
1677 3352 1923 3424 ἀρραγὴς

341 3431 565 3503 ἐλεγχος
578 3451 591 3464 ·
611 3435 672 3487 τὸ
688 3436 829 3489 κατὰ
851 3437 915 3489 τὺ
943 3438 1126 3493 καινὸν
1144 3441 1241 3510 τῆς
1265 3441 1576 3512 ὑπερφυοῦς
1600 3460 1690 3495 σου
1710 3442 1923 3513 λοχείας

341 3522 612 3591 ἀγγέλους
657 3527 748 3579 ἐπὶ
784 3528 886 3599 γῆς
930 3528 1107 3599 ᾄδειν·
1152 3531 1308 3597 Δόξα
1347 3533 1417 3585 ἐν
1449 3534 1730 3602 ὑψίστοις
1766 3533 1920 3600 Θεῷ,

341 3616 447 3669 καὶ
502 3618 599 3671 ἐπὶ
662 3617 777 3688 γῆς
826 3619 1075 3689 εἰρήνη,
1144 3622 1214 3675 ἐν
1262 3623 1593 3691 ἀνθρώποις
1640 3625 1918 3679 εὐδοκία’

339 3707 423 3779 τῷ
469 3710 891 3785 τριπλασιασμῷ
922 3715 1020 3785 τῆς
1051 3714 1194 3786 ᾠδῆς
1238 3714 1330 3768 τὸν
1363 3716 1795 3789 τριπλασιασμδν
1825 3718 1923 3789 τῆς

340 3800 634 3873 ἁγιότητος
657 3804 768 3874 (50)
794 3807 1201 3877 εἰσαγαγόντες.
1235 3810 1499 3880 Μακαρία
1530 3811 1594 3863 σὺ
1624 3812 1681 3863 ὲν
1714 3813 1925 3880 γενεαῖς

341 3894 637 3959 γυναικῶν,
667 3893 1068 3968 θεομακάριστε
1087 3915 1100 3929 υ
1128 3898 1209 3952 ὅτι
1235 3898 1323 3953 διὰ
1349 3900 1443 3953 σοῦ
1469 3900 1757 3973 ἐπληρώθη
1790 3904 1823 3973 ἡ
1850 3901 1924 3971 γῆ

342 3982 446 4053 τῆς
477 3982 627 4048 θείας
653 3983 810 4055 δόξης
839 3985 933 4039 τοῦ
958 3986 1114 4052 Θεοῦ,
1132 3988 1207 4052 ὡς
1228 3988 1323 4043 καὶ
1348 3991 1407 4042 ὲν
1429 3990 1679 4061 Ψαλμοῖς
1718 3991 1920 4063 ᾅδεται·

344 4074 696 4144 Εὐλογητὸς
713 4077 928 4144 Κύριος
956 4081 989 4132 ὁ
1023 4078 1166 4146 Θεὸς
1196 4079 1456 4149 Ἰσραὴλ,
1483 4081 1580 4134 καί
1613 4081 1926 4150 πληρωθή-

340 4184 515 4222 σεται
533 4166 643 4236 τῆς
658 4167 843 4238 δόξης
853 4170 1039 4225 αὐτοῦ
1058 4170 1224 4227 πᾶσα
1237 4174 1275 4242 ἡ
1292 4173 1386 4243 γῆ·
1407 4173 1657 4243 γένοιτο,
1672 4175 1921 4246 γένοιτο.

343 4259 455 4314 Καὶ
487 4258 718 4330 ἐπήρθη
736 4302 752 4327 ,
791 4262 926 4331 φησι
943 4302 959 4328 ,
988 4262 1054 4317 τὸ
1080 4263 1421 4333 ὑπέρθυρον
1444 4265 1562 4320 ἀπὸ
1588 4265 1694 4335 τῆς
1720 4269 1925 4337 φωνῆς

342 4346 420 4423 ἧς
437 4352 792 4422 ἐκέκραγον·
821 4352 850 4405 ὃ
872 4353 1127 4425 σημαίνει
1156 4355 1251 4408 τοῦ
1274 4354 1402 4409 ναοῦ
1421 4350 1484 4410 τὸ
1505 4358 1922 4428 καταπέτασμα,

342 4442 405 4496 τὸ
438 4444 734 4508 συσκιάζον
767 4443 906 4498 κατὰ
938 4446 1227 4517 πρόσωπον
1271 4447 1369 4519 τῆς
1395 4448 1832 4519 προτυπωσάσης
1864 4466 1924 4503 σε

345 4533 583 4588 κιϐωτοῦ
609 4535 905 4607 Διαθήκης,
939 4535 1027 4590 ἵνα
1061 4555 1150 4608 μοι
1178 4538 1469 4612 φανερωθῇ
1500 4539 1737 4611 τάληθὲς
1771 4540 1885 4611 (51)
1904 4580 1923 4607 ,

344 4626 437 4679 καὶ
493 4625 581 4680 διὰ
623 4625 733 4681 τῶν
789 4630 1262 4701 προηγησαμένων
1314 4630 1499 4685 τύπων
1548 4649 1609 4685 τε
1650 4632 1744 4686 καὶ
1794 4634 1927 4688 ὑπο-

344 4714 654 4789 δειγμάτων
693 4719 1098 4792 παιδαγωγηθῶ
1127 4721 1265 4777 αἰδοῖ
1295 4723 1387 4777 καὶ
1416 4724 1602 4795 τρόμῳ
1639 4725 1803 4801 τιμᾷν
1830 4725 1926 4780 καὶ

344 4813 672 4880 προσκυνεῖν
700 4812 762 4864 τὸ
794 4813 923 4882 περ)⁵
952 4813 1011 4865 σὲ
1049 4816 1368 4885 μυστήριον,
1410 4815 1836 4887 χαλιναγωγηθῶ
1863 4835 1925 4870 τε

344 4894 409 4952 αὖ
442 4899 535 4954 διὰ
575 4900 676 4972 τῆς
706 4903 935 4973 νομικῆς
980 4904 1348 4976 σκιαγραφίας
1384 4906 1485 4975 τῆς
1525 4906 1801 4978 τολμηρᾶς
1828 4909 1923 4962 καὶ

345 4989 599 5056 ἀναιδοῦς
644 4991 1100 5066 ἀσκαρδαμύκτου
1147 4994 1596 5069 ἁντοφθαλμῆσαι
1643 4998 1923 5062 ἁντωπίας

451 5144 499 5177 ³⁸
526 5144 666 5201 Hab.
691 5162 775 5210 ιιι,
806 5147 861 5202 2.
964 5148 1009 5180 ³¹
1044 5147 1213 5205 Exod.
1240 5167 1366 5217 xxv,
1394 5151 1482 5209 2%.

347 5211 559 5271 “Psal.
588 5232 738 5287 uxr,
769 5219 858 5274 18.
934 5220 977 5252 ³⁷
998 5219 1113 5276 Isa.
1140 5222 1289 5287 vi,4.

419 5392 530 5480 (‘50)
698 5395 1180 5480 τριπλασιασμὸν
1212 5396 1317 5480 τῆς
1351 5399 1690 5480 ἁγιότητος..
1712 5398 1924 5480 _Panti-

349 5476 474 5531 nus,
509 5464 764 5530 triplicem
796 5464 1099 5521 sanctitatis
1130 5464 1408 5531 rationem,
1462 5464 1647 5524 minus
1677 5470 1728 5525 id
1768 5471 1922 5524 theo-

351 5530 542 5609 logice.
585 5535 789 5609 Alludit
823 5537 889 5593 ad
932 5540 1217 5609 canticum
1273 5530 1620 5609 seraphicum
1666 5540 1787 5595 lsai.
1839 5555 1916 5602 vi,

352 5603 493 5679 quod
524 5607 1076 5679 prtecipueiexplicat,
1101 5603 1415 5679 triplieiqué
1440 5610 1493 5662 in
1519 5624 1585 5663 eo
1611 5610 1920 5665 sanctitatis

2023 3255 2114 3310 lud
2149 3264 2569 3310 sacramentum.
2604 3250 2912 3307 Produxisti
2944 3251 3088 3305 enim
3117 3253 3430 3308 caelestibus
3473 3261 3584 3308 ter-

2022 3348 2422 3416 restribusque,
2452 3345 2830 3414 exsuperantia
2854 3344 3179 3414 stupendum
3211 3344 3535 3398 miraculum
3566 3363 3581 3400 :

2024 3439 2184 3508 cujus
2224 3437 2304 3492 rei
2346 3437 2605 3491 indicium
2658 3444 2743 3490 est
2791 3434 3111 3504 ﬁrmumque
3154 3440 3535 3503 argumentum
3563 3473 3581 3501 ,

2028 3529 2174 3601 quod
2199 3529 2253 3583 in
2286 3538 2450 3592 terra,
2482 3526 2549 3581 ad
2582 3541 2779 3581 novum
2817 3525 2967 3579 illum
2998 3528 3214 3597 augusti
3252 3530 3327 3581 tui
3361 3542 3586 3598 puerpeo

2023 3625 2090 3679 rii
2137 3623 2376 3684 modum,
2420 3621 2593 3692 angeli
2627 3616 3166 3676 concinuntzcloria
3205 3620 3260 3673 in
3310 3619 3584 3675 altissimis

2024 3713 2170 3777 Deo;
2199 3722 2248 3767 et
2287 3713 2340 3766 in
2376 3722 2515 3766 terra
2545 3726 2672 3781 pax,
2721 3710 3018 3766 hominibus
3054 3710 3189 3766 bona
3233 3711 3472 3765 voluntas
3496 3712 3540 3744 ³⁸
3565 3732 3583 3767 :

2024 3804 2221 3874 triplici
2251 3804 2509 3858 nimirum
2544 3802 2776 3864 cantico.
2808 3803 3008 3857 trinam
3040 3804 3357 3860 inducenles
3380 3804 3587 3861 sancti-

2024 3902 2230 3970 tatem:
2262 3894 2427 3949 Beata
2471 3903 2527 3948 tu
2578 3894 2634 3948 in
2680 3893 2963 3947 mulierum
3017 3894 3479 3963 generationibus,
3551 3909 3584 3948 a

2024 3989 2135 4045 Deo
2164 3990 2475 4045 beatissima
2504 4007 2517 4043 :
2548 4004 2671 4043 nam
2720 4003 2817 4059 per
2844 3996 2897 4043 te
2928 3988 3146 4059 impleta
3192 3996 3277 4042 est
3316 3995 3459 4044 terra
3499 3987 3585 4044 di-

2023 4083 2150 4136 vina
2199 4082 2291 4135 illa
2323 4080 2416 4135 Dei
2453 4081 2646 4150 gloria,
2698 4080 2841 4135 sicut
2885 4080 3046 4134 etiam
3090 4080 3305 4134 canitur
3335 4081 3390 4133 in
3431 4078 3587 4134 Psal-

2024 4176 2129 4228 mis
2158 4173 2202 4205 ³⁸
2230 4192 2243 4227 :
2266 4171 2580 4227 Benedictus
2604 4171 2861 4228 Dominus
2881 4171 3020 4225 Deus
3051 4171 3221 4227 Israel
3245 4190 3263 4226 :
3285 4181 3335 4226 et
3359 4172 3584 4240 replebi-

2027 4275 2113 4319 tur
2139 4266 2414 4336 majestate
2446 4271 2561 4334 ejus
2591 4266 2759 4320 omnis
2787 4275 2968 4319 terra:
2999 4265 3114 4335 ﬁat,
3150 4265 3265 4334 ﬁat.
3298 4295 3367 4306 -
3388 4264 3455 4318 Et
3479 4266 3587 4321 ele-

2024 4369 2201 4413 uatum
2228 4367 2329 4423 est,
2372 4359 2551 4430 inquit
2593 4357 2854 4428 propheta
2885 4357 2950 4424 ³⁷,
2985 4358 3433 4427 superliminarea
3467 4375 3586 4413 voce

2025 4468 2130 4523 qua
2183 4450 2485 4506 clamabant
2528 4467 2547 4505 :
2587 4466 2697 4522 quo
2742 4450 3099 4523 signiﬁcatur,
3160 4451 3347 4520 templi
3404 4451 3585 4506 velum

2027 4542 2351 4599 inumbrans
2392 4557 2578 4598 coram
2629 4558 2754 4598 arca
2786 4544 3117 4607 testamenti,
3150 4558 3271 4613 quae
3297 4551 3351 4599 te
3396 4544 3588 4615 praesi-

2026 4636 2266 4708 gnabat;
2296 4643 2357 4691 ut
2389 4635 2524 4691 mihi
2563 4636 2763 4691 veritas
2794 4636 3142 4707 panderetur,
3178 4636 3450 4707 simulque
3487 4637 3586 4691 do-

2027 4741 2183 4781 cerer
2228 4741 2324 4797 per
2348 4733 2505 4798 typos
2547 4736 2599 4783 et
2641 4726 2842 4797 ﬁguras
2887 4742 3008 4798 qua:
3046 4726 3475 4797 praecessissent,
3526 4733 3587 4782 ut

2028 4834 2153 4874 cum
2182 4819 2483 4873 reverentia
2523 4825 2576 4873 et
2604 4825 2861 4884 tremore,
2898 4819 2962 4874 ad
3007 4829 3405 4875 sacramentum
3440 4819 3584 4890 quod

2026 4912 2084 4965 in
2116 4918 2171 4965 te
2198 4910 2486 4966 exhibetur
2524 4910 2885 4977 adorandum,
2926 4911 3241 4967 accederem
3275 4928 3288 4964 :
3322 4920 3483 4982 atque
3511 4911 3587 4966 le—

2027 5002 2135 5073 gali
2168 5002 2272 5057 hac
2312 5002 2494 5073 priore
2524 5003 2909 5070 delineatione,
2943 5004 3011 5060 ab
3050 5019 3115 5061 eo
3148 5006 3240 5075 qui
3278 5004 3587 5074 incompre-

1587 5154 1632 5187 ³⁸
1676 5152 1799 5213 Gal.
1835 5173 1908 5221 ιν,

2023 5158 2062 5213 ἲ.
2166 5158 2212 5191 ³³
2232 5157 2386 5213 Psal.
2414 5175 2469 5223 x,
2489 5160 2545 5217 5.
2617 5158 2665 5192 "
2697 5158 2849 5215 Psal.
2875 5174 2994 5226 xcv,
3025 5157 3077 5215 9.
3156 5158 3201 5190 ³⁸
3234 5155 3365 5214 Luc.
3399 5173 3461 5222 ιι,
3496 5157 3585 5217 ﬂ.

2030 5405 2117 5455 est
2145 5398 2342 5469 duplex
2378 5396 2451 5450 ita
2482 5397 2871 5469 punctantibus
2911 5415 2923 5451 :
2965 5395 3149 5469 Gloria
3201 5399 3256 5450 in
3310 5396 3589 5453 altissimis

2028 5468 2161 5531 Deo,
2195 5466 2243 5524 ei
2266 5469 2321 5523 in
2346 5466 2497 5521 terra
2514 5482 2620 5536 pax
2648 5466 2942 5520 hominibus
2971 5468 3117 5523 bome
3142 5469 3446 5523 voluntatis.

2044 5560 2047 5565 ·
2098 5540 2209 5613 (5i)
2248 5540 2369 5594 Ἵνα
2391 5554 2492 5613 μοι
2521 5536 2827 5613 φανερωθῇ
2872 5538 3149 5613 τᾴληθές.
3206 5536 3283 5613 Ut
3308 5537 3589 5613 utriusque

2029 5607 2294 5666 rationem
2326 5607 2538 5671 reddat,
2566 5616 2621 5662 et
2644 5609 2983 5670 elevationis,
3041 5612 3190 5665 velut
3219 5608 3284 5662 ad
3316 5607 3586 5662 ostensio-

353 5673 768 5753 acc_laniatiqiii,_
802 5678 859 5731 in
896 5673 1125 5753 signum
1162 5673 1336 5734 trinae"
1375 5679 1612 5753 deitatis,
1650 5681 1916 5753 triplicem
2026 5697 2149 5736 nem
2175 5682 2434 5751 aliquam,
2467 5677 2650 5735 divina
2701 5678 3221 5752 dispensatione;et
3247 5678 3372 5745 veli,
3408 5678 3475 5732 ad
3502 5693 3589 5736 re-

353 5747 405 5822 et
443 5746 617 5822 ipsum
641 5746 862 5802 Christo
892 5746 1057 5822 nato,
1072 5750 1281 5822 dictum
1319 5751 1623 5822 angelicum
1656 5746 1915 5822 hymnum
2025 5746 2342 5811 verentiain.

354 5815 677 5883 respondere
703 5819 1005 5875 contendit.
1026 5817 1117 5875 Sic
1131 5820 1289 5892 juxta
1315 5815 1525 5890 Graeca,
1550 5815 1760 5880 Latinis
1791 5835 1918 5877 vero
