4110 6418
505 357 608 411 359

1450 350 1507 405 S.
1551 350 1880 404 METHODII
1921 351 2230 402 EPISCUPI
2267 351 2344 399 Εἰ
2396 352 2753 399 mammia

3601 339 3708 396 360

503 468 788 523 liensibilis
820 480 982 535 super
1028 464 1213 519 omnia
1255 464 1468 519 locatus
1500 471 1605 528 est.
1640 464 1928 520 audentius
1957 465 2056 518 im-

2157 462 2249 514 τὸν
2277 462 2346 516 τὰ
2372 464 2547 516 πάντα
2571 463 2626 515 ὲν
2654 459 2996 531 ἀκαταληψίᾳ
3023 459 3447 532 ὑπεριδρυμένον
3488 460 3619 531 (52).
3652 462 3716 514 Et

502 557 902 629 pudentiusque
956 557 1063 607 lixa
1115 554 1396 608 oculorum
1440 555 1556 608 acie
1607 550 2056 623 contemplando,

505 650 830 702 refrenarer.
863 647 920 700 Si
944 645 1091 699 enim
1116 660 1276 708 arcae,
1300 653 1404 698 tua:
1427 645 1572 699 illius
1598 643 1901 699 sanctitatis
1922 642 2059 696 ima-

498 741 610 811 gini
646 748 904 809 typoque,
942 743 1131 792 tantus
1177 751 1209 789 a
1258 734 1367 790 Deo
1403 736 1578 790 honor
1611 735 1826 789 habitus
1865 741 1971 797 est,
2001 744 2061 789 ut

498 832 727 895 nemini,
765 831 871 886 nisi
895 837 1108 884 tantum
1133 829 1309 883 ordini
1340 828 1686 893 sacerdotali,
1719 827 1786 881 ad
1818 842 1934 882 eam
1966 842 2061 897 pa-

501 930 640 977 teret
674 937 953 985 accessus,
989 928 1147 974 autve
1194 919 1370 974 facilis
1410 926 1555 974 esset
1590 918 1656 972 ad
1694 919 2059 988 cognitionem

504 1017 787 1085 ingressus
823 1032 836 1067 :
864 1013 1229 1082 distinguente
1264 1012 1383 1066 velo
1406 1026 1469 1065 ac
1503 1027 1600 1066 ceu
1633 1012 1852 1082 regina,
1886 1011 1953 1065 ad
1977 1011 2062 1081 ja-

501 1120 667 1160 nuam
728 1106 997 1160 vestibula
1047 1105 1487 1174 servantezquis
1538 1105 1756 1158 tandem
1813 1104 2061 1175 qualisve

501 1200 868 1271 venerationis
894 1198 1075 1253 cultus
1109 1212 1138 1250 a
1182 1197 1339 1251 nobis
1379 1197 1641 1261 minimis,
1669 1197 1765 1251 tibi
1789 1212 1913 1251 vere
1954 1194 2060 1250 Re-

500 1288 639 1357 ginae
668 1287 832 1342 fuerit
868 1287 1244 1343 exliibendus?
1275 1302 1422 1350 vere,
1452 1288 1693 1357 inquam,
1727 1286 1818 1341 Dei
1846 1285 2061 1357 legisla-

500 1380 635 1434 toris
684 1381 936 1433 animatae
981 1394 1120 1433 arcae
1166 1397 1180 1433 :
1227 1379 1366 1434 coelo
1399 1394 1525 1434 vere
1569 1378 1662 1433 Dei
1707 1379 1918 1449 capaci,
1966 1379 2058 1448 qui

502 1484 772 1539 nusquam
803 1469 919 1539 capi
961 1477 1160 1539 potest.
1191 1468 1269 1523 Te
1293 1472 1460 1534 enim,
1495 1469 1843 1526 sanctissima
1872 1468 2073 1540 Virgo,_

503 1568 759 1630 tanquam
796 1561 883 1614 die
913 1560 1218 1614 clarissima
1264 1559 1470 1614 mundo
1502 1559 1812 1630 affulgente,
1859 1561 2060 1614 solem-

499 1638 606 1721 que
636 1652 786 1706 illum
813 1650 1039 1721 justitiaa
1066 1653 1419 1722 producente,
1449 1652 1675 1705 odiosus
1704 1636 2075 1705 tenebrarum.

499 1745 693 1799 horror
725 1744 985 1815 depulsus
1014 1753 1098 1800 est
1129 1763 1140 1797 :
1169 1744 1386 1815 tyranni
1416 1745 1657 1815 potentia
1695 1742 1837 1798 facta
1868 1734 2073 1815 irrita;

498 1853 644 1892 mors
717 1838 1028 1904 destructa;
1074 1837 1319 1892 infernus
1373 1838 1697 1908 absorptus;
1770 1828 2129 1917 inimicitiaB

497 1928 673 1982 omnis
733 1936 857 1982 ante
917 1916 1064 1996 pacis
1120 1934 1470 1996 conspectum
1524 1918 1821 2011 dissoluta;
1877 1916 2050 1983 morbi

508 2018 677 2082 noxii,
718 2019 1027 2074 sanctitatis
1058 2019 1321 2074 beneﬁcio
1350 2007 1691 2091 erumpente,
1719 2007 1911 2090 procul
1938 2034 2055 2073 om-

497 2124 594 2165 nes
624 2109 898 2187 facessere
943 2110 1118 2180 jussi;
1152 2111 1550 2183 universusque
1581 2122 1847 2187 terrarum
1881 2111 2052 2175 orbis,

498 2201 742 2257 veritatis
784 2202 1104 2279 clarissimae
1154 2205 1571 2274 purissimaque
1626 2188 1747 2259 luce
1797 2186 2056 2273 perfusus

496 2298 600 2346 est.
640 2291 719 2344 Ad
747 2306 866 2359 qua:
898 2290 1154 2346 Salomon
1190 2294 1242 2347 in
1276 2292 1520 2349 Canticis
1552 2293 1819 2358 alludens,
1856 2294 1932 2346 ita
1965 2308 2049 2347 or-

496 2381 681 2435 ditur:
708 2381 939 2436 Dilectus
970 2399 1111 2438 meus
1136 2384 1284 2448 mihi,
1319 2393 1368 2437 et
1396 2400 1487 2455 ego
1519 2384 1600 2437 illi
1633 2400 1650 2437 :
1676 2385 1764 2455 qui
1797 2385 1969 2453 pascit
2002 2372 2069 2438 in.

497 2474 627 2539 lilii:
666 2475 832 2529 donec
859 2476 1093 2544 respiret~
1116 2476 1250 2540 dies,
1285 2486 1334 2532 et
1363 2477 1726 2531 dimoueantur
1770 2464 1968 2530 umbra:
1988 2462 2067 2531 ⁸³(

497 2561 633 2629 Quia
675 2580 806 2634 ergo
833 2564 1038 2639 {Virus
1085 2574 1163 2619 est
1202 2564 1342 2618 Deus
1373 2558 1597 2619 deorum
1635 2566 1692 2618 in
1741 2563 1871 2620 Sion
1890 2564 1957 2627 ”,
2001 2550 2072 2619 et.

499 2657 883 2728 magniﬁcentia
905 2654 1109 2710 decoris
1142 2656 1335 2727 ejusin
1359 2655 1658 2711 Jerusalem
1699 2642 1942 2727 apparuit
1961 2640 2007 2689 “
2037 2673 2052 2711 :

497 2740 712 2815 Luxque
733 2757 811 2797 est
841 2754 960 2798 ortu
982 2744 1153 2814 justo,
1171 2756 1220 2797 et
1244 2746 1398 2800 rectis
1436 2746 1591 2802 corde
1614 2748 1801 2802 la'titia
1819 2748 1884 2812 δι,
1898 2747 2054 2817 juxta

497 2834 708 2887 beatum
752 2832 1007 2889 Davidem
1049 2853 1060 2886 :
1103 2834 1615 2890 sanctificandorum
1648 2820 2054 2891 'Sanctificator

496 2920 584 2977 tlle
612 2906 679 2977 et
699 2921 985 2988 Dominus,
1028 2925 1171 2995 legis
1201 2926 1481 2983 doctorem
1518 2917 1681 2998 atque
1718 2928 2050 2994 ministrum,

496 3014 552 3067 in
602 3023 811 3091 partem
862 3020 1105 3073 muneris
1148 3026 1202 3073 et
1250 3020 1620 3089 testimonium
1675 3020 1890 3077 illorum
1932 3018 2083 3093 quae'

498 3105 818 3175 agebantur,
851 3123 946 3177 per
981 3106 1239 3179 Spiritum
1266 3120 1513 3165 sanctum
1543 3113 1880 3169 convocavit.
1976 3110 1979 3113 ’

524 3272 525 3275 η
568 3192 653 3251 Vl.
694 3195 878 3267 quue
913 3215 1077 3255 senex
1124 3200 1380 3273 Symeon,
1414 3203 1835 3260 imbecillitatem
1864 3207 2045 3263 carnis

494 3302 720 3353 exuens,
758 3292 981 3361 speique
1003 3293 1226 3351 indutus
1268 3282 1477 3361 robur,'
1508 3305 1633 3353 ante
1668 3298 1801 3369 legis
1830 3284 2061 3369 faciem;

492 3376 1022 3438 subministratorem
1062 3384 1196 3456 legis
1227 3385 1456 3441 festinus
1486 3390 1695 3457 excepit
1723 3366 1745 3442 ἶ
1772 3366 2061 3445 doctorem‘

493 3470 647 3526 illum
676 3489 741 3527 ex
785 3483 1054 3545 potestate
1088 3495 1101 3530 :
1135 3486 1188 3531 et
1218 3477 1385 3532 Deum
1432 3480 1702 3535 Abraham
1730 3500 1744 3537 :
1778 3465 2064 3552 protecto;

494 3576 606 3615 rem
638 3561 786 3619 Isaac
816 3581 839 3639 :_
869 3573 1119 3621 sanctum
1162 3566 1324 3623 Israel
1356 3588 1369 3623 :
1407 3568 1606 3643 Moysis
1641 3558 2057 3644 mystagogumf

493 3666 640 3716 eum,
686 3653 931 3723 inquam,
970 3657 1065 3726 qui
1109 3658 1350 3713 divinam
1397 3677 1551 3716 suam
1595 3663 2048 3731 incarnationem,

497 3751 752 3810 tanquam
785 3746 1109 3813 posteriora,
1148 3748 1322 3803 eidem
1357 3766 1415 3805 se
1447 3752 1771 3821 promiserat
1798 3763 2048 3809 ostensu-

502 3853 623 3892 rum
646 3839 691 3871 δ’
725 3860 737 3894 :
772 3840 991 3896 divitem
1023 3844 1171 3898 illum
1202 3847 1255 3899 in
1286 3847 1633 3903 mendicitate
1666 3867 1679 3902 :
1713 3849 1766 3903 in
1799 3849 2048 3914 infantia,

496 3928 711 3983 saeculis
759 3932 1120 4002 anteriorem;
1181 3937 1235 3990 in
1281 3937 1529 4002 visione,
1591 3939 1911 3994 invisibilem
1949 3959 1960 3993 :
1994 3932 2055 3996 in

496 4020 1002 4089 roniprebensione,
1060 4025 1658 4096 iucompreltensibilem
1699 4047 1712 4080 :
1748 4028 1803 4082 in
1868 4030 2051 4101 parvi-

496 4116 625 4175 tate,
656 4112 1080 4182 magnitudinem
1107 4130 1318 4169 omnem
1349 4126 1689 4185 superantem
1725 4137 1737 4172 :
1764 4118 1818 4172 in
1851 4100 2055 4187 templo

497 4204 681 4266 simul,
716 4213 770 4259 et
802 4206 857 4260 in
894 4208 1174 4264 altissimis
1205 4226 1218 4263 :
1250 4209 1302 4263 in
1351 4211 1547 4264 throno
1591 4212 1760 4282 regio,
1805 4220 1856 4266 et
1888 4190 2054 4265 curru.

500 4293 797 4348 cherubico
842 4315 854 4349 :
901 4298 1151 4366 supernis
1205 4298 1663 4369 inferioribusque
1712 4302 2053 4355 continenter

426 4379 431 4384 ’
495 4394 811 4453 praesentem
844 4405 857 4441 :
890 4389 943 4440 in
988 4388 1162 4442 forma
1205 4392 1365 4453 servi,
1411 4376 1481 4446 et,
1511 4388 1805 4446 forma'Dei
1836 4391 2049 4453 Patrisi

2159 553 2265 625 γὰρ
2303 556 2368 624 τῇ
2403 553 2571 606 είκόνι
2614 554 2712 623 τῆς
2743 553 2840 623 σῆς
2880 554 3161 621 ἁγιότητος
3191 550 3426 622 τοσαύτη
3458 551 3591 621 πρὸς
3623 549 3718 605 τοῦ

2158 644 2291 698 Θεοῦ
2328 646 2642 716 ἀπενεμήθη
2668 646 2830 716 τίμὴ,
2868 645 2942 709 ὡς
2978 644 3163 716 μηδενὶ
3192 644 3415 716 βάσιμον
3438 645 3472 715 ἢ
3502 644 3721 716 πρόχει-

2163 754 2253 808 ρον
2301 738 2378 800 είς
2410 737 2732 807 κατανόησιν
2758 732 2894 789 εἶναι
2925 737 3022 806 τὴν
3049 734 3250 804 ταύτης
3282 734 3480 788 είσοδον
3511 735 3544 805 ἢ
3584 735 3720 809 μόνῃ

2157 832 2222 900 τῇ
2260 831 2504 901 ίερατικῇ
2535 829 2818 899 εὐκοσμίᾳ,
2844 828 2939 882 τοῦ
2960 829 3445 898 καταπετάσματος
3462 827 3721 899 διορίζον-

2157 940 2248 987 τος
2279 923 2372 976 καὶ
2402 920 2770 994 πυλωροῦντος
2797 921 2873 984 ὡς
2902 920 3132 991 βασιλίδι
3159 919 3229 974 τὰ
3270 918 3581 991 προπύλαια
3601 935 3616 949 ⁸
3664 918 3721 972 τί

2158 1016 2266 1087 ἄρα
2294 1016 2386 1068 καὶ
2418 1014 2658 1067 ποταπὸν
2683 1013 2744 1066 τὸ
2781 1012 2909 1082 παρ’
2949 1012 3103 1083 ἡμῶν
3134 1012 3241 1065 τῶν
3283 1011 3579 1082 ἐλαχίστων
3617 1011 3717 1064 ἐπ·

2158 1108 2500 1180 οφειλόμενόν
2546 1124 2627 1160 σοι
2658 1107 2840 1171 σέϐας,
2868 1109 2932 1177 τῇ
2965 1106 3133 1170 όντως
3164 1104 3392 1175 βασιλίδι
3411 1144 3426 1168 ,
3454 1107 3519 1175 τῇ
3552 1103 3721 1168 ὅντως

2158 1201 2386 1273 ἐμψύχῳ
2423 1198 2639 1269 κιϐωτῷ
2668 1197 2762 1251 τοῦ
2807 1197 3089 1268 νομοδότου
3120 1196 3287 1262 Θεοῦ,
3319 1199 3387 1267 τῇ
3419 1195 3586 1257 ὅντως
3613 1212 3721 1264 χω·-

2162 1294 2306 1366 ρητῷ
2332 1291 2547 1364 οὐρανῷ
2574 1290 2665 1344 τοῦ
2690 1291 2970 1361 ἀχωρήτου
3001 1288 3134 1342 Θεοῦ
3162 1286 3461 1358 γενομένης
3486 1284 3587 1339 Σοῦ
3612 1285 3719 1357 γὰρ

2156 1384 2255 1454 τῆς
2288 1381 2552 1450 παναγίας
2582 1380 2656 1443 ὡς
2680 1378 2996 1447 φωταυγοῦς
3029 1378 3243 1450 ἡμέρας
3268 1377 3621 1448 ἐπιφανείσης
3640 1376 3720 1448 τῷ

2159 1479 2368 1547 κόσμῳ,
2390 1474 2595 1530 καὶτὸν
2616 1474 2714 1544 τῆς
2739 1471 3080 1543 δικαιοσύνης
3108 1472 3257 1542 ἥλιον
3278 1473 3715 1543 προαγαγούσης,

2159 1568 2399 1621 ἐκποδὼν
2436 1566 2532 1637 μὲν
2565 1565 2752 1634 γέγονε
2774 1565 2842 1618 τὰ
2875 1564 2968 1617 τοῦ
2993 1565 3211 1626 σκότους
3244 1564 3489 1635 στυγηρὰ
3511 1604 3527 1628 ,
3554 1562 3720 1635 φροῦο

2157 1658 2244 1722 δος
2272 1657 2327 1710 δὲ
2360 1657 2453 1710 καὶ
2484 1658 2512 1708 ὁ
2540 1655 2800 1726 τύραννος
2832 1655 3064 1725 κατέστη
3090 1670 3105 1685 ·
3139 1654 3231 1707 καὶ
3260 1653 3476 1707 διόλωλε
3506 1654 3604 1725 μὲν
3632 1654 3721 1708 θά-

2159 1766 2335 1812 νατος,
2352 1746 2622 1817 κατεπόθη
2653 1746 2709 1798 δὲ
2731 1746 2821 1799 καὶ
2836 1748 2863 1799 ό
2878 1746 3029 1817 ᾅδης,
3048 1747 3138 1799 καὶ
3161 1747 3307 1799 πᾶσα
3328 1747 3361 1816 ἡ
3386 1744 3554 1815 ἔχθρα
3586 1761 3717 1800 κατ-

2156 1841 2316 1911 ελύθη
2365 1841 2470 1911 πρὸ
2504 1837 2792 1910 προσώπου
2820 1838 2917 1909 τῆς
2950 1837 3371 1910 εἰρήνης’ῗνόσοι
3418 1836 3474 1889 δὲ
3521 1837 3716 1908 φθορο-

2157 1933 2300 1999 ποιοὶ
2330 1930 2547 1997 ἄπωθεν
2590 1930 2822 2000 ἔστησαν
2860 1930 2959 2000 τῆς
3003 1929 3273 2000 σωτηρίας
3320 1928 3747 2000 προκυψάσης,ο

2156 2024 2249 2089 καὶ.
2292 2023 2465 2092 φωτὸς
2529 2023 2812 2086 ἀνάπλεως
2862 2023 3082 2091 γέγονεν
3123 2023 3156 2091 ἡ
3200 2021 3293 2075 ὑπ’
3338 2020 3562 2091 οὐρανὸν
3618 2019 3719 2092 τῆς

2154 2115 2484 2186 ἀκραιφνοῦς
2530 2115 2804 2187 ἀληθείας.
2844 2115 3034 2168 ’Δτινα
3087 2112 3455 2183 προοίμιάζων
3497 2113 3555 2165 tv
3603 2114 3717 2175 τοῖς

2160 2209 2428 2280 ’ᾼσμασιν
2460 2208 2641 2275 ἔλεγεν
2664 2207 2692 2259 ὁ
2716 2204 2971 2276 Σαλομὼν
2990 2222 3004 2235 ·
3050 2205 3386 2274 Ἁδελφιδός
3408 2221 3528 2274 μου
3556 2204 3681 2273 ἐμοὶ
3698 2244 3713 2267 ,

2155 2300 2315 2371 κάγὼ
2344 2300 2503 2365 αὐτῷ
2521 2318 2534 2330 ο
2584 2303 2616 2353 ὁ
2659 2299 2986 2367 ποιμαίνων
3008 2298 3076 2351 ἐν
3103 2297 3228 2363 τοῖς
3258 2298 3481 2365 κρίνοις
3508 2296 3617 2362 ἕως
3643 2290 3716 2350 οὗ

2156 2392 2199 2459 ἠ
2248 2388 2438 2459 ἡμέρα
2477 2388 2810 2455 διαπνεύσῃ
2836 2428 2852 2451 ,
2900 2385 2999 2440 καί
3054 2383 3377 2453 κινηθῶσιν
3427 2387 3489 2438 at
3530 2382 3714 2438 σκιαί.

2169 2483 2321 2536 Ἐπεὶ
2362 2476 2454 2535 οὖν
2497 2481 2684 2549 Ὠφθη
2722 2482 2756 2533 ό
2795 2477 2938 2543 Θεὸς
2976 2476 3094 2530 τῶν
3134 2477 3286 2534 θεῶν
3315 2477 3385 2529 ἐν
3409 2475 3582 2539 Σιὼν,
3624 2476 3719 2529 καὶ

2174 2565 2683 2639 Ὴεὺπρέπειατῆς
2709 2569 3063 2651 ὡραιότητος
3101 2568 3285 2623 αὑτοῦ
3315 2569 3384 2622 ἐν
3431 2568 3718 2638 Ἰερουσα-

2153 2659 2278 2729 λὴμ
2306 2656 2624 2727 ἐξεφ-ἄνθη,
2657 2657 2755 2709 καί
2790 2656 2915 2726 φῶς
2945 2650 3212 2727 ἀνέτειλε
3241 2654 3323 2723 τῷ
3349 2656 3585 2722 δικαίῳ,
3616 2656 3735 2727 καί

2108 2798 2111 2799 ν
2154 2751 2277 2817 τοῖς
2303 2752 2505 2805 εὐθέσι
2535 2747 2608 2816 τῇ
2635 2748 2845 2817 καρδίᾳ
2864 2752 3230 2819 εὐφροσύνη,
3254 2749 3395 2804 κατὰ
3420 2748 3509 2802 τὸν
3544 2746 3717 2818 μακά-

2156 2834 2505 2916 ρίονἉαυῖδ,
2546 2842 2575 2893 ό
2615 2840 2721 2893 τῶν
2763 2840 3097 2911 τελουμένων
3141 2840 3431 2912 τελειωτης
3465 2838 3576 2909 (53)
3624 2839 3720 2893 καὶ

2152 2933 2426 3003 Δεσπότης
2460 2933 2550 2986 τὸν
2577 2931 2670 2984 τοῦ
2698 2931 2861 3005 νόμου
2887 2916 3189 2985 διδακτικὸν
3226 2931 3319 2984 καὶ
3349 2928 3717 3001 λειτουργικὸν

2156 3024 2507 3078 συνεκάλεσεν
2549 3024 2629 3086 είς
2672 3023 3009 3095 λειτουργίαν
3048 3023 3141 3075 καὶ
3178 3020 3479 3092 μαρτυρίαν
3511 3021 3598 3075 διὰ
3622 3018 3716 3074 τοῦ

2129 3117 2464 3187 ,Πνεῦματος
2487 3116 2580 3170 τοῦ
2606 3117 2762 3186 ἁγίου
2793 3115 2901 3168 τῶν
2928 3114 3329 3184 πραττομένων.

2223 3184 2311 3277 ςοζ
2328 3270 2341 3281 ,
2360 3209 2522 3262 Ὅθεν
2558 3184 2997 3287 ἀπεκδυσᾲμενος
3018 3207 3080 3261 τὸ
3104 3208 3288 3283 ἄτονον
3315 3205 3415 3276 τῆς
3442 3203 3656 3276 ἡλικίας
3688 3184 3741 3255 δ’

2148 3301 2458 3374 πρεσϐύτης
2485 3300 2727 3373 Συμεὼν,
2751 3303 2843 3354 καὶ
2870 3300 2929 3353 τὸ
2951 3300 3161 3353 εὔτονον
3190 3299 3289 3370 τῆς
3320 3297 3529 3360 ἐλπίδος
3555 3299 3719 3349 επεν-

2147 3388 2477 3458 δυσάμενος,
2535 3388 2825 3441 ἀπολαδεῖν
2870 3382 3128 3440 ἔσπευδεν
3166 3388 3246 3450 είς
3292 3386 3583 3459 πρόσωπον
3620 3383 3716 3438 τοῦ

2147 3462 2312 3549 νόμου
2342 3479 2431 3532 τὸν
2460 3479 2551 3532 τοῦ
2580 3480 2743 3551 νόμου
2771 3480 3035 3550 πάροχον·
3063 3462 3152 3532 τὸν
3172 3478 3435 3548 αὐθέντην
3461 3477 3716 3532 διδάσκα-

2148 3571 2239 3623 λον
2266 3569 2375 3641 (54)
2398 3588 2411 3601 ο
2447 3574 2537 3624 τὸν
2568 3571 2700 3629 Θεὸν
2723 3570 2817 3623 τοῦ
2851 3569 3102 3641 Ἀϐραάμ
3123 3587 3136 3599 ·
3166 3568 3257 3622 τὸν
3282 3568 3593 3637 σκεπαστὴν
3618 3566 3713 3620 τοῦ

2162 3644 2344 3715 Ἰσαάκ
2361 3679 2374 3692 ·
2402 3661 2491 3715 τὸν
2527 3662 2677 3731 ἆγιον
2700 3661 2794 3715 τοῦ
2841 3660 3054 3733 Ἰσραήλ
3078 3679 3092 3693 ⁸
3117 3662 3209 3714 τὸν
3242 3658 3597 3731 μυσταγωγὸν
3622 3657 3714 3712 τοῦ

2148 3752 2421 3816 Μωῡσέως
2442 3770 2454 3782 ·
2492 3753 2582 3805 τὸν
2617 3754 2714 3823 τὴν
2744 3752 2891 3806 θείαν
2926 3750 3332 3823 ὲνανθρώπησιν
3379 3750 3454 3814 ὡς
3496 3740 3739 3801 ὀπίσθια

2149 3847 2409 3915 γνωρίσαι
2437 3844 2584 3915 αὐτῷ
2627 3845 3023 3917 ὑποσχόμενονο
3055 3844 3148 3897 τὸν
3177 3845 3235 3896 ὲν
3264 3843 3507 3913 πτωχείᾳ
3553 3840 3715 3893 πλού-

2153 3953 2293 3990 σιον·
2346 3938 2437 3990 τὸν
2480 3938 2539 3989 ὲν
2578 3939 2861 4007 νηπιότητι
2896 3935 3247 4009 προαιώνιον·
3292 3934 3384 3988 τὸν
3431 3937 3489 3988 tv
3528 3931 3714 4004 ὁράσει

2150 4025 2377 4096 ἀόρατον
2396 4045 2409 4056 ·
2435 4028 2523 4103 τὸν
2553 4029 2610 4079 ὲν
2642 4028 2928 4103 περιλήψει
2955 4027 3324 4098 ἀπερίληπτον
3348 4043 3359 4055 ·
3386 4024 3476 4078 τὸν
3502 4027 3559 4077 tv
3591 4040 3715 4094 σμι-

2152 4120 2373 4192 κρότητι
2409 4102 2756 4191 ὑπερμεγέθη
2781 4137 2794 4149 ·
2840 4120 2931 4172 τὸν
2965 4121 3022 4172 ὲν
3056 4118 3168 4189 ναῷ
3209 4104 3302 4170 καὶ
3334 4117 3392 4169 tv
3435 4115 3709 4184 ὑψίστοιςο

2150 4213 2242 4264 τὸν
2275 4212 2366 4264 ἐπὶ
2394 4211 2582 4283 θρόνου
2617 4209 2892 4281 βασιλικοῦ
2932 4210 3042 4282 (55)
3069 4210 3162 4262 καὶ
3192 4209 3278 4261 ἐπ’
3305 4208 3577 4278 ὀχήματος
3626 4221 3714 4276 χε-

2159 4303 2434 4375 ρου6ικοῦ·
2482 4303 2571 4357 τὸν
2612 4305 2761 4356 κάτω
2808 4304 2899 4357 καὶ
2944 4302 3056 4356 ἄνω
3098 4301 3465 4362 ἀδιαστάτως“
3510 4298 3601 4351 τὸν
3655 4300 3713 4350 ὲν

2159 4400 2335 4469 μορφῇ
2365 4395 2570 4463 δούλου,
2606 4396 2699 4449 καὶ
2725 4397 2781 4448 ὲν
2811 4397 2988 4465 μορφῇ
3019 4392 3152 4447 Θεοῦ
3184 4392 3394 4463 Πατρός
3412 4408 3427 4422 ο
3456 4389 3548 4443 τὸν
3577 4390 3717 4459 ὑπή-

492 4474 819 4543 subjectum,
878 4486 931 4532 et
959 4477 1157 4549 Regem
1205 4481 1599 4537 universorum.
1643 4481 1772 4535 Erat
1819 4492 1965 4538 totus
1997 4485 2050 4538 in

2156 4501 2277 4537 κοον
2318 4483 2411 4536 καὶ
2450 4482 2673 4551 βασιλέα
2720 4482 2829 4535 τῶν
2872 4483 3146 4535 ἁπάντων.
3179 4481 3336 4544 ’Ὀλος
3383 4479 3571 4549 γέγονε
3611 4478 3714 4546 τῆς

493 4564 795 4635 desiderio;
829 4578 975 4626 totus
1015 4572 1069 4625 in
1104 4589 1232 4642 spe;
1272 4582 1418 4628 totus
1456 4574 1508 4627 iu
1549 4575 1763 4643 gaudio.
1794 4573 1909 4628 Non
1934 4574 2045 4642 jam

493 4673 626 4713 suus
654 4659 770 4728 ipse
796 4657 932 4726 erat,
966 4664 1059 4719 sed
1088 4666 1206 4734 ejus
1228 4667 1385 4735 cujus
1411 4681 1504 4734 spe
1528 4666 1735 4720 defixus
1762 4675 1897 4720 erat.
1923 4665 2049 4737 Spi-

493 4748 630 4803 ritus
678 4761 899 4808 sanctus
950 4756 1184 4810 faustum
1227 4758 1643 4811 annuntiaverat
1673 4776 1685 4810 :
1721 4755 1889 4828 [velut
1931 4760 2044 4827 jam

2152 4577 2389 4646 ὲφέσεως
2408 4594 2420 4606 ·
2453 4574 2571 4639 ὅλος
2602 4575 2789 4643 γέγονε
2825 4574 2921 4645 τῆς
2954 4573 3196 4638 ὲλπίδοςπ
3234 4573 3354 4635 ὅλος
3394 4572 3582 4641 γέγονε
3613 4569 3713 4638 τῆς

2152 4669 2345 4738 χαρᾶς.
2384 4667 2579 4718 Οὐκέτι
2611 4661 2678 4735 ἦν
2716 4664 2912 4727 αὑτοῦ,
2940 4663 3073 4718 ἀλλὰ
3114 4665 3206 4718 τοῦ
3245 4663 3607 4725 ἐλπισθέντος.
3638 4659 3711 4712 Τὸ

2153 4758 2375 4827 Πνεῦμα
2406 4758 2465 4810 τὸ
2491 4757 2641 4825 ἆγιον
2668 4757 3081 4829 εὐηγγελίσατο,
3120 4758 3213 4812 καί
3248 4758 3375 4827 πρὶν
3400 4755 3432 4826 ἢ
3463 4752 3712 4823 κατειλη-

500 4930 505 4934 ·
559 4902 605 4934 ³⁸
638 4902 878 4973 Carum,
912 4906 999 4969 16,
1027 4907 1110 4959 17.
1186 4908 1229 4942 ³⁸
1252 4906 1401 4961 Psal.
1436 4924 1664 4971 unm,
1689 4907 1745 4963 8.
1816 4909 1861 4941 ⁵⁸
1894 4907 2042 4963 Paul.

2153 4926 2192 4970 ι,
2220 4910 2271 4962 6.
2350 4909 2392 4940 “
2418 4909 2568 4963 Psal.
2628 4924 2770 4992 xcvi,
2820 4910 2909 4964 ll.
2983 4909 3029 4940 "
3064 4906 3237 4963 Exod.
3273 4906 3469 4971 "nili.

563 5012 687 5085 (52)
714 5015 823 5091 [ὢν
868 5020 940 5072 τὰ
982 5019 1179 5073 πάντα
1204 5021 1273 5074 ἐν
1299 5021 1680 5090 ἀκαταληψίᾳ
1728 5022 2045 5091 ὐπεριδρυά

491 5085 696 5161 μέγον.
720 5085 1147 5161 Velut‘ouinjlms
1181 5092 1235 5144 in
1267 5085 2043 5161 inconipreli'en'sibilitate'sua

493 5157 851 5231 eminentem,
872 5159 982 5215 fere
1007 5158 1228 5231 Paulina
1254 5156 1581 5231 phrasi'qua'
1606 5163 1805 5217 dicitur
1830 5161 2043 5216 inhabi-

493 5232 607 5277 tare
638 5226 812 5281 lucem
842 5226 1288 5293 inaccessibileni,
1322 5228 1341 5281 l
1374 5226 1510 5284 Tini.
1538 5247 1609 5286 vr.
1659 5231 1922 5287 Paulinus
1950 5249 2040 5286 re-

496 5294 598 5347 fert
635 5296 1008 5371 adcreatu‘ras
1063 5298 1244 5371 minus
1276 5314 1534 5371 congrue,
1579 5304 1668 5370 qui
1694 5303 1937 5357 universa
1960 5303 2043 5355 in-

493 5365 943 5489 εοηιὲγείξεηδίρέίὶ
967 5368 1196 5437 quadam
1225 5365 1425 5425 ratione
1453 5365 1740 5426 constituit.

565 5435 580 5489 ί
659 5436 675 5489 l
732 5439 773 5488 0
803 5454 920 5489 των
943 5438 1313 5489 τελουμένων
1344 5441 1674 5489 relaturum
1707 5441 1740 5489 ll

565 5435 675 5506 (55)
704 5435 773 5512 ’Ὁ
803 5436 920 5512 τῷν
943 5435 1313 5512 τελουμένων
1344 5441 1675 5512 τελειωτής.
1706 5441 1783 5496 Ita
1838 5440 2039 5512 passim

498 5502 807 5583 Dionysius,
838 5502 1150 5583 Gregorius,
1195 5517 1301 5583 etc.
1354 5509 1532 5566 Minus
1590 5502 1711 5583 apte
1753 5502 2037 5575 Pantinus,

496 5574 748 5648 perfeetus
782 5574 985 5648 auctor,
1005 5581 1183 5647 potius
1212 5580 1472 5645 initiator,
1489 5574 1915 5648 consummator,
1929 5589 2039 5637 etc.

499 5641 632 5722 Male
662 5645 822 5698 etiam
853 5647 939 5722 τὸ,
964 5641 1175 5722 διξὰ-τοῦ.
1201 5641 1510 5722 Πνεύματος
1563 5652 1717 5720 ἁγίου
1776 5641 1918 5722 quod
1953 5667 2040 5707 se-

496 5714 701 5792 quitur,
740 5714 923 5792 retulit
952 5719 1016 5792 a_d
1049 5718 1179 5792 illud
1207 5720 1313 5792 τῶν
1346 5714 1749 5792 πραττομένων,
1795 5714 1924 5777 ἐυηι
1967 5722 2038 5774 sit

497 5784 718 5838 oumino
747 5784 1084 5842 referendum
1112 5789 1180 5842 ad
1210 5784 1427 5845 verbum
1471 5784 1838 5857 συνεκάλεσεν,
1890 5792 2037 5847 velut

2150 5023 2351 5078 allu‘at
2380 5023 2445 5077 ad
2470 5024 2631 5077 verba
2658 5023 2990 5094 evangelica,
3038 5032 3089 5075 et
3146 5023 3283 5075 venit
3324 5021 3379 5074 in
3405 5019 3603 5094 spiritu
3632 5022 3706 5094 in

2151 5096 2398 5163 templum
2423 5110 2441 5147 :
2472 5096 2617 5148 velut
2639 5089 2894 5147 nimirum
2923 5094 3185 5149 instinctu
3218 5097 3376 5146 actus
3403 5091 3458 5143 i'u
3493 5089 3705 5146 Domini

2147 5180 2432 5218 occursum
2443 5205 2455 5217 .

2217 5234 2329 5305 (54)
2364 5231 3202 5305 Τὸν-ᾳὺθέντην-διὸάοζκανῖον.
3231 5230 3436 5285 Alludit
3456 5230 3525 5305 ad
3542 5228 3708 5284 verba

2146 5302 2456 5374 evangelica
2478 5302 2691 5357 Marcit
2731 5323 2743 5358 :
2778 5303 2911 5357 Erat
2955 5302 3144 5374 doceri:
3204 5318 3313 5365 eos,
3365 5302 3517 5371 quasi
3565 5309 3711 5367 potes-

2146 5371 2336 5429 statein
2403 5374 2616 5428 habens.
2678 5374 2855 5428 Minus
2911 5381 3034 5442 apte
3092 5371 3378 5433 Pantinus,
3446 5381 3711 5442 auctorem

2146 5447 2316 5513 ipsum
2340 5455 2389 5499 et
2416 5454 2783 5514 prwceptarem
2815 5439 2963 5514 legis,
2998 5443 3142 5498 velut
3165 5455 3420 5512 suprema
3470 5439 3712 5495 auctori-

2143 5523 2254 5570 tate
2272 5516 2577 5569 docentem.

2216 5585 2327 5667 (55)
2370 5585 2502 5667 Ἐτττί
2543 5586 2769 5667 θρόνουΔ
2797 5581 3144 5667 βασιλικοῦ.
3196 5580 3393 5667 sancta
3448 5579 3706 5667 nimirum

2145 5649 2373 5727 Dcipara
2405 5658 2527 5711 sinu
2562 5649 2829 5726 gestante,
2891 5660 2950 5707 ut
3000 5654 3199 5724 ubique
3225 5653 3409 5708 divina
3453 5649 3707 5706 humanis

2145 5736 2545 5798 comparentur.
