4110 6436
425 345 522 402 881

427 665 589 721 μενος
620 649 676 702 δὲ
710 649 887 714 οὔτω,
930 649 1026 703 καὶ
1068 646 1495 719 μετεωροπορῶν
1524 650 1637 711 τοῖς
1669 647 1999 719 διαδήμασιν

421 739 722 807 ὠκυτὰτως
740 783 756 808 ,
796 741 888 795 τὸν
930 740 1098 794 πάλαι
1148 739 1293 809 ἱερὸν
1340 738 1745 809 καταλαμϐάνει
1794 738 1962 809 σηκὸν
1980 779 1995 803 ,

424 832 519 886 καὶ
547 832 609 885 οὐ
637 830 886 904 προσχὼν
911 830 989 902 τῷ
1016 827 1175 901 ἱερῷ,
1204 828 1282 899 τῷ
1305 828 1399 881 τοῦ
1436 828 1582 902 ἱεροῦ
1606 828 1866 901 πρυτάνει
1898 829 1998 893 τὰς

423 923 574 993 ἱερὰς
604 923 813 987 ὠλένας
841 921 1154 994 ὲφήπλωσε,
1173 920 1351 973 τοιάδε
1377 918 1549 987 λέγων
1580 919 1695 990 ἅμα
1715 921 1809 972 καὶ
1832 918 1992 990 ᾅδων,

421 1014 458 1070 ἃ
509 1015 605 1069 καὶ
649 1017 716 1086 τῇ
765 1015 1017 1084 ἀσπαστῇ
1055 1012 1241 1083 τελετῇ
1288 1011 1563 1081 προσῆκε·
1614 1010 1683 1062 Σὲ
1716 1010 1992 1076 ἐπιποθῶ,

418 1106 656 1160 δέσποτα
689 1106 788 1159 Θεὲ
823 1105 1077 1177 πατέρων
1099 1144 1113 1169 ,
1149 1104 1243 1156 καὶ
1284 1101 1456 1173 Κύριε
1508 1100 1603 1155 τοῦ
1648 1100 1862 1168 ἐλέους,
1903 1103 1995 1155 τὸν

422 1191 834 1257 καταξιώσαντα
878 1195 943 1264 τῇ
979 1192 1083 1263 ἰδίᾳ
1122 1190 1249 1262 δόξῃ
1283 1190 1377 1243 καὶ
1413 1191 1616 1261 ἀρετῇ,
1659 1189 1735 1253 ὡς
1777 1190 1994 1245 πάντων

420 1285 750 1355 προνοητικῇ
777 1323 792 1347 ,
823 1284 963 1336 αἰδοῖ⁹
1008 1282 1106 1353 τῆς
1137 1281 1271 1353 πρὸς
1308 1280 1457 1351 ἡμᾶς
1500 1279 1991 1348 συγκαταϐάσεως,

418 1375 670 1446 καθάπερ
699 1374 1053 1445 σπονδηφόρῳ
1085 1371 1331 1443 μεσιτείᾳ
1350 1410 1365 1436 ,
1394 1371 1475 1433 εἰς
1500 1370 1718 1442 φιλικὴν
1757 1370 1994 1443 ὁμηρεῦ-

417 1485 508 1521 σαι
530 1466 847 1539 συμφωνίαν
876 1466 1002 1529 τοὺς
1031 1463 1382 1532 ὲπουρανίους
1409 1461 1545 1534 πρὸς
1571 1463 1697 1526 τοὺς
1718 1465 1987 1533 γηγενεῖς.

417 1557 484 1610 Σὲ
518 1555 761 1627 ἐπιζητῶ
800 1556 891 1610 τὸν
920 1554 1223 1626 αὐτουργὸν
1258 1553 1364 1607 τῶν
1401 1553 1683 1608 ἁπάντων·
1720 1555 1779 1607 σὲ
1822 1570 1992 1625 καρασ-

414 1647 558 1702 δοκῶ
576 1687 592 1711 ,
617 1648 710 1702 τὸν
744 1648 1068 1719 περιέχοντα
1104 1647 1247 1718 λόγῳ
1281 1646 1349 1699 τὰ
1374 1648 1580 1703 πάντα·
1617 1648 1675 1701 σὲ
1698 1646 1991 1716 ἀπεκδέχο-

423 1757 542 1811 μαι,
572 1740 663 1793 τὸν
694 1740 838 1811 ζωῆς
864 1740 956 1793 καὶ
988 1739 1217 1793 θανάτου
1245 1740 1572 1806 δεσπόζοντα
1591 1758 1605 1771 ·
1633 1741 1692 1793 σὲ
1714 1738 1987 1809 ἀναμένω,

416 1830 507 1885 τὸν
547 1832 874 1903 νομοδότην,
902 1831 995 1884 καὶ
1032 1830 1126 1884 τοῦ
1171 1831 1334 1902 νόμου
1367 1831 1631 1903 διάδοχον·
1682 1832 1741 1885 σὲ
1785 1829 1987 1895 πεινῶ,

407 1921 500 1976 τὸν
522 1924 781 1991 ζωοποιὸν
797 1923 905 1978 τῶν
929 1923 1369 2003 νενεκρωμένων·
1398 1923 1457 1977 σὲ
1481 1921 1637 1993 διψῶ,
1665 1921 1764 1993 τὴν
1781 1920 1984 1991 ἀνάψυ-
2014 1909 2057 1963 Β

409 2016 490 2083 ξιν
517 2018 626 2072 τῶν
652 2021 1042 2090 κεκμηκότων·
1082 2019 1139 2072 σὲ
1193 2019 1443 2089 ἐπιθυμῶ
1486 2018 1576 2072 τὸν
1626 2019 1848 2091 κτίστην
1890 2019 1984 2072 καὶ

405 2106 685 2178 λυτρωτὴν
715 2107 810 2160 τοῦ
844 2108 1069 2179 κόσμου.
1112 2107 1184 2159 Σὺ
1220 2106 1378 2178 ἡμῶν
1405 2106 1536 2170 Θεὸς
1558 2148 1573 2172 ,
1602 2108 1696 2161 καὶ
1725 2107 1784 2161 σὲ
1817 2124 1984 2178 προσ-

405 2197 696 2267 κυνοῦμεν.
724 2198 795 2250 Σὺ
816 2200 849 2270 ή
859 2199 974 2268 μῶν
1002 2197 1128 2261 ναὸς
1151 2197 1334 2265 ἅγιος,
1364 2198 1456 2250 καὶ
1491 2198 1550 2250 ἐν
1583 2198 1668 2251 σοὶ
1693 2197 1982 2269 προσευξό-

406 2287 547 2359 μεθα
566 2305 580 2318 ·
611 2288 675 2341 σὺ
699 2287 916 2359 θεσμῶν
945 2287 1299 2359 θεσμοθέτης,
1322 2289 1416 2342 καὶ
1447 2287 1529 2341 σοὶ
1555 2288 1977 2360 πειθαρχοῢμεν.

403 2381 474 2434 Σὺ
511 2381 642 2444 Θεὸς
675 2380 907 2453 πρῶτος·
944 2380 1252 2452 ἔμπροσθέν
1294 2397 1389 2434 σου
1419 2381 1519 2434 οὐκ
1562 2380 1822 2452 ἐγεννήθη
1869 2380 1979 2453 (56)

404 2466 536 2532 Θεος
568 2467 725 2533 ἄλλος
757 2470 822 2522 ἐκ
855 2468 989 2522 Θεοῦ
1025 2468 1258 2539 Πατρὺς,
1292 2471 1384 2522 καὶ
1421 2470 1559 2541 μετὰ
1593 2470 1653 2523 σὲ
1700 2470 1798 2524 οὐκ
1825 2470 2006 2524 ἔσται·

399 2559 559 2624 ἄλλος
595 2560 724 2624 Υἱὸς
763 2559 842 2633 τῷ
867 2561 1043 2631 Πατρί
1083 2561 1367 2632 ὀμοούσιος
1407 2563 1501 2615 καὶ
1535 2561 1813 2632 ὁμότιμος.
1869 2562 1978 2616 Καὶ

401 2653 466 2708 τύ
491 2652 853 2709 ἐπίστασθαί
880 2670 975 2717 σε,
1006 2655 1341 2722 ὁλόκληρος
1373 2652 1749 2721 δικαιοσύνη·
1774 2653 1871 2707 καί
1899 2655 1978 2707 εἰ-

397 2745 563 2802 δέναι
592 2762 709 2800 σου
731 2744 800 2799 τὸ
829 2744 1067 2815 κράτος,
1089 2744 1223 2815 ῥίζα
1252 2747 1605 2811 ἀθανασίας.
1639 2745 1711 2798 Σὺ
1750 2739 1802 2798 εἴ
1829 2747 1862 2799 ὁ
1887 2744 1993 2801 διὰ,

396 2837 496 2910 τὴν
524 2838 798 2910 ἡμετέραν
830 2839 1101 2911 σωτηρίαν
1124 2840 1293 2906 λίθος
1317 2838 1768 2909 ἁκρογωνιαῖος,
1791 2841 1977 2893 πολυ-

397 2930 577 2998 τελής
617 2948 683 2985 τε
727 2929 824 2984 καί
874 2930 1148 3001 ἔντιμος,
1192 2932 1256 3002 τῇ
1293 2929 1431 2983 Σιὼν
1463 2929 1969 3001 προαναγορευθείς.

407 3021 805 3093 ’Υποόέὸληται
849 3021 957 3093 γάρ
1011 3037 1094 3074 σοι
1155 3019 1224 3073 τὰ
1281 3021 1459 3074 πάντα
1530 3021 1606 3083 ὡς
1647 3020 1836 3092 αἰτίῳ·
1898 3020 1975 3084 ὡς

394 3113 772 3184 παραγαγόντι
814 3111 883 3165 τὰ
911 3111 1008 3165 ὅλα
1045 3113 1110 3164 ὲκ
1143 3109 1218 3182 μὴ
1252 3110 1421 3165 ὄντων
1450 3112 1530 3174 εἰς
1576 3110 1638 3164 τὸ
1669 3106 1808 3165 εἶναι
1830 3151 1845 3175 ,
1878 3111 1974 3163 καὶ

395 3202 654 3257 σύστασιν
683 3203 898 3274 εὐπαγῆ
918 3206 1029 3266 τοῖς
1052 3202 1307 3266 ἀστάτοις
1351 3200 1719 3274 παρασχόντι·
1744 3201 1820 3265 ὡς
1850 3217 1972 3253 συν-

390 3296 490 3366 οχῇ
540 3295 632 3348 καὶ
671 3294 884 3367 φρουρᾷ
927 3293 1037 3347 τῶν
1068 3291 1593 3365 παρενηνεγμένων·
1634 3292 1710 3355 ὡς
1755 3292 1970 3361 φύσεων

390 3388 661 3461 διαφόρων
689 3388 1005 3461 δημιουργῷ
1023 3405 1038 3419 ο
1081 3388 1157 3452 ὡς
1184 3387 1484 3450 οἰακίξοντι
1515 3385 1741 3458 παλάμῃ
1771 3386 1971 3440 παναλ-

392 3484 628 3556 κεστάτῃ
668 3484 761 3537 καὶ
807 3482 1207 3557 πανσοφωτάτῃ
1232 3482 1300 3537 τὰ
1343 3483 1664 3553 σύμπαντα·
1705 3483 1780 3546 ὡς
1813 3483 1971 3536 εὐτα-

392 3574 512 3642 ξίας
541 3576 759 3647 ἁπάσης
803 3574 1022 3646 ῥυθμῷ·
1050 3574 1127 3638 ὡς
1155 3575 1474 3646 συμφωνίας
1500 3573 1591 3627 καὶ
1619 3574 1841 3644 εἰρήνης
1870 3573 1966 3642 ἀρ-

390 3668 546 3739 ραγεῖ
567 3667 866 3739 συνδέσμῳ.
900 3667 1002 3720 Ἑν
1023 3667 1117 3720 σοὶ
1149 3669 1261 3737 γὰρ
1276 3665 1479 3735 ζῶμεν,
1505 3665 1602 3718 καὶ
1624 3664 1965 3730 κινούμεθα,

387 3760 484 3814 καὶ
520 3758 723 3829 ἐσμέν.
752 3759 849 3813 Διὰ
880 3760 1069 3824 τοῦτο,
1109 3760 1288 3827 Κύριε
1312 3761 1344 3812 ὁ
1379 3759 1523 3823 Θεός
1549 3774 1668 3827 μου
1687 3797 1701 3821 ,
1729 3752 1967 3818 δοξάσω

385 3866 487 3913 os;
504 3848 755 3918 ὑμνήσω
779 3848 846 3901 τό
869 3847 1056 3917 ὄνομά
1076 3863 1214 3902 σου·
1231 3848 1320 3901 ὅτι
1344 3848 1639 3914 ἐποίησας
1655 3844 1968 3914 θαυμαστὰ

384 3941 696 4012 πράγματα
714 3981 728 4006 ,
768 3939 1012 4007 βουλὴν
1037 3940 1295 4009 ἀρχαίαν
1326 3937 1656 4006 ἀληθινὴν,
1678 3936 1964 4005 ἐξομολό-

384 4049 565 4099 γησιν
606 4032 702 4085 καὶ
736 4030 1257 4103 μεγαλοπρέπειαν
1287 4029 1717 4098 ἐνδυσάμενος.
1754 4028 1819 4080 Τί
1855 4025 1965 4096 γὰρ

383 4122 841 4195 περιφανέστερον
869 4121 1079 4193 βασιλεῖ
1099 4120 1497 4194 περιανθούσης
1519 4119 1845 4191 πορφυρίδος
1870 4118 1964 4171 καὶ

382 4217 787 4287 ἐπιλάμποντος
810 4215 1137 4286 διαδήματος
1161 4232 1176 4281 ;
1203 4215 1274 4267 Ἦ
1306 4214 1358 4268 τί
1390 4210 1965 4285 μεγαλοπρεπέστερον

382 4310 503 4382 Θεῷ
535 4307 898 4380 φιλανθρώπῳ
929 4305 1305 4379 φιλανθρώπου
1334 4303 1814 4375 ἐνανθρωπήσεως,
1844 4302 1963 4365 ταῖς

382 4404 851 4475 παμφανωτάταις
880 4400 1189 4471 ὲξαυγείαις
1210 4399 1352 4465 τοὺς
1375 4398 1445 4452 ἐν
1468 4398 1669 4451 σκότει
1695 4394 1792 4447 καὶ
1818 4391 1963 4462 σκιᾷ

381 4495 645 4553 θανάτου
678 4492 1059 4565 ,καθημένους
1099 4492 1652 4561 καταλαμπούσης
1699 4486 1809 4541 Καὶ
1854 4485 1961 4557 μὴν

1509 342 1743 402 SERMO
1780 343 1869 399 DE
1908 342 2206 409 SlblEONE
2244 342 2331 399 ET
2370 343 2574 399 ANNA.

429 466 591 535 φέναι
625 464 719 519 τὸν
746 463 895 531 ναὸν,
917 466 1032 529 τοῖς
1052 464 1153 536 τῆς
1175 464 1415 529 διανοίας
1442 464 1737 537 ὀφθαλμοῖς
1767 465 1979 519 ἀναπτε·

2076 472 2302 533 ,ιιιιιιιιο
2364 464 2693 521 exstinctum
2754 460 3169 533 suscitaveratﬂ
3233 477 3295 517 ac
3346 463 3667 535 priusquam
3756 478 3767 481 ‘

430 556 522 629 ρού
531 573 711 627 μενος,
738 556 814 621 ὡς
833 556 972 627 έχων
995 556 1095 627 ήδη
1124 556 1186 609 τὸ
1213 554 1542 626 ποθούμενον
1562 554 1830 626 ὲγεγήθει.
1849 556 2002 625 Ἀγό-

3566 348 3671 405 362

2103 557 2362 627 templum
2405 555 2694 625 attigisset,
2751 554 3045 610 subvectus
3075 554 3444 624 intelligentiae
3469 554 3666 623 oculis,

2101 649 2247 703 velut
2274 647 2384 717 jam
2429 645 2796 701 desideratum
2853 646 3097 711 haberet,
3134 647 3331 717 gaudio
3377 648 3662 717 gestiebat.

2102 737 2193 793 Sic
2217 754 2380 809 porro
2403 746 2579 803 actus,
2614 754 2676 792 ac
2708 754 2802 809 per
2844 737 3045 808 gradus
3078 739 3362 793 celerrime
3395 754 3664 795 conscen-

2099 830 2256 894 dens,
2314 845 2533 885 sacrum
2583 829 2848 884 hactenus
2891 829 3167 898 penetrale
3227 836 3492 899 occupat;
3524 836 3665 884 tem-

2097 920 2296 990 ploque
2325 920 2553 984 omisso,
2613 919 2788 988 ipsius
2822 919 3005 987 templi
3038 918 3253 988 praesidi
3287 934 3475 974 sacras
3505 920 3664 975 ulnas

2095 1008 2384 1080 expandit;
2436 1008 2702 1078 ejusmodi
2744 1007 3006 1078 quosdam
3054 1007 3310 1076 jucunda:
3360 1008 3662 1064 celebritati

2096 1117 2368 1172 congruos
2416 1116 2699 1158 sermones
2748 1099 2962 1154 cantico
3004 1099 3332 1169 depromens
3360 1119 3372 1153 :
3400 1098 3477 1155 Te
3517 1101 3664 1156 desi—

2094 1192 2247 1259 dero,
2281 1192 2509 1249 Domine
2554 1193 2697 1249 Deus
2728 1201 2964 1263 patrum,
2996 1199 3049 1245 ct
3080 1192 3303 1246 Domine
3346 1191 3661 1248 misericor-

2092 1285 2226 1353 diae;
2264 1286 2358 1356 qui
2385 1293 2479 1339 tua
2512 1286 2631 1356 ipse
2662 1286 2929 1341 sententia
2962 1292 3015 1339 et
3048 1283 3267 1346 virtute,
3297 1291 3354 1337 ut
3382 1298 3488 1354 qua
3532 1299 3658 1354 pro-

2092 1376 2276 1432 videas
2307 1377 2580 1440 omnibus,
2613 1376 2926 1447 dignatione
2976 1376 3065 1429 illa
3095 1390 3200 1444 qua
3230 1383 3281 1430 te
3312 1376 3470 1431 nobis
3500 1377 3662 1430 incii-

2091 1483 2211 1533 nas,
2246 1483 2344 1524 ceu
2382 1478 2662 1538 sequestra
2711 1469 2930 1523 frederis
2957 1468 3358 1532 conciliatione,
3403 1469 3656 1524 cmlestes

2091 1558 2235 1613 inter
2267 1560 2694 1630 terrigenasque,
2739 1558 3033 1612 amicitiam
3072 1559 3399 1613 concordem
3443 1574 3656 1616 sanetre

2087 1650 2330 1706 voluisti.
2380 1649 2456 1706 Te
2487 1665 2670 1720 quaero
2708 1652 2884 1720 ipsum
2934 1656 3211 1703 auctorem
3251 1650 3651 1707 universorum.

2090 1739 2227 1794 Tota
2258 1748 2312 1796 te
2342 1741 2641 1812 cupiditate
2676 1750 2951 1811 exspecto,
2995 1742 3087 1811 qui
3120 1757 3371 1798 sermone
3406 1744 3656 1798 contines

2090 1833 2293 1888 omnia.
2348 1833 2424 1889 Te
2466 1835 2775 1905 praestolor,
2826 1834 2951 1890 vita:
3002 1835 3301 1904 mortisque
3349 1834 3656 1889 dominato-

2085 1940 2219 1981 rem.
2255 1925 2331 1981 Te
2376 1927 2619 1982 sustineo
2646 1925 2888 1981 datorem
2939 1926 3092 1997 legis,
3133 1926 3489 1997 ejusdemque
3519 1941 3651 1982 suc-

2086 2012 2382 2075 cessorem.
2432 2016 2508 2072 Te
2546 2018 2764 2083 esurio,
2816 2017 2909 2086 qui
2961 2017 3204 2072 viviﬁcas
3244 2025 3509 2074 mortuos.
3556 2020 3642 2074 Si-

2083 2110 2162 2164 tio
2195 2116 2267 2170 te.
2303 2108 2721 2181 defatigatorum
2762 2108 3127 2179 refrigerium.
3165 2108 3242 2165 Te
3287 2113 3639 2181 concupisco,

2085 2203 2275 2257 mundi
2309 2209 2609 2257 creatorem
2662 2201 3186 2270 redemptoremquc.
3238 2200 3317 2256 Tu
3364 2201 3509 2258 Deus
3552 2219 3653 2256 no-

2083 2301 2228 2362 ster;
2264 2301 2426 2366 teque
2457 2294 2772 2349 adoramus.
2824 2291 2905 2346 Tu
2955 2302 3205 2349 sanctum
3249 2295 3509 2364 templum
3550 2311 3650 2349 no-

2082 2391 2293 2449 strum;
2341 2392 2575 2453 votaque
2620 2384 2674 2435 in
2721 2391 2776 2435 te
2820 2382 3104 2438 faciemus.
3132 2381 3213 2435 Tu
3257 2383 3644 2453 legum'lator;

2079 2473 2292 2543 tibique
2333 2474 2857 2544 obtemperabimus.
2894 2474 2972 2528 Tu
2996 2473 3138 2529 Deus
3164 2474 3412 2543 primus;
3443 2483 3568 2528 ante
3596 2485 3649 2528 te

2078 2579 2188 2617 non
2217 2572 2302 2620 est
2325 2575 2486 2620 natus
2513 2564 2657 2620 Deus
2687 2565 2828 2620 alius
2852 2581 2918 2619 ex
2959 2564 3069 2619 Deo
3100 2563 3259 2619 Patre
3283 2563 3359 2627 “z
3388 2579 3491 2619 nec
3523 2574 3647 2634 post

2077 2664 2132 2711 te
2162 2654 2378 2711 hiturus
2402 2664 2487 2712 est
2517 2657 2658 2711 alius
2680 2654 2852 2711 Filius
2877 2655 3020 2709 Patri
3052 2645 3562 2721 consubStantialis,
3590 2667 3647 2711 et

2077 2746 2323 2816 ejusdem
2354 2760 2479 2801 cum
2528 2747 2649 2817 ipso
2700 2747 2905 2818 gloriae.
2949 2747 3123 2816 Atque
3172 2763 3324 2801 nosse
3368 2756 3434 2815 te,
3475 2749 3648 2803 solida

2067 2838 2283 2909 juslilia
2310 2848 2386 2893 est
2415 2855 2433 2893 :
2466 2848 2708 2910 tuamque
2736 2841 2869 2892 scire
2905 2839 3212 2909 potentiam,
3246 2838 3403 2892 radix
3430 2840 3647 2894 immor—

2076 2930 2309 2986 talitatis
2335 2929 2405 2985 δ’.
2438 2928 2519 2986 Tu
2560 2938 2765 2985 nostra:
2804 2931 2999 2986 salutis
3027 2945 3216 2994 causa,
3256 2929 3392 2999 lapis
3430 2932 3520 2986 ille
3550 2949 3649 2987 anu

2074 3022 2281 3094 gularis
2314 3023 2608 3094 exquisitas
2641 3033 2691 3076 et
2723 3025 2984 3091 pretiosus
3009 3021 3077 3082 ",
3107 3020 3258 3076 Sioni
3306 3031 3465 3077 antea
3507 3039 3647 3094 pra:-

2075 3112 2272 3167 dictus.
2308 3110 2432 3167 Tibi
2461 3113 2606 3167 enim
2658 3114 2936 3167 substrata
2975 3118 3105 3166 sunt
3142 3112 3324 3166 omnia
3370 3119 3433 3167 ut
3467 3128 3648 3169 causae

2073 3210 2129 3259 et
2159 3202 2394 3261 auctori.
2420 3213 2480 3258 ut
2507 3204 2555 3258 ei
2596 3204 2690 3272 qui
2720 3203 2976 3258 universa
3004 3218 3072 3258 ex
3102 3204 3275 3258 nihilo
3300 3203 3368 3258 ad
3397 3220 3524 3260 esse
3550 3206 3647 3260 de-

2073 3294 2250 3357 duxit,
2275 3292 2550 3362 rebusque
2571 3291 2920 3347 instabilibus
2957 3291 3167 3346 ﬁrmam
3196 3294 3643 3350 constitutionem

2073 3384 2264 3439 tribuit
2290 3401 2304 3437 :
2336 3389 2595 3452 tanquam
2628 3397 2808 3436 rerum
2840 3381 2897 3434 in
2942 3395 3068 3435 esse
3093 3381 3447 3436 deductarum
3480 3386 3643 3438 nexui

2072 3473 2574 3542 commissumque,
2608 3481 2769 3541 atque
2813 3470 3107 3540 praesidio:
3144 3478 3405 3541 tanquam
3447 3478 3643 3527 natura

2069 3566 2413 3619 diversorum
2464 3562 2644 3633 opiﬁci
2678 3581 2691 3617 :
2725 3562 2871 3617 velut
2916 3561 2988 3626 ei,
3045 3562 3139 3632 qui
3192 3578 3360 3617 manu
3411 3576 3642 3633 prorsus

2071 3654 2374 3711 fortissima
2410 3652 2928 3724 sapientissimaque
2963 3653 3278 3706 moderatur
3332 3652 3588 3708 universa
3622 3672 3635 3706 :

2068 3748 2217 3802 velut
2264 3747 2552 3818 compositi
2597 3747 2974 3815 cujuscunque
3023 3745 3232 3799 ordinis
3286 3745 3545 3816 rhythmo
3585 3756 3640 3801 et

2069 3841 2476 3897 concinnitati:
2515 3848 2574 3896 ut
2617 3838 2924 3893 concordiae
2965 3840 3224 3907 pacisque
3268 3836 3636 3894 indissolubili

2066 3930 2308 3983 vinculo.
2362 3926 2431 3982 In
2474 3936 2522 3982 te
2562 3929 2701 3982 enim
2752 3927 2992 3990 uiuimus,
3042 3934 3093 3980 et
3131 3943 3417 3993 movemur,
3462 3936 3513 3982 et
3544 3945 3637 3983 su-

2066 4037 2182 4076 mus
2205 4021 2272 4076 “.
2314 4019 2633 4090 Propterea,
2668 4018 2889 4073 Domine
2919 4019 3059 4072 Deus
3105 4035 3273 4084 meus,
3325 4019 3636 4089 gloriﬁcabo

2068 4119 2115 4165 te
2137 4112 2212 4178 ";
2243 4109 2471 4164 laudabo
2506 4124 2691 4163 nomen
2735 4119 2906 4174 tuum,
2938 4108 3186 4178 quoniam
3218 4108 3392 4176 fecisti
3424 4125 3505 4163 res
3535 4110 3635 4161 ad-

2067 4203 2366 4268 mirandas,
2410 4203 2693 4256 consilium
2726 4202 3001 4270 antiquum
3033 4217 3209 4253 verum
3241 4199 3314 4266 “;
3345 4201 3634 4269 confessio-

2066 4313 2183 4351 nem
2227 4304 2279 4350 et
2312 4295 2550 4349 decorem
2600 4293 2816 4347 indutus
2841 4295 2907 4346 ι’.
2938 4291 3081 4358 Quid
3118 4293 3262 4346 enim
3304 4293 3441 4361 regi,
3485 4301 3637 4348 veste

2065 4400 2339 4460 purpurea
2368 4384 2621 4440 ﬂoridum
2645 4385 2775 4454 quid
2806 4384 3274 4443 circummicante,
3302 4381 3637 4436 diademate-

2063 4495 2170 4550 quc
2197 4479 2506 4551 ell‘ulgente‘,
2546 4476 2920 4550 splendidius?
2949 4474 3088 4542 Quid
3132 4489 3284 4537 vero,
3331 4474 3637 4528 clementis-

377 4587 604 4650 εἰκότως
650 4587 744 4639 καὶ
783 4583 1244 4656 προανευφήμησέ
1299 4599 1357 4636 σε
1410 4580 1517 4634 τὸν
1546 4574 1811 4633 Βασιλέα
1842 4575 1962 4630 τῶν

2076 4573 2206 4628 timo
2234 4571 2363 4635 Deo,
2402 4570 2655 4626 clementi
2697 4569 2799 4624 hac
2826 4569 3065 4623 hominis
3088 4565 3486 4636 assumptione,
3522 4565 3636 4618 cla-

379 4679 609 4737 αιώνων
631 4682 660 4733 ό
692 4677 1025 4749 πρόσκαιρος
1060 4674 1310 4746 βασιλεὺς
1337 4674 1432 4726 καὶ
1450 4672 1686 4742 οἰκέτης,
1705 4669 1951 4738 φάσκων·

390 4771 615 4840 Ὡραῖος
651 4768 860 4822 κάλλει
893 4765 1051 4833 παρὰ
1086 4765 1230 4832 τοὺς
1258 4763 1428 4831 υἰοὺς
1454 4762 1571 4816 τῶν
1599 4757 1952 4828 ἀνθρώπων,

376 4867 406 4920 ὁ
440 4869 499 4920 ἐν
527 4861 835 4933 ἀνθρώποις
862 4860 994 4924 Θεὸς
1026 4861 1121 4912 καὶ
1157 4857 1464 4932 ἄνθρωπος.
1487 4853 1814 4927 Περιεζώσω
1844 4852 1952 4922 γὰρ

338 4958 463 5014 ’διὰ
514 4959 613 5027 τῆς
653 4956 805 5017 θείας
846 4971 944 5007 σου
989 4951 1317 5025 σαρκώσεως
1356 4949 1668 5020 δικαιοσύνῃ
1720 4946 1816 5018 μὲν
1854 4944 1953 5016 τὴν

376 5050 607 5119 ὀσφύν·
641 5047 946 5115 ἐνηλείψω
984 5042 1054 5097 δὲ
1080 5043 1177 5097 καὶ
1216 5043 1465 5111 ἀληθείᾳ
1505 5041 1611 5107 τὰς
1656 5036 1951 5106 πλευρὰς,

375 5141 697 5215 αὐτόχρημα
742 5137 1054 5208 δικαιοσύνη
1104 5135 1200 5190 καὶ
1252 5134 1477 5207 ἀλήθεια
1517 5133 1804 5204 ὑπάρχων,
1858 5128 1954 5182 καὶ

479 5301 526 5332 ⁸³
558 5297 671 5354 Isa.
711 5313 862 5358 mn,
896 5294 982 5349 10.
1060 5291 1106 5324 ⁵⁸
1129 5292 1257 5358 Sap.
1284 5307 1375 5353 ιν,
1411 5303 1496 5344 ιιι.
1562 5286 1606 5319 ⁸⁸
1638 5283 1789 5358 Ρεαέ.
1830 5297 1999 5358 cxvu,
2026 5279 2143 5358 2|_;

2061 4663 2298 4720 rissimis
2328 4663 2445 4718 suis
2474 4662 2641 4716 radiis
2666 4661 3002 4716 illuminante
3043 4658 3277 4713 sedentes
3313 4658 3368 4710 in
3407 4654 3632 4710 tenebris

2059 4764 2111 4809 et
2155 4753 2344 4809 umbra
2374 4753 2560 4806 mortis
2588 4752 2655 4815 ⁸⁸,
2689 4746 3164 4822 magniﬁcentius?
3193 4746 3452 4817 Apposite
3499 4757 3633 4798 sane

2062 4846 2250 4917 Regem
2271 4854 2326 4900 te
2353 4848 2668 4899 saeculorum
2689 4844 2757 4910 ⁵⁸,
2786 4850 3174 4911 temporaneus
3209 4840 3299 4896 ius
3324 4852 3420 4892 rex
3447 4851 3511 4890 ac
3550 4835 3633 4887 fa-

2061 4940 2242 4993 mulus
2273 4945 2420 5003 tuus,
2445 4935 2642 4991 faustis
2672 4934 2800 4990 olim
2831 4926 3396 5005 congratulationibus
3429 4929 3632 4984 omini-

2060 5032 2272 5102 busque
2293 5039 2615 5101 prosecutus
2637 5034 2741 5093 est,
2764 5025 2952 5081 dicens
2980 5044 2992 5079 :
3021 5023 3297 5093 Speciosus
3321 5021 3495 5090 [arma
3518 5033 3628 5086 pra:

2061 5126 2188 5195 ﬁliis
2218 5123 2487 5177 hominum
2508 5122 2588 5187 l";
2620 5119 2715 5190 qui
2746 5119 2810 5197 in
2840 5117 3177 5181 hominibus,
3208 5114 3352 5169 Deus
3384 5113 3505 5183 ipse
3547 5113 3626 5166 sis

2226 5277 2339 5332 Isa.
2374 5292 2568 5337 xxvrn,
2595 5274 2696 5337 16;
2772 5272 2791 5325 Ι
2824 5272 2967 5327 Pelr.
3006 5270 3144 5337 ",6.
3221 5268 3268 5302 “
3305 5268 3425 5322 Act.
3467 5282 3623 5330 xvnl,

370 5370 462 5426 28.
538 5338 1030 5428 ‘9'Ex523'§v“,"2.
1108 5338 1320 5416 amis-at
1640 5338 1868 5409 1i’iPsal
1928 5367 1979 5407 οι

2097 5338 2146 5406 1.
2222 5350 2269 5381 ⁸ο
2318 5346 2426 5401 Isa.
2470 5362 2618 5401 XLII.
2663 5346 2739 5411 7;
2804 5342 2930 5396 Luc.
3004 5357 3052 5408 ι,
3097 5341 3184 5395 79.
3251 5339 3297 5371 ‘”
3339 5338 3359 5392 ι
3402 5338 3538 5392 Tim.
3584 5354 3623 5401 ι,

373 5441 464 5498 17.
539 5439 586 5472 ⁸³
624 5437 781 5494 Psal.
822 5451 969 5503 xuv,
1010 5432 1064 5490 5.

443 5596 558 5667 (56)
582 5590 985 5667 ΑἘμπροσθέν
1014 5607 1132 5644 σου
1161 5590 1273 5667 οὐκ
1292 5576 1945 5667 ὲγςεννήθηκᾼῌιιιίιξιηιιά

333 5683 337 5687 ·
367 5647 698 5724 νει-ίιξίιιιξιῖ.
732 5647 889 5721 inut.
927 5664 1129 5731 piaque
1158 5647 1746 5731 detot's'ione'applicat
1782 5647 1940 5702 Filio.

369 5720 568 5795 Est—ibi
591 5737 693 5788 οὐκ
712 5720 949 5801 ὲγένετοξ
974 5720 1074 5784 non
1098 5730 1197 5794 fuit
1223 5727 1361 5801 alius
1404 5720 1784 5801 DeusVJVulngf,
1839 5734 1942 5772 nun

367 5790 470 5878 fuit
495 5790 765 5879 formatus.
783 5790 946 5857 Deus.
969 5790 1236 5856 Pantinus
1260 5798 1399 5853 male
1424 5796 1502 5859 τδ,
1528 5790 1811 5864 ἐγεννήθη,
1834 5804 1942 5860 quo

648 5898 918 5958 PATROL.
956 5894 1072 5956 Gn.
1121 5889 1351 5954 XVII].

2056 5574 2145 5628 hic
2181 5579 2303 5642 apte
2336 5568 2634 5642 multitudo
2655 5568 2895 5642 ﬁliorum
2920 5569 2975 5623 in
3005 5567 3116 5623 Deo
3138 5567 3470 5642 excluditur,
3499 5570 3625 5642 red-

2052 5644 2152 5699 dit.
2191 5636 2386 5711 I’acms.
2417 5638 2674 5711 Negando
2697 5639 2840 5711 enim
2872 5637 3046 5711 factos
3076 5655 3104 5692 a
3138 5636 3252 5693 Deo
3282 5638 3442 5693 Patre
3486 5641 3573 5693 υιίι
3598 5657 3624 5695 s

2052 5708 2212 5777 ﬁlios,
2258 5713 2474 5782 videtur
2506 5708 2614 5763 hic
2672 5708 2842 5763 asseri
2892 5709 3089 5779 factus,
3145 5711 3239 5782 qui
3297 5712 3620 5780 supponitur

2051 5787 2244 5840 unicus
2275 5780 2463 5835 Filius.

3274 5869 3348 5931 12
