4110 6436
462 354 565 408 ῗϐὅ
1410 364 1466 420 S.
1511 361 1841 418 METHODII
1878 360 2186 419 EPISCOPI
2227 360 2315 416 ET
2350 358 2710 418 MARTYRIS
3605 363 3709 421 564

346 462 355 469 ’
450 492 505 537 et
541 480 719 540 homo.
748 486 1043 546 Aichnxisti
1072 488 1240 551 eitim,
1271 487 1455 543 divina
1491 496 1579 540 tua
1626 486 2004 540 lncarnatione

2132 487 2445 557 ἁγαλλίαμα
2476 486 2584 540 τῶν
2618 485 2890 541 ἁπάντων.
2934 483 3233 557 Τοιγαροῦν
3276 483 3632 557 εύφρανθήτω
3681 486 3710 538 ὁ

456 574 661 629 lumbos
694 573 936 644 quidem,
957 574 1179 642 Iustitia
1212 588 1229 626 :
1262 576 1521 629 inunxisti
1552 593 1668 631 vero
1711 588 1758 631 et
1790 579 2003 632 veritate

2132 579 2358 650 οὐρανὸς
2398 579 2634 649 σήμερον
2661 578 2777 648 ἆμα
2804 580 2960 649 ἐμοί’
3003 579 3086 631 ὅτι
3111 576 3341 647 ἠλέησεν
3381 576 3411 628 ὁ
3462 574 3590 638 Θεὸς
3618 575 3711 629 τὸν

453 668 623 722 latera
653 668 721 731 ⁸³,
754 667 846 738 qui
874 667 1012 737 ipse,
1043 668 1162 736 ipsa
1195 681 1252 721 re
1278 681 1404 722 vera
1438 667 1656 736 justitia
1686 669 1763 723 sis
1794 676 1848 723 et
1881 669 2010 723 vexi-

2132 668 2259 722 λαὸν
2289 668 2475 724 αὑτοῦ.
2521 668 2867 721 Ῥανάτωσαν
2905 669 2968 740 δὴ
3028 669 3120 721 καὶ
3157 668 3213 722 αἱ
3248 667 3467 737 νεφέλαι
3509 666 3708 721 δικαιο-

450 768 557 821 tas,
592 757 1091 828 universorumque
1112 756 1427 812 exsultatio.
1456 756 1694 812 Laetetur
1718 758 1885 827 igitur
1915 774 2010 813 me-

2135 761 2299 831 σύνην
2344 758 2421 830 τῷ
2468 759 2693 829 κόσμῳ·
2747 759 3063 812 σαλπισάτω
3108 761 3203 812 καὶ
3240 758 3308 812 τὰ
3339 757 3564 828 θεμέλια
3610 758 3710 829 τῆς

446 865 573 903 cum
624 849 786 904 hodie
822 849 1047 913 ccelum,
1096 850 1354 917 quoniam
1395 849 1686 906 miseratus
1712 856 1796 904 est
1842 849 2010 903 Domi-

2130 852 2233 922 γῆς
2262 852 2485 922 εἰρήνην
2515 854 2628 910 τοῖς
2657 852 2714 904 ὲν
2741 850 2869 922 ᾅδου
2891 867 2903 881 ·
2941 852 3170 921 πάρεστι
3197 850 3305 921 γὰρ
3343 851 3376 920 ἡ
3417 849 3710 910 ἀνάστασις

447 956 554 996 nus
583 943 847 1012 populum
881 956 1062 997 suum.
1094 938 1304 995 Rorent
1331 956 1461 997 vero
1502 942 1677 997 nubes
1703 942 1907 995 mundo
1930 942 2010 1009 ju-

2129 941 2240 994 τῶν
2273 939 2707 1009 κεκοιμημένων.
2747 939 3107 994 Ἀνατειλάτω
3133 941 3228 992 καὶ
3257 941 3291 1010 ἡ
3313 939 3385 1009 γῆ
3420 938 3569 1001 ἕλεος
3594 938 3711 999 τοῖς

447 1033 657 1089 stitiam
684 1035 730 1067 ’δ
766 1054 778 1088 :
813 1035 907 1091 sccl
935 1042 989 1090 et
1021 1035 1374 1089 fundamenta
1415 1042 1593 1100 terra,
1632 1034 1826 1105 positis
1854 1034 1907 1089 in
1940 1035 2010 1088 int

2133 1033 2478 1086 κατοικοῦσιν
2503 1033 2691 1105 αὑτήν.
2734 1030 3129 1102 Πεπλήρωμαι
3156 1030 3266 1102 γὰρ
3299 1028 3374 1098 τῇ
3397 1027 3712 1098 παρακλή-

445 1123 627 1193 ferno,
654 1128 800 1183 velut
828 1129 1113 1198 clangente
1141 1128 1293 1189 tuba,
1324 1142 1516 1198 pacem
1547 1128 1799 1197 ingerant
1824 1146 1837 1182 :
1865 1126 2010 1181 adesl

2133 1140 2227 1178 σει
2248 1162 2263 1188 ,
2292 1122 2389 1176 καί
2420 1123 3009 1191 ὑπερπερισσεύομαι
3034 1120 3107 1189 τῇ
3132 1118 3320 1190 χαρᾷ·
3357 1120 3441 1173 ὅτι
3475 1115 3615 1172 εἶδόν
3649 1135 3712 1172 σε

447 1217 595 1272 enim
621 1219 956 1274 resurrectio
984 1218 1397 1272 dormientium.
1427 1216 1597 1273 Terra
1624 1220 1788 1274 etiam
1825 1218 2010 1274 incolis

2127 1216 2218 1270 τὸν
2252 1217 2482 1289 Σωτῆρα
2512 1216 2621 1270 τῶν
2655 1214 2978 1290 ἀνθρώπων.

449 1310 566 1368 suis
606 1308 1039 1364 misericordiam
1086 1308 1370 1379 producat.
1423 1309 1677 1379 Impietas
1721 1311 1863 1366 enim
1887 1328 2024 1387 ⁸ιιιιηι
2062 1308 2849 1379 consolatione;superabundo
2879 1307 3074 1379 gaudio
3097 1308 3144 1340 "
3184 1318 3204 1359 :

445 1418 578 1459 num
603 1402 937 1457 Salvatorcm
972 1400 1207 1457 videam.

3261 1306 3409 1379 quod
3448 1305 3707 1383 tewhomi-

521 1517 628 1573 VII.
671 1517 762 1572 Sic
803 1532 933 1571 vero
978 1517 1208 1571 saliente
1253 1532 1422 1580 sene,
1475 1518 1769 1590 divinaque
1822 1521 2010 1590 gaudio

2196 1520 2270 1572 Z'.
2304 1515 2635 1588 Χορεύοντος
2665 1514 2723 1569 δὲ
2750 1511 2892 1568 οὕτω
2919 1511 3014 1567 τοῦ
3055 1512 3381 1585 πρεσϐύτου,
3413 1514 3507 1569 καὶ
3542 1533 3710 1585 γανυ-

445 1609 744 1679 impensius
775 1608 1119 1674 exsultante;
1154 1608 1296 1679 quod
1330 1618 1488 1664 antea
1519 1626 1615 1680 per
1638 1611 1863 1681 ﬁguram
1887 1627 2010 1681 pro-

2129 1610 2291 1681 μένου
2327 1611 2394 1679 τῇ
2443 1607 2564 1679 θείᾳ
2592 1605 2882 1678 εὐφρασίᾳ,
2926 1604 2995 1658 τὰ
3029 1605 3514 1677 κεχρηματισμένα
3556 1624 3713 1661 τυπι-

442 1701 601 1769 pheta
634 1700 801 1755 Isaias
846 1699 1022 1754 fuerat
1056 1701 1385 1755 vaticinatus
1418 1701 1485 1768 ⁸⁸,
1517 1716 1673 1756 sacra
1719 1702 1814 1757 Dei
1850 1704 2010 1759 Mater

2126 1701 2237 1766 κῶς
2256 1701 2333 1772 τῷ
2354 1701 2605 1773 προφήτῃ
2641 1699 2855 1777 Ἠσαίᾳ,
2880 1698 3195 1770 περιφανῶς
3214 1700 3246 1768 ἡ
3276 1697 3396 1768 ἱερά
3413 1697 3712 1773 Θεομήτωρ

442 1792 727 1861 perspicue
761 1806 819 1846 re
865 1792 983 1861 ipsa
1027 1791 1176 1848 fecit.
1232 1794 1520 1863 Accipiens
1548 1795 1693 1850 enim
1720 1835 1736 1857 ,
1787 1812 1852 1851 ex
1886 1812 2010 1866 puro

2127 1791 2377 1857 ὲξετέλει.
2410 1792 2521 1846 Καὶ
2545 1791 2609 1863 δὴ
2642 1789 2915 1861 λαϐομένη
2953 1790 3045 1843 τὸν
3092 1791 3156 1843 ὲκ
3187 1788 3281 1842 τοῦ
3322 1790 3590 1861 ἀχράντου
3616 1791 3714 1847 καὶ

441 1884 896 1954 immaculatoquc
918 1885 1074 1938 altari
1104 1902 1225 1950 suo,
1251 1886 1542 1941 carbonem
1568 1885 1719 1941 illum
1748 1888 2010 1943 viviﬁcum

2123 1887 2464 1959 παναμὼμου
2510 1886 2678 1957 αὐτῆς
2724 1884 3105 1956 θυσιαστηρίου
3150 1885 3529 1957 σαρκωθέντα,
3574 1887 3708 1952 ζωο-

437 1989 492 2031 et
516 1976 861 2039 ineffabilem,
899 1991 1064 2033 carne
1094 1977 1375 2041 indutum,
1420 1985 1734 2033 sanctarum
1787 1995 2009 2035 suarum

438 2082 696 2122 manuum
721 2067 1028 2136 complexu,
1055 2074 1308 2137 tanquam
1347 2067 1573 2138 forcipe,
1596 2068 1748 2138 justo
1782 2070 1857 2124 illi
1886 2086 2012 2140 por-

435 2160 577 2214 rexit
606 2179 617 2214 :
654 2167 710 2213 ut
749 2159 881 2215 mihi
908 2159 1124 2230 quidem
1173 2159 1408 2219 videtur.
1442 2161 1714 2231 ejusmodi
1744 2164 2010 2218 sermoni-

436 2249 540 2307 bus
573 2251 732 2306 all‘ata
774 2253 978 2322 pariter
1005 2258 1059 2307 et
1088 2252 1302 2307 hortata
1330 2273 1342 2309 :
1380 2254 1545 2310 Sume
1566 2297 1580 2321 ,
1636 2272 1801 2312 senex
1835 2257 2011 2313 hono-

434 2352 574 2407 rate,
607 2345 1062 2415 sacerdotumque
1091 2345 1328 2415 optime,
1368 2362 1521 2402 sume
1546 2346 1863 2416 Dominum;
1891 2359 2013 2403 tua-

434 2451 543 2505 que
572 2437 661 2490 illa
697 2453 803 2491 non
838 2438 1000 2492 vidua
1029 2453 1125 2508 spe
1153 2446 1208 2492 et
1240 2437 1507 2504 desolata,
1538 2438 1737 2495 fruere.
1783 2439 2014 2511 Suscipe

437 2529 755 2582 thesaurum
825 2528 1293 2596 indefectibilem,
1366 2529 1696 2600 divitiasque
1753 2528 2015 2585 inauferi-

437 2620 593 2682 biles,
629 2620 711 2673 vir
733 2620 1175 2690 generosissime.
1223 2620 1547 2688 Amplexare
1591 2621 1891 2691 potentiam
1930 2620 2016 2676 in-

421 2712 794 2767 euarrabilem
826 2712 1041 2783 vimque
1091 2711 1734 2780 incomprehensibilem,
1780 2727 1901 2783 qua:
1962 2721 2014 2769 te

436 2807 645 2867 iniciat,
680 2806 764 2858 vir
786 2805 1216 2876 sapientissime.
1248 2804 1713 2875 Circumplectere
1744 2805 2011 2860 inﬁnitam

435 2896 904 2966 magnitudinem,
963 2895 1443 2966 fortitudinemque
1488 2896 1968 2965 incomparabilem
1996 2940 2011 2965 ,

435 3003 716 3044 sacrorum
752 2988 968 3043 mditue.
1003 2987 1430 3059 Gircumplicare
1450 2990 1553 3060 ipsi
1589 3005 1684 3060 per
1722 3005 1782 3046 se
1802 2990 2015 3053 vitm,et

433 3079 576 3141 vive,
609 3081 689 3135 vir
734 3081 1216 3137 venerabilissime.
1272 3083 1489 3138 Arctius
1548 3083 2011 3152 incorruptionem

435 3172 768 3241 constringe,
801 3178 853 3226 ct
883 3187 1164 3237 renovare,
1196 3173 1278 3226 vir
1309 3172 1633 3243 justissime.
1666 3172 1811 3228 Nihil
1837 3172 2014 3227 audax

2126 1978 2279 2032 ποιὸν
2307 1980 2400 2033 καὶ⁸
2432 1978 2805 2049 ἀνέκφραστον
2833 1975 3102 2047 ἄνθρακα,
3131 1975 3207 2039 ὡς
3229 1975 3406 2029 λαόίδι
3429 1979 3496 2049 τῇ
3525 1976 3715 2042 συζεύ-

2122 2071 2200 2136 ξει
2240 2069 2348 2124 τῶν
2392 2069 2564 2138 ἁγίων
2598 2068 2768 2139 αὐτῆς
2801 2067 3021 2139 χειρῶν,
3055 2065 3134 2138 τῷ
3172 2066 3363 2139 δικαίῳ
3406 2069 3714 2140 προέτεινε,

2119 2161 2364 2225 τοιαῦτα,
2392 2162 2516 2232 ἐμοὶ
2547 2161 2714 2225 δοκεῖ,
2749 2158 2981 2227 λέγουσά
3010 2175 3071 2211 τε
3101 2158 3218 2230 ἅμα
3252 2159 3347 2213 καὶ
3372 2159 3712 2231 παρακελεύ-

2119 2270 2286 2306 ουσα·
2331 2251 2617 2316 Ἀπόλα6ε,
2652 2250 2931 2322 πρεσϐύτα
2960 2251 3128 2322 τίμιε,
3163 2250 3255 2305 καὶ
3284 2250 3471 2323 ἱερέων
3497 2251 3708 2323 ἄριστε,

2120 2342 2363 2398 ἀπόλαόε
2386 2343 2477 2398 τὸν
2505 2342 2729 2414 Κύριον,
2760 2342 2856 2395 καὶ
2880 2341 3118 2395 ἀπόλαυε
3149 2342 3247 2412 τῆς
3275 2342 3335 2395 ού
3366 2344 3712 2415 χηρευσάσης

2124 2454 2219 2490 σου
2268 2435 2499 2500 ἐλπίδος.
2544 2433 2830 2501 ’Υπόδεξαι
2884 2432 3155 2506 θησαυρὸν
3201 2434 3553 2501 ἀνέκλειπον,
3619 2437 3713 2490 καὶ

2122 2528 2350 2583 πλοῦτον
2383 2526 2766 2597 ἀναφαίρετον,
2800 2526 3294 2597 μεγαλοφυέστατε.
3330 2527 3713 2596 Ἐναγκάλισαι

2123 2620 2324 2691 κράτος
2374 2618 2799 2689 ἀνεκδιήγητον,
2862 2617 2958 2671 καὶ
3015 2617 3244 2690 δύναμιν
3297 2618 3713 2692 ἀνεξερεύνητον

2123 2711 2435 2782 ὲρείδουσάν
2482 2728 2564 2775 σε,
2614 2710 2915 2780 σοφώτατε.
2953 2709 3220 2782 Περίλαῦε
3256 2711 3486 2785 μέγεθος
3522 2713 3716 2785 ἀπεμ-

2122 2803 2356 2876 όριστον,
2404 2804 2499 2859 καὶ
2531 2805 2683 2875 ίσχὺν
2716 2804 3065 2869 ἀνείκαστον,
3110 2805 3353 2877 ἱεροκόρε
3387 2803 3521 2875 (57).
3552 2806 3717 2878 Περι-

2124 2894 2360 2967 πλάκηθι
2399 2897 2464 2967 τῇ
2509 2896 2646 2967 αὐτῇ
2682 2896 2951 2967 αὐτοζωῇ,
2983 2896 3076 2949 καὶ
3111 2896 3258 2967 ζῆθι,
3296 2895 3711 2967 αίδεσιμώτατι.

2124 2984 2458 3057 Περίπτυεαι
2495 2987 2593 3057 τὴν
2641 2986 2976 3060 ἀφθαρσίαν,
3033 2989 3127 3042 καὶ⁹
3171 2989 3712 3062 ἀνακαινοποιήθητι,

2122 3078 2446 3133 δικαιότατε.
2479 3079 2552 3131 Οὐ
2599 3078 2870 3150 τολμηρὸν
2911 3078 2974 3132 τὸ
3015 3080 3348 3152 ἐγχείρημαο
3387 3082 3462 3153 μὴ
3491 3081 3711 3149 ὅκλαζε,

2121 3169 2402 3223 ὀσιώτατε.
2443 3169 2812 3242 Ἐμφορηθητι
2853 3170 2947 3223 τοῦ
3006 3171 3361 3243 ποθουμένου,
3401 3174 3495 3226 καὶ
3537 3190 3709 3229 κατα-

418 3261 679 3326 t‘acinus;
713 3278 780 3317 ne
826 3262 1093 3319 deieceris
1140 3264 1344 3327 animo,
1379 3265 1464 3319 vir
1512 3264 1879 3321 sanctissime.
1915 3261 2010 3317 Sa-

2117 3259 2393 3332 τρύφησον
2426 3260 2518 3315 τοῦ
2558 3261 2951 3333 ὲπιδιδομένου,
2985 3263 3185 3333 μᾶλλον
3223 3264 3278 3317 δὲ
3314 3265 3504 3320 ἑαυτὸν
3530 3267 3709 3320 ἐπιδι-

416 3351 573 3407 νιίιιτο
602 3352 694 3406 illo
731 3368 893 3423 quem
936 3354 1380 3424 desideraveras,
1433 3357 1701 3427 planeque
1740 3356 2013 3411 delectare

429 3444 526 3499 tibi
553 3445 700 3508 dato,
732 3461 830 3500 seu
863 3449 1057 3518 magis,
1082 3448 1247 3503 dante
1277 3465 1336 3505 se
1369 3449 1501 3513 tibi,
1533 3449 1617 3504 vir
1647 3448 2009 3503 divinissime.

430 3535 635 3592 Lattlus
683 3537 958 3593 illustrare
1010 3537 1135 3594 Sole
1186 3540 1458 3609 justitiaa,
1522 3541 1589 3598 de
1652 3540 2014 3595 mundissimo

431 3627 613 3680 carnis
644 3630 868 3697 speculo
898 3628 1348 3700 circumfulgente
1369 3672 1384 3692 ,
1439 3632 1522 3686 vir
1577 3630 2012 3702 religiosissime.

431 3718 514 3776 Ne
546 3721 643 3775 tibi
676 3722 1028 3790 tranquillum
1087 3721 1337 3778 timorem
1372 3724 1636 3786 incutiat,
1684 3738 1821 3777 neve
1852 3737 2008 3776 man-

433 3813 668 3868 suetudo
715 3820 1049 3882 perterreat,
1091 3813 1177 3866 vir
1210 3814 1543 3869 beatissime.
1594 3813 1672 3868 Nc
1724 3814 2010 3868 inhorreas

434 3905 731 3966 lenitatem,
761 3918 896 3959 neve
916 3904 1204 3960 clementia
1238 3907 1517 3968 terrearis,
1550 3905 1632 3959 vir
1664 3904 2010 3961 modestissi-

428 4010 541 4051 me.
576 3995 786 4050 Alacris
819 3994 1179 4065 adglutinare.
1204 4011 1304 4050 nec
1340 3996 1573 4051 moreris
1601 3996 1848 4066 obsequi.
1890 3995 2011 4051 Non

422 4085 595 4139 habet
626 4084 909 4139 audaciam
937 4084 1080 4155 quod
1114 4083 1315 4139 dicitur
1336 4085 1548 4155 quodve
1580 4085 1877 4156 porrigitur
1902 4106 1914 4141 :
1940 4102 2009 4142 ne

415 4169 560 4244 ergo
580 4174 881 4236 relucteris.
903 4175 986 4229 vir
1009 4174 1392 4231 urbanissime.
1422 4173 1540 4229 Non
1565 4175 1841 4230 comburit
1864 4175 2008 4247 ignis

426 4267 619 4336 gratiae
650 4266 864 4322 Domini
916 4266 1063 4332 mei,
1109 4268 1205 4323 sed
1241 4269 1532 4333 illuminat,
1568 4269 1652 4323 vir
1680 4269 2007 4338 justissime.

431 4358 620 4415 Rubus
650 4360 739 4416 ille
769 4362 836 4423 ⁵⁷,
861 4360 969 4415 mei
997 4359 1247 4431 ﬁguram,
1263 4359 1332 4415 ad
1358 4361 1500 4431 ignis
1521 4360 1667 4417 illius
1695 4360 2007 4431 apparentis

429 4455 711 4508 veritatem
747 4460 1171 4521 reprzesentans,
1201 4451 1395 4506 doceat
1422 4459 1503 4515 te,
1542 4453 1626 4506 vir
1672 4453 1810 4522 legis
1858 4453 2006 4523 peri-

429 4547 663 4601 tissime.
695 4545 957 4599 Caininus
989 4545 1079 4599 ille
1107 4545 1154 4576 ⁸⁸
1192 4544 1337 4600 velut
1391 4552 1588 4600 ventus
1646 4544 1789 4601 roris
1817 4561 2009 4601 susur-

428 4702 551 4825 mf’
592 4698 705 4754 Isa.
748 4717 821 4763 ιι,
862 4701 915 4755 5.

1022 4700 1068 4732 ⁸⁸
1109 4699 1219 4754 Isa.
1278 4716 1403 4764 va,
1443 4700 1496 4755 8.

1610 4700 1655 4731 ⁸⁸
1692 4698 1732 4752 ll
1774 4698 1900 4755 Cor.
1936 4719 2033 4767 νιι,
2064 4704 2117 4758 4.

2119 3352 2321 3417 δόντος,
2373 3354 2852 3425 ίεροπρεπέστατε.
2892 3354 3306 3427 Ἐναγλαῖσθητι
3346 3356 3426 3428 τῷ
3478 3357 3566 3412 διὰ
3613 3360 3710 3414 τοῦ

2119 3444 2452 3516 ἀκηλιδώτου
2517 3446 2783 3517 ἐσόπτρου
2857 3447 2955 3517 τῆς
3035 3447 3237 3517 σαρκὸς
3306 3449 3710 3520 περιστίλϐοντι

2132 3537 2296 3608 Ἡλίῳ
2321 3538 2420 3609 τῆς
2448 3537 2810 3608 δικαιοσύνης,
2858 3537 3238 3593 εὐλαϐέστατε.
3283 3542 3373 3613 Μὴ
3405 3540 3575 3595 δειλία
3608 3543 3708 3615 τὴν

2121 3628 2482 3702 γαληνότητα,
2521 3631 2654 3702 μηδὲ
2686 3631 3042 3704 καταπλαγῇς
3089 3632 3188 3703 τὴν
3241 3616 3574 3706 ἡμερότητα,
3607 3652 3709 3705 μαε-

2121 3720 2447 3792 καριὼτατε.
2474 3723 2567 3795 Μὴ
2597 3722 2808 3795 πτήξῃς
2837 3722 2899 3776 τδ
2926 3724 3172 3794 εὐμενὲς,
3205 3726 3341 3798 μηδὲ
3374 3728 3615 3801 πτοηθῇς
3645 3729 3710 3782 τὸ

2119 3815 2405 3886 προσηνὲς,
2462 3814 2860 3870 ὲπιεικέστατε.
2922 3816 3189 3888 Εὐθύμως
3250 3820 3704 3898 προσκολληθητι,

2118 3906 2213 3960 καὶ
2255 3904 2329 3977 μὴ
2360 3905 2659 3960 ἀναϐάλλου
2705 3907 2841 3979 πρὸς
2868 3908 2929 3960 τὸ
2961 3908 3204 3980 εύήκοον.
3258 3911 3335 3965 Oti
3368 3911 3704 3983 θρασύτητος

2115 3997 2177 4051 τὸ
2210 3997 2556 4069 λαλούμενον,
2588 3998 2708 4052 οὐδὲ
2729 3998 2790 4052 τὸ
2826 4001 3270 4072 προτεινόμε-ων·
3308 4004 3383 4076 μὴ
3415 4005 3702 4075 ἀφηνίαζε,

2113 4088 2471 4143 ἀστικώτατε.
2508 4090 2581 4143 Οὐ
2614 4089 2946 4159 καταφλέγει
2992 4091 3052 4144 τὸ
3098 4091 3209 4164 πῦρ
3241 4093 3338 4164 τῆς
3373 4094 3468 4148 τοῦ
3494 4096 3703 4168 Κυρίου

2118 4199 2220 4252 μου
2265 4181 2506 4254 χάριτος,
2566 4181 2702 4237 ἀλλὰ
2767 4183 3010 4253 φωτίζει,
3049 4184 3377 4244 δικαιότατε.
3434 4187 3603 4252 Βάτος
3641 4206 3704 4243 σε

2115 4274 2378 4339 πεισάτω,
2413 4276 2447 4345 ὴ
2477 4273 2570 4329 τὸν
2599 4273 2767 4328 τύπον
2795 4292 2896 4346 μου
2922 4277 3366 4350 περιστησαμένη
3403 4278 3538 4351 πρὸς
3568 4280 3705 4335 ὑπό-

2117 4381 2305 4419 στασιν
2337 4365 2429 4420 τοῦ
2460 4364 2831 4419 ἀνυποστάτου
2867 4365 3037 4437 πυρὸς
3072 4366 3203 4438 (58),
3239 4370 3698 4442 νομομαθέστατε.

2111 4457 2570 4530 Δροσοσυρίζουσα
2601 4459 2828 4529 κάμινος
2856 4458 3090 4513 πειθέτω
3124 4476 3204 4527 σε,
3235 4463 3570 4535 παιδοτρίϐα,
3604 4462 3700 4518 τοῦ

2114 4550 2413 4621 μυστηρίου
2451 4550 2549 4620 τὴν
2574 4552 2909 4623 οίκονομίαν.
2957 4552 3099 4623 Πρὸς
3135 4554 3228 4607 ἐπὶ
3258 4555 3469 4620 τούτοις
3512 4557 3546 4628 ἡ
3589 4554 3702 4630 ἐμὴ

2231 4705 2275 4736 ³⁸
2307 4703 2420 4759 lsa.
2466 4720 2540 4769 vl,
2572 4707 2626 4762 6.
2738 4707 2782 4739 "
2826 4706 2998 4763 Exod.
3040 4724 3126 4774 ιιι,
3166 4708 3221 4764 2.

3327 4711 3375 4743 ⁸⁸
3413 4709 3556 4767 Dan.
3598 4724 3692 4781 In,

502 4892 613 4972 ($7)
658 4893 973 4972 'Iepoxdpe._
1012 4891 1302 4972 Sequimur
1349 4891 1567 4972 Pantini
1611 4893 2010 4972 conjecturam,

2118 4911 2228 4972 non
2263 4898 2583 4972 ὑπόστασιν,
2605 4901 3010 4972 _apparentiam,
3061 4918 3166 4956 non
3215 4902 3352 4972 ignis
3399 4903 3695 4968 veritatem.

434 4971 491 5014 ut
527 4964 607 5032 leg
630 4964 823 5035 udum
856 4964 927 5016 sit
960 4964 1253 5035 ίεροκὸμε,
1280 4963 1510 5035 quadrat
1545 4964 1687 5035 enim
1723 4963 2010 5031 materiae;

434 5039 492 5084 ut
515 5049 612 5085 ceu
645 5033 827 5101 templi
860 5032 1207 5103 prmpbsituin
1244 5032 1484 5099 inducat,
1514 5032 1580 5086 ad
1607 5035 1871 5087 inﬁnitam
1896 5050 2012 5088 ma-

432 5103 768 5172 gnitudinem
797 5103 944 5157 illam
965 5105 1203 5172 suscepti
1231 5103 1385 5163 Jesu,
1411 5104 1597 5173 templi
1627 5105 1895 5173 angustiis
1925 5106 2009 5159 in-

431 5173 779 5245 cludendam.
812 5174 951 5239 Quid
978 5174 1026 5229 si
1053 5177 1352 5229 retineatur
1378 5174 1817 5245 ίεροκόρεείνοιυίι
1847 5176 2013 5245 signi-

432 5242 558 5296 ﬁcet
593 5244 834 5298 futurum
883 5245 1138 5313 juvenem
1188 5242 1569 5314 puerumque,'
1599 5244 1806 5299 Christi
1853 5242 2009 5314 pueri

433 5314 707 5396 amplexu,
760 5324 1011 5396 sanctum
1042 5330 1272 5396 _senem,
1307 5329 1480 5396 eoque
1513 5314 1731 5396 nomine
1762 5315 2009 5396 hortetur

436 5380 721 5452 S.,'Maria,
758 5392 819 5438 ut
853 5385 998 5441 susci
1042 5386 1115 5438 iat
1148 5394 1297 5440 totus
1328 5380 1519 5454 spiritu
1551 5385 1879 5439 innovatus?
1915 5384 2006 5440 Sic

436 5454 774 5510 Augustinus
804 5471 972 5510 serm.
1004 5401 1074 5510 £5
1100 5456 1163 5509 de
1194 5467 1378 5510 temp”
1409 5470 1459 5510 c.
1484 5455 1519 5509 5
1544 5474 1558 5509 :
1582 5455 1803 5510 Aanovit
1829 5456 2006 5510 infan-

431 5454 774 5523 Augustinus
804 5471 972 5511 serm.
1004 5454 1074 5511 15
1100 5456 1163 5509 de
1194 5467 1378 5523 temp.,
1409 5470 1459 5510 c.
1484 5455 1519 5509 5
1544 5474 1558 5509 :
1582 5455 1803 5524 Agnovit
1829 5456 2009 5524 infan-

435 5530 536 5576 tem
573 5541 749 5583 senex.
791 5526 966 5594 factus
998 5535 1078 5581 est
1115 5528 1167 5579 in
1215 5541 1374 5595 puero
1406 5542 1569 5595 puer.
1620 5526 1908 5579 Innovatus
1953 5527 2008 5580 iu

432 5602 607 5674 atate.
637 5600 726 5674 qui
760 5593 941 5663 plenus
982 5606 1098 5650 erat
1139 5593 1351 5666 pietate.
1402 5593 1589 5651 Fuerit
1615 5607 1762 5651 certe
1787 5605 1841 5651 et
1873 5596 2006 5651 illud

434 5679 541 5716 ιιοιι
575 5669 645 5717 ila
677 5669 1056 5720 inconsonum.

506 5733 618 5804 (58)
651 5734 807 5802 Πρὸς
838 5737 1181 5791 ὑπόστασιν
1207 5735 1313 5790 τοῦ
1346 5732 1768 5789 ἀνυποστάτου
1798 5736 2005 5803 πυρός.

434 5802 587 5859 Illius
612 5805 869 5860 nimirum
891 5806 983 5876 qui
1012 5807 1067 5861 in
1091 5807 1227 5862 rubo
1256 5805 1456 5864 ardens
1479 5804 1716 5875 ἔμφασιν
1748 5802 2006 5873 habebat,

2118 4965 2210 5043 Sic
2236 4969 2380 5022 enim
2414 4985 2557 5043 Saepe
2604 4965 2783 5043 Delus,
2816 4972 2984 5043 nullo;
3013 4965 3323 5043 mendacio,
3373 4965 3694 5043 apparentia

2114 5039 2295 5109 aliqua
2325 5040 2582 5095 sensibus
2617 5041 2833 5109 ingerit,
2864 5044 2929 5094 ad
2960 5040 3118 5096 ﬁdem
3149 5039 3498 5098 astruendain
3522 5044 3690 5100 veris.

2115 5106 2345 5181 Videtur
2374 5126 2505 5179 ergo
2536 5106 2727 5163 auctor
2760 5112 2948 5167 ludere
2980 5113 3033 5165 in
3068 5114 3384 5181 paronomia
3417 5113 3561 5167 illius
3593 5128 3695 5166 vo-

2113 5179 2221 5266 cis;
2249 5180 2428 5266 velut
2467 5181 2633 5243 dicat,
2686 5181 2753 5266 ad
2797 5179 3171 5266 substantiam
3215 5184 3359 5266 ignis
3398 5184 3543 5263 illius
3581 5197 3690 5237 non

2112 5249 2499 5323 subsistentis;
2549 5265 2625 5323 ac
2668 5252 2816 5306 velut
2862 5252 3077 5322 objecto
3111 5252 3205 5307 illo
3241 5249 3388 5323 igne.
3433 5254 3524 5323 qui
3561 5267 3690 5307 vere

2111 5319 2308 5374 rubum
2351 5319 2566 5375 ﬂamma
2594 5321 2895 5377 illustraret
2922 5319 2975 5378 et
3003 5319 3355 5385 adlamberet,
3410 5319 3465 5379 et
3503 5332 3686 5377 tamen

2107 5403 2376 5459 apparens
2409 5398 2572 5446 esset.
2604 5389 2921 5448 Oﬂ'endebat
2969 5392 3048 5458 τὸ,
3099 5394 3492 5459 ἀνυποστάτου,
3539 5393 3690 5448 velut

2110 5462 2455 5533 referendum
2500 5469 2645 5533 esset
2691 5462 2759 5516 ad
2806 5463 3095 5531 ﬁguratum
3125 5471 3178 5518 et
3208 5465 3451 5519 divinum
3484 5468 3685 5533 ignem.

2110 5530 2472 5604 evanescat-0v
2520 5531 2670 5586 illum
2705 5541 2760 5587 et
2790 5530 3245 5598 αὐτούπόστατον,
3287 5530 3555 5604 nusquam
3586 5535 3683 5587 ἀν-

2110 5600 2425 5673 υπόστατον·
2447 5617 2505 5655 re
2529 5612 2709 5673 tamen
2733 5604 2927 5659 melius
2947 5612 3228 5673 perspecta
3245 5600 3478 5661 solidum
3508 5604 3688 5657 visum

2109 5679 2286 5746 est,et
2303 5670 2646 5746 referendum
2666 5672 2734 5726 ad
2764 5670 3056 5746 ipsummct
3074 5670 3262 5745 ignem
3296 5676 3557 5746 typicum.
3585 5687 3685 5746 cu-

2104 5739 2198 5821 jus
2240 5740 2461 5821 modum
2501 5741 2720 5821 divinus
2766 5739 2856 5798 ille
2901 5744 3042 5813 ignis
3081 5739 3382 5804 sérvaverit
3409 5746 3466 5800 in
3492 5742 3684 5809 Maria,

2106 5807 2249 5866 idem
2283 5810 2398 5882 ipse
2427 5811 2482 5866 in
2509 5810 2760 5869 Simeone
2785 5807 3122 5871 serviturus.
